4174 6588
1386 695 2450 853 PR/EFATIO.

377 1254 639 1323 Quamvis
685 1268 862 1323 operae
906 1261 1138 1323 pretium
1182 1252 1428 1307 facturus
1471 1265 1571 1306 nos
1608 1261 1731 1305 csse
1781 1250 2173 1305 arbitraremur
2215 1251 2264 1306 si
2310 1249 2561 1323 Origenis
2601 1251 2776 1323 Opera
2818 1254 3024 1318 omnia,
3062 1263 3168 1308 tam
3200 1252 3288 1308 illa
3322 1268 3556 1322 quorum

306 1350 600 1418 genuinum
641 1364 763 1402 eum
805 1360 925 1400 esse
976 1357 1257 1400 auctorem
1300 1354 1540 1408 constat,
1581 1360 1743 1412 quam
1785 1359 1994 1413 eaquae
2025 1347 2124 1399 sub
2158 1345 2277 1414 ejus
2310 1347 2529 1401 nomine
2559 1347 2688 1400 olim
2720 1349 3271 1412 circumferebantur,
3304 1349 3355 1401 in
3388 1363 3554 1402 unum

305 1456 504 1508 corpus
539 1437 948 1508 colligeremus,
975 1436 1234 1506 quoniam
1271 1446 1451 1489 tamen
1485 1435 1768 1504 conquesti
1793 1443 1921 1489 sunt
1953 1435 2052 1488 viri
2083 1435 2289 1504 aliquot
2318 1435 2539 1502 eruditi,
2561 1452 2812 1506 aegreque
2844 1439 3015 1493 tulere
3057 1441 3198 1507 quod
3227 1439 3280 1492 in
3314 1442 3555 1508 priorum

307 1530 528 1598 hujusce
565 1530 822 1584 editionis
851 1529 1185 1582 voluminum
1219 1528 1326 1582 line
1352 1543 1518 1597 opera
1556 1527 1803 1596 quaedam
1835 1524 2053 1598 Origeni
2087 1542 2370 1596 perperam
2406 1530 2643 1597 ascripta
2689 1529 2868 1584 addita
2914 1529 3137 1596 fuerint,
3179 1546 3300 1598 qua:
3333 1530 3558 1583 omnino

304 1623 570 1689 superï¬‚ua
601 1623 850 1690 adeoque
881 1621 1187 1674 ementibus
1214 1635 1447 1674 onerosa
1478 1620 1582 1674 sibi
1617 1620 1962 1686 videbantur,
1995 1620 2114 1673 ideo
2149 1619 2201 1672 in
2235 1620 2633 1688 posterioribus
2665 1623 2826 1677 tomis
2869 1623 3072 1692 reliqua
3120 1621 3388 1692 ejusmodi
3421 1636 3554 1686 spu-

305 1719 383 1770 ria
421 1717 721 1771 omittenda
753 1716 1086 1780 censuimus,
1117 1716 1297 1785 qualia
1340 1724 1464 1770 sunt
1509 1714 1948 1770 Commentarius
1978 1713 2119 1767 alter
2153 1714 2202 1765 in
2229 1711 2332 1767 Job
2365 1728 2394 1766 a
2429 1711 2714 1769 Joachimo
2749 1715 2998 1770 Perionio
3022 1715 3214 1769 Latine
3234 1728 3552 1774 conversus.

310 1808 714 1862 Commentaria
753 1809 804 1862 in
834 1807 1189 1878 Evangelium
1224 1807 1387 1862 Marci
1422 1823 1544 1876 quae
1575 1807 1675 1861 sibi
1707 1806 2001 1876 aliquando
2042 1806 2248 1861 edenda
2297 1816 2661 1874 proposuerat
2690 1808 3036 1862 doctissimus
3072 1807 3321 1871 Huetius,
3365 1806 3552 1860 llomi-

312 1898 394 1952 lia:
429 1898 483 1952 in
513 1898 780 1961 diversos,
813 1907 870 1952 et
895 1897 1000 1951 alia
1040 1911 1159 1966 quae
1191 1895 1486 1966 prinferunt
1514 1897 1745 1967 vulgata:
1775 1906 1936 1950 antea
1972 1896 2175 1950 Latina:
2208 1898 2472 1952 editiones
2506 1914 2520 1950 :
2548 1899 2688 1952 unde
2723 1899 2780 1952 fit
2816 1911 2872 1953 ut
2900 1916 3003 1954 non
3033 1900 3148 1968 jam
3184 1899 3553 1954 voluminibus

301 1993 563 2060 quinque,
613 1991 755 2046 sicut
800 1991 958 2046 initio
997 1991 1339 2060 propositum
1393 1991 1594 2054 fuerat,
1636 1991 1732 2045 sed
1791 1997 2025 2056 quatuor
2069 1989 2336 2048 duntaxat
2383 1998 2492 2043 tota
2541 1989 3000 2059 Origeuianorum
3033 1989 3270 2060 Operum
3300 1991 3554 2046 collectio

305 2086 650 2140 conficiatur.

369 2180 561 2234 Mirum
589 2195 720 2236 vero
752 2181 984 2234 fortasse
1010 2179 1287 2233 videbitur
1325 2185 1581 2245 quartum
1618 2175 1722 2228 hoc
1758 2183 1811 2226 et
1835 2170 2086 2224 ultimum
2116 2170 2390 2236 volumen,
2428 2175 2570 2240 quod
2615 2175 2667 2228 in
2715 2175 3034 2243 praefatione
3073 2176 3216 2230 tertii
3246 2191 3391 2230 anno
3414 2176 3555 2230 1740

296 2275 450 2342 quasi
506 2291 630 2329 mox
667 2277 820 2343 prelo
857 2271 1307 2327 committendum
1350 2270 1754 2330 nuntiaverant,
1803 2276 1912 2320 tam
1971 2279 2095 2320 sero
2145 2275 2324 2320 tamen
2381 2276 2500 2334 post
2541 2267 2643 2320 alia
2695 2269 2931 2337 prodire.
2968 2267 3164 2322 Verum
3194 2281 3554 2339 praeterquam

295 2367 440 2435 quod
476 2364 702 2434 propius
727 2362 1040 2432 inspicienti
1070 2360 1204 2413 mihi
1231 2359 1319 2412 vix
1360 2359 1658 2428 quidquam
1712 2359 1765 2411 in
1801 2371 1866 2410 eo
1896 2355 2240 2409 elaboratum
2286 2356 2548 2426 preloque
2577 2370 2826 2427 paratum
2859 2360 3120 2424 occurrit,
3154 2363 3362 2415 absenti
3397 2363 3557 2430 paulo

295 2471 443 2529 post,
481 2460 786 2528 alienisque
823 2458 1100 2512 laboribus
1146 2463 1412 2522 occupato
1461 2451 1746 2521 promissis
1791 2461 1936 2504 stare
1976 2463 2082 2502 non
2115 2449 2290 2502 licuit.
2325 2449 2480 2503 Anno
2506 2452 2649 2505 enim
2684 2451 2822 2506 1742
2857 2463 3073 2508 mortuo
3117 2455 3339 2510 domino
3367 2467 3558 2510 nostro

293 2554 457 2609 Petro
488 2552 760 2613 Sabatier,
795 2550 890 2620 qui
921 2550 1118 2604 veteris
1161 2548 1364 2602 Latinae
1405 2545 1728 2606 Bibliorum,
1758 2556 1920 2612 quam
1965 2543 2207 2598 Italicam
2253 2553 2471 2608 vocant,
2508 2545 2788 2600 Versiouis
2814 2548 2995 2616 priora
3028 2549 3135 2603 duo
3168 2548 3440 2604 volumina
3473 2551 3556 2605 in-

295 2648 427 2703 folio
459 2647 642 2702 Reiuis
677 2645 1011 2716 vulgaverat,
1048 2643 1244 2697 Remos
1295 2656 1438 2694 anno
1470 2638 1608 2692 1745
1637 2654 1665 2690 a
1703 2637 2092 2705 Superioribus
2138 2638 2338 2692 missus
2371 2639 2436 2690 ad
2474 2641 2904 2707 persequendam
2955 2643 3112 2703 hanc,
3147 2657 3308 2712 quam
3336 2643 3555 2713 potissi-

295 2757 444 2796 mum
481 2738 779 2809 flagitabat,
817 2737 1080 2806 cujusque
1107 2733 1411 2803 sumptibus
1444 2732 1774 2785 subvenerat
1809 2729 2197 2784 serenissimus
2240 2731 2658 2784 Aurelianoruni
2692 2734 2799 2784 dux
2828 2747 2892 2786 ac
2919 2735 3191 2802 princeps,
3223 2735 3543 2802 editionem,

295 2849 393 2890 sex
430 2847 604 2887 annos
637 2832 878 2900 integros
910 2830 1110 2884 ibidem
1142 2827 1405 2894 insumpsi
1443 2825 1604 2879 tertio
1633 2834 1689 2878 et
1723 2823 1912 2878 ultimo
1948 2822 2110 2891 hujus
2140 2822 2401 2876 volumini
2443 2822 2793 2879 absolvendo.
2829 2824 2946 2891 Quo
2978 2825 3129 2878 finito
3159 2835 3299 2882 totus
3325 2829 3391 2882 ad
3425 2828 3546 2884 Ori-

294 2943 489 2999 geriem
523 2926 680 2992 redii,
715 2925 928 2996 singula
961 2925 1028 2978 ad
1067 2922 1470 2992 manuscriptos
1499 2920 1718 2976 codices
1757 2917 1963 2974 contuli
1997 2927 2052 2970 et
2074 2919 2355 2986 castigavi,
2382 2917 2527 2971 notis
2555 2917 2841 2978 illustravi.
2871 2919 3002 2972 nulli
3026 2918 3260 2988 denique
3285 2922 3368 2976 vel
3389 2937 3556 2991 curm,

297 3021 384 3077 vel
415 3020 618 3086 studio,
655 3019 740 3074 vel
776 3017 949 3072 labori
989 3016 1204 3087 peperci
1233 3023 1291 3068 ut
1325 3015 1596 3083 integrum
1626 3013 1758 3068 illud
1791 3027 1855 3066 ac
1896 3010 2196 3080 perfectum
2229 3011 2450 3078 suisque
2482 3013 2735 3065 omnibus
2785 3011 3026 3066 numeris
3056 3013 3363 3067 absolutum
3399 3016 3550 3068 volu-

293 3129 418 3170 men
461 3113 740 3168 evaderet.
770 3111 826 3166 Si
861 3110 990 3180 quid
1022 3117 1208 3179 postea
1245 3121 1410 3162 morte
1443 3105 1837 3166 intercesserit,
1867 3104 1918 3156 id
1953 3103 2296 3157 tribuendum
2353 3104 2436 3156 vel
2478 3103 2723 3158 aviditati
2759 3112 2813 3159 et
2846 3104 3146 3158 oscitantia:
3189 3108 3555 3176 typographu-

295 3223 442 3273 rum,
473 3206 588 3276 qui,
631 3222 698 3260 ne
743 3203 1129 3276 typographica
1160 3216 1396 3270 unquam
1433 3215 1531 3254 sua
1558 3197 1771 3254 oflicina
1805 3207 1982 3261 vacet,
2009 3212 2146 3250 nova
2179 3211 2397 3264 semper
2432 3197 2794 3264 imprimenda
2839 3206 3120 3267 appetunt,
3155 3198 3401 3254 inchoata
3448 3215 3548 3255 uc-

294 3299 530 3368 gligunt,
553 3301 638 3355 vel
671 3298 795 3353 aliis
830 3297 1244 3367 quibuscunque
1285 3292 1524 3356 casibus,
1557 3291 1743 3362 quales
1775 3290 1882 3345 fert
1915 3304 2095 3344 rerum
2132 3289 2496 3343 humanarum
2545 3304 2822 3360 nunquam
2869 3291 2970 3347 sibi
2999 3293 3366 3347 constantiqu
3395 3295 3555 3352 vicis-

294 3395 500 3450 sitttdo.

368 3487 538 3541 Porro
575 3495 752 3537 tomus
785 3479 872 3533 hic
906 3487 1131 3549 quartus
1171 3484 1225 3530 et
1261 3475 1482 3528 ultimus
1525 3474 1576 3526 in
1607 3475 1740 3528 duas
1777 3484 1958 3542 partes
1989 3475 2268 3538 dividitur,
2303 3489 2536 3543 quarum
2579 3475 2730 3543 prior
2770 3478 3013 3530 continet
3060 3479 3272 3532 residua
3303 3478 3550 3550 Origenic

293 3596 463 3652 opera
493 3580 548 3634 in
580 3574 867 3638 Joannem,
903 3573 1264 3642 fragmentum
1293 3585 1323 3622 c
1356 3577 1546 3638 quarta
1581 3567 1801 3622 homilia
1831 3569 1883 3622 in
1909 3569 2042 3624 Acta
2079 3569 2479 3638 apostolorum,
2513 3569 2951 3627 Commentarios
2979 3573 3219 3640 eiusdem
3257 3579 3308 3631 in
3342 3577 3554 3645 Î•Ïá¿–ÎµÎ¹Î¿..

296 3677 404 3730 lam
434 3670 588 3726 Pauli
619 3669 688 3724 ad
728 3668 1029 3727 Romanos,
1059 3679 1180 3718 cum
1229 3661 1553 3732 fragmentis
1585 3661 1636 3714 in
1666 3661 1936 3730 Epistolas
1975 3663 2040 3715 ad
2071 3662 2312 3724 Galatas.
2353 3665 2422 3718 ad
2454 3664 2736 3733 Ephesios,
2771 3664 2835 3718 ad
2867 3664 3241 3735 Colosscnses,
3286 3672 3349 3724 ad
3381 3671 3554 3728 Thes-

293 3765 687 3827 salonicenses,
714 3761 782 3814 ad
831 3758 1037 3824 Titum,
1070 3757 1138 3809 ad
1188 3754 1589 3816 Philemonem,
1621 3754 1688 3807 ad
1737 3752 2011 3817 llebrmos,
2047 3764 2104 3809 et
2144 3755 2354 3810 duobus
2406 3758 2684 3812 consuetis
2729 3758 3023 3822 indicibus,
3085 3761 3256 3814 altero
3309 3763 3550 3822 locorum

293 3860 602 3926 scripturae
643 3867 836 3915 sacrze,
859 3850 1033 3903 altero
1078 3862 1260 3901 rerum
1291 3844 1724 3902 memorabilium
1755 3859 1770 3896 Îµ
1807 3846 2078 3912 posterior
2105 3861 2230 3915 pars
2263 3847 2648 3917 complectitur
2671 3846 2854 3916 Opera
2890 3851 2954 3902 ad
2985 3848 3270 3920 Origenem
3301 3866 3555 3925 spectan-

297 3957 394 4020 tia,
422 3954 675 4008 nimirum
704 3950 762 4004 S.
797 3945 1064 4014 Pamphili
1094 3942 1356 4014 martyris
1393 3941 1704 4009 Apologiam
1731 3955 1825 4008 pro
1859 3938 2108 4010 Origene,
2137 3952 2192 3996 et
2225 3957 2323 4010 pro
2356 3943 2546 3996 eodem
2595 3939 2977 4013 Panegyricum
3015 3944 3323 4003 Orationem
3356 3968 3386 4004 a
3423 3969 3554 4007 sauc-

287 4061 386 4104 cto
412 4045 675 4115 Gregorio
705 4042 1116 4106 Thaumaturgo
1144 4050 1174 4089 e
1201 4033 1389 4089 schola
1439 4031 1692 4102 Origenis
1729 4032 1782 4084 in
1829 4033 2062 4100 patriam
2111 4035 2290 4088 redire
2329 4035 2540 4102 paranti
2576 4039 2956 4105 compositam,
2988 4055 3050 4091 ac
3079 4040 3339 4098 Czesareze
3368 4047 3421 4100 in
3450 4047 3550 4101 Pa-

287 4145 505 4198 laestina
538 4137 752 4208 publice
783 4133 1045 4194 habitam,
1079 4127 1402 4198 Origeniana
1429 4141 1456 4177 a
1483 4123 1800 4180 doctissimo
1828 4123 2019 4178 lluetio
2050 4125 2276 4195 scripta,
2307 4129 2558 4196 notisque
2590 4127 2868 4182 historicis
2902 4145 2964 4183 ac
2987 4132 3192 4187 criticis
3227 4137 3314 4189 ubi
3336 4151 3455 4193 cum
3485 4156 3552 4194 eo

298 4237 456 4294 nobis
481 4249 586 4289 non
618 4230 872 4287 convenit
901 4227 1190 4289 illustrata,
1222 4236 1345 4276 cum
1384 4233 1600 4273 summa
1630 4217 1873 4286 ejusdem
1905 4219 2087 4288 operis
2117 4219 2408 4283 librorum,
2441 4221 2778 4286 sectionum,
2812 4224 3050 4291 capitum
3077 4236 3133 4279 et
3161 4244 3504 4286 numerorum
3533 4251 3546 4298 ;

291 4339 352 4384 et
377 4335 695 4394 excerptum
731 4339 797 4378 ex
839 4320 1074 4391 Georgio
1124 4316 1281 4371 Bullo
1324 4320 1487 4382 caput
1538 4326 1740 4365 nouum
1776 4309 2113 4379 Defensioni:
2147 4312 2275 4380 ï¬dei
2327 4311 2587 4380 Nicwnaâ€™,
2621 4315 2688 4370 de
2726 4315 2862 4372 Filio
2893 4315 2970 4387 Ï„á¿·
2993 4319 3285 4392 á½€Î¼Î¿Î¿Ï…Ï‚á½³á¿³,
3327 4325 3414 4379 ubi
3459 4341 3548 4380 ca.

297 4419 498 4474 tholica
531 4415 780 4484 Origcnis
804 4415 871 4468 de
903 4411 1171 4468 Trinitate
1209 4407 1340 4462 ï¬des
1370 4404 1714 4474 potissimum
1742 4403 2073 4458 vindicatur.

372 4567 796 4624 Commentariis
837 4567 892 4620 in
937 4563 1228 4628 Joannem,
1260 4573 1317 4618 et
1358 4563 1627 4633 Apologiw
1673 4561 1944 4630 Pamphili
1975 4566 2212 4632 speciale
2242 4567 2504 4624 Monitum
2535 4576 2816 4642 praefixum
2848 4589 2950 4632 est.
2976 4581 3109 4636 Cum
3142 4603 3273 4642 vero
3317 4591 3383 4647 de
3428 4593 3550 4650 fra-

295 4662 533 4729 gmentis
559 4661 612 4713 in
640 4662 776 4714 Acta
811 4658 1182 4728 apostolorum
1218 4667 1273 4712 et
1318 4658 1371 4712 iu
1415 4655 1686 4722 Epistolas
1718 4656 1869 4710 Pauli
1919 4671 2116 4726 agatur
2141 4659 2588 4732 Origenianorum
2631 4669 2770 4725 libro
2803 4689 2884 4738 III,
2913 4678 3152 4734 sectione
3177 4682 3232 4744 2,
3261 4701 3411 4740 num.
3441 4691 3472 4743 7
3497 4704 3550 4744 et

291 4751 352 4815 8,
379 4768 499 4822 pag.
536 4752 664 4816 297,
695 4762 749 4806 et
773 4753 1016 4806 sectione
1043 4750 1100 4814 5,
1129 4765 1280 4807 Î·Î¹Î¹Î¹Î¹Î¹.
1312 4751 1378 4804 14
1403 4761 1458 4805 et
1485 4749 1570 4814 l5,
1605 4765 1730 4819 pag.
1767 4750 1874 4804 505
1907 4765 1936 4804 e

1907 4762 1962 4805 et
1989 4751 2122 4816 .506,
2158 4757 2248 4810 ubi
2275 4759 2404 4825 quid
2443 4763 2566 4816 novi
2603 4779 2631 4817 a
2662 4766 2817 4820 nobis
2850 4781 3120 4837 repertum
3171 4777 3242 4830 sit
3271 4780 3413 4835 notis
3452 4788 3545 4836 oli-

286 4847 654 4912 servavimus,
687 4847 814 4900 inde
864 4846 924 4900 fit
977 4857 1035 4899 ut
1075 4847 1144 4900 de
1183 4844 1288 4899 illis
1315 4845 1512 4900 iterum
1544 4845 1763 4914 praefari
1787 4861 2253 4916 supervacaneum
2285 4855 2548 4920 videatur,
2576 4860 2678 4915 nisi
2708 4861 2847 4918 forte
2873 4865 3076 4934 aliquid
3107 4871 3329 4940 insuper
3359 4878 3545 4932 diecu-

289 4937 426 4994 dum
454 4939 526 4994 sit
553 4941 620 4996 de
644 4939 1068 4995 Commentariis
1101 4939 1152 4992 in
1178 4937 1474 5009 Epistolam
1503 4939 1570 4992 ad
1603 4937 1899 4993 Romanos.

1255 5120 1329 5174 De
1368 5119 1772 5174 Commentariis
1801 5119 1853 5170 in
1879 5114 2170 5176 Epistolam
2203 5113 2272 5162 ad
2303 5109 2586 5166 (tertianos.

367 5230 500 5285 Cum
546 5229 704 5284 libris
737 5245 768 5281 v
797 5241 852 5284 et
882 5245 974 5282 vni
1009 5227 1206 5282 Contra
1239 5227 1448 5282 Celsum
1485 5243 1614 5282 suas
1658 5227 1710 5280 in
1745 5225 2044 5295 Epistolam
2070 5224 2151 5294 ,Î»Î¹Î¹
2198 5223 2475 5278 Romanos
2525 5224 2932 5279 lucubrationes
2960 5241 3224 5285 memoret
3257 5232 3542 5304 Origenes.

277 5336 500 5380 certum
530 5334 614 5378 est
655 5324 708 5376 in
763 5324 902 5378 hanc
945 5325 1095 5394 prius
1127 5322 1450 5392 Epistolam,
1475 5337 1638 5391 quam
1686 5319 1887 5374 Contra
1927 5319 2164 5384 Celsum,
2192 5319 2436 5388 adeoque
2482 5331 2776 5389 antequam
2813 5319 2974 5376 finem
3011 5323 3312 5392 imperandi
3340 5326 3546 5386 faceret

276 5418 592 5486 Philippus,
639 5430 762 5469 eum
810 5417 1113 5484 scripsisse.
1164 5415 1359 5484 Liquet
1387 5416 1552 5469 etiam
1599 5414 1730 5468 illud
1773 5429 1910 5484 opus
1954 5412 2122 5467 fuisse
2163 5411 2502 5468 elaboratum
2537 5421 2655 5480 post
2689 5411 2804 5480 ejus
2835 5412 2888 5464 iu
2922 5411 3220 5468 Leviticum
3255 5416 3543 5488 llomilias,

274 5529 523 5584 quarum
579 5511 832 5566 secundae
877 5511 1124 5565 metniuit
1168 5510 1260 5564 lib.
1309 5523 1390 5574 lx,
1437 5523 1589 5564 num.
1638 5509 1664 5562 1
1715 5508 2241 5562 Commentariorum
2279 5506 2331 5558 in
2357 5506 2605 5560 eamdem
2642 5505 2957 5574 Epistolam.
2991 5508 3160 5562 lâ€™orro
3194 5513 3544 5583 cum,judice

275 5605 508 5669 Rufino,
549 5606 666 5658 istae
698 5604 944 5658 llomilia:
988 5619 1054 5658 ex
1112 5613 1357 5672 tempore
1397 5603 1764 5674 pronuntiata:
1799 5601 1928 5662 sint,
1965 5603 2181 5654 nonnisi
2216 5608 2338 5668 post
2379 5614 2582 5652 annum
2622 5598 2823 5654 Christi
2853 5600 2961 5654 245
2992 5602 3178 5656 haberi
3220 5611 3537 5671 potuerunt.

273 5697 444 5751 Unde
488 5697 795 5765 colligimus
839 5711 948 5764 quo
993 5705 1239 5767 tempore
1275 5697 1720 5752 Commentarios
1763 5695 1818 5748 in
1867 5693 2183 5747 Matthaaum
2217 5694 2582 5748 concinnabat
2614 5695 2899 5764 Origenes,
2935 5711 3127 5763 nempe
3160 5697 3304 5750 circa
3336 5713 3542 5762 annum

266 5785 414 5854 246,
445 5789 746 5858 imperante
790 5787 1059 5859 Philippo,
1102 5791 1295 5846 eodem
1334 5791 1498 5848 etiam
1536 5788 1940 5848 Commentaria
1987 5790 2042 5843 in
2096 5787 2392 5855 Epistulam
2440 5789 2506 5844 ad
2540 5787 2816 5845 Romanos
2850 5804 2972 5844 eum
3001 5790 3316 5845 adornasse.
3353 5789 3538 5860 quue

605 5889 876 5951 PATROL.
919 5891 1034 5952 Gn.
1071 5889 1235 5961 XIV.
3187 5885 3222 5945 1.
