4174 6470
623 355 686 415 ω
1785 353 2163 408 ΡΗΑΞΡΑΤΙΟ
2196 353 2271 407 AI

2230 353 2288 406 ιι)
2325 349 2572 408 TOMUM
2608 351 2697 406 IV.
3814 348 3878 403 12

620 472 975 529 verisimilius
1023 470 1154 527 illud
1206 470 1439 534 eruitur,
1482 470 1627 539 quod
1668 479 1816 524 tomo
1865 485 1976 523 xvtt
2012 471 2064 524 in
2116 467 2427 523 Mattbteum
2470 480 2603 521 suas
2657 467 2709 520 itt
2740 465 3033 536 Epistolant
3062 469 3129 520 ad
3166 466 3441 521 Romanos
3467 465 3880 535 explanationes

627 575 929 630 recenseat,
954 574 1009 621 et
1061 564 1155 620 lib.
1191 580 1208 619 ι
1245 564 1299 617 in
1325 561 1618 632 Epistolam
1650 562 1718 616 ad
1752 560 2047 627 Romanos,
2085 574 2238 614 num.
2273 560 2326 625 5,
2363 561 2431 616 de
2474 558 2787 631 genealogia
2837 559 3138 614 Salvatoris
3172 574 3202 613 a
3232 557 3487 614 Mattlneo
3540 558 3708 614 relata
3756 573 3881 627 pro-

622 661 803 715 mittat
832 676 893 715 se
925 659 1096 715 fusius
1127 673 1225 714 suo
1249 657 1370 714 loco
1400 659 1452 713 in
1480 656 1832 726 sequentibus
1853 655 2204 723 scripturum.

691 752 1071 815 Cassiodorus,
1122 750 1368 804 Institut.
1409 749 1572 802 divin.
1613 747 1757 813 lect.,
1802 759 1928 814 cap.
1961 745 2016 811 8,
2054 744 2244 813 viginti
2296 744 2468 800 libros
2507 745 2562 798 in
2607 746 2749 799 hanc
2801 742 3102 813 Epistolam
3153 743 3221 796 ab
3255 742 3491 812 Origene
3541 744 3880 812 conscriptos

622 846 810 902 refert.
847 843 1035 900 Sancti
1068 842 1225 897 Pauli
1251 844 1421 909 prima
1452 842 1707 906 omnium,
1748 837 1943 908 inquit,
1974 845 2022 889 et
2069 836 2437 889 admirabilior
2463 836 2732 890 destinata
2764 836 3100 904 cognoscitur
3125 834 3193 887 ad
3231 833 3515 899 Romanos,
3556 852 3716 905 quant
3747 834 3876 890 Ori-

621 954 774 1012 genes
813 937 993 1007 viginti
1047 936 1199 990 libris
1237 930 1421 990 Crteco
1463 950 1702 991 sermone
1736 932 2046 988 declaravit.
2080 930 2279 985 Verum
2330 928 2581 992 Rullnus,
2613 930 2706 998 qui
2761 928 2997 983 lleraclii
3039 927 3275 997 impulsu
3306 944 3402 984 eos
3430 927 3639 984 Latinae
3678 929 3876 997 linguae

623 1031 905 1087 donandos
941 1029 1198 1097 suscepit,
1230 1030 1539 1093 quindecim
1572 1038 1782 1083 tantum
1830 1034 2115 1079 enumerat
2150 1024 2203 1078 itt
2241 1038 2355 1079 suae
2389 1021 2763 1077 translationis
2817 1022 3086 1092 prooemio
3120 1040 3133 1075 :
3169 1022 3279 1076 imo
3328 1020 3544 1076 variant
3587 1022 3873 1082 lectiones,

626 1134 682 1178 et
710 1137 809 1191 pro
835 1122 1152 1192 quindecim,
1187 1130 1244 1175 ut
1296 1121 1483 1191 legunt
1520 1134 1711 1174 omnes
1757 1120 1910 1183 editi,
1942 1120 2069 1181 duo,
2100 1116 2300 1186 quibus
2334 1114 2416 1171 usi
2447 1129 2659 1178 sumus,
2692 1113 3061 1183 antiquissimi
3086 1114 3332 1179 codices,
3366 1130 3506 1169 unus
3529 1113 3862 1169 cathedralis

623 1212 871 1268 ecclesiae
916 1212 1284 1279 Ebroicensis,
1318 1213 1460 1267 alter
1505 1212 1825 1266 monasterii
1858 1209 2246 1274 Vallis-Clam,
2275 1207 2479 1262 habent
2525 1206 2664 1261 alius
2710 1207 2910 1270 decem,
2938 1204 3077 1259 alius
3117 1206 3415 1259 duodecim.
3455 1204 3562 1261 Sed
3613 1207 3705 1261 hic
3761 1206 3870 1259 l'or-

625 1316 773 1359 tasse
796 1304 970 1359 libros
995 1304 1088 1373 qui
1120 1319 1216 1358 sua
1251 1314 1412 1361 aetate
1447 1311 1771 1372 supererant
1798 1302 2173 1357 tantummodo
2198 1301 2426 1356 denotat
2454 1299 2717 1363 ltuflnus;
2748 1298 2859 1368 jam
2899 1298 3047 1353 enim
3072 1298 3282 1366 aliquot
3320 1300 3664 1354 intercidisse
3699 1310 3865 1355 testa-

626 1406 715 1450 tur
757 1396 811 1450 in
855 1395 1174 1465 praefatione
1227 1396 1296 1448 ad
1333 1393 1663 1449 lleraclium.
1694 1392 1764 1450 Ut
1794 1403 1852 1447 ut
1883 1392 1975 1458 sit,
2012 1392 2293 1463 deperdita
2339 1391 2408 1445 de
2433 1405 2532 1444 suo
2569 1388 2867 1452 addidisse,
2912 1397 3195 1457 totumque
3224 1403 3360 1458 opus
3385 1388 3453 1441 ad
3482 1389 3713 1443 mediam
3757 1389 3872 1443 fere

624 1497 833 1557 partem
855 1502 916 1542 se
943 1488 1281 1543 contraxisse
1308 1486 1510 1541 ibidem
1553 1485 1841 1555 proﬁtetur
1869 1502 1884 1539 :
1911 1493 1967 1537 et
2001 1483 2200 1552 reipsa,
2236 1489 2373 1537 teste
2415 1480 2741 1536 Cassiodoro
2774 1479 2971 1534 ibidem
3001 1493 3108 1548 quo
3134 1494 3325 1549 supra,
3373 1495 3439 1533 ex
3485 1480 3675 1551 viginti
3718 1481 3871 1538 libris

624 1578 809 1633 decem
845 1578 1218 1632 tantummodo
1246 1575 1483 1631 confecit
1514 1597 1528 1631 :
1568 1575 1711 1640 Quos
1762 1584 1956 1638 tamen,
2005 1574 2203 1643 inquit,
2253 1589 2419 1640 supra
2441 1572 2615 1625 dictus
2662 1569 2890 1640 Ruﬁnus
2910 1574 2965 1623 in
2993 1572 3170 1625 decem
3205 1570 3369 1624 libros
3392 1571 3657 1640 redigens,
3692 1573 3868 1626 adhuc

624 1669 835 1736 copiose
888 1667 1161 1721 transtulit
1206 1668 1262 1720 in
1311 1665 1583 1720 Latinum.
1637 1666 1912 1720 Adversus
1954 1665 2099 1719 hanc
2144 1663 2429 1718 audaciam
2485 1660 2833 1717 excandescit
2889 1660 3172 1726 Erasmus,
3207 1677 3307 1716 nec
3346 1662 3621 1716 immerito
3648 1664 3867 1732 quidam

627 1760 881 1814 Ruﬁnum
906 1759 1284 1829 objurgarunt,
1312 1759 1769 1828 quemadmodum
1806 1760 1919 1827 ipse
1942 1758 2045 1813 sibi
2079 1757 2352 1826 objectum
2385 1756 2553 1812 fuisse
2577 1757 2654 1810 ait
2686 1758 2741 1811 in
2777 1756 3128 1826 peroratione
3150 1771 3263 1811 sua:
3299 1758 3692 1824 translationis,
3721 1763 3868 1831 quod

624 1863 779 1903 suum
820 1848 1002 1917 potius
1044 1863 1205 1917 quam
1240 1848 1493 1915 Origenis
1529 1862 1722 1903 nomen
1768 1848 1928 1914 hujus
1955 1849 2138 1917 Operis
2170 1847 2325 1902 titulo
2351 1863 2461 1903 non
2489 1847 2880 1918 inscripsisset.
2921 1845 3059 1901 Hinc
3090 1848 3237 1902 enim
3270 1851 3331 1903 lit
3366 1860 3422 1905 tit
3460 1852 3549 1905 vix
3575 1851 3868 1922 Origcnem

624 1942 678 1995 itt
717 1939 957 2012 Origene
1000 1940 1262 2010 reperias,
1300 1940 1658 2013 iujuriamque
1698 1942 1919 2013 Origeui
1969 1942 2175 1997 illatam
2209 1941 2423 1997 facilius
2470 1941 2870 2011 deprehendes,
2900 1941 2943 1996 si
2981 1941 3289 2013 fragntenta
3326 1951 3573 2015 quaedam
3607 1950 3868 2004 lucubra-

626 2033 788 2087 tionis
818 2032 979 2102 hujus
1011 2033 1215 2088 inserta
1244 2033 1555 2090 Philocalia:
1587 2050 1711 2090 cum
1745 2036 2028 2089 ltuliniana
2058 2035 2419 2091 conversione
2455 2033 2735 2105 conﬂigas.

690 2127 1025 2200 Theophilus
1071 2128 1420 2196 Salodianus,
1460 2130 1670 2186 ordinis
1704 2131 2078 2186 Observantize
2121 2130 2550 2186 Mendicantium
2592 2129 2712 2185 Divi
2763 2129 3078 2203 Hieronymi
3110 2126 3411 2202 professor,
3441 2139 3508 2182 ex
3536 2128 3727 2184 codice
3759 2146 3869 2183 nta-

620 2223 903 2293 nuscrlpto
949 2222 1269 2278 Phesulame
1290 2225 1372 2279 sui
1409 2236 1707 2281 conventus
1745 2225 2111 2291 bibliothecae,
2146 2227 2239 2296 qui
2268 2223 2667 2297 Hieronymum
2710 2226 3063 2297 interpretem
3094 2226 3147 2280 in
3175 2224 3353 2277 fronte
3388 2221 3736 2293 praeferebat,
3768 2225 3868 2279 hos

620 2314 807 2368 decem
845 2312 1016 2366 libros
1055 2312 1261 2381 primus
1290 2316 1390 2368 sub
1425 2312 1739 2385 Hieronymi
1772 2316 1991 2369 nomine
2017 2316 2259 2371 Venetiis
2300 2316 2473 2372 edidit
2494 2331 2643 2372 anno
2674 2317 2832 2372 1506.
2867 2317 3022 2372 llunc
3048 2315 3219 2371 secuti
3254 2313 3543 2379 blerliuus,
3576 2313 3862 2378 Erasmus,

618 2403 1024 2470 Cenebrardus,
1075 2403 1504 2475 Hieronymique
1551 2405 1788 2475 Operunt
1846 2408 2189 2463 Basileenses
2240 2408 2502 2473 editores,
2536 2423 2680 2463 anno
2726 2408 2884 2473 1571,
2934 2417 3095 2479 atque
3144 2404 3424 2475 Philippus
3474 2404 3742 2461 Labbaeus
3789 2408 3864 2462 De

619 2496 864 2564 scriptor.
893 2497 1101 2558 eccles.,
1128 2509 1260 2550 tom.
1289 2497 1352 2563 ll,
1388 2512 1510 2568 pag.
1541 2499 1664 2564 145,
1689 2499 1808 2569 ejus
1836 2514 2019 2569 operis
2044 2499 2556 2569 interpretationem
2586 2497 2922 2571 Hieronymo
2950 2500 3133 2555 itidem
3164 2502 3564 2571 ascripserunt.
3595 2503 3701 2557 Sed
3725 2503 3864 2558 hanc

620 2586 819 2641 Rufino
848 2601 970 2642 esse
1002 2586 1347 2642 tribuendam
1373 2590 1783 2646 evidentissima
1805 2592 2038 2661 probant
2069 2599 2183 2645 tum
2213 2591 2599 2657 Cassiodorus,
2633 2601 2746 2646 tum
2778 2592 3137 2662 manuscripti
3160 2594 3356 2656 nostri,
3388 2604 3503 2647 tum
3530 2595 3645 2662 ipsa
3681 2593 3862 2649 Rufini

619 2681 915 2749 peroratio,
962 2681 1052 2735 ubi
1100 2682 1178 2734 ait
1219 2695 1278 2736 se
1317 2681 1477 2752 paulo
1530 2691 1651 2750 post
1697 2698 2090 2737 conversurum
2139 2681 2434 2737 Clementis
2472 2681 2669 2749 libros,
2708 2682 2855 2753 quod
2899 2698 2928 2736 a
2978 2682 3178 2738 Rufino
3220 2682 3429 2738 factum
3463 2698 3583 2739 esse
3619 2697 3856 2740 constat.

619 2775 899 2835 Erasmus,
930 2773 1203 2843 mangonii
1253 2773 1510 2828 librarios
1566 2774 1914 2838 iusimulans,
1946 2774 2013 2827 ad
2048 2785 2324 2844 eruptores
2356 2773 2680 2829 alliciendos
2716 2784 3036 2843 praetextum
3070 2774 3138 2830 ab
3188 2774 3254 2830 iis
3304 2775 3618 2847 Hieronymi
3667 2793 3862 2831 nomen

620 2864 941 2918 arbitratur.
972 2864 1072 2917 Ast
1098 2862 1352 2928 lluetius,
1378 2864 1519 2918 hanc
1550 2863 1761 2918 Erasini
1790 2864 2214 2934 probabiliorem
2243 2864 2573 2918 sententiam
2621 2877 2906 2933 respuens,
2932 2878 3113 2930 suam,
3151 2867 3239 2921 cui
3264 2866 3486 2922 minime
3514 2872 3862 2931 assentimus,

620 2959 691 3009 ita
719 2958 895 3026 aperit
928 2958 1238 3027 Urigenian.
1288 2958 1382 3013 lib.
1418 2973 1499 3022 tu,
1531 2974 1653 3030 cap.
1682 2959 1737 3024 ἓ,
1780 2968 1917 3014 sect.
1943 2961 1996 3023 5,
2032 2975 2182 3012 num.
2214 2959 2322 3013 15:
2356 2977 2373 3009 ι
2394 2959 2503 3013 Cur
2546 2957 2876 3030 Hieronymo
2929 2961 3129 3015 tributa
3174 2962 3249 3017 sit
3279 2964 3417 3031 (haec
3464 2963 3861 3035 interpretatio)

617 3048 798 3105 Rutiui
833 3059 951 3105 astu
998 3059 1053 3103 et
1090 3048 1305 3105 vafritie
1347 3050 1550 3106 factum
1598 3061 1745 3121 puto,
1784 3053 1877 3121 qui
1912 3054 1979 3106 ad
2014 3051 2392 3106 declinandam
2437 3050 2569 3105 t‘acti
2606 3052 2866 3105 invidiam
2899 3050 3062 3121 (male
3105 3055 3303 3125 quippe
3330 3056 3584 3110 audiebat
3610 3056 3863 3120 Origenis

617 3146 860 3217 nomen),
895 3156 949 3200 et
985 3146 1038 3200 in
1066 3144 1475 3214 Hieronymum,
1505 3160 1540 3200 a
1576 3161 1685 3217 quo
1712 3161 1854 3214 sa-pe
1879 3145 2205 3216 Origenismi
2230 3159 2395 3199 causa
2434 3145 2741 3216 exagitatus
2776 3146 2976 3213 fuerat,
3018 3146 3434 3215 retundendam,
3472 3167 3668 3207 nomen
3700 3169 3861 3207 suum

617 3249 726 3290 non
772 3236 1048 3305 apposuit,
1075 3235 1340 3289 modestia
1384 3234 1591 3289 factum
1635 3235 1922 3299 simulans,
1954 3237 2099 3302 quod
2131 3234 2288 3289 malis
2339 3234 2550 3289 artibus
2603 3245 2783 3289 actum
2820 3243 2957 3290 erat.
2983 3253 3003 3288 ι
3049 3237 3250 3294 Eadem
3297 3240 3469 3297 ferme
3499 3242 3576 3298 ait
3620 3244 3862 3313 ejusdem

615 3328 877 3384 sectionis
901 3343 1053 3381 num.
1096 3328 1152 3391 5,
1200 3328 1290 3380 ubi
1322 3328 1387 3381 de
1414 3326 1669 3383 Hontiliis
1692 3329 1744 3382 iit
1775 3326 1958 3383 .losue.
1991 3326 2097 3382 Sed
2135 3326 2312 3381 dehis
2338 3343 2438 3382 suo
2466 3326 2583 3382 loco
2620 3327 2973 3382 disseremus.

686 3418 896 3474 Praeter
935 3429 1273 3473 contractam
1310 3418 1456 3471 illam
1485 3431 1542 3472 et
1575 3430 1882 3473 truncatam
1929 3418 2111 3473 Rufini
2157 3418 2691 3487 interpretationem,
2740 3421 3004 3474 habemus
3042 3422 3170 3476 tonti
3213 3424 3372 3492 primi
3425 3440 3531 3481 non
3584 3427 3861 3486 mediocre

618 3512 981 3581 fragmentum
1012 3512 1064 3564 in
1102 3511 1276 3581 capite
1317 3502 1629 3565 Pliilocaliie
1662 3510 1790 3574 24‘,
1820 3524 1884 3564 ac
1910 3510 2045 3564 duas
2075 3508 2311 3562 minores
2357 3508 2586 3564 lacinias
2619 3510 2672 3563 in
2709 3509 2967 3580 Apoiogia
2997 3509 3327 3581 Pamphili‘.
3357 3514 3619 3572 Socrates
3653 3514 3857 3572 flutas.

614 3607 825 3671 eccles.,
846 3604 942 3659 lib.
973 3620 1071 3668 vn,
1099 3619 1223 3674 cap.
1260 3604 1624 3667 Sigohservat
1649 3601 1942 3674 Origenetn
1969 3602 2023 3656 in
2060 3601 2227 3671 priori
2252 3602 2440 3656 eodem
2466 3602 2649 3656 tomo’
2675 3601 2941 3657 latissime
2964 3605 3281 3672 exposuisse
3317 3622 3421 3675 qua
3460 3609 3671 3663 ratione
3695 3609 3862 3663 Maria

615 3694 781 3766 \‘irgo
812 3696 1041 3765 Deipara
1076 3696 1373 3753 diceretur.
1405 3697 1670 3767 Origenes
1713 3699 1827 3766 ipse
1846 3696 1889 3760 ⁸,
1918 3695 2013 3750 lib.
2044 3708 2073 3747 v
2103 3692 2299 3748 Contra
2347 3692 2578 3761 Celsum,
2610 3710 2758 3748 num.
2787 3693 2879 3757 47,
2905 3693 2972 3750 de
3005 3695 3427 3751 circumcisione
3479 3701 3657 3766 egisse
3690 3716 3750 3756 se
3785 3703 3863 3754 ait

613 3788 1031 3844 Commentariis
1057 3788 1112 3842 in
1145 3788 1288 3846 hanc
1319 3791 1390 3845 ad
1414 3790 1691 3846 Romanos
1734 3787 2049 3860 Epistolam.
2091 3786 2324 3841 Sanctus
2352 3787 2586 3842 Basilius
2624 3787 2764 3841 libro
2792 3786 2870 3839 De
2901 3785 3114 3855 Spiritu
3155 3800 3362 3856 sancto,
3395 3805 3515 3860 cap.
3556 3792 3647 3859 29,
3681 3791 3861 3846 locant

611 3895 680 3935 ex
704 3879 914 3937 eisdent
940 3878 1365 3937 Commentariis
1396 3881 1563 3936 refert
1589 3882 1675 3937 his
1707 3882 1919 3936 verbis:
1957 3881 2024 3934 At
2052 3879 2198 3951 ἱεραὶ
2230 3877 2258 3933 δ

2230 3877 2489 3951 δυνάμεις
2514 3880 2819 3949 χωρητικαὶ
2844 3878 2939 3931 τοῦ
2964 3878 3305 3948 Μονογενοῦς
3330 3882 3425 3933 καὶ
3456 3882 3556 3952 τῆς
3588 3882 3682 3936 τοῦ
3704 3884 3860 3953 hicn

615 3974 929 4046 Πνεῦμωτος
961 3972 1245 4044 θεότητος·
1279 3972 1461 4027 Sacra:
1509 3975 1723 4026 virtutes
1768 3988 1986 4041 capaces
2027 3983 2148 4026 sunt
2180 3969 2453 4042 Unigeniti
2493 3983 2542 4026 et
2573 3972 2745 4025 sancti
2788 3969 3019 4040 Spiritus
3042 3974 3255 4028 deitatis
3283 3991 3301 4029 :
3331 3974 3527 4029 libruut
3554 3991 3682 4030 vero
3718 3980 3861 4031 unde

617 4066 769 4120 illum
806 4066 1012 4122 eruerit
1045 4080 1153 4119 non
1187 4064 1425 4129 notavit;
1455 4065 1549 4119 sed
1590 4064 1779 4118 eadem
1823 4065 1989 4119 verba
2030 4064 2380 4134 reperiuntur
2411 4064 2465 4118 in
2501 4063 2955 4133 interpretatione
2988 4063 3192 4131 Hulini,
3225 4064 3320 4121 lib.
3355 4083 3438 4129 ιιι,
3471 4083 3623 4126 num.
3655 4068 3711 4132 8,
3734 4085 3856 4139 pag.

610 4156 738 4211 5l5.
772 4156 979 4212 Rursus
1013 4154 1277 4223 Origenes
1313 4165 1458 4210 tomo
1488 4170 1598 4209 xvu
1627 4156 1680 4209 itt
1712 4155 2049 4221 Mattbzeum,
2082 4173 2234 4211 nunt.
2283 4157 2377 4223 52,
2423 4156 2654 4225 plurima
2701 4157 3128 4213 Commentariis
3177 4159 3291 4214 suis
3344 4159 3397 4213 in
3450 4159 3745 4228 Epistolam
3792 4164 3858 4215 ad

613 4250 886 4304 Romanos
914 4264 944 4302 a
978 4264 1038 4303 se
1065 4248 1210 4302 dicta
1260 4246 1427 4301 fuisse
1476 4245 1687 4302 refert‘
1716 4247 1771 4301 itt
1808 4249 1952 4302 hunc
1991 4250 2232 4317 Apostoli
2286 4257 2601 4303 contextum
2637 4265 2652 4302 :
2687 4248 2771 4301 An
2824 4250 3104 4318 ignoratis,
3136 4249 3331 4317 fratres
3372 4249 3683 4320 (scientibus
3717 4255 3860 4307 enim

610 4343 771 4409 legem
806 4339 1039 4409 loquor),
1069 4340 1195 4409 quia
1242 4340 1327 4392 tea:
1376 4338 1431 4391 in
1476 4339 2037 4404 Itomine.dominatur
2061 4350 2258 4412 quanto
2313 4350 2542 4409 tempore
2573 4341 2715 4405 vivit,
2747 4350 2855 4394 etc.
2906 4355 3080 4410 usque
3110 4342 3178 4395 ad
3224 4340 3299 4405 id,
3330 4342 3376 4396 si
3408 4342 3565 4410 fuerit
3597 4361 3718 4398 cum
3754 4346 3860 4398 alio

608 4432 783 4486 uiro“.
823 4432 985 4485 Aliud
1030 4446 1247 4500 quoque
1274 4441 1474 4486 etomo
1524 4448 1579 4486 ιι
1612 4431 1974 4503 fragmentum
2028 4434 2187 4488 nobis
2232 4431 2391 4487 oll'ert
2441 4442 2605 4501 caput
2648 4430 2961 4487 Philocalite
3009 4436 3269 4488 ttonuut'.
3315 4435 3558 4506 Denique
3598 4437 3861 4508 Origenes

610 4532 806 4584 iterum
842 4528 937 4585 lib.
966 4542 1063 4581 vut
1095 4527 1293 4580 Contra
1320 4527 1567 4580 eumdem
1599 4526 1829 4591 Celsum,
1874 4542 2033 4581 num.
2064 4526 2156 4591 65,
2198 4526 2333 4581 dicit
2356 4526 2376 4557 ³
2407 4525 2654 4596 pluribus
2696 4529 2749 4579 in
2791 4527 3001 4580 varium
3043 4541 3260 4581 sensum
3293 4541 3352 4582 se
3384 4538 3651 4584 tractasse
3679 4533 3746 4585 de
3774 4533 3861 4585 his

610 4620 932 4676 versiculis:
966 4619 1152 4673 Omnis
1196 4621 1381 4673 aninta
1424 4622 1771 4690 potestatibus
1820 4620 2237 4689 prwcellentibus
2269 4619 2486 4672 subdita
2542 4619 2633 4672 sit.
2668 4618 2792 4673 Non
2833 4628 2910 4673 est
2944 4619 3082 4672 enim
3114 4630 3342 4689 potestas
3370 4623 3471 4677 nisi
3499 4641 3530 4677 a
3566 4624 3714 4689 Deo;
3740 4640 3859 4695 qua:

608 4723 785 4768 autem
810 4723 931 4767 sunt
980 4724 1286 4781 potestates,
1319 4730 1353 4766 a
1391 4713 1498 4767 Deo
1547 4713 1811 4767 ordinatis
1863 4723 2034 4769 sunt:
2068 4714 2248 4782 itaque
2288 4712 2378 4781 qui
2419 4706 2666 4780 potestati
2705 4712 2982 4778 resistunt,
3018 4710 3113 4766 Dei
3166 4713 3493 4768 ordinationi
3540 4715 3855 4770 resistunt’.

608 4809 783 4874 Atque
831 4808 947 4861 haec
994 4821 1115 4861 cum
1173 4806 1474 4876 legitimum
1520 4808 1778 4861 horumce
1823 4804 2351 4860 Connuentariorum
2401 4813 2684 4859 auctorem
2724 4805 3108 4858 Adamantium
3141 4821 3265 4861 esse
3296 4807 3598 4861 clarissime
3633 4808 3859 4862 demon-

609 4908 802 4963 strent,
832 4913 939 4952 non
972 4899 1238 4953 dubitavit
1282 4911 1462 4954 tamen
1502 4900 1741 4955 uovitius
1775 4899 2000 4968 quidant
2031 4900 2268 4968 scriptor
2317 4898 2686 4954 heterodoxus
2715 4899 2815 4955 bos
2846 4898 2994 4968 ipsos
3017 4898 3070 4952 in
3097 4899 3571 4968 supposititiorum
3608 4896 3858 4969 Origenis

609 4991 936 5060 scriplorum
986 4992 1185 5046 seriem
1241 4992 1550 5059 conjicere;
1599 5007 1630 5044 a
1673 4991 1965 5045 Guilielmo
1995 4990 2257 5046 Perkinso
2292 4992 2537 5055 delusus,
2566 4990 2660 5060 qui
2711 5005 2806 5046 eos
2856 4990 2995 5046 male
3026 4992 3298 5060 quidema
3339 4990 3536 5046 Ruﬁno
3563 5006 3857 5048 conversos

610 5084 851 5154 scripsit,
885 5086 1028 5153 quod
1050 5085 1395 5141 verissimum
1425 5095 1532 5151 est,
1555 5086 1778 5157 Origeni
1821 5100 1949 5141 vero
1984 5084 2120 5143 falso
2146 5100 2265 5141 esse
2301 5088 2534 5141 tributos
2563 5086 2876 5156 neutiquam
2903 5086 3185 5157 cogitavit.

680 5239 699 5271 ⁸
728 5238 785 5294 ln
818 5239 1094 5306 interpret.
1130 5238 1282 5303 Ruﬁ,
1312 5239 1406 5295 lib.
1446 5255 1486 5306 ι,
1518 5255 1663 5293 ttuut.
1698 5242 1752 5301 '5,
1786 5250 1900 5295 not.
2023 5241 2042 5270 '
2068 5240 2199 5295 ibid.
2227 5255 2380 5294 num.
2416 5240 2472 5301 5.
2508 5250 2620 5295 not.
2717 5241 2738 5272 ³
2768 5240 2898 5295 ibid.
2932 5250 3043 5294 not.
3143 5240 3166 5271 ⁸
3200 5240 3349 5304 Ruﬁ,
3380 5240 3470 5296 lib.
3505 5255 3568 5307 ll,
3604 5256 3753 5295 num.
3785 5239 3855 5296 10

601 5311 794 5435 athla;
831 5309 1291 5444 ,νη
1318 5326 1471 5367 num.
1502 5311 1556 5363 7.
1644 5311 1664 5341 °
1694 5309 1857 5366 Rom.
1895 5327 1989 5379 vn,
2018 5312 2135 5367 1-5.
2212 5312 2230 5341 ⁷
2270 5311 2418 5378 ltuf.,
2449 5312 2541 5367 lib.
2571 5327 2644 5378 tu,
2670 5327 2820 5367 nutu.
2846 5310 2899 5377 8,
2930 5321 3046 5366 not.
3122 5311 3312 5380 'ltuf.,
3343 5314 3438 5369 lib.
3463 5320 3542 5379 tt,
3575 5327 3725 5367 nunt.
3756 5310 3860 5367 εδ.

2179 5582 2251 5605 —
