4174 6416
439 281 504 335 15
1312 277 1628 335 MONITUM
1662 279 1750 331 Alt
1790 277 2152 333 COMMENT.
2191 276 2518 335 ORIGENIS
2557 278 2623 333 IN
2655 279 2845 339 JOAN.
3631 282 3700 342 Ν

1380 434 1729 443 _———-—

631 439 636 462 ε
733 438 786 463 ___=
809 439 828 463 ε
873 436 2896 463 =======_________.___.______.__.____

1728 686 2408 801 MONITUM

740 975 879 1062 AD
950 968 1840 1066 COMMENTARIA
1908 967 2493 1061 ORIGENIS
2567 971 2694 1059 IN
2767 970 3384 1065 JOANNEM.

506 1405 546 1465 Ι.
569 1406 856 1477 Origenes,
882 1421 990 1460 non
1019 1404 1174 1475 longe
1202 1413 1490 1475 postquam
1513 1403 1803 1461 Antiochia
1828 1404 2010 1467 rediit,
2040 1409 2087 1465 Α
2118 1402 2468 1475 Euangelium
2522 1423 2634 1461 esse
2683 1406 2911 1462 Joannis
2944 1408 3093 1462 nobis
3138 1407 3489 1477 prepositum,
3542 1404 3695 1478 cujus

432 1516 543 1570 quo
570 1517 599 1554 ιι
630 1500 931 1563 Μοιηιιιαιε,
987 1498 1280 1552 Alexandri
1346 1495 1532 1552 Severi
1589 1511 1787 1563 matre,
1837 1496 2017 1551 fueral
2116 1516 2321 1553 sensum
2346 1516 2441 1566 pro
2465 1501 2610 1555 virili
2642 1512 2824 1555 nostra
2852 1502 2994 1571 jussi
3038 1517 3218 1555 sumus
3257 1500 3351 1555 abs
3384 1511 3434 1556 te
3478 1502 3695 1556 incesti-

432 1593 752 1655 accersitus,
793 1593 1053 1646 nimirum
1084 1607 1230 1646 anno
1261 1591 1466 1646 Christi
1500 1590 1631 1657 219,
1665 1592 1734 1644 ab
1764 1591 1918 1646 hisce
1957 1591 2011 1644 in

430 1682 697 1741 Joannem
731 1682 1151 1739 Cunnnentariis
1183 1699 1279 1737 sua
1328 1684 1379 1737 in
1429 1683 1768 1750 Scripturam
1800 1682 2012 1751 Exege-

434 1778 541 1831 tica
571 1776 916 1831 Alexandriae
939 1775 1258 1844 auspicatus
1284 1784 1387 1839 est,
1427 1784 1484 1827 ut
1525 1775 1639 1843 ipse
1684 1774 1862 1827 innuit
1888 1788 2012 1841 pro-

431 1866 553 1937 logo
586 1864 639 1918 itt
669 1863 956 1928 Joannem,
981 1882 1132 1921 num.
1157 1865 1229 1919 ις
1267 1864 1456 1936 Πὰσης
1480 1865 1658 1918 τοίνυν
1689 1861 1820 1935 ἡμῖν
1872 1864 2013 1935 πρά-

432 1938 983 2026 ξεωξὰνακειμένης
1031 1954 1169 2026 Θεῷ,
1216 1956 1311 2009 καὶ
1355 1955 1556 2018 παντὸς
1598 1955 1692 2008 τοῦ
1720 1955 1857 2025 βίου,
1889 1955 2012 2008 ἐπεὶ

431 2048 734 2117 σπεύδομεν
764 2050 857 2101 ἐπὶ
884 2049 953 2101 τὰ
983 2048 1287 2119 κρείττονα,
1328 2049 1422 2101 καὶ
1476 2047 1815 2117 βουλομένων
1852 2045 2009 2117 ἡμῶν

429 2139 573 2210 ἔχειν
601 2141 781 2194 πᾶσαν
812 2140 983 2212 αὐτὴν
1036 2140 1287 2212 ἀπαρχὴν
1321 2140 1429 2194 τῶν
1480 2139 1689 2192 πολλῶν
1719 2138 2006 2211 ἀπαρχῶν,

429 2236 486 2288 εἴ
512 2252 576 2304 γε
604 2236 680 2307 μὴ
714 2235 1061 2306 σφαλλόμεθα
1085 2236 1246 2288 τοῦτο
1295 2234 1624 2305 νομίζοντες,
1656 2236 1814 2288 ποίαν
1842 2235 2008 2306 ἐχρῆν

428 2326 586 2395 εἶναι,
613 2330 750 2401 μετὰ
770 2330 831 2383 τὸ
856 2329 999 2383 κατὰ
1024 2330 1084 2383 τὸ
1112 2328 1271 2399 σῶμα
1297 2327 1628 2397 κεχωρίσθαι
1670 2330 1818 2399 ἡμᾶς
1844 2328 2009 2393 ἀλλή-

427 2420 558 2485 λων,
588 2422 949 2493 διαφέρουσαν
978 2422 1011 2493 ἢ
1051 2422 1147 2493 τὴν
1183 2421 1310 2491 περὶ
1342 2420 1672 2489 Εὑαγγελίου
1719 2421 2005 2487 ἐξέτασιν;

428 2516 541 2568 Καὶ
574 2515 684 2585 γὰρ
709 2514 1004 2585 τολμητέον
1040 2515 1212 2567 εἰπεῖν
1244 2512 1432 2566 πασῶν
1461 2513 1568 2565 τῶν
1596 2512 1828 2584 Γραφῶν
1866 2509 2006 2567 εἶναι

428 2608 682 2679 ἀπαρχὴν
708 2608 768 2660 τὸ
798 2606 1150 2675 Εὑαγγέλιον.
1194 2605 1471 2677 Ἀπαρχὴν
1496 2600 1588 2658 οὖν
1613 2604 1883 2675 πράξεων,
1947 2606 2005 2672 ἐξ

426 2694 493 2754 οὗ
525 2703 589 2771 τῇ
632 2698 1008 2770 ’Δλεξανδρείᾳ
1059 2697 1563 2767 ἐπιδεδημήκαμεν,
1603 2697 1722 2750 τίνα
1766 2696 1931 2769 ἄλλην
1968 2697 2001 2767 ἢ

428 2791 531 2863 τὴν
565 2793 644 2855 εἰς
672 2791 771 2862 τὴν
800 2790 1056 2861 ἀπαρχὴν
1088 2788 1196 2841 τῶν
1222 2786 1452 2860 Γραφῶν
1490 2788 1656 2860 ἐχρῆν
1685 2789 2001 2857 γεγονέναι;

432 2882 592 2937 Omni
624 2883 799 2951 itaque
825 2881 1030 2934 actione
1054 2889 1103 2933 et
1153 2888 1263 2932 tota
1310 2878 1411 2931 vita
1441 2890 1624 2932 nostra
1666 2878 1776 2933 Deo
1799 2880 2000 2943 dicata,

427 2976 679 3045 quoniam
700 2976 769 3026 ad
800 2972 1172 3042 prwstantiora
1200 2986 1387 3039 magno
1409 2968 1586 3022 studio
1613 2971 2000 3035 contendimus,

423 3069 856 3138 cupientibusque
887 3067 1035 3120 nobis
1060 3066 1321 3133 primitias
1352 3080 1529 3117 omnes
1573 3064 1864 3117 multarum
1896 3066 2005 3131 pri-

427 3163 701 3215 mitiarum
727 3162 939 3224 habere,
976 3158 1077 3212 nisi
1138 3157 1230 3209 ltoc
1266 3156 1630 3210 existimantes
1689 3157 2000 3225 decipimur,

425 3270 669 3322 quamam
704 3251 827 3306 alia:
859 3254 1006 3304 nobis
1043 3249 1290 3314 primitiis:
1328 3250 1720 3317 prtestantiores
1756 3267 1865 3303 esse
1913 3250 2003 3304 de-

426 3344 671 3405 buerunt,
703 3353 1042 3412 posteaquam
1095 3348 1277 3392 mutua
1333 3341 1566 3408 corporis
1624 3341 2003 3395 consuetudine

426 3435 650 3504 sejuncti
673 3452 876 3499 sumus,
898 3450 1061 3501 quam
1091 3436 1363 3488 instituere
1391 3434 1455 3486 de
1510 3432 1792 3502 Evangelia
1826 3435 2002 3501 dispu-

426 3527 721 3581 tationem?
800 3525 1009 3580 Etenim
1057 3528 1359 3579 audendum
1402 3533 1480 3579 est
1533 3526 1706 3579 dict/re
1765 3528 1999 3579 omnium

426 3618 825 3688 Scriptnrnrum
875 3617 1137 3684 primitias
1188 3614 1535 3685 Evangelium
1578 3632 1706 3669 esse.
1769 3615 1856 3669 Ex
1894 3631 1998 3686 quo

425 3711 590 3780 igitur
612 3721 841 3774 tempore
901 3709 1282 3762 Alexandriam
1339 3709 1692 3777 pervenimus,
1741 3725 1999 3778 quasnam

424 3803 561 3857 alias
606 3819 718 3856 esse
766 3802 996 3869 oportuit
1048 3812 1362 3854 nostrarum
1412 3801 1680 3854 actionum
1738 3800 1999 3868 primitias

422 3912 581 3965 quam
613 3897 666 3949 in
697 3884 1092 3963 Scripturarnnt
1122 3893 1409 3962 primitiis?
1436 3894 1499 3947 Et
1545 3893 1681 3947 infra
1734 3910 1885 3948 num.
1916 3895 1949 3948 6
1982 3913 1995 3948 :

434 3988 575 4058 Ἐγὼ
624 3988 669 4041 δ’
703 3984 856 4059 οἶμαι
918 3988 999 4041 ὅτι
1049 3988 1143 4041 καὶ
1194 3986 1239 4039 δ’
1283 3986 1451 4039 ὄντων
1478 3985 1584 4040 τῶν
1633 3986 1995 4055 Εὐαγγελίων,

2114 1606 2261 1658 gare.
2316 1591 2665 1647 Ambrosium
2729 1592 2816 1646 hic
2880 1591 3178 1659 al1oquitur
3238 1589 3394 1658 cujus
3474 1592 3693 1645 hortatu

2115 1683 2547 1738 Commentarios
2572 1684 2740 1738 hosce
2767 1683 3026 1752 suscepit,
3066 1684 3226 1751 eique
3266 1683 3621 1750 nuncupavit.

2185 1773 2248 1828 ll.
2295 1773 2539 1828 Achaico
2584 1773 2779 1827 itinere
2826 1772 3202 1827 intermissum
3246 1788 3402 1843 opus,
3436 1775 3607 1828 redux
3639 1782 3695 1829 et

2115 1868 2399 1937 presbyter
2432 1868 2542 1932 jam
2595 1866 2802 1930 factus,
2853 1865 3198 1919 Alexandriae
3250 1866 3579 1935 resumpsit,
3635 1878 3696 1920 ut

2112 1967 2256 2027 patet
2284 1974 2349 2012 ex
2375 1958 2696 2027 prmiatione
2719 1960 2850 2013 tomi
2879 1959 3014 2014 sexti
3038 1960 3091 2012 in
3115 1957 3403 2022 Joannem,
3436 1976 3587 2026 num.
3615 1959 3639 2013 1
3674 1978 3688 2013 :

2112 2049 2223 2102 Καὶ
2247 2048 2408 2119 μέχρι
2447 2066 2510 2117 γε
2536 2046 2629 2103 τοῦ
2659 2050 2912 2121 πέμπτου
2940 2052 3126 2122 τόμου,
3162 2053 3209 2105 εὶ
3241 2053 3336 2106 καὶ
3367 2056 3397 2107 ό
3425 2053 3567 2107 κατὰ
3591 2052 3693 2125 τὴν

2125 2140 2529 2212 Ἀλεξάνδρειαν
2585 2142 2791 2213 χειμὼν
2839 2129 3221 2215 ἀντιπράττειν
3254 2145 3450 2211 ἐδόκει,
3510 2147 3579 2201 τὰ
3609 2146 3690 2201 δι-

2109 2232 2309 2304 δόμενα
2357 2234 2836 2305 ὑπηγορεύσαμεν,
2900 2237 3261 2307 ἐπιτιμῶντος
3307 2241 3420 2301 τοῖς
3467 2240 3690 2312 ἀνέμοις

2111 2327 2206 2379 καὶ
2239 2329 2349 2389 τοῖς
2375 2325 2580 2397 κύμασι
2610 2327 2708 2397 τῆς
2738 2326 3015 2399 θαλάσσης
3044 2328 3140 2382 τοῦ
3187 2331 3380 2401 Ἰησοῦ.
3439 2331 3565 2386 1am
3619 2333 3689 2386 ad

2108 2420 2348 2487 quintum
2378 2436 2539 2487 usque
2590 2431 2808 2483 tomum,
2858 2422 3096 2489 quamvis
3123 2424 3391 2477 aduersari
3442 2424 3589 2478 nobis
3614 2429 3692 2479 ui-

2108 2509 2323 2561 deretur
2352 2508 2691 2563 Alexandria:
2715 2510 2967 2579 procella,
2995 2527 3113 2581 qua:
3163 2528 3407 2568 concessa
3436 2514 3582 2583 [uere
3609 2514 3690 2567 lo-

2109 2602 2215 2653 cuti
2259 2616 2469 2665 sumus,
2512 2600 2643 2655 Jesu
2684 2602 2983 2670 increpante
3012 2614 3190 2657 ventos
3218 2611 3268 2658 et
3301 2607 3470 2659 undas
3502 2609 3687 2661 maris.

2109 2691 2265 2746 Unde
2292 2692 2463 2759 liquet
2488 2692 2699 2761 priores
2719 2692 2959 2761 quinque
2977 2699 3164 2748 tomos
3194 2694 3535 2749 Alexandria:
3562 2707 3689 2752 ante

2109 2801 2311 2837 annum
2348 2780 2478 2847 231,
2509 2798 2618 2852 qum
2646 2783 2949 2838 (LL-sarciam
2988 2785 3263 2855 migravit,
3305 2787 3474 2843 fuisse
3524 2788 3685 2844 lucu-

2109 2876 2294 2930 bratos
2331 2894 2344 2928 :
2400 2877 2543 2944 quod
2597 2878 2761 2931 etiam
2803 2880 2962 2932 docet
2991 2878 3256 2934 Eusebius
3299 2876 3445 2935 Hist.
3481 2882 3576 2939 lib.
3606 2896 3682 2947 vr,

2109 2983 2228 3037 cap.
2260 2967 2350 3021 24.
2382 2967 2495 3022 lmo
2520 2976 2733 3021 sextum
2780 2968 3127 3024 Alexandria:
3159 2971 3344 3026 itidem
3393 2975 3687 3030 inchoave-

2110 3068 2214 3121 rat,
2244 3058 2338 3112 sed
2362 3073 2484 3112 eum
2522 3058 2699 3112 denuo
2730 3059 2968 3113 exordiri
3008 3076 3229 3116 necesse
3273 3065 3486 3132 habuit,
3539 3072 3685 3136 quod

2106 3153 2342 3221 priorem
2392 3151 2744 3220 scriptionem
2799 3152 3129 3207 Alexandria
3167 3156 3449 3212 discedens
3498 3176 3684 3215 secum

2109 3260 2213 3297 non
2243 3253 2596 3311 asportasset,
2624 3247 3078 3313 qucnnnlmodum
3134 3242 3246 3318 ipse
3290 3250 3365 3304 ait
3404 3251 3456 3305 in
3489 3254 3684 3321 prasin-

2108 3336 2254 3388 tione
2277 3337 2516 3405 ejusdem
2550 3341 2698 3403 tomi,
2731 3339 2893 3409 paulo
2922 3339 3061 3394 infra
3092 3358 3107 3395 :
3150 3341 3289 3394 Ἴσθι
3337 3341 3395 3395 δέ
3440 3342 3523 3398 ὅτι
3574 3345 3685 3399 ἀπὸ

2106 3428 2305 3497 πολλῆς
2337 3428 2643 3500 προθυμίας
2675 3431 2934 3503 δευτέραν
2960 3433 3163 3502 ταύτην
3205 3433 3379 3505 ἀρχὴν
3423 3435 3685 3507 ποιοῦμαι

2104 3523 2263 3577 ἕκτου
2293 3525 2481 3595 τόμον,
2511 3524 2601 3578 διὰ
2646 3526 2706 3579 τὸ
2750 3525 2818 3579 τὰ
2868 3521 3419 3599 προῦπαγορευθέντα
3447 3532 3578 3600 ἡμῖν
3624 3534 3683 3587 ἐν

2102 3618 2168 3687 τῇ
2210 3616 2579 3688 Ἀλεξανδρεία
2610 3619 2708 3670 οὐκ
2738 3614 2835 3672 οἷδ’
2862 3621 3009 3683 ὅπως
3031 3620 3106 3690 μὴ
3135 3622 3477 3691 ἐκκομῖσθαι.
3509 3622 3680 3677 Crete-

2106 3725 2220 3761 ram
2251 3710 2387 3762 scias
2417 3727 2480 3763 ex
2509 3710 2676 3762 multa
2708 3728 2801 3764 nos
2841 3714 3255 3781 promptitndine
3306 3715 3512 3767 initium
3543 3717 3679 3770 sexti

2104 3802 2231 3852 tomi
2276 3801 2448 3853 denuo
2501 3800 2696 3869 facere,
2727 3817 2787 3855 eo
2836 3803 2976 3870 quod
3018 3819 3134 3873 quia
3166 3812 3321 3858 antea
3351 3806 3680 3874 interpretati

2104 3892 2380 3959 fueramus
2433 3892 2791 3958 Alexandria’,
2830 3895 3003 3948 nescio
3058 3914 3161 3962 quo
3191 3906 3346 3962 pacto
3409 3901 3678 3954 nobiscum

2104 3982 2269 4035 allata
2299 4000 2399 4035 non
2426 3982 2664 4051 fuerunt.
2703 3984 2839 4038 llinc
2862 3986 2943 4040 vel
2980 4002 3084 4040 non
3116 3975 3446 4055 audiendus,
3487 3992 3570 4045 vel
3599 3995 3679 4045 sic

418 4083 580 4137 οἱονεὶ
614 4082 892 4151 στοαείων
921 4082 1021 4152 τῆς
1055 4081 1288 4143 πίστεως
1313 4080 1410 4149 τῆς
1451 4080 1794 4151 Ἐκκλησίας,
1822 4079 1881 4143 ἐξ
1927 4072 1999 4133 ὧν

2109 4075 2488 4145 intelligendus
2514 4088 2597 4130 est
2617 4077 2952 4145 Nicephorus
2976 4095 3098 4133 cum
3135 4081 3209 4135 ait
3228 4081 3327 4136 lib.
3361 4096 3415 4147 ν,
3439 4099 3560 4154 cap.
3586 4085 3675 4151 15,

421 4175 697 4246 στοιχείων
712 4178 739 4229 ὁ
763 4178 867 4239 πᾶς
885 4176 1179 4246 συνέστηκε
1201 4175 1419 4244 κόσμος,
1432 4175 1489 4226 ἐν
1507 4173 1724 4244 Χριστῷ
1742 4171 1999 4226 καταλλα-

418 4268 538 4335 γείς
551 4267 627 4338 τῷ
637 4267 775 4338 Θεῷ,
791 4268 931 4322 καθὰ
945 4286 1106 4339 φησιν
1121 4271 1149 4321 ὁ
1172 4266 1383 4329 Παῦλος
1399 4283 1412 4295 ·
1434 4285 1452 4316 ι
1472 4265 1602 4329 Θεὸς
1617 4262 1682 4337 ἦν
1701 4268 1757 4320 ἐν
1773 4264 1996 4336 Χριστῷ

418 4362 623 4432 κόσμον
655 4360 1042 4415 καταλλάσσων
1071 4360 1269 4432 ἐαυτῷ,
1306 4380 1324 4412 s
1355 4352 1415 4414 οὗ
1459 4360 1663 4430 κόσμου
1693 4359 1792 4430 τὴν
1815 4360 1997 4431 ἁμαρ-

417 4453 541 4508 τίαν
567 4450 700 4525 ἧρεν
739 4453 978 4523 Ἰησοῦς·
1033 4454 1161 4524 περὶ
1194 4451 1302 4523 γὰρ
1346 4450 1440 4504 τοῦ
1475 4452 1681 4519 κόσμου
1733 4451 1831 4520 τῆς
1869 4451 1994 4503 Ἐκ-

419 4543 647 4615 κλησίας
669 4543 698 4594 ὁ
720 4543 874 4611 λόγος
888 4544 1035 4595 ἐστὶν
1065 4546 1093 4596 ό
1119 4542 1500 4613 γεγραμμένος
1518 4559 1532 4572 ·
1559 4561 1576 4592 ι
1600 4541 1731 4594 Ἰδοὺ
1756 4543 1785 4593 ὁ
1800 4542 1854 4592 Ἀ
1864 4540 1995 4611 μνὺς

416 4635 512 4688 τοῦ
544 4634 679 4688 Θεοῦ
704 4636 734 4687 ἐ
756 4636 922 4704 αἴρων
947 4635 1044 4706 τὴν
1071 4633 1344 4706 ἁμαρτίαν
1368 4632 1463 4687 τοῦ
1502 4634 1726 4704 κόσμου,
1764 4652 1783 4685 s
1814 4634 1993 4703 ἀπαρ-

418 4727 517 4798 χὴν
544 4726 651 4780 τῶν
692 4725 1039 4795 Εὐαγγελίων
1079 4722 1215 4778 εἶναι
1242 4725 1303 4777 τὸ
1344 4722 1813 4795 προστεταγμένον
1861 4725 1992 4795 ἡμῖν

418 4815 524 4869 ὑπὸ
556 4818 647 4871 σοῦ
672 4817 812 4871 κατὰ
839 4816 1066 4888 δύναμιν
1096 4817 1382 4888 ἐρευνῆσαι
1432 4817 1493 4869 τὸ
1529 4815 1670 4870 κατὰ
1715 4815 1988 4886 Ἰωάννην.

417 4907 661 4962 Arbitror
706 4926 823 4963 vero
872 4926 986 4977 ego,
1022 4910 1239 4965 etiamsi
1272 4919 1502 4980 quatuor
1545 4910 1647 4963 sint
1677 4907 1988 4977 Evangelia,

416 5002 577 5055 ueluti
604 5001 859 5055 elementa
881 5001 1015 5070 ﬁdei
1071 5001 1343 5064 Ecclesiae,
1394 5015 1463 5053 ea)
1489 5002 1677 5071 quibus
1725 4999 1990 5054 elementis

414 5105 558 5148 totus
596 5104 799 5148 constat
825 5096 912 5147 hic
952 5096 1180 5148 mundus
1237 5091 1349 5147 Deo
1371 5107 1464 5161 per
1503 5092 1771 5146 Christum
1809 5108 1990 5146 recon-

413 5185 648 5250 ciliatus,
700 5187 835 5239 sicut
889 5186 1062 5256 inquit
1116 5184 1321 5238 Paulus
1369 5185 1412 5216 ¹⁰
1461 5202 1476 5238 ;
1523 5204 1542 5237 ι
1579 5183 1722 5238 Deus
1778 5192 1893 5238 erat
1934 5185 1989 5236 in

414 5280 649 5348 Christo,
690 5281 948 5336 mundum
975 5282 1076 5335 sibi
1122 5279 1508 5345 reconcilians;
1552 5299 1572 5331 ι
1600 5279 1753 5349 cujus
1805 5278 1991 5331 mundi

411 5382 684 5443 peccatum
728 5375 949 5428 sustulit
979 5374 1170 5438 Iesus;
1223 5373 1288 5425 de
1319 5372 1520 5427 mundo
1552 5373 1690 5426 enim
1739 5371 1989 5425 Ecclesia:

2104 4181 2199 4221 sex
2235 4176 2409 4221 tomos
2444 4168 2494 4223 in
2526 4168 2789 4223 Joannem
2821 4171 3165 4227 Alexandria:
3197 4182 3308 4228 tum
3337 4175 3507 4231 fuisse
3538 4181 3678 4231 scri~

2103 4268 2243 4327 ptos.

2172 4348 2258 4403 ΙΙΙ.
2314 4350 2508 4415 Anno,
2568 4360 2625 4405 nt
2660 4349 2774 4419 jam
2824 4351 3092 4419 diximus,
3148 4355 3277 4422 251,
3340 4356 3675 4421 Demetrium

2098 4444 2524 4500 Alexandrinum
2562 4447 2877 4515 episcopum
2911 4446 3094 4501 Innltis
3118 4447 3183 4501 de
3208 4448 3394 4504 causis
3445 4450 3546 4505 sibi
3588 4452 3672 4504 in-

2092 4534 2310 4590 fensum
2343 4546 2600 4607 expertus
2629 4537 2892 4608 Origenes
2916 4579 2931 4603 ,
2955 4539 3285 4594 Alexandria
3314 4541 3588 4606 discessit,
3620 4554 3674 4598 et

2097 4626 2359 4682 Caesarea:
2378 4629 2561 4684 sedem
2592 4629 2790 4696 posuit,
2820 4629 2909 4682 ubi
2939 4646 3041 4683 non
3079 4630 3286 4696 statim,
3336 4634 3429 4686 sed
3489 4644 3669 4687 tamen

2099 4734 2205 4774 non
2241 4721 2410 4775 multo
2465 4732 2610 4789 post,
2634 4730 2690 4775 et
2734 4720 2985 4777 fortassis
3038 4733 3161 4792 post
3209 4733 3441 4779 mortem
3473 4725 3669 4780 Demc-

2100 4812 2209 4874 trii,
2239 4828 2380 4867 anno
2419 4812 2631 4867 scilicet
2650 4812 2777 4877 9.5%,
2813 4813 3048 4885 aliquam
3077 4827 3269 4870 nactus
3303 4819 3674 4891 tranquillita-

2098 4914 2228 4967 tem,
2268 4904 2630 4974 interruptmn
2672 4921 2809 4974 opus
2860 4917 3182 4973 prosecutus
3214 4918 3317 4965 est.
3356 4909 3509 4976 Quod
3546 4915 3667 4981 qni-

2096 4996 2219 5050 dem
2253 5012 2445 5052 eruere
2472 4998 2638 5051 etiam
2692 4998 2820 5052 licet
2849 5014 2917 5053 ex
2966 5000 3286 5069 prmlatione
3313 5004 3555 5072 ejusdem
3585 5016 3669 5059 lo-

2095 5090 2169 5144 mi
2194 5092 2331 5145 sexti
2368 5109 2383 5145 :
2409 5091 2519 5145 Καὶ
2540 5094 2606 5147 ἐκ
2634 5092 2728 5146 τοῦ
2760 5093 2819 5147 δὲ
2859 5096 3211 5169 ἐπιπεσόντος
3239 5100 3668 5173 προεληλυθότες

2095 5181 2497 5267 ἐξελκύσθημεν
2544 5185 2653 5238 ἀπὸ
2698 5186 2797 5257 τῆς
2836 5188 3134 5256 Αἰγύπτου,
3184 5191 3488 5267 ῥυσαμένου
3521 5195 3667 5264 ἡμᾶς

2092 5272 2188 5327 τοῦ
2218 5258 2351 5329 θεοῦ
2381 5275 2474 5329 τοῦ
2506 5275 2867 5345 ἐξαγαγόντος
2894 5280 2984 5333 τὸν
3010 5279 3135 5341 λαὸν
3165 5258 3331 5342 αὐτοῦ
3354 5283 3447 5335 ἀπ’
3471 5285 3661 5355 αὐτῆς.

2099 5366 2329 5425 Ἔπειτα
2364 5366 2459 5421 τοῦ
2500 5367 2695 5439 ἐχθροῦ
2723 5370 3026 5443 πικρότατα
3074 5371 3231 5442 ἡμῶν
3261 5389 3668 5445 καταστρατευη

410 5480 585 5518 sermo
612 5464 700 5518 ille
724 5475 799 5519 est
848 5464 1076 5535 scriptus
1101 5465 1142 5495 “
1172 5480 1192 5519 :
1239 5481 1258 5515 ι
1299 5463 1435 5518 Ecce
1486 5467 1665 5533 Agnus
1726 5461 1842 5526 Dei,
1888 5461 1987 5529 'qui

2104 5458 2327 5528 ςαμένου
2369 5458 2455 5513 διὰ
2515 5460 2624 5513 τῶν
2672 5461 2872 5516 καινῶν
2924 5462 3088 5522 αὑτοῦ
3134 5464 3475 5535 γραμμάτων
3496 5507 3512 5530 ,
3557 5468 3667 5523 τῶν

411 5557 590 5626 aufert
635 5565 907 5627 peccatum
961 5558 1164 5624 mundi,
1216 5577 1237 5609 ›
1275 5554 1677 5627 Euangeliorum
1713 5554 1981 5627 primitias

485 5714 545 5788 ⁸⁸,
563 5712 608 5770 ιι
633 5713 757 5773 Cor.
785 5730 840 5784 ν,
874 5717 960 5773 i9.
1062 5718 1098 5749 ”
1126 5715 1280 5772 Joan.
1310 5733 1349 5777 ι.
1376 5717 1463 5773 50.

2090 5551 2305 5626 ἀληθῶς
2351 5553 2561 5625 ἐχθρῶν
2588 5553 2666 5634 τῷ
2706 5555 3053 5627 Εὐαγγελίῳ,
3099 5556 3191 5611 καὶ
3221 5557 3427 5622 πάντας
3449 5560 3574 5624 τοὺς
3610 5563 3666 5620 ἐν
