4174 6410
479 305 550 360 15
1357 301 1676 360 MONITUM
1704 300 1796 358 AD
1833 300 2191 360 COMMENT.
2231 299 2557 358 ORIGENIS
2586 301 2660 358 IN
2691 300 2882 358 JOAN.
3669 301 3732 356 ib

471 427 736 498 Αἰγύπτῳ
769 425 1000 498 ἀνέμους
1037 426 1136 497 τῆς
1183 425 1444 497 πονηρίας
1485 425 1606 478 καθ’
1633 428 1666 496 ἡ
1677 425 1791 497 μῶν
1815 425 2026 497 ἔγειραν

2127 460 2131 484 ι
2164 423 2342 494 plures
2367 403 2510 478 enim
2541 424 2768 480 Ruﬁnus
2793 431 3074 479 enumerat
3105 421 3357 480 Int'ectiv.
3383 425 3438 490 2,
3471 426 3561 482 ubi
3587 426 3730 482 hunc

469 533 585 582 τος,
621 517 809 589 στῆναι
841 517 1039 588 μᾶλλόν
1094 535 1160 588 με
1193 516 1328 588 πρὸς
1354 517 1445 570 τὸν
1472 519 1660 586 ἀγῶνα
1707 518 2002 588 παρεκάλει

2160 516 2334 585 ipsum
2362 516 2678 588 Hieronymi
2727 516 3008 585 prologum
3065 517 3278 570 refert:
3327 528 3382 571 et
3432 519 3523 586 qui
3565 521 3728 587 paulo

473 609 650 680 λόγος,
690 611 780 664 καὶ
813 610 1050 682 τηρῆσαι
1075 610 1134 663 τὸ
1176 609 1523 679 ἡγεμονικὸν,
1551 611 1760 681 μήποτε
1792 609 2054 681 μοχθηροὶ

473 699 724 772 λογισμοὶ
770 699 1093 772 ὲξισχύσωσι
1147 701 1236 754 τὸν
1261 701 1505 771 χειμῶνα
1560 702 1655 755 καὶ
1684 704 1750 772 τῇ
1773 701 1917 773 ψυχῇ
1949 717 2050 773 μου

471 794 878 861 ἐπεισαγαγεῖν,
923 793 1068 864 ἥπερ
1109 792 1353 862 ἀκαίρως
1385 793 1512 862 πρὶν
1540 793 1780 864 γαλήνην
1806 792 1903 864 τὴν
1930 793 2049 848 διά-

473 902 620 938 νοιαν
643 885 824 938 λαϐεῖν
859 884 1150 938 συνάπτειν
1188 883 1256 936 τὰ
1282 883 1410 954 ἑξῆς
1439 884 1539 954 τῆς
1564 884 1808 956 Γραφῆς.
1845 886 1955 938 Καὶ
1998 887 2048 939 oi

474 974 728 1047 συνήθεις
767 975 824 1028 δὲ
869 974 1208 1046 ταχύγραφοι
1261 974 1336 1046 μὴ
1384 978 1650 1046 παρόντες
1696 974 1789 1028 τοῦ
1829 976 2046 1046 ἔχεσθαι

470 1066 578 1120 τῶν
609 1065 1027 1139 ὐπαγορεύσεων
1053 1065 1307 1121 ἐκώλυον.
1332 1065 1448 1120 Νῦν
1475 1066 1519 1119 δ’
1541 1068 1630 1121 ὅτε
1657 1067 1723 1121 τὰ
1745 1067 1864 1122 καθ’
1888 1069 2046 1139 ήμῶν

469 1157 840 1229 πεπυρωμένα
873 1157 1062 1223 πολλὰ,
1089 1157 1404 1221 σϐεννύντας
1431 1158 1587 1224 Θεοῦ,
1627 1159 1755 1230 βέλη
1801 1161 2041 1232 ῆμϐλυνα

465 1267 582 1314 ται,
607 1251 701 1304 καὶ
723 1250 1055 1304 ὲνεθισθεῖσα
1082 1255 1115 1322 ἡ
1125 1251 1241 1322 μῶν
1268 1251 1302 1322 ὴ
1348 1251 1494 1322 ψυχὴ
1533 1255 1647 1316 τοῖς
1677 1253 2043 1324 συμϐεϐηκόσι

465 1343 555 1398 διὰ
583 1343 674 1397 τὸν
699 1344 948 1416 οὐράνιον
976 1345 1154 1412 λόγον,
1185 1343 1370 1415 φέρειν
1392 1344 1523 1414 ῥᾷον
1555 1345 1797 1416 βιάζεται
1829 1345 1927 1409 τὰς
1950 1363 2042 1414 γε-

465 1437 768 1508 γενημένας
827 1437 1139 1501 ἐπιϐουλὰς,
1183 1438 1423 1510 ὡσπερεὶ
1455 1437 1628 1507 ποσῆς
1660 1438 1838 1500 εὐδίας
1883 1436 2042 1490 λαϐό-

468 1545 640 1598 μενοι,
669 1527 850 1581 οὑκέτι
871 1527 1282 1598 ὑπερτιθέμενοι
1303 1528 1662 1599 ὑπαγορεύειν
1683 1525 1750 1578 τὰ
1771 1525 2038 1578 ἀκόλουθα
2064 1523 2070 1528 ’

465 1617 786 1690 βουλόμεθα,
819 1617 951 1672 Θεὸν
978 1617 1294 1673 διδάσκαλον
1327 1617 1640 1688 ὑπηχοῖωτα
1667 1617 1724 1669 ὲν
1754 1615 1830 1687 τῷ
1859 1615 2037 1686 ἀδύτῳ

461 1709 560 1780 τῆς
585 1707 766 1778 ψυχῆς
800 1707 957 1778 ἡμῶν
984 1709 1238 1778 παρεῖναι
1262 1707 1562 1778 εὐχόμενοι,
1601 1707 1687 1759 ἵνα
1718 1705 1868 1768 τέλος
1898 1705 2034 1776 λάϐῃ

461 1803 495 1874 ἡ
521 1801 621 1872 τῆς
649 1802 789 1856 κατὰ
825 1801 1066 1855 Ἰωάννου
1093 1800 1392 1871 διηγήσεως
1416 1798 1506 1853 τοῦ
1537 1798 1870 1866 Εὑαγγελίου
1900 1800 2037 1852 οἰκο·

458 1895 618 1966 δομή.
654 1892 864 1946 Γένοιτο
887 1893 932 1945 δ’
969 1894 998 1944 ὁ
1029 1890 1158 1956 Θεὸς
1187 1893 1418 1962 ἐπήκοος
1451 1890 1605 1963 ἡμῶν
1637 1893 1702 1962 τῇ
1737 1891 1891 1962 εὐχῇ,
1953 1892 2032 1956 εἰς

457 1985 518 2038 τὸ
552 1983 780 2054 συνάψαι
811 1981 1099 2054 δυνηθῆναι
1129 1980 1193 2034 τὸ
1244 1981 1402 2052 σῶμα
1433 1981 1527 2035 τοῦ
1557 1981 1680 2034 ὅλου
1711 1981 1893 2050 λόγου,
1929 1998 2033 2051 μη-

457 2077 574 2132 κέτι
603 2075 1008 2149 μεσολαϐούσης
1041 2073 1438 2146 περιστάσεως,
1481 2071 1746 2146 διακοπὴν
1797 2073 1890 2128 τοῦ
1922 2075 2034 2146 εἱρ-

459 2171 560 2244 μοῦ
591 2171 694 2242 τῆς
725 2168 948 2241 Γραφῆς
995 2167 1385 2239 ὁποιανδήποτε
1438 2166 1835 2240 ὲνεργήσασθαι
1873 2166 2034 2220 δυνα-

458 2263 662 2334 μένηςι
722 2260 808 2315 Ex
829 2266 928 2314 hoc
989 2276 1117 2314 casu
1151 2261 1437 2330 progressi,
1483 2261 1703 2314 extracti
1741 2276 1922 2314 suntus
1968 2276 2033 2312 ex

453 2353 710 2424 ngypto,
745 2351 854 2406 Deo
906 2367 1003 2405 nos
1054 2349 1344 2416 liberante,
1407 2351 1498 2422 qui
1548 2350 1730 2404 eduxit
1777 2348 2027 2418 papulum

451 2461 605 2499 suum
659 2460 724 2498 ex
766 2459 828 2496 ea
856 2458 874 2496 :
905 2441 1092 2496 deinde
1141 2441 1355 2494 inimico
1411 2439 1729 2508 (Demetrio)
1777 2439 2026 2491 adversus

453 2551 546 2588 nos
574 2534 902 2589 acerbissime
927 2541 1190 2604 pugnante
1213 2547 1306 2600 per
1341 2548 1464 2586 suas
1497 2548 1660 2586 novas
1687 2531 1916 2593 litteras,
1949 2546 2029 2583 re-

452 2639 574 2680 vera
627 2621 913 2694 Evangelia
958 2623 1223 2688 inimicas,
1277 2637 1556 2692 omnesque
1593 2618 1810 2692 Egypti
1849 2630 2027 2674 ventos

450 2718 704 2772 adversus
733 2733 825 2771 nos
865 2720 1182 2782 concitante,
1215 2727 1356 2770 stare
1385 2731 1463 2769 me
1493 2716 1662 2785 magis
1703 2714 2027 2768 adhortaba-

447 2821 538 2864 tur
571 2811 708 2864 ratio
737 2810 806 2864 ad
842 2822 1128 2874 certamen,
1179 2817 1228 2863 et
1279 2825 1483 2862 servare
1532 2807 2026 2876 prccstantissimam

449 2903 550 2956 mei
576 2914 799 2972 partem,
849 2919 1006 2973 quam
1060 2902 1357 2969 importune
1402 2900 1718 2969 conjungere
1749 2908 2026 2951 restantem

449 2995 799 3064 Scripturam,
849 3006 1128 3064 antequam
1153 2995 1379 3047 rationis
1407 2994 1680 3046 discursus
1725 2988 2028 3059 tranquilli-

447 3100 606 3146 tatem
637 3089 903 3158 reciperet.
960 3105 1022 3142 ne
1049 3087 1184 3156 forte
1221 3087 1566 3157 cogitationes
1610 3099 1786 3152 prava:
1816 3081 2020 3135 inuale-

443 3192 645 3236 scerent
678 3182 733 3234 in
763 3182 996 3234 animant
1028 3180 1181 3233 etiam
1216 3194 1384 3232 meam
1415 3174 1702 3244 procellam
1749 3174 2015 3227 inducere.

447 3273 590 3337 Quin
635 3273 871 3326 absentes
919 3285 1146 3339 quoque,
1199 3269 1288 3338 qui
1339 3266 1470 3320 mihi
1516 3265 1580 3318 de
1615 3280 1757 3317 more
1801 3266 2017 3327 adsunt,

445 3365 638 3418 veloces
662 3364 965 3428 scriptores,
1007 3377 1089 3414 me
1119 3358 1461 3428 prohibebant
1505 3373 1623 3426 qua:
1644 3357 2020 3424 excogitassem

441 3457 695 3510 mandare
742 3454 950 3508 litteris.
979 3451 1138 3506 Nunc
1167 3467 1285 3505 vero
1344 3449 1556 3519 quando
1604 3448 1881 3501 adversum
1927 3463 2019 3499 nos

441 3553 623 3621 ignita!
645 3551 852 3620 sagittte
887 3547 1070 3602 multis
1097 3562 1244 3601 uance
1273 3545 1494 3616 [uerunt
1548 3543 1726 3607 factm,
1760 3540 1870 3594 Deo
1898 3541 2018 3593 illas

441 3645 819 3714 exstinguente,
855 3651 902 3694 et
943 3651 1155 3694 assueta
1184 3637 1363 3692 anima
1395 3646 1574 3691 nostra
1619 3636 1721 3700 his,
1764 3650 1882 3704 qua:
1917 3648 2022 3685 cte-

443 3736 588 3790 lestis
619 3733 873 3789 sermonis
897 3748 1061 3786 causa
1107 3730 1437 3800 contingunt,
1467 3729 1606 3797 ferre
1629 3727 1841 3798 cogitur
1879 3725 2016 3794 faci-

441 3831 546 3883 lius
591 3827 761 3896 factas
802 3823 1068 3886 insidias,
1119 3821 1275 3876 veluti
1340 3820 1670 3891 aliquantum
1718 3817 2019 3874 serenitatis

442 3918 607 3983 nacti,
639 3933 742 3970 non
789 3912 1018 3980 amplius
1044 3911 1340 3980 di/ferentes
1379 3911 1584 3964 dictare
1613 3909 1857 3964 uolumus
1900 3924 2019 3975 qua:

441 4017 660 4075 restant,
715 4005 888 4060 Deum
915 4001 1231 4070 magistrum
1280 4001 1336 4054 in
1374 4001 1566 4055 animle
1618 4011 1812 4054 nostra:
1856 3999 2016 4067 adyto

437 4098 698 4171 penetrali
730 4101 1062 4152 insonantem
1091 4096 1277 4149 adesse
1312 4103 1604 4162 precantes,
1658 4102 1714 4145 ut
1745 4091 1902 4159 ﬁnem
1926 4106 2018 4142 ac-

439 4193 600 4261 cipiat
663 4198 932 4246 structura
989 4187 1344 4242 enarrationis
1399 4183 1670 4254 Evangelii
1727 4181 2016 4237 secundum

439 4285 722 4339 Joannem.
757 4282 924 4352 Atque
947 4281 1151 4334 utinam
1183 4279 1368 4333 audiat
1402 4277 1540 4332 Deus
1571 4293 1747 4346 preces
1784 4284 2012 4338 nostras,

439 4387 497 4432 ut
527 4393 718 4446 corpus
747 4375 907 4429 totius
935 4374 1107 4442 aperis
1132 4372 1450 4443 conjungere
1475 4371 1762 4442 possimus,
1787 4385 1879 4424 nec
1904 4368 2016 4422 ulla

2156 605 2296 660 infra
2349 608 2537 661 eadem
2592 607 2784 676 repetit
2839 606 2926 661 his
2977 607 3472 670 verbis:lnterim,
3527 611 3724 679 inquit,

2157 696 2397 768 Origenis
2427 699 2610 764 libros,
2661 711 2717 752 ut
2744 716 2906 768 supra
2941 700 3193 763 diximus,
3227 700 3284 753 in
3316 716 3521 754 omnem
3549 702 3725 754 admi-

2151 790 2406 844 rationem
2443 791 2669 855 extollit,
2717 801 2764 845 et
2815 790 2943 844 dicit
2986 795 3128 860 quod
3155 791 3203 845 si
3237 807 3324 844 eos
3353 792 3726 859 interpretetur

2152 879 2395 935 Romana
2447 882 2650 952 lingua,
2698 897 2972 952 cognoscet
3029 893 3283 954 quantum
3335 883 3456 936 boni
3501 893 3549 936 et
3601 893 3724 936 ante

2149 975 2387 1028 nescierit
2417 985 2467 1028 et
2499 975 2632 1029 scire
2657 991 2796 1029 nunc
2818 977 3054 1042 ceperit,
3083 977 3136 1030 id
3168 989 3263 1042 est,
3295 976 3350 1029 in
3384 976 3719 1039 Hatthcutn,

2147 1067 2352 1135 inquit,
2389 1081 2517 1120 xxvt
2553 1066 2710 1120 libros
2750 1067 2889 1138 (lege
2923 1068 3052 1139 xxv)
3081 1079 3127 1122 et
3166 1071 3220 1120 in
3251 1067 3446 1121 Lucam
3469 1068 3716 1137 quinque,

2145 1169 2192 1213 et
2221 1160 2276 1214 in
2317 1160 2578 1215 Joannem
2604 1178 2776 1218 xxxtt.
2809 1163 2934 1218 Inde
2963 1173 3048 1218 est
3091 1163 3234 1232 quod
3285 1162 3338 1217 in
3391 1179 3494 1217 ms.
3529 1163 3719 1217 codice

2143 1251 2670 1308 Commentariorum
2701 1255 2753 1308 iu
2778 1253 3042 1310 Joannem
3075 1269 3184 1323 quo
3213 1269 3344 1309 usus
3366 1262 3449 1308 est
3485 1255 3719 1309 Ambro-

2143 1345 2255 1398 sius
2279 1345 2584 1412 Ferrarius,
2621 1360 2815 1402 novem
2860 1345 3176 1416 interrupta:
3214 1346 3372 1401 seriei
3431 1347 3586 1414 tomi,
3619 1347 3712 1416 qui

2141 1433 2301 1489 hodie
2333 1445 2643 1503 supersunt,
2698 1437 2750 1491 in
2811 1436 3031 1506 triginta
3085 1437 3220 1490 duos
3269 1444 3447 1492 tomos
3499 1435 3714 1491 fuerant

2139 1525 2436 1580 distributi.
2475 1525 2674 1582 Verum
2712 1526 2892 1582 Ruﬁni
2924 1527 3142 1582 lectioni
3184 1526 3318 1583 ﬁdes
3375 1527 3598 1582 minime
3634 1529 3716 1581 vi-

2139 1619 2297 1673 detur
2320 1634 2440 1674 esse
2468 1621 2776 1676 adhibenda
2808 1637 2824 1674 :
2856 1636 2982 1675 nam
3023 1636 3146 1676 cum
3199 1631 3374 1677 tomus
3419 1636 3592 1686 χχχιι,
3619 1622 3710 1688 qui

2139 1708 2404 1780 hodieque
2430 1723 2703 1780 superest,
2763 1713 2978 1768 desinat
3011 1714 3093 1767 'ad
3127 1725 3290 1784 caput
3315 1713 3541 1769 Joannis
3587 1729 3710 1776 χιιι,

2137 1800 2190 1868 Ῡ.
2220 1800 2309 1863 53,
2335 1801 2419 1855 vel
2446 1802 2712 1871 integrum
2744 1818 2880 1874 opus
2905 1805 3214 1872 neutiquam
3243 1805 3474 1859 absolvit
3517 1801 3710 1873 Orige-

2139 1912 2254 1961 nes,
2282 1896 2362 1951 vel
2393 1895 2438 1950 si
2467 1899 2532 1951 ad
2562 1897 2720 1952 linem
2759 1912 2931 1967 usque
2961 1898 3236 1967 perduxit,
3288 1914 3394 1952 non
3426 1898 3710 1967 pauciores

2137 2004 2299 2058 quam
2323 2005 2489 2044 xxxix
2520 1999 2696 2044 tomos
2723 1989 3033 2044 elaborasse
3061 1989 3355 2045 verisimile
3376 2000 3480 2046 est.
3509 1991 3710 2044 Deinde

2135 2080 2318 2148 plures
2348 2095 2513 2149 quam
2542 2095 2695 2134 χχχιι
2719 2089 2892 2134 tomos
2917 2080 3195 2136 confectos
3220 2081 3384 2136 luisse
3415 2081 3540 2135 inde
3559 2081 3708 2134 erui-

2137 2181 2246 2234 tur,
2281 2170 2422 2240 quod
2475 2169 2736 2240 Origenes
2785 2172 2899 2240 ipse
2963 2181 3194 2226 tractatu
3246 2187 3388 2227 xxxv
3447 2174 3500 2228 in
3561 2172 3703 2226 Mat-

2133 2261 2355 2327 tltarum,
2383 2277 2504 2331 pag.
2532 2261 2656 2328 922,
2686 2261 2737 2314 in
2774 2262 2888 2317 hate
2924 2260 3159 2316 Matthzei
3209 2263 3374 2317 verba
3408 2276 3421 2312 :
3461 2260 3704 2329 ldipsum

2133 2362 2305 2404 autent
2333 2363 2382 2404 et
2402 2351 2650 2414 latrones,
2678 2351 2769 2421 qui
2791 2352 3033 2420 cruciﬁxi
3063 2363 3211 2406 erant
3232 2369 3350 2406 cum
3381 2369 3465 2417 eo,
3502 2351 3704 2419 impro-

2130 2442 2381 2508 perabant
2403 2443 2472 2506 ei,
2506 2443 2579 2496 ait
2605 2457 2664 2497 se
2686 2443 2737 2496 itt
2762 2442 3179 2499 Commentariis
3220 2445 3332 2500 suis
3363 2444 3416 2498 in
3439 2443 3704 2499 Joannem

2131 2535 2446 2601 exposuisse
2473 2532 2540 2589 de
2570 2532 2780 2589 duobus
2810 2533 3114 2589 latronibus
3163 2535 3253 2604 qui
3300 2536 3544 2590 crucilixi
3581 2546 3708 2590 sunt

2130 2640 2254 2680 cum
2282 2625 2522 2688 Christo,
2549 2634 2603 2678 et
2628 2625 2699 2680 ibi
2730 2626 2966 2695 agitasse
2994 2642 3061 2679 an
3094 2625 3186 2679 alii
3223 2627 3330 2680 siut
3385 2630 3492 2683 duo
3545 2629 3596 2682 hi
3627 2627 3706 2681 ht-

2131 2726 2317 2771 trones
2348 2730 2578 2784 quorum
2609 2731 2748 2770 unus
2799 2715 3216 2786 blasphetuabat
3248 2719 3522 2772 Christum
3549 2719 3703 2789 juxta

2129 2806 2352 2871 Lucam,
2400 2817 2454 2864 et
2496 2808 2587 2862 alii
2637 2807 2839 2863 fuerint
2871 2807 2946 2861 illi
2975 2809 3082 2862 duo
3126 2809 3363 2862 latrones
3407 2810 3499 2880 qui
3535 2811 3700 2863 ambo

2130 2901 2643 2970 blaSpltemaverunt
2677 2899 2830 2969 juxta
2863 2899 3173 2954 blatthmum
3222 2910 3277 2954 et
3331 2900 3594 2956 Marcum.
3626 2900 3698 2956 Et

2127 2995 2268 3059 apud
2293 2989 2576 3056 Joannem,
2610 2991 2805 3060 tnquit,
2839 2993 2975 3044 sicut
3017 2993 3304 3059 potuimus,
3366 2995 3705 3061 exposuimus

2126 3081 2192 3137 de
2246 3083 2452 3137 duobus
2508 3082 2827 3150 latronibus,
2877 3085 2967 3144 qui
3020 3085 3234 3152 fuerunt
3286 3085 3531 3153 cruci/ixi
3579 3101 3700 3140 cum

2125 3173 2356 3238 Christo,
2383 3176 2474 3246 qui
2494 3176 2779 3229 secundum
2810 3175 3118 3230 Mattha'um
3143 3178 3354 3246 quidem
3377 3190 3423 3232 et
3453 3176 3696 3232 Marcum

2122 3268 2596 3336 improperaverunt
2625 3269 2672 3318 ei
2710 3269 2865 3321 ambo
2921 3269 2977 3323 in
3016 3284 3206 3333 cruce;
3255 3269 3540 3323 secundum
3591 3267 3698 3322 Ln-

2121 3376 2237 3412 cant
2266 3371 2440 3414 autem
2479 3359 2738 3412 dicentem
2767 3360 3015 3428 quoniam
3045 3377 3185 3414 unus
3228 3359 3294 3414 de
3347 3362 3697 3428 pendentibus

2122 3451 2416 3506 latronibus
2446 3452 2931 3519 blasphemabat....
2967 3450 3291 3507 Conveniens
3330 3468 3452 3523 ergo
3497 3463 3576 3506 est
3635 3466 3693 3507 ut

2121 3545 2177 3598 in
2204 3545 2385 3612 primis
2407 3543 2614 3614 quidem
2643 3542 2793 3596 ambo
2817 3544 3046 3596 latrones
3093 3543 3459 3614 intelligantur
3507 3550 3694 3604 Domi-

2121 3651 2248 3690 num
2301 3634 2775 3704 blasphemasse....
2823 3635 2944 3698 ,Aut
2994 3651 3057 3689 ne
3119 3638 3273 3705 forte,
3315 3641 3450 3693 sicut
3492 3651 3541 3695 et
3585 3644 3696 3699 illic

2119 3727 2350 3780 diximus
2407 3722 2844 3797 (Commentariis
2898 3725 3106 3781 scilicet
3154 3728 3209 3782 in
3258 3727 3566 3801 Joannem),
3600 3734 3696 3787 alii

2118 3829 2239 3874 sunt
2273 3818 2329 3872 hi
2352 3818 2457 3872 duo
2501 3818 2733 3870 latrones
2771 3831 2836 3869 ex
2879 3819 3071 3887 quibus
3119 3835 3258 3875 unus
3300 3822 3694 3887 Marp/tentata:

2118 3933 2260 3982 eum,
2290 3927 2337 3972 et
2363 3916 2458 3971 alii
2483 3916 2695 3986 fuerunt
2737 3917 2820 3970 illi
2847 3915 2954 3970 duo
2979 3919 3211 3974 latrones
3255 3921 3348 3990 qui
3373 3924 3526 3975 ambo
3573 3922 3691 3975 bla-

2116 4011 2515 4077 sphematterunt
2551 4007 2653 4080 (sic
2704 4010 2849 4064 enim
2903 4010 3188 4082 legendum
3219 4022 3302 4067 est
3327 4010 3480 4082 juxta
3511 4014 3688 4082 mss.).

2119 4099 2244 4155 Haec
2273 4113 2453 4154 autem
2485 4099 2672 4155 nullibi
2710 4101 3057 4171 reperiuntur
3086 4102 3140 4156 in
3169 4118 3360 4158 novem
3400 4104 3566 4158 tomis
3594 4108 3688 4174 qui

2117 4191 2417 4246 etiamumn
2444 4200 2661 4246 exstant
2691 4192 2744 4246 in
2768 4191 3058 4258 Joannem,
3087 4203 3250 4262 atque
3274 4209 3338 4248 ex
3370 4195 3549 4249 verbis
3575 4211 3690 4250 mo-

2115 4282 2187 4337 do
2207 4283 2390 4337 citatis
2419 4293 2468 4336 et
2508 4282 2626 4338 loco
2663 4284 2752 4338 ubi
2779 4299 2842 4338 ea
2864 4285 3030 4338 citata
3065 4295 3212 4350 sunt,
3259 4286 3471 4341 videtur
3498 4287 3692 4358 Orige-

2116 4387 2214 4428 nes
2242 4389 2348 4429 non
2375 4387 2473 4444 per
2516 4383 2889 4437 transennam,
2942 4377 3036 4430 sed
3086 4391 3151 4430 ex
3191 4378 3453 4446 professo,
3508 4387 3566 4434 ct
3590 4394 3690 4434 suo

440 4470 654 4540 posthac
724 4467 1006 4522 necessitas
1086 4467 1383 4533 intercipiat
1445 4475 1600 4535 atque
1659 4465 2012 4530 interrumpat
2043 4488 2088 4543 ι)
2116 4463 2257 4530 loco,
2309 4471 2574 4518 tractasse
2617 4462 2687 4518 de
2739 4461 2950 4517 duobus
3003 4463 3325 4518 latronibus.
3357 4463 3528 4519 Porro
3560 4479 3684 4520 cum

439 4561 736 4628 Scriptum
760 4555 985 4612 seriem!
1011 4556 1266 4611 Attamen
1298 4555 1514 4612 nonnisi
1545 4555 1704 4626 longe
1749 4561 1873 4623 post
1898 4550 2012 4606 Ma-

440 4651 632 4707 ximini
670 4649 1125 4721 persecutionem,
1161 4649 1357 4719 quippe
1400 4649 1556 4720 cujus
1582 4654 1727 4701 tomo
1754 4659 1868 4700 χχιι
1897 4659 2014 4699 me-

437 4745 691 4810 minerat,
741 4751 878 4797 teste
933 4741 1167 4796 Eusebio
1203 4739 1346 4795 liist.
1401 4739 1497 4795 lib.
1525 4755 1599 4803 vt,
1640 4753 1762 4809 cap.
1802 4737 1894 4801 28,
1957 4745 2014 4791 et

438 4837 620 4892 forsan
669 4835 724 4889 in
767 4834 1008 4890 secundo
1057 4833 1250 4890 itinere
1298 4831 1641 4896 Atheniensi,
1685 4832 1761 4887 uti
1787 4829 2012 4899 conjicit

438 4927 682 4994 Huetius,
714 4927 1043 4997 posteriores
1070 4924 1201 4978 tomi
1233 4924 1470 4994 expliciti
1508 4933 1650 4980 sunt.

507 5019 600 5078 IV.
633 5019 995 5090 Hieronymus
1017 5016 1243 5088 prologo
1269 5017 1362 5086 qui
1391 5015 1646 5086 ιιι-πῆχυς
1684 5025 1770 5070 est
1800 5013 2012 5070 Latina:

435 5109 868 5180 interpretationi
929 5107 1289 5164 Homiliarum
1344 5107 1596 5178 Origenis
1649 5107 1703 5160 in
1761 5106 2008 5171 Lucam,

435 5219 630 5258 novem
667 5212 721 5258 et
776 5202 996 5272 triginta
1059 5208 1236 5254 tomos
1288 5200 1356 5253 ab
1408 5199 1598 5253 eodem
1671 5196 1906 5270 Origene
1953 5198 2010 5252 in

435 5295 702 5352 Joannem
733 5296 964 5363 scriptos
1005 5301 1418 5346 commemorat.
1470 5289 1742 5360 Siquidem
1764 5332 1780 5358 ,
1812 5291 2008 5360 inquit.

433 5389 574 5460 quod
592 5387 714 5442 olim
734 5385 912 5440 Roma’
929 5395 1112 5439 sancta
1131 5383 1364 5438 Bltesilla
1388 5385 1739 5454 flagitaverat,
1765 5395 1820 5437 ut
1844 5399 1912 5438 xx
1924 5400 2007 5439 xv't

438 5479 580 5551 (lege
598 5475 727 5548 xxv)
755 5485 922 5528 tomos
941 5473 1086 5528 illius
1108 5476 1161 5528 in
1185 5472 1515 5538 Matthteum,
1547 5485 1594 5529 et
1620 5477 1848 5546 quinque
1873 5477 2007 5531 alios

435 5574 493 5625 in
519 5569 735 5634 Lucam,
756 5580 800 5620 et
825 5581 994 5620 xxxix
1019 5569 1072 5619 in
1096 5566 1358 5621 Joannem
1381 5579 1575 5622 nostra:
1593 5569 1790 5637 lingua:
1823 5574 2007 5623 trade-

437 5675 567 5714 rem.
591 5659 1013 5712 Atnunuensium
1037 5673 1278 5712 errorem
1305 5657 1391 5712 hic
1417 5660 1729 5727 suspicatur
1752 5659 2004 5714 doctissi-

440 5767 558 5804 mus
577 5749 814 5813 lluetius,
833 5760 883 5802 et
905 5765 1000 5820 pro
1023 5765 1180 5804 χχχιχ
1209 5751 1488 5822 legendum
1519 5760 1669 5820 putat
1692 5766 1865 5806 χχχιι.
1891 5751 2002 5806 Non

2119 4555 2426 4611 tricesimus
2480 4554 2753 4610 secundus
2807 4561 2986 4609 tomus
3011 4554 3224 4610 desinat
3259 4555 3325 4608 ad
3371 4564 3532 4625 caput
3565 4568 3686 4619 χιιι,

2114 4649 2170 4718 ᾖ.
2206 4647 2278 4704 53
2318 4646 2592 4718 Evangelii
2639 4645 2900 4714 Joannis,
2942 4656 3000 4702 ut
3042 4647 3154 4718 jam
3205 4648 3461 4711 diximus,
3495 4655 3689 4716 agatur

2115 4754 2246 4794 vero
2275 4740 2342 4795 de
2385 4738 2692 4796 latronibus
2746 4741 2800 4795 itt
2836 4742 3012 4813 capite
3060 4755 3175 4804 χιχ,
3207 4743 3260 4810 Ῡ.
3321 4741 3386 4796 18
3444 4739 3684 4808 ejusdem

2115 4831 2412 4902 Evangelii,
2469 4831 2652 4902 plures
2690 4849 2854 4904 quam
2909 4848 3060 4888 xxxtt
3089 4843 3263 4888 tomos
3317 4833 3368 4887 in
3417 4832 3681 4888 Joannem

2112 4924 2424 4982 elaboratus
2451 4924 2616 4982 fuisse
2639 4927 2934 4982 verisimile
2958 4939 3063 4991 est,
3100 4942 3166 4982 ac
3197 4926 3424 4995 proimle
3452 4927 3682 4997 genuina

2114 5015 2330 5072 videtur
2381 5015 2692 5088 Hieronymi
2749 5017 2940 5082 lectio,
3018 5033 3139 5088 quae
3189 5031 3354 5071 χχχιχ
3406 5027 3582 5074 tomos
3630 5019 3684 5073 in

2111 5109 2376 5166 Joannem
2403 5120 2808 5166 commemorat.

2185 5201 2252 5256 Υ.
2283 5200 2362 5255 Εχ
2392 5210 2470 5254 tot
2497 5201 2750 5271 Origenis
2800 5202 2854 5255 in
2881 5198 3145 5256 Joannem
3193 5200 3683 5266 lucubrationibus,

2111 5307 2226 5348 χχιι
2258 5294 2524 5347 duntaxat
2561 5303 2736 5348 tomos
2785 5294 2851 5346 ad
2901 5308 3052 5346 suam
3104 5301 3322 5346 aetatem
3367 5292 3683 5361 pervenisse

2113 5386 2303 5442 scribit
2355 5383 2623 5441 Eusebius
2658 5386 2798 5440 Hist.
2857 5386 2952 5441 lib.
3013 5401 3088 5452 rt,
3124 5401 3248 5456 cap.
3281 5384 3374 5438 24.
3417 5385 3527 5438 Sed
3557 5401 3680 5440 cum

2107 5491 2277 5533 χχχιχ
2307 5477 2666 5550 Hieronymus
2699 5488 2905 5547 postea,
2958 5487 3013 5531 et
3062 5477 3288 5532 Ruﬁnus
3330 5477 3513 5532 forsan
3545 5476 3683 5530 dun-

2113 5580 2262 5624 taxat
2290 5585 2441 5625 χχχιι
2500 5585 2610 5640 prae
2662 5570 2910 5624 manibus
2955 5569 3264 5630 habuerint,
3315 5579 3370 5622 et
3408 5566 3684 5637 supersint

2110 5661 2377 5730 hodieque
2404 5664 2531 5716 tomi
2563 5677 2730 5716 xxvnt
2763 5671 2816 5716 et
2841 5675 3013 5726 xxxn,
3040 5659 3434 5727 conjiciendum
3457 5668 3542 5712 est
3570 5674 3676 5711 non

2109 5753 2288 5822 plures
2321 5769 2482 5824 quam
2511 5767 2622 5809 χχιι
2653 5753 2852 5809 vidisse
2909 5752 3221 5823 Eusebium,
3289 5751 3472 5822 plures
3501 5762 3682 5805 tamen
