4174 6448
388 437 455 492 17
1270 424 1591 480 ΜΟΝιΤυΜ
1631 425 1722 479 AD
1757 423 1995 488 CDMME

2104 462 2118 477 .
2156 419 2479 476 ORICENIS
2514 417 2580 471 IN
2619 412 2806 471 JOAN.
3591 413 3656 466 18

384 563 484 604 sua
540 553 702 600 atate
730 542 1038 598 exstitisse.
1080 540 1188 594 llos
1234 550 1535 609 temporum
1587 540 1786 611 injuria
1820 549 1968 610 post-
2002 544 2046 603 Α
2077 550 2167 592 aut
2194 538 2368 593 locum
2397 537 2692 607 signassent
2723 542 3045 602 suspectum.
3088 529 3277 599 Aliqua
3314 537 3494 584 tamen
3536 543 3661 597 per--

390 637 608 692 modum
644 634 971 704 absumpsit,
996 632 1238 700 exceptis
1277 633 1438 686 tomis
1479 649 1516 695 I,
1556 649 1619 696 tt,
1644 648 1720 696 γι,
1755 648 1813 698 x,
1850 648 1971 698 xm,

389 744 507 792 ιιι,
548 743 639 784 xx.
674 742 843 780 xxvnt
872 735 926 780 et
972 740 1154 789 xxxii,
1210 740 1442 794 Quorum
1502 728 1720 794 gemina
1771 729 1975 797 prodiit

394 820 799 888 interpretatio.
838 818 913 872 Ex
946 818 1134 874 codice
1168 817 1374 873 Veneto
1409 819 1469 875 S.
1502 819 1696 885 Marci,
1731 821 1824 890 qui
1857 821 1976 875 nul-

393 905 487 958 lihi
522 906 685 959 hodie
708 914 1010 975 comparet,
1066 906 1300 974 priorem
1353 909 1703 964 concinnavit
1742 911 1980 967 Ambro-

391 1000 508 1051 sius
542 997 853 1064 Ferrarius,
880 997 1323 1066 Mediolanensis,
1357 1003 1662 1056 monachus
1693 1002 1973 1069 Cassinas,

391 1099 450 1145 et
481 1089 652 1143 edidit
686 1105 832 1143 anno
866 1090 999 1145 l55l
1028 1109 1043 1157 ;
1073 1093 1436 1161 posteriorem
1466 1109 1536 1148 ex
1583 1095 1775 1150 codice
1808 1094 1977 1166 Regio

388 1181 707 1237 Joachimus
743 1183 1047 1250 Pet-ionius,
1105 1184 1491 1241 Benedictinus
1547 1187 1735 1242 itidem
1778 1203 1975 1243 mona-

392 1276 548 1338 chus,
587 1275 824 1330 triennio
856 1285 976 1345 post
998 1277 1081 1331 vel
1114 1277 1359 1333 circiter.
1385 1278 1556 1345 Quem
1609 1288 1738 1348 puto
1787 1296 1894 1336 non
1923 1281 1977 1337 in

394 1383 457 1422 se
492 1369 790 1436 recepisset
820 1367 1084 1435 laborem,
1113 1368 1157 1422 si
1188 1383 1293 1423 non
1340 1378 1529 1424 .actum
1584 1372 1742 1426 modo
1765 1386 1824 1428 se
1857 1386 1980 1440 age-

397 1476 477 1525 re,
513 1461 609 1514 sed
641 1461 779 1514 bene
809 1468 987 1513 actum
1024 1460 1262 1530 peSsime
1307 1475 1366 1516 se
1400 1476 1563 1531 agere
1591 1462 1975 1519 intellexisset.

396 1552 468 1605 At
517 1551 755 1606 nondum
787 1560 1113 1620 pervenerat
1153 1553 1219 1607 ad
1266 1566 1388 1607 eum
1439 1552 1766 1609 Ferrariana
1813 1556 1980 1611 inter-

397 1637 665 1706 pretatio;
698 1647 1099 1709 proptereaque
1127 1639 1178 1692 in
1205 1639 1614 1708 explanationis
1640 1655 1753 1695 suae
1784 1641 1981 1709 pra-la-

397 1733 545 1785 tione
570 1731 806 1800 primum
844 1746 903 1785 se
930 1730 1130 1785 laboris
1164 1730 1325 1802 hujus
1375 1731 1732 1800 iucmptorem
1762 1734 1982 1802 proﬁte-

401 1836 512 1876 tur.
541 1821 819 1877 Persuasit
843 1823 893 1876 itl
930 1823 1087 1878 Sixto
1126 1822 1380 1887 Senensi,
1415 1825 1507 1895 qui
1570 1825 1800 1894 idipsutn
1835 1835 1983 1879 retu—

2080 645 2249 685 versa:
2295 629 2557 683 doctrina:
2614 624 2735 680 labe
2787 638 3034 692 respersa
3062 622 3311 678 consulto
3356 621 3660 677 detraxisse

2079 721 2311 783 videtur,
2365 733 2467 773 nec
2498 717 2758 787 pauciora
2820 729 3110 785 superesse
3158 729 3351 783 passus
3400 723 3506 781 est,
3538 727 3662 783 quae

2077 815 2146 868 ab
2195 812 2455 868 Ecclesia:
2500 810 2740 867 decretis
2772 825 2876 864 non
2921 809 3118 881 exiguo
3148 809 3466 863 recederent
3491 807 3659 863 inter-

2076 905 2236 960 vallo.
2268 905 2394 959 Haec
2418 919 2551 962 vero
2572 904 2756 959 omnia
2786 903 2902 959 suis
2924 913 3111 957 notata
3145 911 3272 956 sunt
3296 900 3451 958 locis.

2149 996 2261 1055 Vll.
2293 999 2370 1053 Ex
2416 996 2630 1070 gemina
2683 995 2919 1052 Ferrarii
2950 1003 3006 1050 et
3039 983 3282 1049 Perionii
3332 994 3658 1061 interpreta-

2082 1091 2225 1145 tione
2250 1099 2305 1146 et
2356 1091 2517 1146 unico
2546 1088 2738 1145 codice
2788 1086 2961 1158 Regio
2989 1087 3286 1141 editionem
3340 1101 3493 1141 suam
3525 1099 3659 1140 con-

2079 1183 2230 1238 ﬂavit
2258 1181 2506 1245 Huetius,
2538 1180 2631 1252 qui
2660 1180 2784 1237 lano
2816 1193 2947 1235 sane
2984 1180 3168 1234 animo
3202 1178 3323 1233 aliis
3356 1193 3484 1234 usus
3513 1186 3661 1234 esset

2080 1277 2365 1334 codicibus
2402 1274 2560 1346 jussu
2594 1274 2729 1331 cleri
2776 1272 3043 1329 Gallicani
3077 1271 3367 1340 descriptis
3414 1279 3543 1325 ante
3570 1284 3662 1324 an-

2082 1384 2180 1424 nos
2213 1368 2421 1437 aliquot
2452 1383 2520 1424 ex
2553 1365 2722 1422 Italia:
2755 1364 3128 1429 Bibliothecis,
3156 1365 3204 1419 si
3232 1363 3476 1420 Joannes
3506 1362 3662 1417 Tari-

2081 1477 2204 1526 nus,
2237 1459 2563 1517 Parisiensis
2590 1457 2895 1529 professor,
2927 1457 3080 1527 cujus
3113 1456 3241 1512 ﬁdei
3272 1457 3551 1513 commissi
3584 1456 3663 1511 illi

2082 1562 2239 1609 erant
2294 1561 2354 1607 ut
2380 1553 2568 1607 eadem
2599 1550 3007 1608 Commentaria
3042 1551 3097 1604 in
3143 1548 3406 1605 Joannem
3431 1588 3447 1615 ,
3502 1532 3664 1604 Com—

2084 1646 2382 1701 mentarios
2412 1646 2465 1699 in
2497 1643 2813 1701 Matthaeum
2861 1653 2918 1700 et
2964 1643 3321 1699 Philocaliam
3369 1644 3424 1698 iu
3482 1642 3662 1700 lucem

2084 1739 2381 1805 emitteret,
2437 1753 2559 1792 cum
2614 1739 2732 1807 ipso
2770 1737 3183 1793 communicare
3229 1737 3534 1794 voluisset:
3565 1750 3662 1790 ve-

2089 1848 2206 1887 rum
2233 1831 2417 1887 lumen
2449 1832 2517 1886 de
2548 1846 2648 1887 suo
2676 1831 2884 1886 lumine
2912 1831 3214 1886 accendere
3240 1829 3330 1885 ille
3360 1829 3565 1895 noluit,
3594 1843 3666 1885 ne

400 1916 490 1981 lit;
518 1912 702 1970 Siilus
731 1916 894 1969 etiam
938 1916 1056 1970 viro
1088 1916 1308 1971 erudito
1331 1917 1422 1986 qui
1461 1916 1601 1971 falso
1630 1917 1772 1971 idem
1821 1917 1984 1970 itera-
2015 1891 2056 1946 Β
2088 1927 2265 1981 minus
2296 1926 2394 1995 ipsi
2424 1941 2583 1981 suum
2610 1924 2819 1981 luceret
2857 1940 2980 1980 cum
3015 1923 3251 1980 alienum
3302 1923 3663 1979 accendisset.

399 2011 504 2062 vit.
548 2007 659 2063 llos
692 2016 875 2062 autem
899 2010 1141 2074 codices,
1193 2008 1459 2064 Venetam
1512 2018 1567 2064 et
1620 2009 1873 2078 Regium,
1917 2025 1980 2063 ex

398 2115 512 2154 uno
565 2100 871 2169 eodemque
922 2100 1139 2157 venisse
1188 2101 1487 2171 exemplari
1544 2101 1862 2172 intelligitur
1916 2116 1984 2157 ex

400 2190 655 2247 conﬂictu
710 2193 1054 2249 Ferrariante
1091 2194 1564 2265 interpretationis
1615 2212 1738 2250 cum
1799 2194 1984 2250 Perio-

402 2285 566 2339 niana
617 2294 671 2339 et
705 2285 895 2340 Graeca
945 2284 1126 2341 Iluetii
1172 2288 1413 2342 editione
1464 2288 1531 2342 ad
1564 2287 1847 2357 exemplar
1888 2288 1987 2342 Re-

403 2378 552 2443 gium
602 2377 896 2447 expressis,
951 2377 1088 2433 adeo
1116 2387 1375 2432 accurate
1407 2378 1613 2433 lacuna:
1646 2379 1858 2433 lacunis
1904 2393 1989 2433 re-

406 2472 694 2539 spondent,
720 2472 846 2527 licet
872 2473 924 2525 itt
966 2473 1240 2542 aliquibus
1273 2473 1575 2528 auctiorem
1614 2484 1669 2527 et
1698 2474 1989 2542 perfectio-

407 2580 522 2618 rem
582 2563 751 2619 fuisse
802 2563 1043 2620 Ferrarii
1102 2565 1347 2619 codicem
1407 2563 1685 2619 fatendum
1740 2564 1831 2619 sit.
1874 2563 1989 2620 lloc

406 2655 676 2725 praecipue
727 2655 1075 2723 discrepabat
1133 2663 1361 2726 uterque
1408 2654 1569 2721 liber,
1596 2656 1741 2725 quod
1790 2654 1990 2727 Regius

409 2762 595 2801 veram
644 2763 707 2802 ac.
734 2748 1027 2819 genuinam
1066 2762 1256 2802 novem
1289 2756 1559 2802 tomorum
1594 2757 1842 2804 servaret
1877 2748 1979 2804 dis-

411 2839 756 2904 tinctionem,
798 2855 921 2895 cum
973 2838 1209 2897 Venetus
1239 2841 1293 2895 in
1326 2840 1544 2916 triginta
1568 2843 1703 2897 duos
1735 2843 1896 2897 unius
1926 2856 1992 2896 ac

407 2931 684 2986 continua:
712 2932 874 2987 seriei
904 2942 1079 2988 tomos
1109 2942 1293 2989 sectus
1322 2943 1487 2999 esset,
1523 2951 1555 2988 a
1585 2932 1827 2988 Grazculo
1856 2950 1991 3006 quo-

409 3043 535 3078 nam
566 3027 750 3079 incerti
785 3027 1033 3092 nominis,
1066 3026 1142 3079 ait
1174 3026 1361 3082 Sixlus
1395 3027 1680 3093 Senensis,
1725 3047 1857 3083 novo
1887 3033 1991 3085 im—

412 3124 641 3187 pos-tura:
685 3131 899 3187 genere,
953 3125 1012 3169 ut
1064 3132 1192 3184 opus
1250 3133 1587 3172 numerorum
1653 3119 1991 3175 multitudine

411 3217 650 3272 auctum,
710 3216 759 3261 et
787 3207 1132 3260 arithmetica:
1180 3209 1567 3277 supputationis
1599 3211 1784 3265 ordine
1820 3213 1991 3266 conti-
2019 3231 2063 3289 α

414 3308 637 3354 nuatum
670 3301 952 3371 optabilius
990 3300 1250 3366 redderet,
1282 3317 1344 3354 ac
1371 3302 1564 3372 majori
1607 3304 1776 3371 pretio
1806 3304 1993 3358 vende-

416 3399 496 3443 ret
526 3405 546 3444 :
578 3392 718 3445 unde
746 3392 964 3445 delusus
1002 3391 1291 3448 Ferrarius
1336 3393 1583 3447 eamdem
1618 3396 1843 3450 retinuit
1870 3396 1992 3450 libri

415 3486 800 3555 partitionem,
854 3496 908 3539 et
955 3501 987 3540 e
1017 3486 1236 3554 triginta
1286 3500 1478 3541 novem
1535 3488 1701 3542 tomis
1746 3503 1886 3558 quos
1940 3489 1994 3544 in

413 3575 676 3632 Joannem
707 3577 995 3647 scripsisse
1022 3576 1309 3648 Origenetn
1347 3580 1598 3646 putabat,
1648 3588 1856 3649 septem
1906 3597 1996 3637 so-

418 3672 528 3724 lum
558 3682 862 3740 postremos
913 3671 1231 3734 desiderari,
1258 3682 1313 3726 et
1364 3672 1572 3743 exiguis
1619 3671 1828 3743 aliquot
1858 3674 1995 3730 dun-

420 3770 573 3816 taxat
605 3762 816 3817 lacunis
852 3761 1144 3831 abruptam
1178 3777 1300 3817 esse
1327 3764 1507 3832 operis
1536 3763 1732 3818 seriem
1762 3766 1994 3821 censuit.

419 3857 740 3922 Quanquam
804 3854 1050 3910 fraudem
1088 3855 1324 3910 subinde
1355 3856 1617 3911 odoratus
1662 3866 1747 3911 est
1772 3857 1855 3911 vir
1907 3857 1998 3915 ille

418 3946 688 4013 eruditus,
729 3960 854 3999 nam
883 3944 938 4000 in
989 3946 1174 4013 priore
1207 3946 1682 4015 interpretationis
1726 3962 1840 4002 suae
1880 3949 1998 4003 edi-

424 4038 590 4100 tione,
626 4038 781 4092 initio
813 4039 944 4093 tomi
990 4054 1107 4103 xtx,
1160 4039 1227 4093 ad
1258 4053 1434 4105 oram,
1475 4039 1741 4108 suspicari
1778 4055 1836 4095 se
1864 4041 2003 4095 scri-

422 4130 503 4184 bit
534 4134 696 4185 hosce
749 4141 943 4194 tomos,
978 4147 1045 4186 ne
1091 4146 1350 4186 numerus
1399 4133 1866 4201 interpellaretur,
1929 4135 2001 4189 ita

421 4223 590 4279 fuisse
621 4224 907 4281 dissectos.

504 4358 586 4412 Vl.
639 4360 711 4413 At
764 4361 1166 4417 illustrissimus
1214 4363 1467 4427 Huetius,
1527 4365 1618 4434 qui
1670 4364 1874 4433 primus
1907 4379 2001 4419 eos

424 4448 615 4507 Grteee
644 4453 811 4507 edidit
844 4452 1189 4525 Rothomagi,
1237 4471 1383 4511 anno
1407 4456 1564 4520 1668,
1618 4471 1773 4509 suum
1803 4457 1999 4524 cuique

426 4558 714 4598 numerum
770 4543 823 4598 in
850 4543 1040 4600 Graeco
1084 4547 1345 4613 resdtuit,
1382 4557 1597 4602 servata
1644 4546 1881 4603 Ferrarii
1921 4549 2002 4600 in-
2037 4569 2081 4625 ι)

427 4637 840 4703 terpretatioue,
868 4648 919 4692 ut
950 4646 1069 4692 erat
1099 4639 1270 4707 prius,
1322 4641 1372 4694 in
1424 4656 1573 4695 xxxu
1619 4649 1794 4696 tomos
1823 4641 2006 4695 distri-

430 4728 584 4792 buta,
613 4736 799 4797 utpote
827 4742 965 4796 quae,
992 4728 1120 4783 licet
1150 4737 1207 4783 et
1237 4729 1287 4782 in
1313 4730 1568 4784 oratione
1610 4730 1857 4794 horrida,
1907 4746 2004 4785 ne-

428 4833 537 4886 que
565 4820 700 4873 satis
733 4835 887 4889 pura,
947 4818 1270 4875 Perioniana
1325 4832 1502 4875 tamen
1548 4821 1771 4876 nitidior
1803 4830 1859 4876 et
1890 4835 2006 4875 me—

430 4910 553 4975 lior,
581 4910 789 4965 Graecis
819 4912 1074 4980 proprius
1103 4911 1336 4977 insistat,
1365 4927 1630 4981 suamque
1662 4912 1820 4966 tidem
1868 4913 2003 4968 satis

430 5012 668 5071 ιιι-ωειρι.
699 5005 823 5058 Suis
850 5017 1025 5058 tamen
1059 5002 1274 5059 laborat
1310 5020 1529 5075 quoque
1567 5005 1738 5070 vitiis,
1767 5015 1822 5060 et
1857 5006 1912 5060 in
1940 5020 2006 5061 eo

427 5092 669 5151 Fcrrarii
704 5094 785 5148 vel
819 5094 1042 5156 candor,
1084 5093 1165 5148 vel
1215 5093 1572 5162 intelligentia
1623 5106 1801 5147 rerum
1852 5092 2007 5147 valde

429 5184 681 5238 videntur
733 5183 1077 5252 requirenda,
1106 5185 1249 5253 quod
1288 5183 1516 5238 solemni
1554 5183 1921 5239 obtestatione
1952 5183 2004 5235 in

434 5279 541 5331 line
564 5277 745 5345 operis
776 5277 856 5331 sui
897 5276 1304 5332 denuntiaverit
1333 5290 1393 5332 se
1424 5277 1481 5330 in
1518 5277 1614 5329 hoc
1654 5277 1788 5328 libro
1813 5276 2009 5329 verten-

433 5371 502 5420 do
526 5384 733 5422 summa
765 5384 916 5422 usum
959 5368 1065 5435 ﬁde
1091 5385 1154 5423 ac
1186 5369 1484 5438 diligentia,
1518 5378 1574 5420 ut
1622 5366 1755 5421 nihil
1789 5381 2008 5433 prorsus

434 5467 501 5517 sit
530 5465 862 5517 immutatum
889 5463 953 5517 ab
978 5480 1038 5517 eo
1067 5464 1205 5532 quod
1227 5463 1404 5515 scribit
1443 5472 1653 5515 auctor.
1683 5461 1888 5516 Deinde
1914 5462 2013 5515 ad-

436 5559 516 5609 dit
550 5575 563 5610 :
594 5554 739 5611 Scito
775 5568 1028 5624 praeterea
1068 5572 1148 5609 me
1189 5555 1322 5609 nihil
1352 5554 1610 5608 invenisse
1640 5553 1695 5606 in
1740 5553 1838 5605 hoc
1878 5551 2013 5604 libro

437 5649 578 5718 quod
604 5649 844 5702 uideatur
865 5648 1084 5701 decretis
1108 5654 1305 5701 sancta:
1336 5646 1523 5699 matris
1560 5643 1808 5699 Ecclesia:
1832 5646 2017 5699 aduer—

440 5740 585 5803 sari;
619 5753 739 5791 nam
766 5737 810 5790 si
835 5736 1165 5802 invenissem,
1202 5745 1293 5789 ant
1346 5734 1542 5789 librum
1584 5750 1687 5788 non
1726 5735 2014 5799 vertissent,

522 5910 564 5942 "
593 5908 785 5965 Matth.
824 5923 936 5979 xxi,
972 5906 1026 5965 9.
1103 5908 1144 5939 ¹³
1178 5903 1333 5963 Joan.
1365 5921 1463 5973 xu,
1494 5906 1579 5961 12.

1028 6085 1059 6111 \

2085 2019 2201 2084 Qua
2239 2019 2304 2072 de
2337 2033 2395 2072 re
2427 2018 2669 2089 graviter
2701 2016 2994 2071 admodum
3040 2029 3145 2071 nec
3190 2014 3395 2084 injuste
3426 2028 3667 2083 conque-

2092 2111 2227 2164 ritur
2277 2108 2614 2164 elarissimus
2666 2106 2890 2163 Praesul.
2954 2105 3064 2161 Nos
3124 2120 3285 2183 vero,
3342 2104 3663 2171 feliciores,

2087 2205 2298 2262 duobus
2326 2203 2406 2259 usi
2435 2186 2622 2257 sumus
2651 2200 2953 2267 codicibus,
3000 2199 3297 2256 Bodleiano
3322 2198 3579 2253 nimirum
3609 2208 3667 2254 et.

2086 2295 2403 2359 Barberiuo,
2432 2296 2499 2349 ad
2520 2308 2749 2363 quorum
2783 2291 2941 2349 ﬁdem
2972 2290 3159 2349 Graeca
3187 2292 3550 2358 restituimus,
3582 2292 3668 2346 la-

2089 2401 2259 2443 cunas
2302 2385 2685 2455 explevimus,
2748 2382 3101 2454 Ferrariique
3157 2383 3668 2453 interpretationem

2087 2479 2518 2545 emendavimus,
2561 2486 2766 2533 mutata
2795 2478 3031 2546 primum
3062 2475 3198 2546 ejus,
3251 2492 3413 2547 quam
3441 2475 3669 2532 Huetius

2091 2573 2144 2626 in
2179 2571 2374 2626 Latino
2405 2580 2751 2637 servaverat,
2784 2581 3053 2626 tomorum
3089 2570 3385 2626 divisione.

2161 2684 2294 2740 Vlll.
2329 2684 2533 2740 Praeter
2565 2700 2757 2739 novem
2785 2686 2956 2740 hosce
2988 2694 3182 2747 tomos,
3233 2682 3547 2738 Philocaliw
3579 2697 3672 2738 ca-

2092 2779 2202 2849 pita
2228 2778 2263 2833 4
2284 2791 2340 2833 et
2367 2778 2402 2833 5
2429 2778 2536 2833 duo
2567 2778 2826 2832 exhibent
2848 2775 3154 2847 fragmenta
3180 2793 3209 2831 e
3251 2787 3398 2834 tomo
3432 2792 3508 2843 tv,
3539 2777 3673 2843 tria-

2093 2883 2201 2938 que
2259 2869 2364 2923 alia
2412 2882 2478 2923 ex
2512 2868 2834 2937 praefatione
2863 2867 3061 2937 quinti,
3096 2868 3238 2924 inter
3284 2882 3404 2937 quae
3431 2867 3669 2923 medium

2095 2970 2243 3017 tenet
2270 2960 2535 3031 particula
2575 2975 2609 3016 e
2657 2960 2755 3016 lib.
2807 2975 2861 3015 vt
2890 2958 3205 3015 Eusebiana:
3237 2959 3517 3026 Historite,
3546 2976 3668 3030 cap.

2093 3053 2188 3118 (ΞΒ,
2237 3054 2504 3108 traducta.
2547 3052 2663 3107 Duo
2715 3065 2932 3122 quoque
2974 3051 3164 3107 Latina
3198 3051 3504 3123 t'ragmenta
3545 3067 3675 3122 sup-

2097 3145 2303 3217 peditat
2329 3144 2588 3215 Apologia
2617 3142 2883 3214 Pamphili
2930 3146 3208 3215 martyris.
3261 3145 3503 3200 Primum
3537 3156 3623 3201 est
3644 3160 3676 3199 e

2098 3248 2243 3294 tomo
2276 3254 2326 3304 v,
2362 3239 2460 3294 sed
2493 3238 2752 3304 alterum,
2782 3239 2926 3308 quod
2957 3254 2987 3294 e
3020 3239 3259 3294 secundo
3296 3239 3673 3307 depromptum

2096 3332 2291 3395 fertur,
2348 3333 2400 3386 in
2456 3348 2522 3387 eo
2571 3332 2762 3387 nullibi
2792 3334 3053 3402 reperies.
3086 3333 3195 3388 Nec
3232 3343 3408 3386 tamen
3439 3333 3560 3386 ideo
3594 3343 3674 3386 to-

2100 3440 2247 3479 mum
2277 3424 2421 3479 hunc
2475 3438 2597 3479 esse
2631 3424 3012 3479 detruncatum
3072 3424 3506 3479 concludendum
3539 3440 3673 3479 cen-

2100 3530 2303 3583 semus,
2334 3525 2521 3586 utpote
2551 3515 2641 3585 qui
2675 3531 2741 3569 ex
2785 3516 2934 3569 omni
2982 3524 3135 3583 parte
3178 3517 3407 3586 integer,
3465 3530 3565 3572 nec
3596 3515 3675 3570 la-

2101 3609 2260 3664 cunis
2295 3607 2418 3664 ullis
2467 3606 2754 3662 dehiscere
2784 3606 3053 3660 videatur.
3119 3606 3273 3661 Unde
3327 3607 3677 3662 verisimilius

2103 3700 2446 3768 suspicamur
2496 3699 2802 3769 fragmenta
2853 3698 3037 3753 haece
3071 3698 3178 3752 duo
3209 3713 3278 3752 ex
3312 3715 3419 3752 uno
3453 3698 3677 3755 eodem—

2102 3805 2209 3860 que
2264 3799 2410 3845 tomo
2462 3791 2651 3860 quinto
2680 3804 2805 3846 esse
2831 3789 3106 3858 decerpta.
3154 3790 3320 3858 Cujus
3348 3790 3680 3859 conjectura:

2104 3881 2373 3937 rationem
2410 3875 2745 3938 reddidimus
2777 3882 2869 3936 ttbi
2895 3883 3179 3937 convenit.

2177 3973 2267 4030 IX.
2304 3974 2423 4029 Jam
2479 3985 2539 4030 ut
2566 3975 2769 4045 aliquid
2800 3976 2867 4030 de
2899 3976 3062 4029 tomis
3091 3974 3389 4045 deperditis
3410 3975 3679 4040 dicamus,

2104 4076 2466 4138 prmterquam
2519 4069 2664 4137 quod
2694 4069 2888 4123 scribit
2943 4069 3212 4125 Eusebius
3266 4067 3410 4124 Hist.
3463 4068 3563 4124 lib.
3597 4083 3677 4131 vs,

2107 4176 2228 4229 cap.
2289 4160 2380 4223 28.
2447 4160 2515 4215 de
2564 4160 2844 4215 Maximini
2901 4161 3308 4230 persecutione,
3358 4175 3478 4230 qua:
3537 4175 3681 4213 anno

2106 4249 2309 4305 Christi
2362 4248 2468 4304 255
2518 4251 2699 4305 furere
2742 4250 2927 4320 cmpit,
2977 4251 3314 4307 mentionem
3360 4249 3479 4305 ﬁeri
3534 4258 3680 4304 tomo

2110 4361 2244 4407 xxtt,
2275 4343 2538 4414 Origenes
2597 4344 2715 4413 ipse
2769 4352 2913 4399 tomo
2958 4359 3047 4397 xvt
3082 4345 3134 4396 iu
3188 4342 3518 4409 Matthmum,
3554 4355 3679 4412 pag.

2111 4438 2234 4504 748,
2270 4439 2322 4493 in
2349 4440 2464 4492 hinc
2489 4436 2723 4491 Matthaei
2748 4436 2791 4467 ”
2817 4437 2979 4491 verba
3016 4452 3032 4490 :
3073 4435 3329 4489 Hosanna
3376 4432 3522 4488 Filio
3569 4433 3681 4489 Da-

2110 4531 2213 4597 vid,
2248 4538 2377 4597 etc.,
2406 4530 2592 4585 eadem
2629 4544 2658 4582 a
2689 4528 2869 4597 seipso
2893 4527 3308 4582 Connnentariis
3341 4528 3394 4580 in
3416 4524 3682 4582 Joannem

2112 4635 2347 4690 expensa
2378 4618 2548 4675 fuisse
2575 4619 2672 4682 ait,
2704 4618 2922 4689 quando
2950 4617 3205 4673 videlicet
3239 4618 3367 4672 illud
3400 4632 3681 4688 exponen-

2113 4712 2238 4765 dum
2287 4709 2391 4764 sibi
2456 4708 2791 4779 propositum
2850 4707 2999 4761 fuit:
3045 4706 3112 4762 In
3168 4711 3460 4762 crastinum
3506 4715 3686 4762 autem

2114 4799 2268 4853 turba
2313 4797 2483 4852 multa
2532 4814 2649 4867 qua:
2696 4807 2907 4851 venerat
2954 4798 3023 4849 ad
3069 4799 3209 4851 diem
3255 4798 3440 4864 festum
3474 4797 3541 4873 “,7
3571 4808 3684 4854 etc.

2113 4894 2243 4959 Quae
2277 4892 2494 4960 quidem
2538 4901 2686 4947 tonio
2718 4907 2844 4944 xxix
2888 4897 3115 4944 tractata
3168 4890 3337 4946 fuisse
3392 4890 3689 4946 verisimile

2112 4999 2213 5043 est.
2249 4986 2454 5042 Deinde
2499 4987 2550 5039 in
2582 4984 2892 5039 Matthaautn
2925 4984 3109 5038 itidem
3158 4992 3316 5038 tract.
3361 4998 3527 5053 xxxv,
3562 4999 3686 5054 pag.

2115 5080 2239 5146 895,
2294 5088 2524 5136 testatur
2577 5092 2637 5132 se
2690 5076 3001 5145 diligentius
3050 5076 3102 5129 in
3164 5075 3584 5132 Commentariis
3631 5076 3688 5130 in

2114 5173 2376 5229 Joannem
2424 5172 2768 5226 examinasse
2799 5185 2865 5223 an
2894 5168 2964 5223 ab
3013 5184 3118 5223 una
3177 5168 3290 5224 sola
3326 5168 3411 5223 vel
3446 5168 3692 5239 pluribus

2119 5265 2435 5321 mulieribus
2467 5263 2670 5319 Christi
2729 5263 2893 5332 pedes
2944 5263 3093 5315 uncti
3141 5260 3375 5316 fuissent
3425 5262 3477 5314 in
3509 5274 3690 5316 cinna.

2113 5360 2267 5426 Quod
2293 5372 2426 5413 sane
2450 5358 2641 5411 eodem
2668 5365 2814 5409 tomo
2864 5369 2990 5408 xxtx
3031 5353 3309 5423 przeﬁxum
3341 5363 3480 5405 erat.
3526 5351 3692 5406 Deni-

2116 5471 2222 5523 que
2250 5453 2303 5506 in
2333 5450 2628 5521 Epistolam
2662 5450 2727 5502 ad
2755 5448 3035 5503 Romanos
3073 5460 3195 5513 cap.
3230 5459 3307 5508 vt,
3334 5444 3430 5497 lib.
3465 5459 3496 5498 v
3533 5465 3544 5498 :
3588 5442 3694 5498 Ve-

2119 5561 2236 5598 rum
2265 5545 2330 5598 de
2361 5544 2562 5597 ratione
2593 5543 2948 5611 baptismatis,
3002 5539 3194 5608 inquit,
3256 5553 3369 5589 cum
3408 5551 3694 5604 exponere-

2121 5653 2236 5690 mus
2292 5635 2638 5705 Evangelium
2681 5636 2965 5689 secundum
3013 5633 3296 5693 Joannem,
3361 5628 3447 5680 ubi
3490 5636 3697 5682 ventum

2121 5742 2194 5786 est
2227 5733 2296 5786 ad
2330 5746 2446 5785 cum
2479 5729 2648 5783 locum
2687 5730 2739 5781 in
2793 5743 2893 5796 quo
2923 5727 3048 5781 dicit
3101 5723 3163 5777 de
3192 5721 3318 5775 Jesu
3348 5738 3366 5773 :
3407 5740 3424 5772 ‹
3465 5720 3584 5789 Ipse
3607 5736 3695 5773 vos
