4174 6408
485 441 558 502 £9
1351 441 1668 500 DIONITUM
1702 445 1793 500 AD
1822 445 2064 502 COMME

2170 486 2182 498 .
2215 441 2538 500 ORIGENIS
2570 445 2637 500 1N
2675 444 2868 502 JOAN.

3685 453 3762 505 εὖ)

488 553 776 624 baptisabit
829 556 884 609 in
932 556 1133 624 Spiritu
1189 566 1372 610 sancto
1405 556 1470 625 ¹⁸,
1510 567 1606 612 set
1658 558 1782 611 item
1829 556 1918 609 ubi
1963 559 2072 625 ipse
2099 571 2146 630 Α
2178 565 2284 607 tur.
2344 553 2511 620 Licet,
2559 555 2754 626 inquit,
2825 555 3046 609 multum
3091 558 3412 622 perscrutati
3475 558 3757 627 fuerimus,

489 649 741 704 Saluator
775 651 904 702 dicit
945 663 965 701 :
999 667 1018 700 s
1060 649 1179 703 Nisi
1208 651 1327 713 quis
1373 660 1586 704 renatus
1615 650 1778 720 fuerit
1803 652 1977 704 denuo
2006 665 2072 703 ex

487 758 628 810 aqua
684 751 733 794 et
767 740 1006 810 Spiritu,
1085 758 1188 795 non
1242 751 1408 809 potest
1468 741 1690 796 introire
1740 745 1796 796 in
1855 757 2070 813 regnum

493 834 588 890 Dei
619 834 667 866 ¹³
691 854 710 892 :
749 852 769 886 s
803 849 897 903 pro
924 835 1122 889 viribus
1167 836 1361 889 nostris
1387 852 1506 904 quae
1552 852 1828 890 occurrere
1879 845 2070 904 potue-

489 937 637 992 runt,
667 928 773 982 imo
798 945 918 998 qute
947 929 1159 983 donavit
1194 928 1354 986 Deus.
1383 929 1640 994 diximus,
1671 929 1764 982 ubi
1795 939 1844 982 et
1869 945 2072 982 sermo-

489 1021 572 1075 sris
599 1020 704 1075 vim
729 1037 832 1090 quo
857 1022 1054 1075 dicitur
1078 1035 1098 1072 :
1131 1039 1149 1072 ι
1190 1019 1312 1076 Nisi
1359 1023 1476 1092 quis
1532 1033 1747 1076 renatus
1787 1023 1946 1092 fuerit
1979 1025 2072 1076 de-

489 1129 620 1178 nuo,
654 1133 674 1166 ι
709 1112 870 1166 altius
899 1115 1107 1183 aperire
1148 1116 1488 1169 tentavimus.
1538 1113 1710 1170 Porro
1754 1123 1902 1168 tomo
1935 1129 1984 1168 νε
2017 1116 2069 1169 in

486 1201 749 1259 Joannem
783 1206 1004 1274 exponit
1049 1206 1269 1276 quidem
1321 1206 1436 1260 haec
1467 1206 1630 1260 verba
1657 1221 1672 1256 :
1707 1203 1832 1275 Ipse
1863 1221 1952 1260 uos
1977 1205 2072 1258 ba-

488 1298 710 1364 ptizabit
767 1299 822 1351 in
866 1297 1075 1365 Spiritu
1132 1308 1350 1362 sancto;
1398 1297 1703 1367 posteriora
1761 1312 1908 1359 vero,
1968 1297 2070 1350 nisi

487 1388 630 1457 quis,
664 1397 796 1451 etc.,
829 1389 1151 1458 exposuisse
1180 1391 1369 1444 debuit
1396 1391 1552 1445 initio
1587 1391 1715 1445 tomi
1762 1406 1834 1444 XI.
1870 1389 2068 1443 Eusta-

491 1479 637 1532 thius
699 1479 1075 1535 Antiochenus
1149 1478 1403 1550 Origenis
1462 1485 1639 1536 locum
1712 1481 1923 1551 profert
1999 1494 2067 1534 ex

489 1572 678 1625 iisdem
712 1572 874 1627 tomis
899 1573 1192 1641 deperditis
1226 1575 1280 1628 in
1310 1573 1596 1640 Joannem,
1623 1574 1712 1628 ubi
1756 1575 1824 1628 de
1855 1573 2069 1643 lapida-

489 1663 636 1716 tione
663 1661 792 1718 Jesu
826 1678 854 1716 a
885 1663 1086 1719 budaris
1144 1665 1283 1720 facta
1330 1668 1613 1735 agebatur.
1669 1667 1761 1720 Sic
1797 1666 1888 1719 ille
1930 1666 2069 1719 libro

486 1755 566 1808 De
600 1753 1037 1826 Engastrimytho
1069 1775 1087 1810 :
1116 1757 1227 1810 Οὐκ
1254 1756 1473 1810 ἔλαττον
1501 1756 1558 1810 δὲ
1593 1758 1685 1810 καὶ
1716 1757 1782 1810 τὺ
1804 1757 1903 1827 τῆς
1925 1756 2069 1809 λιθο-

487 1845 671 1910 ϐολίας
722 1847 904 1920 δρᾶμα
955 1848 1194 1921 θεωρῶν,
1247 1851 1434 1924 ἐπειδὴ
1482 1852 1573 1905 καὶ
1610 1849 1770 1904 τοῦτο
1812 1851 2067 1920 πειρᾶται

2174 649 2410 700 nondum
2436 648 2726 703 invenimus
2761 651 2815 703 in
2867 649 2951 702 Isis
2976 666 3094 719 qua:
3124 651 3320 717 scripta
3362 660 3503 716 sunt,
3531 649 3758 708 Judcos

2171 740 2462 806 arripuisse
2490 740 2692 808 lapides
2715 752 2770 795 ut
2799 744 2853 796 in
2877 743 3028 795 illum
3051 743 3348 812 injicerent.
3383 773 3452 783 --
3483 741 3548 798 Et
3572 751 3756 814 paucis

2172 833 2370 885 additis
2403 849 2420 885 :
2447 830 2589 885 Nam
2616 835 2663 887 si
2693 836 2886 888 iterum
2919 846 3338 902 assumpserunt,
3371 839 3518 905 prius
3551 855 3758 892 assum-

2171 936 2406 993 pserunt.
2441 926 2564 980 Vult
2589 939 2761 982 autem
2789 939 2902 980 tum
2927 928 2982 982 in
3011 929 3395 997 superioribus,
3445 941 3556 984 tum
3579 932 3633 984 in
3669 933 3758 985 in-

2174 1017 2476 1085 ferioribus,
2506 1019 2580 1072 nil
2609 1019 2714 1074 tale
2742 1021 3099 1088 prccessisse,
3135 1031 3194 1075 ut
3230 1023 3413 1090 probet
3445 1024 3619 1088 verba,
3664 1025 3755 1078 sed

2174 1127 2277 1165 non
2311 1113 2513 1178 lapides
2545 1114 2895 1176 assumpsisse
2928 1130 3202 1182 perperam
3262 1115 3314 1167 in
3345 1115 3518 1169 illum.
3573 1115 3636 1169 Et
3683 1127 3759 1170 ta-

2173 1220 2288 1256 men
2332 1204 2649 1273 evangelista
2675 1206 2824 1272 prius
2853 1207 2990 1259 dixit
3015 1221 3034 1258 :
3070 1225 3088 1257 s
3135 1203 3394 1260 Tulerunt
3421 1209 3585 1278 igitur
3613 1207 3752 1276 lapi-

2172 1300 2262 1347 des
2318 1303 2376 1348 ut
2425 1297 2668 1365 jacerent
2711 1299 2766 1350 in
2819 1298 2970 1351 illum
2999 1298 3062 1351 ".
3110 1317 3128 1350 ι
3166 1300 3298 1363 Qua:
3323 1301 3411 1352 ubi
3439 1301 3754 1366 scripsisset.

2171 1397 2375 1440 centum
2399 1389 2617 1456 triginta
2639 1392 2868 1460 quinque
2893 1390 3163 1444 versiculis
3187 1390 3502 1460 interjectis,
3532 1394 3752 1447 subdit:

2177 1495 2196 1528 s
2230 1477 2572 1533 Sustulerunt
2630 1481 2809 1550 itaque
2843 1480 3024 1535 Judazi
3072 1481 3298 1550 lapides,
3348 1493 3404 1535 ut
3451 1485 3752 1551 lapidaren:

2171 1571 2340 1637 ipsum
2373 1570 2436 1622 “'.
2478 1589 2497 1622 ι
2537 1569 2665 1624 lla-c
2701 1571 2912 1640 quidem
2950 1571 3150 1640 duplici
3183 1573 3298 1624 loco
3322 1572 3580 1641 descripta
3605 1582 3750 1636 sunt,

2170 1665 2488 1732 diversisque
2516 1664 2836 1730 temporibus
2863 1674 3006 1733 gesta
3031 1675 3306 1730 apparent,
3339 1665 3480 1727 quod
3509 1680 3613 1715 non
3650 1662 3749 1716 Ila-

2173 1759 2321 1810 beant
2370 1760 2579 1811 eosdem
2629 1756 2902 1809 uerborum
2964 1773 3126 1809 nexus
3177 1757 3256 1809 vel
3304 1757 3752 1824 conjunaiones:

2170 1853 2260 1904 sed
2292 1850 2543 1920 Origenes
2579 1850 2708 1918 ipse,
2765 1849 2858 1916 qui
2898 1865 2954 1902 se
2997 1849 3304 1917 Scripturas
3351 1866 3528 1902 omnes
3578 1860 3755 1903 tenere

484 1939 902 2016 τροπολογῆσαι,
925 1941 1020 1994 τοῦ
1069 1942 1426 2012 εὐαγγελικοῦ
1454 1943 1852 2013 καταψεύδεται
1879 1946 2064 2015 γράμ-

2168 1943 2454 2003 existimat,
2483 1947 2593 1996 ha'c
2624 1942 2853 1994 scribens
2884 1957 2986 1993 non
3015 1943 3250 2010 cognovi:
3283 1950 3449 1994 totum
3491 1942 3545 1993 id
3576 1940 3754 1994 Eran-

486 2045 656 2099 ματος
677 2045 693 2059 ·
719 2029 781 2082 οὗ
812 2031 953 2084 πάνυ
985 2047 1061 2100 τι,
1113 2031 1308 2102 λέγων,
1340 2033 1586 2106 εὕραμεν
1629 2033 1966 2106 ζητήσαντες
2007 2037 2066 2088 ἐν

481 2123 593 2184 τοῖς
617 2121 725 2192 πρὸ
751 2121 966 2188 τούτου,
986 2123 1070 2176 ὅτι
1095 2123 1402 2178 ἐϐάστασαν
1425 2125 1475 2178 οἱ
1507 2125 1749 2178 Ἰουδαῖοι
1778 2125 1958 2190 λίθους
1983 2127 2067 2182 ἵνα

481 2212 783 2269 ὶιθὼσωσιν
809 2217 992 2270 αὐτόν.
1020 2247 1092 2258 -—
1114 2214 1246 2272 Εἶτα
1291 2221 1407 2290 μετ’
1433 2221 1590 2289 ὀλίγα
1617 2221 1780 2292 φησίν
1799 2237 1813 2252 ο
1854 2222 1918 2275 El
1957 2223 2067 2292 γὰρ

481 2306 644 2361 πάλιν
671 2307 1002 2373 ἐϐάστασαν,
1027 2310 1301 2382 πρότερον
1324 2311 1653 2368 ἐϐάστασαν.
1694 2315 1841 2368 Ἀνω
1877 2315 1937 2368 δὲ
1971 2316 2068 2370 καὶ

481 2401 635 2454 κάτω
664 2400 914 2472 βούλεται
939 2406 1372 2471 κατασκευάσαι,
1422 2406 1496 2477 μὴ
1537 2407 1918 2479 προηγεῖσθαι,
1970 2409 2068 2462 καὶ

481 2493 648 2566 ἄλλην
703 2494 903 2565 ὁμοίως
959 2497 1188 2568 ἐκδοχὴν
1243 2498 1331 2551 ενα
1386 2500 1701 2552 συστάσειεν
1743 2501 1825 2553 ὅτι
1849 2502 2063 2569 λόγους,

481 2585 600 2639 ἀλλ’
629 2585 750 2658 οὐχὶ
779 2586 961 2652 λίθους
985 2588 1294 2643 ἐϐάστασαν
1322 2591 1556 2661 ἀμελητὶ
1587 2592 1705 2644 κατ’
1735 2593 1924 2647 αὐτοῦ.
1954 2592 2068 2645 Καί

480 2695 534 2736 τι
581 2678 676 2732 τοῦ
744 2679 1127 2748 εὐαγγελιστοῦ
1185 2681 1422 2752 πρόσθεν
1466 2683 1783 2754 εἰρηκότος,
1824 2705 1842 2735 ι
1881 2680 2064 2756 ’ζίραν

478 2767 574 2826 οὖν
625 2771 805 2836 λίθους
867 2773 956 2827 ῐνα
988 2773 1222 2844 βάλωσιν
1274 2776 1360 2828 ἐπ’
1396 2776 1584 2829 αὐτόν·
1620 2795 1642 2828 s
1673 2776 1749 2840 ὼς
1803 2776 1860 2829 δὲ
1890 2777 2072 2832 ταῦτα.

481 2863 835 2935 προύγραφεν
867 2867 926 2921 ὲν
955 2866 1034 2938 τῷ
1062 2865 1288 2937 μεταξὺ,
1325 2867 1485 2921 πέντε
1517 2885 1621 2922 που
1645 2870 1736 2922 καὶ
1769 2870 2065 2940 τριάκοντα

478 2957 618 3028 πρὸς
640 2960 750 3021 τοῖς
771 2959 964 3012 ἑκατὸν
981 2961 1197 3031 στίχους
1211 2961 1478 3034 ὑπερϐάς,
1501 2963 1753 3034 ἐπιφέρει
1783 2963 2058 3034 προσθείςο

485 3066 514 3105 1
545 3044 885 3104 Ἕϐάστασαν
931 3045 1024 3104 οὖν
1075 3053 1124 3104 οἱ
1167 3050 1412 3106 Ἰουδαῖοι
1437 3052 1617 3118 λίθους
1647 3054 1735 3107 ἵνα
1768 3053 2066 3109 λιθάσωσιν

478 3138 662 3200 αὐτόν.
706 3158 724 3190 s
777 3139 935 3200 Ἀλλὰ
961 3139 1132 3194 ταῦτα
1167 3141 1268 3212 μὲν
1299 3141 1496 3205 διττοῖς
1523 3143 1936 3214 ἀναγέγραπται
1965 3163 2066 3215 χωρ

478 3229 638 3304 ρίοις,
671 3231 731 3282 ὲν
762 3229 1038 3302 διαφόροις
1060 3231 1116 3284 δὲ
1145 3232 1398 3300 φαίνεται
1426 3235 1792 3305 πεπραγμένα
1824 3241 2057 3308 καιροῖς,

476 3322 588 3376 άπὸ
632 3322 724 3376 τοῦ
787 3322 862 3394 μὴ
890 3323 989 3387 τάς
1020 3324 1191 3388 αὐτάς
1217 3324 1362 3395 ἔχειν
1410 3327 1518 3380 τῶν
1543 3328 1804 3399 ῥημάτων
1836 3330 2063 3384 ἐπιπλο-

476 3415 580 3479 κὰς
608 3415 641 3488 ἢ
678 3415 939 3484 συζυγίας
961 3433 974 3447 ·
1009 3416 1144 3470 ἀλλὰ
1203 3418 1500 3490 Ὠριγένης,
1547 3422 1577 3473 ὁ
1608 3420 1787 3484 πάσας
1817 3422 2061 3492 οἰόμενος

477 3507 674 3562 εἰδέναι
729 3508 828 3573 τάς
877 3509 1120 3581 Γραφὰς,
1163 3511 1264 3564 οὐκ
1297 3511 1508 3580 ἀνέγνω
1555 3513 1716 3568 τοῦτο
1755 3516 1850 3568 καὶ
1886 3515 2059 3571 ταῦτα

474 3599 703 3672 γράφων
758 3600 835 3665 ὡς
861 3601 980 3655 ὅλον
1010 3602 1168 3673 ὁμοῦ,
1222 3603 1282 3657 τὸ
1338 3605 1669 3674 Εὑαγγέλιον
1702 3607 1796 3660 ἐπὶ
1839 3605 2055 3673 λέξεως.

476 3693 540 3745 Ei
571 3691 630 3745 δέ
661 3710 746 3756 τις
774 3693 1146 3765 ὑπολαμϐάνει
1175 3695 1348 3752 ταῦτα
1381 3697 1636 3752 πλάττειν
1669 3701 1838 3771 ἡμᾶς,
1867 3703 2058 3766 αὐταῖς

475 3786 596 3848 ταῖς
646 3784 1024 3855 εὐαγγελικαῖς
1087 3788 1324 3860 ἐντυχὼν
1374 3791 1720 3860 ἀποφάσεσι,
1799 3794 1895 3848 καὶ
1946 3796 2060 3858 τοῖς

477 3876 863 3948 ἐμπονηθεῖσιν
883 3879 1031 3950 αὑτῷ
1056 3883 1182 3952 περὶ
1201 3881 1360 3935 τοῦτο
1382 3885 1810 3957 σπουδάσμασιν,
1835 3887 2057 3959 εὑρήσει

479 3969 646 4042 μηδὲν
677 3972 826 4042 ἡμᾶς
847 3973 1126 4044 εἰρηκέναι
1157 3974 1373 4044 ψευδές.
1410 3975 1592 4048 Neque
1617 3980 1790 4034 minus
1818 3982 1900 4035 Itis
1929 3980 2055 4033 dum

479 4059 822 4122 lapidationis
899 4061 1105 4131 factum
1173 4066 1475 4131 speculatur
1543 4068 1870 4141 (Origenes),
1919 4071 2056 4123 illud

477 4155 639 4207 etiam
669 4171 730 4208 ac
777 4155 824 4209 si
852 4173 944 4222 per
975 4166 1152 4226 troyros
1183 4159 1385 4228 factum
1418 4161 1473 4213 in
1512 4161 1676 4214 aliam
1736 4165 2054 4218 sententiam

477 4245 694 4308 educere
741 4249 998 4316 obnitens,
1031 4233 1086 4304 in
1131 4252 1444 4322 euangelicis
1479 4254 1646 4309 verbis
1678 4257 1810 4310 mire
1859 4258 2052 4310 menti-

2169 2036 2292 2105 qelii
2322 2044 2518 2087 textum
2558 2035 2812 2095 scriptum
2838 2035 2907 2084 ad
2935 2033 3189 2086 litteram.
3225 2029 3396 2086 Porro
3420 2033 3468 2086 si
3494 2033 3614 2103 quis
3636 2035 3751 2087 ltwc

2169 2143 2263 2179 nos
2298 2127 2536 2196 eﬂingerc
2584 2124 2872 2184 existimat,
2926 2123 3196 2177 sententiis
3229 2123 3540 2192 erangelicis
3581 2124 3753 2192 perle-

2167 2221 2286 2282 ctis,
2341 2220 2588 2289 illiusque
2637 2221 2691 2272 in
2741 2234 2830 2271 eas
2873 2218 3288 2284 commentariis,
3339 2220 3406 2271 ab
3460 2220 3604 2273 omni
3657 2235 3752 2273 nos

2167 2312 2483 2365 abstinuisse
2532 2311 2805 2364 mendacio
2853 2311 3154 2376 comperiet.
3211 2309 3290 2363 Ex
3320 2311 3406 2364 his
3431 2312 3612 2366 verbis
3638 2329 3746 2368 non

2168 2404 2336 2471 liquet
2363 2404 2454 2457 ubi
2484 2403 2552 2456 de
2575 2401 2905 2472 lapidatione
2927 2399 3054 2453 .li-su
3085 2415 3113 2452 a
3167 2399 3370 2456 Iudaeis
3399 2401 3542 2457 facta
3575 2405 3748 2472 egerit

2167 2497 2451 2565 Origenes,
2478 2511 2547 2548 an
2573 2510 2696 2550 cum
2727 2495 2968 2562 priorem
2998 2490 3225 2545 Joannis
3255 2504 3570 2548 contextum
3596 2497 3744 2550 edis-

2168 2588 2420 2649 serueril,
2473 2587 2705 2639 tulerunt
2747 2587 2907 2652 igitur
2937 2585 3138 2653 lapides
3177 2595 3230 2637 ut
3252 2585 3490 2654 jacerent
3517 2589 3569 2641 in
3591 2605 3748 2654 eum;

2167 2698 2233 2734 an
2265 2697 2388 2735 cum
2425 2681 2803 2750 posteriorem,
2852 2679 3179 2734 sustulerunt
3204 2680 3380 2746 itaque
3403 2677 3582 2735 Juda'i
3610 2683 3750 2749 lapi-

2167 2778 2279 2839 des,
2307 2785 2360 2828 ut
2385 2774 2678 2842 lapidarent
2710 2775 2899 2841 ipsuns.
2934 2774 3192 2831 Fortasse
3222 2775 3537 2846 utrobique.
3591 2775 3748 2842 Quod

2167 2868 2210 2920 si
2245 2868 2316 2919 ita
2346 2877 2452 2930 est,
2482 2868 2550 2921 de
2579 2866 2910 2933 lapidatione
2939 2867 3040 2920 hac
3079 2878 3227 2922 tomo
3257 2883 3344 2920 ut
3376 2879 3432 2922 et
3464 2878 3612 2921 tomo
3639 2883 3746 2922 xu

2168 2957 2248 3010 vel
2285 2973 2408 3011 nm
2444 2973 2568 3012 eum
2618 2959 2794 3027 egisse
2847 2958 2959 3012 veri
3007 2973 3268 3028 perquam
3304 2959 3483 3013 simile
3511 2960 3747 3014 videtur.

2239 3048 2304 3103 Χ.
2362 3048 2740 3104 Tilletnoutius
2778 3047 2922 3101 Ilist.
2953 3050 3086 3102 eccl.
3142 3059 3276 3103 tom.
3318 3050 3406 3106 Ill.
3461 3066 3584 3120 pag.
3616 3050 3744 3115 572,

2168 3141 2368 3210 aliquid
2402 3149 2550 3195 tomo
2574 3155 2624 3193 Vt
2651 3141 2840 3194 deesse
2865 3140 3202 3207 suspicatur,
3247 3140 3337 3194 ubi
3367 3150 3476 3193 tum
3506 3142 3572 3195 de
3601 3155 3746 3193 mar-

2169 3231 2399 3302 tyribus,
2432 3240 2543 3284 tum
2572 3230 2642 3284 de
2667 3240 2820 3299 peste
2847 3231 3081 3298 quadam
3111 3247 3232 3301 qua:
3274 3232 3459 3286 nullibi
3493 3231 3546 3286 in
3578 3233 3749 3287 histo-

2169 3327 2266 3381 riis
2315 3323 2606 3393 reperitur,
2637 3339 2892 3394 quaeque,
2953 3325 3152 3392 inquit,
3204 3324 3352 3377 circa
3404 3340 3604 3378 annum
3638 3323 3747 3378 23?.

2172 3419 2417 3471 fortassis
2453 3427 2705 3485 grassata
2733 3426 2836 3482 est,
2869 3417 3138 3486 Origenes
3187 3416 3353 3470 multa
3400 3416 3564 3468 verba
3599 3415 3744 3470 iece-

2170 3520 2275 3564 rat.
2313 3507 2510 3564 Verum
2567 3509 2618 3561 id
2651 3524 2756 3562 ιιοιι
2794 3510 2928 3564 satis
2970 3526 3234 3578 assequor
3273 3512 3416 3563 unde
3469 3510 3746 3579 conjicere

2165 3602 2405 3671 potuerit
2458 3601 2863 3656 eruditissimus
2915 3603 3018 3656 vir.
3079 3601 3381 3668 Utrumque
3427 3604 3750 3655 enimexse—

2164 3695 2349 3764 quitur
2378 3692 2642 3764 Origenes
2667 3705 2723 3748 et
2764 3695 2832 3748 de
2861 3695 3194 3766 martyribus
3245 3704 3305 3749 et
3326 3694 3391 3749 de
3428 3694 3496 3747 iis
3527 3694 3617 3763 qui
3647 3710 3745 3762 pc-

2168 3789 2377 3842 rierunt
2411 3788 2482 3844 ob
2511 3788 2945 3857 pestilentiarum
2993 3789 3414 3843 constitutiones
3453 3789 3616 3842 verba
3667 3785 3747 3840 l‘a-

2167 3881 2318 3935 ciens
2345 3897 2360 3935 :
2401 3895 2502 3936 nec
2530 3881 2600 3935 ibi
2625 3882 2806 3947 agitur
2831 3881 2897 3936 de
2937 3879 3004 3936 iis
3040 3882 3131 3950 qui
3161 3896 3298 3935 nova
3329 3881 3565 3950 quadam
3593 3891 3745 3950 peste

2165 3981 2472 4050 consumpti
2531 3981 2768 4050 periere,
2799 3983 2895 4036 sed
2930 3982 2998 4036 de
3046 3983 3113 4037 iis
3143 3981 3234 4051 qui
3270 3981 3573 4051 antiquitus
3600 3982 3742 4049 apud

2163 4073 2394 4142 gentiles
2419 4089 2540 4128 cum
2566 4075 2878 4141 pestilentes
2904 4077 3078 4132 morbi
3100 4083 3504 4144 grassarentur,
3521 4074 3730 4142 seipsos

2123 4224 2136 4237 ο
2163 4167 2218 4220 in
2249 4166 2500 4220 victimas
2539 4182 2636 4235 pro
2663 4168 2838 4237 patria
2878 4168 3246 4233 tradiderunt,
3280 4166 3752 4237 quemadmodum

2163 4273 2262 4314 suo
2290 4257 2411 4314 loco
2437 4259 2870 4315 observavimus.

551 4425 598 4462 ’ν
623 4422 785 4485 Joan.
815 4443 855 4495 ι,
885 4425 976 4486 3.3.
1056 4429 1099 4462 “
1127 4426 1286 4486 Joan.
1316 4444 1403 4498 tu,
1425 4431 1480 4488 5.
1559 4432 1602 4464 ¹⁶
1625 4431 1782 4490 Joan.
1819 4449 1939 4500 vm,
1970 4433 2060 4489 59.

2168 4432 2354 4494 'Ioan.
2387 4451 2442 4491 κ.
2477 4433 2570 4490 δι.
