4174 6426
383 385 448 440 '2!
1304 381 1626 439 ORIGENIS
1662 378 2021 437 COMMENT.
2063 377 2129 433 IN
2155 378 2347 435 JOAN.
2385 376 2625 434 TOMUS
2664 377 2707 431 ι.
3560 372 3633 429 22

1641 709 2383 839 ORIGENIS

1130 972 2919 1133 COMMENTARIORUM

931 1427 2177 1543 EVANGELIUM
2286 1427 3106 1541 JOANNIS

1569 1662 1978 1755 TOMUS
2026 1662 2483 1754 PRIMUS

1296 1854 1795 1917 INTERPRETE
1840 1853 2250 1919 AMBROSIO
2293 1854 2723 1916 FERRARIO.

1961 2026 2033 2043 μ.-

1980 2142 2029 2199 Α

967 2133 1368 2189 ΠΡΟΟΙΜΙΟΝ.

459 2226 512 2282 l.
539 2227 634 2282 Ὃν
656 2227 875 2299 τρόπον,
909 2221 1124 2297 οῒμαι,ὁ
1150 2225 1312 2279 πάλαι
1343 2222 1470 2287 λαὸς
1496 2224 1806 2296 ἐπικληθεὶς
1826 2226 1961 2280 Θεοῦ

387 2321 470 2383 εἰς
495 2319 663 2390 φυλὰς
692 2319 912 2392 διῄρητο
939 2319 1276 2381 δυοκαίδεκα,
1308 2317 1401 2371 καὶ¹
1428 2314 1525 2388 τὴν
1550 2317 1688 2388 ὑπὲρ
1720 2318 1819 2383 τὰς
1849 2319 1962 2373 λοι-

386 2413 498 2476 πὰς
527 2413 696 2482 φυλὰς
735 2412 887 2479 τάξιν
912 2411 1221 2481 Λευῖτικὴν,
1263 2410 1355 2463 καὶ
1379 2409 1547 2480 αὐτὴν
1574 2410 1715 2463 κατὰ
1744 2410 1962 2465 πλείονα

383 2506 645 2576 τάγματα
682 2504 930 2576 ἱερατικὰ
953 2505 1047 2557 καὶ¹
1075 2501 1332 2557 Λευῖτικὰ
1362 2502 1424 2554 τὸ
1459 2502 1610 2554 Θεῖον
1641 2502 1965 2572 Θεραπεύου-

386 2612 508 2650 σιν·
538 2595 708 2658 οὕτως
724 2592 928 2665 νομίζω
959 2591 1101 2647 κατὰ
1126 2591 1216 2644 τὸν
1248 2590 1487 2661 κρυπτὸν
1518 2589 1593 2661 (Ι)
1619 2590 1717 2660 τῆς
1740 2592 1962 2662 καρδίας

384 2686 670 2757 ἄνθρωπον
700 2685 880 2738 πάντα
904 2684 993 2737 τὸν
1025 2681 1261 2755 Χριστοῦ
1285 2681 1432 2743 λαὸν,
1465 2681 1868 2753 χρηματίζοντα
1904 2682 1962 2733 ὲν

385 2777 614 2851 κρυπτῷ
648 2777 895 2831 Ἰουδαῖον
924 2776 1016 2829 καὶ
1057 2777 1114 2827 ὲν
1166 2773 1431 2843 πνεύματι
1476 2773 1957 2844 περιτετμημένον,

385 2870 531 2940 ἔχειν
574 2868 673 2932 τὰς
724 2868 988 2938 ἰδιότητας
1044 2864 1443 2936 μυπικώτερον
1476 2864 1584 2917 τῶν
1640 2864 1839 2933 φυλῶν,
1886 2863 1962 2928 ὡς
2006 2902 2013 2908 ο

383 2961 503 3015 Em
528 2960 857 3031 γυμνότερον
890 2958 997 3011 ἀπὸ
1037 2957 1279 3011 Ἰωάννου
1307 2957 1373 3009 ὲκ
1412 2954 1510 3025 τῆς
1546 2954 1960 3025 Ἀποκαλύψεως

388 3052 601 3122 μαθεῖν,
630 3050 751 3104 οὐδὲ
778 3049 886 3104 τῶν
915 3048 1116 3103 λοιπῶν
1145 3047 1440 3120 προφητῶν
1464 3050 1576 3111 τοῖς
1597 3046 1816 3101 ἀκούειν
1842 3048 1960 3101 ἐπι-

386 3143 675 3213 σταμένοις
706 3142 776 3195 τὰ
807 3141 1028 3195 τοιαῦτα
1061 3140 1578 3210 ἀποσιωπησάντων.
1609 3139 1745 3210 Φησὶ
1773 3138 1829 3191 δὲ
1864 3137 1959 3191 οὓ-

382 3250 495 3297 τως
520 3235 549 3287 ὁ
590 3233 856 3303 Ἰωίίιηισνης⁸
888 3233 996 3286 Kal
1027 3228 1192 3286 εἶδον
1211 3230 1405 3285 ἄλλον
1433 3229 1691 3301 ἄγγελον
1715 3229 1960 3284 ἀναϐαί-
2008 3240 2018 3246 ·

382 3340 570 3378 νοντα
620 3323 738 3378 ἀπὸ
784 3321 1086 3391 ἀνατολῆς
1146 3324 1347 3392 ἡλίου,
1380 3320 1612 3389 ἔχοντα
1664 3320 1961 3391 σφραγῖδα

387 3415 540 3469 Θεοῦ
564 3412 794 3479 ζῶντος·
830 3413 928 3467 καὶ
955 3412 1171 3482 ἓκραξε
1201 3412 1276 3484 (2)
1305 3412 1474 3482 φωνῇ
1495 3412 1728 3482 μεγάλῃ
1766 3413 1886 3478 τοῖς
1909 3413 1962 3465 δ’

2615 2135 2657 2203 1
2680 2131 3067 2189 PREFATIO.

2139 2228 2188 2281 i.
2222 2226 2682 2294 Quemadmodum
2707 2224 2799 2294 qui
2821 2224 2949 2279 olim
2973 2224 3199 2295 populus
3229 2224 3322 2280 Dei
3350 2227 3631 2295 cognomi-

2066 2318 2312 2383 nubatur,
2351 2319 2403 2371 in
2434 2316 2718 2372 duodecim
2762 2314 2932 2371 tribus
2956 2316 3310 2386 ordinemque
3331 2316 3626 2372 Leviticum

2064 2408 2264 2463 divisus
2291 2419 2441 2472 erat,
2477 2424 2596 2463 cum
2641 2418 2864 2463 caeteras
2908 2408 3076 2464 tribus
3116 2409 3321 2464 honore
3363 2419 3627 2479 praestan-

2065 2506 2195 2565 tem,
2219 2510 2328 2553 tum
2358 2500 2518 2553 etiam
2548 2499 2715 2554 Deum
2742 2497 2985 2567 pluribus
3014 2498 3294 2555 ordinibus
3314 2499 3623 2554 sacerdota-

2063 2594 2201 2650 libus
2214 2606 2268 2648 et
2297 2594 2558 2650 Leviticis
2581 2594 2848 2649 colentem
2870 2609 2885 2658 ;
2904 2592 2977 2647 ita
3000 2608 3121 2648 meo
3144 2593 3353 2660 judicio
3379 2592 3624 2661 quisquis

2063 2683 2225 2739 fuerit
2245 2684 2443 2740 Christi
2475 2685 2701 2754 populus
2727 2686 2880 2754 juxta
2911 2686 3221 2741 interiorem
3246 2685 3426 2739 cordis
3457 2683 3631 2737 horni-

2064 2790 2207 2837 uem.
2238 2775 2448 2830 scilicet
2474 2778 2525 2831 in
2567 2777 2786 2832 occulto
2811 2776 3048 2843 .ludaeus,
3081 2785 3136 2831 et
3174 2777 3366 2845 spiritu
3397 2776 3632 2831 circum-

2062 2867 2207 2921 cisus
2230 2869 2296 2933 ³⁸,
2331 2868 2566 2923 tribuum
2600 2871 2840 2938 ipsarum
2867 2870 3229 2940 proprietates
3254 2869 3434 2932 habet,
3470 2870 3633 2938 idque

2062 2960 2357 3024 sacratius,
2401 2970 2461 3015 ut
2514 2963 2582 3016 ab
2631 2960 2840 3016 Joanne
2893 2975 2961 3017 ex
3015 2959 3335 3031 Apocalypsi
3393 2961 3632 3030 apertius

2063 3064 2351 3118 possumus
2381 3041 2613 3121 discere,
2639 3070 2762 3109 cum
2792 3069 2892 3108 nec
2920 3053 3111 3121 reliqui
3142 3053 3416 3122 prophetae
3442 3052 3508 3107 iis
3538 3052 3627 3119 qui

2066 3144 2243 3197 sciunt
2293 3146 2481 3200 audire
2533 3147 2657 3200 talia
2708 3146 3049 3202 reticuerint.
3097 3144 3187 3199 Sic
3231 3153 3409 3198 autem
3458 3144 3631 3211 inquit

2059 3237 2299 3294 Joannes
2334 3237 2411 3288 ‘9:
2446 3234 2514 3289 Et
2556 3237 2665 3291 uidi
2715 3236 2946 3291 alterum
2996 3234 3236 3304 angelum
3269 3235 3628 3287 ascendentem

2059 3330 2123 3384 ab
2156 3338 2276 3384 ortu
2306 3326 2453 3392 solis,
2478 3326 2749 3381 habentem
2776 3327 2984 3395 signum
3013 3324 3110 3379 Dei
3143 3324 3269 3387 vivi,
3304 3334 3352 3378 et
3388 3322 3628 3377 clamavit

2060 3435 2180 3475 voce
2204 3434 2391 3487 magna
2413 3427 2638 3485 quatuor
2665 3415 2888 3487 angelis,
2910 3414 3099 3485 quibus
3133 3414 3317 3467 datum
3346 3421 3423 3466 est
3445 3427 3628 3467 nocere

384 3505 683 3576 ἀγγέλοις,
715 3501 805 3572 οἷς
834 3504 1009 3573 ἐδόθη
1037 3504 1239 3570 αὐτοῖς
1266 3504 1549 3572 ἀδικῆσαι
1576 3505 1689 3574 τὴν
1715 3504 1834 3576 γῆν
1861 3504 1957 3558 καὶ

2058 3517 2211 3562 terra
2246 3516 2292 3559 et
2323 3508 2482 3574 mari,
2505 3506 2682 3559 dicens
2706 3522 2724 3559 :
2751 3504 2933 3559 Nolite
2976 3518 3158 3557 nocere
3182 3513 3355 3565 terraz,
3386 3512 3432 3555 et
3466 3503 3625 3565 mari,

384 3599 504 3665 τὴν
542 3597 879 3662 θάλασσαν,
923 3597 1133 3666 λέγων’
1165 3596 1262 3665 Μὴ
1306 3595 1633 3663 ἀδικήσητε
1663 3595 1815 3665 μήτε
1847 3596 1962 3665 τὴν

385 3690 525 3761 γῆν,
548 3688 702 3760 μήτε
725 3689 839 3758 τὴν
874 3688 1213 3753 θάλασσαν,
1239 3687 1392 3758 μήτε
1429 3688 1501 3741 τὰ
1543 3686 1779 3756 δένδρα,
1824 3688 1960 3757 ἄχρι

385 3782 811 3853 σφραγίσωμεν
837 3779 979 3846 τοὺς
1022 3778 1280 3845 δούλους
1319 3779 1425 3833 τοῦ
1475 3779 1621 3834 Θεοῦ
1667 3777 1835 3848 ἡμῶν
1859 3779 1958 3833 ἐπὶ

384 3872 506 3925 τῶν
536 3871 825 3941 μετώπων
874 3869 1090 3924 αὐτῶν.
1144 3871 1256 3924 Kal
1300 3869 1537 3937 ἥκουσα
1563 3869 1670 3923 τὸν
1712 3870 1961 3939 ἀριθμὸν

383 3954 505 4011 τῶν
529 3956 1053 4027 ἐσφραγισμένων-ο
1078 3957 1213 4026 ρμδ¹
1249 3956 1513 4025 χιλιάδες
1558 3957 1958 4027 ἐσφραγισμέ-

382 4048 585 4103 νοι’ὲκ
616 4046 819 4116 πάσης
866 4046 1065 4118 φυλῆς
1104 4047 1250 4102 υἱῶν
1307 4047 1577 4116 Ἰσραήλ.
1634 4050 1728 4103 Ἐκ
1758 4048 1959 4118 φυλῆς

398 4139 583 4193 Ἰούδα
635 4139 705 4194 ιϐ’
748 4138 1013 4210 χιλιάδες
1058 4140 1544 4210 ἐσφραγισμένοι.
1614 4141 1709 4195 Ἐκ
1757 4141 1959 4213 φυλῆς

396 4226 744 4296 'Pov61‘1rt6'
788 4228 1074 4299 χιλιάδεςο
1104 4229 1215 4283 Καὶ
1258 4229 1395 4299 μετὰ
1438 4229 1500 4281 τὸ
1540 4228 1827 4300 διῃρῆσθαι
1858 4229 1961 4292 τὰς

382 4317 575 4381 λοιπὰς
596 4318 764 4387 φυλὰς
794 4318 965 4390 παρὲξ
996 4318 1091 4371 τοῦ
1124 4319 1249 4383 Δὰν,
1280 4318 1405 4390 ἑξῆς
1436 4318 1573 4389 μετὰ
1600 4319 1816 4373 πλείονα
1840 4322 1958 4374 ἐπι-

383 4407 559 4479 φέρειο
581 4407 693 4461 Καὶ
720 4403 902 4469 εἶδον,
944 4408 1043 4462 καὶ
1084 4408 1232 4473 ὶδοὺ,
1266 4409 1331 4462 τὸ
1373 4410 1599 4477 Ἆρνίον
1645 4410 1833 4476 ἑστὼς
1859 4410 1959 4463 ἐπὶ

379 4498 448 4553 τὸ
500 4498 638 4566 ὄρος
671 4498 822 4553 Σιὼν
865 4499 962 4571 ('5),
1013 4500 1113 4554 καὶ
1144 4501 1272 4569 μετ’
1301 4500 1486 4554 αὑτοῦ
1527 4501 1661 4570 ρμδ⁹
1694 4500 1958 4570 χιλιάδες

380 4591 631 4657 ἔχουσαι
660 4590 725 4644 τὸ
769 4592 956 4661 ὄνομα
993 4592 1199 4655 αὐτοῦ,
1248 4593 1346 4646 καὶ
1373 4593 1438 4646 τὸ
1487 4592 1674 4662 ὄνομα
1706 4592 1812 4647 τοῦ
1838 4597 1956 4648 Πα-

380 4681 519 4749 τρὸς
539 4682 726 4735 αὑτοῦ
750 4681 1153 4752 γεγραμμένον
1171 4682 1269 4735 ἐπὶ
1298 4682 1418 4735 τῶν
1426 4682 1714 4752 μετώπων
1734 4684 1950 4739 αὐτῶν.

378 4772 495 4825 Kal
521 4772 757 4842 ἤκουσα
788 4773 999 4842 φωνὴν
1038 4774 1108 4827 ἐκ
1151 4774 1258 4827 τοῦ
1309 4773 1569 4841 οὐρανοῦ
1620 4775 1701 4841 ὡς
1745 4774 1955 4844 φωνὴν

378 4832 612 4918 scatat-
637 4832 901 4929 nauata,
932 4832 1029 4918 ἆιαι
1053 4866 1134 4931 ὡς
1157 4832 1652 4935 φωνὴνζεροντῆς
1662 4832 1950 4935 usam}.
1980 4832 2023 4889 ε

376 4953 493 5009 Kal
520 4956 559 5022 ἡ
589 4956 758 5025 φωνὴ
793 4955 873 5024 ἣν
888 4955 1147 5023 ἤκουσα,
1174 4958 1257 5022 ὡς
1278 4955 1621 5024 κιθαρῳδῶν
1640 4956 1952 5024 κιθαριζᾎν-

2060 3615 2222 3668 neque
2242 3597 2538 3661 arboribus,
2556 3597 2896 3667 quoadusque
2919 3596 3179 3663 signemus
3201 3610 3375 3648 servos
3412 3593 3509 3648 Pei
3535 3609 3629 3646 no-

2059 3691 2155 3744 stri
2177 3692 2230 3744 in
2256 3689 2518 3759 frontibus
2540 3689 2673 3745 suis.
2694 3686 2765 3740 Et
2782 3675 2965 3740 a'udivi
2983 3699 3254 3737 numerum
3275 3685 3624 3751 signatorum,

2059 3791 2264 3835 centum
2293 3780 2645 3852 quadraginta
2687 3788 2919 3848 quatuor
2962 3775 3131 3828 millia
3169 3776 3366 3845 signati
3395 3791 3460 3829 ex
3484 3778 3625 3828 omni

2058 3871 2196 3924 tribu
2229 3870 2456 3937 ﬁliorum
2487 3868 2680 3924 Israel.
2718 3867 2804 3922 Ex
2843 3867 2985 3921 tribu
3021 3865 3167 3920 Juda
3203 3866 3478 3920 duodecim
3500 3866 3624 3918 mil-

2059 3960 2130 4014 lia
2157 3961 2383 4030 signati;
2411 3974 2477 4014 ea:
2522 3959 2662 4013 tribu
2694 3957 2872 4012 Ruben
2920 3954 3193 4009 duodecim
3233 3954 3425 4008 millia.
3456 3954 3624 4009 (Ium-

2058 4065 2164 4118 que
2209 4060 2526 4105 caeterarum
2558 4048 2798 4104 tribuum
2844 4045 3166 4102 divisionem
3207 4043 3444 4107 fecisset,
3479 4043 3620 4097 tribu

2063 4144 2172 4197 Dan
2201 4142 2420 4206 omissa,
2451 4140 2504 4209 2
2533 4141 2785 4209 deinceps
2812 4147 2934 4209 post
2961 4138 3118 4206 plura
3148 4133 3478 4205 subiungit“
3508 4150 3522 4186 :
3552 4133 3622 4191 Ει

2057 4234 2182 4298 vidi,
2205 4241 2255 4285 et
2290 4248 2403 4286 ecce
2421 4230 2606 4300 Agnus
2632 4241 2777 4284 stans
2801 4247 2957 4298 super
2981 4224 3207 4283 montem
3244 4225 3397 4292 Sion,
3424 4238 3472 4279 et
3504 4241 3623 4277 cum

2057 4339 2116 4376 eo
2144 4330 2347 4376 centum
2371 4322 2727 4392 quadraginta
2771 4328 3001 4387 quatuor
3028 4320 3201 4373 millia
3241 4315 3487 4373 habentia
3528 4332 3626 4368 no-

2057 4429 2174 4465 men
2200 4413 2332 4482 ejus,
2365 4421 2416 4466 et
2451 4429 2637 4467 nomen
2681 4410 2863 4465 Patris
2916 4413 3031 4481 ejus
3066 4412 3318 4477 scriptum
3346 4411 3400 4462 in
3431 4406 3621 4478 fronti-

2034 4498 2152 4557 'bus
2180 4506 2309 4559 suis.
2344 4505 2410 4557 Et
2446 4506 2627 4560 audivi
2658 4521 2829 4560 uocem
2857 4506 2921 4558 de
2963 4506 3114 4572 caelo,
3158 4517 3408 4576 tanquam
3443 4519 3620 4557 uocem

2056 4612 2309 4666 aquarum
2350 4596 2657 4661 multarum,
2691 4607 2738 4650 et
2767 4606 3018 4661 tanquam
3047 4612 3219 4651 rocem
3265 4595 3482 4649 tonitrui
3505 4609 3621 4647 ma-

2055 4685 2167 4755 gni.
2198 4685 2266 4739 Et
2296 4702 2467 4740 vocem
2519 4688 2699 4741 audivi
2740 4685 3146 4740 citharoedorum
3193 4683 3621 4738 citharizantium

2056 4777 2273 4830 citharis
2303 4778 2442 4843 suis,
2478 4789 2527 4831 et
2564 4780 2851 4833 cantabant
2908 4781 3061 4850 quasi
3125 4779 3387 4832 canticum
3426 4795 3616 4833 novum

2054 4881 2177 4926 ante
2204 4875 2396 4939 sedem,
2422 4885 2469 4928 et
2499 4885 2622 4930 ante
2657 4887 2885 4947 quatuor
2925 4876 3201 4942 animalia,
3225 4888 3273 4931 et
3298 4878 3619 4936 seniores,et

2055 4981 2202 5019 nemo
2231 4974 2435 5035 poterat
2472 4967 2641 5023 dicere
2683 4971 2964 5033 canticum,
2988 4970 3093 5023 nisi
3129 4968 3223 5022 illa
3257 4978 3464 5022 centum
3487 4984 3618 5037 qua-

376 5061 499 5099 των
523 5045 592 5099 ἐν
623 5046 750 5113 ταῖς
795 5046 1062 5117 κιθάραις
1105 5047 1320 5103 αὐτῶν*
1358 5047 1457 5101 καὶ
1484 5046 1737 5115 ᾄδουσιν
1788 5047 1953 5114 ᾠδὴν

2058 5055 2297 5124 draginta
2316 5069 2545 5126 quatuor
2580 5058 2772 5127 millia,
2805 5061 2894 5129 qui
2923 5060 3079 5129 empti
3103 5069 3226 5113 sunt
3257 5060 3321 5112 de
3344 5070 3505 5112 terra.
3543 5056 3615 5110 Hi

376 5134 596 5205 καινὴν
624 5138 700 5208 (4)
733 5138 989 5193 ἐνώπιον
1015 5138 1121 5194 τοῦ
1143 5140 1378 5207 θρόνου,
1412 5140 1509 5193 καὶ
1541 5138 1796 5195 ἐνώπιον
1834 5140 1953 5195 τῶν

2058 5154 2171 5203 sunt
2208 5147 2298 5215 qui
2327 5163 2444 5201 cum
2474 5149 2776 5203 mulieribus
2821 5166 2923 5203 non
2963 5158 3082 5203 sunt
3115 5150 3440 5221 coinquinati
3465 5163 3484 5210 ;
3515 5149 3616 5199 vir-

375 5228 425 5282 δ’
445 5228 621 5296 (illam,
646 5230 877 5284 καὶτῶν
898 5231 1329 5301 ,τινρεσϐυτέρων⁹
1349 5233 1447 5286 καὶ
1480 5232 1678 5297 οὐδεὶς
1696 5232 1949 5287 ἐδύνατο

2058 5237 2192 5305 gines
2246 5239 2384 5291 enim
2434 5250 2577 5295 sunt.
2624 5239 2697 5293 Hi
2747 5253 3038 5311 sequuntur
3067 5242 3273 5311 Agnum
3308 5256 3615 5311 quocunque

449 5341 492 5373 ³⁸
526 5342 684 5396 Rom.
735 5358 797 5409 ll,
830 5343 922 5399 29.
996 5345 1039 5376 ¹⁹
1074 5346 1239 5413 Apoc.
1271 5359 1363 5406 vn.
1397 5346 1455 5409 2,
1495 5343 1530 5398 '5
1556 5354 1609 5400 et
1637 5360 1754 5415 seq.
1875 5346 1918 5380 ³⁸
1943 5349 2111 5417 Apoc.
2144 5365 2256 5417 xiv,
2286 5350 2337 5418 Ι,
2377 5351 2413 5404 2
2439 5363 2490 5407 et
2521 5368 2634 5423 seq.

447 5455 523 5528 (Ι)
554 5457 719 5541 Kac?!
752 5458 859 5541 τίὲν
884 5460 1301 5541 κρυπτένηειοί
1330 5459 1405 5514 Ita
1436 5459 1634 5541 legitur
1657 5462 1712 5541 _iu
1743 5463 1944 5541 codici-

2058 5536 2087 5541 _
2119 5454 2207 5539 (5)Δ
2229 5470 2351 5522 Ἐπὶ
2380 5470 2444 5524 τὸ
2472 5470 2609 5538 ὅρος
2639 5470 2808 5525 Σιών.
2845 5470 2967 5526 Haec
3001 5486 3104 5525 non
3144 5469 3306 5541 vertit
3338 5469 3614 5537 interpres

377 5542 477 5580 mis
505 5527 1044 5609 πρεμϐίιειιθὶθῆοβξι
1073 5530 1389 5609 Barberipo,
1435 5527 1938 5609 Sicquelegendum
2046 5527 2328 5609 Ferrarius
2356 5541 2447 5609 qui
2476 5527 2615 5597 forte
2658 5557 2718 5597 ea
2753 5556 2857 5595 non
2897 5542 3106 5597 viderat
3164 5540 3217 5593 in
3271 5553 3369 5593 suo
3430 5527 3616 5594 ex'em-

378 5595 588 5718 mégnuit
619 5594 848 5653 ﬂuetius
891 5600 1061 5668 quiin
1100 5607 1245 5655 textu
1293 5600 1457 5655 habet
1496 5594 1635 5654 καὶτὰ
1688 5594 1751 5654 τὸ
1810 5619 1941 5672 κρυ-

378 5681 420 5715 π
482 5682 532 5716 ν.

2087 5606 2203 5660 lar'.
2374 5594 2389 5609 ³
2509 5594 2609 5597 HW
2931 5594 3009 5597 Vh

2058 5624 2080 5676 ρ
2117 5625 2190 5729 ('4')
2237 5679 2412 5729 Ὠδὶιν
2458 5679 2688 5729 καινήν.
2741 5679 3023 5729 lnternres-
3066 5677 3275 5729 Iacebat.
3324 5678 3402 5729 tis:
3469 5676 3500 5728 (ἶ

691 5735 927 5819 Eupolis.
966 5735 1137 5795 Codd.
1176 5737 1520 5819 Bodleianus
1570 5749 1625 5797 et
1676 5741 1935 5798 Barbari-

2058 5675 2061 5676 ν
2117 5678 2193 5766 (ἢ
2237 5679 2412 5749 ’ῼδὶιν
2458 5679 2688 5747 καινήν.
2740 5679 3023 5750 lnterprcs-
3066 5677 3275 5747 legebat
3324 5678 3402 5742 ὡς
3469 5675 3616 5749 (libi-pi

2058 5765 2256 5819 ιαινην.

377 5818 497 5870 nus,
530 5806 622 5861 uati.
654 5805 940 5878 ἐκέκραξε.
