4174 6406
415 399 491 457 25
1518 391 1883 464 COMMENT.
1914 391 2208 464 tN'JOAN.
2245 406 2486 466 TOMUS
2523 409 2563 461 ι.
3607 399 3679 455 9.6

419 520 603 587 φυλῶν
629 521 862 589 δεκάτας
902 526 996 579 καὶ
1028 526 1286 598 ἀπαρχὰς
1311 527 1644 599 ἀναφέρουσι
1677 528 1756 599 τῷ
1776 526 1893 598 Θεῷ
1915 528 1988 581 διὲ

2108 528 2356 585 tribubus
2390 531 2480 600 qui
2510 530 2749 585 decimas
2777 539 2827 584 ct
2864 530 3136 600 primitias
3172 529 3405 585 oﬂerunt
3440 528 3549 584 Deo
3579 543 3675 599 per

419 613 528 666 τῶν
566 613 793 669 λευιτῶν
820 617 913 670 καὶ
958 618 1166 689 ἱερέων,
1202 620 1260 671 οὐ
1290 618 1466 672 πάντα
1491 618 1704 688 ἔχοντες
1744 619 1998 691 ἀπαρχὰς

419 702 452 773 ἢ
483 703 717 769 δεκάτας
738 723 751 736 ο
780 709 829 759 οἱ
857 708 914 760 δὲ
946 708 1152 761 λευῖται
1184 709 1277 762 καὶ
1312 711 1496 780 ἱερεῖς,
1530 712 1708 764 πάντα
1748 711 1998 774 δεκάταις

420 797 514 849 καὶ
543 798 818 870 ἀπαρχαῖς
848 798 1138 871 χρώμενοι,
1172 800 1404 865 δεκάτας
1427 802 1757 873 ἀναφέρουσι
1771 802 1849 872 τῷ
1879 802 1998 872 Θεῷ

417 887 503 940 διὰ
528 887 623 940 τοῦ
657 890 979 961 ἀρχιερέως,
1003 887 1155 961 οἶμαι
1186 893 1231 946 δ’
1257 894 1340 947 ὅτι
1377 894 1472 947 καὶ
1498 895 1773 966 ἀπαρχάς.
1810 894 1998 965 Ἥμῶν

418 978 480 1050 δὴ
506 980 613 1033 τῶν
642 982 974 1053 προσιόντων
1019 988 1132 1048 τοῖς
1171 984 1409 1057 Χριστοῦ
1453 986 1768 1058 μαθήμασιν
1803 988 1853 1040 οῖ
1900 987 1998 1057 μὲν

420 1071 661 1125 πλεῖστοι
701 1072 770 1127 τά
816 1074 986 1128 πολλὰ
1015 1075 1095 1146 τῷ
1129 1075 1228 1148 βίῳ
1261 1076 1631 1148 σχολάζοντες,
1674 1079 1768 1132 καὶ
1813 1078 1999 1147 ὀλίγας

420 1161 648 1233 πράξεις
669 1162 748 1234 τῷ
765 1164 885 1236 Θεῷ
913 1166 1276 1232 ἀνατιθέντες,
1294 1168 1435 1240 τάχα
1460 1163 1570 1223 εἷεν
1589 1168 1655 1223 ἂν
1680 1170 1730 1222 οἱ
1755 1169 1864 1223 ἀπὸ
1888 1168 1997 1224 τῶν

418 1253 603 1321 φυλῶν
632 1255 820 1327 ὀλίγην
870 1258 1007 1329 πρὸς
1049 1260 1174 1323 τοὺς
1222 1261 1388 1331 ἱερεῖς
1434 1260 1650 1333 ἔχοντες
1687 1262 1994 1325 κοινωνίαν,

419 1345 513 1398 καὶ
539 1347 596 1399 ἐν
629 1345 859 1419 βραχέσι
889 1348 952 1401 τὸ
984 1349 1378 1422 θεραπευτικὸν
1408 1351 1504 1405 τοῦ
1528 1351 1664 1406 Θεοῦ
1683 1352 1992 1426 τρέφοντες·

416 1436 465 1488 οἱ
495 1435 551 1490 δὲ
581 1437 929 1509 ἀνακείμενοι
982 1440 1060 1512 τῷ
1101 1441 1230 1513 θείῳ
1278 1442 1421 1515 λόγῳ
1450 1444 1546 1498 καὶ
1584 1444 1722 1516 πρὸς
1763 1444 1899 1517 μόνῃ
1926 1447 1992 1516 τῇ

417 1527 684 1599 θεραπείᾳ
731 1526 826 1581 τοῦ
858 1529 993 1583 Θεοῦ
1019 1532 1293 1602 γινόμενοι
1322 1534 1563 1603 γνησίως
1606 1533 1746 1587 κατὰ
1771 1534 1872 1606 τὴν
1915 1534 1997 1597 είς

412 1615 570 1670 τοῦτο
606 1618 866 1692 διαφοράν
885 1621 994 1677 τῶν
1021 1623 1103 1687 εἰς
1122 1621 1279 1677 τοῦτο
1306 1625 1621 1696 κινημάτων
1647 1626 1868 1679 Λευῖται
1900 1626 1995 1679 καὶ

418 1709 583 1779 ἱερεῖς
613 1710 712 1764 οὐκ
733 1711 950 1777 ἀτόπως
979 1713 1354 1785 λεχθήσονται.
1378 1716 1529 1787 Τάχα
1559 1717 1617 1770 δὲ
1640 1719 1687 1770 οἱ
1713 1717 1996 1789 διαφέρον-

2106 620 2302 677 levitas
2341 631 2398 677 et
2440 624 2773 685 sacerdotes,
2814 637 2934 676 cum
2962 631 3140 676 tamen
3175 620 3275 689 ipsi
3302 621 3458 674 nullis
3487 621 3677 675 fruan-

2107 723 2193 767 tur
2229 715 2451 769 decimis
2474 725 2569 768 aut
2594 713 2867 783 primitiis.
2891 716 3089 769 Levila:
3111 729 3240 769 vero
3262 724 3317 768 ct
3344 716 3674 779 sacerdotes,
3702 695 3714 728 ¹

2105 807 2159 860 in
2191 808 2444 862 omnibus
2467 807 2693 862 decimis
2720 808 2964 862 {ruentes
2991 817 3047 861 et
3072 806 3351 875 primitiis,
3384 806 3496 860 Deo
3530 805 3676 860 deci-

2105 914 2243 963 mas,
2291 911 2456 968 atque
2505 899 2690 963 etiam,
2742 908 2801 953 ut
2848 900 3061 969 Opinor,
3121 898 3391 967 primitias
3442 896 3678 951 offerunt

2104 1003 2203 1058 per
2246 989 2554 1059 pontiﬁcem
2590 1007 2603 1043 :
2642 991 2828 1044 eodem
2879 989 3038 1043 modo
3071 988 3376 1057 complures
3409 1003 3478 1042 ex
3521 988 3677 1041 nobis

2105 1084 2196 1153 qui
2229 1084 2297 1137 ad
2348 1083 2548 1139 Christi
2591 1084 2928 1153 disciplinam
2978 1090 3345 1145 accesserunt,
3380 1082 3573 1152 majori
3608 1096 3674 1134 ex

2103 1185 2259 1246 parte
2283 1179 2349 1231 ad
2384 1178 2506 1232 vitae
2530 1177 2688 1244 hujus
2714 1177 2925 1245 negotia
2960 1176 3172 1241 attenti,
3203 1190 3402 1245 paucas
3435 1176 3677 1229 actiones

2106 1269 2216 1323 Deo
2247 1267 2558 1334 offerentes,
2587 1268 2824 1325 fortasse
2852 1279 2980 1324 sunt
3018 1269 3086 1324 iis
3127 1269 3333 1324 similes
3359 1268 3451 1337 qui
3480 1283 3545 1322 es
3581 1267 3678 1321 tri-

2104 1361 2284 1415 bubus
2328 1374 2515 1430 parqu
2554 1361 2962 1415 communicant
3002 1375 3124 1415 cum
3181 1360 3588 1424 sacerdotibus,
3621 1368 3678 1412 et

2102 1456 2293 1525 paucis
2316 1456 2555 1510 cultores
2578 1454 2671 1509 Dei
2708 1455 2977 1508 nutriunt.
3013 1454 3115 1521 Qui
3141 1468 3270 1508 vero
3296 1452 3481 1506 divino
3512 1450 3675 1505 dicati

2104 1555 2232 1603 sunt
2257 1546 2444 1611 verbo,
2468 1556 2523 1601 et
2548 1546 2599 1600 in
2628 1545 2742 1600 solo
2772 1545 2862 1598 Dei
2895 1545 3042 1599 cultu
3088 1544 3301 1601 sincere
3331 1542 3679 1612 legitimeque

2104 1639 2482 1705 immorantur,
2505 1638 2681 1693 levita!
2723 1638 3144 1704 sacerdotesque
3175 1635 3361 1689 vocari
3400 1641 3676 1700 poterunt,

2095 1732 2247 1801 juxta
2282 1731 2640 1786 diﬂ‘erentiam
2667 1746 2854 1785 eorum
2886 1738 3128 1783 motuum
3165 1736 3220 1782 et
3261 1726 3534 1781 actionum
3557 1740 3679 1794 quin

413 1812 504 1893 τες
536 1799 629 1851 καὶ
669 1801 779 1893 τῶν
816 1800 926 1874 (14)
975 1804 1077 1874 τῆς
1124 1805 1245 1859 καθ’
1295 1807 1522 1872 ἑαυτοὺς
1558 1810 1752 1877 γενεᾶς
1779 1808 1988 1879 ἔχοντες

2097 1799 2207 1880 huc
2234 1834 2288 1879 et
2310 1823 2525 1878 illarum
2570 1838 2690 1893 quae
2725 1822 2849 1876 illuc
2889 1829 3156 1890 spectant.
3190 1818 3460 1874 Fortassis
3495 1830 3676 1872 autem

412 1891 689 1962 ἀρχιερεῖς
740 1892 950 1947 ἔσονται
1002 1896 1146 1949 κατά
1184 1897 1284 1968 τὴν
1313 1896 1466 1963 τάξιν
1519 1899 1748 1971 Ἀαρὼν,
1795 1900 1891 1953 καὶ
1936 1902 1988 1953 oi

2099 1917 2187 1987 qui
2222 1917 2433 1971 czeteris
2463 1930 2575 1971 sua:
2609 1915 2787 1969 aetatis
2820 1912 3134 1968 hominibus
3165 1912 3366 1965 virtute
3395 1920 3676 1980 praestant,

412 1982 553 2035 κατά
592 1983 690 2054 τὴν
743 1982 895 2050 τάξιν
954 1987 1308 2058 Μελχισεδέκ.
1368 1990 1493 2044 Ἐὰν
1543 1992 1651 2062 γάρ
1700 2009 1784 2055 τις
1832 1991 1996 2045 ἀνθυ-

413 2075 625 2149 ποφέρῃ
687 2077 822 2149 πρὸς
872 2078 1031 2132 τοῦτο
1086 2082 1322 2152 νομίζων
1358 2084 1507 2154 ἡμᾶς
1552 2084 1768 2137 ἀσεϐεῖν
1802 2085 1863 2138 τὸ
1903 2084 1996 2138 τοῦ

409 2169 712 2241 ἀρχιερέως
761 2170 932 2242 ὄνομα
984 2172 1286 2238 τάσσοντας
1344 2177 1430 2228 ἐπ’
1482 2174 1818 2246 ἀνθρώπων,
1875 2178 1997 2230 ἐπεὶ

411 2258 680 2331 πολλαχοῦ
769 2260 978 2333 Ἰησοῦς
1061 2263 1236 2332 μέγας
1281 2263 1480 2334 Ἱερεὺς
1556 2265 1991 2336 προφητεύεταιο

415 2353 669 2422 Ἕχομεν
702 2354 814 2424 γὰρ
859 2357 1134 2425 ἀρχιερέα
1167 2357 1379 2428 μέγαν,
1411 2358 1810 2428 διεληλυθότα
1854 2362 1996 2428 τοὺς

411 2444 727 2512 οὐρανοὺς,
775 2445 1009 2514 Ἰησοῦν
1062 2447 1169 2502 τὸν
1225 2448 1362 2502 Υὶὸιν
1406 2449 1513 2503 τοῦ
1572 2450 1739 2503 Θεοῦ·
1776 2451 1995 2504 λεκτέον

411 2536 548 2607 πρὸς
601 2538 786 2602 αὑτὸν,
827 2540 908 2592 ὅτι
942 2542 971 2593 ὁ
1025 2540 1348 2604 Ἀπόστολος
1394 2542 1781 2613 ἐπεσημήνατο
1821 2542 1993 2611 λέγων

408 2628 501 2681 τὸν
557 2630 849 2701 Προφήτην
907 2631 1187 2701 εἰρηκέναι
1233 2631 1361 2703 περὶ
1415 2631 1509 2685 τοῦ
1564 2632 1801 2703 Χριστοῦ
1855 2633 1988 2704 (15)·

409 2720 497 2774 Σὺ
533 2722 742 2790 ’ἱερεὺς
765 2725 852 2789 εἰς
888 2721 995 2777 τὸν
1019 2722 1205 2777 αἰῶνα
1234 2724 1382 2778 κατὰ
1418 2723 1534 2793 τὴν
1572 2724 1745 2790 τάξιν
1772 2729 1989 2793 Μελχι-

407 2812 612 2878 σεδὲκ,
655 2815 749 2868 καὶ
787 2816 849 2868 οὐ
889 2816 1030 2869 κατά
1066 2815 1165 2886 τὴν
1196 2814 1349 2880 τάξιν
1395 2815 1635 2887 Ἀαρών·
1671 2818 1765 2886 ἀφ’
1797 2812 1858 2872 οὗ
1892 2819 1988 2871 καὶ

406 2907 571 2974 ἡμεῖς
597 2905 854 2968 λαϐόντες
892 2906 1069 2976 φαμὲν
1104 2904 1246 2959 κατὰ
1282 2907 1379 2976 μὲν
1424 2906 1523 2979 τὴν
1565 2906 1719 2973 τάξιν
1775 2907 1989 2978 Ἀαρὼν

406 2995 730 3066 ἀνθρώπους
777 2996 1035 3050 δύνασθαι
1075 2992 1215 3050 εἶναι
1263 2998 1557 3069 ἀρχιερεῖς⁹
1596 2998 1739 3053 κατά
1785 2999 1842 3053 δὲ
1893 2999 1990 3072 τὴν

405 3086 557 3154 τάξιν
583 3087 919 3158 Μελχισεδὲκ
947 3088 1037 3143 τὸν
1076 3088 1309 3161 Χριστὸν
1331 3088 1426 3143 τοῦ
1460 3089 1616 3144 Θεοῦ.

474 3423 526 3478 1.
553 3423 742 3496 Πάσης
769 3424 948 3478 τοίνυν
990 3424 1122 3495 ἡμῖν
1158 3424 1408 3496 πράξεως
1461 3425 1572 3500 (16)
1616 3428 1985 3501 ἀνακειμένης

402 3515 543 3585 θεῷ,
580 3516 675 3570 καὶ
729 3515 931 3579 παντὸς
961 3514 1054 3569 τοῦ
1091 3516 1226 3587 βίου,
1270 3519 1394 3572 ἐπεὶ
1444 3517 1745 3589 σπεύδομεν
1790 3520 1882 3572 ἐπὶ
1917 3520 1986 3574 τά

401 3608 705 3678 κρείττονα,
732 3607 825 3660 καὶ
859 3606 1197 3678 βουλομένων
1229 3609 1388 3680 ἡμῶν
1428 3609 1571 3681 ἔχειν
1604 3611 1783 3664 πᾶσαν
1815 3611 1985 3682 αὐτὴν

400 3698 657 3769 ἀπαρχὴν
686 3697 794 3751 τῶν
820 3697 1030 3752 πολλῶν
1062 3699 1350 3773 ἀπαρχῶν,
1385 3701 1437 3754 ετ
1453 3718 1516 3770 γε
1541 3701 1614 3772 μὴ
1642 3701 1983 3772 σφαλλόμεθα

398 3789 557 3844 τοῦτο
578 3792 908 3861 νομίζοντες,
948 3790 1105 3844 ποίαν
1151 3793 1317 3863 ἐχρῆν
1365 3787 1525 3856 εἶναι,
1577 3792 1715 3863 μετά
1755 3791 1814 3844 τὸ
1844 3792 1985 3847 κατὰ

397 3881 462 3933 τὸ
494 3881 653 3952 σῶμα
691 3881 1023 3953 κεχωρίσθαι
1056 3883 1207 3952 ἡμᾶς
1237 3882 1501 3955 ἀλλήλων,
1540 3883 1899 3954 διαφέρουσαν
1947 3883 1980 3954 ἢ

396 3972 496 4042 ⁸,τὴν
527 3973 657 4043 περὶ
705 3971 1034 4041 Εὐαγγελίου
1070 3971 1343 4038 egeram;
1392 3974 1503 4026 Καὶ
1545 3972 1653 4043 γὰρ
1685 3972 1981 4043 τολμητέον

397 4067 573 4119 εἰπεῖν
595 4063 787 4119 πασῶν
806 4065 915 4118 τῶν
940 4065 1172 4139 Γραφῶν
1198 4062 1335 4118 εἶναι
1365 4065 1620 4137 ἀπαρχὴν
1649 4065 1711 4119 τὸ
1733 4066 1980 4135 Εὐαγγέ-

398 4158 529 4210 λιον.
574 4157 857 4231 Ἀπαρχὴν
887 4152 979 4211 οὖν
1005 4156 1276 4229 πράξεων,
1305 4156 1366 4224 ἐξ
1394 4151 1455 4212 οὗ
1478 4156 1588 4228 (17)
1622 4160 1688 4229 τῇ
1729 4157 1980 4221 Ἀλεξαν-

396 4248 553 4321 δρείᾳ
591 4249 1087 4321 ἐπιδεδημηκαμεν,
1124 4247 1243 4301 τίνα
1297 4247 1462 4319 ἄλλην
1504 4248 1537 4319 ἢ
1589 4248 1689 4318 τὴν
1746 4250 1828 4312 εἰς
1879 4248 1980 4319 τὴν

394 4338 653 4410 ἀπαρχὴν
683 4338 794 4392 τῶν
826 4338 1059 4411 Γραφῶν
1080 4338 1246 4410 ἐχρῆν
1274 4338 1588 4407 γεγονέναι;
1608 4338 1730 4411 Χρὴ
1757 4338 1815 4392 δὲ
1834 4340 1981 4411 ἡμᾶς

396 4432 597 4487 εἰδέναι
622 4432 684 4486 οὺ
711 4432 905 4487 ταυτὸν
933 4427 1074 4485 εἶναι
1114 4431 1222 4504 (18)
1266 4431 1521 4503 ἀπαρχὴν
1544 4431 1640 4485 καὶ
1671 4432 1981 4502 πρωτογέν-

395 4535 564 4590 νημα.
598 4518 757 4574 Μετά
785 4520 895 4591 γὰρ
925 4520 1052 4583 τοὺς
1088 4519 1295 4583 πάντας
1314 4520 1559 4591 καρποὺς
1583 4520 1914 4592 ἀναφέρεται
1943 4523 1976 4593 ὴ

438 4648 439 4651 ‘
471 4635 517 4667 "
544 4633 711 4691 Hebr.
735 4648 811 4700 ιν,
842 4635 929 4691 ﬂ.
1006 4635 1054 4667 “
1081 4633 1227 4691 Psal.
1253 4650 1364 4703 ets,
1392 4636 1444 4692 4.

2099 2008 2295 2062 summi
2332 2010 2642 2063 sacerdotes
2680 2016 2860 2070 erunt,
2884 2007 3038 2075 juxta
3064 2006 3241 2058 Aaron
3274 2004 3543 2066 ordinem,
3570 2017 3675 2055 non

2094 2105 2244 2175 juxta
2278 2102 2521 2156 ordinem
2557 2099 2978 2154 Melchisedech.
3014 2097 3167 2163 Quod
3205 2097 3249 2151 si
3293 2096 3414 2164 quis
3455 2095 3678 2165 objiciat

2098 2210 2197 2250 nos
2230 2194 2410 2248 minus
2439 2193 2493 2246 in
2526 2193 2629 2246 hoc
2661 2192 2748 2260 pic
2774 2190 2999 2252 sentire,
3020 2188 3163 2256 quod
3193 2189 3388 2241 summi
3419 2187 3678 2241 sacerdo-

2099 2286 2168 2342 tis
2207 2300 2403 2340 nomen
2453 2285 2521 2339 ad
2573 2283 2824 2338 homines
2872 2281 3201 2351 redigimus,
3232 2280 3488 2348 quoniam
3531 2294 3677 2349 saape

2095 2378 2254 2434 Jesus
2292 2393 2517 2448 magnus
2564 2375 2834 2431 Sacerdos
2863 2389 2891 2427 a
2927 2372 3207 2442 prophetis
3250 2381 3478 2426 vocatur
3510 2385 3526 2423 :
3564 2370 3676 2424 lla-

2096 2473 2275 2525 bemus
2304 2470 2462 2533 enim,
2496 2468 2675 2538 inquit
2704 2466 2773 2534 ’3,
2801 2465 3126 2521 sacerdotem
3155 2478 3426 2533 magnum,
3449 2463 3539 2530 qui
3576 2478 3676 2517 εωο

2094 2566 2173 2617 los
2200 2562 2510 2634 penetravit,
2541 2558 2725 2613 Jesum
2756 2556 2959 2611 Filium
2991 2555 3088 2610 Dei
3122 2573 3142 2621 ;
3178 2555 3304 2609 huic
3348 2554 3676 2624 responden—

2093 2662 2222 2714 dum
2246 2665 2330 2709 est
2359 2653 2672 2722 Apostolum
2702 2650 2754 2703 id
2785 2658 3022 2711 notasse,
3048 2662 3170 2701 cum
3200 2647 3404 2701 diceret
3437 2644 3677 2714 Prophe~

2094 2757 2204 2803 tam
2235 2747 2302 2801 dc
2328 2746 2545 2801 Christo
2592 2742 2832 2798 locutum
2880 2738 3068 2800 fuisse,
3113 2752 3234 2794 cum
3268 2737 3560 2807 inquit“:
3596 2736 3676 2790 Tt.

2092 2857 2146 2896 es
2174 2839 2438 2896 Sacerdos
2468 2839 2521 2890 in
2569 2846 2821 2891 aeternum
2856 2836 3144 2887 secundum
3187 2832 3423 2887 ordinem
3457 2829 3677 2885 Heleni-
3788 2822 3791 2827 λ

2091 2935 2297 2997 sedech,
2321 2942 2377 2987 et
2406 2947 2512 2985 non
2544 2930 2838 2986 secundum
2866 2927 3112 2981 ordinem
3138 2927 3319 2980 Aaron
3347 2943 3361 2991 ;
3398 2923 3544 2987 inde,
3584 2937 3676 2976 ar—

2092 3038 2243 3100 repta
2263 3027 2577 3090 occasione,
2594 3023 2823 3078 dicimus
2848 3020 2962 3073 lieri
2998 3033 3159 3087 posse
3176 3028 3234 3072 ut
3258 3016 3671 3085 hominesjuxta

2093 3121 2324 3177 Aaronis
2357 3118 2601 3173 ordinem
2640 3115 2751 3170 sint
2782 3113 2979 3168 summi
3008 3111 3342 3172 sacerdotes,
3373 3106 3671 3176 cumjuxta

2014 3236 2057 3294 ο
2091 3214 2336 3268 ordinem
2374 3208 2762 3266 Melchisedech
2796 3206 3129 3261 sacerdotem
3155 3217 3276 3258 esse
3308 3202 3377 3256 ad
3395 3201 3671 3257 Christum

2094 3306 2189 3361 Dei
2220 3303 2416 3358 Filium
2444 3301 2732 3371 pertineat.

2164 3397 2217 3453 4.
2252 3394 2410 3450 Omni
2444 3395 2627 3462 itaque
2659 3390 2894 3449 actione,
2915 3397 2969 3443 et
3000 3396 3112 3443 tota
3143 3387 3251 3441 vita
3284 3383 3536 3456 nostrai
3564 3385 3675 3439 Deo

2092 3489 2294 3553 dicata,
2327 3485 2580 3556 quoniam
2612 3482 2680 3535 ad
2711 3480 3088 3551 praestantiora
3125 3492 3321 3546 magno
3346 3476 3525 3530 studio
3550 3490 3675 3529 con-

2092 3583 2385 3646 tendimus,
2438 3574 2888 3646 cupientibusque
2942 3569 3096 3625 nobis
3151 3568 3419 3639 primitias
3480 3582 3671 3622 omnes

2092 3676 2386 3729 multarmn
2423 3668 2783 3738 primitiarum
2829 3663 3052 3728 habere,
3095 3661 3196 3715 nisi
3226 3660 3330 3714 hoc
3350 3659 3666 3713 existimau-

2091 3779 2175 3822 tes
2220 3765 2544 3832 decipimur,
2576 3773 2824 3829 quaenam
2878 3755 2996 3808 alite
3046 3753 3199 3806 nobis
3233 3751 3485 3820 primitiae
3523 3763 3661 3818 prm—

2089 3861 2382 3918 stautiores
2406 3871 2525 3911 esse
2560 3853 2897 3915 debuerunt,
2929 3860 3279 3921 posteaquam
3317 3853 3502 3900 mutua
3538 3858 3659 3898 cor-

2088 3953 2238 4024 poris
2291 3946 2682 4007 consuetudine
2735 3944 2963 4015 sejuncti
3020 3956 3245 4005 sumus,
3292 3953 3455 4008 quam
3509 3936 3666 3991 insti-

2091 4057 2243 4103 tuere
2269 4046 2335 4099 de
2377 4040 2672 4112 Evangelio
2704 4038 3129 4108 disputationem
3154 4034 3179 4088 ?
3217 4033 3427 4088 Etenim
3457 4029 3668 4084 auden-

2091 4142 2218 4196 dmn
2271 4148 2358 4193 est
2407 4134 2593 4190 dicere
2638 4133 2877 4186 omnium
2939 4129 3342 4199 Scripturarum
3396 4121 3677 4195 primitias

2086 4230 2441 4303 Evangelium
2465 4242 2605 4282 esse.
2623 4223 2701 4280 Ex
2722 4237 2829 4293 quo
2852 4222 3019 4292 igitur
3036 4230 3276 4290 tempore
3292 4213 3673 4270 Alexandriam

2086 4327 2455 4397 pervenimus,
2476 4332 2741 4392 quasnam
2775 4315 2910 4369 alias
2940 4327 3064 4368 esse
3085 4309 3325 4382 oportuit
3356 4316 3672 4362 nostrarum

2087 4396 2367 4475 actionum
2411 4411 2683 4485 primitias
2732 4421 2892 4479 quam
2922 4407 2977 4459 in
3022 4403 3431 4472 Scripturarum
3480 4396 3673 4466 primi-

2088 4510 2223 4570 tiis?
2252 4508 2361 4565 Sed
2391 4506 2626 4562 sciamus
2647 4514 2871 4555 necesse
2899 4506 2984 4552 est
3008 4510 3114 4550 non
3146 4495 3285 4548 idem
3341 4504 3461 4545 esse
3501 4488 3678 4557 ἀπαρ-

470 4728 581 4800 (ιι)
596 4800 608 4802 _
620 4731 1100 4802 ['rrpqlwgaatc‘z
1125 4730 1240 4798 τὴν
1263 4735 1372 4802 μεὶς,
1390 4731 1564 4802 τοῦτο
1593 4732 1926 4802 διαφορὰν..
1938 4773 1973 4788 ..

2091 4713 3156 4802 Οιιεεετρωτοχεννὴμαῖἓρῗῖξῗηίὲ-ἳξ.
3174 4708 3674 4802 LPE..'.!"E'BEE'£$

403 4776 651 4865 ’[ιέέὲδὲ
671 4776 1973 4872 exaggae;me;ii'ac'.':;:u17.‘:;.;;.1i

2091 4776 2380 4872 ᾖιῖιῖεῌιιίιι,
2405 4776 2659 4872 dicuninr
2690 4776 2930 4872 Hebraeis
2958 4792 3164 4872 ,φησὶ
3211 4792 3408 4872 εἰς]ςοί
3421 4792 3480 4872 gn

404 4871 672 4993 llatﬁium,
704 4874 800 4925 sed
836 4873 1198 4926 restituuntur
1243 4887 1311 4926 ex
1353 4873 1512 4927 codd.
1567 4871 1876 4929 Barberino
1925 4881 1979 4928 et

491 4962 498 4979 ι
544 4955 720 4993 etano.

491 4940 720 4993 ntleiano.

466 5008 586 5089 (15)
626 5008 776 5089 ῌερὶ.
809 5009 917 5089 τοὶξ
962 5012 1244 5089 Χριστοῦ.
1303 5012 1460 5081 Apud
1518 5011 1774 5069 lluetium
1826 5014 1981 5069 deest

392 5078 517 5142 τοῦ,
556 5078 649 5133 Sed
677 5078 872 5142 legitur
905 5082 959 5135 in
990 5078 1193 5136 nostris
1226 5078 1359 5136 mss.

470 5147 581 5214 (16)
601 5147 898 5217 Πράξεως.
947 5150 1132 5206 Codex
1174 5151 1520 5215 Bodleianus,
1571 5150 1797 5216 τάξεως.
1856 5151 1979 5206 Mox

442 5233 500 5291 ro
521 5218 647 5291 ἐπεῖ
696 5218 1000 5291 σπεύδομεν
1057 5223 1200 5291 quod
1260 5221 1433 5277 nostri
1486 5221 1690 5276 habent
1736 5222 1978 5288 codices,

418 5289 595 5363 agitur
628 5289 681 5363 in
716 5298 871 5363 textu
903 5289 1046 5363 apu_d
1077 5289 1329 5363 Huetinm
1355 5291 1806 5363 ὲπῖᾼσπεύδομεν.

469 5358 582 5429 (17)
629 5357 1074 5429 Ἀπαρχὴν“οὗν
1099 5360 1394 5428 πράξεων,
1421 5361 1490 5425 ἐξ
1524 5357 1622 5427 οὗ,
1655 5357 1760 5416 etc.
1811 5360 1979 5416 Nimi-

403 5443 524 5501 rum
563 5440 849 5501 postquam
887 5431 1172 5485 Antiochia
1226 5433 1404 5498 rediit,
1447 5447 1555 5501 quo
1590 5449 1618 5486 a
1681 5430 1972 5501 ﬂammea,

402 5497 718 5553 Alexandri
739 5499 928 5555 Severi
970 5511 1163 5566 matre,
1213 5497 1396 5556 fuerat
1435 5497 1754 5556 accersitus.
1821 5499 1976 5555 Tunc

398 5568 979 5640 enimcommentariis
1031 5570 1311 5626 illustrare
1356 5572 1698 5640 Scripturam
1743 5585 1976 5624 exorsus

398 5648 504 5692 est.
539 5639 597 5693 ld
625 5656 757 5695 vero
787 5656 1004 5703 munus,
1033 5641 1271 5695 Achaico
1324 5639 1525 5696 itinere
1577 5643 1971 5696 intermissmn.

402 5711 698 5778 resumpsit
720 5710 1106 5764 Alexandriam
1138 5711 1316 5773 denuo
1373 5727 1625 5766 reversus
1645 5751 1660 5777 ,
1692 5721 1752 5765 ut
1803 5710 1975 5765 fusius

399 5780 455 5831 in
490 5777 828 5847 Origenianis
859 5779 1217 5839 ostendimus.
1253 5779 1513 5837 "UE'I'IUS.

477 5848 587 5922 (18)
613 5848 737 5918 Χρὴ
777 5849 842 5903 δὲ
876 5847 1033 5918 ἡμᾶς
1064 5848 1281 5906 ειδέναι
1316 5854 1387 5908 οὐ
1418 5849 1635 5906 ταυτὸν
1666 5852 1843 5918 εἶναι,
1866 5860 1972 5908 etc.

2082 4845 2452 4933 ὖῖιξνίἧῖεέτὶε
2477 4845 2710 4914 necdum
2731 4854 3026 4933 elaboratis
3059 4853 3169 4905 Deo
3207 4845 3481 4933 oliérenda
3517 4845 3670 4933 ergi—

2084 4913 2618 5008 Sié'baiiilﬂ'.“néqug
2647 4941 2841 5008 magna
2875 4923 3055 5008 copia,
3100 4935 3288 5008 neque
3308 4913 3673 5008 cert—aAOEe:

2085 4986 2354 5063 rebantur
2378 4986 2563 5055 autem
2594 4986 3119 5064 festovprimitiarum
3154 4986 3394 5064 tempore
3422 4986 3528 5058 πρὸ
3560 4986 3675 5064 τῶν

2088 5055 2317 5132 πάντων
2332 5055 2584 5143 καρπῶν,
2605 5055 2773 5143 ju!_t_ta'
2813 5055 3347 5143 prmceptunt_Exotli
3377 5055 3535 5143 italu,

2088 5123 2423 5204 ὦτίιίἶί
2454 5123 3036 5204 νενόόῐΐειέίιιιοτιιὴι
3094 5132 3231 5185 ritus
3280 5129 3513 5182 traditur
3564 5123 3666 5178 Le-

2082 5202 2180 5272 vit.
2212 5233 2273 5280 n,
2304 5214 2388 5267 14.
2415 5212 2482 5264 At
2519 5207 2767 5280 ἀπαρχαὶ
2796 5202 2997 5280 Iudaeis
3032 5212 3158 5280 sunt
3190 5209 3409 5280 mann
3432 5211 3551 5267 quae
3587 5207 3668 5280 ex

2080 5273 2359 5341 universis
2386 5273 2771 5346 frugibus'j'am
2805 5273 3101 5349 elaboratis
3147 5274 3422 5349 sepositas,
3477 5279 3666 5349 sacer:

2080 5339 2306 5413 dotibus
2336 5339 2694 5406 tradebantur
2710 5361 2786 5422 ea
2843 5344 2996 5422 copia
3056 5358 3178 5422 qua;
3210 5339 3468 5422 'am'plior
3500 5344 3667 5422 esset

2080 5409 2417 5496 sexagesima
2453 5429 2635 5496 parte,
2653 5420 2828 5471 minor
2844 5409 3667 5496 quadragesima.Etesonmj-

2083 5478 2409 5563 b'ttsoigitur
2454 5478 2722 5563 'l‘rugi'bus
2795 5478 3223 5563 excernerentur
3296 5478 3661 5563 Τιιειιιιιιοτε,

2081 5551 2595 5634 ΓνιιμεἼιηὶγειεξιξ
2614 5558 2754 5634 ῙξιιῐιΔ
2776 5551 3189 5634 antehcollectas
3238 5551 3662 5634 esse_0portpit.

2084 5614 2697 5705 qui—Sd'contingcbat'in
2730 5624 2864 5679 festo
2898 5623 3251 5705 Perttec‘ostes
3278 5660 3293 5684 ,
3329 5630 3389 5672 ut
3417 5614 3517 5705 ést‘.‘
3557 5614 3662 5705 llae-

2084 5685 2498 5765 Ji’ti'xh'uns";
2522 5698 2684 5751 Num.
2716 5710 2908 5753 xxvut.
2938 5690 3044 5765 Eli;
3077 5690 3295 5745 Deuter.
3334 5704 3448 5765 _x_vl.
3482 5685 3540 5751 9,
3567 5685 3660 5742 10.

2087 5759 2225 5830 sunt
2251 5759 2949 5843 qui'pritnitiasmovorum
2991 5761 3264 5843 fructuum
3300 5759 3512 5843 oblatas
3563 5770 3661 5843 νιξ-

2085 5828 2411 5901 luntm'ens'e
2442 5835 2614 5903 Ttsnt,
2650 5836 2787 5893 festo
2813 5828 3180 5904 Secuopegim.
3215 5828 3348 5885 Nam
3383 5838 3496 5884 tum
3540 5828 3667 5901 uni:
