4174 6466
549 393 615 447 37
1998 385 2319 445 OlthENlS
3735 379 3804 432 ‘38

548 516 650 581 χὴν
697 509 1018 582 ἷιιιῆιιιίιίιιδ]
1058 521 1112 565 et
1167 511 1600 583 πρωτογέννημα
1651 511 1914 584 [primam
1965 513 2120 582 geni-
2153 545 2196 601 Α

552 599 780 673 turam].
844 603 1126 672 Siquidem
1181 614 1305 673 post
1350 620 1540 661 omnes
1584 604 1792 660 fructus
1840 605 2125 660 dedicatur

547 694 772 766 ἀπαρχὴ
804 694 1102 768 [primitiae]
1136 708 1305 762 ;ante
1350 713 1541 753 omnes
1575 714 1704 756 vero
1749 698 1958 754 fructus
1982 717 2128 771 πρω-

547 783 854 854 τογέννημα
883 783 1080 855 [prima
1107 787 1400 858 genitura].
1431 787 1663 842 Proinde
1697 787 1841 842 haud
1875 791 2125 857 equidem

2227 510 2469 583 ἀπαρχὴ,
2487 508 2592 579 7:96
2617 509 2672 561 δὲ
2692 507 2905 561 πάντων
2926 506 2985 560 τὸ
3016 504 3464 578 πρωτογέννημα.
3493 501 3614 554 Τῶν
3631 501 3806 554 τοίνυν

2231 602 2546 674 φερομένων
2576 599 2808 670 ι’ραφῶν
2843 599 2936 652 κα).
2973 600 3028 650 ὲν
3069 597 3268 657 πάσαις
3299 592 3644 664 Ἐκκλησίαις
3669 592 3805 645 Θεοῦ

2231 692 2674 762 πεπιστευμένων
2691 686 2830 743 εἶναι
2863 688 3020 742 οείων
3054 689 3153 740 οὐκ
3180 686 3247 739 ἂν
3266 685 3503 755 ἁμάρτοι
3522 702 3606 748 τις
3632 684 3808 751 λέγων

2231 783 2662 854 πρωτογέννημα
2692 783 2789 853 μὲν
2819 782 2910 834 τὸν
2938 780 3217 842 Μωῦσέως
3252 780 3435 848 νόμον,
3470 777 3724 848 ἀπαρχὴν
3751 777 3808 830 δὲ

550 875 674 940 quis
723 875 1022 939 aberrabit,
1056 876 1100 930 si
1165 892 1228 932 ex
1263 879 1514 934 omnibus
1552 879 1853 949 Scripturis
1901 896 2022 950 qua:
2072 881 2124 933 in

2240 877 2290 929 τὸ
2325 876 2672 944 Εὐαγγέλιον·
2700 873 2838 944 μετὰ
2866 873 2973 945 γὰρ
3007 875 3131 935 τοὺς
3161 873 3367 934 πάντας
3391 870 3498 924 τῶν
3515 867 3806 941 προφητῶν

549 966 804 1020 omnibus
836 966 1093 1023 Eeclesiis
1130 978 1182 1024 et
1206 968 1458 1024 feruntur
1481 980 1536 1024 et
1568 972 1865 1025 creduntur
1887 987 2010 1027 esse
2047 972 2130 1025 di-

549 1059 710 1124 vium,
744 1059 942 1130 Moysis
965 1060 1139 1133 legem
1181 1063 1381 1118 dixerit
1407 1065 1842 1137 πρωτογέννημα
1872 1065 2126 1136 [primam

2231 970 2498 1041 καρποὺς,
2535 968 2642 1021 τῶν
2692 969 2852 1040 μέχρι
2886 966 2980 1020 τοῦ
3025 965 3230 1037 Κυρίου
3289 962 3487 1034 Ἰησοῦ,
3534 963 3564 1014 6
3605 961 3808 1024 τέλειος

2237 1062 2535 1134 ἐϐλάστησε
2561 1062 2736 1128 λόγος.

551 1153 915 1229 genituram].
945 1157 1293 1229 Evangelium
1321 1176 1448 1215 vero
1487 1161 1743 1233 ἀπαρχὴν
1775 1159 2120 1232 [primitias],
2175 1159 2613 1229 quandoquidem
2654 1166 2774 1228 post
2820 1169 3011 1210 omnes
3046 1154 3433 1225 prophetarum
3471 1151 3682 1208 fructus
3715 1151 3805 1220 qui

551 1250 770 1306 fuerunt
795 1268 964 1323 usque
991 1255 1058 1309 ad
1092 1254 1379 1310 Dominum
1406 1255 1617 1321 Jesnni,
1647 1257 1921 1326 perfectus
1952 1256 2041 1311 ille
2075 1273 2254 1312 sermo
2287 1255 2629 1324 germinavit.

621 1345 676 1400 5.
710 1345 860 1411 Quod
914 1346 958 1402 si
1011 1359 1234 1418 pr0pter
1287 1351 1791 1420 interpretationem
1834 1351 2016 1405 datam
2056 1355 2124 1422 τῇ

550 1437 775 1508 ἀπαρχῇ
804 1438 1125 1513 [primitiis].
1157 1442 1415 1497 reclamet
1444 1444 1642 1513 aliquis
1687 1448 1878 1504 dicens
1908 1465 2124 1504 rursum

554 1540 676 1594 post
709 1529 998 1602 Evangelia
1056 1534 1401 1591 circumferri
1441 1538 1606 1591 etiam
1653 1549 1766 1593 tum
1819 1541 1976 1604 Acta,
2013 1552 2124 1592 tum

554 1616 821 1685 Epistolas
851 1627 1242 1694 apostolorum,
1268 1637 1322 1682 et
1362 1627 1566 1682 idcirco
1597 1631 1698 1684 hoc
1726 1633 1904 1685 minus
1940 1649 2126 1685 verum

551 1727 674 1766 esse
722 1717 864 1783 quod
916 1719 1170 1788 superius
1200 1721 1268 1774 de
1307 1719 1411 1774 hoc
1465 1722 1725 1778 vocabulo
1783 1725 2126 1788 tradidimus,

555 1815 745 1870 nempe
785 1804 1130 1876 Evangelium
1175 1810 1337 1864 totius
1371 1807 1664 1880 Scriptura:
1707 1812 1958 1884 ἀπαρχὴν
1991 1811 2128 1884 [pri-

555 1892 756 1966 mitias]
785 1911 944 1963 esse;
973 1899 1258 1954 dicendum
1290 1915 1422 1956 sane
1450 1911 1534 1956 est
1565 1917 1755 1956 eorum
1785 1905 1876 1974 qui
1907 1909 2127 1972 sapien-

555 1991 636 2034 tes
687 1983 739 2036 in
777 1985 1016 2056 Christo,
1046 1991 1248 2059 quique
1290 2006 1354 2044 ex
1410 1991 1496 2046 his
1550 1993 1829 2061 praedictis
1875 1995 2130 2064 Epistolis

555 2075 838 2131 utilitatem
863 2068 1246 2150 'perceperunt
1285 2083 1640 2152 quidem,sed
1689 2097 1889 2147 tamen.
1929 2103 2039 2156 quo
2067 2089 2128 2140 ti-

553 2166 674 2219 dem
709 2181 1017 2226 mereantur
1043 2214 1060 2240 ,
1094 2174 1336 2246 indigent
1367 2177 1690 2231 testimoniis
1711 2192 1835 2247 quae
1866 2179 1916 2230 in
1948 2177 2127 2248 legali.

557 2261 656 2312 lius
681 2272 733 2315 et
772 2264 1103 2332 propheticis
1132 2267 1350 2336 scriptis
1395 2271 1768 2335 continentur,
1817 2270 1958 2324 hanc
2009 2285 2128 2324 esse

556 2362 790 2408 tuentem
822 2365 885 2410 ut
925 2359 1204 2427 sapientiae
1244 2361 1462 2430 quidem
1494 2362 1650 2431 plena
1679 2372 1734 2416 et
1770 2362 2047 2418 credibilia
2075 2373 2130 2418 et

555 2447 907 2504 vehementer
935 2452 1142 2507 saneita
1191 2454 1490 2524 apostolica
1524 2471 1644 2511 esse
1681 2458 1888 2522 dicant,
1921 2459 2014 2512 sed
2063 2459 2130 2512 iis

557 2539 871 2607 neutiquam
899 2544 1200 2600 consimilia
1239 2563 1257 2600 :
1288 2545 1419 2601 "(re
1443 2547 1569 2601 dicit
1607 2547 1864 2603 Dominus
1893 2550 2130 2619 omnipo-

554 2639 668 2684 tens
699 2631 766 2685 ”.
797 2632 863 2688 Et
903 2634 1045 2692 hanc
1089 2637 1160 2692 ob
1213 2653 1432 2695 causam
1489 2639 1694 2709 inspice
1741 2640 2132 2711 complectatur

559 2737 728 2777 necne
751 2740 878 2779 suas
896 2725 1166 2796 Epistolas
1184 2728 1382 2787 Paulus
1398 2746 1519 2786 cum
1543 2732 1673 2786 dicit
1688 2733 1754 2784 “:
1777 2730 1962 2786 Omnis
1984 2732 2132 2788 Scri-

555 2823 713 2877 ptura
739 2815 913 2886 aﬂlam
947 2820 1158 2884 prodita
1198 2821 1343 2874 utilis
1377 2832 1450 2875 est
1479 2837 1499 2885 ;
1528 2832 1727 2875 etcum
1771 2822 1847 2875 ait
1873 2823 1918 2854 ’ν
1957 2840 1970 2874 :
2002 2823 2130 2876 Dico

555 2923 672 2974 ego,
689 2924 791 2962 non
825 2907 1114 2977 Dominus;
1141 2922 1196 2967 et
1229 2913 1358 2968 illud
1379 2914 1426 2946 ⁸⁸
1447 2933 1459 2966 ;
1481 2912 1570 2969 Sic
1600 2917 1655 2967 in
1680 2917 1920 2968 omnibus
1946 2915 2133 2970 Bede--

555 2998 652 3093 siis
669 3000 865 3093 _ordino
880 3002 1228 3093 ;_iten.que":
1252 3003 1448 3069 Qualia
1473 3021 1658 3073 passus
1683 3021 1797 3058 sum
1818 3006 2130 3072 Antiochia,
2161 3037 2203 3093 ο

557 3087 610 3158 5
658 3086 848 3153 lconii,
891 3090 1113 3162 ιῃκινίε,
1141 3105 1196 3149 et
1237 3095 1320 3151 his
1359 3095 1578 3160 similia,
1617 3097 1884 3151 interdum
1917 3097 1984 3150 ab
2013 3097 2132 3164 ipso

560 3181 785 3251 scripta,
819 3193 875 3237 ct
899 3185 1050 3253 juxta
1087 3195 1434 3254 potestatem,
1471 3203 1578 3243 non
1618 3196 1799 3243 tamen
1833 3188 2130 3241 secundum

558 3285 876 3330 accuratam
906 3277 1280 3333 sinceritatem
1309 3295 1647 3345 sermonum,
1678 3283 1769 3352 qui
1803 3291 2021 3335 suntex
2057 3282 2135 3334 di-

561 3363 686 3417 vina
723 3365 1098 3434 inspiratione.
1137 3367 1340 3424 Deinde
1385 3370 1489 3424 hoc
1523 3370 1690 3425 etiam
1738 3370 2133 3424 ostendendum

561 3467 647 3511 est
678 3466 919 3512 veterem
949 3458 1286 3529 Scripturam
1321 3475 1426 3516 non
1459 3476 1578 3516 esse
1613 3461 1984 3531 Evangelium,
2017 3477 2136 3530 qua:

560 3547 870 3602 venientem
911 3564 1016 3604 non
1053 3551 1326 3617 ostendit,
1381 3552 1474 3606 sed
1509 3553 1872 3622 przenuntiat;
1919 3567 2134 3607 omnem

565 3649 697 3690 vero
727 3651 946 3703 novam,
975 3638 1324 3711 Evangelium
1358 3656 1511 3709 esse,
1545 3657 1668 3712 qua!
1703 3659 1809 3698 non
1841 3645 2013 3699 solum
2034 3685 2050 3708 ,
2079 3655 2138 3698 nt

568 3727 623 3781 in
655 3726 930 3797 Evangelii
985 3730 1139 3785 initio
1186 3734 1448 3801 scriptum
1484 3744 1600 3798 est,
1629 3735 1739 3789 ait:
1785 3733 1924 3790 Ecce
1956 3735 2137 3805 Agnus

563 3819 685 3885 Dei,
711 3837 826 3876 ecce
853 3824 942 3893 qui
967 3823 1141 3894 aufert
1179 3835 1392 3891 peccata
1429 3828 1615 3880 mundi
1643 3825 1709 3895 '°,
1750 3842 1936 3909 verum
1967 3828 2135 3882 etiam

563 3930 686 3979 qua:
733 3916 913 3971 varias
959 3918 1250 3987 Opiniones
1301 3919 1686 3988 doctrinasque
1733 3921 1974 3974 continet
2020 3919 2138 3988 ejus

565 4017 662 4070 per
691 4019 850 4074 quem
887 4005 1233 4078 Evangelium
1263 4020 1350 4066 est
1387 4011 1759 4081 Evangelium.
1778 4011 2070 4075 Praeterea,
2091 4012 2138 4067 si

569 4099 711 4156 Deus
743 4103 918 4171 posuit
956 4103 1007 4156 in
1043 4103 1286 4159 Ecclesia
1317 4105 1589 4174 apostolos
1657 4113 1713 4159 et
1739 4109 2050 4175 prophetas,
2085 4115 2141 4160 et

575 4194 950 4264 evangelistas,
980 4203 1327 4265 pastoresque
1352 4205 1408 4250 et
1434 4196 1684 4251 doctores
1713 4197 1800 4261 ³⁰⁶,
1830 4212 1953 4252 cum
1985 4213 2142 4255 accu-

574 4295 689 4340 rate
731 4285 1218 4342 examinaverimus
1244 4287 1513 4357 quodnam
1557 4288 1628 4343 sit
1655 4289 1995 4360 evangelista:
2018 4288 2141 4344 olli-

2305 1351 2357 1404 5.
2415 1350 2539 1402 Ἐὰν
2581 1349 2638 1401 δέ
2675 1365 2758 1412 τις
2802 1348 3150 1419 ἀνθυποφέρει]
3195 1347 3283 1400 διὰ
3320 1346 3419 1418 τὴν
3463 1346 3670 1400 ἔννοιαν
3711 1344 3814 1414 τῆς

2233 1440 2582 1505 ἀναπτύξεως
2601 1443 2706 1493 τῶν
2729 1441 2992 1510 ἀπαρχῶν
3017 1440 3240 1509 φάσκων
3266 1440 3405 1510 μετὰ
3426 1438 3809 1508 τὰΕὑαγγέλια

2232 1534 2331 1598 τὰς
2375 1533 2606 1605 Πράξεις
2640 1535 2732 1586 καὶ
2762 1533 2859 1596 τὰς
2899 1532 3216 1596 Ἐπιστολάς
3249 1532 3507 1603 φέρεσθαι
3536 1532 3643 1585 τῶν
3673 1532 3810 1584 ἀπο-

2236 1627 2454 1690 στόλων,
2488 1630 2582 1681 κα).
2602 1627 2742 1680 κατὰ
2758 1627 2914 1679 τοῦτο
2945 1625 3019 1697 μὴ
3051 1625 3116 1680 ἂν
3139 1627 3219 1680 ἐτι
3254 1625 3518 1689 σώζεσθαι
3551 1625 3608 1679 τὸ
3639 1640 3811 1697 προα-

2237 1718 2584 1788 ποδεδομένον
2621 1719 2748 1790 περὶ
2784 1719 3058 1790 ἀπαρχῆς,
3084 1718 3144 1771 τὸ
3183 1719 3438 1790 ἀπαρχὴν
3468 1719 3646 1789 πάσης
3675 1720 3812 1790 Γρα-

2237 1811 2338 1881 φῆς
2367 1807 2506 1864 εἶναι
2537 1811 2596 1862 τὸ
2617 1811 2967 1880 Εὑαγγέλιον·
3006 1811 3227 1864 λεκτέον
3258 1812 3374 1882 ἦτοι
3408 1810 3532 1864 νοῦν
3560 1808 3697 1863 εἶναι
3725 1828 3814 1863 σο-

2237 1904 2353 1972 φῶν
2403 1906 2461 1958 ὲν
2507 1904 2748 1974 Χριστῷ,
2788 1905 3158 1972 ὡφελημένων
3211 1905 3270 1956 ὲν
3324 1906 3443 1968 ταῖς
3489 1904 3814 1974 φερομέναις

2249 1995 2602 2060 Ἐπιστολαῖς,
2635 1995 2904 2066 δεομένων
2935 1998 3020 2050 ἵνα
3043 1997 3152 2068 (l9)
3196 1996 3554 2050 πιστεύωνται
3608 2013 3815 2067 μαρτυ-

2239 2089 2367 2153 ριῶν
2388 2089 2497 2142 τῶν
2528 2091 2587 2144 ἐν
2612 2093 2725 2154 τοῖς
2750 2092 2991 2160 νομικοῖς
3007 2090 3101 2143 καὶ
3125 2091 3484 2159 προφητικῶς
3499 2088 3680 2155 λόγοις
3709 2105 3814 2141 κει-

2238 2180 2437 2249 μένων,
2472 2179 2612 2234 ὥστε
2635 2181 2774 2250 σοφὰ
2802 2182 2901 2252 μὲν
2932 2182 3028 2234 καὶ
3054 2179 3221 2234 πιστὰ
3257 2181 3433 2248 λέγειν
3474 2181 3569 2234 καὶ
3611 2180 3816 2252 σφόδρα

2236 2269 2637 2338 ἐπιτεταγμένα
2669 2269 2779 2340 (20)
2808 2270 2875 2323 τὰ
2908 2269 3260 2332 ἀποστολικὰ,
3294 2272 3356 2323 οὐ
3388 2272 3494 2341 μὴν
3526 2271 3814 2342 παραπλή-

2238 2375 2325 2410 σια
2351 2357 2456 2429 τῷι
2486 2359 2631 2412 Τάδε
2654 2359 2816 2428 λέγει
2838 2360 3053 2427 Κύριος
3081 2360 3517 2429 παντοκράτωρ·
3547 2363 3642 2415 καὶ
3675 2363 3816 2416 κατὰ

2235 2447 2392 2501 τοῦτο
2408 2448 2698 2518 ἐπίστησον
2726 2451 2796 2511 εί,
2817 2448 2953 2502 ἐπὰν
2978 2448 3113 2520 λέγῃ
3130 2450 3160 2502 6
3187 2450 3415 2514 Παῦλος·
3453 2449 3628 2505 Πᾶσα
3664 2454 3818 2519 Γρα-

2236 2539 2320 2609 ρὺ
2365 2542 2769 2608 θεόπνευστος
2824 2542 2920 2594 καὶ
2974 2541 3289 2611 ὠφέλιμος,
3349 2543 3816 2614 ἐμπεριλαμϐάνει
3911 2555 3918 2561 ·

2238 2635 2332 2687 καὶ
2361 2634 2430 2687 τὰ
2460 2634 2655 2687 ἑαυτοῦ
2683 2635 3006 2705 γράμματα,
3041 2634 3074 2702 ἢ
3096 2635 3156 2686 οὐ
3184 2635 3264 2687 τό’
3295 2633 3468 2702 Κάγὼ
3494 2635 3648 2704 λέγω
3681 2635 3814 2704 (21),

2239 2727 2333 2779 καί
2369 2728 2480 2795 οὐκ
2509 2729 2542 2779 ό
2573 2729 2806 2794 Κύριος,
2836 2727 2930 2779 καὶ
2955 2726 3034 2778 τό·
3065 2727 3162 2778 Ἐν
3182 2726 3405 2792 πάσαις
3440 2727 3817 2792 Ἐκκλησίαις

2238 2818 2652 2888 διατάσσομαι,
2676 2821 2770 2872 καὶ
2787 2820 2865 2872 τό”
2893 2814 2999 2871 ΟῘα
3030 2819 3258 2872 ἔπαθον
3276 2820 3346 2870 ἐν
3387 2820 3725 2888 Ἀντιοχείᾳ,
3748 2820 3817 2871 ἐν

2253 2912 2498 2976 Ἰκονίῳ,
2529 2913 2598 2965 ἐν
2634 2915 2948 2979 Λύστρεις,
2990 2912 3085 2964 καὶ
3108 2913 3176 2965 τὰ
3209 2912 3419 2976 τούτοις
3460 2911 3821 2982 παραπλήσια

2240 3007 2409 3058 ἐνίοτε
2457 3007 2548 3059 ὑπ’
2592 3005 2757 3059 αὑτοῦ
2802 3007 3084 3076 γραφέντα
3126 3008 3221 3060 καὶ
3267 3008 3387 3060 κατ’
3438 3005 3708 3070 ἐξουσίαν,
3755 3007 3818 3059 οὐ

2242 3097 2350 3170 μὴν
2374 3097 2434 3150 τὸ
2457 3096 2747 3168 εἰλικρινὲς
2771 3097 2879 3149 τῶν
2903 3099 2966 3151 ἐκ
2991 3097 3141 3158 Θείας
3167 3097 3452 3161 ἐπιπνοίας
3485 3097 3595 3166 (ΞΕ)
3623 3097 3817 3164 λόγων·

2238 3189 2272 3262 ἢ
2314 3191 2407 3244 καὶ
2452 3190 2627 3260 τούτῳ
2669 3191 3047 3261 παραστατέον
3085 3189 3219 3260 (25),
3258 3191 3340 3244 ὃτι
3385 3192 3418 3261 ἡ
3477 3189 3689 3244 Παλαιὰ
3722 3189 3821 3258 μὲν

2240 3283 2342 3334 οὐκ
2380 3281 2732 3350 Εὐαγγέλιον,
2776 3281 2838 3334 οὐ
2866 3279 3188 3334 δεικνύουσα
3223 3281 3314 3334 τὸν
3341 3281 3655 3352 ἐρχόμενον,
3687 3280 3822 3332 ἀλλὰ

2241 3371 2687 3444 προαγγέλλουσα
2703 3371 2798 3426 καὶ
2817 3387 2994 3443 προκη
3005 3371 3295 3442 ρύσσουσα·
3330 3374 3478 3425 πᾶσα
3505 3371 3561 3424 δὲ
3581 3374 3615 3442 ἠ
3645 3373 3821 3440 Καινὴ

2240 3464 2304 3517 τὸ
2346 3464 2674 3533 Εὑαγγέλιόν
2713 3467 2880 3524 ἐστιν,
2911 3465 2972 3516 οὐ
3007 3465 3166 3534 μόνον
3194 3465 3394 3533 ὁμοίιος
3434 3467 3504 3538 τῇ
3538 3465 3679 3536 ἀρχῇ
3723 3463 3818 3516 τοῦ

2244 3555 2576 3624 Εὐαγγελίου
2605 3555 3011 3626 φάσκουσαβλ)
3030 3573 3042 3585 ·
3086 3555 3240 3609 Ἰδοὺ
3266 3559 3298 3609 ό
3329 3557 3532 3625 Ἄμνὸς
3549 3557 3654 3610 τοῦ
3675 3557 3823 3610 Θεοῦ

2243 3651 2276 3702 ὁ
2297 3646 2481 3714 αἴρων
2507 3647 2622 3712 τὴν
2650 3646 2943 3716 ἁμαρτίαν
2962 3646 3067 3700 τοῦ
3091 3648 3344 3716 κόσμου,
3365 3647 3501 3701 ἀλλὰ
3528 3648 3623 3701 καὶ
3650 3646 3826 3700 ποικί-

2243 3737 2340 3800 λας
2359 3736 2666 3806 δοξολογίας
2697 3735 3024 3809 περιέχουσα
3051 3737 3145 3790 κα).
3170 3737 3516 3801 διδασκαλίας
3536 3737 3629 3790 τοῦ
3667 3737 3735 3790 δι’
3765 3737 3826 3790 ὃν

2243 3833 2304 3886 τδ
2342 3834 2674 3902 Εὐαγγέλιον
2713 3831 3043 3901 Εὑαγγέλιὸν
3094 3833 3241 3885 ἐστιν
3267 3833 3403 3902 (9.5).
3457 3834 3577 3886 Ἔτι
3621 3831 3679 3886 δὲ
3717 3832 3766 3885 εί
3796 3831 3828 3886 6

2243 3927 2376 3990 θεὸς
2407 3926 2561 3980 ἔθετο
2609 3928 2668 3980 ὲν
2708 3927 2780 3996 τῇ
2820 3923 3121 3996 Ἐκκλησία
3154 3924 3508 3988 ἀποστόλους,
3550 3925 3646 3978 καὶ
3688 3940 3824 3996 προ-

2246 4019 2442 4089 φήτας,
2476 4019 2571 4072 καὶ
2599 4015 3015 4086 εὐαγγελιστάς,
3053 4015 3316 4087 ποιμένας
3348 4033 3407 4068 τε
3441 4016 3537 4069 καὶ
3570 4014 3828 4069 διδασκά-

2245 4111 2391 4174 λους,
2417 4110 2555 4175 ἐπὰν
2585 4109 2929 4179 ἐξετάσωμεν
2952 4109 3005 4162 τί
3025 4107 3087 4161 τὸ
3113 4107 3274 4178 ἔργον
3300 4106 3394 4160 τοῦ
3415 4107 3826 4176 εὐαγγελιστοῦ,

2243 4203 2326 4256 ὅτι
2369 4202 2430 4255 οὐ
2479 4202 2698 4266 πάντως
2737 4199 3100 4273 διηγήσασθαι
3147 4199 3272 4254 τίνα
3311 4200 3514 4271 τρόπον
3557 4200 3587 4251 6
3638 4199 3828 4270 Σωτὴρ

2245 4293 2444 4364 τυφλὸν
2473 4294 2582 4353 ἀπὸ
2610 4295 2834 4365 γενετῆς
2858 4295 3066 4356 ἰάσατο,
3097 4291 3333 4345 ὀδωδότα
3367 4291 3558 4361 νεκρὸν
3592 4291 3826 4362 ἀνέστη-

571 4377 739 4441 cium,
768 4386 823 4430 et
847 4377 1214 4434 invenerimus
1241 4380 1512 4449 pertinere
1539 4380 1607 4436 ad
1639 4396 1762 4436 eum
1787 4397 1896 4436 non
1925 4396 2135 4452 semper

2250 4403 2360 4452 σεν,
2386 4386 2420 4457 ἦ
2462 4403 2516 4439 τι
2546 4385 2656 4439 τῶν
2685 4385 3008 4457 παραδόξων
3043 4383 3359 4454 πεποίηκεν·
3393 4383 3492 4436 οὐκ
3520 4383 3824 4454 ὀγνήσομεν

572 4483 825 4530 enarrare
850 4483 1083 4537 quonam
1117 4480 1274 4535 pacto
1303 4468 1557 4526 Servator
1577 4486 1777 4527 caseum
1801 4487 1829 4526 a
1859 4472 2139 4529 nativitate

636 4588 684 4621 ⁸⁵
714 4587 754 4641 ll
788 4587 916 4643 Cor.
943 4605 1018 4656 νι,
1049 4589 1136 4648 l8.

568 4663 635 4694 ³⁸·
671 4660 864 4734 Ephes.
903 4678 977 4719 Iv.
1006 4663 1094 4723 ll.

571 4755 1000 4827 tersoslrnctns
1022 4755 1191 4812 fuisse
1220 4757 1478 4812 etillectos
1510 4756 1834 4827 intelligitur
1857 4772 1922 4812 ex
1954 4758 2128 4814 Exod.

1235 4591 1282 4625 ³⁸
1310 4591 1350 4648 ll
1384 4589 1524 4646 Tim.
1561 4606 1645 4658 ιιι,
1675 4591 1762 4646 l6.
1835 4594 1879 4624 "
1908 4593 2072 4649 lCor.
2104 4610 2200 4663 vn,
2229 4597 2312 4649 19..

2245 4475 2788 4548 χαρακτηριζομένου
2831 4473 2928 4527 τοῦ
2974 4471 3381 4541 εὐαγγελιστοῦ,
3436 4471 3530 4525 καὶ
3589 4473 3647 4524 ὲν
3697 4486 3830 4542 προ-

2426 4597 2471 4629 ³⁸
2497 4597 2622 4652 ihid.
2659 4595 2745 4651 l7.
2817 4595 2862 4627 ”
2889 4593 2931 4647 ll
2962 4593 3102 4649 Tim.
3133 4609 3213 4658 ιιι,
3241 4594 3326 4649 ll.
3402 4593 3448 4625 ’°
3475 4592 3632 4648 Joau.
3666 4610 3704 4656 I.
3734 4592 3837 4651 29;

2240 4774 2332 4814 ces
2357 4773 2486 4812 mss.
2521 4755 2658 4811 Male
2684 4766 2866 4811 autem
2899 4752 3126 4808 lluetius
3166 4752 3220 4806 in
3256 4761 3410 4806 textu
3437 4751 3620 4818 habet,
3666 4749 3700 4822 ἢ
3728 4749 3825 4804 οὓ-

570 4839 729 4886 xxln,
756 4824 844 4888 l6,
880 4834 933 4897 et
983 4825 1158 4897 Levit.
1199 4843 1362 4890 xxitt,
1405 4828 1495 4884 39.
1543 4824 1708 4896 Atqui
1753 4828 1819 4882 de
1871 4829 2134 4884 fructibus
2239 4846 2349 4883 τω·
2377 4829 2556 4897 Λέγω,
2577 4837 2684 4880 etc.

568 4909 784 4963 quoque
804 4896 1075 4950 dabantur
1104 4896 1464 4959 Τιιειιυιιοτιι.
1499 4897 1659 4952 Νυιιι.
1684 4913 1838 4959 xviii,
1866 4899 1962 4964 l5;
2000 4899 2138 4954 Deuo

573 4974 677 5039 ter.
708 4980 864 5039 xviii,
894 4966 947 5027 4,
981 4979 1037 5039 e_t
1066 4982 1220 5030 xxvu,
1247 4968 1302 5021 2.
1335 4967 1503 5039 Igitur
1527 4969 1668 5021 data:
1700 4969 1804 5022 illm
1847 4981 1973 5039 sunt
2018 4978 2140 5038 post

564 5033 947 5088 collectionem
1000 5035 1297 5102 fructuum,
1355 5033 1458 5093 hoc
1504 5047 1589 5093 est
1632 5053 1818 5092 mense
1863 5033 2038 5100 Tisnt',
2085 5039 2136 5092 in

566 5102 1287 5177 festo_Taberna_culorum.
1338 5109 1518 5177 Atque
1581 5107 1721 5161 hanc
1775 5108 2137 5177 primitiarnm

565 5173 906 5246 oblationem
938 5175 1155 5246 videtur
1195 5173 1499 5246 respexisse
1551 5173 1837 5245 Origenes,
1865 5195 1988 5232 cum
2042 5182 2140 5233 ait:

565 5244 899 5322 Msydutobc
960 5244 1169 5322 πάντας
1206 5244 1452 5322 καρποὺς
1488 5244 1811 5322 ἀνεφέροντο
1857 5249 1914 5300 αἱ
1960 5250 2143 5322 ἀπαρ-

567 5315 681 5385 χαί.
713 5314 849 5369 Nam
873 5327 1002 5370 ante
1041 5314 1434 5387 Seenope'giam
1471 5314 1710 5373 Iiiiiveisi
1743 5318 1976 5380 l‘rnctns,
2030 5314 2147 5372 uva:

567 5396 698 5508 plina
758 5395 816 5440 et
856 5387 1014 5454 olea,
1060 5388 1372 5456 neutiquam
1400 5397 1693 5458 potuerunt
1723 5403 1843 5444 esse
1879 5389 2143 5443 collectae.

621 5470 837 5508 us'rius.

621 5470 837 5511 υετιιιιι.

643 5526 1086 5599 (19)Α1.εεειιάιιιιι
1122 5527 1355 5599 videtur,
1394 5528 1760 5599 ὠφελημένων
1792 5527 1891 5599 μὲν
1932 5530 1989 5582 ἐν
2027 5530 2145 5592 ταῖς

573 5597 901 5672 φερομέναις
928 5597 1260 5672 ἐπιστολαῖς,
1289 5597 1658 5672 δεομένωνίδέ,
1686 5608 1792 5654 etc.

2314 4922 2428 4992 (22)
2456 4919 2772 4992 Γραφέντα
2822 4918 2921 4992 καί
2954 4919 3084 4992 κατ’
3116 4917 3430 4992 ἐξουσίαν,
3461 4917 3534 4969 οὐ
3586 4914 3728 4992 μὴν,
3759 4916 3829 4969 τὸ

2243 4985 2562 5061 εἱλικρινὲς
2576 4985 2697 5046 τῶν
2724 4991 2793 5047 ἐκ
2815 4989 2980 5056 θείας
3005 4989 3344 5054 ἐπιπνοίας.
3360 4986 3496 5061 llaec
3519 4988 3656 5061 apud
3689 4985 3830 5061 llue-

2248 5066 2380 5116 tium
2393 5057 2632 5124 'desunt,
2665 5064 2760 5116 sed
2789 5063 3152 5117 restituuntur
3178 5076 3244 5115 ex
3270 5058 3554 5114 codicibus
3581 5057 3828 5111 Bodleia-

2253 5148 2322 5188 no
2345 5143 2403 5188 et
2431 5131 2755 5186 Barberino.

2323 5223 2434 5295 (25)
2473 5223 2666 5295 Τούτῳ
2685 5221 3122 5295 armari-Sor.
3157 5221 3234 5295 l_ta
3260 5219 3422 5276 codd.
3452 5217 3672 5295 Regius.
3697 5215 3829 5295 [iar-

2253 5289 2476 5349 liei‘inus
2499 5303 2554 5348 et
2584 5289 2932 5346 Bodleianus.
2964 5291 3252 5346 l’erionius
3275 5299 3456 5346 tamen
3484 5291 3614 5360 legit
3648 5289 3825 5349 τοῦτο,

2250 5365 2338 5419 cui
2369 5379 2468 5418 nos
2493 5379 2616 5418 cum
2649 5361 2853 5416 Tarino
2883 5363 3231 5416 assentimur.

2344 5453 2436 5522 ει)
2464 5453 2811 5509 Φάσκουσα.
2843 5453 3023 5509 Codex
3050 5452 3401 5513 Barberinus,
3435 5451 3738 5522 φράζουσα.

2344 5455 2436 5522 ει)
2464 5455 2811 5509 Φάσκουσα.
2843 5455 3023 5509 Codex
3050 5455 3401 5513 Barberinus,
3435 5455 3738 5522 φράζουσα.

2323 5455 2436 5596 ξὲὅ)
2475 5525 2895 5596 Διδασκαλίας
2940 5523 3046 5596 τοῦ
3076 5523 3175 5596 -.δι’
3225 5523 3299 5577 ὃν
3336 5522 3421 5596 τὸ-
3459 5521 3830 5596 Εὐαγτέζζιον

2256 5589 2623 5667 Εἰῖαγέτέλιόν
2644 5595 2835 5659 ἐστιν,
2867 5589 2920 5649 κ.
2921 5609 2988 5667 _1:.
3007 5594 3055 5647 λ.
3075 5591 3164 5667 Sic
3179 5604 3318 5667 recte
3336 5593 3497 5667 liabet
3507 5589 3673 5667 codex
3700 5589 3828 5667 Bod-

647 5663 760 5736 (21))
790 5669 969 5742 Codex
1013 5663 1337 5728 Bodleianus
1382 5663 1490 5742 ἰιι-υ
1534 5663 1940 5741 ἐπιτεταγμένα
1989 5670 2150 5725 liabet
2259 5663 2698 5742 leiantis,s_ic_qn_e
2737 5667 2867 5742 legit
2920 5663 3238 5742 Ferrarius;
3293 5664 3358 5742 in_
3397 5664 3588 5742 codice
3631 5663 3830 5718 Barlie-

573 5739 1022 5808 ἐπιτετευγμένα.

643 5809 756 5880 (21)
791 5809 860 5872 Ἦ
885 5813 956 5866 οὺ
993 5811 1084 5864 τό’
1113 5811 1286 5881 Κάγὼ
1313 5812 1485 5880 λέγω,
1525 5829 1575 5865 κ.
1596 5830 1643 5867 τ.
1663 5810 1706 5866 λ.
1730 5811 1815 5870 Sic
1835 5813 1994 5868 nostri
2013 5810 2147 5867 codi-

2261 5741 2378 5791 riuo
2407 5727 2504 5805 pro
2530 5727 2625 5789 δι”
2649 5738 2707 5790 ὃν
2741 5727 2936 5805 legitur
2965 5733 3032 5788 δι’
3074 5727 3155 5790 οὗ.
3206 5727 3360 5805 Apud
3424 5731 3679 5788 lluetium
3729 5751 3840 5796 vox

2259 5807 2586 5883 Εὑαγγέλιον
2617 5807 2781 5863 semel
2807 5814 2999 5861 exstat.
