4174 6426
394 419 470 478 29
1496 423 1857 480 COMMENT.
1899 422 1964 478 IN
1994 422 2186 480 JOAN‘.
2226 424 2465 481 TOMUS
2504 425 2544 478 Ι.
3583 426 3653 483 τε

382 537 662 607 τρεπτικῷ
694 538 838 610 λόγῳ
864 537 941 609 τῷ
961 542 1038 603 εἰς
1074 541 1452 611 πιστοποίησιν
1476 540 1584 593 τῶν
1616 541 1743 613 περὶ
1788 541 1963 609 Ἰησοῦ

2072 543 2370 609 sanaverit,
2412 543 2674 597 fetentem
2708 553 2981 597 mortuum
3024 542 3365 607 excitaverit,
3421 544 3500 596 vel
3551 544 3651 595 ali-

382 625 715 693 Εὐαγγὲλιόν
751 646 866 691 πως
910 631 1081 682 εἰπεῖν
1120 631 1189 683 τά
1227 630 1333 684 ὑπὸ
1377 630 1484 682 τῶν
1527 631 1842 684 ἀποστόλων
1874 649 1966 700 γε·

383 718 700 789 γραμμένα.
755 719 893 771 Ἀλλ’
928 722 1050 772 ὅσον
1084 721 1176 774 ἐπὶ
1208 724 1273 792 τῇ
1317 721 1544 792 δευτέρᾳ
1589 723 1842 776 ἀποδόσει
1887 723 1966 793 τῷ

381 807 806 880 ἀνθυποφέροντι
840 810 926 862 διὰ
955 810 1016 862 τὸ
1047 812 1120 882 μὴ
1154 812 1555 883 ἐπιγεγράφθαι
1582 813 1681 878 τὰς
1719 810 1968 867 Ἐπιστο-

382 898 480 961 λὰς
536 900 893 968 Εὑαγγέλιον,
942 902 1018 964 ὡς
1060 903 1118 954 οὐ
1171 903 1353 967 καλῶς
1399 906 1577 958 πᾶσαν
1625 905 1725 976 τὴν
1777 904 1968 975 καινὴν

383 991 658 1063 Διαοήκην
692 994 1025 1061 Εὐαγγέλιον
1074 994 1232 1065 ἡμῶν
1282 998 1684 1067 ὀνομασάντων,
1725 998 1964 1061 λεκτέον,

383 1084 464 1136 ὅτι
496 1084 762 1154 πολλαχοῦ
788 1085 894 1137 τῶν
928 1086 1160 1156 Γραφῶν
1194 1086 1287 1140 δύο
1330 1088 1491 1140 τινῶν
1532 1087 1565 1158 ἣ
1602 1089 1861 1143 πλειόνων
1891 1088 1971 1159 τῷ

385 1175 537 1244 αὐτῴ
598 1176 822 1245 ὀνόματι
867 1177 1303 1247 ὀνομαζομένων,
1355 1179 1694 1252 κυριώτερον
1742 1182 1836 1233 ἐπὶ
1875 1181 1968 1234 τοῦ

385 1265 570 1337 ἑτέρου
603 1266 711 1319 τῶν
745 1269 1060 1338 λεγομένων
1089 1272 1265 1323 κεῖται
1292 1269 1355 1322 τὸ
1390 1270 1560 1341 ὄνομα
1582 1288 1597 1301 ο
1641 1267 1751 1324 οἷον
1784 1272 1971 1340 λέγον-

387 1375 478 1421 τος
512 1358 604 1411 τοῦ
644 1359 901 1431 Σωτῆρος
924 1377 936 1389 ·
968 1359 1066 1427 Μὴ
1098 1360 1397 1429 καλέσητε
1445 1361 1824 1417 διδάσκαλον
1871 1364 1973 1416 ἐπὶ

392 1447 501 1515 τῆς
538 1447 650 1517 τῆς
686 1450 818 1521 (26),
875 1451 903 1503 ὁ
968 1451 1286 1515 Ἀπόστολός
1321 1469 1452 1522 φησι
1502 1453 1758 1523 τετάχθαι
1801 1457 1861 1508 ὲν
1899 1457 1969 1525 τῇ

399 1539 693 1611 Ἐκκλησία
736 1545 828 1595 καὶ
858 1541 1228 1605 διδασκάλους.
1265 1543 1378 1595 Οὐκ
1432 1543 1644 1597 ἔσονται
1693 1540 1786 1596 οὖν
1830 1538 1971 1597 οὗτοι

390 1634 698 1689 διδάσκαλοι
745 1637 869 1689 ὅσον
901 1638 994 1689 ἐπὶ
1041 1640 1106 1708 τῇ
1141 1636 1397 1707 ἀκριϐείᾳ
1443 1636 1543 1707 τῆς
1584 1636 1679 1691 τοῦ
1724 1636 1971 1704 Εὐαγγε-

2068 635 2196 704 quid
2230 649 2395 704 supra
2428 635 2708 689 hominum
2744 637 3055 705 opinionem
3094 636 3315 698 fecerit;
3353 652 3458 689 non
3491 637 3650 691 dubi—

2070 724 2305 777 labimus
2329 723 2600 779 allirmare
2621 726 2801 795 aliquo
2828 727 2984 779 modo
3007 726 3362 796 Evangelium
3385 741 3507 782 esse
3531 744 3652 796 qua-

2073 816 2393 884 scripserint
2427 819 2682 887 apostoli,
2715 835 2837 873 cum
2866 820 2932 873 ad
2963 820 3314 888 evangelista:
3339 835 3535 874 munus
3578 830 3633 872 at

2072 909 2241 963 tineat
2269 950 2284 974 ,
2320 910 2697 964 adhortatoria
2731 912 2895 965 etiam
2946 911 3192 965 oratione
3222 911 3378 964 fidem
3413 911 3480 964 iis
3528 924 3649 975 qua:

2070 1002 2136 1054 de
2168 1000 2295 1055 Jesu
2330 1002 2527 1054 tradita
2561 1012 2718 1066 sunt,
2754 1002 3059 1070 acquirere.
3091 1002 3364 1067 Quantum
3405 1016 3535 1056 vero
3564 1013 3652 1054 ιιι-

2071 1094 2202 1147 tinet
2224 1094 2290 1145 ad
2321 1093 2425 1146 hoc
2455 1096 2598 1162 quod
2626 1095 2863 1148 secundo
2895 1094 3013 1147 loco
3045 1094 3394 1157 tradidimus,
3426 1094 3473 1147 si
3506 1090 3654 1161 obje-

2072 1184 2209 1238 cerit
2244 1183 2441 1252 aliquis
2473 1185 2615 1252 quod
2651 1185 2829 1239 minus
2858 1185 3027 1254 probe
3061 1186 3523 1240 ueminaverimus
3563 1192 3649 1239 to-

2073 1282 2184 1326 tum
2217 1273 2629 1327 Testamentum
2665 1290 2861 1329 novum
2897 1275 3277 1344 Evangelium,
3309 1289 3377 1328 eo
3407 1273 3548 1344 quod
3580 1274 3649 1330 Ε-

2069 1366 2309 1434 vangelii
2337 1366 2749 1435 inscriptionem
2782 1382 2886 1421 non
2933 1368 3172 1421 habeant
3207 1367 3479 1436 Epistulae,
3523 1368 3649 1422 huic

2072 1456 2316 1510 dicemus
2347 1473 2489 1526 sazpe
2528 1457 2580 1510 in
2615 1457 2935 1527 Scripturis,
2963 1473 3082 1510 cum
3116 1459 3221 1511 duo
3253 1459 3333 1511 vel
3368 1458 3518 1526 plura
3553 1473 3645 1512 eo-

2073 1549 2196 1601 dem
2228 1550 2492 1603 vocabnlo
2532 1558 2910 1617 nuncupantur
2935 1590 2949 1611 ,
2981 1551 3152 1620 magis
3181 1550 3399 1620 proprie
3429 1551 3521 1603 uni
3552 1565 3646 1604 eo-

2074 1653 2193 1691 rum
2221 1638 2350 1693 illttd
2374 1640 2569 1694 tribui:
2601 1640 2751 1693 verbi
2787 1640 2983 1708 gratia,
3008 1641 3226 1694 dicente
3264 1641 3554 1695 Servatore
3576 1643 3640 1694 "z

387 1725 498 1780 λίου
519 1728 630 1796 (27)
658 1729 861 1798 φωνῆς’
891 1727 1062 1792 οὓτως
1090 1730 1189 1781 οὐκ
1213 1728 1363 1782 ἔσται
1388 1729 1720 1797 Εὑαγγέλιον
1741 1730 1802 1782 τὸ
1831 1729 1963 1782 κατὰ

2076 1729 2159 1783 Νε
2180 1732 2368 1784 vocetis
2399 1732 2706 1801 magistrum
2735 1747 2893 1798 super
2928 1740 3122 1784 terram
3148 1772 3161 1793 ,
3206 1732 3380 1800 inquit
3415 1733 3646 1800 Aposto-

385 1818 484 1881 τὰς
517 1819 834 1883 Ἐπιστολάς
868 1820 975 1872 πᾶν
1009 1819 1264 1891 γράμμα,
1301 1821 1426 1873 ὅταν
1462 1820 1873 1891 παραϐάλληται
1905 1824 1970 1899 τῇ

2074 1820 2158 1875 lus
2188 1822 2236 1853 "
2261 1823 2553 1890 magistros
2601 1823 2656 1874 in
2710 1821 2951 1875 Ecclesia
2999 1822 3277 1876 ordinatos
3310 1823 3494 1876 fuisse.
3527 1821 3647 1875 Non

383 1909 634 1981 διηγήσει
666 1910 775 1964 τῶν
821 1913 953 1982 περὶ
1004 1909 1179 1982 Ἰησοῦ
1223 1911 1475 1982 πράξεων
1512 1913 1605 1965 καὶ
1633 1913 1963 1982 παθημάτων

2070 1922 2230 1966 erunt
2269 1928 2401 1982 ergo
2438 1913 2490 1967 hi
2529 1912 2773 1979 magistri
2826 1912 3120 1965 secundum
3161 1921 3408 1965 exactam
3444 1914 3643 1967 intelli-

384 2002 480 2052 καὶ
522 2001 696 2068 λόγων
743 2001 929 2054 αὑτοῦ.
968 2000 1114 2072 Πλὴν
1158 2002 1380 2073 ἀπαρχὴ
1426 2003 1606 2073 πάσης
1652 2003 1874 2072 Γραφῆς
1904 2002 1963 2054 τὸ

2076 2002 2315 2070 gentiam
2349 2004 2498 2058 vocis
2524 2004 2688 2072 hujus
2727 2004 3002 2072 Evangelii
3035 2021 3049 2056 :
3090 2004 3169 2057 sic
3210 2005 3370 2058 etiam
3403 2019 3505 2059 non
3538 2006 3644 2059 erit

382 2092 735 2161 Εὐαγγέλιον,
768 2093 862 2145 καὶ
894 2093 1082 2146 πασῶν
1113 2093 1222 2146 τῶν
1257 2095 1376 2145 κατ’
1409 2094 1573 2164 εὐχὴν
1613 2093 1770 2165 ἡμῶν
1818 2095 1962 2164 πρά-

2071 2093 2451 2163 Evangelium,
2483 2096 2878 2164 qualiscunque
2914 2096 3129 2149 tandem
3164 2095 3254 2148 illa
3290 2094 3459 2150 fuerit
3486 2094 3639 2151 Scri-

384 2182 519 2248 ξεων
557 2183 830 2255 ἐσομένων
877 2185 1127 2256 ἀπαρχὴν
1174 2183 1473 2255 ποιούμεῡα
1518 2186 1598 2248 εἰς
1642 2184 1742 2255 τὴν
1786 2186 1962 2255 ἀπαρ-

2066 2195 2249 2252 ptura,
2279 2199 2402 2252 qua:
2429 2183 2531 2239 sub
2566 2185 2783 2237 nomine
2813 2184 3172 2252 Epistolarum
3207 2183 3388 2248 fuerit,
3427 2187 3471 2241 si
3508 2201 3640 2240 con-

382 2275 482 2345 χὴν
517 2274 629 2345 (23)
663 2273 768 2328 τῶν
792 2274 1043 2346 ΓραφιῖΝ.

2070 2275 2274 2328 feratur
2299 2292 2421 2329 cum
2453 2274 2733 2344 Scriptura
2771 2290 2890 2342 quae
2921 2276 3181 2340 actiones,
3215 2277 3495 2345 passiones
3526 2292 3642 2331 ser-

382 2379 675 2434 monesque
718 2365 844 2420 Jesu
889 2369 1188 2421 contineat.
1237 2367 1488 2420 Attamen
1536 2366 1702 2420 totius
1742 2365 2036 2434 Scriptura:
2083 2367 2338 2436 pritnitite
2389 2377 2473 2421 est
2534 2366 2889 2436 Evangelium
2917 2407 2932 2429 ,
2977 2369 3361 2439 actionemque
3401 2371 3639 2424 omnium

381 2475 504 2528 qute
532 2475 595 2513 ex
629 2461 793 2514 animi
842 2463 1111 2515 sententia
1147 2462 1302 2515 nobis
1327 2476 1563 2516 cessura:
1597 2471 1745 2526 sunt,
1779 2462 2050 2529 primitias
2082 2462 2314 2517 facimus
2347 2463 2399 2515 in
2434 2463 2687 2530 primitiis
2714 2462 3012 2533 Evangelii.

450 2552 503 2606 6.
521 2551 661 2621 Ἐγὼ
675 2553 719 2605 δ’
740 2548 914 2622 οἶμαι,
932 2554 1013 2604 ὅτι
1035 2553 1148 2615 καὶ,
1172 2552 1450 2622 τεσσάρων
1469 2550 1637 2604 ὅντων
1656 2550 1765 2604 τῶν
1786 2551 1963 2617 Εὐαγ-

379 2643 603 2711 γελξων,
628 2644 789 2696 οἱονεὶ
805 2643 1084 2713 στοιχείων
1108 2643 1207 2713 τῆς
1225 2644 1457 2706 πίστεως
1477 2643 1576 2705 τῆς
1614 2642 1958 2712 Ἐκκλησίας,

380 2734 439 2800 ἐξ
466 2726 539 2788 ὧν
564 2733 841 2803 στοιχείων
866 2736 895 2786 ὁ
923 2736 1031 2798 πᾶς
1061 2735 1354 2803 συνέστηκε
1384 2734 1610 2803 κόσμος,
1643 2734 1702 2787 ἐν
1734 2734 1955 2804 Χριστῷ

380 2823 737 2892 καταλλαγεὶς
762 2823 846 2894 τῷ
873 2822 1010 2895 Θεῷ,
1048 2823 1192 2877 καθά
1214 2841 1377 2893 φησιν
1399 2826 1426 2877 ὁ
1451 2823 1680 2888 Παῦλος·
1716 2823 1861 2889 Θεὸς
1883 2821 1962 2893 ἦν

377 2916 449 2968 ἐν
482 2912 717 2984 Χριστῷ
762 2915 995 2983 κόσμον
1047 2912 1491 2967 καταλλάσσων
1522 2913 1734 2980 ἐαυτῷ,
1769 2905 1831 2967 οὗ
1866 2915 1960 2968 x6-

381 3021 523 3075 σμου
563 3005 661 3077 τὴν
710 3005 984 3077 ἁμαρτίαν
1026 3000 1162 3076 ἦρεν
1232 3005 1463 3076 Ἰησοῦς·
1525 3007 1652 3076 περὶ
1700 3007 1809 3077 γὰρ
1866 3005 1961 3058 τοῦ

380 3099 587 3168 κόσμου
618 3097 719 3167 τῆς
747 3098 1075 3169 Ἐκκλησίας
1093 3098 1122 3149 ό
1147 3098 1302 3166 λόγος
1325 3099 1470 3151 ἐστὶν
1495 3099 1524 3149 ὁ
1546 3097 1954 3168 γεγραμμένος

392 3186 546 3242 Ἰδοὺ
579 3191 612 3241 ό
652 3188 856 3257 Ἁμνύς
894 3168 999 3242 τοῦ
1029 3189 1177 3243 Θεοῦ
1220 3191 1253 3242 ό
1284 3187 1467 3255 αἴρων
1499 3185 1614 3254 τὴν
1662 3189 1957 3255 ἁμαρτίαν
1985 3168 2027 3225 C

374 3280 487 3333 τοῦ
539 3279 791 3348 κόσμου,
848 3279 1103 3350 ἀπαρχὴν
1148 3278 1257 3331 τῶν
1305 3277 1653 3346 Εὑαγγελίων
1706 3273 1846 3330 εἶναι
1896 3276 1958 3328 τὸ

380 3371 862 3443 προστεταγμένον
908 3374 1040 3442 ἡμῖν
1082 3371 1188 3425 ὑπὸ
1221 3369 1315 3423 σοῦ
1350 3371 1492 3424 κατὰ
1529 3370 1758 3441 δύναμιν
1799 3372 1958 3441 ἐρευ-

378 3462 538 3530 νῆσαι
582 3462 645 3514 τὸ
682 3460 825 3519 κατὰ
871 3462 1123 3532 Ἰωάννην
1147 3479 1160 3492 ·
1213 3461 1305 3515 τὸν
1352 3462 1840 3533 γενεαλογούμενον
1885 3463 1961 3514 εἰ-

379 3553 498 3608 πὼν
533 3552 689 3624 (29),.
715 3554 811 3608 καὶ
858 3555 967 3606 ἀπὸ
1010 3553 1104 3607 τοῦ
1152 3554 1584 3625 ἀγενεαλογήτου
1624 3554 1954 3624 ἀρχόμενον·

376 3647 654 3710 Ματθαίος
688 3647 787 3717 μὲν
836 3646 966 3717 γάρ,
999 3650 1112 3710 τοῖς
1146 3647 1484 3718 προσδοκῶσι
1516 3648 1577 3701 τὸ
1609 3647 1666 3714 ἐξ
1711 3647 1962 3719 Ἀϐραὰμ

376 3740 471 3792 καὶ
514 3737 679 3793 Δαυῒδ
737 3738 1009 3810 Ἑϐραίοις
1051 3739 1297 3812 γράφων,
1330 3741 1568 3804 Βίϐλος,
1611 3741 1762 3810 φησὶ,
1792 3740 1959 3808 γενέ-

375 3847 531 3895 σεως
564 3827 771 3898 Ἰησοῦ
796 3828 1056 3897 Χριστοῦ
1097 3828 1232 3882 υἱοῦ
1259 3828 1461 3891 Δαυῒδ,
1495 3829 1628 3882 vim”)
1671 3828 1956 3898 Ἀϐραάμ·

376 3923 471 3975 καὶ
520 3922 747 3993 Μάρκος
797 3920 952 3984 εἰδὼς
1004 3920 1033 3973 ὃ
1071 3920 1295 3991 γράφει,
1340 3921 1513 3990 ἀρχὴν
1554 3920 1821 3991 διηγεῖται
1864 3920 1958 3973 τοῦ

377 4012 741 4082 Εὐαγγελίου,
764 4012 906 4082 τάχα
939 4011 1305 4082 εὑρισκόντων
1335 4010 1490 4081 ἡμῶν
1525 4011 1585 4064 τὸ
1614 4011 1765 4075 τέλος
1794 4009 1960 4064 αὐτοῦ

379 4104 532 4176 παρὰ
553 4102 632 4175 τῷ
674 4104 898 4176 Ἰωάννῃ
927 4104 986 4155 ὲν
1014 4104 1157 4174 ἀρχῇ
1194 4102 1366 4170 Λόγον
1391 4101 1524 4154 Θεὸν
1555 4101 1751 4171 Λόγον.
1801 4102 1959 4156 Ἀλλά

375 4196 472 4250 καὶ
524 4196 738 4259 Λουκᾶς
782 4192 1020 4265 εἰρηκὼς
1068 4196 1126 4246 ὲν
1156 4194 1298 4264 ἀρχῇ
1343 4192 1451 4245 τῶν
1499 4193 1795 4264 Πράξεωνο
1850 4193 1963 4247 Τὸν

2135 2554 2189 2607 6.
2220 2552 2472 2606 Arbitror
2508 2565 2638 2606 vero
2665 2567 2786 2622 ego,
2813 2553 3027 2607 etiamsi
3057 2563 3296 2623 quatuor
3322 2556 3432 2608 sint
3462 2554 3643 2608 Evan-

2063 2642 2201 2711 gelia
2237 2642 2396 2694 veluti
2434 2643 2700 2696 elementa
2738 2642 2858 2697 fidei
2894 2642 3173 2705 Ecclesize,
3203 2658 3269 2696 ex
3302 2644 3502 2712 quibus
3528 2644 3639 2699 ele-

2063 2731 2264 2784 mentis
2299 2740 2443 2785 totus
2470 2739 2683 2786 constat
2712 2731 2799 2786 hic
2831 2734 3061 2785 mundus
3092 2733 3201 2787 Deo
3228 2749 3323 2800 per
3347 2732 3627 2788 Christum

2065 2820 2444 2875 reconciliatus
2465 2860 2480 2884 ,
2530 2823 2674 2874 sicut
2706 2821 2888 2891 inquit
2922 2822 3123 2877 Paulus
3155 2823 3235 2888 ³⁸,
3276 2822 3416 2878 Deus
3445 2833 3560 2878 erat
3586 2823 3642 2879 in

2067 2912 2316 2977 Christo,
2365 2912 2621 2966 mundum
2663 2912 2765 2965 sibi
2818 2912 3193 2976 reconcilians;
3245 2912 3400 2982 cujus
3455 2914 3645 2968 mundi

2066 3015 2356 3073 peccatum
2392 3004 2610 3058 sustulit
2639 3002 2835 3067 Jesns;
2878 3004 2948 3058 de
2978 3006 3179 3059 mundo
3206 3007 3349 3059 enim
3384 3004 3643 3060 Ecclesiae

2067 3110 2249 3150 sermo
2281 3096 2372 3149 ille
2403 3106 2486 3150 est
2529 3095 2766 3164 scriptus
2794 3094 2874 3148 “z
2908 3094 2966 3165 6
3005 3094 3137 3148 Ecce
3175 3096 3355 3165 Agnus
3391 3096 3524 3163 Dei,
3550 3101 3650 3168 qui

2062 3186 2237 3255 aufert
2290 3199 2556 3253 peccatum
2624 3186 2854 3252 mundi,
2905 3186 3316 3256 Evangeliorum
3371 3188 3642 3259 primitias

2068 3278 2425 3348 Evangelium
2473 3293 2593 3333 esse
2626 3276 2854 3333 Joannis
2893 3278 3052 3332 nobis
3099 3280 3458 3346 propositum,
3491 3278 3645 3346 cujus

2060 3386 2279 3425 sensum
2310 3386 2407 3438 pro
2439 3370 2585 3424 virili
2615 3381 2800 3424 nostra
2826 3370 2960 3439 jussi
2996 3386 3181 3423 sumus
3231 3368 3327 3424 abs
3354 3379 3403 3425 te
3427 3369 3641 3424 investi-

2060 3479 2211 3531 gare.
2229 3463 2391 3531 quue
2417 3463 2658 3518 arbitror
2678 3463 3034 3518 considerans
3057 3463 3425 3532 genealogiam
3454 3472 3639 3519 ιειῐοιιν

2060 3564 2189 3619 tem,
2213 3564 2266 3609 et
2293 3555 2649 3623 incipientem.
2670 3555 2739 3608 ab
2767 3568 2834 3608 eo
2854 3555 2945 3621 qni
2966 3554 3287 3623 genealogis
3307 3563 3474 3609 caret.
3505 3553 3639 3607 Nam

2060 3643 2347 3700 Mattlueus
2379 3645 2597 3714 quidem
2630 3660 2754 3699 cum
2782 3643 3047 3701 scriberet
3080 3643 3321 3700 llebrmis
3341 3687 3355 3710 ,
3391 3647 3481 3715 qui
3513 3662 3639 3701 ven-

2061 3747 2238 3791 turum
2270 3752 2339 3790 ex
2366 3737 2678 3791 Abrahamo
2705 3747 2760 3791 et
2795 3735 3448 3804 Davide'exspectabant:
3487 3738 3646 3792 Liber

2062 3826 2253 3895 inquit,
2276 3828 2624 3897 generationis
2639 3825 2672 3879 Ι
2679 3843 2768 3880 esu
2792 3825 2991 3880 Christi
3017 3826 3118 3894 ﬁlii
3132 3825 3325 3892 David,
3345 3828 3445 3896 ﬁlii
3469 3829 3647 3882 Abra-

2059 3919 2181 3971 Itam
2209 3919 2276 3970 ³⁸.
2319 3917 2533 3971 Marcus
2577 3934 2711 3972 vero
2742 3918 2923 3973 sciens
2970 3920 3113 3988 quod
3164 3920 3376 3982 scribit,
3426 3921 3640 3975 initium

2060 4019 2283 4064 enarrat
2320 4009 2615 4076 Evangelii,
2647 4009 2895 4064 fortassis
2922 4011 3065 4079 quod
3093 4011 3432 4066 inveniamus
3478 4013 3643 4067 linem

2062 4099 2233 4168 ipsius
2258 4100 2397 4170 apud
2418 4097 2704 4165 Joannem,
2726 4099 2816 4167 qui
2843 4098 2894 4151 in
2923 4100 3188 4169 principio
3210 4099 3447 4155 Verbum
3472 4100 3640 4157 Deum

2060 4188 2233 4242 fuisse
2258 4189 2454 4257 inquit.
2485 4189 2659 4243 Lucas
2688 4190 2851 4242 etiam
2882 4203 3003 4242 cum
3036 4189 3261 4244 dixisset
3287 4190 3332 4222 ³⁸
3358 4207 3372 4244 :
3400 4188 3645 4246 Primum

369 4286 491 4359 μὲν
520 4285 758 4355 πρῶτον
794 4286 980 4355 λόγον
1021 4283 1402 4354 ἐποιησάμην
1430 4284 1563 4351 περὶ
1609 4282 1849 4337 πάντων
1875 4276 1963 4336 ὧν

2065 4280 2272 4352 quidem
2310 4296 2599 4334 sermonem
2647 4280 2746 4348 feci
2791 4279 2855 4335 de
2897 4280 3137 4335 omnibus
3166 4282 3452 4351 quarcwpit
3482 4282 3643 4338 Iesus

373 4376 600 4446 ἤρξατο
626 4379 661 4431 d
703 4376 934 4445 Ἰησοῦς
971 4375 1164 4429 ποιεῖν
1198 4374 1298 4428 καὶ
1329 4373 1638 4429 διδάσκειν
1660 4373 1795 4445 (50),
1826 4373 1962 4429 ἀλλά

2065 4379 2235 4440 facere
2271 4382 2321 4427 et
2364 4372 2571 4438 docere,
2608 4371 2842 4440 majores
2893 4373 3354 4443 perfectioresque
3404 4375 3473 4429 de
3514 4372 3642 4429 Jesu

375 4485 440 4537 γε
483 4470 639 4539 τηρεί
673 4466 751 4538 τῷ
790 4467 881 4520 ἐπὶ
911 4467 972 4519 τὸ
1014 4466 1209 4537 στῆθος
1249 4466 1578 4521 ἁναπεσόντι
1623 4465 1718 4519 τοῦ
1766 4464 1951 4538 Ἰησοῦ

2065 4481 2346 4521 sermones
2378 4474 2623 4520 reservat
2644 4466 2691 4517 ei
2717 4465 2807 4533 qui
2827 4479 2988 4534 supra
3015 4463 3344 4533 pcctusJesu
3374 4467 3642 4522 recubuit.

374 4525 506 4623 τοὺς
538 4525 807 4630 ’μείζονας
872 4558 964 4612 καὶ
1018 4525 1385 4631 τελειοτέρους
1419 4557 1531 4627 (51)
1584 4557 1713 4628 περὶ
1780 4525 1958 4628 Ἰησοῦ

2065 4557 2253 4613 Nullus
2296 4559 2441 4613 enim
2498 4557 2712 4611 illorum
2735 4525 3052 4627 'adeo-pnr-e
3084 4558 3458 4614 manifestavit
3501 4559 3648 4613 illius

374 4647 600 4716 λόγους·
644 4649 820 4711 οὐδεὶς
865 4648 974 4719 γὰρ
1019 4648 1243 4702 ἐκείνων
1298 4647 1555 4720 ἀκρατῶς
1611 4648 1959 4718 ἐφανέρωσεν

2066 4648 2449 4712 divinitatem,
2514 4657 2569 4701 ut
2621 4645 2864 4703 Joannes
2915 4646 3114 4717 quippe
3171 4648 3262 4716 qui
3315 4649 3537 4703 inducat
3574 4647 3649 4703 ιι..

376 4741 544 4795 αὑτοῦ
584 4741 684 4813 τὴν
714 4741 966 4813 θεότητα,
1001 4740 1076 4804 ὡς
1118 4740 1369 4811 Ἰωάννης
1403 4741 1764 4812 παραστήσας
1794 4739 1957 4793 αὐτὸν

374 4832 603 4903 λέγοντα
622 4848 639 4862 ·
684 4829 827 4900 Ἐγώ
852 4832 969 4900 ειμι
999 4829 1062 4884 τὸ
1092 4828 1216 4898 φῶς
1242 4831 1348 4884 τοῦ
1377 4831 1632 4899 κόσμου’
1676 4829 1816 4899 Ἐγώ
1841 4832 1960 4899 ειμι

375 4926 417 4993 ἡ
453 4922 612 4990 ὁδὸς,
642 4923 742 4978 καὶ
778 4924 817 4991 ἡ
856 4921 1128 4989 ἀλήθεια,
1179 4921 1279 4976 καὶ
1324 4923 1364 4991 ἡ
1399 4920 1531 4988 ζωή·
1582 4922 1722 4993 Ἐγώ
1765 4927 1884 4992 ειμι
1916 4923 1955 4991 2';

376 5014 746 5081 ἀνάστασις·
793 5012 941 5083 Ἐγώ
968 5016 1085 5082 εἰμι
1114 5016 1154 5082 ἠ
1197 5014 1371 5082 θύρα’
1433 5012 1579 5083 Ἐγώ
1610 5015 1727 5083 εἰμι
1760 5017 1794 5068 ό
1826 5029 1957 5069 ποι-

449 5150 495 5183 ³¹
518 5149 708 5204 Matth.
743 5165 899 5211 niti,
928 5149 985 5213 8,
1010 5150 1065 5205 9.
1141 5150 1189 5181 δ’
1216 5149 1412 5218 Ephes.
1443 5164 1519 5213 Iv,
1555 5151 1647 5204 11.
1718 5151 1763 5182 ³³
1788 5148 1831 5203 ll
1854 5149 1981 5206 Cor.
2017 5166 2069 5213 v,
2100 5150 2182 5205 l9.

2064 4739 2172 4792 lum
2214 4739 2480 4794 dicentem
2516 4756 2530 4792 :
2567 4735 2680 4805 Ego
2711 4753 2829 4790 sunt
2857 4735 2952 4790 (ua:
2981 4739 3164 4791 mundi
3197 4753 3216 4791 :
3250 4737 3360 4809 Ego
3381 4740 3641 4809 sumjvia,

2063 4830 2255 4885 veritas
2298 4840 2344 4882 et
2374 4830 2480 4883 vita
2512 4844 2530 4882 :
2565 4828 2676 4898 Ego
2716 4844 2834 4881 sum
2866 4829 3176 4882 resurrectio
3210 4844 3229 4883 :
3262 4828 3374 4898 Ego
3400 4844 3518 4883 sum
3559 4846 3645 4882 os-

2064 4922 2231 4974 tium:
2258 4917 2373 4988 Ego
2395 4936 2513 4973 sum
2543 4930 2723 4987 pastor
2743 4920 2907 4973 bonus
2933 4919 3017 4983 ³⁷;
3042 4929 3095 4972 et
3121 4918 3175 4971 in
3203 4918 3528 4989 Apocalypsi
3554 4919 3601 4951 ⁸⁸
3626 4937 3641 4973 :

2066 5010 2180 5082 Ego
2206 5027 2324 5065 sum
2349 5011 2416 5076 Α,
2448 5022 2503 5066 et-
2530 5013 2589 5075 Ω,
2618 5011 2938 5080 princivium
2965 5019 3016 5064 et
3057 5009 3203 5078 ﬁnis,
3237 5010 3437 5079 primus
3465 5021 3514 5066 et
3551 5028 3643 5067 no-

2281 5149 2328 5181 ³¹⁵
2349 5148 2508 5203 Joan.
2548 5163 2587 5212 1,
2622 5147 2713 5205 50.
2788 5147 2833 5179 ³³
2863 5145 3058 5203 Matth.
3085 5145 3204 5212 1,1.
3281 5145 3329 5178 ³⁸
3361 5144 3484 5201 Act.
3513 5161 3553 5211 1,
3586 5146 3639 5199 1.

379 5222 424 5255 ⁸⁷
454 5219 613 5277 Joan.
650 5220 903 5286 ν111,12;
946 5236 1053 5287 τιν,
1091 5219 1164 5286 6;
1209 5236 1284 5283 st,
1326 5221 1429 5284 25;
1469 5237 1523 5287 χ,
1555 5221 1612 5284 7,
1642 5220 1698 5284 9,
1734 5221 1823 5276 Η.
1900 5220 1945 5251 ⁸⁸

2065 5235 2145 5275 oc.
2174 5235 2211 5280 1.
2243 5219 2310 5283 8;
2341 5234 2479 5284 xm,
2508 5221 2596 5272 l5.

449 5339 562 5410 (26)
598 5336 697 5410 Μὴ
739 5335 970 5410 mem

379 5405 556 5464 Locus
586 5408 820 5462 habetur
852 5406 1039 5460 Matth.
1079 5421 1233 5471 χχιιι,
1261 5407 1320 5476 8,
1345 5405 1433 5458 ubi
1474 5420 1574 5476 pro
1628 5406 1951 5476 καθηγητὴς

379 5476 709 5548 exemplaria
741 5476 987 5544 quaedam
1019 5477 1220 5529 habent
1252 5474 1591 5548 διδάσκαλος.
1651 5474 1802 5548 ll_uuc
1835 5474 1950 5527 Vau-

386 5560 491 5603 tem
539 5546 759 5600 versum
838 5561 962 5600 cum
1030 5547 1281 5616 sequenti
1347 5546 1592 5599 confudit
1666 5546 1951 5615 Origenes.

382 5619 650 5674 Ηυετιυιι.

453 5687 564 5759 (27)
613 5686 730 5759 Τοῦ
756 5685 1145 5759 Εὐάγγελὶου.
1182 5683 1421 5742 Tarinus
1470 5687 1727 5743 censebat
1773 5686 1958 5755 legen-

384 5754 508 5812 dnin
547 5754 641 5812 τοῦ
661 5754 999 5808 διδασκάλου.

454 5828 566 5900 (28)
607 5831 705 5893 Εἰς
735 5825 849 5894 τὴν
879 5824 1182 5894 ἀπαρχὴν,
1212 5837 1313 5881 etc.
1349 5827 1719 5890 Outittcudum
1743 5827 1955 5891 videtur

382 5898 484 5975 εἰς.

974 5353 1038 5390 τε
1088 5334 1462 5390 διδάσκαλον
1499 5335 1600 5389 ἐπὶ
1654 5333 1763 5402 τῆς
1814 5332 1969 5405 γῆς..

2141 5335 2251 5406 ('29)
2286 5334 2389 5389 Pro
2419 5332 2591 5387 εἰπών
2625 5331 2913 5406 Ferrarius
2936 5327 3314 5406 legit_axom'iw
3333 5366 3348 5389 ,
3378 5339 3479 5393 ego
3507 5339 3641 5406 vero

2059 5396 2344 5473 legendum
2379 5419 2576 5459 censeo
2601 5402 2783 5467 εἰπόν,
2828 5402 2974 5470 quod
2995 5396 3179 5455 refero
3204 5401 3270 5452 ad
3325 5396 3639 5451 uraecedcns

2059 5475 2122 5528 τὸ
2154 5474 2296 5529 κατὰ
2334 5474 2612 5538 Ἰωάννην.

2133 5577 2271 5651 (50)
2287 5575 2682 5651 Τέλοςᾳαιξτοῦ
2707 5572 2866 5651 ξηρᾷ
2888 5569 2971 5637 τῷ
3002 5568 3328 5651 Ἰωάννη...
3355 5563 3582 5648 ἤρξατο

2077 5639 2308 5717 Ἰήσοῦς
2336 5639 2529 5700 ποιεῖν
2554 5639 2669 5697 ’καὶ
2711 5639 3042 5717 διδάσκειν.
3061 5708 3072 5717 _
3100 5639 3228 5717 "rec
3272 5640 3469 5717 omnia_
3490 5640 3639 5704 apud

2064 5707 2318 5772 [luetium
2350 5716 2749 5775 desiderantur,
2808 5712 2902 5766 sed
2943 5708 3307 5762 restituuntur
3331 5707 3527 5777 partim
3566 5721 3646 5765 es,

2063 5789 2254 5843 codice
2294 5785 2604 5847 Bodleiano,
2633 5783 2830 5852 partim
2866 5795 2934 5833 ex
2962 5778 3281 5832 Barberino.

2136 5891 2455 5964 (5|).Codcx
2488 5887 2825 5956 Bodleianus,
2855 5882 3251 5961 rskewrégovg.
