4174 6432
495 408 554 462 3i
1954 399 2112 456 OlllC
2123 399 2275 454 iile
3690 396 3760 449 5'2

495 527 758 578 uiuimus.
792 523 1104 577 Andeamus
1133 521 1301 592 igitur
1327 522 1508 577 dicere
1536 522 1804 591 primitias
1826 522 2074 588 Scriptu-

2190 518 2299 585 ειὶιν
2341 520 2376 571 d
2408 520 2626 584 καλός·
2671 518 2764 570 καὶ
2799 517 2856 568 ὲν
2905 516 2968 586 τῇ
3018 511 3412 581 Ἀποκαλύυζιει·
3455 509 3597 581 Ἐγώ
3647 518 3763 580 ειμι

495 629 679 668 rarum
732 613 972 668 omnium
1027 611 1373 681 Evangeliunt
1425 627 1600 679 esse;
1660 611 2078 682 Evangeliorum

493 720 628 760 vero
653 704 946 775 primitias,
975 703 1330 774 Evangelium
1362 721 1390 756 a
1420 702 1632 759 Joanne
1665 705 1921 759 traditum
1946 722 1961 770 ;
1992 720 2082 758 cu-

496 800 582 870 ius
626 814 845 852 sensum
895 798 1181 866 percipere
1216 813 1374 852 nemo
1409 807 1609 865 potest,
1651 797 1756 851 nisi
1791 797 1881 866 qui
1917 813 2078 865 supra

497 903 685 959 pectus
704 890 830 946 Jesu
859 891 1191 954 recubuerit,
1218 891 1298 944 vel
1325 893 1596 960 acceperit
1621 909 1649 944 ιι
1674 889 1801 945 Jesu
1829 890 2078 954 Mariam,

495 1000 618 1054 quae
647 985 812 1037 etiam
847 983 1014 1052 ipsius
1042 993 1214 1038 mater
1247 983 1372 1036 fiat:
1405 984 1542 1037 adeo
1575 983 1733 1038 talem
1760 993 2082 1054 tantumque

498 1089 620 1128 esse
666 1088 886 1128 necesse
918 1082 1032 1135 est,
1065 1074 1158 1142 qui
1199 1071 1436 1129 Joannes
1464 1075 1604 1128 alius
1638 1075 1704 1128 sit
1752 1073 1988 1139 futurus,
2024 1085 2083 1130 ιιι

493 1165 958 1236 quemadmodum
982 1163 1244 1231 Joannes,
1276 1165 1465 1219 itidem
1491 1167 1652 1220 etiam
1683 1176 1740 1218 et
1768 1166 1870 1220 iste
1900 1181 1928 1218 a
1953 1164 2080 1221 Jesu

496 1257 658 1312 Jesus
680 1256 947 1311 exsistere
970 1257 1312 1312 ostendatur.
1338 1255 1472 1311 Nam
1497 1257 1542 1310 si
1579 1257 1758 1311 nullus
1783 1267 1867 1312 est
1898 1257 2082 1312 Mariae

503 1349 685 1414 titius,
727 1349 936 1418 judicio
961 1363 1152 1404 eorum
1189 1351 1282 1418 qui
1327 1350 1394 1403 de
1443 1349 1560 1417 ipsa
1593 1364 1726 1404 sane
1774 1361 2080 1415 senserunt,

457 1486 466 1501 ,
502 1451 860 1509 praeterquam
885 1439 1042 1496 Jesus
1064 1457 1079 1496 ε
1104 1441 1342 1510 dicitque
1368 1439 1525 1495 Jesus
1553 1442 1744 1494 matri:
1779 1439 1913 1494 Ecce
1933 1442 2082 1508 ﬁlius

502 1541 622 1584 tuas
657 1533 724 1598 ”,
758 1542 811 1587 et
839 1547 968 1599 non,
1001 1549 1132 1589 ecce
1157 1536 1321 1590 etiam
1359 1533 1444 1588 hic
1476 1545 1558 1588 est
1593 1534 1733 1587 {ilius
1767 1543 1925 1587 tuus:
1955 1551 2080 1603 pcr-

502 1621 628 1675 iude
669 1632 773 1687 est,
804 1636 867 1676 ac
920 1623 965 1676 si
1019 1623 1284 1677 dixisset:
1318 1622 1456 1676 Ecce
1483 1621 1572 1674 hic
1603 1631 1682 1674 est
1717 1619 1876 1674 Jesus
1916 1635 2082 1688 quem

503 1709 760 1770 genuisti.
808 1708 1021 1764 Etenim
1071 1710 1320 1780 quisquis
1349 1709 1618 1780 perfectus
1647 1722 1769 1774 est,
1820 1725 1923 1764 non
1962 1726 2082 1764 am-

505 1800 644 1867 plius
672 1801 804 1854 vivit
837 1805 972 1871 ipse,
1001 1803 1095 1857 sed
1132 1803 1184 1856 in
1223 1802 1339 1872 ipso
1371 1802 1504 1856 vivit
1535 1802 1786 1858 Christus
1813 1802 1879 1857 “.
1910 1802 2075 1857 Cum-

503 1906 609 1958 que
649 1891 700 1945 in
751 1893 867 1961 ipso
914 1893 1059 1946 vivat
1091 1893 1364 1958 Christus,
1406 1895 1608 1950 dicitur
1639 1896 1706 1950 de
1752 1910 1818 1951 eo
1853 1895 2035 1950 Maria:
2064 1915 2080 1951 ι
2114 1881 2157 1938 Β

507 1985 645 2037 Ecce
676 1983 816 2039 tilius
846 1995 974 2040 tuus
1001 1985 1269 2040 Christus.
1316 1985 1456 2052 Quid
1487 2001 1618 2056 ergo
1656 1987 1854 2043 attinet
1903 1989 2086 2044 dicere

502 2087 705 2143 quanta
737 2077 894 2132 nobis
923 2091 1060 2146 opus
1090 2078 1162 2133 sit
1190 2085 1373 2133 mente
1406 2087 1466 2132 ut
1496 2079 1548 2132 in
1582 2080 1840 2134 testaceis
1865 2079 2088 2150 abjecta:

505 2169 698 2223 littera:
733 2169 1006 2224 thesauris
1043 2168 1382 2224 reconditum
1417 2171 1641 2224 verbum
1687 2170 1850 2240 digne
1901 2171 2086 2226 valea-

506 2274 626 2314 nms
671 2259 1056 2328 interpretari,
1108 2259 1410 2328 praesertim
1441 2275 1566 2315 cum
1597 2260 1779 2317 littera
1820 2264 2022 2332 passim
2056 2280 2088 2320 ι

506 2349 790 2418 quibusvis
823 2351 1034 2420 legatur
1059 2390 1074 2414 ,
1107 2351 1446 2418 verbumque
1477 2367 1573 2422 per
1601 2369 1788 2409 vocem
1831 2357 2089 2412 sensibile

507 2439 756 2514 audiatur
798 2439 866 2492 ab
898 2439 1150 2494 omnibus
1184 2441 1274 2510 qui
1327 2441 1377 2510 7
1423 2443 1668 2497 auditum
1696 2447 1940 2512 praebent
1965 2460 2088 2500 cor-

509 2529 800 2598 poraletn?
833 2530 935 2596 Qui
988 2531 1132 2586 enim
1187 2539 1447 2588 accurate
1483 2534 1927 2602 apprehensurus
1980 2537 2086 2601 sit,

507 2635 636 2675 vere
685 2623 730 2676 is
773 2622 916 2678 dicat
960 2633 1214 2692 oportet:
1267 2624 1385 2680 Nor
1425 2635 1602 2679 autem
1635 2626 1834 2682 Christi
1877 2645 2088 2684 sensum

508 2715 777 2780 habemus,
809 2725 866 2769 ut
892 2717 1122 2770 sciamus
1143 2733 1260 2786 qua:
1287 2735 1319 2771 a
1350 2717 1455 2772 Deo
1483 2719 1680 2772 donata
1709 2729 1830 2774 sunt
1854 2721 2089 2776 nobis“.

510 2805 664 2870 Quod
700 2820 827 2860 vero
854 2821 1018 2862 omne
1047 2804 1456 2863 Testamentum
1488 2809 1694 2865 Novqu
1729 2813 1803 2867 sit
1841 2811 2090 2884 Evange-

512 2897 664 2958 lium,
721 2898 914 2953 adduci
955 2915 1246 2962 possumus
1276 2901 1342 2954 ad
1389 2904 1716 2957 credendum
1743 2921 1810 2960 ex
1861 2906 1946 2961 his
1972 2922 2093 2976 qua:

514 2989 707 3044 I’aulus
737 2990 890 3055 dicit,
921 2991 1140 3059 quando
1191 2992 1387 3048 alicubi
1422 2995 1468 3026 “
1491 2997 1684 3050 scribit
1718 3014 1732 3050 :
1787 2997 2092 3053 Secundum

514 3077 861 3149 Evangelium
890 3099 1085 3138 meum.
1119 3083 1263 3139 Inter
1301 3088 1504 3157 scripta
1533 3090 1679 3143 enim
1713 3090 1869 3143 Pauli
1909 3091 2093 3147 nullus

511 3183 692 3228 exstat
715 3175 853 3230 liber
877 3177 967 3244 qui
993 3178 1173 3231 vocari
1202 3178 1547 3250 Evangelium
1578 3185 1950 3240 consueverit.
1983 3186 2091 3242 Sed

515 3267 775 3337 quidquid
805 3267 890 3323 vel
940 3269 1264 3338 pradicavit
1293 3272 1379 3325 vel
1411 3272 1549 3328 dixit
1577 3283 1660 3328 est
1692 3275 2045 3346 Evangelium
2075 3296 2090 3341 ;

512 3374 632 3428 quae
662 3375 790 3416 vero
823 3363 1144 3431 praedicavit
1169 3373 1225 3418 et
1252 3365 1388 3419 dixit
1413 3405 1429 3427 ,
1462 3367 1578 3421 haec
1611 3369 1778 3422 etiam
1827 3371 2047 3439 scripsit
2075 3389 2090 3437 ;

511 3466 642 3522 ergo
663 3468 730 3507 ex
749 3452 836 3508 his
855 3455 1126 3525 colligitur
1149 3456 1320 3525 ipsius
1340 3459 1546 3527 scripta
1570 3460 1920 3530 Evangelium
1949 3482 2090 3522 esse.

513 3543 666 3608 Quod
718 3547 763 3600 si
813 3545 969 3601 Pauli
1008 3549 1210 3616 scripta
1251 3559 1380 3604 sunt
1415 3549 1772 3622 Evangelium
1799 3596 1814 3617 ,
1851 3559 2095 3625 profecto

515 3638 654 3689 idem
685 3641 1013 3694 censendum
1045 3649 1130 3696 est
1176 3641 1243 3696 de
1277 3641 1423 3697 Petri
1452 3643 1616 3700 etiam
1655 3647 1912 3714 scriptis;
1945 3658 2002 3704 et
2033 3660 2093 3705 ut.

517 3729 570 3780 in
627 3730 938 3786 universum
987 3732 1219 3802 loquar,
1259 3736 1443 3789 omnia
1490 3750 1613 3804 quae
1667 3737 1840 3805 ipsius
1887 3739 2092 3796 Christi

515 3823 840 3878 contirmant
867 3827 1187 3890 adventum,
1213 3837 1267 3882 et
1285 3843 1406 3898 quae
1435 3829 1715 3886 stabiliunt
1747 3835 2092 3902 praisentiam

517 3911 660 3968 illius
684 3953 701 3980 ,
731 3929 960 3986 quaeque
993 3918 1259 3975 inducunt
1309 3923 1478 3991 ipsam
1516 3924 1570 3976 in
1619 3924 1836 3979 animos
1868 3927 2095 3993 cupien-

518 4007 652 4060 tium
686 4008 966 4079 suscipere
991 4010 1084 4066 Dei
1112 4026 1442 4079 sermonem,
1474 4027 1707 4072 stantem
1737 4033 1835 4084 pro
1863 4019 2090 4084 foribus,

515 4106 576 4150 et
602 4097 904 4166 pulsantem
923 4144 938 4167 ,
972 4111 1028 4156 et
1064 4102 1278 4174 ingredi
1307 4104 1576 4160 volentem
1627 4107 1680 4162 in
1707 4111 1939 4174 animas,
1968 4119 2096 4164 sunt

520 4186 895 4260 Evangelium.

2181 611 2246 664 τὸ
2271 617 2316 665 Α
2361 612 2458 664 καὶ
2507 612 2572 664 τὸ
2607 615 2673 673 Ω,
2718 612 2756 676 ἡ
2784 608 2939 676 ἁρχὴ
2983 607 3078 659 καὶ
3117 606 3182 659 τὸ
3222 605 3413 669 τέλος·
3458 606 3490 657 ό
3531 602 3765 670 πρῶτος

2181 704 2280 758 καὶ
2334 707 2370 758 d
2416 703 2695 771 ἔσχατος.
2755 700 3067 771 Τολμητὲον
3123 699 3304 752 τοίνυν
3362 699 3537 749 εἰπεῖν
3585 697 3768 766 ἀπαρ-

2180 797 2284 867 χὴν
2333 795 2435 865 μὲν
2475 795 2666 848 πασῶν
2697 793 2928 864 Γραᾳῶν
2982 788 3120 844 εἶναι
3178 790 3248 843 τά
3273 789 3602 856 Εὐαγγέλια,
3655 786 3766 839 τῶν

2180 887 2236 941 δὲ
2288 886 2632 955 Εύαγγελίων
2681 885 2933 956 ἀπαρχὴν
2964 883 3026 936 τὸ
3071 881 3211 936 κατὰ
3253 881 3527 951 Ἰωάννην·
3567 873 3628 933 οὗ
3673 879 3764 932 τὸν

2180 979 2306 1034 νοῦν
2361 980 2533 1043 οὐδεὶς
2580 979 2805 1033 δύναται
2858 976 3041 1029 λαϐεῖν
3099 976 3176 1046 μὴ
3231 972 3520 1029 ἀναπεσὼν
3565 973 3657 1024 ἐπὶ
3701 971 3766 1024 τὸ

2183 1072 2378 1143 στῆθος
2427 1073 2623 1142 Ἰησοῦ,
2659 1072 2794 1144 μηδὲ
2828 1069 3008 1122 λαϐὼν
3051 1068 3160 1122 ἀπὸ
3205 1066 3379 1138 Ἰησοῦ
3411 1065 3510 1135 τὴν
3538 1063 3764 1133 Μαρίαν

2181 1165 2472 1236 γινομένην
2537 1165 2632 1217 καὶ
2684 1161 2850 1217 αὑτοῦ
2910 1160 3141 1232 μητέρα·
3193 1159 3288 1212 καὶ
3341 1155 3657 1227 τηλικοῦτον
3705 1153 3763 1206 δὲ

2181 1256 2436 1325 γενέσθαι
2487 1256 2572 1310 δεῖ
2625 1257 2717 1309 τὸν
2770 1254 3026 1324 ἐσόμενον
3077 1251 3235 1305 ἀλλον
3300 1248 3571 1318 Ἰωάννην,
3623 1245 3763 1299 ὥστε

2180 1347 2344 1402 οἱονεὶ
2397 1347 2488 1401 τὸν
2555 1347 2808 1416 Ἰωάννην
2869 1342 3147 1412 δειχθῆναι
3204 1339 3335 1394 ὅντα
3401 1337 3607 1408 Ἰησοῦν
3659 1336 3768 1390 ἀπὺ

2193 1437 2389 1508 Ἰησοῦ.
2427 1440 2490 1492 El
2522 1438 2630 1509 γὰρ
2659 1437 2834 1500 οὐδεὶς
2866 1436 2978 1498 υίὸς
3009 1432 3248 1503 Μαρίας,
3279 1429 3420 1484 κατά
3447 1429 3572 1492 τοὺς
3598 1427 3766 1496 ὑγιῶς

2181 1532 2310 1602 περὶ
2344 1531 2514 1599 αὐτῆς
2549 1527 2871 1596 δοξάζοντας
2904 1527 3037 1598 (32),
3073 1525 3107 1595 ἢ
3146 1521 3374 1594 Ἰησοῦς,
3401 1521 3535 1592 φησὶ
3561 1520 3618 1574 δὲ
3659 1521 3765 1590 Ἰη-

2183 1622 2309 1686 σοῦς
2343 1625 2410 1694 τῇ
2443 1621 2640 1693 μητρί·
2689 1620 2801 1674 Ἴδε
2827 1623 2860 1672 ό
2893 1621 3030 1684 υἱός
3055 1635 3193 1678 σου,
3223 1616 3315 1669 καὶ
3340 1615 3492 1685 οὐχί·
3533 1613 3638 1667 Ἴδε
3672 1613 3770 1667 καὶ

2179 1708 2336 1778 οὗτος
2386 1715 2498 1776 υἱός
2555 1729 2682 1766 σου·
2729 1713 2842 1766 ῐσον
2889 1710 3076 1782 είρηκε
3119 1707 3218 1780 τῷ·
3269 1707 3374 1761 Ἴδε
3419 1702 3572 1770 οὗτός
3617 1708 3766 1759 ἐστιν

2196 1807 2402 1878 Ἰησοῦς
2447 1807 2506 1860 ὃν
2533 1806 2848 1877 ἐγέννησας.
2881 1805 2989 1858 Καὶ
3021 1804 3129 1875 γάρ
3159 1804 3266 1865 πᾶς
3292 1803 3322 1853 ό
3353 1799 3766 1870 τετελειωμένος

2186 1899 2252 1970 ζῇ
2283 1900 2487 1963 οὐκέτι,
2511 1898 2626 1952 ἀλλ’
2659 1898 2716 1950 ὲν
2749 1896 2900 1967 αὐτῷ
2934 1897 2999 1966 ζῇ
3031 1896 3284 1966 Χριστός·
3325 1893 3422 1947 καὶ
3454 1893 3575 1946 ἐπεὶ
3609 1891 3674 1962 ζῇ
3709 1892 3768 1944 ἐν

2186 1989 2336 2059 αύτῴ
2363 1989 2618 2059 Χριστὸς,
2652 1987 2867 2056 λέγεται
2895 1986 3022 2058 περὶ
3052 1984 3214 2038 αὐτοῦ
3240 1986 3306 2055 τῇ
3343 1982 3532 2056 Μαρίᾳ.
3551 2000 3564 2013 ·
3606 1983 3711 2036 Ἴδε
3739 1983 3770 2036 ό

2188 2084 2302 2147 υίός
2331 2100 2422 2136 σου
2453 2084 2482 2135 ὁ
2511 2081 2764 2152 Χριστός.
2805 2079 3020 2132 Ἡλίκου
3049 2078 3228 2131 τοίνυν
3255 2075 3346 2130 νοῦ
3382 2078 3514 2146 ἡμῖν
3543 2075 3643 2140 δεῖ,
3682 2075 3770 2128 ἵνα

2187 2175 2278 2228 τὸν
2307 2176 2364 2228 ὲν
2402 2175 2514 2236 τοῖς
2542 2171 2886 2242 ὀστρακίνοις
2917 2169 3017 2239 τῆς
3058 2167 3308 2231 εὐτελοῦς
3339 2166 3536 2231 λέξεως
3565 2166 3773 2238 θησαυ-

2190 2269 2306 2341 ροῖς
2347 2264 2773 2334 ὲναποκείμενον
2816 2262 2974 2330 λόγον
3002 2261 3114 2330 (55)
3141 2260 3236 2314 τοῦ
3275 2259 3380 2312 ὑπὸ
3409 2259 3626 2312 πάντων
3659 2257 3772 2310 τῶν

2189 2359 2628 2428 ἐντυγχανόντων
2691 2354 3204 2425 ἀναγινωσκομένου
3262 2353 3614 2426 γράμματος,
3681 2349 3775 2402 καὶ

2191 2452 2298 2506 ὑπὸ
2336 2453 2554 2506 πάντων
2596 2449 2704 2503 τῶν
2735 2449 3081 2521 παρεχόντων
3111 2449 3211 2506 τὰς
3246 2444 3567 2517 σωματικὰς
3603 2443 3773 2506 ἀκοὰς

2193 2545 2550 2616 ἀκουομένου,
2569 2542 2829 2612 αἰσθητοῦ
2853 2542 2940 2595 διὰ
2964 2541 3146 2611 φωνῆς
3168 2540 3352 2608 λόγου,
3378 2537 3626 2592 ἐκλαϐεῖν
3653 2538 3773 2590 κατ’

2191 2638 2346 2704 ἀξίαν
2374 2635 2710 2706 δυνηθῶμεν,
2731 2635 2784 2686 τί
2805 2633 2886 2686 δεῖ
2908 2634 3002 2686 καὶ
3014 2633 3194 2702 λέγειν
3214 2649 3229 2696 ;
3259 2631 3362 2684 Τὸν
3383 2631 3494 2701 γὰρ
3513 2630 3776 2700 μέλλοντα

2191 2730 2365 2783 ταῦτα
2394 2728 2640 2800 ἀκριϐῶς
2667 2727 3108 2797 καταλαμϐάνειν
3140 2725 3279 2796 μετά
3306 2723 3566 2795 ἀληθείας
3596 2723 3775 2774 εἰπεῖν

2191 2823 2289 2876 δεῖ·
2333 2820 2524 2891 Ἡμεῖς
2552 2820 2621 2873 δὲ
2647 2819 2798 2873 νοῦν
2841 2819 3100 2888 Χριστοῦ
3131 2820 3368 2888 ἔχομεν,
3398 2818 3498 2870 ἵνα
3528 2814 3778 2884 εἰδῶμεν

2193 2915 2262 2966 τὰ
2283 2914 2400 2967 ὑπὸ
2429 2911 2532 2966 τοῦ
2558 2910 2706 2965 Θεοῦ
2740 2909 3100 2978 χαρισθέντα
3132 2908 3296 2979 ἡμῖν.
3334 2909 3494 2961 Ἔστι
3525 2905 3582 2959 δὲ
3612 2920 3778 2977 προσ-

2193 3005 2425 3075 αχθῆναι
2471 3003 2580 3057 ἀπὸ
2620 3002 2728 3056 τῶν
2773 3002 2878 3055 ὑπὸ
2912 3001 3126 3054 Παύλου
3169 3000 3476 3071 λεγομένων
3522 2998 3652 3069 περὶ
3682 2993 3776 3049 τοῦ

2195 3101 2376 3152 πᾶσαν
2401 3097 2500 3169 τὴν
2525 3095 2735 3166 Καινὴν
2765 3091 2900 3148 εἶναι
2927 3094 2995 3148 τὰ
3020 3093 3327 3163 Εὐαγγὲλια
3354 3091 3489 3162 (54),
3519 3091 3648 3144 ὅταν
3672 3106 3777 3142 που

2195 3189 2414 3261 γράφῃ·
2462 3187 2626 3242 Κατὰ
2677 3187 2742 3240 τὸ
2792 3185 3162 3256 Εὐαγγέλιόν
3205 3201 3344 3254 μου·
3382 3187 3440 3237 ὲν
3484 3182 3777 3255 γράμμασι

2196 3280 2306 3350 γὰρ
2329 3279 2544 3333 Παύλου
2566 3279 2666 3332 οὐκ
2697 3279 2892 3350 ἔχομεν
2925 3277 3127 3348 βιϐλίον
3162 3274 3490 3344 Εύαγγὲλιον
3519 3273 3767 3344 συνήθως

2198 3371 2548 3441 καλούμενον.
2609 3370 2771 3423 Ἀλλὰ
2813 3372 2920 3421 πᾶν
2966 3368 2996 3422 ὃ
3041 3369 3312 3439 ἐκήρυσσε
3360 3365 3454 3419 καί⁵
3496 3364 3671 3432 ἔλεγε,
3717 3362 3779 3416 τὸ

2197 3463 2528 3532 Εὐαγγέλιον
2549 3457 2637 3534 ἦν·
2673 3461 2709 3516 ά
2737 3461 2831 3514 καὶ
2860 3461 3133 3530 ἐκήρυσσε
3165 3461 3258 3512 καὶ
3277 3457 3450 3526 ἔλεγε,
3485 3455 3660 3510 ταῦτα
3686 3454 3780 3507 καὶ

2197 3555 2435 3627 ἔγραφε·
2467 3555 2562 3608 καὶ
2599 3553 2634 3608 ἀ
2667 3553 2873 3623 ἔγραφε
2905 3553 3013 3623 ἀρα
3045 3551 3374 3619 Εὑαγγέλιον
3401 3545 3493 3620 ἧν.
3530 3549 3594 3602 Et
3621 3547 3677 3600 δὲ
3713 3546 3780 3599 τὰ

2199 3647 2412 3701 Παύλου
2440 3646 2770 3715 Εὑαγγέλιον
2801 3641 2892 3715 ἦν,
2925 3643 3218 3698 ἀκόλουθον
3247 3643 3448 3710 λέγειν,
3478 3642 3559 3694 ὅτι
3595 3641 3686 3693 καὶ
3711 3638 3780 3690 τὰ

2200 3741 2406 3813 Πέτρου
2429 3739 2759 3807 Εύαγγέλιον
2783 3733 2872 3808 ἦν,
2896 3737 2989 3790 καὶ
3009 3734 3345 3802 ἁπαξαπλῶς
3369 3733 3438 3786 τά
3459 3732 3783 3786 συνιστάντα

2197 3833 2294 3905 τὴν
2317 3831 2554 3906 Χριστοῦ
2572 3830 2731 3902 ὲπιδη
2741 3830 2891 3901 μίαν,
2912 3830 3006 3884 καὶ
3025 3825 3499 3891 κατασκευάζοντα
3520 3825 3620 3896 τὴν
3641 3837 3783 3894 παρ-

2197 3928 2383 3982 ουσίαν
2425 3925 2614 3991 αὑτοῦ,
2653 3923 2986 3995 ἐμποιοῦντα
3018 3940 3078 3976 τε
3108 3921 3276 3994 αὐτὴν
3303 3924 3423 3984 ταῖς
3448 3919 3647 3990 ψυχαῖς
3673 3916 3783 3968 τῶν

2201 4020 2537 4092 βουλομένων
2563 4016 2970 4090 παραδέξασθαι
2992 4017 3082 4070 τὸν
3109 4015 3319 4070 ἑστῶτα
3343 4013 3438 4066 ἐπὶ
3461 4013 3560 4083 τὴν
3589 4009 3782 4080 θύραν,

2198 4115 2294 4166 καὶ
2329 4111 2616 4184 κρούοντα,
2658 4110 2755 4164 καὶ
2783 4107 3042 4162 εἰσελθεῖν
3089 4107 3411 4178 βουλόμενον
3444 4106 3526 4168 εἰς
3553 4102 3652 4166 τάς
3679 4101 3785 4172 ψυ-

2236 4206 2300 4268 ὰς
2329 4203 2487 4271 λόγον
2518 4199 2675 4254 Θεοῦ.

592 4281 644 4335 7.
675 4225 785 4338 6Sed
823 4292 1034 4353 tempus
1053 4283 1168 4354 jam
1197 4294 1283 4342 est
1312 4287 1628 4342 accuratius
1653 4291 1940 4360 exquirere
1963 4291 2089 4362 quid

2199 4225 2300 4278 χας
2331 4225 2487 4271 Λογον
2518 4225 2675 4254 σεου.

2271 4293 2323 4346 7.
2359 4293 2425 4345 Τί
2456 4292 2512 4345 δὲ
2548 4289 2794 4361 βούλεται
2833 4285 3029 4361 δηλοῦν
3060 4290 3094 4360 ἡ
3135 4285 3467 4356 Εὑαγγέλιον
3507 4303 3784 4358 προσηγο-

521 4390 624 4429 vox
653 4375 928 4444 Evangelii
965 4379 1254 4448 signiﬁcet,
1284 4393 1338 4436 et
1365 4397 1533 4450 quare
1561 4383 1612 4436 hi
1643 4382 1763 4438 libri
1794 4384 2089 4452 inscriptio-

2204 4386 2314 4459 ρία,
2351 4387 2445 4440 καὶ
2470 4383 2560 4438 διά
2587 4383 2640 4436 τί
2666 4382 2874 4453 ταύτην
2903 4380 3016 4452 ἔχει
3045 4380 3144 4452 τὴν
3167 4379 3480 4451 ἐπιγραφὴν
3512 4379 3684 4432 ταῦτα
3717 4379 3786 4432 τὰ

521 4484 642 4521 nem
689 4467 832 4523 hanc
875 4470 1133 4528 habeant.
1171 4473 1265 4527 Est
1307 4474 1475 4543 igitur
1516 4474 1867 4545 Evangelium
1913 4493 2089 4532 sermo

2203 4477 2401 4548 βιϐλία,
2438 4477 2538 4548 ἥδη
2570 4475 2762 4548 καιρὸς
2797 4474 3072 4538 ἐξετάσαι.
3110 4475 3264 4527 Ἔστι
3295 4474 3476 4528 τοίνυν
3509 4473 3572 4526 τὸ
3609 4474 3786 4541 Εὐαγ-

520 4558 612 4626 qui
644 4574 826 4614 rerum
857 4564 1106 4616 nuntium
1143 4565 1413 4630 continet,
1449 4580 1569 4634 qua:
1597 4569 1744 4635 quod
1772 4567 1934 4622 utiles
1963 4569 2089 4635 sint,

2203 4564 2382 4633 γέλιον
2415 4564 2575 4634 λόγος
2601 4564 2874 4635 περιέχων
2898 4563 3242 4632 ἀπαγγελίαν
3268 4563 3610 4636 πραγμάτων
3645 4563 3787 4616 κατά

519 4649 636 4715 iure
663 4653 859 4707 merito
903 4653 1141 4708 laetitiam
1179 4657 1399 4720 pariunt
1442 4660 1702 4723 auditori,
1739 4659 2089 4728 simulatque

2203 4659 2264 4712 τὸ
2290 4657 2508 4728 εὔλογον
2528 4656 2613 4711 διὰ
2637 4657 2699 4710 τὸ
2721 4657 2950 4727 ὠφελεῖν
2967 4656 3368 4730 εὐφραινόντων
3384 4657 3475 4710 τὸν
3496 4657 3782 4719 ἀκούοντα,

521 4745 590 4797 ab
627 4743 745 4812 ipso
771 4747 1008 4802 admissa
1040 4747 1245 4803 fuerint
1284 4767 1406 4820 quae
1439 4752 1784 4807 nuntiantur.
1817 4751 1930 4808 Nec
1967 4769 2089 4809 vero

2205 4748 2343 4803 ἐπὰν
2373 4747 2745 4821 παραδέξηται
2770 4750 2832 4802 τὸ
2853 4748 3346 4820 ἀπαγγελλόμενον·
3370 4748 3526 4801 οὐδὲν
3556 4748 3601 4801 δ’
3625 4745 3787 4820 ἦττον

523 4836 702 4892 minus
735 4839 855 4894 talis
879 4840 1056 4894 oratio
1085 4853 1168 4895 est
1199 4841 1550 4912 Evangelium
1573 4885 1588 4910 ,
1617 4845 1869 4913 quamvis
1896 4859 1962 4899 ex
1994 4846 2089 4900 ha-

2203 4843 2232 4894 ό
2261 4839 2498 4903 τοιοῦτος
2522 4838 2680 4908 λόγος
2718 4839 3052 4909 Εὑαγγέλιόν
3078 4841 3248 4902 ἐστιν,
3284 4838 3351 4892 ἂν
3384 4839 3478 4892 καὶ
3503 4838 3613 4908 (35)
3653 4839 3788 4911 πρὸς

521 4923 635 4978 bitu
665 4927 935 4984 audientis
965 4931 1368 5000 perpendetur:
1399 4932 1506 5000 vel,
1538 4931 1889 5003 Evangelium
1918 4936 2089 4990 oratio

2203 4934 2303 5005 τὴν
2338 4933 2523 5004 σχέσιν
2555 4934 2649 4986 τοῦ
2684 4933 2974 4997 ἀκούοντος
3003 4931 3346 5002 ἐξετάζηται·
3384 4933 3418 5002 ἢ
3457 4931 3787 5000 Εύαγγέλιόν

589 5039 637 5072 ³⁹
657 5039 814 5097 Joan.
848 5056 962 5107 nx,
989 5040 1081 5096 26.
1155 5043 1202 5075 “
1226 5043 1402 5099 Galat.
1441 5061 1500 5108 ιι,
1531 5045 1621 5098 20.
1700 5045 1739 5076 ⁸³
1776 5045 1944 5100 ICor.
1972 5061 2036 5107 ll,
2069 5047 2089 5100 l

2190 5048 2278 5100 lli.
2357 5048 2401 5079 "
2426 5049 2586 5102 Rom.
2620 5063 2680 5112 ιι,
2715 5051 2798 5102 lli.

591 5134 703 5206 (5'2)
731 5137 891 5190 Κατὰ
914 5137 1056 5203 τοὺς
1082 5135 1264 5206 ὑγιῶς
1313 5137 1444 5205 περὶ
1477 5135 1666 5204 αὐτῆς
1716 5135 2089 5207 δοξᾴζοντας.

2204 5140 2398 5194 bteres.
2425 5153 2656 5197 Lxxvm.
2695 5153 2818 5207 cap.
2850 5138 2904 5191 l.
2953 5137 3083 5191 Post
3141 5135 3564 5207 Apolliu_arium_
3591 5135 3786 5192 eadem

520 5203 656 5263 Tum
685 5203 757 5260 ex
790 5210 891 5262 hoc
918 5209 1056 5271 loco,
1087 5203 1200 5261 tum
1230 5223 1297 5262 ex
1347 5203 1414 5262 iis
1455 5223 1575 5276 quae
1618 5203 1786 5262 habet
1836 5205 2100 5273 Origenes
2205 5210 2429 5264 vesania
2459 5203 2782 5262 laborarunt
2823 5207 3140 5270 Eunomius,
3175 5205 3476 5269 Helvidius,
3537 5203 3786 5260 Jovinia-

523 5289 655 5334 tom.
689 5293 740 5332 ιι
771 5280 826 5331 in
861 5278 1175 5333 Matthwum
1206 5287 1262 5332 et
1287 5277 1558 5332 ltomilia'i
1589 5279 1641 5331 in
1675 5276 1895 5343 Lucam,
1929 5279 2100 5346 liquet
2205 5296 2306 5333 nus
2329 5290 2384 5333 et
2411 5280 2672 5336 Bonosus.
2705 5277 2812 5332 Sed
2842 5279 2982 5332 hanc
3016 5278 3265 5331 hmresim
3295 5276 3572 5331 luculento
3592 5277 3786 5332 adver-

523 5351 698 5415 ipsum
731 5363 828 5418 pro
865 5347 1216 5405 heterodoxis
1253 5348 1509 5403 habuisse
1545 5364 1640 5403 eos
1670 5349 1760 5416 qui
1784 5357 2097 5418 perpetuam
2203 5365 2296 5405 sus
2333 5349 2638 5404 Helvidium
2670 5363 2837 5417 opere
2865 5348 3126 5402 contrivit
3151 5347 3538 5418 Hieronymus.

523 5419 704 5512 iiii???
717 5419 1439 5512 ζῗῗὲίε¹1ίξ³εῗ¹ε¹ᾊ¹1θηίξὶ¹ἒὶ¹ξξεζ
1453 5418 1838 5512 ,Ἶῖἶλὶίὲμῖἰῗῗζῖθ
1868 5433 2098 5512 Ξῖἷίὶῗῗὲ
2274 5442 2386 5512 (35)
2414 5443 2632 5512 Λόγονο
2659 5440 2825 5496 ῐτοτιθ
2856 5439 3143 5510 ιεεθηάηηι
3176 5437 3326 5496 νοῦνο

523 5489 698 5556 inquit
717 5487 967 5555 iluétius,
998 5489 1168 5544 fuisse
1185 5487 1554 5543 Tertullianus
1577 5488 1839 5552 creditur,
1864 5503 2100 5556 euntque

523 5561 731 5630 duobus
765 5560 894 5630 locis
931 5561 1262 5630 prodidisse,
1290 5560 1427 5614 libro
1456 5558 1532 5630 De
1563 5559 1922 5625 monogamia,
1969 5574 2096 5628 cap.

521 5634 577 5690 8,
599 5637 653 5682 et
676 5629 770 5684 lib.
808 5629 885 5683 De
915 5647 1071 5684 carne
1111 5629 1330 5694 Christi,
1356 5645 1479 5696 cap.
1507 5629 1567 5694 7;
1592 5630 1686 5684 sed
1713 5631 1965 5690 obscure.
1999 5644 2098 5684 nec

523 5699 658 5752 ιιιιίε
684 5709 887 5769 aperte.
918 5705 986 5754 At
1011 5701 1157 5756 clare
1182 5718 1306 5755 eum
1343 5716 1463 5753 cum
1503 5700 1624 5752 aliis
1686 5701 1964 5768 professus
2009 5709 2098 5755 est.

524 5769 916 5836 Apollinarius,
947 5780 1088 5824 teste
1127 5771 1451 5840 Epiphanio,
1487 5771 1579 5838 qui
1631 5771 2096 5824 Antidicomaria-

526 5851 670 5896 nitas
701 5856 799 5896 eos
844 5841 1172 5912 appellabat,
1229 5849 1421 5898 tueres.
1469 5857 1674 5907 uxvn,
1727 5857 1845 5911 cap.
1891 5841 1983 5908 26,
2041 5849 2096 5896 et

2277 5531 3408 5658 suasum-:3:-Jaamtatat
3439 5529 3793 5658 Eum;

2204 5602 2337 5659 λιον.
2369 5602 2536 5659 Paulo
2559 5602 2680 5673 post
2703 5602 2873 5673 nostri
2903 5604 3118 5657 codices
3155 5603 3362 5657 habent
3394 5619 3408 5654 :
3433 5602 3563 5673 eius
3591 5602 3792 5672 ἔχομεν

2208 5676 2408 5746 βιϐλίον
2441 5671 2778 5743 εὐαγγέλιον.
2803 5672 2982 5727 lluetii
3007 5674 3178 5728 editio
3208 5673 3397 5728 omisit
3423 5671 3648 5742 βιϐλίον.

2277 5768 2388 5839 (55)
2427 5768 2652 5839 Ἔστρκ
2692 5765 2768 5839 ἂν
2794 5766 2912 5820 καί.
2940 5763 3070 5828 llaec
3103 5767 3302 5822 desunt
3330 5763 3382 5818 in
3415 5762 3602 5820 codice
3629 5775 3791 5834 quem

2169 5899 2176 5906 _
2206 5835 2427 5896 secutus
2457 5847 2541 5893 est
2574 5835 2822 5892 lluetius.
