4174 6408
326 296 399 350 ss
1212 279 1222 288 ’
1408 300 1765 357 conamur.
1806 301 1872 355 IN
1910 296 2100 358 JOAN.
2141 302 2379 359 'rouus
2415 305 2455 359 ι.
3510 312 3582 366 at

329 412 447 465 ἐστι
475 410 631 480 λόγος
672 414 945 485 περιέχων
979 415 1184 485 ἀγαθοῦ
1224 416 1302 488 τῷ
1355 418 1666 471 πιστεύοντι
1700 437 1900 489 παρου-

2008 430 2114 486 est,
2139 421 2424 475 continens
2453 418 2578 475 boni
2608 423 2951 490 praesentiam
2979 423 3281 495 cuicunque
3301 427 3574 483 credenti:

332 500 451 556 σίαν
478 503 511 573 ἢ
556 504 711 572 λόγος
742 507 1209 578 ἐπαγγελλόμενος
1243 513 1497 580 παρεῖναι
1526 510 1585 563 τὸ
1615 510 1817 578 ἀγαθὸν
1847 512 1906 564 τὸ

332 594 800 667 προσδοκώμενον.
829 599 1037 664 Πάντες
1062 600 1119 653 δὲ
1141 602 1187 652 οἱ
1214 601 1325 672 (56)
1354 604 1740 673 προειρημένοι
1773 605 1905 674 ἡμῖν

329 684 449 757 ὅροι
473 685 585 756 (57)
622 688 996 758 ἐφαρμόζουσι
1019 693 1131 753 τοῖς
1164 692 1627 764 ἐπιγραφομένοις
1664 695 1906 762 Εὐάγγε-

331 773 483 838 λίοις·
520 775 750 841 ἕκαστον
772 777 879 849 γὰρ
916 780 1242 849 Εύαγγέλιον
1284 782 1535 854 σύστημα
1563 784 1904 853 ἀπαγγελλο-

338 865 511 936 μένων
538 866 835 939 ὠφελίμων
870 871 946 941 τῷ
974 872 1303 938 πιστεύοντι,
1344 875 1437 928 καὶ
1464 875 1539 946 μὴ
1566 876 1903 947 παρεκδεξα-

336 958 497 1028 μένῳ,
520 959 788 1029 τυγχάνον
819 960 1086 1030 ὠφέλειαν
1110 965 1392 1035 ἐμποιοῦν,
1427 966 1567 1019 κατὰ
1596 968 1656 1020 τὸ
1684 967 1903 1038 εῠλογον

332 1050 610 1121 εὐφραίνει
634 1053 883 1109 διδάσκον
901 1056 1003 1128 τὴν
1021 1057 1086 1109 δι’
1107 1056 1423 1129 ἀνθρώπους
1439 1057 1535 1112 τοῦ
1558 1061 1902 1131 πρωτοτόκου

334 1141 511 1212 πάσης
574 1143 807 1209 κτίσεως
851 1147 1091 1217 Χριστοῦ
1158 1148 1332 1219 Ἰησοῦ
1387 1151 1653 1222 σωτήριον
1716 1152 1903 1217 αὐτοῖς

333 1233 643 1303 ἐπιδημίαν.
692 1235 853 1290 Ἀλλὰ
876 1238 968 1290 καὶ
989 1238 1069 1291 ὅτι
1097 1238 1252 1308 λόγος
1284 1242 1442 1297 ἐστὶν
1454 1242 1684 1297 ἕκαστον
1722 1246 1901 1314 Εὐαγ-

332 1324 504 1393 γέλιον
536 1326 800 1380 διδάσκων
831 1329 930 1399 τὴν
958 1329 1054 1382 τοῦ
1080 1331 1285 1399 ἀγαθοῦ
1307 1333 1518 1404 Πατρὸς
1551 1336 1610 1387 ὲν
1645 1335 1758 1406 Υίῷ
1788 1341 1903 1401 τοῖς

333 1413 673 1485 βουλομένοις
710 1417 1116 1489 παραδέξασθαι
1152 1421 1470 1492 ἐπιδημίαν,
1508 1426 1670 1477 παντὶ
1701 1425 1779 1496 τῷ
1812 1445 1901 1480 πι-

332 1505 572 1559 στεύοντι
608 1509 795 1578 σαφές·
825 1510 906 1562 ὅτι
925 1510 982 1563 δὲ
1007 1512 1102 1565 καὶ
1134 1512 1336 1581 ἀγαθὸν
1370 1515 1765 1584 ἐπαγγέλλεται
1812 1520 1902 1573 διὰ

329 1595 434 1650 τῶν
481 1597 699 1668 βιϐλίων
752 1599 954 1654 τούτων
999 1602 1059 1657 τὺ
1106 1605 1471 1677 προσδοκηθὲν
1519 1609 1620 1661 οὐκ
1666 1610 1895 1680 ἀσαφές·

331 1689 653 1762 σχεδὸν-γὰρ
690 1692 718 1743 6
759 1692 1066 1766 Βαπτιστὴς
1128 1697 1377 1769 Ἰωάννης
1416 1699 1515 1771 τὴν
1565 1703 1765 1768 παντὸς
1802 1705 1897 1760 τοῦ

328 1781 456 1835 λαοῦ
485 1782 664 1835 λαϐὼν
712 1786 893 1857 φωνήν
924 1803 1057 1857 φησι
1095 1788 1320 1859 πέμψας
1352 1790 1431 1862 τῷ
1472 1792 1670 1863 Ἰησοῦ⁶
1726 1797 1814 1857 Σὺ
1847 1799 1904 1852 εἴ

328 1876 361 1926 ὁ
392 1873 734 1942 ἐρχόμενος,
778 1874 817 1944 ἢ
847 1874 1055 1943 ἕτερον
1085 1879 1535 1950 προσδοκῶμεν;
1582 1884 1901 1954 Προσδοκώ-

330 1978 488 2032 μενον
514 1964 624 2034 γὰρ
649 1964 850 2032 ἀγαθὸν
873 1964 950 2035 τῷ
977 1965 1092 2037 λαῷ
1120 1966 1149 2018 6
1176 1968 1409 2038 Χριστὸς
1433 1964 1522 2041 ἦν,
1555 1974 1681 2043 περὶ
1709 1966 1771 2026 οὗ
1802 1992 1902 2046 κη-

329 2056 637 2126 ρυσσόντων
669 2055 776 2109 τῶν
809 2058 1125 2129 προφητῶν,
1170 2060 1331 2131 μέχρι
1360 2064 1455 2116 καὶ
1486 2063 1595 2117 τῶν
1628 2068 1899 2138 τυχόντων

328 2146 527 2210 πάντες
559 2149 639 2209 εἰς
680 2148 841 2201 αὑτὸν
879 2148 1036 2218 ἔσχον
1057 2152 1104 2202 οἱ
1138 2151 1243 2203 ὑπὸ
1282 2152 1444 2222 νόμον
1475 2155 1569 2208 καὶ
1617 2159 1900 2230 προφήτας

328 2239 428 2302 τὰς
461 2238 700 2304 ἐλπίδας,
749 2239 825 2303 ὡς
876 2244 1212 2314 μαρτυρείή
1263 2243 1593 2316 Σαμαρεῖτις
1644 2247 1896 2316 λέγουσα·

324 2328 484 2396 Οἶδα,
518 2331 605 2384 ὅτι
638 2334 912 2399 Μεσσίας
943 2334 1178 2402 ἔρχεται
1207 2337 1241 2388 ὁ
1273 2338 1599 2406 λεγόμενος
1621 2342 1895 2408 Χριστόςο

330 2425 512 2477 Ὅταν
563 2423 710 2492 ἔλθῃ
763 2425 1013 2491 ἐκεῖνος,
1062 2427 1393 2498 ἀπαγγελεῖ
1440 2430 1587 2500 ἡμῖν
1641 2431 1896 2487 ἅπαντα.

339 2514 498 2570 Ἀλλά
555 2517 650 2570 καὶ
706 2517 887 2589 Σίμων
934 2520 1028 2572 καὶ
1073 2518 1342 2586 Κλεόπας,
1389 2521 1703 2592 ὁμιλοῦντες
1764 2526 1901 2596 πρὸς

326 2609 588 2679 ἀλλήλους
619 2608 746 2678 περὶ
771 2610 988 2663 πάντων
1012 2610 1120 2663 τῶν
1155 2612 1578 2683 συμϐεϐηκότων
1603 2615 1681 2686 τῷ
1724 2618 1897 2688 Ἰησοῦ

325 2699 476 2770 αὐτῷ
513 2700 593 2772 τῷ
639 2699 859 2772 Χριστῷ
907 2701 1222 2766 ἀναστάντι,
1277 2704 1490 2759 οὐδέπω
1539 2706 1900 2774 γινώσκοντες

327 2792 618 2863 ὲγηγέρθαι
653 2794 814 2847 αὐτὸν
846 2795 911 2847 ἐκ
942 2794 1149 2866 νεκρῶν
1175 2813 1334 2864 φασι·
1373 2798 1457 2851 Σὺ
1478 2801 1667 2867 μόνος
1693 2815 1899 2869 παροι-

327 2885 451 2950 κεῖς
479 2885 547 2938 ὲν
582 2885 996 2955 Ἰερουσαλὴμ,
1028 2887 1127 2940 καὶ
1155 2889 1265 2941 οὐκ
1294 2889 1480 2958 ἔγνως
1504 2891 1577 2946 τὰ
1608 2897 1901 2962 γενόμενα

324 2976 393 3028 ἐν
427 2974 584 3042 αὐτῇ
614 2977 685 3029 ἐν
731 2975 861 3041 ταῖς
893 2976 1140 3045 ἡμέραις
1172 2979 1450 3044 ταύταις;
1485 2982 1778 3049 Εἰπόντος
1807 2983 1896 3047 δὲ,

324 3066 513 3130 Ποῖα;
538 3067 980 3135 ἀποκρίνονται,
1030 3068 1105 3122 Τὰ
1136 3069 1271 3138 περὶ
1322 3070 1514 3138 Ἰησοῦ
1554 3073 1660 3126 τοῦ
1711 3075 1897 3135 Ναζα-
1926 3095 1968 3152 C

318 3159 530 3228 ρηνοῦ,
572 3159 639 3225 ὃς
686 3158 920 3227 ἐγένετο
963 3161 1118 3229 ἀνὴρ
1161 3162 1491 3231 προφήτης,
1531 3164 1789 3233 δυνατὸς
1829 3168 1898 3221 ἐν

324 3249 476 3320 ἔργῳ
519 3250 617 3304 καὶ
661 3250 823 3319 λόγῳ
853 3250 1132 3303 ἐναντίον
1172 3251 1279 3305 τοῦ
1335 3253 1483 3307 Θεοῦ
1527 3256 1625 3308 καὶ
1673 3258 1898 3324 παντες

324 3343 430 3398 τοῦ
455 3343 628 3409 λαοῦ,
658 3342 817 3409 ὅπως
846 3359 910 3396 τε
939 3343 1292 3411 παρέδωκαν
1317 3347 1504 3401 αὐτὸν
1528 3351 1581 3402 οἱ
1606 3350 1900 3420 ἀρχιερεῖς

324 3435 424 3489 καὶ
469 3438 524 3489 οἱ
565 3434 853 3504 ἄρχοντες
903 3434 1073 3504 ἡμῶν
1111 3438 1200 3502 εὶς
1249 3436 1429 3506 κρῖμα
1474 3441 1754 3509 θανάτου,
1799 3444 1898 3497 καὶ

321 3526 715 3593 ἐσταύρωσαν
771 3527 980 3579 αὐτόν.
1050 3525 1249 3596 Ἡμεῖς
1299 3526 1368 3580 δὲ
1410 3527 1757 3600 ἠλπίζομεν,
1811 3531 1901 3585 ὅτι

323 3620 507 3685 αὑτός
533 3620 704 3673 ἐστιν
731 3622 764 3672 ό
791 3617 1035 3687 μέλλων
1079 3619 1447 3686 λυτροῦσθαι
1476 3622 1585 3676 τὸν
1641 3623 1895 3691 Ἰσραήλ.

324 3712 470 3784 Πρὸς
493 3711 704 3775 τούτοις
755 3711 1009 3780 ’Δνδρέας
1051 3714 1079 3765 ὁ
1116 3713 1342 3779 ἀδελφὸς
1392 3713 1635 3785 Σίμωνος
1665 3716 1896 3789 Πέτρου,

323 3803 499 3874 εὑρὼν
535 3804 626 3857 τὸν
662 3803 890 3873 ἀδελφὺν
920 3804 1011 3857 τὸν
1045 3804 1177 3858 ἴδιον
1216 3807 1453 3877 Σίμωνα,
1489 3807 1636 3875 λέγει
1661 3825 1674 3839 ’
1704 3810 1898 3878 Εὑρή-

325 3912 514 3965 καμεν
551 3896 658 3950 τὸν
695 3896 992 3960 Μεσσίαν,
1032 3896 1067 3949 ὅ
1094 3897 1248 3961 ἐστι,
1283 3900 1897 3967 μεθερμηνευόμενον,

325 3986 596 4055 Χριστός.
644 3986 755 4040 Καὶ
808 3988 923 4057 μετ’
966 3986 1123 4055 ὀλίγα
1170 3988 1199 4040 ὁ
1245 3988 1532 4051 Φίλιππος,
1587 3989 1763 4061 εὑρὼν
1809 3992 1899 4046 τὸν

326 4075 637 4148 Ναθαναὴλ,
663 4077 810 4146 λέγει
836 4076 983 4148 αὐτῷ
1001 4095 1014 4107 ·
1057 4080 1166 4132 Ὃν
1189 4079 1412 4148 ἔγραψε
1439 4080 1702 4148 Μωῦσῆς
1726 4082 1796 4134 ἐν
1820 4082 1900 4147 τῷ

322 4170 483 4238 νόμῳ
514 4168 613 4222 καὶ
661 4171 716 4221 οἱ
759 4168 1076 4236 προφῆται,
1122 4170 1463 4239 εὑρήκαμεν
1509 4170 1615 4224 τόν
1665 4171 1901 4240 Ἰησοῦν

323 4262 431 4316 τὸν
459 4260 597 4315 υίὸν
621 4260 729 4314 τοῦ
776 4261 997 4329 Ἰωσὴφ
1024 4259 1132 4314 τὸν
1162 4261 1280 4316 ἀπὸ
1306 4261 1585 4331 Ναζαρέτ.

392 4353 447 4409 8.
502 4350 662 4419 Δόξαι
697 4353 742 4405 δ’
787 4352 851 4407 άν
889 4369 974 4416 τις
1020 4353 1336 4407 ἐνίστασθαι
1385 4352 1464 4424 τῷ
1508 4353 1710 4426 πρώτῳ
1764 4355 1894 4427 ὅρῳ,

2009 509 2111 573 vel,
2145 510 2324 565 oratio
2368 509 2641 565 allirmans
2669 514 2863 568 adesse
2892 515 3093 568 bonum
3119 518 3260 584 quod
3292 528 3580 588 exspecta-

2006 600 2184 655 batur.
2219 600 2422 656 Oumes
2454 611 2633 657 autem
2666 618 2804 672 quas
2849 607 3201 674 przediximus
3233 609 3578 664 deﬁnitiones

2007 692 2074 746 iis
2123 692 2454 746 conveniunt
2488 708 2608 762 qua:
2656 695 3030 750 inscribuntur
3072 698 3403 769 Evangelia:
3453 717 3577 756 cum

2007 779 2151 832 enim
2202 784 2627 851 unumquodque
2680 783 3031 854 Evangelimn
3107 788 3177 841 sit
3231 793 3579 845 coacervatio

2007 870 2320 924 nuntiortnn
2362 872 2574 925 utilium
2625 874 2674 927 ei
2729 875 2820 942 qui
2869 875 3025 929 ﬁdem
3071 877 3362 949 ailjungit,
3405 894 3580 948 neque

2004 973 2204 1028 praeter
2254 978 2569 1031 germanam
2605 965 2891 1019 scientiam
2936 968 3214 1037 intelligit,
3268 980 3323 1025 et
3368 973 3574 1027 emolu-

2010 1063 2253 1106 mentum
2292 1052 2504 1118 alferat,
2531 1055 2659 1124 jure
2694 1059 2888 1111 merito
2913 1056 3154 1113 lmtitiam
3187 1063 3349 1129 parit.
3380 1065 3580 1117 docens

2006 1143 2177 1196 saluta
2189 1158 2297 1197 rem
2317 1145 2605 1200 adventum
2625 1149 2688 1199 ad
2707 1147 2976 1212 homines,
2995 1160 3048 1204 et
3070 1163 3289 1221 propter
3307 1155 3578 1218 homines,

2007 1233 2349 1302 primogeniti
2398 1236 2576 1289 omnis
2604 1248 2887 1302 creaturae,
2939 1255 3136 1309 nempe
3184 1240 3310 1297 Jesn
3352 1245 3576 1299 Christi.

2005 1321 2142 1386 Quin
2202 1325 2367 1379 etiam
2420 1331 2566 1396 quod
2631 1329 2981 1399 Evangelium
3037 1337 3459 1406 unumquodque
3509 1340 3578 1391 sit

2003 1413 2201 1478 oratio,
2234 1416 2438 1470 docens
2466 1418 2588 1471 boni
2615 1418 2795 1475 Patris
2819 1424 2871 1475 in
2906 1423 3043 1478 Filio
3071 1427 3360 1479 adventmn
3385 1431 3450 1481 ad
3481 1444 3575 1480 νυ-

2005 1502 2174 1558 lentes
2203 1521 2325 1559 eum
2354 1510 2610 1578 excipere
2640 1552 2656 1577 ,
2688 1515 2936 1568 credenti
2980 1517 3201 1571 cuilibet
3234 1520 3575 1589 perspicuum

2002 1603 2106 1648 est.
2137 1596 2294 1662 Quod
2322 1606 2503 1651 autem
2533 1610 2908 1669 exspectatum
2932 1606 3097 1659 etiam
3125 1607 3324 1662 bonum
3355 1626 3451 1680 per
3480 1613 3578 1668 hos

2003 1683 2170 1740 libros
2201 1688 2535 1755 promittitur
2556 1729 2571 1755 ,
2599 1705 2706 1744 non
2744 1704 2828 1746 est
2855 1693 3176 1749 obscurum:
3218 1700 3383 1754 totius
3418 1719 3575 1756 nam-

2002 1791 2108 1844 que
2134 1778 2314 1847 p0puli
2344 1777 2459 1834 fere
2489 1795 2586 1835 ore
2620 1782 2845 1852 loquens
2872 1785 3113 1855 Baptista
3141 1788 3381 1846 Joannes
3413 1796 3465 1847 in
3499 1797 3575 1850 le-

2000 1868 2219 1937 gatione
2245 1870 2312 1925 ad
2343 1868 2527 1925 Jesum
2562 1875 2725 1928 missa
2759 1877 2836 1930 ait
2855 1876 2933 1931 ⁸³ε
2980 1878 3126 1932 Num
3169 1894 3224 1933 tu
3256 1899 3311 1936 es
3340 1885 3429 1939 ille
3459 1903 3578 1941 ven-

2002 1971 2150 2015 turus
2175 2001 2191 2025 ,
2234 1980 2303 2016 an
2352 1964 2519 2018 alium
2573 1971 2979 2035 exspectamus?
3010 1971 3397 2042 Esspeetatum
3429 1979 3574 2034 enim

2003 2068 2031 2105 a
2065 2054 2260 2122 populo
2294 2055 2516 2120 bonum,
2548 2055 2708 2112 Jesus
2744 2070 2896 2123 erat;
2939 2062 3005 2115 de
3033 2077 3143 2130 quo
3174 2066 3455 2133 prophetis
3479 2084 3578 2122 au-

2002 2146 2406 2211 nuntiantibus,
2437 2148 2494 2216 8
2517 2150 2683 2203 etiam
2716 2164 2746 2204 e
2775 2151 2936 2221 vulgo
2965 2154 3193 2222 quilibet
3216 2156 3460 2213 homines
3483 2163 3572 2228 qui

2001 2236 2101 2291 sub
2130 2237 2246 2304 lege
2271 2246 2326 2292 et
2354 2240 2637 2307 prophetis
2666 2250 2827 2295 erant
2851 2282 2867 2308 ,
2898 2243 2951 2296 in
2982 2260 3048 2299 eo
3076 2261 3224 2313 spem
3260 2247 3533 2304 habebant
3558 2268 3572 2312 ;

2003 2328 2329 2383 Samaritide
2363 2328 2452 2383 illa
2487 2330 2588 2385 hoc
2621 2340 2857 2388 testante
2887 2343 3054 2404 atque
3079 2337 3297 2393 dicente
3324 2338 3400 2393 *δε
3442 2339 3574 2395 Novi

2000 2420 2141 2487 quod
2186 2418 2407 2475 Messias
2435 2423 2568 2475 venit
2591 2461 2607 2485 ,
2635 2425 2728 2490 qui
2761 2424 2959 2478 dicitur
2991 2427 3256 2484 Christus.
3286 2430 3418 2484 Cum
3453 2448 3576 2501 ergo

2002 2515 2200 2568 venerit
2230 2516 2318 2569 ille
2343 2555 2359 2581 ,
2393 2517 2540 2571 nobis
2578 2519 2842 2573 nuntiabit
2880 2524 3075 2575 omnia.
3128 2523 3267 2590 Quin
3302 2534 3353 2577 et
3389 2524 3575 2579 Simon

2001 2615 2057 2660 et
2084 2605 2337 2676 Cleopas,
2368 2608 2510 2662 inter
2536 2626 2595 2664 se
2624 2626 2906 2668 sermones
2933 2614 3278 2670 conferentes
3306 2619 3374 2673 de
3402 2620 3577 2673 omni-

2001 2697 2101 2753 bus
2121 2714 2240 2769 quae
2271 2699 2372 2768 ipsi
2400 2699 2525 2755 Jesu
2548 2702 2788 2767 Christo,
2809 2706 2901 2774 qui
2923 2719 3320 2771 resurrexerat,
3350 2712 3579 2767 accidis-

2001 2799 2142 2856 sent,
2167 2792 2405 2846 nondum
2432 2792 2604 2861 ipsum
2629 2809 2659 2847 e
2684 2797 2917 2851 mortuis
2940 2799 3174 2853 excitum
3208 2798 3377 2855 fuisse
3406 2805 3579 2857 scien-

2002 2888 2106 2943 tes,
2126 2880 2376 2949 inquiunt
2399 2881 2474 2935 ηε
2506 2881 2583 2935 Tu
2609 2884 2750 2939 solus
2776 2890 3077 2956 peregrinus
3098 2906 3151 2943 es
3175 2889 3576 2962 Hierosolymis,

2001 2987 2163 3042 neque
2217 2974 2500 3041 cognouisti
2549 2992 2666 3043 qua:
2711 2976 2853 3045 facta
2887 2989 3009 3031 sunt
3062 2980 3173 3033 illic
3210 2981 3293 3034 Itis
3341 2983 3522 3036 diebus
3553 2985 3580 3037 ?

2002 3061 2235 3132 Cumque
2263 3065 2352 3118 ille
2378 3066 2593 3119 dixisset
2613 3105 2628 3128 ,
2679 3066 2810 3131 Quae
2830 3069 2856 3121 .9
2884 3070 3261 3137 responderunt
3288 3112 3304 3137 ,
3345 3072 3417 3126 De
3443 3072 3573 3127 Jesu

2002 3153 2287 3209 Nazarene
2316 3196 2330 3218 ,
2360 3158 2450 3223 qui
2496 3156 2596 3226 fuit
2636 3157 2714 3211 vir
2757 3157 3023 3228 Propheta
3050 3200 3068 3226 ,
3106 3173 3290 3228 potens
3335 3180 3487 3232 opere
3527 3177 3576 3216 et

1999 3262 2237 3300 sermone
2262 3262 2440 3301 coram
2483 3249 2590 3304 Deo
2618 3260 2669 3304 et
2706 3261 2812 3304 toto
2839 3253 3032 3321 populo
3057 3268 3076 3307 :
3108 3265 3155 3308 et
3183 3257 3442 3323 quomodo
3465 3263 3575 3312 ινα-

2000 3338 2243 3391 diderunt
2271 3355 2388 3392 eum
2416 3343 2611 3395 summi
2640 3344 2941 3398 sacerdotes
2968 3357 3015 3398 et
3042 3346 3302 3413 principes
3325 3349 3491 3401 nostri
3518 3347 3576 3402 in

2001 3430 2483 3485 condemnationem
2526 3435 2738 3498 mortis,
2777 3445 2824 3490 et
2857 3436 3231 3504 cruciﬁxerunt
3272 3454 3412 3495 eum.
3462 3437 3576 3492 Nos

2000 3535 2172 3575 autem
2215 3525 2551 3590 sperabamus
2591 3543 2707 3579 eum
2742 3544 2853 3580 esse
2885 3528 3037 3581 illum
3075 3529 3164 3598 qui
3210 3531 3575 3599 redempturus

1999 3626 2130 3669 esset
2159 3617 2354 3673 Israel.
2386 3617 2467 3670 Ad
2502 3619 2613 3671 lure
2646 3619 2907 3682 Andreas,
2941 3618 3110 3674 frater
3145 3620 3381 3677 Simonis
3404 3622 3571 3682 Petri.

2002 3715 2216 3775 reperto
2247 3706 2417 3760 fratre
2438 3724 2536 3761 suo
2568 3710 2811 3775 Simone,
2846 3710 2977 3765 dicit
2998 3710 3073 3764 "°:
3106 3710 3410 3767 Invenimus
3443 3713 3575 3767 Mes-

1999 3798 2134 3851 siam
2169 3799 2308 3866 quod
2339 3807 2453 3862 est,
2503 3800 2548 3852 si
2599 3800 2955 3869 interpreteris
2983 3842 2997 3866 ,
3032 3801 3294 3858 Christus.
3328 3804 3573 3874 Cumque

1999 3889 2160 3956 paulo
2189 3901 2311 3958 post
2343 3891 2624 3961 Philippus
2659 3894 2955 3962 reperisset
2982 3894 3405 3965 Nathanaelem,
3444 3898 3578 3953 dicit

2002 3978 2079 4032 illi
2114 3978 2192 4033 ‘7:
2228 3979 2306 4033 De
2337 3997 2440 4049 quo
2476 3981 2683 4048 scripsit
2713 3981 2926 4053 Moyses
2958 3986 3014 4038 in
3049 3985 3179 4054 lege,
3206 3994 3256 4039 et
3286 3988 3574 4056 prapltetw,

2000 4067 2285 4122 invenimus
2313 4068 2495 4125 Iesum
2528 4071 2698 4138 ﬁlium
2728 4070 2925 4144 Ioseph
2960 4072 3328 4130 Nazarenam.

2071 4349 2125 4406 8.
2160 4349 2315 4416 Quod
2348 4351 2394 4406 si
2430 4350 2555 4419 quis
2588 4364 2889 4421 repugnare
2918 4351 3050 4406 velit
3083 4352 3273 4421 primm
3303 4353 3574 4409 deﬁnitio-

325 4446 448 4499 ἐπεὶ
497 4445 592 4499 καὶ
638 4445 708 4499 τὰ
766 4445 842 4518 μὴ
903 4445 1361 4517 ἐπιγεγραμμένα
1409 4445 1718 4515 Εὐαγγέλια
1763 4446 1897 4501 ὑπο-

2005 4440 2083 4506 ni,
2120 4443 2250 4510 quia
2290 4443 2491 4495 cadant
2527 4450 2583 4497 et
2613 4442 2718 4495 alia
2760 4443 2860 4496 sub
2907 4456 3028 4495 eam
3076 4456 3195 4511 quae
3226 4458 3332 4497 non
3379 4443 3572 4498 inscri-

326 4536 514 4590 πίπτει
559 4534 739 4605 αὐτῷ·
793 4537 822 4588 6
865 4535 975 4607 γὰρ
1015 4537 1179 4606 νόμος
1222 4537 1316 4590 καὶ
1346 4538 1396 4590 oi.
1443 4538 1718 4610 προφῆται
1750 4537 1900 4607 λόγοι

325 4628 671 4683 πιστεύονται
742 4622 883 4681 εἶναι
942 4628 1290 4700 περιέχοντες
1356 4629 1696 4698 ἀπαγγελίαν
1754 4648 1897 4703 πρα-

324 4720 551 4790 γμάτων
583 4717 726 4772 κατά
752 4717 816 4771 τὸ
860 4716 1083 4785 εῦλογον
1122 4716 1210 4770 διὰ
1236 4717 1295 4771 τὸ
1323 4717 1552 4786 ὠφελεῖν
1580 4718 1899 4790 εὐφραινόν-

325 4828 434 4864 των
457 4812 583 4875 τοὺς
613 4809 932 4874 ἀκούοντας,
969 4808 1107 4862 ἐπὰν
1152 4807 1563 4881 παραδέξωνται
1597 4810 1665 4862 τὰ
1715 4811 1895 4878 ἀπαγ-

325 4900 643 4971 γελλόμενα.
689 4899 922 4970 Λεχθείη
960 4899 1006 4952 δ’
1056 4900 1123 4952 ἂν
1152 4899 1287 4971 πρὸς
1335 4898 1495 4952 τοῦτο
1532 4900 1614 4952 ὅτι
1648 4899 1754 4970 πρὸ
1797 4899 1896 4969 τῆς

326 4992 565 5064 Χριστοῦ
615 4991 908 5062 ἐπιδημίας
950 4993 980 5044 6
1029 4991 1190 5062 νόμος
1235 4991 1329 5044 καὶ
1368 4991 1417 5043 οἱ
1464 4991 1761 5061 προφῆται,
1801 4989 1898 5044 ἅτε

329 5082 555 5155 μηδέπω
584 5080 900 5152 ἐληλυθότος
929 5079 1022 5134 τοῦ
1045 5081 1114 5134 τὰ
1136 5081 1194 5133 ἐν
1214 5079 1395 5142 αὐτοῖς
1430 5080 1703 5149 μυστήρια
1726 5095 1900 5147 σαφη-

327 5174 584 5239 νίζοντος,
604 5174 704 5227 οὐκ
728 5168 872 5244 εἶχον
896 5173 955 5226 τὸ
976 5172 1299 5243 ἐπάγγελμα
1321 5170 1417 5224 τοῦ
1441 5172 1569 5243 περὶ
1599 5170 1695 5225 τοῦ
1725 5172 1901 5239 Εὐαγ-

326 5267 509 5335 γελίου
541 5267 689 5339 ὅρου·
725 5267 755 5318 6
780 5266 837 5319 δὲ
871 5266 1081 5337 Σωτὴρ,
1111 5263 1458 5333 ἐπιδημήσας
1484 5263 1578 5316 καὶ
1625 5261 1686 5316 τὸ
1718 5263 1900 5329 Εὐαγ-

324 5360 504 5428 γέλιον
555 5357 1070 5429 σωματοποιηθῆναι
1133 5356 1386 5426 ποιήσας,
1449 5353 1528 5423 τῷ
1582 5353 1900 5424 Εὑαγγελίῳ

398 5525 441 5557 ⁵⁸
470 5522 657 5578 Matth.
686 5538 761 5587 XI,
789 5522 844 5579 5.
920 5520 967 5553 ’⁵⁵
993 5518 1151 5575 Joan.
1176 5535 1247 5582 ιν,
1274 5518 1362 5573 25.
1439 5517 1485 5548 “
1512 5516 1642 5571 Luc.
1670 5531 1819 5581 xxrv,
1847 5516 1900 5569 li

2002 5517 2027 5571 El
2050 5526 2104 5571 et
2130 5533 2279 5588 seqq.

403 5615 508 5688 (56)
573 5617 763 5692 ᾼόγος
809 5612 1369 5692 περιέχωνμάηαθοῦ
1426 5609 1507 5677 τῷ
1555 5611 1900 5692 πιστεύοντι

326 5681 758 5761 παροῦσίαιοέττζ2
819 5681 1148 5761 nemeae
1173 5686 1251 5761 οἱἶ
1294 5683 1415 5735 ΙΙωο
1463 5682 1643 5735 omnia
1684 5681 1895 5761 deside-

332 5751 521 5810 rantur
547 5758 600 5810 iu
631 5755 871 5811 editione
892 5753 1094 5821 Huetii,
1126 5756 1483 5832 restituuntur
1509 5766 1575 5805 ex
1620 5751 1895 5805 codicibus

2001 4532 2206 4586 bantur
2236 4531 2513 4601 Evangelii
2555 4531 2727 4592 titulo,
2761 4532 3010 4600 dicatque
3044 4531 3218 4601 legem
3249 4541 3306 4586 et
3338 4534 3570 4603 prophe-

2002 4622 2139 4677 ticos
2163 4637 2445 4676 sermones
2470 4625 2749 4677 continere
2773 4623 3022 4676 nuntium
3056 4637 3235 4676 rerum
3263 4637 3406 4691 quae,
3427 4627 3572 4692 quod

2000 4712 2161 4767 utiles
2191 4713 2302 4767 sint
2329 4752 2346 4778 ,
2396 4714 2590 4767 merito
2622 4714 2863 4767 lmtitiam
2896 4713 3117 4782 pariunt
3142 4715 3377 4769 auditori
3408 4716 3570 4769 simul

2003 4820 2068 4859 ac
2096 4805 2165 4858 ab
2194 4805 2310 4873 ipso
2336 4806 2651 4873 approbatis
2681 4806 2902 4871 fuerint,
2930 4806 3370 4873 respondebimus
3394 4806 3570 4877 legem

2004 4904 2061 4949 et
2108 4894 2455 4964 prOpheticos
2501 4910 2783 4951 sermones
2826 4906 2953 4950 ante
3005 4895 3212 4951 Christi
3251 4898 3602 4964 adventum,

2006 4988 2131 5055 quia
2176 4989 2414 5043 nondum
2461 4988 2770 5042 advenisset
2811 4987 2900 5041 ille
2943 4987 3035 5057 qui
3093 4989 3146 5040 in
3192 4987 3278 5042 his
3318 4998 3577 5043 contenta

2008 5089 2279 5134 reseraret
2310 5079 2589 5151 mysteria,
2619 5093 2725 5132 non
2752 5080 3003 5133 habuisse
3027 5077 3287 5147 ejusmodi
3319 5082 3565 5135 nuntimu

2006 5172 2149 5238 quod
2184 5169 2465 5241 Evangelii
2501 5171 2818 5227 definitione
2850 5174 3189 5227 continetur:
3224 5173 3568 5227 Servatorem

2007 5275 2136 5316 vero
2159 5302 2175 5327 ,
2209 5265 2273 5315 ad
2306 5276 2406 5317 nos
2436 5278 2559 5318 cum
2610 5265 2932 5318 accessisset
2960 5303 2977 5329 ,
3012 5273 3066 5316 et
3113 5272 3173 5316 ut
3224 5261 3572 5330 Evangelium

2009 5370 2240 5424 corpore
2288 5364 2431 5411 esset
2463 5358 2746 5427 pranlitnm
2779 5354 3048 5409 effecisset
3077 5395 3093 5419 ,
3127 5353 3417 5423 perfecisse
3447 5367 3572 5407 cum

2357 5518 2402 5550 ⁸⁸
2433 5516 2587 5572 Jaau.
2623 5533 2659 5581 ι,
2689 5517 2777 5570 Μ.
2854 5516 2897 5548 ⁸⁷
2933 5515 3084 5569 Joan.
3116 5532 3154 5582 ι,
3183 5516 3272 5569 45.

2010 5610 2305 5664 Barhorino
2334 5620 2386 5663 et
2416 5610 2729 5665 Bodleiano.

2079 5683 2191 5753 (57)
2217 5683 2400 5751 Ὅροι.
2430 5682 2605 5737 Codex
2642 5679 2984 5743 Bodleiauus,
3013 5676 3179 5747 λόγοι.
