4174 6468
622 293 699 353 35
2069 293 2238 352 omo
2248 294 2401 350 F.le
3831 308 3901 360 Iit:

625 411 944 482 ilvangelio,
970 419 1029 466 ut
1049 412 1242 466 omnia
1273 412 1660 468 cssentinstar
1685 412 1982 482 Evangelii.
2017 412 2205 483 Neque

2313 412 2489 465 πάντα
2545 413 2679 466 ὡσεὶ
2747 413 3078 481 Εὑαγγέλιον
3129 415 3467 486 πεποίηκεν·
3530 415 3623 472 καὶ
3665 416 3774 470 οὐκ
3831 419 3900 472 ἂν

622 517 823 574 praeter
865 505 1205 575 propositmn
1252 505 1507 572 exemplo
1559 515 1745 559 uterer
1771 546 1786 567 ,
1825 505 1914 573 qui
1947 520 2210 574 pauca....

627 598 862 665 Quando
885 598 1127 651 enim....
1161 597 1286 651 ﬁliis
1327 597 1610 651 hominum
1640 596 1927 650 divinitate
1962 612 2083 657 sua,
2121 597 2214 650 ab-

622 690 753 751 lato.
781 689 926 757 quod
947 689 999 741 in
1032 689 1149 758 lege
1166 697 1224 742 et
1246 689 1529 758 prophetis
1558 697 1699 753 erat,
1729 688 2018 750 velamine.
2045 688 2212 742 Deum

619 781 787 834 certis
823 780 1135 835 rationibus
1159 781 1422 840 ostendit,
1457 782 1635 848 palam
1665 781 1860 836 oculos
1885 795 2097 850 ponens
2128 782 2214 836 bis

620 870 714 935 qui
749 869 1035 938 sapientiae
1085 868 1208 940 ejus
1241 869 1499 939 discipuli
1539 868 1742 925 vellent
1787 870 1929 933 ﬁeri,
1963 884 2212 939 qmenam

625 971 752 1010 vera
793 957 877 1010 lex
910 957 1116 1029 Moysis
1153 958 1483 1020 contineret,
1530 975 1760 1027 quorum
1809 961 2117 1031 exemplum
2157 973 2215 1016 et

624 1048 871 1102 umbram
904 1049 1162 1104 colebant
1202 1048 1442 1118 antiqui:
1487 1059 1545 1103 et
1587 1065 1839 1120 quaenam
1884 1050 1952 1105 sit
2008 1051 2212 1105 veritas

623 1157 808 1197 rerum
841 1143 894 1196 in
941 1142 1185 1198 historiis
1211 1151 1626 1207 contentarum,
1649 1158 1770 1211 quae
1799 1143 1852 1197 in
1885 1143 2056 1209 ﬁgura
2079 1158 2211 1198 con-

623 1235 906 1303 tingebant
922 1233 1050 1298 illis,
1066 1243 1290 1304 propter
1301 1249 1402 1288 nos
1415 1233 1639 1301 scripta,
1660 1235 1726 1288 ad
1744 1249 1882 1302 quos
1899 1234 2032 1290 ﬁnes
2048 1249 2215 1288 s:ecn-

621 1326 804 1380 lurum
830 1324 890 1396 9
908 1325 1123 1380 deducti
1146 1336 1276 1380 sunt
1304 1324 1371 1379 “.
1400 1323 1590 1379 Nullus
1605 1338 1744 1394 ergo
1764 1325 1832 1377 ad
1861 1339 2026 1394 quem
2055 1323 2215 1379 Chri-

619 1429 743 1472 stus
772 1417 1091 1481 accesserit,
1115 1416 1202 1470 vel
1237 1417 1289 1470 in
1316 1415 1825 1485 Hierosolymorum
1855 1416 2008 1480 urbe,
2041 1417 2126 1470 vel
2157 1416 2211 1470 iu

625 1507 1029 1564 Samaritarum
1061 1517 1246 1567 monte
1275 1508 1443 1562 Deum
1474 1508 1698 1566 adorat;
1736 1509 1832 1564 sed
1853 1523 1978 1562 cum
2007 1509 2214 1564 didice-

627 1602 700 1655 rit
729 1600 900 1654 Deum
951 1599 1203 1668 spiritum
1241 1615 1385 1665 esse,
1417 1599 1778 1668 spiritualiter
1822 1599 1974 1653 illum
2024 1601 2213 1654 colens

626 1693 824 1762 spiritu
849 1702 904 1746 et
937 1691 1190 1754 veritate,
1222 1707 1329 1745 non
1364 1691 1600 1760 amplius
1641 1693 1744 1746 sub
1775 1691 1962 1761 ﬁguris
1989 1690 2206 1746 Patrem

625 1785 1006 1840 universorum
1062 1781 1362 1850 mundique
1409 1783 1662 1852 opiﬁcem
1703 1760 1918 1837 adorat.
1997 1781 2205 1848 Quam-
2238 1760 2282 1816 Β

621 1880 810 1937 obrem
844 1886 970 1930 ante
998 1875 1127 1930 illud
1154 1874 1514 1945 Evangelium
1563 1875 1706 1946 quod
1730 1889 1826 1944 per
1857 1874 2061 1930 Christi
2112 1877 2210 1931 ad-

625 1978 847 2023 ventum
877 1979 961 2022 est
995 1976 1200 2032 ortum,
1236 1964 1374 2021 nihil
1405 1981 1590 2020 rerum
1635 1969 1981 2035 antiquarum
2033 1966 2211 2020 Evan-

622 2059 822 2129 gelium
871 2068 1008 2113 erat.
1043 2058 1212 2112 Porro
1241 2055 1618 2125 Evangelium,
1666 2059 1812 2128 quod
1863 2066 1948 2112 est
1998 2056 2206 2111 Novum

623 2155 1070 2218 Testamentum,
1090 2168 1218 2207 cum
1244 2165 1348 2206 nos
1369 2167 1400 2203 α
1425 2160 1696 2206 vetustate
1727 2151 1924 2206 littera
1951 2152 2212 2207 abduxis-

624 2258 732 2311 set,
757 2249 983 2314 spiritus
1004 2245 1300 2301 novitatem
1333 2259 1608 2311 nunquam
1636 2254 2037 2310 senescentem,
2062 2256 2120 2300 et
2140 2246 2208 2300 ad

535 2395 540 2418 ι
625 2340 835 2395 Novum
866 2339 1271 2393 Testamentum
1314 2335 1532 2404 proprie
1587 2338 1972 2404 pertinentem,
1999 2351 2120 2405 qua:
2153 2335 2207 2390 in

623 2432 880 2486 omnibus
906 2442 988 2484 est
1015 2428 1339 2496 Scripturis,
1371 2429 1496 2484 luce
1536 2428 1864 2494 cognitionis
1893 2427 2204 2483 illustravit.

543 2544 548 2554 ‘
623 2524 863 2579 Necesse
897 2531 1080 2576 autem
1100 2530 1245 2586 erat,
1287 2520 1338 2574 id
1376 2521 1521 2589 quod
1545 2521 1812 2574 alliciebat
1844 2530 1901 2574 ut
1934 2521 1986 2573 in
2021 2518 2211 2574 Testa-

629 2626 814 2670 mento
839 2613 1022 2669 Veteri
1051 2623 1336 2681 putaretur
1367 2611 1720 2682 Evangeliqu
1750 2627 1894 2678 esse,
1937 2613 2209 2683 pracipue

625 2705 980 2776 Evangelium
1016 2701 1298 2773 appellari.

690 2818 749 2874 9.
795 2819 1052 2870 Attamen
1104 2829 1210 2867 non
1260 2812 1620 2883 ignorandum
1680 2812 1835 2866 nobis
1881 2822 1963 2866 est
2005 2809 2208 2866 Christi

626 2914 948 2971 adventum,
983 2917 1276 2978 antequam
1320 2922 1551 2975 corpore
1579 2911 1647 2959 ad
1679 2915 1857 2959 terras
1901 2904 2207 2959 descende-

627 3011 731 3067 ret,
759 2999 1156 3068 intelligibilem
1205 2997 1376 3050 multo
1430 3005 1560 3049 ante
1597 2995 1796 3048 factum
1831 2993 2000 3048 luisse
2031 2994 2211 3063 perle-

625 3091 908 3153 ctioribus,
943 3089 1272 3154 minimeque
1329 3085 1588 3153 parvulis,
1622 3085 1820 3152 quippe
1849 3083 1941 3152 qui
1970 3101 1998 3136 a
2032 3083 2208 3152 paeda-
2235 3106 2276 3162 ο

625 3197 884 3252 gogorum
919 3189 1344 3244 curatorumque
1375 3192 1504 3230 cura
1535 3191 1598 3231 ac
1628 3181 1792 3231 tutela
1821 3175 1976 3230 liberi
2001 3183 2205 3240 essent,

624 3275 696 3327 ob
731 3273 924 3327 oculos
954 3272 1218 3325 habentes
1241 3267 1628 3336 pleuitmlinem
1653 3284 1772 3322 eam
1805 3268 2065 3338 temporis
2089 3283 2210 3336 qua:

629 3377 809 3422 mente
833 3366 1192 3424 cernebatur:
1223 3377 1280 3418 ut
1307 3377 1463 3420 erant
1483 3363 1557 3416 illi
1593 3363 1937 3431 patriarchae,
1969 3371 2025 3415 et
2054 3359 2208 3431 Moy-

625 3475 714 3514 ses
750 3459 836 3512 ille
871 3469 1055 3512 tantus
1111 3474 1326 3522 servus,
1375 3472 1441 3511 ac
1498 3455 1690 3523 reliqui
1747 3454 2062 3523 prophetae,
2115 3452 2206 3522 qui

623 3555 822 3610 Christi
863 3555 1092 3622 gloriam
1125 3553 1476 3622 contemplati
1503 3561 1650 3606 sunt.
1684 3549 1961 3604 Czeterum
1999 3557 2057 3602 ut
2081 3559 2208 3602 ante

623 3647 961 3716 corporalem
993 3657 1049 3701 et
1085 3645 1430 3701 manifestum
1485 3646 1778 3698 adventum
1833 3642 1899 3696 ad
1935 3641 2209 3711 perfectos

624 3741 944 3802 advenerat,
973 3739 1056 3793 sic
1083 3738 1248 3792 etiam
1277 3748 1394 3806 post
1419 3736 1753 3804 divulgatam
1776 3732 1951 3802 ipsius
1981 3747 2210 3800 przcsen-

627 3835 754 3888 tiam
780 3831 846 3886 ad
883 3846 978 3886 eos
1009 3831 1100 3899 qui
1140 3830 1439 3884 etiamnum
1476 3837 1604 3881 sunt
1640 3826 1884 3895 parvuli,
1923 3826 2050 3895 quia
2097 3825 2208 3879 sint

624 3923 725 3977 sub
755 3921 1108 3977 curatoribus
1141 3930 1193 3974 et
1247 3917 1809 3980 administratoribus,
1854 3930 1919 3969 ac
1965 3915 2205 3969 nondum

623 4015 975 4090 pervenerint
1012 4015 1080 4068 ad
1134 4013 1396 4082 temporis
1444 4011 1868 4080 plenitudinem,
1923 4024 2206 4064 sermones

623 4110 843 4178 quidam
907 4120 1276 4176 praecursores
1329 4102 1534 4158 Christi
1594 4103 1953 4169 advenerunt,
2003 4104 2206 4158 anitnis

628 4197 928 4268 puerilibus
954 4193 1377 4257 accommodati,
1411 4196 1503 4263 qui
1543 4193 1667 4263 jure
1698 4195 1969 4264 panlagogi
2003 4208 2205 4248 vocen-

627 4302 732 4344 tur.
768 4293 834 4344 Δί
873 4304 1002 4342 vero
1037 4289 1151 4355 ipse
1182 4289 1372 4353 Filius,
1399 4287 1513 4356 ipse
1541 4287 1874 4358 gloriﬁcatus
1906 4287 2046 4342 Deus
2071 4287 2207 4342 Ver-

627 4383 752 4436 hum
783 4382 1020 4436 nondum
1061 4380 1313 4444 advenit;
1347 4378 1600 4432 nimirum
1650 4389 1980 4448 exspectans
2027 4389 2084 4432 ut
2113 4377 2205 4434 Dei

2317 502 2424 556 ἀπὸ
2457 501 2661 556 σκοποῦ
2693 503 3005 574 χρησαίμην
3040 502 3118 574 τῷ
3145 505 3548 574 παραδείγματι
3579 507 3674 560 τοῦ
3722 509 3900 579 μικρὰ

2317 595 2408 646 καὶ
2465 595 2547 647 δτι
2603 595 2838 648 ὅλον.....
2897 597 3064 648 ὐταν
3101 595 3230 667 γὰρ.
3263 637 3276 649 .
3303 636 3316 648 .
3345 635 3359 650 .
3395 637 3408 649 .
3442 599 3593 663 υίοῦς
3627 600 3738 671 (58)
3792 600 3902 652 τῶν

2319 685 2622 758 ἀνθρώπων
2673 690 2740 758 τῇ
2799 686 3036 757 θειότητι
3090 687 3255 741 αὑτοῦ
3310 689 3574 758 περιελὼν
3614 690 3676 743 τὸ
3724 692 3783 744 ἐν
3825 691 3903 762 τῷ

2319 778 2468 848 νόμῳ
2501 779 2594 832 καὶ
2625 779 2932 852 προφήταις
2973 778 3234 849 κάλυμμα
3265 781 3378 850 (59)
3413 782 3632 836 πάντων
3657 781 3719 835 τὸ
3747 781 3900 835 Θείον

2316 870 2588 934 ἀπέδειξε,
2620 870 2870 942 φανερῶς
2921 873 3278 941 παραστήσας
3302 875 3415 935 τοῖς
3465 871 3770 943 βουληθεῖσι
3801 873 3902 944 τῆς

2316 963 2507 1031 σοφίας
2541 962 2704 1018 αὑτοῦ
2726 962 2980 1032 γενέσθαι
3017 963 3285 1033 μαθηταῖς
3306 963 3431 1018 τίνα
3450 963 3520 1017 τὰ
3542 963 3772 1034 ἀληθινὰ
3801 964 3899 1016 τοῦ

2314 1056 2592 1118 Μωῦσέως
2650 1054 2818 1125 νόμου
2840 1094 2856 1120 ,
2913 1047 2988 1107 ὧν
3041 1054 3400 1124 ὑποδείγματι
3452 1055 3548 1109 καὶ
3601 1057 3728 1126 σκιᾷ
3777 1056 3901 1110 ἐλά-

2319 1163 2512 1218 τρευον
2539 1148 2588 1198 oi
2641 1146 2832 1210 πάλαι,
2889 1147 2981 1202 καὶ
3033 1146 3115 1209 τίς
3164 1148 3199 1217 ἡ
3247 1145 3475 1218 ἀλήθεια
3513 1146 3622 1200 τῶν
3681 1149 3739 1200 ἐν
3780 1151 3902 1210 ταῖς

2325 1237 2589 1308 ἱστορίαις
2652 1237 3017 1308 πραγμάτοιν,
3064 1236 3221 1291 ἅτινα
3283 1239 3526 1302 τυπικῶς
3588 1238 3901 1292 συνέϐαινεν

2314 1330 2546 1392 ἐκείνοις
2566 1346 2579 1358 ·
2617 1329 2834 1400 ἐγράφη
2864 1329 2920 1382 δὲ
2967 1328 3034 1382 δι’
3065 1329 3212 1398 ἡμᾶς
3234 1369 3248 1390 ,
3297 1330 3374 1392 εἰς
3409 1328 3500 1391 οὓς
3532 1328 3601 1382 τὰ
3626 1328 3754 1399 τέλη
3792 1327 3901 1382 τῶν

2313 1419 2525 1476 αἰώνων
2583 1423 2910 1493 κατήντησε.
2973 1421 3088 1484 Πᾶς
3132 1416 3226 1474 οὖν
3280 1413 3326 1487 ᾧ
3379 1421 3612 1492 Χριστὸς
3650 1419 3898 1491 ὲπιδεδή’

2318 1530 2513 1584 μηκεν,
2546 1512 2670 1566 οὕτε
2704 1515 2761 1565 ἐν
2801 1513 3195 1583 Ἰεροσολύμοις
3224 1513 3348 1566 οῦτε
3382 1515 3440 1566 ἐν
3467 1512 3545 1583 τῷ
3567 1512 3674 1566 τῶν
3715 1513 3902 1584 Σαμα-

2317 1604 2510 1675 ρειτῶν
2559 1604 2678 1676 ὄρει
2717 1601 2834 1674 (40)
2875 1607 3172 1676 προσκυνεῖ
3199 1603 3280 1674 τῷ
3307 1603 3463 1674 Θεῷ·
3509 1603 3644 1658 ἀλλὰ
3689 1603 3898 1675 μαθὼν,

2313 1694 2396 1748 ὅτι
2449 1693 2668 1765 πνεῦμα
2724 1695 2754 1747 ό
2796 1694 2950 1759 Θεὸς,
3010 1693 3394 1765 πνευματικῶς
3423 1694 3702 1764 λατρεύων
3749 1694 3902 1764 αὐτῷ

2310 1787 2578 1857 πνεύματι
2611 1788 2706 1842 καὶ
2732 1786 2980 1859 ἀληθείᾳ,
3013 1788 3196 1840 οὐκέτι
3227 1787 3284 1840 δὲ
3309 1787 3577 1852 τυπικῶς,
3607 1790 3903 1857 προσκυνεῖ

2308 1879 2400 1931 τὸν
2429 1877 2538 1932 τῶν
2564 1879 2703 1932 ὅλων
2741 1878 2962 1951 Πατέρα
2996 1879 3091 1932 καὶ
3136 1877 3488 1949 δημιουργόν.
3542 1877 3753 1931 Οὐκοῦν
3794 1879 3902 1950 πρὸ

2312 1970 2405 2023 τοῦ
2437 1971 2790 2039 Εὑαγγελίου,
2821 1971 2850 2024 ὃ
2873 1971 3065 2039 γέγονε
3091 1970 3178 2024 διὰ
3201 1971 3300 2040 τὴν
3315 1969 3551 2041 Χριστοῦ
3583 1969 3899 2040 ἐπιδημίαν,

2309 2061 2463 2114 οὐδὲν
2491 2059 2600 2113 τῶν
2631 2061 2798 2115 παλαι
2854 2059 3182 2128 Εὑαγγέλιον
3218 2055 3306 2130 ἦν.
3341 2060 3416 2112 Τὸ
3446 2059 3504 2112 δὲ
3549 2059 3901 2128 Εὐαγγέλιον,

2312 2154 2450 2228 ὅπερ
2483 2155 2604 2208 ἐστὶ
2632 2153 2878 2226 Διαθήκη
2911 2155 3108 2222 Καινὴ,
3137 2153 3451 2223 ἀποστῆσαν
3491 2154 3638 2224 ἡμᾶς
3676 2151 3900 2206 παλαιά·

2309 2263 2470 2316 τητος
2516 2245 2610 2298 τοῦ
2652 2247 3002 2317 γράμματος.
3033 2245 3133 2317 τὴν
3174 2245 3444 2316 μηδέποτε
3491 2244 3902 2315 παλαιουμένην

2311 2339 2608 2408 καινότητα
2625 2337 2719 2390 τοῦ
2749 2337 3080 2407 πνεύματος,
3104 2337 3316 2390 οἰκείαν
3335 2336 3436 2406 τῆς
3467 2337 3676 2407 Καινῆς
3701 2335 3900 2406 Διαθή-

2310 2447 2413 2501 κης
2447 2431 2819 2500 τυγχάνουσαν
2839 2471 2855 2496 ,
2895 2430 2953 2482 ἐν
2992 2428 3194 2491 πάσαις
3230 2428 3600 2498 ἀνακειμένην
3634 2427 3900 2498 nmen.

2310 2521 2387 2593 τῷ
2412 2524 2552 2590 φωτὶ
2577 2522 2678 2592 τῆς
2707 2521 2959 2590 γνώσεως
2984 2520 3317 2590 ἀνέλαμψεν.
3359 2520 3556 2591 Ἐχρῆν
3583 2520 3639 2572 δὲ
3668 2520 3730 2572 τὸ
3748 2536 3908 2586 ποιη-

2309 2616 2462 2669 τικὸν
2501 2615 2594 2668 τοῦ
2643 2615 2737 2668 καὶ
2770 2616 2827 2667 ἐν
2863 2617 2928 2684 τῇ
2979 2613 3190 2684 Παλαιᾷ
3242 2611 3484 2683 Διαθήκῃ
3536 2610 3902 2683 νομιζομένου

2312 2707 2644 2777 Εὑαγγελίου
2684 2707 2980 2778 ἐξαιρέτως
3010 2704 3291 2760 καλεῖσθαι
3325 2704 3676 2773 Εὑαγγέλιον.

2383 2801 2436 2853 9.
2471 2799 2618 2870 Πλὴν
2647 2800 2746 2852 οὐκ
2776 2797 3070 2868 ὰγνοητέον
3095 2795 3332 2868 Χριστοῦ
3361 2797 3655 2866 ἐπιδημίαν
3680 2794 3777 2850 καὶ
3797 2797 3904 2868 πρὸ

2309 2896 2411 2966 τῆς
2443 2893 2585 2948 κατά
2620 2892 2778 2962 σῶμα
2802 2889 3098 2961 ἐπιδημίας
3122 2891 3220 2960 τὴν
3246 2890 3441 2960 νοητὴν
3479 2889 3760 2958 γεγονέναι
3787 2894 3904 2954 τοῖς

2311 2986 2666 3057 τελειοτέροις
2713 2983 2807 3037 καὶ
2844 2982 2905 3036 οὑ
2934 2981 3167 3052 νηπίοις,
3207 2981 3327 3034 οὐδὲ
3369 2981 3474 3033 ὑπὸ
3523 2980 3902 3049 παιδαγωγοὺς

2311 3082 2406 3135 καὶ
2451 3078 2781 3150 ἐπιτρόπους
2830 3071 3424 3145 ἐπιτυγχάνουσιν,οἷς
3470 3074 3530 3126 τὸ
3577 3075 3766 3146 νοητὸν
3803 3073 3901 3129 τοῦ

2311 3171 2502 3243 χρόνου
2534 3170 2805 3240 πλήρωμα
2839 3167 3054 3238 ἐνέστη,
3084 3165 3448 3238 πατριάρχαις
3467 3204 3482 3228 ,
3537 3166 3631 3219 καὶ
3677 3167 3903 3222 Meliboei

2311 3265 2386 3334 τῷ
2422 3263 2746 3334 θεράποντι,
2804 3260 2896 3313 καὶ
2957 3263 3070 3322 τοῖς
3111 3259 3462 3328 τεθεαμένοις
3505 3259 3743 3329 Χριστοῦ
3797 3261 3898 3330 τὴν

2310 3355 2466 3421 δόξαν
2505 3353 2830 3424 προφήταις.
2875 3351 3087 3420 Ὥσπερ
3116 3349 3174 3401 δέ
3215 3348 3320 3419 πρὸ
3355 3348 3453 3417 τῆς
3486 3347 3757 3416 ἐμφανοῦς
3804 3352 3900 3402 καὶ

2311 3446 2452 3501 κατὰ
2476 3445 2638 3516 σῶμα
2670 3441 2964 3514 ἐπιδημίας
3000 3440 3314 3511 ἐπεδήμησε
3339 3445 3450 3505 τοῖς
3487 3442 3732 3504 τελείοις,
3755 3441 3901 3497 οὕτω

2310 3540 2404 3593 καὶ
2433 3537 2572 3609 μετὰ
2603 3537 2701 3608 τὴν
2737 3534 3157 3605 κεκηρυγμένην
3185 3533 3486 3603 παρουσίαν
3521 3537 3634 3597 τοῖς
3676 3533 3756 3586 ἐτι
3800 3551 3902 3604 νη-

2310 3629 2478 3693 πίοις,
2515 3628 2610 3682 ἆτε
2661 3626 2768 3680 ὑπὸ
2814 3625 3144 3696 ἐπιτρόπους
3188 3625 3514 3694 τυγχάνουσι
3566 3624 3660 3677 καὶ
3689 3623 3900 3677 οίκονό-

2313 3738 2472 3792 μους,
2499 3721 2594 3773 καὶ
2620 3718 2846 3790 μηδέπω
2877 3717 2969 3770 ἐπὶ
2999 3716 3060 3768 τὸ
3083 3715 3355 3787 πλήρωμα
3387 3716 3482 3770 τοῦ
3509 3718 3702 3788 χρόνου
3733 3717 3904 3786 ἐφθα-

2310 3816 2483 3879 κόσιν,
2507 3815 2554 3866 οἱ
2588 3814 2688 3883 μὲν
2706 3811 3002 3883 πρόδρομοι
3024 3809 3259 3880 Χριστοῦ
3288 3809 3720 3879 ἐπιδεδημηκασι
3742 3812 3900 3863 παισὶ⁵

2307 3906 2506 3976 ψυχαῖς
2538 3904 2874 3974 ἁρμόζοντες
2904 3902 3073 3970 λόγοι,
3109 3901 3348 3970 εὐλόγως
3372 3901 3437 3955 ἂν
3463 3900 3754 3971 κληθέντες
3771 3917 3901 3955 παι-

2307 4002 2544 4071 δαγωγοί
2562 4019 2574 4031 ·
2612 4000 2774 4063 αὐτὸς
2805 3999 2863 4053 δὲ
2883 3999 2913 4050 ὁ
2947 3998 3074 4061 Υἱὸς
3095 3999 3123 4050 ὁ
3141 3996 3530 4067 δεδοξασμένος
3573 3996 3704 4058 θεὸς
3727 3994 3900 4063 Λόγος

2308 4095 2540 4158 οὐδέπω,
2573 4093 2881 4164 περιμένων
2899 4089 2996 4162 τὴν
3024 4089 3249 4143 δέουσαν
3293 4088 3548 4157 γενέσθαι
3600 4104 3899 4159 προπαρα-

2310 4186 2511 4254 σκευὴν
2533 4187 2646 4248 τοῖς
2679 4183 2935 4254 μέλλουσι
2968 4184 3165 4254 χωρεῖν
3208 4179 3374 4235 αὑτοῦ
3408 4180 3506 4251 τὴν
3545 4180 3771 4253 θεότητα
3798 4183 3900 4236 ἁν-

2309 4279 2548 4352 θρώποις
2570 4277 2724 4333 Θεοῦ.
2753 4275 2862 4330 Καὶ
2885 4275 3042 4328 τοῦτο
3063 4274 3121 4327 δέ
3154 4274 3349 4326 ειδέναι
3367 4273 3553 4344 ἐχρῆν,
3578 4274 3680 4338 ὅτι,
3709 4274 3900 4347 ὥσπερ

2309 4373 2426 4426 ἐστὶ
2447 4371 2608 4441 νόμος
2641 4368 2799 4423 σκιὰν
2849 4367 3121 4438 περιέχων
3164 4364 3274 4418 τῶν
3326 4365 3628 4435 μελλόντων
3674 4365 3899 4434 ἀγαθῶν

627 4473 882 4529 homines
911 4471 1251 4525 divinitatem
1282 4471 1426 4524 illius
1451 4472 1754 4539 percepturi
1790 4471 2072 4525 decentem
2104 4487 2201 4540 ap-

2311 4463 2416 4516 ὑπὸ
2443 4462 2535 4515 τοῦ
2575 4461 2716 4514 κατὰ
2737 4460 2997 4530 ἀλήθειαν
3030 4455 3534 4526 καταγγελλομένου
3587 4457 3752 4528 νόμου
3801 4455 3898 4527 δηι

629 4577 878 4635 paratum
892 4562 1124 4618 faciant.
1143 4561 1262 4616 Jam
1281 4564 1455 4614 ethoc
1479 4576 1695 4630 quoque
1721 4562 1960 4616 sciannts
1981 4577 2205 4617 necesse

624 4664 710 4711 est
741 4669 758 4706 :
789 4666 850 4708 ut
881 4655 963 4707 lex
993 4654 1240 4707 utnbram
1278 4656 1519 4707 continet
1549 4652 1860 4706 futurorum
1898 4653 2203 4718 bonorum,

626 4763 746 4815 qum
780 4745 1124 4800 declarantur
1165 4747 1232 4798 ab
1263 4759 1324 4796 ea
1369 4742 1485 4812 lege
1539 4759 1659 4810 qua:
1709 4743 2064 4796 atmuutiatur
2120 4758 2207 4796 se-

626 4839 865 4895 cundum
900 4839 1209 4900 veritatem,
1243 4837 1321 4891 sic
1342 4837 1506 4890 etiam
1540 4835 1912 4903 Evangelimu,
1943 4837 2088 4904 quod
2123 4836 2207 4891 vel

627 4946 658 4984 a
717 4929 1132 4998 qttibuscunque
1184 4926 1500 4994 vulgaribus
1552 4925 1779 4995 intelligi
1832 4927 2204 4991 existimatur,

625 5023 873 5074 umbram
897 5022 1053 5074 docet
1080 5019 1461 5090 mysteriorum
1485 5017 1710 5071 Christi.
1741 5017 1919 5086 Atque
1953 5017 2204 5086 equidem

627 5112 771 5181 quod
817 5109 1055 5166 Joannes
1105 5111 1342 5180 appellat
1377 5109 1730 5174 Evangelium
1784 5109 2202 5178 sempiternum,

624 5203 767 5273 quod
801 5203 1017 5274 proprie
1042 5202 1146 5257 dici
1175 5212 1354 5272 posset
1377 5201 1682 5270 spirituale,
1705 5209 1895 5269 aperte
1920 5199 2056 5254 viris
2079 5214 2205 5255 cor-

625 5297 765 5351 datis
817 5306 874 5349 et
914 5295 1345 5365 iutelligcntibus
1379 5295 1450 5350 ob
1495 5295 1684 5349 oculos
1717 5293 1870 5358 ponit
1905 5294 2089 5348 omnia
2134 5293 2204 5348 de

692 5394 740 5426 "
775 5393 942 5449 lCor.
980 5409 1037 5459 χ,
1073 5392 1160 5446 Η.

697 5489 810 5558 (58)
840 5488 950 5542 Καὶ
991 5491 1103 5542 οὐκ
1139 5488 1216 5558 ἂν
1260 5483 1380 5539 ἀπὸ
1404 5483 1661 5558 *σκοτεοῇ
1717 5484 2080 5558 meamne
2121 5481 2203 5548 τῷ

625 5551 1051 5629 παραδείγματι
1090 5555 1428 5629 τοῦ-’μικρὰ
1469 5555 1572 5629 καὶ⁸
1611 5551 1996 5629 5n”61m_~._.‘_..
2027 5555 2204 5629 Ὅταν

856 5623 1048 5694 diove,
1072 5638 1180 5682 etc.
1203 5623 1328 5679 “ire
1342 5625 1522 5700 gluma
1545 5624 1902 5700 desuntapud
1929 5623 2203 5700 Httetium,

627 5693 720 5755 sed
750 5693 1112 5754 restituuntur
1146 5712 1210 5748 «ex
1257 5695 1538 5750 codicibus
1580 5693 1874 5749 Bodleiano
1905 5703 1958 5750 et
2003 5693 2204 5748 Barbc-

633 5772 776 5837 riuo,
795 5773 849 5826 in
879 5769 1078 5839 quibus
1103 5765 1280 5822 adhuc
1310 5767 1499 5820 lacuna
1526 5765 1688 5820 ittcst.

2305 4555 2602 4627 λουμένων,
2651 4554 2796 4608 οὓτω
2845 4552 2941 4606 καὶ
2999 4551 3331 4620 Εὐαγγέλιον
3377 4552 3536 4604 σκιὰν
3582 4551 3898 4624 μυστηρίων

2307 4645 2544 4717 Χριστοῦ
2577 4644 2819 4698 διδάσκει
2851 4642 2913 4694 τὸ
2963 4641 3320 4711 νομιζόμενον
3362 4639 3469 4692 ὑπὸ
3522 4639 3741 4691 πάντων
3786 4637 3896 4691 τῶν

2310 4737 2746 4809 ἐντυγχανόντων
2779 4733 3038 4788 νοεῖσθαι.
3071 4736 3136 4786 Ὃ
3159 4732 3215 4785 δέ
3241 4748 3406 4803 φησιν
3447 4729 3698 4800 Ἰωάννης
3724 4730 3896 4797 Εὐαγ-

2309 4831 2490 4902 γέλιον
2523 4829 2765 4892 αἰώνιον,
2805 4827 3021 4889 οἰκείως
3053 4825 3117 4879 ἂν
3163 4824 3559 4896 λεχθησόμενον
3601 4839 3896 4894 πνευματι-

2309 4924 2424 4990 κδν,
2450 4922 2636 4992 σαφῶς
2665 4921 2966 4992 παρίστησι
2994 4921 3107 4981 τοῖς
3136 4916 3318 4970 νοοῦσι
3351 4915 3419 4968 τὰ
3455 4914 3631 4968 πάντα
3666 4913 3896 4968 ἐνώπιον

2312 5017 2441 5086 περὶ
2473 5012 2636 5066 αὐτοῦ
2664 5011 2756 5065 τοῦ
2789 5009 2918 5063 Υιίοῦ
2945 5008 3038 5062 τοῦ
3073 5007 3232 5070 Θεοῦ,
3269 5007 3364 5060 καὶ
3405 5005 3474 5058 τὰ
3515 5005 3896 5077 παριστάμενα.

2316 5106 2587 5176 μυστήρια
2617 5103 2722 5156 ὑπὸ
2752 5101 2861 5154 τῶν
2893 5101 3067 5168 λόγων
3093 5097 3279 5162 αὑτοῦ,
3311 5097 3380 5150 τά
3405 5115 3463 5150 τε
3494 5098 3794 5169 πράγματα
3820 5091 3896 5150 ὧν

2312 5199 2614 5269 αἰνίγματα
2646 5193 2787 5267 ἦσαν
2821 5196 2875 5248 αἱ
2918 5191 3146 5263 πράξεις
3176 5189 3361 5245 αὐτοῦ.
3411 5189 3634 5253 Τούτοις
3664 5189 3722 5242 δὲ
3774 5190 3898 5244 ἀκό-

2310 5290 2499 5345 λουθόν
2519 5291 2666 5342 ἐστιν
2691 5285 3081 5357 ἐκλαμϐάνειν,
3124 5285 3209 5336 ὅτι
3245 5281 3306 5334 ὃν
3353 5280 3552 5351 τρόπον
3590 5281 3648 5332 ἐν
3677 5278 3899 5353 φανερῷ

2388 5478 2500 5551 (59)
2531 5477 2718 5551 Codex
2751 5474 3102 5551 Bodleianus.
3221 5476 3279 5527 ἐν
3322 5471 3631 5551 προφηταις
3677 5471 3770 5524 καὶ
3785 5470 3898 5551 ’τοῦ

2309 5541 2787 5622 νόμου’κάλυμμα.
2821 5547 2940 5622 blos
2963 5561 3063 5622 pro
3089 5545 3306 5598 πάντων
3335 5541 3396 5596 τὸ
3419 5543 3576 5594 Θεῖον
3605 5541 3894 5610 legendum

2313 5615 2528 5676 videtur
2551 5615 2768 5681 πάντως
2796 5615 2858 5668 τὸ
2889 5617 3062 5668 Θείον.

2385 5690 2498 5760 (40)
2539 5691 2722 5757 "Oper.
2762 5688 2884 5742 Ilaec
2919 5703 3018 5740 vos
3051 5683 3357 5740 restituitur
3386 5699 3450 5737 ex
3479 5681 3667 5737 codice
3695 5681 3896 5736 Barba.

2315 5764 2456 5818 riuo.
