4174 6402
401 298 471 354 δῖ
1472 300 1827 357 COMMENT.
1865 296 1932 354 IN
1965 292 1992 355 Ι

2098 300 2155 356 Ν.
2195 296 2436 355 TOMUS
2471 298 2511 353 1.
3596 299 3668 354 33

375 415 669 484 ,Ἰουδαῖός
693 414 778 478 τίς
826 428 942 466 εστι
990 411 1084 466 καὶ
1121 410 1627 484 περιτετμημένος,
1669 412 1812 465 οὕτω
1860 413 1993 482 Χρι-

2098 411 2212 479 ipso
2242 408 2379 464 Filio
2407 407 2522 471 Dei,
2557 417 2667 462 tum
2710 409 2965 475 mysteria
2997 410 3065 464 ab
3108 409 3279 480 ipsius
3322 411 3671 466 sermonibus

374 488 381 503 δ
409 506 624 570 στιανὸς
657 505 769 576 (41)
799 507 895 559 καὶ
931 504 1231 574 βάπτισμα.
1260 502 1472 566 Παῦλος
1509 503 1607 573 μὲν
1657 503 1752 555 καὶ
1786 503 1989 574 Πέτρος

407 596 467 649 ἐν
491 593 710 665 φανερῷ
736 595 1001 665 πρότερον
1037 591 1190 655 ὄντες
1217 594 1283 644 οἱΔ
1311 592 1551 645 Ἰουδαῖοι
1574 632 1589 657 ,
1642 594 1737 645 καὶ
1772 610 1989 663 περιτε-

405 686 698 759 τμημένοι,
732 684 956 756 ὕστερον
985 685 1081 737 καὶ
1110 687 1168 737 ὲν
1196 682 1274 754 τῷ
1309 682 1538 755 κρυπτῷ
1587 685 1818 737 τοιοῦτοι
1860 700 1993 753 τυγ-

410 781 591 850 χάνειν
616 776 725 831 ἀπὸ
769 775 944 848 Ἰησοῦ
969 776 1242 846 εἰλήφασι,
1268 775 1329 828 τὸ
1350 777 1407 828 ὲν
1435 774 1654 846 φανερῷ
1682 771 1823 829 εῖναι
1864 775 1993 828 Ἰου-

410 872 547 926 δαῖοι
579 869 806 939 διὰτὴν
861 869 972 922 τῶν
1016 867 1230 921 πολλῶν
1273 868 1546 941 σωτηρίαν
1568 907 1584 932 ,
1630 869 1750 921 κατ’
1791 868 1993 921 οἰκονο-

414 963 542 1035 μίαν
569 962 703 1032 (42),
734 961 794 1014 οὐ
834 960 995 1031 μόνον
1020 959 1197 1029 λόγοις
1240 959 1626 1030 ὁμολογοῦντες
1651 1000 1665 1024 ,
1714 959 1853 1013 ἀλλά
1898 961 1993 1013 καὶ

412 1053 499 1107 διὰ
530 1052 640 1107 τῶν
681 1052 859 1123 ἔργων
886 1050 1214 1115 δεικνύντες.
1253 1051 1326 1105 Τὸ
1354 1051 1399 1104 δ’
1430 1052 1561 1104 αὐτὸ
1596 1051 1690 1104 καὶ
1730 1052 1858 1123 περὶ
1899 1050 1992 1104 τοῦ

413 1144 841 1216 Χριστιανισμοῦ
878 1144 1056 1197 αὐτῶν
1085 1143 1323 1198 λεκτέον.
1354 1145 1465 1198 Καὶ⁵
1505 1144 1692 1215 ὥσπερ
1719 1145 1819 1198 οὐκ
1849 1144 1994 1199 ἐστιν

415 1237 694 1307 ὠφελῆσαι
753 1235 979 1289 δυνατὸν
1032 1235 1248 1290 Παῦλον
1282 1238 1409 1300 τοὺς
1447 1237 1587 1291 κατὰ
1630 1239 1811 1310 σάρκα
1862 1241 1993 1293 Ἰου-

415 1328 617 1393 δαίους,
648 1328 742 1382 ἐὰν
769 1327 865 1399 μὴ,
900 1329 988 1382 ὅτε
1016 1331 1045 1382 ὁ
1067 1328 1223 1397 λόγος
1257 1332 1422 1401 αἱρεῖ,
1456 1332 1726 1406 περιτέμῃ
1769 1331 1862 1385 τὸν
1902 1333 1995 1386 Τι-

419 1421 632 1493 μόθεον,
656 1422 750 1475 καὶ
777 1421 867 1474 ὅτε
901 1419 1121 1489 εὔλογόν
1157 1423 1274 1475 ἐστι
1304 1421 1606 1494 ξυράμενον
1631 1465 1645 1488 ,
1689 1424 1784 1478 καὶ
1828 1440 1996 1495 προσ-

417 1513 587 1585 φορὰν
643 1514 966 1583 ποιήσαντα,
1020 1513 1114 1565 καὶ
1169 1514 1511 1578 ἁπαξαπλῶς
1562 1518 1677 1579 τοῖς
1724 1514 1995 1578 Ἰουδαίοις

429 1604 677 1657 Ἰουδαῖον
720 1603 1045 1674 γενόμενον,
1084 1604 1170 1656 ἵνα
1218 1606 1344 1668 τοὺς
1390 1605 1676 1669 Ἰουδαίους
1720 1606 1991 1676 κερδήσῃ·

2092 499 2352 559 exhibita,
2392 509 2502 553 tum
2534 514 2623 552 res
2650 512 2878 566 quarum
2903 499 3190 568 aenigmata
3222 501 3394 569 ipsius
3424 501 3669 554 actiones

2092 600 2271 645 erant.
2304 590 2398 645 llis
2426 602 2770 658 consequens
2792 596 2876 642 est
2912 603 3189 657 exponere
3212 598 3272 643 ιιι
3306 589 3357 642 in
3383 589 3671 643 manifesto

2090 680 2310 736 Iudaeus
2358 681 2485 749 quis
2519 689 2623 746 est,
2659 689 2715 734 et
2766 680 3142 742 circumcisus,
3176 680 3255 734 sic
3294 680 3668 734 Christianum

2091 786 2217 827 esse
2245 781 2301 827 et
2324 772 2613 841 baptisma.
2642 770 2785 839 Quin
2817 771 2922 840 ιο
2951 771 3112 825 etiam
3136 770 3336 825 Paulus
3363 773 3582 839 quidem
3613 781 3672 826 et

2092 863 2307 929 Petrus,
2331 866 2424 934 qui
2462 864 2517 917 in
2563 863 2858 917 manifesto
2890 861 3060 917 Judaei
3096 872 3256 917 antea
3284 872 3443 916 erant
3472 874 3527 918 et
3556 863 3671 916 cir-

2093 954 2341 1012 cumcisi.
2375 961 2562 1022 postea
2604 961 2811 1007 tantum
2845 953 2899 1006 in
2927 952 3163 1017 occulto,
3210 952 3346 1007 tales
3377 963 3436 1005 ut
3468 966 3672 1017 essent,

2093 1061 2123 1098 a
2153 1045 2281 1100 .lesu
2313 1052 2662 1113 acceperunt,
2688 1058 2812 1096 cum
2844 1057 2949 1095 non
2977 1041 3081 1095 alia
3118 1042 3185 1096 de
3213 1056 3374 1096 causa
3410 1042 3569 1096 etiam
3609 1057 3672 1096 se

2096 1138 2149 1191 in
2183 1136 2469 1191 manifesto
2494 1133 2714 1190 Judaeos
2756 1149 2878 1189 esse
2899 1148 3062 1203 quam
3107 1143 3329 1203 propter
3373 1133 3668 1186 multorum

2095 1227 2323 1283 salutem
2347 1239 2402 1281 et
2427 1225 2726 1282 secundum
2756 1226 3141 1288 mconomiam,
3180 1239 3287 1277 non
3320 1223 3492 1276 solum
3546 1237 3672 1275 ver-

2095 1319 2180 1374 bis
2227 1318 2554 1380 faterentur,
2594 1330 2783 1370 serum
2815 1315 2982 1369 etiam
3016 1314 3176 1370 factis
3208 1313 3568 1368 declararent.
3611 1313 3671 1366 Μ

2095 1411 2241 1480 quod
2264 1409 2432 1463 etiam
2463 1410 2529 1462 de
2551 1421 2741 1462 eorum
2767 1405 3184 1461 Christianismo
3209 1405 3533 1460 censendum
3563 1415 3670 1459 est.

2093 1502 2164 1559 Et
2194 1500 2649 1569 quemadmodum
2681 1497 2883 1553 Juda:is
2911 1499 3206 1573 secundum
3255 1509 3474 1551 carnem
3521 1494 3676 1563 adju-

2096 1601 2278 1648 mento
2301 1606 2424 1647 esse
2449 1606 2553 1645 non
2586 1598 2762 1659 potest
2806 1588 3024 1653 Paulus,
3055 1588 3157 1641 nisi
3186 1587 3403 1657 quando
3433 1589 3673 1656 postulat

415 1694 585 1757 οῦτως
617 1695 708 1747 τὸν
738 1692 1057 1764 ἐκκείμενον
1080 1694 1160 1756 εἰς
1188 1693 1397 1748 πολλῶν
1436 1694 1704 1764 ὠφέλειαν
1739 1695 1839 1747 οὐκ
1881 1694 1996 1747 ἔστι

2101 1685 2260 1749 ratio,
2290 1681 2654 1738 circumcidat
2682 1680 3050 1743 Timotheum,
3087 1689 3143 1734 et
3181 1678 3397 1749 quando
3442 1692 3673 1733 consen-

397 1780 503 1842 διὰ
528 1785 622 1840 τοῦ
649 1788 707 1839 ὲν
730 1758 949 1857 Χριστῷ
977 1786 1403 1858 Χριστιανισμοῦ
1426 1758 1536 1857 (4.7;)
1576 1787 1736 1858 μόνον
1771 1787 1996 1841 δυνατὸν

2102 1786 2319 1829 laneum
2356 1783 2442 1828 est
2468 1773 2781 1833 tondeatur.
2814 1772 3141 1827 oblationem
3168 1770 3379 1834 olferat,
3416 1779 3492 1834 et,
3527 1782 3584 1823 ut
3619 1770 3671 1823 in

415 1881 542 1942 τοὺς
577 1879 1042 1949 στοιχειουμένους
1086 1881 1143 1931 ἐν
1188 1879 1267 1950 τῷ
1321 1879 1537 1951 φανερῷ
1583 1879 1995 1951 Χριστιανισμῷ

420 1968 703 2040 βελτιῶσαι
724 1969 819 2021 καὶ
840 1970 1173 2039 προαγαγεῖν
1203 1968 1296 2020 ἐπὶ
1329 1968 1398 2021 τὰ
1431 1967 1716 2038 κρείττονα
1738 1965 1834 2020 καὶ
1863 1968 1999 2020 ἀνω-

416 2060 577 2132 τέρω.
605 2060 802 2130 Διόπερ
817 2059 1109 2128 ἀναγκαῖον
1130 2057 1519 2129 πνευματικῶς
1542 2058 1639 2110 καὶ
1668 2057 1995 2127 σωματικῶς

418 2148 846 2221 Χριστιανίζειν,
894 2151 991 2204 καὶ
1028 2152 1161 2204 ὅπου
1203 2149 1301 2220 μὲν
1324 2148 1428 2221 χρὴ
1455 2149 1516 2201 τὸ
1547 2148 1859 2219 σωματικὸν
1890 2165 1993 2219 κη-

419 2243 637 2314 ρύσσειν
660 2242 1008 2311 Εὑαγγέλιον,
1044 2242 1321 2311 φάσκοντα
1373 2241 1536 2310 μηδὲν
1572 2235 1708 2293 εἶναι
1742 2239 1854 2311 (1M)
1884 2243 1997 2303 τοῖς

420 2336 698 2405 σαρκίνοις
726 2334 758 2406 ἢ
804 2334 1011 2405 Ἰησοῦν
1034 2334 1289 2404 Χριστὸν,
1313 2332 1409 2386 καὶ
1432 2331 1619 2385 τοῦτον
1644 2331 1997 2404 ἐσταυρωμέ-

419 2443 528 2490 νον,
558 2427 717 2480 τοῦτο
749 2427 1032 2497 ποιητέονο
1074 2426 1215 2479 ὲπάν
1247 2425 1305 2477 δὲ
1333 2422 1598 2494 εὑρεθῶσι
1630 2422 2002 2493 κατηρτισμέ-

418 2534 496 2571 νοι
523 2518 602 2589 τῷ
628 2519 899 2589 πνεύματι
927 2519 1059 2590 (45),
1093 2519 1188 2572 καὶ
1221 2515 1699 2589 καρποφοροῦντες
1740 2516 1797 2568 ὲν
1829 2513 2000 2585 αὐτῷ,

418 2612 649 2683 ἐρῶντές
673 2628 734 2664 τε
760 2611 863 2682 τῆς
887 2612 1138 2681 οὐρανίου
1179 2609 1369 2679 σοφίας
1393 2650 1408 2676 ,
1456 2608 1774 2678 μεταδοτέον
1814 2607 2000 2670 αὐτοῖς

417 2704 510 2757 τοῦ
531 2703 690 2772 λόγου
725 2703 1112 2766 ἐπανελθόντος
1133 2703 1242 2757 ἀπὸ
1261 2701 1356 2756 τοῦ
1392 2700 1773 2775 σεσαρκῶσθαι
1796 2739 1811 2765 ,
1856 2697 1940 2767 ἐφ’
1971 2696 1999 2749 ὃ

416 2790 486 2865 ἦν
511 2798 568 2848 ὲν
603 2796 744 2866 ἀρχῇ
780 2796 917 2868 πρὸς
948 2796 1038 2849 τὸν
1068 2795 1222 2850 Θεόν.

2098 1865 2409 1919 universum
2443 1863 2639 1927 dicam,
2688 1862 2891 1917 Judaeis
2920 1861 3139 1915 Judaeus
3173 1859 3440 1915 elﬁciatur
3480 1870 3537 1914 ut
3568 1859 3670 1915 Ju-

2097 1957 2240 2011 daeos
2267 1953 2569 2011 lucrifaciat
2598 1973 2613 2007 :
2644 1955 2714 2007 ita
2739 1956 2851 2007 fieri
2881 1952 3069 2021 nequit
3089 1960 3147 2004 ut
3181 1952 3228 2005 is
3256 1951 3351 2021 qui
3382 1951 3673 2006 multorum

2099 2048 2312 2102 utilitati
2341 2046 2621 2117 expositus
2649 2055 2752 2111 est,
2780 2044 2976 2099 evehat
3002 2044 3069 2097 ad
3097 2043 3499 2112 praestantiora,
3536 2052 3591 2096 et
3619 2043 3674 2096 in

2096 2138 2350 2201 sublime,
2396 2137 2756 2203 melioresque
2801 2135 2988 2188 reddat
3035 2148 3132 2202 per
3157 2132 3559 2187 Christianismi
3618 2132 3673 2185 in

2099 2229 2315 2286 occulto
2347 2227 2665 2283 exsistentis
2692 2227 2858 2295 legem
2898 2239 2991 2280 eos
3023 2224 3115 2293 qui
3156 2225 3480 2279 exteriorem
3515 2225 3674 2280 Chri-

2101 2321 2441 2376 stianismum
2472 2327 2800 2387 sequuntur.
2836 2315 2986 2370 llanc
3016 2317 3087 2369 ob
3125 2329 3373 2381 causam,
3405 2326 3517 2368 tum
3563 2317 3676 2386 spis

2103 2413 2234 2476 ritu,
2290 2422 2400 2465 tum
2428 2424 2657 2478 corpore
2685 2407 2979 2463 Christiani
3015 2419 3076 2462 ut
3103 2408 3275 2462 simus
3302 2420 3524 2461 necesse
3566 2417 3673 2472 est,

2104 2514 2160 2560 et
2187 2504 2406 2573 quando
2432 2498 2715 2570 corporale
2755 2497 3111 2568 Evangelium
3136 2497 3533 2566 praedicandum
3565 2506 3671 2560 est,

2105 2594 2334 2649 dicendo
2374 2592 2683 2646 carnalibus
2715 2590 2849 2644 nihil
2877 2605 2972 2645 eos
2992 2590 3136 2644 scire
3169 2589 3271 2642 nisi
3302 2586 3487 2643 Jesum
3510 2588 3669 2643 Chri-

2103 2698 2270 2749 swm,
2304 2693 2358 2739 et
2382 2684 2525 2737 hunc
2556 2681 2896 2747 crucifixum,
2930 2681 3032 2735 hoc
3069 2681 3375 2735 faciendum
3400 2691 3505 2735 est.
3537 2680 3673 2734 Cum

2106 2790 2286 2835 autem
2322 2776 2526 2833 inventi
2554 2775 2758 2830 fuerint
2779 2774 2975 2829 elevati
2998 2774 3219 2844 spiritu,
3243 2783 3298 2828 et
3325 2774 3380 2827 iu
3412 2774 3528 2842 ipso
3561 2774 3676 2827 l’ru-

420 2864 744 2955 etilicantes,
787 2864 1143 2959 amantesque
1170 2888 1448 2959 sapientiae
1490 2889 1751 2953 caelestis,
1796 2886 1849 2941 hi
1893 2881 2185 2954 participes
2218 2874 2483 2931 efﬁciendi
2527 2871 2823 2927 suntverbi
2860 2869 2943 2942 [et
2971 2869 3095 2924 Filii
3139 2864 3261 2941 Dei]
3284 2868 3515 2940 regressi
3555 2875 3679 2939 post

422 2986 851 3039 incarnationem
900 2988 964 3038 ad
1008 2986 1060 3039 id
1096 2987 1237 3055 quod
1276 2995 1393 3040 erat
1433 2987 1486 3039 in
1529 2985 1794 3053 principio
1820 2983 1958 3052 apud
1988 2980 2175 3033 Deum.

492 3078 576 3132 10.
610 3077 794 3131 Ταῦτα
824 3076 880 3130 δὲ
901 3076 1245 3144 ἐξετάζοντες
1275 3078 1405 3148 περὶ
1443 3077 1538 3131 τοῦ
1568 3076 1900 3146 Εὑαγγελίου
1924 3076 1989 3128 οὐ

2165 3068 2252 3122 lt).
2286 3065 2555 3120 Caeterum
2606 3064 2722 3118 hate
2768 3060 2911 3115 haud
2959 3058 3163 3113 frustra
3200 3071 3300 3111 nos
3350 3057 3679 3114 disseruisse

425 3171 598 3241 μάτην
626 3169 904 3240 εἰρηκέναι
927 3168 1228 3240 ἡγούμεθα,
1261 3169 1424 3222 οἱονεὶ
1456 3168 1713 3238 αἰσθητὸν
1759 3165 2000 3235 Εὐαγγέ-

422 3261 533 3314 λιον
567 3258 758 3330 νοητοῦ
789 3260 886 3312 καὶ
924 3257 1297 3329 πνευματικοῦ
1341 3261 1406 3329 τῇ
1441 3258 1656 3330 ἐπινοίᾳ
1695 3257 1998 3328 διακρίνον-

422 3370 512 3415 τες
535 3368 548 3381 ⁶
572 3351 666 3404 καὶ
698 3350 806 3422 γὰρ
837 3350 930 3404 νῦν
955 3350 1239 3421 πρόκειται
1271 3349 1332 3403 τὸ
1372 3349 1625 3421 αἰσθητὸν
1672 3348 1999 3418 Εὑαγγέλιον

426 3441 746 3513 μεταλαϐεῖν
787 3442 865 3504 εἰς
889 3439 1275 3511 πνευματικόν.
1301 3439 1396 3503 Τίς
1429 3439 1593 3510 γάρή
1634 3439 1875 3511 διήγησις
1904 3437 1998 3492 τοῦ

423 3534 681 3603 αἰσθητοῦ
730 3536 778 3587 εἰ
836 3534 912 3605 μὴ
964 3531 1430 3603 μεταλαμϐάνοιτο
1475 3533 1555 3595 εἰς
1606 3531 1998 3602 πνευματικόν;

427 3626 583 3678 Ἤτοι
609 3624 833 3696 οὐδεμία
864 3625 897 3697 ἢ
925 3626 1078 3697 ὀλίγη
1110 3626 1203 3678 καὶ
1229 3624 1336 3678 τῶν
1365 3625 1636 3696 τυχόντων
1659 3625 1766 3680 ἀπὺ
1796 3624 1894 3694 τῆς
1914 3622 2001 3677 λέ·

426 3716 559 3782 ξεως
604 3718 801 3781 αὐτοὺς
847 3718 1186 3771 πεπεικότων
1226 3716 1522 3787 λαμϐάνειν
1560 3716 1628 3771 τὰ
1675 3715 1996 3785 δηλούμενα.

437 3810 595 3863 Ἀλλά
617 3812 727 3873 πᾶς
762 3808 912 3878 ἀγὼν
944 3811 1075 3880 ἡμῖν
1102 3808 1363 3878 ἐνέστηκε
1400 3808 1762 3878 πειρωμένοις
1808 3808 1888 3870 είς
1933 3806 2001 3859 τά

427 3900 564 3972 βάθη
590 3900 684 3955 τοῦ
708 3898 1063 3969 εὐαγγελικοῦ
1098 3899 1191 3953 νοῦ
1223 3898 1425 3968 φθάσαι
1455 3898 1550 3952 καὶ
1589 3898 1874 3969 ἐρευνῆσαι
1904 3897 2000 3966 τὴν

425 3997 485 4047 ὲν
509 3995 656 4065 αὐτῷ
681 3994 891 4066 γυμνὴν
931 3995 1117 4047 τύπων
1150 3992 1425 4064 ἀλήθειαν.
1470 3991 1589 4045 Τῶν
1619 3991 1683 4064 δὴ
1722 3988 2002 4058 εὐαγγελι-

426 4086 668 4156 ζομένων
707 4086 764 4138 ὲν
815 4084 1036 4153 ἀγαθῶν
1068 4082 1379 4154 ἀπαγγελίᾳ
1419 4081 1724 4152 νοουμένων
1753 4122 1766 4145 ,
1820 4080 1869 4131 οἱ
1903 4077 2001 4148 μὲν

425 4179 711 4234 ἀπόστολοι
741 4178 832 4231 τὸν
869 4177 1076 4250 Ἰησοῦν
1097 4175 1537 4246 εὐαγγελίζονται
1556 4190 1571 4205 ο
1602 4173 1849 4241 λέγονται
1885 4170 2003 4241 μένα

423 4291 505 4327 τοι
536 4275 612 4338 ὼς
638 4272 842 4342 ἀγαθὸν
869 4272 961 4325 καὶ
983 4270 1078 4342 τὴν
1098 4271 1392 4325 ἀνάστασιν
1416 4264 1881 4337 εὐαγγελίζεσθαι,
1909 4265 2003 4316 καὶ

424 4368 592 4439 αὐτήν
625 4384 742 4430 πως
774 4362 940 4419 οὖσαν
980 4363 1188 4436 Ἰησοῦν
1226 4362 1335 4435 (46)
1357 4379 1371 4393 ’
1425 4355 1632 4432 Ἰησοῦς
1652 4360 1760 4430 γάρ
1800 4374 1961 4428 φησιν
1984 4372 1997 4385 ·

438 4456 578 4527 Ἐγώ
608 4458 725 4526 ειμι
752 4457 790 4526 ἡ
824 4452 1193 4520 ἁνάστασις’
1241 4452 1448 4524 Ἰησοῦς
1473 4451 1530 4504 δὲ
1571 4451 1639 4503 τὰ
1672 4452 1783 4512 τοῖς
1831 4447 2004 4514 ἁγίοις

425 4549 761 4620 ἀποκείμενα
787 4544 1190 4615 εὐαγγελίζεται
1214 4549 1327 4608 τοῖς
1358 4545 1615 4614 πτωχοῖς,
1665 4537 1997 4612 παρακαλῶν

426 4643 622 4704 αὐτοὺς
654 4642 746 4693 ἐπὶ
774 4640 874 4704 τὰς
908 4639 1056 4702 θείας
1095 4636 1446 4707 ἐπαγγελίας.
1487 4635 1596 4687 Καὶ
1633 4630 1998 4704 μαρτυροῦσιν

426 4735 483 4787 ai
513 4733 651 4787 θεῖαι
689 4733 904 4805 Γραφαὶ
940 4734 1052 4794 τοῖς
1096 4730 1201 4783 ὑπὸ
1229 4728 1336 4783 τῶν
1371 4726 1681 4781 ἀποστόλων
1718 4721 2000 4791 εὐαγγελι-

428 4829 603 4896 σμοῖς,
630 4827 724 4880 καὶ
771 4824 850 4895 τῷ
879 4824 984 4878 ὑπὸ
1014 4823 1109 4877 τοῦ
1156 4822 1409 4892 Σωτῆρος
1450 4819 1607 4891 ήμῶν
1653 4817 1796 4889 (47)·
1842 4818 1870 4869 ό
1902 4814 1999 4886 μὲν

497 4946 542 4978 δ’
564 4945 720 5001 Joau.
758 4961 836 5007 χι,
860 4943 949 4996 25.

501 5059 613 5131 (Η)
637 5061 740 5131 Ἐν
754 5056 988 5128 φανερῷ
1003 5054 1278 5131 Ἰουδαῖός
1291 5055 1348 5106 τί
1352 5072 1383 5131 ς
1396 5052 1526 5105 ἐστι
1545 5047 1643 5102 καὶ
1666 5059 1998 5131 περιτετμη-

423 5116 625 5202 ιιέὶοςί,
644 5116 797 5202 οὒτῶ
809 5116 1180 5202 Χρῖστιανξός.
1345 5116 1584 5202 ᾆρευιιιιι
1594 5116 1993 5202 ριιιΙΙΗιιριιιιιιι,

427 5190 524 5256 sed
557 5190 917 5255 restituuntur
939 5214 968 5250 e
999 5190 1156 5253 codd.
1196 5193 1483 5249 Bodleiano
1508 5200 1561 5243 et
1593 5190 1908 5241 Barherino.

497 5270 610 5340 (ἃ)
644 5268 782 5323 Κατ’
815 5267 1181 5340 οἰκονομίαν.
1233 5263 1525 5340 Ferrarius
1558 5256 1757 5340 vert‘it,‘
1781 5265 1993 5338 prapler

427 5326 865 5408 ludiﬁcationem;
895 5326 1104 5405 legebat
1138 5337 1256 5408 κατ’
1284 5329 1615 5408 οἰκοδομίαν.
1653 5326 1761 5381 Sed
1795 5327 1845 5379 in
1893 5340 1991 5377 no-

429 5401 555 5464 stris
579 5410 858 5463 codicibus
892 5401 1086 5473 legitur
1109 5405 1228 5477 κατ’
1266 5401 1595 5470 οἰκονομίαν.
1652 5466 1679 5477 η
1769 5465 1802 5477 Λ
1905 5463 1917 5473 ν

502 5479 611 5549 (45)
655 5477 765 5532 Τοῦ
806 5479 888 5549 -ὲν
916 5465 1173 5549 ,Χριστῷ
1206 5465 1703 5549 ἕρεστιάνισμρῦ.
1765 5465 1995 5518 Omnino

451 5536 723 5618 egendnnl
738 5547 831 5599 τοῦ
859 5548 919 5618 εν
1206 5536 1654 5618 Χριστιανισμοῦ.
1830 5604 1841 5618 1
1919 5602 1953 5618 η

504 5604 613 5688 '(M)
645 5614 836 5670 Εἶναι.
867 5604 1386 5683 Ferrarius'legebat
1412 5604 1637 5666 εἰδέναι*
1678 5619 1797 5675 (ιιιω
1830 5604 1993 5660 lectio

429 5690 621 5744 .lllcllOI‘
645 5689 875 5742 videtur.

2100 3161 2497 3220 existimamus,
2548 3153 2824 3225 Evangelii
2880 3166 3098 3205 sensum
3132 3159 3390 3204 accurate
3450 3149 3676 3204 investi-

2099 3261 2312 3322 gantes,
2344 3259 2401 3304 et
2431 3248 2780 3318 Evangelinm
2808 3243 3062 3299 sensibile
3100 3243 3167 3296 ab
3190 3241 3482 3311 Evangelia
3515 3244 3674 3295 intel-

2100 3342 2655 3413 ligibiliseparantes.
2695 3336 2909 3390 Etenim
2962 3348 3105 3387 nunc
3144 3333 3301 3386 nobis
3335 3332 3671 3401 prepositum

2099 3444 2184 3488 est.
2220 3443 2278 3486 ut
2307 3430 2654 3501 Evangelium
2679 3425 2936 3481 sensibile
2967 3434 3403 3479 trausmutemus
3426 3424 3477 3476 in
3512 3423 3677 3477 intel-

2099 3524 2303 3594 ligihile
2349 3532 2405 3577 et
2451 3518 2768 3589 spirituale;
2824 3515 3023 3583 aliaqui
3076 3530 3195 3583 qua:
3241 3513 3516 3567 enarratio
3568 3516 3676 3568 erit

2112 3614 2391 3685 Evangelii
2419 3610 2716 3671 sensibilis,
2749 3607 2852 3660 nisi
2886 3605 3333 3660 accommodetur
3362 3607 3430 3659 ad
3476 3605 3674 3659 intelli~

2100 3707 2267 3779 gihile
2295 3713 2351 3759 et
2400 3700 2718 3772 Spirituale?
2748 3695 2893 3750 nulla
2928 3711 3062 3750 sane
3099 3694 3181 3748 vel
3221 3694 3453 3764 exigua,
3501 3709 3674 3762 eaque

2112 3796 2417 3866 vulgarium
2469 3792 2559 3861 qui
2596 3807 2665 3845 ex
2692 3789 2871 3843 verbis
2914 3787 3045 3858 ipsis
3072 3787 3178 3841 vim
3217 3802 3403 3842 eorum
3432 3803 3552 3856 qua:
3579 3789 3673 3842 de-

2104 3889 2381 3942 clarautur
2434 3883 2715 3951 percipere
2762 3879 2862 3933 sibi
2913 3877 3264 3948 persuadent.
3313 3876 3508 3931 Verum
3558 3887 3668 3931 tota

2100 3978 2374 4036 contentio
2404 3986 2588 4030 nostra
2619 3988 2685 4027 eo
2717 3971 2872 4025 nobis
2902 3970 3180 4040 dirigenda
3223 3978 3326 4035 est,
3367 3980 3425 4023 ut
3467 3970 3672 4039 pertin-

2100 4086 2229 4142 gere
2286 4056 2548 4124 conemur
2601 4062 3024 4134 profunditatem
3083 4076 3278 4115 sensus
3332 4061 3667 4129 evangelici,

2102 4160 2411 4217 accuratius
2442 4158 2759 4225 indagantes
2797 4153 3075 4206 veritatem
3108 4152 3158 4205 in
3198 4152 3313 4221 ipso
3356 4152 3539 4222 figuris
3571 4169 3669 4204 nu-

2101 4256 2246 4309 dam.
2290 4252 2466 4318 Atque
2493 4248 2742 4317 equidem
2783 4245 2829 4298 si
2874 4245 3287 4299 considerentur
3328 4260 3390 4298 ea
3420 4259 3539 4312 qua:
3568 4258 3670 4297 an-

2104 4346 2421 4401 nuntiantur
2450 4343 2502 4395 in
2530 4339 2797 4393 bonorum
2826 4338 3186 4407 promissiOne
3220 4352 3234 4387 :
3268 4335 3495 4405 apostoli
3545 4337 3669 4404 qui-

2105 4441 2227 4493 dem
2267 4435 2450 4490 Jesum
2479 4430 2809 4502 praedicant;
2848 4429 3103 4482 dicuntur
3136 4428 3386 4495 quidem.
3432 4442 3529 4481 ceu
3565 4428 3668 4481 ho-

2105 4548 2257 4593 num,
2287 4523 2740 4582 resurrectionem
2791 4520 2953 4574 etiam
3006 4519 3364 4579 annnntiare.
3396 4533 3516 4586 qua:
3553 4517 3666 4584 ipsa

2104 4623 2284 4689 aliquo
2328 4615 2487 4671 modo
2519 4622 2603 4667 est
2642 4607 2821 4672 Iesus,
2855 4607 3068 4661 dicente
3108 4605 3233 4659 Jesu
3267 4604 3358 4657 “:
3398 4603 3510 4674 Ego
3552 4621 3667 4657 sum

2106 4708 2440 4764 resurrectio.
2483 4701 2643 4757 Jesus
2694 4713 2829 4752 vero
2854 4712 2973 4766 quae
3004 4698 3212 4751 sanctis
3259 4695 3494 4764 reposita
3544 4704 3670 4747 sunt

2106 4803 2442 4874 evangelizat
2457 4792 2804 4868 pauperibus,
2828 4791 3119 4848 cohortans
3137 4804 3231 4846 eos
3251 4787 3315 4842 ad
3338 4785 3516 4842 divina
3539 4801 3664 4855 pro-

2178 5034 2289 5107 (45)
2351 5027 2819 5107 Κατηρζισμένρι
2878 5023 2959 5107 τῷ
3010 5020 3320 5088 πνεύματι.
3379 5015 3667 5071 Ferrarius

2102 5097 2314 5176 legebat
2338 5097 2692 5176 κατηρ’μέγο⁷ιν
2727 5097 2932 5176 clem“;-
3087 5161 3124 5176 ,,
3200 5174 3207 5176 ς
3250 5160 3275 5172 ..
3386 5155 3442 5176 ο,

2175 5155 2435 5249 eam
2850 5155 3669 5249 canar..:m<r9e:_.sistrssse

2103 5227 2282 5301 habet,
2296 5227 2466 5299 codex
2496 5227 2837 5302 Βοιίιθὶυιιιιὲ,
2868 5250 2968 5309 nec
3010 5227 3180 5309 aliter
3214 5227 3669 5309 legisse‘videtur

2592 5293 2652 5365 in
2694 5293 2843 5364 textu
2870 5303 3047 5359 Huetii
3078 5293 3299 5371 legitur:
3354 5294 3446 5349 καὶ
3494 5293 3668 5362 αὐτήν

2104 5404 2218 5450 πως
2249 5382 2342 5439 οὖν
2376 5382 2602 5454 Ἰησρῦν·
2641 5448 2652 5454 ,
2770 5446 2797 5454 _
2831 5447 2869 5454 _
2962 5443 2990 5454 ..
3143 5441 3156 5454 .
3221 5437 3245 5447 .-
3285 5453 3292 5454 ,
3362 5433 3415 5454 at

2172 5432 2660 5529 θνῖὲίαῖἕςῗίῠπὸ
2692 5446 2800 5501 τοῦ
2824 5443 3101 5529 mxima
3124 5437 3315 5529 aeria-
3350 5432 3674 5529 $12-33.???

2101 5503 2283 5584 colica,
2313 5503 2679 5581 EodleiTanus,
2733 5532 2831 5570 nec
2884 5503 3302 5584 aliteuleg'ebat
3350 5503 3668 5584 Ferrarius?

2102 5572 2746 5663 ξέἓᾶἰῖπιᾙῶἕπῖἷάζὼάάτ
2773 5586 2935 5663 Ιιςείο
2951 5593 3005 5639 et
3022 5572 3323 5634 Barbcrino
3351 5574 3546 5645 legitur
3573 5572 3672 5627 καὶ

2101 5668 2160 5722 τὸ
2190 5667 2294 5721 ὑπὸ
2319 5665 2410 5720 τοῦ
2445 5661 2694 5729 Σωτῆρος
2726 5659 2901 5724 ἡμῶνο
