4174 6402
461 275 530 332 59
930 275 937 286 ~
1921 270 2249 328 cuiusuis
3682 286 3747 338 tu

461 393 647 448 missa.
679 391 889 459 Quibus
922 392 1022 462 ιι
1060 406 1192 448 sane
1217 391 1377 446 bonis
1399 391 1936 459 anmmtiationilms,
1965 394 2046 448 vel

2151 394 2314 448 Δαυτδ
2353 394 2481 464 περὶ
2513 394 2620 447 τῶν
2648 396 2964 451 ἀποστόλων
2987 437 3002 458 ,
3040 395 3178 465 τάχα
3223 395 3279 448 δὲ
3329 397 3422 449 καὶ
3456 359 3742 466 εὐαγγελι-

460 484 860 556 apostolorum,
892 487 976 538 vel
1019 485 1332 540 Servaloris
1380 485 1552 541 nostri
1599 485 1800 540 divina:
1829 501 2048 555 quoque

459 587 797 632 attestantur
841 577 1139 648 Scriptura:
1169 594 1182 630 :
1217 577 1384 632 David
1439 578 1587 632 enim
1635 579 1702 632 de
1742 579 2006 648 apostolis
2030 619 2044 642 ,

459 665 715 722 fortassis
737 673 900 721 etiam
929 669 996 722 de
1020 668 1376 737 evaugelistis
1408 669 1481 722 ait
1511 669 1559 700 ⁵⁸
1593 685 1608 722 :
1653 669 1911 724 Dominus
1945 670 2048 722 da-

458 755 532 809 bit
566 759 776 810 verbum
822 759 1306 827 euangelizantibus
1338 759 1537 812 virtute
1573 760 1746 812 multa
1777 778 1796 816 :
1827 776 1921 813 rea:
1947 759 2049 812 eir-

459 852 631 900 tutum
664 848 884 914 dilecti;
913 848 1076 902 simul
1109 850 1276 902 etiam
1311 851 1518 904 docens
1563 865 1668 902 non
1702 849 2050 918 compositio-

459 949 586 992 nem
624 937 941 1002 verborum,
970 952 1076 990 uon
1101 937 1461 1006 prolationem
1491 951 1706 998 vocum,
1732 950 1837 989 non
1861 935 2048 989 elabo-

461 1036 640 1080 ratam
670 1027 941 1081 nrationis
990 1027 1456 1091 pulchritudinem
1489 1028 1558 1080 ad
1612 1027 2045 1095 persuadendum

461 1119 785 1180 conducere,
805 1119 898 1173 sed
913 1119 1134 1174 virtutis
1151 1119 1350 1173 divina:
1367 1119 1880 1188 suppeditationem.
1903 1117 2020 1184 Qua

460 1227 520 1266 re
543 1211 744 1264 Paulus
759 1212 929 1266 etiam
959 1211 1158 1266 alicubi
1189 1211 1233 1243 ⁸¹
1259 1211 1341 1266 sic
1367 1211 1546 1280 inquit
1573 1228 1588 1264 :
1618 1209 1741 1263 Non
1763 1227 2044 1281 agnoscam

457 1319 751 1357 sermonem
779 1304 1003 1356 istorum
1027 1305 1114 1374 qui
1141 1314 1262 1357 sunt
1292 1304 1490 1372 iit/lati,
1519 1305 1608 1357 sed
1637 1305 1904 1357 virtutem.
1936 1301 2048 1355 Nec

458 1395 597 1449 enim
636 1405 712 1448 est
756 1395 812 1448 in
849 1412 1088 1450 sermone
1113 1412 1328 1464 regnum
1375 1396 1492 1456 Dei.
1532 1396 1622 1449 sed
1654 1397 1709 1449 in
1735 1396 1946 1449 virtute.
1982 1395 2050 1449 Et

459 1485 596 1540 alias
617 1487 662 1518 ⁵³
706 1504 718 1536 :
756 1485 942 1539 Sermo
975 1503 1121 1540 meus
1152 1496 1197 1540 et
1223 1487 1538 1556 prtvdicatio
1567 1503 1682 1540 mea
1713 1504 1818 1540 non
1844 1488 1900 1539 in
1923 1503 2046 1554 per-

462 1576 810 1629 suasibilibus
857 1576 1132 1645 sapientia:
1178 1579 1368 1643 verbis,
1397 1578 1488 1632 sed
1522 1579 1576 1630 in
1601 1576 2048 1631 demonstration

2151 484 2294 537 στῶν
2317 483 2492 552 λέγων
2513 502 2524 514 ’
2561 489 2776 552 Κύριος
2811 485 2987 538 δώσει
3011 485 3179 555 [Tum
3215 486 3339 552 τοῖς
3372 487 3733 556 εὐαγγελιζο-

2142 571 2351 640 μένοις
2368 572 2617 642 δυνάμει
2647 574 2850 643 πολλῇ
2866 593 2878 604 ·
2911 579 2942 628 ὁ
2963 576 3265 642 βασιλεὺς
3286 575 3404 630 τῶν
3427 576 3738 647 δυνάμεων

2149 661 2256 716 τοῦ
2277 663 2618 732 ἀγαπητοῦ
2647 665 2763 736 ἅμα
2787 668 2880 720 καὶ
2918 667 3217 730 διδάσκων,
3260 669 3344 721 ὃτι
3391 667 3452 721 οῦ
3491 667 3738 731 σύνθεσις

2149 750 2333 820 λόγου,
2360 754 2456 807 καὶ
2490 755 2738 826 προφορὰ
2760 756 2972 825 φωνῶν,
3000 759 3094 814 καὶ
3116 759 3401 831 ἠσκημένη
3433 759 3740 825 καλλιλεξῑα

2151 844 2303 898 ἀνύει
2334 846 2472 917 πρὸς
2509 847 2571 900 τὸ
2601 846 2833 910 πείθειν,
2863 847 2998 903 ἀλλὰ
3034 850 3317 922 δυνάμεως
3356 851 3508 917 θείας
3554 853 3740 924 ἐπιχο-

2151 938 2338 1008 ρηγία.
2382 940 2584 1012 Διόπερ
2623 941 2719 994 καὶ
2744 943 2774 993 ὁ
2807 942 3019 1008 Παῦλός
3049 961 3152 996 που
3195 945 3330 1015 φησί
3355 962 3369 975 ⁸
3420 945 3737 1016 Γνώσομιιι

2149 1029 2221 1081 οὺ
2253 1028 2360 1082 τόν
2387 1031 2575 1098 ,λόγον
2595 1030 2702 1084 τὸν
2722 1033 3206 1101 πεφυσιωμένων,
3238 1034 3398 1090 ἀλλὰ
3422 1035 3538 1104 τὴν
3558 1035 3740 1092 δύνα-

2149 1137 2251 1186 μιν
2269 1137 2282 1150 ·
2310 1123 2382 1175 οὺ
2423 1123 2536 1191 γὰρ
2579 1122 2650 1176 ἐν
2694 1126 2856 1192 λόγῳ
2880 1125 2919 1191 ἡ
2946 1125 3237 1188 ,ϐασιλεία
3261 1127 3369 1180 τοῦ
3395 1128 3567 1189 Θεοῦ,
3595 1129 3736 1184 ἀλλ’

2148 1211 2218 1264 ἐν
2242 1211 2492 1281 δυνάμει
2515 1230 2529 1244 ο
2558 1213 2654 1266 καὶ
2679 1214 2738 1266 ὲν
2765 1213 2945 1278 ἄλλοις
2965 1231 2979 1245 ⁸
3011 1215 3118 1269 Kal
3155 1219 3188 1269 ό
3225 1219 3409 1287 λόγος
3449 1235 3598 1287 μου,
3637 1225 3736 1272 acut

2151 1302 2218 1356 τὸ
2249 1304 2526 1374 κήρυγμά
2544 1323 2665 1374 μου
2709 1308 2820 1360 οὐκ
2867 1306 2940 1359 ἐν
2986 1307 3210 1374 πειθοῖς
3243 1311 3466 1378 σοφίας
3508 1311 3732 1381 λόγοις,

2148 1395 2288 1449 ἀλλ’
2303 1396 2372 1449 ἐν
2391 1397 2694 1462 ἀποδείξει
2714 1400 3054 1468 πνεύματος
3079 1401 3177 1454 καὶ
3198 1401 3521 1471 δυνάμεως.
3547 1403 3737 1475 Ταύτῃ

2149 1489 2215 1558 τῇ
2242 1488 2469 1558 δυνάμει
2521 1490 2926 1561 μαρτυροῦντες
2970 1492 3000 1544 ό
3050 1493 3232 1563 Σίμων
3282 1494 3378 1546 καὶ
3411 1495 3440 1547 ό
3478 1495 3733 1559 Κλεόπας

2153 1580 2348 1648 φασιν·
2381 1581 2530 1650 Οὐχὶ
2563 1584 2603 1650 ἠ
2645 1583 2861 1649 καρδία
2908 1581 3078 1652 ἡμῶν
3102 1584 3389 1654 καιομένη
3425 1582 3506 1656 ἦν
3548 1587 3619 1640 ἐν
3659 1585 3736 1656 τῇ

455 1666 679 1733 Spiritus
700 1675 748 1720 et
777 1667 1008 1720 virtutis.
1037 1665 1170 1721 iluic
1197 1668 1384 1722 virtuti
1417 1677 1746 1724 attestantes
1775 1668 1965 1724 Simon
1989 1679 2047 1724 et

2159 1673 2280 1740 ὀδῷ
2301 1674 2447 1746 (48),
2488 1675 2570 1741 ὡς
2610 1675 2914 1745 διήνοιγεν
2954 1676 3099 1746 ἡμῖν
3128 1679 3234 1744 τὰς
3263 1679 3543 1748 Tragic;
3583 1683 3646 1734 οἱ
3679 1681 3737 1734 δὲ

459 1761 692 1831 Cleopas
717 1764 908 1818 dicunt
937 1763 1026 1816 "z
1063 1763 1254 1818 Nonne
1296 1781 1390 1818 cor
1425 1775 1666 1820 nostrum
1712 1769 1904 1822 ardens
1931 1778 2046 1822 erat

2151 1744 2457 1829 ὰτιόστολοι,
2488 1767 2611 1820 ἐπεὶ
2630 1767 2726 1820 καὶ
2761 1744 3006 1839 ποσότης-
3029 1769 3148 1822 ἐστὶ
3174 1744 3456 1840 δυνάμεως
3479 1744 3738 1843 ἐπιχορη-

456 1855 518 1910 in
543 1857 651 1918 uia.
678 1872 796 1909 cum
827 1856 1092 1911 reserabat
1118 1858 1268 1911 nobis
1301 1855 1652 1926 Scriptores?
1685 1858 1888 1914 Verum
1915 1875 2050 1930 apo-

2151 1857 2419 1928 γουμένης
2439 1858 2544 1912 ὑπὸ
2581 1859 2719 1912 Θεοῦ
2748 1859 3085 1930 διαφέρουσα
3113 1863 3226 1925 τοῖς
3265 1861 3514 1931 λέγουσιν
3533 1902 3550 1928 ,
3589 1859 3737 1934 εἶχον

461 1947 610 2012 stoli,
651 1949 779 2017 quia
837 1949 1115 2016 quantitas
1161 1950 1385 2004 virtutis
1413 1966 1443 2002 a
1477 1949 1587 2004 Deo
1617 1951 2047 2020 prmdicantibus

2151 1949 2290 2002 κατᾶ
2317 1949 2378 2002 τὸ
2429 1949 2580 2022 παρὰ
2618 1950 2698 2022 τῷ
2735 1949 2897 2004 Δαυῒδ
2928 1949 3251 2020 λεγόμενονα
3299 1953 3514 2020 Κύριος
3554 1951 3736 2006 δώσει

457 2041 820 2110 suppeditata:
847 2049 934 2095 est
962 2050 1259 2110 prazsttms,
1314 2042 1541 2096 multam
1585 2041 1831 2096 habuere
1872 2043 2047 2096 virtu—

2151 2041 2310 2111 ῥῆμα
2331 2041 2456 2108 τοῖς
2481 2041 3029 2112 εὐαγγελιζομένως
3053 2042 3303 2112 δυνάμει
3324 2043 3527 2112 πολλῇ
3546 2083 3562 2107 ,
3610 2043 3740 2098 πολ-

459 2141 570 2185 tem
591 2129 746 2198 juxta
773 2131 903 2187 illud
937 2133 1083 2202 quod
1112 2136 1256 2203 apud
1295 2135 1554 2189 Davidem
1585 2134 1794 2188 dicitur
1821 2134 1870 2166 “
1899 2152 1914 2188 :
1943 2134 2052 2188 Do-

461 2226 633 2277 minus
677 2225 824 2277 tlabit
857 2226 1073 2278 verbum
1101 2226 1589 2295 euangelizantibus
1631 2228 1832 2282 virtute
1851 2229 2046 2284 multa.

458 2313 631 2368 Porro
664 2310 856 2375 Isaias,
901 2331 1026 2369 cum
1076 2315 1356 2372 diceret“
1393 2333 1408 2371 :
1449 2318 1622 2384 Quam
1673 2321 1882 2388 pulchri
1927 2332 2052 2375 sunt

457 2409 616 2474 pedes
646 2405 1124 2476 euangelizandum
1167 2409 1324 2475 bona,
1359 2411 1804 2479 praedicationem
1841 2411 2050 2467 intelli-

459 2512 596 2568 gens
625 2498 993 2568 apostolorum
1024 2509 1294 2556 maturam
1313 2542 1330 2567 ,
1349 2510 1406 2558 et
1426 2503 1478 2556 in
1503 2511 1741 2574 tempore
1763 2508 1924 2572 atque
1953 2519 2050 2574 op-

461 2601 695 2662 portune
723 2591 943 2658 factam,
983 2593 1112 2648 dum
1143 2595 1196 2648 in
1221 2609 1288 2650 eo
1324 2597 1430 2650 iter
1453 2595 1662 2650 faciunt
1683 2598 1775 2666 qui
1810 2597 2046 2652 dixit":

460 2679 576 2753 Ego
625 2701 740 2739 sum
787 2686 894 2749 uia,
941 2685 1130 2743 laudat
1181 2689 1349 2757 pedes
1409 2688 1722 2746 incedentes
1769 2706 1868 2760 per
1901 2691 2048 2744 viam

459 2775 664 2833 Christi
693 2778 843 2846 Jesu,
871 2779 1349 2851 iugredientesque
1372 2799 1472 2853 per
1499 2785 1700 2838 ostium
1736 2785 1804 2838 ad
1851 2785 2044 2838 Deum.

462 2867 653 2940 Itaque
691 2873 832 2927 bona
865 2873 1250 2943 evangelizant
1292 2875 1396 2940 illi,
1441 2890 1678 2945 quorum
1721 2878 1888 2947 pedes
1924 2885 2054 2932 sunt

461 2963 672 3034 pulchri
701 2963 866 3035 [bona
919 2966 1192 3039 inquam],
1223 2967 1434 3022 scilicet
1456 2966 1666 3023 Jesum.

2149 2128 2246 2201 λὴν
2309 2127 2556 2202 δύναμιν.
2623 2134 2863 2196 Ἠσαῖας
2905 2133 2962 2187 δὲ
2995 2133 3246 2202 φάσκων·
3309 2135 3403 2201 Ὡς
3438 2133 3634 2204 ὼμιῖοι
3682 2138 3738 2190 ot

2149 2223 2332 2289 πόδες
2353 2223 2472 2277 τῶν
2483 2223 3026 2295 εὐαγγελιζομένων
3059 2226 3269 2294 ἀγαθὰ,
3310 2227 3372 2279 τὸ
3403 2227 3604 2298 ὡραῖον
3644 2227 3737 2280 καὶ

2150 2315 2208 2367 ὲν
2250 2311 2427 2384 καιρῷ
2471 2315 2756 2384 γινόμενον
2803 2314 2913 2368 τῶν
2953 2316 3268 2370 ἀποστόλων
3313 2315 3605 2372 ὁδευόντων
3645 2317 3738 2370 τὸν

2150 2406 2404 2458 εἰπόντα·
2452 2404 2593 2474 Ἐγώ
2623 2408 2742 2474 εἰμι
2765 2407 2804 2474 ἡ
2840 2406 3001 2474 ὁδὸς,
3036 2409 3300 2478 κήρυγμα
3333 2410 3550 2479 νοήσας,
3579 2410 3738 2462 ἐπαι-

2150 2500 2232 2551 νεῖ
2257 2497 2427 2561 πόδας
2447 2499 2576 2562 τοὺς
2605 2497 2696 2552 διὰ
2713 2499 2814 2569 τῆς
2855 2500 3058 2570 νοητῆς
3106 2500 3228 2554 ὁδοῦ
3271 2500 3508 2573 Χριστοῦ
3561 2502 3738 2572 Ἰησοῦ

2153 2588 2486 2660 βαδίζοντας.
2517 2589 2608 2643 διά
2629 2607 2688 2643 τε
2710 2591 2812 2661 τῆς
2827 2590 2997 2664 θύρας
3015 2593 3282 2658 εἰσιόντας
3315 2593 3451 2664 πρὸς
3475 2593 3566 2647 τόν
3580 2593 3734 2647 Θεόν·

2151 2682 2331 2752 ἀγαθὰ
2352 2682 2409 2736 δὲ
2441 2682 2888 2752 εὐαγγελίζονται
2910 2680 3058 2738 οὗτοι
3084 2679 3160 2740 ὧν
3181 2686 3371 2758 ὼραῖοὶ
3400 2688 3537 2740 εἰσιν
3561 2689 3611 2740 ol
3638 2687 3738 2742 πό-

2151 2773 2260 2838 δες,
2305 2773 2396 2827 τὸν
2447 2774 2676 2846 Ἰησοῦν.

535 3077 626 3132 11.
647 3075 758 3134 Nec
781 3079 1009 3134 miretur
1033 3081 1306 3150 quispiam
1333 3079 1377 3134 si
1405 3081 1626 3135 nomine
1658 3081 1923 3136 bonorum
1947 3097 2050 3136 nn-

2227 3073 2313 3127 11.
2351 3073 2460 3126 Kal
2481 3073 2556 3144 μὴ
2577 3072 2833 3144 θαυμάσῃ
2859 3090 2944 3137 τις
2969 3072 3015 3126 εἰ
3041 3072 3388 3146 πληθυντικῷ
3415 3074 3638 3146 ὀνόματι
3663 3074 3739 3144 τῷ

465 3187 617 3227 mero
646 3172 1007 3227 multitudinis
1028 3173 1384 3242 exposuimus
1415 3174 1730 3228 annnntiari
1761 3173 1952 3229 Jesum
1983 3178 2052 3232 ab

465 3264 970 3335 evangelizantibus
1015 3281 1030 3320 :
1075 3267 1340 3336 expositis
1395 3266 1544 3322 enim
1606 3267 1768 3321 rebus
1823 3267 2048 3322 nomina

467 3357 814 3422 habentibus,
848 3357 1046 3428 quibus
1070 3358 1165 3412 Dei
1205 3358 1379 3414 Filius
1409 3369 1778 3428 nuncupatur,
1807 3361 2046 3416 sciemus

465 3448 736 3518 quomodo
769 3449 938 3502 multa
967 3449 1108 3503 bona
1143 3449 1215 3503 sit
1242 3447 1424 3514 Jesus,
1459 3465 1620 3520 quem
1651 3451 1988 3506 anuuntiaut
2014 3453 2050 3506 ii

465 3555 696 3610 quorum
731 3541 963 3606 speciosi
991 3550 1121 3594 sunt
1154 3542 1482 3611 pedes.Vita
1521 3544 1721 3598 bonum
1747 3553 1831 3599 est
1861 3558 2050 3608 unum,

462 3643 521 3688 at
539 3632 700 3690 Iesus
721 3643 806 3690 est
836 3634 971 3688 vita.
993 3633 1202 3690 Bonum
1231 3634 1460 3691 alterum
1491 3634 1580 3690 lux
1609 3646 1694 3690 est
1731 3635 1940 3703 mundi,
1959 3637 2049 3689 lux

468 3740 620 3790 vera,
648 3725 741 3780 lux
769 3727 1070 3780 hominum.
1098 3727 1169 3781 At
1207 3726 1322 3781 haec
1349 3727 1532 3782 omnia
1560 3729 1768 3782 dicitur
1809 3743 1933 3782 esse
1961 3725 2055 3781 Fi-

474 3817 584 3871 lius
622 3817 742 3872 Dei.
771 3817 852 3873 Ad
889 3818 1026 3882 bmc,
1055 3827 1416 3890 prazterquam
1442 3821 1585 3889 quod
1614 3823 1722 3875 vita
1736 3829 1792 3876 et
1824 3821 1916 3875 lux
1943 3830 2050 3886 est,

471 3907 618 3964 aliud
653 3910 821 3962 etiam
850 3918 936 3962 est
975 3908 1176 3964 bonum
1203 3950 1219 3974 ,
1258 3911 1410 3980 juxta
1453 3912 1922 3968 considerationes
1955 3929 2054 3970 no-

2151 3168 2262 3222 τῶν
2293 3167 2512 3237 ἀγαθῶν
2529 3167 2618 3220 τὸν
2651 3167 2858 3238 Ἰησοῦν
2879 3167 3244 3240 ὲξειλήφαμεν
3267 3167 3735 3236 εὐαγγελίζεσθαι·

2155 3259 2477 3322 ὲκλαόόντες
2514 3257 2624 3330 γὰρ
2667 3258 2738 3311 τὰ
2772 3260 3075 3331 πράγματα
3119 3259 3242 3313 καθ’
3274 3253 3351 3313 ὧν
3388 3258 3455 3313 τὰ
3498 3259 3741 3329 ὀνόματα

2155 3355 2329 3406 κεῖται
2353 3351 2388 3406 ἃ
2415 3353 2443 3405 6
2463 3351 2589 3414 Υἱὸς
2621 3351 2712 3404 τοῦ
2743 3351 2880 3404 Θεοῦ
2906 3350 3251 3422 ὀνομάζεται,
3281 3353 3589 3424 συνήσομεν
3619 3350 3734 3414 πῶς

2158 3445 2327 3500 πολλὰ
2354 3443 2536 3514 ἀγαθά
2563 3445 2710 3498 ἐστιν
2752 3443 2982 3514 Ἰησοῦς,
3015 3443 3076 3498 ὃν
3108 3444 3547 3514 εὐαγγελίζονται
3589 3436 3736 3497 οῦτοι

2155 3531 2230 3592 ὧν
2267 3538 2460 3609 ὡραῖοί
2493 3539 2630 3591 εἰσιν
2666 3538 2720 3590 oi
2745 3536 2906 3600 πόδες
2927 3553 2941 3566 ·
2971 3535 3028 3590 ἓν
3061 3537 3160 3607 μὲν
3207 3536 3316 3608 γὰρ
3351 3535 3555 3604 ἀγαθὸν
3599 3534 3735 3606 ζωὴν

2168 3629 2377 3701 Ἰησοῦς
2409 3630 2467 3684 δὲ
2500 3628 2635 3700 ζωή.
2661 3629 2772 3681 Kal.
2799 3628 2985 3698 ἕτερον
3015 3628 3221 3697 ἀγαθὸν
3248 3627 3363 3696 φῶς
3391 3627 3485 3680 τοῦ
3507 3626 3737 3697 κόσμου,

2157 3723 2274 3792 φῶς
2318 3723 2585 3793 τυγχάνον
2635 3719 2908 3790 ἀληθινὸν,
2954 3719 3049 3774 καὶ
3093 3719 3211 3788 φῶς
3251 3719 3361 3772 τῶν
3401 3717 3736 3790 ἀνθρώπων·

2156 3817 2300 3888 ἅπερ
2327 3815 2507 3870 πάντα
2536 3816 2565 3868 6
2599 3814 2727 3878 Υἱὸς
2760 3807 2898 3866 εἶναι
2923 3811 3140 3882 λέγεται
3166 3813 3259 3866 τοῦ
3281 3812 3438 3869 Θεοῦ.
3466 3813 3578 3867 Καὶ
3610 3811 3738 3867 ἄλλο

2155 3907 2359 3977 ἀγαθὸν
2389 3908 2510 3962 κατ’
2536 3905 2780 3960 ἐπίνοιαν
2813 3904 2966 3976 παρὰ
2992 3905 3088 3977 τὴν
3123 3906 3267 3979 ζωὴν
3295 3907 3388 3960 καὶ
3418 3906 3480 3960 τὸ
3519 3906 3666 3978 φῶς,
3703 3908 3736 3975 ἡ

466 4009 637 4065 stras,
660 3999 865 4054 veritas
890 3999 1122 4056 scilicet.
1147 3999 1358 4056 Rursus
1375 4011 1462 4057 est
1481 4002 1628 4058 aliud
1662 4005 1887 4068 bonum,
1908 4007 2051 4075 quod

2154 3999 2403 4071 ἀλήθεια.
2457 3999 2568 4052 Καὶ
2615 3997 2874 4069 τέταρτον
2929 3998 3080 4068 παρὰ
3104 3997 3279 4053 ταῦτα
3325 4001 3359 4071 ἡ
3403 4000 3497 4052 ἐπὶ
3533 3997 3739 4069 ταύτην

467 4101 557 4146 est
596 4100 852 4159 quartum
881 4093 1109 4158 borium,
1141 4108 1335 4163 nempe
1363 4094 1472 4160 via,
1505 4109 1626 4164 quae
1650 4095 1716 4150 ad
1747 4096 1862 4150 haec
1908 4096 2050 4150 bona

2157 4092 2397 4164 φέρουσα
2427 4090 2564 4154 ὁδός.
2609 4090 2789 4160 "Amp
2821 4089 2998 4143 πάντα
3019 4093 3048 4143 6
3081 4091 3273 4162 Σωτὴρ
3301 4091 3458 4162 ἡμῶν
3497 4091 3738 4148 διδάσκει

472 4200 572 4240 nos
593 4184 883 4240 conducat.
919 4185 1042 4240 llaec
1072 4196 1255 4240 autem
1289 4188 1475 4241 omnia
1522 4186 1787 4242 Servator
1813 4189 2051 4257 seipsqu

2157 4181 2349 4235 ἑαυτὸν
2379 4178 2518 4234 εἶναι
2541 4179 2716 4248 λέγων
2737 4196 2750 4209 ·
2791 4179 2930 4249 Ἐγώ
2949 4183 3064 4249 εἰμι
3094 4182 3132 4248 ἡ
3156 4181 3328 4247 ὁδὸς,
3369 4182 3466 4234 καὶ
3504 4185 3544 4251 ἡ
3587 4184 3738 4250 ἀλή-

467 4291 594 4334 esse
622 4279 801 4345 docet,
833 4279 1088 4333 dicens"
1119 4297 1132 4334 :
1167 4279 1278 4350 Ego
1315 4296 1432 4334 sum
1457 4280 1564 4345 via,
1596 4281 1790 4334 veritas
1846 4290 1894 4334 et
1921 4283 2048 4338 vita.

2159 4277 2310 4337 θεια,
2333 4274 2431 4327 καὶ
2462 4273 2501 4341 ἡ
2533 4271 2663 4339 ζωή.
2691 4271 2816 4335 Πῶς
2842 4271 2898 4325 δὲ
2931 4272 3031 4325 οὐκ
3062 4273 3265 4341 ἀγαθὸν
3314 4274 3374 4327 τὸ
3412 4277 3740 4345 ἀποτιναξά-

471 4371 753 4436 Quomodo
781 4381 962 4425 autem
989 4386 1092 4426 non
1123 4373 1324 4427 bonum
1349 4381 1432 4426 est
1454 4387 1743 4444 resurgere
1777 4372 2051 4428 hominem

2162 4382 2321 4438 μενον
2345 4365 2441 4418 τὸν
2471 4363 2597 4435 χοῦν
2629 4365 2724 4418 καὶ
2751 4366 2851 4437 τὴν
2875 4366 3178 4437 νεκρότητα
3205 4367 3506 4438 ἀναστῆναι
3547 4371 3738 4424 τούτου

469 4473 700 4516 excusso
717 4460 938 4530 pulvere
969 4472 1022 4516 et
1051 4462 1521 4532 lzmortalitate,
1542 4464 1799 4535 hocquea
1827 4465 2051 4520 Domino

2158 4431 2503 4527 auem-:5
2531 4456 2641 4510 ἀπὸ
2669 4455 2764 4509 τοῦ
2799 4431 3030 4527 Κυρίοῦ,
3067 4431 3202 4511 καθὸ
3235 4431 3531 4524 ἀνάστασίς
3569 4462 3736 4524 ἐστιν,

476 4553 694 4622 assequi
724 4554 1022 4608 secundum
1071 4555 1213 4623 quod
1261 4557 1378 4624 ipse
1416 4553 1577 4610 Iesus
1605 4565 1691 4611 est
1724 4557 2051 4613 resurrectio

2159 4549 2219 4612 ὃς
2235 4547 2330 4602 καί
2366 4564 2528 4618 φησιν
2547 4564 2560 4578 ·
2603 4547 2744 4618 Ἐγώ
2768 4550 2884 4618 ειμι
2903 4550 2942 4618 ἠ
2969 4548 3339 4617 ἁνάστασις;
3395 4551 3554 4606 Ἀλλὰ
3581 4553 3675 4606 καὶ
3704 4555 3737 4623 ἡ

473 4646 564 4718 qui
591 4647 758 4702 etiam
805 4647 987 4716 inquit
1018 4665 1032 4702 :
1065 4647 1180 4718 Ego
1211 4665 1328 4702 sum
1366 4651 1682 4704 resurrectio
1714 4649 1802 4702 “7
1830 4649 1968 4718 Quin
1999 4659 2051 4705 et

2159 4639 2322 4714 θύρα,
2355 4639 2422 4693 δι’
2445 4636 2514 4712 ἦς
2549 4656 2634 4704 τις
2667 4641 2747 4704 εἰς
2777 4641 2876 4710 τὴν
2903 4640 3078 4712 ἄκραν
3120 4641 3426 4712 εἰσέρχεται
3472 4645 3740 4715 μακαριό-

474 4739 672 4794 ostium
698 4739 887 4803 etiam,
937 4756 1030 4810 per
1067 4743 1210 4811 quod
1243 4741 1310 4795 ad
1341 4756 1613 4795 summam
1662 4743 2051 4797 beatitudinem

2159 4747 2318 4802 τητα,
2341 4731 2544 4800 ἀγαθόν
2561 4747 2574 4763 ·
2593 4733 2622 4784 6
2646 4731 2704 4784 δὲ
2726 4731 2957 4803 Χριστός
2983 4749 3172 4802 φησιν’
3206 4732 3346 4803 Ἐγώ
3363 4734 3481 4803 εὶμι
3504 4735 3542 4801 ἡ
3567 4735 3738 4802 θύρα.

474 4829 600 4898 quis
647 4829 972 4899 ingreditur,
1024 4841 1109 4886 est
1143 4833 1368 4886 bonum.
1419 4834 1490 4885 At
1541 4831 1797 4886 Christus
1823 4832 2051 4900 inquit:

2161 4824 2227 4877 Ti
2263 4825 2321 4879 δὲ
2347 4825 2429 4878 δεῖ
2451 4825 2579 4898 περὶ
2611 4826 2801 4894 σοφίας
2828 4826 3027 4895 λέγειν,
3049 4826 3129 4894 ἢν
3153 4827 3396 4882 ἔκτισεν
3415 4831 3447 4882 ό
3471 4829 3615 4896 Θεὸς
3643 4831 3745 4898 ἀρ-

479 4917 594 4990 Ego
620 4936 736 4974 sum
767 4921 961 4976 ostium
985 4923 1052 4980 ".
1082 4923 1219 4990 Quid
1252 4939 1382 4978 vero
1404 4940 1540 4992 opus
1571 4935 1656 4978 est
1688 4923 1852 4979 verba
1881 4926 2051 4980 facere

2173 4917 2296 4987 χὴν
2331 4917 2476 4972 ὀδόν
2507 4917 2695 4971 αὑτοῦ
2719 4921 2808 4984 εις
2835 4919 2979 4988 ἔργα
2997 4919 3205 4984 αὐτοῦ,
3312 4920 3674 4992 προσέχαιρεν
3715 4922 3741 4974 ό

478 5011 546 5066 de
575 5012 872 5081 sapientia,
901 5029 1058 5082 quam
1093 5015 1332 5069 condidit
1373 5015 1512 5071 Deus
1560 5017 1617 5071 in
1659 5017 1808 5070 initio
1851 5017 2051 5072 uiarum

2167 5007 2356 5079 Πατὴρ
2374 5007 2564 5079 αὐτῆς,
2587 5009 3070 5080 ὲνευφραινόμενος
3084 5009 3162 5081 τῷ
3184 5010 3547 5083 πολυποικίλῳ
3571 5013 3740 5084 νοητῷ

477 5121 695 5158 suarum
724 5105 778 5158 in
807 5122 962 5175 opera
991 5123 1088 5161 sua
1102 5108 1289 5179 “,qua
1315 5108 1654 5178 adgaudebat
1672 5109 1834 5164 Pater
1863 5110 2051 5179 ipsius,

2166 5101 2351 5156 κάλλει
2377 5102 2570 5172 αὐτῆς,
2620 5103 2725 5156 ὑπὸ
2765 5102 2971 5175 νοητῶν
3007 5103 3303 5174 ὀφθαλμῶν
3333 5103 3511 5174 μόνων
3546 5105 3716 5176 βλεπο

478 5196 785 5254 oblectatus
836 5199 890 5254 in
927 5199 1220 5256 multifaria
1257 5201 1428 5272 ipsius
1453 5200 1860 5272 pulchritudine
1893 5202 2051 5258 intel-

2167 5195 2332 5268 μένῳ,
2357 5196 2452 5249 καὶ
2475 5198 2554 5260 εἰς
2582 5196 2762 5268 ἔρωτα
2791 5201 2884 5250 τὸν
2909 5197 2970 5250 τὸ
2991 5196 3132 5252 θεῖον
3149 5197 3342 5262 κάλλος
3379 5198 3744 5253 κατανοοῦντα

482 5289 694 5358 ligibili,
747 5307 868 5362 quae
899 5292 1032 5348 solis
1068 5292 1530 5349 intellectualibus
1573 5293 1748 5348 oculis
1789 5295 2051 5357 cernitur.

2161 5288 2409 5360 οὐράνιον
2433 5287 2922 5361 προσκαλουμένῳ;
2975 5288 3203 5358 Ἀγαθὸν
3231 5290 3339 5363 γὰρ
3370 5291 3405 5363 ἠ
3453 5291 3615 5362 σοφία
3650 5289 3743 5344 τοῦ

553 5444 600 5476 ’⁸
633 5443 776 5501 Psal.
807 5462 975 5511 van.
1009 5446 1098 5512 12,
1129 5448 1218 5502 15.
1301 5446 1346 5480 ⁸¹
1375 5446 1393 5500 1
1429 5446 1556 5502 Cor.
1593 5463 1668 5508 Iv.
1693 5447 1778 5514 19,
1805 5447 1898 5504 20.

482 5513 530 5547 ⁸⁵
558 5515 660 5570 Isa.
691 5533 785 5584 ιιι,
820 5519 896 5586 7;
929 5519 1086 5572 Rom.
1119 5534 1176 5581 χ,
1209 5517 1295 5572 15.
1381 5517 1427 5549 ⁸⁸
1453 5519 1610 5572 Joan.
1653 5535 1762 5584 xiv,
1792 5521 1846 5574 6.
1925 5520 1970 5552 "
2011 5521 2147 5577 ibid.

1996 5451 2042 5482 “
2077 5450 2246 5506 lCor.
2281 5460 2345 5506 ιι,
2377 5445 2434 5502 4.
2513 5445 2561 5477 ⁸³
2591 5445 2726 5500 Luc.
2763 5461 2914 5511 xxiv,
2957 5445 3046 5500 32.
3145 5447 3192 5480 ”
3233 5447 3376 5502 Psal.
3419 5463 3610 5510 vam.
3653 5449 3740 5502 1?.

2239 5516 2285 5549 ⁵⁸
2309 5517 2467 5571 .Ioau.
2511 5532 2585 5576 xl.
2610 5517 2704 5570 25-
2772 5519 2816 5548 δ’
2846 5517 3004 5572 Joan.
3035 5535 3090 5583 ι,
3118 5519 3172 5574 9.
3245 5519 3290 5550 ⁸⁸
3315 5520 3478 5576 Prov.
3508 5535 3624 5585 vnt,
3648 5520 3741 5573 ‘22.

557 5670 667 5744 (68)
696 5673 987 5741 Καιομένή
1013 5673 1092 5741 ἦν
1113 5674 1182 5726 ἐν
1207 5673 1278 5741 τῇ
1306 5673 1444 5738 ὁδῷ.
1472 5673 1651 5730 Codex
1693 5675 1893 5747 Regius
1934 5693 2051 5732 καιο

490 5738 556 5796 ἦν
594 5741 649 5792 ἐν
671 5746 797 5796 ἡμῖν
823 5764 895 5796 tu:
917 5744 1092 5796 ἐλάλει
1119 5747 1245 5796 ἡμῖν
1275 5748 1328 5796 ὲν
1352 5747 1413 5796 si"!
1435 5745 1559 5796 ὁδῶ.

2151 5693 2196 5746 νη
2222 5671 2289 5747 ἦν
2333 5679 2389 5731 ἐν
2434 5677 2562 5747 ἡμῖν
2596 5680 2660 5749 τῇ
2689 5677 2813 5750 ὁδῷ.
2849 5679 3158 5753 chcudmn
3191 5684 3425 5751 videtur,
3481 5687 3739 5759 καιομένη

487 5757 556 5812 ην
594 5757 649 5792 εν
671 5757 797 5813 mm
823 5764 895 5807 ως
917 5757 1092 5798 statua.
1119 5757 1245 5815 ημιν
1275 5757 1328 5798 εν
1352 5757 1414 5812 τῇ
1435 5757 1560 5815 ὁδῳ.
