4174 6434
377 400 436 455 ιι
1455 397 1809 453 COMMENT.
1853 395 1918 449 lN
1954 393 2144 451 JOAN.
2186 394 2425 451 TOMUS
2461 395 2503 449 1.
3561 400 3633 454 ιε

372 522 530 587 Θεοῦ,
556 522 693 594 ὅπερ
737 523 873 593 μετά
914 522 1022 576 τῶν
1065 521 1475 593 προειρημένων
1519 518 1952 588 εὐαγγελίζονται

2058 532 2285 587 quaeque
2317 517 2752 572 considerantem
2794 515 3033 570 divinam
3078 517 3534 588 pulchritudinem
3563 522 3630 576 ad

372 609 446 669 ὧν
470 614 662 685 ὡραῖοι
699 615 746 666 οξ
780 614 961 677 πόδες.
1018 613 1178 666 Ἀλλά
1227 614 1321 667 καὶ
1359 614 1392 683 ἡ
1426 611 1651 682 δύναμις
1689 610 1782 663 τοῦ
1812 610 1947 664 Θεοῦ

371 707 470 778 ἤδη
503 706 689 774 ὃγδοον
727 706 859 776 ἡμῖν
893 706 1093 774 ἀγαθὸν
1133 704 1509 772 καταλέγεται,
1553 704 1692 773 ἥτις,
1720 704 1866 756 ἐστὶν
1920 705 1949 755 6

373 796 626 869 Χριστός.
669 797 745 849 Οὐ
794 797 1096 865 σιωπητέον
1133 796 1188 849 δὲ
1227 796 1348 849 οὐδὲ
1393 796 1484 849 τὸν
1523 794 1661 865 μετὰ
1704 795 1794 848 τὸν
1833 795 1947 848 Πα-

374 887 508 961 τέρα
537 886 647 959 (49)
674 887 782 941 τῶν
809 888 944 942 ὅλων
966 888 1097 941 Θεὸν
1123 889 1293 956 Λόγον
1315 904 1328 917 ο
1353 886 1567 950 οὐδενὸς
1591 887 1700 957 γὰρ
1730 886 1949 939 ἔλαττον

373 978 577 1049 ἀγαθοῦ
620 979 717 1034 καὶ
748 978 907 1032 τοῦτο
944 980 1004 1032 τὸ
1047 979 1268 1048 ἀγαθόν.
1314 979 1590 1051 Μακάριοι
1631 980 1726 1049 μὲν
1775 976 1868 1033 οὖν
1901 982 1948 1032 οἱ

373 1070 720 1141 χωρήσαντες
749 1068 921 1123 ταῦτα
950 1068 1018 1121 τὰ
1038 1067 1238 1137 ἀγαθὰ,
1269 1068 1362 1122 καὶ
1394 1068 1826 1141 παραδεξάμενοι
1842 1071 1950 1124 άπὸ

250 1168 257 1175 ’
372 1161 481 1213 τῶν
502 1161 720 1232 ὡραίων
766 1160 892 1224 τούς
915 1160 1082 1224 πόδας
1122 1160 1213 1213 καί
1256 1160 1757 1231 εὐαγγελιζομένων
1789 1162 1949 1218 αὐτά.

373 1252 519 1322 Πλὴν
539 1250 641 1305 κᾶν
668 1251 953 1323 Κορίνθιός
983 1268 1069 1315 τις
1104 1250 1199 1317 ὢν,
1236 1253 1512 1324 κρίνοντος
1547 1253 1762 1307 Παύλου
1801 1254 1951 1306 οὐδὲν

374 1344 572 1398 εἰδέναι
617 1344 748 1416 παρ’
794 1342 944 1414 αὐτῷ
999 1344 1032 1415 ἢ
1099 1343 1305 1415 Ἰησοῦν
1348 1345 1602 1416 Χριστὸν,
1643 1348 1736 1399 καὶ
1764 1345 1951 1399 τοῦτον

370 1436 788 1507 ἐσταυρωμένον
814 1475 829 1500 ,
856 1436 948 1489 τὸν
969 1435 1038 1489 δι’
1059 1437 1205 1506 ἡμᾶς
1227 1435 1511 1507 ἄνθρωπον
1538 1438 1822 1509 μανθάνων
1849 1454 1954 1492 πα-

379 1526 668 1599 ραδέξηται
698 1527 766 1580 τά
795 1528 854 1581 ὲν
888 1528 1029 1600 ἀρχῇ
1062 1526 1172 1581 τῶν
1195 1527 1414 1597 ἀγαθῶν
1449 1529 1562 1600 (50)
1606 1530 1814 1598 γίνεται
1848 1532 1954 1584 ὐπὸ

371 1618 466 1672 τοῦ
500 1618 788 1690 ἀνθρώπου
829 1620 1003 1691 Ἰησοῦ
1036 1619 1320 1692 ἄνθρωπος
1344 1621 1629 1692 γινόμενος
1656 1621 1813 1685 Θεοῦ,
1859 1624 1953 1676 καὶ

374 1710 483 1763 ἀπὸ
502 1710 596 1764 τοῦ
627 1711 858 1765 Θανάτου
890 1712 1055 1766 αὐτοῦ
1075 1714 1435 1786 ἀποθνήσκων
1456 1717 1520 1785 τῇ
1551 1715 1820 1786 ἁμαρτίᾳο
1859 1716 1958 1769 καὶ

375 1802 485 1872 γὰρ
516 1802 771 1867 ἐκεῖνος,
789 1803 820 1856 ὃ
864 1805 1127 1859 ἀπέθανε
1172 1805 1245 1875 τῇ
1315 1807 1589 1875 ἁμαρτίᾳ,
1655 1808 1955 1862 ἀπέθανεν

371 1892 642 1963 ἐφάπαξ·
689 1895 797 1948 ἀπὸ
840 1895 897 1948 δὲ
920 1896 1019 1966 τῆς
1049 1895 1193 1967 ζωῆς
1217 1873 1413 1961 αὐτοῦ,
1456 1897 1579 1949 ἐπεὶ
1604 1898 1633 1949 ὁ
1676 1895 1882 1967 Ἰησοῦς
1924 1897 1953 1950 δ
1984 1873 2026 1928 Β

373 1983 463 2054 ζῇ»
490 1983 556 2055 ζῇ
584 1984 660 2051 τῷ
674 1983 814 2055 θεῷ,
839 1988 945 2050 πᾶς
969 1987 999 2037 ὁ
1025 1986 1345 2059 σύμμορφος
1372 1986 1662 2058 γενόμενος
1688 1985 1791 2056 τῆς
1819 1988 1952 2040 ἀνα-

375 2076 617 2141 στάσεως
650 2077 836 2142 αὐτοῦ,
872 2078 1139 2150 λαμϐάνει
1167 2081 1226 2133 τὸ
1252 2079 1352 2151 ζῇν
1378 2078 1457 2150 τῷ
1485 2080 1621 2150 Θεῷ.
1658 2080 1755 2144 Τίς
1787 2080 1845 2134 δὲ
1875 2080 1954 2134 δι-

375 2170 557 2237 στάξει
584 2172 632 2224 εἰ
651 2170 1097 2243 αὐτοδικαιοσύνη
1120 2173 1324 2241 ἀγαθόν
1352 2175 1488 2239 ἐστι,
1532 2174 1628 2227 καὶ
1656 2174 1952 2242 αὐτοαγια-

373 2261 529 2332 σμὸς,
564 2263 659 2315 mi.
685 2263 1228 2335 αὐτοαπολύτρωσις;
1266 2266 1408 2337 ἅπερ
1439 2266 1534 2319 καὶ
1582 2265 1719 2320 αὐτὰ
1757 2269 1804 2319 οἱ
1847 2267 1952 2337 Ἰη-

372 2351 500 2406 σοῦν
521 2353 995 2424 εὐαγγελιζόμενοι
1032 2356 1494 2425 εὐαγγελίζονται,
1521 2356 1771 2424 λέγοντες
1790 2358 1953 2412 αὐτὸν

370 2445 654 2513 γεγονέναι
691 2448 815 2518 ἡμῖν
847 2447 1191 2519 δικαιοσύνην
1215 2448 1324 2502 ἀπὸ
1347 2447 1505 2512 Θεοῦ,
1538 2450 1631 2502 καὶ
1662 2449 1951 2520 ἁγιασμὸν,

373 2537 469 2589 καὶ
494 2520 892 2609 ἀπολύτρωσιν.
932 2539 1208 2610 Παρέσται
1238 2539 1299 2593 δὲ
1338 2539 1447 2594 ἀπὸ
1487 2540 1692 2594 τούτων
1733 2541 1845 2611 (Si)
1883 2541 1955 2594 τὰ

372 2632 734 2702 γεγραμμένα
757 2632 885 2703 περὶ
915 2632 1080 2685 αὐτοῦ
1110 2630 1576 2704 δυσεξαρίθμητα,
1618 2634 1953 2704 παριστάντα

374 2723 491 2785 πῶς
537 2722 743 2793 πλῆθος
779 2723 999 2792 ἀγαθῶν
1029 2724 1177 2777 ἐστιν
1220 2723 1446 2794 Ἰησοῦς,
1486 2724 1594 2777 ἀπὸ
1624 2725 1731 2778 τῶν
1774 2724 1955 2789 δυσεξ-

369 2814 693 2886 αριθμήτων
739 2817 834 2869 καὶ
871 2817 1271 2888 γεγραμμένων
1316 2815 1813 2888 καταστοχάζεσθαι
1843 2817 1951 2870 τῶν

370 2903 725 2974 ὑπαρχόντων
752 2905 852 2975 μὲν
875 2906 934 2958 ὲν
958 2904 1129 2975 αὐτῷ,
1174 2906 1254 2968 εἰς
1287 2904 1346 2958 δν
1376 2905 1666 2976 εὐδόκησεν
1708 2905 1855 2959 ἆπαν
1891 2906 1952 2959 τὸ

372 2993 646 3066 πλήρωμα
709 2997 812 3067 τῆς
877 2996 1130 3069 θεότητος
1188 2997 1514 3065 κατοικῆσαι
1586 2999 1948 3069 σωματικῶς,

370 3084 433 3136 οὐ
490 3084 596 3156 μὴν
643 3085 749 3139 ὑπὸ
794 3086 1139 3159 γραμμάτων
1191 3087 1594 3158 κεχωρημένων
1650 3088 1792 3158 (52)’
1858 3091 1951 3142 καὶ

368 3176 423 3229 τί
463 3176 607 3245 λέγω
651 3177 756 3231 ὑπὸ
805 3177 1182 3250 γραμμάτων;
1233 3178 1323 3231 ὅτε
1377 3179 1469 3232 καὶ
1519 3181 1645 3251 περὶ
1681 3181 1803 3233 ὅλου
1850 3180 1943 3234 τοῦ
1972 3214 2015 3271 C

370 3268 578 3339 κόσμου
621 3268 785 3338 φησὶν
819 3269 847 3320 6
906 3269 1175 3338 Ἰωάννης·
1220 3268 1322 3329 ὅτι,
1364 3268 1506 3322 οὐδέ
1554 3269 1743 3324 αὐτὸν
1786 3266 1943 3339 οἶμαι

369 3359 480 3414 τὸν
506 3360 737 3430 κόσμον
762 3358 1031 3429 χωρῆσαι
1063 3359 1135 3412 τὰ
1169 3361 1508 3429 γραφόμενα
1540 3361 1770 3425 βιϐλία.
1804 3362 1947 3415 Ταυ-

373 3453 466 3507 τὺν
497 3448 591 3507 οὖν
634 3452 775 3507 ἔστιν
823 3455 1017 3516 εἰπεῖν,
1060 3455 1142 3506 ὅτι
1181 3454 1272 3506 τὸν
1305 3454 1532 3526 Σωτῆρα
1575 3457 1622 3507 οἱ
1661 3455 1946 3509 ἀπόστολοι

372 3544 828 3614 εὐαγγελίζονται,
857 3545 952 3598 καὶ
982 3545 1052 3598 τὰ
1077 3543 1258 3613 ἀγαθά
1294 3545 1755 3613 εὐαγγελίζονται’
1796 3541 1948 3611 οὗτος

374 3637 485 3707 γάρ
514 3637 659 3689 ἐστιν
682 3636 712 3687 6
739 3637 847 3689 ἀπὸ
867 3637 963 3689 τοῦ
989 3635 1195 3705 ἀγαθοῦ
1234 3636 1452 3705 Πατρὸς
1492 3637 1553 3689 τὸ
1581 3637 1763 3705 ἀγαθὰ
1809 3634 1947 3692 εἶναι

379 3734 580 3801 λαϐὼν,
606 3736 695 3788 ἵνα
714 3734 942 3794 ἕκαστος
965 3731 994 3783 ὃ
1018 3731 1204 3800 χωρεῖ,
1229 3728 1262 3799 ἢ
1286 3728 1322 3781 ἃ.
1344 3727 1511 3796 χωρεῖ
1535 3724 1621 3777 διὰ
1650 3723 1826 3794 Ἰησοῦ
1857 3724 1952 3777 λα-

383 3826 513 3890 σὼν,
538 3827 596 3878 ἐν
620 3823 845 3892 ἀγαθοῖς
864 3820 1124 3891 τυγχάνῃ.
1151 3818 1263 3887 Οὐχ
1290 3811 1392 3869 οἷοί
1426 3831 1485 3867 τε
1507 3815 1562 3866 δὲ
1587 3810 1727 3884 ἦσαν
1748 3816 1793 3866 οἱ
1819 3814 1954 3867 ἁπό-

384 3919 581 3980 στολοι,
611 3909 686 3971 ὧν
727 3915 917 3986 ὡραῖοι
954 3913 1002 3965 οἱ
1040 3911 1226 3972 πόδες,
1266 3909 1361 3963 καὶ
1400 3908 1447 3959 οἱ
1485 3905 1688 3959 τούτων
1718 3904 1955 3973 ζηλωταὶ

383 4007 826 4077 εὐαγγελίζεσθαι
854 4006 920 4059 τὰ
944 4003 1145 4073 ἀγαθὰ,
1180 4001 1256 4073 μὴ
1286 4002 1546 4073 πρότερον
1572 3997 1747 4069 Ἰησοῦ
1774 3999 1954 4060 αὐτοῖς

384 4098 524 4153 αὐτὰ
548 4097 1038 4168 εὐαγγελισαμένου
1057 4111 1070 4124 ·
1094 4095 1169 4158 ὡς
1192 4095 1222 4146 6
1258 4094 1483 4155 Ἡσαΐας
1509 4090 1674 4163 φησί·
1703 4090 1893 4155 Αὐτὸς
1921 4093 1954 4143 ὀ

383 4190 592 4246 λαλῶν
614 4189 871 4260 πάρειμι,
896 4189 975 4254 ὡς
999 4185 1120 4255 ὥρα
1147 4184 1247 4238 ἐπὶ
1274 4185 1391 4237 τῶν
1429 4183 1631 4249 ὀρέων,
1660 4182 1737 4246 ὡς
1770 4180 1952 4248 πόδες

379 4276 904 4349 εὐαγγελιζομένου
943 4276 1138 4345 ἀκοὴν
1168 4277 1436 4347 εἰρήνης,
1468 4279 1548 4345 ὡς
1580 4278 1952 4351 εὐαγγελιζόο

373 4393 561 4446 μενος
595 4376 805 4444 ἀγαθὰ,
851 4373 942 4427 ὅτι
981 4373 1296 4440 ἀκουστὴν
1334 4372 1568 4440 ποιήσω
1606 4376 1721 4445 τὴν
1764 4395 1954 4445 σωτη-

372 4468 517 4535 ρίαν
546 4482 685 4530 σου,
724 4465 935 4534 λέγων·
993 4464 1147 4518 Σιὼν
1180 4464 1542 4527 ,βασιλεύσει
1579 4484 1693 4521 σου
1726 4469 1758 4519 ὁ
1787 4467 1950 4531 Θεός.

2054 624 2297 665 amorem
2321 611 2598 666 caelestem
2636 610 2867 664 invitat?
2890 611 3096 665 Bonum
3124 614 3269 666 enim
3296 622 3381 667 est
3401 613 3630 683 Sapien-

2055 700 2128 754 tia
2163 701 2280 755 Dei.
2326 702 2398 754 At
2451 701 2553 755 hoc
2581 717 2819 771 quoque,
2861 711 3057 770 praeter
3084 717 3149 756 ea
3178 717 3300 771 quae
3333 717 3499 772 Supra
3542 719 3630 758 re—

2054 793 2390 857 censuimus,
2428 793 2466 847 ii
2496 794 2846 860 annuntiant,
2878 808 3110 862 quorum
3157 794 3320 863 pedes
3351 803 3478 849 sunt
3508 795 3629 863 pul-

2055 884 2196 940 chri.
2225 884 2474 940 Potentia
2524 886 2618 940 Dei
2666 896 2928 956 praeterea
2959 896 3211 942 octavum
3244 887 3402 942 nobis
3429 886 3628 942 bonum

2055 987 2464 1040 annumeratur,
2517 978 2608 1045 qui
2668 987 2751 1032 est
2799 977 3069 1034 Christus.
3104 979 3304 1034 Verum
3351 979 3629 1035 enimvero

2056 1071 2196 1125 haud
2223 1069 2442 1125 silentio
2465 1069 2901 1140 praetereundum
2930 1083 3018 1124 εει
3044 1069 3170 1124 illud
3194 1070 3455 1136 Verbum,
3487 1073 3630 1140 quod

2055 1172 2179 1233 post
2212 1163 2426 1219 Patrem
2465 1162 2845 1217 universorum
2875 1172 2962 1217 est
2993 1162 3154 1217 Deus.
3181 1162 3426 1232 Namque
3449 1165 3631 1220 ethoc

2056 1257 2257 1311 bonum
2281 1255 2432 1309 nullo
2450 1255 2557 1310 alio
2578 1256 2719 1311 bono
2741 1266 2826 1309 est
2855 1254 3105 1309 inferius.
3130 1255 3326 1324 Itaque
3357 1257 3503 1311 beati
3537 1258 3631 1325 qui

2057 1347 2374 1402 admiserint
2386 1347 2502 1401 haec
2515 1346 2680 1409 bona,
2696 1345 2896 1415 quique
2910 1347 3256 1415 perceperint
3269 1363 3330 1403 ea
3342 1388 3356 1411 ,
3376 1348 3445 1402 ab
3457 1348 3524 1402 iis
3538 1349 3632 1416 qui

2057 1438 2219 1508 pedes
2246 1438 2450 1493 habent
2480 1438 2738 1508 pulchros
2762 1449 2928 1507 atque
2959 1437 3050 1508 qui
3092 1439 3487 1507 evangelizant.
3522 1440 3633 1495 Ve-

2058 1542 2366 1587 rumtamen
2406 1531 2657 1601 quamvis
2692 1528 3013 1585 Corinthius
3078 1530 3347 1601 quispiam
3402 1532 3633 1588 exstite-~

2059 1622 2151 1685 rit,
2199 1621 2340 1690 apud
2380 1635 2545 1689 quem
2591 1617 3045 1674 aﬂlrmetl’aulns
3069 1634 3130 1674 se
3172 1620 3303 1674 nihil
3335 1621 3499 1687 scire,
3528 1621 3630 1675 nisi

2058 1708 2239 1764 Jesum
2284 1708 2586 1773 Christum,
2634 1718 2688 1763 et
2738 1708 2885 1761 hunc
2929 1708 3147 1777 quidem
3204 1710 3526 1765 cruciﬁxum
3550 1711 3629 1777 “,

2058 1804 2389 1871 edoctusque
2408 1801 2554 1855 hunc
2578 1800 2749 1854 nostri
2777 1815 2941 1856 causa
2969 1802 3247 1856 hominem
3282 1801 3485 1859 factum
3514 1808 3636 1859 atti-

2056 1892 2195 1961 gerit
2238 1892 2398 1946 initia
2434 1892 2732 1957 bonorum,
2774 1893 2819 1947 is
2855 1893 2925 1948 ab
2958 1893 3174 1948 homine
3212 1894 3341 1948 Jesu
3374 1894 3436 1950 ﬁt
3468 1895 3632 1951 homo

2054 1986 2174 2050 Dei,
2203 1994 2258 2038 et
2283 2000 2351 2040 ex
2375 1991 2550 2038 morte
2570 1983 2689 2052 ejus
2708 1984 2945 2039 moriens
2975 1993 3221 2053 peccato.
3254 1982 3464 2040 Etenim
3490 1991 3631 2058 quod

2054 2075 2145 2129 ille
2171 2083 2411 2128 mortuus
2438 2073 2541 2141 fuit
2576 2082 2811 2139 peccato,
2860 2083 3101 2129 mortuus
3142 2085 3217 2130 est
3264 2077 3420 2132 semel
3442 2079 3519 2145 ⁶³;
3563 2096 3630 2135 ex

2056 2171 2162 2224 vita
2198 2184 2328 2224 vero
2354 2167 2548 2239 ipsius,
2571 2168 2831 2236 quoniam
2859 2167 3015 2225 Jesns
3042 2178 3129 2224 est
3151 2168 3283 2227 illud
3306 2172 3450 2241 quod
3474 2173 3628 2237 vivit,

2054 2261 2191 2316 vivit
2219 2260 2329 2315 Deo
2346 2259 2738 2328 unusquisque,
2780 2267 2837 2314 et
2864 2259 3171 2315 conformis
3192 2260 3367 2318 factus
3388 2276 3635 2320 resurre-

2050 2352 2219 2409 ctioni
2249 2352 2366 2418 ejus
2388 2350 2491 2404 hoc
2506 2350 2839 2417 assequitur,
2867 2360 2926 2405 ut
2954 2351 3101 2405 vivat
3124 2350 3255 2409 Deo.
3284 2352 3419 2420 Quis
3442 2364 3627 2412 autem

2059 2444 2307 2512 ambigat
2361 2456 2430 2495 an
2468 2441 2586 2510 ipsa
2630 2441 2868 2510 justitia,
2920 2444 3039 2512 Ipsa
3070 2444 3434 2501 sanctiﬁcatio
3471 2458 3635 2517 atque

2055 2536 2171 2604 ipsa
2210 2536 2512 2605 redemptio
2550 2536 2622 2592 sit
2655 2536 2896 2590 bonum?
2925 2550 3048 2606 qua:
3083 2538 3250 2592 etiam
3280 2539 3423 2608 ipsa.
3444 2537 3631 2596 Jesum

2055 2627 2500 2697 evangelizantes
2518 2670 2532 2692 ,
2555 2628 2973 2699 evangelizant:
3004 2629 3247 2685 dicentes
3275 2645 3397 2685 eum
3426 2630 3630 2688 factum

2053 2719 2222 2774 fuisse
2248 2723 2407 2776 nobis
2425 2720 2697 2790 justitiam
2727 2738 2756 2776 a
2791 2723 2925 2788 Deo,
2951 2731 3008 2777 et
3028 2721 3547 2785 sanctiﬁcationem,
3579 2733 3635 2778 et

2055 2811 2479 2881 redemptionem
2492 2814 2557 2867 “.
2574 2814 2651 2870 Ex
2673 2815 2756 2870 his
2770 2828 2905 2884 ergo
2916 2813 3099 2869 licebit
3116 2812 3416 2884 intelligere
3431 2828 3493 2869 ea
3511 2829 3632 2884 quae

2053 2903 2198 2958 deeo
2210 2905 2410 2974 scripta
2427 2916 2572 2972 sunt,
2584 2916 2639 2963 et
2655 2907 2742 2961 vix
2761 2904 3073 2961 enumerari
3086 2915 3334 2976 possunt,
3354 2905 3632 2976 probando

2052 2995 2236 3052 Jesum
2257 2998 2523 3054 bonorum
2540 3015 2660 3055 esse
2677 2999 3079 3055 multitudinem
3105 3009 3301 3069 :atque
3322 3014 3387 3056 ex
3408 3001 3493 3057 his
3511 3016 3632 3072 qum

2053 3104 2196 3161 agre
2208 3104 2465 3146 enumera
2474 3093 2516 3146 ri
2535 3103 2764 3161 possunt
2790 3101 2847 3147 et
2863 3095 3067 3162 seripta
3086 3102 3234 3156 sunt,
3257 3092 3629 3163 conjecturam

2053 3195 2248 3249 capere
2267 3182 2333 3235 de
2350 3182 2419 3236 iis
2442 3197 2566 3251 quae
2584 3183 2635 3237 in
2655 3185 2772 3254 ipso
2791 3184 3010 3254 quidem
3041 3184 3247 3250 insunt,
3276 3183 3328 3237 in
3352 3198 3514 3253 quem
3536 3184 3631 3240 be-

2048 3274 2373 3343 neplacitum
2386 3273 3111 3347 fuitomnemplenitudinem
3124 3276 3421 3332 divinitatis
3435 3291 3627 3348 corpo-

2048 3368 2236 3422 raliter
2252 3368 2354 3440 13
2370 3369 2638 3434 habitare,
2653 3370 2798 3425 haud
2811 3381 2992 3425 tamen
3007 3385 3036 3424 a
3053 3371 3246 3440 litteris
3258 3371 3628 3427 continentur:

2047 3448 2185 3529 quid
2203 3461 2328 3516 dico
2354 3476 2381 3513 a
2412 3461 2629 3530 litteris,
2665 3463 2885 3533 quando
2919 3463 3067 3517 etde
3098 3472 3210 3517 toto
3238 3463 3439 3517 mundo
3478 3462 3631 3518 dicat

2046 3551 2286 3609 Joannes
2313 3570 2328 3606 :
2370 3552 2482 3607 Nec
2512 3555 2645 3622 ipse,
2671 3554 2877 3623 opinor,
2907 3555 3134 3607 mundus
3174 3563 3383 3622 caperet
3414 3570 3502 3609 eos
3537 3556 3629 3624 qui

2048 3646 2400 3699 scriberentur
2432 3644 2594 3699 libros
2629 3645 2694 3699 “.
2734 3644 2926 3700 Dicere
2963 3659 3092 3714 ergo
3135 3645 3411 3715 apostolos
3457 3660 3628 3701 evan-

2049 3739 2290 3805 geliaare
2339 3737 2712 3799 Servatorem,
2744 3738 2969 3808 perinde
3001 3748 3084 3794 est
3125 3754 3190 3794 ac
3230 3739 3277 3793 si
3323 3739 3627 3793 diceremus

2048 3842 2144 3881 eos
2194 3826 2570 3896 evangelizare
2603 3827 2743 3882 bona
2771 3828 2971 3882 omnia.
3010 3826 3377 3894 Quamobrem
3412 3828 3502 3883 hic
3545 3841 3625 3884 est

2050 3918 2142 3972 ille
2169 3919 2260 3989 qui
2291 3932 2321 3972 a
2344 3919 2485 3973 bono
2515 3917 2673 3973 Patre
2707 3920 2917 3988 accepit
2946 3929 3005 3974 ut
3038 3930 3182 3974 esset
3213 3928 3297 3976 tot
3327 3920 3470 3975 bona
3515 3937 3529 3974 :
3567 3930 3627 3973 ut

2054 4009 2433 4080 unusquisque
2460 4024 2528 4065 eo
2554 4012 2698 4080 quod
2729 4011 2898 4080 capit,
2931 4010 3017 4065 .vel
3049 4008 3115 4066 iis
3140 4025 3260 4079 qua:
3290 4012 3458 4080 capit,
3500 4027 3627 4065 cum

2030 4116 2149 4169 Aper
2174 4099 2360 4156 Jesum
2395 4116 2456 4178 ea
2490 4103 2820 4172 perceperit,
2865 4102 3075 4157 fruatur
3100 4103 3275 4158 bonis.
3325 4103 3478 4157 llaud
3529 4119 3626 4173 po-

2055 4202 2238 4247 terant
2266 4203 2447 4248 autem
2482 4195 2740 4262 apostoli,
2769 4208 3000 4264 quorum
3033 4193 3245 4263 pulchri
3281 4203 3408 4249 sunt
3440 4194 3626 4261 pedes,

2050 4293 2107 4337 et
2152 4283 2349 4339 horum
2400 4284 2629 4339 studiosi
2686 4284 2991 4339 imitatores
3034 4283 3410 4353 evangelizare
3458 4285 3624 4348 bona,

2054 4374 2159 4431 nisi
2190 4373 2349 4431 Iesus
2384 4383 2545 4429 antea
2600 4375 2730 4444 ipsis
2768 4375 3242 4447 evangelizasset;
3275 4375 3630 4443 quemadmo-

2053 4472 2179 4522 dum
2220 4467 2463 4537 loquitur
2491 4466 2662 4522 lsaias
2688 4468 2733 4500 ⁸⁵
2761 4484 2774 4520 :
2804 4466 2917 4537 Ego
2951 4468 3084 4536 ipse,
3110 4467 3202 4535 qui
3230 4466 3502 4535 loquebar,
3528 4468 3635 4518 ad"

380 4559 515 4612 Τίνα
554 4559 663 4629 γὰρ
705 4557 774 4610 τὰ
813 4557 938 4627 ὅρη,
984 4557 1072 4625 ἐφ’
1116 4549 1192 4609 ὧν
1234 4556 1395 4620 αὐτὸς
1424 4558 1453 4609 6
1493 4556 1666 4610 λαλῶν
1698 4563 1953 4630 παρεῖναι

2055 4575 2191 4622 sum,
2243 4562 2381 4613 sicut
2435 4560 2802 4629 opportunitas
2851 4560 2906 4614 in
2958 4560 3249 4623 montibus,
3289 4560 3424 4613 sicut
3469 4561 3625 4630 pedes

453 4698 493 4728 ⁶¹
529 4698 547 4750 l
578 4697 705 4753 Cor.
739 4713 799 4761 ιι,
831 4697 887 4750 2.
963 4697 1007 4726 ⁶¹
1034 4695 1190 4749 Rom.
1220 4712 1296 4761 vr,
1333 4696 1417 4749 10.
1488 4697 1535 4727 ⁶³
1566 4695 1584 4749 1
1615 4696 1785 4763 Com,
1815 4699 1905 4753 50.

2056 4660 2211 4751 Joan.
2242 4713 2355 4764 XXI,
2389 4696 2482 4751 25.
2559 4697 2607 4729 ιι
2633 4696 2734 4753 lsa.
2769 4711 2864 4764 LII,
2884 4696 2939 4761 6,
2967 4696 3020 4749 7.

460 4814 566 4885 (49)
591 4812 753 4885 Μετὰ
784 4813 894 4866 τὸν
929 4812 1180 4882 Πατέρα.
1238 4812 1551 4885 Ferrarius,
1601 4815 1948 4885 cumLPatre,

380 4882 689 4956 perperam.
721 4883 881 4956 Verte
926 4887 1214 4956 secundum
1265 4882 1506 4947 Patrem,
1548 4883 1948 4956 posthatrem.

388 4954 541 5010 Unde
580 4954 935 5023 locumihunc
957 4955 1256 5008 conciliare
1277 4956 1480 5023 poteris
1504 4971 1624 5009 cum
1655 4955 1747 5008 illo
1778 4957 1950 5010 altero

382 5027 514 5079 tumi
544 5025 720 5079 octavi
742 5022 940 5077 Contra
977 5023 1184 5078 Celsum
1227 5040 1248 5079 :
1278 5022 1473 5078 ίἜστω
1497 5025 1555 5079 δέ
1583 5042 1753 5089 τινας,
1784 5025 1859 5087 ὡς
1889 5026 1949 5078 ὲν

380 5094 576 5166 πλήθει
605 5093 988 5166 πιστευόντων,
1041 5095 1141 5166 καὶ
1157 5094 1473 5166 δεχομένων
1504 5095 1820 5166 διαφωνίαν,
1859 5094 1947 5150 διὰ

380 5162 836 5244 τῆν’προπέξειαν
874 5162 1375 5244 ,ὐπρτιξοθεσθαιξτὸν
1412 5162 1642 5244 Σωτῇρα
1675 5162 1813 5244 εἶναι
1850 5165 1943 5244 τον

381 5233 477 5288 ἐπὶ
507 5233 639 5326 πᾶσι
862 5234 976 5287 ἀλλ’
1007 5233 1124 5326 οὐξι
1148 5250 1210 5326 γε
1238 5233 1736 5326 ήμεῖςὶτοιιίῦτονβὶ
1760 5234 1941 5326 πειθό-

385 5323 540 5376 μενοι
563 5303 739 5376 αὐτῷ-
751 5302 960 5371 λέγοντι
984 5320 1002 5337 ο
1049 5311 1105 5360 '0
1141 5302 1343 5373 Παέῆρ
1384 5307 1418 5358 ό
1457 5303 1701 5376 πέμψας
1737 5304 1948 5376 petam»-

371 5370 500 5446 jtov
518 5370 1036 5446 éath§upremum
1069 5370 1473 5446 _un|verso[u_m
1522 5370 1691 5428 Deum
1740 5370 1935 5446 Filium

377 5442 485 5497 non
519 5458 639 5498 esse
664 5442 917 5509 atlirmat,
947 5444 1039 5498 sed
1067 5444 1283 5498 Patrem
1308 5460 1323 5508 ;
1349 5442 1543 5499 Filium
1567 5457 1695 5496 vero
1722 5443 1939 5497 univer-

376 5527 560 5568 sorum
590 5512 808 5582 quidem
840 5514 1006 5568 Deum
1029 5529 1148 5569 esse
1173 5552 1188 5576 ,
1216 5514 1313 5568 sed
1354 5522 1472 5582 post
1521 5510 1755 5568 Patrem.
1808 5514 1939 5578 Quae

378 5582 624 5650 quamvis
657 5583 798 5637 male
824 5592 1048 5643 sonent,
1071 5584 1319 5638 excusari
1361 5594 1542 5638 tamen
1600 5593 1843 5651 possunt,
1890 5584 1935 5637 si

376 5653 561 5705 omnia
590 5653 785 5707 Filium
822 5667 854 5706 a
884 5654 1047 5708 Patre
1088 5654 1366 5722 accepisse
1398 5653 1826 5716 meminerimus,
1869 5668 1933 5709 ac

377 5722 609 5790 proinde
627 5736 687 5776 se
707 5737 829 5777 esse
855 5724 1229 5779 universorum
1260 5724 1426 5778 Deum
1457 5722 1606 5777 Patri
1648 5735 1929 5791 acceptum

376 5793 603 5846 referre.
634 5791 816 5845 Primo
844 5802 1056 5860 ergoet
1104 5806 1201 5860 per
1248 5809 1306 5848 se
1355 5794 1731 5847 universorum
1794 5793 1932 5846 Deus

376 5871 463 5915 est
481 5860 664 5929 Pater,
693 5862 818 5929 quia
850 5877 956 5917 asc
983 5863 1122 5916 Deus
1144 5872 1226 5917 est
1258 5882 1270 5915 :
1301 5861 1468 5918 Filius
1484 5864 1718 5918 secundo
1754 5872 1810 5918 et
1836 5877 1933 5933 per

704 5953 977 6014 ΡΑΤιιοι.
1022 5953 1139 6014 Gn.
1191 5954 1355 6015 XIV.

2053 4816 2216 4869 alium
2240 4824 2323 4871 est
2354 4816 2736 4872 universorum
2786 4815 2951 4879 Deus,
2977 4815 3101 4886 quia
3143 4813 3307 4886 habet
3362 4828 3391 4886 ιι
3439 4811 3620 4886 _Patrc

2052 4888 2131 4941 sic
2169 4896 2423 4968 tanquam
2454 4887 2531 4968 ab.
2561 4886 2772 4968 origine
2820 4896 2875 4940 et
2900 4882 3194 4968 principio
3240 4893 3299 4968 ut
3326 4883 3402 4968 sit
3438 4882 3615 4968 Degsa

2050 4952 2294 5010 estenim
2328 4956 2471 5010 Deus
2500 4957 2567 5009 de
2606 4952 2736 5022 Deo,
2795 4965 2853 5010 ut
2899 4952 3064 5011 habet
3115 4953 3456 5025 Symbolum.
3511 4952 3619 5009 Sed

2049 5026 2169 5097 haec
2192 5026 2344 5097 alibi.
2376 5025 2637 5097 Hunnus.
2706 5095 2725 5097 Α
3086 5090 3091 5097 ν
3158 5096 3169 5097 7
3199 5092 3210 5097 _
3536 5093 3553 5097 _
3580 5092 3589 5097 _

2118 5096 2231 5167 (50)
2264 5095 2375 5150 Τὸν
2399 5095 2474 5149 δι’
2506 5094 2663 5167 apag
2680 5095 2998 5167 ﬁrﬂpmtoy
3365 5092 3618 5167 παραδέα

2047 5163 2218 5233 ξηῒαὶ
2247 5167 2320 5221 τὰ
2349 5167 2419 5220 ἐν
2448 5163 2605 5235 ἀρχῇ
2631 5165 2748 5219 τῶν
2781 5163 3036 5235 ἀγαθῶν,
3068 5174 3176 5219 etc.
3204 5163 3379 5235 Huch
3409 5165 3612 5235 luc_um,

2046 5231 2365 5319 ineditione
2392 5231 2868 5302 lluétiiluxatuni,
2909 5239 2990 5291 sic
3018 5235 3255 5290 restituit
3283 5234 3452 5288 codex
3477 5231 3611 5286 Bar-

2042 5306 2554 5446 ὺθὶἓίἳεὶἵαρέσται
2580 5377 2648 5430 δὲ
2668 5375 2786 5432 ἀπὸ
2816 5376 3059 5446 τούτωτες
3089 5384 3195 5446 etc-
3224 5372 3426 5446 Ῑδρουφ
3468 5375 3613 5446 '-“"'°

2043 5441 2363 5508 sanaveris,
2390 5448 2434 5499 si
2466 5447 2684 5516 legeris,
2707 5447 2803 5499 καὶ
2834 5446 2943 5499 ἀπὸ
2979 5443 3088 5497 τῶν
3127 5441 3609 5516 δυσεξαριθμήτων

2042 5516 2461 5587 γεγραμμένων,
2504 5512 2959 5587 quemadmmlmn
2997 5516 3214 5587 videtur
3266 5512 3461 5587 legisse
3489 5512 3609 5587 _l’e-

2043 5580 2251 5666 rionqu
2266 5580 2436 5655 ‘cujus
2450 5580 2453 5581 ⁷
2467 5580 2965 5656 interpretationem
2997 5580 3340 5638 Ferrarianaé
3362 5584 3466 5637 hoc
3489 5580 3606 5636 loco

2040 5655 2712 5796 Ρΐὲἓιίιὶίεκωρημένων.
2741 5722 2908 5780 Codd.
2948 5721 3144 5792 Regius
3170 5731 3223 5778 et
3255 5722 3583 5780 Barberinus

2038 5811 2258 5865 κεχωρη
2267 5796 2433 5866 μένῳ.

3249 5950 3295 6010 2
