4174 6486
544 390 613 446 43
2023 394 2350 452 ORIGENIS
3735 392 3807 447 44

542 506 952 577 euangelizantis
980 524 1183 576 pacem,
1212 510 1345 564 sicut
1371 510 1739 581 euangelium
1775 513 1938 577 bona,
1980 529 2116 582 quo-

2222 514 2491 584 ὁμολογεῖ,
2521 513 2626 585 ἢοί
2657 512 2883 585 μηδενὸς
2917 511 3028 567 τῶν
3064 513 3158 567 ἐπὶ
3187 512 3292 584 γῆς
3325 511 3679 583 ὑψηλοτάτων
3709 512 3808 566 καὶ

546 601 688 654 niam
715 600 957 654 auditam
994 598 1218 655 salutem
1250 609 1397 656 tuam
1436 602 1654 671 faciam,
1698 605 1878 659 dicens
1911 621 1930 659 :
1968 602 2118 668 Sion,

546 691 789 761 regnabit
817 689 957 744 Deus
994 700 1137 746 tuus.
1186 691 1424 758 Quinam
1463 694 1609 748 enim
1652 703 1778 749 sunt
1824 704 2036 750 montes
2068 695 2122 749 in

545 782 749 850 quibus
779 782 894 850 ipse
923 781 1015 850 qui
1051 780 1295 849 loquitur
1324 783 1504 838 inesse
1528 798 1589 839 se
1623 783 1780 849 dicit,
1811 785 1916 840 nisi
1950 785 2003 840 hi
2032 785 2125 855 qui

546 870 691 925 nulla
722 884 780 926 re
812 868 1101 925 inferiores
1148 879 1277 925 sunt
1311 873 1378 928 iis
1405 873 1501 943 qui
1555 887 1720 944 super
1751 883 1950 930 terram
1996 885 2127 931 sunt

548 960 770 1017 maximi
806 970 861 1015 et
884 960 1134 1016 altissimi
1156 963 1180 1015 Ἰ
1206 978 1343 1032 quos
1366 966 1621 1034 quaesitos
1646 966 1892 1036 oportuit
1935 965 2005 1021 ab
2037 967 2126 1022 his

547 1057 637 1127 qui
667 1056 800 1110 Novi
832 1054 1169 1110 Testamenti
1205 1058 1440 1113 ministri
1486 1068 1613 1114 sunt
1665 1060 1870 1124 idonei,
1914 1061 2128 1118 scilicet

547 1159 607 1204 ut
648 1158 861 1204 servent
908 1158 1238 1220 praeceptum
1285 1151 1470 1207 dicens
1509 1168 1525 1205 :
1571 1151 1746 1222 Super
1777 1160 2007 1208 montem
2043 1153 2125 1208 al-

548 1252 659 1297 tum
701 1244 925 1296 ascende
958 1242 1051 1311 qui
1086 1242 1416 1311 evangelista
1457 1244 1622 1310 Sion;
1652 1246 1831 1300 exulta
1857 1264 1976 1302 cum
2005 1248 2125 1317 for-

549 1336 774 1390 titudine
798 1351 978 1389 vocem
1010 1348 1158 1388 tuam
1200 1351 1288 1403 qut
1337 1336 1625 1391 annuntias
1668 1336 2005 1395 Hierusalem
2049 1341 2119 1395 “.

550 1422 665 1478 Nec
693 1425 890 1480 mirere
914 1426 960 1479 si
980 1428 1433 1498 evangelizaturis
1454 1429 1615 1495 bona,
1629 1429 1772 1484 bona
1788 1446 2002 1502 quoque
2021 1433 2114 1488 Je-

550 1530 647 1569 sus
666 1517 1019 1587 evangelizet,
1033 1533 1154 1587 quae
1176 1535 1288 1575 non
1314 1520 1416 1574 alia
1438 1530 1566 1575 sunt
1582 1536 1613 1575 a
1629 1536 1688 1576 se
1706 1522 1841 1591 ipso,
1861 1525 2116 1592 quando-

551 1607 769 1677 quidem
793 1609 1031 1678 seipsum
1048 1609 1151 1666 illis
1174 1611 1507 1681 evangelicat
1530 1611 1699 1666 Filius
1717 1613 1810 1666 Dei
1827 1614 1918 1682 qui
1935 1614 2115 1684 ipsum

549 1712 650 1767 per
676 1698 809 1754 alios
832 1699 1013 1754 dicere
1026 1700 1720 1769 nequeunt.Verumtamen
1748 1703 1841 1772 qui
1866 1705 2118 1763 ascendit

549 1801 784 1855 montes,
816 1790 928 1845 illis
956 1790 1338 1861 evangelizans
1373 1792 1537 1857 bona,
1592 1793 1738 1847 haud
1785 1793 2123 1862 contemptui

2228 604 2501 674 μεγίστων
2531 604 2785 675 ἥττονες;
2825 602 3078 667 οὕστινας
3119 601 3398 672 ζητεῖσθαι
3433 602 3514 655 δεῖ
3546 600 3653 656 ὐπὸ
3691 603 3806 657 τῶν

2228 698 2428 753 ἱκανῶν
2451 698 2714 753 διακόνων
2741 699 2843 769 τῆς
2862 698 3053 768 καινῆς
3072 697 3368 769 Διαθήκης,
3406 697 3493 749 ἵνα
3522 696 3806 766 τηρήσωσι

2223 789 2323 861 τὴν
2354 789 2619 857 λέγουσαν
2643 788 2883 860 ἐντολήν·
2938 788 3056 840 Ἐπ’
3100 787 3236 855 ὄρος
3279 787 3525 855 ὑψηλὸν
3554 785 3808 852 ἀνάϐηθι

2225 884 2260 936 ό
2298 879 2816 952 εὐαγγελιζόμενος
2859 879 3033 941 Σιὼν,
3080 878 3332 946 ὕψωσον
3368 876 3443 946 τῇ
3487 880 3659 947 ἰσχύϊ
3690 875 3806 943 τὴν

2225 972 2436 1042 φωνήν
2474 988 2591 1027 σου
2630 976 2664 1026 ὀ
2705 968 3221 1040 εὐαγγελιζόμενος
3283 970 3691 1040 Ἰερουσαλήμ.
3723 970 3803 1026 οὐ

2225 1064 2538 1134 θαυμαστὸν
2580 1062 2637 1116 δὲ
2678 1062 2729 1114 εί
2770 1065 2884 1122 τοῖς
2927 1059 3209 1131 μέλλουσιν
3254 1059 3702 1130 εὐαγγελίζεσθαι
3731 1059 3804 1114 τὰ

2226 1155 2408 1225 ἀγαθά
2462 1154 2673 1227 Ἰησοῦς
2718 1152 3125 1222 εὐαγγελίζεται
3168 1151 3237 1205 τὰ
3265 1151 3469 1220 ἀγαθὰ,
3510 1151 3611 1203 οὐκ
3666 1149 3803 1205 ἄλλα

2223 1249 2559 1319 τυγχάνοντα
2581 1244 2794 1300 ἑαυτοῦ·
2821 1244 3012 1298 ἑαυτὸν
3050 1243 3161 1315 γὰρ
3187 1242 3596 1310 εὐαγγελίζεται
3623 1243 3652 1294 ὁ
3673 1241 3803 1305 Υἱός

2223 1339 2318 1394 τοῦ
2385 1338 2522 1393 Θεοῦ
2575 1341 2689 1402 τοῖς
2707 1337 3023 1408 δυναμένοις
3074 1336 3137 1389 οὐ
3175 1335 3245 1387 δι’
3283 1335 3457 1389 ἄλλων
3501 1334 3662 1388 αὐτὸν
3706 1352 3803 1405 μα-

2224 1433 2358 1488 θεῖν’
2391 1432 2531 1504 πλὴν
2572 1433 2602 1486 ό
2638 1430 2935 1485 ἐπιϐαίνων
2972 1428 3080 1483 τῶν
3122 1426 3265 1499 ὀρῶν
3316 1428 3411 1482 καὶ
3452 1426 3800 1496 εὐαγγελιζό-

2226 1542 2385 1598 μενος
2443 1525 2627 1587 αὐτοῖς
2684 1522 2753 1576 τὰ
2805 1520 3020 1591 ἀγαθὰ,
3075 1519 3435 1593 μαθητευθεὶς
3488 1518 3568 1589 τῷ
3612 1517 3802 1589 ἁγαθῷ

2222 1616 2418 1687 Πατρὶ,
2464 1612 2858 1669 ἀνατέλλοντι
2896 1614 3001 1667 τὸν
3032 1612 3207 1681 ἥλιον
3240 1611 3339 1664 ἐπὶ
3369 1610 3671 1679 πονηροὺς
3700 1607 3801 1663 καὶ

2224 1707 2504 1777 ἀγαθοὺς,
2536 1707 2634 1761 καὶ
2658 1706 2944 1775 βρέχοντι
2970 1705 3069 1779 ἐπὶ
3103 1704 3374 1770 δικαίους
3402 1702 3502 1757 καί
3528 1703 3799 1768 ἀδίκους,

2223 1801 2349 1864 τοὺς
2367 1800 2467 1871 τὴν
2492 1798 2669 1871 ψυχὴν
2698 1799 2946 1869 πτωχοὺς
2981 1799 3083 1869 οὐχ
3128 1798 3495 1869 ὑπερηφανεῖ·
3543 1795 3639 1849 καὶ
3675 1793 3803 1847 τού-

546 1883 713 1941 habet
747 1898 1014 1954 pauperes
1048 1886 1261 1954 spiritu,
1302 1901 1334 1941 a
1369 1886 1514 1943 bono
1541 1886 1636 1941 illo
1667 1888 1897 1943 edoctus
1933 1886 2117 1952 Patre,

2221 1910 2334 1958 τοις
2390 1892 2486 1965 (ἀρ
2521 1891 2950 1962 εὐαγγελίζεται,
2988 1891 3065 1955 ὡς
3103 1890 3266 1954 αὐτὸς
3309 1890 3578 1960 μαρτυρεῖ
3623 1886 3802 1942 λαϐὼν

542 1977 637 2047 qui
661 1975 823 2031 solem
852 1992 1007 2031 suum
1047 1981 1247 2033 exoriri
1278 1978 1407 2047 facit
1450 1995 1610 2047 super
1640 1979 1803 2034 bonos
1833 1989 1883 2034 et
1926 1980 2119 2046 malos,

543 2079 594 2124 et
621 2070 712 2140 qui
732 2070 869 2139 pluit
894 2085 1053 2139 super
1079 2072 1251 2140 iustos
1278 2083 1326 2126 et
1357 2071 1592 2141 injustas
1627 2071 1722 2125 “‘.
1752 2070 2003 2142 Namque
2036 2073 2122 2129 his

543 2176 761 2232 quoque
782 2162 1144 2232 evangelizat,
1186 2166 1333 2220 sicut
1378 2165 1617 2233 ipsemet
1669 2169 1923 2228 testatur,
1961 2178 2028 2219 ex
2057 2179 2123 2220 eo

542 2254 688 2325 quod
720 2264 940 2325 sumpto
966 2254 1119 2311 Isaiae
1150 2256 1289 2311 libro
1315 2255 1445 2326 legit
1474 2274 1487 2309 :
1518 2254 1757 2324 Spiritus
1792 2253 2008 2309 Domini
2027 2272 2119 2310 su-

541 2367 636 2418 per
670 2366 774 2415 me,
814 2359 1093 2421 propterea
1122 2351 1262 2419 quod
1304 2350 1459 2404 unxit
1499 2364 1602 2413 me,
1638 2349 1709 2403 ad
1742 2348 2118 2419 euangelizan-

546 2449 676 2501 dum
701 2447 1023 2516 pauperibus
1053 2446 1201 2501 misit
1234 2461 1335 2511 me,
1366 2451 1442 2499 ut'
1468 2443 1749 2512 pradicem
1781 2443 2003 2510 captivis
2035 2458 2121 2497 re-

544 2540 868 2603 missionem,
891 2538 1110 2593 et‘clecis
1127 2536 1316 2591 uisum.
1344 2532 1728 2604 Complicatum
1750 2533 1892 2587 enim
1912 2533 2108 2587 librum

2221 1985 2314 2039 τὸν
2357 1985 2584 2039 Ἥσαῖαν
2621 1984 2716 2037 καὶ
2748 1981 3045 2051 ἀναγνούς’
3084 1981 3152 2036 Τὸ
3176 1982 3413 2051 πνεῦμα
3450 1980 3673 2049 Κυρίου
3706 1980 3803 2035 ἐπ’

2221 2073 2349 2143 ἐμὲ,
2377 2070 2449 2129 οὗ
2477 2074 2687 2127 ἕνεκεν
2716 2074 2924 2142 ἔχρισε
2957 2089 3055 2142 με,
3098 2072 3602 2141 εὐαγγελίσασθαι
3646 2086 3801 2124 πτω-

2224 2165 2355 2235 χοῖς
2379 2164 2726 2220 ἀπέσταλκέ
2741 2182 2840 2233 με,
2869 2163 3121 2233 κηρῦξαι
3153 2164 3550 2234 αἰχμαλώτοις
3580 2161 3804 2232 apsens

2225 2257 2325 2312 καί
2356 2255 2611 2326 τυφλοῖς
2642 2256 3007 2325 ἀνάϐλεψιν·
3046 2255 3278 2322 πτύξας
3314 2256 3425 2325 γὰρ
3464 2253 3529 2308 τὸ
3555 2254 3803 2318 βιϐλίον

2224 2349 2323 2403 καὶ
2347 2348 2614 2415 ἀποδοὺς
2658 2347 2740 2414 τῷ
2764 2347 3057 2417 ὑπηρέτῃ,
3099 2349 3377 2403 ἐκάθισε·
3428 2347 3527 2401 καί
3559 2345 3804 2400 πάντων

2227 2440 2682 2502 ἐνατενιζόντων
2708 2439 2869 2506 αὑτῷ
2893 2455 3049 2510 φησι
3068 2457 3082 2470 ·
3118 2440 3390 2511 Σήμερον
3418 2440 3802 2508 πεπλήρωται

2217 2534 2257 2602 ἠ
2292 2532 2505 2603 ι’ραςρὴ
2532 2533 2683 2602 αὕτη
2713 2534 2784 2588 ἐν
2807 2533 2924 2600 τοῖς
2960 2534 3111 2589 ὠσίν
3143 2533 3325 2606 ὑμῶν.

546 2650 668 2687 cum
698 2634 1013 2689 reddidisset
1039 2632 1300 2696 ministro,
1328 2631 1542 2686 resedit.
1585 2627 1819 2700 Cumque
1849 2628 2082 2683 omnium
2112 2629 2168 2683 in
2201 2644 2321 2684 eum
2356 2628 2521 2698 deﬁxi
2561 2636 2732 2684 essent
2764 2629 2908 2683 oculi
2964 2629 3101 2684 dixit
3128 2645 3148 2684 :
3182 2627 3355 2685 Hodie
3385 2629 3663 2702 Scriptura
3688 2631 3803 2685 lucc

542 2729 756 2796 impleta
785 2738 860 2783 est
889 2728 948 2781 in
982 2727 1204 2781 auribus
1232 2726 1418 2780 vestris
1444 2724 1511 2779 ⁸⁷.

616 2823 706 2878 12.
749 2822 1073 2879 Necessario
1098 2820 1264 2877 etiam
1296 2819 1428 2876 illud
1457 2819 1734 2877 sciendum
1761 2830 1867 2886 est,
1896 2833 2118 2875 omnem

540 2915 736 2970 bonam
768 2913 1037 2970 actionem
1092 2927 1220 2984 erga
1265 2911 1450 2968 Jesum
1488 2911 1684 2966 factam
1727 2910 1832 2966 hoc
1865 2908 2116 2981 Evange-

541 3005 676 3060 lium
710 3006 1013 3073 continere,
1057 3003 1331 3074 quomodo
1375 3002 1545 3057 etiam
1581 3000 1828 3057 continet
1872 2999 2119 3054 mulieris

544 3096 696 3152 illius
747 3095 1068 3167 przeclaram
1116 3096 1262 3151 illam
1295 3094 1566 3150 actionem
1601 3108 1723 3162 qua:
1769 3092 1911 3147 mala
1949 3104 2118 3161 opera

543 3202 668 3243 cum
719 3187 1053 3253 admisisset,
1109 3187 1558 3256 resipuissetque,
1606 3184 1734 3241 boni
1779 3184 1965 3238 odoris
2012 3198 2119 3237 un—

543 3287 801 3352 guentum
835 3280 1033 3350 potuit,
1066 3281 1136 3334 ob
1172 3279 1439 3351 insignem
1465 3288 1521 3333 et
1543 3291 1609 3332 ex
1639 3278 1823 3332 animo
1855 3275 2057 3331 factam
2089 3289 2119 3329 a

543 3370 705 3427 malis
737 3372 1118 3435 mutationem,
1151 3386 1317 3442 super
1344 3370 1530 3426 Jesum
1558 3369 1808 3434 fundere,
1833 3383 1944 3439 quo
1972 3367 2119 3424 facto

541 3470 653 3518 tota
679 3463 895 3529 domus,
932 3461 1039 3535 14
1066 3473 1231 3533 atque
1256 3462 1394 3518 adeo
1425 3470 1697 3533 quotquot
1726 3462 1840 3517 illic
1866 3461 2116 3529 aderant,

542 3552 690 3609 illius
738 3555 1006 3625 unguenti
1062 3552 1419 3624 lragrantiam
1482 3567 1647 3608 sensu
1709 3560 2116 3622 perceperunt;

542 3644 797 3716 quocirca
845 3644 1010 3699 etiam
1068 3644 1334 3714 scriptum
1385 3650 1473 3698 est
1520 3656 1537 3697 :
1580 3640 1883 3712 Ubicunque
1916 3643 2117 3712 pradi-

540 3746 721 3791 catum
756 3736 918 3803 fuerit
950 3737 1047 3788 hoc
1086 3731 1436 3804 anngelium
1472 3735 1528 3788 in
1574 3735 1818 3790 omnibus
1854 3736 2116 3805 gentibus,

543 3830 749 3883 dicetur
796 3829 958 3883 etiam
987 3828 1141 3881 istius
1176 3828 1381 3896 factum
1414 3829 1484 3881 ad
1512 3830 1819 3907 memoriam
1855 3844 2007 3882 suam
2042 3827 2119 3883 ⁸⁸.

543 3921 716 3976 Porro
757 3920 1107 3990 perspicuum
1163 3930 1248 3975 est
1280 3920 1559 3975 Christum
1599 3921 1703 3976 sibi
1749 3930 1972 3990 accepta
2024 3935 2118 3976 re-

542 4011 709 4079 ferre,
736 4025 1075 4081 quaecunque
1105 4011 1158 4064 in
1184 4010 1480 4080 discipulos
1505 4026 1633 4066 suos
1659 4012 1851 4067 collata
1886 4010 2112 4067 fuerint.

542 4104 701 4161 Unde
722 4102 1046 4160 beneﬁcium
1070 4103 1401 4172 accipientes
1432 4102 1722 4158 ostendere
1750 4103 1960 4169 volens,
1987 4104 2117 4158 dan-

542 4196 690 4251 tibus
748 4195 1071 4253 benellcium
1127 4194 1266 4249 dixit
1316 4210 1332 4248 :
1399 4193 1554 4259 Quod
1602 4193 1682 4248 Itis
1722 4193 1942 4263 fecistis,
1981 4194 2114 4247 milii

539 4287 739 4357 fecistis
767 4285 837 4341 ".
861 4285 1224 4354 Quamobrem
1250 4287 1454 4355 quaevis
1481 4284 1625 4339 actio
1647 4284 1786 4339 bona
1812 4299 1842 4339 a
1872 4283 2028 4338 nobis
2058 4284 2114 4338 in

538 4380 849 4451 proximum
895 4379 1119 4447 collata,
1153 4380 1219 4432 ad
1258 4375 1609 4447 Evangelium
1655 4375 1919 4441 refertur,
1966 4373 2114 4444 quod

539 4473 595 4527 in
624 4472 747 4527 cteli
779 4471 980 4527 tabulis
1014 4470 1365 4533 inscribitur,
1414 4469 1839 4539 agnosciturque
1879 4481 1946 4521 ac
1979 4466 2116 4535 legi-

2300 2818 2388 2873 12.
2432 2819 2751 2889 Ἀναγκαῖον
2791 2819 2850 2873 δὲ
2895 2819 3116 2882 εἰδέναι,
3148 2821 3231 2874 ὅτι
3261 2820 3803 2894 ὲμπεριλαμϐάνεται

2223 2910 2304 2981 τῷ
2333 2910 2559 2983 τοιούτῳ
2596 2911 2909 2983 Εὐαγγελίῳ
2935 2912 3032 2965 καὶ
3063 2914 3213 2967 πᾶσα
3237 2914 3270 2984 ὴ
3295 2916 3374 2978 είς
3414 2914 3621 2986 Ἰησοῦν
3650 2932 3800 2983 γινο-

2228 3001 2365 3073 μένη
2400 3001 2596 3072 πρᾶξις
2632 3001 2832 3073 ἀγαθὴ,
2866 3000 3054 3074 ὥσπερ
3080 3004 3175 3057 καὶ
3200 3003 3299 3074 τῆς
3322 3004 3391 3057 τὰ
3418 3003 3631 3077 πονηρὰ
3663 3005 3801 3078 ἔργα

2225 3094 2588 3163 πεποιηκυίας
2627 3094 2723 3148 καὶ
2754 3095 3205 3165 μετανενοηκυίας
3245 3095 3472 3151 εὐωδίαν
3506 3097 3802 3169 δεδυνημέ-

2222 3202 2322 3258 νης
2354 3186 2465 3256 (55)
2495 3186 2583 3240 διὰ
2603 3187 2701 3259 τὴν
2726 3187 2835 3241 ἀπὺ
2854 3186 2961 3241 τῶν
2998 3187 3185 3241 κακῶν
3214 3190 3443 3260 γνησίαν
3466 3191 3800 3261 μετάστασιν

2221 3275 2486 3345 καταχέαι
2526 3275 2620 3328 τοῦ
2679 3274 2875 3347 Ἰησοῦ,
2924 3275 3019 3328 καὶ
3061 3278 3224 3330 παντὶ
3262 3276 3342 3347 τῷ
3379 3279 3514 3348 οἴκῳ
3558 3279 3661 3349 τὴν
3701 3278 3799 3334 τοῦ

2224 3364 2397 3437 μύρου
2425 3364 2594 3436 πνοὴν
2619 3366 2700 3429 είς
2726 3363 2977 3434 αἴσθησιν
3003 3364 3219 3418 πάντων
3240 3364 3349 3418 τῶν
3373 3368 3432 3419 ὲν
3453 3365 3602 3437 αὐτῷ
3622 3367 3799 3437 εμπε-

2220 3460 2511 3531 ποιηκυίας
2531 3475 2545 3490 ·
2583 3458 2665 3513 διδ
2693 3458 2789 3513 καὶ
2810 3459 3118 3530 γέγραπται
3137 3476 3152 3489 ·
3207 3460 3389 3513 Ὅπου
3417 3458 3496 3513 ἂν
3523 3458 3797 3530 κηρυχθῇ

2217 3553 2285 3606 τὸ
2319 3552 2688 3622 Εὐαηοέλιον
2715 3551 2913 3614 τοῦτο,
2936 3551 3005 3604 ἐν
3029 3550 3179 3606 πᾶσι
3208 3551 3331 3617 τοῖς
3357 3553 3583 3615 ἔθνεσι,
3608 3555 3797 3621 λαλη-

2219 3643 2467 3713 θήσεται
2507 3643 2608 3698 καί
2666 3644 2697 3698 ὃ
2735 3645 3025 3713 ἐποίησεν
3079 3644 3229 3712 αῦτη
3269 3646 3358 3711 εὶς
3396 3646 3798 3714 μνημόσυνον

2216 3733 2428 3803 αὐτῆς.
2471 3734 2645 3804 Σαφὲς
2669 3733 2747 3797 δὲ,
2772 3734 2854 3787 ὅτι
2877 3738 2957 3799 είς
2991 3732 3196 3806 Ἰησοῦν
3226 3734 3434 3803 γίνεται
3465 3734 3533 3787 τὰ
3558 3734 3638 3798 είς
3665 3733 3796 3796 τοὺς

2221 3826 2658 3899 μαθητευθέντας
2723 3826 2869 3899 αὐτῷ
2919 3826 3330 3898 ἐπιτελούμενα.
3383 3828 3606 3891 Δεικνύς
3661 3825 3794 3894 γοῦν

2215 3921 2342 3986 τοὺς
2381 3917 2439 3976 εὖ
2475 3920 2813 3985 πεπονθότας
2852 3922 2986 3992 φησὶ
3021 3923 3133 3985 τοῖς
3171 3920 3514 3991 πεποιηκόσι·
3558 3921 3794 3982 Τούτοις

2217 4016 2250 4071 δ
2289 4016 2631 4085 ἐποιήσατε,
2671 4016 2800 4086 ἐμοί
2841 4014 3194 4082 ἐποιήσατεο
3240 4013 3381 4067 ὥστε
3417 4013 3565 4065 πᾶσα
3595 4009 3794 4082 πρᾶξις

2215 4105 2394 4179 ἀγαθὴ
2420 4107 2455 4176 ἠ
2489 4107 2570 4172 είς
2597 4104 2689 4159 τὸν
2721 4104 2946 4174 πλησίον
2973 4105 3061 4173 ὑφ’
3094 4102 3251 4175 ἡμῶν
3285 4098 3679 4169 ἐπιτελουμένη
3709 4100 3794 4161 είς

2214 4195 2277 4249 τὸ
2318 4191 2648 4264 Εὐαγγέλιον
2688 4192 3049 4265 ἀναφέρεται,
3097 4190 3160 4243 τὸ
3200 4190 3261 4241 ὲν
3313 4189 3433 4249 ταῖς
3484 4184 3649 4249 πλαξὶ
3694 4183 3789 4238 τοῦ

2213 4287 2445 4359 οὐρανοῦ
2488 4285 2853 4358 γραφόμενον,
2888 4283 2982 4335 καὶ
3026 4282 3132 4335 ὑπὸ
3166 4278 3384 4332 πάντων
3415 4276 3523 4329 τῶν
3559 4273 3793 4347 ἠξιωμέ-

2215 4398 2322 4434 νων
2346 4379 2449 4450 τῆς
2472 4378 2579 4432 τῶν
2606 4377 2744 4431 ὅλων
2783 4374 3035 4445 γνώσεως
3070 4369 3574 4440 ἁναγινωσκόμενον
3594 4385 3607 4398 ·
3651 4365 3791 4423 ἀλλὰ

2216 4472 2308 4527 καὶ
2336 4473 2402 4525 ὲκ
2439 4468 2534 4523 τοῦ
2571 4468 2812 4524 ἐναντίου
2856 4465 3020 4537 μέρος
3048 4463 3165 4517 ἐστὶ
3194 4460 3289 4515 τοῦ
3334 4460 3667 4529 Εὐαγγελίου
3706 4459 3788 4523 είς

541 4574 631 4620 tur
654 4565 722 4620 ab
758 4565 1015 4620 omnibus
1052 4566 1147 4635 qui
1188 4564 1574 4620 universorum
1608 4561 1919 4631 cognitione
1961 4557 2113 4630 digni

2221 4563 2550 4636 κατηγορίαν
2572 4560 2681 4616 τῶν
2704 4557 3027 4631 πραξάντων
3066 4555 3134 4610 τὰ
3171 4557 3252 4619 εἰς
3299 4553 3506 4625 Ἰησοῦν
3539 4554 3789 4624 ἁμαρτα-

538 4655 709 4710 habiti
755 4655 957 4711 fuerint
992 4669 1162 4711 :cum
1207 4670 1275 4710 ex
1324 4653 1555 4708 adverso
1586 4654 1752 4707 etiam
1782 4664 1909 4719 pars
1934 4647 2114 4702 Evan-

538 4746 666 4817 gelii
700 4748 1104 4803 accusationem
1162 4747 1446 4802 contineat
1492 4758 1681 4799 eorum
1730 4741 1822 4812 qui
1867 4739 2114 4810 delique-

2208 4656 2429 4728 νόμενα.
2469 4654 2533 4707 Ἦ
2561 4650 2692 4721 γοῦν
2731 4648 2899 4704 Ἰούδα
2930 4646 3207 4720 προδοσία,
3244 4645 3337 4699 καὶ
3363 4647 3398 4718 ἡ
3432 4643 3527 4698 τοῦ
3554 4641 3788 4706 ἀσεϐοῦς

2208 4745 2341 4802 λαοῦ
2367 4742 2718 4813 καταὸόησις,
2754 4740 3073 4810 φάσκοντος·
3103 4734 3242 4806 Αἶρε
3264 4737 3382 4791 ἀπὸ
3406 4734 3516 4805 τῆς
3544 4735 3657 4805 γῆς
3680 4735 3787 4788 τὸν

539 4849 665 4893 runt
717 4840 772 4894 in
827 4836 1034 4896 Iesum.
1096 4836 1287 4907 itaque
1324 4834 1480 4892 Judre
1530 4833 1772 4905 proditio
1818 4831 2113 4903 populique

2221 4832 2501 4897 τοιοῦτον,
2546 4831 2645 4885 καί
2696 4830 2984 4896 σταύρου,
3023 4828 3287 4894 σταύρου
3334 4824 3543 4890 αὐτὸν,
3594 4824 3689 4878 καὶ
3733 4823 3787 4877 oi

536 4928 688 4997 impii
725 4927 1045 4983 vociferatio
1089 4926 1322 4983 dicentis
1368 4942 1384 4980 :
1427 4924 1572 4979 Tolle
1609 4923 1749 4976 hunc
1787 4936 1821 4975 a
1856 4930 2018 4984 terra,
2061 4927 2111 4973 et

2221 4927 2517 4998 ίμπαιγμοὶ
2557 4922 2667 4978 τῶν
2712 4922 2873 4977 αὐτὸν
2924 4922 2988 4991 τῇ
3030 4917 3242 4991 ἀκάνθῃ
3288 4917 3781 4985 στεφανωσάντων,

535 5019 803 5087 cruciﬁgc,
835 5019 1080 5089 cruci/ﬁge
1102 5035 1222 5072 eum
1247 5017 1317 5084 ",
1337 5025 1392 5071 et
1406 5014 1692 5070 irrisiones
1706 5026 1920 5077 eorum,
1942 5025 1970 5063 a
1990 5008 2110 5079 qui-

2221 5018 2307 5072 καὶ
2364 5015 2434 5070 τὰ
2484 5014 2694 5079 τούτοις
2754 5011 3112 5084 παραπλήσια
3157 5006 3621 5077 ὲγκατατέτακται
3670 5005 3783 5068 τοῖς

533 5111 636 5165 bus
671 5120 756 5165 est
782 5112 953 5180 spinis
973 5122 1290 5173 coronatus,
1319 5119 1376 5163 et
1405 5108 1490 5162 his
1513 5104 1714 5162 similia
1738 5118 1837 5174 per
1857 5101 2106 5158 ordinem

2221 5107 2583 5177 Εὐαγγελίοις.
2630 5103 2943 5160 ’Δκόλουθον
2969 5102 3026 5154 δὲ
3050 5100 3258 5162 τούτοις
3288 5096 3406 5151 ἐστὶ
3446 5097 3653 5168 νοῆσαι,
3697 5095 3780 5149 ὅτι

533 5204 588 5258 in
618 5202 929 5272 Evangeliis
959 5203 1131 5272 posita
1158 5209 1309 5256 sunt.
1340 5200 1549 5267 Quibus
1574 5209 1915 5265 consequens
1938 5202 2022 5249 est
2048 5200 2108 5247 ut

2221 5201 2322 5264 πᾶς
2356 5200 2386 5252 ὁ
2416 5198 2524 5252 τῶν
2555 5194 2813 5268 μαθητῶν
2855 5192 2966 5264 (54)
2994 5190 3090 5245 τοῦ
3127 5188 3300 5261 Ἰησοῦ
3326 5187 3610 5260 προδότης,
3640 5181 3780 5239 εἶναι

532 5296 941 5352 consideremus
964 5294 1109 5366 quod
1139 5295 1389 5365 quisquis
1418 5290 1545 5349 Jesu
1579 5288 1876 5359 discipulos
1914 5287 2105 5359 prodi-

2221 5291 2516 5361 λελόγισται
2554 5288 2650 5343 τοῦ
2689 5286 2863 5359 Ἰησοῦ
2904 5283 3190 5357 προδότης.
3226 5280 3370 5353 Πρὸς
3397 5280 3527 5349 γοῦν
3566 5279 3658 5333 τὸν
3697 5277 3780 5332 ιτι

603 5437 649 5474 ⁸⁸
686 5436 789 5491 lsa.
816 5434 981 5498 IL,2.
1056 5434 1141 5467 “‘
1168 5433 1365 5489 Matth.
1395 5448 1448 5497 ν,
1474 5431 1576 5502 145.
1652 5431 1696 5464 ⁸⁷
1742 5428 1877 5485 an.
1918 5443 1992 5493 Iv,
2048 5424 2116 5483 18

532 5506 577 5538 ⁷⁸
606 5505 763 5561 Joan.
804 5522 918 5561 xu.
949 5504 1005 5561 6.
1038 5505 1131 5559 15.

2225 5426 2279 5495 9,
2326 5425 2418 5480 21.
2507 5422 2553 5455 ⁸³
2588 5421 2941 5482 Matthaxw,
2978 5416 3064 5470 l5.
3141 5414 3187 5447 "
3217 5413 3410 5469 Matth.
3450 5428 3582 5477 xxv,
3614 5410 3705 5467 ιο.

638 5523 763 5560 oan.
804 5522 918 5569 xu,
949 5522 1005 5566 ο,
1038 5522 1131 5559 an.

607 5620 718 5691 (53)
780 5618 1425 5691 Ἐμπεριλαμβάνεται..
1445 5656 1492 5673 ..
1543 5616 1826 5691 ειιὺῳιίὸίανΔ
1851 5612 2100 5681 δεδυνη-

2247 5606 2397 5691 -54)
2421 5607 2503 5691 :0
2527 5603 2648 5686 ςῶν
2661 5598 2963 5691 mtas,
2995 5607 3105 5691 etc.
3133 5596 3311 5691 Deest
3332 5596 3776 5691 apurLiluetium

531 5667 740 5760 μένης.
789 5667 1458 5760 Γῧοθίέίξίιυεν
1477 5667 1569 5743 'et'
1582 5667 1932 5760 :l-izirb'erinus
1971 5667 2101 5760 sup-

2221 5667 2316 5733 τῶν
2342 5667 2620 5749 μαθητῶν,
2647 5667 2742 5760 sed
2764 5668 3038 5760 elxstatnad
3068 5667 3368 5760 marginem
3396 5667 3622 5753 codicis.
3642 5668 3765 5722 Βεηι.

535 5736 1560 5829 ﬁstuca'aas'aim‘minus";
1581 5736 2101 5826 ιῑαέιῑέέιςεδιίέιςί-
2207 5736 2406 5829 mnu,
2439 5736 3557 5829 qhsm'admodwn{05533119,Perionii
3609 5740 3758 5795 ίηιοιι

528 5807 956 5885 Eiidi‘.‘""""‘
1013 5807 1130 5829 1"-
1291 5807 1526 5816 "m'n
1581 5807 1848 5815 "'"w'
1888 5807 2072 5826 "Mr
2209 5807 2537 5893 pretatio'ct
2569 5817 2682 5888 ipsa
2721 5810 2990 5871 sententia
3017 5807 3313 5880 postulant.
