  <div class='ocr_page' id='page_1' title='image "/cluster/home/n/w/nwhite01/storage/ocr_20150623/14:no.4/coo.31924054872928/032.png"; bbox 0 0 4174 6466; ppageno 0'>
   <div class='ocr_carea' id='block_1_1' title="bbox 427 413 2009 474">
    <p class='ocr_par' dir='ltr' id='par_1_1' title="bbox 427 413 1977 472">
     <span class='ocr_line' id='line_1_1' title="bbox 427 413 1977 472; baseline 0 -2"><span class='ocrx_word' id='word_1_1' title='bbox 427 417 498 470; x_wconf 69' lang='grc'><strong>45</strong></span> <span class='ocrx_word' id='word_1_2' title='bbox 1514 414 1870 472; x_wconf 77' lang='lat' dir='ltr'><strong>COMMENT.</strong></span> <span class='ocrx_word' id='word_1_3' title='bbox 1910 413 1977 470; x_wconf 83' lang='grc' dir='ltr'><strong>ΙΝ</strong></span> 
     </span>
    </p>
   </div>
   <div class='ocr_carea' id='block_1_2' title="bbox 2109 413 3676 474">
    <p class='ocr_par' dir='ltr' id='par_1_2' title="bbox 2109 416 3676 474">
     <span class='ocr_line' id='line_1_2' title="bbox 2109 416 3676 474; baseline 0.003 -4"><span class='ocrx_word' id='word_1_4' title='bbox 2109 417 2200 470; x_wconf 71' lang='lat' dir='ltr'><strong>iN.</strong></span> <span class='ocrx_word' id='word_1_5' title='bbox 2245 416 2483 473; x_wconf 84' lang='lat' dir='ltr'><strong>TOMUS</strong></span> <span class='ocrx_word' id='word_1_6' title='bbox 2524 419 2566 470; x_wconf 86' lang='lat' dir='ltr'><strong>l.</strong></span> <span class='ocrx_word' id='word_1_7' title='bbox 3607 421 3676 474; x_wconf 68' lang='grc'><strong>66</strong></span> 
     </span>
    </p>
   </div>
   <div class='ocr_carea' id='block_1_3' title="bbox 425 527 2009 602">
    <p class='ocr_par' dir='ltr' id='par_1_3' title="bbox 425 527 2007 601">
     <span class='ocr_line' id='line_1_3' title="bbox 425 527 2007 601; baseline 0.001 -18"><span class='ocrx_word' id='word_1_8' title='bbox 425 527 691 584; x_wconf 82' lang='grc' dir='ltr'><strong>διώκοντα</strong></span> <span class='ocrx_word' id='word_1_9' title='bbox 733 528 970 583; x_wconf 69' lang='grc' dir='ltr'>Σαῦλοψ</span> <span class='ocrx_word' id='word_1_10' title='bbox 1006 529 1226 592; x_wconf 74' lang='grc' dir='ltr'>Σαοὺλ,</span> <span class='ocrx_word' id='word_1_11' title='bbox 1266 530 1485 594; x_wconf 82' lang='grc' dir='ltr'>Σαοὺλ,</span> <span class='ocrx_word' id='word_1_12' title='bbox 1527 533 1586 584; x_wconf 81' lang='grc' dir='ltr'><strong>τί</strong></span> <span class='ocrx_word' id='word_1_13' title='bbox 1618 549 1695 601; x_wconf 80' lang='grc' dir='ltr'>με</span> <span class='ocrx_word' id='word_1_14' title='bbox 1743 531 2007 598; x_wconf 59' lang='lat' dir='ltr'><strong>diducam;</strong></span> 
     </span>
    </p>
   </div>
   <div class='ocr_carea' id='block_1_4' title="bbox 2109 527 3678 602">
    <p class='ocr_par' dir='ltr' id='par_1_4' title="bbox 2112 529 3678 602">
     <span class='ocr_line' id='line_1_4' title="bbox 2112 529 3678 602; baseline 0 -16"><span class='ocrx_word' id='word_1_15' title='bbox 2112 533 2275 596; x_wconf 87' lang='lat' dir='ltr'><strong>derit,</strong></span> <span class='ocrx_word' id='word_1_16' title='bbox 2307 533 2352 586; x_wconf 90' lang='lat' dir='ltr'><strong>is</strong></span> <span class='ocrx_word' id='word_1_17' title='bbox 2391 541 2673 602; x_wconf 88' lang='lat' dir='ltr'><strong>reputetur</strong></span> <span class='ocrx_word' id='word_1_18' title='bbox 2698 529 2878 585; x_wconf 86' lang='lat' dir='ltr'><strong>Jesum</strong></span> <span class='ocrx_word' id='word_1_19' title='bbox 2908 531 3230 602; x_wconf 81' lang='lat' dir='ltr'><strong>prodidisse.</strong></span> <span class='ocrx_word' id='word_1_20' title='bbox 3267 532 3402 589; x_wconf 87' lang='lat' dir='ltr'><strong>[linc</strong></span> <span class='ocrx_word' id='word_1_21' title='bbox 3439 534 3505 588; x_wconf 90' lang='lat' dir='ltr'><strong>ad</strong></span> <span class='ocrx_word' id='word_1_22' title='bbox 3533 534 3678 589; x_wconf 84' lang='lat' dir='ltr'><strong>Pau-</strong></span> 
     </span>
    </p>
   </div>
   <div class='ocr_carea' id='block_1_5' title="bbox 427 620 2003 691">
    <p class='ocr_par' dir='ltr' id='par_1_5' title="bbox 427 620 2003 691">
     <span class='ocr_line' id='line_1_5' title="bbox 427 620 2003 691; baseline 0.003 -19"><span class='ocrx_word' id='word_1_23' title='bbox 427 621 553 673; x_wconf 79' lang='grc' dir='ltr'>καῖ’</span> <span class='ocrx_word' id='word_1_24' title='bbox 623 620 771 690; x_wconf 73' lang='grc' dir='ltr'>Ἐγώ</span> <span class='ocrx_word' id='word_1_25' title='bbox 819 623 935 691; x_wconf 74' lang='grc' dir='ltr'>εἰμι</span> <span class='ocrx_word' id='word_1_26' title='bbox 995 621 1242 689; x_wconf 82' lang='grc' dir='ltr'>Ἰησοῦς,</span> <span class='ocrx_word' id='word_1_27' title='bbox 1296 621 1369 673; x_wconf 82' lang='grc' dir='ltr'><strong>ὃν</strong></span> <span class='ocrx_word' id='word_1_28' title='bbox 1418 622 1500 675; x_wconf 88' lang='grc' dir='ltr'>σὺ</span> <span class='ocrx_word' id='word_1_29' title='bbox 1547 621 1792 689; x_wconf 83' lang='grc' dir='ltr'><strong>διώκεις.</strong></span> <span class='ocrx_word' id='word_1_30' title='bbox 1848 625 2003 687; x_wconf 81' lang='grc' dir='ltr'>Τινὲς</span> 
     </span>
    </p>
   </div>
   <div class='ocr_carea' id='block_1_6' title="bbox 428 709 2006 787">
    <p class='ocr_par' dir='ltr' id='par_1_6' title="bbox 428 709 2006 787">
     <span class='ocr_line' id='line_1_6' title="bbox 428 709 2006 787; baseline 0.002 -21"><span class='ocrx_word' id='word_1_31' title='bbox 428 714 486 766; x_wconf 84' lang='grc' dir='ltr'><strong>δέ</strong></span> <span class='ocrx_word' id='word_1_32' title='bbox 520 712 634 783; x_wconf 79' lang='lat'><strong>(55)</strong></span> <span class='ocrx_word' id='word_1_33' title='bbox 660 714 761 775; x_wconf 84' lang='grc' dir='ltr'>τὰς</span> <span class='ocrx_word' id='word_1_34' title='bbox 799 713 1039 776; x_wconf 70' lang='grc' dir='ltr'>ἀκάνθας</span> <span class='ocrx_word' id='word_1_35' title='bbox 1071 712 1305 783; x_wconf 80' lang='grc' dir='ltr'>ἔχουσιν,</span> <span class='ocrx_word' id='word_1_36' title='bbox 1335 709 1424 777; x_wconf 75' lang='grc' dir='ltr'>αἶς</span> <span class='ocrx_word' id='word_1_37' title='bbox 1442 712 1533 768; x_wconf 76' lang='grc' dir='ltr'>τὸν</span> <span class='ocrx_word' id='word_1_38' title='bbox 1573 715 1780 784; x_wconf 82' lang='grc' dir='ltr'><strong>Ἰησοῦν</strong></span> <span class='ocrx_word' id='word_1_39' title='bbox 1816 717 2006 787; x_wconf 76' lang='grc' dir='ltr'>ἀτιμάο</span> 
     </span>
    </p>
   </div>
   <div class='ocr_carea' id='block_1_7' title="bbox 427 806 2002 878">
    <p class='ocr_par' dir='ltr' id='par_1_7' title="bbox 427 806 2002 878">
     <span class='ocr_line' id='line_1_7' title="bbox 427 806 2002 878; baseline 0.001 -17"><span class='ocrx_word' id='word_1_40' title='bbox 427 809 611 873; x_wconf 80' lang='grc' dir='ltr'>ζοντες</span> <span class='ocrx_word' id='word_1_41' title='bbox 645 807 1020 876; x_wconf 80' lang='grc' dir='ltr'><strong>στεφανοῦσιν,</strong></span> <span class='ocrx_word' id='word_1_42' title='bbox 1061 806 1109 860; x_wconf 82' lang='grc' dir='ltr'>οἳ</span> <span class='ocrx_word' id='word_1_43' title='bbox 1161 807 1265 860; x_wconf 79' lang='grc' dir='ltr'><strong>ὑπὸ</strong></span> <span class='ocrx_word' id='word_1_44' title='bbox 1305 806 1583 878; x_wconf 82' lang='grc' dir='ltr'>μεριμνῶν</span> <span class='ocrx_word' id='word_1_45' title='bbox 1635 808 1730 861; x_wconf 74' lang='grc' dir='ltr'><strong>καὶ</strong></span> <span class='ocrx_word' id='word_1_46' title='bbox 1772 809 2002 862; x_wconf 87' lang='grc' dir='ltr'>πλούτου</span> 
     </span>
    </p>
   </div>
   <div class='ocr_carea' id='block_1_8' title="bbox 427 898 2004 970">
    <p class='ocr_par' dir='ltr' id='par_1_8' title="bbox 427 898 2004 970">
     <span class='ocr_line' id='line_1_8' title="bbox 427 898 2004 970; baseline 0 -17"><span class='ocrx_word' id='word_1_47' title='bbox 427 901 520 953; x_wconf 69' lang='grc' dir='ltr'><strong>καὶ</strong></span> <span class='ocrx_word' id='word_1_48' title='bbox 557 899 762 970; x_wconf 81' lang='grc' dir='ltr'>ἡδονῶν</span> <span class='ocrx_word' id='word_1_49' title='bbox 793 898 889 952; x_wconf 90' lang='grc' dir='ltr'><strong>τοῦ</strong></span> <span class='ocrx_word' id='word_1_50' title='bbox 931 899 1044 969; x_wconf 85' lang='grc' dir='ltr'>βίου</span> <span class='ocrx_word' id='word_1_51' title='bbox 1093 899 1518 970; x_wconf 84' lang='grc' dir='ltr'>συμπνιγόμενοι</span> <span class='ocrx_word' id='word_1_52' title='bbox 1564 899 1702 969; x_wconf 78' lang='lat'><strong>(56),</strong></span> <span class='ocrx_word' id='word_1_53' title='bbox 1748 899 2004 964; x_wconf 79' lang='grc' dir='ltr'>λαϐόντες</span> 
     </span>
    </p>
   </div>
   <div class='ocr_carea' id='block_1_9' title="bbox 426 989 2005 1062">
    <p class='ocr_par' dir='ltr' id='par_1_9' title="bbox 426 989 2005 1062">
     <span class='ocr_line' id='line_1_9' title="bbox 426 989 2005 1062; baseline -0.001 -17"><span class='ocrx_word' id='word_1_54' title='bbox 426 993 517 1047; x_wconf 74' lang='grc' dir='ltr'><strong>τὸν</strong></span> <span class='ocrx_word' id='word_1_55' title='bbox 558 992 716 1060; x_wconf 89' lang='grc' dir='ltr'>λόγον</span> <span class='ocrx_word' id='word_1_56' title='bbox 767 992 861 1044; x_wconf 86' lang='grc' dir='ltr'><strong>τοῦ</strong></span> <span class='ocrx_word' id='word_1_57' title='bbox 908 989 1042 1044; x_wconf 86' lang='grc' dir='ltr'>Θεοῦ</span> <span class='ocrx_word' id='word_1_58' title='bbox 1093 992 1154 1043; x_wconf 84' lang='grc' dir='ltr'><strong>ού</strong></span> <span class='ocrx_word' id='word_1_59' title='bbox 1204 990 1606 1062; x_wconf 89' lang='grc' dir='ltr'>τελεσφοροῦσι.</span> <span class='ocrx_word' id='word_1_60' title='bbox 1657 991 1856 1062; x_wconf 85' lang='grc' dir='ltr'>Διόπερ</span> <span class='ocrx_word' id='word_1_61' title='bbox 1906 1010 2005 1060; x_wconf 84' lang='grc' dir='ltr'>φυ-</span> 
     </span>
    </p>
   </div>
   <div class='ocr_carea' id='block_1_10' title="bbox 427 1079 2004 1153">
    <p class='ocr_par' dir='ltr' id='par_1_10' title="bbox 427 1079 2004 1153">
     <span class='ocr_line' id='line_1_10' title="bbox 427 1079 2004 1153; baseline -0.001 -18"><span class='ocrx_word' id='word_1_62' title='bbox 427 1083 650 1136; x_wconf 84' lang='grc' dir='ltr'>λακτέον</span> <span class='ocrx_word' id='word_1_63' title='bbox 696 1083 903 1153; x_wconf 85' lang='grc' dir='ltr'>μήποτε</span> <span class='ocrx_word' id='word_1_64' title='bbox 938 1081 1034 1133; x_wconf 76' lang='grc' dir='ltr'><strong>καὶ</strong></span> <span class='ocrx_word' id='word_1_65' title='bbox 1071 1081 1233 1150; x_wconf 83' lang='grc' dir='ltr'>ἡμεῖς</span> <span class='ocrx_word' id='word_1_66' title='bbox 1263 1079 1340 1142; x_wconf 82' lang='grc' dir='ltr'>ὡς</span> <span class='ocrx_word' id='word_1_67' title='bbox 1378 1083 1498 1143; x_wconf 86' lang='grc' dir='ltr'>ταῖς</span> <span class='ocrx_word' id='word_1_68' title='bbox 1534 1080 1689 1144; x_wconf 81' lang='grc' dir='ltr'><strong>ἰδίαις</strong></span> <span class='ocrx_word' id='word_1_69' title='bbox 1740 1081 2004 1145; x_wconf 82' lang='grc' dir='ltr'><strong>ἀκάνθαις</strong></span> 
     </span>
    </p>
   </div>
   <div class='ocr_carea' id='block_1_11' title="bbox 430 1169 2004 1240">
    <p class='ocr_par' dir='ltr' id='par_1_11' title="bbox 430 1169 2004 1240">
     <span class='ocr_line' id='line_1_11' title="bbox 430 1169 2004 1240; baseline 0 -16"><span class='ocrx_word' id='word_1_70' title='bbox 430 1170 820 1240; x_wconf 81' lang='grc' dir='ltr'>στεφανοῦντες</span> <span class='ocrx_word' id='word_1_71' title='bbox 850 1169 942 1221; x_wconf 85' lang='grc' dir='ltr'><strong>τὸν</strong></span> <span class='ocrx_word' id='word_1_72' title='bbox 999 1169 1205 1239; x_wconf 87' lang='grc' dir='ltr'>Ἰησοῦν</span> <span class='ocrx_word' id='word_1_73' title='bbox 1261 1169 1720 1240; x_wconf 82' lang='grc' dir='ltr'>ἀναγραφόμενοι,</span> <span class='ocrx_word' id='word_1_74' title='bbox 1775 1170 2004 1224; x_wconf 87' lang='grc' dir='ltr'>τοιοῦτοι</span> 
     </span>
    </p>
   </div>
   <div class='ocr_carea' id='block_1_12' title="bbox 427 1248 2006 1332">
    <p class='ocr_par' dir='ltr' id='par_1_12' title="bbox 427 1248 2006 1332">
     <span class='ocr_line' id='line_1_12' title="bbox 427 1248 2006 1332; baseline -0.002 -15"><span class='ocrx_word' id='word_1_75' title='bbox 427 1248 932 1332; x_wconf 70' lang='grc' dir='ltr'>ἀναγινωσκὼμεθα</span> <span class='ocrx_word' id='word_1_76' title='bbox 976 1259 1128 1331; x_wconf 83' lang='grc' dir='ltr'>παρὰ</span> <span class='ocrx_word' id='word_1_77' title='bbox 1174 1263 1286 1323; x_wconf 86' lang='grc' dir='ltr'>τοῖς</span> <span class='ocrx_word' id='word_1_78' title='bbox 1316 1260 1406 1312; x_wconf 79' lang='grc' dir='ltr'><strong>τὸν</strong></span> <span class='ocrx_word' id='word_1_79' title='bbox 1444 1262 1500 1313; x_wconf 87' lang='grc' dir='ltr'><strong>ἐν</strong></span> <span class='ocrx_word' id='word_1_80' title='bbox 1533 1261 1687 1325; x_wconf 86' lang='grc' dir='ltr'>πᾶσι,</span> <span class='ocrx_word' id='word_1_81' title='bbox 1731 1261 1821 1314; x_wconf 74' lang='grc' dir='ltr'><strong>καὶ</strong></span> <span class='ocrx_word' id='word_1_82' title='bbox 1855 1261 2006 1332; x_wconf 81' lang='grc' dir='ltr'>παρὰ</span> 
     </span>
    </p>
   </div>
   <div class='ocr_carea' id='block_1_13' title="bbox 429 1351 2002 1424">
    <p class='ocr_par' dir='ltr' id='par_1_13' title="bbox 429 1351 2002 1424">
     <span class='ocr_line' id='line_1_13' title="bbox 429 1351 2002 1424; baseline -0.002 -16"><span class='ocrx_word' id='word_1_83' title='bbox 429 1357 563 1409; x_wconf 84' lang='grc' dir='ltr'>πᾶσι</span> <span class='ocrx_word' id='word_1_84' title='bbox 600 1354 898 1424; x_wconf 85' lang='grc' dir='ltr'>λογικοῖςῆ</span> <span class='ocrx_word' id='word_1_85' title='bbox 938 1352 1113 1422; x_wconf 82' lang='grc' dir='ltr'>ἁγίοις</span> <span class='ocrx_word' id='word_1_86' title='bbox 1166 1351 1371 1422; x_wconf 83' lang='grc' dir='ltr'>Ἰησοῦν</span> <span class='ocrx_word' id='word_1_87' title='bbox 1412 1352 1759 1422; x_wconf 82' lang='grc' dir='ltr'>μανθάνουσι,</span> <span class='ocrx_word' id='word_1_88' title='bbox 1793 1353 1904 1405; x_wconf 90' lang='grc' dir='ltr'>τίνι</span> <span class='ocrx_word' id='word_1_89' title='bbox 1944 1369 2002 1405; x_wconf 83' lang='grc' dir='ltr'><strong>τε</strong></span> 
     </span>
    </p>
   </div>
   <div class='ocr_carea' id='block_1_14' title="bbox 426 1444 2005 1518">
    <p class='ocr_par' dir='ltr' id='par_1_14' title="bbox 426 1444 2005 1518">
     <span class='ocr_line' id='line_1_14' title="bbox 426 1444 2005 1518; baseline -0.003 -18"><span class='ocrx_word' id='word_1_90' title='bbox 426 1447 612 1518; x_wconf 77' lang='grc' dir='ltr'>τρόπῳ</span> <span class='ocrx_word' id='word_1_91' title='bbox 655 1446 768 1516; x_wconf 77' lang='grc'>(57)</span> <span class='ocrx_word' id='word_1_92' title='bbox 817 1445 972 1516; x_wconf 84' lang='grc' dir='ltr'>μύρῳ</span> <span class='ocrx_word' id='word_1_93' title='bbox 1023 1444 1322 1514; x_wconf 79' lang='grc' dir='ltr'>ἀλείφεται,</span> <span class='ocrx_word' id='word_1_94' title='bbox 1371 1445 1463 1497; x_wconf 74' lang='grc' dir='ltr'>καὶ</span> <span class='ocrx_word' id='word_1_95' title='bbox 1505 1444 1858 1507; x_wconf 80' lang='grc' dir='ltr'>δειπνίζεται,</span> <span class='ocrx_word' id='word_1_96' title='bbox 1909 1444 2005 1498; x_wconf 73' lang='grc' dir='ltr'><strong>καὶ</strong></span> 
     </span>
    </p>
   </div>
   <div class='ocr_carea' id='block_1_15' title="bbox 426 1536 2008 1609">
    <p class='ocr_par' dir='ltr' id='par_1_15' title="bbox 426 1536 2008 1609">
     <span class='ocr_line' id='line_1_15' title="bbox 426 1536 2008 1609; baseline -0.002 -16"><span class='ocrx_word' id='word_1_97' title='bbox 426 1539 728 1603; x_wconf 72' lang='grc' dir='ltr'>δοξάζεται,</span> <span class='ocrx_word' id='word_1_98' title='bbox 761 1539 794 1609; x_wconf 83' lang='grc' dir='ltr'><strong>ἢ</strong></span> <span class='ocrx_word' id='word_1_99' title='bbox 827 1539 891 1590; x_wconf 85' lang='grc' dir='ltr'><strong>ἐκ</strong></span> <span class='ocrx_word' id='word_1_100' title='bbox 912 1537 1020 1591; x_wconf 83' lang='grc' dir='ltr'>τῶν</span> <span class='ocrx_word' id='word_1_101' title='bbox 1045 1536 1302 1591; x_wconf 77' lang='grc' dir='ltr'>ἐναντίων</span> <span class='ocrx_word' id='word_1_102' title='bbox 1326 1537 1671 1607; x_wconf 75' lang='grc' dir='ltr'>ἀτιμάζεται,</span> <span class='ocrx_word' id='word_1_103' title='bbox 1696 1538 1789 1590; x_wconf 74' lang='grc' dir='ltr'><strong>καὶ</strong></span> <span class='ocrx_word' id='word_1_104' title='bbox 1815 1538 2008 1608; x_wconf 75' lang='grc' dir='ltr'>ἐμπαίο</span> 
     </span>
    </p>
   </div>
   <div class='ocr_carea' id='block_1_16' title="bbox 429 1628 2006 1700">
    <p class='ocr_par' dir='ltr' id='par_1_16' title="bbox 429 1628 2006 1700">
     <span class='ocr_line' id='line_1_16' title="bbox 429 1628 2006 1700; baseline -0.004 -14"><span class='ocrx_word' id='word_1_105' title='bbox 429 1633 601 1698; x_wconf 79' lang='grc' dir='ltr'>ζεται,</span> <span class='ocrx_word' id='word_1_106' title='bbox 633 1633 729 1686; x_wconf 77' lang='grc' dir='ltr'><strong>καὶ</strong></span> <span class='ocrx_word' id='word_1_107' title='bbox 752 1632 1038 1684; x_wconf 88' lang='grc' dir='ltr'>τύπτεται.</span> <span class='ocrx_word' id='word_1_108' title='bbox 1079 1630 1414 1698; x_wconf 86' lang='grc' dir='ltr'>Ἀναγκαίως</span> <span class='ocrx_word' id='word_1_109' title='bbox 1441 1628 1499 1682; x_wconf 85' lang='grc' dir='ltr'>δὲ</span> <span class='ocrx_word' id='word_1_110' title='bbox 1523 1628 1676 1682; x_wconf 82' lang='grc' dir='ltr'>ταῦθ’</span> <span class='ocrx_word' id='word_1_111' title='bbox 1700 1630 1830 1700; x_wconf 82' lang='grc' dir='ltr'>ἡμῖν</span> <span class='ocrx_word' id='word_1_112' title='bbox 1855 1629 2006 1700; x_wconf 76' lang='grc' dir='ltr'>εἴρη-</span> 
     </span>
    </p>
   </div>
   <div class='ocr_carea' id='block_1_17' title="bbox 427 1720 2004 1792">
    <p class='ocr_par' dir='ltr' id='par_1_17' title="bbox 427 1720 2004 1792">
     <span class='ocr_line' id='line_1_17' title="bbox 427 1720 2004 1792; baseline -0.003 -14"><span class='ocrx_word' id='word_1_113' title='bbox 427 1743 518 1778; x_wconf 90' lang='grc' dir='ltr'><strong>ται</strong></span> <span class='ocrx_word' id='word_1_114' title='bbox 572 1723 908 1778; x_wconf 78' lang='grc' dir='ltr'>δεικνύουσιν</span> <span class='ocrx_word' id='word_1_115' title='bbox 957 1723 1033 1786; x_wconf 85' lang='grc' dir='ltr'>ὼς</span> <span class='ocrx_word' id='word_1_116' title='bbox 1075 1721 1277 1790; x_wconf 56' lang='grc' dir='ltr'><strong>ἀγαθαὶ⁹</strong></span> <span class='ocrx_word' id='word_1_117' title='bbox 1317 1721 1474 1792; x_wconf 84' lang='grc' dir='ltr'>ἡμῶν</span> <span class='ocrx_word' id='word_1_118' title='bbox 1519 1720 1766 1790; x_wconf 82' lang='grc' dir='ltr'>πράξεις,</span> <span class='ocrx_word' id='word_1_119' title='bbox 1812 1722 1906 1775; x_wconf 73' lang='grc' dir='ltr'><strong>καὶ</strong></span> <span class='ocrx_word' id='word_1_120' title='bbox 1947 1723 2004 1774; x_wconf 81' lang='grc' dir='ltr'><strong>αἱ</strong></span> 
     </span>
    </p>
   </div>
   <div class='ocr_carea' id='block_1_18' title="bbox 429 1812 2005 1887">
    <p class='ocr_par' dir='ltr' id='par_1_18' title="bbox 429 1812 2005 1887">
     <span class='ocr_line' id='line_1_18' title="bbox 429 1812 2005 1887; baseline -0.003 -18"><span class='ocrx_word' id='word_1_121' title='bbox 429 1816 696 1887; x_wconf 81' lang='grc' dir='ltr'>ἁμαρτίαι</span> <span class='ocrx_word' id='word_1_122' title='bbox 726 1814 835 1867; x_wconf 82' lang='grc' dir='ltr'><strong>τῶν</strong></span> <span class='ocrx_word' id='word_1_123' title='bbox 869 1814 1169 1867; x_wconf 80' lang='grc' dir='ltr'>πταιόντων</span> <span class='ocrx_word' id='word_1_124' title='bbox 1200 1812 1278 1883; x_wconf 80' lang='grc' dir='ltr'>τῷ</span> <span class='ocrx_word' id='word_1_125' title='bbox 1313 1813 1630 1883; x_wconf 82' lang='grc' dir='ltr'>Εὑαγγελίῳ</span> <span class='ocrx_word' id='word_1_126' title='bbox 1663 1813 2005 1880; x_wconf 83' lang='grc' dir='ltr'>ἐγκατατάσ-</span> 
     </span>
    </p>
   </div>
   <div class='ocr_carea' id='block_1_19' title="bbox 2109 624 3673 698">
    <p class='ocr_par' dir='ltr' id='par_1_19' title="bbox 2109 624 3673 698">
     <span class='ocr_line' id='line_1_19' title="bbox 2109 624 3673 698; baseline 0.001 -22"><span class='ocrx_word' id='word_1_127' title='bbox 2109 625 2217 677; x_wconf 92' lang='lat' dir='ltr'><strong>lum</strong></span> <span class='ocrx_word' id='word_1_128' title='bbox 2255 624 2433 678; x_wconf 89' lang='lat' dir='ltr'><strong>adhuc</strong></span> <span class='ocrx_word' id='word_1_129' title='bbox 2463 639 2522 678; x_wconf 88' lang='lat' dir='ltr'><strong>se</strong></span> <span class='ocrx_word' id='word_1_130' title='bbox 2561 634 2974 691; x_wconf 78' lang='lat' dir='ltr'><strong>persequentem</strong></span> <span class='ocrx_word' id='word_1_131' title='bbox 3019 624 3189 696; x_wconf 94' lang='lat' dir='ltr'><strong>[dicit</strong></span> <span class='ocrx_word' id='word_1_132' title='bbox 3223 625 3380 681; x_wconf 82' lang='lat' dir='ltr'><strong>Jesus</strong></span> <span class='ocrx_word' id='word_1_133' title='bbox 3420 649 3430 680; x_wconf 92' lang='lat'><strong><em>:</em></strong></span> <span class='ocrx_word' id='word_1_134' title='bbox 3464 626 3481 698; x_wconf 85' lang='lat'>]</span> <span class='ocrx_word' id='word_1_135' title='bbox 3522 626 3673 690; x_wconf 84' lang='lat' dir='ltr'><strong>Saul,</strong></span> 
     </span>
    </p>
   </div>
   <div class='ocr_carea' id='block_1_20' title="bbox 2108 712 3677 786">
    <p class='ocr_par' dir='ltr' id='par_1_20' title="bbox 2108 712 3677 786">
     <span class='ocr_line' id='line_1_20' title="bbox 2108 712 3677 786; baseline 0.003 -18"><span class='ocrx_word' id='word_1_136' title='bbox 2108 712 2280 775; x_wconf 85' lang='lat' dir='ltr'><strong>Saul,</strong></span> <span class='ocrx_word' id='word_1_137' title='bbox 2335 730 2430 766; x_wconf 84' lang='lat' dir='ltr'><strong>cur</strong></span> <span class='ocrx_word' id='word_1_138' title='bbox 2473 731 2554 768; x_wconf 84' lang='lat' dir='ltr'><strong>me</strong></span> <span class='ocrx_word' id='word_1_139' title='bbox 2591 716 2911 785; x_wconf 85' lang='lat' dir='ltr'><strong>persequeris</strong></span> <span class='ocrx_word' id='word_1_140' title='bbox 2938 716 3036 770; x_wconf 71' lang='lat'><strong>7‘?</strong></span> <span class='ocrx_word' id='word_1_141' title='bbox 3074 716 3143 770; x_wconf 87' lang='lat' dir='ltr'><strong>Et</strong></span> <span class='ocrx_word' id='word_1_142' title='bbox 3177 717 3303 770; x_wconf 90' lang='lat' dir='ltr'><strong>illud</strong></span> <span class='ocrx_word' id='word_1_143' title='bbox 3352 735 3365 770; x_wconf 91' lang='lat'>:</span> <span class='ocrx_word' id='word_1_144' title='bbox 3406 716 3516 786; x_wconf 83' lang='lat' dir='ltr'><strong>Ego</strong></span> <span class='ocrx_word' id='word_1_145' title='bbox 3560 736 3677 772; x_wconf 84' lang='lat' dir='ltr'><strong>sum</strong></span> 
     </span>
    </p>
   </div>
   <div class='ocr_carea' id='block_1_21' title="bbox 2104 804 3678 879">
    <p class='ocr_par' dir='ltr' id='par_1_21' title="bbox 2104 804 3678 879">
     <span class='ocr_line' id='line_1_21' title="bbox 2104 804 3678 879; baseline 0.003 -21"><span class='ocrx_word' id='word_1_146' title='bbox 2104 805 2262 860; x_wconf 76' lang='lat' dir='ltr'><strong>Iesus</strong></span> <span class='ocrx_word' id='word_1_147' title='bbox 2293 804 2676 879; x_wconf 79' lang='lat' dir='ltr'><strong>[Nazarenus,]</strong></span> <span class='ocrx_word' id='word_1_148' title='bbox 2701 824 2852 870; x_wconf 85' lang='lat' dir='ltr'><strong>quem</strong></span> <span class='ocrx_word' id='word_1_149' title='bbox 2883 817 2940 860; x_wconf 84' lang='grc' dir='ltr'>ιιι</span> <span class='ocrx_word' id='word_1_150' title='bbox 2970 809 3294 878; x_wconf 79' lang='lat' dir='ltr'><strong>persequeris</strong></span> <span class='ocrx_word' id='word_1_151' title='bbox 3315 808 3380 859; x_wconf 83' lang='lat'><strong>&quot;.</strong></span> <span class='ocrx_word' id='word_1_152' title='bbox 3413 807 3513 873; x_wconf 83' lang='lat' dir='ltr'><strong>Qui</strong></span> <span class='ocrx_word' id='word_1_153' title='bbox 3545 824 3678 862; x_wconf 87' lang='lat' dir='ltr'><strong>vero</strong></span> 
     </span>
    </p>
   </div>
   <div class='ocr_carea' id='block_1_22' title="bbox 2107 899 3676 970">
    <p class='ocr_par' dir='ltr' id='par_1_22' title="bbox 2107 899 3676 970">
     <span class='ocr_line' id='line_1_22' title="bbox 2107 899 3676 970; baseline 0.001 -18"><span class='ocrx_word' id='word_1_154' title='bbox 2107 899 2291 967; x_wconf 82' lang='lat' dir='ltr'><strong>spinas</strong></span> <span class='ocrx_word' id='word_1_155' title='bbox 2349 901 2572 962; x_wconf 87' lang='lat' dir='ltr'><strong>habent,</strong></span> <span class='ocrx_word' id='word_1_156' title='bbox 2614 901 2812 970; x_wconf 84' lang='lat' dir='ltr'><strong>quibus</strong></span> <span class='ocrx_word' id='word_1_157' title='bbox 2863 909 3102 970; x_wconf 88' lang='lat' dir='ltr'><strong>spretum</strong></span> <span class='ocrx_word' id='word_1_158' title='bbox 3150 900 3334 954; x_wconf 83' lang='lat' dir='ltr'><strong>Jesum</strong></span> <span class='ocrx_word' id='word_1_159' title='bbox 3392 909 3676 963; x_wconf 90' lang='lat' dir='ltr'><strong>coroneut,</strong></span> 
     </span>
    </p>
   </div>
   <div class='ocr_carea' id='block_1_23' title="bbox 2109 991 3678 1062">
    <p class='ocr_par' dir='ltr' id='par_1_23' title="bbox 2109 991 3678 1062">
     <span class='ocr_line' id='line_1_23' title="bbox 2109 991 3678 1062; baseline 0.003 -18"><span class='ocrx_word' id='word_1_160' title='bbox 2109 991 2215 1044; x_wconf 90' lang='lat' dir='ltr'><strong>nisi</strong></span> <span class='ocrx_word' id='word_1_161' title='bbox 2245 992 2298 1044; x_wconf 94' lang='lat' dir='ltr'><strong>hi</strong></span> <span class='ocrx_word' id='word_1_162' title='bbox 2328 992 2418 1060; x_wconf 88' lang='lat' dir='ltr'><strong>qui</strong></span> <span class='ocrx_word' id='word_1_163' title='bbox 2450 992 2767 1046; x_wconf 75' lang='lat' dir='ltr'><strong>divitiarum</strong></span> <span class='ocrx_word' id='word_1_164' title='bbox 2800 993 3260 1048; x_wconf 74' lang='lat' dir='ltr'><strong>sollicitudinibus</strong></span> <span class='ocrx_word' id='word_1_165' title='bbox 3297 1009 3360 1048; x_wconf 92' lang='lat' dir='ltr'><strong>ac</strong></span> <span class='ocrx_word' id='word_1_166' title='bbox 3392 996 3678 1062; x_wconf 64' lang='lat' dir='ltr'><strong>praesentis</strong></span> 
     </span>
    </p>
   </div>
   <div class='ocr_carea' id='block_1_24' title="bbox 2106 1081 3678 1156">
    <p class='ocr_par' dir='ltr' id='par_1_24' title="bbox 2106 1081 3678 1156">
     <span class='ocr_line' id='line_1_24' title="bbox 2106 1081 3678 1156; baseline 0.005 -24"><span class='ocrx_word' id='word_1_167' title='bbox 2106 1083 2232 1135; x_wconf 70' lang='lat' dir='ltr'><strong>vitae</strong></span> <span class='ocrx_word' id='word_1_168' title='bbox 2263 1082 2630 1149; x_wconf 74' lang='lat' dir='ltr'><strong>voluptatibus</strong></span> <span class='ocrx_word' id='word_1_169' title='bbox 2679 1081 2947 1147; x_wconf 80' lang='lat' dir='ltr'><strong>sutl&#39;ocati,</strong></span> <span class='ocrx_word' id='word_1_170' title='bbox 2995 1102 3061 1140; x_wconf 81' lang='lat' dir='ltr'><strong>ex</strong></span> <span class='ocrx_word' id='word_1_171' title='bbox 3109 1096 3330 1156; x_wconf 89' lang='lat' dir='ltr'><strong>accepto</strong></span> <span class='ocrx_word' id='word_1_172' title='bbox 3378 1086 3473 1140; x_wconf 89' lang='lat' dir='ltr'><strong>Dei</strong></span> <span class='ocrx_word' id='word_1_173' title='bbox 3509 1086 3678 1140; x_wconf 89' lang='lat' dir='ltr'><strong>verbo</strong></span> 
     </span>
    </p>
   </div>
   <div class='ocr_carea' id='block_1_25' title="bbox 2108 1171 3680 1234">
    <p class='ocr_par' dir='ltr' id='par_1_25' title="bbox 2108 1171 3680 1234">
     <span class='ocr_line' id='line_1_25' title="bbox 2108 1171 3680 1234; baseline 0.005 -8"><span class='ocrx_word' id='word_1_174' title='bbox 2108 1171 2318 1226; x_wconf 91' lang='lat' dir='ltr'><strong>nullum</strong></span> <span class='ocrx_word' id='word_1_175' title='bbox 2370 1172 2614 1226; x_wconf 77' lang='lat' dir='ltr'><strong>referunt</strong></span> <span class='ocrx_word' id='word_1_176' title='bbox 2647 1172 2879 1228; x_wconf 81' lang='lat' dir='ltr'><strong>fructum</strong></span> <span class='ocrx_word' id='word_1_177' title='bbox 2903 1175 2928 1229; x_wconf 68' lang='grc' dir='ltr'><strong>’ἒ</strong></span> <span class='ocrx_word' id='word_1_178' title='bbox 2956 1175 3194 1232; x_wconf 87' lang='lat' dir='ltr'><strong>Proinde</strong></span> <span class='ocrx_word' id='word_1_179' title='bbox 3239 1180 3540 1234; x_wconf 88' lang='lat' dir='ltr'><strong>cavendum</strong></span> <span class='ocrx_word' id='word_1_180' title='bbox 3593 1191 3680 1234; x_wconf 84' lang='lat' dir='ltr'><strong>est</strong></span> 
     </span>
    </p>
   </div>
   <div class='ocr_carea' id='block_1_26' title="bbox 2107 1263 3680 1333">
    <p class='ocr_par' dir='ltr' id='par_1_26' title="bbox 2107 1263 3680 1333">
     <span class='ocr_line' id='line_1_26' title="bbox 2107 1263 3680 1333; baseline 0.008 -17"><span class='ocrx_word' id='word_1_181' title='bbox 2107 1263 2265 1317; x_wconf 92' lang='lat' dir='ltr'><strong>nobis</strong></span> <span class='ocrx_word' id='word_1_182' title='bbox 2310 1278 2377 1318; x_wconf 90' lang='lat' dir='ltr'><strong>ne</strong></span> <span class='ocrx_word' id='word_1_183' title='bbox 2421 1265 2642 1333; x_wconf 80' lang='lat' dir='ltr'><strong>quando</strong></span> <span class='ocrx_word' id='word_1_184' title='bbox 2681 1265 2734 1318; x_wconf 92' lang='lat' dir='ltr'><strong>in</strong></span> <span class='ocrx_word' id='word_1_185' title='bbox 2783 1280 2970 1320; x_wconf 89' lang='lat' dir='ltr'><strong>eorum</strong></span> <span class='ocrx_word' id='word_1_186' title='bbox 3029 1283 3310 1325; x_wconf 87' lang='lat' dir='ltr'><strong>numerum</strong></span> <span class='ocrx_word' id='word_1_187' title='bbox 3373 1272 3576 1327; x_wconf 90' lang='lat' dir='ltr'><strong>redacti</strong></span> <span class='ocrx_word' id='word_1_188' title='bbox 3613 1289 3680 1328; x_wconf 89' lang='lat' dir='ltr'><strong>ac</strong></span> 
     </span>
    </p>
   </div>
   <div class='ocr_carea' id='block_1_27' title="bbox 2112 1353 3679 1434">
    <p class='ocr_par' dir='ltr' id='par_1_27' title="bbox 2112 1353 3679 1434">
     <span class='ocr_line' id='line_1_27' title="bbox 2112 1353 3679 1434; baseline 0.006 -27"><span class='ocrx_word' id='word_1_189' title='bbox 2112 1353 2370 1424; x_wconf 88' lang='lat' dir='ltr'><strong>descripti</strong></span> <span class='ocrx_word' id='word_1_190' title='bbox 2425 1355 2516 1423; x_wconf 91' lang='lat' dir='ltr'><strong>qui</strong></span> <span class='ocrx_word' id='word_1_191' title='bbox 2569 1353 2754 1410; x_wconf 82' lang='lat' dir='ltr'><strong>Jesum</strong></span> <span class='ocrx_word' id='word_1_192' title='bbox 2809 1357 2922 1411; x_wconf 89' lang='lat' dir='ltr'><strong>suis</strong></span> <span class='ocrx_word' id='word_1_193' title='bbox 2969 1370 3232 1414; x_wconf 87' lang='lat' dir='ltr'><strong>coronant</strong></span> <span class='ocrx_word' id='word_1_194' title='bbox 3277 1363 3466 1432; x_wconf 88' lang='lat' dir='ltr'><strong>spinis,</strong></span> <span class='ocrx_word' id='word_1_195' title='bbox 3518 1365 3679 1434; x_wconf 85' lang='lat' dir='ltr'><strong>hujus</strong></span> 
     </span>
    </p>
   </div>
   <div class='ocr_carea' id='block_1_28' title="bbox 2107 1444 3676 1522">
    <p class='ocr_par' dir='ltr' id='par_1_28' title="bbox 2107 1444 3676 1522">
     <span class='ocr_line' id='line_1_28' title="bbox 2107 1444 3676 1522; baseline 0.008 -24"><span class='ocrx_word' id='word_1_196' title='bbox 2107 1444 2324 1514; x_wconf 80' lang='lat' dir='ltr'><strong>generis</strong></span> <span class='ocrx_word' id='word_1_197' title='bbox 2375 1445 2622 1501; x_wconf 91' lang='lat' dir='ltr'><strong>homines</strong></span> <span class='ocrx_word' id='word_1_198' title='bbox 2666 1461 2787 1500; x_wconf 91' lang='lat' dir='ltr'><strong>esse</strong></span> <span class='ocrx_word' id='word_1_199' title='bbox 2828 1447 3073 1516; x_wconf 82' lang='lat' dir='ltr'><strong>legamur</strong></span> <span class='ocrx_word' id='word_1_200' title='bbox 3113 1452 3181 1506; x_wconf 86' lang='lat' dir='ltr'><strong>ab</strong></span> <span class='ocrx_word' id='word_1_201' title='bbox 3220 1453 3283 1505; x_wconf 88' lang='lat' dir='ltr'><strong>iis</strong></span> <span class='ocrx_word' id='word_1_202' title='bbox 3327 1456 3419 1522; x_wconf 90' lang='lat' dir='ltr'><strong>qui</strong></span> <span class='ocrx_word' id='word_1_203' title='bbox 3465 1456 3676 1510; x_wconf 92' lang='lat' dir='ltr'><strong>discunt</strong></span> 
     </span>
    </p>
   </div>
   <div class='ocr_carea' id='block_1_29' title="bbox 2108 1537 3675 1613">
    <p class='ocr_par' dir='ltr' id='par_1_29' title="bbox 2108 1537 3675 1613">
     <span class='ocr_line' id='line_1_29' title="bbox 2108 1537 3675 1613; baseline 0.007 -24"><span class='ocrx_word' id='word_1_204' title='bbox 2108 1551 2215 1606; x_wconf 86' lang='lat' dir='ltr'><strong>quo</strong></span> <span class='ocrx_word' id='word_1_205' title='bbox 2241 1547 2400 1603; x_wconf 89' lang='lat' dir='ltr'><strong>pacto</strong></span> <span class='ocrx_word' id='word_1_206' title='bbox 2420 1537 2598 1604; x_wconf 87' lang='lat' dir='ltr'><strong>Jesus,</strong></span> <span class='ocrx_word' id='word_1_207' title='bbox 2631 1541 2723 1608; x_wconf 92' lang='lat' dir='ltr'><strong>qui</strong></span> <span class='ocrx_word' id='word_1_208' title='bbox 2750 1542 2802 1595; x_wconf 93' lang='lat' dir='ltr'><strong>in</strong></span> <span class='ocrx_word' id='word_1_209' title='bbox 2822 1543 3074 1598; x_wconf 87' lang='lat' dir='ltr'><strong>omnibus</strong></span> <span class='ocrx_word' id='word_1_210' title='bbox 3105 1553 3160 1597; x_wconf 92' lang='lat' dir='ltr'><strong>et</strong></span> <span class='ocrx_word' id='word_1_211' title='bbox 3188 1559 3352 1613; x_wconf 89' lang='lat' dir='ltr'><strong>penes</strong></span> <span class='ocrx_word' id='word_1_212' title='bbox 3369 1562 3556 1602; x_wconf 89' lang='lat' dir='ltr'><strong>omnes</strong></span> <span class='ocrx_word' id='word_1_213' title='bbox 3585 1563 3675 1600; x_wconf 86' lang='lat' dir='ltr'><strong>ra-</strong></span> 
     </span>
    </p>
   </div>
   <div class='ocr_carea' id='block_1_30' title="bbox 2111 1629 3677 1703">
    <p class='ocr_par' dir='ltr' id='par_1_30' title="bbox 2111 1629 3677 1703">
     <span class='ocr_line' id='line_1_30' title="bbox 2111 1629 3677 1703; baseline 0.008 -22"><span class='ocrx_word' id='word_1_214' title='bbox 2111 1629 2271 1684; x_wconf 87' lang='lat' dir='ltr'><strong>tionis</strong></span> <span class='ocrx_word' id='word_1_215' title='bbox 2318 1640 2595 1700; x_wconf 90' lang='lat' dir='ltr'><strong>compotes</strong></span> <span class='ocrx_word' id='word_1_216' title='bbox 2630 1641 2684 1687; x_wconf 89' lang='lat' dir='ltr'><strong>et</strong></span> <span class='ocrx_word' id='word_1_217' title='bbox 2731 1646 2952 1691; x_wconf 90' lang='lat' dir='ltr'><strong>sanctos</strong></span> <span class='ocrx_word' id='word_1_218' title='bbox 2989 1647 3380 1703; x_wconf 80' lang='lat' dir='ltr'><strong>commoratur,</strong></span> <span class='ocrx_word' id='word_1_219' title='bbox 3427 1648 3541 1692; x_wconf 90' lang='lat' dir='ltr'><strong>tum</strong></span> <span class='ocrx_word' id='word_1_220' title='bbox 3576 1657 3677 1694; x_wconf 88' lang='lat' dir='ltr'><strong>un-</strong></span> 
     </span>
    </p>
   </div>
   <div class='ocr_carea' id='block_1_31' title="bbox 2107 1728 3679 1799">
    <p class='ocr_par' dir='ltr' id='par_1_31' title="bbox 2107 1728 3679 1799">
     <span class='ocr_line' id='line_1_31' title="bbox 2107 1728 3679 1799; baseline 0.01 -27"><span class='ocrx_word' id='word_1_221' title='bbox 2107 1729 2308 1786; x_wconf 88' lang='lat' dir='ltr'><strong>guento</strong></span> <span class='ocrx_word' id='word_1_222' title='bbox 2335 1732 2590 1793; x_wconf 85' lang='lat' dir='ltr'><strong>ungatur,</strong></span> <span class='ocrx_word' id='word_1_223' title='bbox 2626 1734 2739 1781; x_wconf 92' lang='lat' dir='ltr'><strong>tum</strong></span> <span class='ocrx_word' id='word_1_224' title='bbox 2759 1728 3014 1783; x_wconf 89' lang='lat' dir='ltr'><strong>convivio</strong></span> <span class='ocrx_word' id='word_1_225' title='bbox 3037 1731 3365 1799; x_wconf 83' lang='lat' dir='ltr'><strong>excipiatur,</strong></span> <span class='ocrx_word' id='word_1_226' title='bbox 3399 1747 3463 1786; x_wconf 89' lang='lat' dir='ltr'><strong>ac</strong></span> <span class='ocrx_word' id='word_1_227' title='bbox 3485 1732 3679 1787; x_wconf 86' lang='lat' dir='ltr'><strong>deinde</strong></span> 
     </span>
    </p>
   </div>
   <div class='ocr_carea' id='block_1_32' title="bbox 2108 1810 3681 1892">
    <p class='ocr_par' dir='ltr' id='par_1_32' title="bbox 2108 1810 3681 1892">
     <span class='ocr_line' id='line_1_32' title="bbox 2108 1810 3681 1892; baseline 0.007 -27"><span class='ocrx_word' id='word_1_228' title='bbox 2108 1810 2448 1880; x_wconf 86' lang='lat' dir='ltr'><strong>gloriﬁcetur</strong></span> <span class='ocrx_word' id='word_1_229' title='bbox 2477 1825 2588 1871; x_wconf 92' lang='lat' dir='ltr'><strong>tum</strong></span> <span class='ocrx_word' id='word_1_230' title='bbox 2621 1828 2812 1874; x_wconf 89' lang='lat' dir='ltr'><strong>contra</strong></span> <span class='ocrx_word' id='word_1_231' title='bbox 2844 1832 3152 1890; x_wconf 87' lang='lat' dir='ltr'><strong>spernatur,</strong></span> <span class='ocrx_word' id='word_1_232' title='bbox 3185 1824 3590 1892; x_wconf 90' lang='lat' dir='ltr'><strong>irrideaturque</strong></span> <span class='ocrx_word' id='word_1_233' title='bbox 3615 1837 3681 1876; x_wconf 90' lang='lat' dir='ltr'><strong>ae</strong></span> 
     </span>
    </p>
   </div>
   <div class='ocr_carea' id='block_1_33' title="bbox 429 1902 2009 1977">
    <p class='ocr_par' dir='ltr' id='par_1_33' title="bbox 429 1902 2006 1977">
     <span class='ocr_line' id='line_1_33' title="bbox 429 1902 2006 1977; baseline -0.003 -17"><span class='ocrx_word' id='word_1_234' title='bbox 429 1924 634 1968; x_wconf 88' lang='grc' dir='ltr'>σονται,</span> <span class='ocrx_word' id='word_1_235' title='bbox 665 1907 783 1977; x_wconf 78' lang='grc' dir='ltr'>ἦτοι</span> <span class='ocrx_word' id='word_1_236' title='bbox 813 1907 894 1968; x_wconf 80' lang='grc' dir='ltr'>εἰς</span> <span class='ocrx_word' id='word_1_237' title='bbox 926 1903 1070 1975; x_wconf 83' lang='grc' dir='ltr'>ζωὴν</span> <span class='ocrx_word' id='word_1_238' title='bbox 1114 1902 1350 1968; x_wconf 84' lang='grc' dir='ltr'>αἰώνιον,</span> <span class='ocrx_word' id='word_1_239' title='bbox 1379 1903 1412 1974; x_wconf 78' lang='grc' dir='ltr'>ἢ</span> <span class='ocrx_word' id='word_1_240' title='bbox 1441 1905 1523 1967; x_wconf 82' lang='grc' dir='ltr'><strong>εἰς</strong></span> <span class='ocrx_word' id='word_1_241' title='bbox 1556 1902 1876 1974; x_wconf 81' lang='grc' dir='ltr'>ὀνειδισμὸν,</span> <span class='ocrx_word' id='word_1_242' title='bbox 1911 1902 2006 1957; x_wconf 76' lang='grc' dir='ltr'>καὶ</span> 
     </span>
    </p>
   </div>
   <div class='ocr_carea' id='block_1_34' title="bbox 2109 1902 3681 1977">
    <p class='ocr_par' dir='ltr' id='par_1_34' title="bbox 2109 1903 3681 1972">
     <span class='ocr_line' id='line_1_34' title="bbox 2109 1903 3681 1972; baseline 0.006 -17"><span class='ocrx_word' id='word_1_243' title='bbox 2109 1903 2345 1972; x_wconf 86' lang='lat' dir='ltr'><strong>vapulet.</strong></span> <span class='ocrx_word' id='word_1_244' title='bbox 2374 1904 2692 1965; x_wconf 85' lang='lat' dir='ltr'><strong>Necessario</strong></span> <span class='ocrx_word' id='word_1_245' title='bbox 2723 1921 2907 1967; x_wconf 91' lang='lat' dir='ltr'><strong>autem</strong></span> <span class='ocrx_word' id='word_1_246' title='bbox 2943 1913 3058 1966; x_wconf 67' lang='lat' dir='ltr'><strong>haec</strong></span> <span class='ocrx_word' id='word_1_247' title='bbox 3105 1927 3134 1965; x_wconf 92' lang='lat' dir='ltr'><strong>a</strong></span> <span class='ocrx_word' id='word_1_248' title='bbox 3183 1914 3342 1968; x_wconf 88' lang='lat' dir='ltr'><strong>nobis</strong></span> <span class='ocrx_word' id='word_1_249' title='bbox 3378 1913 3520 1967; x_wconf 89' lang='lat' dir='ltr'><strong>dicta</strong></span> <span class='ocrx_word' id='word_1_250' title='bbox 3551 1924 3681 1968; x_wconf 87' lang='lat' dir='ltr'><strong>sunt</strong></span> 
     </span>
    </p>
   </div>
   <div class='ocr_carea' id='block_1_35' title="bbox 427 1994 1058 2068">
    <p class='ocr_par' dir='ltr' id='par_1_35' title="bbox 427 1994 1058 2068">
     <span class='ocr_line' id='line_1_35' title="bbox 427 1994 1058 2068; baseline -0.002 -17"><span class='ocrx_word' id='word_1_251' title='bbox 427 2001 508 2062; x_wconf 83' lang='grc' dir='ltr'><strong>εἰς</strong></span> <span class='ocrx_word' id='word_1_252' title='bbox 533 1997 792 2068; x_wconf 82' lang='grc' dir='ltr'>αἰσχύνην</span> <span class='ocrx_word' id='word_1_253' title='bbox 818 1994 1058 2050; x_wconf 77' lang='grc' dir='ltr'>αἰώνιον.</span> 
     </span>
    </p>
   </div>
   <div class='ocr_carea' id='block_1_36' title="bbox 2117 1994 3681 2068">
    <p class='ocr_par' dir='ltr' id='par_1_36' title="bbox 2117 1994 3681 2068">
     <span class='ocr_line' id='line_1_36' title="bbox 2117 1994 3681 2068; baseline 0.006 -19"><span class='ocrx_word' id='word_1_254' title='bbox 2117 1994 2617 2056; x_wconf 84' lang='lat' dir='ltr'><strong>demonstrantibus</strong></span> <span class='ocrx_word' id='word_1_255' title='bbox 2645 2016 2836 2059; x_wconf 91' lang='lat' dir='ltr'><strong>omnes</strong></span> <span class='ocrx_word' id='word_1_256' title='bbox 2865 2005 3111 2059; x_wconf 86' lang='lat' dir='ltr'><strong>actiones</strong></span> <span class='ocrx_word' id='word_1_257' title='bbox 3136 2013 3354 2060; x_wconf 89' lang='lat' dir='ltr'><strong>nostras</strong></span> <span class='ocrx_word' id='word_1_258' title='bbox 3395 2004 3588 2068; x_wconf 89' lang='lat' dir='ltr'><strong>bonas,</strong></span> <span class='ocrx_word' id='word_1_259' title='bbox 3624 2016 3681 2059; x_wconf 90' lang='lat' dir='ltr'><strong>et</strong></span> 
     </span>
    </p>
   </div>
   <div class='ocr_carea' id='block_1_37' title="bbox 427 2084 3679 2166">
    <p class='ocr_par' dir='ltr' id='par_1_37' title="bbox 427 2084 3679 2166">
     <span class='ocr_line' id='line_1_37' title="bbox 427 2084 3679 2166; baseline 0.002 -22"><span class='ocrx_word' id='word_1_260' title='bbox 427 2099 648 2159; x_wconf 85' lang='lat' dir='ltr'><strong>peccata</strong></span> <span class='ocrx_word' id='word_1_261' title='bbox 683 2088 1113 2152; x_wconf 82' lang='lat' dir='ltr'><strong>delinquentium</strong></span> <span class='ocrx_word' id='word_1_262' title='bbox 1156 2101 1253 2156; x_wconf 91' lang='lat' dir='ltr'><strong>per</strong></span> <span class='ocrx_word' id='word_1_263' title='bbox 1297 2085 1542 2140; x_wconf 91' lang='lat' dir='ltr'><strong>ordinem</strong></span> <span class='ocrx_word' id='word_1_264' title='bbox 1588 2085 1641 2139; x_wconf 94' lang='lat' dir='ltr'><strong>in</strong></span> <span class='ocrx_word' id='word_1_265' title='bbox 1691 2084 1987 2156; x_wconf 80' lang='lat' dir='ltr'><strong>Evangelia</strong></span> <span class='ocrx_word' id='word_1_266' title='bbox 2022 2099 2147 2141; x_wconf 90' lang='lat' dir='ltr'><strong>esse</strong></span> <span class='ocrx_word' id='word_1_267' title='bbox 2197 2091 2399 2158; x_wconf 90' lang='lat' dir='ltr'><strong>posita,</strong></span> <span class='ocrx_word' id='word_1_268' title='bbox 2445 2099 2540 2145; x_wconf 91' lang='lat' dir='ltr'><strong>aut</strong></span> <span class='ocrx_word' id='word_1_269' title='bbox 2577 2093 2644 2148; x_wconf 91' lang='lat' dir='ltr'><strong>ad</strong></span> <span class='ocrx_word' id='word_1_270' title='bbox 2692 2095 2859 2149; x_wconf 88' lang='lat' dir='ltr'><strong>vitam</strong></span> <span class='ocrx_word' id='word_1_271' title='bbox 2911 2106 3190 2161; x_wconf 75' lang='lat' dir='ltr'><strong>aeternam,</strong></span> <span class='ocrx_word' id='word_1_272' title='bbox 3226 2105 3318 2149; x_wconf 89' lang='lat' dir='ltr'><strong>aut</strong></span> <span class='ocrx_word' id='word_1_273' title='bbox 3366 2096 3431 2150; x_wconf 89' lang='lat' dir='ltr'><strong>ad</strong></span> <span class='ocrx_word' id='word_1_274' title='bbox 3480 2112 3679 2166; x_wconf 89' lang='lat' dir='ltr'><strong>oppro-</strong></span> 
     </span>
    </p>
   </div>
   <div class='ocr_carea' id='block_1_38' title="bbox 426 2183 1545 2252">
    <p class='ocr_par' dir='ltr' id='par_1_38' title="bbox 426 2183 1545 2252">
     <span class='ocr_line' id='line_1_38' title="bbox 426 2183 1545 2252; baseline -0.005 -10"><span class='ocrx_word' id='word_1_275' title='bbox 426 2187 606 2242; x_wconf 82' lang='lat' dir='ltr'><strong>brium</strong></span> <span class='ocrx_word' id='word_1_276' title='bbox 639 2195 696 2240; x_wconf 89' lang='lat' dir='ltr'><strong>et</strong></span> <span class='ocrx_word' id='word_1_277' title='bbox 723 2185 1106 2240; x_wconf 76' lang='lat' dir='ltr'><strong>confusionem</strong></span> <span class='ocrx_word' id='word_1_278' title='bbox 1133 2183 1545 2252; x_wconf 88' lang='lat' dir='ltr'><strong>sempiternam.</strong></span> 
     </span>
    </p>
   </div>
   <div class='ocr_carea' id='block_1_39' title="bbox 500 2275 2008 2348">
    <p class='ocr_par' dir='ltr' id='par_1_39' title="bbox 500 2275 2008 2348">
     <span class='ocr_line' id='line_1_39' title="bbox 500 2275 2008 2348; baseline -0.003 -18"><span class='ocrx_word' id='word_1_279' title='bbox 500 2279 586 2332; x_wconf 74' lang='grc'><strong>15.</strong></span> <span class='ocrx_word' id='word_1_280' title='bbox 623 2279 687 2330; x_wconf 75' lang='lat' dir='ltr'><strong>Ei</strong></span> <span class='ocrx_word' id='word_1_281' title='bbox 721 2278 780 2331; x_wconf 72' lang='grc' dir='ltr'>δὲ</span> <span class='ocrx_word' id='word_1_282' title='bbox 815 2278 872 2330; x_wconf 82' lang='grc' dir='ltr'><strong>ἐν</strong></span> <span class='ocrx_word' id='word_1_283' title='bbox 899 2276 1204 2348; x_wconf 84' lang='grc' dir='ltr'>ἀνθρώποις</span> <span class='ocrx_word' id='word_1_284' title='bbox 1235 2277 1373 2328; x_wconf 72' lang='grc' dir='ltr'>εἰσὶν</span> <span class='ocrx_word' id='word_1_285' title='bbox 1417 2276 1466 2328; x_wconf 81' lang='lat' dir='ltr'><strong>oi</strong></span> <span class='ocrx_word' id='word_1_286' title='bbox 1504 2275 1857 2346; x_wconf 79' lang='grc' dir='ltr'>τετιμημένοι</span> <span class='ocrx_word' id='word_1_287' title='bbox 1899 2275 2008 2328; x_wconf 90' lang='grc' dir='ltr'>δια-</span> 
     </span>
    </p>
   </div>
   <div class='ocr_carea' id='block_1_40' title="bbox 428 2364 2009 2440">
    <p class='ocr_par' dir='ltr' id='par_1_40' title="bbox 428 2364 2009 2440">
     <span class='ocr_line' id='line_1_40' title="bbox 428 2364 2009 2440; baseline -0.004 -18"><span class='ocrx_word' id='word_1_288' title='bbox 428 2369 582 2440; x_wconf 77' lang='grc' dir='ltr'>κονίᾳ</span> <span class='ocrx_word' id='word_1_289' title='bbox 629 2372 695 2440; x_wconf 79' lang='grc' dir='ltr'>τῇ</span> <span class='ocrx_word' id='word_1_290' title='bbox 748 2367 857 2420; x_wconf 81' lang='grc' dir='ltr'><strong>τῶν</strong></span> <span class='ocrx_word' id='word_1_291' title='bbox 903 2367 1334 2436; x_wconf 84' lang='grc' dir='ltr'>εῦαγγελιστῶν,</span> <span class='ocrx_word' id='word_1_292' title='bbox 1381 2366 1476 2418; x_wconf 73' lang='grc' dir='ltr'><strong>καὶ</strong></span> <span class='ocrx_word' id='word_1_293' title='bbox 1525 2365 1686 2429; x_wconf 83' lang='grc' dir='ltr'>αὐτὸς</span> <span class='ocrx_word' id='word_1_294' title='bbox 1729 2366 1758 2416; x_wconf 99' lang='lat'><strong>6</strong></span> <span class='ocrx_word' id='word_1_295' title='bbox 1803 2364 2009 2436; x_wconf 81' lang='grc' dir='ltr'>Ἰησοῦς</span> 
     </span>
    </p>
   </div>
   <div class='ocr_carea' id='block_1_41' title="bbox 428 2459 2006 2540">
    <p class='ocr_par' dir='ltr' id='par_1_41' title="bbox 428 2459 2006 2540">
     <span class='ocr_line' id='line_1_41' title="bbox 428 2459 2006 2540; baseline 0 -28"><span class='ocrx_word' id='word_1_296' title='bbox 428 2459 832 2540; x_wconf 74' lang='grc' dir='ltr'>εὐαγγελίζεται</span> <span class='ocrx_word' id='word_1_297' title='bbox 880 2459 1080 2528; x_wconf 81' lang='grc' dir='ltr'>ἀγαθὰ,</span> <span class='ocrx_word' id='word_1_298' title='bbox 1135 2459 1228 2512; x_wconf 71' lang='grc' dir='ltr'>καὶ</span> <span class='ocrx_word' id='word_1_299' title='bbox 1284 2461 1521 2529; x_wconf 82' lang='grc' dir='ltr'>πτωχοῖς</span> <span class='ocrx_word' id='word_1_300' title='bbox 1575 2459 2006 2527; x_wconf 78' lang='grc' dir='ltr'>εὐαγγελίζεται,</span> 
     </span>
    </p>
   </div>
   <div class='ocr_carea' id='block_1_42' title="bbox 428 2549 2010 2622">
    <p class='ocr_par' dir='ltr' id='par_1_42' title="bbox 428 2549 2010 2622">
     <span class='ocr_line' id='line_1_42' title="bbox 428 2549 2010 2622; baseline -0.001 -16"><span class='ocrx_word' id='word_1_301' title='bbox 428 2553 528 2606; x_wconf 73' lang='grc' dir='ltr'><strong>οὐκ</strong></span> <span class='ocrx_word' id='word_1_302' title='bbox 554 2553 660 2606; x_wconf 77' lang='grc' dir='ltr'>ἔδει</span> <span class='ocrx_word' id='word_1_303' title='bbox 681 2553 808 2615; x_wconf 80' lang='grc' dir='ltr'>τοὺς</span> <span class='ocrx_word' id='word_1_304' title='bbox 845 2550 1244 2622; x_wconf 79' lang='grc' dir='ltr'>πεποιημένους</span> <span class='ocrx_word' id='word_1_305' title='bbox 1285 2551 1390 2604; x_wconf 83' lang='grc' dir='ltr'><strong>ὑπὸ</strong></span> <span class='ocrx_word' id='word_1_306' title='bbox 1422 2550 1516 2603; x_wconf 85' lang='grc' dir='ltr'><strong>τοῦ</strong></span> <span class='ocrx_word' id='word_1_307' title='bbox 1554 2549 1688 2604; x_wconf 80' lang='grc' dir='ltr'>Θεοῦ</span> <span class='ocrx_word' id='word_1_308' title='bbox 1726 2550 2010 2621; x_wconf 87' lang='grc' dir='ltr'>πνεύματα</span> 
     </span>
    </p>
   </div>
   <div class='ocr_carea' id='block_1_43' title="bbox 430 2641 2009 2712">
    <p class='ocr_par' dir='ltr' id='par_1_43' title="bbox 430 2641 2009 2712">
     <span class='ocr_line' id='line_1_43' title="bbox 430 2641 2009 2712; baseline -0.003 -15"><span class='ocrx_word' id='word_1_309' title='bbox 430 2644 712 2712; x_wconf 79' lang='grc' dir='ltr'>ἀγγέλους,</span> <span class='ocrx_word' id='word_1_310' title='bbox 748 2644 840 2697; x_wconf 81' lang='grc' dir='ltr'><strong>καὶ</strong></span> <span class='ocrx_word' id='word_1_311' title='bbox 873 2644 1000 2706; x_wconf 83' lang='grc' dir='ltr'>τοὺς</span> <span class='ocrx_word' id='word_1_312' title='bbox 1044 2642 1203 2705; x_wconf 74' lang='grc' dir='ltr'>ὂντας</span> <span class='ocrx_word' id='word_1_313' title='bbox 1244 2641 1414 2712; x_wconf 80' lang='grc' dir='ltr'>πυρὸς</span> <span class='ocrx_word' id='word_1_314' title='bbox 1448 2641 1624 2710; x_wconf 83' lang='grc' dir='ltr'>φλόγα</span> <span class='ocrx_word' id='word_1_315' title='bbox 1659 2641 2009 2712; x_wconf 76' lang='grc' dir='ltr'>λειτουργοὺς</span> 
     </span>
    </p>
   </div>
   <div class='ocr_carea' id='block_1_44' title="bbox 429 2729 2010 2803">
    <p class='ocr_par' dir='ltr' id='par_1_44' title="bbox 429 2729 2010 2803">
     <span class='ocr_line' id='line_1_44' title="bbox 429 2729 2010 2803; baseline -0.003 -16"><span class='ocrx_word' id='word_1_316' title='bbox 429 2733 522 2787; x_wconf 84' lang='grc' dir='ltr'><strong>τοῦ</strong></span> <span class='ocrx_word' id='word_1_317' title='bbox 563 2733 669 2786; x_wconf 83' lang='grc' dir='ltr'>τῶν</span> <span class='ocrx_word' id='word_1_318' title='bbox 715 2733 849 2787; x_wconf 86' lang='grc' dir='ltr'>ὅλων</span> <span class='ocrx_word' id='word_1_319' title='bbox 897 2731 1132 2803; x_wconf 86' lang='grc' dir='ltr'>Πατρὸς,</span> <span class='ocrx_word' id='word_1_320' title='bbox 1172 2730 1494 2802; x_wconf 78' lang='grc' dir='ltr'>ἐστερῆσθαι</span> <span class='ocrx_word' id='word_1_321' title='bbox 1535 2729 1627 2784; x_wconf 91' lang='grc' dir='ltr'><strong>τοῦ</strong></span> <span class='ocrx_word' id='word_1_322' title='bbox 1674 2732 1767 2784; x_wconf 82' lang='grc' dir='ltr'>καὶ</span> <span class='ocrx_word' id='word_1_323' title='bbox 1814 2731 2010 2794; x_wconf 79' lang='grc' dir='ltr'>αὐτοὺς</span> 
     </span>
    </p>
   </div>
   <div class='ocr_carea' id='block_1_45' title="bbox 430 2822 2008 2895">
    <p class='ocr_par' dir='ltr' id='par_1_45' title="bbox 430 2822 2008 2895">
     <span class='ocr_line' id='line_1_45' title="bbox 430 2822 2008 2895; baseline -0.002 -16"><span class='ocrx_word' id='word_1_324' title='bbox 430 2823 570 2880; x_wconf 82' lang='grc' dir='ltr'>εἶναι</span> <span class='ocrx_word' id='word_1_325' title='bbox 600 2825 1008 2895; x_wconf 84' lang='grc' dir='ltr'>εὐαγγελιστάς.</span> <span class='ocrx_word' id='word_1_326' title='bbox 1044 2826 1143 2876; x_wconf 81' lang='grc' dir='ltr'><strong>Διὰ</strong></span> <span class='ocrx_word' id='word_1_327' title='bbox 1168 2823 1324 2876; x_wconf 90' lang='grc' dir='ltr'>τοῦτο</span> <span class='ocrx_word' id='word_1_328' title='bbox 1364 2824 1459 2877; x_wconf 77' lang='grc' dir='ltr'>καὶ</span> <span class='ocrx_word' id='word_1_329' title='bbox 1491 2823 1740 2892; x_wconf 80' lang='grc' dir='ltr'>ἄγγελος,</span> <span class='ocrx_word' id='word_1_330' title='bbox 1782 2822 2008 2885; x_wconf 80' lang='grc' dir='ltr'>ἐπιστὰς</span> 
     </span>
    </p>
   </div>
   <div class='ocr_carea' id='block_1_46' title="bbox 427 2915 2008 2989">
    <p class='ocr_par' dir='ltr' id='par_1_46' title="bbox 427 2915 2008 2989">
     <span class='ocr_line' id='line_1_46' title="bbox 427 2915 2008 2989; baseline -0.003 -18"><span class='ocrx_word' id='word_1_331' title='bbox 427 2921 543 2982; x_wconf 87' lang='grc' dir='ltr'>τοῖς</span> <span class='ocrx_word' id='word_1_332' title='bbox 581 2918 804 2989; x_wconf 85' lang='grc' dir='ltr'>ποιμέσι</span> <span class='ocrx_word' id='word_1_333' title='bbox 839 2916 992 2987; x_wconf 75' lang='grc' dir='ltr'>φησὶ,</span> <span class='ocrx_word' id='word_1_334' title='bbox 1029 2915 1184 2980; x_wconf 83' lang='grc' dir='ltr'>δόξαν</span> <span class='ocrx_word' id='word_1_335' title='bbox 1224 2915 1457 2984; x_wconf 87' lang='grc' dir='ltr'>ποιήσας</span> <span class='ocrx_word' id='word_1_336' title='bbox 1505 2915 1872 2987; x_wconf 84' lang='grc' dir='ltr'>περιλάμπειν</span> <span class='ocrx_word' id='word_1_337' title='bbox 1909 2915 2008 2967; x_wconf 83' lang='grc' dir='ltr'><strong>αὺ-</strong></span> 
     </span>
    </p>
   </div>
   <div class='ocr_carea' id='block_1_47' title="bbox 429 3005 2010 3078">
    <p class='ocr_par' dir='ltr' id='par_1_47' title="bbox 429 3005 2010 3078">
     <span class='ocr_line' id='line_1_47' title="bbox 429 3005 2010 3078; baseline -0.003 -14"><span class='ocrx_word' id='word_1_338' title='bbox 429 3011 575 3074; x_wconf 66' lang='grc' dir='ltr'>τούς</span> <span class='ocrx_word' id='word_1_339' title='bbox 610 3009 708 3078; x_wconf 81' lang='grc' dir='ltr'><strong>Μὴ</strong></span> <span class='ocrx_word' id='word_1_340' title='bbox 739 3009 1038 3078; x_wconf 66' lang='grc' dir='ltr'>φοϐεῖσθε,</span> <span class='ocrx_word' id='word_1_341' title='bbox 1074 3006 1205 3060; x_wconf 76' lang='grc' dir='ltr'>ἰδοὺ</span> <span class='ocrx_word' id='word_1_342' title='bbox 1235 3007 1348 3076; x_wconf 74' lang='grc' dir='ltr'>γὰρ</span> <span class='ocrx_word' id='word_1_343' title='bbox 1387 3005 1830 3076; x_wconf 74' lang='grc' dir='ltr'>εὐαγγελίζομαι</span> <span class='ocrx_word' id='word_1_344' title='bbox 1867 3005 2010 3075; x_wconf 77' lang='grc' dir='ltr'><strong>ὑμῖν</strong></span> 
     </span>
    </p>
   </div>
   <div class='ocr_carea' id='block_1_48' title="bbox 433 3093 2010 3172">
    <p class='ocr_par' dir='ltr' id='par_1_48' title="bbox 433 3093 2010 3172">
     <span class='ocr_line' id='line_1_48' title="bbox 433 3093 2010 3172; baseline -0.003 -17"><span class='ocrx_word' id='word_1_345' title='bbox 433 3101 629 3172; x_wconf 83' lang='grc' dir='ltr'>χαρὰν</span> <span class='ocrx_word' id='word_1_346' title='bbox 665 3098 962 3171; x_wconf 71' lang='grc' dir='ltr'>μεγάλην,</span> <span class='ocrx_word' id='word_1_347' title='bbox 1016 3097 1150 3165; x_wconf 77' lang='grc' dir='ltr'>ἣτις</span> <span class='ocrx_word' id='word_1_348' title='bbox 1187 3096 1362 3150; x_wconf 78' lang='grc' dir='ltr'>ἔσται</span> <span class='ocrx_word' id='word_1_349' title='bbox 1399 3098 1580 3150; x_wconf 80' lang='grc' dir='ltr'>παντὶ</span> <span class='ocrx_word' id='word_1_350' title='bbox 1613 3093 1693 3162; x_wconf 84' lang='grc' dir='ltr'>τῷ</span> <span class='ocrx_word' id='word_1_351' title='bbox 1727 3097 1875 3162; x_wconf 82' lang='grc' dir='ltr'>λαῷ,</span> <span class='ocrx_word' id='word_1_352' title='bbox 1920 3096 2010 3151; x_wconf 85' lang='grc' dir='ltr'><strong>ὅτι</strong></span> 
     </span>
    </p>
   </div>
   <div class='ocr_carea' id='block_1_49' title="bbox 430 3187 2009 3262">
    <p class='ocr_par' dir='ltr' id='par_1_49' title="bbox 430 3187 2009 3262">
     <span class='ocr_line' id='line_1_49' title="bbox 430 3187 2009 3262; baseline -0.004 -15"><span class='ocrx_word' id='word_1_353' title='bbox 430 3195 646 3262; x_wconf 83' lang='grc' dir='ltr'>ἐτέχθη</span> <span class='ocrx_word' id='word_1_354' title='bbox 700 3191 844 3260; x_wconf 78' lang='grc' dir='ltr'>ὑμῖν</span> <span class='ocrx_word' id='word_1_355' title='bbox 883 3188 1150 3258; x_wconf 80' lang='grc' dir='ltr'>σήμερον</span> <span class='ocrx_word' id='word_1_356' title='bbox 1195 3187 1420 3256; x_wconf 81' lang='grc' dir='ltr'>Σωτὴρ,</span> <span class='ocrx_word' id='word_1_357' title='bbox 1463 3187 1530 3254; x_wconf 86' lang='grc' dir='ltr'>ὅς</span> <span class='ocrx_word' id='word_1_358' title='bbox 1571 3188 1703 3242; x_wconf 83' lang='grc' dir='ltr'>ἐστι</span> <span class='ocrx_word' id='word_1_359' title='bbox 1753 3188 2009 3256; x_wconf 82' lang='grc' dir='ltr'>Χριστὸς</span> 
     </span>
    </p>
   </div>
   <div class='ocr_carea' id='block_1_50' title="bbox 435 3279 2009 3355">
    <p class='ocr_par' dir='ltr' id='par_1_50' title="bbox 435 3279 2009 3355">
     <span class='ocr_line' id='line_1_50' title="bbox 435 3279 2009 3355; baseline -0.006 -14"><span class='ocrx_word' id='word_1_360' title='bbox 435 3288 649 3355; x_wconf 81' lang='grc' dir='ltr'>Κύριος</span> <span class='ocrx_word' id='word_1_361' title='bbox 671 3286 741 3338; x_wconf 80' lang='grc' dir='ltr'>ἐν</span> <span class='ocrx_word' id='word_1_362' title='bbox 763 3286 936 3338; x_wconf 79' lang='grc' dir='ltr'>πόλει</span> <span class='ocrx_word' id='word_1_363' title='bbox 969 3283 1178 3336; x_wconf 79' lang='grc' dir='ltr'><strong>Δαυΐδ’</strong></span> <span class='ocrx_word' id='word_1_364' title='bbox 1213 3283 1302 3335; x_wconf 84' lang='grc' dir='ltr'><strong>ὅτε</strong></span> <span class='ocrx_word' id='word_1_365' title='bbox 1328 3281 1422 3335; x_wconf 67' lang='grc' dir='ltr'><strong>καὶ</strong></span> <span class='ocrx_word' id='word_1_366' title='bbox 1453 3280 1678 3351; x_wconf 85' lang='grc' dir='ltr'>μηδέπω</span> <span class='ocrx_word' id='word_1_367' title='bbox 1707 3279 2009 3350; x_wconf 78' lang='grc' dir='ltr'>ἀνθρώπων</span> 
     </span>
    </p>
   </div>
   <div class='ocr_carea' id='block_1_51' title="bbox 435 3371 2010 3443">
    <p class='ocr_par' dir='ltr' id='par_1_51' title="bbox 435 3371 2010 3443">
     <span class='ocr_line' id='line_1_51' title="bbox 435 3371 2010 3443; baseline -0.006 -11"><span class='ocrx_word' id='word_1_368' title='bbox 435 3379 724 3432; x_wconf 87' lang='grc' dir='ltr'>συνιέντων</span> <span class='ocrx_word' id='word_1_369' title='bbox 755 3375 928 3430; x_wconf 83' lang='grc' dir='ltr'>τὸτοῦ</span> <span class='ocrx_word' id='word_1_370' title='bbox 968 3373 1297 3443; x_wconf 80' lang='grc' dir='ltr'>Εὐαγγελίου</span> <span class='ocrx_word' id='word_1_371' title='bbox 1336 3373 1634 3443; x_wconf 86' lang='grc' dir='ltr'>μυστήριον</span> <span class='ocrx_word' id='word_1_372' title='bbox 1674 3373 1722 3424; x_wconf 82' lang='grc' dir='ltr'>οἱ</span> <span class='ocrx_word' id='word_1_373' title='bbox 1767 3371 2010 3442; x_wconf 87' lang='grc' dir='ltr'>κρείττο-</span> 
     </span>
    </p>
   </div>
   <div class='ocr_carea' id='block_1_52' title="bbox 431 3461 2010 3540">
    <p class='ocr_par' dir='ltr' id='par_1_52' title="bbox 431 3461 2010 3540">
     <span class='ocr_line' id='line_1_52' title="bbox 431 3461 2010 3540; baseline -0.006 -15"><span class='ocrx_word' id='word_1_374' title='bbox 431 3489 522 3535; x_wconf 88' lang='grc' dir='ltr'><strong>νες</strong></span> <span class='ocrx_word' id='word_1_375' title='bbox 576 3469 688 3540; x_wconf 76' lang='lat'><strong>(58)</strong></span> <span class='ocrx_word' id='word_1_376' title='bbox 755 3468 966 3534; x_wconf 74' lang='grc' dir='ltr'>αὐτῶν,</span> <span class='ocrx_word' id='word_1_377' title='bbox 1029 3467 1253 3539; x_wconf 81' lang='grc' dir='ltr'>οὐρανὸς</span> <span class='ocrx_word' id='word_1_378' title='bbox 1329 3465 1688 3533; x_wconf 85' lang='grc' dir='ltr'>τυγχάνοντες</span> <span class='ocrx_word' id='word_1_379' title='bbox 1755 3461 2010 3533; x_wconf 81' lang='grc' dir='ltr'>στρατεία</span> 
     </span>
    </p>
   </div>
   <div class='ocr_carea' id='block_1_53' title="bbox 2183 2273 3678 2346">
    <p class='ocr_par' dir='ltr' id='par_1_53' title="bbox 2183 2273 3678 2346">
     <span class='ocr_line' id='line_1_53' title="bbox 2183 2273 3678 2346; baseline 0 -15"><span class='ocrx_word' id='word_1_380' title='bbox 2183 2275 2270 2331; x_wconf 78' lang='lat' dir='ltr'><strong>l3.</strong></span> <span class='ocrx_word' id='word_1_381' title='bbox 2307 2273 2417 2331; x_wconf 91' lang='lat' dir='ltr'><strong>Nec</strong></span> <span class='ocrx_word' id='word_1_382' title='bbox 2455 2275 2499 2329; x_wconf 89' lang='lat' dir='ltr'><strong>si</strong></span> <span class='ocrx_word' id='word_1_383' title='bbox 2552 2276 2698 2330; x_wconf 91' lang='lat' dir='ltr'><strong>inter</strong></span> <span class='ocrx_word' id='word_1_384' title='bbox 2746 2275 2993 2330; x_wconf 87' lang='lat' dir='ltr'><strong>homines</strong></span> <span class='ocrx_word' id='word_1_385' title='bbox 3035 2277 3198 2344; x_wconf 84' lang='lat' dir='ltr'><strong>aliqui</strong></span> <span class='ocrx_word' id='word_1_386' title='bbox 3241 2276 3349 2330; x_wconf 82' lang='lat' dir='ltr'><strong>sint</strong></span> <span class='ocrx_word' id='word_1_387' title='bbox 3402 2277 3678 2346; x_wconf 76' lang='lat' dir='ltr'><strong>evangeli-</strong></span> 
     </span>
    </p>
   </div>
   <div class='ocr_carea' id='block_1_54' title="bbox 2064 2366 3679 2437">
    <p class='ocr_par' dir='ltr' id='par_1_54' title="bbox 2064 2366 3679 2437">
     <span class='ocr_line' id='line_1_54' title="bbox 2064 2366 3679 2437; baseline -0.001 -13"><span class='ocrx_word' id='word_1_388' title='bbox 2064 2389 2066 2392; x_wconf 92' lang='grc'><strong>·</strong></span> <span class='ocrx_word' id='word_1_389' title='bbox 2109 2379 2316 2424; x_wconf 87' lang='lat' dir='ltr'><strong>starum</strong></span> <span class='ocrx_word' id='word_1_390' title='bbox 2372 2367 2674 2422; x_wconf 90' lang='lat' dir='ltr'><strong>ministerio</strong></span> <span class='ocrx_word' id='word_1_391' title='bbox 2723 2367 3008 2432; x_wconf 88' lang='lat' dir='ltr'><strong>honorati,</strong></span> <span class='ocrx_word' id='word_1_392' title='bbox 3059 2368 3285 2437; x_wconf 89' lang='lat' dir='ltr'><strong>ipseque</strong></span> <span class='ocrx_word' id='word_1_393' title='bbox 3336 2366 3498 2423; x_wconf 78' lang='lat' dir='ltr'><strong>Iesus</strong></span> <span class='ocrx_word' id='word_1_394' title='bbox 3540 2371 3679 2422; x_wconf 84' lang='lat' dir='ltr'><strong>hona</strong></span> 
     </span>
    </p>
   </div>
   <div class='ocr_carea' id='block_1_55' title="bbox 2108 2460 3676 2531">
    <p class='ocr_par' dir='ltr' id='par_1_55' title="bbox 2108 2460 3676 2531">
     <span class='ocr_line' id='line_1_55' title="bbox 2108 2460 3676 2531; baseline -0.002 -14"><span class='ocrx_word' id='word_1_395' title='bbox 2108 2462 2464 2531; x_wconf 82' lang='lat' dir='ltr'><strong>evangelizet,</strong></span> <span class='ocrx_word' id='word_1_396' title='bbox 2510 2469 2673 2529; x_wconf 90' lang='lat' dir='ltr'><strong>atque</strong></span> <span class='ocrx_word' id='word_1_397' title='bbox 2719 2460 2882 2513; x_wconf 88' lang='lat' dir='ltr'><strong>etiam</strong></span> <span class='ocrx_word' id='word_1_398' title='bbox 2934 2461 3263 2530; x_wconf 85' lang='lat' dir='ltr'><strong>pauperibus</strong></span> <span class='ocrx_word' id='word_1_399' title='bbox 3319 2461 3676 2531; x_wconf 86' lang='lat' dir='ltr'><strong>evangelizet,</strong></span> 
     </span>
    </p>
   </div>
   <div class='ocr_carea' id='block_1_56' title="bbox 2110 2551 3678 2622">
    <p class='ocr_par' dir='ltr' id='par_1_56' title="bbox 2110 2551 3678 2622">
     <span class='ocr_line' id='line_1_56' title="bbox 2110 2551 3678 2622; baseline -0.003 -12"><span class='ocrx_word' id='word_1_400' title='bbox 2110 2555 2316 2610; x_wconf 91' lang='lat' dir='ltr'><strong>idcirco</strong></span> <span class='ocrx_word' id='word_1_401' title='bbox 2372 2553 2614 2622; x_wconf 89' lang='lat' dir='ltr'><strong>oportuit</strong></span> <span class='ocrx_word' id='word_1_402' title='bbox 2652 2551 2874 2622; x_wconf 83' lang='lat' dir='ltr'><strong>angelos</strong></span> <span class='ocrx_word' id='word_1_403' title='bbox 2918 2551 3093 2606; x_wconf 82' lang='lat' dir='ltr'><strong>factos</strong></span> <span class='ocrx_word' id='word_1_404' title='bbox 3161 2565 3189 2604; x_wconf 89' lang='lat' dir='ltr'><strong>a</strong></span> <span class='ocrx_word' id='word_1_405' title='bbox 3257 2552 3366 2606; x_wconf 91' lang='lat' dir='ltr'><strong>Deo</strong></span> <span class='ocrx_word' id='word_1_406' title='bbox 3430 2552 3678 2621; x_wconf 88' lang='lat' dir='ltr'><strong>spiritus,</strong></span> 
     </span>
    </p>
   </div>
   <div class='ocr_carea' id='block_1_57' title="bbox 2109 2643 3680 2715">
    <p class='ocr_par' dir='ltr' id='par_1_57' title="bbox 2109 2643 3680 2715">
     <span class='ocr_line' id='line_1_57' title="bbox 2109 2643 3680 2715; baseline -0.001 -13"><span class='ocrx_word' id='word_1_407' title='bbox 2109 2651 2433 2702; x_wconf 79' lang='lat' dir='ltr'><strong>exsistentes</strong></span> <span class='ocrx_word' id='word_1_408' title='bbox 2455 2644 2598 2715; x_wconf 85' lang='lat' dir='ltr'><strong>ignis</strong></span> <span class='ocrx_word' id='word_1_409' title='bbox 2623 2643 2914 2708; x_wconf 84' lang='lat' dir='ltr'><strong>ﬂammant,</strong></span> <span class='ocrx_word' id='word_1_410' title='bbox 2955 2653 3011 2697; x_wconf 89' lang='lat' dir='ltr'><strong>et</strong></span> <span class='ocrx_word' id='word_1_411' title='bbox 3044 2644 3325 2698; x_wconf 85' lang='lat' dir='ltr'><strong>ministros</strong></span> <span class='ocrx_word' id='word_1_412' title='bbox 3363 2643 3465 2714; x_wconf 81' lang='lat'><strong>15</strong></span> <span class='ocrx_word' id='word_1_413' title='bbox 3499 2644 3680 2700; x_wconf 88' lang='lat' dir='ltr'><strong>Patris</strong></span> 
     </span>
    </p>
   </div>
   <div class='ocr_carea' id='block_1_58' title="bbox 2110 2735 3673 2806">
    <p class='ocr_par' dir='ltr' id='par_1_58' title="bbox 2110 2735 3673 2806">
     <span class='ocr_line' id='line_1_58' title="bbox 2110 2735 3673 2806; baseline -0.001 -14"><span class='ocrx_word' id='word_1_414' title='bbox 2110 2739 2517 2799; x_wconf 81' lang='lat' dir='ltr'><strong>universorum,</strong></span> <span class='ocrx_word' id='word_1_415' title='bbox 2550 2735 2654 2789; x_wconf 86' lang='lat' dir='ltr'><strong>hac</strong></span> <span class='ocrx_word' id='word_1_416' title='bbox 2683 2735 2840 2789; x_wconf 86' lang='lat' dir='ltr'><strong>laude</strong></span> <span class='ocrx_word' id='word_1_417' title='bbox 2867 2735 3095 2806; x_wconf 87' lang='lat' dir='ltr'><strong>privari,</strong></span> <span class='ocrx_word' id='word_1_418' title='bbox 3130 2744 3184 2788; x_wconf 89' lang='lat' dir='ltr'><strong>ut</strong></span> <span class='ocrx_word' id='word_1_419' title='bbox 3219 2745 3273 2789; x_wconf 92' lang='lat' dir='ltr'><strong>et</strong></span> <span class='ocrx_word' id='word_1_420' title='bbox 3304 2736 3403 2806; x_wconf 89' lang='lat' dir='ltr'><strong>ipsi</strong></span> <span class='ocrx_word' id='word_1_421' title='bbox 3434 2752 3537 2791; x_wconf 88' lang='lat' dir='ltr'><strong>non</strong></span> <span class='ocrx_word' id='word_1_422' title='bbox 3568 2739 3673 2790; x_wconf 89' lang='lat' dir='ltr'><strong>sint</strong></span> 
     </span>
    </p>
   </div>
   <div class='ocr_carea' id='block_1_59' title="bbox 2109 2826 3680 2899">
    <p class='ocr_par' dir='ltr' id='par_1_59' title="bbox 2109 2826 3680 2899">
     <span class='ocr_line' id='line_1_59' title="bbox 2109 2826 3680 2899; baseline -0.002 -14"><span class='ocrx_word' id='word_1_423' title='bbox 2109 2829 2477 2899; x_wconf 59' lang='lat' dir='ltr'><strong>evangelista.</strong></span> <span class='ocrx_word' id='word_1_424' title='bbox 2529 2828 2682 2882; x_wconf 85' lang='lat' dir='ltr'><strong>llane</strong></span> <span class='ocrx_word' id='word_1_425' title='bbox 2727 2826 2796 2879; x_wconf 87' lang='lat' dir='ltr'><strong>ob</strong></span> <span class='ocrx_word' id='word_1_426' title='bbox 2833 2840 3075 2890; x_wconf 89' lang='lat' dir='ltr'><strong>causam,</strong></span> <span class='ocrx_word' id='word_1_427' title='bbox 3131 2839 3315 2879; x_wconf 91' lang='lat' dir='ltr'><strong>coram</strong></span> <span class='ocrx_word' id='word_1_428' title='bbox 3366 2827 3680 2896; x_wconf 86' lang='lat' dir='ltr'><strong>pastoribus</strong></span> 
     </span>
    </p>
   </div>
   <div class='ocr_carea' id='block_1_60' title="bbox 2111 2917 3680 2994">
    <p class='ocr_par' dir='ltr' id='par_1_60' title="bbox 2111 2917 3680 2994">
     <span class='ocr_line' id='line_1_60' title="bbox 2111 2917 3680 2994; baseline -0.004 -16"><span class='ocrx_word' id='word_1_429' title='bbox 2111 2925 2340 2994; x_wconf 80' lang='lat' dir='ltr'><strong>angelus</strong></span> <span class='ocrx_word' id='word_1_430' title='bbox 2382 2937 2504 2976; x_wconf 90' lang='lat' dir='ltr'><strong>cum</strong></span> <span class='ocrx_word' id='word_1_431' title='bbox 2552 2921 2816 2985; x_wconf 81' lang='lat' dir='ltr'><strong>stetisset,</strong></span> <span class='ocrx_word' id='word_1_432' title='bbox 2863 2930 3065 2983; x_wconf 84' lang='lat' dir='ltr'><strong>eosque</strong></span> <span class='ocrx_word' id='word_1_433' title='bbox 3111 2917 3283 2985; x_wconf 83' lang='lat' dir='ltr'><strong>gloria</strong></span> <span class='ocrx_word' id='word_1_434' title='bbox 3316 2918 3680 2986; x_wconf 78' lang='lat' dir='ltr'><strong>undequaque</strong></span> 
     </span>
    </p>
   </div>
   <div class='ocr_carea' id='block_1_61' title="bbox 2111 3009 3680 3079">
    <p class='ocr_par' dir='ltr' id='par_1_61' title="bbox 2111 3009 3680 3079">
     <span class='ocr_line' id='line_1_61' title="bbox 2111 3009 3680 3079; baseline -0.007 -9"><span class='ocrx_word' id='word_1_435' title='bbox 2111 3016 2438 3070; x_wconf 82' lang='lat' dir='ltr'><strong>illustrasset</strong></span> <span class='ocrx_word' id='word_1_436' title='bbox 2467 3033 2479 3068; x_wconf 91' lang='lat'>:</span> <span class='ocrx_word' id='word_1_437' title='bbox 2513 3011 2591 3066; x_wconf 85' lang='lat' dir='ltr'><strong>Ne</strong></span> <span class='ocrx_word' id='word_1_438' title='bbox 2621 3009 2941 3073; x_wconf 82' lang='lat' dir='ltr'><strong>terreomini,</strong></span> <span class='ocrx_word' id='word_1_439' title='bbox 2973 3009 3168 3079; x_wconf 91' lang='lat' dir='ltr'><strong>inquit,</strong></span> <span class='ocrx_word' id='word_1_440' title='bbox 3209 3025 3324 3062; x_wconf 83' lang='lat' dir='ltr'><strong>ecce</strong></span> <span class='ocrx_word' id='word_1_441' title='bbox 3352 3010 3487 3062; x_wconf 82' lang='lat' dir='ltr'><strong>enim</strong></span> <span class='ocrx_word' id='word_1_442' title='bbox 3517 3024 3680 3061; x_wconf 82' lang='lat' dir='ltr'><strong>evan-</strong></span> 
     </span>
    </p>
   </div>
   <div class='ocr_carea' id='block_1_62' title="bbox 2110 3100 3683 3177">
    <p class='ocr_par' dir='ltr' id='par_1_62' title="bbox 2110 3100 3683 3177">
     <span class='ocr_line' id='line_1_62' title="bbox 2110 3100 3683 3177; baseline -0.007 -16"><span class='ocrx_word' id='word_1_443' title='bbox 2110 3107 2275 3177; x_wconf 71' lang='lat' dir='ltr'><strong>geliso</strong></span> <span class='ocrx_word' id='word_1_444' title='bbox 2301 3105 2443 3160; x_wconf 81' lang='lat' dir='ltr'><strong>vobis</strong></span> <span class='ocrx_word' id='word_1_445' title='bbox 2474 3104 2726 3175; x_wconf 77' lang='lat' dir='ltr'><strong>gaudium</strong></span> <span class='ocrx_word' id='word_1_446' title='bbox 2758 3117 3029 3171; x_wconf 81' lang='lat' dir='ltr'><strong>magnum,</strong></span> <span class='ocrx_word' id='word_1_447' title='bbox 3076 3103 3216 3169; x_wconf 81' lang='lat' dir='ltr'><strong>quod</strong></span> <span class='ocrx_word' id='word_1_448' title='bbox 3258 3101 3356 3154; x_wconf 81' lang='lat' dir='ltr'><strong>erit</strong></span> <span class='ocrx_word' id='word_1_449' title='bbox 3399 3100 3543 3153; x_wconf 85' lang='lat' dir='ltr'><strong>omni</strong></span> <span class='ocrx_word' id='word_1_450' title='bbox 3588 3116 3683 3168; x_wconf 86' lang='lat' dir='ltr'><strong>po-</strong></span> 
     </span>
    </p>
   </div>
   <div class='ocr_carea' id='block_1_63' title="bbox 2109 3190 3682 3268">
    <p class='ocr_par' dir='ltr' id='par_1_63' title="bbox 2109 3190 3682 3268">
     <span class='ocr_line' id='line_1_63' title="bbox 2109 3190 3682 3268; baseline -0.006 -16"><span class='ocrx_word' id='word_1_451' title='bbox 2109 3199 2234 3268; x_wconf 85' lang='lat' dir='ltr'><strong>pulo</strong></span> <span class='ocrx_word' id='word_1_452' title='bbox 2269 3211 2288 3250; x_wconf 91' lang='lat'><strong><em>:</em></strong></span> <span class='ocrx_word' id='word_1_453' title='bbox 2323 3198 2569 3268; x_wconf 80' lang='lat' dir='ltr'><strong>quoniam</strong></span> <span class='ocrx_word' id='word_1_454' title='bbox 2618 3205 2773 3249; x_wconf 83' lang='lat' dir='ltr'><strong>natus</strong></span> <span class='ocrx_word' id='word_1_455' title='bbox 2811 3203 2886 3247; x_wconf 80' lang='lat' dir='ltr'><strong>est</strong></span> <span class='ocrx_word' id='word_1_456' title='bbox 2917 3193 3060 3246; x_wconf 73' lang='lat' dir='ltr'><strong>vobis</strong></span> <span class='ocrx_word' id='word_1_457' title='bbox 3087 3193 3242 3245; x_wconf 81' lang='lat' dir='ltr'><strong>hodie</strong></span> <span class='ocrx_word' id='word_1_458' title='bbox 3281 3190 3551 3256; x_wconf 84' lang='lat' dir='ltr'><strong>Servator,</strong></span> <span class='ocrx_word' id='word_1_459' title='bbox 3592 3192 3682 3259; x_wconf 82' lang='lat' dir='ltr'><strong>qui</strong></span> 
     </span>
    </p>
   </div>
   <div class='ocr_carea' id='block_1_64' title="bbox 2111 3281 3681 3350">
    <p class='ocr_par' dir='ltr' id='par_1_64' title="bbox 2111 3281 3681 3350">
     <span class='ocr_line' id='line_1_64' title="bbox 2111 3281 3681 3350; baseline -0.006 -4"><span class='ocrx_word' id='word_1_460' title='bbox 2111 3302 2187 3347; x_wconf 81' lang='lat' dir='ltr'><strong>est</strong></span> <span class='ocrx_word' id='word_1_461' title='bbox 2213 3291 2454 3346; x_wconf 77' lang='lat' dir='ltr'><strong>Christus</strong></span> <span class='ocrx_word' id='word_1_462' title='bbox 2476 3287 2756 3350; x_wconf 76' lang='lat' dir='ltr'><strong>Dominus,</strong></span> <span class='ocrx_word' id='word_1_463' title='bbox 2795 3286 2851 3340; x_wconf 83' lang='lat' dir='ltr'><strong>in</strong></span> <span class='ocrx_word' id='word_1_464' title='bbox 2885 3285 3094 3337; x_wconf 81' lang='lat' dir='ltr'><strong>civitate</strong></span> <span class='ocrx_word' id='word_1_465' title='bbox 3139 3283 3309 3336; x_wconf 80' lang='lat' dir='ltr'><strong>Dauid</strong></span> <span class='ocrx_word' id='word_1_466' title='bbox 3335 3282 3402 3342; x_wconf 69' lang='grc' dir='ltr'><strong>τες</strong></span> <span class='ocrx_word' id='word_1_467' title='bbox 3431 3281 3681 3349; x_wconf 84' lang='lat' dir='ltr'><strong>quando,</strong></span> 
     </span>
    </p>
   </div>
   <div class='ocr_carea' id='block_1_65' title="bbox 2111 3372 3682 3446">
    <p class='ocr_par' dir='ltr' id='par_1_65' title="bbox 2111 3372 3682 3446">
     <span class='ocr_line' id='line_1_65' title="bbox 2111 3372 3682 3446; baseline -0.009 -9"><span class='ocrx_word' id='word_1_468' title='bbox 2111 3383 2350 3439; x_wconf 90' lang='lat' dir='ltr'><strong>nondum</strong></span> <span class='ocrx_word' id='word_1_469' title='bbox 2404 3376 2831 3446; x_wconf 83' lang='lat' dir='ltr'><strong>iutelligentibus</strong></span> <span class='ocrx_word' id='word_1_470' title='bbox 2883 3374 3193 3430; x_wconf 90' lang='lat' dir='ltr'><strong>hominibus</strong></span> <span class='ocrx_word' id='word_1_471' title='bbox 3240 3372 3515 3440; x_wconf 83' lang='lat' dir='ltr'><strong>Evangelii</strong></span> <span class='ocrx_word' id='word_1_472' title='bbox 3566 3386 3682 3441; x_wconf 81' lang='lat' dir='ltr'><strong>my-</strong></span> 
     </span>
    </p>
   </div>
   <div class='ocr_carea' id='block_1_66' title="bbox 2112 3461 3678 3539">
    <p class='ocr_par' dir='ltr' id='par_1_66' title="bbox 2112 3461 3678 3539">
     <span class='ocr_line' id='line_1_66' title="bbox 2112 3461 3678 3539; baseline -0.009 -11"><span class='ocrx_word' id='word_1_473' title='bbox 2112 3471 2502 3539; x_wconf 79' lang='lat' dir='ltr'><strong>sterium,ipsis</strong></span> <span class='ocrx_word' id='word_1_474' title='bbox 2546 3468 2955 3538; x_wconf 69' lang='lat' dir='ltr'><strong>prmstautiores</strong></span> <span class='ocrx_word' id='word_1_475' title='bbox 2981 3464 3221 3518; x_wconf 64' lang='lat' dir='ltr'><strong>caelestis</strong></span> <span class='ocrx_word' id='word_1_476' title='bbox 3247 3463 3522 3517; x_wconf 75' lang='lat' dir='ltr'><strong>exercitus</strong></span> <span class='ocrx_word' id='word_1_477' title='bbox 3559 3461 3678 3522; x_wconf 91' lang='lat' dir='ltr'><strong>Dei,</strong></span> 
     </span>
    </p>
   </div>
   <div class='ocr_carea' id='block_1_67' title="bbox 433 3549 2009 3633">
    <p class='ocr_par' dir='ltr' id='par_1_67' title="bbox 433 3553 2009 3633">
     <span class='ocr_line' id='line_1_67' title="bbox 433 3553 2009 3633; baseline -0.009 -14"><span class='ocrx_word' id='word_1_478' title='bbox 433 3562 570 3619; x_wconf 82' lang='grc' dir='ltr'>Θεοῦ</span> <span class='ocrx_word' id='word_1_479' title='bbox 620 3564 751 3633; x_wconf 82' lang='grc'>(59),</span> <span class='ocrx_word' id='word_1_480' title='bbox 813 3560 1088 3623; x_wconf 76' lang='grc' dir='ltr'>αἰνοῦντες</span> <span class='ocrx_word' id='word_1_481' title='bbox 1124 3559 1214 3612; x_wconf 87' lang='grc' dir='ltr'><strong>τὸν</strong></span> <span class='ocrx_word' id='word_1_482' title='bbox 1271 3557 1404 3609; x_wconf 79' lang='grc' dir='ltr'>Θεὸν</span> <span class='ocrx_word' id='word_1_483' title='bbox 1448 3555 1685 3623; x_wconf 75' lang='grc' dir='ltr'><strong>λέγουσι⁸</strong></span> <span class='ocrx_word' id='word_1_484' title='bbox 1734 3553 1890 3617; x_wconf 79' lang='grc' dir='ltr'>Δόξα</span> <span class='ocrx_word' id='word_1_485' title='bbox 1943 3553 2009 3606; x_wconf 79' lang='grc' dir='ltr'><strong>ἐν</strong></span> 
     </span>
    </p>
   </div>
   <div class='ocr_carea' id='block_1_68' title="bbox 2109 3549 3681 3633">
    <p class='ocr_par' dir='ltr' id='par_1_68' title="bbox 2117 3552 3681 3618">
     <span class='ocr_line' id='line_1_68' title="bbox 2117 3552 3681 3618; baseline -0.01 0"><span class='ocrx_word' id='word_1_486' title='bbox 2117 3564 2372 3618; x_wconf 84' lang='lat' dir='ltr'><strong>laudibus</strong></span> <span class='ocrx_word' id='word_1_487' title='bbox 2405 3563 2570 3616; x_wconf 88' lang='lat' dir='ltr'><strong>Deum</strong></span> <span class='ocrx_word' id='word_1_488' title='bbox 2606 3560 2871 3613; x_wconf 84' lang='lat' dir='ltr'><strong>vehentes</strong></span> <span class='ocrx_word' id='word_1_489' title='bbox 2901 3556 3086 3610; x_wconf 86' lang='lat' dir='ltr'><strong>dicant</strong></span> <span class='ocrx_word' id='word_1_490' title='bbox 3124 3570 3138 3606; x_wconf 90' lang='lat'>:</span> <span class='ocrx_word' id='word_1_491' title='bbox 3172 3553 3354 3607; x_wconf 80' lang='lat' dir='ltr'><strong>Gloria</strong></span> <span class='ocrx_word' id='word_1_492' title='bbox 3387 3552 3444 3606; x_wconf 75' lang='lat' dir='ltr'><strong>in</strong></span> <span class='ocrx_word' id='word_1_493' title='bbox 3484 3552 3681 3605; x_wconf 63' lang='lat' dir='ltr'><strong>altissia</strong></span> 
     </span>
    </p>
   </div>
   <div class='ocr_carea' id='block_1_69' title="bbox 433 3647 2011 3726">
    <p class='ocr_par' dir='ltr' id='par_1_69' title="bbox 433 3647 2011 3726">
     <span class='ocr_line' id='line_1_69' title="bbox 433 3647 2011 3726; baseline -0.009 -13"><span class='ocrx_word' id='word_1_494' title='bbox 433 3658 717 3726; x_wconf 67' lang='grc' dir='ltr'>ὑψίστοις</span> <span class='ocrx_word' id='word_1_495' title='bbox 741 3654 883 3720; x_wconf 85' lang='grc' dir='ltr'>Θεῷ,</span> <span class='ocrx_word' id='word_1_496' title='bbox 913 3654 1012 3707; x_wconf 78' lang='grc' dir='ltr'>καὶ</span> <span class='ocrx_word' id='word_1_497' title='bbox 1050 3654 1148 3706; x_wconf 82' lang='grc' dir='ltr'>ἐπὶ</span> <span class='ocrx_word' id='word_1_498' title='bbox 1179 3651 1298 3720; x_wconf 68' lang='grc' dir='ltr'><strong>τῆς</strong></span> <span class='ocrx_word' id='word_1_499' title='bbox 1331 3650 1561 3720; x_wconf 74' lang='grc' dir='ltr'>εἰρήνη,</span> <span class='ocrx_word' id='word_1_500' title='bbox 1586 3649 1655 3701; x_wconf 78' lang='grc' dir='ltr'><strong>ἐν</strong></span> <span class='ocrx_word' id='word_1_501' title='bbox 1685 3647 2011 3716; x_wconf 76' lang='grc' dir='ltr'>ἀνθρώποις</span> 
     </span>
    </p>
   </div>
   <div class='ocr_carea' id='block_1_70' title="bbox 433 3738 2012 3810">
    <p class='ocr_par' dir='ltr' id='par_1_70' title="bbox 433 3738 2012 3810">
     <span class='ocr_line' id='line_1_70' title="bbox 433 3738 2012 3810; baseline -0.008 -9"><span class='ocrx_word' id='word_1_502' title='bbox 433 3746 695 3801; x_wconf 78' lang='grc' dir='ltr'>εὐδοκία.</span> <span class='ocrx_word' id='word_1_503' title='bbox 737 3745 845 3798; x_wconf 68' lang='grc' dir='ltr'>Καὶ</span> <span class='ocrx_word' id='word_1_504' title='bbox 888 3742 1062 3797; x_wconf 87' lang='grc' dir='ltr'>ταῦτα</span> <span class='ocrx_word' id='word_1_505' title='bbox 1092 3742 1338 3804; x_wconf 80' lang='grc' dir='ltr'>εἰπόντες</span> <span class='ocrx_word' id='word_1_506' title='bbox 1370 3740 1700 3810; x_wconf 83' lang='grc' dir='ltr'>ἀπέρχονται</span> <span class='ocrx_word' id='word_1_507' title='bbox 1748 3738 1858 3791; x_wconf 82' lang='grc' dir='ltr'>ἀπὸ</span> <span class='ocrx_word' id='word_1_508' title='bbox 1903 3738 2012 3790; x_wconf 86' lang='grc' dir='ltr'><strong>τῶν</strong></span> 
     </span>
    </p>
   </div>
   <div class='ocr_carea' id='block_1_71' title="bbox 435 3826 2012 3906">
    <p class='ocr_par' dir='ltr' id='par_1_71' title="bbox 435 3826 2012 3906">
     <span class='ocr_line' id='line_1_71' title="bbox 435 3826 2012 3906; baseline -0.007 -17"><span class='ocrx_word' id='word_1_509' title='bbox 435 3835 708 3906; x_wconf 89' lang='grc' dir='ltr'>ποιμένων</span> <span class='ocrx_word' id='word_1_510' title='bbox 750 3835 828 3896; x_wconf 79' lang='grc' dir='ltr'>εἰς</span> <span class='ocrx_word' id='word_1_511' title='bbox 868 3833 958 3886; x_wconf 85' lang='grc' dir='ltr'><strong>τὸν</strong></span> <span class='ocrx_word' id='word_1_512' title='bbox 997 3831 1224 3902; x_wconf 79' lang='grc' dir='ltr'>οὐρανὸν</span> <span class='ocrx_word' id='word_1_513' title='bbox 1259 3831 1308 3882; x_wconf 81' lang='grc' dir='ltr'><strong>οἱ</strong></span> <span class='ocrx_word' id='word_1_514' title='bbox 1347 3828 1585 3897; x_wconf 84' lang='grc' dir='ltr'>ἄγγελοι,</span> <span class='ocrx_word' id='word_1_515' title='bbox 1623 3826 2012 3889; x_wconf 85' lang='grc' dir='ltr'>καταλιπόντες</span> 
     </span>
    </p>
   </div>
   <div class='ocr_carea' id='block_1_72' title="bbox 435 3917 2014 4000">
    <p class='ocr_par' dir='ltr' id='par_1_72' title="bbox 435 3917 2014 4000">
     <span class='ocr_line' id='line_1_72' title="bbox 435 3917 2014 4000; baseline -0.007 -20"><span class='ocrx_word' id='word_1_516' title='bbox 435 3930 569 4000; x_wconf 75' lang='grc' dir='ltr'>ἡμῖν</span> <span class='ocrx_word' id='word_1_517' title='bbox 597 3929 758 3990; x_wconf 83' lang='grc' dir='ltr'>νοεῖν,</span> <span class='ocrx_word' id='word_1_518' title='bbox 789 3925 903 3988; x_wconf 83' lang='grc' dir='ltr'><strong>πῶς</strong></span> <span class='ocrx_word' id='word_1_519' title='bbox 933 3926 966 3994; x_wconf 87' lang='grc' dir='ltr'><strong>ἡ</strong></span> <span class='ocrx_word' id='word_1_520' title='bbox 995 3921 1444 3991; x_wconf 83' lang='grc' dir='ltr'>εὐαγγελισοεῖσα</span> <span class='ocrx_word' id='word_1_521' title='bbox 1474 3922 1607 3990; x_wconf 86' lang='grc' dir='ltr'>ἡμῖν</span> <span class='ocrx_word' id='word_1_522' title='bbox 1635 3918 1723 3971; x_wconf 81' lang='grc' dir='ltr'>διὰ</span> <span class='ocrx_word' id='word_1_523' title='bbox 1742 3919 1839 3984; x_wconf 83' lang='grc' dir='ltr'>τῆς</span> <span class='ocrx_word' id='word_1_524' title='bbox 1861 3917 2014 3986; x_wconf 88' lang='grc' dir='ltr'>γενέ-</span> 
     </span>
    </p>
   </div>
   <div class='ocr_carea' id='block_1_73' title="bbox 438 4011 2012 4092">
    <p class='ocr_par' dir='ltr' id='par_1_73' title="bbox 438 4011 2012 4092">
     <span class='ocr_line' id='line_1_73' title="bbox 438 4011 2012 4092; baseline -0.009 -16"><span class='ocrx_word' id='word_1_525' title='bbox 438 4039 574 4085; x_wconf 87' lang='grc' dir='ltr'>σεως</span> <span class='ocrx_word' id='word_1_526' title='bbox 602 4019 838 4092; x_wconf 86' lang='grc' dir='ltr'>Χριστοῦ</span> <span class='ocrx_word' id='word_1_527' title='bbox 890 4016 1064 4088; x_wconf 83' lang='grc' dir='ltr'>Ἰησοῦ</span> <span class='ocrx_word' id='word_1_528' title='bbox 1105 4014 1272 4087; x_wconf 83' lang='grc' dir='ltr'>χαρὰ,</span> <span class='ocrx_word' id='word_1_529' title='bbox 1322 4013 1448 4080; x_wconf 82' lang='grc' dir='ltr'>δόξα</span> <span class='ocrx_word' id='word_1_530' title='bbox 1474 4013 1623 4066; x_wconf 70' lang='grc' dir='ltr'>ἐστὶν</span> <span class='ocrx_word' id='word_1_531' title='bbox 1673 4013 1730 4063; x_wconf 84' lang='grc' dir='ltr'><strong>ἐν</strong></span> <span class='ocrx_word' id='word_1_532' title='bbox 1769 4011 2012 4080; x_wconf 73' lang='grc' dir='ltr'>ὑψίστοις</span> 
     </span>
    </p>
   </div>
   <div class='ocr_carea' id='block_1_74' title="bbox 436 4102 2013 4187">
    <p class='ocr_par' dir='ltr' id='par_1_74' title="bbox 436 4102 2013 4187">
     <span class='ocr_line' id='line_1_74' title="bbox 436 4102 2013 4187; baseline -0.01 -18"><span class='ocrx_word' id='word_1_533' title='bbox 436 4115 584 4187; x_wconf 79' lang='grc' dir='ltr'><strong>Θεῷ·</strong></span> <span class='ocrx_word' id='word_1_534' title='bbox 614 4114 722 4168; x_wconf 81' lang='grc' dir='ltr'><strong>τῶν</strong></span> <span class='ocrx_word' id='word_1_535' title='bbox 764 4110 1206 4167; x_wconf 81' lang='grc' dir='ltr'>ταπεινωθέντων</span> <span class='ocrx_word' id='word_1_536' title='bbox 1256 4109 1336 4170; x_wconf 80' lang='grc' dir='ltr'><strong>είς</strong></span> <span class='ocrx_word' id='word_1_537' title='bbox 1399 4104 1528 4176; x_wconf 88' lang='grc' dir='ltr'>χοῦν</span> <span class='ocrx_word' id='word_1_538' title='bbox 1580 4102 2013 4174; x_wconf 81' lang='grc' dir='ltr'>ἐπιστρεφόντων</span> 
     </span>
    </p>
   </div>
   <div class='ocr_carea' id='block_1_75' title="bbox 436 4194 2014 4277">
    <p class='ocr_par' dir='ltr' id='par_1_75' title="bbox 436 4194 2014 4277">
     <span class='ocr_line' id='line_1_75' title="bbox 436 4194 2014 4277; baseline -0.011 -16"><span class='ocrx_word' id='word_1_539' title='bbox 436 4209 516 4270; x_wconf 84' lang='grc' dir='ltr'><strong>είς</strong></span> <span class='ocrx_word' id='word_1_540' title='bbox 544 4206 641 4277; x_wconf 82' lang='grc' dir='ltr'>τὴν</span> <span class='ocrx_word' id='word_1_541' title='bbox 670 4206 972 4258; x_wconf 89' lang='grc' dir='ltr'>ἀνάπαυσιν</span> <span class='ocrx_word' id='word_1_542' title='bbox 1013 4199 1213 4259; x_wconf 79' lang='grc' dir='ltr'>αὐτῶν,</span> <span class='ocrx_word' id='word_1_543' title='bbox 1249 4197 1344 4252; x_wconf 72' lang='grc' dir='ltr'><strong>καὶ</strong></span> <span class='ocrx_word' id='word_1_544' title='bbox 1390 4199 1449 4250; x_wconf 89' lang='grc' dir='ltr'><strong>ἐν</strong></span> <span class='ocrx_word' id='word_1_545' title='bbox 1489 4195 1730 4266; x_wconf 73' lang='grc' dir='ltr'>ὑψίστοις</span> <span class='ocrx_word' id='word_1_546' title='bbox 1761 4194 1850 4246; x_wconf 79' lang='grc' dir='ltr'>διὰ</span> <span class='ocrx_word' id='word_1_547' title='bbox 1882 4194 2014 4263; x_wconf 82' lang='grc' dir='ltr'>Χρι-</span> 
     </span>
    </p>
   </div>
   <div class='ocr_carea' id='block_1_76' title="bbox 438 4285 2010 4369">
    <p class='ocr_par' dir='ltr' id='par_1_76' title="bbox 438 4285 2010 4369">
     <span class='ocr_line' id='line_1_76' title="bbox 438 4285 2010 4369; baseline -0.01 -17"><span class='ocrx_word' id='word_1_548' title='bbox 438 4300 566 4352; x_wconf 87' lang='grc' dir='ltr'>στοῦ</span> <span class='ocrx_word' id='word_1_549' title='bbox 603 4297 902 4369; x_wconf 85' lang='grc' dir='ltr'>μελλόντων</span> <span class='ocrx_word' id='word_1_550' title='bbox 939 4291 1183 4358; x_wconf 81' lang='grc' dir='ltr'>δοξάζειν</span> <span class='ocrx_word' id='word_1_551' title='bbox 1221 4291 1312 4344; x_wconf 80' lang='grc' dir='ltr'><strong>τὸν</strong></span> <span class='ocrx_word' id='word_1_552' title='bbox 1341 4289 1494 4342; x_wconf 87' lang='grc' dir='ltr'>Θεόν.</span> <span class='ocrx_word' id='word_1_553' title='bbox 1553 4287 1714 4340; x_wconf 76' lang='grc' dir='ltr'>Ἀλλὰ</span> <span class='ocrx_word' id='word_1_554' title='bbox 1747 4287 1840 4340; x_wconf 72' lang='grc' dir='ltr'><strong>καὶ</strong></span> <span class='ocrx_word' id='word_1_555' title='bbox 1881 4285 2010 4338; x_wconf 88' lang='grc' dir='ltr'>θαυ-</span> 
     </span>
    </p>
   </div>
   <div class='ocr_carea' id='block_1_77' title="bbox 441 4377 2012 4464">
    <p class='ocr_par' dir='ltr' id='par_1_77' title="bbox 441 4377 2012 4464">
     <span class='ocr_line' id='line_1_77' title="bbox 441 4377 2012 4464; baseline -0.013 -16"><span class='ocrx_word' id='word_1_556' title='bbox 441 4394 704 4464; x_wconf 74' lang='grc' dir='ltr'>μάζουσιν</span> <span class='ocrx_word' id='word_1_557' title='bbox 739 4393 788 4443; x_wconf 82' lang='grc' dir='ltr'>οἱ</span> <span class='ocrx_word' id='word_1_558' title='bbox 821 4387 1041 4457; x_wconf 84' lang='grc' dir='ltr'>ἄγγελοι</span> <span class='ocrx_word' id='word_1_559' title='bbox 1081 4385 1179 4456; x_wconf 84' lang='grc' dir='ltr'>τὴν</span> <span class='ocrx_word' id='word_1_560' title='bbox 1214 4383 1307 4436; x_wconf 76' lang='grc' dir='ltr'>ἐπὶ</span> <span class='ocrx_word' id='word_1_561' title='bbox 1343 4383 1446 4450; x_wconf 85' lang='grc' dir='ltr'><strong>γῆς</strong></span> <span class='ocrx_word' id='word_1_562' title='bbox 1474 4379 1740 4450; x_wconf 79' lang='grc' dir='ltr'>ἐσομένην</span> <span class='ocrx_word' id='word_1_563' title='bbox 1776 4377 1863 4431; x_wconf 85' lang='grc' dir='ltr'>διὰ</span> <span class='ocrx_word' id='word_1_564' title='bbox 1906 4378 2012 4448; x_wconf 80' lang='grc' dir='ltr'>Ἰη-</span> 
     </span>
    </p>
   </div>
   <div class='ocr_carea' id='block_1_78' title="bbox 441 4469 2014 4554">
    <p class='ocr_par' dir='ltr' id='par_1_78' title="bbox 441 4469 2014 4554">
     <span class='ocr_line' id='line_1_78' title="bbox 441 4469 2014 4554; baseline -0.011 -15"><span class='ocrx_word' id='word_1_565' title='bbox 441 4485 566 4539; x_wconf 79' lang='grc' dir='ltr'>σοῦν</span> <span class='ocrx_word' id='word_1_566' title='bbox 599 4483 842 4554; x_wconf 84' lang='grc' dir='ltr'>εἰρήνην,</span> <span class='ocrx_word' id='word_1_567' title='bbox 876 4477 972 4532; x_wconf 89' lang='grc' dir='ltr'><strong>τοῦ</strong></span> <span class='ocrx_word' id='word_1_568' title='bbox 1007 4472 1302 4547; x_wconf 81' lang='grc' dir='ltr'>πολεμικοῦ</span> <span class='ocrx_word' id='word_1_569' title='bbox 1342 4471 1563 4544; x_wconf 85' lang='grc' dir='ltr'>χωρίου,</span> <span class='ocrx_word' id='word_1_570' title='bbox 1589 4473 1670 4534; x_wconf 83' lang='grc' dir='ltr'>εἰς</span> <span class='ocrx_word' id='word_1_571' title='bbox 1705 4470 1734 4522; x_wconf 86' lang='grc' dir='ltr'><strong>ὃ</strong></span> <span class='ocrx_word' id='word_1_572' title='bbox 1767 4469 2014 4522; x_wconf 85' lang='grc' dir='ltr'>ἐκπεσὼν</span> 
     </span>
    </p>
   </div>
   <div class='ocr_carea' id='block_1_79' title="bbox 440 4561 2014 4647">
    <p class='ocr_par' dir='ltr' id='par_1_79' title="bbox 440 4561 2014 4647">
     <span class='ocr_line' id='line_1_79' title="bbox 440 4561 2014 4647; baseline -0.011 -15"><span class='ocrx_word' id='word_1_573' title='bbox 440 4581 504 4632; x_wconf 74' lang='grc' dir='ltr'>ὲκ</span> <span class='ocrx_word' id='word_1_574' title='bbox 529 4577 623 4630; x_wconf 86' lang='grc' dir='ltr'><strong>τοῦ</strong></span> <span class='ocrx_word' id='word_1_575' title='bbox 656 4572 886 4647; x_wconf 82' lang='grc' dir='ltr'>οὐρανοῦ</span> <span class='ocrx_word' id='word_1_576' title='bbox 952 4569 981 4622; x_wconf 87' lang='grc' dir='ltr'>ὁ</span> <span class='ocrx_word' id='word_1_577' title='bbox 1004 4563 1512 4639; x_wconf 79' lang='grc' dir='ltr'>Ἐωσφόροςόπρωῒ</span> <span class='ocrx_word' id='word_1_578' title='bbox 1546 4561 1871 4627; x_wconf 79' lang='grc' dir='ltr'>ἀνατέλλων,</span> <span class='ocrx_word' id='word_1_579' title='bbox 1909 4561 2014 4614; x_wconf 84' lang='grc' dir='ltr'><strong>ὑπὸ</strong></span> 
     </span>
    </p>
   </div>
   <div class='ocr_carea' id='block_1_80' title="bbox 451 4661 1168 4740">
    <p class='ocr_par' dir='ltr' id='par_1_80' title="bbox 451 4661 1168 4740">
     <span class='ocr_line' id='line_1_80' title="bbox 451 4661 1168 4740; baseline -0.013 -18"><span class='ocrx_word' id='word_1_580' title='bbox 451 4667 624 4740; x_wconf 83' lang='grc' dir='ltr'>Ἰησοῦ</span> <span class='ocrx_word' id='word_1_581' title='bbox 655 4664 999 4736; x_wconf 75' lang='grc' dir='ltr'>συντρίϐεται</span> <span class='ocrx_word' id='word_1_582' title='bbox 1034 4661 1168 4733; x_wconf 84' lang='lat'><strong>(60).</strong></span> 
     </span>
    </p>
   </div>
   <div class='ocr_carea' id='block_1_81' title="bbox 511 4745 2012 4830">
    <p class='ocr_par' dir='ltr' id='par_1_81' title="bbox 511 4745 2012 4830">
     <span class='ocr_line' id='line_1_81' title="bbox 511 4745 2012 4830; baseline -0.013 -16"><span class='ocrx_word' id='word_1_583' title='bbox 511 4761 600 4814; x_wconf 76' lang='grc'><strong>14.</strong></span> <span class='ocrx_word' id='word_1_584' title='bbox 640 4758 788 4830; x_wconf 85' lang='grc' dir='ltr'>Πρὸς</span> <span class='ocrx_word' id='word_1_585' title='bbox 813 4759 926 4818; x_wconf 82' lang='grc' dir='ltr'>τοῖς</span> <span class='ocrx_word' id='word_1_586' title='bbox 961 4753 1272 4826; x_wconf 72' lang='grc' dir='ltr'>εἰρημένοις</span> <span class='ocrx_word' id='word_1_587' title='bbox 1296 4751 1392 4804; x_wconf 67' lang='grc' dir='ltr'><strong>καὶ</strong></span> <span class='ocrx_word' id='word_1_588' title='bbox 1419 4747 1577 4802; x_wconf 90' lang='grc' dir='ltr'>τοῦτο</span> <span class='ocrx_word' id='word_1_589' title='bbox 1608 4745 1735 4818; x_wconf 74' lang='grc' dir='ltr'>περὶ</span> <span class='ocrx_word' id='word_1_590' title='bbox 1765 4745 2012 4812; x_wconf 81' lang='grc' dir='ltr'>Εὑαγγε-</span> 
     </span>
    </p>
   </div>
   <div class='ocr_carea' id='block_1_82' title="bbox 444 4835 2013 4916">
    <p class='ocr_par' dir='ltr' id='par_1_82' title="bbox 444 4835 2013 4916">
     <span class='ocr_line' id='line_1_82' title="bbox 444 4835 2013 4916; baseline -0.014 -8"><span class='ocrx_word' id='word_1_591' title='bbox 444 4855 554 4909; x_wconf 66' lang='grc' dir='ltr'>»λου</span> <span class='ocrx_word' id='word_1_592' title='bbox 589 4850 783 4914; x_wconf 82' lang='grc' dir='ltr'>ἰστέον,</span> <span class='ocrx_word' id='word_1_593' title='bbox 818 4850 900 4903; x_wconf 84' lang='grc' dir='ltr'>ὅτι</span> <span class='ocrx_word' id='word_1_594' title='bbox 939 4847 1152 4916; x_wconf 79' lang='grc' dir='ltr'>πρῶτον</span> <span class='ocrx_word' id='word_1_595' title='bbox 1185 4844 1282 4915; x_wconf 85' lang='grc' dir='ltr'><strong>τῆς</strong></span> <span class='ocrx_word' id='word_1_596' title='bbox 1330 4840 1568 4911; x_wconf 80' lang='grc' dir='ltr'>κεφαλῆς</span> <span class='ocrx_word' id='word_1_597' title='bbox 1611 4837 1703 4892; x_wconf 86' lang='grc' dir='ltr'><strong>τοῦ</strong></span> <span class='ocrx_word' id='word_1_598' title='bbox 1743 4835 1864 4890; x_wconf 84' lang='grc' dir='ltr'>ὅλου</span> <span class='ocrx_word' id='word_1_599' title='bbox 1905 4835 2013 4888; x_wconf 80' lang='grc' dir='ltr'><strong>τῶν</strong></span> 
     </span>
    </p>
   </div>
   <div class='ocr_carea' id='block_1_83' title="bbox 444 4927 2013 5016">
    <p class='ocr_par' dir='ltr' id='par_1_83' title="bbox 444 4927 2013 5016">
     <span class='ocr_line' id='line_1_83' title="bbox 444 4927 2013 5016; baseline -0.015 -16"><span class='ocrx_word' id='word_1_600' title='bbox 444 4944 764 5016; x_wconf 77' lang='grc' dir='ltr'>σωζομένων</span> <span class='ocrx_word' id='word_1_601' title='bbox 807 4940 1058 5011; x_wconf 84' lang='grc' dir='ltr'>σώματος</span> <span class='ocrx_word' id='word_1_602' title='bbox 1098 4934 1335 5008; x_wconf 88' lang='grc' dir='ltr'>Χριστοῦ</span> <span class='ocrx_word' id='word_1_603' title='bbox 1381 4930 1554 5003; x_wconf 88' lang='grc' dir='ltr'>Ἰησοῦ</span> <span class='ocrx_word' id='word_1_604' title='bbox 1589 4932 1703 4982; x_wconf 81' lang='grc' dir='ltr'>ἐστι</span> <span class='ocrx_word' id='word_1_605' title='bbox 1735 4927 1793 4981; x_wconf 84' lang='grc' dir='ltr'><strong>τό</strong></span> <span class='ocrx_word' id='word_1_606' title='bbox 1836 4927 2013 4995; x_wconf 80' lang='grc' dir='ltr'>Εὐαγ-</span> 
     </span>
    </p>
   </div>
   <div class='ocr_carea' id='block_1_84' title="bbox 452 5019 2018 5109">
    <p class='ocr_par' dir='ltr' id='par_1_84' title="bbox 452 5019 2018 5109">
     <span class='ocr_line' id='line_1_84' title="bbox 452 5019 2018 5109; baseline -0.013 -16"><span class='ocrx_word' id='word_1_607' title='bbox 452 5039 639 5109; x_wconf 68' lang='grc' dir='ltr'>γέλιον,</span> <span class='ocrx_word' id='word_1_608' title='bbox 672 5035 747 5099; x_wconf 81' lang='grc' dir='ltr'>ὥς</span> <span class='ocrx_word' id='word_1_609' title='bbox 767 5050 928 5106; x_wconf 86' lang='grc' dir='ltr'>φησιν</span> <span class='ocrx_word' id='word_1_610' title='bbox 956 5033 984 5084; x_wconf 93' lang='lat'><strong>6</strong></span> <span class='ocrx_word' id='word_1_611' title='bbox 1010 5030 1235 5101; x_wconf 84' lang='grc' dir='ltr'>Μάρκος</span> <span class='ocrx_word' id='word_1_612' title='bbox 1254 5043 1266 5057; x_wconf 79' lang='lat'>&#39;</span> <span class='ocrx_word' id='word_1_613' title='bbox 1301 5024 1486 5095; x_wconf 77' lang='grc' dir='ltr'>Ἀρχὴ</span> <span class='ocrx_word' id='word_1_614' title='bbox 1511 5023 1616 5078; x_wconf 88' lang='grc' dir='ltr'><strong>τοῦ</strong></span> <span class='ocrx_word' id='word_1_615' title='bbox 1650 5019 2018 5090; x_wconf 70' lang='grc' dir='ltr'>Εὐαγγελίου</span> 
     </span>
    </p>
   </div>
   <div class='ocr_carea' id='block_1_85' title="bbox 446 5112 2021 5202">
    <p class='ocr_par' dir='ltr' id='par_1_85' title="bbox 446 5112 2021 5202">
     <span class='ocr_line' id='line_1_85' title="bbox 446 5112 2021 5202; baseline -0.017 -14"><span class='ocrx_word' id='word_1_616' title='bbox 446 5128 702 5202; x_wconf 82' lang='grc' dir='ltr'>Χριστοῦ</span> <span class='ocrx_word' id='word_1_617' title='bbox 767 5123 960 5194; x_wconf 83' lang='grc' dir='ltr'>Ἰησοῦ</span> <span class='ocrx_word' id='word_1_618' title='bbox 981 5140 998 5155; x_wconf 86' lang='grc'><strong>·</strong></span> <span class='ocrx_word' id='word_1_619' title='bbox 1038 5122 1140 5193; x_wconf 74' lang='grc' dir='ltr'>ήδη</span> <span class='ocrx_word' id='word_1_620' title='bbox 1169 5120 1226 5173; x_wconf 86' lang='grc' dir='ltr'><strong>δέ</strong></span> <span class='ocrx_word' id='word_1_621' title='bbox 1263 5119 1359 5171; x_wconf 74' lang='grc' dir='ltr'>καὶ</span> <span class='ocrx_word' id='word_1_622' title='bbox 1389 5116 1496 5170; x_wconf 87' lang='grc' dir='ltr'><strong>τῶν</strong></span> <span class='ocrx_word' id='word_1_623' title='bbox 1539 5112 1850 5168; x_wconf 87' lang='grc' dir='ltr'>ἀποστόλων</span> <span class='ocrx_word' id='word_1_624' title='bbox 1892 5127 2021 5177; x_wconf 90' lang='grc' dir='ltr'>τυγ-</span> 
     </span>
    </p>
   </div>
   <div class='ocr_carea' id='block_1_86' title="bbox 2113 3644 3683 3717">
    <p class='ocr_par' dir='ltr' id='par_1_86' title="bbox 2113 3644 3683 3717">
     <span class='ocr_line' id='line_1_86' title="bbox 2113 3644 3683 3717; baseline -0.009 -8"><span class='ocrx_word' id='word_1_625' title='bbox 2113 3656 2214 3709; x_wconf 88' lang='lat' dir='ltr'><strong>mis</strong></span> <span class='ocrx_word' id='word_1_626' title='bbox 2257 3654 2388 3716; x_wconf 86' lang='lat' dir='ltr'><strong>Deo,</strong></span> <span class='ocrx_word' id='word_1_627' title='bbox 2438 3663 2483 3707; x_wconf 79' lang='lat' dir='ltr'><strong>et</strong></span> <span class='ocrx_word' id='word_1_628' title='bbox 2527 3653 2582 3705; x_wconf 88' lang='lat' dir='ltr'><strong>in</strong></span> <span class='ocrx_word' id='word_1_629' title='bbox 2623 3661 2764 3704; x_wconf 82' lang='lat' dir='ltr'><strong>terra</strong></span> <span class='ocrx_word' id='word_1_630' title='bbox 2797 3663 2901 3717; x_wconf 80' lang='lat' dir='ltr'><strong>paa:</strong></span> <span class='ocrx_word' id='word_1_631' title='bbox 2935 3667 2954 3710; x_wconf 87' lang='lat'><strong>,-</strong></span> <span class='ocrx_word' id='word_1_632' title='bbox 2994 3646 3050 3698; x_wconf 87' lang='lat' dir='ltr'><strong>in</strong></span> <span class='ocrx_word' id='word_1_633' title='bbox 3087 3644 3387 3698; x_wconf 85' lang='lat' dir='ltr'><strong>hominibus</strong></span> <span class='ocrx_word' id='word_1_634' title='bbox 3421 3644 3555 3695; x_wconf 86' lang='lat' dir='ltr'><strong>bona</strong></span> <span class='ocrx_word' id='word_1_635' title='bbox 3596 3659 3683 3696; x_wconf 75' lang='lat' dir='ltr'><strong>eo-</strong></span> 
     </span>
    </p>
   </div>
   <div class='ocr_carea' id='block_1_87' title="bbox 2112 3731 3682 3808">
    <p class='ocr_par' dir='ltr' id='par_1_87' title="bbox 2112 3731 3682 3808">
     <span class='ocr_line' id='line_1_87' title="bbox 2112 3731 3682 3808; baseline -0.008 -11"><span class='ocrx_word' id='word_1_636' title='bbox 2112 3746 2290 3797; x_wconf 81' lang='lat' dir='ltr'><strong>(muas</strong></span> <span class='ocrx_word' id='word_1_637' title='bbox 2315 3744 2382 3806; x_wconf 70' lang='grc'><strong>⁷⁸,</strong></span> <span class='ocrx_word' id='word_1_638' title='bbox 2409 3743 2604 3808; x_wconf 88' lang='lat' dir='ltr'><strong>hisque</strong></span> <span class='ocrx_word' id='word_1_639' title='bbox 2652 3738 2812 3793; x_wconf 91' lang='lat' dir='ltr'><strong>dictis</strong></span> <span class='ocrx_word' id='word_1_640' title='bbox 2861 3735 3175 3805; x_wconf 91' lang='lat' dir='ltr'><strong>pastoribus</strong></span> <span class='ocrx_word' id='word_1_641' title='bbox 3225 3734 3278 3787; x_wconf 92' lang='lat' dir='ltr'><strong>in</strong></span> <span class='ocrx_word' id='word_1_642' title='bbox 3325 3731 3525 3787; x_wconf 72' lang='lat' dir='ltr'><strong>cmlum</strong></span> <span class='ocrx_word' id='word_1_643' title='bbox 3561 3747 3682 3787; x_wconf 85' lang='lat' dir='ltr'><strong>sese</strong></span> 
     </span>
    </p>
   </div>
   <div class='ocr_carea' id='block_1_88' title="bbox 2113 3826 3682 3905">
    <p class='ocr_par' dir='ltr' id='par_1_88' title="bbox 2113 3826 3682 3905">
     <span class='ocr_line' id='line_1_88' title="bbox 2113 3826 3682 3905; baseline -0.009 -13"><span class='ocrx_word' id='word_1_644' title='bbox 2113 3838 2382 3905; x_wconf 86' lang='lat' dir='ltr'><strong>recipiunt</strong></span> <span class='ocrx_word' id='word_1_645' title='bbox 2414 3833 2614 3904; x_wconf 82' lang='lat' dir='ltr'><strong>angeli,</strong></span> <span class='ocrx_word' id='word_1_646' title='bbox 2650 3831 2808 3885; x_wconf 91' lang='lat' dir='ltr'><strong>nobis</strong></span> <span class='ocrx_word' id='word_1_647' title='bbox 2832 3826 3286 3884; x_wconf 89' lang='lat' dir='ltr'><strong>considerandum</strong></span> <span class='ocrx_word' id='word_1_648' title='bbox 3316 3826 3682 3896; x_wconf 83' lang='lat' dir='ltr'><strong>relinquentes</strong></span> 
     </span>
    </p>
   </div>
   <div class='ocr_carea' id='block_1_89' title="bbox 2113 3907 3680 3998">
    <p class='ocr_par' dir='ltr' id='par_1_89' title="bbox 2113 3907 3680 3998">
     <span class='ocr_line' id='line_1_89' title="bbox 2113 3907 3680 3998; baseline -0.007 -19"><span class='ocrx_word' id='word_1_649' title='bbox 2113 3926 2384 3998; x_wconf 82' lang='lat' dir='ltr'><strong>quomodo</strong></span> <span class='ocrx_word' id='word_1_650' title='bbox 2416 3907 2797 3978; x_wconf 72' lang='lat' dir='ltr'><strong>auimntiatum</strong></span> <span class='ocrx_word' id='word_1_651' title='bbox 2841 3920 2998 3974; x_wconf 89' lang='lat' dir='ltr'><strong>nobis</strong></span> <span class='ocrx_word' id='word_1_652' title='bbox 3032 3933 3099 3973; x_wconf 83' lang='lat' dir='ltr'><strong>ex</strong></span> <span class='ocrx_word' id='word_1_653' title='bbox 3135 3926 3258 3972; x_wconf 91' lang='lat' dir='ltr'><strong>ortu</strong></span> <span class='ocrx_word' id='word_1_654' title='bbox 3309 3917 3511 3972; x_wconf 89' lang='lat' dir='ltr'><strong>Christi</strong></span> <span class='ocrx_word' id='word_1_655' title='bbox 3553 3915 3680 3970; x_wconf 84' lang='lat' dir='ltr'><strong>Jesu</strong></span> 
     </span>
    </p>
   </div>
   <div class='ocr_carea' id='block_1_90' title="bbox 2114 4007 3683 4087">
    <p class='ocr_par' dir='ltr' id='par_1_90' title="bbox 2114 4007 3683 4087">
     <span class='ocr_line' id='line_1_90' title="bbox 2114 4007 3683 4087; baseline -0.007 -19"><span class='ocrx_word' id='word_1_656' title='bbox 2114 4017 2392 4087; x_wconf 84' lang='lat' dir='ltr'><strong>gaudium.</strong></span> <span class='ocrx_word' id='word_1_657' title='bbox 2440 4015 2611 4085; x_wconf 82' lang='lat' dir='ltr'><strong>gloria</strong></span> <span class='ocrx_word' id='word_1_658' title='bbox 2660 4013 2826 4068; x_wconf 89' lang='lat' dir='ltr'><strong>etiam</strong></span> <span class='ocrx_word' id='word_1_659' title='bbox 2859 4019 2946 4066; x_wconf 91' lang='lat' dir='ltr'><strong>est</strong></span> <span class='ocrx_word' id='word_1_660' title='bbox 2991 4011 3044 4064; x_wconf 91' lang='lat' dir='ltr'><strong>in</strong></span> <span class='ocrx_word' id='word_1_661' title='bbox 3083 4008 3366 4062; x_wconf 85' lang='lat' dir='ltr'><strong>altissimis</strong></span> <span class='ocrx_word' id='word_1_662' title='bbox 3411 4007 3558 4070; x_wconf 85' lang='lat' dir='ltr'><strong>Deo;</strong></span> <span class='ocrx_word' id='word_1_663' title='bbox 3596 4021 3683 4058; x_wconf 85' lang='lat' dir='ltr'><strong>re-</strong></span> 
     </span>
    </p>
   </div>
   <div class='ocr_carea' id='block_1_91' title="bbox 2114 4097 3680 4173">
    <p class='ocr_par' dir='ltr' id='par_1_91' title="bbox 2114 4097 3680 4173">
     <span class='ocr_line' id='line_1_91' title="bbox 2114 4097 3680 4173; baseline -0.009 -11"><span class='ocrx_word' id='word_1_664' title='bbox 2114 4109 2456 4164; x_wconf 88' lang='lat' dir='ltr'><strong>vertentibus</strong></span> <span class='ocrx_word' id='word_1_665' title='bbox 2486 4108 2538 4159; x_wconf 92' lang='lat' dir='ltr'><strong>in</strong></span> <span class='ocrx_word' id='word_1_666' title='bbox 2573 4105 2814 4173; x_wconf 89' lang='lat' dir='ltr'><strong>requiem</strong></span> <span class='ocrx_word' id='word_1_667' title='bbox 2840 4117 3016 4167; x_wconf 92' lang='lat' dir='ltr'><strong>suam,</strong></span> <span class='ocrx_word' id='word_1_668' title='bbox 3038 4110 3094 4154; x_wconf 86' lang='lat' dir='ltr'><strong>et</strong></span> <span class='ocrx_word' id='word_1_669' title='bbox 3123 4101 3175 4154; x_wconf 94' lang='lat' dir='ltr'><strong>in</strong></span> <span class='ocrx_word' id='word_1_670' title='bbox 3201 4098 3483 4152; x_wconf 86' lang='lat' dir='ltr'><strong>altissimis</strong></span> <span class='ocrx_word' id='word_1_671' title='bbox 3514 4097 3680 4150; x_wconf 89' lang='lat' dir='ltr'><strong>Deum</strong></span> 
     </span>
    </p>
   </div>
   <div class='ocr_carea' id='block_1_92' title="bbox 2115 4189 3685 4271">
    <p class='ocr_par' dir='ltr' id='par_1_92' title="bbox 2115 4189 3685 4271">
     <span class='ocr_line' id='line_1_92' title="bbox 2115 4189 3685 4271; baseline -0.007 -18"><span class='ocrx_word' id='word_1_672' title='bbox 2115 4200 2506 4271; x_wconf 82' lang='lat' dir='ltr'><strong>gloriﬁcaturis</strong></span> <span class='ocrx_word' id='word_1_673' title='bbox 2537 4214 2635 4268; x_wconf 84' lang='lat' dir='ltr'><strong>per</strong></span> <span class='ocrx_word' id='word_1_674' title='bbox 2662 4197 2939 4252; x_wconf 89' lang='lat' dir='ltr'><strong>Christum</strong></span> <span class='ocrx_word' id='word_1_675' title='bbox 2966 4196 3033 4248; x_wconf 85' lang='lat' dir='ltr'><strong>iis</strong></span> <span class='ocrx_word' id='word_1_676' title='bbox 3053 4191 3142 4262; x_wconf 90' lang='lat' dir='ltr'><strong>qui</strong></span> <span class='ocrx_word' id='word_1_677' title='bbox 3166 4190 3434 4244; x_wconf 90' lang='lat' dir='ltr'><strong>humiliati</strong></span> <span class='ocrx_word' id='word_1_678' title='bbox 3467 4189 3685 4244; x_wconf 77' lang='lat' dir='ltr'><strong>fuerant</strong></span> 
     </span>
    </p>
   </div>
   <div class='ocr_carea' id='block_1_93' title="bbox 2115 4279 3685 4360">
    <p class='ocr_par' dir='ltr' id='par_1_93' title="bbox 2115 4279 3685 4360">
     <span class='ocr_line' id='line_1_93' title="bbox 2115 4279 3685 4360; baseline -0.008 -16"><span class='ocrx_word' id='word_1_679' title='bbox 2115 4291 2170 4345; x_wconf 92' lang='lat' dir='ltr'><strong>iu</strong></span> <span class='ocrx_word' id='word_1_680' title='bbox 2227 4291 2528 4360; x_wconf 84' lang='lat' dir='ltr'><strong>pulverem.</strong></span> <span class='ocrx_word' id='word_1_681' title='bbox 2577 4286 2846 4340; x_wconf 88' lang='lat' dir='ltr'><strong>Mirantur</strong></span> <span class='ocrx_word' id='word_1_682' title='bbox 2897 4283 3066 4338; x_wconf 91' lang='lat' dir='ltr'><strong>etiam</strong></span> <span class='ocrx_word' id='word_1_683' title='bbox 3118 4279 3299 4351; x_wconf 81' lang='lat' dir='ltr'><strong>angeli</strong></span> <span class='ocrx_word' id='word_1_684' title='bbox 3349 4294 3536 4349; x_wconf 84' lang='lat' dir='ltr'><strong>pacem</strong></span> <span class='ocrx_word' id='word_1_685' title='bbox 3586 4294 3685 4347; x_wconf 82' lang='lat' dir='ltr'><strong>per</strong></span> 
     </span>
    </p>
   </div>
   <div class='ocr_carea' id='block_1_94' title="bbox 2114 4369 3684 4441">
    <p class='ocr_par' dir='ltr' id='par_1_94' title="bbox 2114 4369 3684 4441">
     <span class='ocr_line' id='line_1_94' title="bbox 2114 4369 3684 4441; baseline -0.01 -3"><span class='ocrx_word' id='word_1_686' title='bbox 2114 4384 2299 4438; x_wconf 82' lang='lat' dir='ltr'><strong>Jesum</strong></span> <span class='ocrx_word' id='word_1_687' title='bbox 2327 4381 2564 4435; x_wconf 82' lang='lat' dir='ltr'><strong>futuram</strong></span> <span class='ocrx_word' id='word_1_688' title='bbox 2600 4378 2652 4430; x_wconf 94' lang='lat' dir='ltr'><strong>in</strong></span> <span class='ocrx_word' id='word_1_689' title='bbox 2686 4387 2854 4439; x_wconf 91' lang='lat' dir='ltr'><strong>terra,</strong></span> <span class='ocrx_word' id='word_1_690' title='bbox 2884 4389 3005 4441; x_wconf 71' lang='lat' dir='ltr'><strong>quae</strong></span> <span class='ocrx_word' id='word_1_691' title='bbox 3034 4373 3183 4426; x_wconf 83' lang='lat' dir='ltr'><strong>locus</strong></span> <span class='ocrx_word' id='word_1_692' title='bbox 3219 4380 3303 4424; x_wconf 90' lang='lat' dir='ltr'><strong>est</strong></span> <span class='ocrx_word' id='word_1_693' title='bbox 3343 4370 3503 4424; x_wconf 89' lang='lat' dir='ltr'><strong>bellis</strong></span> <span class='ocrx_word' id='word_1_694' title='bbox 3541 4369 3684 4422; x_wconf 81' lang='lat' dir='ltr'><strong>int‘e-</strong></span> 
     </span>
    </p>
   </div>
   <div class='ocr_carea' id='block_1_95' title="bbox 2115 4461 3686 4540">
    <p class='ocr_par' dir='ltr' id='par_1_95' title="bbox 2115 4461 3686 4540">
     <span class='ocr_line' id='line_1_95' title="bbox 2115 4461 3686 4540; baseline -0.01 -12"><span class='ocrx_word' id='word_1_695' title='bbox 2115 4484 2252 4535; x_wconf 88' lang='lat' dir='ltr'><strong>stus,</strong></span> <span class='ocrx_word' id='word_1_696' title='bbox 2289 4472 2342 4525; x_wconf 92' lang='lat' dir='ltr'><strong>in</strong></span> <span class='ocrx_word' id='word_1_697' title='bbox 2367 4485 2528 4540; x_wconf 90' lang='lat' dir='ltr'><strong>quem</strong></span> <span class='ocrx_word' id='word_1_698' title='bbox 2557 4467 2814 4537; x_wconf 88' lang='lat' dir='ltr'><strong>delapsus</strong></span> <span class='ocrx_word' id='word_1_699' title='bbox 2843 4481 2874 4520; x_wconf 91' lang='lat' dir='ltr'><strong>e</strong></span> <span class='ocrx_word' id='word_1_700' title='bbox 2894 4463 3032 4520; x_wconf 67' lang='lat' dir='ltr'><strong>caelo</strong></span> <span class='ocrx_word' id='word_1_701' title='bbox 3055 4462 3276 4517; x_wconf 81' lang='lat' dir='ltr'><strong>Lucifer</strong></span> <span class='ocrx_word' id='word_1_702' title='bbox 3305 4461 3393 4516; x_wconf 89' lang='lat' dir='ltr'><strong>ille</strong></span> <span class='ocrx_word' id='word_1_703' title='bbox 3410 4461 3502 4531; x_wconf 92' lang='lat' dir='ltr'><strong>qui</strong></span> <span class='ocrx_word' id='word_1_704' title='bbox 3527 4473 3686 4513; x_wconf 89' lang='lat' dir='ltr'><strong>mane</strong></span> 
     </span>
    </p>
   </div>
   <div class='ocr_carea' id='block_1_96' title="bbox 2115 4556 3256 4628">
    <p class='ocr_par' dir='ltr' id='par_1_96' title="bbox 2115 4556 3256 4628">
     <span class='ocr_line' id='line_1_96' title="bbox 2115 4556 3256 4628; baseline -0.011 -7"><span class='ocrx_word' id='word_1_705' title='bbox 2115 4567 2395 4621; x_wconf 89' lang='lat' dir='ltr'><strong>oriebatur</strong></span> <span class='ocrx_word' id='word_1_706' title='bbox 2417 4564 2488 4628; x_wconf 80' lang='grc'><strong>⁷⁵,</strong></span> <span class='ocrx_word' id='word_1_707' title='bbox 2527 4577 2557 4614; x_wconf 88' lang='lat' dir='ltr'><strong>a</strong></span> <span class='ocrx_word' id='word_1_708' title='bbox 2591 4559 2722 4617; x_wconf 82' lang='lat' dir='ltr'><strong>Jesu</strong></span> <span class='ocrx_word' id='word_1_709' title='bbox 2755 4568 2840 4614; x_wconf 87' lang='lat' dir='ltr'><strong>est</strong></span> <span class='ocrx_word' id='word_1_710' title='bbox 2869 4556 3256 4612; x_wconf 87' lang='lat' dir='ltr'><strong>coutereudus.</strong></span> 
     </span>
    </p>
   </div>
   <div class='ocr_carea' id='block_1_97' title="bbox 2191 4727 3681 4799">
    <p class='ocr_par' dir='ltr' id='par_1_97' title="bbox 2191 4727 3681 4799">
     <span class='ocr_line' id='line_1_97' title="bbox 2191 4727 3681 4799; baseline -0.013 -4"><span class='ocrx_word' id='word_1_711' title='bbox 2191 4741 2277 4796; x_wconf 73' lang='grc' dir='ltr'><strong>Μ.</strong></span> <span class='ocrx_word' id='word_1_712' title='bbox 2319 4739 2400 4793; x_wconf 83' lang='lat' dir='ltr'><strong>Ad</strong></span> <span class='ocrx_word' id='word_1_713' title='bbox 2444 4738 2560 4792; x_wconf 69' lang='grc' dir='ltr'>ιιιεο</span> <span class='ocrx_word' id='word_1_714' title='bbox 2603 4743 2662 4790; x_wconf 92' lang='lat' dir='ltr'><strong>et</strong></span> <span class='ocrx_word' id='word_1_715' title='bbox 2699 4732 2828 4787; x_wconf 90' lang='lat' dir='ltr'><strong>illud</strong></span> <span class='ocrx_word' id='word_1_716' title='bbox 2876 4731 2940 4786; x_wconf 93' lang='lat' dir='ltr'><strong>de</strong></span> <span class='ocrx_word' id='word_1_717' title='bbox 2971 4728 3271 4799; x_wconf 85' lang='lat' dir='ltr'><strong>Evangelio</strong></span> <span class='ocrx_word' id='word_1_718' title='bbox 3316 4727 3552 4781; x_wconf 88' lang='lat' dir='ltr'><strong>sciamus</strong></span> <span class='ocrx_word' id='word_1_719' title='bbox 3586 4739 3681 4777; x_wconf 87' lang='lat' dir='ltr'><strong>ne-</strong></span> 
     </span>
    </p>
   </div>
   <div class='ocr_carea' id='block_1_98' title="bbox 2119 4818 3684 4895">
    <p class='ocr_par' dir='ltr' id='par_1_98' title="bbox 2119 4818 3684 4895">
     <span class='ocr_line' id='line_1_98' title="bbox 2119 4818 3684 4895; baseline -0.011 -10"><span class='ocrx_word' id='word_1_720' title='bbox 2119 4846 2271 4885; x_wconf 87' lang='lat' dir='ltr'><strong>cesse</strong></span> <span class='ocrx_word' id='word_1_721' title='bbox 2303 4838 2410 4892; x_wconf 89' lang='lat' dir='ltr'><strong>est,</strong></span> <span class='ocrx_word' id='word_1_722' title='bbox 2442 4824 2799 4895; x_wconf 86' lang='lat' dir='ltr'><strong>Evangelium</strong></span> <span class='ocrx_word' id='word_1_723' title='bbox 2848 4822 2901 4875; x_wconf 93' lang='lat' dir='ltr'><strong>iu</strong></span> <span class='ocrx_word' id='word_1_724' title='bbox 2935 4823 3126 4890; x_wconf 90' lang='lat' dir='ltr'><strong>primis</strong></span> <span class='ocrx_word' id='word_1_725' title='bbox 3157 4834 3277 4874; x_wconf 88' lang='lat' dir='ltr'><strong>esse</strong></span> <span class='ocrx_word' id='word_1_726' title='bbox 3309 4818 3433 4872; x_wconf 84' lang='lat' dir='ltr'><strong>Jesu</strong></span> <span class='ocrx_word' id='word_1_727' title='bbox 3462 4818 3684 4877; x_wconf 75' lang='lat' dir='ltr'><strong>Chrisﬁ,</strong></span> 
     </span>
    </p>
   </div>
   <div class='ocr_carea' id='block_1_99' title="bbox 2119 4910 3684 4992">
    <p class='ocr_par' dir='ltr' id='par_1_99' title="bbox 2119 4910 3684 4992">
     <span class='ocr_line' id='line_1_99' title="bbox 2119 4910 3684 4992; baseline -0.012 -15"><span class='ocrx_word' id='word_1_728' title='bbox 2119 4924 2210 4992; x_wconf 92' lang='lat' dir='ltr'><strong>qui</strong></span> <span class='ocrx_word' id='word_1_729' title='bbox 2246 4929 2331 4977; x_wconf 89' lang='lat' dir='ltr'><strong>est</strong></span> <span class='ocrx_word' id='word_1_730' title='bbox 2362 4929 2524 4988; x_wconf 90' lang='lat' dir='ltr'><strong>caput</strong></span> <span class='ocrx_word' id='word_1_731' title='bbox 2557 4918 2724 4972; x_wconf 91' lang='lat' dir='ltr'><strong>totius</strong></span> <span class='ocrx_word' id='word_1_732' title='bbox 2755 4914 3003 4983; x_wconf 89' lang='lat' dir='ltr'><strong>corporis</strong></span> <span class='ocrx_word' id='word_1_733' title='bbox 3032 4928 3218 4966; x_wconf 89' lang='lat' dir='ltr'><strong>eorum</strong></span> <span class='ocrx_word' id='word_1_734' title='bbox 3251 4910 3342 4980; x_wconf 93' lang='lat' dir='ltr'><strong>qui</strong></span> <span class='ocrx_word' id='word_1_735' title='bbox 3374 4919 3684 4969; x_wconf 88' lang='lat' dir='ltr'><strong>servantur,</strong></span> 
     </span>
    </p>
   </div>
   <div class='ocr_carea' id='block_1_100' title="bbox 2119 5000 3676 5074">
    <p class='ocr_par' dir='ltr' id='par_1_100' title="bbox 2119 5000 3676 5074">
     <span class='ocr_line' id='line_1_100' title="bbox 2119 5000 3676 5074; baseline -0.01 -4"><span class='ocrx_word' id='word_1_736' title='bbox 2119 5017 2333 5070; x_wconf 88' lang='lat' dir='ltr'><strong>dicente</strong></span> <span class='ocrx_word' id='word_1_737' title='bbox 2364 5012 2548 5067; x_wconf 84' lang='lat' dir='ltr'><strong>Marco</strong></span> <span class='ocrx_word' id='word_1_738' title='bbox 2590 5029 2606 5064; x_wconf 87' lang='lat'><strong>:</strong></span> <span class='ocrx_word' id='word_1_739' title='bbox 2645 5008 2865 5062; x_wconf 82' lang='lat' dir='ltr'><strong>Initium</strong></span> <span class='ocrx_word' id='word_1_740' title='bbox 2899 5005 3174 5074; x_wconf 84' lang='lat' dir='ltr'><strong>Evangelii</strong></span> <span class='ocrx_word' id='word_1_741' title='bbox 3221 5002 3352 5057; x_wconf 84' lang='lat' dir='ltr'><strong>Jesu</strong></span> <span class='ocrx_word' id='word_1_742' title='bbox 3379 5000 3577 5056; x_wconf 84' lang='lat' dir='ltr'><strong>Christi</strong></span> <span class='ocrx_word' id='word_1_743' title='bbox 3601 5001 3676 5054; x_wconf 66' lang='lat'><strong>7‘:</strong></span> 
     </span>
    </p>
   </div>
   <div class='ocr_carea' id='block_1_101' title="bbox 2124 5093 3686 5171">
    <p class='ocr_par' dir='ltr' id='par_1_101' title="bbox 2124 5093 3686 5171">
     <span class='ocr_line' id='line_1_101' title="bbox 2124 5093 3686 5171; baseline -0.01 -9"><span class='ocrx_word' id='word_1_744' title='bbox 2124 5107 2318 5162; x_wconf 82' lang='lat' dir='ltr'><strong>deinde</strong></span> <span class='ocrx_word' id='word_1_745' title='bbox 2348 5105 2515 5160; x_wconf 89' lang='lat' dir='ltr'><strong>etiam</strong></span> <span class='ocrx_word' id='word_1_746' title='bbox 2547 5101 2911 5171; x_wconf 85' lang='lat' dir='ltr'><strong>apostolorum</strong></span> <span class='ocrx_word' id='word_1_747' title='bbox 2946 5117 2959 5150; x_wconf 93' lang='lat'><strong>:</strong></span> <span class='ocrx_word' id='word_1_748' title='bbox 2995 5097 3245 5166; x_wconf 83' lang='lat' dir='ltr'><strong>quocirca</strong></span> <span class='ocrx_word' id='word_1_749' title='bbox 3288 5096 3452 5149; x_wconf 84' lang='lat' dir='ltr'><strong>etiam</strong></span> <span class='ocrx_word' id='word_1_750' title='bbox 3486 5093 3686 5148; x_wconf 76' lang='lat' dir='ltr'><strong>Paulus</strong></span> 
     </span>
    </p>
   </div>
   <div class='ocr_carea' id='block_1_102' title="bbox 450 5185 2009 5296">
    <p class='ocr_par' dir='ltr' id='par_1_102' title="bbox 450 5185 2009 5296">
     <span class='ocr_line' id='line_1_102' title="bbox 450 5185 2009 5296; baseline -0.019 -16"><span class='ocrx_word' id='word_1_751' title='bbox 450 5185 615 5296; x_wconf 54' lang='grc' dir='ltr'>χάνει·</span> <span class='ocrx_word' id='word_1_752' title='bbox 661 5221 742 5276; x_wconf 85' lang='grc' dir='ltr'><strong>διὸ</strong></span> <span class='ocrx_word' id='word_1_753' title='bbox 784 5185 931 5288; x_wconf 88' lang='grc' dir='ltr'>λέγει</span> <span class='ocrx_word' id='word_1_754' title='bbox 963 5219 992 5270; x_wconf 93' lang='lat'><strong>6</strong></span> <span class='ocrx_word' id='word_1_755' title='bbox 1030 5185 1273 5275; x_wconf 64' lang='grc' dir='ltr'>Ιίαῦλος·</span> <span class='ocrx_word' id='word_1_756' title='bbox 1327 5207 1490 5262; x_wconf 86' lang='grc' dir='ltr'>Κατὰ</span> <span class='ocrx_word' id='word_1_757' title='bbox 1535 5204 1602 5258; x_wconf 80' lang='grc' dir='ltr'>τὸ</span> <span class='ocrx_word' id='word_1_758' title='bbox 1652 5201 2009 5272; x_wconf 72' lang='grc' dir='ltr'>Εὐαγγέλιόν</span> 
     </span>
    </p>
   </div>
   <div class='ocr_carea' id='block_1_103' title="bbox 2109 5185 3686 5296">
    <p class='ocr_par' dir='ltr' id='par_1_103' title="bbox 2124 5185 3686 5296">
     <span class='ocr_line' id='line_1_103' title="bbox 2124 5185 3686 5265; baseline -0.013 -13"><span class='ocrx_word' id='word_1_759' title='bbox 2124 5199 2300 5265; x_wconf 87' lang='lat' dir='ltr'><strong>inquit</strong></span> <span class='ocrx_word' id='word_1_760' title='bbox 2336 5213 2352 5250; x_wconf 87' lang='lat'>:</span> <span class='ocrx_word' id='word_1_761' title='bbox 2399 5195 2564 5249; x_wconf 72' lang='lat' dir='ltr'><strong>Juxta</strong></span> <span class='ocrx_word' id='word_1_762' title='bbox 2595 5190 2938 5260; x_wconf 80' lang='lat' dir='ltr'><strong>Evangelium</strong></span> <span class='ocrx_word' id='word_1_763' title='bbox 2985 5204 3154 5240; x_wconf 84' lang='lat' dir='ltr'><strong>meum</strong></span> <span class='ocrx_word' id='word_1_764' title='bbox 3197 5186 3267 5240; x_wconf 85' lang='lat'><strong>&quot;.</strong></span> <span class='ocrx_word' id='word_1_765' title='bbox 3302 5185 3686 5239; x_wconf 78' lang='lat' dir='ltr'><strong>Verumtamen</strong></span> 
     </span>
     <span class='ocr_line' id='line_1_104' title="bbox 2257 5271 3660 5296; baseline 0 0"><span class='ocrx_word' id='word_1_766' title='bbox 2257 5288 2271 5296; x_wconf 86' lang='lat'>.</span> <span class='ocrx_word' id='word_1_767' title='bbox 2297 5287 2310 5296; x_wconf 84' lang='lat'><em>.</em></span> <span class='ocrx_word' id='word_1_768' title='bbox 2413 5289 2457 5296; x_wconf 89' lang='grc'><strong><em>--</em></strong></span> <span class='ocrx_word' id='word_1_769' title='bbox 2486 5286 2500 5296; x_wconf 86' lang='grc'><em>.</em></span> <span class='ocrx_word' id='word_1_770' title='bbox 2782 5281 2843 5296; x_wconf 71' lang='lat' dir='ltr'><strong>nn</strong></span> <span class='ocrx_word' id='word_1_771' title='bbox 2943 5278 2988 5296; x_wconf 64' lang='grc' dir='ltr'><strong>,Δ</strong></span> <span class='ocrx_word' id='word_1_772' title='bbox 3018 5276 3157 5296; x_wconf 49' lang='grc' dir='ltr'>ιι-μ-</span> <span class='ocrx_word' id='word_1_773' title='bbox 3228 5291 3245 5296; x_wconf 93' lang='grc'><strong>-</strong></span> <span class='ocrx_word' id='word_1_774' title='bbox 3313 5275 3331 5296; x_wconf 79' lang='grc' dir='ltr'><strong>Ι</strong></span> <span class='ocrx_word' id='word_1_775' title='bbox 3438 5272 3484 5296; x_wconf 67' lang='lat'><strong>1&#39;</strong></span> <span class='ocrx_word' id='word_1_776' title='bbox 3530 5271 3660 5296; x_wconf 60' lang='lat' dir='ltr'><strong>DA...</strong></span> 
     </span>
    </p>
   </div>
   <div class='ocr_carea' id='block_1_104' title="bbox 515 5271 2009 5380">
    <p class='ocr_par' dir='ltr' id='par_1_104' title="bbox 515 5271 1986 5380">
     <span class='ocr_line' id='line_1_105' title="bbox 515 5271 1986 5380; baseline -0.021 -8"><span class='ocrx_word' id='word_1_777' title='bbox 965 5310 1012 5341; x_wconf 81' lang='lat'>&quot;</span> <span class='ocrx_word' id='word_1_778' title='bbox 1041 5307 1173 5362; x_wconf 90' lang='lat' dir='ltr'><strong>ibid.</strong></span> <span class='ocrx_word' id='word_1_779' title='bbox 1331 5301 1376 5331; x_wconf 82' lang='grc'>⁷³</span> <span class='ocrx_word' id='word_1_780' title='bbox 1405 5298 1538 5354; x_wconf 89' lang='lat' dir='ltr'><strong>Luc.</strong></span> <span class='ocrx_word' id='word_1_781' title='bbox 1570 5313 1632 5364; x_wconf 86' lang='lat' dir='ltr'><strong>tt,</strong></span> <span class='ocrx_word' id='word_1_782' title='bbox 1663 5296 1752 5358; x_wconf 84' lang='grc'><strong>10,</strong></span> <span class='ocrx_word' id='word_1_783' title='bbox 1779 5271 1866 5347; x_wconf 74' lang='lat' dir='ltr'><strong>li.</strong></span> <span class='ocrx_word' id='word_1_784' title='bbox 1939 5291 1986 5323; x_wconf 68' lang='lat'><strong>&#39;&quot;*</strong></span> 
     </span>
    </p>
   </div>
   <div class='ocr_carea' id='block_1_105' title="bbox 2109 5271 3688 5380">
    <p class='ocr_par' dir='ltr' id='par_1_105' title="bbox 2109 5271 3688 5354">
     <span class='ocr_line' id='line_1_106' title="bbox 2109 5271 3688 5354; baseline -0.013 -12"><span class='ocrx_word' id='word_1_785' title='bbox 2109 5305 2214 5354; x_wconf 85' lang='lat' dir='ltr'><strong>:.tt,</strong></span> <span class='ocrx_word' id='word_1_786' title='bbox 2251 5287 2338 5354; x_wconf 76' lang='grc' dir='ltr'>Η,</span> <span class='ocrx_word' id='word_1_787' title='bbox 2413 5286 2588 5340; x_wconf 78' lang='lat' dir='ltr'><strong>&quot;lsa.</strong></span> <span class='ocrx_word' id='word_1_788' title='bbox 2625 5298 2740 5348; x_wconf 77' lang='lat' dir='ltr'><strong>xw,</strong></span> <span class='ocrx_word' id='word_1_789' title='bbox 2777 5281 2865 5335; x_wconf 73' lang='lat'><strong>1‘2.</strong></span> <span class='ocrx_word' id='word_1_790' title='bbox 2943 5276 3182 5331; x_wconf 78' lang='lat' dir='ltr'><strong>&quot;Marc.</strong></span> <span class='ocrx_word' id='word_1_791' title='bbox 3228 5291 3266 5339; x_wconf 81' lang='grc' dir='ltr'>ι,</span> <span class='ocrx_word' id='word_1_792' title='bbox 3310 5275 3362 5328; x_wconf 81' lang='grc'><strong>1.</strong></span> <span class='ocrx_word' id='word_1_793' title='bbox 3438 5272 3484 5303; x_wconf 84' lang='grc'><strong>⁷⁷</strong></span> <span class='ocrx_word' id='word_1_794' title='bbox 3530 5271 3688 5323; x_wconf 80' lang='lat' dir='ltr'><strong>Rom.</strong></span> 
     </span>
    </p>
   </div>
   <div class='ocr_carea' id='block_1_106' title="bbox 445 5391 2022 5552">
    <p class='ocr_par' dir='ltr' id='par_1_106' title="bbox 445 5391 2022 5552">
     <span class='ocr_line' id='line_1_107' title="bbox 445 5391 2022 5552; baseline -0.019 -13"><span class='ocrx_word' id='word_1_795' title='bbox 445 5391 632 5552; x_wconf 48' lang='lat' dir='ltr'><strong>“’(iigi</strong></span> <span class='ocrx_word' id='word_1_796' title='bbox 662 5480 828 5552; x_wconf 71' lang='grc' dir='ltr'>Τινὲς</span> <span class='ocrx_word' id='word_1_797' title='bbox 847 5477 933 5552; x_wconf 70' lang='grc' dir='ltr'><strong>δέ.</strong></span> <span class='ocrx_word' id='word_1_798' title='bbox 954 5481 1064 5552; x_wconf 70' lang='lat' dir='ltr'><strong>etc.</strong></span> <span class='ocrx_word' id='word_1_799' title='bbox 1092 5470 1330 5549; x_wconf 61' lang='lat' dir='ltr'><strong>Legebat</strong></span> <span class='ocrx_word' id='word_1_800' title='bbox 1380 5461 1662 5552; x_wconf 76' lang='lat' dir='ltr'><strong>Ferrarius</strong></span> <span class='ocrx_word' id='word_1_801' title='bbox 1684 5459 1828 5522; x_wconf 84' lang='grc' dir='ltr'>τίνες</span> <span class='ocrx_word' id='word_1_802' title='bbox 1861 5455 1940 5519; x_wconf 88' lang='grc' dir='ltr'><strong>δέ,</strong></span> <span class='ocrx_word' id='word_1_803' title='bbox 1965 5463 2022 5510; x_wconf 89' lang='lat' dir='ltr'><strong>et</strong></span> 
     </span>
    </p>
   </div>
   <div class='ocr_carea' id='block_1_107' title="bbox 449 5543 1526 5624">
    <p class='ocr_par' dir='ltr' id='par_1_107' title="bbox 449 5543 1526 5624">
     <span class='ocr_line' id='line_1_108' title="bbox 449 5543 1526 5624; baseline -0.021 -16"><span class='ocrx_word' id='word_1_804' title='bbox 449 5543 770 5624; x_wconf 52' lang='lat' dir='ltr'><strong>paulo&#39;post,</strong></span> <span class='ocrx_word' id='word_1_805' title='bbox 873 5549 921 5599; x_wconf 89' lang='grc' dir='ltr'>οἱ</span> <span class='ocrx_word' id='word_1_806' title='bbox 946 5543 1051 5624; x_wconf 71' lang='grc' dir='ltr'><strong>ύπδ</strong></span> <span class='ocrx_word' id='word_1_807' title='bbox 1092 5543 1526 5624; x_wconf 56' lang='grc' dir='ltr'>μεριμνῷν,.ειο.</span> 
     </span>
    </p>
   </div>
   <div class='ocr_carea' id='block_1_108' title="bbox 525 5594 2021 5693">
    <p class='ocr_par' dir='ltr' id='par_1_108' title="bbox 525 5594 2021 5693">
     <span class='ocr_line' id='line_1_109' title="bbox 525 5594 2021 5693; baseline -0.02 -16"><span class='ocrx_word' id='word_1_808' title='bbox 525 5594 1348 5693; x_wconf 50' lang='grc' dir='ltr'>(ύύῖξῖνῖιένίγόμποι.Ἐὸι-ιθ</span> <span class='ocrx_word' id='word_1_809' title='bbox 1382 5594 1680 5674; x_wconf 18' lang='grc' dir='ltr'>γιθςεηόιιηι</span> <span class='ocrx_word' id='word_1_810' title='bbox 1726 5594 2021 5668; x_wconf 70' lang='grc' dir='ltr'>συμτωιγό-</span> 
     </span>
    </p>
   </div>
   <div class='ocr_carea' id='block_1_109' title="bbox 404 5711 2021 5831">
    <p class='ocr_par' dir='ltr' id='par_1_109' title="bbox 404 5711 2021 5831">
     <span class='ocr_line' id='line_1_110' title="bbox 404 5711 2021 5831; baseline -0.022 -10"><span class='ocrx_word' id='word_1_811' title='bbox 404 5749 410 5764; x_wconf 32' lang='grc' dir='ltr'><strong>ἐ</strong></span> <span class='ocrx_word' id='word_1_812' title='bbox 450 5711 628 5831; x_wconf 50' lang='grc' dir='ltr'><strong>μεῖἕζ)</strong></span> <span class='ocrx_word' id='word_1_813' title='bbox 676 5760 798 5814; x_wconf 85' lang='grc' dir='ltr'>Τίνι</span> <span class='ocrx_word' id='word_1_814' title='bbox 842 5775 907 5811; x_wconf 84' lang='grc' dir='ltr'><strong>τε</strong></span> <span class='ocrx_word' id='word_1_815' title='bbox 960 5753 1175 5822; x_wconf 81' lang='grc' dir='ltr'>τρόπῳ.</span> <span class='ocrx_word' id='word_1_816' title='bbox 1230 5746 1412 5804; x_wconf 77' lang='lat' dir='ltr'><strong>Codex</strong></span> <span class='ocrx_word' id='word_1_817' title='bbox 1438 5740 1784 5805; x_wconf 88' lang='lat' dir='ltr'><strong>Bodleianus,</strong></span> <span class='ocrx_word' id='word_1_818' title='bbox 1814 5737 1932 5791; x_wconf 85' lang='grc' dir='ltr'>τίνα</span> <span class='ocrx_word' id='word_1_819' title='bbox 1963 5735 2021 5787; x_wconf 86' lang='grc' dir='ltr'>δὲ</span> 
     </span>
    </p>
   </div>
   <div class='ocr_carea' id='block_1_110' title="bbox 516 5851 667 5886">
    <p class='ocr_par' dir='ltr' id='par_1_110' title="bbox 516 5851 667 5886">
     <span class='ocr_line' id='line_1_111' title="bbox 516 5851 667 5886; baseline 0 0"><span class='ocrx_word' id='word_1_820' title='bbox 516 5851 667 5886; x_wconf 86' lang='grc' dir='ltr'>οπον.</span> 
     </span>
    </p>
   </div>
   <div class='ocr_carea' id='block_1_111' title="bbox 449 5853 2021 5976">
    <p class='ocr_par' dir='ltr' id='par_1_111' title="bbox 449 5853 2021 5976">
     <span class='ocr_line' id='line_1_112' title="bbox 516 5853 667 5886; baseline 0 0"><span class='ocrx_word' id='word_1_821' title='bbox 516 5853 667 5886; x_wconf 86' lang='grc' dir='ltr'>οπον.</span> 
     </span>
     <span class='ocr_line' id='line_1_113' title="bbox 449 5853 2021 5976; baseline -0.02 -15"><span class='ocrx_word' id='word_1_822' title='bbox 449 5853 630 5976; x_wconf 58' lang='grc' dir='ltr'>τρ(58)</span> <span class='ocrx_word' id='word_1_823' title='bbox 663 5898 1000 5958; x_wconf 77' lang='grc' dir='ltr'>Συνιέντων</span> <span class='ocrx_word' id='word_1_824' title='bbox 1037 5895 1097 5949; x_wconf 83' lang='grc' dir='ltr'>τὸ</span> <span class='ocrx_word' id='word_1_825' title='bbox 1136 5892 1242 5947; x_wconf 82' lang='grc' dir='ltr'><strong>τοῦ</strong></span> <span class='ocrx_word' id='word_1_826' title='bbox 1274 5883 1641 5958; x_wconf 65' lang='grc' dir='ltr'>Εὑαγγευῑίου</span> <span class='ocrx_word' id='word_1_827' title='bbox 1683 5877 2021 5948; x_wconf 74' lang='grc' dir='ltr'>μυστήριον</span> 
     </span>
    </p>
   </div>
   <div class='ocr_carea' id='block_1_112' title="bbox 2118 5427 3690 5519">
    <p class='ocr_par' dir='ltr' id='par_1_112' title="bbox 2118 5427 3690 5519">
     <span class='ocr_line' id='line_1_114' title="bbox 2118 5427 3690 5519; baseline -0.015 -13"><span class='ocrx_word' id='word_1_828' title='bbox 2118 5456 2172 5507; x_wconf 79' lang='grc' dir='ltr'>οὶ</span> <span class='ocrx_word' id='word_1_829' title='bbox 2193 5449 2549 5519; x_wconf 79' lang='grc' dir='ltr'>κρείττονες.</span> <span class='ocrx_word' id='word_1_830' title='bbox 2578 5443 2704 5519; x_wconf 62' lang='lat' dir='ltr'><strong>Haec</strong></span> <span class='ocrx_word' id='word_1_831' title='bbox 2733 5443 2941 5519; x_wconf 50' lang='lat' dir='ltr'><strong>desunt</strong></span> <span class='ocrx_word' id='word_1_832' title='bbox 2964 5441 3017 5492; x_wconf 92' lang='lat' dir='ltr'><strong>in</strong></span> <span class='ocrx_word' id='word_1_833' title='bbox 3063 5436 3301 5519; x_wconf 57' lang='lat' dir='ltr'><strong>editione</strong></span> <span class='ocrx_word' id='word_1_834' title='bbox 3335 5429 3539 5514; x_wconf 70' lang='lat' dir='ltr'><strong>ﬂuetii,</strong></span> <span class='ocrx_word' id='word_1_835' title='bbox 3592 5427 3690 5483; x_wconf 86' lang='lat' dir='ltr'><strong>sed</strong></span> 
     </span>
    </p>
   </div>
   <div class='ocr_carea' id='block_1_113' title="bbox 2117 5503 3510 5579">
    <p class='ocr_par' dir='ltr' id='par_1_113' title="bbox 2117 5503 3510 5579">
     <span class='ocr_line' id='line_1_115' title="bbox 2117 5503 3510 5579; baseline -0.019 -2"><span class='ocrx_word' id='word_1_836' title='bbox 2117 5503 2485 5576; x_wconf 51' lang='lat' dir='ltr'><strong>restituuntur</strong></span> <span class='ocrx_word' id='word_1_837' title='bbox 2505 5503 2540 5569; x_wconf 63' lang='grc' dir='ltr'><strong>ε</strong></span> <span class='ocrx_word' id='word_1_838' title='bbox 2567 5515 2728 5569; x_wconf 88' lang='lat' dir='ltr'><strong>codd.</strong></span> <span class='ocrx_word' id='word_1_839' title='bbox 2761 5511 3051 5566; x_wconf 83' lang='lat' dir='ltr'><strong>Bodleiano</strong></span> <span class='ocrx_word' id='word_1_840' title='bbox 3082 5515 3136 5559; x_wconf 86' lang='lat' dir='ltr'><strong>et</strong></span> <span class='ocrx_word' id='word_1_841' title='bbox 3164 5503 3510 5579; x_wconf 35' lang='lat' dir='ltr'><strong>Barberiuo;</strong></span> 
     </span>
    </p>
   </div>
   <div class='ocr_carea' id='block_1_114' title="bbox 2188 5568 3691 5661">
    <p class='ocr_par' dir='ltr' id='par_1_114' title="bbox 2188 5568 3691 5661">
     <span class='ocr_line' id='line_1_116' title="bbox 2188 5568 3691 5661; baseline -0.018 -15"><span class='ocrx_word' id='word_1_842' title='bbox 2633 5581 3035 5661; x_wconf 61' lang='grc' dir='ltr'>τυγχάνοντες</span> <span class='ocrx_word' id='word_1_843' title='bbox 3061 5573 3342 5661; x_wconf 61' lang='grc' dir='ltr'>στρατεία</span> <span class='ocrx_word' id='word_1_844' title='bbox 3359 5568 3564 5661; x_wconf 40' lang='lat' dir='ltr'><strong>Cepi);</strong></span> <span class='ocrx_word' id='word_1_845' title='bbox 3574 5568 3691 5661; x_wconf 47' lang='lat' dir='ltr'><strong>lie:</strong></span> 
     </span>
    </p>
   </div>
   <div class='ocr_carea' id='block_1_115' title="bbox 2153 5646 3692 5722">
    <p class='ocr_par' dir='ltr' id='par_1_115' title="bbox 2153 5646 3692 5722">
     <span class='ocr_line' id='line_1_117' title="bbox 2153 5646 3692 5722; baseline -0.018 -6"><span class='ocrx_word' id='word_1_846' title='bbox 2153 5646 2348 5716; x_wconf 73' lang='lat' dir='ltr'><strong>entltittt</strong></span> <span class='ocrx_word' id='word_1_847' title='bbox 2409 5646 2664 5717; x_wconf 68' lang='lat' dir='ltr'><strong>videtur,</strong></span> <span class='ocrx_word' id='word_1_848' title='bbox 2707 5646 2956 5722; x_wconf 73' lang='grc' dir='ltr'>οὖρόινιος</span> <span class='ocrx_word' id='word_1_849' title='bbox 3013 5646 3400 5722; x_wconf 45' lang='grc' dir='ltr'>τυγχάνοντες,</span> <span class='ocrx_word' id='word_1_850' title='bbox 3435 5646 3692 5722; x_wconf 60' lang='grc' dir='ltr'>στρατεία</span> 
     </span>
    </p>
   </div>
   <div class='ocr_carea' id='block_1_116' title="bbox 2163 5709 3618 5796">
    <p class='ocr_par' dir='ltr' id='par_1_116' title="bbox 2163 5709 3618 5796">
     <span class='ocr_line' id='line_1_118' title="bbox 2163 5709 3618 5796; baseline -0.016 -11"><span class='ocrx_word' id='word_1_851' title='bbox 2163 5730 2274 5794; x_wconf 91' lang='grc' dir='ltr'>εοῦ,</span> <span class='ocrx_word' id='word_1_852' title='bbox 2312 5728 2396 5782; x_wconf 84' lang='lat' dir='ltr'><strong>vel</strong></span> <span class='ocrx_word' id='word_1_853' title='bbox 2421 5709 3034 5796; x_wconf 59' lang='grc' dir='ltr'>ούρακλδς’τὀγχάνοντες</span> <span class='ocrx_word' id='word_1_854' title='bbox 3063 5709 3438 5796; x_wconf 44' lang='grc' dir='ltr'>κἀἱιστρατεία</span> <span class='ocrx_word' id='word_1_855' title='bbox 3461 5709 3618 5796; x_wconf 57' lang='grc' dir='ltr'>Θερῦ.</span> 
     </span>
    </p>
   </div>
   <div class='ocr_carea' id='block_1_117' title="bbox 2190 5778 3690 5871">
    <p class='ocr_par' dir='ltr' id='par_1_117' title="bbox 2190 5778 3690 5871">
     <span class='ocr_line' id='line_1_119' title="bbox 2190 5778 3690 5871; baseline -0.016 -15"><span class='ocrx_word' id='word_1_856' title='bbox 2190 5778 3105 5871; x_wconf 17' lang='grc' dir='ltr'>(ῦὸ)ὴξύν-ἔρι’ϐέται.’”ἳειτιιιίυε</span> <span class='ocrx_word' id='word_1_857' title='bbox 3170 5778 3294 5852; x_wconf 83' lang='lat' dir='ltr'><strong>legit</strong></span> <span class='ocrx_word' id='word_1_858' title='bbox 3346 5778 3690 5850; x_wconf 76' lang='grc' dir='ltr'>συντριϐήσε-</span> 
     </span>
    </p>
   </div>
   <div class='ocr_carea' id='block_1_118' title="bbox 2121 5891 2230 5926">
    <p class='ocr_par' dir='ltr' id='par_1_118' title="bbox 2121 5891 2230 5926">
     <span class='ocr_line' id='line_1_120' title="bbox 2121 5891 2230 5926; baseline -0.009 0"><span class='ocrx_word' id='word_1_859' title='bbox 2121 5891 2230 5926; x_wconf 89' lang='grc' dir='ltr'>ται.</span> 
     </span>
    </p>
   </div>
  </div>
