4174 6416
386 394 395 404 -
462 363 523 421 51
1878 348 1891 365 '
1951 364 2275 424 ORIGENIS
3650 366 3719 420 52

461 481 702 536 nondum
754 492 1203 552 cognoscentem,
1252 484 1709 555 quemadmodum
1759 499 1895 556 opus
1948 497 2034 541 est

2146 487 2292 538 εἰσιν.
2314 483 2377 536 Εἰ
2400 483 2495 536 καὶ
2522 481 2662 549 δόξει
2674 498 2759 545 τις
2774 481 2922 551 ἡμᾶς
2950 478 3424 552 παρεκϐεὸηκέναι
3445 479 3504 533 ἒν
3519 496 3585 551 ση
3594 497 3718 552 μαι-

462 587 650 640 nosse,
688 572 833 627 haud
860 574 1165 641 aberrabit,
1201 576 1249 631 si
1284 574 1489 631 dixerit
1511 575 1782 632 neminem
1822 577 2040 632 novisse

461 659 707 729 Patrem,
750 664 963 720 etiamsi
1000 666 1301 734 apostolus,
1358 666 1572 722 etiamsi
1621 667 1886 737 propheta
1913 669 2039 735 quis

458 752 645 819 fuerit,
674 757 772 811 sed
797 764 909 810 tum
940 754 1181 827 [Patrem
1217 759 1286 812 ab
1312 758 1398 813 bis
1426 759 1865 825 cognoscendum
1890 757 2037 830 esse]

459 860 585 900 cum
617 861 783 901 unum
816 860 995 913 erunt,
1026 848 1166 905 sicut
1212 848 1383 904 Filius
1411 859 1467 904 et
1496 850 1662 905 Pater
1693 865 1861 904 unum
1889 860 2036 905 sunt.

460 936 615 1003 Quod
640 937 686 991 si
712 939 837 1006 quis
863 948 1017 1008 putet
1042 954 1144 995 nos
1179 955 1209 994 a
1255 955 1316 995 re
1356 940 1635 1011 digressos
1669 938 1836 995 fuisse
1860 978 1877 1004 ,
1905 938 2034 1007 quia

461 1027 580 1082 haec
613 1028 976 1084 disseruimus
1004 1069 1020 1096 ,
1062 1044 1227 1083 unam
1276 1029 1526 1100 principii
1578 1029 2035 1100 signiﬁcationem

460 1121 847 1190 explanantes,
902 1122 1040 1177 sciat
1084 1123 1174 1177 hic
1200 1123 1339 1177 banc
1369 1123 1762 1194 digressionem
1803 1123 1870 1176 ad
1922 1138 2036 1177 rem

460 1213 532 1267 de
580 1228 688 1282 qua
724 1214 904 1284 agitur
953 1224 1010 1268 et
1070 1213 1259 1269 utilem
1307 1222 1364 1269 et
1418 1214 1792 1269 necessariam
1837 1213 2034 1271 fuisse.

2141 574 2364 645 νόμενον
2383 574 2482 643 τῆς
2504 572 2679 643 ἀρχῆς
2701 569 3093 641 σαφηνίζοντας
3113 572 3206 624 καὶ
3224 570 3396 625 ταῦτα
3408 571 3717 644 εἰρηκότας,

2138 665 2396 729 δεικτέον,
2418 666 2501 718 ὅτι
2550 665 2647 718 καὶ
2678 662 3019 735 παρέκϐασις
3050 663 3188 734 πρὸς
3248 662 3310 716 τὸ
3360 662 3720 734 προκείμενον

2138 757 2411 826 ἀναγκαία
2439 758 2534 810 καὶ
2559 758 2827 828 χρήσιμος
2853 752 2923 826 ἦν
2948 772 2963 787 ·
3010 757 3060 808 εί
3103 755 3213 827 γὰρ
3242 755 3386 827 ἀρχὴ
3437 756 3514 819 ὡς
3548 771 3718 826 μετα-

2138 849 2350 914 ϐάσεώς
2379 851 2497 903 ἐστι
2519 850 2613 903 καὶ
2627 848 2748 901 ὁδοῦ
2774 849 2869 901 καὶ
2899 849 3128 920 μήκους,
3152 848 3293 919 ἁρχὴ
3314 848 3373 901 δὲ
3414 847 3535 901 ὁδοῦ
3580 850 3720 917 ἀγα-

2139 939 2239 1011 θῆς
2285 940 2345 994 τὸ
2377 944 2550 995 ποιεῖν
2579 940 2649 994 τὰ
2673 941 2877 1005 δίκαια,
2905 940 3052 993 ἔστιν
3098 938 3294 993 εἰδέναι
3337 941 3371 1009 ἠ
3419 938 3569 994 πᾶσα
3600 940 3719 1003 ὁδὸς

2138 1033 2318 1105 ἀγαθὴ
2348 1033 2466 1098 πῶς
2485 1033 2660 1105 ἀρχὴν
2695 1033 2792 1104 μὲν
2817 1033 2930 1103 ἔχει
2951 1032 3014 1085 τὸ
3042 1033 3214 1085 ποιεῖν
3249 1030 3318 1084 τὰ
3339 1030 3544 1098 δίκαια,
3580 1031 3719 1101 μετὰ

2137 1125 2196 1179 δὲ
2220 1126 2320 1197 τὴν
2345 1126 2522 1198 ἀρχὴν
2541 1126 2640 1197 τὴν
2666 1124 2918 1198 θεωρίαν,
2950 1124 3046 1177 καὶ
3068 1124 3190 1178 τίνα
3214 1123 3413 1196 τρόπον
3448 1122 3549 1195 τὴν
3584 1122 3719 1176 θεω-

2142 1216 2286 1287 ρίαν.

464 1303 575 1374 ιε
611 1303 747 1359 Nam
777 1307 825 1361 si
856 1305 1183 1376 principium
1212 1346 1228 1371 ,
1268 1314 1329 1360 ut
1377 1308 1651 1363 transitus
1698 1317 1804 1372 cst,
1838 1318 1894 1362 et
1941 1308 2043 1361 vite
2072 1316 2128 1362 et
2160 1309 2548 1380 longitudinis;
2599 1308 3034 1379 principiumque
3082 1307 3182 1362 via:
3215 1306 3374 1363 bona:
3406 1314 3495 1361 est
3534 1305 3718 1362 facere

457 1401 625 1469 iusta,
684 1401 965 1456 sciendum
1021 1412 1106 1457 est
1141 1402 1416 1472 quomodo
1446 1403 1626 1459 omnis
1678 1404 1768 1457 via
1812 1403 1953 1459 bona
1987 1403 2315 1474 principium
2374 1405 2571 1461 habeat
2604 1403 2789 1460 facere
2832 1402 3002 1471 justo,
3048 1410 3170 1471 post
3213 1400 3541 1471 principium
3584 1415 3718 1456 vero

463 1492 1004 1563 contemplationem,
1036 1504 1093 1551 et
1126 1495 1395 1564 quomodo
1426 1495 1964 1565 contemplationem.

533 1589 621 1643 17.
651 1589 884 1645 Rursum
915 1598 999 1644 est
1040 1590 1208 1643 etiam
1250 1588 1579 1659 principium
1610 1588 1753 1644 aliud
1794 1605 2027 1660 genera-

462 1682 649 1747 tionis,
694 1684 839 1753 quod
879 1682 1051 1737 videri
1096 1690 1274 1752 potest
1301 1682 1358 1735 in
1387 1682 1490 1736 hoc
1517 1681 1665 1737 dicto
1693 1699 1709 1737 :
1736 1682 1804 1737 In
1834 1684 2035 1753 princi-

460 1774 549 1841 pio
586 1774 712 1845 fecit
746 1774 886 1829 Deus
916 1774 1101 1828 coelum
1136 1783 1186 1827 et
1216 1785 1409 1828 terram
1443 1772 1511 1827 “.
1558 1772 1665 1830 Sed
1704 1776 1945 1844 apertius
1976 1776 2033 1831 in

459 1863 563 1921 Job
592 1866 955 1937 signiﬁcatum
987 1866 1087 1921 hoc
1108 1865 1375 1921 enuntiari
1413 1866 1672 1930 arbitror,
1691 1866 1779 1922 his
1806 1867 1991 1921 verbis
2016 1885 2031 1921 :

462 1954 581 2011 Hoc
606 1965 685 2012 est
708 1956 1024 2026 principium
1053 1956 1289 2026 ﬁgmenti
1315 1958 1531 2013 Domini
1564 1956 1787 2027 factum,
1814 1969 1870 2011 ut
1905 1958 2033 2012 illu-

2216 1600 2468 1654 1Ἱ.Ἔστι
2487 1597 2543 1651 δὲ
2560 1594 2701 1668 ἀρχὴ
2720 1594 2815 1647 καὶ
2834 1595 2869 1663 ἡ
2890 1592 2966 1655 ὡς
2981 1586 3315 1663 γενέσεως,
3338 1588 3470 1659 (69‘)
3484 1587 3632 1652 δόξαι
3653 1587 3719 1641 ἂν

2148 1692 2242 1747 ἰπὶ
2271 1690 2398 1745 τοῦθ
2438 1690 2540 1746 Ἑν
2574 1686 2734 1757 ἀρχῇ
2773 1684 3121 1751 ἐποίησεν-ό
3146 1681 3290 1748 Θεὸς
3324 1681 3433 1734 τὸν
3462 1677 3722 1748 οὐρανὸν

2148 1782 2249 1837 καὶ
2272 1782 2386 1849 τὴν
2420 1779 2556 1850 γῆν.
2581 1776 2748 1847 Οἶμαι
2773 1775 2831 1829 δὲ
2870 1772 3199 1843 σαφέστερον
3221 1772 3278 1823 ἐν
3302 1769 3382 1839 τῷ
3419 1768 3538 1823 Ἰὼϐ
3562 1766 3722 1821 τοῦτο

2141 1860 2606 1934 καταγγέλλεσθαι
2633 1860 2695 1914 τὸ
2716 1858 3113 1932 σημαινόμενον
3137 1855 3278 1911 κατὰ
3293 1855 3371 1908 τόο
3401 1851 3722 1907 Τουτέστιν

2142 1953 2300 2023 ἁρχὴ
2351 1953 2709 2023 πλάσματος
2755 1947 3158 2019 πεποιημένον
3189 1943 3720 2016 ὲτκαταπαίζεσθαι

461 2050 621 2102 datur
666 2017 732 2102 a6
790 2017 996 2117 angelis
1049 2017 1160 2104 iiiis
1193 2049 1261 2103 ⁸⁵.
1321 2049 1511 2106 Posset
1557 2017 1705 2105 enim
1760 2017 2034 2119 quispiam

2430 2017 2700 2116 ἀγγέλων
2731 2041 2939 2097 αὐτοῦ.
2960 2017 3259 2095 ςΥπολάῦοι
3278 2038 3387 2111 γὰρ
3407 2036 3471 2091 ἄν
3496 2053 3580 2100 τις
3612 2034 3719 2088 τῶν

461 2139 779 2195 existimare
811 2141 1008 2195 caelum
1053 2153 1111 2196 et
1148 2150 1352 2195 terram
1380 2141 1650 2212 principio
1680 2140 1830 2195 facta
1864 2140 2042 2196 fuisse

462 2242 595 2288 ante
629 2233 814 2288 omnia
848 2247 969 2302 qua:
1023 2243 1150 2287 sunt
1181 2232 1234 2287 in
1279 2236 1463 2291 mundi
1508 2233 1879 2304 generatione.
1932 2234 2043 2289 Sed

463 2324 659 2380 melius
685 2332 769 2379 est
807 2332 867 2379 ut
918 2326 1205 2380 sententiae
1256 2324 1358 2381 Job
1396 2325 1578 2382 habita
1629 2327 1861 2389 ratione,
1917 2341 2041 2381 cum

464 2415 634 2471 multa
662 2416 773 2472 sint
801 2431 922 2485 quae
950 2416 1004 2472 in
1047 2419 1373 2489 corporibus
1426 2418 1570 2473 facta
1613 2417 1800 2482 luere,
1830 2419 2041 2489 primus

463 2525 654 2565 eorum
717 2525 839 2580 qua:
882 2521 1009 2565 sunt
1058 2512 1112 2565 in
1149 2524 1407 2579 corpore,
1448 2510 1628 2566 factus
1688 2513 1760 2566 sit
1814 2510 1906 2564 ille
1947 2509 2037 2579 qui

464 2603 768 2673 appellatur
809 2604 981 2660 draco
1017 2603 1089 2669 “,
1119 2604 1432 2659 nominatus
1461 2604 1630 2659 etiam
1687 2603 1886 2657 alicubi
1925 2618 2041 2656 ma-

462 2705 630 2759 guum
654 2702 793 2759 cete,
824 2696 969 2765 quod
1001 2695 1131 2750 vicit
1166 2693 1453 2749 Dominus.
1498 2692 1905 2762 Sciendumque
1957 2701 2043 2748 est

465 2786 780 2840 necessario
805 2800 929 2840 cum
960 2785 1136 2841 sancti
1164 2786 1347 2840 vitam
1364 2787 1545 2840 omnis
1573 2785 1815 2839 materiae
1841 2798 2041 2853 corpo-

468 2880 655 2947 risque
691 2888 970 2947 expertem
1016 2880 1070 2934 in
1116 2881 1455 2937 beatitudine
1490 2877 1876 2940 traducerent,
1908 2890 2040 2931 num

468 2973 518 3029 is
560 2973 655 3043 qui
701 2974 867 3028 draco
916 2975 1240 3044 appellatur,
1275 2984 1631 3045 posteaquam
1658 2988 1690 3027 a
1737 2972 1852 3027 vita
1900 2986 2037 3040 pura

465 3065 696 3130 excidit,
724 3066 922 3136 dignus
974 3067 1076 3121 fuit
1122 3067 1214 3137 qui
1270 3074 1397 3122 ante
1423 3067 1606 3122 omnia
1638 3066 1692 3120 in
1725 3065 1957 3119 materia
1988 3074 2044 3119 et

466 3171 696 3226 corpore
729 3156 991 3227 ligaretur
1025 3176 1038 3213 :
1068 3166 1125 3212 ut
1153 3170 1377 3229 propter
1415 3158 1519 3213 hoc
1560 3157 1894 3226 respondens
1935 3154 2044 3210 Do-

466 3248 650 3303 minus
727 3261 825 3316 per
882 3249 1149 3304 turbinem
1197 3258 1255 3305 et
1308 3254 1483 3305 nubes
1540 3249 1746 3304 dicat:
1805 3246 1921 3301 [loc
1965 3252 2043 3302 est

465 3339 787 3410 principium
809 3340 1044 3409 figmenti
1078 3340 1313 3408 Domini,
1351 3342 1554 3411 factum
1601 3350 1660 3394 ut
1687 3339 1952 3395 illudatur
1977 3339 2042 3393 ab
2069 3354 2115 3413 ο

467 3432 669 3502 angelis
711 3431 821 3486 suis
848 3431 933 3497 ";
986 3432 1101 3487 Ileri
1133 3433 1278 3487 enim
1327 3440 1510 3502 potest
1552 3441 1613 3486 ut
1636 3432 1801 3486 draco
1840 3446 1946 3485 non
1974 3430 2048 3484 sit

468 3523 697 3579 omnino
728 3524 1054 3594 principium
1084 3524 1326 3595 figmenti
1365 3524 1600 3590 Domini,
1628 3522 1721 3579 sed
1760 3533 1819 3578 ut
1843 3522 2045 3578 multoo-

469 3632 593 3671 rum
620 3631 741 3686 qua:
772 3617 916 3672 iacta
940 3618 1051 3672 sint
1082 3619 1134 3673 in
1177 3632 1429 3687 corpore,
1469 3626 1530 3672 ut
1570 3617 1925 3672 illuderentur
1979 3615 2047 3670 ab

470 3709 706 3779 angelis,
736 3710 808 3762 sit
835 3710 925 3764 hic
946 3709 1111 3765 draco
1131 3710 1476 3780 principium,
1502 3724 1626 3771 cum
1656 3707 1863 3779 possint
1880 3707 2046 3776 aliqui

467 3802 712 3857 existere
741 3801 795 3854 in
823 3815 1052 3870 corpore
1078 3817 1094 3867 ;
1125 3803 1266 3857 haud
1300 3802 1372 3856 ita
1403 3811 1604 3856 tamen.
1629 3799 1839 3856 Etenim
1865 3800 2045 3853 anima

469 3890 603 3946 solis
633 3890 687 3944 in
716 3903 947 3958 corpore
979 3897 1084 3954 est,
1112 3901 1273 3960 atque
1303 3891 1467 3945 etiam
1498 3890 1753 3946 universa
1771 3898 2045 3954 creatura,

470 3985 541 4039 de
562 3997 667 4051 qua
708 3982 1000 4051 Apostolus
1030 3982 1163 4037 dicit
1198 4001 1212 4037 :
1253 3981 1384 4037 Tota
1429 3994 1673 4038 creatura
1708 3985 1963 4051 suspirat,
1997 3991 2047 4036 et

469 4074 710 4129 condolet
739 4090 901 4143 usque
924 4075 978 4129 in
1010 4089 1245 4143 praesens
1276 4074 1357 4139 ⁸⁸,
1381 4086 1438 4130 et
1476 4074 1726 4151 fortassis
1756 4076 1822 4130 de
1850 4074 1940 4129 illa
1963 4083 2050 4129 est

471 4167 578 4223 hoc
620 4183 636 4220 :
679 4165 914 4222 Vanitati
962 4179 1208 4222 creatura
1266 4168 1502 4237 subjecta
1548 4175 1624 4221 est
1682 4184 1788 4222 non
1845 4166 2045 4233 volens,

471 4260 564 4312 sed
577 4271 788 4328 propter
809 4275 928 4312 eum
954 4262 1045 4331 qui
1067 4258 1290 4329 subjecit
1311 4276 1424 4313 eam
1448 4261 1504 4313 in
1527 4276 1614 4328 spe
1629 4260 1699 4325 ⁸⁸,
1732 4268 1791 4313 ιιι
1820 4259 1875 4313 in
1904 4259 2050 4313 vani-

473 4361 593 4408 tate
635 4353 747 4407 sint
780 4367 1036 4422 corpora,
1087 4363 1144 4409 et
1177 4355 1350 4423 ipsum
1400 4350 1585 4409 facere
1631 4353 1955 4423 corporalia,
1990 4352 2045 4408 id

471 4441 617 4509 quod
644 4444 1010 4499 necessarium
1031 4452 1116 4499 est
1137 4443 1392 4498 existenti
1424 4443 1477 4497 in
1503 4458 1752 4513 corpore.
1800 4484 1815 4500 .
1844 4483 1859 4497 .
1890 4480 1906 4498 .
1937 4481 1954 4498 .
1985 4478 2003 4497 .
2028 4479 2045 4497 .

472 4532 565 4602 qui
598 4533 765 4588 estin
815 4549 1070 4602 corpore,
1103 4549 1208 4589 non
1240 4534 1430 4589 lubens
1459 4534 1592 4588 facit
1619 4550 1740 4604 quae
1771 4546 1901 4589 sunt
1925 4548 2049 4588 cor-

471 4623 648 4693 poris.
693 4620 844 4679 Hanc
874 4624 946 4680 ob
975 4640 1197 4681 causam
1227 4624 1457 4679 vanitati
1503 4635 1755 4681 creatura
1801 4625 2046 4695 subjecta

2138 2141 2198 2192 ὲν
2222 2138 2435 2208 γενέσει
2466 2139 2532 2208 τῇ
2564 2134 2657 2190 τοῦ
2688 2135 2893 2206 κόσμου
2929 2133 3304 2204 τυγχανόντων
3340 2132 3399 2183 ὲν
3431 2130 3573 2200 ἀρχῇ
3622 2142 3721 2179 πε-

2143 2228 2401 2300 ποιῆσθαι
2428 2227 2522 2281 τὸν
2541 2225 2767 2297 οὐρανὸν
2804 2225 2899 2278 καὶ
2925 2224 3027 2297 τὴν
3069 2224 3195 2295 γῆν.
3240 2221 3456 2283 Βέλτιον
3499 2219 3557 2273 δὲ
3582 2259 3597 2283 ,
3645 2217 3723 2280 ὡς

2143 2318 2281 2392 πρὸς
2307 2318 2369 2371 τὸ
2404 2318 2515 2390 (70)
2543 2316 2794 2387 δεύτερον
2829 2315 3013 2387 ῥητὸν,
3049 2312 3259 2369 πολλῶν
3302 2312 3471 2366 ὄντων
3511 2309 3621 2363 τῶν
3662 2309 3722 2360 ὲν

2145 2403 2357 2475 σώματι
2402 2404 2805 2475 γεγενημένων,
2839 2402 3055 2475 πρῶτον
3096 2402 3206 2455 τῶν
3260 2403 3316 2454 ὲν
3370 2400 3581 2471 σώματι
3629 2397 3723 2452 τὸν

2143 2497 2476 2568 καλούμενον
2508 2492 2647 2550 εἶναι
2665 2494 2954 2566 δράκοντα,
2980 2491 3380 2564 ὀνομαζόμενον
3403 2492 3459 2544 δέ
3492 2507 3595 2543 που
3625 2489 3724 2543 καὶ

2146 2590 2288 2661 μέγα
2311 2591 2496 2661 κῆτος,
2522 2589 2659 2661 ὅπερ
2691 2588 3023 2660 ἐχειρώσατο
3058 2587 3087 2639 6
3116 2586 3338 2656 Κύριος.
3386 2585 3496 2637 Καὶ
3556 2585 3726 2652 ἀναγ-

2144 2685 2297 2735 καῖον
2324 2682 2439 2753 (7i)
2467 2682 2761 2753 ἐπιστῆσαι
2794 2683 2841 2734 εἰ
2869 2680 3031 2735 άῦλον
3073 2679 3250 2749 πάντη
3295 2678 3389 2731 καὶ
3429 2676 3724 2747 ἀσώματον

2145 2773 2292 2847 ζωὴν
2328 2773 2544 2840 ζώντων
2572 2776 2629 2827 ὲν
2671 2773 3035 2846 μακαριότητι
3070 2771 3177 2826 τῶν
3207 2770 3410 2840 ἁγίων,
3454 2771 3483 2823 ὁ
3526 2768 3724 2824 καλού-

2149 2884 2310 2939 μενος
2372 2866 2587 2939 δράκων
2649 2867 2799 2933 ἄξιος
2878 2865 3212 2937 γεγένηται,
3276 2862 3571 2917 ἀποπεσὼν
3624 2861 3725 2933 τῆς

2147 2960 2394 3032 καθαρᾶς
2431 2958 2599 3029 ζωῆς,
2625 2959 2731 3030 πρὸ
2759 2957 2976 3013 πάντων
3003 2955 3280 3027 ἐνδεθῆναι
3339 2954 3439 3029 ὕλῃ
3494 2957 3588 3009 καὶ
3622 2953 3727 3007 σώ-

2149 3069 2301 3123 ματι,
2329 3052 2417 3105 ἵνα
2448 3050 2536 3106 διὰ
2559 3049 2717 3105 τοῦτο
2745 3050 3098 3121 χρηματίζων
3125 3050 3154 3101 ὁ
3186 3049 3388 3120 Κύριος
3425 3047 3514 3101 διὰ
3546 3046 3729 3099 λαίλα-

2148 3158 2251 3206 πος
2276 3140 2372 3195 καὶ
2401 3139 2578 3209 νεφῶν
2602 3139 2738 3211 λέγῃ
2760 3156 2774 3169 ·
2818 3137 3136 3193 Τουτέστιν
3176 3137 3333 3206 ἀρχὴ
3368 3136 3727 3206 πλάσματος

2149 3234 2371 3302 Κυρίου
2411 3232 2816 3301 πεποιημένον
2850 3230 3379 3300 ἐγκαταπαίζεσθαι
3431 3227 3549 3284 ὑπὸ
3607 3226 3729 3282 τῶν

2149 3322 2422 3395 ἀγγέλων
2451 3323 2660 3378 αὐτοῦ.
2695 3320 2926 3375 Δυνατδν
2955 3319 3203 3389 μέντοιγε
3228 3321 3320 3374 τὸν
3349 3320 3619 3390 δράκοντα
3650 3319 3727 3389 μὴ

2150 3417 2486 3483 ἁπαξαπλῶς
2515 3413 2655 3471 εἶναι
2688 3415 2863 3485 ἀρχὴν
2918 3412 3238 3482 πλάσματος
3289 3411 3519 3482 Κυρίου,
3566 3410 3725 3475 ἀλλὰ,

2147 3511 2358 3566 πολλῶν
2408 3512 2468 3564 ὲν
2524 3508 2736 3580 σώματι
2790 3504 3290 3574 ὲγκαταπαίζεσθαι
3345 3504 3729 3575 πεποιημένων

2146 3603 2252 3659 ὑπὸ
2276 3603 2385 3657 τῶν
2409 3601 2678 3671 ἀγγέλων,
2708 3599 2896 3654 τοῦτον
2926 3599 3100 3670 ἀρχὴν
3126 3598 3235 3652 τῶν
3263 3599 3519 3652 τοιούτων
3561 3592 3726 3663 εἶναι,

2146 3696 2461 3769 δυναμένων
2484 3696 2647 3750 τινῶν
2690 3684 2957 3765 ὑπάρχειν
2988 3696 3047 3745 ὲν
3093 3690 3335 3763 σώματι·
3377 3690 3476 3760 οὐχ
3518 3689 3727 3754 οὕτως·

2148 3792 2243 3847 καὶ
2277 3790 2440 3863 γὰρὴ
2473 3789 2621 3860 ψυχὴ
2637 3787 2733 3842 τοῦ
2756 3787 2909 3859 ἡλίου
2933 3787 3043 3853 (72)
3081 3788 3139 3840 ὲν
3173 3784 3421 3857 σώματι,
3455 3786 3549 3839 καὶ
3579 3785 3729 3839 πᾶσα

2146 3886 2180 3954 ἡ
2205 3882 2401 3946 κτίσις,
2427 3881 2557 3953 περὶ
2581 3877 2649 3953 ἦς
2681 3882 2709 3932 ὁ
2753 3877 3074 3941 Ἀπόστολός
3102 3893 3264 3947 φησι·
3297 3874 3472 3931 Πᾶσα
3520 3877 3560 3945 ἡ
3606 3875 3731 3929 κτί-

2147 3988 2248 4039 σις
2273 3969 2542 4033 στενάζει
2575 3970 2674 4025 καί
2717 3969 3039 4025 συνωδίνει
3074 3967 3215 4038 ἄχρι
3270 3968 3376 4021 τοῦ
3432 3967 3550 4021 νῦν
3571 3982 3587 3997 ⁸
3634 3966 3731 4020 καὶ

2148 4067 2289 4137 τάχα
2320 4065 2448 4135 περὶ
2478 4064 2691 4134 ὲκείνηι,
2722 4063 2840 4117 ἐστὶ
2868 4062 2930 4116 τό
2953 4079 2968 4093 ο
3014 4066 3057 4117 Τ
3058 4060 3095 4130 ᾗ
3121 4062 3469 4130 ματαιότητι
3506 4061 3546 4128 ri
3601 4060 3727 4113 κτί-

2148 4172 2250 4222 σις
2271 4152 2537 4224 ὑπετάγη
2563 4155 2676 4222 οὺχ
2706 4151 2956 4215 ἑκοῦσα,
2989 4150 3151 4205 ἀλλὰ
3196 4150 3294 4203 διὰ
3340 4150 3447 4203 τὸν
3504 4146 3728 4202 ὑποτά-

2150 4250 2340 4316 ξαντα
2372 4245 2448 4317 τῇ
2481 4246 2704 4311 ἐλπίδι,
2735 4248 2822 4301 ἶνα
2848 4248 2905 4300 ὲν
2943 4245 3263 4315 ματαιότητι
3313 4244 3382 4296 τὰ
3412 4241 3640 4313 σώματα
3669 4237 3728 4319 ᾖ,

2150 4342 2247 4398 καὶ
2270 4342 2330 4396 τὺ
2353 4344 2525 4395 ποιεῖν
2549 4341 2619 4395 τὰ
2646 4340 2934 4412 σωματικά
2955 4357 2968 4370 ·
2998 4340 3136 4408 ὅπερ
3160 4339 3452 4405 ἀναγκαῖον
3651 4336 3733 4408 τῷ

2150 4437 2210 4488 ὲν
2245 4434 2456 4505 σώματι
2570 4433 2678 4504 (75)
2707 4433 2943 4505 ὑπάρχει
2971 4434 3000 4485 ὁ
3025 4433 3083 4484 ὲν
3111 4429 3321 4503 σώματι
3345 4430 3454 4501 (74)
3476 4431 3575 4502 οὐχ
3590 4430 3731 4484 ἑκὼν

2151 4532 2295 4583 ποιεῖ
2311 4527 2380 4581 τὰ
2426 4526 2520 4581 τοῦ
2563 4524 2835 4597 σώματος.
2885 4524 2984 4578 Διὰ
3018 4523 3177 4576 τοῦτο
3211 4526 3278 4594 τῇ
3328 4522 3649 4594 ματαιότητι
3694 4523 3730 4593 ἡ

2153 4623 2331 4685 κτίσις
2357 4619 2604 4688 ὑπετάγη
2645 4618 2745 4689 οὐχ
2783 4615 3017 4681 ἑκοῦσα,
3052 4616 3146 4669 καὶ
3190 4616 3218 4667 6
3250 4618 3349 4686 οὐχ
3382 4614 3521 4668 ἑκὼν
3562 4613 3733 4668 ποιῶν

471 4725 558 4769 est
581 4730 688 4770 non
722 4715 943 4782 volens;
973 4725 1030 4772 et
1061 4717 1154 4786 qui
1206 4730 1313 4772 non
1343 4717 1455 4770 vult
1483 4732 1604 4787 qua:
1626 4726 1756 4771 sunt
1791 4716 1896 4787 19
1922 4732 2044 4772 cor-

2148 4714 2218 4770 τὰ
2243 4713 2511 4786 σώματος,
2531 4710 2561 4764 ὃ
2590 4712 2753 4775 ποιεῖ,
2776 4710 2918 4762 ποιεῖ
2948 4707 3036 4760 διὰ
3059 4706 3155 4779 τὴν
3197 4706 3408 4772 ἐλπίδα,
3457 4706 3534 4769 ὡς
3560 4708 3609 4760 εί
3643 4706 3733 4759 λέ-

580 4833 630 4865 "
672 4833 810 4888 Gen.
866 4849 907 4896 ι,
955 4833 1007 4889 1.
1081 4833 1128 4865 ⁸⁵
1169 4832 1272 4890 Job
1316 4849 1405 4901 ιι,
1454 4833 1540 4888 14.
1616 4834 1663 4866 ⁸⁸
1704 4834 1807 4890 Job
1859 4850 1942 4902 ιιι,
1983 4837 2037 4891 8.

2146 4836 2158 4867 '
2200 4832 2302 4890 Job
2369 4849 2459 4896 XL,
2506 4830 2597 4886 M.

550 4924 688 4996 (69f)
725 4924 982 4996 Fortasse
1010 4922 1296 4995 legendum
1328 4927 1387 4996 ἦ.
1421 4926 1577 4982 Ευιτ.

2708 4829 2755 4861 ⁸³
2813 4827 2975 4883 Rom.
3038 4843 3155 4891 vm,
3213 4827 3306 4881 2‘2.
3383 4827 3429 4859 ⁸³
3472 4827 3604 4884 ibid.
3637 4827 3730 4884 20.

2217 4926 2328 4999 (7i)
2352 4926 2461 4982 Kal
2480 4922 3278 4999 drayvgai‘osj,_et_c._Notandum
3293 4922 3600 4999 hic_angel_i_s
3617 4937 3736 4999 co_r.

547 4989 935 5069 (minisasz
956 4994 1049 5069 δὲ,
1064 4989 1166 5069 ξῦς-
1179 4996 1329 5064 πρὸς
1352 4989 1441 5061 τό,
1477 5010 1597 5069 _etc.
1648 4998 1764 5052 Alia
1794 5002 2044 5069 proponit

2146 4989 2246 5067 pus
2263 4989 2322 5051 et
2335 4989 2618 5050 materiam
2632 4993 3366 5069 detraliiab0rigeu€,quam
3385 4993 3450 5046 iis
3469 4989 3520 5045 in
3538 4991 3732 5069 Matth.

476 5062 740 5145 ()rigeues
770 5065 959 5145 homil.
989 5082 1005 5119 ι
1032 5066 1086 5118 in
1124 5062 1364 5145 Genesim
1395 5083 1414 5120 :
1461 5066 1591 5123 Cum
1639 5062 2047 5138 enim-eaquae
2149 5062 2277 5145 ἄχει
2283 5064 2834 5145 εῇτιὶιηιιριιευίιςεεά
2849 5064 2971 5145 inec
2989 5062 3260 5145 proponit,
3279 5078 3383 5116 non
3404 5062 3730 5145 asserit.._ln.

477 5133 717 5207 facturus
751 5145 864 5187 erat
895 5133 1060 5207 Deus,
1097 5152 1163 5190 ea:
1188 5136 1377 5201 spiritu
1401 5148 1696 5191 constarent
1718 5149 1769 5192 et
1808 5133 2047 5207 corpore,

477 5206 583 5258 ista
617 5205 682 5256 de
711 5219 874 5256 causa
902 5206 958 5258 in
978 5206 1242 5273 principio
1271 5216 1321 5260 et
1358 5218 1479 5261 ante
1509 5210 1686 5261 omnia
1737 5205 1921 5262 caelum
1967 5211 2050 5262 di-

477 5274 616 5327 citur
636 5273 858 5339 factum,
893 5274 948 5327 id
970 5286 1067 5345 est,
1091 5278 1258 5329 omnis
1286 5279 1545 5345 spiritalis
1598 5280 1911 5343 substantia,
1961 5297 2051 5332 su-

477 5361 568 5406 per
599 5359 754 5412 quam
801 5345 938 5398 velut
969 5344 1026 5399 in
1046 5346 1235 5401 throno
1309 5344 1501 5401 uodam
1538 5358 1586 5401 et
1615 5349 1735 5401 sede
1777 5348 1917 5402 Deus
1977 5366 2051 5403 re-

478 5413 714 5469 quiescit.
739 5412 851 5468 Nec
879 5417 1013 5469 satis
1039 5363 1327 5469 aliuuango
1351 5428 1563 5469 tempus
1596 5434 1703 5469 uno
1730 5422 1897 5469 creati
1926 5429 2051 5469 sunt

478 5413 714 5486 quiescit.
739 5412 851 5468 Nec
879 5417 1021 5486 satis
1039 5412 1327 5484 aliquando
1351 5428 1563 5486 tempus
1596 5434 1703 5486 quo
1730 5422 1897 5472 creati
1926 5429 2052 5474 sunt

479 5480 655 5556 angeli
688 5480 1021 5556 cognoscere
1051 5480 1475 5556 se_prolitetur'
1505 5480 1736 5556 prooem.
1805 5487 1924 5542 libri
1976 5489 2050 5542 De

479 5501 655 5552 angeli
688 5501 1018 5553 cognoscere
1051 5501 1110 5539 se
1199 5501 1451 5541 routetur
1505 5502 1736 5556 promm.
1805 5501 1924 5542 ttbrl
1976 5501 2049 5542 Ue

479 5553 770 5627 principiis.
812 5551 902 5609 Est
942 5557 1098 5609 etiam
1130 5501 1536 5627 iﬁud,inquit,
1585 5559 1640 5609 in
1691 5558 2049 5612 ecclesiastica

480 5623 854 5695 pra'dicatione
881 5641 992 5680 esse
1038 5628 1248 5695 angelos
1285 5626 1383 5680 Dei
1414 5623 1693 5694 quosdam,
1741 5639 1789 5679 et
1834 5629 2048 5683 virtutes

479 5693 661 5753 bonas,
686 5710 804 5762 qua:
824 5696 873 5747 ei
897 5693 1191 5750 ministrent
1237 5697 1305 5749 ad
1354 5693 1578 5751 salutem
1611 5699 1882 5750 hominum
1924 5716 2048 5751 con-

480 5763 877 5827 summandam;
905 5770 992 5819 sed
1019 5767 1230 5835 quando
1261 5769 1353 5821 isti
1383 5768 1546 5821 creati
1564 5769 1688 5823 sint.
1712 5777 1760 5820 et
1787 5774 2046 5834 quomoda

480 5835 606 5900 siut,
644 5850 748 5892 non
777 5835 908 5891 satis
940 5834 1217 5905 manifesto
1241 5837 1608 5910 distinguitur.
1638 5837 1902 5894 Hunnus.

2223 5136 2335 5208 (Η.)
2370 5136 2482 5190 Καὶ
2499 5131 2671 5208 ἀὺρῄ
2704 5131 3018 5208 ψυχὴ-τοῦ
3048 5132 3249 5208 11.1103),
3280 5144 3388 5186 etc.
3450 5134 3734 5208 Sideribus

2156 5203 2324 5261 νίιὶιιιί
2352 5223 2461 5261 non
2495 5203 2603 5259 uno
2629 5205 2752 5258 loco
2810 5204 3052 5259 tribuere
3108 5203 3416 5270 Origenem.
3482 5204 3734 5271 idemque

2154 5277 2283 5329 olim
2312 5278 2497 5331 multis
2525 5274 2692 5329 fuisse
2709 5288 3029 5342 persuasum
3065 5290 3095 5328 e
3131 5272 3424 5343 Pamphon
3448 5288 3609 5343 supra
3636 5276 3735 5326 du-

2155 5347 2370 5401 cuitnus
2395 5348 2462 5399 ad
2497 5341 2717 5415 Origen.
2752 5343 3055 5415 _Contntent.
3099 5345 3167 5415 in,
3203 5341 3527 5396 Matt'tueum'
3574 5358 3728 5397 nm.

2158 5417 2406 5471 Verterat
2428 5413 2713 5469 Ferrarius
2745 5413 2899 5474 Elite,
2939 5416 3030 5467 sed
3063 5413 3208 5467 nullo
3229 5428 3414 5466 sensu.
3442 5415 3515 5467 In.

2227 5486 2341 5550 (75)
2379 5485 2457 5555 Τῇ
2481 5483 2703 5555 ἐλπίδι,
2739 5484 2839 5537 ἵνα
2858 5483 2929 5537 ἐν
2944 5485 3292 5555 ματαιότητι
3308 5483 3381 5555 τὰ
3402 5482 3647 5555 σώματα
3667 5477 3729 5552 ᾖ,

2151 5557 2253 5611 καὶ
2296 5555 2363 5609 τὸ
2391 5552 2584 5609 ποιεῖν
2613 5554 2687 5608 τὰ
2727 5552 3063 5624 σωματικά·
3097 5554 3242 5621 ὅπει)
3284 5552 3727 5623 ἀναγκαῖον.....

2150 5626 2230 5693 τῷ
2263 5626 2335 5679 ἐν
2357 5625 2601 5695 σώματι.
2632 5625 2762 5679 Haec
2787 5630 2982 5680 desunt
3021 5628 3159 5695 apud
3196 5624 3472 5687 ﬂuetium,
3509 5625 3603 5677 sed
3644 5638 3731 5679 re-

2151 5694 2453 5753 stituuntur
2474 5712 2504 5750 e
2531 5696 2690 5750 codd.
2724 5695 3018 5750 Barberiuo
3040 5709 3094 5747 et
3118 5694 3430 5747 Bodleiano.

2222 5767 2335 5838 (74)
2377 5765 2648 5838 Ὑπάρχει
2686 5770 2718 5819 ὀ
2753 5767 2824 5819 ἐν
2858 5766 3102 5838 σώματι.
3152 5765 3460 5835 Legemlum
3493 5763 3725 5829 videtur,

2150 5835 2464 5912 όὺπάρχων
2493 5835 2520 5889 ἓ
2526 5858 2552 5891 ν
2586 5835 2815 5910 σώματι.
