4174 6400
470 356 544 413 55
751 390 761 404 ι
1554 355 1907 413 COMMENT.
1943 356 2009 411 1N
2037 357 2232 414 JOAN.
2268 356 2509 416 TOMUS
2538 355 2581 411 1.
3638 353 3704 408 5i

467 494 661 549 γοιμεν
685 475 898 532 Παῦλον
914 476 1086 531 θέλειν
1112 474 1387 547 ἐπιμένειν
1415 479 1482 565 τῇ
1502 479 1665 548 σαρκὶ
1701 479 1798 549 οὐχ
1824 479 2031 545 ἑκόντα,

2141 482 2310 550 poris,
2335 480 2478 551 quod
2508 478 2657 543 facit,
2694 474 2807 545 spei
2831 474 3004 545 gratia
3029 472 3178 539 facit,
3204 482 3461 545 tanquam
3489 489 3536 530 ει
3560 473 3708 531 dice-

468 567 606 622 ἀλλὰ
629 566 717 621 διὰ
736 567 835 639 τὴν
864 567 1072 622 ἐλπίδα.
1104 567 1457 639 Πρατιμῶντα
1497 568 1605 639 γὰρ
1645 571 1765 622 κατ’
1805 568 1936 623 αὐτὸ
1979 570 2039 622 τὸ

464 659 733 715 ἀναλῦσαι
761 660 861 714 καὶ
880 660 1003 715 σὺν
1026 658 1256 729 Χριστῷ
1279 656 1452 725 εἶναι,
1475 659 1573 713 οὐκ
1594 660 1786 729 ἄλογον
1817 657 1885 731 ἦν
1919 661 2039 732 βού-

431 788 445 798 -
467 754 658 808 λεσθαι
681 753 960 825 ἐπιμένειν
983 755 1048 824 τῇ
1077 753 1239 825 σαρκὶ
1260 754 1347 807 διὰ
1386 752 1483 823 τὴν
1511 753 1711 824 ἐτέρων
1747 753 2035 823 ὠφέλειαν,

467 847 564 899 καὶ
597 845 877 917 προκοπὴν
927 845 1025 917 τὴν
1074 845 1131 899 ὲν
1174 848 1287 909 τοῖς
1334 844 1704 916 ὲλπιζομένοις
1754 846 1815 899 οὐ
1879 846 2037 917 μόνον

466 936 656 1002 αὐτοῦ,
690 936 826 991 ἀλλὰ
848 937 943 989 καὶ
972 937 1081 990 τῶν
1112 936 1502 1007 ὠφελουμένων
1541 937 1633 990 ὑπ’
1659 937 1845 991 αὑτοῦ.
1879 937 2036 991 Κατὰ

463 1027 624 1081 τοῦτο
647 1028 704 1080 δὲ
730 1028 790 1081 τὸ
808 1027 887 1091 ὡς
910 1028 1175 1096 γενέσεως
1197 1028 1589 1099 σημαινόμενον
1604 1027 1701 1099 τὴν
1720 1029 1914 1100 ἀρχὴν,
1942 1028 2036 1082 καὶ

463 1120 529 1174 τὸ
565 1120 670 1174 ὑπὸ
702 1120 802 1191 τῆς
834 1121 1026 1189 σοφίας
1057 1122 1115 1175 ἐν
1161 1123 1490 1193 Παροιμίαις
1543 1123 1835 1195 λεγόμενον
1882 1123 2034 1177 ἐκδέ-

467 1208 660 1274 ξασθαι
689 1211 1031 1282 δυνησόμεθα
1061 1213 1124 1269 Ὃ
1141 1212 1285 1282 Θεὸς
1302 1215 1410 1286 γὰρ
1432 1256 1447 1279 ,
1489 1215 1673 1286 φησὶν,
1718 1214 1921 1269 ἐκτισέ
1958 1233 2036 1285 με

463 1300 664 1369 ἀρχὴν
685 1300 840 1355 ὁδῶν
859 1302 1045 1357 αὐτοῦ
1069 1305 1156 1370 εἰς
1179 1302 1323 1374 ἔργα
1357 1305 1564 1360 αὐτοῦ.
1613 1305 1845 1360 Δύναται
1905 1306 2035 1377 μέν·

463 1408 615 1459 τοιγε
643 1393 736 1445 καὶ
766 1393 862 1447 ἐπὶ
884 1394 946 1447 τὸ
977 1393 1192 1465 πρῶτον
1216 1395 1512 1464 ἀνάγεσθαι
1532 1437 1546 1462 ,
1588 1396 1835 1450 τουτέστι
1866 1396 1926 1449 τὸ
1957 1396 2034 1460 ὡς

461 1481 586 1536 ὁδοῦ
615 1482 703 1537 διὰ
751 1485 811 1537 τὸ
856 1484 1110 1552 λέγεσθαι
1134 1503 1148 1517 ’
1195 1487 1248 1539 '0
1288 1487 1431 1554 Θεὸς
1475 1486 1681 1541 ἕκτισέ
1708 1504 1787 1557 με
1836 1486 2034 1557 ἀρχὴν

463 1570 623 1625 ὁδῶν
647 1572 854 1626 αὐτοῦ.
902 1574 1016 1626 Οὐκ
1058 1575 1273 1638 ἀτόπως
1325 1573 1382 1627 δὲ
1434 1575 1529 1628 καὶ
1585 1575 1677 1628 τὸν
1733 1574 1841 1629 τῶν
1896 1574 2033 1629 ὅλων

462 1661 598 1717 Θεὸν
638 1663 756 1733 ἐρεῖ
801 1681 884 1727 τις
916 1664 1342 1735 ἀρχὴν,,σαφῶς
1372 1664 1713 1736 προπίπτων,
1756 1666 1838 1718 ὄτι
1888 1665 2030 1739 ἀρχὴ

463 1753 597 1808 Υίοῦ
626 1758 655 1808 ό
684 1756 894 1826 Πατὴρ,
924 1757 1019 1810 καὶ
1045 1756 1185 1828 ἀρχὴ
1215 1755 1706 1828 δημιουργημάτων
1728 1756 2030 1827 ὁδημιουρ⁴

460 1842 578 1912 γὸς,
609 1844 704 1898 καὶ
733 1823 1237 1917 ἁπαξαπλῶς
1268 1823 1376 1898 τῶν
1593 1847 1622 1898 ό
1653 1844 1804 1908 Θεός.
1824 1823 2027 1917 ⁷ῘΙαροι-
2058 1823 2101 1877 Β

462 1933 762 2006 μυθήσεται
793 1935 851 1989 δὲ
878 1935 969 1989 διὰ
994 1936 1089 1989 τοῦ
1109 1953 1124 1966 θ
1142 1937 1237 1989 Ἑν
1268 1935 1425 2005 ἀρχῇ
1446 1933 1526 2006 ἦν
1556 1938 1589 1989 ό
1616 1937 1824 2006 Λόγος,
1856 1937 2028 2004 Λόγον

457 2022 598 2077 νοῶν
617 2024 709 2077 τὸν
736 2025 865 2079 Υἱὸν
897 2025 1050 2097 παρὰ
1079 2024 1141 2079 τὸ
1157 2021 1296 2081 εἶναι
1332 2027 1389 2080 ὲν
1418 2024 1498 2096 τῷ
1530 2026 1705 2098 Πατρὶ
1736 2024 2028 2096 λεγόμενον

458 2111 601 2170 εἶναι
630 2116 689 2171 ὲν
714 2118 880 2187 ἀρχῇ.

529 2312 618 2367 i8.
648 2312 841 2384 Τρίτον
871 2313 928 2367 δὲ
966 2314 1029 2368 τὸ
1068 2315 1127 2382 ἐξ
1178 2309 1241 2370 οὗ
1289 2313 1489 2369 οἴονται
1519 2313 1633 2387 (75)
1689 2313 1749 2380 ἐξ
1803 2315 2027 2370 ὑποκει-

459 2403 626 2474 μένης
651 2403 801 2475 ῦλης,
826 2403 968 2476 ἁρχὴ
993 2406 1144 2479 παρὰ
1174 2409 1285 2470 τοῖς
1304 2406 1414 2479 (76)
1435 2406 1694 2476 ἀγένητον
1718 2405 1887 2477 αὐτὴν
1913 2408 2029 2459 ὲπι-

456 2495 767 2565 σταμένοις,
809 2495 922 2549 ἀλλ’
952 2498 1012 2549 οὐ
1050 2496 1180 2568 παρ’
1221 2499 1352 2568 ἡμῖν
1382 2500 1497 2560 τοῖς
1538 2497 1900 2568 πειθομένοις,
1944 2497 2027 2550 ὅτι

454 2586 518 2652 ἐξ
540 2586 639 2639 οὐκ
670 2586 839 2640 ὄντων
864 2586 934 2640 τὰ
972 2587 1100 2641 ὄντα
1130 2587 1383 2658 ἐποίησεν
1407 2589 1435 2641 ὁ
1458 2586 1623 2653 Θεὸς,
1657 2587 1733 2652 ὡς
1774 2589 1809 2659 ἡ
1846 2588 2027 2660 μήτηρ

451 2677 562 2730 τῶν
587 2677 726 2731 ἑπτὰ
762 2678 1051 2750 μαρτύρων
1077 2680 1136 2731 ὲν
1150 2678 1581 2745 Μακκαϐαῖκοίς,
1598 2680 1692 2733 καὶ
1730 2680 1760 2733 ὀ
1798 2680 1898 2752 τῆς
1933 2697 2027 2752 με-

452 2771 675 2836 τανοίας
705 2771 936 2842 ἄγγελος
959 2771 1028 2825 ἐν
1056 2769 1136 2842 τῷ
1163 2770 1401 2840 Ποιμένι
1423 2770 1649 2838 ἐδίδαξε.

526 2973 616 3029 l9.
640 2971 784 3045 Πρὸς
814 2971 1024 3035 τούτοις
1058 2970 1199 3042 ἀρχὴ
1227 2969 1319 3023 καὶ
1374 2969 1434 3023 τὸ
1477 2968 1598 3023 καθ’
1625 2962 1738 3022 οἷον
1786 2968 1927 3023 κατὰ
1962 2966 2024 3021 τὸ

451 3057 617 3126 εἶδος,
647 3061 842 3127 οὕτως·
884 3063 1044 3133 εἴπερ
1076 3058 1238 3115 εἰκὼν
1270 3057 1364 3113 τοῦ
1394 3058 1528 3113 Θεοῦ
1573 3058 1666 3112 τοῦ
1716 3058 1948 3131 ἀοράτου
1991 3059 2024 3113 6

453 3154 800 3226 πρωτότοκος
852 3154 1031 3225 πάσης
1087 3153 1334 3217 κτίσεως,
1364 3151 1506 3223 ἀρχὴ
1555 3149 1718 3204 αὐτοῦ
1750 3153 1779 3205 ό
1828 3151 2020 3222 Πατήρ
2050 3175 2091 3232 C

451 3247 627 3301 ἐστιν.
652 3244 883 3317 Ὁμοίως
910 3244 967 3299 δὲ
994 3245 1087 3299 καὶ
1112 3242 1343 3314 Χριστὸς
1369 3243 1511 3313 ἀρχὴ
1538 3242 1647 3295 τῶν
1679 3242 1799 3296 κατ’
1836 3241 2024 3296 εἰκόνα

447 3338 762 3409 γενομένων
786 3335 943 3391 Θεοῦ.
977 3336 1041 3389 Ei
1076 3335 1185 3407 γὰρ
1216 3335 1266 3387 οί
1297 3333 1569 3406 ἄνθρωποι
1602 3334 1721 3387 κατ’
1757 3333 1962 3398 είκόνα,
1989 3334 2024 3405 ἡ

448 3428 619 3484 εἰκὼν
648 3429 705 3483 δὲ
736 3430 878 3484 κατὰ
907 3430 998 3485 τὸν
1036 3431 1275 3501 Πατέρα,
1328 3428 1389 3482 τὸ
1430 3426 1529 3498 μὲν
1575 3424 1712 3480 καθὸ
1755 3424 1848 3479 τοῦ
1890 3425 2026 3497 Χρι-

450 3520 583 3577 στοῦ
626 3523 655 3575 ὁ
679 3521 871 3595 Πατὴρ
920 3524 1097 3595 ἀρχήο
1151 3522 1211 3575 τὸ
1246 3521 1304 3574 δὲ
1358 3519 1491 3574 καθὸ
1522 3517 1631 3572 τῶν
1666 3516 1967 3588 ἀνθρώπιον
1995 3518 2025 3571 ό

446 3613 709 3679 Χριστὸς,
744 3614 1047 3685 γενομένων
1074 3612 1134 3667 οὐ
1163 3611 1305 3666 κατὰ
1333 3611 1395 3665 τὸ
1415 3604 1476 3665 οὗ
1509 3611 1657 3663 ἐστιν
1677 3606 1865 3673 εἰκὼν,
1886 3606 2024 3662 ἀλλὰ

446 3701 596 3757 κατὰ
639 3697 740 3770 τὴν
780 3703 982 3756 εἰκόνα.
1044 3700 1375 3774 ’Δρμόσειδὲ
1405 3700 1502 3765 τὸ,
1548 3700 1652 3753 Ἐν
1673 3695 1833 3768 ἀρχῇ
1862 3690 1942 3767 ἦν
1987 3696 2023 3749 ὁ

448 3793 665 3865 Λόγος,
688 3795 767 3854 εἰς
795 3792 855 3845 τὸ
887 3791 1016 3845 αὐτὸ
1046 3790 1409 3864 παράδειγμα.

517 4053 612 4110 20.
640 4055 829 4113 Ἔστιν
864 4056 1008 4128 ἀρχὴ
1037 4055 1132 4111 καὶ
1169 4054 1245 4118 ὡς
1276 4052 1582 4127 μαθήσεως,
1613 4050 1749 4106 καθὸ
1776 4050 1847 4106 τὰ
1875 4066 2019 4104 στοι-

444 4147 576 4221 χεῖά
601 4165 780 4219 φαμεν
808 4148 980 4221 ἀρχὴν
1017 4144 1155 4202 εἶναι
1198 4145 1611 4220 γραμματικῆς.
1650 4143 1808 4198 Κατὰ
1860 4141 2018 4197 τοῦτό

446 4255 618 4309 φησιν
661 4240 691 4292 ὀ
733 4238 1070 4303 Ἀπόστολος,
1122 4239 1227 4302 ὃτι,
1265 4237 1629 4306 Ὀφείλοντες
1667 4231 1819 4289 εἶναι
1865 4232 2020 4288 διδάρ

444 4332 670 4385 σκαλοι
701 4329 799 4383 διὰ
826 4328 933 4383 τὸν
952 4330 1193 4399 χρόνον,
1223 4327 1411 4383 πάλιν
1441 4326 1650 4396 χρείαν
1685 4327 1854 4395 ἔχετε
1910 4323 2017 4378 τοῦ

446 4423 764 4479 διδάσκειν
788 4424 945 4495 ὑμᾶς
963 4424 1101 4479 τίνα
1127 4423 1201 4479 τὰ
1219 4421 1487 4493 στοιχεῖα
1525 4419 1638 4490 τῆς
1670 4417 1864 4489 ἀρχῆς
1897 4415 2018 4471 τῶν

2144 587 2327 626 remus
2383 570 2608 625 Paulum
2661 567 2798 623 velle
2848 578 3170 636 permanere
3219 564 3273 618 in
3328 579 3496 620 carne
3528 604 3545 629 ,
3598 579 3706 621 non

2140 671 2355 731 sponte,
2387 659 2480 716 sed
2516 666 2734 727 prepter
2771 669 2940 724 spem.
2990 652 3379 708 Prazferentem
3413 656 3556 709 enim
3610 670 3707 724 per

2138 766 2196 808 se
2229 751 2440 816 resolvi,
2476 760 2523 804 et
2550 765 2666 803 cum
2698 746 2907 802 Christo
2942 760 3053 799 esse
3078 745 3149 810 ",
3179 744 3314 798 nihil
3358 753 3444 800 est
3483 747 3706 802 absurdi

2138 842 2274 897 velle
2303 854 2622 913 permanere
2666 839 2719 893 in
2761 851 2924 892 carne
2966 845 3189 907 propter
3234 835 3461 892 aliorum
3494 838 3706 893 utilitas

2140 942 2270 997 tem,
2302 941 2356 988 et
2392 930 2693 1002 profectum
2735 928 2790 982 iu
2821 928 3002 992 rebus,
3036 941 3143 980 non
3185 936 3394 981 tantum
3425 943 3561 997 quas
3587 930 3704 999 ipse

2137 1033 2341 1095 sperat,
2366 1024 2458 1079 sed
2490 1023 2654 1078 etiam
2680 1035 2819 1091 quas
2846 1029 3065 1090 sperent
3096 1020 3149 1074 hi
3182 1019 3376 1090 quibus
3422 1031 3506 1077 est
3542 1022 3704 1092 adju-

2136 1123 2342 1169 mento.
2382 1111 2501 1168 lam
2536 1109 2691 1180 juxta
2727 1111 2830 1166 hoc
2871 1110 3257 1180 signiﬁcatum,
3306 1126 3415 1181 quo
3470 1113 3703 1168 dicimus

2137 1202 2461 1273 principium
2530 1199 2938 1271 generationis,
3014 1198 3315 1268 intelligere
3394 1202 3697 1270 poterimus

2135 1296 2300 1351 etiam
2334 1293 2464 1349 illud
2496 1293 2910 1348 Proverbiorum
2953 1311 2969 1347 :
3010 1292 3149 1348 Deus
3191 1294 3384 1347 creavit
3422 1308 3502 1347 me
3544 1293 3697 1361 prin-

2135 1384 2328 1453 cipium
2351 1383 2554 1438 viarum
2582 1398 2822 1447 suarum,
2847 1383 2917 1436 ad
2946 1398 3101 1453 opera
3133 1399 3231 1437 sua
3252 1383 3320 1449 ⁹¹,
3350 1384 3490 1453 quod
3518 1391 3700 1437 tamen

2134 1482 2310 1545 potest
2332 1475 2401 1530 ad
2432 1474 2671 1544 primum
2696 1474 3063 1545 significatum
3093 1474 3197 1529 viae
3236 1473 3536 1540 referri,eo
3557 1476 3698 1545 quod

2136 1567 2391 1621 dicatur:
2425 1563 2628 1619 Creavit
2671 1581 2754 1618 me
2798 1564 2939 1619 Deus
2974 1566 3296 1635 principium
3330 1566 3532 1620 viarum
3574 1582 3703 1620 sua-

2134 1672 2273 1710 rum.
2313 1653 2425 1710 Nec
2454 1655 2689 1710 absurde
2715 1655 3091 1712 universorum
3124 1656 3289 1711 Deum
3318 1657 3517 1711 dixerit
3545 1657 3700 1726 quis-

2133 1746 2277 1816 piam
2345 1743 2692 1815 principium,
2748 1744 2925 1814 palam
2973 1759 3040 1800 eo
3095 1745 3405 1814 procidens,
3456 1753 3516 1798 ut
3567 1743 3721 1798 Filii'

2130 1835 2453 1907 principium
2508 1836 2582 1891 sit
2635 1835 2821 1901 Pater,
2871 1844 2926 1891 et
2960 1836 3284 1906 principium
3316 1846 3695 1890 creaturarum

2128 1928 2376 1994 Creator,
2427 1936 2592 1997 atque
2637 1931 2940 1997 generatim
2982 1927 3187 1981 entium
3241 1927 3565 1996 principium
3625 1927 3700 1982 sit

2130 2020 2321 2073 Deus:
2356 2016 2704 2073 conﬁrmabit
2760 2018 2864 2072 hoc
2896 2034 2910 2069 :
2939 2014 3006 2071 In
3061 2017 3321 2086 principio
3378 2026 3491 2071 erat
3570 2015 3695 2070 Ver-

2130 2112 2254 2165 bum
2278 2108 2348 2164 ".
2383 2106 2623 2163 Verbum
2654 2107 2964 2178 intelligens
3013 2106 3235 2173 Filium,
3268 2107 3359 2177 qui
3400 2109 3454 2162 in
3485 2108 3692 2179 princi-

2128 2203 2218 2274 pio
2237 2217 2358 2258 esse
2387 2201 2603 2265 dicitur,
2633 2199 2759 2269 quia
2783 2199 2855 2252 sit
2875 2197 2927 2251 in
2959 2197 3144 2254 Patre.

2199 2293 2287 2348 18.
2327 2291 2516 2347 Tertio
2588 2290 2716 2344 illud
2771 2305 2841 2345 ex
2905 2304 3037 2360 quo.
3105 2291 3247 2345 unde
3301 2298 3559 2360 tanquam
3625 2306 3692 2348 ex

2129 2383 2527 2456 prmexsistenti
2593 2382 2822 2437 materia
2873 2382 3123 2436 oriantur
3183 2383 3311 2448 alia,
3367 2384 3691 2454 principium

2127 2477 2445 2535 existimant
2498 2475 2599 2542 illi,
2639 2476 2731 2545 qui
2758 2475 3041 2530 materiam
3086 2473 3382 2547 ingenitam
3416 2486 3695 2532 astruunl.

2128 2567 2300 2623 Secus
2325 2582 2455 2623 vero
2479 2567 2619 2636 apud
2647 2582 2746 2622 nos
2776 2577 2878 2632 est,
2904 2567 2995 2637 qui
3018 2568 3293 2622 credimus
3325 2582 3393 2622 ex
3418 2583 3525 2623 non
3555 2568 3692 2624 enti-

2127 2658 2229 2714 bus
2259 2656 2428 2713 Deum
2465 2659 2614 2713 entia
2640 2658 2856 2725 fecisse,
2888 2667 2949 2712 ut
2974 2668 3147 2714 mater
3178 2659 3265 2714 illa
3305 2668 3510 2729 septem
3537 2675 3687 2714 mar-

2128 2758 2304 2822 tyrum
2365 2750 2421 2805 in
2475 2750 2898 2806 Maccabazorum
2946 2751 3116 2822 gestis
3146 2750 3214 2819 ⁸³,
3272 2759 3328 2807 et
3354 2752 3689 2823 paenitentiae

2126 2842 2347 2912 angelus
2375 2842 2428 2898 in
2459 2840 2680 2899 Pastore
2709 2843 2913 2900 docuit.

2199 2935 2284 2992 19.
2316 2935 2398 2994 Ad
2421 2938 2536 2994 haec
2572 2939 2896 3010 principium
2938 2941 3103 2997 etiam
3146 2952 3234 2998 est
3279 2944 3447 2999 veluti
3487 2959 3689 3000 secun-

2122 3024 2252 3082 dum
2285 3026 2549 3094 formam,
2603 3031 2708 3086 hoc
2755 3040 2912 3101 pacto
2942 3051 2953 3085 :
2980 3033 3026 3088 si
3067 3033 3464 3107 primogenitus
3514 3037 3690 3094 omnis

2122 3125 2385 3173 creaturae
2455 3128 2541 3174 est
2599 3122 2776 3191 imago
2848 3123 2941 3177 Dei
2994 3124 3309 3190 invisibilis,
3360 3126 3689 3197 principium

2129 3206 2299 3277 ipsius
2334 3213 2418 3262 est
2445 3204 2643 3272 Pater;
2672 3206 2925 3263 similiter
2956 3208 3120 3264 etiam
3148 3208 3397 3265 Christus
3421 3219 3505 3267 est
3535 3211 3690 3281 prin-

2127 3296 2328 3365 cipium
2363 3307 2551 3351 eorum
2599 3296 2691 3365 qui
2728 3295 2854 3353 facti
2884 3306 3011 3352 sunt
3042 3298 3340 3352 secundum
3395 3299 3690 3369 imaginem

2127 3388 2245 3444 Dei.
2307 3385 2443 3442 Nam
2478 3385 2525 3443 si
2558 3386 2808 3444 homines
2846 3395 2975 3443 sunt
3027 3390 3324 3444 secundum
3372 3389 3684 3460 imaginem,

2125 3481 2306 3550 imago
2334 3495 2465 3537 vero
2515 3482 2809 3538 secundum
2850 3479 3088 3546 Patrem,
3120 3482 3276 3551 juxta
3331 3481 3435 3536 hoc
3473 3482 3689 3551 quidem

2124 3571 2289 3628 Pater
2321 3573 2645 3643 principium
2675 3580 2758 3627 est
2787 3570 2907 3626 Filii
2934 3588 2950 3635 ;
2979 3571 3135 3639 juxta
3170 3571 3302 3626 illud
3332 3586 3481 3638 vero,
3511 3572 3688 3627 homi-

2123 3678 2254 3718 num
2289 3663 2615 3733 principium
2647 3671 2732 3718 est
2760 3661 3175 3732 Christus,'qni
3220 3662 3350 3718 facti
3407 3672 3539 3718 sunt
3579 3678 3686 3719 non

2123 3757 2419 3813 secundum
2443 3756 2499 3812 id
2528 3755 2681 3826 cujus
2708 3764 2793 3812 est
2819 3754 3021 3826 imago,
3053 3756 3149 3812 sed
3177 3757 3475 3812 secundum
3496 3758 3687 3828 imagi-

2120 3866 2244 3906 nem
2286 3851 2473 3921 ipsius.
2513 3849 2790 3920 Congruet
2836 3860 3016 3904 autem
3066 3850 3132 3904 ad
3187 3849 3328 3905 idem
3375 3849 3682 3919 exemplum

2120 3951 2404 4000 contextus
2435 3942 2525 3997 hic
2556 3958 2570 3995 :
2601 3940 2671 3996 In
2695 3941 2950 4010 principio
2977 3950 3087 3995 erat
3118 3940 3362 3998 Verbum.

2188 4034 2280 4089 20.
2309 4035 2407 4091 Est
2430 4035 2593 4090 etiam
2621 4034 2946 4106 principium
2971 4034 3270 4106 disciplinae
3290 4074 3305 4102 ,
3339 4034 3494 4104 juxta
3522 4051 3685 4107 quam

2120 4127 2534 4200 intelligentiam
2585 4126 2816 4182 dicimus
2867 4126 3135 4183 elementa
3184 4127 3506 4198 principium
3562 4144 3685 4185 esse

2118 4216 2519 4290 grammatices.
2554 4214 2636 4272 Ob
2669 4215 2772 4271 hoc
2801 4214 2932 4270 dicit
2957 4215 3245 4283 Apostolus
3272 4232 3287 4269 :
3314 4215 3446 4271 Cum
3475 4218 3687 4273 debere-

2119 4311 2187 4365 tis
2209 4326 2320 4365 esse
2354 4309 2593 4381 magistri
2619 4318 2831 4379 prapter
2868 4317 3088 4376 tempus,
3119 4325 3328 4363 rursum
3362 4324 3491 4377 Opus
3519 4309 3686 4362 habe-

2119 4403 2185 4457 tis
2240 4411 2299 4455 ιιι
2343 4401 2636 4456 doceamini
2679 4415 2800 4469 qua:
2854 4399 2960 4452 sint
3001 4399 3253 4454 elementa
3300 4397 3547 4469 principii
3569 4415 3682 4454 ser-

445 4517 664 4587 ,λογίων
692 4516 799 4571 τοῦ
824 4490 994 4571 sum.
1020 4514 1182 4587 Διττὴ
1214 4515 1332 4586 δελ)
1474 4512 1760 4585 μαθήσεως
1788 4509 1950 4583 ἀρχὴ,
1979 4511 2013 4581 ἠ

2126 4510 2332 4550 manum
2368 4493 2461 4548 Dei
2487 4491 2557 4549 “.
2595 4490 2702 4548 Sed
2737 4491 2935 4561 duplex
2975 4500 3061 4548 est
3087 4492 3412 4562 principium
3440 4491 3683 4562 discipli-

450 4607 553 4680 μὲν
582 4611 649 4681 τῇ
682 4607 926 4680 φύσει,ή
959 4608 1016 4663 δὲ
1048 4607 1279 4679 ὡςπρὸς
1309 4607 1491 4678 ἡμᾶς·
1536 4605 1612 4668 ὡς
1659 4605 1708 4656 εἰ
1764 4601 2017 4673 λέγοιμεν

449 4700 548 4755 ἐπὶ
579 4700 817 4772 Χριστοῦ
837 4718 850 4732 ο
887 4700 1046 4770 φύσει
1074 4699 1172 4771 μὲν
1203 4698 1368 4752 αὐτοῦ
1399 4696 1541 4770 ἀρχὴ
1568 4698 1602 4767 ἡ
1627 4694 1850 4766 θεότηςο
1881 4693 2020 4765 πρὸς

441 4794 597 4865 ἡμᾶς
624 4793 702 4857 δὲ,
738 4793 811 4866 μὴ
845 4794 952 4848 ἀπὸ
979 4792 1073 4847 τοῦ
1099 4791 1211 4862 (77)
1269 4790 1533 4862 μεγέθους
1576 4787 1742 4843 αὑτοῦ
1788 4785 2019 4858 δυναμέ-

442 4902 574 4948 νους
600 4882 866 4957 ἄρξασθαι
910 4884 1012 4956 τῆς
1050 4884 1178 4956 περὶ
1210 4880 1375 4936 αὐτοῦ
1403 4880 1679 4953 ἀληθείας,
1712 4881 1747 4950 ή
1805 4878 2015 4951 ἀνθρω-

443 4976 622 5046 πότης
652 4975 836 5041 αὑτοῦ,
866 4975 999 5030 καθὸ
1025 4978 1138 5039 τοῖς
1189 4974 1403 5046 νηπίοις
1452 4970 1877 5041 καταγγέλλεται
1910 4968 2017 5039 Ἰη-

444 5068 578 5132 σοῦς
611 5069 866 5139 Χριστὸς,
915 5069 1011 5122 καὶ
1052 5062 1206 5130 οὗτος
1256 5063 1702 5137 ἐσταυρωμένος·
1744 5061 1821 5125 ὡς
1872 5058 2015 5114 κατὰ

442 5158 607 5214 τοῦτο
629 5160 802 5213 εἰπεῖν
854 5158 1032 5231 ἀρχὴν
1075 5153 1214 5211 εἶναι
1247 5155 1536 5228 μαθήσεως
1567 5157 1633 5226 τῇ
1693 5153 1794 5224 μὲν
1855 5151 2014 5220 φύσει

440 5247 703 5321 Χριστὸν,
740 5246 878 5302 καθὸ
926 5245 1087 5316 σοφία
1130 5246 1224 5301 καὶ
1254 5245 1482 5317 δύναμις
1525 5242 1658 5298 Θεοῦ
1682 5240 1828 5314 (78),
1878 5237 2016 5309 πρὸς

519 5384 570 5422 ⁸⁸
597 5386 816 5459 Pbillip.
848 5403 890 5453 ι,
916 5386 1011 5442 25.
1084 5386 1129 5420 ἰ
1163 5385 1325 5444 Prov.
1358 5401 1481 5453 vm,
1529 5384 1620 5440 22.
1694 5384 1740 5417 ⁹²
1766 5380 1923 5438 Joan.
1958 5395 2002 5448 ι,
2037 5378 2089 5434 1.

522 5498 635 5569 (75)
673 5498 926 5554 Οτσνται.
957 5497 1263 5569 Legendum
1298 5497 1508 5569 videtur
1537 5488 1650 5550 οἷόν
1680 5511 1761 5550 τε.

544 5566 635 5634 76)
669 5569 838 5634 Παρὰ
867 5568 1011 5634 τοῖς,
1037 5566 1139 5622 etc.
1163 5566 1520 5622 Marcionitis.

544 5570 614 5622 76
669 5572 724 5622 Π
799 5570 838 5623 ἀ
867 5570 1011 5634 τοῖς,
1037 5578 1139 5622 etc.
1163 5570 1520 5622 Marcionitis.

522 5570 814 5710 $7811ng
843 5637 1002 5706 ἡμᾶς
1022 5635 1121 5710 δὲ,
1145 5636 1231 5710 μὴ
1265 5634 1529 5710 απὸ-τοῦ,
1560 5645 1670 5690 etc.
1722 5635 1812 5710 Sic
1864 5641 2011 5710 recte

446 5704 596 5765 hunc
612 5704 794 5763 "locum
822 5704 1060 5762 restituit
1083 5704 1250 5762 codex
1276 5706 1627 5769 Bodleianus;
1646 5773 1668 5775 _,
1687 5706 1827 5760 male
1870 5704 2010 5775 apud

456 5777 715 5836 ﬂuetium
736 5777 929 5849 legitur
952 5776 1088 5851 πρὸς
1108 5777 1253 5849 ἡμᾶς
1279 5775 1357 5843 δὲ,
1395 5775 1556 5848 ήάπὸ
1577 5773 1694 5830 τοῦ.

2121 4600 2223 4651 me,
2259 4584 2489 4640 alterum
2514 4584 2729 4654 {natura
2754 4621 2770 4647 ,
2817 4581 3045 4637 alterum
3083 4590 3326 4653 respectu
3372 4581 3544 4635 nostri
3578 4599 3591 4635 :
3625 4588 3687 4634 ut

2121 4675 2168 4733 si
2228 4656 2474 4747 dicamus
2524 4676 2591 4732 de
2636 4676 2856 4733 Christo
2904 4675 3051 4747 quod
3100 4683 3295 4729 natura
3353 4668 3682 4741 principium

2120 4768 2290 4839 ipsius
2317 4769 2391 4823 sit
2412 4767 2702 4836 divinitas;
2745 4768 2922 4837 quoad
2951 4780 3050 4822 nos
3081 4780 3236 4830 vero,
3264 4764 3356 4833 qui
3389 4777 3498 4817 non
3533 4760 3686 4815 vale-

2117 4877 2239 4917 mus
2258 4876 2325 4917 οι
2350 4861 2718 4931 magnitudine
2740 4860 2978 4931 aoejus
3002 4859 3282 4914 veritatem
3302 4857 3369 4910 de
3397 4856 3513 4923 ipso
3535 4867 3687 4909 asse-

2118 4955 2235 5025 qui,
2274 4954 2611 5018 humanitas,
2661 4953 2717 5008 in
2759 4963 3021 5022 quamum
3071 4948 3314 5021 parvulis
3357 4946 3686 5018 praedicatur

2116 5046 2274 5104 Jesus
2297 5044 2563 5111 Christus,
2594 5051 2649 5099 et
2673 5043 2762 5099 hic
2795 5043 3112 5098 cruciﬁxus.
3143 5039 3325 5109 Quare
3348 5039 3450 5094 hac
3473 5037 3686 5091 ratione

2117 5138 2393 5195 Christum
2423 5135 2654 5192 dicimus
2695 5145 2890 5191 natura
2913 5133 3250 5204 principium
3273 5146 3396 5188 esse
3440 5128 3684 5200 discipli-

2119 5246 2221 5298 nae,
2264 5227 2558 5286 secundum
2602 5226 2747 5297 quod
2798 5225 2897 5283 Dei
2935 5225 3203 5297 sapientia
3232 5232 3288 5280 et
3316 5222 3409 5279 Dei
3438 5220 3685 5311 potentia

2165 5375 2216 5411 ⁸³
2241 5371 2421 5428 Mach.
2464 5386 2564 5438 vn,
2612 5369 2702 5425 28.
2788 5367 2837 5401 “
2866 5367 3030 5422 Hebr.
3058 5366 3227 5434 v.12.

2190 5487 2334 5561 (78)-
2349 5482 2948 5561 Ἐσταορωμένοςζώςξ
2975 5479 3122 5561 xaris
3152 5479 3326 5561 τοῦτο
3359 5479 3553 5561 elusis.
3574 5480 3682 5561 de:

2118 5547 2238 5630 χὴῖν
2274 5547 2427 5612 εἶναι
2447 5547 2763 5624 μαθήοίεως
2790 5547 2996 5631 triuer-
3021 5550 3200 5619 φύσει
3232 5547 3512 5630 Χριστὸν,
3535 5547 3683 5604 καθὸ

2118 5629 2305 5675 σοφία
2323 5627 2423 5675 καὶ
2452 5625 2708 5675 adv-amo
2731 5624 2900 5675 Θεου.
2940 5617 3064 5673 ﬂare
3100 5633 3277 5673 omnia
3317 5617 3512 5672 desunt
3538 5620 3682 5675 apud

2117 5619 2305 5697 35pm
2323 5627 2423 5680 καὶ
2448 5619 2708 5693 δύναμις
2731 5619 2900 5675 Θεοῦ.
2940 5619 3064 5673 Huic
3100 5619 3277 5673 omnia
3317 5619 3512 5672 desunt
3538 5620 3681 5688 apud

2120 5698 2393 5764 lluetium,
2414 5697 2507 5751 sed
2532 5697 2933 5749 restituunture
2955 5688 3114 5744 codd.
3145 5686 3433 5744 Bodleiano
3458 5696 3515 5743 et
3541 5687 3681 5743 Bar-

2119 5769 2329 5825 berino.
