4174 6420
459 303 529 358 55
1899 303 2224 362 ORIGENIS
2295 281 2300 286 ’
3650 321 3718 374 56

461 431 543 474 est
576 437 591 474 :
629 419 808 490 quoad
843 435 943 475 nos
977 434 1108 474 vero
1161 416 1397 474 Verbum
1435 434 1562 474 caro
1583 424 1788 482 factum
1823 433 1942 488 est,
1980 434 2030 478 ul

2141 427 2285 496 ἡμᾶς
2323 426 2378 481 δὲ
2425 430 2452 482 6
2509 429 2680 498 Λόγος
2728 429 2866 498 σὰρξ
2919 431 3155 499 ἐγένετο,
3222 433 3310 488 ἵνα
3352 437 3607 508 σκηνώση
3658 442 3718 492 ὲν

462 513 735 568 habitaret
762 517 815 567 in
848 514 1027 578 nobis,
1050 511 1140 580 qui
1177 510 1279 566 hoc
1305 510 1466 565 modo
1499 521 1710 566 tantum
1739 515 1892 570 initio
1913 531 2038 570 eum

460 618 658 672 capere
709 603 1045 660 valebamus.
1106 605 1188 659 Ac
1239 602 1492 660 fortassis
1525 605 1596 658 ob
1640 605 1782 659 hanc
1817 620 2037 661 causam

462 711 570 748 non
612 694 772 750 modo
816 697 1218 767 primogenitus
1267 704 1352 750 est
1396 693 1576 750 omnis
1621 705 1909 760 creaturae,
1941 699 2038 753 sed

460 787 624 841 etiam
651 787 1046 858 interpretatur
1072 791 1230 846 homo
1254 788 1429 842 Adam
1455 803 1470 852 ;
1497 788 1641 857 quod
1665 797 1841 843 autem
1864 789 2036 845 Adam

339 872 344 876 ’
458 889 543 932 est
593 880 730 935 dicit
788 881 991 936 Paulus
1058 881 1142 935 bis
1205 879 1430 936 verbis:
1487 877 1718 934 Ultimus
1769 881 1939 936 Adam
1983 884 2039 938 in

457 973 700 1040 spiritum
722 971 1065 1041 viviﬁcantem
1095 973 1164 1026 ”.

525 1062 614 1118 2!.
654 1063 922 1120 Praeterea
946 1065 1147 1120 dicitur
1165 1067 1328 1120 etiam
1353 1067 1678 1137 principium
1708 1069 1775 1123 de
1796 1070 2035 1138 actione,

460 1155 512 1207 in
543 1170 648 1224 qua
687 1155 904 1211 actione
940 1156 1082 1211 inest
1112 1156 1238 1212 linis
1265 1158 1490 1226 quidam
1534 1169 1656 1227 post
1685 1160 2033 1229 principium.

456 1247 774 1302 Etobserva
817 1262 886 1302 an
939 1249 1204 1318 sapientia
1256 1251 1583 1320 principium
1635 1253 1907 1307 actionum
1943 1253 2037 1308 Dei

437 1339 726 1394 exsistens
754 1339 860 1396 hoc
883 1341 1043 1394 modo
1068 1341 1295 1411 intelligi
1321 1343 1493 1412 possit
1525 1357 1650 1398 esse
1687 1345 2034 1414 principium.

525 1430 618 1486 22.
657 1429 776 1486 Jam
805 1446 928 1486 cum
968 1443 1046 1486 tot
1090 1433 1245 1488 nobis
1293 1431 1349 1486 in
1399 1435 1682 1502 praesentia
1717 1447 2038 1492 succurrant

455 1525 706 1594 principii
756 1525 1058 1596 significata
1091 1567 1108 1592 ,
1165 1525 1460 1594 quaerimus
1521 1528 1587 1581 de
1638 1541 1747 1595 quo
1809 1528 2033 1601 intelligi

456 1625 702 1684 Oporteat
731 1617 865 1671 illud
907 1633 919 1669 :
958 1616 1022 1670 In
1039 1617 1303 1686 principio
1333 1627 1447 1670 erat
1484 1615 1708 1672 Verbum
1734 1619 1800 1672 ".
1820 1619 2038 1692 Perspi-

457 1724 729 1778 cnutnque
777 1719 866 1766 est
907 1711 1012 1766 hoc
1058 1711 1384 1780 principium
1437 1712 1577 1766 sumi
1620 1729 1725 1767 non
1757 1728 1919 1783 posse
1970 1717 2037 1772 de

2141 527 2292 596 ἡμῖν,
2321 526 2464 580 οὕτω
2507 527 2667 598 μόνον
2723 529 2937 600 πρῶτον
2981 531 3140 584 αὑτὸν
3180 532 3432 603 χωρῆσαι
3480 535 3716 608 δυναμέ-

2139 632 2270 679 νοις.
2296 616 2407 669 Kal
2440 619 2580 689 τάχα
2603 619 2692 672 διὰ
2717 619 2875 672 τοῦτο
2913 623 2974 674 οῦ
3007 621 3166 691 μόνον
3206 625 3548 695 πρωτότοκος
3600 632 3716 684 ἐστι

2140 708 2320 780 πάσης
2350 710 2600 774 κτίσεως,
2629 712 2764 765 ἀλλὰ
2793 713 3076 785 καὶἌδὰμ
3104 716 3467 787 ἑρμηνεύεται
3496 717 3724 789 ἄνθρω-

2137 810 2272 862 πος.
2291 802 2411 867 ’Ότι
2436 800 2494 856 δὲ
2530 803 2700 874 Ἀδάμ
2722 806 2858 868 ἐστι,
2889 807 3053 877 φησὶν
3089 809 3118 860 6
3147 807 3388 871 Παῦλος·
3448 811 3501 862 Ὀ
3533 811 3718 881 ἐσχαρ-

2139 909 2244 958 τες
2281 892 2454 963 Ἀδὰμ
2485 903 2575 961 εις
2603 894 2840 966 πνεῦμα
2871 896 3214 957 ζωοποιοῦν.

2207 1067 2297 1124 21.
2329 1069 2485 1122 Ἔστι
2523 1069 2580 1122 δὲ
2601 1071 2743 1143 ἀρχὴ
2765 1072 2860 1124 καὶ
2891 1072 2966 1136 ὡς
2992 1075 3026 1142 ἡ
3056 1071 3330 1144 πράξεως,
3364 1065 3479 1147 ὲνῇ
3519 1073 3715 1146 πράξει

2137 1155 2253 1211 ἔστι
2291 1175 2343 1211 τι
2373 1158 2526 1223 τέλος
2561 1164 2698 1230 μετὰ
2720 1160 2817 1232 τὴν
2845 1163 3041 1234 ἀρχήν.
3083 1163 3193 1216 Kal
3245 1163 3539 1234 ἐπίστησον
3585 1167 3633 1216 εἰ
3679 1165 3714 1234 ἡ

2140 1248 2321 1318 σοφία,
2351 1251 2493 1321 ἀρχὴ
2521 1250 2630 1304 τῶν
2657 1251 2906 1320 πράξεων
2933 1247 3068 1306 οὖσα
3098 1251 3189 1306 τοῦ
3235 1250 3370 1306 Θεοῦ
3392 1291 3408 1317 ,
3443 1251 3585 1307 οὕτω
3627 1251 3717 1306 δύο

2138 1359 2294 1397 ναται
2316 1342 2556 1397 νοεῖσθαι
2592 1344 2756 1416 ἀρχή.

2206 1433 2296 1487 22.
2359 1433 2640 1487 Ἰόσούτων
2694 1439 3106 1507 σημαινομένων
3153 1437 3246 1491 ἐπὶ
3293 1435 3389 1491 τοῦ
3449 1437 3716 1510 παρόντος

2138 1524 2268 1594 ἡμῖν
2302 1524 2682 1578 ὑποπεσόντων
2723 1527 2852 1598 περὶ
2891 1529 3088 1599 ἀρχῆς,
3125 1527 3393 1600 ζητοῦμεν
3432 1529 3527 1580 ἐπὶ
3572 1527 3716 1592 τίνος

2135 1615 2217 1668 δεῖ
2249 1615 2545 1687 λαμϐάνειν
2571 1617 2662 1670 τό·
2706 1618 2802 1671 ‘Er
2831 1617 2990 1688 ἀρχῇ
3033 1615 3110 1689 ἦν
3131 1622 3165 1673 d
3197 1621 3407 1688 Λόγος.
3445 1621 3553 1673 Καὶ
3617 1637 3715 1673 σα-

2137 1709 2255 1777 φὲς,
2287 1709 2500 1776 ὃτι,οὑκ
2525 1709 2618 1763 ἐπὶ
2649 1709 2743 1764 τοῦ
2775 1710 2850 1775 ὡς
2883 1711 3230 1782 uenﬁcam;
3255 1751 3270 1775 ,
3297 1711 3330 1782 ἢ
3358 1712 3434 1776 ὠς
3471 1710 3592 1766 ὀδοῦ
3623 1711 3717 1766 καὶ

459 1801 725 1872 principio
753 1803 1013 1858 transitus
1038 1843 1054 1868 ,
1097 1815 1192 1858 aut
1222 1805 1322 1860 vita
1355 1813 1412 1858 et
1441 1803 1832 1876 longitudinis;
1864 1807 2030 1878 liquet

2141 1800 2367 1870 μήκους.
2389 1801 2503 1856 Οὐκ
2525 1801 2718 1872 ἄδηλον
2741 1802 2818 1868 δὲ,
2842 1804 2924 1856 ὃτι
2939 1804 3059 1857 οὐδὲ
3087 1805 3181 1858 ἐπὶ
3205 1803 3298 1857 τοῦ
3327 1804 3404 1868 ὡς
3426 1803 3716 1873 γενέσεως.

456 1905 636 1949 autem
669 1897 816 1964 quod
846 1911 1024 1966 neque
1071 1897 1139 1952 de
1192 1897 1463 1967 principio
1505 1900 1899 1970 generationis.
1935 1897 2035 1954 Ve-

459 1995 764 2040 rumtamen
813 1985 930 2042 fieri
981 1997 1161 2054 potest
1211 1997 1272 2042 ut
1325 1987 1457 2043 illud
1513 1990 1746 2059 accipias
1779 1997 2032 2059 tanquam

454 2077 782 2148 principium
805 2121 820 2143 ,
875 2092 905 2132 a
935 2093 1068 2148 quo.
1099 2080 1244 2148 quod
1277 2087 1362 2134 est
1415 2077 1626 2135 faciens
1649 2121 1664 2144 ,
1693 2080 2036 2150 quandoqui-

453 2171 574 2223 dem
607 2170 880 2224 mandauit
905 2169 1070 2236 Deus,
1093 2181 1139 2224 et
1165 2179 1344 2224 creata
1369 2181 1496 2225 sunt
1531 2171 1596 2223 ⁸⁷.
1627 2171 1856 2227 Creator
1887 2172 2032 2226 enim

452 2262 634 2330 aliquo
662 2263 820 2316 modo
863 2269 948 2316 est
993 2259 1268 2324 Christus,
1333 2261 1420 2315 cui
1474 2261 1614 2316 dixit
1669 2261 1834 2317 Pater
1863 2280 1878 2316 :
1906 2259 2034 2314 Fiat

451 2353 546 2406 tuo;
573 2353 642 2417 ³⁸,
688 2363 764 2418 et,
828 2349 956 2404 Fiat
1001 2353 1393 2416 ﬁrmamentum
1432 2352 1502 2410 ”.
1549 2351 1888 2424 Creatorque
1947 2363 2034 2409 est

451 2444 724 2510 Christus,
757 2453 1018 2512 tanquam
1050 2445 1404 2515 principium,
1437 2445 1491 2500 in
1516 2457 1780 2518 quantum
1814 2447 2033 2518 sapien-

454 2535 525 2588 tia
556 2543 674 2600 est;
729 2533 935 2589 idcirco
984 2535 1162 2590 dictus
1191 2535 1553 2606 principium,
1583 2541 1712 2610 quia
1763 2541 2032 2609 sapientia

452 2627 562 2690 sit,
632 2625 846 2682 dicente
898 2641 998 2696 per
1055 2626 1406 2684 Salomonem
1476 2628 1750 2700 Sapientia
1815 2650 1830 2688 :
1890 2632 2032 2688 Deus

451 2717 645 2772 creauit
702 2733 784 2772 me
841 2719 1162 2786 principium
1213 2720 1423 2774 ciarum
1467 2737 1713 2788 suarum,
1753 2726 1824 2778 ad
1873 2741 2032 2793 opera

450 2807 568 2878 ejus
606 2809 648 2876 ³,
678 2817 737 2864 ιιι
759 2809 832 2864 sit
859 2809 912 2864 in
928 2811 1201 2880 principio
1217 2810 1473 2877 Verbum,
1497 2815 1599 2870 hoc
1623 2823 1708 2870 est
1733 2815 1785 2869 in
1817 2819 2034 2885 sapien-

456 2901 574 2954 tia:
608 2901 909 2956 secundum
975 2902 1197 2973 quidem
1265 2905 1643 2960 collectionem
1695 2910 2032 2978 contempla-

454 2993 616 3049 tionis
644 3003 700 3049 et
728 2995 1215 3061 intelligentiarum
1249 2999 1320 3054 de
1345 2999 1506 3056 rebus
1537 3002 1828 3069 universis,
1845 3005 2028 3060 consi-

2138 1893 2284 1962 Πλὴν
2324 1893 2548 1948 δυνατὸν
2598 1895 2674 1960 ὡς
2707 1896 2768 1949 τὸ
2797 1897 2886 1966 ὑφ’
2909 1889 2993 1959 οὗ,
3030 1899 3168 1970 ὅπερ
3194 1899 3311 1950 ἐστὶ
3353 1897 3628 1962 ποιοῦν,εῐ
3650 1914 3716 1967 γε

2135 1984 2472 2039 ἐνετείλατο
2504 1989 2538 2040 ό
2583 1987 2748 2053 Θεὸς,
2799 1989 2899 2042 καὶ
2940 1989 3310 2058 ἐκτίσθησαν
3335 2007 3346 2018 ’
3385 1989 3716 2060 δημιουργὸς

2134 2075 2244 2147 γάρ
2271 2093 2385 2139 πως
2423 2077 2452 2128 6
2483 2078 2718 2148 Χριστός
2756 2080 2926 2143 ἐστιν,
2951 2073 2996 2148 ᾧ
3033 2079 3182 2148 λέγει
3209 2083 3238 2134 6
3267 2081 3484 2152 Πατήρ·
3521 2082 3714 2147 Γενη-

2136 2167 2292 2235 θήτω
2317 2167 2464 2237 φῶς,
2502 2172 2616 2234 καὶ,
2656 2170 2972 2238 Γενηθήτω
2999 2172 3322 2242 στερέωμα.
3369 2171 3712 2244 Δημιουργὸς

2134 2258 2192 2312 δὲ
2233 2259 2262 2310 6
2303 2259 2536 2330 Χριστὸς
2587 2260 2663 2325 ὡς
2719 2261 2862 2332 ἀρχὴ
2895 2261 3029 2332 (79),
3084 2262 3219 2316 καθὸ
3263 2263 3424 2331 σοφία
3459 2263 3597 2325 ἐστὶ,
3635 2261 3716 2332 τῷ

2137 2351 2296 2420 σοφία
2328 2346 2468 2404 εἶναι
2501 2350 2831 2422 καλούμενος
2857 2352 2998 2423 ἀρχή
3017 2370 3030 2382 ·
3063 2353 3098 2424 ἡ
3125 2353 3234 2424 γὰρ
3261 2353 3424 2421 σοφία
3449 2352 3600 2424 παρὰ
3635 2350 3714 2422 τῷ

2135 2443 2440 2514 Σολομῶντί
2465 2461 2658 2514 φησιν·
2697 2444 2752 2497 Ὁ
2783 2444 2928 2511 Θεὸς
2955 2445 3158 2499 ἐκτισέ
3195 2463 3272 2515 με
3315 2446 3516 2515 ἀρχὴν
3557 2443 3714 2499 ὁδῶν

2133 2539 2320 2594 αὑτοῦ
2348 2541 2436 2604 εις
2465 2539 2609 2607 ἔργα
2638 2539 2846 2602 αὐτοῦ,
2881 2539 2970 2592 ἶνα
3002 2539 3060 2592 ὲν
3085 2540 3226 2610 ἀρχῇ
3338 2540 3368 2591 6
3411 2540 3604 2606 Λόγος,
3655 2541 3716 2592 ὲν

2132 2633 2200 2702 τῇ
2233 2613 2422 2702 σοφίᾳ*
2457 2634 2596 2686 κατὰ
2623 2632 2722 2702 μὲν
2747 2631 2844 2702 τὴν
2876 2629 3132 2684 σύστασιν
3157 2630 3259 2700 τῆς
3287 2632 3412 2702 περὶ
3442 2629 3550 2683 τῶν
3577 2628 3714 2682 ὅλων

2135 2721 2365 2791 θεωρίας
2393 2724 2487 2776 καὶ
2519 2722 2826 2794 νοημάτων,
2855 2721 2958 2792 τῆς
2982 2721 3174 2790 σοφίας
3198 2721 3514 2792 νοουμένης,
3571 2721 3714 2775 κατὰ

2131 2813 2188 2868 δὲ
2229 2814 2326 2886 τὴν
2371 2815 2507 2886 πρὸς
2535 2815 2602 2868 τὰ
2630 2814 2824 2880 λογικὰ
2871 2813 3155 2869 κοινωνίαν
3207 2813 3315 2867 τῶν
3370 2813 3714 2885 τεθεωρημέ-

2133 2922 2240 2959 νων
2265 2907 2399 2977 (80),
2425 2906 2518 2959 τοῦ
2555 2906 2731 2975 Λόγου
2776 2903 3211 2976 λαμϐανομένου.
3261 2903 3373 2958 Kal
3398 2904 3470 2974 ⁸οὐ
3500 2903 3712 2975 θαυμα-

2137 2999 2257 3054 στὸν
2285 3001 2354 3066 εἰ,
2381 3000 2454 3064 ὡς
2484 3001 2914 3072 προειρήκαμεν,
2948 2996 3116 3050 πολλὰ
3137 2995 3211 3050 ὢν
3242 2996 3420 3066 ἀγαθὰ
3441 2999 3468 3050 ὁ
3497 2997 3710 3068 Σωτὴρ,

451 3092 641 3144 derata
695 3089 1000 3159 sapientia;
1061 3093 1357 3148 secundum
1388 3109 1520 3151 vero
1555 3111 1738 3150 rerum
1783 3109 2029 3154 contem-

2134 3093 2552 3163 ἐνεπινοούμενα
2592 3091 2705 3162 ἔχει
2751 3092 2810 3143 ἐν
2860 3088 3010 3162 αὐτῷ
3047 3089 3262 3162 πρῶτα,
3317 3090 3411 3143 καὶ
3462 3089 3710 3158 δεύτερα,

451 3179 720 3250 platarum
751 3183 1212 3250 communionem,
1267 3186 1336 3241 ad
1381 3201 1445 3244 ea
1484 3203 1608 3258 qua:
1636 3199 1766 3245 sunt
1801 3191 2030 3248 rationis

2135 3187 2230 3240 καὶ
2253 3186 2431 3257 τρίτα.
2474 3186 2538 3239 '0
2563 3185 2694 3255 γοῦν
2735 3183 2991 3252 Ἰωάννης
3031 3185 3302 3254 ἐπήνεγκε
3331 3182 3554 3252 φάσκων
3586 3183 3712 3253 περὶ

451 3273 692 3344 capacia,
731 3275 1080 3333 considerato
1101 3273 1300 3333 Verbo.
1331 3276 1442 3334 Nec
1480 3279 1679 3336 mirum
1705 3282 1774 3349 si,
1799 3292 1860 3338 ut
1885 3299 2032 3354 pra:-

447 3365 714 3432 diximus,
741 3365 910 3422 multa
933 3366 1074 3424 bona
1096 3369 1369 3426 exsistens
1399 3369 1660 3428 Servatur
1683 3375 1738 3429 in
1769 3390 1830 3430 se
1855 3377 2030 3432 conti.

450 3469 600 3527 treat,
635 3474 760 3532 quae
785 3475 892 3516 uno
915 3470 969 3517 et
999 3461 1197 3529 altero,
1229 3463 1358 3518 item
1387 3475 1446 3520 et
1473 3467 1636 3521 tertio
1673 3468 2031 3524 considerem

452 3565 541 3608 tur
562 3554 742 3610 modo.
793 3554 932 3612 Cum
959 3555 1104 3610 enim
1133 3556 1423 3626 protulerit
1465 3557 1706 3615 Joannes
1743 3563 1812 3616 de
1851 3561 2030 3618 Verbo

450 3647 683 3718 loquens
715 3667 732 3704 :
767 3648 923 3715 Quod
962 3647 1166 3719 factum
1212 3661 1308 3716 est,
1338 3652 1392 3706 in
1425 3652 1540 3719 ipso
1581 3657 1686 3708 vita
1716 3666 1830 3711 erat
1868 3660 1910 3724 ³,
1941 3673 2031 3715 os-

452 3737 632 3793 tendit
667 3737 866 3794 factam
916 3739 1088 3798 fuisse
1130 3740 1297 3795 vitam
1336 3740 1391 3795 in
1428 3741 1624 3800 Verbo.
1669 3746 1854 3818 Neque
1896 3765 2029 3808 vero

450 3830 691 3885 Verbum
722 3831 827 3888 hoc
853 3830 999 3887 aliud
1028 3842 1116 3890 est
1147 3848 1178 3889 a
1205 3832 1452 3898 Christo,
1480 3835 1624 3893 Deus
1653 3840 1944 3907 exsistens,
1972 3851 2028 3896 et

449 3918 689 3977 Verbum
715 3923 856 3993 apud
880 3923 1118 3990 Patrem,
1151 3939 1249 3994 per
1275 3925 1424 3994 quod
1464 3927 1608 3982 facta
1637 3941 1764 3986 sunt
1789 3935 1972 3988 omnia
2007 3951 2022 3999 ;

449 4030 630 4086 neque
663 4014 774 4071 vita
807 4017 913 4072 alia
959 4026 1043 4073 est
1088 4031 1120 4070 a
1164 4017 1260 4072 Dei
1288 4015 1455 4084 Filio,
1503 4021 1597 4087 qui
1651 4023 1874 4092 inquit:
1914 4025 2026 4098 Ego

446 4125 564 4164 sum
617 4110 741 4175 uia,
817 4107 1012 4164 veritas
1076 4120 1125 4163 et
1190 4109 1294 4164 vita
1356 4109 1398 4164 ³.
1471 4110 1622 4168 Unde
1689 4129 1798 4170 non
1865 4132 2026 4175 secus

448 4212 618 4272 atque
687 4202 794 4256 vita
869 4201 1014 4258 facta
1079 4202 1187 4258 fuit
1249 4205 1301 4257 in
1365 4203 1578 4271 Verbo,
1648 4207 1731 4263 sic
1786 4206 2026 4266 Verbum

446 4303 570 4350 erat
621 4295 676 4350 in
727 4295 1020 4366 principio.
1059 4296 1295 4355 Proinde
1346 4299 1557 4368 inspice
1605 4313 1674 4354 an
1715 4300 1872 4370 juxta
1921 4306 2026 4361 hoc

445 4387 550 4457 21
577 4387 942 4458 signiﬁcatum
970 4389 1244 4458 possimus
1288 4391 1593 4463 intelligere
1635 4394 1741 4449 hoc
1765 4396 1970 4450 dictum
2005 4414 2020 4451 :

2133 3278 2228 3333 τοῦ
2290 3278 2498 3346 Λόγουο
2554 3279 2614 3330 ’Ὀ
2661 3274 2927 3346 γέγονεν,
2959 3275 3030 3328 ἐν
3075 3273 3236 3340 αὐτῷ
3297 3271 3408 3341 ζωή
3461 3269 3558 3344 ἦν.
3615 3273 3716 3326 Γέ-

2132 3389 2288 3442 γονεν
2357 3366 2450 3424 οὖν
2519 3371 2554 3439 ἡ
2627 3367 2741 3441 ζωὴ
2802 3371 2861 3422 ὲν
2923 3366 3004 3438 τῷ
3077 3367 3254 3437 Λόγῳ.
3319 3366 3430 3419 Kal
3489 3362 3614 3418 οῦτε
3682 3364 3712 3416 6

2132 3464 2304 3534 Λόγος
2350 3461 2537 3534 ἕτερός
2588 3462 2706 3514 ὲστι
2751 3458 2848 3512 τοῦ
2889 3457 3166 3529 Χριστοῦ,
3211 3459 3240 3510 6
3313 3455 3445 3520 Θεὸς
3505 3454 3710 3522 Λόγος,

2130 3560 2158 3612 6
2203 3556 2340 3628 πρὸς
2393 3556 2484 3610 τὸν
2533 3553 2751 3626 Πατέρα
2789 3594 2804 3618 ,
2867 3552 2935 3606 δι’
2987 3547 3046 3605 οῦ
3101 3550 3171 3603 τὰ
3220 3549 3398 3602 πάντα
3455 3547 3708 3616 ἐγένετο·

2130 3649 2254 3704 οὔτε
2288 3652 2320 3721 ἡ
2355 3649 2467 3721 ζωὴ
2501 3647 2614 3721 (81)
2638 3647 2804 3718 ἑτέρα
2841 3644 2937 3700 τοῦ
2961 3641 3091 3698 Υἱοῦ
3113 3641 3208 3697 τοῦ
3234 3641 3392 3706 Θεοῦ,
3415 3641 3474 3705 ὃς
3504 3657 3670 3712 φησιν
3693 3655 3708 3670 ο

2143 3741 2291 3812 Ἐγώ
2317 3745 2434 3812 ειμι
2460 3741 2498 3810 ἠ
2529 3739 2805 3806 ὁδός-,καὶ
2833 3739 2872 3808 ἠ
2893 3735 3164 3804 ἀλήθεια,
3183 3735 3280 3790 καὶ
3308 3733 3713 3806 ήζωή.”Ωσπερ

2127 3830 2220 3888 οῦν
2253 3835 2288 3904 ἡ
2327 3831 2440 3904 ζωὴ
2468 3831 2691 3901 γέγονεν
2719 3829 2778 3882 ἐν
2803 3829 2880 3900 τῷ
2913 3827 3092 3899 Λόγῳ,
3109 3826 3282 3891 οὕτως
3300 3829 3330 3880 6
3355 3825 3529 3895 Λόγος
3554 3819 3624 3897 ἦν
3654 3825 3713 3878 ὲν

2129 3929 2292 3998 ἀρχῇ.
2332 3923 2655 3994 Ἐπίστησον
2687 3921 2745 3976 δὲ
2784 3923 2834 3975 εί
2882 3917 2995 3974 οἶόν
3033 3921 3093 3974 τέ
3128 3921 3242 3973 ἐστι
3271 3918 3383 3990 (82)
3431 3920 3525 3973 καί⁹
3567 3916 3710 3971 κατὰ

2127 4019 2188 4074 τὸ
2247 4015 2644 4090 σημαινόμενον
2693 4012 2851 4068 τοῦτο
2907 4011 3225 4084 ἐκδέχεσθαι
3284 4013 3435 4084 ἡμᾶς
3497 4011 3559 4064 τὸ
3617 4011 3712 4063 Ἐν

2127 4110 2286 4181 ἀρχῇ
2328 4107 2409 4180 ἦν
2453 4112 2486 4163 ό
2530 4107 2868 4177 Λόγοςνϊνα
2901 4104 3045 4160 κατὰ
3077 4105 3177 4178 τὴν
3211 4105 3406 4174 σοφίαν
3449 4103 3544 4158 καὶ
3585 4104 3712 4166 τοὺς

2126 4205 2328 4269 τύπους
2361 4203 2454 4257 τοῦ
2489 4201 2834 4272 συστήματος
2867 4197 2977 4252 τῶν
3010 4200 3067 4252 ἐν
3113 4197 3264 4269 αὑτῷ
3309 4197 3598 4268 νοημάτων
3641 4198 3712 4250 τὰ

2127 4293 2310 4348 πάντα
2338 4293 2578 4364 γίνηται.
2615 4289 2787 4363 Οἶμαι
2817 4291 2949 4364 γὰρ,
2999 4289 3188 4362 ὥσπερ
3222 4288 3362 4343 κατὰ
3394 4291 3520 4352 τοὺς
3547 4289 3707 4358 ἀρχι-

2127 4387 2472 4450 τεκτονικοὺς
2497 4386 2702 4450 τύπους
2723 4386 3086 4456 οἰκοδομεῖται
3120 4384 3154 4456 ἦ
3187 4384 3528 4438 τεκταίνεται
3561 4385 3712 4439 οἰκία

444 4478 516 4533 In
551 4480 808 4548 principia
831 4489 945 4534 erat
985 4479 1212 4535 Verbum
1238 4479 1262 4512 ⁸
1290 4479 1418 4552 [hoc
1447 4461 1531 4537 est
1561 4483 1754 4553 Λόγος,
1778 4501 1898 4556 qua:
1931 4505 2026 4543 ra-

2132 4481 2224 4534 καὶ¹
2256 4479 2406 4544 ναῦς,
2438 4479 2610 4552 ἀρχὴν
2655 4479 2753 4550 τῆς
2807 4479 2981 4542 οἰκίας
3014 4480 3108 4532 καὶ
3139 4479 3236 4551 τῆς
3287 4477 3422 4544 νεὼς
3475 4479 3709 4549 ἑχόντων

447 4569 524 4625 tio
549 4570 712 4626 etiam
740 4571 945 4626 dicitur
971 4571 992 4644 ]
1027 4589 1040 4624 :
1081 4582 1140 4627 ut
1171 4573 1468 4628 secundum
1492 4575 1814 4646 sapientiam
1848 4589 1904 4635 et
1937 4595 2024 4636 se-

445 4664 684 4718 cundum
731 4663 931 4734 ﬁguras
969 4665 1306 4721 collectionis
1355 4651 1868 4738 intelligentiarum,
1900 4689 2023 4742 quae

446 4767 575 4810 sunt
602 4757 655 4811 in
681 4757 819 4828 ipsa,
849 4759 982 4812 fiant
1011 4758 1217 4815 omnia.
1241 4759 1446 4829 Opinor
1475 4761 1644 4826 enim,
1663 4763 1804 4818 sicut
1831 4766 2024 4822 domus

448 4857 504 4900 et
540 4849 698 4903 navis
746 4847 1049 4904 fabricatur
1093 4851 1176 4905 vel
1212 4850 1514 4906 aedificatur
1540 4850 1699 4920 juxta
1723 4853 1931 4924 ﬁguras
1965 4869 2020 4914 et

453 4939 662 4996 formas
708 4941 986 4999 mentibus
1031 4956 1218 4998 eorum
1267 4943 1362 5015 qui
1409 4952 1698 5000 structura:
1726 4949 2019 5015 praesident

555 5099 602 5132 ⁸⁸
655 5097 673 5151 Ι
717 5097 1053 5157 Cor.xv.45.

451 5169 471 5198 ⁸
511 5167 795 5240 Joan.t,'5.
823 5174 878 5229 4.
934 5170 956 5200 ³
1003 5168 1161 5225 Joan.
1197 5186 1310 5234 ιιιν,
1339 5169 1393 5224 6.
1474 5171 1496 5202 ⁵
1525 5167 1687 5227 Joan.
1717 5188 1756 5240 ι,
1788 5173 1840 5228 1.

521 5258 1108 5334 (Ἰφρημιουργόςδὲ
1155 5264 1189 5334 ῤ
1242 5263 1498 5332 Χριστὸς
1549 5265 1629 5330 ὡς
1668 5264 1846 5334 ἀρχή,
1911 5275 2018 5320 etc.

448 5327 548 5384 Hie
579 5327 1129 5402 Qrigenem’c'astigat
1159 5327 1412 5390 Petavius
1441 5327 1534 5388 Ill).
1577 5327 1719 5388 ι’οἐ
1745 5327 2023 5402 Triuitate,

448 5399 644 5473 caput,
675 5399 734 5473 n1
764 5399 816 5464 4,
838 5411 893 5454 et
914 5401 1007 5456 lib.
1041 5399 1266 5473 i~t,_cap.
1299 5403 1352 5464 5,
1384 5419 1439 5456 ιι.
1479 5404 1532 5459 6.
1557 5404 1818 5462 Hunnus.

519 5469 632 5542 (βυ)
661 5469 784 5526 Τῶν
817 5469 1284 5542 τεθεωρημένοιν.
1328 5474 1401 5526 Ita
1429 5485 1574 5528 recte
1614 5476 1815 5528 habent
1861 5477 2020 5530 codd.

446 5539 774 5614 Bodleiapus
803 5551 856 5614 et
889 5539 1242 5614 Barbarinus,
1268 5613 1278 5614 ί
1301 5543 1443 5596 male
1466 5556 1668 5614 autem
1712 5546 1882 5614 codex
1915 5543 2023 5599 lle-

445 5611 592 5686 gius,
626 5609 737 5686 τῶν
762 5609 1353 5686 τεθεωρημᾴτωνίΜοξ
1398 5611 1493 5666 τοῦ
1539 5614 1712 5682 Λόγου
1747 5613 2021 5686 λαμϐανο-

448 5679 860 5758 μένῡυηΑΠ-ιι-ᾱίι
901 5679 968 5736 ad
991 5679 1245 5740 "alteram
1279 5682 1455 5758 Myos
1503 5679 1862 5752 notationem,
1916 5703 2022 5758 qua

447 5751 584 5804 ratio
611 5751 970 5822 signiﬁcetur.
1279 5751 1290 5758 ’

1131 5099 1177 5130 ’⁸
1211 5098 1369 5173 ,ἰοειιιΣ
1399 5115 1438 5166 ι,
1464 5101 1554 5173 l._
1591 5103 1636 5133 ⁸⁷
1661 5100 1804 5157 Psal.
1851 5118 2076 5173 CXLVIII,
2107 5106 2159 5160 5.
2233 5106 2280 5138 ⁸⁸
2321 5101 2457 5158 Gen.
2492 5119 2530 5169 I,
2577 5102 2630 5156 5.

2129 4574 2256 4636 τοὺς
2308 4574 2366 4626 ὲν
2418 4572 2498 4642 τῷ
2547 4571 2765 4643 τεχνίτῃ
2822 4571 3027 4634 τύπους
3072 4569 3414 4640 καὶ’λόγους·
3453 4569 3595 4623 οὕτω
3638 4570 3708 4624 τὰ

2126 4668 2417 4740 σύμπαντα
2455 4664 2736 4734 γεγονέναι
2793 4663 2937 4718 κατὰ
2989 4665 3116 4730 τοὺς
3168 4665 3226 4718 ἓν
3274 4669 3339 4737 τῇ
3374 4667 3537 4738 σοφίᾳ.
3568 4682 3704 4739 προ-

2121 4757 2496 4829 τρανωθέντας
2525 4755 2630 4808 ὑπὸ
2663 4753 2799 4807 Θεοῦ
2828 4755 2936 4809 τῶν
2961 4755 3234 4826 ἐσομένων
3262 4755 3475 4824 λόγους.
3502 4754 3706 4811 Πάντα

2125 4853 2232 4923 γὰρ
2255 4851 2324 4904 ἐν
2365 4851 2552 4918 σοφίᾳ
2597 4848 2867 4916 ἐποίησε.
2922 4849 3031 4902 Kal
3078 4847 3294 4902 λεκτέον
3314 4889 3328 4913 ,
3362 4849 3444 4902 ὅτι
3471 4847 3662 4912 κτίσας
3685 4889 3701 4912 ,

2123 4948 2188 5001 ἵν’
2216 4943 2391 5006 οὕτως
2425 4941 2565 4994 εἴπω
2597 4939 2742 5011 (85),
2775 4939 3017 5012 ἔμψυχον
3059 4939 3249 5011 σοφίαν
3291 4941 3320 4992 6
3365 4940 3516 5003 Θεὸς,
3562 4940 3702 5012 αὐτῇ

2745 5094 2791 5128 ³⁸
2830 5097 2962 5154 ibid.
3017 5098 3071 5151 6.
3189 5096 3203 5125 ⁸
3248 5093 3411 5152 Prov.
3457 5111 3574 5162 vni,
3605 5097 3696 5154 2‘2.

2198 5262 2310 5333 (81)
2343 5263 2496 5316 οὔτε
2517 5261 2556 5328 ή
2587 5259 2720 5327 ζωή,
2750 5270 2857 5318 etc.
2889 5258 2981 5333 Sic
3014 5270 3162 5316 recte
3213 5259 3413 5333 legitur
3448 5263 3501 5316 in
3533 5263 3693 5318 codd.

2121 5331 2414 5405 Bodleiano
2431 5343 2486 5388 et
2516 5333 2846 5405 Barberino;
2861 5331 3002 5405 male
3031 5341 3212 5405 autem
3242 5331 3296 5405 in
3320 5333 3512 5388 codice
3527 5333 3698 5405 Regio

2120 5407 2274 5480 deest
2289 5402 2440 5480 οὔτε,
2473 5411 2530 5480 ει
2555 5404 2720 5480 ιιι-οη
2744 5401 2856 5472 ζωή
2885 5401 3081 5480 legitur
3103 5401 3144 5480 il
3179 5399 3314 5480 ζωή.
3418 5473 3467 5480 __

2191 5474 2304 5544 (δε)
2337 5477 2408 5528 Ei
2439 5469 2576 5544 οἶόιῇ
2603 5471 2669 5526 τέ
2695 5469 2958 5529 ἐσείκαῖ
2979 5469 3242 5544 κᾳτὰίτό,
3277 5469 3380 5529 etc.
3415 5473 3509 5529 Sic
3553 5485 3700 5530 recte

2121 5542 2326 5599 habent.
2359 5542 2875 5614 codtlLBodleiangis
2917 5552 2973 5614 et
3021 5542 3384 5608 Barberinus;
3438 5555 3698 5614 corrupte

2121 5625 2301 5670 autem
2326 5615 2495 5671 codex
2523 5613 2744 5682 Regius,
2767 5606 2878 5666 οἷόν
2897 5612 2956 5666 τέ
2980 5615 3094 5666 ἐστι
3125 5614 3221 5668 καὶ
3248 5606 3390 5669 κατᾶ
3417 5613 3501 5680 τό,
3537 5606 3646 5669 etc.

2195 5684 2307 5754 (83)
2338 5685 2596 5750 Κτίσας,
2629 5683 2704 5736 ἵν’
2750 5683 2936 5750 οὕτως
2969 5685 3134 5740 εἴπω.
3203 5683 3279 5738 Ita
3339 5694 3485 5739 recte
3534 5687 3694 5740 codd.

2131 5755 2460 5812 Barberinus
2485 5767 2540 5814 et
2571 5755 2808 5826 Regius,
2840 5756 3177 5830 tnaleautetn
3207 5755 3554 5823 Bodleianus,
3575 5757 3698 5827 κτή-
