4174 6438
512 340 587 393 57
1611 339 1969 395 COMMENT.
2008 340 2075 395 1N
2104 339 2297 397 JOAN.
2341 340 2582 397 TOMUS
2620 342 2660 397 Ι.
3703 335 3770 391 58

502 450 810 522 ἐπέτρεψεν
844 452 952 506 ἀπὸ
997 451 1105 505 τῶν
1149 453 1207 504 ὲν
1253 452 1391 521 αὐτῇ
1440 450 1627 506 τύπων
1669 456 1784 516 τοῖς
1833 451 1952 509 οὖσι
1992 458 2071 510 κατ

2189 468 2501 525 conceptas,
2533 458 2694 512 domo
2719 457 2948 526 navique
2973 456 3303 528 principium
3333 454 3677 511 sumentibus
3702 454 3770 508 ab

503 545 572 611 τῇ
628 541 765 613 ὕλῃ,
810 536 1002 612 οἶμαι,
1070 544 1374 614 παρασχεῖν
1431 542 1528 612 τὴν
1584 541 1821 615 ὓπαρξιν
1862 547 1956 599 καὶ
1986 546 2085 617 τὴν

503 635 707 688 πλάσιν
740 636 834 689 καὶ
863 635 932 689 τά
959 634 1095 706 είδη.
1136 633 1276 704 Ἐγὼ
1305 635 1361 689 δὲ
1406 634 1671 707 ὲφίστημι
1722 638 1771 690 εί
1815 639 1911 691 καὶ
1937 638 2086 691 ἔστιν

501 730 680 782 εἰπεῖν
727 727 901 801 ἀρχὴν
945 726 1054 782 τῶν
1100 728 1269 781 ὄντων
1322 723 1462 781 εἶναι
1504 728 1596 782 τὸν
1637 728 1764 782 Υίὸν
1801 729 1895 782 τοῦ
1949 729 2085 785 Θεοῦ

499 818 730 887 λέγοντα
763 818 894 890 (84)’
930 818 1076 888 Ἐγώ
1099 820 1214 887 ειμι
1246 819 1285 886 ἠ
1317 819 1475 889 ἀρχὴ
1503 818 1603 873 καὶ
1633 819 1699 873 τὸ
1725 817 1919 886 τέλος,
1951 820 2020 873 τὸ
2046 838 2087 874 α

501 911 605 966 καί
632 911 700 965 τό
729 929 803 975 ω,
832 914 865 966 ό
893 911 1122 980 πρῶτος
1153 911 1252 964 καὶ
1280 915 1313 976 d
1344 913 1623 981 ἔσχατος.
1667 912 1987 980 Ἀναγκαῖον
2028 912 2085 965 δὲ

501 1005 703 1057 εἰδέναι
724 1045 739 1070 ,
781 1005 864 1057 ὅτι
892 1005 954 1057 οὐ
989 1003 1129 1057 κατὰ
1160 1005 1267 1057 πᾶν
1306 1002 1336 1057 ὃ
1364 1005 1717 1075 ὀνομάζεται,
1745 1004 1887 1076 ἀρχή
1938 1007 2083 1059 ἐστιν

500 1096 685 1160 αὐτός.
745 1094 870 1160 Πῶς
928 1094 1059 1165 γὰρ,
1112 1094 1249 1149 καθὸ
1299 1096 1414 1166 ζωή
1463 1097 1601 1163 ἐστι,
1655 1093 1879 1149 δύναται
1943 1090 2082 1148 εἶναι

498 1189 643 1259 ἀρχὴ
666 1228 683 1253 ,
741 1188 865 1258 ἥτις
911 1187 1025 1259 ζωὴ
1077 1188 1299 1257 γέγονεν
1354 1189 1413 1243 ὲν
1471 1187 1550 1258 τῷ
1596 1188 1789 1259 Λόγῳ,
1841 1186 2082 1258 δηλονότι

497 1279 644 1351 ἀρχὴ
689 1280 1014 1351 τυγχάνοντι
1059 1281 1275 1350 uin-71;;
1332 1281 1453 1333 Ἔτι
1499 1280 1557 1334 δὲ
1603 1281 1955 1351 σαφέστερον,
1999 1281 2081 1333 ὃτι

498 1370 638 1424 καθὸ
668 1370 1013 1440 πρωτότοκος
1048 1372 1194 1425 ἐστιν
1227 1373 1293 1426 ὲκ
1324 1371 1435 1427 τῶν
1464 1371 1694 1443 νεκρῶν,
1741 1373 1802 1425 οὐ
1859 1371 2080 1437 δύναται

497 1462 637 1520 εἶναι
673 1465 838 1535 ἀρχή.
893 1464 1004 1518 Καὶ
1047 1464 1142 1518 ὲάν
1182 1464 1457 1534 ἐπιμελῶς
1512 1464 1855 1535 ἐξετάζωμεν
1913 1463 2078 1516 αὐτοῦ

497 1560 679 1623 πάσας
724 1557 827 1621 τὰς
859 1558 1174 1628 ἐπωνυμίας
1208 1556 1353 1628 (85),
1410 1556 1567 1629 μόνον
1624 1557 1766 1611 κατά
1822 1557 1884 1610 τὸ
1940 1552 2078 1611 εῖναι

498 1651 662 1718 σοφία
702 1651 846 1721 ἀρχή
881 1651 1064 1715 ἐστιν,
1098 1648 1221 1702 οὐδὲ
1253 1647 1395 1703 κατά
1426 1648 1490 1702 τὸ
1533 1645 1671 1702 εἶναι
1724 1647 1884 1717 λόγος
1933 1648 2076 1719 ἀρχὴ

494 1743 801 1814 τυγχάνων,
825 1742 881 1795 εί
898 1757 961 1809 γε
988 1742 1019 1794 6
1049 1741 1222 1810 Λόγος
1256 1741 1317 1794 ὲν
1349 1741 1491 1812 ἀρχῇ
1541 1737 1610 1811 ἦν
1635 1756 1648 1769 ·
1703 1740 1779 1805 ὡς
1806 1741 1982 1793 εἰπεῖν
2010 1740 2076 1794 ἄν

2200 551 2284 605 his
2308 551 2491 622 ﬁguris
2516 552 2885 606 etrationibus
2904 568 3025 621 qua:
3040 560 3170 607 sunt
3201 551 3259 605 in
3284 549 3513 616 artiﬁce,
3532 550 3614 605 sic
3644 549 3767 603 uni-

2197 654 2357 693 versa
2397 639 2540 695 facta
2584 639 2755 695 fuisse
2783 642 2940 710 juxta
2963 657 3144 696 rerum
3182 642 3489 697 futurarum
3526 641 3766 696 rationes

2193 731 2302 801 jam
2318 741 2479 788 antea
2492 732 2646 787 aDeo
2663 733 3034 788 manilestatas
3049 734 3104 788 in
3124 731 3609 803 sapientia.0mm'a
3627 733 3766 786 enim

2186 824 2242 876 in
2281 820 2546 890 sapientia
2593 819 2714 888 fecit
2735 820 2778 874 ⁵.
2827 819 3235 889 Dicendumque
3288 828 3374 876 est
3414 821 3604 889 Deum,
3644 837 3767 877 eum

2187 914 2485 968 animatam
2512 911 2860 980 sapientiam,
2895 921 2955 966 ut
2980 912 3054 966 ita
3085 911 3302 982 loquar,
3330 920 3593 981 creasset,
3620 912 3768 968 illius

2186 1020 2330 1059 curae
2360 1003 2675 1074 permisisse
2702 1013 2760 1058 ut
2784 1019 2850 1061 ex
2883 1004 3071 1076 ﬁguris
3094 1013 3151 1060 et
3176 1005 3459 1074 speciebus
3486 1021 3626 1075 quas
3650 1007 3763 1075 ipsa

2183 1094 2443 1161 habebat,
2473 1095 2690 1164 Opinor,
2715 1094 3216 1161 subsistentiam,et
3242 1096 3676 1166 plasmationem,
3711 1108 3768 1153 et

2185 1188 2391 1245 formas
2428 1188 2696 1258 praeberet
2724 1190 2943 1244 entibus
2966 1197 3024 1244 et
3046 1190 3307 1247 materiae.
3341 1190 3455 1261 Ego
3487 1192 3648 1244 etiam
3682 1191 3767 1245 in-

2183 1284 2353 1350 spicio
2391 1298 2461 1338 an
2504 1283 2687 1339 dicere
2735 1281 3006 1352 possimus
3038 1281 3365 1353 principium
3394 1282 3601 1338 entium
3641 1297 3764 1337 esse

2184 1374 2381 1432 Filium
2408 1374 2529 1438 Dei,
2566 1374 2837 1430 dicentem
2884 1387 2900 1425 :
2946 1370 3062 1442 Ego
3110 1389 3226 1427 sum
3255 1374 3568 1445 principium
3604 1383 3651 1426 et
3697 1372 3763 1440 ﬁ-

2181 1469 2284 1531 nis,
2306 1472 2353 1521 A
2387 1480 2434 1521 et
2461 1469 2531 1531 Ω,
2556 1467 2754 1535 primus
2783 1475 2830 1520 et
2868 1465 3180 1519 novissimus
3205 1465 3263 1531 ⁶;
3302 1480 3426 1520 cum
3456 1464 3762 1519 necessario

2179 1559 2344 1613 etiam
2367 1559 2651 1614 sciendum
2678 1558 2751 1613 sit
2777 1557 2932 1612 nobis
2961 1556 3136 1625 ipsum
3157 1572 3265 1612 non
3295 1571 3414 1613 esse
3438 1557 3759 1627 principium

2173 1650 2328 1720 juxta
2354 1648 2539 1704 omnia
2560 1647 2759 1716 quibus
2784 1648 3121 1702 nominatur.
3141 1647 3245 1715 Qui
3268 1647 3415 1702 enim
3443 1646 3558 1701 ﬁeri
3581 1653 3763 1715 potest

2180 1750 2240 1794 ut
2271 1742 2344 1796 sit
2393 1739 2723 1809 principium
2776 1738 2833 1793 in
2877 1749 3145 1809 quantum
3191 1746 3275 1793 est
3326 1738 3461 1804 vita,
3492 1752 3618 1791 cum
3649 1736 3761 1790 vita

494 1854 617 1891 τινα
668 1829 1087 1908 τεθαρρηκότως
1139 1836 1512 1909 πρεσϐύτερον
1544 1835 1655 1907 (86)
1697 1836 1915 1890 πάντων
1966 1834 2071 1889 τῶν

2180 1831 2322 1887 facta
2358 1829 2524 1885 fuerit
2567 1831 2623 1885 in
2676 1829 2878 1896 Verbo,
2905 1832 3053 1902 quod
3089 1839 3174 1886 est
3216 1830 3386 1899 ipsius
3410 1829 3534 1884 vitae
3558 1828 3761 1900 princi-

496 1926 896 1996 ὲπινοουμένων
928 1928 1045 1989 ταῖς
1077 1925 1398 1997 ὀνομασίαις
1438 1925 1534 1979 τοῦ
1580 1926 1930 1997 πρωτοτόκου
1964 1926 2073 1982 πά-

494 2034 598 2089 σης
627 2017 857 2081 κτίσεώς
899 2021 1048 2071 ἐστιν
1082 2018 1116 2087 ἡ
1163 2017 1345 2087 σοφία.
1389 2018 1448 2071 Ὁ
1479 2017 1614 2082 Θεὸς
1650 2018 1749 2089 μὲν
1774 2014 1869 2071 οῦν
1898 2019 2073 2089 πάντη

490 2106 554 2161 ἓν
584 2110 700 2163 ἐστι
733 2108 843 2180 (87)
878 2108 974 2163 καὶ
999 2107 1226 2162 ἁπλοῦνο
1258 2110 1288 2162 6
1332 2108 1391 2162 δὲ
1434 2109 1627 2181 Σωτὴρ
1670 2108 1829 2180 ἡμῶν
1874 2109 1963 2163 διὰ
2007 2110 2077 2162 τὰ

490 2198 664 2251 πολλά
689 2237 705 2262 ,
757 2199 882 2251 ἐπεὶ
925 2197 1189 2271 προέθετο
1221 2197 1385 2251 αὐτὸν
1414 2200 1443 2251 6
1469 2197 1603 2261 Θεὸς
1630 2198 1942 2271 ἱλαστήριον
1980 2199 2075 2253 καὶ

490 2289 743 2362 ἀπαρχὴν
771 2289 955 2361 πάσης
996 2290 1098 2361 τῆς
1130 2288 1362 2353 κτίσεως
1381 2330 1396 2356 ,
1445 2289 1616 2345 πολλὰ
1646 2291 1877 2359 γίνεται⁹
1916 2292 1949 2364 ἢ
1981 2294 2075 2346 καὶ

489 2382 631 2454 τάχα
665 2383 842 2437 πάντα
871 2382 1047 2437 ταῦτα
1076 2382 1363 2456 καθαρίζει
1393 2381 1557 2436 αὐτοῦ
1583 2384 1617 2454 ἡ
1658 2382 2074 2455 ὲλευθεροῦσθαι

489 2473 760 2546 δυναμένη
801 2475 953 2529 πᾶσα
984 2476 1162 2539 κτίσις
1191 2474 1326 2547 (88).
1356 2476 1470 2530 Καὶ
1519 2476 1609 2530 διὰ
1655 2474 1816 2530 τοῦτο
1863 2477 2072 2546 γίνεται

488 2565 604 2634 φῶς
643 2566 753 2620 τῶν
781 2565 1105 2637 ἀνθρώπων,
1155 2568 1244 2622 ὅτε
1282 2569 1558 2642 ἄνθρωποι
1592 2568 1698 2621 ὑπὸ
1733 2568 1831 2640 τῆς
1876 2568 2073 2633 κακίας

489 2657 864 2722 σκοτωθέντες
891 2658 1102 2713 δέονται
1148 2661 1326 2729 φωτὸς
1369 2660 1464 2714 τοῦ
1506 2661 1565 2714 ὲν
1605 2663 1672 2731 τῇ
1712 2661 1903 2733 σκοτίᾳ
1945 2662 2071 2731 φαί-

487 2766 688 2816 νοντος,
724 2751 819 2804 καὶ
846 2751 953 2804 ὑπὸ
1000 2752 1221 2817 σκοτίας
1253 2754 1328 2824 μὴ
1369 2752 1948 2824 καταλαμϐανομένου,
1972 2755 2073 2808 οὐκ

486 2843 585 2905 ἂν,
617 2844 667 2895 εί
703 2843 788 2915 μὴ·
810 2844 1127 2912 γεγόνεισαν
1163 2846 1221 2920 ὲν
1260 2844 1339 2915 τῷ
1372 2846 1548 2915 σκότῳ
1581 2847 1630 2898 οξ
1658 2846 1952 2917 ἄνθρωποι,
1975 2862 2070 2914 γε-

481 2934 710 3005 νόμενος
762 2931 1065 3005 ἀνθρώπων
1120 2935 1255 3003 φῶς.
1298 2936 1371 2989 Τὸ
1408 2936 1453 2988 δ’
1484 2935 1669 3007 ὅμοιόν
1715 2939 1833 2990 ἐστι
1879 2936 2069 3006 νοῆσαι

484 3029 579 3082 καὶ
630 3029 724 3082 ἐπὶ
770 3027 860 3082 τοῦ
901 3024 1040 3083 εἶναι
1086 3029 1251 3083 αὑτὸν
1295 3028 1637 3100 πρωτότοκον
1681 3026 1791 3082 τῶν
1836 3028 2065 3100 νεκρῶν.

489 3120 550 3173 El
578 3121 689 3192 γὰρ
720 3118 847 3175 καθ’
880 3121 1136 3176 ὑπόθεσιν
1187 3124 1221 3194 ή
1276 3121 1416 3193 γυνὴ
1475 3122 1550 3194 μὴ
1589 3122 1872 3194 ὴπάτητο,
1914 3122 2006 3176 καὶ
2039 3123 2070 3176 6

496 3211 671 3283 Ἀδὰμ
703 3212 778 3283 μή
832 3214 1243 3285 παραπέπτωκε
1271 3253 1286 3281 ,
1324 3213 1567 3277 κτισθεὶς
1598 3213 1656 3269 δὲ
1703 3215 1733 3267 6
1780 3212 2068 3285 ἄνθρωπος

483 3303 577 3357 ἐπὶ
612 3304 895 3377 ἀφθαρσίᾳ
940 3307 1278 3378 κεκρατήκει
1337 3307 1442 3377 τῆς
1491 3303 1825 3377 ἀφθαρσίας,
1860 3305 1971 3359 οὒτ’
2000 3304 2067 3360 ἂν

481 3398 562 3461 εἰς
594 3396 724 3469 χοῦν
756 3398 987 3453 θανάτου
1016 3399 1407 3473 καταϐεϐήκει,
1438 3400 1548 3456 οὔτ’
1575 3401 1641 3455 ἂν
1672 3401 1942 3457 ἀπέθανεν
1967 3402 2068 3456 οὐκ

483 3488 649 3562 οὔσης
702 3492 978 3564 ἁμαρτίας
1006 3532 1022 3559 ,
1072 3492 1231 3565 ἢδιά
1284 3494 1384 3566 τήν
1446 3494 1853 3567 φιλανθρωπίαν
1903 3496 2067 3551 αὐτὸν

482 3583 654 3654 ἐχρῆν
686 3583 999 3639 ἀποθανεῖν.
1035 3584 1223 3639 Ταῦτα
1248 3585 1307 3640 δὲ
1335 3586 1410 3658 μὴ
1449 3588 1702 3659 ποιήσας,
1739 3589 1840 3642 οὐκ
1859 3589 2067 3658 ἐγίνετο

488 3677 830 3747 πρωτότοκος
857 3679 922 3732 ὲκ
952 3674 1067 3732 τῶν
1098 3678 1326 3752 νεκρῶν.
1386 3680 1730 3745 Ἐξεταστέον
1760 3682 1817 3734 δὲ
1852 3683 2065 3753 μήποτε

482 3770 577 3823 καὶ
610 3768 814 3842 ποιμὴν
840 3770 942 3824 οὐκ
967 3770 1032 3825 ἂν
1057 3770 1296 3840 ἐγίνετο,
1326 3771 1420 3824 τοῦ
1447 3770 1737 3844 ἀνθρώπου
1774 3773 1848 3844 μὴ
1886 3789 2067 3843 παρα-

481 3859 888 3931 συμϐληθέντος
939 3863 1054 3925 τοῖς
1116 3864 1335 3933 κτήνεσι
1395 3864 1509 3926 τοῖς
1565 3862 1816 3933 ἀνοήτοις
1840 3902 1855 3927 ,
1942 3861 2065 3932 μηδ’

478 3953 838 4024 ὁμοιωθέντος
870 3953 1074 4017 αὐτοῖς.
1128 3954 1192 4007 Εἰ
1242 3954 1351 4025 γὰρ
1405 3953 1724 4025 ἀνθρώπους
1765 3955 1859 4007 καὶ
1890 3955 2062 4025 κτήνη

480 4044 646 4109 σώζει
683 4046 712 4097 6
738 4044 890 4110 Θεὸς,
922 4044 1085 4110 σώζει
1118 4045 1155 4100 ἃ
1181 4045 1344 4109 σώζει
1372 4046 1569 4116 κτήνη,
1601 4045 1835 4116 ποιμένα
1879 4046 2065 4108 αὐτοῖς

480 4137 848 4211 χαρισάμενος
879 4140 992 4202 τοῖς
1028 4138 1102 4209 μὴ
1152 4136 1393 4209 χωροῦσι
1440 4137 1532 4191 τὸν
1581 4135 1826 4207 βασιλέα.
1881 4136 2062 4190 Βασα-

480 4229 692 4283 νιστέον
726 4224 820 4283 οὖν
855 4228 1231 4297 συναγαγόντα
1259 4227 1361 4292 τάς
1388 4226 1685 4299 ὀνομασίας
1721 4226 1817 4282 τοῦ
1866 4226 2062 4298 Ἰησοῦ,

478 4320 664 4373 ὁποῖαι
698 4318 808 4391 (89)
862 4317 1044 4373 αὐτῶν
1083 4317 1484 4388 ἐπιγεγόνασιν,
1533 4316 1633 4370 οὐκ
1676 4315 1742 4371 ἂν
1788 4318 1846 4369 ὲν
1881 4331 2063 4386 μακα-

480 4408 689 4481 ριότητι
719 4408 1046 4481 ἀρξαμένων
1097 4408 1192 4463 καὶ
1237 4407 1536 4480 μεινάντων
1589 4406 1699 4460 τῶν
1747 4407 1919 4475 ἁγίων
1972 4424 2064 4476 γε-

478 4502 701 4572 νόμεναι
731 4501 802 4556 τὰ
846 4502 1059 4556 τοσάδε.
1104 4502 1259 4572 Τάχα
1298 4498 1407 4572 γὰρ
1443 4498 1606 4568 σοφία
1645 4498 1807 4570 ἔμενε
1853 4499 2014 4569 μόνον
2041 4540 2056 4565 ,

2180 1927 2328 1996 pium
2366 1925 2390 1979 Ἰ
2438 1923 2784 1980 Manifestius
2841 1934 3102 1996 praeterea
3149 1931 3234 1979 est
3275 1922 3452 1992 ipsum
3490 1937 3599 1977 non
3640 1936 3762 1977 esse

2179 2017 2506 2087 principium
2535 2056 2553 2082 ,
2602 2025 2877 2086 quatenus
2927 2014 3324 2087 primogenitus
3376 2022 3459 2068 est
3496 2027 3567 2068 ex
3617 2027 3759 2068 mor-

2179 2109 2304 2163 tuis.
2338 2108 2494 2173 Quod
2530 2108 2578 2162 si
2624 2106 2913 2176 diligenter
2941 2107 3325 2161 examinemus
3361 2105 3541 2159 omnia
3590 2102 3761 2172 ipsius

2175 2198 2521 2269 cognomina,
2546 2196 2723 2252 solum
2749 2196 2878 2266 quia
2899 2197 2972 2252 sit
2995 2196 3262 2265 sapientia
3291 2194 3618 2265 principium
3647 2204 3758 2259 est,

2175 2304 2245 2344 ne
2289 2288 2619 2359 principium
2669 2290 2891 2359 quidem
2937 2289 3207 2344 exsistens
3243 2290 3297 2344 in
3328 2282 3618 2357 quantum
3674 2295 3761 2344 est

2174 2383 2370 2451 Λόγος,
2402 2383 2455 2437 id
2509 2392 2597 2437 est
2661 2381 2932 2447 Verbum,
2966 2383 3053 2437 vel
3103 2383 3264 2449 ratio,
3315 2381 3756 2451 quandoquidem

2173 2475 2411 2530 Verbum
2454 2474 2540 2529 vel
2572 2475 2715 2530 ratio
2754 2476 2809 2529 in
2854 2474 3127 2545 principio
3158 2483 3297 2529 erat.
3320 2473 3468 2529 Adeo
3504 2480 3562 2528 ut
3590 2473 3757 2527 auda-

2173 2574 2290 2621 cter
2313 2566 2457 2622 ausit
2483 2566 2607 2636 quis
2641 2566 2827 2622 dicere
2849 2567 3211 2636 antiquiorem
3238 2567 3493 2623 omnibus
3514 2581 3635 2636 quae
3661 2581 3759 2621 ex-

2170 2660 2483 2732 cogitantur
2506 2658 2819 2715 nominibus
2852 2659 3203 2730 primogeniti
3251 2659 3431 2715 omnis
3460 2669 3755 2724 creaturae,

2170 2753 2497 2823 sapientiam
2546 2768 2690 2809 esse.
2746 2753 2927 2822 Atque
2959 2753 3101 2809 Deus
3141 2753 3364 2823 quidem
3393 2768 3559 2811 unum
3591 2761 3678 2809 est
3701 2761 3757 2807 et

2169 2846 2434 2916 simplex;
2460 2844 2722 2901 Servatur
2745 2860 2876 2902 vero
2900 2855 3089 2902 noster
3116 2856 3337 2916 propter
3366 2829 3561 2911 multa,
3581 2859 3757 2914 quan-

2169 2939 2457 3009 doquidem
2509 2939 2798 3009 proposuit
2853 2937 3005 2992 illum
3070 2940 3212 2994 Deus
3262 2934 3752 3008 propitiationem'

2152 3040 2224 3084 et
2255 3030 2528 3099 primitias
2556 3030 2737 3086 omnis
2783 3037 3073 3094 creaturae,
3094 3029 3329 3085 etlicitur
3354 3029 3523 3083 etiam
3561 3027 3753 3093 multa,

2169 3118 2252 3173 vel
2281 3120 2444 3174 etiam
2495 3119 2731 3176 fortasse
2785 3119 2970 3173 omnia
3020 3119 3136 3174 haec
3177 3127 3370 3188 purgat
3398 3117 3568 3187 ipsius
3599 3130 3757 3172 crea-

2094 3194 2140 3257 C
2174 3220 2320 3279 tura,
2341 3226 2464 3281 qua:
2497 3213 2749 3268 universa
2788 3210 3023 3266 liberare
3052 3211 3216 3266 valet.
3259 3209 3399 3266 Hinc
3437 3208 3496 3263 ﬁt
3525 3209 3618 3264 lux
3658 3209 3757 3263 ho-

2174 3302 2402 3368 minum,
2420 3303 2640 3373 quando
2666 3304 2918 3359 homines
2943 3319 2973 3358 a
2994 3304 3129 3358 vitio
3151 3304 3424 3357 obscurati
3452 3300 3573 3356 luce
3595 3308 3757 3369 egent

2174 3395 2390 3449 lucente
2420 3394 2475 3448 in
2500 3394 2762 3460 tenebris,
2796 3407 2852 3450 et
2879 3410 2909 3449 a
2937 3394 3177 3450 tenebris
3215 3408 3323 3447 non
3359 3391 3700 3463 apprehensa
3737 3407 3752 3443 :

2173 3480 2265 3534 lux
2313 3496 2419 3536 non
2453 3479 2692 3550 futurus,
2733 3482 2834 3536 nisi
2870 3482 3123 3537 homines
3177 3479 3453 3537 obscurati
3498 3479 3751 3535 fuissent.

2174 3572 2366 3629 Simile
2429 3575 2783 3630 considerare
2825 3589 3115 3645 possumus
3157 3574 3224 3629 de
3262 3588 3330 3629 eo
3357 3573 3503 3644 quod
3555 3571 3755 3627 dicitur

2171 3668 2566 3737 primogenitus
2593 3682 2661 3722 ex
2713 3668 2962 3723 mortuis.
2998 3667 3133 3721 Nam
3173 3666 3220 3722 si
3260 3680 3529 3735 ponamus
3563 3664 3755 3720 mulie-

2172 3772 2287 3812 rem
2316 3757 2424 3827 22
2445 3761 2725 3826 deceptam
2756 3772 2862 3811 non
2892 3757 3078 3823 fuisse,
3106 3771 3207 3812 nec
3229 3755 3403 3810 Adam
3436 3755 3751 3825 deliquisse,

2170 3848 2266 3903 sed
2292 3857 2536 3902 creatum
2581 3848 2855 3903 hominem
2901 3848 2970 3903 ad
3005 3848 3494 3912 immortalitatem,
3526 3846 3754 3900 immor-

2174 3939 2434 3993 talitatem
2469 3939 2811 4006 obtinuisse;
2843 3952 3019 4007 neque
3050 3939 3105 3993 in
3137 3938 3415 4009 pulverem
3443 3936 3633 3992 mortis
3659 3935 3755 3991 de-

2171 4031 2476 4087 scendisset
2529 4030 2815 4097 Christus,
2864 4046 3042 4101 neque
3103 4040 3352 4087 mortuus
3402 4027 3593 4085 fuisset
3644 4042 3751 4083 non

2169 4125 2464 4180 exsistente
2483 4136 2732 4196 peccato,
2764 4136 2859 4180 aut
2877 4139 3005 4195 erga
3044 4126 3339 4180 humanum
3371 4138 3542 4194 genus
3565 4139 3753 4177 amore

2169 4219 2510 4275 moriendum
2540 4219 2616 4274 illi
2644 4219 2861 4275 fuisset.
2902 4221 2985 4274 Ae
3019 4219 3064 4274 si
3093 4219 3209 4273 haec
3245 4234 3351 4273 non
3376 4216 3619 4282 fecisset,
3644 4217 3750 4270 mi—

2170 4310 2317 4365 nime
2359 4309 2553 4366 fuisset
2610 4310 3002 4380 primogenitns
3026 4326 3095 4366 ex
3142 4318 3395 4367 mortuis.
3441 4310 3753 4380 Disquiren-

2169 4405 2299 4458 dum
2336 4414 2392 4460 et
2414 4404 2565 4467 illud,
2611 4419 2737 4458 num
2768 4404 2912 4459 forte
2945 4406 3111 4459 etiam
3140 4404 3379 4459 hominis
3399 4413 3586 4474 pastor
3605 4403 3753 4457 l'utu-
3832 4416 3837 4419 ‘

2170 4511 2262 4550 rus
2298 4511 2405 4551 non
2454 4505 2594 4561 erat,
2624 4498 2667 4550 si
2713 4506 3066 4566 comparatus
3118 4498 3283 4552 homo
3312 4496 3577 4565 jumentis
3618 4496 3752 4551 insi-

476 4593 515 4661 ἦ
546 4558 650 4645 ,καὶ
685 4593 879 4662 Λόγος,
904 4594 937 4667 ἢ
964 4594 1060 4649 καὶ
1092 4558 1227 4665 ζωή,
1258 4558 1477 4658 πάντως
1505 4558 1562 4646 όὲ
1589 4558 1691 4646 καὶ.
1710 4558 1968 4663 ἀλήθεια·
1995 4558 2056 4646 06

2170 4589 2436 4657 pientibus
2490 4558 2596 4643 non
2650 4558 2862 4653 fuisset,
2906 4603 3083 4659 neque
3110 4558 3461 4644 similisvillis
3494 4588 3668 4642 factus
3702 4586 3748 4641 ⁸.

481 4679 592 4750 μὴν
640 4680 696 4735 δὲ
740 4682 835 4736 καί
879 4683 950 4737 τὰ
996 4683 1131 4738 ἄλλα
1157 4683 1258 4736 ὅσα
1284 4683 1354 4737 δι’
1383 4683 1531 4754 ἡμᾶς
1562 4680 1913 4753 προσείληφε.
1948 4683 2060 4735 Καὶ

480 4772 743 4844 μακάριοί
768 4789 857 4844 γε,
886 4774 998 4828 ὅσοι
1024 4774 1267 4846 δεόμενοι
1290 4772 1388 4829 τοῦ
1420 4771 1550 4827 Υἱοῦ
1581 4770 1811 4827 τοιοῦτοι
1827 4773 2058 4843 γεγόνα-

2165 4680 2298 4736 Nam
2342 4682 2387 4738 si
2438 4683 2686 4737 homines
2724 4682 3044 4753 etjnmenta
3082 4691 3265 4739 servat
3315 4682 3457 4738 Deus
3490 4683 3534 4747 ',
3565 4690 3750 4735 servat

2161 4788 2283 4844 quae
2304 4782 2486 4829 servat
2504 4773 2772 4843 jumenta,
2796 4774 2902 4830 illis
2926 4774 3177 4830 donando
3204 4782 3480 4845 pastorem
3507 4787 3628 4844 quae
3662 4786 3750 4828 re-

590 4882 774 4938 I'Psal.
802 4898 919 4949 cui,
949 4883 1041 4938 9.4.
1123 4884 1145 4915 ⁸
1168 4885 1339 4955 Apoc.
1374 4901 1510 4952 xx",
1542 4886 1630 4942 15.
1708 4885 1730 4918 τ
1767 4886 1926 4942 Rom.
1968 4903 2051 4958 ιιι,

2248 4888 2270 4921 ³
2298 4886 2443 4942 Psal.
2483 4902 2672 4954 XLVIII,
2717 4887 2806 4953 ιτ,
2846 4889 2937 4945 21.
3012 4888 3035 4921 ⁹
3069 4886 3400 4953 Psal.xxxv,
3437 4885 3491 4940 7.

479 4987 608 5035 σας,
632 4971 698 5025 ἵν’
730 4971 910 5046 οὕτως
930 4973 1110 5046 εἴπερ,
1140 4983 1249 5029 etc.
1290 4974 1425 5046 Vide
1451 4991 1571 5044 qua:
1600 4977 1666 5032 ad
1708 4976 1854 5032 hunc
1884 4979 2063 5033 locum

484 5050 679 5115 notata
704 5053 830 5115 sunt
864 5045 932 5098 ab
966 5044 1342 5115 eruditissimo
1366 5044 1614 5115 Petavio,
1648 5046 1744 5102 lib.
1773 5065 1790 5103 ι
1833 5047 1911 5103 De
1943 5047 2065 5104 Tri-

478 5113 606 5185 ait”
623 5128 743 5185 cap.
772 5113 830 5185 4.
862 5131 915 5167 ιι.
952 5113 1010 5183 4,
1041 5125 1096 5185 et
1129 5115 1222 5185 litt.
1252 5131 1328 5181 νι,
1353 5130 1475 5185 cap.
1512 5117 1569 5173 5.

2164 4979 2364 5042 tavius,
2397 4978 2551 5047 quasi
2589 4979 2786 5034 divinae
2816 4978 2981 5036 Verbi
3028 4989 3238 5035 natura:
3259 4977 3596 5047 multiplices
3619 4992 3749 5048 pro-

2165 5050 2425 5121 prietates
2452 5048 2673 5119 alﬁngat
2704 5050 3007 5121 Origenes;
3050 5053 3102 5106 in
3127 5066 3234 5119 quo
3262 5064 3394 5121 sane
3423 5049 3604 5121 magni
3643 5049 3747 5121 viri

2161 5119 2427 5189 judicium
2459 5135 2564 5173 non
2591 5119 2828 5189 sequori
2864 5136 2989 5175 nam
3021 5123 3135 5176 hate
3151 5120 3394 5184 Christo,
3421 5130 3478 5172 ut
3502 5119 3644 5173 Deus
3672 5120 3747 5172 si-

553 5181 918 5262 (85);T¢5:mw
969 5181 1095 5262 τρῖς
1138 5181 1371 5262 οὖαι...,
1414 5181 1567 5262 εἶναι
1621 5188 1731 5262 τὸν
1789 5188 2069 5262 Υἱὸν-τοῦ

2170 5181 2367 5262 inulet
2392 5181 2690 5262 hon‘ioest,
2718 5181 2972 5246 muiversa
3003 5190 3266 5260 Origenes
3304 5181 3578 5262 attribuit;
3603 5199 3656 5242 et
3686 5198 3746 5243 ut

481 5253 636 5330 Θεοῦ
662 5253 940 5330 λέγοντα.
971 5254 1098 5310 Haec
1117 5259 1300 5312 omnia
1329 5256 1529 5312 desunt
1551 5260 1603 5314 in
1630 5261 1872 5330 editione
1926 5259 2073 5315 Hue-
2169 5262 2237 5314 ad
2262 5260 2500 5314 divinam
2534 5253 2696 5315 Verbi
2720 5270 2970 5316 naturam
3007 5253 3284 5330 pertinere
3315 5260 3609 5330 voluisset,
3651 5272 3744 5330 ve:

485 5325 968 5401 iii,_res_tituuntur
1004 5337 1186 5382 autem
1247 5342 1282 5383 e
1334 5330 1618 5386 codicibus
1667 5328 1965 5386 Bodleiano
2014 5340 2072 5387 et
2169 5330 2456 5401 risimilins
2503 5339 2587 5384 est
2610 5331 2724 5386 haec
2765 5347 2862 5400 pro
2911 5325 3079 5387 variis
3118 5331 3300 5401 potius
3363 5328 3743 5401 considerandi

478 5393 827 5545 B.J(r8b5e)m1“3¢.c
851 5465 1228 5545 ῥπωννμίας.
1261 5466 1341 5522 Ita
1375 5469 1544 5545 code;
1574 5470 1921 5545 Bodleianns,
1964 5448 2064 5526 Re;

479 5536 606 5609 gius
620 5545 818 5609 autem
851 5536 1017 5609 habet
1038 5536 1303 5603 ἐπινοίας,
1334 5550 1498 5609 atque
1525 5541 1598 5594 ita
1630 5540 1985 5596 Barberinus.

552 5603 667 5676 (86)
692 5607 1127 5676 Πρεσϐύτερον.
1149 5603 1455 5680 Legenduin
1481 5611 1695 5666 videtur
1720 5612 1803 5665 ὃτι
1824 5610 2063 5683 πρεσϐύ-

474 5690 664 5815 re???)
785 5746 932 5818 Θεὸς
965 5746 1084 5818 μέν
1117 5742 1230 5804 οὖν
1261 5748 1456 5818 πάντη
1483 5750 1554 5805 ἐν
1585 5751 1741 5816 ἐτι-τις
1777 5761 1885 5807 etc.
1936 5751 2061 5809 H330

476 5829 695 5886 quoque
729 5816 822 5871 lib.
855 5816 975 5874 tDe
1001 5817 1222 5889 Trinit.,
1258 5835 1378 5890 cap.
1407 5816 1463 5887 4,
1499 5839 1553 5878 ιι.
1595 5823 1651 5890 4,
1685 5820 1927 5880 cont‘utat
1964 5825 2059 5880 l’e-

2054 5448 2057 5451 .
2169 5399 2335 5455 Verbi
2387 5401 2582 5471 modis,
2615 5398 2777 5469 quam
2806 5416 2905 5471 pro
2937 5398 3135 5457 divinae
3178 5400 3285 5470 ipsi
3315 5406 3524 5453 natura:
3561 5398 3743 5453 insitis

2168 5470 2520 5540 qualitatibus
2556 5470 3141 5527 habenda'credidisse.
3178 5471 3443 5540 lluertus.

2236 5539 2347 5664 $88)
2378 5540 2577 5623 Amm?
2624 5543 2664 5610 ἡ
2723 5540 3186 5629 ἐςλευθεραῦσθαι
3232 5538 3539 5607 δυναμένη
3571 5536 3740 5619 mia}:

2263 5626 2380 5664 mc.
2440 5611 2660 5664 Lemsse
2706 5611 2923 5664 Videtur
2974 5611 3278 5664 iterrartus.
3334 5610 3368 5664 ἡ
3419 5609 3738 5664 ἐλευθερουν

2164 5608 2380 5678 κτίσις.
2440 5608 2661 5678 Legisse
2706 5608 2939 5665 videtur
2974 5610 3278 5673 Ferrarius,
3334 5610 3369 5679 ἡ
3419 5608 3738 5681 ἐλευθεροῦν

2162 5682 2438 5752 δυναμένη
2461 5681 2642 5735 πάντα
2670 5681 2865 5752 κτίσις.
2900 5681 2975 5735 In.

2236 5749 2349 5821 (89)
2393 5749 2635 5805 Ὁποῒαι.
2672 5749 2748 5822 ita
2785 5752 2952 5822 codex
3001 5750 3347 5813 Barberinus.
3385 5751 3574 5821 sicque
3606 5751 3736 5822 legit

2166 5820 2482 5890 Ferrarius;
2518 5822 2685 5879 codex
2710 5820 2909 5891 Regius
2940 5822 3078 5877 male
3104 5822 3265 5878 habet
3293 5822 3355 5875 οὐ
3387 5820 3558 5876 ποῖαι.
