4174 6454
470 336 542 392 59
1966 344 2125 404 ORIG
2133 346 2287 403 ENIS
3653 346 3723 402 θο

473 468 595 523 gem
627 469 825 525 capere
860 468 1158 529 nequeunt.
1204 459 1463 533 Exploret
1513 478 1644 535 ergo
1679 473 1911 534 oportet,
1950 467 2041 537 qui

2151 484 2232 521 σιν
2258 505 2273 530 ν
2317 465 2395 529 ὼς
2447 462 2643 536 μηκέτι
2696 463 2859 519 αὑτοῦ
2898 464 3121 537 χρῄζειν
3153 460 3339 533 ἰατροῦ
3368 460 3495 526 τοῦς
3535 460 3720 524 κακῶς

473 547 755 616 ι-υιιεςοι-ἰι
814 547 934 603 Filii
974 552 1453 622 nomenclaturas,
1498 571 1747 625 quaenam
1812 558 2050 627 ipsarum

2151 557 2378 628 ἔχοντας
2426 556 2838 629 θεραπεύοντος,
2901 557 3037 628 μηδὲ
3071 554 3353 623 ποιμένος,
3414 553 3549 625 μηδὲ
3585 556 3722 608 ἁπο-

475 636 578 704 ipsi
608 641 969 706 accesserint,
993 657 1113 711 quae
1154 642 1288 700 tales
1312 659 1374 701 ac
1405 655 1568 701 tantae
1590 663 1695 702 non
1726 647 1976 712 fuissent,
2006 652 2050 705 si

2151 648 2493 721 λυτρὼσεως,
2549 647 2687 703 ἀλλά
2739 647 2966 717 σοφίας,
3017 646 3112 700 καὶ
3143 647 3323 716 λόγου,
3365 648 3461 700 καὶ
3516 646 3723 701 δικαιο-

475 728 529 782 in
575 729 838 786 beatitate
868 733 1044 788 sancti
1096 734 1430 806 incepissent
1482 748 1539 793 et
1589 748 2050 810 perseverassent.

2155 738 2344 811 σύνης,
2374 739 2407 810 ἢ
2446 738 2501 793 sl
2533 756 2587 792 τι
2617 739 2743 793 ἄλλο
2771 739 2879 810 (90)
2907 742 3021 802 τοῖς
3055 739 3142 793 διά
3186 737 3498 809 τελειότητα
3533 740 3732 810 χωρεῖν

474 815 609 872 Nam
648 821 878 878 fortasse
907 822 1022 878 sola
1053 826 1338 895 sapientia,
1357 827 1443 883 vel
1476 828 1645 883 etiam
1676 828 1938 894 Verbum,
1964 827 2050 884 vel

2155 830 2321 886 αὑτοῦ
2361 830 2431 884 τὰ
2475 829 2736 885 κάλλιστα
2774 830 3110 902 δυναμένοις.
3159 829 3406 883 Τοσαῦτα
3462 831 3591 902 περὶ
3632 830 3729 884 τοῦ

475 910 607 976 vita,
634 921 795 980 atque
820 916 1043 970 omnino
1072 918 1269 973 veritas
1296 930 1641 988 permaneret
1665 963 1680 987 ,
1708 923 1849 977 baud
1879 931 2053 976 tamen
2169 923 2273 976 Ἕν
2299 920 2478 991 ἀρχῇ.

475 1005 657 1058 omnia
707 1004 811 1060 alia
858 1009 1073 1063 nomina
1127 1024 1248 1078 quae
1292 1013 1463 1067 nostri
1514 1028 1678 1069 causa
1723 1015 2040 1083 assumpsit.
2096 1013 2295 1069 Verum
2358 1014 2640 1069 enimvero
2692 1012 2837 1068 beati
2888 1013 2990 1076 illi,
3050 1014 3140 1083 qui
3190 1023 3410 1084 egentes
3443 1013 3581 1069 Filio
3629 1013 3724 1070 Dei

476 1094 743 1162 ejusmodi
793 1097 966 1165 fuere,
1014 1109 1073 1154 ut
1104 1101 1158 1155 in
1190 1112 1469 1172 posterum
1508 1120 1614 1161 non
1649 1107 1897 1176 eguerint
1944 1106 2156 1161 medico
2184 1106 2276 1174 qui
2331 1105 2471 1161 male
2519 1105 2740 1161 affectos
2785 1114 3024 1169 curaret,
3063 1120 3236 1175 neque
3278 1117 3517 1176 pastore,
3554 1120 3730 1175 neque

475 1191 868 1262 redemptione,
893 1195 986 1248 sed
1017 1195 1303 1264 sapientia,
1342 1206 1399 1252 et
1431 1199 1618 1265 verbo,
1664 1200 1977 1270 acjustitia,
2031 1200 2117 1254 vel
2158 1199 2205 1254 si
2233 1199 2362 1268 quid
2393 1200 2535 1255 aliud
2575 1211 2660 1256 est
2693 1201 2759 1255 iis
2798 1200 3004 1269 qui'ob
3049 1199 3436 1270 perfectionem
3480 1202 3729 1272 pulcher-

475 1282 613 1336 rima
637 1298 864 1353 quaeque
908 1284 1077 1354 ipsius
1108 1287 1390 1357 percipere
1419 1289 1618 1345 valent.
1647 1290 1754 1346 Sed
1784 1291 1900 1346 haec
1927 1290 2205 1347 sufficiant
2247 1292 2315 1346 de
2355 1306 2422 1346 eo
2444 1293 2588 1362 quod
2623 1293 2883 1360 scriptum
2914 1301 2999 1347 est
3034 1310 3048 1346 ε
3088 1291 3155 1345 In
3175 1293 3452 1361 principio.

544 1374 638 1429 25.
690 1374 980 1430 Videamus
1036 1390 1183 1431 nunc
1229 1377 1545 1446 diligentius
1582 1380 1837 1449 quisnam
1867 1380 1938 1435 sit
1967 1381 2054 1436 hic

476 1466 670 1535 Λόγος,
700 1464 779 1538 [id
801 1476 887 1522 est
930 1469 1176 1534 verbum,
1208 1484 1304 1525 seu
1340 1471 1504 1537 ratio,
1532 1485 1652 1540 qua:
1683 1472 1734 1525 in
1761 1473 1875 1541 ipso
1906 1473 2055 1541 prin-

2226 1381 2317 1435 25.
2349 1380 2576 1452 Ἴδωμεν
2607 1380 2663 1433 δὲ
2695 1381 3116 1452 ἐπιμελέστερον
3149 1380 3233 1445 τίς
3279 1383 3309 1434 ὁ
3351 1383 3409 1434 ἐν
3441 1382 3577 1454 αὐτῇ
3627 1379 3731 1437 Δό-

2152 1489 2267 1542 γος.
2299 1471 2608 1542 Θαυμάζειν
2636 1488 2726 1543 μοι
2752 1471 3011 1536 πολλάκις
3030 1472 3321 1545 ἐπέρχεται
3339 1472 3449 1543 (91)
3466 1473 3729 1527 σκοποῦν-

475 1557 620 1626 cipio
663 1572 784 1612 esse
810 1558 1029 1613 dicitur.
1056 1560 1232 1625 Atque
1268 1552 1544 1625 equidem]
1598 1563 1871 1630 reputanti
1916 1562 2047 1616 mihi

2151 1579 2203 1616 τι
2238 1563 2305 1616 τά
2337 1564 2442 1617 ὑπό
2472 1580 2634 1618 τινων
2657 1563 2936 1617 πιστεύειν
2964 1566 3044 1627 εἰς
3070 1564 3161 1617 τὸν
3200 1564 3437 1637 Χριστὸν
3470 1564 3729 1637 βουλομέ-

476 1664 721 1720 quasnam
755 1650 1069 1720 frequenter
1100 1652 1354 1706 dicuntur
1394 1651 1460 1707 de
1513 1651 1732 1708 Christo
1764 1654 1832 1709 ab
1863 1655 1930 1709 iis
1957 1654 2049 1724 qui

477 1740 532 1796 in
567 1741 739 1810 ipsum
770 1741 994 1797 credere
1022 1742 1240 1806 volunt,
1274 1742 1458 1797 mirari
1497 1744 1645 1799 subit
1669 1760 1894 1800 curnam
1934 1756 2053 1800 tan-

477 1833 598 1888 dem
624 1832 872 1902 imposita
894 1832 1112 1887 nomina
1143 1832 1419 1888 Servatori
1455 1844 1663 1899 nostro,
1689 1851 1810 1905 qua:
1835 1837 1921 1891 vix
1952 1852 2052 1890 nu-

481 1922 677 1975 merari
711 1931 954 1990 possunt,
975 1921 1293 1991 plerumque
1319 1922 1375 1977 bi
1399 1922 1613 1979 silentio
1649 1933 2050 1992 pertranseant,

478 2022 640 2083 atque
691 2012 905 2067 etiamsi
938 2027 1130 2068 eorum
1183 2015 1386 2071 mentio
1414 2015 1559 2071 facta
1605 2015 1800 2081 fuerit,
1830 2017 1920 2072 illa
1953 2020 2052 2072 im-

476 2111 686 2161 mutant
735 2117 841 2158 non
882 2106 1131 2174 proprie.
1173 2108 1267 2162 sed
1304 2107 1536 2177 tropice,
1586 2106 1769 2163 Jesum
1823 2108 1911 2165 his
1950 2124 2053 2165 no-

478 2194 714 2249 minibus
782 2195 1036 2263 appellari
1089 2197 1336 2251 dicentes
1396 2198 1505 2253 :in
1547 2196 1661 2253 sola
1717 2207 1899 2253 autem
1957 2216 2053 2271 ap-

477 2284 766 2353 pellatione
817 2274 981 2341 Verbi
1015 2286 1361 2355 insistentes,
1403 2289 1568 2345 veluti
1605 2289 1778 2344 solum
1818 2289 2049 2346 Verbum

478 2385 729 2430 astruant
776 2390 898 2431 esse
926 2375 1204 2434 Christum
1243 2378 1376 2445 Dei;
1414 2395 1519 2435 non
1553 2380 1776 2450 perinde
1804 2382 2049 2451 atquein

478 2468 694 2523 caeteris
752 2468 1051 2533 vocabulis,
1079 2470 1278 2540 quibus
1316 2472 1431 2541 ipse
1484 2482 1859 2543 nuncupatur,
1899 2475 2052 2530 inda-

478 2568 668 2629 gantes
696 2561 802 2616 vim
825 2563 1117 2632 significati
1143 2577 1206 2618 ex
1229 2564 1333 2620 bac
1364 2579 1494 2620 voce
1518 2564 1698 2635 λόγος.
1715 2565 1834 2622 Jam
1858 2568 1911 2622 in
1944 2583 2053 2637 quo

478 2667 565 2707 me
624 2652 812 2707 mirari
873 2654 1048 2709 dicam
1113 2653 1405 2710 multorum
1463 2657 1777 2724 ruditatem,
1811 2661 2051 2730 apertius

475 2744 619 2798 enim
647 2745 858 2815 loquar,
896 2744 1001 2801 tale
1046 2756 1148 2802 est.
1187 2746 1366 2816 lnquit
1409 2750 1610 2804 alicubi
1686 2749 1855 2806 Filius
1882 2751 1978 2807 Dei
2029 2770 2044 2806 :

480 2833 593 2907 Ego
611 2854 724 2892 sum
743 2838 835 2893 (ua:
849 2839 1029 2893 mundi
1049 2839 1091 2872 ¹⁹
1110 2858 1125 2909 ;
1142 2847 1196 2895 et
1211 2839 1334 2895 alibi
1353 2858 1367 2894 :
1388 2838 1500 2909 Ego
1518 2857 1631 2895 sum
1649 2846 1960 2899 resurrectio
1980 2846 2056 2912 ¹¹;

2151 1669 2257 1706 νων
2284 1652 2553 1724 λεγόμενα
2596 1653 2724 1725 περὶ
2755 1652 2955 1718 αὑτοῦ,
2981 1653 3036 1706 τι
3073 1653 3293 1725 δήποτε,
3333 1654 3730 1727 δυσεξαριθμή-

2150 1759 2259 1796 των
2287 1745 2565 1816 ὀνομάτων
2598 1745 2949 1816 τασσομένων
2989 1736 3083 1799 ιπι
3125 1745 3220 1799 τοῦ
3250 1747 3500 1819 Σωτῆρος
3528 1747 3684 1819 ἡμῶν
3709 1788 3725 1809 .

2149 1834 2219 1888 τὰ
2277 1836 2377 1905 μὲν
2417 1835 2646 1890 πλεῖστα
2690 1837 3155 1909 παρασιωπῶσιν,
3185 1827 3331 1891 ’άλλά
3364 1839 3458 1891 καὶ
3501 1838 3557 1891 ετ
3598 1856 3727 1892 ποτε

2154 1925 2344 1996 μνήμη
2376 1926 2554 1980 αὐτῶν
2595 1927 2835 1996 γένοιτο,
2866 1928 3370 2000 μεταλαμϐάνουσιν
3392 1930 3452 1982 ού
3482 1930 3683 2000 κυρίως
3710 1968 3725 1992 ,

2150 2014 2289 2069 ἀλλὰ
2323 2016 2599 2087 τροπικῶς
2639 2018 2813 2071 ταῦτα
2855 2018 3017 2073 αὑτὸν
3075 2017 3471 2088 ὀνομάζεσθαι·
3533 2019 3626 2071 ἐπὶ
3671 2017 3728 2071 δὲ

2154 2103 2323 2175 μόνης
2354 2106 2455 2176 τῆς
2487 2106 2678 2176 Λόγος
2706 2108 3075 2179 προσηγορίας
3116 2107 3412 2178 ἱστάμενοι,
3433 2107 3598 2161 οἱονεὶ
3626 2108 3730 2160 Λό-

2150 2210 2245 2263 γον
2270 2194 2428 2265 μόνον
2451 2197 2616 2266 φασὶν
2652 2192 2790 2250 εἶναι
2819 2197 2910 2252 τὸν
2934 2198 3165 2270 Χριστὸν
3187 2198 3281 2251 τοῦ
3303 2198 3459 2261 Θεοῦ,
3486 2198 3581 2251 καὶ
3608 2196 3730 2268 οὐχὶ

2149 2287 2457 2352 ἀκολούθως
2485 2292 2598 2354 τοῖς
2626 2289 2833 2354 λοιποῖς
2862 2290 2972 2345 τῶν
3008 2289 3424 2362 ὀνομαζομένων
3468 2288 3729 2362 ἐρευνῶσι

2148 2377 2242 2433 τοῦ
2279 2380 2678 2451 σημαινομένου
2704 2380 2801 2452 τὴν
2820 2379 3047 2451 δύναμιν
3079 2383 3144 2434 ὲκ
3175 2381 3273 2451 τῆς
3297 2384 3487 2451 Λόγος
3521 2380 3723 2450 φωνῆς’

2148 2471 2178 2525 ὃ
2204 2472 2262 2526 δέ
2289 2489 2433 2543 φημι
2461 2471 2762 2544 θαυμάζειν
2797 2474 2897 2546 τὴν
2927 2472 3255 2544 ἀϐελτηρίαν
3306 2474 3418 2543 (92)
3455 2474 3565 2528 τῶν
3597 2474 3728 2528 πολ-

2149 2563 2257 2618 λῶν
2286 2564 2658 2636 (σαφέστερον
2687 2566 2795 2638 γάρ
2823 2563 2978 2637 ἐρῶ),
3013 2564 3250 2618 τοιοῦτόν
3283 2566 3419 2622 ἐστι.
3454 2566 3593 2636 ⁴Ιδησί
3625 2582 3728 2620 που

2148 2659 2178 2711 ὁ
2219 2657 2347 2721 Υἱὸς
2371 2655 2465 2710 τοῦ
2500 2656 2667 2711 Θεοῦ·
2718 2656 2862 2727 Ἐγώ
2889 2659 3006 2727 ειμι
3045 2657 3114 2711 τὸ
3153 2656 3279 2727 φῶς
3319 2657 3425 2711 τοῦ
3471 2658 3726 2726 κόσμου·

2149 2749 2242 2803 καὶ
2280 2750 2338 2802 ὲν
2370 2747 2585 2812 ἄλλοις·
2635 2746 2782 2818 Ἐγώ
2808 2750 2924 2817 ειμι
2949 2749 2988 2816 ἡ
3014 2748 3383 2815 ἀνάστασις·
3416 2750 3511 2802 καὶ
3543 2749 3725 2803 πάλιν·

2163 2838 2302 2909 Ἐγώ
2343 2841 2460 2908 ειμι
2484 2840 2523 2908 ἡ
2554 2838 2713 2905 όδὸς,
2748 2839 2843 2892 καὶ
2874 2841 2912 2908 ἠ
2942 2839 3209 2906 ἀλήθεια,
3237 2840 3335 2894 καὶ
3382 2841 3420 2908 ἡ
3468 2840 3599 2907 ζωή·
3632 2842 3729 2909 γέ·-

477 2941 534 2985 ct
571 2945 783 2987 rursum
805 2933 835 3001 ιε
872 2931 986 3001 Ego
1023 2949 1140 2987 sum
1190 2936 1294 2999 via,
1331 2935 1525 2988 veritas
1579 2943 1628 2988 et
1677 2936 1784 2989 vita
1809 2936 2050 3002 “;scri-

2154 2946 2401 3003 γραπται
2426 2929 2484 2983 δὲ
2517 2931 2612 2984 καὶ
2643 2930 2721 2983 τό·
2764 2928 2903 3000 Ἐγώ
2926 2933 3043 3000 ειμι
3086 2932 3125 3000 ὴ
3156 2933 3324 3000 θύρα·
3382 2931 3597 3004 εἴρηται
3636 2932 3730 2986 καὶ

477 3031 627 3091 ptum
670 3032 755 3078 est
790 3032 845 3079 et
880 3023 1039 3079 illud:
1069 3023 1181 3094 Ego
1221 3041 1338 3080 sum
1377 3026 1571 3079 ostium
1601 3026 1678 3095 ¹³;
1729 3027 1932 3082 dictum
1967 3036 2051 3084 est

475 3111 804 3183 etiam:Ego
834 3132 951 3169 sum
975 3129 1155 3185 pastor
1189 3118 1355 3173 bonus
1378 3118 1422 3150 “
1450 3136 1467 3186 ;
1493 3128 1548 3174 et
1574 3118 1640 3173 ad
1666 3118 2047 3175 Samaritidem

479 3205 585 3276 23
615 3205 883 3263 dicentem
912 3224 928 3261 :
963 3206 1173 3262 Scimus
1201 3211 1341 3280 quod
1390 3209 1615 3265 Messias
1661 3211 1816 3269 venit.
1839 3212 1927 3280 qui
1969 3212 2053 3264 di-

478 3303 621 3351 citur
643 3297 881 3353 Christus
909 3315 928 3353 :
957 3315 1077 3353 cum
1110 3312 1284 3354 autem
1307 3303 1504 3356 venerit
1530 3302 1643 3367 ille,
1671 3302 1933 3356 nuntiabit
1954 3318 2050 3355 no-

480 3392 557 3445 bis
580 3392 757 3445 omnia
779 3390 857 3459 ¹⁸;
878 3392 1197 3460 respondet:
1218 3391 1332 3462 Ego
1354 3408 1467 3446 sum
1491 3394 1580 3463 qui
1606 3393 1793 3462 loquor
1812 3392 2050 3445 tecum".

479 3484 561 3538 Ad
593 3484 709 3537 haec
740 3498 863 3538 cum
893 3482 1111 3539 lavisset
1136 3484 1298 3553 pedes
1329 3484 1739 3554 discipulorum,
1768 3484 2052 3539 Dominum

479 3588 540 3628 se
566 3582 618 3629 et
643 3573 957 3645 Magistrum
989 3574 1073 3629 bis
1123 3574 1302 3631 verbis
1334 3574 1534 3631 fatetur
1562 3593 1575 3629 :
1609 3574 1713 3629 Vos
1741 3576 1912 3630 dicitis
1946 3573 2055 3629 Da-

479 3666 680 3718 minuvs
726 3680 809 3719 me
836 3675 887 3720 et
924 3667 1234 3734 magistrum
1255 3706 1271 3731 ,
1307 3676 1355 3720 et
1386 3667 1512 3721 bene
1559 3667 1736 3720 dicitis
1766 3680 1785 3718 :
1824 3682 1941 3720 sum
1971 3676 2051 3720 et-

478 3759 614 3811 enim
646 3758 709 3814 ".
740 3757 879 3824 Quin
927 3767 1134 3828 aperte,
1165 3768 1223 3813 et
1251 3758 1399 3813 clare
1421 3772 1481 3813 se
1517 3759 1692 3829 ipsum
1721 3757 1918 3813 Filium
1957 3756 2052 3811 Dei

478 3864 601 3904 esse
641 3849 981 3915 pronuntiat,
1009 3848 1237 3903 dicens:
1277 3847 1442 3913 Quem
1476 3845 1641 3900 Pater
1682 3847 2049 3916 sanctiﬁcavit,

478 3949 528 3993 et
554 3940 697 3992 misit
727 3939 781 3992 in
802 3938 1077 4001 mundum,
1103 3954 1190 3992 vos
1213 3939 1387 3993 dicitis
1409 3954 1489 3992 me
1511 3939 1892 4008 blasphemare,
1923 3957 2055 4011 quo-

481 4029 623 4082 niam
660 4027 795 4093 dixi,
832 4025 1004 4081 Filius
1037 4026 1133 4081 Dei
1173 4044 1289 4080 sum
1323 4044 1417 4097 ego
1451 4028 1495 4060 ¹⁶
1518 4026 1627 4084 ?Et
1662 4030 1791 4085 illud
1821 4046 1837 4084 :
1864 4029 2051 4096 Pater,

479 4117 613 4171 venit
637 4120 765 4170 hora
795 4133 816 4182 ;
845 4117 1083 4187 gloriﬁca
1111 4115 1158 4169 F
1161 4118 1312 4170 ilium
1357 4129 1529 4183 tuum,
1558 4128 1615 4172 ut
1656 4130 1703 4173 et
1733 4118 1780 4172 F
1785 4120 1906 4174 ilius
1930 4129 2052 4176 tuus

476 4207 735 4278 gloriﬁcet
764 4217 812 4262 te
831 4208 895 4261 ¹⁹.
921 4208 1225 4264 Invenimus
1246 4207 1410 4264 etiam
1428 4223 1487 4264 se
1504 4209 1680 4279 ipsum
1698 4214 2052 4282 pronuntian-

2149 3022 2231 3077 τό·
2274 3021 2421 3093 Ἐγώ
2445 3024 2561 3092 ειμι
2593 3025 2627 3075 ό
2657 3022 2882 3092 ποιμὴν
2913 3025 2946 3076 ό
2970 3025 3177 3089 καλός·
3214 3024 3310 3077 καὶ
3336 3025 3472 3095 πρὸς
3501 3025 3599 3095 τὴν
3621 3026 3726 3078 Σα-

2153 3114 2398 3183 μαρεῖτιν
2422 3112 2759 3182 φάσκουσαν,
2784 3110 3060 3181 Οἴδαμεν,
3089 3112 3177 3166 ὅτι
3194 3113 3467 3179 Μεσσίας
3494 3115 3728 3182 ἔρχεται

2151 3204 2186 3257 ό
2198 3203 2523 3272 λεγόμενος
2543 3202 2811 3271 Χριστός·
2829 3201 2976 3257 ὅταν
2985 3203 3132 3271 ἔλθῃ
3144 3203 3391 3271 ἐκεῖνος,
3406 3205 3733 3275 ἀναγγελεῖ

2150 3292 2297 3363 ἡμῖν
2331 3292 2549 3357 πάντα,
2583 3293 2956 3363 ἀποκρίνεται·
2997 3293 3145 3362 Ἐγώ
3171 3296 3288 3364 ειμι
3321 3299 3354 3348 ό
3378 3295 3585 3349 λαλῶν
3605 3311 3728 3350 σοι.

2151 3382 2297 3454 Πρὸς
2329 3379 2538 3445 τούτοις
2584 3382 2674 3435 ὅτε
2725 3381 2873 3453 ἐνιψε
2906 3382 3031 3446 τοὺς
3069 3382 3251 3452 ιπόδας
3294 3383 3403 3437 τῶν
3439 3383 3725 3455 μαθητῶν,

2150 3474 2356 3545 Κύριος
2390 3473 2484 3526 καὶ
2504 3473 2823 3537 διδάσκαλος
2850 3473 3031 3528 αὐτῶν
3058 3470 3196 3529 εἶναι
3233 3474 3324 3528 διὰ
3360 3475 3565 3528 τούτων
3595 3478 3727 3546 ὀμο-

2150 3565 2329 3635 λογεί·
2375 3564 2571 3635 Ὑμεῖς
2598 3565 2846 3635 φωνεῖτέ
2866 3582 2945 3636 με
2971 3570 3005 3620 ό
3025 3565 3393 3633 διδάσκαλος
3416 3567 3514 3620 καὶ
3548 3571 3580 3622 ό
3608 3568 3728 3623 Κύ-

2142 3674 2307 3726 ριος·
2343 3656 2443 3710 καὶ
2472 3656 2670 3723 καλῶς
2698 3657 2934 3729 λέγετε,
2958 3657 3081 3728 ειμι
3117 3657 3249 3728 γάρ.
3290 3658 3449 3712 Ἀλλὰ
3477 3658 3570 3713 καὶ
3598 3660 3727 3714 Υἱὸν

2151 3742 2291 3801 εἶναι
2324 3745 2460 3800 Θεοῦ
2494 3747 2682 3817 σαφῶς
2732 3748 2926 3802 ἑαυτὸν
2959 3748 3342 3817 καταγγέλλει,
3370 3749 3543 3818 λέγων
3567 3768 3581 3781 ·
3624 3751 3728 3805 Ὃν

2151 3839 2186 3891 ό
2209 3836 2413 3905 Πατὴρ
2448 3837 2688 3906 ήγίασε,
2721 3838 2820 3892 καὶ
2849 3837 3210 3892 ἀπέστειλεν
3231 3842 3325 3905 εἰς
3344 3839 3451 3892 τὸν
3478 3839 3724 3912 κόσμον,

2149 3927 2321 3997 ὑμεῖς
2356 3926 2584 3996 λέγετε,
2615 3928 2736 3994 ὅτι,
2771 3928 3189 3998 Βλασφημεῖς·
3222 3928 3311 3983 ὅτι
3348 3926 3553 3983 εἷπον·
3600 3930 3731 3994 Υἱὸς

2150 4019 2255 4073 τοῦ
2284 4019 2430 4074 Θεοῦ
2448 4021 2564 4089 ειμι
2583 4036 2600 4083 ;
2617 4019 2729 4073 καί·
2756 4020 2948 4090 Πάτερ
2966 4061 2981 4085 ,
3011 4020 3311 4087 ἐλήλυθεν
3329 4023 3365 4090 ἡ
3389 4020 3529 4090 ὤρα-
3551 4022 3728 4086 δόξα-

2150 4112 2265 4165 σόν
2293 4126 2409 4164 σου
2439 4111 2543 4164 τὸν
2568 4111 2723 4177 Υὶὸν,
2740 4112 2841 4165 ἵνα
2861 4115 2895 4166 ό
2932 4111 3064 4178 Υἱὸς
3086 4111 3317 4181 δοξάσῃ
3346 4129 3438 4166 σε.
3470 4113 3729 4184 Εὑρίσκο-

2155 4220 2253 4273 μεν
2287 4203 2344 4257 δὲ
2373 4204 2808 4273 καταγγέλλοντα
2831 4203 3022 4258 ἑαυτὸν
3051 4205 3144 4257 καὶ
3177 4204 3421 4275 βασιλέα·
3449 4205 3526 4269 ὡς
3563 4203 3725 4272 ἐπὰν,

480 4275 588 4354 tem
608 4314 812 4368 regem,
841 4298 1009 4354 veluti
1042 4298 1215 4355 Pilato
1246 4300 1446 4357 dicenti
1477 4318 1491 4354 :
1524 4275 1641 4355 Rex
1665 4275 1719 4356 ei
1747 4313 1806 4356 tu
1831 4302 2050 4358 Judteo-

2153 4291 2583 4362 ἁποκρινόμενος
2608 4291 2686 4363 τῷ
2717 4291 2935 4363 Πιλάτῳ
2965 4291 3105 4364 πρὸς
3141 4291 3239 4357 τὸ,
3267 4292 3353 4346 Σὺ
3384 4288 3444 4347 εἴ
3480 4297 3513 4348 ό
3542 4293 3726 4358 ,Βασι-

356 4406 365 4415 ο
478 4403 597 4441 rum
625 4387 670 4419 ¹⁰
699 4388 723 4444 7
772 4389 1103 4457 respondens
1147 4389 1285 4444 dixit
1311 4407 1328 4448 :
1372 4389 1607 4462 Regnum
1637 4406 1812 4445 meum
1841 4408 1945 4446 non
1971 4400 2048 4446 est

476 4492 541 4530 ea:
568 4477 666 4531 hoc
694 4478 889 4533 mundo
908 4494 927 4533 :
945 4479 991 4533 si
1013 4496 1079 4535 ea:
1106 4481 1201 4535 hoc
1227 4481 1423 4536 mundo
1451 4489 1582 4536 esset
1612 4497 1827 4551 regnum
1854 4497 2046 4549 meum,

476 4569 711 4623 ministri
757 4573 856 4625 mei
896 4573 1150 4625 certaturi
1174 4571 1417 4640 fuerant,
1454 4588 1516 4626 ne
1543 4572 1777 4625 traderer
1806 4571 2047 4638 Judteis;

477 4676 615 4714 nunc
630 4672 806 4715 autem
828 4678 1042 4733 regnum
1068 4679 1241 4717 meum
1258 4679 1362 4718 non
1383 4672 1457 4717 est
1480 4664 1604 4716 hinc
1629 4665 1696 4717 ²¹.
1715 4662 1967 4733 Legimus
1992 4673 2048 4718 et

477 4751 606 4807 illud
636 4768 651 4806 :
679 4751 792 4823 Ego
816 4770 933 4808 sum
964 4755 1082 4809 vitis
1112 4770 1256 4820 vera,
1278 4765 1327 4809 et
1359 4752 1521 4809 Pater
1538 4771 1685 4810 meus
1712 4755 1943 4824 agricola
1964 4756 2047 4822 “;

473 4854 531 4900 et
563 4859 777 4900 rursum
807 4864 822 4901 :
851 4844 964 4917 Ego
995 4863 1113 4902 sum
1159 4847 1301 4912 vitis,
1346 4862 1434 4900 vos
1462 4846 1724 4914 palmites.
1762 4847 1808 4879 "
1837 4846 2050 4903 Connu-

477 4944 754 4991 merentur
785 4937 868 4992 bis
891 4936 1007 4992 haec
1047 4951 1263 5007 quoque
1291 4955 1306 4992 ι
1331 4936 1446 5003 Ego
1473 4953 1590 4990 sum
1633 4939 1784 5007 panis
1816 4939 1935 4992 vita:
1961 4938 2047 5005 ¹⁵;

473 5033 532 5079 et
570 5025 767 5079 iterum
814 5042 829 5080 :
875 5023 990 5096 Ego
1035 5044 1154 5081 sum
1179 5028 1332 5097 panis
1365 5028 1557 5093 vivens,
1588 5028 1679 5097 qui
1706 5030 1769 5080 de
1803 5029 1928 5083 ccelo
1954 5032 2049 5083 de—

473 5117 675 5185 scendi,
696 5125 745 5171 et
770 5118 927 5172 vitam
948 5120 1140 5171 mundo
1157 5118 1361 5188 prtebeo
1379 5120 1446 5173 ".
1466 5118 1532 5174 Et
1550 5119 1663 5174 lucc
1689 5119 1905 5189 quidem
1927 5134 2048 5189 qua:

583 5257 628 5290 ¹⁶
671 5255 830 5312 Joan.
879 5271 997 5317 vm,
1028 5255 1116 5309 l2.
1210 5257 1253 5290 ¹¹
1288 5257 1442 5313 Joan.
1480 5273 1567 5322 ιι,
1610 5257 1703 5314 25.

473 5328 516 5360 “
551 5327 680 5382 ibid.
716 5328 808 5383 26.
926 5327 969 5358 "
1005 5325 1162 5382 Joan.
1202 5343 1323 5391 xm,
1353 5328 1441 5383 13.
1547 5328 1592 5361 ⁸⁸
1617 5327 1775 5383 Joan.
1828 5344 1882 5383 ι.
1939 5329 2028 5383 56.

471 5399 516 5429 ²²
550 5396 708 5454 Joau.
746 5397 897 5465 va.
970 5397 1015 5429 ’³
1035 5398 1166 5455 ibid.
1199 5398 1255 5453 5.

550 5545 662 5615 (90)
692 5546 894 5599 Ἄλλο.
914 5544 1074 5599 Deest
1111 5546 1251 5615 apud
1287 5542 1564 5612 Huetium,
1608 5553 1790 5601 exstat
1818 5559 1946 5601 vero
1988 5545 2044 5601 in

475 5617 633 5668 codd.
666 5615 956 5669 Bodleiano
990 5624 1046 5669 et
1083 5614 1396 5669 Barberino.

550 5683 660 5773 ςθυ
686 5684 931 5773 "liam
945 5684 1027 5773 9i
1053 5683 1514 5773 Wes-filiis?"
1563 5686 1659 5773 ῑίς
1702 5689 1735 5739 δ
1773 5686 1845 5739 έν
1895 5684 2051 5773 “fati,

1806 5260 1849 5291 ¹²
1871 5255 2026 5312 Joan.
2048 5271 2159 5320 nv,
2194 5254 2247 5309 6.
2357 5254 2403 5285 ¹³
2430 5254 2588 5308 Joan.
2608 5269 2639 5306 ι

1828 5344 1882 5383 x.
1939 5329 2028 5383 56.
2138 5327 2179 5360 "
2213 5323 2372 5380 Joan.
2413 5339 2548 5391 xm,
2594 5324 2648 5379 l.

1329 5398 1374 5429 “
1402 5397 1556 5455 Joan.
1581 5413 1657 5465 vt,
1689 5399 1779 5455 55.
1854 5397 1901 5429 ⁸⁸
1931 5399 2060 5453 ibid.
2083 5396 2172 5463 35,
2212 5395 2305 5450 41.

2151 4385 2298 4450 λεὺς
2355 4383 2474 4438 τῶν
2517 4383 2858 4449 Ἰουδαίων;
2903 4384 3067 4455 λέγῃ·
3114 4383 3185 4438 Ἢ
3218 4386 3506 4451 ,ϐασιλεία
3534 4388 3573 4455 ἠ
3610 4386 3724 4455 ἐμὴ

2152 4478 2264 4531 οὐκ
2290 4475 2460 4530 ἐστιν
2480 4476 2549 4529 ἐκ
2582 4474 2688 4529 τοῦ
2721 4483 2957 4544 κόσμου
2990 4477 3203 4531 τούτου
3230 4492 3245 4507 ·
3284 4480 3338 4531 ει
3371 4478 3440 4531 ἐκ
3474 4477 3580 4531 τοῦ
3628 4478 3728 4530 κό-

2155 4582 2313 4637 σμου
2339 4567 2553 4620 τούτου
2574 4562 2653 4636 ἦν
2674 4567 2713 4634 ἠ
2736 4566 3027 4631 ,ϐασιλεία
3056 4569 3095 4637 ἠ
3124 4567 3260 4639 ἐμὴ,
3283 4572 3337 4622 οι
3359 4568 3647 4638 ὑπηρέται
3672 4570 3725 4623 οι

2153 4656 2283 4726 ἐμοὶ
2307 4654 2657 4728 ἠγωνίζοντο
2708 4656 2804 4723 ἂν,
2840 4658 2940 4712 ἵνα
2970 4657 3056 4727 μὴ
3090 4658 3403 4728 παραδοθῶ
3430 4660 3552 4726 τοῖς
3589 4661 3728 4716 Ἰου-

2153 4749 2363 4815 δαίοις·
2392 4748 2510 4803 νῦν
2544 4747 2612 4802 δὲ
2636 4750 2675 4818 ἠ
2728 4749 3013 4814 ,ϐασιλεία
3044 4752 3083 4819 ή
3120 4750 3233 4820 ἐμὴ
3271 4752 3386 4804 οὐκ
3417 4750 3589 4805 ἐστιν
3625 4752 3725 4805 ἐν·

2154 4840 2383 4895 τεῦθεν.
2432 4840 2767 4912 Ἀνέγνωμεν
2819 4842 2913 4895 καὶ
2938 4842 3016 4896 τό·
3061 4841 3207 4912 Ἐγώ
3255 4845 3369 4913 ειμι
3393 4844 3431 4912 ἡ
3460 4844 3728 4913 ἄμπελος

2155 4935 2193 5001 ἠ
2229 4933 2506 5002 ἀληθινὴ,
2541 4934 2641 4987 καὶ
2685 4937 2717 4987 ό
2768 4933 2968 5002 Πατήρ
3014 4952 3134 5003 μου
3172 4936 3206 4987 ό
3255 4936 3508 5004 γεωργός
3550 4935 3681 4989 ἐστι
3708 4952 3723 4968 ο

2153 5026 2249 5079 καὶ
2281 5026 2460 5079 πάλιν·
2492 5024 2639 5096 Ἐγώ
2664 5028 2780 5095 ειμι
2801 5025 3089 5095 ἄμπελος,
3124 5024 3294 5095 ὑμεῖς
3329 5025 3400 5079 τὰ
3427 5024 3720 5096 κλήματα.

2153 5117 2597 5191 Συναριθμείσθω
2628 5118 2839 5181 τούτοις
2877 5117 2971 5171 καὶ
3007 5116 3101 5170 τό·
3157 5113 3298 5186 Ἐγώ
3339 5118 3455 5187 εἰμι
3486 5120 3519 5171 ό
3543 5115 3721 5185 ἄρτος

2357 5254 2403 5285 ¹³
2430 5251 2662 5319 Joan.x,
2699 5254 2754 5310 9.
2862 5253 2908 5285 “
2947 5253 3080 5307 ibid.
3114 5252 3174 5306 Η
3294 5252 3339 5283 ¹⁸
3369 5250 3604 5317 Joanav,
3629 5250 3718 5305 9.5.

2745 5325 2790 5357 ¹⁰
2816 5322 2975 5380 Joan.
3029 5338 3186 5389 xvut,
3216 5321 3308 5378 33.
3417 5323 3459 5354 “
3488 5322 3719 5376 ibid.56.

2156 5545 2351 5600 desunt
2378 5543 2432 5598 in
2462 5543 2701 5598 editione
2728 5539 2930 5609 Huetii,
2955 5541 3318 5597 restituuntur
3343 5553 3475 5594 vero
3495 5553 3527 5595 e
3560 5538 3719 5594 codd.

2156 5615 2447 5671 Bodleiano
2469 5626 2522 5667 et
2553 5613 2865 5666 Barberino.

2225 5684 2335 5757 (92)
2356 5681 2760 5757 _‘A6e_.ir_1mlar.
2793 5681 2948 5757 Deest
2970 5680 3106 5757 apud
3121 5679 3393 5757 ll_netium,
3427 5679 3519 5735 sed
3547 5686 3722 5736 exstat

480 5750 692 5825 Λόγος.
730 5750 1053 5827 θαῦμάζειν
1073 5750 1174 5826 μοὶ
1214 5750 1511 5823 πολλάκις
1553 5750 1883 5828 ἐπέρχεται.
1933 5750 2050 5813 Ηςιξὲ

2163 5750 2436 5813 iu'co'dice
2461 5753 2773 5818 Bodleiano,
2801 5761 2856 5808 et
2888 5755 2963 5809 ita
2994 5752 3125 5823 legit
3148 5750 3455 5807 Ferrarius.
