4174 6404
438 388 505 444 οι
1535 358 1897 420 COMMENT.
1941 352 2008 409 1N
2048 346 2241 406 JOAN.
2278 342 2520 401 TOMUS
2554 339 2597 397 ι.
3627 323 3698 371 b2

442 503 554 575 τῆς
574 496 739 569 ζωῆς·
778 495 875 550 καὶ

438 565 979 658 ᾶέ-τοῦγῗούρανοῦ
1016 579 1292 644 καταϐὰς,
1344 574 1444 629 καὶ
1487 572 1640 654 ζωὴν
1687 569 1893 635 διδοὺς
1937 565 2019 632 τῷ

440 650 667 754 κόσμῳ.
685 650 802 734 Καί
822 672 998 731 ταῦτα
1026 672 1124 744 μὲν
1153 668 1247 722 ἐπὶ
1266 665 1360 720 τοῦ
1388 650 1651 736 παρόντος
1678 657 2020 713 ὑποπεσόντα

440 749 692 833 ἀπατῶν
723 773 783 824 ὲν
818 770 933 832 τοῖς
961 761 1313 833 Εὐαγγελίοις
1346 757 1613 827 κειμένων
1647 749 2018 824 παρεθέμεθα,

441 865 682 922 τοσαῦτα
715 859 878 916 αὑτὸν
919 856 1171 926 λέγοντος
1216 848 1356 905 εἶναι
1394 846 1488 902 τοῦ
1535 843 1670 899 Υίοῦ
1714 842 1809 896 τοῦ
1861 839 2016 894 Θεοῦ.

458 957 622 1012 Ἀλλὰ
651 955 747 1009 καὶ
773 955 831 1007 ὲν
855 952 923 1021 τῇ
966 948 1213 1002 Ἰωάννου
1260 938 1643 1009 Ἀποκαλύψειτ
1672 936 1857 1003 λέγει’
1876 930 2022 1001 Ἐγώ

342 1068 345 1073 ·
379 1060 384 1064 ’
441 1052 564 1119 εἰμι
593 1051 626 1102 ό
655 1045 888 1114 πρῶτος
912 1040 1009 1094 καί
1038 1041 1071 1092 ὁ
1093 1036 1373 1106 ἔσχατος,
1407 1030 1505 1085 καὶ
1532 1032 1565 1083 ό
1587 1027 1720 1090 ζῶν,
1756 1024 1855 1078 καί
1896 1023 2023 1093 έγιε-

442 1113 641 1212 νόμην
665 1113 896 1206 νεκρός’
934 1131 1061 1187 ἰδοὺ
1090 1127 1203 1190 ζῶν
1220 1129 1338 1196 ειμι
1373 1126 1460 1189 είς
1491 1120 1634 1187 τοὺς
1663 1117 1881 1183 αἰῶνας
1904 1113 2023 1168 τῶν

444 1207 709 1287 alder
738 1228 833 1282 καὶ
866 1225 1061 1281 πάλινο
1091 1219 1325 1291 Γέτονα
1363 1214 1431 1271 τὸ
1474 1233 1514 1269 α
1536 1213 1636 1267 καὶ
1666 1209 1733 1264 τὸ
1759 1226 1823 1274 ω,
1853 1207 1950 1262 καί
1990 1207 2024 1260 ό

446 1322 681 1393 πρῶτος
719 1319 821 1375 καὶ
862 1321 895 1373 ὁ
936 1315 1197 1383 ἔσχατος
1221 1350 1236 1377 ,
1286 1310 1326 1378 ἠ
1371 1305 1527 1376 ἀρχὴ
1579 1301 1680 1358 καὶ
1723 1299 1790 1354 τὸ
1828 1298 2021 1363 τέλος.

449 1392 612 1471 Ἐστι
644 1414 702 1467 δὲ
733 1412 834 1466 οὐκ
862 1409 1019 1477 ὀλίγα
1058 1405 1151 1459 τὸν
1202 1400 1340 1474 μετὰ
1369 1395 1802 1469 παρατηρήσεως
1831 1392 2025 1457 ἐντυγ-

446 1508 681 1581 χάνοντα
737 1504 859 1565 ταῖς
889 1501 1072 1568 ἁγίαις
1114 1494 1316 1566 βίόλοις
1367 1489 1469 1581 καὶ
1521 1486 1629 1541 ἀπὸ
1669 1485 1777 1538 τῶν
1815 1498 2028 1552 προφη-

446 1569 560 1652 Ζιξιίὒν
588 1592 950 1666 παραπλήσια
968 1585 1154 1641 λαϐεῖν
1177 1582 1312 1654 (95),
1337 1572 1470 1642 οἷον,
1496 1577 1579 1630 ὅτι
1600 1573 1752 1645 βέλος
1774 1569 2027 1625 ἐκλεκτὸν

450 1687 643 1744 ἑαυτὸν
675 1659 852 1748 καλεῖ,
883 1679 979 1735 καὶ
1005 1677 1191 1732 δοῦλον
1226 1671 1321 1727 τοῦ
1358 1668 1515 1732 Θεοῦ,
1548 1665 1644 1720 καὶ
1685 1664 1800 1733 φῶς
1833 1659 2025 1715 ἐθνῶν.

451 1781 619 1850 Λέγει
645 1779 703 1833 δὲ
730 1775 873 1830 οὕτω
922 1769 1176 1837 Ἡσαΐαςο
1231 1767 1334 1819 Ἐκ
1374 1761 1609 1824 κοιλίας
1642 1757 1872 1827 μητρός
1908 1770 2028 1824 μου

450 1868 712 1928 ἐκάλεσέ
742 1884 820 1938 με
846 1864 913 1919 τὸ
952 1858 1142 1929 ὄνομά
1175 1875 1319 1928 μου,
1357 1854 1457 1909 καὶ
1503 1854 1682 1919 ἔθηκε
1723 1850 1790 1902 τὸ
1839 1864 1914 1902 στ

445 1981 570 2035 μου
594 1963 676 2027 ὡς
698 1958 1001 2029 μάχαιραν
1032 1950 1268 2016 ὀξεῖαν,
1326 1946 1424 2000 καί
1466 1944 1583 1999 ὑπὸ
1624 1942 1741 2010 τὴν
1792 1939 2032 2007 σκέπην

451 2028 567 2123 τῆς
587 2028 787 2122 χειρὸς
815 2045 1000 2103 αὑτοῦ
1023 2039 1255 2111 ἔκρυψέ
1269 2055 1365 2108 με.
1395 2033 1610 2102 Ἔθηκέ
1635 2049 1713 2103 με
1731 2032 1812 2097 ὡς
1842 2028 2033 2094 βέλος

450 2120 764 2207 ἐκλεκτὸν,
820 2138 918 2193 καὶ
950 2137 1020 2191 ὲν
1058 2132 1135 2202 τῇ
1172 2129 1431 2202 φαρέτρα
1464 2123 1651 2180 αὐτοῦ
1689 2120 1918 2191 ἔκρυψέ
1932 2138 2029 2190 με,

456 2238 560 2292 καὶ
591 2232 725 2291 εἶπέ
762 2248 885 2302 μοι·
915 2227 1143 2291 Δοῦλός
1164 2239 1281 2293 μου
1307 2216 1369 2275 εἷ
1392 2217 1496 2284 σὺ,
1538 2214 1795 2283 Ἰσραὴλ,
1827 2212 1928 2266 καὶ
1963 2212 2034 2265 ὲν

456 2328 559 2386 σοι
612 2321 1093 2392 δοξασθήσομαι.
1142 2315 1252 2370 Καὶ
1298 2311 1415 2384 μετ’
1452 2307 1640 2378 ὀλίγα’
1679 2305 1793 2361 Kal
1824 2307 1858 2359 ό
1894 2304 2036 2369 Θεός

452 2438 573 2493 μου
622 2380 807 2473 tam
846 2380 980 2485 μοι.
1003 2410 1201 2480 ίσχύςτ
1243 2380 1345 2461 καὶ
1385 2401 1515 2459 εἶπέ
1555 2416 1687 2472 μοι’
1718 2396 1885 2467 Μέγα
1932 2380 2065 2449 σοίΔ

454 2484 589 2569 εστι
631 2507 810 2562 τοῦτο
852 2484 1160 2569 κληθῆναί
1205 2511 1280 2551 σε
1336 2494 1445 2567 (94)
1494 2488 1678 2545 παῖδά
1724 2503 1844 2557 μου
1864 2525 1879 2551 ,
1926 2484 2035 2539 τοῦ

455 2602 687 2673 στῆσαι
720 2598 829 2663 τὰς
863 2595 1062 2665 φυλὰς
1089 2587 1328 2652 Ἰακὼϐ,
1372 2584 1475 2640 καί
1536 2582 1651 2651 τὴν
1701 2576 2036 2645 διασπορὰν

454 2670 575 2751 τοῦή
617 2689 872 2758 Ἰσραὴλ
907 2682 1285 2752 ἐπιστρέψαι.
1334 2676 1490 2733 Ἰδοὺ
1541 2671 1776 2729 τέθεικά
1823 2685 1898 2725 σε
1948 2670 2037 2733 εὶς

455 2787 584 2859 φῶς
610 2781 822 2846 ἐθνῶν,
852 2779 959 2834 τοῦ
982 2773 1136 2831 εἶναι
1163 2789 1237 2828 σε
1261 2773 1348 2837 εὶς
1374 2766 1676 2835 σωτηρίαν
1703 2763 1815 2829 ἕως
1853 2758 2038 2829 ἐσχά-

455 2852 572 2936 τοο
597 2875 708 2946 τῆς
734 2872 867 2944 γῆς.
908 2868 1066 2923 Ἀλλὰ
1098 2866 1192 2921 καὶ
1225 2867 1282 2918 ὲν
1320 2861 1398 2933 τῷ
1440 2858 1684 2932 Ἱερεμίᾳ
1720 2854 1892 2918 οὓτως
1933 2852 2037 2906 αὑ-

455 2975 552 3028 τὸν
582 2944 753 3042 ἀρνίῳ
813 2965 1015 3036 ὁμοιοί’
1064 2956 1212 3028 Ἐγὼ
1249 2956 1329 3022 ὡς
1365 2954 1578 3023 ἀρνίον
1627 2949 1856 3004 ἄκακον
1901 2944 2041 3013 ἀτό-

455 3076 647 3133 μενον
690 3055 799 3111 τοῦ
837 3054 1100 3109 θύεσθαι.
1136 3045 1322 3101 Ταῦτα
1357 3044 1455 3115 μὲν
1484 3038 1577 3096 οὖν
1604 3039 1700 3093 καὶ
1725 3036 1797 3090 τὰ
1828 3033 2039 3097 τούτοις

461 3123 822 3225 ἰπαραπλήσια
850 3143 1012 3205 αὐτὸς
1048 3137 1239 3194 ἑαυτόν
1272 3151 1459 3208 φησιν.
1495 3133 1650 3186 Ἔστι
1677 3131 1734 3184 δὲ
1765 3128 1858 3181 καὶ
1889 3123 2040 3197 παρὰ

461 3217 578 3309 τοῖς
629 3217 1010 3307 Εὐαγγελίοις,
1060 3229 1154 3284 καὶ
1207 3226 1359 3298 παρὰ
1394 3226 1506 3287 τοῖς
1545 3220 1865 3282 ἀποστόλοις
1882 3259 1898 3284 ,
1944 3217 2042 3273 καὶ

460 3335 554 3390 διὰ
602 3331 716 3386 τῶν
752 3323 1047 3399 προφητῶν
1102 3318 1297 3392 μυρίας
1339 3317 1471 3379 ὅσας
1509 3310 1880 3385 προσηγορίας
1916 3326 2042 3362 συν..

464 3426 717 3496 αγαγεῖν,
750 3420 820 3484 ἃς
861 3416 1105 3472 καλεῖται
1135 3414 1165 3465 ὁ
1200 3409 1331 3472 Υἱὸς
1371 3405 1467 3460 τοῦ
1494 3403 1657 3472 Θεοῦ,
1682 3404 1802 3474 ἦτοι
1833 3399 1942 3454 τῶν
1972 3399 2043 3454 τὰ

462 3492 772 3588 Εῦαγγὲλια
812 3507 1142 3583 γραψάντων
1183 3503 1284 3573 τὴν
1331 3499 1468 3554 ἰδίαν
1499 3498 1735 3553 διάνοιαν
1766 3493 1880 3549 τῶν
1913 3492 2043 3564 περὶ

460 3609 560 3666 τοῦ
593 3585 639 3663 *δέ
675 3605 730 3661 τί
758 3603 890 3658 ποτέ
926 3603 1074 3657 ἐστιν
1104 3593 1492 3665 ἐκτιθεμένων,
1528 3591 1563 3661 ἢ
1590 3589 1699 3643 τῶν
1727 3585 2038 3643 ἀποστόλων

463 3702 529 3770 ἐξ
563 3695 639 3758 ὧν
689 3695 1039 3771 μεμαθήκασι
1085 3686 1506 3757 δοξολογούντων
1557 3682 1741 3745 αὐτὸν,
1789 3678 1885 3739 καὶ
1933 3677 2042 3731 τῶν

466 3768 774 3866 προφητῶν
829 3781 1323 3858 προκηρυσσόντων
1386 3773 1551 3830 αὐτοῦ
1608 3772 1710 3844 τὴν
1775 3768 2041 3840 ἐσομένην

465 3860 785 3957 μίαν,
820 3881 914 3934 καὶ
937 3879 1006 3932 τὰ
1032 3874 1163 3946 περὶ
1195 3867 1360 3926 αὐτοῦ
1387 3864 1838 3935 ἀπαγγελλόντων
1859 3860 2044 3930 διαφό-

354 4022 365 4029 .
469 3996 587 4053 pou;
616 3950 913 4046 bvdpaaur
965 3964 1078 4023 οἷον
1123 3967 1152 4019 ὁ
1206 3963 1459 4031 Ἰωάννης
1487 3958 1652 4018 αὐτὸν
1680 3955 1886 4027 Ἀμνον
1905 3950 2041 4006 Θεοῦ

466 4040 814 4137 αναγορεόει,
845 4061 1050 4129 λέγων·
1078 4054 1201 4111 Ἴδε
1226 4056 1260 4109 ό
1286 4046 1503 4122 Ἀμνὸς
1534 4045 1641 4100 τοῦ
1682 4043 1851 4108 Θεοῦ,
1887 4044 1920 4096 ό
1949 4040 2043 4093 αι-

456 4132 597 4231 ρων
615 4132 732 4225 τὴν
756 4152 1051 4224 ἁμαρτίαν
1084 4146 1191 4201 τοῦ
1216 4144 1471 4211 κόσμου’
1505 4138 1599 4193 καὶ
1629 4136 1796 4208 ἄνδρα
1822 4133 1909 4187 διὰ
1921 4132 2045 4186 τού-

464 4224 578 4308 ῑτων
598 4268 611 4281 ·
647 4224 835 4313 Οὗτός
865 4246 1036 4299 ἐστιν
1058 4237 1210 4305 ὑπὲρ
1239 4230 1311 4291 οὗ
1342 4231 1457 4304 ἐγὼ
1482 4224 2045 4293 εἷπον,ὅτι,’οπίσω

458 4362 586 4415 μου
617 4342 852 4411 ἔρχεται
880 4335 1056 4403 ἀνὴρ,
1115 4329 1184 4395 ὃς
1223 4322 1562 4396 ἔμπροσθέν
1597 4337 1716 4390 μου
1748 4316 1994 4387 γέγονεν
2025 4331 2041 4345 ο

468 4406 563 4489 οτι
610 4406 841 4501 epam
864 4444 983 4497 μου
1010 4424 1119 4495 ἦν·
1156 4419 1319 4490 κάγὼ
1349 4418 1461 4471 οὐκ
1511 4412 1681 4483 ᾔδειν
1711 4409 1916 4462 αὐτόν.
1958 4406 2045 4458 Ἐν

465 4526 527 4580 δὲ
583 4498 663 4595 τῇ.
697 4519 956 4590 καθολικῇ
1019 4509 1359 4583 Ἐπιστολῇὸ
1406 4505 1658 4595 Ἰωάννης
1697 4498 2045 4572 παράκλητον
2077 4536 2122 4591 D

468 4616 600 4689 περὶ
626 4587 736 4666 τῶν
757 4587 954 4681 ψυχῶν
985 4603 1142 4677 ἡμῶν
1172 4602 1308 4674 πρὸς
1330 4599 1422 4653 τὸν
1449 4594 1668 4666 Πατέρα
1716 4591 1850 4660 φησὶ
1882 4587 2045 4641 αὐτὸν

468 4680 630 4771 εἶναι,
674 4680 878 4772 λέγων’
937 4697 1049 4754 Kal
1095 4693 1205 4749 ἐάν
1240 4709 1332 4758 τις
1379 4686 1630 4758 ἁμάρτῃ,
1660 4680 2048 4750 παράκλητον

469 4769 689 4871 ἔχομεν
732 4769 882 4863 πρὸς
929 4789 1035 4844 τὸν
1078 4786 1310 4852 Πατέρα
1352 4777 1603 4848 Ἰησοῦν
1657 4771 1917 4844 Χριστὸν
1968 4769 2051 4822 δί-

470 4860 663 4944 καιον.
703 4860 984 4955 Ἐπιφὲρει
1012 4879 1093 4943 δὲ,
1120 4878 1203 4931 ὅτι
1233 4874 1329 4928 καὶ
1365 4868 1590 4941 ἱλασμός
1618 4869 1736 4919 ἐστι
1780 4863 1911 4935 περὶ
1936 4860 2047 4915 τῶν

466 4979 753 5053 ἁμαρτιῶν
808 4951 965 5049 ήνμιῦν
988 4991 1001 5004 ⁸
1045 4965 1091 5041 ᾧ
1146 4961 1541 5041 παραπλησίως
1582 4961 1612 5013 ὁ
1654 4955 1866 5019 Παῦλος
1899 4951 2048 5022 λέγει

471 5047 637 5129 αῦτόν
675 5047 841 5124 εἶναιῆ
868 5066 1182 5136 ἱλαστήριον
1205 5101 1221 5126 ,
1266 5058 1509 5129 φάσκων·
1554 5053 1664 5104 Ὃν
1692 5048 1972 5117 προέθετο
2013 5047 2048 5099 ό

470 5166 619 5231 Θεὸς
643 5160 994 5229 ἱλαστήριον
1020 5155 1118 5211 διὰ
1154 5154 1411 5217 πίστεως
1439 5148 1511 5201 ὲν
1531 5144 1614 5210 τῷ
1638 5143 1837 5212 αἵματι
1860 5136 2047 5193 αὐτοῦ

468 5257 570 5310 διὰ
592 5226 724 5322 ’τὴν
767 5226 1018 5318 πάρεσιν
1043 5246 1164 5300 τῶν
1206 5236 1653 5311 προγεγονότων
1707 5226 2048 5300 ἁμαρτημά-

468 5359 589 5398 των
716 5337 794 5407 cii
824 5317 1019 5404 ανοχῇ
1071 5332 1178 5388 τοῦ
1231 5327 1399 5386 Θεοῦ.
1435 5324 1784 5396 Κεκήρυκται
1821 5319 1879 5372 δὲ
1905 5317 2047 5372 κατὰ

467 5432 563 5485 τὸν
590 5427 802 5483 Παῦλον
832 5425 993 5494 σοφία
1025 5418 1167 5477 εῖναι
1200 5420 1295 5474 καὶ
1334 5416 1564 5486 δύναμις
1595 5410 1757 5477 Θεοῦ,
1782 5410 1856 5474 ὡς
1890 5411 1949 5463 ὲν
1974 5411 2043 5482 τῇ

580 5583 627 5614 ³⁸
648 5583 817 5650 Apoc.
848 5595 889 5643 ι,
919 5576 1008 5650 l7.
1058 5578 1131 5650 _"
1167 5578 1336 5647 Apoc.
1362 5591 1523 5650 qun.
1542 5575 1628 5650 1‘5.
1707 5574 1752 5607 ’⁸
1779 5573 2038 5650 Cap._xr._t:

2139 5586 2264 5650 vers:
2298 5568 2349 5650 in,
2370 5568 2407 5622 2
2440 5575 2495 5622 et
2532 5581 2648 5650 seq.

906 491 1100 547 πάλιν·
1143 484 1292 556 Ἐγώ
1325 486 1443 553 ειμι
1474 484 1508 536 ό
1546 479 1724 548 ἄρτος
1756 481 1788 532 ό
1814 474 1923 537 ζῶν
1946 514 1961 539 ,
1989 475 2022 526 ὀ

2139 465 2320 521 Filium
2352 463 2445 519 Dei
2480 475 2540 516 se
2573 472 2695 513 esse
2724 451 2949 517 asserit,
2990 458 3218 519 quaeque
3261 441 3419 498 nobis
3456 438 3523 494 ad
3555 436 3605 490 id
3635 437 3702 488 de

2122 572 2232 629 quo
2264 556 2475 625 agimus
2501 552 2910 608 succurrerunt,
2942 556 3010 597 ex
3034 534 3442 607 Evangeliorum
3472 538 3618 583 textu
3650 526 3700 577 in

2123 619 2363 705 medium
2402 641 2748 715 protulimus.
2789 635 2895 691 Sed
2925 629 3232 686 addendum
3262 623 3426 678 etiam
3461 619 3588 673 illud
3620 627 3704 671 est

2123 757 2189 798 ex
2218 709 2444 794 Joannis
2471 727 2793 802 Apocalypsi
2816 743 2830 778 :
2853 724 2964 794 Ego
2990 735 3109 774 sum
3143 717 3367 788 primus,
3394 721 3441 766 et
3467 709 3700 769 ultimus,

2125 840 2172 886 et
2196 830 2393 890 vivens,
2430 832 2478 878 et
2516 823 2688 892 factus
2716 832 2832 871 sum
2862 822 3121 867 mortuus.
3151 808 3217 861 Et
3245 820 3362 861 ecce
3382 803 3556 857 vivens
3586 813 3702 852 sum

2125 923 2184 976 in
2227 917 2427 975 sa'cula
2476 891 2791 967 stcculorum
2827 905 2908 970 ¹⁶;
2946 910 3003 958 et
3059 912 3249 954 rursus
3283 913 3300 951 :
3338 891 3537 946 Factus
3587 902 3703 942 sum

2126 1020 2220 1075 ego
2281 1004 2403 1059 Aet
2432 1003 2519 1068 .0,
2577 1003 2629 1051 et
2696 998 2898 1069 primus
2938 1002 2985 1047 et
3016 991 3258 1052 ultimus,
3300 982 3615 1054 principium
3656 986 3705 1031 et

2127 1071 2247 1172 linis
2269 1100 2337 1155 ⁸⁷.
2366 1097 2503 1152 Sunt
2546 1102 2724 1148 autem
2766 1103 2871 1144 non
2901 1101 3090 1156 pauca,
3112 1091 3273 1150 atque
3304 1077 3389 1132 his
3413 1089 3534 1143 qua:
3562 1071 3705 1127 dixi-

2130 1161 2251 1247 inus
2299 1188 2519 1252 similia,
2571 1199 2692 1254 quae
2748 1180 2888 1237 sumi
2922 1194 2989 1234 ex
3032 1171 3308 1246 prophetis
3349 1171 3604 1236 poterunt
3637 1161 3706 1216 ab

2129 1299 2196 1341 eo
2218 1282 2308 1353 qui
2345 1280 2632 1349 diligenter
2676 1281 2925 1329 versatus
2968 1266 3131 1322 fuerit
3172 1267 3225 1318 in
3269 1258 3475 1316 sanctis
3507 1256 3704 1318 libris;

2129 1347 2295 1429 veluti
2321 1347 2465 1442 quod
2492 1369 2745 1436 sagittam
2784 1363 3036 1424 electam,
3067 1368 3123 1414 et
3154 1369 3369 1412 servum
3399 1350 3514 1415 Dei,
3545 1357 3601 1403 et
3628 1347 3709 1399 ln-

2131 1478 2249 1520 cem
2281 1437 2522 1532 gentium
2565 1459 2804 1528 seipsum
2853 1450 3108 1523 appellat,
3145 1447 3280 1503 Isaia
3298 1437 3707 1499 dicente“:Ex

2131 1564 2280 1609 utero
2304 1552 2491 1606 matris
2523 1565 2652 1604 mete
2691 1545 2889 1602 uocauit
2933 1559 3014 1597 me
3051 1540 3259 1594 nomine
3288 1551 3423 1601 meo,
3452 1541 3502 1588 et
3532 1530 3711 1601 posuit

2134 1665 2192 1702 os
2231 1661 2399 1701 meum
2425 1643 2578 1712 quasi
2612 1639 2847 1711 gladium
2895 1644 3134 1698 acutum,
3186 1640 3235 1685 et
3265 1628 3358 1683 sub
3387 1623 3710 1696 protectione

2132 1755 2323 1794 manus
2359 1751 2470 1792 sua:
2509 1730 2780 1788 abscondit
2815 1744 2917 1783 me.
2955 1723 3145 1779 Posuit
3176 1737 3257 1775 me
3283 1717 3434 1784 quasi
3461 1715 3709 1785 sagittam

1917 1803 2032 1916 ἓμα
2061 1831 2104 1886 Β
2132 1831 2370 1894 electam,
2398 1836 2445 1881 et
2499 1826 2553 1879 in
2590 1823 2843 1893 pharetra
2888 1834 2988 1871 sua
3028 1812 3307 1868 abscondit
3353 1824 3457 1872 me,
3496 1815 3545 1859 et
3576 1803 3709 1856 dixit

2133 1922 2262 1977 mihi
2288 1936 2308 1976 :
2329 1920 2523 1975 Servus
2545 1931 2688 1970 meus
2711 1929 2764 1967 es
2792 1919 2872 1975 tu,
2896 1905 3088 1970 Israel,
3112 1917 3158 1959 et
3183 1905 3237 1957 in
3268 1912 3321 1955 te
3352 1896 3709 1971 gloriﬁcabor.

2133 2013 2199 2068 Et
2228 2018 2349 2081 post
2374 2021 2541 2079 pauca
2565 2021 2579 2057 :
2612 2005 2751 2058 Deus
2786 2015 2931 2055 meus
2962 1998 3060 2051 erit
3084 1990 3341 2064 fortitudo
3367 2004 3505 2043 mea.
3528 1984 3597 2038 Et
3626 1985 3710 2039 di-

2133 2105 2214 2159 xit
2242 2101 2369 2155 mihi
2400 2116 2417 2154 :
2449 2097 2704 2167 Magnum
2743 2093 2839 2147 tibi
2858 2102 2954 2157 est,
2976 2099 3031 2143 ut
3060 2087 3257 2141 voceris
3281 2097 3455 2136 servus
3479 2094 3641 2140 meus,
3660 2084 3711 2131 et

2135 2195 2359 2249 suscites
2385 2191 2554 2244 tribus
2570 2186 2759 2248 Jacob,
2778 2193 2822 2237 et
2848 2179 3227 2249 dispersionem
3250 2170 3469 2228 lsraelis
3500 2184 3712 2223 conuer-

2135 2294 2239 2339 tas.
2272 2282 2407 2337 Ecce
2435 2279 2587 2350 posui
2616 2289 2666 2332 te
2692 2276 2746 2328 in
2773 2273 2942 2327 lucem
2966 2270 3218 2340 gentium,
3247 2275 3301 2318 ut
3324 2263 3397 2317 sis
3426 2260 3571 2315 salus
3595 2275 3711 2312 utea

2136 2389 2299 2446 usque
2355 2370 2424 2424 ad
2483 2380 2774 2425 extremum
2817 2373 2991 2418 terrte.
3029 2358 3135 2414 Sed
3185 2365 3238 2413 et
3271 2356 3321 2409 in
3362 2352 3597 2409 Ieremia
3639 2350 3711 2405 ita

2135 2468 2373 2537 seipsum
2400 2479 2538 2536 agno
2567 2459 2833 2517 assimilat
2885 2472 2900 2509 :
2946 2450 3061 2521 Ego
3087 2451 3224 2504 sicut
3276 2464 3443 2519 agnus
3464 2447 3712 2500 innocens

2135 2560 2224 2630 qui
2251 2558 2464 2612 ducitur
2482 2556 2550 2608 ad
2573 2551 2983 2619 sacriﬁcandum
3000 2544 3067 2597 ”.
3095 2543 3222 2599 Hanc
3247 2543 3430 2611 itaque
3450 2550 3505 2596 et
3527 2540 3613 2596 his
3638 2539 3714 2595 si-

2140 2650 2285 2705 milia
2314 2649 2552 2718 seipsum
2592 2642 2702 2716 25
2729 2640 2986 2713 appellat.
3032 2638 3204 2694 Porro
3239 2636 3521 2690 innumera
3562 2646 3717 2687 voca-

2139 2742 2285 2808 bula,
2318 2750 2431 2796 tum
2461 2738 2603 2809 apud
2641 2733 2956 2803 Evangelia,
2990 2742 3101 2785 tum
3127 2728 3266 2800 apud
3291 2724 3582 2798 apostolos,
3600 2734 3715 2777 tum

2141 2834 2280 2900 apud
2329 2832 2620 2903 prophetas
2655 2826 2880 2896 colligas
2932 2822 3139 2885 licebit,
3178 2820 3379 2891 quibus
3404 2817 3576 2872 Filius
3621 2814 3716 2869 Dei

2139 2925 2397 2999 appellari
2428 2924 2657 2994 gaudet;
2683 2918 2937 2977 videlicet
2963 2914 3050 2969 vel
3071 2914 3137 2968 iis
3162 2911 3252 2983 qui
3283 2909 3568 2978 Evangelia
3588 2909 3718 2962 scri-

2140 2998 2369 3089 pserunt
2406 3014 2535 3084 quid
2567 3013 2635 3068 de
2684 3011 2800 3081 ipso
2850 3005 3121 3065 sentirent
3165 3001 3584 3073 exponentibus,
3633 2998 3717 3055 vel

2143 3107 2403 3179 apostolis
2427 3120 2491 3160 ex
2510 3105 2596 3160 his
2613 3118 2732 3173 qua:
2750 3100 3052 3156 didicerant
3073 3097 3245 3166 ipsum
3266 3091 3718 3163 gloriﬁcautibus,

2068 3182 2111 3239 (ἶ
2145 3200 2231 3256 vel
2261 3198 2541 3270 prophetis
2578 3196 2746 3266 ipsius
2775 3194 3015 3248 futurum
3055 3189 3347 3243 adventuum
3376 3183 3720 3256 praecinenti-

2146 3297 2274 3358 bus,
2308 3302 2363 3347 et
2397 3306 2483 3345 res
2508 3289 2653 3345 illius
2681 3287 2851 3343 variis
2886 3284 3196 3342 nominibus
3220 3280 3728 3338 oll‘ereutibusNd.

2151 3384 2233 3444 uti
2263 3383 2503 3439 Joannes
2536 3384 2748 3452 Agnutn
2785 3379 2878 3435 Dei
2922 3380 3094 3450 ipsum
3137 3375 3430 3447 praedicat,
3487 3372 3674 3425 dicens
3704 3386 3719 3422 :

2147 3473 2283 3528 Ecce
2308 3478 2487 3544 Agnus
2516 3471 2634 3537 Dei,
2651 3487 2765 3526 ecce
2785 3472 2874 3539 qui
2894 3469 3026 3524 tollit
3054 3459 3324 3536 peccatum
3341 3463 3523 3516 mundi
3543 3461 3619 3527 ³ος
3638 3460 3722 3514 vi-

2148 3583 2269 3621 rum
2301 3565 2440 3621 'vero
2491 3563 2577 3618 his
2617 3578 2737 3632 quae
2782 3569 3083 3630 sequuntur
3140 3578 3153 3612 :
3202 3555 3305 3609 Hic
3358 3564 3459 3618 est,
3500 3553 3567 3606 de
3620 3568 3722 3622 quo

2146 3661 2383 3714 dicebam
2404 3675 2423 3713 :
2453 3657 2583 3710 Post
2624 3672 2704 3710 me
2748 3656 2828 3709 uir
2856 3655 2990 3708 venit
3020 3651 3109 3722 qui
3146 3659 3266 3703 ante
3298 3665 3377 3702 me
3405 3647 3579 3717 [actus
3602 3654 3677 3700 est
3701 3664 3723 3712 ;

2146 3751 2391 3823 quoniam
2416 3749 2560 3818 prior
2580 3764 2660 3801 me
2674 3757 2784 3801 erat
2804 3755 2883 3799 :et
2902 3759 2994 3813 ego
3020 3741 3311 3795 nesciebam
3337 3755 3455 3792 eum
3480 3738 3547 3792 ".
3581 3735 3727 3792 Sane

2148 3844 2203 3898 in
2239 3842 2503 3899 catholica
2545 3837 2783 3908 Epistola
2825 3833 3063 3890 Joannes
3114 3832 3264 3887 illum
3306 3830 3536 3900 appellat
3561 3829 3728 3883 advo-

2150 3943 2332 3989 catum
2355 3933 2659 3988 animarum
2685 3930 2751 3984 ad
2775 3928 3016 3991 Patrem,
3049 3924 3236 3979 dicens
3260 3942 3275 3979 :
3308 3923 3368 3980 Si
3402 3925 3524 3993 quis
3544 3937 3730 3992 pecca-

2147 4029 2295 4090 verit,
2329 4027 2638 4079 aduocatum
2669 4023 2809 4092 apud
2839 4021 3052 4075 Patrem
3081 4020 3331 4073 habemus
3364 4016 3546 4071 Iesum
3576 4012 3731 4068 Chri-

2148 4127 2287 4173 stum
2308 4116 2518 4187 justum
2539 4117 2605 4168 ⁸³.
2637 4115 2927 4185 Subjungit
2949 4114 3114 4169 etiam
3145 4112 3289 4182 quod
3312 4110 3383 4165 sit
3410 4107 3730 4163 reconcilia-

2151 4209 2226 4264 tio
2275 4225 2372 4278 pro
2419 4208 2654 4278 peccatis
2701 4206 2944 4271 nostris;
2998 4205 3065 4259 ad
3112 4204 3268 4273 cujus
3316 4198 3727 4255 similitudinem

2149 4299 2348 4355 Paulus
2380 4299 2614 4369 appellat
2645 4313 2767 4353 eum
2805 4296 3293 4361 reconciliatorem,
3313 4293 3497 4347 dicens
3521 4308 3534 4344 :
3561 4288 3727 4354 Quem

2149 4393 2417 4461 proposuit
2448 4390 2586 4445 Deus
2624 4389 3071 4444 reconciliatorem
3102 4403 3194 4455 per
3213 4386 3370 4455 ﬁdem
3391 4385 3446 4437 in
3472 4379 3729 4451 sanguine

2150 4482 2340 4551 ipsius,
2357 4492 2566 4551 prapter
2585 4481 2938 4535 remissionem
2964 4478 3347 4548 praeteritorum
3371 4483 3727 4544 peccatorum,

2151 4590 2269 4642 qua
2294 4574 2431 4628 Deus
2454 4571 2775 4627 toleravit”.
2797 4573 2876 4626 Ad
2906 4571 3017 4625 haec
3038 4568 3360 4639 praedicatus
3387 4575 3471 4619 est
3501 4563 3664 4619 etiam
3693 4577 3726 4614 a

2154 4668 2341 4731 Paulo,
2379 4664 2644 4735 sapientia
2677 4672 2733 4718 et
2769 4663 3005 4734 potentia
3042 4662 3131 4715 Dei
3164 4675 3314 4723 esse,
3355 4667 3413 4713 ut
3454 4662 3507 4712 in
3539 4657 3729 4712 Corin-

2157 4759 2393 4815 thiorum
2434 4756 2711 4827 Epistola,
2755 4755 2975 4826 quando
3006 4753 3183 4809 dicit:
3219 4750 3460 4806 Christus
3500 4758 3574 4802 est
3611 4747 3728 4801 'Dei

2153 4854 2384 4925 potentia
2412 4860 2459 4903 et
2491 4849 2751 4917 sapientia
2776 4846 2843 4902 “.
2875 4845 3027 4912 Quod
3071 4844 3233 4900 etiam
3267 4839 3630 4897 sanctiﬁcatio
3659 4837 3729 4891 sit

2153 4952 2208 5000 et
2228 4943 2562 5011 redemptio:
2596 4938 2798 4994 Factus
2829 4948 2926 5004 est,
2972 4937 3167 5006 inquit,
3214 4932 3473 5003 sapientia
3509 4929 3656 4984 nobis
3693 4944 3728 4981 α

2155 5035 2287 5100 Deo,
2314 5045 2361 5089 et
2376 5033 2613 5103 justitia,
2640 5042 2688 5086 et
2711 5030 3084 5100 sanctiﬁcatio,
3109 5036 3155 5081 et
3185 5023 3466 5094 redemptio
3488 5023 3555 5077 ³⁸.
3585 5020 3728 5087 Quin

2152 5131 2315 5187 etiam
2338 5128 2681 5184 sacerdotem
2717 5139 2972 5197 magnum
3002 5122 3252 5177 eumdem
3288 5134 3410 5175 esse
3443 5119 3600 5174 docet
3630 5129 3729 5169 nos

2156 5225 2225 5279 ad
2289 5221 2545 5276 Hebraeos
2597 5217 2888 5275 scribens:
2921 5214 3185 5270 Habentes
3227 5228 3350 5284 ergo
3404 5208 3728 5264 sacerdotem

2154 5332 2423 5387 magnum,
2455 5313 2546 5386 qui
2572 5311 2901 5383 pertransivit
2931 5309 3106 5374 cwlos,
3143 5304 3327 5360 Iesum
3367 5301 3566 5355 Filium
3607 5298 3725 5365 Dei,

2153 5419 2421 5464 teneamus
2473 5407 2856 5479 confessionem
2879 5403 3257 5472 “.Pmphetat
3309 5399 3472 5453 etiam
3525 5403 3728 5464 prmtcr

2752 5566 2799 5599 ”
2826 5564 2940 5620 Jer.
2974 5579 3050 5631 xl,
3084 5562 3174 5618 l9.
3278 5562 3323 5595 ³ο
3349 5560 3512 5631 Joau.
3544 5576 3587 5628 ι,
3631 5558 3723 5618 29.

470 5652 515 5684 ³⁸
570 5629 1012 5705 ἱΙιὶξῇΓδθίλῖί
1052 5629 1711 5713 ,Ιοιιιιξτιιξίξίηίδίὶοηι.
1739 5661 1828 5709 ιιι,
1857 5629 2090 5711 ἒῦμὲϐί
2130 5629 2256 5695 ⁷³⁸⁵1
2304 5629 2431 5696 Cor.
2471 5654 2514 5703 ι,
2542 5629 2635 5692 9.ιί
2710 5634 3003 5691 "ibid.50
3038 5629 3043 5631 ⁷
3075 5632 3287 5687 "Hebr.
3327 5646 3400 5698 tv,
3445 5629 3532 5687 M.

512 5816 523 5825 .
547 5745 656 5813 (95)
687 5743 858 5799 Codd.
885 5742 1287 5825 Bodleianus__et
1316 5741 1664 5825 Darberinus,
1692 5740 1898 5795 λαϐεῖν.
1942 5741 2044 5798 lle-

471 5811 613 5883 gius,
640 5811 808 5886 quem
841 5822 1064 5871 secutus
1089 5823 1175 5870 est
1201 5811 1446 5878 lluetius,
1476 5811 1676 5881 λέγειν.

2228 5737 2339 5809 (9t)
2370 5733 2584 5809 tralia
2609 5732 2783 5809 codd.
2804 5729 3082 5809 itodleian.
3119 5741 3187 5809 et
3239 5729 3589 5803 Barberinus;
3616 5741 3726 5784 non

2161 5792 2272 5880 μοὶ,
2304 5792 2361 5863 ut
2389 5806 2585 5877 legitur
2607 5805 2660 5859 in
2699 5801 2939 5858 editione
2973 5800 3173 5857 lluetii.
3313 5792 3321 5803 ’
