4174 6410
519 357 591 414 (.3
1985 354 2084 411 0R?

2186 349 2310 407 ζΝΙὸ
3721 351 3790 405 δι

521 470 637 525 haec
665 468 896 524 diversis
943 485 1064 524 cum
1102 469 1410 526 nominibus
1439 469 1711 541 appellant
1744 487 1761 527 :
1801 468 1964 526 Iacob
1987 471 2084 542 qui

2208 465 2347 537 πρὸς
2375 463 2721 536 Κορινθίως,
2757 466 2873 529 ὅτι,
2917 462 3170 532 Χριστὸς
3219 462 3473 532 δ.’νιιμι’ς
3516 464 3651 519 ἐστι
3692 468 3794 521 καί

521 563 642 614 dem
701 559 757 613 in
811 574 876 614 ea
922 559 1306 616 benedictione
1349 576 1454 630 qua
1494 561 1550 616 in
1595 563 1796 619 liberos
1830 577 1960 618 usus
2001 571 2105 629 est,

515 650 711 706 Iudam
739 651 1022 705 nominat:
1056 649 1226 715 Iuda,
1263 653 1458 721 inquit,
1503 653 1798 708 laudabunt
1842 667 1891 710 te
1913 657 2107 723 fratres

519 742 596 794 tui
627 757 646 796 :
673 757 862 795 manus
885 751 993 794 tua:
1041 757 1200 810 super
1233 741 1450 795 dorsum
1509 743 1841 796 inimicorum
1871 753 2101 799 tuorum.

519 831 740 886 Catulus
763 830 926 886 leonis
951 831 1099 886 Iuda
1132 851 1155 888 :
1180 849 1245 887 ea:
1270 835 1527 904 germine,
1552 834 1634 904 ﬁli
1662 837 1756 899 nti,
1783 836 2063 890 ascendisti
2084 850 2104 888 :

518 924 818 978 recumbens
841 925 1085 978 dormisti
1119 935 1175 979 ut
1201 927 1304 994 leo,
1341 937 1390 981 et
1428 937 1484 980 ut
1507 927 1673 982 leonis
1711 929 1940 984 catulus.
1971 929 2104 997 Quis

519 1017 772 1071 excitabit
799 1015 950 1072 illum
968 1015 1012 1050 ⁸⁷
1031 1017 1058 1070 ?
1081 1015 1346 1074 Caeterum
1366 1019 1648 1086 praesentis
1665 1035 1770 1075 non
1791 1033 1874 1076 est
1896 1034 2105 1094 tempo-

517 1111 594 1168 ris
631 1110 864 1182 singulis
896 1111 1200 1178 immorari,
1228 1113 1570 1168 ostendendo
1597 1117 1868 1182 quomodo
1895 1131 2016 1186 qua:
2035 1117 2102 1172 de

511 1201 647 1258 Iuda
695 1201 803 1258 dici
860 1203 1146 1269 videntur,
1209 1201 1434 1259 Christo
1495 1207 1877 1274 conveniant;
1936 1217 2101 1276 atque

511 1295 678 1349 ctiam
717 1295 954 1364 objectio
978 1311 1098 1366 quae
1118 1295 1244 1364 jure
1273 1294 1462 1350 inferrt
1486 1299 1922 1367 posset,scilicet
1941 1317 1956 1354 :
1976 1298 2100 1354 Non

511 1384 718 1453 deﬁciet
743 1385 983 1455 princeps
1011 1388 1075 1441 de
1114 1385 1279 1452 Iuda,
1309 1397 1356 1441 et
1387 1387 1499 1442 dua:
1545 1389 1610 1443 de
1649 1389 1935 1459 femoribus
1957 1392 2094 1462 ejus,

509 1477 677 1531 donec
705 1479 897 1533 venerit
931 1480 1017 1533 cui
1051 1480 1336 1548 repositum
1386 1491 1462 1535 est
1482 1481 1553 1544 ³⁸,
1575 1481 1713 1538 alias
1758 1486 2095 1542 commodius

510 1568 770 1624 solvetur.
788 1569 954 1626 Isaias
972 1573 1138 1626 etiam
1171 1574 1318 1628 novit
1345 1573 1515 1643 ipsum
1533 1575 1810 1631 Christum
1838 1578 2094 1648 appellari

507 1662 677 1718 Iacob
707 1673 760 1718 et
785 1663 970 1729 Israel,
1003 1665 1404 1736 dicenszlacob
1432 1668 1658 1724 dilectus
1687 1687 1831 1725 meus
1863 1673 2098 1727 auxilia-

509 1758 604 1808 bor
623 1757 669 1810 ei
687 1754 894 1812 :lsrael
925 1757 1116 1812 electus
1150 1776 1315 1825 meus,
1337 1761 1561 1829 suscepit
1592 1761 1741 1815 illum
1759 1763 1939 1816 anima
1955 1780 2090 1818 mea.

2211 555 2360 610 Θεοῦ
2389 557 2594 624 σοφία.
2633 557 2778 628 Πρὸς
2801 555 3012 620 τούτοις
3037 557 3121 610 ὅτι
3147 557 3240 611 καὶ
3264 557 3535 629 ἁγιασμός
3555 558 3673 610 ὲστι
3695 557 3792 612 καὶ

2207 646 2618 718 ἀπολύτρωσις·
2656 649 2761 712 Ὃς
2783 646 3036 718 ἐγενήθη
3067 647 3199 720 γὰρ,
3236 649 3390 720 φησὶ,
3423 650 3613 719 σοφία
3641 649 3791 720 ἡμῖν

2205 737 2326 792 ἀπὸ
2386 737 2536 792 Θεοῦ
2561 775 2577 801 ,
2620 736 2976 806 δικαιοσύνη
3033 755 3098 791 τε
3150 739 3251 792 καὶ
3309 739 3631 810 ἁγιασμὸς,
3688 741 3790 794 καὶ

2205 828 2644 896 ἀπολύτρωσις.
2689 827 2848 881 Ἀλλὰ
2896 829 2989 881 καὶ
3032 828 3294 901 ἀρχιερέα
3333 830 3505 901 μέγαν
3543 829 3788 885 διδάσκει

2205 921 2355 990 ἡμᾶς
2403 919 2568 973 αὐτὸν
2632 918 2924 991 τυγχάνειν
2974 918 3116 991 πρὸς
3176 921 3464 994 Ἐϐραίους
3523 922 3782 993 γράφων’

2207 1010 2494 1079 Ἔχοντες
2524 1005 2639 1066 οὖν
2663 1010 2943 1080 ἀρχιερέα
2968 1011 3183 1081 μέγαν,
3207 1011 3608 1080 διεληλυθότα
3643 1012 3782 1078 τοὺς

2202 1100 2520 1168 οὐρανοὺς,
2550 1100 2800 1168 Ἰησοῦν
2827 1100 2936 1154 τὸν
2976 1101 3116 1155 Υίὸν
3137 1101 3244 1157 τοῦ
3275 1101 3447 1166 Θεοῦ,
3478 1099 3786 1171 κρατῶμεν

2201 1195 2311 1266 τῆς
2353 1197 2697 1268 ὁμολογίας.
2735 1197 2800 1251 Οἱ
2835 1196 2893 1251 δὲ
2943 1197 3221 1269 προφῆται
3268 1196 3422 1270 παρὰ
3471 1197 3646 1250 ταῦτα
3691 1196 3786 1249 καὶ

2199 1288 2408 1362 ἑτέροις
2443 1288 2704 1360 ὀνόμασιν
2749 1288 2912 1342 αὐτὸν
2961 1288 3248 1344 καλοῦσιν·
3280 1291 3309 1342 ὁ
3343 1289 3442 1361 μὲν
3490 1287 3684 1343 Ἰακὼὸ
3725 1291 3785 1342 ἐν

2197 1383 2266 1453 τῇ
2293 1381 2431 1452 πρὸς
2453 1381 2580 1444 τοὺς
2603 1381 2754 1444 υἱοὺς
2787 1381 3007 1452 εὐλογίᾳ
3056 1380 3277 1435 Ἰούδαν*
3318 1381 3380 1434 τὸ
3405 1379 3535 1452 γάρ’
3565 1380 3782 1447 Ἰούδα,

2198 1475 2274 1531 σέ
2305 1473 2667 1530 αὶνέσαισαν
2697 1477 2753 1528 ol
2781 1473 3036 1544 ἀδελφοί
3057 1487 3196 1535 σου,
3230 1475 3290 1527 at
3319 1471 3517 1542 χεῖρές
3539 1490 3657 1529 σου
3681 1473 3782 1527 ἐπὶ

2197 1565 2389 1620 νώτου
2420 1564 2540 1618 τῶν
2569 1563 2800 1635 ἐχθρῶν
2822 1580 2960 1620 σου.
2995 1565 3269 1635 Σκύμνος
3287 1565 3537 1632 λέοντος
3563 1564 3780 1622 Ἰούδα’

2197 1659 2267 1714 ἐκ
2316 1660 2620 1726 βλαστοῦ,
2655 1659 2748 1715 υιέ
2769 1677 2925 1730 μου,
2959 1659 3180 1727 ἁνέϐης
3198 1675 3212 1690 ·
3262 1658 3588 1714 ἀναπεσὼν
3625 1660 3780 1712 ἐκοι-

2191 1751 2392 1822 μήθης
2414 1754 2496 1820 ὡς
2522 1751 2701 1818 λέων,
2733 1752 2829 1806 καί
2851 1751 2932 1818 ὡς
2947 1752 3236 1822 σκύμνος.
3262 1751 3357 1817 Τίς
3371 1749 3561 1822 ἐγερεῖ
3571 1753 3781 1815 αὐτόν;

505 1845 778 1902 Iudicium
817 1848 925 1917 25
953 1849 1196 1918 gentibus
1226 1853 1527 1906 nuntiabit:
1551 1871 1654 1908 non
1680 1857 1976 1924 contendet,
2005 1873 2084 1911 ne-

2191 1811 2273 1902 δέ
2306 1811 2449 1900 κέτά
2471 1811 2571 1900 ῖεδν
2606 1811 2936 1916 ἐνεστηκότα
2966 1844 3025 1898 δὲ
3062 1811 3255 1917 ἔταφον
3295 1811 3424 1900 sed
3452 1811 3589 1917 πρὸς
3635 1811 3780 1912 λέξιᾴ

504 1954 606 2006 que
634 1938 901 2001 clantabit,
933 1957 1096 2011 neque
1143 1943 1326 1998 audiet
1357 1944 1553 2014 aliquis
1593 1947 1649 2002 in
1687 1947 1878 2016 plateis
1918 1965 2094 2004 vocem

502 2027 640 2093 ejus.
696 2026 972 2084 Calamam
1013 2034 1298 2086 contritum
1337 2051 1440 2088 non
1487 2035 1806 2108 confringet,
1846 2049 1895 2094 et
1925 2039 2091 2094 linunt

502 2119 770 2192 fumigans
803 2139 909 2179 non
941 2125 1256 2196 exstinguet,
1288 2128 1453 2182 donec
1477 2130 1756 2199 projecerit
1781 2149 1848 2186 ea:
1881 2144 2093 2188 conten-

501 2213 940 2285 tiouejurlicinm,
968 2226 1017 2272 et
1050 2219 1106 2272 in
1139 2221 1346 2274 nomine
1368 2221 1482 2290 ejus
1509 2233 1683 2292 gentes
1709 2207 1994 2295 sperabunt
2023 2227 2088 2283 ”.

501 2307 656 2374 Quod
679 2308 821 2363 enim
843 2310 958 2364 haec
980 2310 1045 2364 de
1073 2308 1290 2366 Christo
1311 2313 1590 2383 propheta:
1622 2331 1730 2370 nun
1741 2317 1891 2385 tient,
1910 2318 2088 2388 palam

501 2397 788 2456 Matthzeus
837 2402 1076 2456 ostendit
1115 2401 1168 2456 in
1213 2403 1545 2474 Evangelio,
1589 2419 1660 2461 ex
1699 2415 1857 2477 parte
1902 2410 2089 2466 mutila

499 2493 676 2549 citans
708 2503 762 2550 et
783 2495 1002 2551 dicens:
1037 2495 1105 2551 Ut
1144 2498 1453 2568 impleretur
1494 2503 1636 2572 quod
1666 2504 1866 2559 dictum
1887 2517 1964 2561 est
1997 2525 2089 2578 per

497 2585 841 2654 prophetam:
873 2586 995 2642 Non
1014 2593 1310 2655 contendet,
1335 2603 1380 2646 et
1405 2611 1506 2650 non
1527 2597 1772 2652 clamabit
1789 2598 1855 2662 ⁸ο,
1886 2608 1941 2655 οι
1967 2615 2088 2671 qua:

499 2689 845 2744 sequuntur.
911 2680 1152 2736 Vocatur
1189 2685 1353 2739 etiam
1394 2683 1559 2742 David
1583 2687 1860 2757 Christus,
1918 2693 2083 2748 veluti

496 2769 715 2833 quando
745 2769 996 2826 Ezechiel
1031 2777 1366 2844 prophetans
1397 2778 1465 2832 ad
1516 2791 1768 2848 pastores
1801 2785 2084 2855 subiungit

495 2871 566 2911 cx
595 2873 825 2928 persona
858 2862 953 2918 Dei
979 2881 994 2918 :
1043 2861 1296 2922 Excitabo
1328 2866 1498 2923 David
1527 2887 1732 2926 servum
1768 2891 1960 2942 meum,
1990 2879 2083 2947 qui

496 2963 633 3020 reget
665 2969 752 3007 eos
781 2953 848 3013 “.
877 2953 992 3011 Non
1018 2957 1162 3012 enim
1186 2959 1353 3016 David
1379 2963 1685 3032 patriarcha
1713 2980 1970 3040 exsurget
1998 2986 2082 3024 re-

491 3051 684 3099 cturus
705 3059 948 3115 sanctos,
983 3049 1077 3105 sed
1115 3051 1386 3108 Christus.
1419 3055 1498 3109 Ad
1525 3057 1640 3112 hmc
1669 3058 1875 3130 virgam
1905 3071 1958 3115 et
1984 3058 2082 3114 llu-

2198 1939 2572 2010 παραστῆσαι,
2626 1937 2746 2002 πῶς
2774 1940 2841 1994 τὰ
2871 1939 2950 2012 τῷ
2992 1941 3162 2012 Ἰούδᾳ
3191 1939 3456 2010 λεγόμενα
3488 1938 3617 2009 περὶ
3649 1935 3781 2009 Χρι-

2197 2029 2323 2083 στοῦ
2364 2031 2534 2084 ἐστιν.
2553 2029 2715 2084 Ἀλλὰ
2738 2031 2832 2084 καὶ
2852 2030 3206 2104 ἀνθυποφορὰ
3219 2031 3458 2100 εὐλόγως
3481 2028 3780 2099 ἐπενεχθῆ-

2192 2138 2281 2175 ναι
2309 2121 2583 2194 δυναμένη
2602 2162 2617 2187 ,
2645 2124 2767 2176 Οὐκ
2801 2123 3075 2193 ἐκλείψει
3099 2123 3302 2193 ἅρχων
3329 2121 3400 2187 ἐξ
3439 2119 3651 2186 Ἰούδα,
3676 2119 3776 2173 καὶ

2191 2213 2616 2282 ἠγούμενοςέκ
2663 2211 2784 2267 τῶν
2827 2213 3038 2284 μηρῶν
3084 2211 3294 2276 αὐτοῦ,
3339 2211 3453 2278 ἕως
3498 2209 3578 2265 ἂν
3627 2210 3776 2277 ἔλθῃ

2188 2295 2238 2369 ᾧ
2269 2304 2576 2358 ἀπόκειται
2600 2304 2733 2377 (95),
2759 2304 2819 2359 ὲν
2855 2305 3036 2370 ἀλλοις
3049 2304 3434 2377 εὐκαιρότερον
3458 2301 3771 2373 λυθήσεται.

2191 2392 2313 2450 Οἵδε
2350 2395 2408 2450 δὲ
2445 2396 2536 2451 τὸν
2569 2395 2803 2469 Χριστὸν
2861 2397 3054 2451 Ἰακὼϐ
3105 2399 3201 2451 καὶ
3245 2394 3456 2467 Ἰσραὴλ
3507 2391 3774 2463 ὀνομαζό-

2192 2505 2351 2560 μενον
2391 2489 2638 2557 Ἡσαΐας,
2664 2488 2838 2559 λέγων
2853 2507 2867 2520 ο
2910 2488 3121 2545 Ἰακὼϐ
3141 2492 3175 2544 ὀ
3198 2487 3340 2554 παῖς
3358 2503 3500 2557 μου,
3525 2483 3772 2550 ἀντιλή-

2187 2582 2376 2650 ψομαι
2427 2581 2636 2637 αὑτοῦ·
2693 2580 2943 2650 Ἰσραὴλ
2989 2584 3023 2635 ό
3060 2581 3352 2646 ἐκλεκτός
3389 2595 3532 2648 μου,
3587 2591 3775 2644 προσ-

2185 2670 2432 2736 εδέξατο
2459 2671 2648 2727 αὐτὸν
2672 2675 2710 2742 ἠ
2736 2673 2908 2743 ψυχή
2949 2689 3092 2743 μου.
3120 2671 3336 2741 Κρίσιν
3371 2668 3498 2736 τοῖς
3525 2668 3774 2724 ἔθνεσιν

2183 2764 2542 2834 ἀπαγγελεῖ·
2577 2766 2691 2818 οἰκ
2712 2763 2923 2834 ἐρίσει,
2949 2763 3094 2818 οὐδὲ
3137 2761 3366 2832 κράξει,
3405 2759 3551 2815 οὐδὲ
3588 2759 3772 2815 ἀκού-

2183 2867 2280 2907 σει
2308 2870 2398 2920 τις
2425 2853 2496 2907 ἐν
2513 2871 2644 2921 ταις
2671 2855 2985 2920 πλατείαις
3024 2852 3140 2922 τὴν
3163 2853 3376 2922 φωνὴν
3412 2850 3619 2906 αὐτοῦ.
3649 2847 3769 2904 Kci-

2181 2953 2380 3020 λαμον
2425 2949 2936 3020 συντετριμμένον
2971 2950 3045 3003 οὐ
3099 2946 3394 3012 κατεάξει,
3435 2947 3535 3001 καί
3589 2948 3770 3001 λίνον

2182 3041 2523 3110 τυφόμενον
2569 3042 2642 3095 οὐ
2681 3039 2913 3104 σϐέσει,
2943 3039 3057 3107 ἕως
3086 3038 3166 3093 ἂν
3191 3038 3417 3108 ἐκϐάλῃ
3450 3039 3518 3092 ἐκ
3558 3040 3769 3104 νίκους

495 3151 608 3190 rem
647 3140 888 3209 appellat
915 3141 1192 3198 Christum
1233 3145 1400 3201 Isaias
1427 3147 1512 3202 his
1541 3149 1767 3208 verbis:
1827 3150 2079 3224 Egredie-

2186 3134 2296 3203 τὴν
2321 3135 2544 3203 κρίσιν,
2585 3135 2682 3188 καί
2719 3132 2800 3201 τῷ
2831 3135 3076 3204 ὀνόματι
3110 3133 3310 3224 αὐτοῦ
3343 3132 3488 3224 ἔθνη
3527 3132 3766 3187 ἐλπιοῦ-

490 3239 580 3282 tur
604 3231 750 3302 virga
776 3233 841 3288 de
863 3235 1041 3290 radice
1062 3235 1233 3302 Iesse,
1257 3247 1303 3291 et
1325 3239 1428 3308 [los
1455 3239 1518 3294 de
1548 3242 1727 3296 radice
1747 3245 1862 3314 ejus
1891 3262 2076 3300 ascen-

491 3321 600 3384 det,
628 3332 675 3376 et
697 3325 983 3394 requiescet
1012 3343 1170 3395 super
1191 3345 1308 3384 eum
1333 3329 1570 3399 Spiritus
1600 3333 1834 3399 Domini,
1857 3338 2074 3406 spiritus

487 3412 765 3481 sapientiae
798 3425 845 3468 et
877 3415 1198 3480 intellectus,
1231 3420 1448 3489 spiritus
1485 3423 1697 3478 consilii
1723 3437 1769 3479 et
1794 3425 2070 3495 fortitudi-

489 3505 592 3568 nis,
649 3506 873 3575 spiritus
919 3511 1236 3579 cognitionis
1286 3524 1336 3568 et
1363 3514 1598 3583 pietatis,
1631 3528 1680 3571 et
1705 3519 1920 3588 replebit
1952 3537 2071 3574 eum

487 3595 709 3658 spiritus
733 3599 942 3654 timoris
973 3600 1074 3656 Dei
1103 3603 1170 3658 δ’.
1205 3603 1325 3659 Iam
1357 3605 1494 3678 lapis
1527 3608 1692 3663 etiam
1719 3610 1918 3665 dicitur
1961 3611 2071 3668 Do-

488 3683 672 3739 minus
697 3697 916 3755 noster;
951 3689 1025 3744 ita
1073 3691 1127 3746 in
1173 3691 1401 3749 Psalmis
1445 3712 1459 3748 :
1507 3694 1756 3767 Lapidem
1801 3715 1954 3768 quem
1987 3716 2069 3754 re-

482 3775 833 3841 probauerunt
876 3779 1222 3848 aediﬁcantes,
1271 3783 1359 3836 hic
1399 3784 1576 3854 [actus
1605 3797 1680 3840 est
1705 3788 1757 3841 in
1782 3800 1937 3858 caput
1967 3807 2066 3845 an-

483 3867 596 3934 guli
614 3882 633 3921 :
661 3887 692 3924 a
727 3869 952 3927 Domino
975 3875 1150 3942 [actus
1171 3887 1246 3930 est
1268 3877 1377 3942 hic,
1399 3888 1448 3930 et
1478 3889 1555 3934 est
1579 3881 1839 3936 mirabilis
1864 3884 1917 3937 in
1948 3901 2070 3938 ocu-

481 3959 552 4014 lis
588 3966 782 4018 nostris
810 3963 876 4022 “.
917 3966 1164 4022 Declarat
1189 3979 1366 4026 autem
1395 3971 1766 4040 Evangelium,
1797 3984 1851 4030 et
1887 3973 2068 4033 Lucas

483 4051 540 4106 in
575 4051 864 4112 Aetis'non
905 4057 1070 4112 alium
1105 4074 1230 4116 esse
1258 4060 1517 4131 lapidem,
1549 4079 1714 4134 quam
1747 4065 2062 4136 Christum;

481 4145 834 4218 Evangelium
883 4149 1104 4218 quidem
1149 4151 1229 4206 sic
1269 4167 1283 4204 :
1326 4151 1617 4221 Nunquam
1668 4155 1868 4226 legistis
1901 4176 1922 4215 :
1952 4157 2063 4214 La-

478 4237 654 4308 pidem
699 4257 851 4308 quem
907 4241 1314 4312 reprobaverunt
1351 4245 1678 4315 ludiﬁcantes
1707 4287 1722 4313 ,
1759 4249 1844 4303 hic
1885 4250 2064 4320 [actus

479 4341 552 4386 est
585 4334 641 4386 in
673 4342 828 4405 caput
855 4333 1077 4404 anguli?
1106 4333 1310 4400 Omnis,
1345 4339 1435 4408 qui
1464 4340 1713 4395 ceciderit
1743 4357 1901 4411 super
1923 4344 2064 4414 lapi-

479 4426 599 4478 dem
641 4427 813 4490 hunc,
849 4434 1184 4492 conteretur;
1226 4445 1383 4498 super
1420 4446 1574 4498 quem
1620 4449 1738 4487 vero
1781 4435 2058 4504 ceciderit,

2179 3240 2304 3280 σιν*
2334 3226 2418 3279 ὅτι
2451 3225 2560 3298 γὰρ
2591 3228 2620 3280 ὁ
2653 3225 2887 3298 Χριστός
2933 3225 3048 3278 ἐστι
3095 3225 3223 3296 περὶ
3254 3218 3316 3278 οὒ
3353 3222 3524 3277 ταῦτα
3554 3241 3766 3295 προφη-

2175 3314 2415 3378 τεύεται,
2444 3314 2634 3385 σαφῶς
2663 3317 2694 3369 ὁ
2725 3313 3004 3378 Ματθαῖος
3035 3313 3186 3384 δηλοῖ
3218 3315 3278 3367 ὲν
3317 3313 3396 3385 τῷ
3452 3314 3764 3386 Εὐαγγελίῳ

2178 3406 2439 3478 μνησθεὶς
2484 3407 2594 3460 ἀπὸ
2637 3406 2838 3479 μέρους
2881 3407 2980 3479 τῆς
3018 3406 3346 3478 περικοπῆς,
3397 3403 3600 3459 εἰπών’
3633 3406 3763 3462 Ἵνα

2173 3497 2462 3566 πληρωθῇ
2497 3497 2561 3551 τὸ
2597 3497 2946 3568 εἰρημένον·
2975 3501 3098 3552 Οὐκ
3122 3496 3332 3566 ἐρίσει,
3359 3497 3504 3552 οὐδὲ
3535 3495 3761 3567 κράξει,

2173 3589 2267 3642 καὶ
2299 3587 2369 3643 τὰ
2415 3587 2562 3659 ἑξῆς.
2615 3589 2875 3643 Καλετται
2908 3589 2965 3644 δὲ
3004 3589 3100 3645 καὶ
3147 3588 3311 3644 Δαυῒδ
3338 3591 3368 3644 ὁ
3401 3591 3638 3663 Χριστὸς
3682 3592 3760 3657 ὡς

2171 3679 2310 3734 ἐπὰν
2361 3679 2620 3754 Ἰεξεκιὴλ
2639 3682 3025 3754 προφητεύσας
3050 3683 3186 3756 πρὸς
3209 3683 3336 3748 τοὺς
3359 3683 3622 3754 ποιμένας
3643 3684 3762 3737 ἐπι-

2169 3771 2312 3844 φέρῃ
2367 3774 2432 3826 ὲκ
2485 3771 2781 3845 προσώπου
2820 3774 2956 3828 Θεοῦ
2976 3791 2990 3806 ·
3041 3773 3395 3844 Ἀναστήσω
3434 3774 3616 3830 Δαυῒδ
3653 3775 3751 3830 τὸν

2167 3863 2352 3917 παῖδά
2401 3882 2540 3934 μου,
2599 3864 2668 3932 ὃς
2711 3867 2996 3936 ποιμανεῖ
3033 3869 3276 3935 αὐτούς’
3327 3868 3388 3920 οὐ
3413 3867 3522 3939 γὰρ
3547 3867 3758 3924 Δαυῒδὸ

2168 3957 2516 4029 πατριάρχης
2578 3958 2943 4030 ἀναστήσεται
2999 3959 3308 4031 ποιμαίνειν
3368 3959 3579 4031 μέλλων
3630 3962 3757 4026 τοὺς

2166 4051 2374 4121 ἁγίους,
2405 4051 2540 4105 ἀλλὰ
2579 4054 2836 4126 Χριστός.
2876 4055 2998 4108 Ἔτι
3025 4054 3084 4108 δὲ
3115 4057 3144 4109 ὁ
3183 4055 3415 4119 Ἡσαΐας
3447 4053 3643 4126 ῥάϐδον
3663 4057 3756 4110 καὶ

2164 4143 2324 4209 ἄνθος
2352 4143 2609 4216 ὀνομάζει
2648 4145 2740 4200 τὸν
2784 4147 3022 4218 Χριστὸν
3070 4149 3128 4200 ὲν
3179 4147 3292 4218 τῷ’
3346 4146 3755 4212 Ἐξελεύσεται

2155 4233 2380 4302 ῥάϐδος
2403 4236 2472 4290 ἐκ
2516 4234 2628 4305 τῆς
2659 4236 2831 4306 ῥίζης
2867 4237 3102 4302 Ἰεσσαὶ,
3149 4238 3249 4292 καὶ
3277 4237 3461 4305 ἄνθος
3515 4238 3586 4292 ἐκ
3643 4239 3753 4306 τῆς

2155 4324 2324 4394 ῥίζης
2359 4326 2746 4394 ἀναϐήσεται,
2791 4329 2888 4382 καὶ
2919 4328 3414 4383 ἐπαναπαύσεται
3442 4328 3537 4382 ἐπ’
3565 4327 3752 4383 αὐτὸν

2164 4417 2402 4488 πνεῦμα
2425 4417 2534 4472 τοῦ
2560 4417 2730 4484 Θεοῦ,
2765 4419 3004 4490 πνεῦμα
3030 4419 3254 4490 σοφίας
3283 4421 3382 4476 καί
3417 4421 3750 4488 συνέσεως,

477 4523 712 4569 conteret
741 4531 858 4570 eum
901 4515 969 4570 “.
1001 4515 1058 4570 ln
1089 4518 1240 4574 Actis
1276 4533 1404 4574 vero
1433 4519 1609 4578 Lucas
1643 4524 1962 4580 scribitzliic
1984 4536 2061 4582 est

2186 4509 2403 4576 τνεῦμα
2427 4510 2672 4579 ,βουλῆς
2689 4511 2787 4566 καὶ
2819 4513 3052 4582 ίσχύος,
3079 4511 3318 4583 πνεῦμα
3345 4511 3620 4583 γνώσεως
3653 4512 3752 4566 καὶ

475 4607 612 4676 lapis
650 4605 739 4660 ille
766 4608 858 4678 qui
897 4608 1118 4676 rejectus
1149 4622 1230 4664 est
1274 4628 1306 4664 a
1333 4612 1477 4669 vobis
1513 4615 1896 4684 rediﬁcantibus
1917 4621 1948 4684 ,“
1970 4621 2062 4691 qui

2186 4603 2496 4670 εὐσεϐείας,
2541 4603 2639 4657 καὶ
2685 4602 2987 4674 ἐμπλήσει
3038 4604 3227 4659 αὐτὸν
3276 4604 3514 4674 πνεῦμα
3561 4605 3750 4674 φόϐον

473 4699 649 4770 factus
682 4710 757 4754 est
795 4710 952 4770 caput
982 4702 1163 4771 anguli
1191 4704 1259 4759 ⁸⁸.
1295 4704 1431 4760 Cum
1460 4706 1628 4777 igitur
1659 4706 1895 4764 Verbum
1927 4711 2058 4769 illud

2186 4695 2334 4752 iam”).
2366 4697 2478 4750 Καὶ
2506 4695 2654 4760 λίθος
2685 4695 2744 4750 δὲ
2780 4697 2840 4752 ὲν
2875 4697 2988 4760 τοῖς
3020 4695 3272 4768 Ψαλμοῖς
3297 4696 3327 4748 δ
3355 4695 3560 4766 Κύριος
3588 4695 3750 4767 ἡμῶν

471 4791 618 4862 quod
665 4790 872 4846 eratin
922 4789 1230 4863 principio,
1286 4793 1567 4866 Verbum,
1619 4798 1876 4868 inquam,
1913 4801 2056 4860 Deus

2186 4783 2302 4842 ιῖναι
2343 4786 2562 4857 λέγεται
2595 4786 2804 4852 οὕτως’
2840 4787 3024 4844 Λίθον
3069 4787 3145 4842 ὃν
3187 4786 3644 4857 ἀπεδοκίμασαν
3693 4791 3750 4843 oi

472 4885 612 4954 apud
653 4883 820 4939 Deum
845 4922 862 4950 ,
891 4901 1057 4941 unum
1095 4889 1166 4942 sit
1209 4903 1274 4944 es
1313 4889 1626 4947 nominibus
1659 4890 1937 4948 Servatori
1969 4907 2057 4952 at-

2186 4878 2633 4950 νίκοδομοῦντες,
2666 4875 2846 4946 οὗτος
2879 4881 3134 4951 ἐγενήθη
3185 4883 3273 4948 είς
3322 4880 3598 4951 κεφαλὴν
3630 4900 3744 4952 τω-

474 4975 712 5038 tributis,
745 4991 846 5032 nec
899 4986 1081 5035 tamen
1113 4980 1181 5035 ab
1227 4981 1347 5052 ipso
1381 4982 1606 5050 dictum,
1639 4986 1734 5038 sed
1780 4999 1812 5039 a
1841 4985 2055 5044 Joanne

2186 4971 2316 5038 -ίας.
2347 4971 2516 5040 Παρὰ
2550 4973 2774 5042 Κυρίου
2804 4972 3040 5043 ἐγένετο
3091 4973 3268 5042 αὐτὴ,
3300 4974 3401 5031 καί
3443 4975 3576 5029 ἐστι
3604 4978 3746 5029 θαυ-

469 5065 756 5136 scriptum,
804 5081 986 5137 opera:
1017 5069 1253 5138 pretium
1295 5072 1460 5127 fuerit
1490 5071 1697 5128 instare
1730 5073 1795 5128 iis
1825 5077 1939 5145 qui,
1973 5087 2054 5133 tot

2186 5063 2358 5134 ιαστὴ
2403 5065 2475 5119 ἐν
2521 5065 2852 5135 ὀφθαλμοῖς
2882 5068 3069 5136 ήμῶν.
3104 5067 3266 5138 Δηλοῖ
3294 5065 3352 5120 δὲ
3390 5066 3452 5120 τὸ
3494 5066 3743 5136 Εὐαγγέ-

470 5173 502 5211 a
535 5157 695 5212 nobis
747 5171 1066 5216 enumerata
1116 5164 1337 5219 nomina
1385 5167 1867 5236 praetermittentes
1897 5210 1912 5235 ,
1949 5172 2053 5227 hoc

2186 5175 2292 5223 ιον,
2333 5157 2428 5212 καὶ
2473 5158 2532 5212 ὲν
2566 5160 2687 5223 ταῖς
2732 5158 3004 5232 Πράξεσιν
3043 5161 3073 5212 ὁ
3103 5161 3338 5225 Λουκᾶς,
3372 5160 3474 5214 οὐκ
3513 5161 3672 5216 ἄλλον
3703 5160 3738 5232 ἢ

467 5247 582 5305 solo
619 5247 778 5306 Verbi
814 5254 1080 5310 vocabulo
1109 5271 1210 5312 ceu
1244 5257 1520 5328 praecipuo
1547 5269 1810 5317 utuntur:
1857 5278 2050 5320 rursus

2186 5246 2248 5301 ’δν
2273 5247 2508 5318 Χριστὸν
2544 5243 2682 5302 εἶναι
2710 5249 2806 5303 τὸν
2832 5249 2978 5303 λίθον
2999 5265 3015 5280 ο
3045 5249 3109 5303 τὸ
3149 5249 3250 5320 μὲν
3288 5249 3620 5320 Εὐαγγέλιον
3649 5248 3744 5302 οὖ-

465 5357 654 5398 eorum
683 5345 1211 5417 interpretationem,
1246 5349 1292 5404 si
1317 5365 1422 5420 qua
1453 5351 1576 5423 quis
1605 5353 1924 5423 protulerit,
1959 5370 2045 5411 re-

2187 5365 2290 5413 ως·
2332 5347 2630 5404 Οὐδέποτε
2661 5348 2959 5420 ἀνέγνωτε
2977 5366 2990 5376 ·
3049 5352 3230 5420 Λίθος
3271 5351 3345 5407 ὃν
3382 5351 3739 5421 ἀπεδοκίμα-

464 5433 743 5500 quirentes
767 5477 784 5504 ,
821 5448 878 5494 et
913 5439 1018 5496 hoc
1065 5457 1233 5497 unum
1269 5441 1428 5499 Verbi
1464 5444 1788 5519 vocabulum
1842 5448 2047 5502 admit-

2186 5453 2352 5517 ἀν,οῑ
2379 5451 2856 5522 οἰκοδομοῦντες,
2881 5449 3060 5522 οὗτος
3079 5453 3332 5524 ἐγενήθη
3356 5457 3444 5520 εἰς
3465 5451 3740 5524 κεφαλὴν

568 5600 611 5686 ξ’
636 5601 772 5686 Gen.
819 5620 966 5673 xm,
996 5607 1064 5686 _8_,
1119 5608 1201 5686 9._
1247 5611 1322 5686 _”
1353 5609 1593 5686 ξιξερο,
1652 5611 1751 5686 _”
1781 5610 1890 5686 lsa.
1938 5614 2070 5686 Cap.

2186 5633 2234 5681 ει,
2270 5630 2417 5686 vers.
2438 5615 2560 5686 ίι-ι.
2598 5685 2601 5686 ν
2648 5614 2718 5686 1⁸
2747 5615 2935 5671 Matth.
2998 5615 3131 5686 Cap.
3177 5631 3277 5682 xu,
3318 5630 3464 5686 vers.
3521 5612 3610 5677 17,
3647 5609 3730 5686 l9.

455 5665 502 5700 “
547 5671 746 5729 Ezecb.
779 5665 964 5743 xxxiv,
991 5665 1083 5736 23.
1160 5680 1206 5713 “
1244 5679 1346 5738 lsa.
1390 5696 1467 5748 ιι,
1503 5665 1620 5749 1-Ξ,
1652 5681 1706 5737 5.
1782 5665 1830 5715 ί³
1859 5665 2490 5754 Ρειιῖτιξιιῖνῖιῗὲἑξ--ἒῗῇ
2519 5665 2614 5718 ﬂ“
2645 5665 3277 5754 Matt—b.mx-st,vi§'-tl:i'.w
3313 5665 3614 5748 ίίᾸειλνξ
3644 5683 3730 5737 ll.

529 5809 641 5885 (95)
677 5814 828 5870 "Eur
857 5815 933 5874 ἂν
962 5817 1108 5889 ἔλθῃ
1133 5811 1181 5888 ᾧ
1206 5819 1534 5877 ἀπόκειται.
1570 5817 1697 5878 llaec
1746 5819 1939 5880 desunt
1970 5823 2022 5880 in
2055 5840 2084 5882 c

2187 5839 2291 5881 one
2323 5819 2526 5892 iluctii,
2551 5822 2643 5880 scd
2672 5825 3032 5882 restituuntur
3061 5840 3092 5880 c
3134 5821 3320 5878 codice
3345 5819 3658 5878 Bodleiano.
