4174 6404
389 357 465 412 6ἒὶ
1491 339 1857 400 COMMENT.
1899 338 1965 395 ΙΝ
1997 337 2193 395 JOAN.
2233 337 2474 395 TOMUS
2503 337 2543 394 1.
3597 336 3667 391 66

389 471 647 540 ramice;
679 466 803 532 Πᾶς
838 468 871 520 ὁ
900 462 1105 519 πεσὼν
1128 462 1227 516 ἐπὶ
1259 460 1363 515 τὸν
1386 460 1561 514 λίθοι·
1596 457 1809 512 τοῦτον
1834 472 1982 510 συν-

2094 462 2300 508 tentes:
2336 462 2595 523 tanquam
2640 452 2850 522 liqueat
2894 451 3024 521 quid
3058 453 3130 507 sit
3166 451 3336 507 Filius
3370 452 3497 516 Dei,
3529 449 3666 505 Ver-

391 559 809 627 θλασθήσεται
836 574 849 589 ·
896 557 989 625 ἐφ’
1020 556 1092 610 ὃν
1120 554 1171 607 δ’
1200 552 1277 607 ἂν
1314 551 1499 619 πέσῃ,
1544 548 1830 619 λικμήσει
1884 549 1985 602 αὐ-

387 653 519 706 τόν.
552 651 642 702 Ἐν
672 649 731 702 δὲ
761 651 881 711 ταῖς
915 646 1185 716 Πράξεσιν
1208 647 1237 699 ὀ
1271 645 1484 706 Λουκᾶς
1523 643 1757 714 γράφεισ
1797 635 1986 704 Οὗτός

392 741 568 794 ἐστιν
591 743 624 794 ό
642 740 815 805 λίθος
847 742 879 792 ό
906 738 1329 802 ἐξουδενωθεὶς
1362 738 1463 805 ὑφ’
1492 735 1660 804 ὑμῶν
1687 733 1803 787 τῶν
1824 735 1985 787 οἱκο-

393 831 615 899 δόμων,
656 832 689 884 ό
713 830 1038 899 γενόμενος
1079 830 1168 893 εις
1200 826 1477 895 κεφαλὴν
1507 824 1746 895 γωνίας.
1779 823 1875 876 Ἕν
1927 821 1985 875 δὲ

396 921 507 976 τῶν
553 921 647 974 ἐπὶ
703 919 796 973 τοῦ
844 918 1097 991 Σωτῆρος
1140 918 1490 988 τεταγμένων
1532 917 1833 987 ὀνομάτων,
1868 913 1986 969 ἀλλ’

396 1013 500 1081 οὐχ
539 1012 632 1064 ὑπ’
666 1010 832 1064 αὑτοῦ
865 1009 1180 1080 λεγόμενον,
1211 1008 1317 1062 ὑπὸ
1342 1008 1399 1062 δὲ
1429 1008 1523 1062 τοῦ
1569 1007 1817 1061 Ἰωάννου
1856 1007 1989 1061 ἀνα-

397 1102 806 1173 γεγραμμένον,
843 1099 960 1154 ἔστι
997 1100 1093 1153 καὶ
1123 1100 1152 1152 ό
1193 1100 1251 1151 ὲν
1305 1099 1447 1169 ἀρχῇ
1495 1098 1666 1166 Λόγος
1715 1097 1850 1167 πρὸς
1895 1096 1987 1149 τὸν

397 1191 533 1245 Θεὸν
549 1190 682 1253 Θεὸς
707 1189 898 1257 Λόγος.
938 1188 1050 1242 Καὶ
1075 1188 1222 1242 ἔστιν
1254 1187 1402 1254 ἄξιον
1420 1187 1841 1258 ὲπιστῆσαιτοϊς
1875 1186 1983 1257 (96)

398 1284 472 1337 τά
526 1282 765 1336 τοσαῦτα
804 1280 915 1333 τῶν
963 1280 1381 1351 ὀνομαζομένων
1435 1278 1984 1351 παραπεμπομένοις,

401 1375 500 1428 καὶ
531 1373 704 1445 τούτῳ
730 1373 806 1437 ὡς
835 1372 1100 1444 ἐξαιρέτῳ
1131 1372 1455 1443 χρωμένοις,
1483 1373 1577 1425 καὶ
1606 1372 1765 1426 πάλιν
1789 1372 1991 1425 ἐπικεί-

403 1484 568 1536 μενον
592 1467 690 1536 μὲν
715 1465 824 1536 (97)
849 1464 1096 1536 διήγησιν
1125 1464 1397 1535 ζητοῦσιν,
1421 1462 1475 1515 εἴ
1494 1480 1576 1527 τις
1607 1462 1790 1525 αὐτοῖς
1816 1479 1988 1534 προσο

400 1561 526 1628 ἀγοι
555 1557 716 1618 αὑτὰ,
756 1557 850 1609 ἐπὶ
895 1555 953 1609 δὲ
994 1556 1170 1627 τούτῳ
1203 1557 1335 1626 (93),
1371 1556 1447 1619 ὡς
1489 1556 1658 1624 σαφὲς
1692 1557 1988 1627 προσιεμέ-

401 1668 515 1714 νοις
546 1649 609 1702 τὸ
628 1649 681 1702 τί
711 1648 842 1702 ποτέ
874 1650 1022 1701 ἐστιν
1054 1651 1082 1701 ὀ
1113 1648 1241 1712 Υἱὸς
1262 1648 1356 1703 τοῦ
1388 1647 1525 1701 Θεοῦ
1560 1648 1734 1715 Λόγος
1789 1648 1990 1719 ὀνομα-

403 1742 651 1812 ζόμενος,
698 1741 793 1794 καὶ
843 1739 1075 1811 μάλιστα
1124 1741 1249 1793 ἐπεὶ
1294 1740 1531 1811 συνεχῶς
1587 1739 1828 1814 χρῷνται
1874 1739 1985 1811 τῷ,

2088 544 2218 599 bum
2244 553 2604 613 nuncupatus,
2635 543 2797 612 idque
2825 555 2937 598 tum
2965 545 3200 598 maxime
3226 544 3371 613 quod
3402 543 3660 598 continue

2089 644 2311 689 utantur
2341 635 2445 689 hoc
2476 632 2971 691 dicto:_Eructavit
3011 651 3103 689 cor
3132 650 3304 688 meum
3332 633 3545 688 verbum
3579 632 3670 687 bo-

2089 741 2215 780 num
2244 724 2310 791 ‘°,
2345 726 2727 780 existimantes
2774 725 2968 780 Filium
3022 726 3115 780 Dei
3166 735 3448 794 paternam
3488 724 3671 794 prola-

2091 816 2294 871 tionem
2313 830 2435 872 esse
2466 828 2720 886 tanquam
2755 817 2807 871 in
2837 815 3061 888 syllabis
3089 818 3354 887 positam;
3387 825 3442 870 et
3467 817 3671 871 idcirco

2088 909 2405 980 hypostasin
2433 947 2450 973 ,
2496 908 2605 979 26
2639 918 2693 963 et
2723 908 3134 963 subsistentiam
3168 908 3246 965 illi
3275 947 3292 975 ,
3340 908 3384 965 si
3418 917 3674 962 accurate

2087 1001 2235 1068 ipsos
2252 1000 2669 1069 interrogemus,
2693 1014 2798 1053 non
2828 999 3153 1064 tribuentes,
3178 1014 3353 1069 neque
3379 999 3669 1056 essentiam

2089 1090 2209 1160 ejus
2229 1091 2611 1161 explanantes,
2643 1092 2878 1145 nondum
2909 1089 3142 1147 dicimus
3171 1090 3331 1146 talem
3357 1091 3440 1145 vel
3471 1091 3633 1145 talem
3654 1130 3671 1157 ,

2089 1184 2184 1238 sed
2221 1184 2716 1254 quomodocunque
2743 1182 3063 1237 essentiam.
3096 1181 3334 1238 Verbum
3367 1184 3515 1238 enim
3541 1199 3671 1254 pro-

2089 1276 2397 1331 nuntiatum
2430 1275 2736 1346 intelligere
2764 1275 2848 1330 vel
2876 1276 3120 1346 vulgaris
3151 1276 3329 1349 quivis
3363 1284 3574 1345 potest;
3614 1284 3669 1329 at

2088 1369 2404 1423 renuntient
2448 1367 2605 1423 nobis
2637 1377 2690 1421 et
2736 1366 3019 1436 proferant
3070 1366 3307 1421 Verbum
3342 1367 3446 1420 tale
3483 1381 3581 1434 per
3614 1382 3674 1421 se

2090 1459 2296 1525 vivere,
2324 1460 2468 1529 quod
2501 1458 2584 1514 vel
2616 1474 2721 1513 non
2762 1459 2833 1514 sit
2859 1469 3172 1530 separatum
3202 1475 3229 1512 a
3270 1458 3455 1525 Patre,
3484 1465 3539 1512 et
3569 1460 3672 1513 hac

2090 1550 2255 1603 etiam
2306 1550 2519 1603 ratione
2571 1565 2749 1619 neque
2790 1550 3097 1612 subsiStat,
3150 1565 3324 1619 neque
3358 1550 3433 1605 sit
3462 1548 3669 1613 Filius;

2093 1641 2176 1695 vel
2202 1642 2346 1710 quod
2372 1642 2445 1694 sit
2468 1654 2803 1710 separatum,
2833 1651 2887 1695 et
2917 1640 3276 1696 substantiam
3310 1641 3506 1695 habeat
3532 1641 3674 1696 Deus

2095 1732 2357 1787 Verbum.
2406 1730 2593 1801 Itaque
2631 1732 2916 1787 dicendum
2965 1742 3049 1788 est
3099 1748 3205 1785 non
3261 1747 3417 1787 secus
3449 1747 3479 1787 a
3520 1732 3674 1787 nobis

416 1798 808 1901 ζΕξηρεὺξατο
903 1832 1117 1901 καρδία
1133 1851 1252 1903 μου
1274 1798 1461 1902 λόγθὲ
1484 1798 1730 1903 ιίγαᾙὸιθ,
1748 1798 1985 1904 οἰόμενοι

2094 1824 2207 1878 ﬁeri
2243 1824 2463 1888 debere,
2497 1838 2622 1878 cum
2657 1823 2918 1879 vocabulo
2949 1821 3114 1877 Verbi
3167 1824 3259 1879 ille
3307 1832 3668 1893 nuncupatur,

404 1926 689 1999 προφορὰν
726 1927 999 1998 πατρικὴν
1045 1926 1208 1980 οἱονεὶ
1254 1928 1313 1980 ὲν
1368 1926 1658 1991 συλλαϐαῖς
1725 1928 1985 1998 κειμένην

402 2017 545 2074 εἶναι
576 2020 668 2073 τὸν
699 2019 828 2072 Υἱὸν
859 2018 952 2071 τοῦ
997 2017 1158 2082 Θεοῦ,
1195 2018 1290 2071 καὶ
1331 2019 1474 2072 κατά
1498 2018 1656 2071 τοῦτο
1691 2018 1987 2071 ὑπόστασιν

403 2111 577 2182 αὐτῷ,
610 2112 658 2163 εἰ
687 2110 937 2181 ἀκριϐῶς
971 2109 1151 2165 αὐτῶν
1180 2108 1604 2181 πυνθανοίμεθα,
1632 2111 1692 2164 οὑ
1733 2110 1984 2174 διδόασιν,

402 2203 528 2256 οὑδὲ
590 2202 779 2254 οὑσίαν
836 2200 1002 2254 αὑτοῦ
1060 2200 1479 2271 σαφηνίζουσιν,
1538 2201 1746 2255 οὐδέπω
1808 2202 1988 2272 φαμὲν

402 2292 626 2355 τοιόνδε,
653 2292 686 2362 ἢ
712 2291 941 2354 τοιάνδε,
974 2290 1086 2343 ἀλλ’
1122 2290 1269 2353 ὅπως
1291 2290 1420 2342 ποτὲ
1447 2289 1658 2345 οὐσίαν.
1679 2290 1853 2359 Λόγον
1879 2291 1987 2362 γὰρ
2014 2288 2025 2301 ’

404 2381 883 2452 ἀπαγγελλόμενον
931 2382 1045 2436 υἱὸν
1080 2376 1219 2434 εἶναι
1261 2381 1450 2451 νοῆσαι
1495 2380 1589 2434 καὶ
1640 2381 1719 2452 τῷ
1767 2382 1987 2453 τυχόντι

405 2475 555 2527 ἐστὶν
581 2474 861 2544 ἀμήχανον
881 2489 894 2503 ο
936 2473 1030 2525 καὶ
1062 2471 1234 2539 Λόγον
1251 2470 1492 2525 τοιοῦτον
1525 2469 1705 2535 ζῶντα
1738 2473 1833 2525 καὶ
1872 2473 1988 2543 ἤτοι

405 2564 468 2616 οὑ
515 2563 922 2633 κεχωρισμένον
964 2561 1060 2615 τοῦ
1120 2561 1354 2632 Πατρὸς,
1399 2563 1497 2615 καὶ
1537 2563 1677 2618 κατά
1725 2563 1884 2617 τοῦτο
1912 2562 1991 2633 τῷ

409 2656 487 2727 μὴ
512 2655 812 2724 ὑφεστάναι
838 2655 960 2708 οὑδὲ
992 2654 1119 2707 Υίὸν
1157 2655 1513 2724 τυγχάνοντα,
1550 2655 1582 2726 ἢ
1621 2655 1715 2709 καὶ
1757 2673 1990 2727 κεχωρι-

409 2746 608 2815 σμένον
638 2746 734 2797 καὶ
758 2743 1115 2815 οὑσιωμένον,
1150 2744 1641 2813 ἀπαγγελλέτωσαν
1679 2747 1809 2816 ἡμῖν
1858 2746 1991 2800 Θεὸν

407 2836 603 2903 Λόγον.
651 2835 890 2888 Λεκτέον
923 2831 1037 2900 οὖν,
1075 2836 1178 2899 ὅτι,
1208 2835 1400 2908 ὥσπερ
1450 2837 1575 2891 καθ’
1613 2837 1841 2891 ἕκαστον
1882 2838 1992 2893 τῶν

408 2925 827 2996 προειρημένων
853 2925 1129 2997 ὀνομάτων
1158 2928 1266 2981 ἀπὸ
1297 2929 1394 2999 τῆς
1427 2928 1724 3000 ὀνομασίας
1747 2931 1990 2985 ἀναπτυ-

408 3016 565 3069 κτέον
586 3017 685 3087 τὴν
708 3016 915 3070 ἔννοιαν
939 3018 1032 3070 τοῦ
1057 3018 1481 3090 ὀνομαζομένου,
1510 3020 1604 3074 καὶ
1621 3023 1994 3093 ἐφαρμοστέον

2089 1924 2254 1982 atque
2285 1912 2512 1969 facimus
2544 1913 2863 1984 singillatim
2910 1913 2964 1967 in
3005 1913 3320 1967 nominilms
3356 1915 3627 1984 praedictis
3655 1954 3671 1976 ,

2088 2021 2212 2059 cum
2244 2020 2311 2059 ex
2341 2006 2682 2076 proprietate
2730 2004 2968 2059 nominis
3000 2004 3337 2072 explicamus
3374 2004 3672 2076 intelligen-

2091 2105 2220 2156 tiam
2249 2102 2326 2152 rei
2354 2100 2664 2161 nominataz,
2691 2110 2925 2165 cumque
2963 2106 3142 2151 certas
3172 2097 3409 2151 rationes
3451 2098 3675 2166 adapta-

2090 2205 2210 2245 mus
2248 2188 2316 2242 ad
2349 2187 2728 2256 explicandum
2763 2184 3036 2253 quomodo
3089 2184 3264 2240 Filius
3316 2184 3410 2239 Dei
3453 2185 3552 2239 hoc
3588 2188 3672 2239 vel

2092 2281 2186 2336 illo
2223 2279 2441 2334 nomine
2467 2286 2831 2346 nuncupetur.
2863 2275 2993 2341 Quae
3020 2276 3165 2329 enim
3197 2289 3281 2331 cst
3314 2278 3427 2331 haec
3460 2278 3667 2345 privata

2092 2374 2319 2427 istorum
2354 2369 2575 2434 electio,
2606 2382 2711 2422 non
2744 2366 2999 2421 insistere
3024 2367 3075 2421 in
3105 2367 3332 2437 singulis
3364 2369 3670 2439 quibusque

2091 2460 2388 2533 spectando
2434 2461 2543 2514 vim
2576 2458 2824 2513 vocabuli
2854 2497 2869 2521 ,
2925 2458 3019 2514 sed
3048 2498 3064 2523 ,
3097 2468 3154 2511 ut
3183 2460 3252 2513 ita
3287 2460 3460 2514 dicam
3484 2501 3500 2526 ,
3548 2475 3671 2514 cum

2091 2554 2410 2622 quaesierint
2442 2551 2717 2624 quomodo
2749 2552 2970 2615 ostium,
3011 2553 3281 2620 quomodo
3315 2553 3503 2619 vitem,
3539 2568 3676 2624 qua-

2094 2659 2221 2698 nam
2256 2645 2419 2699 etiam
2448 2645 2515 2697 de
2543 2659 2707 2699 causa
2743 2644 3044 2715 intelligere
3074 2647 3370 2701 debeamus
3400 2662 3527 2701 eum
3556 2662 3674 2704 esse

2092 2733 2256 2797 viam,
2291 2733 2434 2788 idem
2465 2736 2641 2791 solum
2674 2752 2780 2790 non
2818 2737 2997 2793 facere
3022 2777 3037 2803 ,
3067 2752 3191 2792 cum
3222 2736 3378 2791 audis
3417 2752 3539 2792 eum
3569 2738 3671 2792 dici

2093 2825 2147 2879 in
2182 2823 2484 2894 Scripturis
2514 2825 2796 2882 Verbum?
2831 2828 2900 2885 Ut
2928 2843 3059 2899 ergo
3086 2829 3398 2900 diligentius
3423 2845 3489 2886 ac
3518 2846 3673 2887 reve-

2094 2918 2306 2973 rentius
2359 2932 2719 2989 assequamur
2767 2935 2829 2975 ea
2879 2935 3002 2991 quae
3041 2921 3240 2976 dicturi
3278 2937 3467 2977 sumus
3517 2923 3571 2977 in
3607 2938 3671 2980 ea

2095 3024 2200 3077 qua
2224 3010 2290 3064 de
2323 3010 2522 3080 agitur,
2552 3012 2944 3081 disputatione,
2969 3012 3181 3067 scilicet
3212 3015 3482 3083 quomodo
3505 3014 3676 3071 Filius

412 3107 553 3178 μετά
585 3106 933 3173 ἀποδείξεως,
961 3109 1078 3172 πῶς
1098 3111 1125 3161 ὁ
1150 3110 1277 3173 Υἱὸς
1309 3108 1404 3192 τοῦ
1439 3109 1574 3163 Θεοῦ
1602 3111 1761 3165 τοῦτο
1783 3112 1844 3165 τὸ
1874 3114 1991 3166 δνο-

2101 3100 2195 3155 Dei
2237 3102 2448 3156 dicatur
2472 3116 2594 3158 esse
2622 3103 2855 3160 Verbum
2885 3119 2915 3159 a
2953 3106 3260 3162 nominibus
3294 3107 3488 3177 ipsius,
3516 3109 3674 3164 nobis

412 3217 493 3271 μα
547 3196 684 3253 εἶναι
735 3200 973 3270 λέγεται,
1019 3200 1192 3266 οὕτως
1219 3190 1440 3255 καὶχὲπὶ
1474 3203 1568 3256 τοῦ
1614 3203 1786 3272 Λόγον
1829 3206 1991 3258 αὑτὸν

2100 3206 2128 3244 a
2164 3192 2432 3261 principio
2460 3195 2783 3263 propositis,
2824 3197 3149 3266 incipiamus
3180 3214 3402 3256 necesse
3433 3211 3537 3257 est.
3567 3201 3678 3256 Nec

408 3293 771 3363 ὀνομάζεσθαι
808 3293 1083 3363 ποιητέον.
1122 3294 1222 3357 Τίς
1251 3293 1358 3367 γὰρ
1401 3297 1434 3366 ή
1478 3296 1864 3369 ἀποκλήρωσις
1904 3299 1990 3365 ἐφ’

408 3384 531 3447 ἐνὸς
563 3385 659 3454 μὲν
692 3385 922 3438 ἑκάστου
953 3385 1027 3455 μὴ
1060 3384 1309 3438 ἵστασθαι
1342 3386 1434 3438 ἐπὶ
1464 3387 1564 3457 τῆς
1602 3386 1820 3453 λέξεως,
1855 3388 1991 3443 ἀλλά

410 3472 548 3546 φέρε
574 3475 749 3526 εἰπεῖν
783 3474 985 3543 ζητεῖν,
1022 3474 1139 3536 πῶς
1172 3474 1334 3528 αὑτὸν
1358 3476 1640 3530 ἐκδεκτέον
1667 3478 1856 3549 θύραν,
1893 3481 1989 3534 καὶ

409 3568 536 3620 τίνα
567 3567 767 3637 τρόπον
789 3564 1052 3637 ἄμπελον,
1083 3566 1205 3618 τίνα
1235 3582 1294 3618 τε
1321 3566 1501 3621 αἰτίαν
1527 3566 1635 3639 (99)
1658 3569 1798 3633 ὁδὸν,
1826 3571 1919 3624 ἐπὶ
1939 3572 1997 3626 δὲ

411 3658 580 3729 μόνου
606 3657 699 3711 τοῦ
714 3658 885 3726 Λόγον
908 3658 1068 3710 αὑτὸν
1094 3658 1505 3730 ἀναγεγράφθαι
1534 3660 1594 3713 τὸ
1618 3659 1999 3732 παραπλήσιον

410 3749 477 3802 οὑ
512 3749 799 3819 ποιητέον;
839 3749 957 3803 Ἵνα
999 3749 1179 3804 τοίνυν
1236 3749 1435 3820 μᾶλλον
1478 3750 1999 3823 δυσωπητικώτερον

415 3838 848 3911 παραδεΕώμεθα
877 3840 944 3893 τὰ
970 3840 1343 3912 λεχθησόμενα
1376 3843 1457 3906 εἰς
1499 3841 1567 3895 τὰ
1594 3844 1722 3913 περὶ
1744 3843 1839 3895 τοῦ
1882 3843 1999 3908 πῶς

416 3929 593 3997 Λόγος
634 3931 782 3984 ἐστὶν
824 3932 852 3983 ό
899 3931 1027 3994 Υἱὸς
1055 3930 1149 3984 τοῦ
1181 3931 1339 3994 Θεοῦ,
1370 3932 1602 4003 ἀρκτέον
1638 3932 1746 3985 ἀπὸ
1786 3933 1895 3987 τῶν
1938 3935 1996 4000 ἐξ

415 4019 593 4089 ἀρχῆς
634 4022 766 4090 ἡμῖν
802 4020 1172 4091 προτεθέντων
1211 4023 1491 4092 ὀνομάτων
1534 4024 1719 4077 αὑτοῦ.
1763 4025 1871 4078 Καὶ
1913 4026 1994 4079 ὅτι

419 4111 522 4184 μὲν
548 4110 689 4177 δόξει
715 4113 824 4164 τισὶ
859 4112 1063 4184 σφόδρα
1100 4114 1503 4185 παρεκῦατικὸν
1534 4111 1673 4169 εἶναι
1719 4117 1780 4170 τὸ
1818 4115 1994 4170 τοιοῦ-

411 4217 529 4265 τον,
554 4202 653 4255 οὑκ
678 4202 1006 4275 ἀγνοοῦμεν·
1056 4203 1194 4275 πλὴν
1241 4206 1599 4276 ὲπιστήσαντι
1643 4207 1900 4280 καὶπρὸς
1934 4209 1995 4262 τὸ

2100 3282 2416 3354 ignoramus
2447 3284 2564 3340 fore
2612 3285 2823 3355 aliquos
2857 3288 3055 3356 quibus
3087 3286 3353 3356 ejusmodi
3404 3290 3672 3361 digressio

2101 3372 2273 3441 major
2302 3388 2465 3443 quam
2499 3390 2596 3445 pro
2631 3378 2709 3430 rei
2745 3378 3073 3433 necessitate
3112 3392 3235 3434 esse
3265 3380 3551 3435 videatur:
3591 3393 3675 3437 at-

2100 3473 2280 3520 tamen
2314 3466 2553 3520 animum
2604 3468 2883 3522 adhibenti
2936 3470 3012 3524 rei
3048 3470 3114 3524 de
3162 3485 3266 3539 qua
3317 3473 3515 3538 agitur,
3568 3488 3673 3529 non

2096 3574 2289 3628 parum
2322 3558 2453 3613 utile
2493 3557 2659 3614 fuerit
2695 3560 2984 3630 explorare
3015 3576 3209 3628 sensa,
3242 3563 3308 3616 de
3335 3565 3534 3634 quibus
3576 3582 3675 3620 no-

2095 3651 2240 3704 mina
2282 3658 2587 3719 ponuntur,
2640 3666 2870 3720 quorum
2912 3655 3078 3708 etiam
3120 3654 3492 3709 consideratio
3528 3656 3674 3710 utilis

2094 3742 2200 3795 erit
2227 3742 2295 3796 ad
2334 3755 2421 3794 res
2462 3757 2583 3811 qua:
2618 3744 3041 3812 subsequuntur.
3078 3745 3315 3805 Proinde
3357 3764 3477 3804 cum
3511 3750 3675 3802 senn-l

2096 3836 2149 3889 in
2181 3834 2505 3905 theologiam
2537 3835 2605 3889 de
2638 3833 2930 3889 Servatore
2965 3837 3342 3901 inciderimus,
3390 3839 3673 3895 invenien-

2104 3939 2184 3981 tes
2210 3966 2225 3993 ,
2254 3926 2533 3995 diligentia
2570 3926 2833 3991 adhibita,
2881 3941 3001 3996 qua!
3032 3930 3097 3982 de
3137 3930 3228 3985 illo
3256 3930 3508 3987 feruntur
3536 3969 3552 3990 ,
3587 3945 3675 3984 ne-

2102 4019 2345 4074 cessario
2376 4034 2480 4072 non
2512 4027 2722 4073 tantum
2756 4037 2879 4075 eum
2908 4037 2970 4077 ea
2997 4038 3155 4093 parte
3182 4024 3677 4083 considerabinms,

2101 4128 2205 4183 qua
2246 4109 2419 4179 Λόγος
2467 4110 2545 4182 [id
2588 4121 2671 4165 est
2720 4109 2955 4167 Verbum
3007 4123 3063 4169 et
3103 4115 3264 4187 ratio]
3302 4115 3536 4178 dicitur;
3584 4113 3680 4167 sed

2101 4205 2263 4260 etiam
2294 4204 2530 4274 plenius,
2564 4210 2619 4257 et
2651 4203 2871 4261 uberius
2903 4222 2999 4277 pro
3048 4208 3190 4262 virili
3226 4216 3436 4273 nostra,
3469 4208 3678 4274 reliqua

413 4292 777 4363 προκείμενον
814 4296 1084 4366 χρήσιμον
1134 4294 1286 4349 ἔσται
1334 4296 1397 4349 τὸ
1433 4296 1722 4366 βασανίσαι
1762 4300 1860 4363 τάς
1908 4302 1992 4353 ὲν·-

2101 4296 2363 4353 vocabula
2400 4295 2598 4365 quibus
2631 4295 2952 4366 appellatur,
2982 4300 3359 4354 tractabimus.

411 4385 586 4451 νοίας,
617 4389 740 4443 καθ’
778 4384 852 4445 ὧν
896 4389 965 4443 τὰ
1011 4391 1251 4462 ὀνόματα
1298 4395 1494 4455 κεῖται,
1548 4395 1643 4448 καὶ
1677 4396 1905 4466 προόδου
1942 4396 2049 4450 τῶν
2099 4393 2514 4465 ἐπιφερομένων
2551 4392 2782 4464 ὑπάρξει
2825 4395 2858 4467 ἡ
2903 4396 3232 4467 κατανόησις
3265 4395 3374 4451 τῶν
3423 4393 3684 4467 πραγμά-

411 4497 546 4534 των.
580 4481 758 4546 Ἀπαξ
798 4482 854 4535 δὲ
904 4484 984 4547 είς
1026 4481 1122 4553 τὴν
1176 4485 1303 4554 περὶ
1331 4482 1424 4537 τοῦ
1475 4485 1726 4555 Σωτῆρος
1766 4485 2044 4554 θεολογίαν
2109 4482 2444 4554 ἐμπεσόντες
2473 4522 2488 4546 ,
2537 4482 2851 4549 ἀναγκαίως
2900 4485 2999 4555 ὅση
3052 4485 3282 4556 δύναμις
3325 4485 3400 4556 (1)
3448 4486 3515 4540 τὰ
3555 4484 3683 4556 περὶ

416 4574 587 4629 αὐτοῦ
627 4574 766 4645 μετὰ
815 4575 1043 4649 ἐρεύνης
1080 4578 1468 4648 εὑρίσκοντες,
1517 4577 1884 4649 πληρέστερον
1928 4579 2091 4632 αὑτὸν
2137 4577 2197 4629 οὑ
2255 4575 2413 4646 μόνον
2538 4574 2708 4643 Λόγος
2752 4576 2869 4630 ἐστὶ
2925 4579 3222 4648 νοήσομεν,
3280 4576 3415 4631 ἀλλά
3472 4579 3566 4631 καὶ
3613 4577 3683 4631 τὰ

414 4667 605 4722 λοιπά.

492 4761 582 4816 24.
618 4760 842 4830 Ἔλεγεν
864 4756 956 4815 οῦν
985 4762 1177 4816 ἑαυτὸν
1204 4757 1346 4818 εἶναι
1371 4762 1486 4832 φῶς
1531 4761 1625 4815 τοῦ
1655 4763 1881 4834 κόσμου,
1922 4765 2015 4819 καὶ

492 4880 539 4912 ⁸⁸
575 4879 713 4935 Psal.
746 4894 889 4943 xuv,
920 4881 970 4934 l.

496 5000 609 5070 (96)
635 5001 743 5054 Kal
787 4998 962 5056 ἐστιν
991 4999 1166 5064 ἄξιον
1200 4996 1524 5067 ἐπιστῆσαι
1556 4998 1711 5063 τοῖς,
1743 4998 1999 5070 ,αθηνα-

421 5067 771 5133 lentinianos,
798 5071 1097 5125 Marcosios
1115 5080 1169 5122 et
1196 5071 1542 5125 Cnlarhasios
1564 5068 1839 5136 suggillat.
1870 5067 2000 5123 Vide

420 5143 710 5200 Irenaznm,
739 5141 833 5194 lib.
863 5157 901 5203 ι,
931 5156 1049 5210 cap.
1077 5140 1163 5205 10;
1195 5139 1574 5210 Epiphaniam,
1594 5138 1993 5210 rlueresaxxtv,

421 5226 549 5277 aure
585 5220 672 5265 est
691 5207 1099 5273 Marcosiorum,
1130 5207 1250 5279 cap.
1279 5210 1333 5270 ό,
1358 5219 1413 5263 et
1440 5207 1700 5261 Hilarium
1729 5208 1821 5279 lib.
1846 5224 1878 5262 κ
1918 5207 1993 5261 De

425 5281 622 5336 Tn’nit.
685 5281 856 5347 Quam
919 5277 1207 5345 impiorum
1276 5279 1651 5333 hmreticorum
1728 5277 1991 5331 nefariam

422 5351 728 5404 doctrinam
759 5359 879 5418 post
894 5348 1159 5419 _Origenis
1199 5358 1438 5419 tempora
1473 5347 1767 5419 renovavit,
1798 5347 1997 5402 Paulus
2028 5404 2029 5407 η

423 5416 843 5474 Samosatenits.
893 5416 1242 5483 Philastrius,
1282 5416 1475 5473 haeres.
1507 5432 1657 5473 μιν.
1710 5416 1809 5471 Hic
1862 5431 1994 5472 vero

2195 4765 2287 4820 24.
2337 4765 2471 4821 Cum
2523 4778 2655 4835 ergo
2701 4762 2903 4818 dixerit
2948 4762 3186 4831 seipsutn
3237 4763 3411 4818 lucem
3469 4765 3678 4828 tnundi,

2110 5008 2315 5074 postne
2332 4999 2640 5074 theologus,
2663 5002 2850 5056 eadem
2878 5002 2932 5056 in
2966 5000 3057 5055 illo
3085 5001 3437 5074 reprehendit
3469 5018 3591 5074 quae
3626 5004 3678 5057 in

2108 5067 2502 5126 Valentinianis
2523 5067 2642 5139 ipse
2662 5075 2940 5141 carpebat,
2971 5067 3324 5137 quasi'suam
3344 5114 3360 5140 ,
3397 5067 3503 5127 non
3557 5074 3679 5129 illo-

2106 5154 2223 5191 rum
2252 5142 2580 5194 sentemiam
2613 5143 2952 5209 protulisset.
2982 5142 3244 5196 “llETlUS.

2174 5209 2732 5283 _(9_7)_’E:zt.xslyeror
2766 5213 2903 5283 per,
2929 5222 3035 5265 etc.
3095 5210 3404 5280 Legeudnm
3446 5212 3679 5283 fortasse

2103 5280 2193 5352 vel
2221 5280 2305 5331 ἐπ’
2334 5280 2563 5344 ἐκείνοις
2594 5282 2710 5352 μέν,
2749 5280 2890 5350 quod
2945 5292 3250 5351 opponetur
3298 5283 3421 5335 huic
3474 5282 3567 5335 ἐπὶ
3622 5282 3677 5336 δὲ

2102 5348 2278 5421 τούτῳ
2304 5352 2447 5421 quod
2481 5348 2727 5421 proiime
2756 5348 3017 5421 sequitur.

2172 5419 2285 5489 (98)
2328 5419 2454 5471 Ἐπὶ
2484 5418 2553 5473 δὲ
2584 5422 2793 5487 τούτῳ.
2826 5418 2917 5474 Sic
2945 5429 3095 5475 recte
3126 5418 3289 5473 habet
3322 5419 3490 5473 codex
3540 5420 3684 5476 Bod-

423 5491 681 5558 Origenis
720 5489 871 5543 locus
916 5490 983 5558 iis
1033 5488 1406 5557 adjuugendus
1453 5498 1537 5541 est
1565 5502 1720 5558 _quos
1779 5487 1995 5555 collegit
2099 5487 2309 5544 leianus
2334 5505 2348 5550 ;
2375 5490 2514 5544 male
2543 5492 2594 5544 in
2624 5493 2861 5545 editione
2896 5489 3073 5545 Hnetii
3104 5490 3195 5541 ἐπὶ
3223 5490 3279 5542 δὲ
3310 5489 3533 5545 τούτων.

423 5556 745 5628 Pamphilus
766 5559 816 5612 iu
855 5557 1126 5628 Apologia,
1154 5556 1217 5610 ut
1236 5572 1422 5613 eorum
1449 5556 1754 5628 confutaret
1789 5558 1993 5628 calum-

423 5627 581 5686 niam
607 5629 697 5699 qui
726 5643 986 5699 perverso
1009 5627 1137 5683 huic
1169 5628 1444 5699 Valentini
1507 5627 1746 5699 dogmati
1797 5627 1993 5699 Orige-

422 5715 555 5753 nem
582 5697 801 5754 haesisse
834 5697 1133 5770 iactabant.
1155 5697 1233 5750 Ad
1263 5698 1376 5751 haec
1433 5706 1640 5770 autem_
1662 5697 1778 5762 ejus
1823 5698 1988 5770 verba
2095 5699 2148 5752 in
2179 5697 2391 5770 'codice
2417 5697 2714 5770 Bodleiano
2742 5740 2756 5763 ,
2781 5697 2884 5762 *ὡς
2923 5701 2957 5770 ἡ

2190 5559 2286 5632 99)-
2302 5560 2441 5613 Τίνα
2455 5577 2517 5632 τε
2529 5561 2743 5613 αἰτίαν.
2758 5561 2942 5632 Codex
2956 5560 3302 5632 Bodleianus,
3320 5559 3489 5632 τίνι
3508 5560 3676 5632 αἰτία.

2193 5632 2244 5697 1)
2262 5628 2712 5701 ’Ὂσηῗδύναμιᾳ
2734 5632 2881 5699 Apud
2904 5630 3152 5701 "negtium
3178 5628 3410 5699 legituri}
3429 5628 3676 5701 δύναμις,

2826 5701 2884 5762 ὃς
2923 5701 2957 5767 ἡ
3006 5698 3256 5767 δύναμις,
3312 5698 3407 5754 sed
3458 5698 3676 5757 οιιιιίἱιιυ

422 5785 555 5825 cum
590 5784 696 5823 non
741 5769 875 5823 satis
922 5772 1237 5821 attendisset
1287 5766 1765 5835 prasstantissinms
1815 5767 1990 5821 tetatis
2096 5769 2379 5839 legendum
2408 5769 2508 5839 ὅση
2539 5769 2786 5841 δύναμις,
2814 5780 2872 5826 ιιι
2898 5766 2956 5825 iu
2989 5766 3172 5825 nostro
3201 5779 3373 5822 textu.
