4174 6434
546 355 611 408 67
2012 354 2334 414 ORIGENIS
3738 364 3809 422 88

541 477 704 530 etiam
734 477 1008 551 proxima,
1031 485 1089 534 et
1113 476 1313 534 similia
1344 475 1475 533 huic
1495 477 1636 542 voci,
1662 489 1785 547 qua
1803 475 2103 546 quibusdan

2226 476 2297 529 τὰ.
2325 475 2707 548 παρακείμενα
2752 476 2925 549 ταύτῃ
2961 478 3029 550 τῇ
3064 478 3331 552 ὀνομασίᾳ
3370 476 3805 548 συνεξεταστὲον.

508 548 784 640 {fortasse
810 587 917 627 non
966 579 1177 627 tantum
1207 570 1455 640 proxima
1495 578 1551 625 et
1581 569 1804 633 similia,
1831 569 1927 624 sed
1959 569 2124 623 etiam

504 626 513 707 ξ
543 666 740 721 eadem
768 663 1098 719 videbuntur
1125 626 1249 717 esse
1272 702 1287 727 ,
1327 661 1785 717 examinabimus.
1820 659 2011 730 Itaque
2034 660 2124 714 lux

502 762 507 837 ‘,
550 769 634 815 est
657 757 958 822 hominum,
990 757 1080 811 lus
1105 764 1188 811 est
1208 769 1361 819 vera,
1389 755 1584 809 lux-est
1603 753 1833 823 denique
1858 754 2122 825 gentium.

502 878 509 903 .<
550 850 703 916 Quod
733 851 804 905 sit
830 849 922 903 lux
951 848 1256 910 hominum,
1294 846 1569 918 Evangelii
1593 887 1609 909 ,
1638 846 1794 916 cujus
1823 846 2125 902 instituitur

547 956 691 997 nunc
741 956 770 995 a
818 940 973 995 nobis
1017 940 1437 1012 interpretatio,
1470 939 1687 993 initium
1734 947 2005 1003 testatur,
2041 938 2125 993 di-

547 1048 718 1087 cens:
759 1030 913 1097 Quod
952 1032 1151 1100 factum
1181 1044 1280 1095 est,
1327 1036 1384 1084 in
1438 1031 1549 1098 ipso
1586 1032 1691 1084 vita
1730 1039 1845 1085 erat
1886 1040 1982 1085 τοι
2013 1036 2123 1085 ulla

545 1136 656 1177 erat
683 1123 777 1176 lata:
806 1124 1097 1186 hominum,
1136 1134 1182 1177 et
1226 1123 1319 1176 tua:
1360 1124 1415 1175 in
1455 1122 1678 1176 tenebris
1716 1121 1873 1186 lucet,
1902 1133 1950 1176 et
1981 1131 2122 1176 tene.

546 1217 656 1270 bra:
687 1232 801 1270 eam
830 1231 935 1268 non
968 1215 1421 1283 apprehenderunt
1449 1214 1518 1268 ³⁷.
1553 1215 1709 1282 Quod
1745 1216 1912 1269 etiam
1934 1214 2005 1269 sit
2026 1213 2119 1271 lux

542 1322 695 1372 vera,
736 1307 974 1375 ejusdem
1005 1305 1285 1375 Evangelii
1314 1306 1420 1376 27
1452 1307 1620 1361 verba
1650 1306 1967 1369 declarant.
1998 1320 2120 1375 qua

542 1415 668 1453 mox
723 1399 1116 1454 subnectuntur
1147 1416 1162 1453 :
1195 1394 1332 1450 Erat
1384 1397 1480 1450 lux
1525 1413 1645 1451 tera
1690 1412 1808 1466 quae
1851 1396 2117 1450 illuminat

542 1508 746 1545 omnem
771 1490 1033 1546 hominem
1060 1490 1345 1544 venientem
1374 1490 1429 1542 in
1456 1488 1710 1543 mundum
1734 1489 1800 1544 “.
1836 1488 1951 1544 Lux
1986 1503 2118 1544 vero

540 1586 778 1653 gentium
816 1586 883 1639 ab
926 1584 1061 1639 Isaia
1093 1582 1416 1653 appellatur,
1438 1580 1956 1651 sicutpraediximus,
1983 1581 2115 1636 illud

541 1675 687 1730 illius
716 1671 1486 1741 testimoniumprolerentes:
1523 1672 1663 1726 Ecce
1692 1672 1845 1739 posui
1874 1680 1925 1727 te
1951 1672 2008 1727 in
2037 1672 2115 1726 ιιι-

541 1780 652 1817 cem
680 1765 933 1834 gentium,
958 1772 1014 1817 ut
1043 1763 1115 1816 sis
1144 1760 1291 1816 salus
1319 1776 1434 1814 mea
1465 1760 1531 1815 ab
1565 1759 1813 1815 extremis
1852 1770 2011 1816 terre
2043 1759 2109 1815 δ’.

2226 566 2455 633 δόξαντα
2478 568 2545 622 ἄν
2569 584 2714 622 τισιν
2747 570 2869 639 οὐχὶ⁸
2903 570 3285 642 παρακείμενα
3332 571 3514 641 μόνον,
3547 570 3685 625 ἀλλά
3713 570 3809 624 καὶ

2227 660 2296 714 τὰ
2326 658 2466 713 αὐτὰ
2484 661 2791 731 τυγχάνειν.
2812 662 2969 714 Ἐστι
3002 661 3061 714 δὲ
3095 661 3157 715 τὸ
3190 662 3307 731 φῶς
3335 662 3397 716 τὸ
3412 662 3683 734 ἀληθινὸν,
3711 661 3806 715 καὶ

2227 751 2345 822 φῶς
2365 749 2564 805 ἐθνῶν·
2602 752 2716 821 φῶς
2746 751 2845 824 μὲν
2882 750 3187 823 ἀνθρώπων
3207 754 3267 807 ὲν
3290 756 3356 825 τῇ
3384 752 3480 807 τοῦ
3513 752 3807 825 προκειμέ-

2226 860 2318 897 νου
2364 843 2697 912 Εὐαγγελίου
2747 844 2928 916 ἀρχῇ·
2975 846 3036 896 Ὃ
3071 844 3283 914 γέγονε
3329 843 3459 916 γὰρ,
3504 845 3690 915 φησὶν,
3732 844 3805 897 ἐν

2223 932 2385 998 αὐτῷ
2418 933 2530 1001 ζωὴ
2556 929 2667 1003 ἦν·
2706 934 2806 988 καὶ
2836 934 2875 1002 ἡ
2923 931 3035 1001 ζωὴ
3062 930 3133 1004 ἦν
3164 936 3230 989 τὸ
3259 934 3386 1004 φῶς
3414 933 3534 988 τῶν
3577 934 3797 1003 ἀνθρώ-

2224 1024 2502 1090 πων-,και
2525 1025 2591 1078 τὸ
2621 1023 2748 1094 φῶς
2777 1025 2848 1079 ἐν
2874 1021 2951 1092 τῇ
2975 1026 3192 1092 σκοτίᾳ
3213 1025 3433 1094 φαίνει,
3462 1025 3559 1080 καὶ
3590 1026 3629 1093 ἡ
3661 1040 3803 1080 σκο-

2222 1117 2320 1171 τία
2337 1116 2483 1171 αὐτό
2513 1118 2584 1169 οὐ
2610 1115 2899 1170 κατέλαϐε
2924 1132 2938 1147 ·
2967 1115 3084 1186 φῶς
3105 1116 3163 1170 δὲ
3188 1116 3441 1188 ἀληθινὸν
3466 1118 3526 1170 ὲν
3548 1119 3661 1181 τοῖς
3677 1117 3804 1189 ἑξῆς

2219 1209 2321 1280 τῆς
2344 1208 2517 1278 αὐτῆς
2539 1209 2754 1279 γραφῆς
2786 1208 3223 1279 ἐπιγέγραπται·
3255 1204 3367 1264 Ἦν
3390 1206 3458 1263 τὸ
3488 1208 3615 1278 φῶς
3648 1209 3801 1279 ἁλη-

2221 1302 2412 1368 θινὸν,
2442 1301 2474 1355 ὃ
2507 1301 2736 1371 φωτίζει
2771 1300 2970 1355 πάντα
2997 1301 3312 1370 ἄνθρωπον
3349 1302 3679 1371 ἐρχόμενον
3712 1304 3801 1370 εις

2218 1394 2327 1448 τὸν
2354 1396 2617 1463 κόσμον·
2649 1393 2764 1461 φῶς
2784 1393 2843 1446 δὲ
2862 1391 3032 1447 ἐθνῶν
3057 1394 3116 1447 ἐν
3143 1392 3222 1464 τῷ
3258 1394 3478 1464 Ἡσαΐᾳ,
3516 1393 3594 1457 ὡς
3614 1393 3799 1465 προσί-

2219 1502 2415 1556 πομεν,
2446 1484 2871 1556 παρατιθέμενοι
2899 1484 2960 1537 τό
2977 1501 2990 1514 ·
3031 1482 3175 1538 Ἰδοὺ
3206 1483 3442 1538 τέθεικά
3467 1499 3541 1538 σε
3563 1486 3651 1549 εἰς
3673 1480 3798 1552 φῶς

2217 1578 2428 1641 ἐθνῶν,
2446 1577 2555 1631 τοῦ
2579 1573 2734 1631 εἷναί
2755 1593 2829 1631 σε
2851 1579 2939 1644 εὶς
2959 1578 3263 1645 σωτηρίαν
3273 1576 3383 1643 ἕως
3406 1575 3669 1645 ἐσχάτου
3688 1571 3799 1644 τῆς

2217 1665 2350 1737 γῆς.
2380 1666 2500 1731 Φῶς
2524 1666 2581 1719 δὲ
2614 1666 2821 1737 κόσμου
2851 1665 3110 1738 αἰσθητὸν
3135 1668 3164 1719 ό
3183 1664 3333 1736 ἡλιός
3359 1667 3496 1730 ἐστι,
3538 1665 3632 1718 καὶ
3659 1666 3799 1736 μετά

2216 1758 2407 1812 τοῦτον
2445 1758 2547 1811 οὐκ
2588 1756 2905 1829 ἀπᾳδόντως
2937 1757 2972 1827 ἡ
3008 1752 3205 1827 σελήνη
3233 1755 3310 1827 (2)
3341 1756 3439 1810 καὶ
3480 1756 3531 1809 οί
3571 1754 3796 1827 ἀστέρες

540 1828 805 1909 Caeterum
830 1853 923 1908 lux
950 1852 1132 1907 mundi
1155 1854 1255 1907 sub
1283 1866 1503 1907 sensum
1529 1852 1733 1908 cadens
1754 1851 1837 1907 sol
1863 1861 1968 1908 est.
1986 1851 2103 1908 Posl

2215 1849 2295 1921 τῷ
2333 1848 2482 1920 αὖτῷ
2530 1828 2759 1920 ὀνόματι
2790 1846 3402 1921 προσαγορευθήσονται
3422 1863 3439 1878 ·
3491 1846 3627 1901 ἀλλά
3678 1846 3795 1917 φῶς

539 1947 681 2001 hunc
727 1960 831 2001 non
872 1946 1200 2002 inconcinne
1245 1947 1410 2002 etiam
1444 1944 1571 1999 luna
1603 1958 1669 2000 ac
1715 1945 1951 2014 denique
1986 1944 2115 1999 reli-

536 2053 656 2107 qua:
681 2037 852 2093 stellae
880 2037 1071 2093 eodem
1101 2038 1323 2093 nomine
1348 2037 1829 2107 nuncupabuntur.
1866 2035 1981 2091 Lux
2013 2035 2114 2091 sub

534 2142 750 2184 sensum
778 2127 1001 2193 cadens,
1030 2143 1155 2184 cum
1176 2128 1291 2182 haec
1317 2126 1449 2190 sint,
1478 2140 1545 2181 eo
1574 2125 1721 2195 quod
1745 2125 2023 2181 terrestria
2051 2124 2113 2179 il-

532 2220 822 2285 luminant,
846 2221 989 2275 dicta
1020 2219 1161 2289 apud
1185 2217 1388 2274 Mosern
1413 2226 1612 2288 quarto
1634 2217 1725 2271 die
1746 2216 1894 2272 facta
1919 2216 2111 2281 fuisse,

454 2318 465 2333 ‘
533 2311 680 2367 haud
705 2321 882 2366 tamen
912 2311 1003 2365 lux
1030 2320 1159 2366 sunt
1189 2324 1341 2364 vera.
1377 2309 1603 2365 Atvero
1634 2307 1895 2364 Servator
1926 2320 2114 2365 noster

531 2402 855 2458 illucescens
885 2402 970 2456 his
1014 2401 1107 2471 qui
1140 2400 1369 2455 rationis
1395 2408 1522 2455 sunt
1560 2414 1810 2470 capaces,
1838 2411 2108 2470 praestan-

534 2493 764 2550 tissimis
820 2494 1124 2548 animarum
1172 2507 1360 2548 eorum
1408 2491 1704 2562 partibus,
1758 2501 1816 2546 ut
1868 2492 2107 2560 ipsorqu

531 2602 687 2642 mens
712 2586 929 2657 propria
958 2584 1310 2653 aspectabilia
1340 2593 1553 2651 cernat,
1579 2582 1937 2654 intelligibilis
1958 2599 2110 2638 mun-

530 2679 585 2734 di
612 2676 706 2732 lux
746 2686 864 2733 est:
915 2676 1174 2731 nimirum
1208 2676 1516 2730 animarum
1568 2674 1796 2729 rationis
1824 2674 2105 2743 capacium

531 2770 588 2823 in
638 2770 743 2825 hoc
790 2768 992 2823 mundo
1044 2766 1285 2825 sensibili
1317 2766 1738 2832 essistentimu;
1773 2776 1828 2821 et
1876 2765 1920 2821 si
1974 2764 2103 2836 quid

529 2869 727 2929 praeter
754 2860 871 2915 haec
896 2857 1157 2913 mundum
1185 2857 1450 2928 complet:
1488 2871 1554 2912 es
1580 2872 1690 2927 quo
1718 2857 1979 2912 Servatur
2003 2871 2103 2911 no-

529 2960 644 3005 ster
673 2964 794 3006 esse
821 2964 921 3005 nos
956 2950 1133 3005 docet.
1165 2948 1421 3004 Fortasse
1451 2950 1568 3019 ipse
1606 2948 1755 3005 illius
1785 2948 2103 3019 praecellens

528 3041 1082 3111 prmstantissimaque
1106 3055 1235 3111 pars
1264 3042 1561 3108 exsisteus,
1590 3050 1652 3095 ut
1676 3040 1748 3093 ita
1772 3024 1972 3108 dicam,
2000 3039 2100 3104 sol,

528 3135 619 3201 qui
650 3133 813 3189 faciat
853 3137 992 3191 diem
1029 3134 1242 3188 Domini
1287 3148 1541 3203 maguum
1562 3173 1579 3197 ,
1606 3132 1761 3202 cujus
1789 3132 1896 3186 diei
1937 3146 2100 3188 causa

524 3226 594 3279 ad
622 3240 718 3280 eos
747 3226 876 3282 dicit
905 3226 997 3295 qui
1030 3226 1166 3280 lucis
1193 3241 1304 3281 sua:
1335 3225 1633 3296 participes
1673 3234 1867 3279 erant:
1897 3223 2099 3293 Opera-

528 3318 658 3373 mini
700 3319 825 3370 dum
853 3318 963 3371 dies
1008 3327 1119 3382 est;
1158 3317 1326 3371 veniet
1358 3333 1485 3383 nox,
1536 3317 1746 3387 quando
1799 3316 1976 3379 nullus
2009 3333 2102 3384 po-

524 3423 637 3466 stea
666 3419 833 3479 potest
867 3410 1109 3478 operari;
1133 3411 1369 3479 quandiu
1402 3426 1519 3464 sum
1548 3411 1602 3465 in
1626 3411 1845 3476 mundo,
1867 3410 1960 3463 lux
1985 3426 2099 3463 sum

521 3503 710 3556 mundi
739 3501 808 3555 ⁸⁸.
844 3499 1109 3566 Quoniam
1150 3516 1281 3557 vero
1335 3501 1616 3572 discipulis
1668 3502 1835 3555 etiam
1884 3501 2018 3556 dicit
2083 3516 2098 3553 :

534 3593 636 3648 Vos
671 3595 794 3648 estis
829 3594 923 3648 lux
962 3595 1182 3649 mundi:
1214 3605 1298 3649 et:
1342 3592 1535 3648 Luceat
1585 3593 1684 3649 lus:
1715 3604 1885 3647 vestra
1917 3582 2097 3646 coram

522 3685 819 3740 hominibus
844 3686 885 3719 "
911 3702 927 3738 :
951 3701 1057 3740 non
1086 3700 1244 3741 secus
1268 3697 1429 3754 atque
1448 3685 1629 3739 lunam
1660 3694 1715 3740 et
1749 3696 1893 3740 astra
1917 3685 2100 3740 lucere

528 3778 910 3833 existimamus
945 3792 1199 3846 sponsam
1238 3777 1557 3842 Ecclesiam,
1588 3786 1644 3831 et
1670 3776 1965 3846 discipulos
2004 3777 2095 3846 qui

523 3870 804 3940 propriam
837 3870 1013 3923 lucem
1048 3870 1248 3924 habent
1273 3881 1329 3923 et
1355 3869 1423 3922 ab
1458 3869 1551 3923 illo
1583 3883 1714 3923 vero
1739 3868 1853 3924 sole
1883 3878 2098 3923 mutua-

525 3975 659 4027 tam,
695 3971 753 4015 ut
788 3961 1011 4017 luceant
1042 3961 1148 4015 illis
1180 3963 1271 4028 qui
1307 3962 1444 4015 lucis
1486 3962 1690 4016 fontem
1725 3962 1776 4015 in
1806 3976 1864 4016 se
1893 3975 2099 4031 prepa-

524 4067 651 4107 rare
678 4067 785 4108 non
824 4061 1069 4122 possunt.
1105 4051 1264 4107 Verbi
1299 4054 1499 4123 gratia,
1534 4052 1761 4107 Paulum
1797 4053 2015 4122 quidem
2042 4060 2098 4105 et

521 4144 746 4199 Petrum
780 4143 1018 4199 dicimus
1046 4143 1224 4198 lucem
1274 4145 1457 4197 mundi
1487 4162 1503 4208 ;
1534 4144 1782 4213 vulgares
1814 4157 1965 4206 vero,
2010 4142 2096 4198 vel

520 4239 762 4307 ipsorum
791 4235 1111 4303 discipulos,
1139 4236 1229 4305 qui
1269 4235 1643 4289 illuminentur
1678 4234 1918 4303 quidem,
1954 4234 2095 4288 haud

518 4339 703 4385 tamen
755 4328 1058 4383 illuminare
1106 4328 1243 4383 alios
1290 4328 1541 4398 possint,
1592 4326 1891 4381 mundum:
1940 4325 2095 4395 cujus

517 4421 702 4476 mundi
735 4421 824 4475 lux
860 4420 1012 4474 fuere
1041 4421 1292 4489 apostoli.
1331 4422 1399 4473 At
1434 4433 1559 4473 vero
1589 4417 1846 4472 Servatur
1881 4415 1971 4470 lux
2005 4430 2096 4471 es-

2219 1943 2318 2013 μὲν
2338 1940 2599 2013 αισθητδν
2620 1941 2982 2013 τυγχάνοντες
3017 1942 3069 1994 οι
3106 1941 3387 2010 remi
3423 1939 3576 2012 παρά
3606 1940 3798 1995 uoca

2214 2033 2498 2105 λεγόμενοι
2528 2035 2596 2104 τῇ
2628 2032 2865 2105 τετάρτῃ
2896 2032 3105 2104 ἡμέρᾳ,
3135 2031 3270 2086 καθὸ
3290 2031 3582 2102 φωτίζουσι
3611 2031 3681 2085 τὰ
3702 2031 3796 2084 ἰπὶ

2211 2121 2338 2192 γῆς,
2353 2120 2457 2174 οῦκ
2481 2122 2587 2174 είσι
2604 2120 2717 2191 φῶς
2732 2121 3004 2192 ἀληθινόν·
3028 2123 3057 2173 ὁ
3082 2122 3140 2175 δὲ
3160 2122 3371 2194 Σωτὴρ,
3397 2122 3689 2194 ἐλλάμπων
3714 2122 3790 2193 (⁵)

2210 2217 2323 2278 τοῖς
2380 2213 2616 2282 λογικοῖς
2670 2212 2766 2266 καὶ
2807 2215 3159 2284 ἡγεμονικοῖς
3188 2252 3203 2277 ,
3254 2214 3343 2268 ῐνα
3385 2214 3566 2268 αὐτῶν
3601 2218 3631 2271 ό
3667 2220 3795 2285 νοῦς

2209 2306 2278 2361 τά
2308 2306 2414 2361 ῐδια
2437 2305 2609 2377 ὁρατά
2648 2304 2841 2377 βλέπῃ,
2874 2305 2971 2359 τοῦ
2997 2304 3187 2395 νοητοῦ
3236 2308 3443 2378 κόσμου
3485 2310 3602 2364 ἐστὶ
3648 2313 3792 2382 φῶς·

2210 2400 2353 2468 λέγω
2390 2400 2447 2453 δὲ
2495 2400 2606 2452 τῶν
2634 2399 2867 2468 λογικῶν
2896 2398 3085 2469 ψυχῶν
3120 2398 3231 2453 τῶν
3274 2400 3333 2454 ὲν
3384 2400 3462 2472 τῷ
3493 2403 3795 2478 αἰσθητικῷ

2209 2491 2418 2561 κόσμῳ,
2452 2491 2547 2544 καὶ
2574 2489 2627 2543 ei
2655 2507 2710 2542 τι
2741 2490 2889 2562 παρά
2919 2490 3093 2544 ταῦτα
3119 2491 3429 2566 συμπληροῖ
3453 2495 3543 2549 τὸν
3565 2496 3789 2567 κόσμον,

2207 2583 2302 2651 ἀφ’
2350 2577 2411 2637 οὗ
2449 2584 2478 2635 ό
2518 2582 2709 2654 Σωτὴρ
2763 2578 2901 2637 εἶναι
2939 2585 3087 2654 ἡμᾶς
3123 2584 3394 2639 διδάσκει·
3431 2587 3572 2658 τάχα
3626 2590 3793 2662 μέρος

2207 2673 2372 2727 αὑτοῦ
2427 2675 2489 2728 τὸ
2530 2674 2870 2745 κυριώτατον
2909 2677 3003 2729 καὶ
3030 2676 3287 2749 διαφέρον
3326 2680 3631 2750 τυγχάνων,
3673 2684 3789 2748 καὶ,

2204 2766 2281 2832 ὼς
2307 2765 2456 2820 ἔστιν
2487 2768 2684 2831 εἰπεῖν,
2717 2766 2869 2837 ἡλιος
2922 2768 3137 2840 ἡμέρας
3170 2769 3416 2841 μεγάλης
3458 2774 3664 2844 Κυρίου
3711 2773 3788 2845 (ι)

2206 2861 2469 2932 ποιητής·
2511 2860 2579 2913 δι’
2603 2860 2671 2931 ἡν
2697 2860 2911 2932 ἡμέραν
2950 2860 3085 2932 φησὶ
3110 2864 3225 2926 τοῖς
3270 2862 3365 2916 τοῦ
3400 2865 3576 2933 φωτὸς
3617 2866 3785 2921 αὐτοῦ

2208 2952 2727 3025 μεταλαμϐάνουσιν·
2766 2951 3111 3022 Ἐρτάζεσθε
3140 2953 3251 3021 ἕως
3268 2954 3344 3025 (5)
3363 2955 3554 3025 ἡμέρα
3577 2957 3752 3012 ἐστιν
3770 2976 3786 2991 ·

2201 3045 2435 3115 ἔρχεται
2455 3045 2592 3110 νὺξ,
2606 3044 2705 3099 ὅτε
2722 3046 2925 3099 οὐκέτι
2944 3046 3145 3113 οὐδεὶς
3161 3047 3408 3103 δύναται
3420 3049 3785 3120 ἐργάζεσθαι·

2205 3137 2352 3191 ὅταν
2381 3138 2451 3191 ἐν
2476 3137 2557 3203 τῷ
2577 3138 2783 3207 κόσμῳ
2803 3133 2870 3201 ὦ,
2894 3138 3022 3207 φῶς
3049 3142 3167 3210 ειμι
3196 3140 3304 3195 τοῦ
3336 3142 3589 3212 κόσμου.
3633 3144 3786 3199 Ἐπεὶ

2206 3229 2262 3283 δὲ
2293 3229 2388 3282 καὶ
2411 3230 2523 3292 τοῖς
2556 3228 2823 3300 μαθηταῖς
2844 3246 3008 3300 φησιν
3026 3247 3040 3261 ·
3085 3231 3271 3300 Ὑμεῖς
3294 3233 3435 3286 ἐστε
3456 3235 3520 3289 τὸ
3535 3234 3663 3304 φῶς
3677 3237 3786 3293 τοῦ

2205 3321 2460 3389 κόσμου·
2494 3320 2617 3374 καί·
2653 3320 2957 3390 Anyti-(ito)
2994 3321 3062 3375 τὸ
3089 3322 3216 3391 φῶς
3248 3323 3417 3392 ὑμῶν
3444 3326 3788 3397 ἔμπροσθεν

2201 3410 2324 3463 τῶν
2361 3408 2690 3479 ἀνθρώπων
2708 3426 2721 3439 ·
2754 3411 2815 3464 τὸ
2845 3411 2892 3463 δ’
2918 3412 3184 3481 ἀνάλογον
3215 3414 3412 3490 σελήνῃ
3436 3418 3531 3472 καὶ
3557 3418 3784 3491 ἄστροις

2204 3501 2663 3573 ὐπολαμῦάνομεν
2692 3498 2833 3556 εἶναι
2878 3505 3007 3574 περὶ
3049 3504 3148 3576 τὴν
3177 3504 3396 3578 νύμφην
3437 3510 3782 3582 Ἐκκλησίαν,

2201 3594 2449 3657 καὶτοὺς
2493 3593 2740 3664 μαθητὰς
2789 3592 3013 3664 ἔχοντας
3055 3596 3251 3648 οἰκεῖον
3292 3596 3429 3665 φῶς,
3466 3598 3500 3669 ἢ
3546 3600 3653 3653 ἀπὸ
3684 3600 3781 3655 τοῦ

2200 3684 2455 3756 ἀληθινοῦ
2485 3684 2635 3755 ἡλίου
2670 3684 2985 3755 ἐπίκτητον,
3015 3685 3102 3738 ἵνα
3127 3687 3405 3755 φωτίσωσι
3456 3690 3531 3762 μὴ
3566 3691 3785 3763 δεδυνη-

2204 3776 2400 3847 μένους
2433 3775 2617 3848 πηγὴν
2644 3778 2703 3829 ὲν
2743 3777 2933 3841 αὑτοῖς
2972 3780 3380 3834 κατασκευάσαι
3415 3782 3613 3852 φωτός.
3654 3779 3781 3838 υἷον

2199 3864 2411 3918 Παῦλον
2448 3866 2548 3937 μὲν
2589 3866 2686 3920 καὶ
2736 3866 2944 3937 Πέτρον
2980 3866 3095 3936 φῶς
3139 3869 3372 3942 ἐροῦμεν
3407 3872 3500 3926 τοῦ
3539 3873 3775 3946 κόσμου·

2197 3957 2324 4021 τοὺς
2350 3958 2408 4011 δὲ
2445 3958 2709 4028 τυχόντας
2752 3959 2862 4012 τῶν
2898 3962 3029 4030 παρ’
3074 3962 3259 4026 αὐτοῖς
3299 3964 3776 4038 μαθητευομένων,

2200 4049 2602 4120 φωτιζομένους
2634 4052 2755 4122 μὲν,
2789 4051 2857 4111 οὗ,
2886 4052 2993 4124 μὴν
3021 4052 3274 4121 φωτίζειν
3303 4056 3521 4128 ἑτέρους
3542 4058 3777 4129 δυναμέ-

2197 4158 2342 4206 νους,
2371 4141 2460 4194 τὸν
2488 4142 2714 4213 κόσμον,
2742 4138 2804 4198 οὗ
2832 4144 3038 4216 κόσμου
3063 4146 3179 4215 φῶς
3199 4149 3249 4200 οἱ
3283 4149 3571 4203 ἀπόστολοι
3612 4146 3773 4223 ἦσαν.

2209 4233 2267 4287 '0
2292 4233 2349 4285 δὲ
2367 4234 2558 4305 Σωτὴρ
2578 4234 2694 4303 φῶς
2710 4233 2785 4289 ὢν
2815 4235 2909 4289 τοῦ
2939 4237 3145 4308 κόσμου
3177 4239 3403 4307 φωτίζει
3431 4241 3492 4294 οὐ
3522 4240 3771 4312 σώματα,

2197 4323 2333 4378 ἀλλά
2354 4326 2632 4397 ἀσωμάτῳ
2670 4326 2896 4398 δυνάμει
2928 4329 3021 4382 τὸν
3071 4329 3362 4399 ἀσώματον
3395 4332 3541 4397 νοῦν,
3584 4335 3672 4388 ἵνα
3699 4335 3776 4400 ὡς

2197 4416 2303 4470 ὑπὸ
2333 4417 2487 4487 ἡλίου
2540 4417 2770 4481 ἕκαστος
2803 4419 2960 4489 ἡμῶν
3006 4421 3378 4493 φωτιζόμενος
3405 4426 3499 4479 καὶ
3531 4426 3600 4480 τά
3640 4427 3774 4482 ἄλλα.
3884 4446 3885 4449 ‘

515 4514 717 4567 sistens
743 4511 951 4574 mundi,
984 4526 1089 4566 non
1122 4526 1372 4581 corpora,
1407 4511 1501 4565 sed
1534 4510 1906 4576 incorpoream
1934 4522 2088 4562 men-

2206 4508 2390 4581 Βυνηθῇ
2426 4508 2641 4579 βλέπειν
2690 4511 2878 4580 νοητά.
2924 4513 3134 4585 ’Ὠσπερ
3175 4515 3230 4568 δὲ
3265 4516 3419 4588 ἡλίου
3450 4520 3773 4589 φωτίζοντος

516 4614 626 4659 tem
668 4606 985 4673 incorporea
1027 4604 1267 4672 potentia
1316 4602 1617 4665 illuminat,
1654 4610 1714 4655 ut
1764 4610 2018 4671 tauquam
2056 4613 2086 4652 a

514 4699 630 4754 sole
678 4697 1014 4751 illmuinatus
1047 4697 1423 4765 unusquisque
1461 4704 1704 4748 nostrum
1750 4693 1934 4747 videre
1983 4692 2085 4746 alia

513 4791 676 4846 etiam
717 4789 1071 4860 intelligihilia
1106 4785 1575 4858 possit.Utautem
1600 4783 1714 4839 sole
1742 4783 2088 4839 illucescente

513 4883 597 4938 vis
629 4883 715 4936 illa
746 4883 888 4937 lunas
935 4893 991 4937 et
1023 4881 1304 4936 stellarum
1355 4876 1691 4932 illumiuaudi
1736 4874 2086 4939 obscuratur,

511 4974 593 5026 sic
621 4972 672 5027 lii
699 4972 791 5042 qui
823 4987 852 5025 a
882 4971 1103 5026 Christo
1134 4969 1498 5036 illustrantur,
1529 4969 1739 5039 quique
1768 4966 2085 5036 splendores

510 5065 655 5120 illius
690 5073 1076 5134 perceperunt,
1123 5062 1326 5117 nullam
1368 5076 1591 5131 operam
1627 5061 1938 5116 desiderant
1980 5057 2083 5111 ali-

2195 4599 2538 4671 ἀμαυροῦται
2566 4600 2628 4654 τὸ
2649 4599 2909 4655 δύνασθαι
2943 4605 3198 4672 φωτίζειν
3242 4607 3470 4679 σελήνην
3492 4610 3585 4663 καὶ
3613 4610 3771 4665 ἀστέ-

2198 4707 2315 4763 ρας,
2348 4690 2519 4754 οῦτως
2538 4693 2586 4746 οί
2611 4692 3010 4765 ὲλλαμπόμενοι
3030 4696 3136 4749 ὑπὸ
3160 4698 3395 4769 Χριστοῦ
3430 4702 3524 4755 καὶ
3548 4700 3648 4766 τὰς
3675 4703 3770 4756 αὐ·-

2192 4786 2297 4854 γάς
2328 4784 2492 4840 αὑτοῦ
2531 4787 2932 4858 κεχωρηκότες.
2966 4787 3120 4843 οὐδέν
3151 4807 3315 4844 τινων
3340 4793 3769 4865 διακονουμένων

2191 4876 2504 4932 ἀποστόλων
2551 4880 2645 4932 καὶ
2685 4879 2980 4952 προφητῶν
3034 4881 3263 4945 δέονται,
3311 4883 3605 4955 τολμητέον
3659 4885 3768 4957 γὰρ

2190 4967 2371 5036 λέγειν
2412 4968 2511 5040 τὴν
2560 4968 2838 5041 ἀλήθειαν,
2881 4971 3002 5024 οὐδὲ
3048 4972 3316 5041 ἀγγέλων,
3352 4975 3643 5049 προσθήσω
3687 4976 3764 5043 δὲ,

2188 5061 2272 5114 ὅτι
2299 5060 2421 5114 οὐδὲ
2445 5062 2554 5116 τῶν
2589 5063 2914 5135 κρειττόνων
2949 5062 3231 5136 δυνάμεων
3255 5066 3405 5137 αὑτῷ
3435 5066 3512 5138 τῷ
3548 5086 3765 5138 πρωτο-

576 5234 619 5267 ⁶⁷
644 5232 802 5288 Joan.
838 5247 879 5299 ι,
913 5233 970 5296 5,
1009 5231 1064 5286 4.
1136 5231 1184 5264 ⁴⁸
1212 5231 1369 5292 Joan.
1399 5248 1437 5300 ι,
1459 5234 1515 5290 9.
1591 5234 1635 5267 δ’
1670 5232 1771 5290 lsa.
1803 5248 1951 5298 XLIX,
1980 5234 2035 5289 6.

2206 5231 2339 5289 Ioan.
2381 5249 2458 5298 Is,
2495 5234 2551 5301 4,
2582 5233 2636 5292 5.
2712 5234 2756 5267 ⁸¹
2787 5233 2977 5290 Matth.
3007 5252 3061 5301 ν,
3093 5236 3180 5292 14.

577 5394 655 5468 (2)
701 5397 763 5452 Ἠ
800 5397 1055 5468 σελήνη.
1094 5397 1253 5468 Deest
1283 5399 1424 5467 apud
1458 5396 1747 5463 lluetium,
1778 5395 1874 5452 sed
1903 5403 2083 5452 exstat

506 5467 562 5521 in
603 5466 762 5521 codd.
798 5466 1088 5522 Bodleiano
1113 5478 1169 5522 et
1201 5466 1524 5523 Barberino.

578 5537 652 5607 (3)
694 5536 757 5590 Ὀ
772 5537 841 5591 δὲ
864 5538 1091 5607 Σωτὴρ,
1121 5537 1465 5606 ἐλλάμπων,
1489 5537 1938 5607 οιαΡοτευθεριη
1986 5534 2086 5590 fuit

511 5604 723 5677 Origeni
756 5608 933 5663 Patris
965 5604 1071 5662 vim
1103 5611 1172 5663 ad
1200 5604 1285 5662 res
1307 5622 1500 5662 omnes
1542 5619 1781 5670 creatas,
1834 5605 1954 5660 Filii
2013 5609 2081 5659 ad

510 5691 594 5730 res
630 5680 855 5733 rationis
886 5688 1187 5747 compotes,
1237 5678 1476 5747 Spiritus
1509 5679 1685 5732 sancti
1729 5679 1796 5733 ad
1858 5687 2081 5731 sanctos

510 5747 1093 5824 .lmitaxat‘pertinere.
1128 5747 1303 5824 Verba
1331 5749 1500 5824 ipsius
1526 5763 1557 5802 e
1583 5749 1676 5824 lib.
1714 5763 1751 5824 t_
1789 5747 1929 5824 "api,
1975 5748 2083 5824 dp-

509 5817 631 5884 ιῶν
659 5817 865 5889 profert
885 5818 1232 5875 Justinianus
1266 5819 1319 5876 in
1353 5817 1527 5876 ’calce
1561 5817 1803 5890 epistolae
1837 5819 1920 5891 ad
1972 5818 2083 5874 Me-

2162 5416 2165 5419 ·
2192 5411 2338 5472 nam.
2363 5395 2729 5472 Quamobrem
2749 5398 2985 5472 __acriter
3033 5414 3061 5452 a
3094 5399 3419 5472 A'l‘heophilo
3467 5404 3758 5472 castigatus

2191 5476 2277 5522 est
2305 5468 2356 5520 in
2390 5466 2639 5543 Pascholi
2673 5483 2714 5525 ι.
2746 5466 2857 5543 Nos
2899 5484 3026 5524 vero
3055 5470 3108 5524 id
3138 5472 3191 5527 in
3234 5470 3574 5543 Origenianis
3601 5466 3760 5529 accu-

2189 5548 2308 5592 rate
2336 5540 2742 5607 perpendimus.
2774 5536 3037 5594 Hunnus.

2262 5607 2342 5679 (4)
2391 5607 2638 5676 Κυρίου.
2673 5608 2843 5679 godd.
2894 5609 3216 5666 Bodleianus
3266 5622 3324 5668 et
3379 5612 3755 5679 Barberinus,

2185 5677 2427 5751 κυρίους
2477 5680 2643 5751 editio
2682 5677 2905 5751 liuetii._
2931 5680 3186 5751 Χριστοῦ.

2201 5819 2216 5835 ο
2260 5751 2337 5820 (5)
2361 5749 2527 5816 Ἕως.
2566 5748 2728 5804 Iidem
2767 5748 3326 5821 οοάσ1.,ἰόοιο,ἓως;
3359 5753 3526 5811 editio
3551 5752 3751 5822 Huetii,

2185 5836 2283 5883 ως.
