4174 6450
448 368 549 447 69.

1542 384 1898 445 COMMENT.
1940 382 2007 438 IN
2044 380 2235 439 JOAN.
2272 381 2513 439 TOMUS
2544 380 2590 436 Ι.
3646 367 3715 423 70

445 507 697 579 γεννήτῳ
737 505 1168 579 μαθητευόμενοι
1218 505 1376 576 φωτί.
1433 506 1559 569 Τοῖς
1579 504 1635 558 δὲ
1677 504 1751 575 μὴ
1794 500 2033 574 χωροῦσι

2143 514 2368 569 quorum
2399 494 2897 552 administrantium
2943 493 3310 566 apostolorum
3342 492 3428 548 vel
3479 490 3714 560 pr0pheo

444 597 549 660 τὰς
596 596 829 667 ἡλιακὰς
861 595 1100 668 Χριστοῦ
1139 596 1365 659 ἀκτῖνας
1397 596 1445 648 οἱ
1478 594 1624 663 ἆγιοι
1660 591 2032 655 διακονοῦντες

448 689 759 761 παρέχουσι
794 689 1076 760 φωτισμὸν
1103 687 1286 758 πολλῷ
1315 686 1410 740 τοῦ
1442 686 1848 759 προειρημένου
1879 683 2034 738 ἐλάτ-

449 798 602 844 τονα,
646 782 804 853 μόγις
840 782 934 835 καὶ
981 778 1171 834 τοῦτον
1202 781 1401 851 χωρεῖν
1437 779 1775 850 δυναμένοις,
1812 777 1907 831 καὶ
1940 777 2032 829 ὑπ’

452 873 621 929 αὐτοῦ
648 874 753 944 πλη
763 874 1226 947 ρουμένοις.”Εστι
1245 873 1301 926 δὲ
1316 876 1344 927 ὁ
1367 871 1598 945 Χριστὸς
1622 870 1736 941 φῶς
1751 871 2031 940 τυγχάνων

453 965 684 1035 κόσμου,
704 966 817 1034 ερῶς
828 964 1080 1035 ἀληθινὸν
1097 965 1232 1035 πρὸς
1242 962 1645 1035 ἀντιδιαστολὴν
1661 960 1941 1031 αἰσθητοῦ,
1954 960 2032 1013 οὐ-

450 1057 605 1119 δενὸς
623 1055 881 1126 αἰσθητοῦ
910 1056 1062 1121 ὄντος
1082 1054 1335 1127 ἀληθινοῦ
1357 1055 1587 1127 (6),ἀλλ’
1604 1054 1747 1126 οὐχὶ,
1780 1056 1903 1108 ἐπεὶ
1934 1056 2035 1107 οὐκ

453 1145 709 1216 ἀληθινὸν
736 1145 797 1198 τὸ
825 1145 1079 1216 αἰσθητὸν
1095 1146 1402 1217 (7),ψεῦδος
1429 1146 1487 1199 τὸ
1503 1146 1786 1218 αἰσθητόν’
1811 1145 2033 1200 δύναται

452 1234 565 1305 γὰρ
580 1234 870 1303 ἀναλογίαν
883 1235 1026 1306 ἔχειν
1042 1236 1102 1289 τὸ
1113 1236 1367 1307 αἰσθητὸν
1385 1237 1521 1308 πρὸς
1534 1237 1596 1290 τὸ
1607 1237 1817 1308 νοητὸν,
1846 1238 1906 1290 οὐ
1924 1239 2032 1308 μὴν

450 1326 516 1379 τὸ
544 1325 735 1396 ψεῦδος
771 1327 940 1395 ὑγιῶς
967 1328 1165 1392 παντὸς
1191 1328 1612 1400 κατηγορεῖσθαι
1641 1329 1735 1382 τοῦ
1768 1329 1868 1382 οὐκ
1899 1330 2033 1399 ἀλη-

453 1417 626 1472 θινοῦ.
653 1417 811 1488 Ζητῶ
842 1417 899 1470 δὲ
933 1421 981 1471 εἰ
1003 1420 1197 1472 ταυτόν
1225 1422 1340 1473 ἐστι
1365 1420 1426 1472 τὸ
1452 1419 1569 1489 φῶς
1592 1420 1685 1474 τοῦ
1719 1421 1922 1492 κόσμου
1957 1420 2035 1492 τῷ

452 1509 597 1578 φωτὶ
627 1509 735 1562 τῶν
761 1509 1086 1582 ἀνθρώπων,
1118 1511 1212 1565 καὶ
1260 1512 1502 1584 ἡγοῦμαι
1536 1512 1760 1566 πλείονα
1805 1513 2034 1586 δύναμιν

456 1603 832 1674 παρίστασθαι
853 1603 943 1657 τοῦ
967 1606 1166 1673 φωτὸς,
1203 1606 1293 1659 ὅτε
1323 1606 1437 1676 φῶς
1468 1606 1563 1660 τοῦ
1612 1609 1818 1678 κόσμου
1863 1624 2035 1679 προσ-

452 1692 805 1763 αγορεύεται,
840 1695 987 1766 ἥπερ
1013 1694 1130 1764 φῶς
1160 1696 1269 1749 τῶν
1296 1695 1393 1749 ἀνθ
1404 1695 1618 1768 ρώπων·
1642 1699 1672 1751 ό
1698 1697 1807 1768 γὰρ
1832 1696 2035 1767 κόσμος

453 1783 601 1837 κατά
628 1785 758 1855 μίαν
786 1785 1035 1858 ἐκδοχὴν,
1069 1770 1131 1840 οὐ
1165 1786 1325 1857 μόνον
1361 1788 1658 1860 ἄνθρωποι.
1692 1789 1802 1842 Καὶ
1852 1804 2031 1860 παρα-

455 1874 647 1944 στήσει
674 1872 736 1925 τὸ
766 1873 1000 1944 πλεῖονῆ
1030 1874 1216 1945 ἕτερον
1238 1872 1377 1928 εἶναι
1403 1876 1495 1929 τὸν
1511 1876 1713 1947 κόσμον
1737 1876 1886 1947 παρά
1906 1879 2032 1941 τοὺς

453 1964 776 2037 ἀνθρώπους
793 1968 823 2019 ό
836 1965 1047 2030 Παῦλος
1074 1967 1210 2037 πρὸς
1230 1967 1552 2041 Κορινθίους
1572 1971 1820 2041 προτέρᾳ
1836 1969 2031 2039 λέγων’

360 2046 365 2051 ’
456 2057 718 2125 Θέατρον
741 2056 1108 2128 ἐγενήθημεν
1130 2057 1212 2123 τῷ
1245 2060 1450 2128 κόσμῳ
1492 2060 1589 2114 καὶ
1626 2061 1906 2131 ἀγγέλοις
1938 2062 2037 2116 καὶ

453 2147 810 2216 ἀνθρώποις.
849 2148 1169 2221 Ἐπίστησον
1196 2148 1253 2202 δὲ
1273 2150 1487 2204 είκατά
1520 2151 1651 2221 μίαν
1683 2153 1908 2223 ἐκδοχὴν
1939 2152 2036 2206 κό-

457 2256 597 2309 σμος
623 2238 771 2292 ἐστὶν
797 2241 830 2312 ή
862 2239 1286 2313 ὲλευθερουμένη
1318 2241 1494 2305 κτίσις
1522 2242 1630 2295 ἀπὺ
1654 2242 1757 2313 τῆς
1792 2243 2037 2308 δουλείας

457 2330 559 2400 τῆς
589 2330 794 2400 φθορᾶς
816 2333 895 2395 είς
926 2332 1026 2401 τὴν
1048 2332 1358 2403 ἐλευθερίαν
1383 2333 1481 2404 τῆς
1508 2334 1667 2405 δόξης
1694 2333 1802 2388 τῶν
1831 2336 2036 2390 τέκνων

454 2421 550 2474 τοῦ
599 2422 759 2486 Θεοῦ,
795 2418 865 2495 ἦς
895 2426 928 2494 ὴ
958 2424 1370 2496 ἀποκαραδοκία
1409 2425 1506 2497 τὴν
1542 2426 1882 2498 ἀποκάλυψιν
1929 2428 2038 2483 τῶν

457 2511 592 2566 υἱῶν
613 2513 708 2566 τοῦ
733 2513 869 2566 Θεοῦ
894 2515 1271 2586 ἀπεκδέχεται.
1307 2517 1628 2587 Ἐπίστησον
1647 2517 1726 2585 δὲ,
1761 2518 2036 2590 προσεθή-

458 2621 661 2674 καμεν,
692 2604 781 2658 διὰ
812 2605 874 2659 τὸ
904 2607 1271 2679 παρακεῖσθαι
1303 2608 1366 2662 τὸ
1411 2609 1710 2680 δυνάμενον
1748 2610 1808 2663 τό
1829 2624 1844 2641 ⁸
1889 2609 2037 2681 Ἐγὼ

457 2696 589 2765 φῶς
614 2699 732 2767 ειμι
763 2697 871 2751 τοῦ
894 2699 1147 2768 κόσμου,
1180 2699 1627 2765 συνεξετάζεσθαι
1659 2701 1752 2754 ἐπὶ
1778 2701 1887 2754 τῶν
1930 2719 2033 2772 μα-

460 2787 641 2860 θητῶν
675 2789 780 2843 ὑπὸ
823 2789 999 2861 Ἰησοῦ
1044 2790 1368 2862 λεγόμενοντ
1413 2792 1598 2862 Ὑμεῖς
1626 2793 1769 2848 ἐστε
1803 2794 1870 2848 τὸ
1910 2794 2037 2863 φῶς

458 2880 569 2934 τοῦ
625 2883 879 2951 κόσμου.
924 2882 1048 2936 Εἰσὶ
1087 2883 1198 2955 γὰρ
1243 2882 1720 2955 ὑπολαμϐάνοντες
1784 2886 2037 2956 μείζονας

459 2973 603 3030 εἶναι
630 2977 757 3041 τοὺς
785 2977 1109 3050 ἀνθρώπους
1132 2981 1259 3044 τοὺς
1280 2981 1360 3054 τῷ
1382 2981 1556 3052 Ἰησοῦ
1588 2982 1827 3053 γνησίως
1857 2999 2036 3053 μεμα-

460 3066 831 3139 θητευμένους
876 3068 984 3124 τῶν
1035 3070 1210 3125 ἄλλων
1250 3074 1585 3145 κτισμάτων,
1634 3078 1682 3129 oi
1724 3077 1822 3147 μὲν
1876 3075 2036 3146 φύσει

457 3159 737 3257 τοιοῦτους
767 3164 1169 3257 γεγενημένους
1203 3163 1302 3257 (8),
1338 3168 1388 3219 οί
1428 3165 1485 3219 δὲ
1534 3168 1626 3221 καὶ
1677 3167 1737 3220 ἐν
1777 3167 1922 3239 λόγῳ
1961 3165 2038 3238 τῷ
2064 3199 2108 3257 C

457 3253 606 3309 κατά
632 3255 726 3307 τὸν
771 3255 1150 3329 χαλεπώτερον
1177 3256 1398 3326 ἀγῶνα.
1451 3257 1682 3323 Πλείους
1720 3259 1831 3332 γάρ
1865 3262 1913 3314 οἱ
1943 3260 2042 3313 πό-

456 3361 566 3410 νοι,
604 3347 700 3401 καὶ
730 3348 1036 3420 ἐπισφαλὴς
1063 3351 1096 3420 ἡ
1127 3347 1240 3421 ζωὴ
1282 3349 1392 3403 τῶν
1423 3349 1486 3404 ἐν
1526 3352 1691 3423 σαρκὶ
1724 3351 1818 3406 καὶ
1850 3352 2042 3425 αἵματι

460 3438 616 3511 παρά
639 3441 767 3504 τοὺς
786 3441 845 3494 ἐν
873 3440 1097 3512 αἰθερίῳ
1124 3439 1365 3512 σώματι·
1394 3440 1495 3495 οὐκ
1519 3441 1585 3495 ἂν
1617 3441 1726 3495 τῶν
1750 3443 1809 3495 ἐν
1830 3441 2043 3514 οὐρανῷ

461 3534 766 3604 φωστήρων
796 3533 855 3586 ἐν
888 3531 966 3603 τῷ
987 3532 1276 3586 ἀναλαϐεῖν
1319 3531 1389 3586 τά
1420 3533 1588 3604 γήϊνα
1639 3531 1868 3604 σώματα
1891 3534 2044 3587 ἀκιν-

458 3625 634 3691 δύνως
661 3627 756 3680 καὶ
777 3627 994 3691 πάντως
1017 3628 1418 3699 ἀναμαρτήτως
1439 3625 1804 3680 διανυσάντων
1831 3626 1929 3698 τὴν
1955 3627 2045 3680 ἐν-

460 3717 641 3772 ταῦθα
668 3716 834 3789 ζωήν.
866 3720 929 3772 Oi
960 3718 1017 3771 δὲ
1050 3718 1127 3790 τῷ
1166 3718 1310 3788 λόγῳ
1347 3717 1520 3787 τούτῳ
1546 3718 1940 3789 παριστάμενοι
1973 3718 2045 3773 τὰ

466 3809 701 3880 μέγιστα
734 3809 864 3883 περὶ
900 3808 1224 3881 ἀνθρώπων,
1259 3809 1725 3879 ἀποφαινομέναις
1749 3810 2042 3881 χρήσονται

462 3899 644 3967 λέξεσι
665 3899 772 3952 τῶν
787 3899 1039 3971 Γραφῶν,
1054 3901 1115 3953 τὸ
1129 3900 1493 3972 ἀνυπέρθετον
1504 3901 1605 3972 τῆς
1621 3902 1951 3970 ἐπαγγελίας
1965 3901 2042 3973 (9)

461 3993 549 4046 ὅτι
582 3991 673 4044 τὸν
712 3990 999 4064 ἄνθρωπον
1033 3991 1223 4061 φθάνει
1259 3992 1625 4062 φασκούσαις,
1673 3995 1734 4047 οὐ
1784 3994 1890 4066 μὴν
1912 4012 2045 4049 ταυέ

463 4084 560 4138 τὸν
601 4084 758 4138 τοῦτο
788 4086 1044 4157 καὶπερὶ
1069 4086 1168 4157 τῆς
1212 4085 1464 4150 κτίσεως,
1515 4086 1571 4157 ἢ,
1612 4086 1687 4150 ὼς
1722 4086 2041 4159 ἐδεξάμεθα,

463 4177 675 4247 κόσμου
706 4176 1327 4249 ἀπαγγελλούσαις(10)”
1350 4178 1412 4231 τὸ
1432 4176 1542 4249 γὰρ
1567 4176 1623 4230 δέ
1640 4194 1654 4208 ο
1691 4177 1786 4244 Ὧς
1812 4179 1926 4249 ἐγὼ
1945 4181 2043 4235 καὶ

463 4269 550 4323 σὺ
564 4268 635 4323 ἐν
644 4270 850 4339 ἐσμεν,
870 4269 970 4322 ἵνα
982 4270 1079 4323 καὶ
1091 4270 1259 4324 αὐτοὶ
1273 4270 1344 4323 ἐν
1353 4269 1498 4339 ἡμῖν
1510 4264 1718 4335 ἓνῶσι,
1736 4272 1832 4326 καί
1841 4272 2044 4326 ’Ὅπου

462 4363 586 4432 εἰμὶ
618 4361 754 4431 ἐγὼ,
781 4361 911 4416 ἐκεῖ
927 4363 1025 4417 καὶ
1053 4365 1086 4417 ό
1107 4360 1386 4429 διάκονος
1411 4366 1444 4416 ὀ
1473 4363 1615 4432 ἐμὸς
1635 4364 1826 4429 ἔσται,
1857 4362 2044 4434 σαφῶς

465 4456 601 4529 περὶ
621 4455 921 4527 ἀνθρώπων
948 4456 1359 4528 ἀναγέγραπται
1379 4474 1393 4487 ·
1428 4458 1554 4530 περὶ
1577 4458 1635 4511 δὲ
1661 4457 1762 4529 τῆς
1793 4457 2043 4522 κτίσεως,

2140 603 2338 655 tarum,
2374 605 2438 645 ac
2469 605 2537 644 ne
2569 589 2885 660 angelorum
2919 588 3141 656 quidem
3167 603 3185 640 :
3231 585 3536 641 audendum
3567 585 3713 637 enim

2136 692 2218 736 est
2260 683 2546 737 veritatem
2576 681 2791 736 dicere:
2830 680 3060 750 proinde
3091 679 3307 743 addam,
3358 690 3534 746 neque
3571 690 3715 743 pra:-

2134 773 2593 827 stantissimarum
2642 774 2903 827 virtutum
2947 783 3043 824 eos
3090 768 3375 836 indigere,
3406 781 3545 836 quos
3598 766 3713 833 ipsa

2136 863 2459 935 primigenia
2488 863 2600 933 28
2625 864 2719 918 lux
2742 863 3041 918 edocuerit.
3072 860 3244 916 Porro
3271 861 3337 915 iis
3366 861 3459 929 qui
3490 857 3714 912 minime

2136 957 2344 1011 solares
2399 955 2606 1010 Christi
2660 958 2843 1011 radios
2898 968 3094 1023 capere
3128 954 3351 1016 valent,
3391 953 3568 1006 sancti
3607 946 3712 1016 ipsi

2136 1049 2508 1103 ministrantes
2545 1048 2722 1102 lucem
2760 1048 3022 1116 praebent,
3046 1048 3149 1104 sed
3170 1059 3233 1099 ea
3266 1059 3427 1115 quam
3463 1041 3713 1113 prmdixi—

2138 1157 2256 1196 mus
2284 1141 2438 1209 longe
2463 1139 2799 1201 inferiorem,
2825 1153 2948 1194 cum
2978 1139 3066 1193 vix
3092 1137 3296 1206 alioqui
3325 1137 3466 1190 hanc
3488 1148 3711 1204 parvam

2138 1235 2239 1304 ipsi
2292 1247 2490 1303 capere
2521 1233 2883 1287 valeantmox
2927 1233 2994 1286 ab
3039 1232 3156 1300 ipsa
3209 1228 3374 1299 pleni.
3403 1228 3498 1282 Est
3529 1235 3711 1281 autem

2135 1326 2386 1381 Christus
2417 1326 2506 1380 lux
2540 1325 2763 1380 mundi:
2801 1334 2883 1380 est
2913 1332 2968 1380 et
2998 1323 3088 1377 lux
3119 1337 3273 1386 vera,
3319 1320 3388 1375 ad
3429 1318 3547 1387 ejus
3577 1317 3714 1372 lucis

2137 1416 2495 1473 diﬂerentiam
2526 1432 2648 1487 qua:
2694 1431 2857 1472 sensu
2893 1413 3221 1484 percipitur;
3251 1428 3373 1468 cum
3411 1410 3542 1465 nihil
3570 1408 3713 1478 quod

2137 1523 2299 1564 sensu
2330 1508 2667 1578 percipiatur
2699 1506 2773 1561 sit
2807 1521 3034 1572 verum;
3067 1519 3166 1559 nec
3199 1514 3377 1557 tamen
3414 1503 3537 1569 quia
3568 1501 3713 1569 quod

2138 1613 2301 1653 sensu
2333 1598 2631 1668 percipitur
2661 1613 2767 1653 non
2791 1606 2875 1652 est
2903 1612 3118 1659 verum,
3151 1596 3356 1650 idcirco
3383 1593 3577 1647 falsum
3603 1602 3713 1656 est,

2137 1706 2261 1746 nam
2286 1699 2467 1760 potest
2487 1691 2948 1760 comparationem
2977 1690 3490 1759 proportionemque
3512 1685 3715 1741 habere

2138 1784 2280 1854 quod
2314 1797 2476 1838 sensu
2510 1783 2804 1852 percipitur
2828 1782 2894 1836 ad
2925 1781 3054 1836 illud
3081 1781 3225 1851 quod
3256 1780 3441 1834 animo
3469 1777 3716 1833 cernitur

2142 1878 2461 1946 rationeque
2509 1875 2991 1946 comprehenditur
3020 1914 3036 1938 ,
3068 1888 3192 1928 cum
3223 1873 3440 1928 interim
3470 1887 3601 1927 sane
3629 1885 3717 1925 re-

2140 1980 2332 2040 cteque
2361 1970 2429 2024 de
2460 1969 2605 2026 omni
2644 1984 2752 2024 non
2806 1983 2937 2022 vero
2975 1983 3081 2022 non
3129 1966 3452 2037 praedicetur
3495 1964 3714 2022 falsum.

2142 2063 2337 2131 Quaero
2367 2071 2547 2117 autem
2581 2077 2648 2117 an
2686 2060 2826 2115 idem
2855 2061 2927 2114 sit
2967 2059 3055 2112 lux
3106 2057 3291 2112 mundi
3336 2069 3392 2113 ct
3416 2057 3505 2111 lux
3540 2057 3719 2112 homi-

2142 2171 2293 2211 num.
2329 2154 2408 2208 Ac
2438 2167 2616 2207 meum
2643 2153 2859 2222 quidem
2888 2151 3151 2221 judicium
3182 2159 3265 2205 est
3289 2149 3549 2218 majorem
3586 2159 3719 2206 tunc

2143 2248 2283 2304 lucis
2315 2248 2419 2302 vim
2450 2245 2701 2301 exhiberi
2737 2260 2860 2300 cum
2889 2244 3191 2314 appellatur
3218 2244 3309 2297 lux
3332 2243 3523 2298 mundi
3553 2257 3716 2310 quam

2144 2340 2362 2411 quando
2405 2338 2498 2391 lux
2540 2337 2861 2392 hominum:
2912 2351 3037 2390 nam
3074 2335 3309 2390 mundus
3355 2335 3507 2403 juxta
3552 2350 3717 2389 unum

2144 2445 2397 2496 sensum,
2432 2444 2535 2484 non
2567 2437 2773 2482 tantum
2813 2428 3082 2482 homines.
3119 2426 3186 2481 Et
3215 2426 3413 2482 Paulus
3442 2427 3494 2481 in
3539 2426 3721 2497 priore

2145 2523 2212 2577 ad
2260 2521 2576 2577 Corinthios
2620 2518 2863 2588 Epistula
2917 2516 3093 2587 majus
3126 2518 3384 2587 quiddam
3426 2533 3547 2574 esse
3575 2558 3592 2585 ,
3633 2519 3721 2574 vel

2144 2616 2305 2670 etiam
2333 2614 2604 2667 diversum
2632 2612 2701 2666 ab
2723 2610 3035 2666 hominibus
3056 2612 3311 2666 mundum
3338 2612 3481 2666 hunc
3499 2613 3721 2676 astruit,

2144 2709 2361 2763 dicens:
2406 2704 2687 2760 Theatrum
2715 2703 2845 2774 facti
2878 2720 3060 2758 sumus
3093 2704 3309 2768 mundo,
3337 2713 3387 2758 et
3416 2706 3636 2775 angelis,
3670 2715 3721 2761 et

2143 2798 2439 2853 hominibus
2466 2797 2534 2852 ⁵¹.
2570 2796 2807 2851 Proinde
2852 2796 3083 2849 observa
3112 2810 3179 2849 an
3207 2796 3361 2864 juxta
3400 2811 3565 2851 unum
3596 2812 3721 2852 sen-

2144 2905 2261 2945 sum
2289 2889 2521 2943 mundus
2555 2888 2628 2944 sit
2655 2897 2906 2942 creatura
2936 2886 3025 2940 illa
3056 2902 3173 2957 qua:
3202 2887 3487 2943 liberanda
3519 2888 3722 2945 dicitur

2145 2987 2212 3038 ab
2238 2983 2491 3038 interitus
2525 2982 2794 3037 servitute
2842 2982 2895 3035 in
2933 2981 3236 3037 libertatem
3269 2983 3455 3054 gloriae
3485 2982 3719 3038 ﬁliorum

2147 3077 2241 3131 Dei
2271 3076 2338 3143 ⁸⁸,
2365 3074 2520 3143 cujus
2559 3074 2850 3130 vehemens
2873 3073 3208 3129 desiderium
3243 3075 3625 3131 revelationem
3660 3076 3722 3130 li-

2144 3167 2338 3222 liorum
2364 3165 2458 3221 Dei
2486 3175 2768 3236 exspectat
2788 3165 2857 3219 ⁸⁵.
2887 3166 3128 3221 Observa
3160 3177 3361 3234 autem,
3389 3168 3720 3234 addidimus,

2143 3261 2285 3330 quod
2320 3260 2375 3313 in
2410 3259 2646 3313 medium
2698 3258 2957 3328 producta
2996 3254 3198 3313 fuerint
3244 3271 3308 3313 ea
3349 3260 3551 3315 verba:
3608 3257 3722 3330 Ego

2143 3368 2257 3407 sum
2293 3350 2387 3405 tua:
2417 3351 2598 3404 mundi
2628 3351 2698 3418 ⁵⁸,
2730 3365 2848 3420 qua:
2879 3360 3113 3420 possunt
3141 3351 3307 3405 etiam
3340 3353 3407 3406 de
3439 3351 3722 3420 discipulis

2144 3443 2399 3514 intelligi,
2439 3457 2566 3497 cum
2594 3443 2674 3497 eis
2704 3456 2920 3512 quoque
2959 3440 3119 3498 Jesus
3164 3443 3405 3497 dixerit:
3465 3441 3564 3498 Vos
3593 3445 3721 3498 estis

2144 3536 2237 3590 lum
2261 3536 2445 3590 mundi
2467 3536 2537 3590 ⁸⁸.
2581 3534 2863 3604 Siquidem
2900 3544 3026 3590 sunt
3065 3535 3156 3605 qui
3203 3535 3556 3605 suspicantur
3584 3551 3724 3605 pra:-

2145 3628 2444 3682 stantiores
2483 3626 2605 3681 aliis
2642 3627 2912 3682 creaturis
2940 3642 3033 3681 eos
3065 3640 3187 3681 esse
3235 3626 3488 3682 homines
3515 3627 3609 3698 qui
3653 3629 3723 3683 ab

2145 3720 2263 3788 ipso
2313 3716 2441 3773 Jesu
2473 3719 2687 3774 sincere
2735 3718 2910 3781 edocti
2943 3717 3169 3772 fuerint.
3207 3716 3450 3785 Quorum
3476 3719 3565 3772 alii
3595 3720 3723 3789 qui-

2145 3808 2265 3864 dem
2296 3809 2395 3863 hos
2423 3809 2672 3864 homines
2698 3820 2915 3870 natura,
2958 3808 3049 3862 alii
3103 3823 3232 3863 vero
3265 3808 3476 3863 ratione
3517 3823 3638 3878 quas
3666 3810 3722 3865 in

2145 3902 2361 3958 actione
2377 3900 2662 3957 diliiciliorl
2690 3912 2960 3968 versatur,
2980 3901 3117 3957 tales
3141 3903 3407 3958 exsistere
3431 3902 3720 3969 afﬁrmant;

2145 3996 2378 4063 majores
2406 3994 2551 4050 enim
2581 3994 2799 4049 labores
2833 3994 3151 4065 majoraque
3182 3996 3304 4049 vitae
3334 3994 3601 4065 pericula,
3626 3995 3721 4066 qui

2145 4101 2313 4142 carne
2357 4101 2422 4143 ac
2473 4086 2734 4156 sanguine
2787 4095 3083 4149 constant,
3138 4086 3381 4151 habere,
3432 4101 3594 4157 quam
3631 4089 3724 4157 qui

2145 4181 2387 4236 aethereo
2415 4194 2666 4248 corpore.
2721 4179 2853 4235 Nam
2887 4193 3063 4248 neque
3104 4178 3309 4234 lumina
3339 4179 3587 4236 coelestia
3639 4181 3724 4235 di-

2146 4280 2277 4327 cunt
2317 4285 2546 4342 corpora
2597 4282 2814 4327 terrena
2861 4272 2905 4327 si
2955 4271 3366 4339 suscepissent,
3400 4286 3431 4325 a
3464 4271 3724 4342 periculis
3762 4308 3771 4339 τ

2146 4365 2371 4421 omnino
2407 4373 2462 4419 et
2505 4377 2536 4417 a
2584 4365 2858 4434 peccando
2895 4364 3155 4418 immunia
3201 4372 3528 4435 praesentem
3558 4364 3724 4419 vitam

2150 4464 2515 4511 transactura.
2549 4453 2648 4510 Cui
2689 4455 2852 4509 etiam
2885 4457 3082 4511 rationi
3125 4458 3217 4527 qui
3254 4457 3441 4510 favent
3469 4455 3724 4525 Scriptu-

465 4551 552 4604 ὅτι
598 4546 970 4620 ἐλευθεροῦται
1011 4548 1118 4601 ἀπὸ
1163 4548 1262 4619 τῆς
1304 4547 1546 4613 δουλείας
1588 4549 1687 4619 τῆς
1729 4548 1933 4618 φθορᾶς
1965 4548 2040 4613 εἱς

2150 4561 2333 4600 rarum
2379 4548 2740 4615 quarumdam
2791 4547 3119 4604 testimoniis
3156 4546 3568 4601 enuntiantibus
3608 4563 3724 4601 ma-

465 4640 570 4712 τὴν
608 4628 918 4710 ἐλευθερίαν
942 4639 1041 4708 τῆς
1070 4638 1229 4709 δόξης
1263 4639 1373 4692 τῶν
1402 4639 1607 4693 τέκνων
1639 4637 1733 4692 τοῦ
1758 4638 1913 4703 Θεοῦ,
1949 4639 2044 4692 καὶ

467 4731 895 4803 προσθήσουσιν,
941 4730 1023 4784 ὅτι
1067 4731 1208 4802 οὐχὶ,
1255 4732 1303 4784 εἰ
1352 4724 1750 4803 ἐλευθεροῦται,
1802 4730 1901 4802 ἤδη
1948 4730 2043 4784 καὶ

469 4826 721 4880 κοινωνεῖ
754 4824 853 4895 τῆς
882 4823 1038 4895 δόξης
1064 4824 1173 4877 τῶν
1214 4823 1418 4878 τέκνων
1459 4823 1550 4877 τοῦ
1584 4823 1740 4877 Θεοῦ.
1770 4824 1885 4876 Οὐκ
1911 4825 2048 4877 ἀπο-

473 4917 811 4988 σιωπήσουσι
851 4915 909 4968 δὲ
941 4910 1084 4968 οῦτοι
1124 4915 1218 4967 καὶ
1259 4914 1320 4968 τὸ
1358 4915 1450 4968 τὸν
1483 4913 1825 4985 πρωτότοκον
1868 4912 2049 4983 πάσης

471 5008 704 5072 κτίσεως
734 5006 833 5062 διὰ
856 5008 957 5079 τὴν
987 5008 1124 5079 πρὸς
1153 5006 1246 5060 τὸν
1272 5004 1558 5078 ἄνθρωπον
1584 5004 1725 5077 ὑπὲρ
1767 5003 1944 5057 πάντα
1970 5021 2051 5057 τι-

2148 4637 2292 4691 xima
2318 4639 2385 4692 de
2414 4638 2747 4704 hominibus,
2772 4638 3379 4708 supervenientiamque
3408 4639 3728 4708 promissio-

2150 4730 2234 4784 nis
2268 4730 2335 4783 ad
2371 4731 2648 4787 hominem
2692 4733 2965 4803 pertinere
3005 4731 3330 4794 dicentibus,
3370 4731 3520 4785 usuri
3574 4741 3722 4793 sunt,

2152 4835 2274 4875 cum
2306 4831 2483 4876 tamen
2520 4812 2623 4879 hoc
2668 4824 2844 4892 ipsum
2880 4823 2946 4878 de
2972 4833 3247 4889 creatura,
3275 4820 3384 4886 vel,
3416 4831 3476 4874 ut
3516 4820 3727 4875 intelle-

2152 4913 2355 4976 ximus,
2385 4912 2451 4966 de
2481 4914 2684 4967 mundo
2745 4910 3062 4967 testimonia
3098 4911 3215 4966 haec
3242 4926 3350 4966 non
3379 4911 3722 4980 promittant.

2155 5000 2291 5056 lllud
2355 5001 2500 5057 enim
2546 5001 2638 5057 ’τε
2713 5000 2778 5056 Ut
2829 5016 2973 5071 ego,
3036 5008 3091 5058 at
3155 5013 3209 5055 tu
3271 5016 3439 5055 unum
3499 5017 3724 5067 suntm,

583 5143 629 5176 "
658 5141 824 5198 lCor.
855 5156 930 5206 iv,
957 5141 1013 5197 9.
1089 5139 1136 5171 ⁸³
1173 5138 1333 5194 Rom.
1367 5153 1466 5203 vn,
1496 5135 1584 5191 l9.
1659 5134 1707 5167 “
1737 5135 1870 5190 ibid.
1898 5134 1987 5188 21.

2143 5133 2294 5190 loan.
2316 5150 2437 5203 vui,
2464 5132 2554 5191 12.
2655 5131 2706 5166 ⁵⁸
2730 5133 2930 5196 Matth.
2950 5149 3010 5205 v,
3035 5135 3126 5193 H.
3207 5136 3254 5168 ⁵⁷
3277 5133 3437 5192 Joan.
3468 5150 3600 5200 xvn,
3631 5136 3695 5190 21

547 5286 626 5360 (6)
657 5282 915 5360 Οὐδενὸς
942 5277 1231 5360 αίσρητοῦ
1249 5277 1422 5360 ὄγτος
1451 5273 1762 5360 ἀληθινοῦ.
1800 5271 1943 5360 llaec
1957 5286 2044 5360 "ex

473 5341 908 5414 addiésceutiori'
936 5341 1232 5405 Academia
1264 5341 1581 5418 deprompta
1603 5352 1748 5401 sunt.
1800 5341 1923 5398 Vid.
1955 5342 2047 5397 Ci-

475 5446 593 5485 cer.
619 5426 870 5479 Academ.
896 5438 970 5476 tv.
999 5420 1260 5475 lius'rtus.
1462 5469 1472 5480 ,

536 5481 614 5568 (Ἡ
651 5496 805 5568 Ἀλλ’
826 5492 984 5568 οὐχὶ,
1008 5489 1140 5568 ἐπεὶ
1170 5492 1284 5544 οὐκ
1315 5486 1608 5568 sanates!-
1638 5485 1704 5568 τό
1737 5481 2045 5550 αἰσθητὸν,

474 5556 587 5627 etc.
634 5556 1167 5637 ‘Akqewdj'qnippe,
1225 5569 1278 5637 et
1324 5558 1423 5611 οὐκ
1468 5556 2048 5637 ἀληθινόν-θυροκοπ-

477 5624 568 5697 tur
588 5624 981 5705 ἀντιφατικῶςξ
1011 5624 1285 5706 ’Ᾱληθιμνόν
1319 5638 1500 5706 autem
1529 5624 1585 5682 εἰ
1620 5625 1811 5695 ψεῦδος
1830 5664 1845 5706 τ
1894 5624 2050 5706 evang-

474 5712 630 5773 τίως.
660 5697 862 5760 Eorum
886 5716 1015 5756 vero
1031 5697 1150 5769 qua:
1179 5697 1542 5773 ἀντιφατικῶς
1572 5703 1915 5773 ορρο-ηυηιιις
1969 5697 2050 5747 ai.

478 5762 746 5838 toi-utrumn
769 5789 957 5829 verum
986 5762 1099 5837 est;
1123 5786 1242 5839 quas
1267 5762 1540 5830 ἐναντίως,
1570 5762 1676 5821 non
1707 5767 1855 5839 item.
1898 5762 1972 5839 ID.

550 5831 631 5906 (εἴ
655 5849 719 5902 Ut
741 5845 860 5917 μὲν
892 5831 1094 5914 φύσει
1121 5831 1427 5905 τοιούτους
1453 5834 1905 5909 γεγενημένους.
1970 5831 2045 5888 Ea

2149 5282 2268 5327 erat
2298 5272 2803 5331 Valentiniauorum
2848 5271 3094 5328 doctrina
3119 5309 3136 5335 ,
3186 5278 3277 5341 qui
3319 5277 3429 5324 tres
3478 5267 3693 5322 diversa

2153 5344 2433 5397 hominum
2463 5355 2687 5399 naturas
2718 5343 3014 5414 ﬁngebant.
3042 5340 3120 5395 ln.

2223 5414 2296 5489 (9)
2330 5414 2398 5467 Τὸ
2423 5403 2825 5489 ἀνυπέρθετοῖο
2852 5410 2961 5481 τῆς
2986 5408 3372 5489 ἐπαγγελίας.
3412 5405 3555 5489 ῌειιιξΔ
3589 5403 3725 5459 Fer-

2155 5483 2366 5557 rarius,
2417 5483 3334 5557 supervenientiampromissionis;
3389 5483 3477 5531 vix
3543 5485 3721 5557 tamen

2154 5550 2355 5610 Latine
2378 5550 2604 5610 reddere
2635 5554 2813 5625 possis
2841 5570 2856 5606 :
2889 5551 3018 5625 illud
3036 5550 3181 5625 enim
3214 5561 3301 5625 est
3321 5562 3429 5616 quo
3453 5550 3724 5616 promissa

2155 5627 2355 5679 habent
2378 5639 2437 5679 ut
2466 5618 2686 5679 minime
2715 5622 2919 5677 differri
2948 5621 3190 5690 possint.
3214 5618 3293 5690 lu.

2225 5697 2339 5768 (l0)
2378 5685 3264 5768 nzarTeMOtiO'atcCFerrarius
3288 5687 3417 5759 legit
3454 5685 3695 5756 ἐπαγγιὶ
3717 5720 3739 5734 .

2150 5766 2242 5822 λού
2250 5783 2388 5832 σαις.
