4174 6434
513 373 575 426 71
1994 372 2316 428 ORIGENIS
3700 374 3771 428 72

510 489 621 561 29
645 496 771 544 utet
796 489 897 558 ipsi
911 489 964 544 in
991 489 1139 544 nobis
1169 489 1313 555 sint;
1339 499 1396 546 et
1423 491 1471 523 "
1497 508 1508 543 :
1542 488 1641 544 Ubi
1667 506 1759 561 ego
1789 507 1932 555 sum,
1963 493 2060 545 illil

2189 492 2292 563 μὴν
2321 491 2605 562 ἄνθρωπον
2640 491 2738 560 μὲν
2767 490 3067 560 γεγονέναι,
3099 490 3159 542 οὐ
3194 490 3300 561 μὴν
3329 487 3467 553 ζῶόν
3493 506 3546 541 τι
3572 488 3680 542 τῶν
3713 491 3768 541 ὲν

509 585 603 636 erit
629 591 679 636 et
704 582 944 636 minister
969 599 1134 647 meus,
1177 594 1364 652 aperte
1391 583 1458 636 de
1479 583 1792 638 hominibus
1821 584 2083 652 scriptum

508 681 624 739 est;
654 675 722 729 de
754 685 1002 730 creatura
1039 687 1186 738 vero,
1236 673 1378 743 quod
1413 673 1680 727 liberatur
1708 676 1778 726 ab
1831 673 2086 728 interitus

507 766 858 834 corruptione
909 766 963 820 in
1009 765 1320 820 libertatem
1372 763 1560 834 gloriae
1606 764 1842 819 [Iliorum
1891 763 1986 818 Dei
2012 764 2080 828 ”,

507 857 668 910 etiam
697 855 916 920 addent,
949 871 1053 910 non
1093 857 1140 911 si
1189 857 1469 923 liberatur,
1507 857 1622 926 jam
1655 857 1819 911 etiam
1862 857 2084 926 partici-

505 963 625 1019 pem
661 963 782 1004 esse
817 949 1049 1004 liliorum
1093 949 1187 1004 Dei
1218 949 1425 1019 gloriae.
1471 949 1587 1004 Non
1631 949 1871 1004 silebunt
1900 958 2081 1003 autem

503 1039 667 1095 etiam
717 1039 832 1106 isti,
865 1039 1288 1110 primogenitum
1323 1039 1504 1095 omnis
1550 1048 1847 1102 creaturae,
1890 1053 1992 1108 pro
2019 1053 2085 1093 eo

503 1130 714 1187 honore
739 1145 848 1200 quo
873 1131 1147 1186 hominem
1176 1140 1377 1200 prater
1411 1140 1606 1186 caetera
1632 1130 2080 1200 prosequebatur,

503 1223 778 1279 hominem
808 1223 1040 1287 factum,
1069 1238 1175 1278 non
1200 1223 1398 1277 animal
1427 1222 1644 1293 aliquod
1665 1222 1906 1278 caeleste.
1938 1220 2080 1286 Quin

502 1318 668 1371 etiam
717 1330 913 1371 rursus
961 1316 1166 1372 addunt
1202 1316 1512 1370 ministram
1543 1325 1600 1372 et
1651 1330 1866 1370 servam
1892 1313 2083 1382 cogni-

504 1409 669 1464 tionis
695 1407 824 1464 Jesu
853 1408 1088 1470 stellam,
1120 1423 1243 1477 qua:
1283 1408 1336 1462 in
1366 1408 1577 1463 oriente
1607 1407 1877 1478 apparuit,
1919 1421 2078 1461 crea-

503 1510 613 1556 tam
645 1500 812 1556 fuisse
843 1500 924 1555 vel
955 1501 1188 1554 similem
1241 1501 1465 1570 reliquis
1510 1501 1695 1564 astris,
1731 1499 1816 1552 vel
1843 1497 2080 1553 fortasse

497 1594 666 1648 etiam
695 1593 1134 1663 praestantiorem
1163 1633 1178 1657 ,
1229 1594 1430 1663 quippe
1479 1607 1603 1663 qua:
1639 1590 1886 1647 omnium
1937 1603 2078 1660 pras-

497 1685 893 1740 stantissimum
931 1685 1261 1754 designaret.
1298 1684 1451 1752 Quod
1483 1684 1530 1738 si
1571 1682 1926 1753 gloriatioues
1952 1697 2079 1736 san-

497 1783 707 1830 ciorum
733 1782 861 1826 sunt
889 1773 942 1826 in
973 1771 1381 1839 alllictionihus,
1410 1772 1501 1843 qui
1525 1772 1700 1826 sciunt
1741 1772 2075 1842 uﬁlictionem

2186 582 2419 654 οὐρανῷ.
2465 581 2624 635 Ἀλλὰ
2649 583 2744 636 καὶ
2775 581 3046 654 δεύτερον,
3078 581 3172 634 καὶ
3217 581 3486 644 διάκονον,
3529 581 3623 634 καὶ
3651 579 3750 633 δοῦ-

2187 677 2276 728 λον
2304 676 2402 746 τῆς
2432 673 2685 744 γνώσεως
2731 673 2904 743 ’ῐησοῦ
2935 672 3026 726 τὸν
3067 673 3124 724 ὲν
3161 675 3227 743 τῇ
3264 672 3495 743 ἀνατολῇ
3531 671 3770 740 φανέντα

2185 767 2394 838 ἀστέρα
2421 763 2937 836 δεδημιουργῆσθαι,
2973 764 3093 836 ἦτοι
3131 763 3318 833 ὅμοιον
3347 763 3479 816 ὄντα
3505 765 3620 826 τοῖς
3657 762 3769 816 λοι-

2185 861 2308 922 ποῖς
2335 857 2574 928 ἄστροις,
2607 855 2642 927 ἢ
2670 857 2811 926 τάχα
2836 855 2928 908 καὶ
2959 855 3264 926 κρείττονα,
3303 855 3399 908 ἅτε
3425 853 3517 908 τοῦ
3547 853 3764 908 πάντων

2181 949 2529 1021 διαφέροντος
2559 948 2847 1018 γενόμενον
2871 949 3114 1018 σημεῖον.
3136 947 3246 1000 Καὶ
3267 949 3316 999 εἰ
3338 945 3409 999 τὰ
3432 947 3609 1017 καυχή
3617 964 3762 1017 ματα

2181 1041 2290 1095 τῶν
2319 1041 2489 1110 ἁγίων
2512 1041 2660 1095 ἐστὶν
2689 1042 2748 1093 ἐν
2774 1040 3038 1110 θλίψεσιν,
3069 1037 3333 1102 εἰδότων,
3365 1039 3454 1092 ὅτι
3484 1039 3524 1107 ἠ
3554 1039 3760 1108 θλίψις

2181 1131 2498 1201 ὑπομονὴν·
2536 1127 2965 1199 κατεργάζεται,
2991 1131 3031 1198 ἠ
3075 1129 3147 1182 δὲ
3171 1128 3446 1198 ὑπομονὴ
3473 1128 3752 1199 δοκιμὴν,

2180 1220 2221 1288 ἠ
2253 1219 2321 1272 δὲ
2343 1218 2558 1288 δοκιμὴ
2584 1218 2822 1282 ἐλπίδα,
2848 1220 2886 1287 ἡ
2912 1218 2982 1271 δὲ
3014 1217 3191 1283 ἐλπὶς
3237 1219 3311 1272 οὐ
3349 1218 3734 1286 καταισχύνει

2177 1310 2304 1366 οὔτε
2331 1311 2628 1383 ὑπομονὴν,
2657 1310 2778 1364 οὗτε
2813 1310 3063 1382 δοκιμὴν,
3098 1309 3222 1363 οὔτε
3243 1308 3434 1364 ἐλπίδα
3477 1309 3588 1376 ἕξει
3618 1310 3651 1376 ή
3682 1309 3756 1382 μὴ

2176 1406 2509 1478 τεθλιμμένη
2542 1406 2718 1468 κτίσις
2747 1405 2846 1475 τήν
2877 1405 3020 1474 ῐσην,
3051 1401 3186 1455 ἀλλὰ
3221 1401 3414 1472 ἑτέραν
3433 1417 3447 1431 ⁸
3487 1402 3649 1455 Ἐπεὶ
3682 1401 3754 1469 τῇ

2172 1499 2584 1570 ματαιότητιὴ
2629 1499 2830 1563 κτίσις
2863 1493 3128 1564 ὑπετάγη
3166 1495 3279 1563 οὐχ
3322 1493 3571 1556 ἑκοῦσα,
3596 1493 3756 1548 ἀλλὰ

2174 1591 2275 1646 διὰ
2302 1591 2408 1643 τόν
2435 1587 2818 1652 ὑποτάξαντα
2858 1587 2951 1640 ἐπ’
2989 1583 3208 1639 ἐλπίδι.
3252 1584 3310 1636 '0
3334 1583 3389 1637 δὲ
3427 1584 3501 1655 μή
3536 1583 3752 1655 τολμῶν

2180 1682 2247 1736 τὰ
2280 1679 2582 1753 τηλικαῦτα
2608 1679 2686 1750 τῷ
2720 1677 2992 1749 ἀνθρώπῳ
3025 1675 3514 1750 κατακεχαρίσθαι,
3560 1675 3750 1730 ἄλλοσε

2174 1773 2434 1844 χωρήσας
2455 1771 2534 1842 τῷ
2562 1771 2828 1841 θελήματι
2848 1770 2985 1840 (ll),
3018 1771 3181 1840 φήσει
3209 1771 3274 1838 τῇ
3309 1767 3626 1840 ματαιότητι
3651 1769 3750 1839 τὴν

497 1880 688 1932 parere
715 1865 1046 1933 patientiam,
1069 1865 1380 1934 patientiam
1399 1879 1520 1918 vero
1541 1863 1929 1932 probationem.
1950 1880 2060 1932 pro-

2175 1864 2351 1919 κτίσιν
2382 1862 2830 1933 ὑποτασσομένην
2852 1860 3128 1914 θλίϐεσθαι
3147 1859 3346 1932 μᾶλλον
3365 1859 3747 1923 στενάζουσαν,

495 1956 754 2009 bationem
782 1971 904 2010 uero
935 1971 1100 2023 spem,
1133 1973 1276 2024 spem
1303 1955 1477 2010 autem
1510 1972 1614 2010 non
1634 1955 1955 2023 confundere
1979 1954 2026 1984 “
2051 1971 2068 2022 ;

497 2060 673 2115 neque
700 2047 1048 2116 patientiam,
1079 2061 1258 2116 neque
1299 2046 1678 2117 probationem
1705 2047 1932 2102 habebit
1965 2062 2070 2102 non

495 2137 692 2193 alllicta
725 2149 978 2195 creatura
1011 2138 1298 2208 aqualem,
1333 2136 1431 2192 sed
1471 2140 1780 2204 diversam,
1819 2139 2072 2208 quoniam

492 2228 714 2282 vanitati
743 2225 986 2282 creatura
1017 2227 1252 2295 subjecta
1284 2237 1359 2282 est
1386 2244 1492 2280 non
1522 2225 1719 2292 uolens,
1754 2227 1845 2280 sed
1862 2235 2072 2295 propter

489 2334 608 2372 eum
634 2320 725 2388 qui
746 2320 968 2388 subjecit
1009 2319 1162 2372 illam
1193 2319 1289 2372 sub
1325 2335 1414 2388 spe
1437 2319 1503 2372 ⁶¹.
1529 2318 1800 2374 Caeterum
1837 2319 1927 2387 qui
1958 2333 2066 2373 non

492 2410 546 2466 in
577 2411 816 2464 animum
845 2410 1055 2465 inducit
1075 2425 1233 2465 suum
1270 2410 1393 2464 talia
1431 2411 1638 2464 homini
1663 2409 1930 2465 beneﬁcia
1957 2409 2070 2464 col-

489 2500 600 2555 lata
633 2501 819 2564 fuisse,
844 2501 952 2556 alio
971 2501 1250 2556 voluntate
1284 2503 1537 2567 tendens,
1577 2503 1724 2556 dicet
1754 2511 2065 2556 creaturam

491 2609 616 2664 qua:
635 2593 863 2650 vanitati
887 2596 1172 2665 suspirans
1201 2596 1466 2666 subjacet,
1501 2594 1662 2666 allligi
1695 2599 1866 2666 magis
1902 2610 2065 2666 quam

489 2686 592 2744 hos
617 2688 710 2757 qui
737 2688 1018 2758 suspirant
1049 2689 1102 2742 iu
1133 2690 1235 2744 hoc
1271 2688 1629 2744 tabernacqu
1661 2707 1675 2742 :
1719 2690 1920 2758 quippe
1943 2703 2067 2757 qua

490 2788 734 2848 tempore
771 2779 1194 2848 quamplurimo,
1238 2781 1404 2850 idque
1427 2795 1552 2836 cum
1587 2779 2063 2849 multiplicatione,

485 2870 697 2924 serviat
752 2869 976 2924 humani
1030 2871 1350 2926 certaminis
1395 2870 1644 2925 vanitati.
1691 2869 1873 2938 Quare
1916 2869 2062 2924 enim

487 2960 681 3017 nolens
707 2962 810 3018 hoc
844 2963 993 3029 facit,
1029 2963 1130 3016 nisi
1162 2962 1306 3030 quod
1338 2962 1565 3016 vanitati
1597 2961 1897 3030 subjectam
1943 2974 2064 3016 esse

487 3063 548 3107 et
586 3068 694 3109 non
747 3054 954 3109 habere
985 3054 1319 3124 praecipuum
1367 3055 1490 3109 vitae
1535 3062 1736 3110 statqu
1773 3054 1842 3108 sit
1873 3061 2061 3108 contra

484 3143 605 3213 eius
631 3145 925 3199 naturam?
948 3160 1110 3215 quem
1137 3145 1357 3214 quidem
1388 3154 1612 3212 statum,
1633 3143 1761 3215 quia
1798 3145 1851 3198 in
1875 3145 2058 3200 mundi

2172 1956 2206 2027 ἥ
2235 1957 2282 2008 ei
2309 1956 2461 2019 ὀντες
2479 1957 2536 2009 ὲν
2556 1955 2634 2026 τῷ
2657 1957 2845 2024 σκήνει
2872 1952 3238 2017 στενάζουσιν,
3271 1951 3365 2006 ἁτε
3385 1953 3479 2006 καὶ
3499 1951 3748 2005 πλεῖστον

2169 2047 2295 2100 ὅσον
2318 2046 2507 2118 χρόνον
2535 2047 2630 2100 καὶ
2658 2043 3088 2099 πολλαπλασίονα
3116 2042 3207 2096 τοῦ
3234 2043 3575 2116 ἀνθρωπίνου
3601 2043 3749 2112 ἀγῶ-

2169 2156 2260 2203 νος
2311 2141 2377 2209 τῇ
2443 2138 2761 2208 ματαιότητι
2808 2134 3190 2196 ὣυλεὺουσαν.
3257 2137 3355 2192 Διὰ
3400 2136 3453 2190 τί
3494 2137 3604 2209 γὰρ
3646 2139 3746 2208 οὐχ

2169 2226 2371 2283 ἑκοῦσα
2401 2228 2556 2282 τοῦτο
2588 2231 2751 2290 ποιεί,
2779 2227 2812 2298 ἢ
2842 2228 2924 2281 ὅτι
2958 2227 3106 2298 παρὰ
3135 2226 3295 2296 φύσιν
3327 2227 3476 2280 ἐστὶν
3503 2228 3640 2298 αὐτῇ
3677 2231 3744 2298 τῇ

2171 2322 2491 2394 ματαιότητι
2519 2320 2904 2390 ὑποτετάχθαι,
2951 2321 3046 2374 καὶ
3089 2320 3164 2391 μὴ
3193 2318 3290 2391 τήν
3326 2319 3745 2392 προηγουμένην

2167 2415 2312 2488 ἔχειν
2353 2416 2454 2487 τῆς
2493 2415 2637 2486 ζωῆς
2683 2414 3051 2476 κατάστασινς
3093 2413 3162 2484 ἢν
3198 2413 3539 2484 ἀπολήψεται
3593 2412 3744 2467 ἐλευ-

2167 2508 2468 2582 θερουμένη
2497 2511 2555 2561 ὲν
2582 2510 2648 2578 τῇ
2677 2505 2772 2559 τοῦ
2800 2509 3006 2577 κόσμου
3039 2505 3234 2576 φθορᾷ,
3265 2504 3478 2574 καὶτῆς
3508 2503 3618 2556 τῶν
3639 2519 3744 2556 σω-

2169 2603 2354 2674 μάτων
2392 2599 2749 2672 ματαιότητος
2783 2597 3149 2668 ἀπολυομένη.
3196 2596 3336 2649 Ἀλλ’
3366 2595 3491 2648 ἐπεὶ
3521 2594 3741 2648 πλείονα

2166 2696 2260 2748 καὶ
2303 2694 2364 2746 οὐ
2411 2691 2552 2747 κατὰ
2603 2691 2666 2744 τὸ
2719 2690 3076 2765 προκείμενον
3130 2688 3422 2761 πρόϐλημα
3478 2687 3741 2758 δοκοῦμεν

2165 2785 2466 2859 εἰρηκέναι,
2512 2781 2986 2852 ἐπανελευσόμεθα
3021 2781 3116 2834 ἐπὶ
3160 2781 3224 2834 τὸ
3271 2779 3330 2845 ἐξ
3372 2780 3568 2852 ἀρχῆς,
3609 2780 3741 2833 ὑπο-

2166 2880 2561 2952 μιμνήσκοντες
2595 2876 2683 2930 διὰ
2715 2875 2770 2928 τί
2803 2873 2920 2944 φῶς
2949 2874 3043 2928 τοῦ
3077 2875 3284 2945 κόσμου
3311 2875 3340 2926 ό
3365 2871 3554 2944 Σωτὴρ
3583 2871 3739 2940 λέγε-

2162 2986 2272 3034 ται,
2323 2969 2419 3022 καὶ
2462 2967 2580 3037 φῶς
2626 2964 2898 3036 ἀληθινὸν,
2948 2964 3044 3018 καὶ
3094 2962 3211 3032 φῶς
3257 2961 3366 3015 τῶν
3411 2960 3734 3032 ἀνθρώπων.

2175 3057 2510 3111 ’Δποδέδοται
2543 3056 2644 3127 μὲν
2672 3055 2801 3125 γὰρ,
2841 3054 2924 3106 ὅτι
2955 3053 3044 3106 διὰ
3073 3053 3135 3106 τὸ
3163 3053 3278 3122 φῶς
3311 3051 3404 3105 τοῦ
3445 3051 3650 3122 κόσμου
3678 3052 3739 3104 τὺ

2162 3147 2418 3220 αἰσθητὸν
2459 3147 2674 3215 λέγεται
2705 3145 2820 3215 φῶς
2851 3144 3124 3216 ἀληθινὸν,
3157 3145 3251 3198 καὶ
3283 3145 3364 3198 ὃτι
3395 3145 3512 3216 ἦτοι
3540 3143 3739 3198 ταυτόν

485 3235 708 3290 interitu
739 3243 796 3290 et
825 3237 877 3291 in
905 3236 1131 3291 interitu
1164 3236 1420 3290 vanitatis
1448 3250 1737 3305 corporum
1787 3234 2060 3290 liberatur

2162 3243 2276 3294 ἐστι
2307 3241 2368 3292 τὸ
2405 3238 2520 3308 φῶς
2550 3237 2645 3291 τοῦ
2679 3237 2884 3308 κόσμου
2915 3235 2995 3307 τῷ
3030 3237 3168 3306 φωτὶ
3194 3235 3305 3290 τῶν
3339 3234 3666 3307 ἀνθρώπων,
3700 3235 3733 3305 ἥ

482 3334 540 3380 et
585 3325 852 3392 solvitur,
899 3334 1182 3394 receptura
1219 3334 1324 3380 est.
1349 3325 1553 3383 Verum
1575 3325 1855 3379 enimvero
1915 3338 2055 3392 quo-

481 3415 626 3470 niam
659 3415 814 3485 plura
844 3430 1008 3484 quam
1039 3428 1161 3486 quae
1189 3414 1521 3471 conveniant
1547 3415 1838 3484 propositae
1869 3415 2056 3484 dispu-

481 3507 936 3566 tationividemur
960 3506 1308 3570 disseruisse,
1327 3506 1614 3560 redeamus
1650 3505 1794 3560 unde
1809 3505 2053 3576 digressa

481 3609 602 3655 erat
629 3599 828 3666 oratio,
875 3598 1140 3656 memoria
1183 3605 1492 3668 repetentes
1517 3611 1623 3667 qua
1651 3597 1718 3652 de
1745 3612 1908 3654 causa
1937 3607 2050 3651 tum

455 3693 574 3748 .lux
611 3693 817 3757 mundi,
872 3701 983 3746 tum
1019 3691 1111 3746 lux
1145 3706 1294 3756 vera,
1323 3700 1434 3745 tum
1465 3691 1700 3761 denique
1745 3689 1838 3744 lux
1872 3689 2050 3746 homi-

479 3799 612 3838 num
645 3783 910 3838 Servator
959 3781 1197 3837 dicatur.
1254 3780 1601 3852 Explicatum
1629 3789 1712 3837 est
1751 3795 1884 3850 ergo
1925 3795 2048 3835 eum

477 3874 652 3929 lucem
690 3888 877 3928 veram
901 3872 1162 3942 appellari
1193 3911 1210 3939 ,
1254 3883 1474 3944 propter
1500 3873 1674 3927 lucem
1707 3871 1896 3927 mundi
1927 3886 2052 3926 seu-

474 3967 717 4030 sibilem;
753 3966 834 4020 vel
866 3967 1014 4036 quod
1043 3965 1186 4020 idem
1231 3967 1304 4020 sit
1340 3979 1463 4020 esse
1501 3966 1677 4020 lucem
1721 3965 1938 4031 mundi,
1994 3971 2051 4019 et

2161 3328 2471 3400 ἐπιδέχεται
2512 3327 2756 3392 ἐξέτασιν
2797 3327 2873 3390 ὡς
2918 3326 3133 3381 ταυτόν.
3177 3326 3512 3396 Ἀναγκαίως
3552 3326 3610 3380 δὲ
3647 3327 3736 3380 διὰ

2159 3422 2286 3483 τοὺς
2317 3419 2478 3490 μηδὲν
2509 3418 2856 3490 ὲξειληφότας
2883 3419 2948 3472 ὲκ
2990 3417 3086 3472 τοῦ
3125 3418 3295 3488 Λόγον
3333 3415 3472 3473 εἶναι
3502 3419 3596 3473 τὸν
3624 3421 3734 3473 Σω-

2158 3511 2302 3580 τῆρα
2351 3510 2522 3564 ταῦτα
2573 3510 2902 3581 ήρεύνηται,
2955 3510 3043 3562 ἴνα
3102 3508 3417 3580 πειθώμεθα
3462 3511 3538 3582 μὴ
3592 3511 3731 3565 κατὰ

2159 3601 2537 3674 ἀποκλήρωσιν
2586 3599 2835 3654 ἵστασθαι
2883 3600 2980 3670 μὲν
3017 3600 3110 3653 ἐπὶ
3158 3601 3254 3671 τῆς
3287 3601 3478 3669 Λόγος
3503 3602 3732 3665 ἐννοίας,

2159 3695 2252 3748 καὶ
2283 3696 2550 3765 προσήκοι
2586 3693 2664 3764 τῷ
2693 3694 2863 3764 χωρὶς
2901 3691 3010 3766 (l2)
3068 3692 3416 3765 μεταλήψεως
3448 3695 3546 3764 τῆς
3578 3693 3732 3747 δυνα-

2159 3786 2328 3857 μένης
2359 3784 2886 3857 μεταλαμϐάνεσθαι,
2917 3787 3141 3853 ἀνάγειν
3182 3785 3238 3839 δὲ
3283 3786 3378 3840 καὶ
3411 3786 3730 3857 ἁλληγορεῖν

2155 3875 2274 3948 τὴν,
2317 3875 2444 3945 φῶς
2473 3875 2580 3930 τοῦ
2628 3876 2882 3945 κόσμου,
2927 3875 3132 3946 φωνὴν,
3166 3876 3260 3929 καὶ⁸
3300 3877 3369 3930 τὰ
3414 3876 3576 3931 λοιπὰ
3618 3876 3728 3929 τῶν

2156 3964 2366 4019 πολλῶν
2393 3963 2832 4037 ἃ-παρεθέμεθα.

475 4059 654 4114 lucem
707 4058 1016 4126 hominum,
1075 4057 1162 4115 vel
1203 4058 1256 4112 in
1312 4059 1737 4130 disputationem
1777 4059 1960 4123 cadat,
2005 4057 2080 4112 sit
2115 4072 2286 4114 necne
2321 4059 2486 4114 idem.
2540 4057 2671 4126 Quae
2703 4060 3014 4116 necessario
3041 4061 3195 4116 nobis
3228 4061 3549 4130 investigata
3597 4069 3727 4117 sunt

473 4161 696 4223 propter
739 4165 834 4207 eos
864 4152 956 4223 qui
989 4151 1125 4206 nihil
1179 4153 1536 4208 commentati
1577 4163 1728 4220 sunt,
1787 4169 1954 4224 quare
2008 4153 2265 4209 Servator
2305 4153 2578 4210 diceretur
2609 4153 2846 4209 Verbum
2896 4171 2912 4209 :

2973 4170 3082 4223 quo
3123 4171 3441 4226 persuasum
3496 4157 3724 4211 habere-

473 4262 594 4303 mus
625 4262 728 4303 nos
753 4262 857 4302 non
911 4261 978 4302 ex
1029 4246 1389 4318 prmlinitione
1430 4256 1578 4302 stare
1609 4247 1812 4302 debere
1864 4247 1916 4301 in
1963 4245 2130 4302 solius
2163 4245 2417 4301 vocabuli
2468 4245 2649 4316 hujus,
2691 4243 2943 4312 Verbum,
2985 4245 3094 4316 3o
3145 4246 3541 4318 intelligentia,
3598 4264 3721 4304 cum

473 4339 652 4395 minus
702 4339 778 4396 sit
812 4341 1012 4396 decens
1067 4349 1129 4394 ut
1178 4340 1279 4394 hoc
1308 4341 1626 4396 vocabulum
1685 4355 1781 4410 per
1829 4338 2241 4395 translationem
2285 4351 2392 4390 non
2428 4343 2766 4404 exponatur,
2799 4349 2923 4389 cum
2978 4336 3268 4405 auagogice
3307 4349 3469 4404 atque
3517 4336 3722 4408 allego.

475 4430 586 4484 rice
618 4445 954 4501 exponamus
995 4433 1126 4488 illud
1173 4427 1352 4486 lumen
1385 4432 1603 4498 mundi,
1649 4442 1812 4502 atque
1851 4430 2021 4486 multa
2047 4430 2152 4484 alia
2179 4445 2300 4499 qua!
2327 4429 2380 4483 in
2413 4429 2644 4484 medium
2673 4427 3013 4498 protulimus.

542 4525 634 4583 25.
669 4525 740 4582 Ut
773 4536 957 4584 autem
987 4543 1052 4584 eo
1087 4528 1233 4599 quod
1280 4529 1540 4584 illumiuet
1574 4529 1916 4596 illustretque
1947 4527 2043 4580 lio-

2216 4524 2308 4578 25.
2346 4525 2556 4594 Ὥσπερ
2578 4522 2636 4577 δὲ
2663 4521 2814 4594 παρὰ
2840 4521 2903 4575 τὺ
2932 4519 3186 4592 φωτίζειν
3215 4524 3311 4578 καὶ⁸
3343 4525 3722 4597 καταλάμπειν

473 4618 680 4672 minuat
703 4628 940 4685 mentes,
963 4620 1051 4675 vel
1071 4619 1378 4691 generatim
1409 4621 1652 4676 omnium
1676 4621 1768 4690 qui
1815 4617 2043 4672 rationis

469 4717 595 4764 sunt
619 4721 874 4780 capaces,
897 4712 990 4767 lux
1024 4722 1110 4768 est
1138 4713 1440 4778 hominum,
1470 4722 1526 4767 et
1566 4711 1658 4766 lux
1686 4725 1834 4777 vera,
1865 4719 1921 4764 et
1949 4709 2038 4763 lux

468 4801 653 4856 mundi
681 4819 695 4856 :
725 4803 809 4858 sic
839 4818 908 4859 eo
933 4803 1075 4874 quod
1107 4813 1304 4859 auctor
1334 4805 1408 4859 sit
1447 4803 1628 4858 omnis
1680 4801 2038 4856 mortalitatis

467 4891 802 4960 deponendae
829 4893 1296 4966 ingenerandique
1335 4908 1455 4950 eam
1484 4907 1650 4962 quam
1684 4891 1906 4960 proprie
1938 4905 2036 4944 vo-

467 4997 661 5040 camus
688 4985 880 5050 vitam,
903 4985 1315 5058 resurgentibus
1341 4999 1410 5041 ex
1441 4983 1675 5038 mortuis
1699 4981 1766 5036 iis
1789 4979 1880 5049 qui
1907 4995 2030 5035 eum

463 5075 679 5131 sincere
705 5077 1037 5146 receperint,
1065 5078 1368 5148 appellatur
1395 5073 1752 5132 resurrectio.
1799 5072 1912 5128 Hoc
1933 5087 2033 5126 au-

465 5175 571 5221 tem
598 5181 704 5221 non
739 5167 898 5222 modo
939 5169 991 5225 in
1015 5169 1300 5236 praesentia
1327 5168 1380 5224 in
1414 5167 1500 5222 his
1532 5175 1793 5238 operatur
1821 5164 1912 5233 qui
1938 5178 2032 5216 va-

464 5255 572 5310 lent
603 5257 785 5312 dicere
813 5275 826 5311 :
863 5257 1166 5328 Consepulti
1182 5275 1364 5313 sumus
1390 5275 1509 5312 cum
1525 5255 1734 5312 Christo
1752 5271 1843 5324 per
1857 5253 2030 5322 bapti-

459 5361 626 5400 smum
651 5350 717 5414 ",
741 5363 975 5420 cumque
995 5364 1060 5404 eo
1087 5348 1246 5404 simul
1273 5349 1707 5410 resurreximus;
1734 5343 1827 5400 sed
1859 5345 2024 5398 etiam

2140 4617 2212 4670 τὰ
2252 4616 2557 4688 ήγεμονικὰ
2603 4613 2714 4668 τῶν
2760 4612 3093 4686 ἀνθρώπων,
3140 4614 3174 4686 ἦ
3221 4614 3558 4682 ἁπαξαπλῶς
3611 4621 3719 4672 τῶν

2139 4707 2396 4776 λογικῶν,
2436 4707 2552 4777 φῶς
2593 4707 2740 4759 ἐστιν
2782 4705 3103 4777 ἀνθρώπων,
3149 4705 3244 4759 καὶ
3285 4706 3402 4774 φῶς
3441 4707 3714 4778 ἀληθινὸν,

2137 4800 2232 4856 καὶ
2261 4799 2378 4868 φῶς
2408 4797 2502 4852 τοῦ
2530 4799 2766 4868 κόσμου·
2797 4795 2968 4860 οὕτως
2986 4798 3051 4850 ὲκ
3085 4796 3180 4850 τοῦ
3209 4797 3297 4851 διὰ
3336 4797 3431 4851 τοῦ
3471 4799 3716 4871 ἐνεργεῖ-

2137 4887 2262 4943 σθαι
2292 4889 2392 4958 τὴν
2425 4885 2683 4941 ἀπόθεσιν
2713 4885 2893 4957 πάσης
2921 4884 3264 4955 νεκρότητος,
3292 4885 3387 4938 καὶ
3411 4885 3716 4955 ἐμφύεσθαι

2140 4977 2238 5049 τὴν
2269 4977 2474 5048 κυρίως
2507 4975 2854 5048 καλουμένην
2895 4973 3038 5046 ζωὴν
3079 4976 3144 5028 ὲκ
3178 4973 3386 5045 νεκρῶν
3413 4975 3712 5046 ἀνισταμέ-

2138 5087 2246 5124 νων
2291 5070 2400 5123 τῶν
2439 5069 2603 5122 αὐτὸν
2658 5069 2898 5140 γνησίως
2944 5066 3359 5139 κεχωρηκότων,
3387 5066 3629 5120 καλεῖται
3678 5068 3711 5138 ή

2137 5161 2451 5222 ἀνάστασις.
2503 5159 2675 5213 Τοῦτο
2720 5161 2777 5214 δὲ
2821 5159 2882 5212 οὐ
2935 5159 3096 5230 μόνον
3155 5158 3247 5212 ἐπὶ
3293 5157 3386 5211 τοῦ
3443 5158 3710 5230 παρόντος

2136 5251 2348 5324 ἐνεργεῖ
2396 5255 2509 5317 τοῖς
2555 5252 2873 5324 δυναμένοις
2901 5251 3080 5320 λέγειν
3100 5267 3114 5281 σ
3171 5249 3598 5321 Συνετάερημεν
3631 5249 3711 5314 τῷ

2135 5343 2366 5412 Χριστῷ
2402 5343 2501 5398 διὰ
2547 5345 2654 5398 τοῦ
2695 5344 3135 5412 βαπτίσματος,
3179 5343 3270 5395 καὶ
3309 5344 3710 5413 συνανέστημεν

528 5461 574 5491 ⁸⁸
605 5457 762 5514 Joan.
795 5475 895 5525 xu,
933 5461 1025 5516 26.
1097 5459 1143 5491 ⁸³
1171 5460 1330 5518 Rom.
1367 5475 1484 5527 vm,
1523 5460 1616 5514 2|.
1673 5459 1718 5490 ⁶⁰
1753 5459 1914 5512 Rom.
1944 5471 1998 5520 v,
2027 5455 2150 5511 5-5.
2227 5457 2271 5488 ⁶¹
2296 5457 2462 5514 Rom.
2493 5475 2610 5525 vm,
2641 5459 2732 5514 20.
2775 5459 2822 5490 "
2857 5461 3018 5516 Rom.
3044 5461 3204 5528 νηὶ.

530 5580 642 5652 (ll)
705 5583 1213 5652 Κατακεχαρίσθαι
1235 5621 1250 5646 ,
1295 5581 1522 5636 ἄλλοσε
1581 5578 1861 5650 χωρήσας
1879 5647 1910 5652 _
1949 5575 2030 5652 τῷ

459 5649 765 5718 θελήματι.
795 5652 870 5705 Ita
904 5647 1052 5708 recte
1081 5655 1222 5707 htmc
1259 5653 1432 5706 locum
1477 5647 1634 5706 sanat
1660 5647 1832 5706 codex
1879 5647 2024 5702 ΒυιΙ-

458 5721 708 5793 leiauus;
745 5721 964 5793 malein
1001 5721 1241 5793 editione
1279 5720 1472 5793 ﬂuetii
1524 5722 1720 5793 legitur
1779 5734 2026 5786 καταχα-

460 5789 731 5861 ρίσθαικ..
755 5791 1009 5862 χωρήσας
1031 5789 1109 5862 τῷ
1137 5791 1501 5863 προσλήματι,

2208 5583 2320 5657 (12)
2350 5585 2462 5636 Και
2487 5582 2788 5657 προσήκοι
2812 5579 2894 5648 τῷ
2921 5581 3248 5657 χωρίςεμθιο.
3277 5578 3459 5657 Locus
3494 5577 3708 5632 hiulcus

2133 5662 2189 5707 et
2219 5649 2538 5722 corruptus,
2565 5655 2651 5708 cui
2675 5649 2884 5720 absque
2917 5649 3232 5706 melioribus
3263 5649 3547 5706 codicibus
3592 5665 3708 5705 mc-

2135 5724 2368 5780 diciuam
2405 5725 2581 5781 facere
2609 5723 2746 5780 velle
2783 5723 3139 5778 temerarium
3163 5729 3267 5776 est.
