4174 6424
375 355 449 410 73
1468 346 1823 403 COMMENT.
1864 345 1929 399 IN
1967 344 2159 401 JOAN.
2198 347 2433 403 TOMUS
2462 350 2502 403 l.
3560 354 3628 410 75

373 472 549 543 αὐτῷ·
579 472 713 526 ἀλλά
747 471 925 543 πολλῷ
954 471 1150 542 μᾶλλον
1175 471 1262 523 ὅτε
1293 469 1474 540 ἄκρως
1508 469 1686 521 πᾶσάν
1714 486 1798 530 τις
1822 468 1957 519 ἀπον

2068 468 2233 523 multo
2271 471 2443 538 magis
2481 484 2602 523 cum
2631 485 2874 539 prorsus,
2915 472 3062 527 omni
3094 474 3339 542 deposita
3376 478 3629 533 mortali-

377 562 609 634 θέμενος
643 563 964 634 νεκρότητα,
1000 566 1058 616 ἐν
1094 565 1159 632 τῇ
1190 560 1354 613 αὑτοῦ
1392 560 1484 612 τοῦ
1520 559 1650 613 Υἱοῦ
1682 559 1957 629 καινότητι

377 650 532 722 ζωῆς
566 656 876 723 περιπατεῖ·
913 653 1030 719 Τὴν
1062 652 1354 719 νέκρωσιν
1387 650 1491 703 τοῦ
1553 650 1752 717 Ἰησοῦ
1783 651 1852 703 ἐν
1880 650 1960 716 τῷ

377 745 609 813 σώματι
634 743 890 798 πάντοτε
915 742 1149 798 ἐνταῦθα
1176 741 1587 810 περιεφέρομεν,
1615 741 1705 794 ὅτε
1755 742 1961 808 ἀξιολό-

377 853 496 903 γως
535 836 888 909 ὠφελήμεθα,
927 838 1027 890 ἵνα
1071 837 1109 904 ἠ
1158 834 1269 903 ζωὴ
1320 834 1425 888 τοῦ
1474 832 1668 901 Ἰησοῦ
1717 834 1788 887 ἐν
1837 835 1960 899 τοῖς

378 928 661 997 σώμασιν
692 927 862 996 ἡμῶν
889 925 1219 997 φανερωθῇ.

453 1017 545 1072 26.
594 1018 754 1072 Ἀλλά
782 1019 876 1072 καὶ
918 1020 951 1086 ή
999 1019 1057 1070 ὲν
1099 1017 1262 1088 σοφία
1293 1016 1509 1089 πορεία,
1544 1014 1638 1069 καὶ
1683 1014 1959 1085 πρακτικὴ

380 1107 493 1162 τῶν
538 1106 859 1178 σωζομένων
896 1111 953 1162 ὲν
1006 1108 1155 1179 αὐτῷ
1200 1108 1455 1178 γινομένη
1506 1106 1645 1160 κατά
1689 1106 1786 1169 τὰς
1832 1105 1962 1176 περὶ⁸

354 1199 643 1272 ,ἀληθείας
686 1203 743 1254 ὲν
795 1201 938 1271 λόγῳ
969 1200 1098 1271 θείῳ
1142 1199 1428 1264 διεξόδους,
1463 1198 1558 1253 καὶ
1592 1197 1819 1270 πράξεις
1861 1197 1961 1259 τὰς

386 1293 532 1346 κατά
563 1293 661 1363 τὴν
696 1292 871 1363 ἀληθῆ
899 1290 1264 1363 δικαιοσύνην,
1301 1288 1628 1360 παρίστησιν
1662 1290 1792 1358 ἡμῖν
1822 1290 1961 1343 νοεῖν

386 1382 510 1447 πῶς
540 1382 700 1445 αὑτός
727 1384 873 1435 ἐστιν
904 1384 937 1454 ἡ
961 1382 1098 1447 ὁδὸς,
1129 1381 1213 1451 ἐφ’
1246 1382 1311 1453 ἢν
1337 1381 1451 1434 ὁδὸν
1477 1380 1627 1434 οὐδὲν
1654 1379 1829 1451 αἴρειν
1852 1379 1960 1449 (15)

383 1475 491 1537 δεῖ,
530 1473 651 1527 οὔτε
668 1475 871 1546 πήραν,
884 1473 1006 1527 οὔτε
1030 1474 1264 1545 ἱμάτιον,
1281 1474 1393 1527 ἀλλ’
1412 1473 1531 1526 οὐδὲ
1557 1472 1750 1543 ῥάϐδον
1772 1471 1962 1542 ἔχοντα

381 1563 593 1616 ὁδεύειν
622 1563 747 1635 χρὴ,
777 1563 899 1616 οὐδὲ
931 1563 1250 1635 ὑποδήματα
1280 1562 1626 1615 ὑπώεδέσθαι
1661 1562 1800 1625 κατὰ
1837 1562 1964 1624 τοὺς

389 1654 579 1718 πόδας.
606 1656 898 1727 Αὐτάρκης
934 1655 1042 1727 γάρ
1072 1657 1188 1707 ἐστι
1207 1654 1316 1725 (14)
1351 1654 1554 1717 παντὸς
1586 1653 1797 1723 ὲφοδίου
1823 1654 1962 1724 αὐτῆ

385 1750 422 1818 ἡ
454 1747 596 1812 ὁδὸς,
627 1748 722 1800 καὶ
760 1746 1009 1818 ἀνενδεὴς
1036 1746 1296 1816 τυγχάνει
1327 1746 1436 1809 πᾶς
1465 1749 1493 1799 ό
1517 1745 1722 1817 ταύτης
1748 1745 1964 1798 ἐπιϐαί-

385 1855 517 1900 νων,
551 1837 962 1907 κεκοσμημίυος
982 1836 1244 1906 ,ὲνδύματι
1276 1829 1319 1903 ᾧ
1353 1835 1553 1907 πρέπει
1590 1835 1963 1906 κεκοσμῆσθαι

382 1932 482 1985 τὸν
511 1931 602 1983 ἐπὶ
636 1929 734 2000 τὴν
778 1929 969 2000 κλῆσιν
1015 1929 1107 1982 τοῦ
1150 1929 1331 2000 γάμου
1372 1929 1623 1995 ἀπιόντα,
1660 1929 1871 1992 οὐδενός
1902 1948 1963 1983 τε

384 2021 623 2094 χαλεποῦ
644 2022 943 2092 δυναμένου
974 2022 1279 2092 ἀπαντῆσαι
1307 2022 1448 2075 κατά
1475 2021 1676 2091 ταύτην
1701 2021 1799 2093 τὴν
1824 2021 1960 2075 ὀδόν.

398 2117 705 2186 Ἀμήχανον
724 2113 833 2186 γάρ
857 2114 1009 2177 ὁδοὺς
1031 2113 1204 2183 ὄφεως
1231 2114 1324 2166 ἐπὶ
1360 2112 1563 2184 πέτρας
1596 2113 1794 2186 εὑρεῖν.
1822 2112 1962 2167 κατά

384 2203 479 2256 τὸν
538 2203 886 2275 Σολομῶντα,
940 2202 1084 2274 φημὶ
1134 2201 1178 2254 δ’
1230 2201 1361 2270 ἐγὼ,
1421 2204 1503 2256 ὅτι
1556 2202 1651 2255 καὶ
1680 2196 1741 2259 οὗ
1764 2203 1963 2273 δήποτε

381 2296 602 2368 θηρίοψ
631 2295 711 2349 διὸ
744 2295 866 2349 οὐδὲ
889 2296 1048 2366 χρεία
1078 2293 1276 2372 ῥάϐδου
1310 2296 1366 2348 ὲν
1398 2293 1523 2365 ὁδῷ,
1557 2295 1675 2348 οὐδὲ
1711 2293 1831 2365 ἴχνη
1857 2295 1963 2348 τῶν

386 2386 650 2441 ἐναντίων
693 2386 914 2461 ἐχούσῃ,
967 2387 1064 2440 καὶ
1101 2387 1435 2459 ἀνεπιδὲκτῳ
1481 2387 1571 2441 διὰ
1612 2388 1673 2440 τὸ
1720 2388 1964 2459 στερρὸν,

382 2462 577 2550 διόπερ
608 2480 699 2533 καὶ
727 2479 902 2552 πέτρα
924 2480 1162 2549 λέγεται,
1190 2479 1295 2535 τῶν
1323 2480 1581 2551 χειρόνων
1603 2479 1960 2553 τυγχανούσῃ.

461 2753 551 2808 27.
596 2752 844 2824 Ἀλήθεια
884 2753 942 2806 δὲ
986 2755 1013 2806 ὁ
1060 2754 1367 2825 Μονογενής
1408 2756 1523 2808 ἐστι
1574 2754 1748 2809 πάντα
1796 2755 1966 2825 ἐμπε-

390 2846 685 2919 ριειληφὼς
717 2846 807 2900 τὸν
847 2847 975 2917 περὶ
1007 2846 1113 2900 τῶν
1143 2847 1279 2902 ὅλων
1312 2848 1449 2901 κατά
1492 2847 1554 2900 τὸ
1590 2848 1840 2919 βούλημα
1871 2847 1963 2901 τοῦ

386 2939 606 3010 Harpe;
638 2938 775 3009 μετά
822 2939 1003 3010 πάσης
1032 2939 1359 3011 τρανότητος
1388 2939 1566 3009 λόγον,
1615 2939 1708 2994 καὶ
1751 2941 1964 3010 ἑκάστῳ

388 3030 533 3085 κατά
578 3029 674 3101 τὴν
721 3028 880 3096 ἀξίαν
922 3026 1151 3106 αὐτοῦῇ
1195 3031 1422 3103 ἀλήθειά
1463 3034 1577 3085 ἐστι
1630 3030 1960 3102 μεταδιδούς.

2063 568 2194 622 tate,
2237 559 2433 628 aliquis
2476 564 2528 613 in
2566 562 2803 615 novitate
2830 564 2953 617 vitae
2989 565 3160 631 ipsius
3189 565 3312 619 Filii
3346 568 3630 626 ambulat:

2064 648 2443 704 Mortalitutem
2484 664 2612 705 vero
2637 650 2762 706 Jesu
2805 669 3005 720 semper
3022 654 3079 708 in
3106 671 3348 724 corpore,
3382 658 3511 713 dum
3547 660 3635 716 hic

2062 740 2326 807 degitnus,
2367 743 2815 812 circumferimus.
2858 746 3073 813 quando
3105 762 3361 818 magnum
3397 749 3634 807 fructum

2062 831 2326 899 cepimus,
2362 843 2418 887 ut
2451 834 2558 888 vita
2598 833 2725 889 Jestt
2758 835 2810 889 in
2853 838 3158 904 corporibus
3183 839 3379 894 nostris
3408 841 3634 912 manife-

2062 931 2227 977 statur
2247 924 2312 975 ⁸³.

2132 1013 2222 1068 26.
2268 1014 2574 1082 Quinetiam
2617 1019 2705 1073 via
2738 1035 2859 1090 qua:
2885 1028 2969 1075 est
3014 1021 3070 1076 in
3103 1022 3390 1090 sapientia,
3432 1034 3488 1081 et
3514 1040 3636 1094 qua:

2064 1108 2175 1162 vim
2206 1109 2370 1164 habet
2402 1108 2668 1167 eﬂiciendi
2693 1126 2788 1166 eos
2819 1112 2910 1181 qui
2934 1127 3029 1181 per
3057 1127 3179 1167 eam
3211 1112 3440 1168 salutem
3467 1117 3637 1186 adipi-

2064 1204 2294 1251 scuntur
2317 1199 2612 1254 secundum
2632 1200 3017 1269 explicationes
3037 1202 3103 1256 de
3127 1204 3353 1258 veritate
3376 1205 3429 1259 in
3452 1205 3637 1261 divino

2067 1287 2236 1342 verbo
2264 1297 2321 1343 et
2352 1289 2593 1363 actiones
2621 1292 2947 1347 exsistentcs
2970 1291 3022 1345 in
3053 1307 3180 1346 vera
3211 1293 3445 1361 justitia,
3479 1297 3637 1353 nobis

2068 1379 2471 1449 intelligendum
2498 1382 2700 1451 praebet
2722 1384 2992 1451 quomodo
3021 1382 3273 1440 Christus
3295 1387 3376 1440 via
3402 1389 3634 1456 dicatur,

2067 1472 2120 1523 in
2150 1485 2311 1539 quam
2339 1471 2481 1526 viam
2511 1472 2642 1526 nihil
2681 1483 2895 1541 gestare
2927 1475 3086 1530 debet
3113 1491 3286 1544 neque
3305 1493 3514 1546 peram,
3542 1496 3638 1535 ne-

2065 1575 2170 1630 que
2189 1561 2407 1631 pallium
2425 1576 2489 1617 ac
2508 1577 2576 1617 ne
2595 1564 2847 1619 baculum
2868 1569 3081 1635 quidem
3103 1570 3190 1624 vel
3205 1572 3417 1627 calceos
3440 1574 3505 1638 ⁸⁸,
3523 1574 3639 1642 qui-

2064 1653 2164 1707 bus
2188 1654 2377 1708 induat
2399 1655 2564 1725 pedes
2594 1655 2699 1711 iter
2750 1656 3015 1716 facturus.
3048 1661 3331 1719 Snllicieus
3356 1665 3501 1720 enim
3538 1680 3637 1735 per

2065 1759 2123 1798 se
2154 1755 2237 1799 est
2262 1745 2378 1800 hmc
2412 1746 2497 1800 via
2527 1747 2594 1800 ad
2620 1748 2798 1803 omnia
2826 1752 3216 1819 suppeditanda
3239 1755 3421 1810 itineri
3444 1772 3638 1811 neces-

2065 1840 2234 1902 saria,
2267 1836 2521 1906 nullaque
2556 1852 2614 1891 re
2639 1841 2862 1896 omnino
2886 1842 3090 1911 indiget
3110 1845 3359 1915 quisquis
3389 1848 3531 1903 hanc
3555 1848 3639 1901 in-

2064 1928 2327 1995 greditur,
2358 1937 2585 1981 ornatus
2618 1944 2684 1983 eo
2711 1933 3038 1988 vestimento
3069 1949 3174 2002 quo
3225 1947 3483 1993 ornatum
3515 1954 3640 1995 esse

2063 2033 2186 2072 eum
2214 2019 2370 2073 decet
2407 2020 2495 2086 qui
2527 2019 2786 2078 invitatus
2809 2023 2957 2078 vadit
2980 2025 3046 2079 ad
3077 2025 3315 2093 nuptias,
3341 2041 3463 2081 cum
3488 2030 3637 2083 nulla

2066 2124 2153 2163 res
2172 2109 2394 2163 molesta
2421 2108 2592 2177 possit
2622 2111 2675 2165 in
2704 2113 2803 2167 hac
2831 2114 2920 2168 via
2953 2130 3263 2172 occurrere.
3286 2116 3469 2172 Facile
3491 2121 3639 2172 enim

2065 2200 2210 2257 factu
2238 2217 2345 2256 non
2372 2211 2477 2265 est,
2508 2208 2650 2256 teste
2670 2202 2961 2260 Salomone
2987 2205 3057 2270 ⁸³,
3085 2216 3141 2259 ut
3168 2209 3457 2276 serpentis,
3483 2218 3558 2275 et,
3579 2219 3641 2262 ut

2065 2308 2164 2361 ego
2195 2294 2453 2360 arbitror,
2475 2294 2713 2364 cujusvis
2747 2297 2910 2350 etiam
2938 2296 3066 2352 fera;
3113 2299 3233 2354 vias
3252 2299 3494 2354 inveniat
3517 2302 3640 2370 quis

2064 2398 2226 2455 supra
2283 2395 2512 2455 petram.
2574 2390 2755 2454 Quare
2818 2387 2948 2443 nihil
2993 2403 3132 2458 opus
3180 2399 3267 2445 est
3328 2390 3523 2446 baculo
3585 2393 3639 2446 in

2068 2478 2155 2530 via
2198 2476 2324 2543 hac,
2360 2492 2481 2547 qua:
2519 2488 2725 2534 tantum
2759 2480 2916 2535 abest
2944 2487 3003 2535 ut
3043 2480 3442 2537 contrariorum
3474 2485 3644 2539 vesti-

2065 2570 2153 2639 gia
2186 2570 2408 2637 habeat,
2445 2583 2507 2626 ut
2553 2587 2621 2628 ne
2651 2573 2866 2628 illorum
2899 2572 3114 2642 quidem
3158 2586 3278 2642 qua:
3305 2573 3445 2628 mala
3480 2584 3629 2638 sunt,

2065 2665 2134 2719 ob
2159 2663 2513 2729 soliditatem,
2543 2668 2686 2720 unde
2717 2666 2881 2720 etiam
2908 2672 3062 2734 petra
3086 2664 3305 2732 dicitur,
3334 2665 3407 2720 sit
3444 2681 3638 2735 capax.

2134 2756 2225 2811 27.
2260 2757 2425 2812 Porro
2449 2757 2767 2831 Unigenitus
2796 2757 3001 2813 veritas
3021 2765 3126 2823 est,
3155 2770 3370 2812 omnem
3395 2759 3639 2814 omnium

2064 2862 2243 2902 rerum
2256 2847 2408 2916 juxta
2429 2846 2608 2903 Patris
2623 2847 2958 2903 voluntatem
2980 2861 3101 2902 cum
3117 2847 3529 2904 omniclaritate
3551 2865 3639 2903 ra-

2067 2939 2267 2994 tionem
2287 2939 2339 2993 in
2357 2954 2416 2995 se
2432 2938 2816 3009 complectens,
2833 2948 2993 3008 atque
3010 2938 3301 3008 unicuique
3315 2940 3367 2993 in
3378 2949 3640 3010 quantum

2063 3030 2366 3085 estveritas
2382 3044 2481 3101 pro
2510 3029 2653 3084 illius
2698 3029 2957 3101 dignitate
2983 3037 3039 3083 et
3059 3028 3254 3083 merito
3285 3029 3641 3086 distribuens.

408 3122 536 3178 Ἐὰν
560 3121 615 3174 δέ
640 3139 724 3185 τις
751 3122 888 3193 ζητῇ
918 3121 1027 3193 (15)
1056 3123 1103 3175 εί
1128 3122 1363 3193 nemo)
1393 3123 1421 3175 ὅ
1454 3122 1504 3174 τί
1536 3138 1663 3175 ποτε
1690 3122 1952 3193 ἐγνωσμέ-

2068 3123 2216 3190 Quod
2230 3123 2272 3177 si
2285 3122 2410 3191 quis
2423 3122 2662 3191 inquirat
2673 3137 2801 3177 num
2813 3136 2972 3177 omne
2983 3122 3125 3191 quod
3136 3119 3353 3175 tandem
3368 3122 3642 3189 cognitum

396 3229 489 3264 νον
516 3212 621 3265 ὑπὸ
656 3211 749 3266 τοῦ
796 3212 1010 3284 Πατρδς
1042 3211 1183 3265 κατά
1210 3212 1271 3266 τὸ
1299 3211 1459 3282 βάθος
1487 3213 1581 3266 τοῦ
1613 3213 1840 3267 πλούτου
1871 3215 1964 3267 καὶ

2068 3224 2151 3269 est
2163 3213 2472 3283 Patrijuxta
2488 3213 2938 3284 profunditatem,
2954 3223 3009 3268 et
3024 3213 3417 3278 divitiarum,et
3429 3215 3639 3284 sapienv

387 3304 491 3373 τῆς
540 3304 730 3372 σοφίας
776 3304 869 3356 καὶ
920 3305 1019 3375 τῆς
1063 3305 1318 3373 γνώσεως
1367 3305 1552 3369 αὑτοῦ,
1602 3307 1888 3360 ἐπίσταται
1937 3309 1964 3360 ὁ

389 3392 581 3465 Σωτὴρ
610 3394 789 3465 ἡμῶν,
822 3395 914 3447 καὶ
938 3396 1210 3467 φαντασίᾳ
1234 3397 1326 3450 τοῦ
1351 3394 1591 3460 δοξάζειν
1621 3396 1715 3449 τὸν
1746 3397 1965 3468 Πατέρα

388 3485 760 3557 ἀποφαίνηταί
818 3503 937 3538 τινα
999 3487 1379 3558 γινωσκόμενα
1444 3488 1549 3541 ὑπὸ
1601 3488 1695 3543 τοῦ
1757 3489 1966 3561 Πατρὺς

387 3575 705 3644 ἀγνοεῖσθαι
752 3574 857 3628 ὑπὸ
906 3577 998 3630 τοῦ
1039 3576 1194 3640 Υίοῦ,
1245 3576 1594 3649 διαρκοῦντος
1643 3577 1964 3648 ἐξισωθῆναι

388 3667 511 3727 ταῖς
558 3663 896 3735 καταλήψεσι
957 3664 1052 3718 τοῦ
1108 3666 1372 3737 ἀγενήτου
1424 3667 1592 3720 Θεοῦο
1649 3668 1965 3721 ἐπιστατέον

388 3756 553 3809 αὑτὸν
585 3758 650 3810 ὲκ
680 3756 773 3810 τοῦ
814 3756 1071 3828 ἀλήθειαν
1114 3754 1253 3812 εἶναι
1285 3758 1375 3811 τὸν
1405 3759 1656 3830 Σωτῆρα,
1686 3758 1780 3812 καὶ
1810 3777 1969 3830 προσ-

388 3848 606 3912 ακτέον,
654 3848 757 3913 ὅτι,
810 3849 858 3900 εἰ
911 3848 1200 3920 ὁλόκληρός
1244 3851 1392 3902 ἐστιν
1446 3849 1753 3921 ἡάλήθεια,
1816 3852 1967 3905 οὐδὲν

389 3938 587 4007 ἀληθὲς
615 3938 816 4005 ἀγνοεῖ,
851 3938 936 3992 ἵνα
968 3939 1042 4010 μὴ
1087 3938 1260 4011 σκάζῃ
1289 3940 1550 3994 λείπουσα
1635 3941 1863 4014 ἀλήθεια
1887 3939 1965 4007 οἷς
2012 3920 2032 3941 ⁴

389 4032 451 4082 οὐ
485 4031 764 4099 γινώσκει,
795 4033 916 4085 κατ’
946 4032 1206 4097 ἐκείνους,
1245 4034 1602 4104 τυγχάνουσιν
1631 4036 1688 4089 ὲν
1723 4036 1867 4107 μόνῳ
1890 4036 1967 4109 τῷ

391 4122 602 4194 Πατρί·
637 4123 670 4192 ἢ
699 4123 963 4177 δεικνύτω
986 4141 1090 4189 τις,
1122 4126 1203 4177 ὅτι
1232 4125 1377 4179 ἔστιν
1398 4126 1833 4199 διγινωσκόμενα
1854 4128 1966 4198 (Π)

390 4212 495 4281 τῆς
522 4211 777 4282 ἀληθείας
808 4214 1179 4285 προσηγορίας
1200 4215 1261 4267 οὐ
1288 4216 1642 4285 τυγχάνοντα,
1672 4216 1808 4271 ἀλλά
1830 4218 1968 4288 ὑπὲρ

390 4303 565 4375 αὐτὴν
598 4303 747 4358 ὄντα.

462 4395 553 4449 28.
600 4398 778 4467 Σαφὲς
833 4397 917 4464 δὲ,
962 4399 1043 4451 ὅτι
1092 4400 1297 4471 κυρίως
1348 4399 1450 4470 τῆς
1500 4398 1823 4473 εἰλικρινοῦς
1878 4403 1968 4455 καὶ

2070 3306 2178 3369 tite,
2211 3315 2266 3360 et
2287 3304 2615 3377 cognitionis
2644 3305 2760 3374 ejus
2783 3306 2853 3370 “,
2888 3304 3149 3361 Servator
3168 3306 3272 3377 31
3301 3315 3485 3361 noster
3509 3308 3646 3362 sciat

2069 3407 2124 3451 et
2146 3412 2309 3453 causa
2326 3398 2662 3469 gloriﬁcandi
2680 3397 2896 3453 Patrem
2921 3399 3168 3467 quaedam
3194 3413 3225 3452 a
3249 3396 3412 3453 Patre
3430 3399 3645 3469 cognita

2066 3505 2189 3545 esse
2216 3489 2362 3545 dicat
2387 3505 2508 3559 qua:
2533 3489 2703 3544 Filius
2731 3488 2961 3560 ignoret,
2997 3504 3121 3543 cum
3147 3488 3349 3557 alioqui
3383 3489 3553 3558 possit
3576 3503 3645 3542 ex

2067 3596 2222 3650 aequo
2246 3581 2475 3651 perinde
2509 3590 2671 3649 atque
2705 3581 2977 3650 ingenitus
3008 3580 3146 3634 Deus
3176 3578 3641 3649 apprehensiones

2071 3670 2443 3739 prehendere;
2473 3670 2751 3725 sciendum
2778 3679 2863 3722 est
2891 3668 3235 3722 Servatoretn
3267 3668 3464 3737 ipsum,
3511 3668 3640 3738 quia

2071 3761 2143 3813 sit
2175 3760 2396 3825 veritas,
2430 3760 2565 3813 nihil
2601 3760 2715 3814 veri
2771 3762 3043 3829 ignorare,
3081 3760 3239 3828 idque
3267 3769 3378 3813 tum
3406 3762 3646 3815 maxime

2071 3850 2471 3921 adiungendum
2493 3861 2596 3914 est,
2633 3851 2803 3906 solida
2835 3851 2877 3905 si
2910 3862 2994 3904 est
3015 3853 3240 3916 veritas,
3279 3867 3346 3907 ne
3376 3853 3645 3908 claudicet

2072 3944 2274 3998 veritas
2302 3945 2568 3999 diminuta
2600 3944 2908 4012 cognitione
2932 3958 3119 3998 eorum
3142 3959 3262 4013 qua:
3291 3952 3418 3998 sunt
3442 3945 3497 4000 in
3529 3944 3644 4000 solo

2073 4032 2259 4098 Patre,
2285 4043 2344 4090 ut
2374 4035 2463 4089 isti
2501 4035 2758 4088 tradunt:
2790 4034 2873 4087 vel
2903 4037 3154 4090 ostendat
3173 4035 3372 4105 aliquis
3395 4036 3643 4105 quaedam

2072 4136 2196 4178 esse
2237 4139 2358 4191 quae
2395 4136 2821 4194 cognoscuntur,
2854 4139 2972 4192 qua:
3005 4124 3252 4179 veritatis
3284 4124 3646 4193 appellatione

2071 4215 2375 4285 nuncupari
2403 4231 2506 4269 non
2536 4229 2786 4285 possunt,
2837 4219 2932 4271 sed
2959 4230 3123 4286 supra
3158 4220 3329 4284 ipsam
3362 4216 3643 4269 veritatem

2072 4307 2174 4360 sita
2198 4317 2348 4361 sunt.

2143 4399 2234 4455 28.
2267 4403 2531 4455 Caeterum
2563 4400 2908 4470 perspicuum
2937 4411 3020 4457 est
3049 4401 3376 4470 principium
3414 4399 3647 4455 fontem-

390 4477 638 4557 ἀμιγοῦς
662 4488 798 4559 πρός
825 4506 877 4542 τι
914 4488 1100 4560 ἕτερον
1127 4488 1274 4561 ζωῆς
1303 4492 1337 4561 ἡ
1369 4490 1510 4562 ἀρχὴ
1552 4493 1610 4544 ὲν
1652 4490 1729 4562 τῷ
1758 4492 1971 4565 Πρωτο-

2076 4504 2184 4559 que
2210 4489 2333 4544 vitae
2356 4490 2674 4546 sineerioris
2709 4506 2774 4545 ac
2802 4493 3062 4561 purioris,
3100 4501 3266 4561 atque
3311 4510 3340 4543 ιι
3390 4490 3647 4546 mistionc

391 4580 540 4648 τόκῳ
578 4579 757 4650 πάσης
787 4580 1016 4645 κτίσεως
1043 4583 1317 4653 τυγχάνει,
1350 4583 1443 4651 ἀφ’
1469 4578 1536 4655 ἧς
1558 4584 1607 4636 oi
1641 4583 1856 4654 μέτοχοι
1878 4584 1967 4638 τοῦ

393 4671 633 4742 Χριστοῦ
678 4671 1042 4744 λαμϐάνοντες
1086 4674 1188 4745 τὴν
1221 4673 1437 4744 ἀληθῶς
1470 4673 1604 4739 ζῶσι
1652 4674 1815 4747 ζωὴν,
1862 4676 1970 4728 τῶν

392 4765 529 4835 παρ’
557 4764 725 4836 αὐτὴν
753 4763 1121 4837 νομιζομένων
1150 4766 1248 4837 ζῇν
1291 4766 1480 4838 ὥσπερ
1508 4768 1609 4821 οὐκ
1648 4767 1880 4838 ἐχόντων
1912 4768 1973 4820 τὸ

391 4856 646 4925 ἀληθινὸν
672 4856 808 4927 φῶς,
843 4861 1015 4922 οὕτως
1040 4858 1160 4911 οὐδὲ
1187 4859 1247 4911 τὸ
1272 4857 1521 4929 ἀληθινὸν
1548 4857 1664 4928 ζῇν.

466 5130 560 5187 29.
608 5131 719 5185 Καὶ
760 5131 883 5185 ἐπεὶ
910 5132 971 5185 ὲν
1002 5132 1080 5202 τῷ
1132 5132 1306 5204 Πατρὶ¹
1358 5132 1457 5186 οὐκ
1496 5130 1611 5186 ἔστι
1658 5130 1971 5203 γενέσθαιῆ

408 5268 413 5275 ’
468 5274 581 5329 “Il
611 5273 736 5329 Cor.
773 5288 846 5337 tv,
881 5274 962 5328 l0.

501 5382 586 5450 13)
604 5381 752 5452 λεῖφ’
778 5380 858 5448 ἣν
880 5380 1025 5435 ὁδὸν
1044 5381 1225 5435 οὐδὲν
1252 5383 1463 5452 αἴρειν.
1493 5383 1566 5437 Ita
1613 5392 1770 5440 recte
1812 5383 1972 5452 habet

392 5448 959 5524 codex'ﬁodleiuntw;
1012 5456 1151 5521 apud
1207 5448 1458 5509 Huétium
1507 5454 1706 5524 legitur
1751 5453 1835 5522 ἐφ’
1902 5448 1970 5524 ἦς

391 5524 517 5579 ὁδὸν
546 5521 742 5594 αἴρειν.

472 5592 587 5716 (£14)
613 5592 757 5649 ldetn
784 5592 956 5647 codex
994 5592 1334 5659 Bodleianus,
1359 5595 1512 5648 ἐστί·
1555 5594 1724 5650 editio
1769 5592 1970 5658 ﬂuetii,

393 5668 515 5721 ἐπί.

474 5732 593 5806 (15)
629 5731 874 5806 wares
900 5749 995 5806 sic
1023 5730 1325 5806 ζἠτῆ,οιοἶ
1356 5733 1553 5791 Valere
1582 5736 1709 5806 haec
1748 5741 1975 5804 possunt

398 5801 671 5862 adversus
694 5801 914 5870 Origeni
946 5803 1201 5856 intentari
1249 5804 1464 5859 solitam
1516 5801 1972 5870 criminatiOnem,

698 5894 972 5954 PATBOL.
1013 5893 1131 5955 Gn.
1177 5895 1262 5955 XI
1280 5895 1348 5956 V.

2079 4580 2449 4651 cujuscunque
2503 4584 2580 4637 rei
2640 4584 2850 4648 alienae,
2890 4585 3109 4653 proprie
3165 4584 3218 4636 in
3276 4579 3646 4653 Primogenito

2078 4672 2257 4726 omnis
2289 4683 2560 4728 creatura:
2602 4675 2900 4742 exsistere,
2933 4689 2964 4727 a
3013 4690 3118 4742 qua
3157 4674 3247 4743 qui
3289 4672 3491 4729 Christi
3521 4684 3646 4727 sunt

2079 4764 2372 4834 participes
2420 4775 2720 4831 sumentes,
2759 4781 2942 4820 verant
2971 4769 3164 4820 vivunt
3199 4768 3386 4832 vitam,
3420 4780 3541 4819 cum
3588 4766 3646 4818 hi

2080 4855 2172 4925 qui
2206 4868 2408 4926 praeter
2442 4857 2619 4927 ipsum
2677 4856 2860 4913 vivere
2909 4859 3290 4914 existimantur
3313 4897 3327 4920 ,
3364 4866 3424 4911 ut
3460 4871 3646 4910 veram

2077 4948 2251 5004 lucem
2294 4965 2401 5004 non
2443 4951 2675 5016 habent,
2719 4953 2793 5005 ita
2846 4968 2916 5008 ne
2961 4967 3145 5006 veram
3194 4951 3411 5020 quidem
3458 4949 3649 5002 vivant-

2082 5040 2189 5094 vita
2199 5057 2270 5094 tn.

2151 5130 2241 5183 29.
2277 5129 2544 5197 Quoniam
2575 5146 2704 5186 vero
2735 5148 2786 5186 tn
2817 5134 2980 5188 Patre
3007 5132 3087 5187 vel
3114 5134 3254 5204 apud
3291 5132 3508 5190 Patrem
3537 5146 3645 5185 non

1035 5271 1081 5306 ⁸⁸
1107 5273 1297 5327 Matth.
1324 5289 1378 5332 κ.
1415 5273 1504 5329 10.
1570 5274 1615 5305 ⁸⁸
1644 5273 1806 5328 Prov.
1842 5288 1970 5337 xxx,
1999 5272 2087 5328 l9.
2165 5270 2211 5301 “
2238 5270 2257 5323 Ι
2283 5269 2408 5325 Cor.
2434 5285 2496 5336 tt,
2523 5268 2610 5324 l0.

2116 5381 2222 5437 uod
2249 5380 2428 5437 Patris
2453 5381 2816 5451 cognitionem
2857 5383 3115 5449 majorem
3144 5396 3294 5451 esse
3336 5379 3647 5451 cognitione

2103 5449 2202 5505 i‘tlii
2226 5453 2498 5506 statuerit.
2525 5449 2992 5522 Quamquoniatn
3029 5455 3082 5507 in
3123 5449 3454 5522 Origeniani's
3479 5466 3648 5507 excu-

2080 5523 2271 5584 timus,
2306 5522 2461 5589 plura
2493 5538 2598 5575 non
2625 5521 2837 5576 addant.
2871 5522 3132 5577 "UETIUS.

2149 5590 2261 5662 (l6)
2294 5591 2471 5662 Codex
2504 5590 2828 5646 Bodleianus
2866 5604 2922 5645 et
2945 5591 3274 5646 Barbarinus
3300 5590 3441 5643 πᾶν·
3476 5589 3648 5649 editio

2078 5660 2283 5725 Hu‘etii,
2311 5661 2466 5715 ἐπάν.

2149 5730 2262 5854 (ἐἹ)
2320 5733 2378 5786 Ἃ
2427 5733 2857 5800 γινωσκόμενα.
2914 5731 3079 5788 Forte
3125 5731 3411 5803 legendum
3459 5731 3529 5787 τά
3561 5731 3649 5787 vel

2149 5819 2160 5852 ν
2201 5835 2219 5854 .

2076 5819 2219 5856 τινα.

3285 5893 3325 5952 3
