4174 6448
551 353 632 410 ⁷15
1996 351 2115 410 om

2217 350 2318 403 NlS
3747 362 3818 416 το

555 474 685 532 licet
712 488 834 531 esse
863 475 910 532 ci
951 474 1044 545 qui
1102 474 1338 546 primum
1385 475 1455 532 a‘b
1507 477 1616 532 imo
1645 477 1992 533 ascendendo
2021 492 2115 532 nor

2235 476 2386 547 παρὰ
2419 475 2497 547 τῷ
2520 476 2630 549 (l8)
2659 477 2856 548 Πατρὶ,
2885 479 2960 550 μὴ
2985 478 3288 546 φθάσαντα,
3321 479 3538 553 πρῶτον
3574 479 3820 538 κάτωθεν

555 567 865 640 pervenerit
887 566 956 624 ad
976 565 1102 622 Filii
1129 566 1493 633 divinitatem,
1523 583 1624 639 per
1649 584 1811 640 quam
1827 570 1948 640 quis
1968 585 2132 625 manu

557 659 685 716 duci
735 667 915 730 potest
967 661 1134 717 etiam
1180 661 1252 715 ad
1285 668 1589 731 paternam,
1629 661 1830 717 ostium
1881 659 2135 716 Salvator

553 750 851 822 inscriptus
871 761 988 809 est:
1009 751 1227 823 generis
1242 759 1421 808 autem
1443 752 1665 808 humani
1685 767 1874 808 amans
1895 768 2016 809 cum
2038 753 2131 818 sit,

553 852 610 899 et
640 842 1077 914 qualemcunque
1111 842 1420 899 animorum
1452 844 1521 898 ad
1571 843 1856 898 meliorem
1917 843 2130 913 frugem

552 933 961 991 inclinationem
1003 935 1279 1002 admittat,
1325 947 1517 990 eorum
1569 934 1667 1005 qui
1713 935 1782 989 ad
1825 933 2043 1006 [Λόγον,
2076 935 2130 990 id

549 1024 656 1098 est]
689 1025 757 1082 ad
779 1025 1044 1081 rationem
1078 1041 1186 1080 non
1216 1023 1489 1093 festinant,
1517 1025 1810 1094 oviumque
1831 1025 2002 1080 instar
2021 1040 2128 1082 non

549 1118 902 1187 exquisitam,
960 1118 1060 1174 sed
1118 1116 1492 1173 irrationalem
1549 1117 2020 1173 mansuetudinem
2076 1128 2131 1172 et

550 1213 832 1270 lenitatem
867 1213 1090 1280 habent,
1124 1221 1314 1284 pastor
1342 1211 1576 1268 eliicitur
1607 1229 1622 1267 :
1661 1211 1917 1268 Homines
1957 1212 2125 1278 enim,

545 1315 592 1361 et
607 1305 852 1377 jumenta
880 1315 1052 1362 seruat
1094 1305 1354 1360 Dominus
1379 1305 1446 1358 ⁸⁷.
1473 1303 1616 1371 Quin
1653 1313 1710 1358 et
1745 1303 1913 1358 Israel
1942 1313 2000 1360 et
2026 1301 2126 1356 Ju-

545 1398 644 1454 das
671 1398 874 1454 nedum
907 1397 1320 1463 hominum,sed
1349 1398 1514 1452 etiam
1538 1396 1911 1468 iumentorum
1941 1411 2125 1450 semen

544 1489 782 1545 seminat
805 1489 875 1544 ⁸³.

614 1580 705 1637 50.
729 1581 810 1637 Ad
842 1581 956 1637 hazc
985 1596 1016 1636 a
1048 1581 1314 1652 principio
1335 1580 1803 1636 considerandum
1833 1591 1918 1635 est
1963 1580 2125 1636 Chri-

2235 567 2615 634 ἀναϐαίνοντα,
2663 568 2757 622 ἐπὶ
2785 569 2889 641 τὴν
2919 569 3013 624 τοῦ
3056 570 3187 624 Υἱοῠ
3226 571 3478 644 θεότητα,
3523 572 3589 626 δι’
3622 569 3692 645 ἦς
3732 591 3818 640 τις

2233 661 2714 733 χειραγωγηθῆναι
2742 660 2966 715 δύναται
2986 662 3082 715 καὶ
3103 665 3198 716 ἐπὶ
3217 663 3318 734 τὴν
3343 663 3616 736 πατρικὴν
3644 683 3820 736 μακω-

2238 751 2480 822 ριότητα,
2515 751 2656 824 θύρα
2679 755 2707 806 ὁ
2736 753 2926 824 Σωτὴρ
2969 754 3402 826 ἀναγέγραπται·
3435 756 3818 828 φιλάνθρωπος

2231 841 2289 894 δὲ
2317 840 2415 906 ὢν,
2444 843 2540 896 καὶ
2569 842 2668 914 τὴν
2694 843 2842 906 ὅπως
2863 842 2994 896 ποτὲ
3020 844 3114 898 ὲπὶ
3163 843 3225 896 τὺ
3260 843 3466 914 βέλτιον
3491 845 3819 918 ἀποδεχόμε-

2232 951 2323 998 νος
2349 933 2459 988 τῶν
2493 934 2682 1005 ψυχῶν
2711 936 2905 1008 ῥοπὴν,
2938 935 3046 991 τῶν
3079 935 3172 990 ἐπὶ
3206 937 3297 990 τὸν
3329 938 3500 1006 Λόγον
3535 938 3609 1011 μὴ
3657 956 3817 993 σπευ-

2229 1024 2451 1089 δόντων,
2485 1025 2622 1080 ἀλλά
2645 1025 2801 1097 δίκην
2829 1025 3114 1098 προϐάτων
3141 1027 3240 1080 οὐκ
3266 1025 3654 1098 ἐξητασμένον,
3679 1028 3816 1083 ἀλλά

2231 1115 2423 1184 ἄλογον
2442 1115 2502 1169 τὸ
2521 1117 2727 1188 ἥμερον
2759 1115 2854 1169 καὶ
2875 1117 3048 1186 πρᾶον
3073 1115 3329 1186 ἐχόντων,
3355 1115 3560 1185 ποιμὴν
3581 1114 3812 1184 γίνεται·

2243 1207 2609 1278 Ἀνθρώπους
2637 1208 2747 1280 γὰρ
2779 1208 2878 1262 καὶ
2920 1208 3112 1279 κτήνη
3145 1206 3316 1268 σώζει
3362 1211 3396 1262 ὀ
3439 1209 3674 1276 Κύριος·
3717 1207 3812 1263 καὶ

2228 1303 2258 1354 ὀ
2295 1302 2510 1374 Ἰσραὴλ
2533 1301 2590 1356 δὲ
2618 1302 2711 1355 καὶ
2729 1303 2759 1355 ὁ
2791 1301 2992 1366 Ἰούδας
3016 1301 3298 1373 σπείρεται
3322 1303 3543 1373 σπέρμα
3561 1302 3622 1355 ού
3649 1301 3810 1373 μόνον

2229 1391 2552 1466 ἀνθρώπων,
2584 1393 2719 1448 ἀλλά
2749 1395 2844 1448 καὶ
2881 1393 3118 1466 κτηνῶν.

2297 1579 2386 1636 50.
2443 1580 2588 1653 Πρὸς
2653 1581 2867 1645 τούτοις
2922 1578 3319 1650 ὲπισκοπητέον
3371 1579 3433 1644 ἐξ
3481 1577 3658 1651 ἀρχῆς
3710 1576 3810 1652 τὴν

541 1670 613 1726 uti
641 1669 988 1739 vocabulum,
1035 1671 1294 1739 adjuncto
1323 1670 1488 1724 etiam
1525 1668 1792 1724 vocabulo
1840 1671 2008 1740 regis,
2065 1677 2115 1725 ul

2225 1675 2458 1748 Χριστὸς
2487 1674 2883 1746 προσηγορίαν,
2907 1673 3004 1728 καὶ
3024 1672 3398 1746 προσληπτέον
3413 1673 3512 1744 τὴν
3534 1672 3806 1742 βασιλεὺς,

541 1760 956 1830 comparatione
985 1758 1120 1828 quid
1164 1757 1421 1814 differant
1453 1757 1807 1828 intelligatur.
1839 1756 1974 1813 Cum
2019 1757 2115 1812 ita-

2226 1767 2312 1821 ἴνα
2339 1770 2408 1838 τῇ
2433 1766 2733 1839 παραθέσει
2764 1768 2796 1838 ή
2825 1757 3058 1837 διαφορᾶ
3079 1765 3265 1836 νοηθῇ.
3301 1765 3532 1833 Λέγεται
3563 1765 3619 1818 δὲ
3649 1767 3706 1818 ὲν
3728 1764 3809 1836 τῷ

539 1869 647 1923 que
670 1827 735 1908 in
759 1863 956 1923 quarto
988 1827 1076 1908 hic
1093 1861 1148 1908 et
1172 1851 1597 1922 quadragesimo
1620 1827 1831 1922 psalmo
1843 1851 1889 1883 "
1910 1850 2115 1906 dicatur

2228 1860 2309 1931 μδ¹
2607 1861 2636 1913 ὁ
2701 1827 3011 1928 ἠγαπηκιῖκξ
3045 1856 3143 1928 τὴν
3163 1827 3536 1927 δικαιοσύνην,
3568 1855 3662 1908 καὶ
3692 1827 3810 1909 ἀνο-

541 1959 730 2000 amans
746 1943 970 2014 iustitiae
989 1951 1043 1998 et
1061 1957 1188 1997 osor
1205 1941 1508 2012 iniquitatis
1526 1955 1637 2010 prae
1654 1939 2033 2010 participibus,
2054 1940 2124 1994 ob

537 2038 701 2094 talem
730 2051 861 2108 erga
886 2035 1152 2104 justitiam
1202 2047 1466 2098 amorem,
1517 2047 1755 2103 ergaque
1783 2031 2122 2100 iniquitatem

534 2131 740 2193 odium,
799 2128 1172 2200 promeruisse
1231 2134 1291 2180 ut
1352 2135 1672 2195 ungeretur,
1709 2133 1968 2192 tanquam
2014 2136 2120 2176 non

535 2221 699 2278 simul
723 2235 847 2276 cum
869 2232 994 2274 esse
1021 2215 1338 2272 unctionem
1355 2214 1714 2270 exsistentem
1743 2220 2123 2268 concreatam-

533 2324 640 2378 que
661 2305 970 2378 acceperit;
991 2319 1114 2375 quae
1139 2304 1324 2358 unctio
1349 2304 1503 2374 regni
1538 2301 1922 2373 interdumque
1945 2303 2118 2358 etiam

533 2399 824 2457 sacerdotii
849 2397 1177 2452 mortalibus
1203 2406 1288 2452 est
1319 2401 1538 2466 signum
1565 2395 1857 2450 :censebis
1885 2404 1940 2448 tu
1968 2409 2118 2449 mor-

535 2491 643 2546 tale
671 2489 791 2546 Filii
827 2489 920 2543 Dei
949 2501 1176 2557 regnum
1201 2499 1324 2541 esse
1343 2499 1445 2540 nec
1459 2483 1624 2540 simul
1641 2498 1764 2538 cum
1798 2498 1863 2539 eo
1897 2483 2120 2538 natum?

531 2583 696 2653 Atqui
731 2581 824 2654 qui
863 2580 982 2636 ﬁeri
1015 2585 1192 2650 potest
1217 2585 1279 2632 ut
1313 2575 1716 2646 Primogenitus
1747 2575 1930 2630 omnis
1965 2591 2120 2630 crea-

535 2686 672 2732 turae
711 2688 808 2729 rex
854 2670 1183 2735 eﬂiceretur,
1228 2683 1352 2724 cum
1401 2667 1454 2722 id
1486 2676 1645 2722 antea
1695 2683 1800 2722 non
1844 2667 2120 2722 haberet?

530 2781 588 2826 et
621 2769 828 2824 idcirco
853 2765 984 2836 quia
1007 2763 1279 2836 justitiam
1309 2760 1585 2828 dilexerit,
1614 2775 1740 2816 cum
1761 2760 1836 2815 sit
1865 2759 1973 2831 32
1997 2760 2114 2830 ipsa

524 2861 738 2932 justitia
751 2861 775 2914 ?
790 2859 992 2914 Verum
1023 2855 1442 2924 haudquaquam
1475 2867 1572 2908 nos
1592 2852 1764 2907 latere
1783 2851 1945 2908 debet
1958 2865 2118 2906 voca-

529 2952 712 3010 bulum
725 2950 925 3006 Christi
947 2949 1014 3003 ad
1031 2961 1152 3003 eam
1176 2955 1428 3000 naturam
1449 2959 1553 3015 qua
1571 2953 1655 3000 est
1671 2944 1833 2999 homo
1849 2943 2118 3014 praecipue

529 3046 826 3117 pertinere,
861 3043 1018 3114 juxta
1055 3055 1220 3112 quam
1255 3039 1418 3094 etiam
1454 3037 1635 3091 anima
1686 3035 1858 3106 ipsius
1917 3036 2118 3091 dicitur

2227 1953 2354 2023 μίαν
2405 1950 2726 2023 μεμισηκὼς
2785 1948 2936 2020 παρά
2976 1949 3103 2013 τοὺς
3148 1949 3428 2020 μετόχους,
3480 1949 3660 2002 αἰτίαν
3703 1947 3801 2000 τοῦ

2221 2044 2508 2116 κεχρίσθαι
2535 2043 2596 2097 τὸ
2621 2042 2764 2096 οὕτω
2793 2042 2904 2113 (19)
2930 2041 3277 2113 δικαιοσύνην
3325 2040 3804 2113 προσεληλυθέναι,

2219 2135 2535 2207 ἐσχηκέναι,
2584 2135 2678 2188 καὶ
2726 2135 2823 2206 τὴν
2867 2135 3099 2206 ἀνομίαν
3148 2133 3534 2206 μεμισηκέναι,
3583 2133 3661 2196 ὡς
3707 2132 3807 2205 οὐχ

2220 2231 2337 2300 ἃμα
2376 2227 2456 2299 τῷ
2506 2223 2646 2282 εῖναι
2691 2227 2787 2300 τὴν
2832 2228 3015 2300 χρίσιν
3062 2227 3511 2299 συνυπάρχουσαν
3552 2225 3666 2296 (20)
3710 2223 3808 2280 καὶ

2221 2320 2623 2392 συγκτηθεῖσαν
2651 2319 2852 2385 λαϐὼν,
2875 2321 2998 2390 ἥτις
3018 2320 3198 2393 χρίσις
3227 2318 3504 2390 βασιλείας
3527 2319 3620 2371 ἐπὶ
3645 2334 3803 2388 γενη-

2217 2421 2330 2484 τοῖς
2367 2420 2485 2472 ὲστι
2521 2415 2808 2488 σύμϐολον,
2857 2415 2968 2470 ἐσθ’
3007 2417 3098 2470 ὅτε
3135 2416 3194 2470 δὲ
3235 2412 3329 2469 καὶ
3365 2415 3685 2486 ἱερωσύνης·
3715 2410 3805 2488 ἀρ’

2216 2505 2311 2564 οὖν
2337 2510 2632 2581 ὲπιγενητή
2674 2510 2822 2562 ἐστιν
2851 2511 2885 2580 ἡ
2921 2507 3014 2562 τοῦ
3054 2498 3184 2562 Τίοῦ
3223 2507 3317 2562 τοῦ
3357 2507 3494 2561 Θεοῦ
3536 2506 3802 2578 βασιλεία,

2217 2604 2312 2657 καὶ
2347 2603 2409 2656 οὐ
2441 2601 2697 2674 συμφυὴς
2739 2599 2916 2672 αὐτῷ;
2955 2601 3066 2654 Καὶ
3105 2598 3222 2662 πῶς
3247 2599 3449 2654 οῐονται
3475 2598 3567 2654 τὸν
3589 2599 3806 2672 Πρωτό-

2215 2708 2374 2746 τοκον
2417 2691 2600 2763 πάσης
2645 2690 2897 2753 κτίσεως,
2943 2689 3043 2742 οὐκ
3085 2688 3216 2742 ὄντα
3263 2688 3524 2759 βασιλέα,
3574 2688 3802 2762 ὕστερον

2218 2783 2442 2856 βασιλέα
2483 2783 2788 2854 γεγονέναι,
2823 2781 2911 2836 διὰ
2949 2781 3010 2834 τὸ
3051 2781 3398 2852 ἠγαπηκέναι
3429 2782 3801 2854 δικαιοσύνην,

2217 2876 2312 2930 καὶ
2337 2875 2514 2930 ταῦτα
2541 2875 2880 2946 τυγχάνοντα
2910 2874 3290 2946 δικαιοσύνην;
3320 2876 3548 2946 Μήποτε
3588 2875 3647 2929 δὲ
3685 2882 3804 2929 λαν-

2217 2965 2368 3021 θάνει
2397 2967 2546 3037 ἡμᾶς
2569 2967 2599 3021 ὀ
2627 2965 2725 3038 μὲν
2755 2963 3041 3036 ἄνθρωπος
3068 2964 3234 3018 αὐτοῦ
3261 2965 3496 3037 Χριστὸς
3519 2965 3615 3027 ὢν,
3661 2963 3803 3019 κατά

2214 3058 2313 3131 τὴν
2338 3057 2515 3130 ψυχὴν
2546 3057 2634 3111 διὰ
2664 3057 2726 3110 τὸ
2759 3055 3098 3128 ἀνθρώπινον
3125 3057 3218 3110 καὶ
3239 3057 3673 3128 τεταραγμένην,
3707 3057 3800 3112 καὶ

518 3138 750 3197 turbata
791 3143 846 3192 et
879 3133 1153 3205 pertristis
1187 3129 1392 3197 fuisse;
1437 3127 1763 3185 vocabulum
1809 3141 1938 3181 vero
1971 3127 2115 3197 regis

2219 3127 2517 3223 περίλυπον
2543 3127 2917 3221 γεγενημένην
2950 3148 3184 3220 μάλιστα
3218 3127 3527 3220 νοούμενος,
3561 3151 3589 3203 ὁ
3610 3127 3682 3203 δὲ
3711 3150 3781 3221 βα

517 3228 724 3288 τοίεηί
741 3227 808 3282 ad
827 3225 1189 3292 divinitatem;
1208 3223 1260 3278 id
1277 3221 1418 3292 quod
1430 3235 1499 3276 ex
1518 3220 1692 3292 primo
1703 3227 1759 3274 et
1775 3218 2116 3290 septuagesi-

524 3337 619 3380 mo
631 3318 898 3395 psalmo"
909 3319 1168 3375 confirma
1177 3331 1235 3371 re
1247 3315 1391 3380 licet,
1408 3313 1622 3368 dicente
1641 3329 1656 3366 :
1674 3311 1838 3376 Deus,
1843 3311 2113 3382 judicium

523 3428 677 3472 tuum
703 3412 813 3484 regi
840 3411 999 3478 da,¢l
1019 3409 1289 3480 justitiam
1325 3415 1473 3460 tuam
1503 3404 1618 3474 ﬁlio
1636 3405 1799 3474 regis,
1826 3411 1884 3457 ut
1906 3402 2114 3473 judicet

521 3505 938 3578 populumtuunt
963 3503 1021 3557 in
1032 3501 1272 3573 justitia,
1289 3509 1337 3554 et
1367 3513 1626 3569 pauperes
1649 3506 1768 3551 tuos
1790 3496 1845 3550 in
1864 3495 2112 3566 judicio;

522 3607 712 3670 aperte
726 3597 869 3653 enim
884 3594 1162 3652 Salomoni
1189 3591 1484 3662 inscriptus
1497 3589 1586 3644 hic
1603 3588 1846 3660 psalmus
1866 3587 1932 3644 de
1953 3587 2114 3644 Chri-

523 3701 610 3750 sto
629 3691 919 3764 prophetat
943 3703 959 3742 :
991 3700 1281 3756 operasque
1303 3685 1534 3755 pretium
1563 3691 1644 3738 est
1671 3681 1859 3736 videre
1877 3681 1964 3736 cui
1998 3677 2111 3750 regi

522 3793 675 3854 Optet
693 3798 722 3837 a
741 3783 852 3836 Deo
873 3779 1144 3849 Propheta
1165 3776 1439 3848 judicium
1455 3775 1594 3842 dari,
1612 3785 1666 3829 et
1685 3775 1768 3829 cui
1802 3773 1915 3828 filio
1941 3775 2107 3842 regis,

521 3886 578 3933 et
621 3874 778 3946 cujus
837 3872 983 3943 regis
1029 3870 1318 3942 justitiam.
1373 3867 1550 3922 Meum
1611 3869 1796 3936 itaque
1849 3865 2106 3936 estjudi-

521 3969 706 4029 cium,
777 3964 1104 4036 praecipuam
1167 3960 1522 4030 Primogeniti
1602 3960 1769 4014 totius
1845 3967 2108 4012 creaturae

522 4069 801 4122 naturain,
833 4056 920 4112 cui
955 4054 1024 4110 ob
1060 4051 1428 4124 praestantiam
1476 4051 1660 4105 datum
1709 4049 1780 4104 sit
1817 4049 2104 4120 judicium,

519 4165 704 4222 regem
729 4149 870 4214 dici;
903 4146 1072 4201 (ilium
1107 4158 1236 4199 vero
1259 4141 1426 4212 regis,
1455 4156 1577 4196 eum
1613 4156 1773 4210 quem
1812 4140 2108 4211 assumpsit

521 4243 822 4305 hominem,
847 4241 916 4294 ab
935 4237 1024 4292 illa
1052 4237 1370 4300 formatum,
1399 4244 1455 4288 et
1476 4232 1778 4305 effigiatum
1811 4232 2105 4288 secundum

511 4335 802 4410 justitiam.
845 4332 1019 4400 Quam
1051 4344 1164 4384 rem
1195 4327 1276 4382 sic
1307 4338 1366 4380 se
1409 4324 1612 4380 habere
1649 4335 1706 4379 ut
1736 4325 1979 4389 credam,
2009 4325 2106 4379 ad-

516 4429 691 4487 ducor
725 4442 794 4482 ex
825 4441 890 4482 eo
930 4424 1071 4494 quod
1104 4425 1206 4479 sub
1240 4437 1400 4476 unam
1450 4429 1506 4474 et
1541 4418 1786 4474 eamdem
1829 4419 2100 4473 rationem

516 4529 857 4578 contractum
909 4517 983 4571 sit
1021 4523 1342 4584 utrumque;
1378 4519 1434 4566 et
1463 4510 1608 4580 quod
1652 4523 1774 4578 quae
1826 4508 2102 4575 dicuntur,
2136 4543 2184 4604 υ

517 4628 628 4668 non
655 4623 911 4681 tanquam
933 4607 999 4662 de
1015 4605 1225 4661 duobus
1261 4603 1612 4674 quibusdam,
1631 4601 1726 4656 sed
1751 4608 2008 4670 tanquam
2034 4601 2100 4657 de

514 4719 628 4761 uno
642 4703 1013 4760 enuntientur.
1029 4697 1162 4753 Nam
1183 4695 1302 4766 {erit
1324 4694 1584 4750 Servatur
1606 4703 1826 4762 utraque
1847 4709 2012 4748 unum
2027 4693 2096 4761 '",

511 4813 639 4855 cum
666 4811 856 4852 eorum
881 4808 1004 4865 quae
1050 4791 1188 4845 fiunt
1236 4797 1471 4856 utraque
1516 4802 1706 4851 unum,
1740 4785 2007 4856 primitias
2042 4785 2096 4840 in

513 4892 698 4961 seipso
730 4899 855 4944 ante
896 4886 1080 4942 omnia
1127 4883 1364 4940 fecisset.
1414 4880 1610 4934 Vocem
1649 4891 1830 4934 autem
1873 4891 2097 4949 utraque

515 4984 696 5040 refero
727 4983 794 5037 ad
818 4979 1071 5036 homines
1108 4977 1274 5034 etiam
1307 4977 1431 5030 illos
1462 4974 1574 5044 qui,
1607 4973 1924 5043 permistam
1973 4972 2096 5042 Spi-

513 5076 623 5132 ritu
671 5082 862 5129 sancto
897 5071 1164 5128 habentes
1216 5068 1485 5130 animam,
1541 5061 1863 5134 spirituales
1909 5061 2089 5119 eﬂ‘ecti

2223 3241 2403 3305 σιλεὺς
2451 3240 2592 3294 κατὰ
2620 3239 2683 3294 τὸ
2725 3239 2906 3305 θεῐον;
2954 3239 3393 3311 Παραμυθοῦμαι
3438 3240 3496 3295 δὲ
3539 3241 3698 3296 τοῦτο
3739 3242 3801 3311 ἐξ

2220 3331 2619 3404 ἑϐδομηκοποῦ
2655 3329 2874 3403 πρώτου
2912 3330 3128 3402 ψαλμοῦ
3154 3329 3423 3399 λέγοντος’
3469 3331 3530 3385 Ὀ
3559 3331 3704 3398 Θεὸς
3731 3332 3800 3387 τὸ

2220 3423 2400 3492 κρίμα
2427 3439 2544 3476 σου
2577 3420 2658 3488 τῷ
2681 3421 2937 3487 ,βασιλεῖ
2971 3421 3098 3487 δὸς,
3133 3421 3230 3474 καὶ
3264 3421 3380 3489 τὴν
3403 3421 3800 3490 δικαιοσύνην

2218 3529 2335 3568 σου
2367 3511 2448 3578 τῷ
2472 3511 2581 3580 υιῷ
2619 3514 2726 3568 τοῦ
2755 3511 3084 3580 βασιλέως,
3116 3510 3342 3580 κρινεῖν
3369 3513 3476 3566 τὸν
3497 3516 3654 3568 λαόν
3680 3528 3798 3567 σου

2216 3605 2288 3659 ἐν
2311 3605 2687 3674 δικαιοσύνῃ,
2720 3603 2820 3658 καὶ
2852 3601 2996 3669 τοὺς
3024 3604 3300 3673 πτωχούς
3325 3619 3442 3658 σου
3466 3604 3537 3657 ἐν
3579 3604 3796 3671 κρίσειο

2219 3695 2404 3765 σαφῶς
2429 3693 2538 3767 γὰρ
2559 3695 2638 3758 είς
2663 3692 2990 3766 Σολομῶντα
3017 3692 3493 3764 ἐπιγεγραμμένος
3523 3693 3551 3746 ὁ
3583 3692 3798 3764 ψαλμδς

2217 3787 2346 3858 περὶ
2398 3785 2637 3858 Χριστοῦ
2689 3783 3112 3858 προφητεύεται·
3169 3785 3264 3839 καὶ
3310 3783 3460 3853 ἀξιον
3513 3784 3640 3838 ἰδεῖν
3687 3784 3798 3839 τίνι

2217 3877 2426 3950 βασιλεῖ
2454 3878 2513 3930 τὸ
2539 3879 2713 3950 κρίμα
2747 3875 2962 3948 εὔχεται
2987 3877 3206 3948 δοθῆναι
3243 3877 3348 3931 ὑπὸ
3372 3876 3508 3931 Θεοῦ
3533 3879 3564 3948 ἡ
3590 3894 3800 3950 προφη-

2213 3972 2353 4038 τεία,
2384 3971 2477 4024 καὶ
2507 3969 2612 4024 τίνι
2643 3969 2742 4040 υἱῷ
2775 3969 3056 4041 βασιλέως,
3096 3971 3189 4024 καὶ
3219 3970 3371 4022 ποίου
3399 3969 3662 4040 βασιλέως
3697 3970 3796 4041 τὴν

2213 4062 2580 4134 δικαιοσύνην.
2657 4061 2927 4133 Ἠγοῦμαι
2976 4057 3070 4116 οὖν
3123 4062 3347 4132 βασιλέα
3398 4062 3496 4132 μὲν
3540 4061 3796 4130 λέγεσθαι

2211 4155 2311 4228 τὴν
2349 4153 2766 4226 προηγουμένην
2806 4152 2902 4206 τοῦ
2943 4153 3299 4224 Πρωτοτόκου
3344 4153 3526 4222 πάσης
3563 4152 3797 4216 κτίσεως

2212 4245 2396 4314 φύσιν,
2430 4239 2465 4319 ᾖ
2505 4244 2706 4298 δίδοται
2737 4241 2826 4296 διὰ
2857 4241 2919 4296 τὸ
2956 4242 3243 4314 ὑπερέχειν
3270 4241 3332 4294 τὸ
3363 4240 3588 4312 κρίνειν·
3623 4241 3714 4294 τὸν
3738 4239 3796 4294 δὲ

2211 4336 2494 4408 ἄνθρωπον
2534 4334 2593 4388 ὃν
2645 4335 2954 4405 ἀνείληφεν,
3002 4333 3094 4384 ὑπ’
3145 4331 3361 4402 ἐκείνης
3417 4332 3795 4403 μορφούμενον

2211 4426 2354 4481 κατά
2393 4424 2741 4495 δικαιοσύνην
2790 4425 2886 4477 καὶ
2929 4421 3333 4493 ἐκτυπούμενον
3365 4422 3499 4494 (9.1),
3544 4424 3658 4478 υἱὸν
3697 4425 3794 4479 τοῦ

2212 4518 2496 4590 βασιλέως.
2521 4519 2630 4572 Καὶ
2658 4517 3003 4590 προσάγομαι
3040 4517 3121 4578 είς
3145 4515 3206 4568 τὸ
3235 4515 3385 4569 τοῦθ’
3438 4516 3612 4581 οὕτως
3647 4518 3793 4590 ἔχειν

2209 4610 2614 4684 παραδέξασθαι
2649 4609 2760 4664 ἀπὸ
2782 4609 2876 4662 τοῦ
2904 4609 2984 4671 είς
3015 4607 3114 4662 ἕνα
3153 4608 3308 4678 λόγον
3337 4609 3598 4681 συνῆχθαι
3619 4611 3794 4682 ἀμφό-

2205 4719 2360 4774 τερα,
2399 4703 2492 4756 καὶ
2517 4701 2586 4755 τὰ
2623 4699 3018 4772 ἐπιφερόμενα,
3053 4701 3236 4754 οὐκέτι
3258 4701 3335 4766 ὡς
3357 4703 3488 4774 περὶ
3515 4702 3607 4756 δύο
3627 4704 3793 4759 τινῶν

2204 4793 2665 4864 ἀπαγγέλλεσθαι,
2702 4793 2817 4846 ἀλλ’
2842 4793 2916 4856 ὼς
2947 4792 3075 4864 περὶ
3117 4793 3252 4858 ἑνός.
3289 4797 3585 4864 Πεποίηκε
3615 4797 3725 4869 γὰρ
3762 4801 3792 4852 ὁ

2203 4886 2396 4956 Σωτὴρ
2423 4887 2493 4941 τὰ
2520 4886 2823 4956 ἀμφότερα
2851 4884 2939 4948 ἓν,
2975 4885 3117 4938 κατά
3139 4885 3238 4955 τὴν
3265 4887 3519 4958 ἀπαρχὴν
3544 4889 3656 4960 (22)
3679 4889 3790 4944 τῶν
3898 4882 3904 4889 ’

2203 4978 2503 5049 γινομένων
2521 4979 2846 5052 ἀμφοτέρων
2873 4979 2931 5031 ὲν
2954 4976 3138 5048 ἐαυτῷ
3167 4979 3273 5050 πρὸ
3295 4983 3510 5034 πάντων
3532 4983 3786 5054 ποιήσας.

2212 5069 2584 5140 Ἀμφοτέρων
2605 5071 2663 5125 δὲ
2690 5071 2836 5142 λέγω
2858 5073 2955 5126 καὶ
2982 5073 3076 5125 ἐπὶ
3102 5069 3211 5124 τῶν
3237 5071 3564 5143 ἀνθρώπων,
3599 5075 3684 5143 ἐφ’
3707 5067 3788 5128 ὧν

581 5215 627 5248 ⁸⁷
647 5213 794 5270 Psal.
819 5228 984 5280 xxxv,
1023 5213 1077 5266 7.
1139 5211 1184 5245 ⁸⁸
1210 5210 1318 5268 Jer.
1347 5225 1500 5274 xxxr,
1521 5208 1612 5262 27.
1690 5206 1737 5238 ⁶⁹
1774 5203 1929 5262 Vers.
1961 5208 2014 5264 8.
2087 5210 2115 5241 7'

2217 5229 2310 5268 ars.
2336 5214 2391 5268 ‘2.
2453 5217 2495 5246 “
2521 5215 2719 5286 Ephes.
2752 5232 2814 5281 ll,
2845 5215 2932 5270 ιι.

583 5329 696 5404 (l8)
721 5333 844 5388 Οὐκ
865 5330 998 5404 ἐστι
1017 5331 1294 5404 γενέσθαι
1323 5331 1362 5401 ἢ
1378 5331 1545 5404 ,παρὰ
1561 5327 1666 5395 τῷ,
1695 5338 1811 5404 etc._
1833 5327 1887 5382 Si
1895 5342 1934 5404 c_
1949 5338 2100 5404 recte

513 5397 872 5458 habet'codex
901 5397 1256 5469 Bodleianus,
1283 5397 1428 5458 male
1461 5397 1646 5456 autem
1683 5397 1854 5454 editio
1891 5397 2096 5468 lluetii,

512 5472 695 5546 οὐκέτι
727 5471 980 5546 γενέσθαι
1005 5473 1228 5546 ήμπαρὰ
1250 5473 1348 5544 τῷ.

585 5543 696 5628 $19)
716 5537 899 5599 Codex
953 5537 1313 5610 ΒοὶὶΙθίεἱιιιιεξ
1348 5541 1412 5595 τὸ
1449 5539 1624 5593 οὓτω·
1666 5537 1836 5593 editio
1888 5537 2092 5605 Huetii,

510 5629 704 5752 τοῖξιὸί
722 5681 859 5738 Male
887 5685 1056 5742 editio
1095 5683 1276 5740 Huetii
1310 5683 1362 5738 in
1393 5691 1542 5737 textu
1579 5679 1741 5752 habet
1765 5672 1859 5752 0va
1917 5677 2094 5752 ὑπέιρ⁴

2275 5332 2387 5402 (9|)
2414 5334 2528 5389 Kal
2571 5332 3173 5406 éxrvaodyeroralta
3219 5332 3387 5388 habet
3422 5333 3596 5406 codex
3643 5331 3788 5389 Bod-

2201 5403 2414 5459 leiauus
2437 5423 2452 5461 :
2489 5410 2542 5459 in
2575 5407 2814 5462 editione
2836 5403 3023 5460 ΠυθιῙὶ
3047 5405 3392 5460 desideratur
3412 5403 3505 5458 καί

2271 5474 2386 5544 (22)
2417 5476 2580 5530 Κατὰ
2596 5474 2712 5546 τὴν
2730 5475 3036 5546 ἀπαρχὴν,
3067 5481 3178 5546 etc.
3211 5476 3374 5546 Deleo
3406 5471 3550 5546 κατά
3583 5481 3637 5546 et
3661 5471 3784 5546 lego

2198 5546 2294 5618 τὴν
2329 5543 2584 5618 ἀπαρχὴν
2601 5543 2710 5600 τῶν
2739 5543 3046 5618 γινομένων
3067 5545 3392 5617 ἀμφοτέρων
3423 5543 3482 5596 ἓν
3507 5545 3568 5598 ὲν
3604 5543 3785 5618 ἑαυτῷ

2197 5616 2304 5689 πρὸ
2324 5616 2538 5671 πάντων
2575 5618 2830 5689 ποιήσας,
2853 5616 2974 5686 quae
3005 5617 3086 5689 sic
3107 5625 3261 5689 verto
3285 5616 3296 5669 ἐ
3323 5630 3442 5668 cum
3460 5631 3646 5689 eorum
3663 5616 3783 5689 quo:

2194 5687 2333 5760 [iam
2383 5696 2604 5758 utraque
2653 5687 2838 5756 unum,
2864 5687 3134 5760 primitias
3169 5687 3225 5742 in
3251 5702 3308 5742 se
3334 5694 3460 5741 ante
3503 5687 3682 5741 omnia
3703 5688 3783 5757 [o-

509 5749 964 5828 xoUo-av._lb_idem
1009 5771 1108 5828 pro
1161 5753 1560 5826 συγκτηθεῖσαν
1622 5751 1752 5820 legit
1801 5749 2092 5808 Ferrarius
2194 5749 2375 5815 cisset.

515 5823 946 5880 συγκτισθεῖσαν.
