4174 6402
415 378 485 436 ’Π
1513 374 1873 435 COMMENT.
1915 375 1983 430 IN

2105 373 2216 431 ΑΝ.
2255 372 2492 431 TOMUS
2525 373 2567 430 l.
3616 378 3682 436 78

407 492 790 567 ἀνακέκραται
832 493 912 566 τῷ
954 492 1095 565 ἁγίῳ
1139 494 1421 566 ῐῐνεύματι
1470 495 1505 565 ἠ
1554 494 1788 548 ἑκάστου
1838 493 2002 565 ψυχὴ,

2118 503 2429 550 servantur.
2469 492 2542 550 Ut
2588 492 2755 565 igitur
2803 492 3017 565 aliquos
3070 508 3296 552 cernere
3350 505 3436 552 est
3489 498 3688 566 quibus

407 589 510 644 καὶ
546 589 770 658 γέγονεν
818 588 1048 650 ἕκαστος
1083 586 1195 638 τῶν
1244 587 1567 658 σωζομένων
1608 587 1999 660 πνευματικός.

413 683 628 751 Ὠσπερ
647 676 741 734 οῦν
768 680 876 733 είσί
898 699 1045 746 τινες
1078 682 1490 753 ποιμαινόμενοι
1524 681 1629 735 ὑπὸ
1653 679 1891 752 Χριστοῦ
1914 679 2005 733 διὰ

406 773 475 825 τὸ
504 773 656 842 σφῶν
699 773 902 837 αὐτῶν,
950 772 1027 838 ώς
1065 774 1493 845 προειρήκαμεν,
1551 773 1726 844 πρᾶον
1771 771 1868 844 μὲν
1909 771 2005 825 καὶ

407 865 697 929 εὐσταθὲς,
722 864 1062 937 ἀλογώτερον
1086 865 1162 919 δέ’
1192 864 1335 919 οὕτω
1378 866 1470 920 καὶ
1513 864 1923 936 βασιλευόμενοι
1951 865 2002 917 οἱ

408 956 556 1011 κατὰ
581 954 945 1029 λογικώτερον
979 956 1264 1027 προσιέναι
1303 959 1369 1029 τῇ
1419 956 1698 1030 θεοσεϐείᾳ
1720 955 1855 1030 (⁸25)·
1908 955 2005 1009 καὶ

409 1049 852 1121 βασιλευομένων
910 1048 1207 1121 διαφοραὶ,
1260 1050 1380 1121 ἦτοι
1446 1047 1852 1121 μυστικώτερω
1909 1047 2004 1101 καὶ

407 1143 855 1215 ἀπορρητότερον
896 1141 991 1195 καὶ
1034 1141 1501 1214 θεοπρεπέστερον
1546 1140 2001 1213 βασιλευομένων,

405 1237 444 1307 ἢ
475 1236 886 1308 ὑποδεέστερον.
910 1237 1020 1291 Καὶ¹
1049 1236 1256 1307 εἴποιμ’
1289 1235 1356 1290 ἂν
1385 1236 1511 1299 τοὺς
1549 1235 1648 1307 μὲν
1669 1233 2006 1306 τεθεωρηκό-

404 1346 510 1392 τας
546 1328 616 1381 τὰ
651 1328 757 1393 ἔξω
800 1327 1090 1399 σωμάτων,
1134 1327 1448 1399 καλούμενα
1489 1327 1639 1398 παρά
1677 1326 1757 1399 τῷ
1802 1326 2002 1398 Παύλῳ

404 1422 637 1491 ἀόρατα
674 1425 769 1475 καὶ
789 1423 866 1494 μὴ
887 1421 1212 1493 βλεπόμενα,
1232 1421 1336 1487 ἔξω
1355 1422 1556 1486 παντὸς
1577 1421 1835 1492 αἰσθητοῦ
1860 1421 2003 1491 λόγῳ

403 1513 830 1584 γεγενημένους,
858 1512 1307 1585 βασιλευομένους
1330 1512 1437 1566 ὑπὸ
1459 1512 1560 1584 τῆς
1584 1511 2002 1585 προηγουμένης

404 1606 629 1674 φύσεως
652 1604 747 1658 τοῦ
768 1604 1128 1673 Μονογενοῦς·
1153 1606 1281 1669 τούς
1307 1604 1364 1658 δὲ
1391 1605 1553 1677 μέχρι
1586 1605 1681 1658 τοῦ
1725 1606 1853 1676 περ)⁸
1894 1604 2002 1658 τῶν

403 1697 687 1770 αἰσθητῶν
702 1697 862 1765 λόγου
879 1695 1208 1767 ὲφθακότας,
1227 1696 1323 1750 καὶ
1342 1695 1431 1749 διὰ
1452 1696 1658 1750 τούτων
1680 1696 2003 1761 δοξάζοντας

403 1791 502 1844 τὸν
527 1791 865 1857 πεποιηκότα
889 1789 984 1843 καὶ
1003 1788 1201 1852 αὐτοὺς
1223 1788 1330 1842 ὑπὸ
1343 1788 1502 1859 λόγου
1524 1787 1997 1860 βασιλευομένους,

406 1883 519 1936 ὑπὸ
563 1881 658 1935 τοῦ
712 1880 955 1953 Χριστοῦ
1012 1879 1409 1952 βασιλεύεσθαι.
1457 1879 1660 1952 Μηδεὶς
1719 1879 1777 1933 δὲ
1836 1896 2003 1952 προσ-

407 1972 659 2025 κοπτέτω
701 1970 1086 2041 διακρινόντων
1110 1971 1143 2041 ή
1154 1969 1271 2040 μῶν
1298 1969 1413 2043 (24)
1438 1971 1540 2034 τὰς
1571 1972 1629 2024 ὲν
1665 1970 1745 2041 τῷ
1785 1970 2001 2042 Σωτῆρι

407 2066 675 2129 ἐπινοίας,
704 2063 949 2135 οἰόμενος
989 2062 1084 2116 καὶ
1107 2065 1175 2135 τῇ
1201 2062 1361 2135 οὐσίᾳ
1396 2063 1592 2117 ταυτὸν
1626 2064 1774 2136 ἡμᾶς
1800 2064 1994 2116 ποιεῖν.

2106 584 2361 641 Christus
2380 595 2465 641 est
2491 596 2697 656 pastor,
2716 586 2877 642 sicuti
2903 587 3278 657 prtediximus,
3294 597 3516 660 propter
3534 606 3689 649 suam

2107 677 2345 748 ipsorum
2379 680 2851 735 mansuetudinem
2876 689 2931 734 et
2953 679 3271 735 ﬁrmitatem
3305 695 3428 753 quae
3460 682 3602 737 inest
3630 682 3689 740 in
3720 736 3723 737 ν

2107 769 2411 826 irrationali
2462 781 2618 843 parte
2668 772 2900 840 animae,
2947 773 3029 830 sic
3071 775 3235 830 etiam
3264 775 3477 846 aliquos
3505 775 3693 833 videas

2106 864 2305 934 quibus
2336 877 2432 919 rex
2459 865 2530 919 sit
2569 864 2685 934 ipse
2717 862 2967 920 Christus
2997 865 3071 922 ob
3102 878 3222 922 eam
3254 867 3451 924 animae
3477 878 3689 940 partem

2107 971 2226 1028 qua:
2255 955 2486 1012 rationis
2524 955 2696 1026 magis
2727 964 2815 1012 est
2855 970 3051 1027 capax,
3098 972 3198 1029 per
3227 973 3390 1028 quam
3424 961 3692 1019 accedunt

2106 1049 2172 1103 ad
2204 1048 2298 1105 Dei
2333 1048 2560 1104 cultum.
2607 1047 2845 1117 Quorum
2890 1049 3112 1119 quidem
3147 1063 3329 1119 regem
3370 1050 3688 1108 habentium

2105 1148 2232 1196 stmt
2261 1139 2600 1205 differentiae,
2631 1149 2892 1212 regnante
2930 1141 2984 1196 in
3039 1140 3150 1197 illis
3178 1156 3331 1214 rege,
3376 1142 3465 1199 vel
3516 1145 3691 1216 magis

2105 1233 2401 1288 secundum
2422 1232 2710 1305 mysticam
2742 1242 2797 1287 et
2828 1247 3086 1289 arcanam
3113 1233 3403 1302 rationem,
3434 1236 3692 1292 arcanius

2104 1339 2168 1379 ac
2201 1323 2461 1391 divinius,
2498 1324 2586 1379 vel
2611 1323 3011 1395 imperfectius.
3042 1323 3121 1381 Ex
3161 1340 3272 1396 quo
3312 1326 3543 1383 dixerim
3588 1342 3691 1399 ego

2105 1417 2159 1471 in
2190 1417 2294 1473 illis
2322 1418 2413 1488 qui
2456 1431 2697 1487 eousque
2744 1417 2957 1472 ratione
3005 1429 3411 1490 pervenerunt,
3445 1429 3506 1478 ut
3549 1436 3688 1479 con-

2105 1509 2347 1579 templati
2402 1509 2607 1564 fuerint
2656 1523 2719 1563 ea
2772 1523 2894 1576 qua:
2920 1523 3186 1575 corporea
3216 1525 3323 1567 non
3372 1522 3522 1578 sunt,
3570 1522 3689 1569 ets

2102 1599 2271 1655 Paulo
2289 1600 2338 1631 η
2359 1608 2624 1653 vocantur
2650 1596 2960 1665 invisibilia,
2982 1608 3041 1656 et
3070 1615 3191 1671 quae
3221 1601 3395 1659 oculis
3421 1617 3525 1658 non
3557 1617 3687 1658 cer-

2102 1701 2330 1756 nuntur,
2360 1688 2707 1761 praecipuam
2740 1690 3014 1763 Unigeniti
3046 1707 3277 1764 regnare
3305 1706 3594 1761 naturam;
3631 1694 3687 1750 in

2104 1781 2172 1837 iis
2199 1795 2333 1837 vero
2354 1780 2445 1852 qui
2475 1782 2743 1837 rationem
2766 1783 2934 1837 etiam
2963 1783 3265 1855 attigerunt
3292 1800 3476 1841 rerum
3499 1800 3691 1842 earum

2108 1887 2231 1943 qua:
2264 1888 2430 1929 sensu
2466 1874 2674 1944 percipi
2721 1884 2970 1945 possunt,
2998 1884 3055 1932 et
3095 1891 3161 1931 ex
3195 1876 3347 1933 hisce
3382 1879 3545 1935 rebus
3573 1877 3691 1950 glo-

2110 1966 2329 2022 rificant
2356 1981 2481 2021 eum
2508 1967 2603 2036 qui
2638 1967 2769 2023 fecit
2796 1977 2854 2023 ut
2873 1969 3037 2024 etiam
3068 1969 3170 2039 ipsi
3198 1971 3300 2026 sub
3329 1987 3499 2041 regno
3521 1974 3692 2030 ratio-

2109 2060 2193 2114 nis
2220 2057 2353 2124 sint,
2376 2058 2549 2130 ipsum
2565 2057 2849 2116 Christum
2877 2075 3130 2131 regnare.
3158 2060 3346 2132 Neque
3370 2078 3505 2120 vero
3519 2062 3692 2122 οπεο-

408 2166 573 2216 datur
604 2161 765 2230 ullus,
797 2160 1183 2229 separantibus
1217 2160 1396 2226 nobis,
1426 2174 1549 2230 quae
1571 2169 1698 2216 sunt
1729 2161 1781 2215 iu
1807 2160 2119 2224 Servatore,
2143 2157 2593 2229 significationes,
2629 2158 2771 2214 idem
2798 2160 3120 2219 existimans
3155 2160 3321 2219 etiam
3354 2160 3415 2219 in
3433 2161 3692 2224 substan-

409 2258 485 2311 t-ia
526 2256 696 2324 ipsius
726 2269 827 2310 nos
848 2252 1049 2309 facere.

478 2350 569 2405 5|.
602 2348 751 2402 Πάνυ
797 2348 855 2402 δὲ
899 2347 995 2402 καὶ
1043 2348 1155 2412 τοῖς
1198 2346 1453 2418 τυχοῦσιν
1484 2346 1597 2418 (25)
1640 2348 1832 2419 σαφὲς,
1888 2346 2005 2411 πῶς

405 2442 529 2495 ἑστι
560 2440 880 2506 διδάσκαλος
912 2442 1007 2495 καὶ
1052 2439 1390 2519 σαφηνιστὴς
1432 2440 1541 2494 τῶν
1593 2441 1673 2504 είς
1720 2439 2004 2494 εὐσέϐειαν

410 2535 527 2606 (26)
558 2534 943 2588 συντεινόντων
973 2535 1003 2588 6
1048 2534 1254 2604 Κύριος
1305 2532 1482 2605 ἡμῶν,
1515 2532 1611 2588 καὶ
1639 2530 1840 2603 Κύριος
1878 2529 2002 2583 δού-

405 2625 520 2679 λων
562 2625 671 2679 τῶν
721 2626 990 2696 ἐχόντων
1031 2625 1271 2695 πνεῦμα
1325 2623 1608 2690 δουλείας
1664 2624 1751 2689 εἰς
1792 2624 2000 2692 φόϐον,

402 2717 852 2792 προκοπτόντων,
899 2717 993 2772 καὶ
1024 2718 1117 2771 ἐπὶ
1146 2717 1246 2788 τὴν
1281 2716 1475 2787 σοφίαν
1509 2715 1869 2780 σπευδόντων,
1904 2717 1999 2771 καὶ
2026 2701 2045 2715 ’

403 2810 617 2881 ταύτης
648 2810 983 2881 ἀξιουμένων
1006 2825 1021 2840 θ
1082 2809 1245 2863 Ἐπεὶ
1295 2811 1328 2863 ό
1370 2807 1593 2876 δοῦλος
1642 2810 1754 2863 οὐκ
1781 2802 1905 2862 οἵδε
1938 2809 2000 2862 τί

403 2903 573 2959 θέλει
605 2907 638 2957 ὁ
669 2904 874 2971 κύριος
898 2902 1105 2966 αὐτοῦ,
1153 2901 1214 2954 οὐ
1263 2900 1413 2973 μένει
1461 2900 1649 2974 κύριος
1668 2943 1683 2967 ,
1717 2901 2000 2973 γινόμενος

404 2995 592 3051 αὐτῶν
618 2996 791 3066 φίλος,
830 2995 925 3048 καὶ
951 2994 1115 3059 αὐτὸς
1142 2992 1299 3047 τοῦτο
1329 2992 1587 3060 διδάσκει,
1630 2993 1765 3046 ὅπου
1797 2992 1894 3063 μὲν
1920 2990 2001 3045 ἔτι

2180 2343 2287 2416 33
2319 2342 2411 2399 3i.
2452 2341 2556 2398 Vel
2600 2342 2919 2415 vulgaribus
2964 2360 3096 2402 vero
3140 2346 3446 2420 quibusque
3492 2352 3686 2411 admo-

2110 2434 2239 2491 dum
2276 2434 2439 2489 etiam
2478 2434 2686 2504 patebit
2720 2436 2995 2505 quomodo
3050 2436 3313 2495 Dominus
3360 2451 3549 2499 noster
3577 2460 3690 2501 ma-

2108 2525 2280 2596 gister
2304 2524 2375 2580 sit
2406 2534 2463 2580 et
2503 2524 2827 2593 explanator
2857 2526 2945 2582 his
2970 2526 3062 2597 qui
3094 2532 3440 2589 contendunt
3472 2536 3540 2590 ad
3571 2537 3689 2606 pie-

2107 2626 2298 2683 tatem,
2332 2629 2398 2670 ac
2425 2614 2691 2673 Dominus
2737 2632 3021 2673 servorum
3063 2618 3279 2676 illorum
3321 2624 3411 2694 qui
3436 2627 3688 2695 spiritum

2105 2707 2374 2761 seruitutis
2400 2705 2586 2759 habent
2622 2705 2692 2758 ad
2715 2706 2955 2760 timorem
2972 2706 3057 2773 ";
3090 2707 3184 2778 qui
3216 2708 3260 2763 si
3290 2711 3599 2783 proficiant,
3628 2725 3689 2772 et

2109 2798 2177 2853 ad
2205 2796 2529 2869 sapientiam
2561 2812 2775 2853 summo
2801 2798 2984 2853 studio
3003 2802 3357 2883 contendant,
3388 2805 3552 2860 etiam
3582 2806 3688 2863 hac

2108 2887 2254 2960 digni
2300 2888 2590 2950 habentur,
2647 2888 2899 2957 quoniam
2948 2904 3126 2945 servus
3170 2892 3356 2956 nescit,
3383 2895 3514 2965 quid
3560 2899 3687 2952 uelit

2107 2980 2353 3035 dominus
2407 2980 2661 3050 ipsius",
2714 2994 2816 3035 nec
2863 2980 3098 3050 amplius
3156 2992 3341 3038 autem
3397 2999 3687 3055 permanet

403 3089 587 3143 δοῦλοι
620 3088 865 3161 ὑπῆρχον
897 3087 947 3140 οἱ
988 3083 1348 3158 ἀκροώμενοι,
1377 3084 1601 3155 φάσκων
1623 3100 1637 3115 ⁸
1676 3083 1864 3154 Ὑμεῖς
1889 3101 2002 3154 φω-

2108 3069 2389 3137 Dominus,
2415 3071 2591 3127 factus
2614 3072 2830 3127 illorum
2849 3073 3080 3139 amicus,
3104 3073 3157 3130 id
3183 3074 3327 3145 quod
3352 3076 3469 3147 ipse
3497 3077 3683 3144 docet,

403 3180 569 3236 νεῖτέ
598 3198 677 3250 με
705 3184 738 3234 ό
762 3177 1153 3244 διδάσκαλος,
1194 3177 1294 3232 καὶ
1327 3180 1359 3233 ὀ
1392 3178 1621 3247 Κύριος,
1665 3176 1761 3230 καὶ
1802 3174 2002 3243 καλῶς

405 3272 656 3342 λέγετε,
705 3270 825 3342 είμὶ
856 3268 1005 3341 γάρ·
1063 3270 1194 3323 ὅπου
1247 3266 1337 3321 δέ·
1389 3267 1602 3323 Οὐκέτι
1646 3267 1801 3337 ὑμᾶς
1847 3267 2003 3337 λέγω

406 3363 699 3430 δούλους,
751 3363 843 3418 ὅτι
890 3364 923 3416 ὁ
968 3358 1192 3426 δοῦλος
1235 3360 1346 3413 οὐκ
1392 3356 1517 3414 οἵδε
1560 3359 1620 3413 τί
1660 3359 1727 3413 τὸ
1775 3358 2004 3428 θέλημα

410 3453 526 3509 τοῦ
551 3453 762 3521 κυρίου
789 3450 1007 3506 αὐτοῦ’
1035 3451 1174 3506 ἀλλ’
1204 3450 1319 3521 ἐγὼ
1362 3448 1519 3520 ὑμᾶς
1564 3450 1783 3519 φίλους
1823 3449 2001 3519 λέγω,

406 3542 494 3595 ὅτι
518 3541 990 3613 διαμεμενήκατε
1006 3543 1136 3613 μετ’
1161 3542 1308 3613 ἐμοῦ
1357 3541 1428 3595 ἐν
1449 3540 1602 3595 πᾶσι
1649 3540 1775 3607 τοῖς
1803 3554 2004 3609 πειρα-

403 3632 591 3703 σμοῖς
610 3652 751 3703 μου.
803 3635 865 3687 Οί
898 3629 991 3688 οὖν
1023 3632 1166 3687 κατὰ
1192 3632 1355 3702 φόϐον
1389 3630 1649 3703 βιοῦντες,
1684 3632 1744 3686 ὃν
1781 3632 2003 3686 ἀπαιτεῖ

405 3724 521 3779 ἀπὸ
552 3724 660 3778 τῶν
693 3725 753 3778 οὐ
786 3723 964 3779 καλῶν
1000 3722 1203 3777 δούλων
1234 3726 1264 3778 6
1301 3722 1455 3787 Θεὸς,
1488 3720 1565 3785 ὡς
1600 3723 1914 3794 ἀνέγνωμεν
1942 3723 2002 3776 ὲν

403 3814 487 3885 τῷ
519 3814 778 3885 Μαλαχίᾳ.
797 3830 810 3844 ·
842 3815 914 3868 El
950 3814 1165 3882 Κύριός
1187 3814 1305 3882 ειμι
1327 3810 1464 3882 ἐγὼ,
1505 3811 1625 3866 ποῦ
1651 3811 1820 3866 ἐστιν
1838 3815 1877 3885 ,ό
1901 3813 2003 3882 φό-

405 3911 514 3974 ϐος
539 3926 659 3977 μου
674 3924 694 3972 ;
722 3907 898 3961 δοῦλοι
921 3907 1248 3978 τυγχάνουσι
1274 3906 1480 3978 Κυρίου
1506 3904 1599 3960 τοῦ
1626 3905 1875 3978 Σωτῆρος
1904 3907 2001 3961 αὐ-

406 4000 521 4053 τῶν
546 4000 903 4071 καλουμένου.

478 4092 571 4146 52.
625 4091 786 4145 Ἀλλὰ
827 4090 915 4145 διά
962 4089 1168 4144 τούτων
1217 4088 1434 4144 πάντων
1463 4088 1523 4142 οὐ
1560 4087 1749 4157 σαφῶς
1778 4088 1812 4159 ἡ
1840 4088 2000 4156 εὐγέ-

404 4203 530 4239 νεια
576 4185 907 4256 παρίσταται
949 4182 1044 4237 τοῦ
1077 4180 1210 4235 Υἱοῦ
1235 4199 1250 4213 ·
1281 4181 1370 4235 ὅτε
1415 4182 1474 4236 δὲ
1501 4182 1594 4235 τόο
1627 4182 1757 4247 Υἱός
1787 4198 1908 4251 μου
1950 4174 2009 4234 εἷ

405 4279 515 4342 σὺ,
545 4276 661 4348 ἐγὼ
705 4275 973 4347 σήμερον
994 4274 1333 4346 γεγέννηκά
1368 4289 1464 4340 σε,
1494 4273 1712 4343 λέγεται
1740 4273 1875 4345 πρὸς
1902 4271 2001 4326 αὐ-

404 4373 501 4426 τὸν
542 4371 646 4424 ὑπὸ
672 4370 767 4423 τοῦ
800 4367 958 4434 Θεοῦ,
1010 4361 1055 4437 ᾧ
1084 4367 1172 4422 ἀεί
1195 4369 1311 4421 ἐστι
1338 4366 1399 4420 τὺ
1449 4367 1721 4439 σήμερονθ
1774 4365 1876 4419 οὐκ
1919 4363 1997 4417 ἔνι

2105 3176 2229 3217 cum
2260 3163 2440 3218 adhuc
2474 3163 2615 3218 servi
2645 3172 2807 3220 erant
2829 3161 3003 3233 ipsius
3035 3164 3313 3221 auditores
3333 3204 3350 3233 ,
3383 3166 3572 3223 dicens
3590 3166 3683 3226 ηε

2112 3252 2219 3309 Vos
2254 3254 2451 3309 vocatis
2474 3270 2557 3309 me
2580 3254 2898 3325 Magistrum
2940 3272 3001 3310 ac
3026 3255 3334 3325 Dominum,
3367 3267 3418 3313 et
3442 3259 3567 3314 bene
3595 3261 3685 3314 di-

2104 3343 2243 3405 citis,
2283 3358 2400 3397 sum
2445 3344 2673 3408 etenim;
2717 3342 2848 3399 alibi
2894 3357 3027 3399 vero
3064 3343 3379 3413 :Posthac,
3426 3364 3531 3403 non
3563 3349 3684 3403 dico

2104 3451 2192 3489 vos
2223 3451 2422 3501 servos,
2453 3436 2578 3504 quia
2613 3452 2794 3490 servus
2836 3439 3000 3491 nescit
3039 3454 3157 3506 qua:
3201 3439 3268 3492 sit
3299 3438 3545 3494 voluntas
3585 3441 3684 3495 do-

2103 3528 2237 3582 mini
2268 3529 2353 3583 συὶ
2383 3545 2402 3583 :
2425 3529 2516 3583 sed
2552 3529 2672 3582 dico
2711 3544 2799 3582 vos
2821 3529 3024 3584 amicos
3045 3528 3113 3596 ⁷⁸,
3146 3532 3403 3601 quoniam
3432 3548 3684 3601 perman-

2103 3619 2247 3674 sistis
2312 3636 2512 3674 mecum
2566 3620 2620 3673 in
2677 3620 2923 3674 omnibus
2974 3621 3414 3677 tribulationibus
3469 3622 3681 3680 meis".

2105 3711 2204 3778 Qui
2234 3726 2363 3782 ergo
2395 3711 2446 3765 in
2477 3711 2677 3769 timore
2700 3710 2911 3779 vivunt,
2946 3726 3107 3779 quem
3133 3712 3307 3781 exigit
3332 3712 3474 3767 Deus
3507 3728 3536 3767 a
3565 3730 3687 3768 ser-

2106 3802 2189 3854 vis
2218 3817 2326 3855 non
2364 3802 2540 3863 bonis,
2575 3811 2635 3857 ut
2670 3802 2902 3872 legimus
2952 3804 3006 3857 in
3060 3801 3329 3859 Malachia
3351 3804 3399 3837 ⁷⁸
3428 3822 3442 3859 :
3469 3804 3528 3859 Si
3575 3807 3688 3860 Do-

2102 3892 2278 3946 minus
2310 3908 2404 3962 ego
2446 3909 2584 3957 sum,
2612 3892 2701 3946 ubi
2730 3903 2806 3947 est
2840 3895 2996 3947 timor
3032 3894 3219 3948 meus?
3251 3894 3396 3950 servi
3424 3905 3553 3953 sunt
3582 3897 3686 3952 Do-

2104 3984 2237 4037 mini
2269 3986 2359 4053 qui
2396 3983 2614 4039 illorum
2641 3994 2871 4040 vocatur
2893 3985 3182 4041 Servator.

2172 4075 2262 4131 52.
2303 4078 2559 4133 Attamen
2594 4092 2696 4133 nec
2719 4077 2805 4132 his
2832 4077 3084 4135 omnibus
3112 4080 3399 4135 manifeste
3439 4079 3563 4137 Filii
3588 4096 3686 4136 no—

2103 4166 2289 4222 bilitas
2331 4166 2667 4236 declaratur,
2714 4170 2810 4224 sed
2854 4178 2967 4224 tum
3020 4186 3147 4225 cum
3182 4169 3276 4225 :F
3282 4172 3408 4227 ilius
3450 4188 3597 4227 meus
3627 4189 3683 4227 es

2104 4265 2185 4326 tu,
2225 4275 2320 4330 ego
2363 4260 2520 4314 hodie
2563 4261 2721 4330 genui
2752 4270 2803 4315 te
2827 4259 2894 4327 ",
2931 4249 3134 4316 dicitur
3183 4263 3252 4317 ad
3296 4261 3449 4319 illum
3485 4277 3517 4317 a
3546 4262 3681 4329 Deo,

2103 4350 2192 4405 cui
2224 4365 2443 4421 semper
2474 4363 2559 4407 est
2590 4351 2773 4417 hodie,
2803 4367 2982 4423 neque
3012 4354 3156 4408 enim
3188 4363 3273 4410 est
3299 4368 3526 4424 vespera
3561 4354 3682 4421 Dei,

404 4464 521 4534 γὰρ
550 4462 759 4534 ἑσπέρα
790 4425 956 4525 Θεοῦ,
984 4425 1095 4529 έθὼ
1125 4460 1181 4514 δὲ
1210 4457 1471 4531 ἠγοῦμαι,
1503 4425 1609 4512 ’ἐπ’
1634 4458 1753 4511 οὐδὲ
1795 4456 1997 4528 πρωῖα,

2108 4457 2285 4513 neque
2322 4459 2505 4510 mane,
2542 4459 2663 4499 meo
2701 4445 2919 4513 quidem
2959 4444 3189 4516 judicio,
3221 4446 3315 4502 sed
3346 4455 3580 4516 tempus,
3620 4455 3685 4503 ut

404 4554 526 4609 ἀλλ’
553 4556 583 4608 6
613 4552 1103 4627 συμπαρεκτείνων
1145 4554 1212 4623 τῇ
1241 4553 1492 4623 ἀγενήτῳ
1521 4551 1615 4605 καὶ
1644 4550 1799 4620 ἀϊδίῳ
1830 4547 1996 4602 αὐτοῦ

408 4645 554 4717 ζωῇ,
587 4646 654 4700 ἵν’
700 4644 875 4708 οὕτως
903 4644 1062 4707 εἴπω,
1110 4643 1301 4715 χρόνος
1333 4643 1516 4714 ἡμέρα
1547 4641 1695 4695 ἐστὶν
1726 4639 1874 4711 αὐτῷ
1904 4640 2001 4711 σή-

411 4754 605 4811 μερον,
656 4740 715 4791 ὲν
844 4738 1168 4807 γεγέννηται
1220 4737 1250 4788 6
1298 4734 1458 4797 Υίός·
1508 4732 1683 4804 ἀρχῆς
1732 4731 2007 4801 γενέσεως

406 4827 579 4884 αὐτοῦ
616 4827 788 4891 οὓτως
818 4827 917 4898 οὐχ
943 4825 1357 4898 εὑρισκομένης,
1386 4825 1462 4889 ὡς
1492 4823 1611 4877 οὐδὲ
1641 4822 1743 4892 τῆς
1765 4821 1999 4893 ἡμέρας.

484 4920 580 4975 55.
621 4919 955 4991 Προσθετέον
982 4920 1095 4981 τοῖς
1126 4916 1435 4989 εἰρημένοις
1475 4915 1591 4979 πῶς
1639 4917 1786 4968 ἐστιν
1811 4915 1839 4966 6
1869 4912 1997 4977 Υἱὸς

407 5009 642 5082 ἀληθινὴ
683 5007 953 5080 ἄμπελος,
989 5005 1159 5061 Τοῦτο
1189 5006 1246 5059 δὲ
1274 5005 1431 5076 δῆλον
1472 5003 1624 5057 ἔσται
1655 5004 1767 5065 τοῖς
1804 5002 1998 5053 συνιεῖ-

410 5122 500 5157 σιν
536 5102 701 5168 ἀξίως
728 5103 948 5173 χάριτος
980 5099 1325 5172 προφητικῆς
1352 5099 1441 5151 τόο
1482 5092 1656 5162 Οἴνος
1695 5093 1999 5163 εὐφραίνει

408 5193 667 5265 καρδίαν
687 5192 1022 5261 ἀνθρώπου.
1071 5191 1135 5244 El
1159 5188 1269 5261 γὰρ
1292 5190 1327 5260 ὴ
1355 5187 1549 5260 καρδία
1573 5186 1636 5240 τὸ
1666 5183 2002 5256 διανοητικόν

408 5292 554 5353 ἐστι,
590 5286 654 5340 τὸ
684 5285 741 5339 δὲ
790 5285 1081 5357 εὐφραῖνον
1112 5282 1245 5336 αὐτὸ
1291 5283 1320 5335 6
1349 5278 1728 5351 ποτιμώτατός
1773 5279 1889 5330 ἐστι
1916 5273 2002 5328 λό-

484 5420 533 5451 ⁷¹
555 5419 763 5473 Coloss.
798 5417 946 5482 Ι,16.
1023 5417 1070 5449 ⁷³
1094 5417 1250 5471 Rom.
1274 5431 1394 5478 vm,
1426 5415 1515 5469 i5.

2099 4534 2171 4589 ita
2210 4535 2411 4599 dicam,
2460 4535 2625 4590 simul
2674 4551 2734 4590 se
2776 4540 3077 4593 extendens
3106 4553 3230 4594 cum
3259 4538 3349 4594 illa
3383 4539 3555 4608 ipsius
3587 4540 3674 4594 iu-

2098 4626 2279 4694 genita
2309 4636 2365 4680 et
2396 4628 2726 4696 sempiterna
2756 4628 2862 4682 vita
2899 4628 3000 4699 ipsi
3030 4630 3148 4684 dies
3173 4644 3258 4686 est
3283 4632 3467 4696 hodie,
3492 4632 3544 4685 in
3573 4646 3680 4701 qua

2099 4717 2318 4787 genitus
2340 4726 2424 4772 est
2457 4717 2668 4786 Filius;
2708 4720 2787 4775 sic
2831 4736 2938 4775 non
2970 4721 3195 4778 invento
3240 4722 3474 4793 originis
3510 4723 3686 4794 ipsius

2098 4807 2390 4877 principio,
2424 4809 2567 4862 sicut
2602 4825 2779 4880 neque
2806 4811 2936 4870 diei.

2176 4901 2266 4957 35.
2308 4902 2535 4969 Insuper
2598 4902 2910 4958 addendum
2970 4914 3054 4960 est
3109 4906 3197 4962 his
3246 4922 3366 4977 qua:
3420 4907 3682 4974 diximus,

2105 4995 2377 5063 quomodo
2416 4993 2588 5050 Filius
2637 4995 2715 5051 sit
2744 4997 2871 5052 vitis
2923 5013 3053 5054 vera
3079 4999 3144 5055 ⁸ο.
3175 5001 3252 5055 Ac
3284 5000 3527 5070 profecto
3577 5001 3681 5057 hoc

2104 5088 2450 5165 perspicuum
2500 5088 2609 5142 erit
2637 5088 2707 5144 iis
2740 5090 2856 5159 qui,
2891 5100 2951 5142 ut
2982 5090 3202 5161 dignum
3241 5102 3325 5147 est
3353 5093 3677 5162 praphetica

2108 5181 2306 5251 gratia,
2334 5178 2646 5251 intelligunt
2675 5180 2805 5236 illud
2828 5181 2872 5214 ⁸⁸
2906 5196 2922 5236 :
2960 5181 3159 5236 Vinum
3208 5184 3447 5252 lwtiﬁcat
3468 5200 3561 5238 cor
3587 5184 3683 5237 lto-

2112 5271 2297 5326 minis.
2327 5270 2467 5326 Nam
2492 5272 2537 5327 si
2564 5287 2660 5329 cor
2687 5282 2771 5329 est
2821 5273 3161 5345 intelligendi
3195 5275 3442 5342 facultas,
3481 5276 3682 5345 ipsam-

1591 5411 1927 5484 Z‘Joan.xv,
1962 5413 2067 5484 15,_
2109 5411 2480 5484 _"Joan.xut,
2506 5414 2592 5469 13.
2669 5415 2717 5447 ⁷⁸
2741 5413 2899 5472 Joan.
2923 5416 3125 5483 xv,15.
3200 5416 3246 5449 "
3272 5415 3677 5484 Luc.xxu,28.

409 5490 459 5522 ⁷⁸
487 5505 674 5559 cap.t,
718 5504 862 5544 vers.
891 5489 947 5542 6.
1023 5488 1070 5520 τ’
1098 5488 1237 5543 Psal.
1280 5502 1343 5551 ll,
1373 5486 1427 5541 7.
1505 5485 1550 5517 ⁸⁰
1585 5483 1742 5539 Joan.
1783 5500 1872 5547 xv,
1904 5486 1952 5538 l.
2027 5482 2071 5515 ⁸¹
2105 5482 2249 5537 I’sal.
2295 5498 2413 5549 CIII,
2451 5484 2538 5537 l5.

484 5626 603 5697 (23)
631 5625 811 5697 Lego:
859 5626 910 5680 οἶ
936 5626 1079 5681 κατά
1122 5624 1481 5697 λογικώτερον
1541 5623 1855 5697 προσίενται
1925 5626 1991 5697 τῇ

408 5696 1061 5840 Θεῖᾶἱῗεάῗᾶκρινόντων
1080 5765 1267 5836 ἡμῶν.
1303 5765 1562 5840 l_ta__rcct_e
1608 5766 1788 5840 habet
1820 5766 1992 5840 codex

406 5833 777 5905 Bodleianusj
830 5837 971 5894 tuale
1018 5833 1150 5893 vero
1185 5838 1324 5908 apud
1380 5833 1635 5893 Huetium
1690 5836 1885 5909 legitur
1935 5835 1991 5891 in

2104 5634 2261 5697 textu
2284 5625 2576 5697 διακρίνων
2602 5626 2778 5697 ἡμῶν.
3076 5676 3085 5687 ,

2174 5696 2287 5768 (25)
2316 5694 2748 5770 Τυχοῦονινῖξεο
2766 5706 2914 5770 recte
2942 5697 3108 5751 habet
3125 5696 3297 5751 codex
3320 5694 3679 5770 ABodleianus,

2100 5765 2651 5838 male__'autctu_editio
2680 5765 2862 5838 ﬂuetii
2879 5770 2940 5838 in
2979 5768 3468 5838 textujuyxdev.

2170 5835 2283 5909 (26)
2314 5835 2666 5898 Εὐσέϐειαν.
2694 5837 2858 5893 Deest
2874 5837 2929 5894 in
2958 5846 3107 5894 textu
3134 5830 3338 5899 Hue't'i'i.
