4174 6438
553 325 625 384 79
2033 339 2194 396 ORIG
2203 340 2354 397 ENIS

3768 351 3846 406 80

549 455 656 512 que
705 440 950 499 laetificat
977 458 1182 514 sermo,
1220 449 1458 506 maxime
1489 454 1769 522 potabilis,
1795 455 2072 513 abducens
2099 473 2119 511 a

2234 475 2349 526 γος,
2384 459 2609 526 ἐξιστῶν
2641 461 2749 514 ἀπὸ
2800 464 2908 514 τῶν
2959 462 3344 536 ἀνθρωπικῶν,
3397 467 3490 518 καὶ
3539 468 3842 540 ἐνθουσιᾷν

549 535 717 590 rebus
750 535 1025 605 humanis,
1061 549 1117 595 et
1157 539 1338 597 furere
1390 543 1620 611 faciens,
1650 556 1706 600 et
1743 547 1953 602 ebrium
2011 563 2133 603 esse

548 626 838 696 ebrietate,
873 645 978 684 non
1010 646 1073 686 ea
1104 633 1323 701 quidem
1353 651 1473 704 qua
1499 646 1584 691 est
1612 637 1790 692 aliena
1835 653 1866 693 a
1899 639 2128 705 ratione,

549 724 645 778 sed
712 723 917 789 divina,
982 740 1091 795 qua
1136 727 1300 782 etiam
1350 727 1552 798 Ioseph
1611 729 1828 796 fratres,
1859 741 1920 786 ut
1975 741 2127 800 puto,

547 813 731 868 ehrios
761 811 952 868 facit"
971 830 985 880 ;
1007 816 1202 870 merito
1232 816 1280 870 is
1306 817 1397 887 qui
1427 818 1610 871 vinum
1645 834 1744 874 cor
1772 818 2013 874 hominis
2043 819 2132 873 la:-

550 905 767 962 tlllcans
803 905 982 973 all‘ert,
1013 917 1096 964 est
1123 908 1254 964 vitis
1281 925 1408 964 vera
1441 927 1456 964 :
1485 911 1557 966 ob
1593 911 1736 967 hanc
1769 926 1993 968 causam
2035 927 2131 966 ve-

550 1013 632 1063 ra,
673 999 815 1068 quod
845 1015 1094 1055 racemos
1123 1000 1320 1055 habeat
1346 1003 1654 1072 veritatem,
1683 1013 1739 1059 et
1767 1003 2020 1073 palmites
2047 1003 2131 1058 di-

548 1089 787 1160 scipulos
819 1089 888 1155 ⁶³,
929 1091 1012 1146 sui
1067 1090 1396 1158 imitatores,
1433 1105 1488 1150 et
1541 1096 1686 1165 ipsos
1735 1095 2129 1151 fructiﬁcantes

546 1181 858 1236 veritatem.
887 1181 1112 1238 Dillicile
1128 1193 1304 1239 autem
1323 1195 1407 1242 est
1425 1185 1789 1242 differentiam
1821 1201 2127 1258 proponere

547 1275 708 1346 panis
745 1285 800 1330 et
849 1275 1000 1342 vitis,
1045 1277 1492 1348 quandoquidem
1540 1293 1648 1334 non
1679 1279 1845 1335 vitem
1890 1288 2126 1345 tantum,

548 1369 644 1425 sed
684 1369 850 1425 etiam
899 1383 1095 1440 panem
1145 1369 1271 1424 vita
1307 1372 1544 1442 seipsum
1583 1371 1845 1444 appellat.
1889 1371 2127 1426 Proinde

544 1462 670 1518 vide
712 1476 780 1518 ne
816 1461 960 1518 forte
998 1464 1460 1534 quemadmodum
1503 1466 1660 1535 panis
1715 1465 1886 1521 nutrit
1925 1472 1982 1523 et
2028 1479 2128 1521 cor

543 1555 788 1622 roborat,
820 1554 1148 1611 conﬁrmare
1195 1571 1292 1612 cor
1341 1557 1580 1613 hominis
1612 1557 1812 1625 dictus,
1853 1568 1909 1613 et
1939 1557 2124 1613 vinum

541 1647 789 1703 laetiﬁcat
817 1646 1130 1702 diffundens
1175 1649 1416 1702 animum
1446 1646 1557 1719 34
1593 1658 1757 1719 atque
1786 1649 2122 1713 exhilarans.

543 1739 626 1794 sic
673 1737 974 1809 disciplinae
1022 1738 1276 1806 morales,
1311 1754 1435 1810 qua:
1483 1742 1647 1795 vitam
1684 1743 1977 1812 acquirunt
2027 1757 2124 1798 eas

541 1831 846 1888 addiscenti
883 1841 1048 1900 atque
1087 1832 1354 1902 aperanti,
1381 1833 1539 1902 panis
1574 1832 1792 1902 quidem
1823 1833 1930 1888 sint
1971 1831 2120 1896 vitae,

541 1939 650 1980 non
694 1934 876 1980 tamen
901 1923 1114 1978 fructus
1151 1923 1277 1978 vitis
1309 1924 1598 1992 dicantur;
1630 1917 1963 1981 theoremata
1992 1939 2122 1979 vero

540 2033 741 2073 arcana
757 2027 812 2074 et
829 2020 1082 2091 mystica,
1102 2017 1435 2074 laetiﬁcantia
1459 2027 1622 2088 atque
1637 2017 1863 2073 numine
1878 2017 2118 2072 animum

539 2106 803 2174 alliantia,
825 2123 947 2178 quae
977 2109 1366 2180 ingenerantur
1395 2108 1448 2162 in
1477 2108 1545 2163 iis
1571 2109 1664 2178 qui
1696 2107 2043 2164 oblectantur
2064 2107 2118 2162 in

539 2195 790 2265 Domino,
813 2215 917 2255 non
935 2199 1110 2254 solum
1129 2199 1550 2261 nutriri,verum
1565 2199 1730 2254 etiam
1747 2199 2010 2254 obiectari
2025 2199 2122 2254 de-

539 2290 1065 2356 siderantes,vinum
1087 2301 1347 2347 vocentur
1371 2305 1402 2344 a
1433 2305 1563 2346 vera
1583 2292 1693 2347 vite
1723 2293 2116 2362 pervenientia.

610 2379 702 2433 34.
744 2379 824 2434 Ad
853 2380 969 2436 hac
1000 2379 1417 2452 [elaborandum
1438 2383 1597 2437 nobis
1625 2381 1734 2454 est]
1751 2397 1990 2453 quonam
2021 2399 2117 2454 pa-

539 2479 629 2526 cto
657 2473 867 2542 primus
892 2482 949 2529 et
967 2473 1194 2528 ultimus
1225 2473 1279 2528 in
1308 2473 1630 2544 Apocalypsi
1664 2475 1961 2544 inscriptus
1991 2488 2115 2533 est:

540 2563 595 2618 in
634 2573 898 2634 quantum
937 2565 1144 2636 primus
1171 2574 1281 2632 est,
1311 2566 1562 2622 diversus
1588 2569 1657 2623 ab
1683 2569 1750 2633 Α,
1777 2569 1830 2624 id
1857 2579 1941 2624 est
1966 2575 2118 2640 priu-

539 2658 795 2726 cipio;et
840 2657 899 2712 in
949 2666 1212 2726 quantum
1259 2668 1345 2716 est
1388 2661 1637 2725 ultimus,
1677 2676 1782 2716 non
1816 2661 1960 2717 idem
1991 2678 2116 2718 cum

537 2749 600 2815 0,
640 2748 694 2804 id
728 2753 814 2804 est
856 2747 984 2802 line.
1026 2749 1232 2820 Opinor
1273 2751 1480 2822 itaque,
1511 2767 1636 2807 cum
1689 2752 1945 2808 animalia
1991 2769 2116 2824 qua:

538 2841 804 2896 rationem
849 2842 1200 2912 participant,
1236 2843 1580 2898 diversarum
1619 2845 1730 2902 sint
1779 2847 2112 2916 specierum,

537 2931 682 2989 aliud
745 2934 894 2989 inter
943 2934 1054 3006 ipsa
1117 2948 1244 2990 esse
1299 2935 1554 3006 primum,
1584 2937 1732 2994 aliud
1789 2938 2112 3004 secundum,

537 3027 688 3082 aliud
720 3027 962 3092 tertium,
991 3039 1046 3082 et
1086 3027 1168 3083 sic
1209 3026 1468 3100 deinceps
1501 3043 1677 3096 usque
1706 3029 1775 3085 ad
1816 3029 2065 3085 ultimum
2094 3049 2108 3096 ;

2236 552 2426 616 ποιῶν,
2454 555 2548 608 καὶ
2578 555 2799 626 μεθύειν
2821 554 2991 627 μέθην
3016 557 3118 610 οὐκ
3145 555 3448 626 ἀλόγιστον,
3474 559 3616 614 ἀλλὰ
3647 561 3839 624 θείαν,

2232 646 2318 716 ἢν,
2350 641 2522 717 οἶμαι,
2559 648 2655 700 καὶ
2695 648 2893 719 Ἰωσὴφ
2945 651 3072 713 τοὺς
3098 651 3361 718 ἀδελφοὺς
3405 650 3622 722 μεθύειν
3656 653 3839 718 ποιεῖ,

2231 741 2468 810 εὐλόγως
2497 743 2526 794 6
2551 741 2641 794 τὸν
2665 743 3025 814 εὐφραίνοντα
3068 744 3295 815 καρδίαν
3341 743 3629 816 ἀνθρώπου
3680 741 3840 800 οἶνον

2231 831 2412 905 φέρων
2443 832 2686 903 ἄμπελός
2736 836 2882 887 ἐστιν
2928 833 3154 906 ἀληθινή
3177 852 3192 866 ο
3243 835 3334 889 διὰ
3372 835 3532 889 τοῦτο
3560 836 3833 910 ἀληθινὴ,

2229 926 2352 980 ἐπεὶ
2401 924 2594 997 βότρυς
2642 924 2755 996 ἔχει
2809 926 2908 998 τὴν
2959 926 3234 999 ἀλήθειαν,
3269 927 3363 980 καὶ
3394 927 3649 1000 κλήματα
3695 931 3838 994 τοὺς

2231 1017 2502 1091 μαθητὰς,
2535 1017 2779 1089 μιμητὰς
2811 1017 2998 1084 αὐτοῦ,
3050 1020 3144 1073 καὶ
3171 1019 3370 1083 αὐτοὺς
3401 1020 3834 1091 καρποφοροῦν-

2227 1127 2326 1176 τας
2357 1111 2458 1182 τὴν
2487 1109 2763 1180 ἀλήθειαν.
2812 1110 3012 1182 Ἔργον
3061 1109 3118 1163 δὲ
3148 1110 3412 1183 διαφορὰν
3462 1111 3832 1181 παραστῆσαι

2226 1204 2394 1275 ἄρτου
2437 1204 2530 1258 καὶ
2575 1203 2845 1272 ἀμπέλου,
2893 1201 3016 1255 ἐπεὶ
3043 1203 3106 1255 οὐ
3163 1202 3323 1273 μόνον
3371 1203 3633 1273 ἄμπελος,
3677 1204 3830 1259 ἀλλὰ

2228 1295 2320 1348 καὶ
2349 1294 2513 1365 ἄρτος
2542 1292 2688 1363 ζωῆς
2713 1288 2852 1347 εἶναι
2881 1309 3068 1364 φησιν.
3112 1294 3254 1365 Ὅρα
3291 1293 3349 1346 δὲ
3383 1296 3593 1365 μήποτε
3621 1293 3832 1368 ὥσπερ

2225 1388 2255 1441 6
2276 1387 2439 1458 ἄρτος
2467 1386 2679 1457 τρέφει,
2715 1385 2808 1439 καὶ
2838 1386 3191 1457 ἰσχυροποιεῖ,
3229 1386 3324 1439 καὶ
3355 1384 3630 1457 στηρίζειν
3661 1386 3830 1456 λέγε-

2224 1497 2314 1534 ται
2340 1479 2569 1551 καρδίαν
2601 1476 2910 1549 ἀνθρώπου,
2955 1479 2985 1531 6
3011 1477 3068 1531 δὲ
3097 1473 3237 1542 οἶνος
3261 1477 3376 1548 ἤδει
3408 1479 3502 1531 καὶ
3529 1479 3828 1550 εὐφραίνει

2225 1573 2320 1627 καὶ
2358 1573 2566 1643 διαχείσ
2616 1569 2791 1634 οὓτως
2843 1569 2914 1624 τὰ
2947 1570 3047 1640 μὲν
3079 1569 3247 1639 nemo
3295 1568 3616 1640 μαθήματα,
3666 1571 3828 1640 ζωὴν

2225 1665 2613 1739 περιποιοῦντα
2657 1663 2736 1736 τῷ
2769 1662 3112 1735 μανθάνοντι,
3155 1663 3251 1716 καὶ
3285 1663 3598 1734 πράττοντι,
3645 1663 3826 1735 ἄρτος

2225 1764 2343 1816 ἐστι
2373 1761 2473 1832 τῆς
2506 1759 2673 1830 ζωῆς,
2701 1758 2801 1812 οὐκ
2831 1757 2898 1812 ἂν
2925 1747 3100 1812 ταῦτα
3123 1760 3436 1830 γεννήματα
3463 1757 3680 1828 λέγοιτο
3709 1757 3822 1829 τῆς

2224 1853 2469 1926 ἀμπέλου
2489 1871 2502 1883 ·
2533 1855 2627 1906 καὶ
2657 1851 3036 1923 εὐφραίνοντα,
3067 1853 3160 1906 καὶ
3193 1851 3476 1922 ὲνθουσιᾷν
3527 1851 3821 1916 ποιοῦντα,

2222 1947 2512 2019 ἀπόρρητα
2546 1946 2640 2000 καὶ
2670 1945 2906 2016 μυστικὰ
2929 1944 3263 2017 θεωρήματα
3291 1943 3682 2016 κατατρυφῶσι
3713 1944 3821 1999 τοῦ

2222 2039 2430 2110 Κυρίου
2463 2038 2786 2109 ὲγγινόμενα
2816 2037 2950 2108 (27),
2979 2037 3073 2091 καὶ
3099 2038 3160 2089 οὐ
3187 2036 3345 2107 μόνον
3370 2036 3686 2109 τρέφεσθαι,
3721 2036 3824 2089 ἀλ-

2221 2130 2286 2184 λὰ
2329 2131 2424 2184 καὶ
2454 2131 2664 2202 τρυφᾷν
2693 2129 2948 2182 ποθοῦσιν
2978 2129 3110 2200 (28),
3146 2129 3293 2182 ἐστὶν
3342 2129 3450 2183 ἀπὸ
3479 2129 3579 2199 τῆς
3618 2129 3821 2200 ἀληθι-

2221 2225 2317 2296 νῆς
2347 2224 2594 2295 ἀμπέλου
2622 2223 2892 2295 ἐρχόμενα
2917 2219 3056 2287 οἶνος
3091 2221 3419 2292 καλούμενα.

2289 2410 2378 2468 54.
2418 2408 2564 2481 Πρὸς
2593 2407 2802 2473 τούτοις
2840 2407 2918 2478 τῷ
2951 2407 3062 2479 (29)
3111 2406 3228 2470 πῶς
3278 2407 3494 2477 πρῶτος
3527 2407 3620 2460 καὶ
3646 2407 3819 2481 ἐσχα-

2218 2519 2310 2566 τος
2341 2504 2398 2556 ἐν
2425 2504 2490 2574 τῇ
2533 2501 2932 2568 Ἁποκαλύψει
2978 2497 3414 2570 ἀναγέγραπται,
3443 2497 3630 2567 ἔτερος
3663 2497 3818 2552 κατά

2217 2595 2278 2648 τὸ
2310 2593 2524 2666 πρῶτος
2547 2589 2687 2646 εῖναι
2717 2591 3000 2662 τυγχάνων
3031 2590 3126 2643 τοῦ
3157 2591 3322 2660 ἄλφα,
3357 2591 3452 2646 καὶ
3479 2591 3578 2661 τῆς
3605 2590 3811 2662 ἀρχῆς,

2218 2687 2311 2740 καὶ
2343 2685 2483 2739 κατὰ
2505 2684 2568 2738 τὸ
2597 2683 2824 2754 ἔσχατος
2850 2683 2949 2754 οὐχ
2972 2685 3002 2736 6
3035 2681 3196 2746 αὐτὸς
3221 2681 3300 2753 τῷ
3326 2700 3372 2734 ω
3407 2681 3505 2736 καὶ
3535 2680 3614 2752 τῷ
3634 2682 3808 2736 τέλει.

2230 2777 2498 2849 Ἠγοῦμαι
2527 2775 2728 2838 τοίνυν,
2782 2774 2891 2827 τῶν
2923 2773 3155 2842 λογικῶν
3188 2772 3343 2837 ζώων
3377 2775 3435 2826 ὲν
3467 2771 3684 2836 πολλοῖς
3727 2773 3814 2827 ei-

2215 2874 2327 2927 δεσι
2357 2869 2933 2945 χαρακτηριζομένων,
2965 2864 3104 2921 εἷναί
3129 2885 3184 2921 τι
3217 2866 3432 2938 πρῶτον
3475 2866 3677 2931 αὐτῶν,
3708 2866 3812 2920 καὶ

2215 2966 2487 3036 δεύτερον,
2521 2963 2617 3016 καὶ
2646 2962 2849 3033 τρίτον,
2883 2959 2977 3013 καὶ⁴
2997 2958 3068 3012 τὰ
3095 2956 3355 3028 καθεξῆς,
3382 2957 3488 3021 ἕως
3531 2957 3765 3027 ἐσχάτου
3789 2973 3810 2990 ο

2215 3059 2308 3113 καὶ
2337 3056 2398 3112 τὸ
2431 3057 2530 3129 μὲν
2561 3054 2786 3127 ἀκριϐὲς
2832 3054 3007 3106 εἰπεῖν
3052 3053 3106 3105 τί
3139 3051 3374 3124 πρῶτον,
3422 3052 3516 3105 καὶ
3561 3055 3713 3105 ποῖον
3747 3052 3814 3107 τὸ

536 3133 768 3191 quorum
810 3133 943 3176 sane
977 3119 1252 3189 quodnam
1291 3121 1362 3174 sit
1390 3119 1650 3192 primum,
1698 3130 1756 3178 et
1790 3126 2112 3188 secundum,

2220 3119 2487 3222 δεύτερον,
2529 3119 2750 3202 καὶ-ἐπὶ
2792 3145 2936 3208 τίνος
2967 3142 3166 3215 ἀληθὲς
3182 3119 3253 3196 τὸ
3277 3143 3481 3215 τρίτον,
3515 3143 3609 3196 καὶ
3632 3142 3812 3207 οὕτως

535 3221 591 3266 et
635 3211 874 3273 tertium,
908 3219 965 3265 et
996 3209 1078 3265 sic
1127 3226 1299 3282 usque
1335 3212 1402 3265 ad
1446 3212 1696 3268 ultimum
1741 3224 1998 3270 accurate
2025 3216 2112 3270 di-

533 3320 664 3360 cere
698 3303 923 3360 humani
979 3318 1088 3359 non
1132 3304 1423 3359 admodum
1463 3305 1667 3375 ingenii
1710 3316 1816 3373 est,
1863 3307 1959 3362 sed
1996 3308 2113 3377 ejus

533 3399 678 3468 quod
726 3407 978 3453 naturam
1019 3405 1240 3466 superet
1280 3399 1904 3454 nostram.Conabimur
1929 3409 2110 3454 tamen

531 3508 653 3566 qua:
692 3495 762 3550 ad
815 3493 974 3564 huius
1014 3491 1471 3548 considerationis
1495 3491 1917 3547 declarationem
1947 3495 2114 3563 perti-

534 3602 664 3642 nere
709 3585 1062 3652 videbuntur,
1096 3579 1382 3655 pro'virili
1425 3593 1613 3640 nostra
1660 3581 1860 3640 afferre
1901 3585 1954 3641 in
2001 3601 2113 3640 me-

531 3677 680 3733 dium
704 3685 869 3747 atque
897 3676 1106 3746 eloqui.
1150 3675 1291 3731 Sunt
1330 3679 1550 3746 quidam
1577 3676 1676 3744 dii,
1707 3691 1941 3747 quorum
1973 3676 2113 3732 Dens

535 3769 681 3824 Deus
729 3777 850 3834 est,
894 3777 953 3822 ut
1014 3767 1314 3838 prophetiae
1358 3767 1660 3837 loquuntur
1709 3787 1724 3825 :
1771 3768 2113 3837 Conﬁtemt'm'

531 3860 645 3916 Deo
685 3858 1003 3926 deorum“;
1034 3870 1090 3913 et
1123 3874 1137 3910 :
1167 3859 1309 3914 Deus
1351 3862 1569 3916 deorum
1614 3861 1873 3916 Dominus
1905 3865 2112 3919 locutus

532 3961 632 4016 est,
668 3959 714 4004 et
755 3949 954 4004 vocavit
993 3949 1248 4002 terram“
1281 3969 1294 4005 :
1327 3952 1470 4006 Deus
1522 3961 1726 4018 autem,
1781 3961 1840 4008 ut
1871 3954 2114 4028 Evange-

533 4043 666 4096 lium
701 4040 956 4103 tradit“,
989 4055 1095 4094 non
1129 4051 1464 4096 mortuorum
1499 4043 1640 4099 Deus
1687 4054 1786 4110 est,
1817 4047 1910 4101 sed
1938 4047 2114 4102 viven-

531 4136 682 4190 tium.
731 4131 884 4189 Unde
922 4131 1165 4187 viventes
1211 4133 1378 4188 etiam
1421 4134 1496 4189 dii
1538 4146 1692 4201 sunt,
1715 4151 1945 4205 quorum
1976 4137 2114 4193 Deus

531 4226 678 4283 Deus
703 4235 807 4282 est.
853 4225 1167 4294 Quinetiam
1201 4228 1477 4284 scribente
1509 4229 1575 4281 ad
1605 4228 1920 4285 Corinthios
1965 4234 2113 4301 Apo-

2222 3244 2386 3316 μέχρι
2418 3241 2512 3296 τοῦ
2545 3239 2856 3294 τελευταίου
2886 3238 3112 3310 φθάσαι,
3165 3237 3227 3290 οὐ
3258 3237 3400 3291 πάνυ
3445 3253 3496 3288 τι
3529 3235 3815 3310 ἀνθρώπι-

2215 3352 2326 3401 νον,
2355 3332 2492 3387 ἀλλά
2531 3331 2674 3402 ὑπὲρ
2718 3330 2815 3402 τὴν
2849 3329 3122 3401 ἡμετέραν
3154 3328 3270 3382 ἐστὶ
3297 3327 3458 3398 φύσιν
3477 3347 3488 3358 ·
3531 3330 3720 3398 στῆναι
3747 3329 3809 3384 δὲ

2215 3426 2310 3479 καὶ
2335 3421 2693 3494 περιλαλῆσαι
2723 3419 2791 3473 τὰ
2822 3421 2902 3483 εἰς
2929 3419 3022 3472 τὸν
3047 3419 3228 3484 τόπον,
3279 3419 3355 3482 ὡς
3386 3413 3488 3472 οἷοί
3518 3419 3577 3472 τέ
3611 3420 3810 3490 ὲσμεν,

2216 3513 2609 3590 πειραᾶόμεθα.
2651 3511 2772 3566 Etsi
2818 3528 2964 3574 τινες
2996 3511 3108 3564 θεοὶ
3129 3505 3205 3566 ὧν
3243 3511 3273 3562 6
3300 3511 3434 3574 Θεὸς
3465 3510 3600 3574 Θεός
3631 3513 3806 3574 ἐστιν,

2214 3608 2290 3671 ὡς
2319 3609 2376 3659 αἱ
2411 3603 2738 3676 προφητεῖαί
2782 3618 2945 3672 φασιν
2967 3615 2978 3629 ·
3033 3600 3522 3670 Ἐξομολογεῑσθε
3568 3600 3649 3666 τῷ
3679 3603 3808 3669 Θεῷ

2213 3697 2334 3752 τῶν
2360 3697 2542 3750 θεῶν’
2579 3696 2695 3758 καὶ,
2734 3696 2878 3760 Θεὸς
2923 3691 3074 3748 θεῶν
3101 3691 3369 3759 ἐλάλησε
3414 3692 3652 3760 Κύριος,
3701 3695 3805 3750 καὶ

2211 3790 2471 3844 ἐκάλεσε
2500 3787 2615 3857 τὴν
2645 3787 2762 3858 τῆν
2781 3803 2795 3818 ⁸
2833 3785 2966 3850 Θεὸς
2995 3785 3052 3838 δὲ
3082 3783 3224 3838 κατὰ
3261 3783 3323 3835 τὸ
3347 3782 3806 3852 Εὐαγγέλιονοὺκ

2207 3877 2339 3932 ἐστι
2360 3873 2786 3948 νεκρὼβλλὰ
2813 3876 3062 3937 ζώντων.
3085 3874 3294 3938 Ζῶντες
3326 3873 3434 3946 ἄρα
3465 3874 3559 3926 καὶ
3607 3875 3654 3926 οἱ
3688 3873 3806 3924 θερί

2213 3981 2372 4038 εἰσιν,
2399 3966 2474 4027 ὧν
2499 3972 2528 4024 6
2552 3969 2685 4034 Θεὸς
2713 3969 2844 4032 Θεός
2875 3969 3011 4022 ἐστι.
3048 3966 3157 4020 Καὶ
3183 3967 3212 4018 6
3243 3964 3562 4028 ’Δπόστολος
3581 3963 3638 4016 δὲ
3665 3965 3806 4036 γρά-

2214 4085 2328 4139 φων
2359 4067 2416 4119 ὲν
2441 4065 2508 4137 τῇ
2541 4062 2679 4134 πρὸς
2708 4058 3044 4133 Κορινθίους,
3079 4059 3307 4124 Ὥσπερ
3348 4056 3465 4110 εἰσὶ
3499 4055 3621 4110 θεοὶ
3650 4058 3808 4110 πολι

2211 4159 2334 4227 .102,
2385 4156 2485 4209 καὶ
2537 4155 2726 4222 κύριοι
2776 4150 3014 4214 πολλοὶ,
3065 4148 3204 4202 κατὰ
3237 4148 3306 4202 τά
3355 4147 3688 4220 προφητικὰ,
3737 4147 3806 4202 τὸ

2210 4249 2319 4302 τῶν
2345 4248 2482 4303 θεῶν
2526 4246 2891 4317 ὲξειλήφαμεν
2920 4242 3090 4312 ὄνομα
3121 4241 3198 4305 ὡς
3224 4241 3617 4312 τυγχανόντων.
3675 4241 3804 4294 Elei.

527 4317 670 4374 stolo
701 4318 857 4390 juxta
891 4319 1243 4390 propheticas
1273 4333 1472 4374 voces:
1501 4317 1960 4385 Quemadmodum
1989 4335 2110 4376 sunt

2220 4351 2268 4405 δὲ
2301 4351 2450 4422 παρὰ
2479 4351 2605 4414 τοὺς
2634 4349 2789 4412 θεοὺς
2815 4342 2889 4402 ὧν
2921 4349 2950 4400 6
2975 4346 3106 4410 Θεὸς
3136 4345 3267 4410 Θεός
3301 4347 3470 4410 ἐστιν,
3503 4345 3680 4418 ἕτεροί
3712 4363 3800 4399 τι-

527 4409 610 4462 dii
639 4409 814 4476 multi,
845 4419 893 4464 et
924 4411 1128 4466 domini
1153 4410 1390 4478 multi",
1421 4425 1624 4466 nomen
1675 4414 1902 4468 deorum
1946 4416 2111 4470 inter-

530 4503 726 4540 nrnlnli
758 4516 949 4540 ctu-nnc
981 4513 1234 4540 Innnnnm
1291 4504 1557 4540 ονείιιωηι
1615 4504 1751 4540 Qum
1783 4521 1915 4540 ποι-η
1941 4508 2104 4540 mium

2220 4471 2304 4518 νες
2332 4409 2396 4507 oi.
2411 4409 2700 4507 καλοῦνται
2745 4409 2945 4522 θρόνοι,
2992 4409 3095 4504 και
3118 4409 3266 4504 ἄλλοι
3291 4449 3570 4521 λεγόμενοι
3596 4409 3799 4522 ἀρχαὶ,

530 4504 728 4571 pretati
758 4516 949 4558 sumus
981 4513 1235 4574 tanquam
1291 4504 1583 4560 exsistant.
1615 4504 1754 4560 Sunt
1783 4521 1915 4561 vero
1941 4508 2105 4562 etiam

530 4603 729 4620 ..ι-...οιη-
757 4595 882 4620 Δια...
915 4611 1142 4620 -..η-...αι
1178 4593 1320 4620 ΠΛ..-
1351 4606 1430 4620 ..-ι
1463 4596 1603 4620 n-.--
1662 4597 1750 4620 ,122
1784 4599 1871 4620 --ηε
1907 4613 2072 4620 ..---μ-

2220 4504 2537 4620 κυριότητές
2561 4563 2645 4610 τε,
2678 4504 3036 4610 καὶιὲξουσίαι
3063 4543 3214 4614 παρά
3241 4504 3464 4608 τούτους
3488 4504 3659 4598 ἀλλοιῖ
3681 4504 3804 4599 ἢΔιὰ

509 4599 730 4664 lpratter
754 4595 886 4651 deos
913 4611 1144 4664 quorum
1178 4593 1322 4651 Deus
1347 4606 1435 4653 est
1463 4596 1627 4663 Deus,
1661 4597 1751 4652 alii
1781 4599 1872 4668 qui
1907 4613 2110 4655 vocan-

2220 4593 2535 4620 '"t'""t"v
2572 4593 2645 4610 ’τ’
2680 4593 2705 4599 τ’

2220 4653 2264 4672 μὶ
2306 4652 2353 4672 _\
2422 4651 2584 4672 QVO—.1-
2633 4649 2705 4672 ...τ

509 4646 620 4758 {IIII
670 4686 874 4754 throni,
923 4695 978 4742 et
1023 4687 1116 4742 alii
1166 4687 1261 4760 qui
1300 4687 1558 4744 dicuntur
1591 4646 1950 4758 principatus,
1983 4707 2107 4746 rur-

2220 4653 2271 4706 δὲ
2301 4652 2382 4716 τὸ,
2422 4651 2591 4721 Ὑπὲρ
2621 4649 2743 4706 πᾶν
2773 4651 2961 4720 ὄνομα
3003 4646 3457 4720 ὀνομαζόμενον,
3502 4653 3576 4704 οὐ
3607 4650 3803 4720 μόνον

529 4794 624 4835 sus
659 4789 858 4849 prater
913 4780 1014 4836 hos
1051 4781 1144 4835 alii
1177 4757 1270 4850 qui
1305 4781 1564 4836 dicuntur
1596 4757 2001 4838 dominationes
2055 4792 2112 4838 et

2220 4762 2282 4814 ἐν
2299 4761 2489 4827 τούτῳ
2514 4758 2595 4826 τῷ
2623 4759 2813 4824 αἰῶνι,
2847 4758 3008 4813 ἀλλὰ
3039 4757 3139 4811 καὶ
3170 4757 3242 4810 ἐν
3261 4757 3343 4823 τῷ
3361 4757 3670 4827 μέλλοντι,
3705 4761 3802 4813 καὶ

531 4881 850 4939 potestates.
889 4871 1114 4928 Dicente
1137 4882 1318 4928 autem
1339 4871 1508 4926 Paulo
1522 4871 1568 4903 ⁸⁸
1595 4889 1610 4926 :
1635 4871 1806 4942 Super
1835 4891 1985 4929 omne
2014 4892 2110 4929 no-

2220 4867 2347 4923 Ξλλα
2379 4867 2530 4940 παρὰ
2553 4866 2724 4920 ταῦτα
2748 4867 2809 4920 οὐ
2837 4866 2977 4921 πάνυ
3011 4863 3124 4935 (50)
3157 4861 3402 4934 συνήθως
3434 4863 3566 4933 ἡμῖν
3597 4863 3800 4934 ὀνομα-

531 4979 649 5018 men
671 4967 810 5032 quod
842 4966 1148 5020 nominatur
1171 4981 1275 5020 non
1300 4966 1471 5020 solum
1498 4965 1551 5018 in
1575 4967 1768 5020 circqu
1795 4969 1912 5036 hoc,
1931 4988 2106 5025 verum

2220 4974 2416 5045 ζόμενα
2462 4974 2544 5028 δεῖ
2589 4973 2864 5028 πιστεύειν
2912 4970 3050 5028 εἶναι
3083 4969 3308 5041 λογικά·
3357 4961 3432 5023 ὧν
3459 4970 3517 5022 ἓν
3546 4987 3598 5024 τι
3643 4970 3799 5038 γένος

601 5055 648 5087 ⁸¹
665 5053 803 5110 Gen.
827 5072 979 5120 xun,
999 5057 1089 5112 54.
1149 5058 1370 5114 "Joau.
1401 5077 1492 5126 xv,
1526 5061 1582 5117 5.
1645 5060 1693 5092 “
1708 5061 1850 5118 Psal.
1880 5080 2082 5122 cxxxv.

531 5123 581 5158 ³⁸
603 5123 802 5194 Ephes.
830 5142 868 5190 ι,
899 5127 991 5182 21.

2220 5067 2350 5122 Psal.
2381 5085 2534 5134 κως,
2563 5070 2612 5123 l.
2691 5069 2738 5100 ⁸⁸
2767 5069 2956 5124 Matth.
2989 5083 3124 5132 ult,
3149 5067 3240 5122 32.
3314 5064 3361 5096 "’
3392 5065 3412 5120 l
3439 5063 3566 5118 Cor.
3593 5079 3710 5130 vttt,
3739 5065 3795 5120 5.

605 5216 718 5288 (ΞῚ)
753 5217 1157 5293 Ἑγτινόμενα.
1178 5218 1270 5274 Sic
1297 5221 1468 5275 codex
1495 5219 1854 5285 Bodleianus;
1887 5219 2114 5278 Huetius
2222 5223 2563 5278 nominantur
2592 5225 2800 5293 quidem
2831 5223 2887 5276 in
2910 5221 3006 5276 hoc
3031 5221 3245 5278 seculo.
3275 5238 3377 5277 non
3399 5233 3574 5277 tamen
3595 5223 3660 5276 ab
3681 5225 3796 5288 ipso

535 5288 591 5341 in
617 5289 1157 5363 Διςξξιιιᾼὲκπινόμενςι..
1291 5360 1302 5363 Α
1402 5359 1430 5363 _
1497 5360 1526 5363 __
1566 5359 1578 5363 _
1800 5359 1841 5363 __
2219 5304 2527 5348 enumerata
2548 5288 2764 5362 fuerint,
2791 5293 2924 5361 forte
2942 5309 3037 5347 nec
3055 5293 3121 5345 ab
3152 5294 3260 5346 alio
3285 5293 3464 5363 aliqua
3490 5294 3795 5356 intellecta;

609 5356 722 5430 (28)
751 5356 1068 5432 Ποθοῦσὶν.
1098 5361 1172 5416 lla
1204 5360 1376 5416 codex
1400 5359 1754 5427 Bodleianus;
1800 5359 2025 5416 Huctius
2059 5363 2111 5418 in
2219 5381 2329 5418 esse
2349 5381 2468 5418 vero
2494 5356 2602 5416 alia
2620 5356 2827 5432 qum-in
2845 5365 2943 5416 hoc
2980 5363 3176 5416 uacula
3215 5356 3426 5431 quidem
3483 5380 3586 5416 non
3626 5365 3797 5417 nomi-

539 5428 1038 5502 ιοιιμιξποτιοὼωκ
1449 5499 1459 5502 Α
1591 5499 1615 5502 μ
2220 5446 2428 5492 nentur.
2464 5428 2640 5486 tamen
2659 5434 3092 5488 nominabuntur.
3116 5428 3236 5486 Nec
3255 5449 3395 5487 unus
3422 5435 3474 5487 itl
3518 5432 3620 5486 sibi
3674 5447 3800 5502 per-

2220 5505 2390 5558 suasit
2415 5503 2680 5570 Origcnes
2721 5513 2918 5568 praeter
2953 5519 3048 5559 eos
3081 5504 3398 5573 angelorum
3439 5503 3662 5558 ordines
3703 5505 3796 5573 qui

2222 5576 2577 5628 nominantur
2609 5573 2662 5626 in
2698 5573 3006 5642 Scriptura,
3039 5573 3176 5628 alios
3203 5589 3328 5629 es~e
3387 5587 3616 5628 numero
3669 5573 3796 5628 inti-

628 5497 697 5566 29
761 5498 865 5564 Τῷ,
893 5509 1001 5554 etc.
1020 5499 1162 5567 Lego
1194 5499 1523 5572 προσεκτέον
1549 5499 1646 5571 τῷ.

631 5501 721 5638 30)
749 5569 858 5622 Καὶ
892 5569 1052 5624 ἄλλα
1077 5570 1240 5638 παρὰ
1256 5571 1442 5624 ταῦτα
1469 5573 1540 5624 οὐ
1566 5569 1646 5624 πά

2219 5646 2360 5696 nitos
2407 5654 2462 5698 et
2518 5643 2829 5697 hominibus
2883 5646 3097 5712 ignotos
3150 5661 3164 5696 :
3230 5646 3452 5710 scripsit
3523 5643 3806 5709 siquidem“

631 5567 721 5643 39)
749 5569 858 5622 Καὶ
892 5569 1052 5643 ἄλλα
1077 5567 1442 5643 πρρὰταῦζα
1469 5573 1540 5624 οὐ
1566 5567 1876 5643 πάνυηειο.
1927 5571 2113 5643 Orige-

538 5651 634 5710 nes
668 5638 758 5691 lib.
785 5653 800 5691 l
825 5640 963 5707 Περὶ
985 5639 1206 5707 ἀρχῶν,
1236 5657 1352 5710 cap.
1377 5641 1432 5703 5,
1459 5642 1707 5694 eumdem
1754 5639 1898 5697 hunc
1948 5638 2101 5697 Pauli

541 5709 714 5760 locum
737 5723 1014 5784 exponens
1039 5729 1054 5764 :
1090 5711 1172 5766 Ea:
1193 5709 1313 5784 quo,
1347 5711 1600 5776 videlicet,
1629 5711 1826 5778 inquit,
1875 5715 2100 5784 ostendit
2207 5715 2630 5784 Chrysostomus
2658 5715 2802 5784 hom.
2829 5714 2882 5774 4,
2904 5709 2978 5766 De
2999 5715 3253 5784 incomp.:
3272 5709 3395 5766 Εἰσὶ
3411 5711 3544 5784 γὰρ,
3570 5713 3797 5784 εἰσὶ-καὶ

541 5724 714 5760 iocum
737 5724 1054 5830 ultroneus:
1090 5724 1172 5766 tua:
1193 5728 1296 5776 quo
1347 5724 1600 5776 vtdeltcei,
1629 5724 1826 5778 tnqutt,
1875 5724 2100 5766 οδιειιαιι

537 5793 646 5831 esse
669 5793 786 5848 qua'
827 5795 910 5833 am
932 5790 1126 5848 prwter
1183 5783 1293 5836 ha’c
1321 5797 1440 5851 qua:
1489 5783 1932 5847 commemoravit,
1981 5799 2102 5853 qua:

2220 5724 2630 5781 Ultrysostmuus
2659 5724 2802 5768 ltmn.
2829 5724 2882 5774 4,
2906 5724 2978 5766 De
2999 5724 3253 5783 incomp.:
3272 5724 3395 5766 Εἰσὶ
3411 5724 3544 5784 γαρ,
3570 5724 3676 5766 εισι
3702 5724 3797 5766 και

2220 5784 2392 5853 ἕτεραι
2423 5782 2700 5853 δυνάμεις,
2731 5781 2808 5842 ὧν
2860 5785 2983 5838 οὐδὲ
3027 5783 3097 5839 τὰ
3147 5784 3388 5838 ὀνόιιατα
3417 5783 3598 5838 ῐσιιεν.
3659 5782 3798 5838 Sunt
