4174 6406
431 323 499 381 8|
1530 328 1889 385 COMMENT.
1928 326 1999 383 IN
2035 327 2232 385 JOAN.
2269 326 2510 385 TOMUS
2547 325 2590 381 1.

3631 331 3724 385 82‘

429 438 623 492 ἐκάλει
649 436 825 491 Σαῦαὶ
851 440 880 492 6
916 437 1185 509 Ἐϐραῖος,
1211 440 1353 510 παρὸ
1379 441 1780 511 ἐσχηματίσθαι
1804 444 1896 499 τὸν
1926 446 1994 497 Σα

2100 442 2286 501 ,ειὶαηι
2320 443 2375 495 in
2409 441 2610 509 futuro,
2637 438 2863 496 credere
2892 439 3152 497 debemus
3194 440 3297 497 alia
3352 456 3472 498 esse
3515 445 3703 509 etiam,

427 529 586 583 ϐαὼθ
614 530 853 600 ἄρχοντα
893 531 1119 584 ἐκείνων
1167 532 1521 602 τυγχάνοντα,
1570 535 1670 605 οὐχ
1715 535 1900 608 ἕτερον
1932 536 2025 590 τοῦ

430 622 596 676 Θεοῦ.
627 623 737 675 Καὶ
769 622 865 675 ἐπὶ
895 624 1027 676 πᾶσι
1060 622 1253 693 θνητὸν
1300 623 1514 692 λογικὸν
1538 626 1566 677 6
1598 625 1912 697 ἄνθρωπος.
1964 629 2025 680 '0

428 714 611 769 τοίνυν
648 715 758 769 τῶν
779 716 917 770 ὅλων
946 716 1080 780 Θεὸς
1112 716 1324 787 πρῶτόν
1357 734 1411 770 τι
1437 721 1503 789 τῇ
1532 722 1663 790 τιμῇ
1695 720 1849 789 γένος
1875 720 2023 789 λογι-

429 806 532 860 κὸν
577 807 894 879 πεποίηκεν,
930 808 1068 880 ὅπερ
1094 803 1249 879 οἶμαι
1279 810 1405 873 τοὺς
1431 810 1798 883 καλουμένους
1842 812 2019 880 θεοὺς,

425 899 528 951 κα)⁵
557 898 811 970 δεύτερον
846 900 940 953 ἐπὶ
987 900 1082 953 τοῦ
1118 902 1384 973 παρόντος
1413 902 1788 959 καλείσθωσαν
1816 905 2018 977 θρόνοι,

422 990 525 1044 καὶ
565 991 750 1062 τρίτον
790 992 961 1063 χωρὶς
1010 992 1347 1058 διαστάσεως
1381 995 1492 1067 (51)
1535 998 1723 1069 ἀρχαί.
1765 997 1921 1052 οὕτω
1961 999 2021 1052 δὲ

421 1079 506 1150 τῷ
539 1080 744 1151 λογικῷ
769 1082 881 1153 (59)
915 1084 1251 1138 καταϐατέον
1283 1086 1376 1139 ἐπὶ
1402 1086 1624 1156 ἔσχατον
1657 1088 1893 1158 λογικὸν,
1927 1092 2021 1147 τά-

420 1186 498 1239 χα
525 1171 630 1224 οὐκ
661 1171 789 1225 ἄλλο
834 1190 889 1225 τι
922 1172 1016 1227 τοῦ
1061 1173 1349 1246 ἀνθρώπου
1393 1176 1682 1247 τυγχάνον.
1744 1177 1801 1231 Ὀ
1837 1178 2018 1232 τοίνυν

421 1263 619 1334 Σωτὴρ
652 1264 923 1337 θειότερον
949 1266 1129 1337 πολλῷ
1154 1268 1187 1338 ἢ
1225 1268 1253 1319 6
1286 1268 1496 1333 Παῦλος
1518 1270 1712 1339 γέγονε
1744 1273 1859 1335 τοῖς
1883 1275 2017 1327 πᾶσι

421 1354 626 1419 πάντα,
663 1356 748 1409 ἵνα
778 1358 957 1412 πάντα
985 1359 1018 1429 ἦ
1052 1360 1311 1433 κερδήσῃ,
1336 1361 1369 1432 ἤ
1402 1361 1681 1437 τελειώσῃ·
1712 1367 1806 1419 κα)⁸
1829 1366 2015 1436 σαφῶς

418 1446 645 1516 γέγονεν
690 1448 998 1520 ἀνθρώποις
1049 1452 1334 1523 ἄνθρωπος
1352 1494 1367 1518 ,
1415 1457 1508 1509 καὶ
1555 1456 1807 1525 ἀγγέλοις
1851 1458 2015 1527 ἄγγε-

414 1540 512 1605 λος
534 1541 665 1615 (55).
690 1545 800 1599 Καὶ
828 1546 955 1617 περὶ
992 1547 1090 1616 μὲν
1121 1547 1216 1600 τοῦ
1240 1547 1525 1620 ἄνθρωπον
1548 1552 1710 1605 αὐτὸν
1735 1552 2012 1621 γεγονέναι

413 1633 595 1699 οὐδεὶς
628 1634 738 1689 τῶν
767 1640 1212 1693 πεπιστευκότων
1239 1640 1481 1705 διστάζει
1499 1658 1511 1670 ·
1550 1643 1679 1715 περ).
1703 1643 1759 1697 δὲ
1788 1643 1885 1697 τοῦ
1915 1644 2014 1714 ἄγ-

413 1725 577 1793 γελον
611 1726 748 1797 (54),
800 1727 1118 1800 πειθώμεθα
1149 1731 1446 1803 τηροῦντες
1485 1732 1585 1797 τὰς
1612 1732 1720 1786 τῶν
1764 1734 2012 1803 ἀγγέλων

2130 542 2326 601 prmter
2370 532 2507 596 hazc,
2556 530 2868 595 rationalia,
2893 547 3125 601 quorum
3161 533 3422 588 vocabula
3454 536 3596 589 haud
3626 537 3703 590 ita

2128 620 2473 676 familiariter
2500 622 2658 677 nobis
2681 622 2786 677 sint
2820 624 2875 678 in
2903 640 3028 691 usu,
3058 640 3288 693 quorum
3324 642 3491 681 unum
3522 630 3697 696 quod-

2126 710 2250 766 dam
2277 726 2446 782 genus
2471 712 2612 768 Saba
2647 715 2881 770 vocabat
2904 714 3187 782 Hebraeus,
3228 717 3300 773 ob
3329 732 3450 773 eam
3474 734 3697 775 causam

2123 802 2314 858 dicens
2346 819 2543 859 nomen
2577 804 2877 861 formatum
2925 807 3095 863 fuisse
3126 806 3394 874 Sabaoth,
3422 811 3514 880 qui
3551 810 3705 879 prin-

2123 910 2252 965 ceps
2292 896 2452 967 hujus
2489 898 2697 953 ordinis
2730 910 2877 954 esset
2916 914 3016 955 nec
3062 900 3363 955 diversusa
3391 900 3522 959 Deo.
3553 899 3704 956 Prte-

2122 995 2206 1040 ter
2238 987 2354 1044 haec
2392 988 2577 1044 omnia
2624 999 2706 1045 est
2756 993 2994 1046 mortale
3030 991 3297 1047 rationale
3351 992 3470 1062 ipse
3512 993 3697 1049 homo.

2122 1077 2514 1135 Universorum
2547 1096 2679 1151 ergo
2706 1081 2876 1148 Deus,
2912 1098 3084 1153 genus
3118 1084 3353 1153 primum
3378 1084 3487 1156 35
3517 1086 3697 1155 quod-

2120 1170 2242 1225 dam
2270 1172 2559 1240 rationale,
2590 1175 2736 1245 quod
2764 1176 2979 1230 caeteris
3022 1176 3229 1231 honore
3261 1178 3580 1245 excelleret,
3614 1177 3697 1233 l'e-

2119 1263 2221 1329 cit;
2250 1265 2397 1334 quod
2427 1281 2545 1323 mea
2587 1268 2861 1324 sententia
2908 1284 3005 1325 eos
3032 1270 3432 1340 complectatur
3465 1272 3561 1342 qui
3595 1286 3695 1326 vo-

2118 1367 2316 1412 cantur
2348 1358 2462 1423 dii;
2495 1359 2732 1415 alterum
2764 1360 2819 1415 in
2845 1363 3136 1429 praesentia
3181 1372 3444 1418 vocentur
3473 1364 3651 1419 throni
3674 1380 3718 1429 ;·

2119 1448 2340 1502 tertium
2392 1465 2524 1506 vero
2552 1452 2888 1523 principatus
2922 1455 3042 1510 sine
3093 1456 3339 1511 dissidio.
3385 1456 3480 1513 Sic
3510 1466 3694 1514 autem

2117 1541 2370 1598 rationali
2411 1543 2480 1599 ad
2522 1544 2773 1600 ultimum
2821 1546 3092 1603 rationale
3129 1548 3691 1616 deseendendumest,

2114 1635 2258 1703 quod
2290 1650 2394 1691 non
2424 1636 2572 1692 aliud
2611 1635 2845 1693 fortasse
2879 1637 3044 1695 fuerit
3076 1655 3238 1709 quam
3263 1641 3451 1696 homo.
3492 1640 3690 1696 Serva-

2116 1733 2202 1781 tor
2237 1726 2420 1794 igitur,
2456 1728 2696 1784 divinius
2751 1729 2921 1784 multo
2961 1746 3126 1801 quam
3173 1729 3458 1796 Paulus”,
3510 1731 3690 1788 lactus

412 1817 741 1885 ἐπιφανείας
771 1820 866 1872 καὶ
919 1820 1130 1889 λόγους,
1159 1824 1248 1876 ὅτε
1276 1824 1378 1894 τῆς
1417 1824 1526 1879 τῶν
1558 1826 1806 1895 ἀγγέλων
1853 1826 1994 1891 ἐξου-

2111 1827 2195 1871 est
2231 1818 2485 1874 omnibus
2514 1820 2718 1888 omnia,
2766 1831 2827 1875 ut
2860 1836 3050 1879 omnes
3086 1824 3168 1879 vel
3218 1824 3572 1882 lucrifaceret
3603 1826 3689 1882 vel

414 1908 541 1972 σίας
586 1910 858 1979 φαίνεται,
894 1912 951 1965 ἐν
992 1930 1101 1967 τισι
1132 1916 1318 1979 τόποις
1361 1916 1460 1987 τῆς
1498 1917 1722 1989 Γραφῆς
1761 1919 2008 1988 ἀγγέλων

411 1999 702 2068 λεγόντων,
756 2002 946 2075 ὥσπερ
979 2006 1073 2058 ἐπὶ
1105 2005 1233 2058 τοῖν
1274 2008 1462 2075 Ὤφθη
1499 2007 1753 2078 ἄγγελος
1789 2011 2007 2077 Κυρίου

409 2092 486 2145 ἐν
529 2095 672 2163 πυρὶ
723 2096 953 2166 φλογὸς
998 2095 1216 2161 βάτου,
1267 2098 1366 2152 καὶ
1416 2095 1615 2153 εἶπεν·
1673 2100 1812 2170 Ἐγὼ
1862 2101 2007 2169 Θεὸς

426 2185 705 2257 Ἀϐραὰμ,
754 2190 854 2244 καὶ
901 2190 1129 2257 Ἰσαὰκ,
1176 2190 1277 2244 καὶ
1327 2191 1550 2247 Ἰακώϐ.
1624 2193 1786 2247 Ἀλλὰ
1838 2196 1933 2248 καὶ
1975 2196 2006 2249 6

420 2271 655 2340 Ἡσαΐας
689 2280 855 2350 φησί’
888 2281 1168 2336 Καλεῖται
1196 2282 1260 2335 τὸ
1303 2283 1491 2352 ὄνομα
1522 2284 1708 2339 αὐτοῦ
1734 2286 2005 2356 μεγάλης

404 2369 652 2438 ,βουλῆς
682 2370 956 2441 ἅγγελος.
991 2374 1214 2445 Πρῶτος
1244 2371 1339 2427 οὖν
1368 2376 1462 2428 καὶ
1504 2373 1731 2445 ἔσχατος
1760 2377 1789 2430 6
1815 2375 2003 2448 Σωτὴρ

408 2463 511 2533 οὐχ
541 2464 624 2516 ὅτι
647 2464 708 2517 οὐ
739 2465 809 2518 τὰ
841 2467 1069 2537 μεταξὺ,
1099 2466 1235 2520 ἀλλὰ
1261 2466 1372 2519 τῶν
1406 2468 1613 2539 ἄκρων,
1646 2468 1733 2522 ἵνα
1760 2468 1999 2541 δηλωθῇ,

406 2556 494 2610 ὅτι
519 2555 590 2609 τὰ
635 2558 814 2611 πάντα
844 2558 1067 2626 γέγονεν
1100 2559 1280 2623 αὐτός.
1327 2558 1649 2632 Ἐπίστησον
1684 2560 1744 2621 δὲ
1773 2561 2002 2634 πότερον

404 2644 696 2717 ἄνθρωπός
724 2649 842 2701 ἐστι
868 2650 930 2702 τὸ
963 2649 1188 2719 ἔσχατον
1220 2649 1253 2721 ἢ
1288 2650 1356 2704 τὰ
1394 2651 1705 2722 καλούμενα
1734 2653 2001 2724 καταχθό-

406 2751 520 2800 νια,
547 2732 621 2790 ὧν
668 2739 775 2791 είσι
825 2740 920 2793 καὶ
965 2742 1014 2794 oi
1056 2740 1330 2812 δαίμονες,
1366 2741 1482 2813 ἦτοι
1513 2743 1794 2816 πάντες,ἧ
1832 2762 1997 2810 τινες.

405 2827 683 2899 Ζητητέω
728 2827 796 2882 τὰ
827 2832 906 2893 είς
932 2830 969 2884 ἃ
1002 2831 1098 2885 καὶ
1138 2830 1280 2884 αὐτὰ
1304 2831 1594 2903 γενόμενος
1638 2835 1667 2887 6
1693 2834 1885 2906 Σωτὴρ
1911 2834 2000 2890 διὰ

403 2916 505 2970 τοῦ
540 2921 821 2990 προφήτου
865 2922 1029 2975 Δαυῖδ
1059 2939 1224 2994 φησι·
1261 2923 1371 2977 Καὶ
1399 2924 1694 2993 ἐγενήθην
1720 2926 1863 2980 ὡσεὶ
1889 2925 1998 2982 ἄν·

404 3012 641 3078 θρωπος
677 3012 1010 3082 ἀϐοήθητος
1037 3016 1107 3068 ὲν
1140 3015 1375 3085 νεκροῖς
1409 3016 1724 3086 ἐλεύθερος
1746 3035 1760 3048 '
1809 3018 1999 3093 ὥσπερ

408 3101 574 3156 πλέον
599 3102 738 3173 ἔχων
770 3104 882 3175 (55)
915 3104 1064 3176 παρὰ
1096 3105 1414 3178 ἀνθρώπους
1441 3107 1583 3161 κατὰ
1624 3108 1723 3179 τὴν
1763 3111 1827 3163 ὲκ
1856 3127 1998 3181 παρ-

404 3194 564 3248 θένου
609 3196 844 3264 γένεσιν,
879 3198 974 3251 καὶ
1022 3197 1165 3252 κατὰ
1208 3198 1301 3253 τὸν
1346 3199 1529 3253 λοιπὸν
1562 3201 1619 3253 ὲν
1673 3201 1997 3272 παραδόξοις

404 3285 543 3357 βίον,
578 3287 751 3354 οὕτως
776 3291 834 3344 ἐν
861 3294 1076 3363 νεκροῖς
1098 3292 1240 3346 κατὰ
1266 3292 1328 3346 τὸ
1358 3293 1517 3364 μόνος
1545 3290 1827 3349 ὲκείεἵναι
1846 3295 1997 3349 ἐλεύ-

403 3378 586 3451 θερος,
632 3381 733 3434 οὐκ
788 3381 1274 3450 ἐγκαταλέλειπται
1313 3385 1346 3454 ἡ
1386 3382 1532 3455 ψυχὴ
1562 3382 1727 3437 αὑτοῦ
1779 3384 1860 3447 είς
1904 3384 1993 3438 τὸν

399 3470 562 3545 ᾅδην.
612 3472 801 3537 Οὕτως
846 3475 943 3546 μὲν
993 3471 1088 3529 οὖν
1120 3474 1338 3546 πρῶτος
1383 3476 1478 3530 καὶ
1528 3475 1781 3547 ἔσχατοςι
1825 3477 1890 3530 El
1932 3476 1990 3530 δέ

401 3566 524 3618 ἐστι
555 3566 860 3638 γράμματα
887 3568 1043 3633 Θεοῦ,
1096 3567 1286 3641 ὥσπερ
1322 3569 1492 3633 ἐστὶν,
1547 3568 1691 3640 άπερ
1723 3567 1989 3639 ἀναγινώ-

401 3672 627 3722 σκοντες
653 3659 702 3712 oi
732 3659 879 3728 ἆγιοί
911 3676 1075 3729 φασιν
1101 3660 1467 3730 ἀνεγνωκέναι
1497 3661 1565 3714 τὰ
1592 3663 1651 3714 ὲν
1677 3663 1799 3725 ταῖς
1828 3660 1991 3727 πλαξὶ

2110 1906 2402 1975 perliceret
2433 1923 2448 1961 :
2480 1917 2551 1962 et‘
2579 1907 2870 1965 manifeste
2918 1910 3081 1965 homo
3121 1911 3455 1977 hominibus,
3484 1909 3688 1980 angelis

2109 1998 2335 2067 angelus
2360 1998 2539 2055 factus
2575 2008 2682 2056 est.
2717 1999 2963 2072 Cumque
2994 2003 3233 2058 ﬁdelium
3267 2017 3425 2059 nemo
3446 2005 3686 2069 ambigat

2111 2090 2388 2146 hominem
2434 2106 2559 2146 eum
2607 2092 2794 2160 luisse,
2830 2093 3081 2163 angelum
3120 2095 3282 2149 etiam
3335 2109 3461 2150 eum
3518 2093 3686 2151 fuisse

2107 2183 2439 2239 inducamur
2480 2184 2548 2238 ad
2598 2186 2975 2249 credendum,
3036 2195 3323 2241 servantes
3368 2185 3685 2258 angelorum

2107 2277 2474 2347 apparitiones
2520 2285 2577 2331 et
2616 2278 2806 2342 verba,
2837 2280 3053 2349 quando
3077 2286 3405 2347 potestatem
3439 2295 3562 2334 eum
3588 2293 3684 2349 ap-

2104 2376 2266 2437 paret
2306 2370 2622 2441 angelorum
2661 2369 2867 2425 babere
2893 2387 2907 2424 :
2938 2369 2998 2439 in_
3026 2370 3349 2440 quibusdam
3385 2370 3683 2443 Scriptura:

2106 2460 2245 2515 locis
2276 2460 2485 2530 angelis
2516 2459 2887 2530 loquentibus,
2923 2458 3090 2515 veluti
3115 2459 3209 2516 illo
3234 2461 3286 2515 in
3312 2461 3432 2518 loco
3455 2462 3502 2494 ⁹⁰
3534 2470 3554 2516 ξ
3591 2461 3676 2516 Vi-

2103 2570 2193 2608 sus
2233 2560 2312 2607 est
2355 2552 2571 2623 angelus
2615 2553 2831 2608 Domini
2878 2554 2935 2608 in
2978 2556 3199 2624 ﬂamma
3238 2556 3374 2625 ignis
3418 2557 3483 2612 de
3510 2559 3681 2613 medio

2104 2647 2241 2711 rubi,
2275 2655 2325 2700 et
2351 2645 2489 2701 dixit
2514 2665 2533 2702 :
2559 2645 2674 2717 Ego
2713 2662 2832 2701 sum
2878 2646 3019 2702 Deus
3069 2647 3362 2713 Abraham,
3399 2661 3447 2703 et
3499 2648 3679 2717 Isaac,

2102 2749 2148 2792 et
2186 2736 2378 2793 Iacob.
2409 2737 2549 2805 Quin
2581 2738 2750 2793 etiam
2790 2736 2961 2793 Isaias
2991 2736 3186 2794 dicit“
3216 2756 3231 2795 :
3267 2736 3559 2796 Vocabitur
3588 2758 3676 2797 noo

2102 2848 2222 2885 men
2260 2830 2373 2901 ejus
2424 2832 2602 2903 magni
2646 2830 2859 2887 consilii
2905 2832 3159 2903 Angelus.
3214 2832 3433 2889 Primus
3462 2849 3594 2905 ergo
3624 2843 3684 2891 et

2102 2923 2326 2978 ultimus
2364 2935 2450 2980 est
2486 2923 2767 2993 Servator,
2798 2940 2904 2981 non
2934 2927 3079 2997 quod
3107 2942 3212 2983 non
3253 2927 3325 2983 sit
3355 2926 3520 2983 etiam
3560 2941 3675 2983 me-

2101 3017 2212 3081 dia,
2265 3016 2361 3073 sed
2417 3017 2626 3073 idcirco
2690 3019 2928 3075 duorum
2985 3029 3361 3077 extremorum
3415 3020 3678 3077 vocabulo

2102 3109 2322 3181 gaudet,
2355 3121 2417 3166 ut
2462 3110 2709 3169 declaret
2744 3129 2806 3170 se
2842 3114 3029 3170 omnia
3072 3112 3264 3171 luisse.
3308 3114 3520 3185 Inspice
3548 3129 3705 3170 vero

2104 3213 2284 3256 utrum
2317 3203 2483 3259 homo
2521 3204 2592 3259 sit
2634 3205 2885 3261 ultimum
2916 3205 3215 3273 rationale;
3246 3222 3314 3260 an
3335 3221 3401 3262 ea
3429 3221 3550 3278 qua:
3584 3220 3672 3261 voc

2102 3306 2304 3350 cantur
2353 3296 2733 3362 subterranea,
2783 3313 3017 3368 quorum
3047 3300 3114 3355 de
3151 3313 3380 3353 numero
3410 3306 3535 3354 sunt
3569 3298 3670 3352 daa-

2102 3398 2313 3448 mones,
2358 3385 2436 3441 vel
2474 3401 2690 3454 omnes,
2734 3388 2821 3441 vel
2868 3386 3056 3457 aliqui.
3103 3384 3431 3454 inquirenda
3474 3391 3672 3439 suntet

2099 3476 2214 3543 illa,
2238 3492 2361 3547 quae
2390 3478 2652 3533 Servatur
2685 3493 2746 3533 se
2794 3477 2996 3532 factum
3028 3492 3123 3548 per
3156 3476 3479 3547 prophetam
3507 3473 3672 3528 David

2097 3569 2274 3639 inquit
2290 3570 2336 3601 "
2371 3588 2386 3624 :
2426 3568 2498 3624 Et
2541 3570 2715 3637 factus
2755 3587 2873 3624 sum
2907 3572 3040 3626 sicut
3090 3572 3245 3625 homo
3265 3570 3378 3623 sine
3404 3566 3673 3639 adjutoria

2095 3662 2234 3716 inter
2267 3672 2504 3717 mortuos
2530 3662 2700 3727 liber;
2735 3663 2877 3719 sicut
2899 3663 3019 3734 plus
3054 3665 3263 3719 habens
3293 3677 3404 3733 prae
3441 3659 3672 3717 homini-

476 3793 561 3846 ⁸⁸1
589 3794 717 3853 Cor.
739 3811 819 3861 Ix,
843 3796 934 3850 22.
1012 3797 1059 3830 "
1095 3797 1265 3852 Exod.
1302 3814 1382 3861 nt,
1405 3798 1465 3860 2,
1494 3797 1546 3853 6.
1628 3798 1673 3829 ’ί
1701 3813 1822 3879 cap.
1857 3817 1934 3863 Ix,
1964 3816 2107 3856 vers.
2131 3799 2188 3854 6.
2259 3798 2306 3832 "
2336 3771 2480 3855 Psal.
2512 3812 2753 3859 Lxxxvn,
2786 3800 2838 3862 5,
2862 3797 2911 3854 6.

398 3917 561 3969 enim.
582 3926 703 3967 sunt
726 3926 774 3967 et
805 3915 928 3968 alia:
953 3916 1189 3980 virtutes,
1240 3932 1465 3985 quarum
1499 3932 1562 3969 nc
1614 3916 1830 3971 nomina
1863 3916 1983 3983 qui-

401 3991 534 4056 item,
548 3984 764 4056 scimus.
798 3985 952 4052 Quod
995 3986 1151 4055 paulo
1182 3984 1303 4055 past
1353 4002 1418 4039 ex
1462 4000 1624 4056 supra
1680 3996 1986 4042 memorato

399 4055 558 4111 Pauli
611 4056 677 4109 ad
740 4056 1006 4125 Ephesios
1058 4056 1181 4111 loco
1238 4056 1500 4125 colligere
1538 4055 1606 4110 'se
1675 4056 1982 4124 proﬁtetur.

399 4126 582 4193 Atque
613 4125 663 4179 id
698 4124 874 4194 ipsum
904 4128 1063 4180 iterat
1090 4137 1229 4181 orat.
1265 4125 1306 4179 V
1338 4124 1535 4181 COntra
1576 4128 1875 4194 Anomteos,
1928 4136 1986 4182 et

402 4196 596 4250 iimnil.
620 4196 653 4251 5
677 4196 731 4266 in
765 4195 990 4265 Epistol.
1020 4197 1089 4250 ad
1118 4196 1308 4266 Ephes.
1354 4197 1747 4266 Assentiunlur
1803 4197 1982 4266 Chry-

404 4211 596 4250 nomn.
620 4211 653 4251 ο
677 4213 731 4248 ιη
765 4211 990 4265 epistol.
1020 4211 1088 4250 aa
1118 4211 1308 4266 upnes.
1354 4211 1747 4252 Assentmntur
1803 4211 1982 4321 uarr-

398 4279 645 4320 sostomo
667 4265 1047 4321 Theodoretus
1092 4268 1144 4322 in
1173 4267 1424 4321 eumdem
1450 4264 1691 4335 ejusdem
1726 4266 1912 4335 Episto
1935 4281 1982 4322 aa

401 4338 604 4408 locum,
632 4335 1001 4408 (Ecumenins
1029 4346 1083 4408 et
1117 4337 1581 4408 Theophylactns.
1609 4334 1877 4392 Hue'rtus.

472 4407 585 4475 (51)
619 4406 1012 4473 Δωστὰσεως.
1043 4407 1202 4462 Farte
1229 4406 1545 4471 διστάσεως.

474 4477 589 4539 (52)
621 4476 870 4547 Λογικῷ.
903 4478 1064 4548 Forte
1096 4478 1375 4548 legendum
1403 4474 1668 4548 λογισμῷ.

476 4548 587 4619 (55)
620 4549 729 4619 Καὶ
759 4547 970 4616 σαφῶς
994 4546 1242 4619 γέγηοίνεν
1287 4546 1628 4617 ἀνθρώποις
1640 4546 1972 4619 ἄνθρωπος,

400 4617 505 4673 καὶ
527 4617 805 4689 ἀγγέλοις
830 4617 1105 4689 ἄγγελος.
1135 4618 1402 4689 Origenes
1438 4620 1536 4673 lib.
1576 4620 1672 4672 tin
1704 4618 1874 4688 Epist.
1903 4622 1976 4673 ad

397 4687 594 4759 lium;
621 4687 736 4759 Hoc
768 4687 1195 4759 quod’apparuit
1240 4687 1474 4758 angelis,
1512 4704 1618 4743 non
1662 4687 1977 4759 eis’absque

401 4757 693 4827 Evangelia
724 4757 993 4827 apparuit,
1037 4759 1176 4813 sicut
1211 4775 1304 4813 nec
1317 4757 1479 4813 nobis
1506 4759 1716 4822 quidem
1738 4757 1973 4814 homini-

399 4831 522 4893 bus,
549 4832 617 4883 ad
647 4846 778 4899 quos
806 4832 1025 4884 missum
1049 4847 1103 4883 se
1129 4831 1281 4893 dicit,
1312 4829 1691 4900 evangelizare
1724 4831 1976 4899 pauperi-

399 4901 526 4965 bus,
567 4899 841 4955 dimittere
869 4901 1113 4968 captivos
1145 4902 1200 4955 in
1232 4899 1633 4965 remissiOnem,
1676 4909 1733 4953 et
1764 4914 1976 4954 annun-

399 4971 542 5025 tiare
586 4986 785 5023 annum
814 4970 1027 5025 Domini
1057 4980 1363 5039 acceptum.
1393 4968 1454 5024 Si
1490 4985 1614 5037 ergo
1655 4985 1775 5039 cum
1805 4986 1975 5038 appa-

395 5042 530 5103 ruit,
564 5040 712 5093 nobis
741 5042 984 5095 omnibus
1031 5040 1329 5094 hominibus
1376 5056 1480 5094 non
1527 5042 1640 5093 sine
1681 5038 1972 5109 Evangelia

393 5111 670 5178 apparuit,
694 5114 1067 5180 consequentia
1089 5112 1300 5180 videtur
1327 5115 1620 5170 ostendere,
1650 5110 1791 5179 quod
1815 5111 1974 5164 etiam

394 5180 639 5249 angelico
674 5178 988 5235 ordini—non
1028 5183 1146 5235 sine
1189 5178 1474 5249 Evangelia
1513 5178 1847 5248 apparuerit,
1879 5180 1973 5234 illo

396 5248 646 5319 fortassis
671 5252 810 5319 quod
839 5262 1094 5306 aeternum
1126 5248 1472 5321 Evgngelium
1498 5269 1529 5304 ιι
1555 5250 1766 5305 Joanne
1788 5266 1978 5321 memo-

395 5318 577 5374 ratum
609 5318 772 5390 supra
809 5322 1142 5375 edocuimus.
1186 5318 1246 5375 Si
1280 5318 1401 5376 iero
1443 5323 1603 5376 etiam
1657 5322 1712 5374 in
1756 5320 1974 5390 reliquis

393 5391 693 5446 calestibus
721 5393 998 5446 ordinibus
1038 5392 1144 5446 tale
1184 5392 1388 5460 aliquid
1430 5400 1631 5461 gestum
1670 5406 1784 5444 esse
1819 5391 1882 5461 ab
1914 5408 1973 5445 eo

391 5461 775 5526 suspicandum
797 5463 886 5525 sit,
911 5463 968 5515 in
1002 5479 1063 5515 ea
1090 5479 1198 5531 qua
1230 5462 1423 5531 singuli
1445 5464 1635 5531 quique
1656 5469 1778 5515 sunt
1801 5460 1975 5528 forma

392 5535 643 5598 apparuit
681 5533 779 5596 eis,
819 5534 1144 5587 annuntians
1195 5549 1414 5601 pacem,
1463 5532 1974 5603 quoniam_quidem

389 5617 490 5673 per
520 5603 835 5673 sanguinem
865 5605 1039 5657 crucis
1070 5619 1180 5657 sua:
1194 5600 1496 5671 paciﬁcavit
1519 5618 1623 5655 non
1663 5600 1833 5655 solum
1857 5617 1974 5670 quae

387 5671 448 5743 in
473 5671 639 5733 terra,
668 5674 761 5726 sed
777 5674 972 5743 quzeiin
1005 5673 1149 5727 uelis
1175 5683 1319 5734 sunt,
1361 5674 1519 5727 etiam
1552 5682 1609 5724 tu
1632 5673 1772 5740 apud
1798 5680 1975 5743 temet-

388 5741 567 5814 ipsum
582 5741 857 5798 discutito;
876 5742 1029 5797 Hunc
1044 5758 1305 5814 errarem.
1324 5744 1434 5814 jam
1454 5743 1899 5812 antcOI-igenem,
1920 5741 1972 5793 in

389 5812 670 5875 aliquibus
715 5815 1081 5885 castigaverat
1121 5812 1488 5871 Tcrtullianus
1546 5814 1639 5869 lib.
1698 5815 1770 5868 De
1813 5826 1975 5866 carne

2006 4494 2052 4550 D
2094 4500 2252 4570 Ὠσηὲ
2267 4494 2714 4570 ἀποσταλεὶςὺπὺ
2728 4494 2825 4570 τοῦ
2846 4494 3060 4570 Πατρός
3086 4494 3221 4565 πρὸς
3253 4494 3435 4552 αὐτόν.

2087 3915 2305 3977 Christi,
2336 3928 2460 3982 cap.
2497 3912 2585 3976 Η»,
2614 3922 2667 3964 et
2698 3911 2751 3964 in
2787 3910 2905 3979 ipso
2934 3908 3151 3991 demum
3170 3906 3411 3991 prigene
3444 3912 3689 3991 damna..-

2087 3995 2172 4040 tus
2196 3994 2279 4039 est
2312 3980 2510 4053 quarto
2538 3997 2570 4037 e
2601 3994 2818 4053 novem
2844 3980 3325 4053 anathematismis
3358 3980 3673 4053 Justiniani

2083 4047 2426 4119 epistolte'ad
2456 4053 2709 4122 Mennam
2739 4051 3020 4122 subjectis.
3056 4047 3162 4103 Sed
3210 4049 3399 4122 deﬁhis
3426 4053 3672 4122 pluribus

2081 4128 2419 4192 disputamus
2455 4128 2506 4177 in
2535 4121 2891 4192 Origenianis.
2926 4120 3401 4178 Ιιυετιυεμ-Ῡὶαε
3427 4120 3613 4182 homil.
3635 4128 3683 4183 8‘

2083 4196 2136 4250 in
2172 4195 2398 4257 Gencs.,
2441 4210 2493 4246 n.
2525 4194 2578 4248 8.

2162 4289 2277 4360 (54)
2337 4289 2477 4360 Περὶ
2522 4284 2591 4341 δὲ
2624 4283 2730 4340 τοῦ
2766 4282 3046 4360 city-312.1013
3083 4292 3191 4360 etc.
3241 4282 3386 4360 ἰξῷ-ει
3428 4286 3618 4360 I_om_ll
3652 4307 3667 4341 :

2086 4353 2311 4429 Μήποτε
2335 4353 2510 4422 δὲξῶς
2543 4373 2723 4429 φαμεν
2739 4353 2887 4409 τόνδε
2918 4353 3038 4429 τινὰ
3059 4353 3196 4429 πρδς
3214 4354 3365 4429 τόνδε
3396 4355 3686 4429 xli/saeui,

2086 4423 2261 4493 οὕτως
2286 4431 2318 4482 6
2346 4430 2441 4484 νῦν
2468 4423 2887 4506 θεολογούμενος
2919 4424 3049 4487 Υίὺς
3080 4423 3255 4505 Λόγος
3273 4425 3507 4551 ὲγενήθίη
3529 4428 3671 4500 πρὸς
3708 4462 3729 4477 .

2094 4500 2252 4551 Ὠσηὲ
2267 4500 2594 4551 ἀποσταλεὶς
2608 4498 2714 4551 ὑπὸ
2731 4514 2825 4550 του
2846 4494 3060 4551 Πατοὸς
3086 4494 3221 4551 ποὺς
3253 4497 3435 4551 αὐτόν.
3509 4511 3683 4551 emne-

3542 4515 3683 4555 IIIDB'

2098 4515 2252 4570 ὐσηε
2267 4515 2594 4562 αποσταλεις
2608 4515 2714 4551 υπο
2731 4515 2825 4550 του
2846 4515 3060 4566 ιιατρος
3086 4515 3221 4565 προς
3253 4515 3435 4552 αυτον.
3461 4515 3665 4567 uetnpe

2082 4573 2130 4625 ei
2160 4586 2377 4640 quoque
2406 4569 2634 4640 adhaesit
2662 4565 3220 4640 opinioni_'__0_rigenes,
3260 4582 3423 4640 quam
3468 4582 3665 4638 magna

2083 4635 2209 4710 pars
2236 4635 2452 4694 Patrum
2476 4635 2723 4708 amplexa
2752 4647 2866 4710 est,
2885 4635 3081 4710 Filium
3103 4639 3278 4710 ipsum
3300 4637 3391 4691 Dei
3425 4635 3667 4706 patriar-

2083 4704 2201 4766 chis
2231 4720 2286 4765 et
2325 4704 2611 4779 prophetis
2645 4707 2984 4779 apparuisse.
3014 4704 3152 4761 Vide
3176 4706 3390 4761 Sixtum
3428 4704 3662 4764 Senens.

2066 4779 2177 4844 ,lib.
2207 4797 2260 4849 v,
2292 4778 2475 4836 adnot.
2500 4780 2623 4834 ωε.
2653 4778 2919 4835 Hunnus.

2154 4873 2268 4943 (55)
2301 4872 2523 4941 Ὥσπερ
2551 4872 2743 4927 πλέον
2765 4873 2941 4940 ἔχων,
2970 4878 3078 4926 etc.
3114 4870 3331 4943 Triplex
3362 4886 3542 4943 rerum
3576 4888 3664 4943 ra-

2084 4941 2577 5014 tione‘pollcntinm
2621 4959 2789 5014 genus
2829 4943 3043 5014 statuit,
3091 4941 3432 5011 angelorum,
3480 4942 3660 4995 homi-
3760 4964 3761 4967 η

2083 5030 2210 5067 num
2245 5012 2301 5067 et
2331 5012 2439 5066 τῶν
2476 5012 2867 5084 καταχθονίων,
2913 5013 3062 5084 inter
3098 5027 3218 5082 qua:
3264 5014 3657 5084 daatnonesre-

2081 5094 2287 5139 censet.
2314 5085 2448 5137 (lum
2480 5080 2663 5139 autem
2680 5084 2864 5137 omnia
2894 5080 3151 5137 omnibus
3181 5085 3391 5153 ratione
3418 5080 3661 5153 praeditis

2083 5156 2286 5209 factum
2322 5154 2470 5208 dicat
2501 5154 2937 5223 Sospitatorem;
2992 5152 3310 5209 hominibus
3355 5152 3655 5218 hominem,

2083 5242 2205 5279 cum
2231 5238 2448 5278 carnem
2488 5226 2815 5295 assumpsit;
2859 5224 3067 5293 angelis
3092 5223 3527 5295 angelum,cnm_
3558 5237 3656 5295 pa-
3702 5258 3709 5267 .

2085 5296 2342 5349 triarchis
2372 5305 2428 5350 et
2466 5289 2747 5364 propheiis
2784 5289 3079 5361 visus—est;
3111 5289 3329 5348 tertium
3369 5289 3654 5364 divisionis

2083 5366 2383 5421 membrum
2421 5359 2712 5420 eisi-cutus
2748 5375 2867 5431 est,
2911 5374 2964 5419 et
2997 5359 3275 5419 Christum
3315 5363 3381 5416 ad
3423 5359 3653 5414 lucrifa-

2082 5437 2268 5490 cienda
2296 5434 2368 5489 τὰ
2390 5435 2743 5506 καταχθόνια,
2762 5450 2885 5491 sese
2907 5436 2973 5490 iis
2990 5431 3445 5506 similem‘l'ecisse
3470 5431 3650 5506 docet,

2081 5506 2299 5574 qualtdo
2329 5507 2504 5577 factus
2526 5501 2600 5561 est
2629 5506 2767 5562 inter
2784 5519 3025 5577 mortuos
3047 5503 3197 5577 liber.
3230 5501 3364 5557 Nam
3401 5516 3522 5556 cum
3547 5501 3651 5577 d_u-

2084 5571 2205 5652 plici
2239 5571 2714 5652 genereconstent
2740 5573 3091 5652 καταχθόνιοι,
3134 5576 3436 5652 daemonum
3475 5580 3530 5626 et
3555 5571 3651 5652 de-

2084 5649 2392 5702 functorum
2446 5649 2744 5709 hominum,
2795 5646 3027 5714 cumque
3079 5646 3283 5714 horum
3316 5646 3427 5709 jam
3475 5649 3648 5714 antea

2084 5716 2314 5774 formam
2361 5719 2683 5787 sumpsisset
2725 5711 2976 5787 Christus
3012 5715 3229 5786 quando
3273 5713 3437 5769 homo
3467 5711 3657 5767 lactus

2082 5796 2186 5856 est,
2219 5788 2431 5845 illorum
2462 5786 2676 5844 sumere
2696 5787 2897 5845 debuit.
2930 5786 3002 5841 lo.
