4174 6418
494 312 566 371 85
1948 309 2273 368 ORIGENIS
3681 310 3753 366 81

487 425 614 495 bus,
639 423 764 496 quia
800 434 960 482 natus
998 424 1068 483 sit
1109 442 1176 483 ex
1213 424 1458 497 Virgine,
1488 434 1544 483 et
1570 426 1643 482 ob
1689 425 1953 497 reliquam
1986 428 2063 481 vi-

2168 425 2263 480 τοῦ
2292 423 2545 497 οὐρανοῦ,
2597 424 2666 478 τὰ
2718 425 2956 495 ποιχεῖα
2991 424 3195 489 ἐκεῖνα,
3247 423 3336 479 ἵνα
3379 420 3449 478 δι’
3479 422 3657 479 αὐτῶν
3682 429 3754 479 τὰ

488 524 599 572 tam
649 516 1056 573 admirabiliter
1089 526 1441 585 transactam,
1489 518 1563 573 ita
1615 518 1762 574 inter
1816 530 2064 575 mortuos

486 625 595 665 non
626 610 883 666 derelicta
915 620 998 665 est
1042 609 1222 668 anima
1269 608 1389 680 ejus
1411 610 1463 664 in
1498 608 1792 676 infernum,
1823 625 1891 666 eo
1920 611 2063 682 quod

483 702 598 757 illic
627 703 778 757 solus
804 703 970 759 fuerit
1006 703 1167 762 liber.
1209 700 1386 774 Atque
1416 703 1562 759 hunc
1606 704 1826 774 quidem
1857 703 1913 758 in
1953 720 2063 759 mo-

482 794 613 847 dum
663 795 876 863 primus
926 804 1011 851 est
1049 805 1104 852 et
1144 794 1388 852 ultimus.
1427 796 1583 864 Quod
1630 797 1674 853 si
1711 803 1839 852 sunt
1868 795 2064 851 litterae

484 880 600 950 Dei,
625 893 686 940 ut
714 896 866 942 certe
899 898 1046 949 sunt.
1071 905 1209 960 quas
1235 889 1404 945 sancti
1436 889 1677 959 legentes
1708 903 1773 944 ea
1794 902 1854 944 se
1873 887 2063 943 dicunt

481 989 683 1045 .egere,
720 992 840 1048 quae
869 978 982 1035 sint
1012 981 1065 1035 in
1095 980 1297 1036 tabulis
1330 981 1481 1045 cmli,
1509 980 1777 1036 elementa
1828 980 1942 1045 illa,
1967 995 2064 1050 per

482 1082 605 1137 quae
662 1068 889 1140 legenda
925 1081 1050 1127 sunt
1098 1073 1364 1141 ctelestia,
1395 1073 1647 1129 notiones
1671 1082 1820 1139 sunt,
1854 1073 1908 1128 in
1953 1074 2065 1146 36

483 1159 726 1217 minutas
775 1171 962 1232 partes
1013 1163 1233 1233 divisae,
1285 1181 1479 1236 nempe
1529 1167 1581 1220 in
1630 1165 1676 1217 Α
1722 1173 1777 1219 et
1816 1178 1937 1236 quae
1971 1179 2063 1220 se-

484 1259 750 1321 quuntur,
805 1269 978 1325 usque
1020 1256 1086 1311 ad
1127 1256 1190 1320 0,
1223 1257 1365 1326 quod
1423 1265 1509 1311 est
1544 1255 1715 1311 Filius
1754 1256 1871 1311 Dei.
1920 1254 2062 1309 Rur-

482 1358 581 1400 sus
631 1344 774 1401 idem
824 1348 1151 1419 principium
1199 1359 1284 1404 est
1329 1360 1386 1404 et
1422 1349 1576 1413 linis;
1625 1348 1719 1404 sed
1762 1350 2060 1404 secundum

478 1437 917 1508 signiﬁcationes
962 1457 1070 1495 non
1105 1452 1190 1497 est
1221 1442 1383 1496 idem.
1421 1441 1554 1495 Nam
1590 1440 1919 1511 principium
1950 1449 2059 1506 est,

479 1539 752 1599 quatenus
779 1531 1048 1599 sapientia
1081 1541 1187 1596 est,
1216 1543 1277 1586 ut
1306 1533 1359 1586 in
1399 1531 1713 1588 Proverbiis
1747 1531 2061 1588 didicimus.

481 1620 759 1691 Scriptum
792 1634 879 1678 est
912 1639 1043 1694 ergo
1071 1624 1118 1657 "
1148 1647 1160 1680 :
1193 1624 1335 1679 Deus
1371 1625 1567 1679 creavit
1614 1639 1697 1678 me
1740 1623 2060 1693 principium

478 1714 685 1768 viarum
713 1730 933 1769 suarum
963 1717 1033 1770 ad
1059 1731 1216 1785 opera
1245 1715 1380 1783 ejus.
1402 1713 1684 1782 Quatenus
1713 1722 1895 1769 autem
1926 1712 2061 1768 Ver-

479 1803 609 1858 bum
662 1815 766 1872 est,
824 1822 931 1861 non
985 1813 1073 1861 est
1120 1805 1472 1875 principium,
1506 1804 1634 1874 quia
1698 1808 1756 1861 in
1800 1803 2064 1873 principio

486 1907 605 1952 erat
662 1896 905 1952 Verbum.
948 1894 1119 1966 Igitur
1162 1895 1592 1967 significationes
1619 1892 1736 1960 eius
1781 1894 2061 1948 continent

479 1990 833 2060 principium,
858 2000 914 2046 et
943 1993 1244 2048 secundum
1273 1991 1555 2062 quiddam,
1578 2000 1634 2044 et
1663 1990 1904 2055 tertium,
1928 2003 2061 2058 pra:-

2160 516 2389 588 οὑράνια
2438 513 2779 585 ἀναγνωσθῇ,
2815 516 2873 568 αἱ
2919 514 3117 568 ἔννοιαι
3149 514 3532 585 τυγχάνωσιν,
3585 532 3755 569 κατα-

2161 610 2627 682 κερματιζόμεναι
2654 612 2734 673 είς
2775 609 2942 679 ἀλφα,
2970 610 3064 662 καὶ
3096 607 3167 662 τά
3193 608 3339 681 ἑξῆς,
3373 609 3535 680 μέχρι
3559 609 3655 662 τοῦ
3684 628 3751 673 ω,

2159 702 2253 757 τοῦ
2289 700 2420 755 Υίοῦ
2447 702 2542 755 τοῦ
2589 701 2743 756 Θεοῦ.
2800 701 2969 756 Πάλιν
2999 701 3057 756 δὲ
3097 700 3242 772 ἀρχὴ
3289 701 3383 753 καὶ
3412 700 3566 763 τέλος
3596 702 3624 753 ὁ
3653 701 3754 754 αὐ-

2168 795 2277 858 τὸς.
2314 794 2427 849 ἀλλ’
2458 795 2519 848 οὐ
2547 794 2689 847 κατά
2714 793 2814 858 τάς
2858 793 3102 857 ἐπινοίας
3141 795 3171 846 ὁ
3198 793 3381 858 αὐτός.
3423 792 3591 865 Ἀρχὴ
3623 793 3753 864 γὰρ,

2168 886 2245 950 ὡς
2277 887 2336 938 ὲν
2381 888 2502 949 ταῖς
2541 886 2886 954 Παροιμίαις
2938 884 3362 956 μεμαθήκαμεν,
3418 886 3556 939 καθὸ
3600 887 3757 954 copia.

2167 978 2444 1048 τυγχάνει,
2504 976 2653 1030 ἐστί·
2700 976 3008 1047 γέγραπται
3059 976 3224 1046 γοῦν·
3265 977 3322 1030 '0
3372 977 3518 1043 Θεὸς
3554 977 3758 1032 ἕκτισέ

2164 1087 2241 1140 με
2285 1069 2485 1138 ἀρχὴν
2534 1067 2690 1122 ὁδῶν
2716 1069 2903 1123 αὐτοῦ
2949 1071 3040 1136 είς
3075 1069 3221 1140 ἔργα
3249 1068 3456 1123 αὐτοῦ.
3520 1069 3672 1123 Καθὸ
3696 1069 3755 1123 δὲ

2169 1162 2324 1231 λόγος
2350 1161 2517 1226 ἐστὶν,
2550 1161 2652 1214 οὐκ
2667 1161 2811 1214 ἔστιν
2829 1161 2969 1232 ἀρχή
2989 1156 3252 1231 ’ἐνὰρχῇ
3271 1160 3381 1231 γὰρ
3401 1154 3528 1229 ἦνό
3541 1161 3753 1229 Λόγος.

2170 1253 2380 1308 Οὐκοῦν
2407 1255 2463 1308 αἱ
2512 1253 2749 1308 ἐπίνοιαι
2782 1251 2947 1305 αὐτοῦ
2976 1250 3191 1321 ἔχουσιν
3219 1250 3416 1322 ἀρχὴν,
3452 1251 3547 1303 καὶ
3574 1250 3757 1303 δεύτε-

2170 1347 2264 1419 ρόν
2291 1364 2342 1399 τι
2377 1345 2528 1417 παρά
2559 1345 2658 1416 τὴν
2687 1344 2883 1416 ἀρχὴν,
2917 1345 3012 1396 καὶ
3042 1342 3245 1414 τρίτον,
3276 1343 3370 1397 καὶ
3396 1341 3567 1405 οὕτως
3591 1341 3755 1413 μέχρι

2168 1438 2353 1503 τέλους
2375 1453 2389 1468 ·
2430 1437 2563 1490 ὡσεὶ
2595 1436 2811 1506 ἔλεγεν·
2868 1436 3035 1508 Ἀρχή
3073 1437 3212 1507 είμι,
3245 1435 3382 1489 καθὸ
3411 1434 3571 1505 σοφία
3598 1435 3712 1506 είμί
3732 1448 3751 1468 ο

2166 1529 2415 1603 δεύτερον
2446 1529 2525 1595 δὲ,
2576 1531 2625 1582 εί
2653 1527 2799 1582 οὕτω
2839 1528 3012 1599 τύχοι,
3058 1527 3196 1582 καθὸ
3227 1527 3457 1599 ἀόρατός
3488 1530 3624 1599 ειμι,
3659 1527 3759 1581 καὶ

2165 1623 2348 1694 τρίτον
2374 1604 2510 1675 καθὸ
2539 1618 2652 1691 ζωή
2676 1637 2691 1651 ο
2721 1621 2844 1674 ἐπεὶ
2870 1620 2902 1674 ὃ
2929 1619 3201 1690 γέγονεν,
3234 1620 3305 1673 ἐν
3322 1619 3485 1686 αὐτῷ
3513 1619 3623 1688 ζωὴ
3652 1616 3755 1691 ἦν.

2166 1714 2276 1768 Καὶ
2309 1713 2363 1767 εῐ
2388 1730 2474 1778 τις
2506 1713 2691 1777 ἱκανὸς
2744 1708 3050 1783 βασανίζων
3082 1712 3174 1766 τὸν
3200 1711 3325 1767 νοῦν
3370 1712 3479 1766 τῶν
3523 1713 3755 1785 Γραφῶν

2165 1809 2317 1879 δρᾷν,
2354 1806 2495 1878 τάχα
2527 1806 2751 1877 εὑρήσει
2783 1804 2956 1859 πολλά
2980 1805 3081 1877 τῆς
3111 1805 3318 1873 τάξεως
3345 1806 3439 1860 καὶ
3480 1806 3542 1859 τὸ
3573 1805 3757 1870 τέλοςο

2164 1898 2265 1950 οὐκ
2296 1890 2451 1968 οἶμαι
2496 1896 2604 1969 γὰρ
2638 1897 2688 1949 el
2724 1894 2923 1951 πάντα.
2955 1895 3296 1966 Σαφέστερον
3343 1895 3390 1948 δ’
3415 1897 3450 1967 ἡ
3482 1895 3625 1967 ἀρχῆ
3659 1895 3756 1949 καὶ

2162 1988 2318 2053 τέλος
2366 1988 2515 2042 δοκεί
2559 1988 2699 2043 κατά
2730 1988 2829 2061 τὴν
2881 1988 3175 2060 συνήθειαν
3224 1986 3302 2051 ὡς
3341 1987 3435 2040 ἐπὶ
3476 1987 3759 2059 ἡνωμένου

477 2089 567 2134 ter
595 2081 943 2151 principium,
969 2090 1025 2138 et
1069 2083 1151 2137 sic
1181 2096 1355 2153 usque
1383 2083 1450 2137 ad
1481 2081 1643 2137 ﬁnem
1677 2097 1693 2136 :
1735 2089 1990 2150 tanquam
2015 2079 2059 2135 si

2168 2082 2448 2151 λέγεσθαι·
2494 2076 2605 2136 οἷον
2655 2082 2799 2154 ἀρχὴ
2832 2081 3012 2147 οἰκίας
3059 2084 3087 2137 δ
3111 2081 3380 2153 θεμέλιος,
3413 2081 3505 2137 καὶ
3527 2081 3679 2145 τέλος
3716 2084 3757 2151 η

478 2170 687 2228 diceret
715 2192 728 2228 :
759 2173 1094 2243 Principium
1125 2188 1269 2238 sum,
1292 2180 1566 2244 quatenus
1595 2172 1865 2243 sapientia
1901 2186 2059 2239 sum;

478 2264 780 2321 secundum
836 2276 1045 2330 autem,
1070 2264 1114 2320 si
1168 2265 1314 2320 lorte
1361 2264 1443 2319 sic
1472 2264 1817 2333 contingeret
1843 2262 1973 2326 dici,
2006 2263 2061 2316 in

475 2366 742 2426 quantum
770 2373 890 2411 sum
916 2355 1233 2420 invisibilis,
1262 2355 1505 2423 tertium,
1544 2355 1595 2409 in
1629 2364 1890 2425 quantum
1914 2355 2059 2421 vita;

475 2447 737 2518 quoniam
761 2449 903 2519 quod
926 2449 1132 2517 factum
1152 2460 1248 2515 est,
1274 2449 1330 2502 in
1354 2449 1464 2517 ipso
1486 2448 1592 2503 vita
1619 2458 1733 2503 erat
1753 2447 1819 2502 ".
1844 2447 1997 2515 Quod
2018 2448 2071 2504 si

476 2538 603 2610 quis
626 2540 1035 2611 Scripturarum
1068 2556 1287 2598 sensum
1320 2541 1682 2611 investigans,
1718 2541 1950 2596 idoneus
1983 2551 2069 2597 est

477 2647 604 2688 eum
621 2633 863 2703 assequi,
878 2634 925 2689 is
939 2633 1157 2706 quidem
1179 2634 1411 2690 fortasse
1427 2632 1661 2688 inveniet
1678 2631 1932 2704 pleraque
1949 2648 2069 2703 quae

479 2723 552 2781 ad
577 2723 825 2781 ordinem
843 2726 1149 2796 pertineant
1171 2735 1340 2796 atque
1361 2726 1523 2782 ﬁnem
1548 2726 1747 2797 ipsum,
1770 2726 1955 2783 nescio
1978 2742 2072 2781 au-

478 2825 593 2874 tem
639 2833 709 2874 an
748 2818 952 2873 omnia.
985 2818 1242 2890 Apertius
1266 2826 1447 2874 autem
1471 2819 1798 2889 principium
1827 2834 1893 2875 ac
1922 2818 2067 2886 ﬁnis,

476 2910 778 2967 secundum
796 2925 1139 2967 communem
1162 2911 1418 2983 loquendi
1435 2912 1903 2978 consuetudinem,
1920 2912 1987 2967 de
2011 2926 2071 2967 re

477 3003 740 3058 continua
758 3012 813 3059 et
829 3004 979 3059 unita
1001 3004 1107 3060 dici
1125 3004 1413 3061 videntur:
1435 3014 1494 3059 ut
1520 3006 1718 3060 domus
1736 3003 2065 3074 principium

477 3107 567 3152 est
595 3097 1003 3152 fundamentum
1037 3107 1094 3153 et
1120 3096 1247 3153 linis
1278 3096 1576 3167 fastigium.
1614 3097 1681 3152 Et
1706 3111 1840 3152 sane
1863 3113 2071 3151 summa

2166 2172 2425 2244 στεφάνη.
2460 2173 2572 2227 Καὶ
2601 2173 2973 2244 ἐφαρμοστέον
3005 2189 3091 2242 γε,
3123 2172 3212 2226 διά
3241 2172 3304 2226 τὸ
3330 2170 3759 2242 ἁκρογωνιαῖον

2164 2263 2303 2322 εἶναι
2335 2267 2510 2321 λίθον
2553 2266 2663 2321 τὸν
2692 2266 2976 2335 Χριστὸν,
3008 2266 3087 2338 τῷ
3123 2266 3389 2337 ήνωμένῳ
3442 2266 3605 2319 παντὶ
3646 2263 3753 2317 σώ-

2170 2378 2301 2433 ματι
2330 2359 2440 2415 τῶν
2475 2357 2800 2431 σωζομένων
2824 2359 2888 2413 τὸ
2937 2360 3285 2431 παράδειγμα
3315 2359 3376 2412 τό
3395 2375 3408 2389 ·
3443 2358 3622 2412 πάντα
3647 2356 3759 2431 γὰρ

2168 2451 2265 2506 καὶ
2293 2452 2352 2504 ὲν
2378 2451 2512 2505 πᾶσι
2557 2450 2792 2522 Χριστὸς
2820 2452 2848 2504 ὁ
2876 2450 3191 2521 μονογενὴς,
3219 2450 3296 2512 ὡς
3327 2450 3425 2520 μὲν
3449 2449 3592 2521 ἀρχὴ
3627 2451 3685 2501 ὲν
3711 2441 3765 2517 ᾧ

2169 2542 2459 2614 ἀνείληφεν
2505 2542 2797 2615 ἀνθρώπῳ,
2842 2542 2919 2607 ὡς
2960 2542 3018 2596 δὲ
3058 2543 3211 2606 τέλος
3240 2542 3300 2596 ὲν
3343 2541 3423 2613 τῷ
3465 2542 3762 2614 τελευταίῳ

2167 2633 2279 2688 τῶν
2304 2635 2479 2704 ἁγίων
2531 2633 2772 2705 δηλονότι
2802 2632 3106 2704 τυγχάνων,
3151 2634 3245 2687 καὶ
3272 2635 3330 2686 ἐν
3375 2635 3488 2697 τοῖς
3523 2630 3760 2703 μεταξύ⁸

2169 2730 2204 2801 ἢ
2232 2729 2308 2794 ὡς
2340 2729 2438 2800 μὲν
2467 2727 2611 2801 ἀρχὴ
2654 2728 2712 2781 ὲν
2751 2727 2952 2798 Ἀδάμ·
3002 2727 3080 2790 ὡς
3101 2726 3158 2781 δὲ
3197 2726 3351 2790 τέλος
3382 2728 3441 2780 ὲν
3470 2728 3537 2797 τῇ
3572 2726 3763 2796 ἐπιδη-

2175 2822 2296 2893 μίᾳ,
2353 2821 2495 2875 κατά
2550 2821 2614 2875 τὸ
2665 2820 2991 2893 εἰρημένονο
3049 2819 3113 2873 '0
3159 2820 3422 2889 ἔσχατος
3462 2818 3633 2889 Ἀδὰμ
3671 2819 3760 2885 εις

2172 2916 2409 2986 πνεῦμα
2436 2913 2776 2977 ζωοποιοῦν.
2836 2914 2985 2985 Πλὴν
3030 2912 3191 2967 τοῦτο
3231 2913 3293 2966 τὺ
3327 2913 3489 2985 ῥητὸν
3517 2910 3760 2982 ἐφαρμό-

2174 3023 2254 3060 σει
2286 3007 2382 3061 καὶ
2406 3009 2474 3080 τῇ
2505 3006 2758 3061 ἀποδόσει
2788 3004 2884 3059 τοῦ
2916 3006 3147 3075 πρῶτος
3180 3006 3277 3061 καὶ
3298 3006 3577 3074 ἔσχατος.

475 3187 725 3257 eugulari
747 3188 923 3255 lapide
954 3189 1251 3245 exsistente
1274 3187 1486 3244 Christo
1509 3189 1576 3256 ",
1597 3190 1692 3244 toti
1725 3189 1938 3258 corpori
1965 3191 2118 3245 uuito
2139 3205 2324 3247 eorum
2342 3191 2435 3261 qui
2458 3199 2769 3257 servantur,
2792 3190 3159 3261 adaptandum
3183 3198 3268 3246 est
3288 3189 3593 3259 exemplum
3619 3190 3753 3243 hoc:

475 3283 661 3340 omnia
714 3283 860 3338 enim
900 3292 955 3338 et
995 3283 1048 3338 in
1079 3284 1333 3339 omnibus
1355 3283 1403 3317 "
1430 3293 1516 3339 est
1565 3282 1822 3339 Christus
1876 3284 2210 3354 unigenitus,
2258 3286 2350 3357 qui
2405 3295 2465 3340 ut
2520 3285 2845 3356 principium
2883 3284 2938 3339 in
2970 3299 3037 3340 eo
3068 3293 3152 3339 est
3189 3283 3408 3338 homine
3466 3297 3627 3352 quem
3670 3298 3758 3337 as-

477 3378 755 3449 sumpsit:
785 3387 843 3433 ut
891 3377 1017 3436 ﬁuis
1071 3390 1251 3434 autem
1289 3379 1342 3433 iu
1391 3379 1604 3445 ultimo,
1657 3388 1973 3436 sanctorum
2036 3381 2269 3446 scilicet,
2310 3382 2475 3438 etiam
2528 3382 2582 3437 in
2622 3382 2711 3437 his
2766 3381 2858 3451 qui
2885 3388 3012 3436 sunt
3045 3380 3098 3435 in
3125 3380 3325 3437 medio.
3360 3378 3452 3434 Est
3475 3380 3665 3442 etiam,
3697 3388 3756 3433 ut

475 3476 804 3548 principium
837 3476 1079 3546 quidem,
1106 3476 1160 3531 in
1199 3475 1408 3543 Adam;
1457 3483 1517 3529 ut
1556 3474 1681 3531 ﬁnis
1712 3484 1914 3540 autem,
1954 3476 2009 3531 in
2040 3476 2278 3532 adventu
2328 3492 2453 3543 suo,
2483 3477 2639 3548 juxta
2674 3475 2805 3531 illud
2822 3477 2867 3508 "
2896 3492 2911 3530 :
2941 3473 3174 3529 Ultimus
3216 3475 3388 3527 Adam
3429 3474 3489 3528 in
3516 3474 3758 3543 spiritum

474 3570 852 3641 viviﬁcantem.
881 3568 1270 3628 Verumtamen
1295 3570 1401 3626 hoc
1427 3570 1630 3626 dictum
1668 3582 1935 3643 congruet
1971 3570 2140 3628 etiam
2179 3571 2536 3641 explicatioui
2575 3570 2770 3627 harum
2818 3585 3032 3636 vocum,
3065 3571 3266 3639 primus
3292 3579 3347 3623 et
3366 3568 3603 3622 ultimus.

548 3662 640 3720 35.
677 3661 949 3719 Caeterum
993 3664 1041 3720 si
1091 3664 1570 3720 observaverimus
1591 3678 1716 3735 qua
1749 3667 2004 3736 superius
2037 3680 2064 3721 a

2244 3666 2339 3721 55.
2369 3666 2724 3738 Τηρήσαντες
2754 3663 3030 3735 μέντοιτά
3057 3664 3325 3736 είρημένα
3359 3663 3489 3735 περὶ
3524 3660 3764 3730 πρώτου

477 3755 638 3814 nobis
669 3756 816 3813 dicta
846 3754 1000 3813 luere
1032 3757 1100 3812 de
1144 3756 1434 3813 vocabulis
1463 3758 1623 3827 primi
1652 3765 1708 3814 et
1740 3758 1937 3827 ultimi,
1972 3761 2064 3817 ubi

477 3858 595 3905 tum
618 3848 687 3905 ad
715 3848 928 3918 species
961 3848 1336 3918 rationalium,
1367 3856 1480 3904 tum
1513 3854 1582 3907 ad
1609 3849 1734 3906 Filii
1754 3852 1848 3907 Dei
1880 3853 2059 3909 diver-

480 3955 579 3998 sas
613 3940 1009 4012 appellationes
1029 3949 1086 3996 et
1124 3941 1555 4011 signiﬁcationes
1576 3944 1884 4002 orationem
1912 3956 2064 4001 retu-

479 4032 665 4097 limus,
700 4033 964 4089 habemus
1003 4033 1167 4087 etiam
1194 4031 1562 4088 differentiam
1596 4036 1782 4106 primi,
1817 4048 1873 4093 et
1916 4039 2065 4106 priu-

481 4125 635 4196 cipii,
665 4134 723 4182 et
752 4124 953 4191 ultimi,
980 4134 1037 4182 et
1068 4123 1214 4193 linis,
1245 4124 1377 4195 quin
1403 4123 1568 4179 etiam
1591 4126 1730 4197 ejus,
1765 4130 1912 4198 quod
1943 4144 2067 4184 esse

482 4218 689 4274 dicitur
719 4218 767 4272 Α
786 4228 843 4275 et
863 4220 905 4272 Ω
933 4235 949 4272 :
982 4218 1079 4276 sed
1115 4218 1297 4289 neque
1323 4218 1620 4275 obscurum
1649 4232 1755 4290 est,
1788 4224 2066 4293 quomodo

481 4310 738 4367 Christus
770 4310 985 4366 dicatur
1012 4311 1209 4376 vivens,
1236 4321 1291 4368 et
1320 4323 1584 4383 mortuus,
1616 4314 1728 4369 imo
1759 4325 1885 4384 post
1924 4316 2067 4370 banc

482 4416 675 4458 vocem
721 4410 981 4467 mortuus,
1031 4402 1209 4457 vivens
1258 4403 1316 4457 in
1372 4403 1573 4458 «ecula
1656 4404 2065 4459 camelorum".

484 4495 757 4563 Quoniam
786 4495 932 4550 enim
961 4507 1068 4550 non
1094 4494 1424 4565 juvabamur
1470 4512 1500 4552 a
1536 4497 1860 4566 praecedenti
1894 4497 2067 4569 ipsius

483 4587 621 4656 vita,
653 4595 879 4657 peccato
907 4585 1155 4653 obnoxii,
1186 4585 1473 4642 descendit
1503 4586 1619 4657 ipse
1651 4588 1718 4643 ad
1754 4589 2066 4643 mortalita-

485 4688 598 4738 tem
627 4662 930 4748 ‘i'tostram;
966 4688 1030 4735 ut
1072 4694 1174 4736 uos
1215 4679 1389 4750 ipsius
1426 4679 1553 4737 Jesu
1600 4691 1829 4752 peccato
1863 4681 2066 4736 mortui

486 4774 971 4831 mortiﬁcationem
1040 4773 1493 4830 circumferentes
1512 4773 1583 4839 ”,
1630 4774 1822 4830 ordine
1873 4788 2070 4844 capere

487 4867 767 4939 possimus
808 4879 956 4933 eam,
1012 4880 1134 4934 quae
1190 4873 1318 4934 post
1364 4866 1845 4921 mortiﬁcationem
1901 4867 2070 4935 ipsius

484 4959 718 5026 exstitit,
750 4958 919 5013 vitam
955 4956 1008 5012 in
1036 4956 1236 5013 saecula
1258 4957 1605 5013 saeculorum.
1641 4957 1775 5012 Nam
1798 4958 1891 5028 qui
1923 4972 2070 5012 sem-

2167 3761 2262 3814 καὶ
2284 3758 2573 3828 ἐσχάτου,
2619 3757 2713 3812 καὶ
2741 3758 2871 3830 περὶ
2900 3758 3073 3829 ἀρχῆς
3121 3758 3214 3811 καὶ
3242 3757 3448 3822 τέλους,
3493 3756 3627 3809 ὅπου
3661 3754 3762 3826 μὲν

2167 3854 2248 3916 είς
2276 3852 2392 3925 εἴδη
2419 3851 2652 3921 λογικῶν
2697 3851 3102 3922 ἀνηνέγκαμεν,
3124 3852 3258 3904 ὅπου
3292 3850 3349 3903 δὲ
3372 3852 3451 3914 είς
3472 3849 3761 3920 διαφόρους

2167 3945 2411 4009 ἐπινοίας
2443 3942 2540 3998 τοῦ
2571 3942 2703 3997 Υἱοῦ
2735 3942 2831 3997 τοῦ
2871 3942 3029 4009 Θεοῦ,
3065 3942 3156 3997 τὸν
3195 3943 3376 4013 λόγον,
3427 3942 3521 3996 καὶ
3564 3940 3762 4012 ἔχομεν

2166 4034 2264 4107 τὴν
2309 4034 2573 4105 διαφορὰν
2606 4032 2829 4107 πρώτου
2868 4034 2960 4089 καὶ
3010 4035 3208 4106 ἀρχῆς,
3250 4036 3348 4088 καὶ
3395 4033 3622 4105 ἐσχάτου
3664 4032 3761 4086 καὶ

2167 4126 2375 4190 τέλους,
2411 4124 2492 4178 ἔτι
2520 4126 2579 4179 δὲ
2613 4126 2708 4179 καὶ
2735 4124 2830 4179 τοῦ
2869 4142 2905 4178 α
2939 4124 3154 4179 καὶτοῦ
3184 4142 3247 4177 ω.
3289 4124 3404 4177 Οὐκ
3437 4123 3630 4195 ἄδηλον
3665 4122 3759 4175 οὐ-

2166 4216 2224 4269 δὲ
2256 4215 2317 4268 τὸ
2345 4213 2457 4276 ὧν
2497 4216 2591 4269 καὶ
2623 4215 2857 4285 νεκρός,
2895 4216 2990 4268 καὶ
3018 4213 3157 4285 μετά
3184 4214 3246 4267 τὸ
3281 4212 3643 4282 νεκρός,ζῶν
3675 4215 3763 4278 εἰς

2168 4308 2311 4375 τοὺς
2347 4308 2568 4375 αἰῶνας
2590 4309 2710 4363 τῶν
2733 4308 2984 4363 αἰώνων.
3038 4308 3190 4363 Ἐπεὶ
3215 4307 3324 4379 γὰρ
3350 4307 3450 4361 οὐκ
3474 4305 3762 4378 ὠφελήμε-

2170 4401 2240 4455 θα
2270 4399 2379 4456 ἀπὸ
2405 4401 2504 4473 τῆς
2535 4401 2953 4473 προηγουμένης
2991 4400 3137 4471 ζωῆς
3164 4399 3353 4468 αὐτοῦ,
3384 4401 3665 4472 γενόμενοι
3701 4402 3759 4453 ὲν

2170 4494 2437 4566 ἁμαρτίᾳ,
2462 4494 2668 4567 κατέϐη
2698 4495 2791 4548 ἐπὶ
2815 4492 2916 4566 τὴν
2951 4493 3250 4566 νεκρότητα
3274 4495 3308 4565 η
3318 4494 3456 4564 μῶν,
3491 4494 3597 4556 ἵνα,
3625 4495 3761 4547 ἀπο-

2175 4586 2427 4652 θανόντος
2453 4586 2617 4642 αὑτοῦ
2642 4588 2709 4658 τῇ
2738 4585 3002 4658 ἁμαρτίᾳ,
3036 4584 3135 4657 τὴν
3156 4586 3423 4657 νέκρωσιν
3456 4584 3549 4638 τοῦ
3582 4584 3758 4657 Ἰησοῦ

2173 4680 2234 4733 ὲν
2263 4678 2341 4751 τῷ
2376 4679 2590 4752 σώματι
2618 4678 2730 4749 (56)
2763 4678 3173 4752 περιφέροντες,
3219 4677 3319 4750 τὴν
3348 4677 3485 4749 μετά
3530 4676 3628 4748 τὴν
3671 4694 3759 4730 νε-

2173 4771 2413 4844 κρότητα
2445 4769 2590 4842 ζωὴν
2614 4769 2777 4824 αὑτοῦ
2808 4772 2888 4835 είς
2909 4772 3036 4835 τοὺς
3061 4770 3263 4834 αἰῶνας
3292 4769 3401 4823 τῶν
3427 4766 3635 4823 αἰώνων
3665 4769 3761 4823 τά-

2173 4864 2254 4932 ξει
2299 4862 2546 4935 χωρῆσαι
2592 4862 2942 4934 δυνηθῶμενο
2996 4864 3045 4915 ol
3078 4863 3188 4935 γὰρ
3237 4862 3336 4933 τὴν
3366 4861 3633 4931 νέκρωσιν
3664 4860 3758 4915 τοῦ

2185 4954 2363 5026 Ἰησοῦ
2394 4958 2453 5010 ὲν
2496 4954 2575 5027 τῷ
2610 4955 2822 5026 σώματι
2860 4956 3093 5010 πάντοτε
3122 4954 3506 5027 περιφέροντες
3536 4956 3631 5007 καὶ
3662 4954 3760 5026 τὴν

485 5063 588 5120 per
624 5044 756 5104 Iesu
799 5046 1279 5103 mortiﬁcationem
1324 5048 1378 5103 in
1425 5063 1524 5103 suo
1562 5062 1793 5117 corpore
1824 5050 2063 5103 circum-

2170 5045 2315 5117 ξωὴν
2336 5046 2431 5100 τοῦ
2476 5046 2652 5119 Ἰησοῦ
2686 5047 2899 5115 ἕξουσιν
2931 5049 2990 5101 ὲν
3015 5049 3130 5111 τοῖς
3171 5046 3417 5119 σώμασιν
3436 5049 3616 5102 αὐτῶν
3651 5066 3755 5119 φα-

485 5142 693 5208 ferunt,
740 5142 904 5197 etiam
962 5144 1134 5214 ipsam
1157 5141 1287 5198 Jesu
1318 5140 1485 5196 vitam
1529 5139 1766 5195 habituri
1804 5140 1913 5212 37
1944 5150 2071 5195 sunt

485 5235 541 5290 iu
572 5232 893 5305 corporibus
920 5232 1158 5303 ipsorum
1187 5232 1336 5288 clare
1371 5243 1744 5301 apparentem.

555 5325 648 5382 56.
679 5324 748 5381 Et
767 5325 883 5380 haec
901 5324 1121 5395 quidem
1153 5324 1270 5395 ipse
1294 5323 1363 5378 de
1403 5322 1582 5393 seipse
1610 5323 1664 5377 in
1688 5323 1840 5378 libris
1868 5323 2065 5379 Testa-

487 5418 664 5474 menti
688 5415 827 5475 Novi
858 5417 1185 5476 enuntiavit.
1225 5414 1383 5486 Apud
1416 5413 1614 5471 Isaiam
1642 5425 1826 5469 autem
1857 5416 1874 5448 ι
1909 5430 2067 5471 suum

577 5560 628 5597 ”
654 5559 814 5620 Prov.
845 5578 968 5627 vm,
992 5561 1083 5616 2‘2.
1195 5561 1243 5593 ’⁸
1265 5560 1420 5615 Joan.
1451 5577 1501 5627 ι,
1530 5562 1584 5624 5,
1608 5563 1661 5619 4.

513 5632 602 5698 l7,
629 5631 716 5688 l8.
788 5633 837 5666 ”
864 5634 911 5689 ll
933 5633 1058 5689 Cor.
1090 5648 1163 5700 tv,
1198 5632 1283 5688 l0.
1360 5632 1379 5664 ⁸
1407 5646 1526 5702 cap.
1558 5648 1701 5699 thx,
1727 5647 1871 5688 vers.
1902 5634 1955 5697 2,
1989 5633 2042 5687 '5.

1775 5561 1820 5593 "
1844 5562 2044 5630 Ephes.
2073 5576 2133 5626 ιι,
2158 5562 2248 5619 20.

2178 5156 2236 5195 νε
2243 5157 2336 5212 ρου
2347 5140 2535 5212 μένην.

2248 5322 2339 5380 56.
2378 5322 2489 5377 Καὶ
2518 5323 2689 5378 ταῦτα
2723 5324 2821 5395 μὲν
2847 5323 2958 5379 ἀπὸ
2987 5323 3093 5377 τῶν
3120 5323 3219 5395 τῆς
3241 5324 3450 5395 Καινῆς
3482 5324 3756 5396 Διαθήκης

2178 5413 2397 5485 βιϐλίων
2441 5414 2659 5485 ἐλέγετο
2690 5416 2781 5469 ὑπ’
2819 5416 2983 5471 αὑτοῦ
3035 5415 3164 5488 περὶ
3213 5416 3406 5470 ἑαυτοῦ
3426 5434 3439 5447 ·
3475 5418 3534 5470 ὲν
3579 5415 3636 5469 δὲ
3681 5417 3758 5488 τῷ

2357 5560 2449 5617 ’⁸1
2478 5561 2603 5618 Cor.
2636 5577 2723 5630 xv,
2754 5563 2845 5620 28.
2957 5562 3002 5596 ⁸⁷
3034 5562 3165 5619 ibid.
3220 5563 3309 5621 45.
3399 5563 3445 5597 ’⁸
3473 5559 3641 5634 Apoc.
3693 5571 3741 5630 Ι.

584 5787 697 5853 ('56)
728 5787 832 5845 Ἐν
854 5786 934 5854 τῷ
958 5785 1201 5859 σώματι.
1239 5788 1403 5848 Deest
1424 5787 1481 5846 in
1510 5776 1694 5848 codice
1718 5787 2032 5856 Bodleiano,
2064 5802 2243 5862 neque
2268 5790 2538 5850 redditum
2563 5799 2644 5849 est
2670 5789 2737 5846 ab
2762 5788 3057 5862 interprete
3090 5791 3355 5851 Ferrario.
