4174 6398
484 280 560 338 85
1570 280 1929 338 COMMENT.
1968 279 2039 336 ῐΝ
2075 280 2274 340 JOAN.
2312 282 2549 340 TOMUS
2586 283 2652 338 l.‘
3674 288 3761 343 86.

493 402 696 474 Ἡσαΐᾳ
729 402 969 472 ἔφασκεν
991 401 1100 457 ὑπὸ
1132 402 1225 458 τοῦ
1254 402 1468 475 [ἰατρὸς
1499 403 1774 458 τεθεῖσθαι
1807 404 1973 457 αὑτοῦ
2006 422 2035 457 τ

2169 400 2341 473 ipsius
2368 418 2431 459 os
2456 417 2487 458 a
2508 402 2671 459 Patre
2692 400 2925 472 positum
2953 415 3075 458 esse
3107 400 3278 467 dixit,
3302 399 3467 457 veluti
3502 398 3742 471 gladium

481 495 661 567 στόμα
691 495 767 559 ὡς
801 496 1076 568 μάχαιραν
1112 497 1312 564 ὀξεῖαν,
1347 497 1441 550 καὶ
1473 496 1777 570 κεκρύφθαι
1811 498 1916 551 ὑπὸ
1965 498 2063 569 τὴν

443 571 693 683 ίπέπην
724 590 823 660 τῆς
851 591 1032 662 χειρὸς
1080 590 1268 656 αὐτοῦ,
1302 590 1446 661 βέλει
1488 589 1730 661 ὲκλεκτῷ
1769 590 2061 662 ὡμοιωμέ-

446 680 592 751 ἧνος,
628 680 724 736 uel.
767 683 827 735 ὲν
868 685 936 754 τῇ
972 682 1222 755 φαρέτρα
1257 681 1352 736 τοῦ
1397 682 1611 756 Πατρὸς
1662 683 2059 755 κεκρυμμένος,

476 769 663 837 δοῦλος
688 772 786 827 τοῦ
826 773 963 827 Θεοῦ
1012 774 1122 828 τῶν
1167 774 1305 829 ὅλων
1344 773 1435 826 ὑπ’
1471 774 1637 828 αὐτοῦ
1696 774 2058 846 καλούμενος,

477 863 575 915 καὶ
631 864 877 936 Ἰσραὴλ,
929 865 1025 918 καὶ
1079 863 1197 935 φῶς
1252 864 1443 920 ὲθνῶν.
1495 865 1756 938 Μάχαιρα
1818 866 1916 937 μὲν
1967 861 2060 921 οῦν

473 951 629 1018 ὀξεῖά
658 954 777 1008 ὲστι
824 956 887 1008 τὸ
929 956 1103 1027 στόμα
1134 952 1227 1009 τοῦ
1270 954 1399 1010 Υἰοῦ
1439 954 1533 1009 τοῦ
1570 955 1729 1023 Θεοῦ,
1773 958 1895 1010 ἐπεὶ
1930 956 2060 1011 Ζῶν

471 1044 758 1115 τυγχάνει
799 1051 833 1101 ὁ
866 1048 1048 1117 λόγος
1095 1046 1202 1101 τοῦ
1252 1048 1400 1103 Θεοῦ
1421 1088 1437 1113 ,
1486 1048 1582 1103 καὶ
1632 1047 1914 1118 ἐνεργὴς,
1958 1050 2058 1103 καὶ

471 1136 803 1206 τομώτερος
837 1135 988 1205 ὑπὲρ
1025 1136 1233 1194 πᾶσαν
1257 1139 1557 1211 μάχαιραν
1605 1140 1912 1213 δίστομον,
1956 1141 2054 1196 καί

472 1226 891 1298 διικνούμενος
921 1229 1062 1301 ἄχρι
1086 1231 1382 1302 μερισμοῦ
1418 1231 1628 1302 ψυχῆς
1666 1234 1763 1287 καὶ
1794 1234 2055 1303 πνεύμα-

471 1334 612 1386 τος,
654 1320 857 1390 ἁρμῶν
901 1339 967 1376 τε
1005 1321 1105 1377 καὶ
1146 1322 1410 1393 μυελῶν,
1451 1324 1551 1378 καὶ
1592 1324 1848 1393 κριτικὸς
1883 1325 2052 1380 ἐνθυο

465 1410 718 1480 μήσεων
752 1412 850 1466 καὶ
878 1412 1128 1467 ἐννοιῶν
1155 1414 1402 1484 καρδίας
1420 1431 1434 1445 ⁸
1470 1414 1644 1480 ἄλλως
1672 1432 1730 1468 τε
1763 1415 1855 1469 καὶ
1883 1416 2052 1470 ἐλθὼν

469 1502 574 1554 οὐκ
605 1503 827 1575 εἰρήνην
871 1504 965 1557 ἐπὶ
994 1506 1093 1578 τὴν
1136 1506 1261 1577 γῆν,
1305 1508 1581 1561 τουτέστιν
1627 1507 1719 1559 ἐπὶ
1750 1508 1816 1561 τὰ
1866 1525 2053 1579 σωμα-

467 1592 599 1647 τικά
640 1595 735 1647 καὶ
765 1594 998 1667 αἰσθητὰ
1046 1596 1248 1667 βαλεῖν,
1288 1596 1425 1651 ἀλλὰ
1473 1597 1766 1671 μάχαιραν,
1800 1601 1893 1653 καὶ
1932 1600 2049 1654 δια-

2172 504 2416 559 acutum,
2446 501 2501 547 et
2531 509 2589 549 se
2614 494 2994 550 absconditum
3025 492 3189 547 fuisse
3204 493 3303 548 sub
3328 491 3517 546 umbra
3548 506 3747 546 manus

2171 586 2363 656 ipsius,
2394 587 2755 643 assimilatum
2786 587 3007 642 interim
3057 587 3269 657 sagittae
3310 584 3518 650 electae,
3578 593 3634 640 et
3684 584 3744 638 in

2168 676 2349 734 Patris
2384 679 2641 749 pharetra
2664 679 3038 736 absconditum
3074 693 3329 736 :servum
3376 676 3471 732 Dci
3514 677 3740 732 univer-

2168 782 2351 823 sorum
2383 770 2451 824 ab
2481 769 2597 839 ipso
2624 778 2897 839 vocatum,
2933 780 2989 826 et
3016 771 3291 835 lsraelem,
3320 778 3376 824 et
3399 770 3578 824 lucem
3609 782 3742 838 gen-

2170 860 2324 919 tium.
2355 861 2581 917 Gladius
2612 862 2792 933 itaque
2822 874 3015 918 acutus
3038 872 3123 918 est
3168 879 3230 918 os
3278 862 3399 917 Filii
3447 862 3560 930 Dei,
3602 877 3739 931 quo-

2168 953 2310 1005 niam
2341 954 2486 1008 uivus
2517 965 2588 1008 est
2624 972 2793 1009 sermo
2828 954 2945 1020 Dei,
2992 966 3039 1008 et
3071 956 3273 1025 efﬁcax,
3305 965 3352 1008 et
3382 954 3741 1023 penetrantior

2163 1045 2345 1114 quovis
2366 1025 2545 1115 gladio
2576 1046 2819 1116 utrinque
2852 1047 3134 1111 incidente,
3159 1056 3208 1100 et
3231 1046 3532 1115 pertingens
3568 1060 3732 1114 usque

2163 1138 2231 1188 ad
2255 1135 2564 1189 diuisionem
2597 1138 2790 1190 anima:
2820 1138 2981 1191 simul
3022 1154 3085 1191 ac
3112 1138 3348 1206 spiritus,
3390 1151 3725 1206 compagumo

2161 1242 2259 1295 que
2284 1236 2331 1280 et
2365 1226 2739 1293 medullarum,
2765 1235 2813 1280 et
2843 1228 3103 1281 discretor
3132 1227 3531 1297 cogitationum,
3561 1236 3606 1280 et
3634 1242 3729 1280 no-

2162 1318 2365 1370 tionum
2411 1318 2585 1374 cordis
2617 1320 2660 1384 ’;
2708 1319 3010 1389 praesertim
3074 1333 3196 1374 cum
3251 1319 3479 1383 venerit,
3515 1333 3623 1372 non
3675 1327 3736 1373 ut

2162 1412 2337 1463 mittat
2364 1424 2551 1480 pacem
2586 1428 2751 1482 super
2777 1421 2981 1468 terram
3005 1413 3047 1477 θ,
3077 1412 3179 1467 hoc
3208 1421 3292 1466 est
3333 1412 3387 1465 in
3427 1424 3514 1465 res
3544 1424 3732 1479 corpo-

2159 1516 2282 1555 reas
2320 1510 2377 1555 et
2424 1503 2749 1572 sensibiles,
2802 1503 2897 1560 sed
2932 1503 3193 1574 gladium,
3244 1510 3298 1558 et
3337 1512 3398 1557 ut
3454 1501 3731 1557 discindat

2156 1598 2542 1667 perniciosam,
2608 1610 2668 1655 ut
2716 1601 2789 1656 ita
2818 1600 3029 1672 loquar,
3066 1602 3309 1670 corporis
3349 1598 3643 1656 amicitiam
3676 1606 3727 1653 et

467 1682 689 1738 κόπτων
719 1684 838 1758 τὴν,
872 1687 940 1740 ἵν’
964 1688 1137 1753 οὕτως
1170 1690 1329 1757 είπω,
1361 1689 1628 1761 ὲπισλαὸἦ
1658 1691 1837 1761 φιλίαν
1868 1691 2037 1762 ψυχῆς

2156 1691 2372 1756 animm,
2401 1706 2510 1764 quo
2539 1693 2719 1748 anima
2747 1694 3074 1764 permittens
3100 1695 3337 1765 seipsam
3364 1691 3602 1764 spiritui,
3631 1692 3724 1762 qui

467 1774 567 1828 καὶ
625 1773 902 1847 σώματος,
960 1778 1024 1832 ἵν’
1069 1779 1103 1848 ἡ
1154 1778 1322 1849 ψυχὴ,
1384 1778 1694 1833 ὲπιδιδοῦσα
1753 1781 1921 1850 αὐτὴν
1974 1781 2037 1853 τᾷ

2155 1785 2352 1838 militat
2374 1785 2634 1839 adversus
2660 1799 2908 1852 carnem,
2934 1784 3235 1840 amicitiam
3263 1799 3387 1839 cum
3416 1782 3526 1839 Deo
3557 1782 3726 1847 ineat;

467 1868 883 1940 στρατευομένῳ
928 1869 1073 1924 κατὰ
1118 1871 1217 1943 τῆς
1250 1872 1451 1944 σαρκὸς
1484 1872 1774 1944 πνεύματι,
1818 1873 2050 1946 φιλιωθῇ

464 1956 545 2028 τῷ
574 1958 720 2028 Θεῷ·
762 1959 1059 2033 μάχαιραν,
1092 1961 1126 2032 ἢ
1159 1963 1233 2026 ὡς
1262 1963 1537 2035 μάχαιραν
1573 1964 1749 2029 ὀξεῖαν
1782 1965 1923 2018 κατὰ
1961 1967 2051 2020 τὸν

463 2052 801 2122 προφητικὸν
834 2052 989 2122 λόγον
1030 2053 1156 2124 ἔσχε
1192 2054 1253 2107 τὸ
1285 2055 1475 2126 στόμα.
1520 2055 1679 2109 Ἀλλά
1712 2057 1805 2110 καὶ
1836 2055 2050 2128 βλέπων

460 2140 752 2207 τοσούτους
799 2142 1174 2215 τετρωμένους
1204 2147 1269 2216 τῇ
1325 2144 1446 2216 θείᾳ
1496 2147 1705 2220 ἀγάπῃ,
1735 2146 1935 2218 ὁμοίως
1978 2151 2045 2220 τῇ

461 2231 802 2304 ὁμολογούσῃ
848 2231 1005 2285 τοῦτο
1054 2232 1380 2287 πεπονθέναι
1425 2235 1482 2285 ὲν
1538 2232 1616 2304 τῷ
1652 2234 1890 2303 ᾋσματι
1937 2233 2045 2287 τῶν

461 2321 725 2392 ᾀσμάτων
752 2321 843 2376 διά
884 2320 1062 2386 τοῦτο,
1102 2323 1214 2387 ὅτι,
1271 2323 1600 2393 τετρωμένη
1650 2323 1887 2393 ἀγάπης
1933 2326 2043 2393 (57)

460 2411 597 2481 ἐγὼ,
630 2412 691 2467 τὸ
721 2412 939 2485 τρῶσαν
972 2412 1123 2484 βέλος
1153 2412 1252 2477 τὰς
1284 2413 1391 2466 τῶν
1418 2413 1684 2467 τοσούτων
1715 2417 1793 2478 εἰς
1825 2415 2043 2486 ἀγάπην

460 2501 599 2557 Θεοῦ
647 2503 825 2575 ψυχὰς
871 2504 975 2557 οὐκ
1020 2504 1147 2559 ἄλλο
1195 2521 1247 2557 τι
1294 2505 1515 2577 εὑρήσει
1565 2505 1598 2576 ἢ
1636 2505 1727 2560 τὸν
1784 2506 2039 2562 εἰπόντα·

465 2594 683 2664 Ἔθηκέ
704 2613 783 2664 με
814 2597 895 2662 ὠς
919 2595 1109 2662 ,ϐέλος
1136 2595 1441 2651 ἐκλεκτόν.

530 2683 617 2737 57.
665 2684 787 2737 Ἔτι
819 2683 876 2737 δὲ
909 2686 1015 2749 πᾶς
1055 2687 1084 2739 6
1117 2685 1319 2750 συνιεὶς
1368 2684 1486 2749 πῶς
1528 2687 1640 2751 τοῖς
1672 2687 2043 2761 μαθητευομέ-

458 2790 571 2838 νοις
593 2776 623 2828 ὁ
672 2775 880 2846 Ἰησοῦς
907 2779 1202 2850 γεγένηται
1228 2778 1326 2850 οὐχ
1351 2779 1427 2842 ὡς
1459 2780 1488 2833 ό
1517 2781 1892 2852 ἀνακείμενος.
1925 2783 2039 2837 ἀλλ’

458 2863 539 2927 ὠς
573 2865 602 2917 ὀ
622 2863 905 2930 διακονῶν,
937 2868 1152 2940 μορφὴν
1184 2868 1370 2922 δούλου
1395 2870 1423 2922 ό
1446 2870 1574 2934 Υἱὸς
1607 2871 1700 2925 τοῦ
1732 2872 1867 2927 Θεοῦ
1902 2874 2040 2946 ὑπὲρ

458 2954 777 3030 ιλευθερίας
832 2959 942 3013 τῶν
989 2960 1390 3016 δουλευσάντων
1440 2965 1505 3035 τῇ
1548 2964 1793 3038 ἁμαρτίᾳ
1836 2967 2036 3032 λαϐὼν,

455 3048 560 3105 οὐκ
588 3051 847 3124 ἀγνοήσει
885 3052 1006 3108 τίνα
1035 3053 1236 3125 τρόπον
1262 3055 1292 3107 6
1318 3055 1509 3127 Πατήρ
1540 3074 1673 3127 φησι
1710 3058 1845 3130 πρὸς
1876 3060 2038 3115 αὐτὸν

454 3143 547 3198 τόο
587 3144 815 3213 Δοῦλός
840 3164 961 3217 μου
1000 3144 1060 3203 εἷ
1089 3148 1204 3203 σύ·
1240 3147 1334 3202 καὶ
1369 3150 1485 3220 μετ’
1513 3149 1699 3219 ὀλίγαι
1734 3150 1899 3221 Μέγα
1935 3154 2036 3207 σοι

452 3237 588 3291 ἐστι
645 3237 821 3292 τοῦτο
869 3239 1168 3309 κληθῆναί
1201 3255 1274 3295 σε
1316 3240 1499 3296 παῖδά
1541 3261 1681 3313 μου.
1726 3243 2036 3316 Τολμητέον

452 3328 564 3400 γὰρ
604 3330 778 3386 εἰπεῖν
812 3330 1052 3397 πλείονα,
1083 3332 1176 3385 καὶ
1207 3331 1506 3403 θειοτέραν,
1541 3334 1635 3388 καὶ
1665 3334 1880 3406 ἀληθῶς
1914 3337 2035 3389 κατ’

452 3421 638 3476 εἰκόνα
683 3422 778 3477 τοῦ
826 3424 1036 3496 Πατρὸς
1087 3424 1187 3497 τὴν
1241 3425 1555 3499 ἀγαθότητα
1602 3427 1887 3505 φαίνεσθαι
1939 3429 2033 3484 τοῦ

451 3512 689 3585 Χριστοῦ
709 3555 724 3580 ,
777 3516 866 3569 ὅτε
937 3516 1185 3571 Ἑαυτὸν
1248 3517 1617 3573 ἐταπείνωσε
1638 3559 1653 3583 ,
1714 3522 2034 3591 γενόμενος

448 3602 721 3670 ὑπήκοος
740 3605 919 3675 μέχρι
950 3605 1228 3672 θανάτου,
1273 3608 1529 3663 θανάτου
1565 3608 1634 3662 δὲ
1668 3612 1954 3681 σταυροῦ,
1997 3612 2030 3685 ἢ

446 3695 499 3748 εί
536 3696 831 3769 ἁρπαγμὸν
861 3700 1103 3771 ἡγήσατο
1128 3698 1189 3752 τὸ
1223 3696 1362 3755 εἶναι
1392 3701 1483 3754 τσα
1518 3700 1656 3772 Θεῷ,
1684 3702 1777 3755 καὶ
1806 3704 1879 3774 μὴ
1911 3704 2034 3774 βου-

446 3786 635 3859 ληθεὶς
672 3788 767 3842 ἐπὶ
791 3792 857 3861 τῇ
889 3788 983 3843 τοῦ
1014 3790 1222 3861 κόσμου
1258 3791 1502 3863 σωτηρίᾳ
1535 3791 1786 3861 γενέσθαι
1822 3793 2027 3861 δοῦλος.

450 3880 552 3935 Διά
595 3880 775 3944 τοῦτο,
817 3881 1026 3947 διδάξαι
1079 3884 1227 3956 ἡμᾶς
1293 3883 1613 3955 βουλόμενος
1661 3885 1802 3956 μέγα
1857 3886 2031 3958 δῶρον

452 3975 739 4046 εἰληφέναι
769 3977 877 4030 ἀπὸ
908 3975 1001 4030 τοῦ
1033 3977 1245 4050 Πατρδς
1287 3975 1364 4048 τῷ
1407 3975 1578 4042 οὕτως
1612 3978 1720 4051 (58)
1753 3979 2029 4034 δεδουλευ-

446 4066 634 4131 κέναι,
671 4067 835 4141 φησί·
886 4068 996 4123 Καὶ
1036 4071 1070 4123 ό
1111 4069 1257 4135 Θεός
1296 4086 1417 4138 μου
1462 4068 1633 4123 ἔσται
1673 4088 1775 4139 μοι
1809 4072 2023 4140 ἰσχύς·

446 4159 548 4213 καὶ
583 4155 714 4214 εἶπέ
738 4175 875 4229 μοι’
914 4161 1081 4231 Μέγα
1114 4159 1217 4214 σοι
1245 4160 1377 4213 ἐστι
1407 4160 1583 4215 τοῦτο
1616 4163 1918 4232 κληθῆναί
1951 4179 2026 4219 σε

445 4249 632 4305 παῖδά
687 4269 829 4320 μου.
880 4250 972 4323 Μὴ
1032 4250 1322 4321 γενόμενος
1368 4250 1480 4321 γὰρ
1532 4250 1748 4315 δοῦλος,
1808 4254 1908 4307 οὐκ
1958 4254 2025 4310 ἂν

442 4342 640 4414 ἔστησε
669 4341 770 4406 τάς
802 4341 975 4411 φυλὰς
1004 4341 1099 4395 τοῦ
1141 4339 1333 4395 Ἰακὼῆ
1366 4339 1499 4412 (59),
1527 4342 1649 4395 οὐδὲ
1677 4342 1774 4414 τὴν
1803 4344 2025 4400 διασπο-

2151 1875 2409 1948 gladium,
2440 1875 2522 1931 vel
2562 1884 2817 1946 tanquam
2872 1877 3110 1947 gladium
3160 1886 3378 1931 acutum
3424 1875 3615 1931 habuit
3660 1890 3727 1931 os

2145 1966 2297 2034 juxta
2324 1967 2702 2036 propheticum
2720 1981 3050 2023 sermonem.
3076 1967 3217 2035 Quin
3242 1968 3404 2023 etiam
3429 1967 3727 2038 inspiciens

2150 2060 2347 2128 aliquis
2381 2067 2461 2115 tot
2495 2059 2680 2114 divino
2704 2074 2894 2116 amore
2923 2061 3217 2125 sauciatos,
3254 2075 3358 2115 non
3384 2074 3543 2115 secus
3564 2068 3726 2128 atque

2148 2158 2267 2206 erat
2289 2150 2401 2216 illa,
2429 2166 2548 2220 qua:
2579 2150 2631 2205 in
2664 2150 2891 2207 Cantico
2917 2150 3255 2206 canticorum
3280 2165 3337 2206 se
3365 2151 3471 2206 hoc
3504 2163 3724 2220 passam

2146 2235 2436 2305 fatebatur,
2463 2239 2717 2308 inquiens
2743 2256 2758 2294 :
2790 2240 2983 2294 Amore
3006 2239 3284 2295 uulnerata
3325 2256 3418 2311 ego
3448 2256 3564 2294 sum
3586 2238 3641 2306 ις
3676 2239 3725 2294 is

2145 2327 2388 2396 profecto
2414 2343 2519 2383 non
2558 2329 2721 2383 aliam
2773 2328 3096 2384 inventurus
3154 2338 3241 2385 est
3294 2331 3551 2401 sagittam
3610 2338 3719 2385 tam

2145 2417 2437 2474 multorum
2486 2420 2696 2474 animas
2734 2434 2920 2474 amore
2971 2419 3067 2475 Dei
3119 2419 3519 2487 vulnerantem,
3555 2435 3719 2491 quam

2142 2526 2265 2568 eum
2302 2513 2396 2584 qui
2421 2514 2555 2569 dicit
2590 2514 2612 2547 ⁸
2641 2531 2654 2566 :
2699 2511 2890 2568 Posuit
2919 2531 2997 2569 me
3028 2515 3162 2569 sicut
3190 2517 3437 2588 sagittam
3479 2515 3718 2571 electam.

2210 2693 2300 2748 57.
2364 2691 2446 2749 Ad
2482 2693 2600 2749 haec
2632 2694 2884 2764 quisquis
2916 2694 3246 2750 intellexerit
3286 2709 3520 2765 quonam
3559 2702 3720 2765 pacto

2140 2784 2298 2842 Jesus
2328 2786 2505 2843 factus
2530 2787 2600 2842 sit
2627 2787 2910 2856 discipulis
2950 2780 3059 2842 non
3089 2797 3345 2858 tanquam
3373 2787 3714 2850 recumbens,

2142 2879 2237 2932 sed
2302 2886 2562 2948 tanquam
2599 2877 2943 2941 ministrans,
2996 2880 3197 2949 quippe
3246 2880 3338 2948 qui
3372 2894 3494 2933 cum
3548 2877 3717 2932 Filius

2142 2970 2236 3025 Dei
2267 2980 2434 3037 esset,
2470 2985 2569 3041 pro
2599 2969 2899 3025 liherandis
2932 2971 2998 3025 iis
3018 2969 3109 3040 qui
3133 2979 3357 3041 peccato
3380 2970 3714 3030 serviebant,

2142 3059 2371 3114 formam
2425 3060 2569 3115 servi
2612 3059 2940 3129 sumpserit,
2987 3075 3093 3115 non
3134 3060 3408 3131 ignorabit
3447 3058 3731 3130 quomodo

2141 3150 2208 3222 ad
2258 3149 2434 3220 ipsum
2485 3149 2649 3208 Pater
2700 3152 2892 3207 dicat:
2931 3150 3123 3207 Seruus
3168 3168 3313 3206 meus
3364 3167 3417 3205 es
3472 3162 3527 3205 tu
3564 3151 3607 3214 ⁸,
3649 3164 3716 3204 ac

2140 3256 2264 3297 mox
2301 3261 2313 3297 :
2344 3241 2596 3313 Magnum
2639 3242 2734 3296 tibi
2763 3251 2864 3304 est.
2915 3253 2970 3296 ut
3026 3244 3221 3297 voceris
3275 3259 3451 3296 seruus
3493 3257 3638 3296 meus
3668 3243 3712 3295 '.

2146 3333 2281 3388 Nam
2320 3334 2477 3389 nobis
2506 3335 2811 3390 audendum
2840 3344 2925 3389 est
2958 3334 3164 3401 dicere,
3192 3334 3452 3404 majorem
3479 3333 3715 3389 divinio-

2134 3439 2391 3494 remque,
2444 3432 2605 3493 atque
2660 3438 2788 3478 vere
2822 3423 3119 3478 secundum
3168 3422 3460 3492 imaginem
3506 3421 3710 3487 Patris,

2134 3513 2338 3569 Christi
2368 3514 2668 3571 bonitatem
2707 3530 2978 3586 apparere
3001 3553 3016 3581 ,
3046 3514 3264 3583 quando
3284 3513 3532 3569 humilem
3572 3529 3712 3584 pm-

2135 3608 2247 3660 buit
2279 3608 2632 3675 semetipsum,
2673 3606 2846 3676 factus
2886 3605 3128 3659 obedienc
3168 3622 3330 3675 usque
3365 3604 3434 3658 ad
3462 3613 3713 3672 mortem,

2132 3708 2349 3753 mortem
2372 3708 2546 3753 autem
2578 3698 2750 3751 crucis
2779 3698 2821 3761 ³,
2848 3712 3035 3766 quam,
3062 3697 3107 3751 si
3137 3697 3382 3765 rapinam
3408 3695 3707 3752 arbitratus

2130 3807 2252 3847 esse
2280 3805 2338 3847 se
2367 3790 2629 3859 aequalem
2665 3790 2775 3846 Deo
2806 3791 2848 3855 ’,
2886 3790 3148 3845 noluisset
3185 3803 3281 3858 pro
3313 3789 3497 3844 mundi
3534 3788 3711 3845 salute

2132 3881 2247 3938 ﬁeri
2298 3896 2506 3937 servus.
2562 3880 2645 3936 Ob
2691 3896 2811 3937 eam
2870 3895 3090 3937 causam
3124 3880 3315 3935 volens
3358 3893 3460 3935 nos
3509 3880 3709 3936 docere

2129 3989 2383 4045 magnum
2438 3974 2639 4028 donum
2684 3987 2744 4029 se
2793 3972 3016 4028 aPatre
3071 3973 3375 4042 accepisse,
3424 3972 3570 4042 quod
3623 3971 3706 4027 sic

2128 4065 2400 4131 servierit,
2447 4063 2691 4134 inquit“
2727 4080 2742 4119 :
2781 4062 2850 4118 Et
2899 4062 3042 4118 Deus
3080 4079 3228 4118 meus
3281 4061 3393 4135 38
3441 4063 3540 4116 erit
3574 4062 3707 4115 mihi

2127 4158 2384 4227 fortitudo
2410 4174 2526 4212 mea
2550 4173 2568 4210 :
2593 4155 2664 4212 Et
2705 4158 2840 4213 dixit
2874 4157 3003 4211 mihi
3028 4153 3323 4226 :Magnum
3355 4155 3451 4209 tibi
3482 4165 3558 4210 est
3584 4194 3601 4220 ,
3644 4166 3704 4209 ut

2127 4251 2320 4305 voceris
2362 4266 2544 4305 servus
2573 4265 2754 4304 meus:
2780 4265 2903 4303 nam
2941 4262 3131 4304 servus
3184 4262 3291 4302 non
3340 4246 3560 4313 factus,
3593 4261 3701 4303 non

2124 4343 2422 4399 excitasset
2450 4341 2640 4407 Jacob,
2670 4357 2847 4412 neque
2869 4342 3266 4412 dispersionem
3290 4339 3459 4395 Israel
3480 4353 3722 4396 converm

447 4436 549 4510 ρὰν
585 4434 679 4490 τοῦ
715 4433 932 4508 Ἰσραὴλ
979 4434 1335 4507 ἐπέστρεψεν,
1374 4432 1487 4487 ἀλλ’
1517 4434 1637 4487 οὐδὲ
1673 4436 1913 4505 ἐγεγόνει
1956 4438 2021 4494 ἂν

2142 4438 2285 4494 ,isset
2315 4455 2330 4492 :
2366 4438 2459 4493 sed
2495 4451 2675 4507 neque
2704 4435 2916 4491 futurus
2943 4442 3061 4489 erat
3109 4434 3162 4488 in
3214 4433 3392 4489 lucem
3435 4433 3698 4504 gentium,

439 4530 524 4594 εἰς
562 4528 678 4598 φῶς
716 4527 887 4581 ἐθνῶν
914 4526 1010 4581 τοῦ
1039 4522 1175 4581 εἶναι
1203 4528 1286 4590 είς
1330 4527 1604 4599 σωτηρίαν
1646 4527 1749 4591 ἕως
1789 4532 2016 4602 ἐσχάτου

2142 4539 2185 4584 ιι
2234 4545 2407 4601 usque
2457 4529 2523 4584 ad
2572 4537 2878 4582 extremum
2919 4535 3078 4581 terra:
3106 4522 3254 4579 salus
3283 4533 3451 4579 esset.
3511 4524 3579 4578 Et
3613 4539 3705 4579 res

438 4620 543 4691 τῆς
560 4618 682 4691 γῆς.
716 4619 825 4672 Καὶ
851 4618 1067 4691 μέτριόν
1089 4636 1153 4687 γε
1186 4618 1247 4671 τὸ
1274 4619 1458 4673 δοῦλον
1484 4620 1645 4675 αὑτὸν
1667 4621 1938 4690 γενέσθαι,
1969 4626 2019 4678 εί

439 4711 539 4766 καὶ
566 4711 709 4782 μέγα
736 4709 841 4763 ὑπὸ
874 4708 967 4763 τοῦ
999 4707 1213 4781 Πατρδς
1255 4705 1393 4765 εἶναι
1423 4709 1582 4763 τοῦτο
1608 4709 1846 4779 λέγεται,
1890 4730 2018 4784 συγ-

437 4801 622 4874 κρίσει
665 4801 852 4874 ἀρνίου
899 4799 1107 4853 ἀκάκου
1154 4799 1248 4855 γαὶ
1295 4798 1501 4871 ἀμνοῦ·
1552 4799 1628 4863 ὡς
1670 4799 1779 4873 γὰρ
1831 4803 2017 4874 ἀρνίον

435 4893 645 4949 ἄκακον
693 4890 985 4963 γεγένηται
1032 4890 1299 4961 ἀγόμενον
1336 4889 1432 4945 τοῦ
1483 4890 1705 4945 θύεσθαι
1745 4896 1774 4946 ὀ
1822 4895 2015 4966 Ἀμνὸς

433 4983 533 5041 τοῦ
579 4981 738 5047 Θεοῦ,
787 4982 878 5037 ἵνα
926 4982 1034 5054 ἄρῃ
1083 4983 1180 5054 τὴν
1241 4981 1514 5054 ἁμαρτίαν
1562 4983 1658 5037 τοῦ
1708 4985 1937 5057 κόσμου,
1980 4990 2010 5042 6

433 5078 573 5131 πᾶσι
618 5074 713 5129 τοῦ
761 5074 921 5145 λόγου
961 5074 1212 5146 χορηγὸς,
1241 5073 1547 5145 ὼμοιωθεὶς
1578 5074 1736 5148 ἀμνῷ
1782 5075 2010 5132 ἐνώπιον

430 5166 532 5221 τοῦ
559 5167 831 5239 κείροντος
858 5163 1079 5237 ἀφώνῳ,
1105 5166 1255 5230 ὅπως
1292 5164 1371 5237 τῷ
1406 5166 1620 5238 θανάτῳ
1645 5168 1809 5223 αὑτοῦ
1850 5173 2011 5242 ἡμεῖς

431 5261 635 5323 πάντες
659 5258 1041 5330 καθαρθιῖψεν,
1076 5256 1444 5330 ἀναδιδομένῳ
1476 5260 1675 5331 τρόπον
1715 5265 2006 5337 φαρμάκου

504 5403 526 5433 ²
563 5398 727 5453 Hebr.
769 5411 841 5457 tv.
872 5395 967 5450 l2.
1032 5394 1053 5427 ³
1085 5394 1364 5466 Mattlr.x,
1387 5395 1475 5449 54.
1551 5395 1744 5451 ‘Cant.
1771 5412 1830 5461 ll,
1854 5398 1905 5452 5.
1975 5400 2034 5454 'l

2144 5417 2291 5466 χιιι,
2314 5400 2367 5458 2.
2448 5399 2592 5455 “lsa.
2622 5414 2769 5465 xux,
2799 5398 2852 5452 5.

429 5473 452 5504 ⁸
478 5472 610 5525 ibid.
638 5468 692 5523 6.
773 5467 816 5500 ¹⁰
847 5470 948 5521 lsa.
983 5482 1131 5529 xm,
1171 5465 1227 5532 5,
1267 5465 1318 5518 6.
1399 5467 1439 5496 ³³
1468 5468 1570 5520 lsa.
1604 5481 1719 5529 Llll,
1749 5467 1799 5521 7.

509 5584 620 5653 (37)
657 5580 929 5653 ‘Ardxnc.
957 5579 1051 5639 Sic
1076 5581 1248 5638 codex
1270 5582 1632 5651 Bodleianus;
1677 5584 1903 5640 Huctius
1941 5583 1993 5637 in

433 5652 527 5711 tes
534 5665 586 5706 ιιι
614 5652 804 5722 ἀγάπῃ

1054 5721 1133 5779 Ita
1182 5722 1339 5780 codd.
1394 5738 1552 5789 mss.;
1607 5724 1772 5780 editio
1821 5734 2000 5780 autem

2126 4623 2345 4692 quidem
2391 4637 2499 4677 non
2534 4634 2705 4690 usque
2744 4619 2879 4672 adeo
2920 4632 3112 4687 magna
3161 4624 3262 4684 est,
3318 4617 3462 4689 quod
3506 4630 3702 4672 servus

2127 4714 2241 4780 ipse
2271 4711 2430 4765 fuerit
2451 4711 2645 4771 factus.
2661 4710 2910 4778 quamvis
2932 4724 2961 4761 a
2993 4707 3153 4762 Patre
3178 4708 3281 4762 hoc
3303 4721 3557 4778 magnum
3575 4721 3700 4762 esse

2125 4806 2359 4868 dicatur,
2392 4802 2435 4857 si
2479 4802 2799 4858 conferatur
2837 4816 2961 4856 cum
2997 4798 3231 4871 agnello,
3275 4807 3333 4853 et
3363 4811 3506 4868 agno
3533 4797 3726 4855 inno-.

2123 4907 2283 4952 cente
2313 4914 2326 4950 :
2360 4907 2420 4950 ut
2443 4897 2588 4952 enim
2619 4893 2863 4963 agnellus
2910 4892 3211 4958 innocens,
3251 4889 3344 4961 qui
3380 4888 3598 4945 ducitur
3639 4899 3699 4945 ut

2120 4991 2464 5047 sacriﬁcetur
2490 4989 2559 5055 “,
2583 4988 2761 5045 factus
2782 4996 2867 5044 est
2895 4987 2985 5042 ille
3009 4985 3197 5057 Agnus
3235 4984 3351 5050 Dei,
3392 4994 3449 5040 ut
3482 4982 3719 5039 auferat.

2117 5090 2403 5154 peccatum
2444 5081 2655 5148 mundi,
2686 5090 2740 5137 et
2766 5081 2856 5151 qui
2879 5079 3137 5135 omnibus
3158 5091 3465 5133 sermonem
3495 5090 3694 5145 suppe-

2119 5178 2275 5241 ditat,
2294 5177 2459 5232 etiam
2490 5174 2827 5230 assimilatus
2858 5182 2941 5227 est
2972 5171 3182 5241 agnello
3205 5170 3323 5224 sine
3349 5183 3479 5223 voce
3505 5181 3689 5222 coram

2120 5270 2402 5334 tondente,
2435 5275 2495 5322 ut
2528 5275 2706 5322 morte
2754 5264 2927 5334 ipsius
2960 5277 3150 5318 omnes
3184 5276 3283 5317 nos
3315 5257 3686 5332 puriﬁcemur,

2928 5397 2946 5425 ⁷
2980 5396 3108 5448 ibid.
3146 5393 3196 5447 6.
3276 5394 3295 5419 "
3324 5392 3520 5461 Philip.
3550 5409 3605 5457 ιι,
3627 5395 3682 5451 8.

2111 5583 2312 5649 Ilttetii,
2338 5584 2399 5636 τὸ
2419 5583 2610 5646 οὕτως.

2180 5645 2309 5723 (59)’
2335 5651 2549 5723 ἰακὼϐί
2571 5645 2717 5723 recte
2734 5650 2904 5723 habet
2918 5650 3095 5723 podex
3142 5645 3495 5714 Bodleianus;
3539 5645 3702 5704 mala.-

2110 5719 2287 5779 auteni
2321 5723 2485 5779 editio
2512 5721 2689 5777 Huetii
2733 5719 2967 5789 Ἰσραήλ.
