4174 6402
377 306 547 380 sa'

1473 332 1830 389 COMMENT.
1872 332 1941 387 ΙΝ
1972 332 2163 390 JOAN.
2207 333 2447 391 TOMUS
2488 333 2532 389 1.

3570 336 3640 394 90

376 439 567 497 καὶτὸ
604 440 950 516 ἱλαστήριονο
983 447 1013 499 ό
1064 448 1162 517 μὲν
1195 449 1546 521 παράκλητος
1592 452 1651 504 ὲν
1687 454 1754 523 τῇ
1793 452 1968 506 Ἰωάν-

2077 463 2177 517 Ius,
2235 463 2290 508 et
2328 452 2663 524 propitiatio,
2715 464 2771 508 et
2826 454 3276 525 propitiator:et
3322 456 3638 511 advocatum

378 549 475 586 νου
506 532 799 603 λεγόμενος
833 536 1138 610 Ἐπιστολῇ·
1173 542 1309 596 Ἐὰν
1328 539 1439 609 γάρ
1471 559 1562 607 τις
1588 541 1821 611 ἁμάρτῃ
1853 559 1964 596 πα-

368 623 678 694 ράκλητον
715 625 935 695 ἔχομεν
961 626 1113 695 πρὸς
1154 628 1259 681 τὸν
1288 631 1521 700 Πατέρα
1564 633 1800 702 Ἰησοῦν
1830 637 1963 703 Χρι-

376 717 536 771 στὸν
568 716 824 772 δίκαιον.
858 717 968 773 Καὶ
1005 714 1185 786 οὗτος
1222 723 1479 792 ἱλασμός
1502 724 1632 778 ἐστι
1673 728 1802 795 περὶ
1844 725 1964 780 τῶν

377 807 682 878 ἁμαρτιῶν
722 807 909 877 ἡμῶν.
943 811 1053 863 Καὶ
1092 813 1121 863 ὁ
1155 812 1384 884 ἱλασμὸς
1433 815 1492 869 ὲν
1538 818 1605 887 τῇ
1651 815 1787 889 αὐτῇ
1816 820 1962 871 Ἐπι-

380 898 541 970 στολῇ
582 899 873 970 λεγόμενος
902 900 1130 972 ίλασμὺς
1174 899 1312 958 εἶναι
1361 907 1628 978 περὶτῶν
1674 908 1962 979 ἁμαρτιῶν

375 988 556 1060 ἡμῶν.
597 989 827 1061 Ὁμοίως
869 991 926 1044 δὲ
971 993 1063 1046 καὶ
1105 996 1164 1048 ὲν
1206 996 1272 1065 τῇ
1308 995 1445 1067 πρὸς
1492 997 1813 1068 Ῥωμαίους,
1853 987 1967 1052 ἱλαέ

380 1084 634 1154 στήριον·
684 1085 785 1136 Ὃν
834 1084 1116 1152 προέθετο
1157 1088 1191 1140 ό
1240 1087 1384 1152 Θεὸς
1445 1087 1801 1157 ἱλαστήριον
1865 1089 1966 1144 διὰ

377 1175 669 1241 πίστεως·
715 1167 777 1228 οὗ
829 1176 1137 1249 ίλαστηρίου
1185 1180 1267 1242 εἰς
1310 1180 1381 1233 τὰ
1415 1180 1661 1235 ὲσώτατα
1714 1182 1825 1253 (44)
1872 1183 1966 1237 καὶ

382 1268 550 1335 ’Ἅγια
576 1266 686 1321 τῶν
722 1268 892 1336 ἁγίων
933 1269 1061 1323 σκιά
1087 1287 1170 1333 τις
1197 1270 1460 1342 ἐτύγχανε
1491 1273 1553 1325 τὸ
1584 1272 1818 1345 χρυσοῦν
1857 1274 1967 1328 ίλα-

378 1360 624 1429 στήριον,
662 1359 1007 1429 ἐπικείμενον
1034 1364 1146 1424 τοῖς
1175 1362 1295 1415 δυσὶ
1331 1364 1612 1436 χερουὸίμ.
1649 1364 1774 1431 Πῶς
1822 1365 1869 1418 δ’
1898 1365 1966 1420 ἂν

378 1448 732 1521 παράκλητος
773 1451 867 1504 καὶ
911 1452 1135 1523 ίλασμὸς
1174 1455 1268 1507 καὶ
1304 1456 1635 1528 ἱλαστήριον,
1665 1457 1838 1528 χωρὶς
1875 1457 1966 1510 δυ⁴

377 1543 601 1612 νάμεως
654 1543 789 1596 Θεοῦ
848 1544 1276 1618 ἐξαφανιζούσης
1329 1548 1486 1619 ἡμῶν
1538 1549 1637 1620 τὴν
1684 1549 1966 1606 ἀσθένειαν

378 1634 632 1703 γενέσθαι
666 1629 779 1699 οἷός
813 1654 871 1688 τε
902 1633 990 1708 ἦν,
1010 1639 1371 1711 ἐπιρρεούσης
1398 1643 1517 1705 ταῖς
1544 1641 1963 1697 τῶνιπιστευόν-

2064 545 2284 615 quidem
2332 552 2613 613 nuncupat
2639 558 2762 598 eum
2788 542 3027 600 Joannes
3064 546 3116 599 in
3162 545 3403 614 Epistula
3433 561 3528 600 sua
3558 550 3643 601 di-

2064 648 2192 689 cens
2212 634 2257 665 ¹⁰
2284 648 2298 687 :
2329 633 2390 688 Si
2416 634 2703 703 peccaverit
2725 636 2862 704 quis,
2890 636 3200 689 advocatum
3221 636 3469 691 habemus
3499 641 3641 705 apud

2066 724 2279 777 Patrem
2308 722 2492 777 Iesum
2521 723 2789 778 Christum
2811 724 3042 791 justum.
3071 726 3279 780 Dicitur
3308 727 3478 781 etiam
3512 743 3636 797 pro-

2067 812 2275 881 pitiatio
2308 814 2377 865 ab
2406 815 2593 867 eodem
2624 817 2676 868 in
2706 818 2899 869 eadem
2927 815 3164 885 Epistula
3196 818 3240 847 ²¹
3272 833 3286 870 :
3316 816 3382 869 Et
3414 818 3497 871 hic
3520 834 3646 888 pro-

2064 905 2278 972 pitiatia
2310 915 2385 958 est
2414 921 2510 973 pro
2532 909 2760 975 peccatis
2780 909 2994 961 nostris.
3032 906 3296 962 Similiter
3330 908 3381 963 in
3406 908 3646 979 Epistula

2065 994 2133 1048 ad
2180 994 2453 1050 Romanos
2491 998 2563 1062 “,
2599 997 2972 1067 propitiatur;
3007 1014 3159 1067 quem
3197 1001 3471 1069 proposuit
3506 999 3647 1055 Deus

2063 1087 2466 1155 propitiatorem
2505 1105 2599 1157 per
2646 1088 2829 1157 ﬁdem,
2891 1090 3049 1158 cuius
3099 1091 3468 1159 prepitiatorii
3524 1076 3683 1157 erat‘.

2068 1177 2256 1232 umbra
2290 1178 2538 1247 qumdam
2570 1193 2793 1233 aureum
2814 1180 2943 1234 illud
2968 1182 3410 1250 prepitiatorium
3433 1184 3646 1240 duobus
3680 1162 3695 1253 ιν
3726 1186 3729 1253 ζ

2069 1266 2382 1337 impositum
2413 1268 2696 1323 cherubim
2721 1270 2777 1323 in
2801 1271 2993 1324 intima
3024 1311 3038 1337 ,
3086 1283 3142 1326 et
3172 1274 3370 1329 Sancta
3424 1286 3645 1331 sancto-
3686 1258 3695 1293 ³
3723 1270 3731 1337 ξ

3722 1324 3733 1355 i

2068 1374 2212 1414 rum.
2249 1358 2665 1426 Quomodonam
2702 1375 2831 1416 vero
2856 1364 3188 1431 advocatus,‘
3216 1374 3272 1420 et
3303 1368 3645 1437 propitiatio,
3714 1360 3723 1389 ‘

2068 1461 2182 1506 tum
2210 1453 2376 1507 etiam
2404 1454 2851 1523 propitiatorium
2891 1469 3014 1510 esse
3041 1466 3225 1524 posset
3248 1454 3407 1513 Jesus
3439 1459 3646 1530 absque

2068 1545 2163 1601 Dei
2199 1546 2442 1616 potentia
2471 1587 2487 1612 ,
2521 1560 2642 1615 quae
2671 1554 2913 1601 nostram
2949 1549 3128 1603 abolet
3155 1551 3525 1606 infirmitatem
3548 1593 3564 1616 ,
3592 1562 3650 1605 et

2072 1651 2193 1706 quae
2221 1638 2271 1691 in
2302 1638 2643 1691 credentium
2671 1638 2883 1693 animos
2918 1640 3112 1705 inﬂuit,
3145 1652 3201 1695 et
3219 1655 3258 1723 ,ο
3285 1639 3412 1696 Jesu
3441 1642 3652 1696 submi-

377 1744 491 1781 των
529 1726 749 1798 ψυχαῖς,
796 1730 902 1783 ὑπὸ
952 1730 1126 1801 Ἰησοῦ
1160 1731 1603 1804 διακονουμένης,
1650 1729 1718 1805 ἧς
1750 1735 1965 1806 πρῶτός

2077 1727 2352 1791 nistratur,
2384 1728 2476 1796 qui
2501 1744 2563 1783 ea
2593 1732 2743 1799 prior
2769 1739 2888 1794 est,
2936 1748 3059 1785 cum
3086 1733 3158 1787 sit
3188 1734 3301 1802 ipsa
3326 1734 3420 1789 Dei
3455 1744 3651 1804 polen-

378 1821 531 1873 ἐστιν
568 1821 927 1893 αὐτοδῦναμις
951 1797 1108 1887 Θεοῦ,
1153 1823 1219 1876 δι’
1243 1824 1302 1877 ὃν
1334 1797 1476 1878 εἴποι
1633 1797 1730 1879 ἀν’
1764 1797 1970 1880 [idmst

2077 1820 2163 1882 tia,
2198 1835 2294 1888 per
2321 1836 2481 1890 quem
2531 1797 2695 1874 etiam
2744 1822 2893 1875 dicat
2921 1822 3124 1891 aliquis
3169 1797 3258 1880 ἐίς
3292 1824 3487 1879 Omnia
3524 1843 3650 1896 pos-

378 1911 574 1979 ὶσχύω
622 1912 693 1964 ἐν
736 1912 818 1977 τῷ
871 1912 1310 1983 ἐνδυναμοῦντί
1356 1934 1432 1983 με
1468 1916 1698 1985 Χριστῷ
1739 1918 1966 1985 Ἰησοῦ;

377 2001 589 2074 Διόπερ
621 2004 841 2073 Σίμωνα
883 2004 974 2056 τὸν
1029 2005 1201 2075 μάγον
1235 2007 1398 2059 αὑτὸν
1439 2007 1837 2079 ἀναγορεύοντα
1876 2007 1968 2062 δύ-

378 2112 551 2166 ναμιν
577 2095 733 2159 Θεοῦ,
765 2097 862 2166 τὴν
890 2097 1229 2169 καλουμένην
1257 2099 1519 2170 μεγάλην,
1551 2099 1707 2171 ἴσμεν
1742 2101 1858 2171 ἅμα
1888 2100 1968 2171 τῷ

384 2185 637 2256 ἀργυρίῳ
680 2186 845 2239 αὐτοῦ
896 2189 977 2250 είς
1020 2187 1239 2260 ὄλεθρον
1271 2190 1366 2243 καὶ
1408 2189 1682 2245 ἀπώλειαν
1722 2209 1970 2264 κεχωρη-

385 2275 573 2328 κέναιο
611 2277 847 2347 Χριστὸν
884 2277 942 2331 δὲ
991 2278 1381 2348 ὁμολογοῦντες
1426 2281 1643 2352 ἀληθῶς
1685 2277 1825 2336 εἶναι
1875 2284 1968 2337 δύ-

382 2386 550 2440 ναμιν
604 2369 775 2432 Θεοῦ,
836 2371 1013 2425 πάντα
1069 2371 1141 2425 τὰ
1210 2372 1345 2425 ὅπου
1402 2373 1533 2426 ποτὲ
1588 2373 1971 2446 δυναμούμενοι

386 2461 640 2532 μετέχειν
707 2461 905 2529 αὐτοῦ,
960 2463 1097 2517 καθὸ
1157 2463 1386 2535 δύναμίς
1445 2466 1597 2531 ἐστι,
1670 2467 1971 2520 πεπιστεύ-

384 2571 582 2624 καμεν.

460 2646 546 2701 59.
587 2647 678 2718 Μὴ
710 2647 1192 2720 παρασιωτηθήτω
1219 2648 1264 2703 δ’
1299 2651 1452 2721 ἡμῖν,
1490 2651 1624 2722 μηδὲ
1647 2651 1783 2705 Θεοῦ
1811 2652 1972 2722 σοφία

385 2739 628 2808 εὐλόγως
658 2741 964 2811 τυγχάνων,
993 2742 1089 2794 καὶ
1120 2740 1209 2795 διὰ
1242 2742 1400 2796 τοῦτο
1443 2743 1589 2797 τοῦτ’
1633 2741 1772 2798 εἶναι
1822 2743 1973 2812 λεγό-

395 2844 590 2900 μενος·
636 2831 697 2882 οὺ
740 2829 851 2901 γὰρ
897 2833 956 2884 ὲν
984 2830 1165 2901 ψιλαῖς
1209 2833 1536 2900 φαντασίαις
1578 2832 1673 2886 τοῦ
1707 2832 1843 2886 Θεοῦ
1877 2834 1973 2887 καὶ

391 2918 604 2990 [ἰατρὸς
631 2919 741 2972 τῶν
770 2919 907 2975 ὅλων
931 2922 1031 2993 τὴν
1060 2923 1357 2977 ὑπόστασιν
1383 2922 1495 2994 ἔχει
1524 2927 1557 2995 ή
1591 2926 1755 2994 σοφία
1781 2926 1969 2992 αὑτοῦ,

388 3012 533 3065 κατὰ
562 3011 631 3065 τὰ
676 3013 937 3083 ἀνάλογον
968 3016 1079 3077 τοῖς
1118 3014 1477 3086 ἀνθρωπίνοις
1508 3018 1800 3089 ἐννοήμασι
1841 3035 1974 3088 φαν-

2069 1930 2185 1966 sum
2216 1929 2310 1981 per
2343 1912 2637 1981 Christum,
2685 1915 2779 1984 qui
2810 1930 2892 1967 nte
2921 1915 3271 1970 corroborat?
3311 1918 3656 1987 Quapropter

2071 2003 2349 2058 Simonem
2385 2006 2604 2073 quidem
2635 2006 2785 2060 illum
2839 2006 3051 2076 Magum
3082 2009 3317 2078 seipstnn
3354 2011 3655 2078 prazdican-

2073 2105 2179 2150 tem
2203 2109 2323 2150 esse
2343 2098 2641 2165 potentiam
2667 2096 2785 2165 Dei,
2812 2113 2932 2167 qua:
2955 2108 3181 2154 vocatur
3207 2115 3422 2171 magna,
3447 2103 3654 2156 scimus

2072 2204 2175 2242 una
2216 2204 2338 2243 cum
2364 2205 2462 2245 suo
2500 2201 2727 2260 argento
2777 2192 2830 2246 in
2881 2193 3162 2247 interitum
3195 2203 3251 2249 et
3292 2195 3651 2264 perditionem

2071 2284 2270 2337 abiisse
2292 2284 2378 2347 “;
2413 2298 2512 2339 nos
2544 2299 2673 2339 vero
2706 2284 2991 2340 Christum
3039 2301 3170 2342 vere
3221 2288 3316 2341 Dei
3350 2287 3648 2354 potentiam

2071 2389 2192 2429 esse
2221 2374 2472 2441 fatentes,
2502 2390 2843 2448 quaecunque
2886 2393 2973 2433 res
3002 2380 3052 2432 vi
3086 2378 3313 2449 pollent,
3342 2380 3510 2450 ipsius
3533 2395 3657 2435 esse

2073 2464 2371 2534 participes
2393 2480 2718 2535 persuasum
2752 2468 3039 2523 habemus.

2141 2646 2232 2703 59.
2301 2647 2433 2702 Illud
2492 2656 2670 2703 autem
2734 2647 2955 2703 silentio
3020 2664 3126 2704 non
3192 2654 3658 2720 praetereundum,

2072 2734 2257 2791 Jesum
2282 2735 2377 2790 Dei
2414 2738 2740 2804 sapientiam
2776 2739 2975 2792 nn-rito
3000 2739 3289 2804 exsistere,
3322 2747 3378 2795 et
3415 2742 3557 2796 hanc
3587 2744 3659 2799 ob

2074 2841 2296 2880 causam
2322 2826 2425 2882 hoc
2450 2828 2670 2883 nomine
2700 2830 2966 2898 appellari
2995 2847 3009 2883 :
3044 2832 3243 2901 quippe
3281 2847 3404 2886 cum
3437 2848 3545 2887 non
3598 2834 3652 2888 in

2075 2919 2236 2974 nudis
2265 2919 2574 2976 visionibus
2598 2921 2693 2977 Dei
2719 2931 2775 2977 et
2805 2921 2985 2977 Patris
3006 2925 3383 2980 universorum
3409 2925 3661 2981 substan-

2077 3011 2206 3065 tiam
2235 3013 2434 3067 habcat
2482 3015 2752 3082 sapientia
2788 3015 2979 3085 ipsius,
3027 3016 3255 3085 perinde
3288 3026 3453 3087 atque
3485 3018 3660 3087 phan-

386 3104 662 3173 τάσματα.
691 3105 753 3158 Εἰ
781 3104 836 3158 δέ
864 3122 947 3169 τις
974 3100 1084 3169 οἷός
1106 3104 1166 3158 τέ
1190 3107 1337 3158 ἐστιν
1361 3107 1650 3178 ἀσώματον
1676 3109 1972 3163 ὑπόστασιν

2082 3110 2309 3157 tasmata
2357 3105 2752 3172 cogitationum
2810 3107 3199 3161 humanarum.
3253 3108 3407 3174 Quod
3458 3109 3503 3163 si
3537 3109 3663 3178 quis

390 3197 653 3250 ποικίλων
696 3198 1090 3270 θεωρημάτων,
1129 3198 1491 3269 περιεχόντων
1534 3201 1661 3264 τοὺς
1690 3200 1799 3254 τῶν
1838 3202 1973 3256 ὅλων

2081 3203 2260 3261 potest
2282 3194 2660 3264 incorpoream
2694 3197 3057 3252 substantiam
3105 3198 3383 3252 variarum
3410 3199 3663 3268 specula-

387 3289 602 3358 λόγους,
642 3289 845 3355 ζῶσαν,
892 3290 988 3343 καὶ
1015 3291 1177 3345 οἱονεὶ
1206 3289 1447 3361 ἔμψυχον
1491 3293 1747 3356 ἐπινοεῖν,
1773 3294 1973 3349 εἵσεται

2081 3286 2312 3350 tiunnm,
2355 3301 2477 3354 qua:
2499 3280 2750 3342 omnium
2786 3287 3030 3341 rationes
3054 3290 3358 3353 continent,
3389 3289 3662 3342 viventem

386 3384 490 3456 τὴν
522 3384 658 3455 ὑπὲρ
689 3385 867 3436 πᾶσαν
894 3383 1068 3436 κτίσιν
1105 3382 1295 3452 σοφίαν
1327 3383 1421 3437 τοῦ
1456 3384 1590 3437 Θεοῦ
1623 3385 1806 3449 καλῶς
1849 3386 1978 3458 περὶ

388 3474 566 3545 αὐτῆς
605 3474 903 3542 λέγουσαν·
951 3475 1004 3526 '0
1044 3472 1187 3540 Θεὸς
1216 3473 1421 3528 ἐκτισέ
1459 3493 1539 3542 με
1576 3475 1776 3545 ἀρχὴν
1817 3476 1975 3531 ὁδῶν

390 3566 580 3621 αὐτοῦ
611 3570 698 3633 εὶς
729 3565 873 3636 ἔργα
902 3566 1112 3630 αὑτοῦ,
1145 3564 1210 3620 δι’
1233 3567 1301 3638 ἢν
1336 3565 1515 3620 κτίσιν
1556 3566 1842 3638 δεδύνηται
1885 3570 1978 3621 καὶ

393 3660 547 3712 πᾶσα
586 3658 764 3718 κτίσις
808 3657 1128 3728 ὑφεστάναι,
1171 3658 1272 3711 οὐκ
1324 3657 1604 3729 ἀνένδοχος
1647 3654 1781 3712 οὖσα
1826 3658 1978 3724 θείας

393 3755 588 3823 σοφίας
623 3754 745 3808 καθ’
788 3753 854 3825 ἣν
905 3753 1231 3825 γεγένηται·
1270 3751 1475 3806 Πάντα
1528 3753 1658 3824 γὰρ,
1695 3753 1837 3807 κατὰ
1888 3754 1977 3808 τὸν

392 3849 684 3919 προφήτην
742 3845 939 3909 Δαυῒδ,
991 3847 1061 3899 ἐν
1106 3845 1292 3915 σοφίᾳ
1354 3845 1646 3912 ἐποίησεν
1708 3849 1741 3900 ὁ
1804 3848 1974 3913 Θεός.

406 3939 573 3992 Ἀλλά
606 3939 777 3993 πολλά
813 3940 910 4011 μὲν
944 3940 1143 4009 μετοχῇ
1193 3937 1386 4006 σοφίας
1424 3937 1737 4007 γεγένηται,
1769 3938 1868 3990 οὐκ
1894 3939 1983 3991 ἀν-

392 4033 839 4104 τιλαμϐανόμενα
886 4031 1059 4100 αὐτῆς
1160 4030 1436 4083 ἔκτισται·
1474 4029 1681 4099 σφόδρα
1724 4029 1784 4082 δὲ
1825 4029 1981 4097 ὀλίγα

392 4125 455 4179 οὐ
492 4124 652 4194 μόνον
681 4123 779 4194 τὴν
808 4123 937 4194 περὶ
962 4121 1142 4177 αὐτῶν
1166 4120 1574 4192 καταλαμϐάνει
1608 4120 1820 4190 σοφίαν,
1844 4120 1981 4175 ἀλλά

395 4217 492 4271 καὶ
525 4214 654 4287 περὶ
701 4213 910 4267 πολλῶν
964 4214 1162 4285 ἑτέρων
1206 4210 1442 4284 Χριστοῦ
1488 4211 1591 4282 τῆς
1624 4212 1806 4283 πάσης
1849 4228 1982 4281 τυγ-

393 4306 652 4378 χάνοντος
690 4305 899 4373 σοφίας.
934 4303 1206 4367 Ἕκαστος
1245 4302 1303 4355 δὲ
1346 4300 1456 4354 τῶν
1492 4303 1669 4371 σοφῶν
1703 4302 1824 4355 καθ’
1860 4302 1982 4356 ὅσον

394 4404 567 4473 χωρεῖ
595 4399 808 4469 σοφίας,
833 4396 1084 4452 τοσοῦτον
1115 4395 1332 4468 μετέχει
1358 4394 1619 4467 Χριστοῦ,
1649 4394 1787 4448 καθὸ
1822 4394 1982 4463 σοφία

2078 3386 2133 3431 et
2166 3376 2277 3448 40
2305 3376 2470 3431 veluti
2496 3379 2796 3432 animatam
2834 3379 3222 3445 considerare,
3263 3379 3309 3433 is
3332 3379 3493 3448 plane
3527 3380 3665 3434 sciet

2080 3469 2174 3523 Dei
2216 3472 2541 3538 sapientiam
2590 3473 2741 3525 omni
2775 3483 3025 3525 creatura
3077 3472 3237 3539 longe
3291 3480 3663 3540 praestantem,

2079 3578 2143 3613 ac
2167 3561 2304 3615 bene
2342 3563 2408 3615 de
2445 3563 2620 3630 seipsa
2651 3563 2871 3616 dicere:
2902 3561 3042 3616 Deus
3091 3563 3284 3616 creavit
3327 3578 3408 3616 me
3451 3564 3664 3617 initium

2079 3656 2287 3707 viarum
2317 3671 2559 3720 suarum,
2611 3655 2680 3708 ad
2712 3670 2871 3723 opera
2912 3655 3025 3722 ejus
3061 3655 3135 3721 ",
3177 3670 3273 3723 per
3310 3671 3473 3725 quant
3505 3669 3664 3710 crea-

2082 3746 2283 3801 tionem
2329 3748 2505 3814 potuit
2565 3747 2772 3814 quaevis
2823 3758 3074 3800 creatura
3126 3748 3454 3812 subsistere,
3519 3748 3662 3801 haud

2083 3852 2280 3905 expers
2319 3839 2594 3894 exsistens
2621 3838 2816 3892 divinat
2845 3839 3150 3906 sapientiae,
3190 3854 3286 3909 per
3322 3856 3483 3909 quam
3517 3839 3662 3896 facta

2079 3930 2682 3999 est;quandoquidem,
2732 3939 2874 3986 teste
2920 3933 3120 3986 Davide
3160 3932 3231 3997 ³⁸,
3290 3931 3358 3986 1η
3401 3934 3663 4002 sapientia

2082 4022 2205 4092 fecit
2229 4023 2406 4076 omnia
2433 4022 2600 4076 Deus.
2633 4022 2741 4078 Sed
2778 4025 2946 4080 multa
2989 4025 3212 4094 quidem
3238 4025 3662 4094 participatione

2081 4117 2364 4187 sapientiae
2390 4129 2511 4171 orta
2542 4128 2693 4184 sunt,
2729 4134 2853 4189 quae
2885 4120 3127 4173 vicissim
3159 4136 3264 4175 non
3289 4129 3660 4191 assequuntur

2081 4223 2202 4262 eam
2236 4223 2342 4277 qua
2378 4217 2562 4263 creata
2591 4219 2751 4274 sunt;
2794 4225 3068 4279 perpauca
3112 4221 3292 4265 autem
3340 4221 3490 4275 sunt,
3546 4225 3668 4278 qua:

2084 4316 2189 4354 non
2226 4302 2386 4355 modo
2409 4311 2529 4358 eam
2571 4316 2694 4371 qua:
2738 4303 2807 4357 ad
2867 4319 2950 4368 se,
3000 4320 3191 4360 verum
3235 4304 3403 4359 etiam
3447 4318 3568 4373 qua:
3598 4303 3667 4358 ad

2086 4391 2255 4445 multa
2294 4391 2400 4447 alia
2446 4402 2685 4462 spectat,
2727 4397 3052 4461 sapientiam
3112 4405 3497 4465 assequuntur,
3543 4411 3666 4451 cum

394 4495 577 4548 ἐστίν·
614 4492 803 4564 ὥσπερ
839 4491 1071 4554 ἕκαστος
1113 4488 1223 4543 τῶν
1264 4488 1490 4559 δύναμιν
1519 4487 1750 4559 ἐχόντων
1799 4489 1973 4559 κρείτ-

2086 4488 2339 4543 Christus
2386 4489 2460 4543 sit
2532 4490 2787 4546 universa
2844 4493 3133 4561 sapientia.
3186 4492 3424 4560 Quilibet
3486 4501 3670 4546 autem

393 4604 530 4643 τονα
560 4588 683 4640 ὅσον
719 4584 903 4656 εἴληχε
943 4584 1041 4654 τῆς
1084 4582 1387 4653 δυνάμεως,
1418 4579 1670 4635 τοσοῦτον
1715 4578 1976 4651 Χριστοῦ,

397 4680 538 4736 καθὸ
584 4679 815 4751 δύναμίς
854 4680 1001 4742 ἐστι,
1045 4673 1432 4746 κεκοινώνηκε.
1483 4674 1556 4726 Τὸ
1603 4673 1984 4745 παραπλήσιον

394 4774 457 4826 δὲ
507 4771 763 4844 καὶπερὶ
814 4768 1087 4840 άγιοισμοῦ
1120 4767 1216 4822 καί⁹
1261 4765 1692 4839 ἀπολυτρώσεως
1738 4767 1976 4838 νοητὲον.

395 4862 573 4927 Αὐτὸς
617 4862 713 4933 μὲν
752 4859 862 4932 γὰρ
893 4857 1183 4929 ἁγιασμλς,
1209 4855 1331 4910 ὅθεν
1363 4857 1413 4909 οἱ
1442 4854 1587 4925 ἆγιοι
1626 4852 1978 4922 ἀγιάζονται,

394 4956 533 5026 ἡμῖν
562 4956 591 5007 ὁ
622 4951 827 5024 Ἰησοῦς
859 4950 1147 5020 γεγένηται
1176 4949 1270 5001 καὶ
1306 4945 1683 5017 ἀπολύτρωσις
1703 4963 1717 4976 ο
1751 4945 1984 5009 ἕκαστος

395 5047 459 5101 δὲ
495 5045 654 5118 ἡμῶν
706 5044 899 5115 ἐκείνῳ
944 5043 1024 5114 τῷ
1069 5038 1323 5112 ἁγιασμῷ
1373 5040 1690 5107 ἁγιάζεται,
1737 5039 1831 5092 καὶ
1865 5039 1987 5091 κατ’

397 5139 618 5210 ἐκείνην
671 5137 1048 5209 ἀπολύτρωσιν
1098 5132 1515 5204 άπολυτροῦται.
1576 5131 1900 5201 Ἐπίστησον
1931 5130 1989 5184 δὲ

398 5233 450 5283 εί
485 5230 560 5301 μὴ
594 5229 768 5299 μάτην
822 5228 885 5280 τὸ
913 5225 1060 5296 ἡμῖν
1088 5225 1238 5297 παρά
1288 5224 1368 5294 τῷ
1403 5222 1712 5292 Ἀποστόλῳ
1744 5238 1987 5292 προσκα-

397 5321 575 5374 λεῖται
605 5319 742 5391 (45),
773 5319 982 5387 λέγοντι
1005 5334 1022 5349 ⁸
1061 5319 1157 5384 Ὃς
1188 5316 1441 5387 ἐγενήθη
1481 5315 1668 5385 σοφία
1689 5313 1832 5384 ἡμῖν
1868 5314 1987 5368 ἀπὸ

473 5461 556 5517 ³⁸1
581 5459 740 5515 Joan.
779 5461 919 5522 ",1.
1009 5458 1053 5491 ’ί
1077 5457 1205 5511 ibid.
1240 5455 1295 5510 2.
1362 5417 1441 5486 .“
1466 5466 1584 5525 cap.
1620 5468 1704 5517 ιιι,
1734 5468 1880 5507 vers.
1910 5451 2002 5506 25.

396 5548 520 5599 vnt,
557 5531 651 5588 22.
732 5530 781 5563 "
802 5528 947 5584 Psal.
976 5541 1097 5593 cm,
1121 5527 1214 5581 24.

474 5648 585 5716 (44)
618 5648 723 5713 Εἰς
748 5647 822 5701 τὰ
847 5645 1132 5716 ἐσώτατα.
1183 5643 1275 5716 Sic
1310 5651 1457 5697 recte
1488 5657 1642 5705 mss.,
1683 5642 1821 5697 male
1857 5656 1984 5696 vcro

396 5713 575 5779 editio
599 5718 776 5771 llnetii
804 5720 883 5779 είς
909 5716 978 5769 τὰ
1008 5714 1137 5779 ἔσω,
1176 5713 1263 5768 τά.

477 5790 587 5864 (45)
616 5788 783 5859 Παρὰ
808 5786 888 5854 τῷ
925 5786 1259 5853 Ἀποστόλῳ
1280 5783 1729 5854 προσκαλεῖται.
1753 5781 1980 5839 Codices

2083 4578 2323 4646 sapiens,
2354 4589 2628 4648 quatenus
2671 4582 2998 4649 sapientiam
3038 4583 3209 4653 capit,
3244 4582 3304 4636 ﬁt
3338 4582 3586 4647 Christi,
3615 4581 3670 4636 in

2086 4682 2352 4733 quantum
2395 4680 2482 4726 est
2508 4672 2774 4741 sapientia
2797 4711 2816 4738 ,
2856 4675 3132 4745 particeps
3163 4695 3176 4730 :
3209 4676 3667 4746 quemadmodum

2087 4762 2465 4832 unuSquisque
2516 4763 2725 4819 viribus
2780 4764 2941 4837 longe
2991 4767 3348 4836 prmcellens,
3405 4776 3670 4836 quantunt

2087 4855 2364 4926 particeps
2393 4866 2479 4912 est
2506 4860 2800 4927 potentiae,
2841 4860 3176 4914 tantumdem
3224 4861 3392 4915 etiam
3437 4859 3669 4927 Christi,

2093 4957 2365 5014 quatenus
2403 4958 2487 5003 est
2531 4947 2796 5014 potentia,
2846 4960 2933 5002 est
2975 4947 3270 5017 particeps.
3321 4949 3475 5012 Quod
3525 4946 3672 5002 idem

2091 5039 2258 5092 etiam
2291 5038 2357 5092 de
2384 5035 2838 5099 sanctiﬁcatione,
2862 5048 2918 5091 et
2946 5037 3013 5091 de
3040 5037 3408 5106 redemptione
3429 5037 3674 5091 sentien-

2092 5130 2217 5183 dum
2248 5139 2352 5184 est.
2402 5128 2524 5199 Ipsa
2555 5129 2824 5198 siquidem
2858 5130 3221 5184 sanctiﬁcatio
3249 5171 3263 5193 ,
3304 5130 3447 5183 unde
3493 5127 3674 5182 sancti

2091 5228 2315 5275 smnunt
2362 5212 2898 5285 sanctificationetn,
2953 5232 3008 5277 et
3060 5221 3364 5291 redemptio
3419 5220 3685 5281 Christus,

2092 5313 2249 5368 nobis
2283 5313 2464 5368 factus
2510 5323 2593 5368 est
2618 5329 2637 5372 :
2666 5315 3041 5383 unusquisque
3085 5322 3268 5367 autem
3310 5300 3555 5365 nostrum
3584 5307 3674 5361 illa

2092 5452 2139 5485 ³³
2170 5450 2368 5521 Philip.
2398 5465 2474 5518 tv,
2502 5451 2589 5506 15.
2669 5449 2714 5483 ἰ
2733 5450 2856 5505 Act.
2889 5462 3008 5512 vm,
3039 5446 3094 5510 9,
3129 5444 3214 5510 10,
3246 5443 3337 5498 20.
3417 5442 3465 5473 ’⁵
3503 5440 3665 5496 Prov.

2096 5636 2299 5705 Regius
2332 5644 2385 5690 et
2420 5634 2774 5705 Bodleianns,
2800 5629 2929 5705 περὶ
2960 5627 3038 5696 τῷ
3083 5625 3388 5705 Ἀποστόλῳ
3419 5639 3665 5705 προσκα-

2094 5697 2289 5767 λεῖται,
2323 5706 2417 5759 sed
2449 5706 2623 5757 codex
2646 5697 2975 5753 Barlteriints
3003 5707 3146 5750 recte
3176 5697 3335 5751 habet
3365 5698 3431 5751 ad
3467 5697 3666 5760 margi-

2092 5796 2211 5834 nem
2248 5775 2395 5847 παρά
2427 5772 2505 5844 τῷ
2545 5770 2849 5841 ’Λποστόλῳ
2877 5768 3215 5839 πρόσκειται.
