4174 6466
482 351 547 403 9|
1927 343 2249 399 ORIGENIS
3669 345 3740 394 9‘:

482 455 915 513 sanctiﬁcatione
979 457 1362 514 sanctiﬁcatur
1419 465 1476 514 et
1539 457 1632 514 illa
1689 457 2061 529 redemptione

2169 459 2333 526 Θεοῦ,
2363 457 2716 526 δικαιοσύνη
2744 473 2830 524 τε,
2874 459 2972 513 καὶ
3011 453 3327 528 ἁγιασμὸς,
3369 453 3469 510 και
3507 455 3740 512 ἀπολύ-

483 546 792 603 redlmitur.
844 547 1088 604 Observa
1113 557 1296 606 autem
1327 565 1396 605 an
1429 549 1751 620 particulam
1779 551 1926 606 nobis
1958 551 2061 606 mi-

484 638 634 694 nime
685 637 890 694 frustra
946 639 1218 695 addiderit
1255 640 1564 710 Apostolus,
1615 641 1801 696 dicens
1838 643 1883 675 "
1914 659 1928 696 :
1957 641 2062 708 Qui

486 728 660 799 factus
683 737 760 785 est
783 731 931 786 nobis
960 731 1222 800 sapientia
1245 751 1277 787 ιι
1302 731 1432 796 Deo,
1455 743 1505 787 et
1530 732 1768 802 justitia,
1794 743 1842 787 et
1872 735 2063 788 sancti-

485 821 693 892 ﬁcatio,
723 833 773 879 et
806 825 1118 893 redemptio.
1147 825 1449 896 Itidemque
1474 828 1702 882 observa
1745 826 2062 895 Apostolum

487 929 598 971 non
658 917 727 972 ab
778 932 840 974 re
887 917 1018 973 alibi
1079 918 1284 976 dixisse
1333 919 1582 975 absolute
1622 919 1916 982 Christum,
1966 919 2060 976 Dei

485 1009 834 1078 sapientiam,
859 1017 915 1065 et
952 1010 1045 1066 Dei
1077 1011 1400 1082 potentiam,
1438 1021 1706 1082 quatenus
1735 1012 1968 1081 potentia
2007 1019 2064 1068 et

486 1097 757 1168 sapientia
787 1109 891 1164 est,
942 1099 1155 1155 etiamsi
1180 1115 1280 1155 nos
1303 1100 1768 1157 existimassemus
1796 1117 1918 1156 cum
1953 1116 2059 1156 non

485 1201 609 1243 esse
637 1190 935 1256 potentiam
957 1188 1076 1257 Dei,
1099 1203 1277 1260 neque
1301 1191 1622 1260 sapientiam
1649 1193 1700 1244 in
1721 1208 1752 1244 ιι
1763 1192 2059 1254 niversum.

486 1279 580 1334 sed
612 1279 790 1335 nobis.
847 1279 1004 1336 Nunc
1041 1291 1218 1336 autem
1267 1281 1454 1337 Jesum
1488 1283 1735 1338 scribens
1769 1282 2061 1350 Apostolus

487 1371 814 1442 sapientiam
855 1381 978 1428 esse
1036 1389 1102 1429 ac
1129 1375 1466 1444 potentiam,
1501 1375 1787 1444 aliquoties
1828 1373 2062 1429 vocabu-

485 1463 597 1519 lum
631 1466 782 1518 uobis
807 1465 974 1532 addit,
1013 1467 1300 1536 aliquoties
1329 1484 1434 1522 non
1464 1468 1632 1532 addit,
1665 1467 1911 1522 absolute
1937 1481 2059 1521 eum

487 1556 840 1624 sapientiam,
866 1565 922 1612 et
948 1559 1244 1628 potentiam
1286 1561 1555 1625 scribens,
1581 1574 1704 1614 cum
1734 1559 1875 1613 idem
1920 1560 2064 1615 inte-

487 1649 592 1702 rim
627 1663 734 1703 non
769 1648 966 1714 faciat,
991 1649 1238 1705 scribens
1266 1665 1390 1704 eum
1425 1666 1546 1706 esse
1573 1649 2060 1708 sanctiﬁcationem

486 1747 542 1793 et
595 1740 1046 1809 redemptionem.
1119 1739 1385 1808 Quocirca
1433 1743 1577 1806 vide,
1640 1745 1893 1812 quoniam
1965 1743 2057 1813 qui

487 1829 813 1897 sanctiﬁcat,
851 1839 904 1884 et
947 1833 1041 1902 qui
1088 1833 1497 1902 sanctiﬁcantur
1533 1849 1599 1888 ea:
1640 1851 1746 1888 uno
1783 1849 1961 1888 omnes
1992 1834 2060 1902 ⁸⁸,

488 1934 557 1974 an
585 1921 778 1990 ipsius,
807 1923 898 1992 qui
931 1931 1015 1978 est
1041 1931 1226 1979 nostra
1257 1925 1628 1980 sanctificatio
1649 1966 1664 1990 ,
1697 1924 2062 1980 sanctiﬁcatio

487 2010 562 2064 sit
613 2009 816 2077 Pater;
865 2013 1324 2082 quemadmodum
1378 2015 1546 2081 ipsius
1575 2015 1802 2080 Christi,
1841 2016 1932 2084 qui
1979 2024 2064 2070 est

489 2111 738 2158 nostrum
769 2115 935 2174 caput
959 2143 976 2170 ,
1007 2115 1170 2174 caput
1197 2117 1282 2160 est
1306 2103 1485 2158 Pater.
1525 2103 1619 2158 Est
1644 2113 1825 2159 autem
1851 2104 2064 2160 redem-

2160 566 2410 621 τρωσις·
2439 549 2534 605 καὶ
2557 551 2605 604 εἰ
2641 551 2716 623 μὴ
2743 553 2801 605 ὲν
2832 549 3012 614 ἀλλοις
3049 550 3179 622 περὶ
3209 548 3302 602 τοῦ
3332 551 3570 623 Χριστοῦ
3605 551 3741 605 καθδ

2162 644 2327 714 σοφία
2369 645 2520 700 ἐστὶν
2575 643 2991 716 ἀπολελυμένως
3040 641 3274 713 ἐλέγετο,
3323 643 3420 697 καὶ
3466 643 3604 698 καθὸ
3647 643 3739 698 δύ-

2160 753 2352 807 ναμις,
2391 737 2474 790 ὅτι
2536 737 2770 808 Χριστὸς
2816 733 2953 788 Θεοῦ
2995 735 3223 807 δύναμίς
3267 737 3416 802 ἐστι,
3469 737 3564 792 καὶ⁵
3602 736 3740 792 Θεοῦ

2164 829 2358 898 σοφία,
2399 827 2502 884 κᾶν
2548 829 2923 900 ύπενοήσαμεν
2965 827 3039 900 μὴ
3088 828 3342 896 καθάπαξ
3391 828 3555 883 αὐτὸν
3599 825 3740 884 εἷναι

2163 919 2374 989 σοφίαν,
2407 921 2543 992 μηδὲ
2583 920 2812 991 δύναμιν
2851 918 3009 986 Θεοῦ,
3036 920 3173 974 ἀλλά
3212 921 3364 992 ἡμῖν.
3395 920 3512 975 Νῦν
3551 921 3608 975 δὲ
3647 922 3742 976 ἐπὶ

2165 1010 2266 1082 μὲν
2304 1011 2403 1081 τῆς
2445 1011 2634 1082 σοφίας
2677 1012 2769 1065 καὶ
2819 1011 3101 1083 δυνάμεως
3151 1012 3288 1084 πρὸς
3317 1011 3396 1084 τῷ
3444 1013 3591 1082 ἡμῖν
3645 1013 3741 1068 καὶ

2160 1101 2224 1154 τὸ
2268 1101 2533 1155 ἀπόλυτον
2589 1103 3040 1175 ἀναγέγραπται,
3094 1103 3186 1157 ἐπὶ
3230 1103 3286 1158 δὲ
3318 1103 3412 1158 τοῦ
3467 1105 3738 1176 άγιασμοῦ

2162 1193 2259 1246 καὶ
2301 1193 2400 1264 τῆς
2429 1195 2857 1267 ἀπολυτρώσεως
2889 1197 2922 1267 ἡ
2960 1197 3098 1270 αύτὴ
3145 1196 3419 1267 ἀπόφασις
3449 1198 3550 1252 οὐκ
3589 1197 3733 1270 εἴρη-

2160 1299 2270 1336 ται.
2318 1284 2516 1357 Διόπερ
2563 1287 2682 1358 ὅρα,
2736 1287 2866 1341 ἐπεὶ
2908 1291 2943 1342 ὀ
2991 1287 3243 1359 ἁγιάζων
3275 1289 3373 1342 καὶ
3415 1291 3470 1344 οἱ
3512 1288 3738 1360 ἁγιαζό-

2155 1392 2328 1448 μενοι
2369 1377 2440 1442 ἐξ
2489 1379 2632 1443 ἐνὸς
2685 1379 2938 1447 πάντες,
2989 1381 3038 1434 εί
3093 1381 3259 1436 αὐτοῦ
3319 1380 3414 1435 τοῦ
3470 1381 3740 1455 ἡμετέρου

2162 1470 2435 1542 ἀγιασμοῦ
2470 1472 2737 1543 ἀγιασμός
2768 1474 2915 1526 ἐστιν
2944 1475 2973 1527 6
3003 1475 3195 1546 Πατήρ
3215 1491 3228 1504 ·
3266 1473 3453 1546 ὥσπερ
3501 1471 3741 1545 Χριστοῦ

2161 1563 2315 1626 ὄντος
2357 1563 2632 1635 ἡμετέρας
2676 1565 2948 1636 κεφαλῆς,
2985 1569 3014 1620 6
3048 1567 3236 1638 Πατὴρ
3268 1565 3431 1620 αὐτοῦ
3484 1567 3601 1618 ὲστι
3645 1583 3739 1619 κε-

2165 1653 2327 1726 φαλή.
2365 1655 2763 1726 ’Δπολύτρωσις
2805 1657 2862 1711 δὲ
2895 1658 3051 1729 ἡμῶν
3079 1659 3109 1710 6
3138 1657 3372 1730 Χριστὸς
3411 1657 3521 1711 τῶν
3549 1657 3636 1712 διὰ
3680 1659 3746 1712 τὸ

2166 1745 2620 1817 ᾑχμαλωτεῦσθαι
2679 1748 3110 1821 ἀπολυτρώσεως
3160 1750 3515 1823 δεδεημένων.
3565 1751 3741 1806 Αὐτοῦ

2165 1835 2223 1888 δὲ
2265 1836 2366 1908 τὴν
2416 1836 2790 1910 ἀπολύτρωσιν
2833 1839 2894 1892 οὐ
2941 1839 3109 1912 ζητῶ,
3157 1839 3262 1895 τοῦ
3309 1842 3742 1913 πεπειραμένον

2167 1928 2320 1981 κατὰ
2344 1927 2541 1982 πάντα
2569 1930 2696 1984 καθ’
2733 1932 3047 2000 ὁμοιότητα
3092 1933 3272 2002 χωρὶς
3300 1934 3608 2004 ἁμαρτίας,
3650 1935 3746 1990 καὶ

2171 2019 2439 2090 μηδέποτε
2470 2021 2575 2075 ὑπὸ
2615 2022 2722 2077 τῶν
2763 2023 2972 2096 ἐχθρῶν
3015 2027 3095 2090 είς
3126 2026 3502 2098 αἰχμαλωσίαν
3545 2045 3747 2101 κεκρα-

2167 2125 2237 2179 τη
2244 2108 2428 2179 μένου.

486 2199 600 2268 ptio
621 2210 805 2256 nostra
829 2199 1098 2267 Christus,
1125 2214 1193 2254 eo
1212 2200 1356 2268 quod
1383 2199 1436 2254 in
1461 2200 1830 2267 captivitatem
1854 2199 2073 2256 abducti
2103 2218 2240 2273 opus
2266 2205 2554 2264 habuimus
2585 2207 2972 2278 redemptione.
2995 2207 3106 2266 Nec
3131 2210 3299 2280 ipsius
3321 2213 3742 2284 redemptionem

486 2309 690 2364 quaero,
715 2296 806 2366 qui
829 2304 1058 2350 tentatus
1081 2305 1156 2350 est
1185 2311 1279 2364 per
1306 2295 1484 2350 omnia
1517 2297 1676 2366 juxta
1711 2295 2116 2353 similitudinem
2145 2301 2340 2371 absque
2363 2315 2577 2368 peccato
2608 2305 2678 2370 ”,
2721 2305 2814 2361 sed
2847 2320 3120 2376 nunquam
3158 2308 3228 2362 ab
3272 2306 3520 2364 hostibus
3570 2307 3747 2364 iactus

487 2389 756 2460 captivus.

557 2480 650 2536 40.
675 2479 814 2536 Cum
849 2480 1020 2536 semel
1060 2489 1244 2536 autem
1283 2480 1696 2536 distinxerimus
1720 2480 1863 2538 inter
1888 2496 2062 2536 vocu-

489 2575 596 2629 lam
621 2573 772 2628 nobis
795 2581 852 2628 et
883 2572 1132 2628 voculam
1157 2573 1492 2642 simpliciter,
1525 2571 1770 2628 dicentes
1795 2587 1901 2627 non
1932 2575 2065 2628 sint-

490 2663 708 2734 pliciter
739 2663 1234 2718 sanctiticatiouem
1265 2673 1320 2718 et
1351 2663 1782 2734 redemptionem
1830 2663 1994 2719 scribi
2031 2679 2066 2720 a

489 2755 659 2812 Paulo
706 2770 830 2811 esse
881 2755 1184 2822 Christum,
1216 2755 1310 2810 sed
1341 2771 1465 2810 cum
1504 2756 1875 2811 additamento
1915 2758 2064 2812 nobis

491 2847 661 2920 (cum
707 2847 950 2916 potentia
1006 2858 1064 2901 et
1111 2847 1377 2916 sapientia
1431 2847 1665 2910 dicatur,
1700 2853 1756 2900 et
1803 2861 1927 2900 cum
1972 2847 2069 2899 ad-

491 2939 796 2994 ditamento
819 2937 923 3010 41
962 2940 1133 3004 nobis,
1155 2948 1212 2993 et
1240 2937 1560 3006 simpliciter
1591 2939 1708 2992 sine
1741 2937 1930 2992 vocula
1969 2955 2068 2992 uo-

492 3028 622 3100 bis),
655 3045 764 3085 non
804 3032 989 3086 sinere
1022 3029 1286 3084 debemus
1317 3029 1713 3099 inexploratum
1760 3042 2066 3084 sermonem

493 3122 561 3177 de
583 3121 814 3190 justitia.
843 3121 912 3176 Et
941 3124 1084 3192 quod
1111 3122 1330 3191 quidem
1359 3120 1572 3190 justitia
1620 3122 1779 3176 nobis
1809 3121 1882 3175 sit
1903 3119 2066 3175 Chri-

499 3225 606 3282 tus,
633 3215 982 3287 perspicuum
1014 3225 1100 3270 est
1125 3230 1192 3270 ex
1221 3229 1288 3270 eo
1321 3231 1338 3270 :
1369 3214 1472 3282 Qui
1509 3215 1680 3284 factus
1703 3224 1778 3270 est
1805 3214 1952 3268 nobis
1974 3229 2064 3268 sa-
2093 3194 2138 3252 (ἶ

491 3306 694 3378 pientia
715 3323 748 3361 a
782 3307 912 3373 Deo,
937 3315 988 3362 et
1017 3306 1260 3378 justitia,
1299 3317 1347 3362 et
1376 3307 1751 3377 sanctiﬁcatio,
1783 3314 1831 3360 et
1869 3305 2069 3359 redem-

494 3400 604 3468 ptio
645 3399 713 3453 ³⁸.
764 3398 918 3466 Quod
963 3400 1009 3454 si
1057 3415 1164 3454 non
1217 3401 1528 3456 invenimus
1577 3400 1753 3468 ipsum
1794 3397 2068 3464 justitiam

495 3491 820 3563 simpliciter
847 3492 979 3558 dici,
1009 3493 1464 3561 quemadmodum
1496 3491 1820 3561 simpliciter
1852 3492 2070 3560 sapien-

497 3585 596 3648 tia,
629 3592 686 3639 et
731 3583 971 3653 potentia
1022 3583 1118 3638 Dei
1173 3584 1394 3648 dicitur,
1442 3583 1824 3650 inquirendum
1878 3592 1962 3636 est
1999 3597 2068 3635 an

497 3677 603 3745 ipsi
631 3674 872 3742 Christo,
900 3674 1352 3744 quemadmodum
1381 3673 1748 3729 sanctificatio
1775 3682 1858 3728 est
1885 3672 2072 3738 Pater,

500 3769 579 3823 ita
612 3768 776 3822 etiam
824 3767 1034 3835 justitia
1067 3768 1133 3822 sit
1168 3767 1350 3822 Pater.
1395 3767 1580 3837 Neque
1617 3767 1762 3821 enim
1805 3766 2069 3836 iniustitia

495 3866 586 3914 est
627 3859 766 3928 apud
803 3858 968 3913 Deum
1005 3857 1072 3921 “,
1111 3867 1164 3912 et
1189 3857 1368 3926 justus
1410 3867 1466 3912 et
1509 3866 1732 3912 sanctus
1769 3865 1853 3910 est
1887 3855 2072 3911 Domi-

501 3963 643 4014 nus,
690 3947 836 4003 etin
886 3947 1100 4018 justitia
1151 3947 1355 4018 judicia
1388 3947 1506 4018 ejus
1540 3946 1608 4000 ⁸¹.
1651 3944 1840 4002 Justus
1887 3954 2068 4000 autem

499 4055 625 4096 cum
647 4041 736 4106 sit,
755 4039 901 4108 juste
929 4039 1112 4094 omnia
1149 4039 1449 4107 dispensat.
1485 4037 1638 4106 Quod
1665 4047 1845 4092 autem
1879 4038 2076 4092 attinet

502 4135 570 4189 ad
603 4134 654 4189 id
683 4135 826 4204 quod
859 4131 1102 4188 haeretici
1132 4131 1342 4196 dicunt,
1388 4130 1661 4185 diversum
1711 4128 1924 4186 scilicet
1953 4142 2075 4183 esse

499 4226 702 4294 justum
734 4240 765 4280 a
801 4225 962 4288 bono,
1009 4225 1104 4279 sed
1142 4224 1286 4294 quod
1328 4223 1427 4294 ipsi
1473 4237 1582 4278 non
1615 4221 1934 4290 explanant.
1959 4221 2076 4276 exi-

502 4315 790 4370 stimantes
829 4315 1030 4384 iustum
1086 4314 1304 4384 quidem
1355 4327 1478 4368 esse
1527 4313 1714 4368 mundi
1767 4311 2072 4382 Opiﬂccm,

503 4405 708 4462 Christi
737 4415 918 4462 autent
957 4405 1171 4462 Patrem
1201 4407 1398 4462 bonum
1425 4445 1442 4471 ,
1472 4419 1588 4460 mea
1644 4405 1950 4470 sententia,
1983 4420 2077 4459 ac-

504 4507 694 4553 curate
734 4497 1110 4552 examinatum
1151 4506 1334 4568 posset
1363 4496 1469 4552 dici
1500 4497 1568 4552 de
1597 4496 1758 4552 Patre
1803 4506 1859 4550 et
1892 4495 2033 4550 Filio
2055 4533 2072 4560 ,

503 4590 645 4648 Filio
674 4591 892 4662 quidem
913 4590 1461 4660 exsisteutejustitia,
1487 4590 1577 4661 qui
1605 4591 1812 4660 accepit
1837 4597 2076 4659 potesta-

507 4693 616 4738 tem
673 4683 904 4738 faciendi
958 4682 1222 4753 judicium
1256 4721 1274 4747 ,
1327 4682 1577 4751 quoniam
1623 4679 1800 4734 Filius
1848 4681 2076 4734 hominis

505 4785 580 4830 est
599 4775 738 4842 ",et
767 4775 1023 4840 iudicabit
1049 4779 1226 4829 orbem
1248 4782 1507 4828 terrarum
1535 4775 1590 4826 in
1607 4773 1822 4844 justitia
1859 4773 1938 4838 ³⁶;
1975 4772 2078 4825 Pa-

506 4877 594 4923 tre
620 4882 750 4924 vero
772 4870 890 4938 (eos
920 4868 1086 4936 quiin
1104 4867 1221 4922 Filii
1254 4865 1467 4936 justitia
1501 4865 1698 4920 eruditi
1731 4865 1931 4920 iuerint
1953 4875 2078 4933 post

507 4963 710 5020 Christi
741 4979 966 5036 regnum
998 4962 1266 5018 beneﬁcio
1297 4959 1726 5030 aﬂicientejboni
1755 4960 2076 5014 vocabulum

509 5055 768 5125 operibus
811 5065 1100 5110 ostensum
1123 5095 1138 5120 ,
1169 5053 1384 5124 quando
1414 5052 1581 5106 fuerit
1633 5050 1775 5104 Deus
1804 5049 1985 5104 omnia
2022 5050 2076 5104 in

509 5146 760 5203 omnibus
799 5145 870 5202 ³⁵.
903 5146 1075 5215 Cujus
1112 5145 1360 5200 fortassis
1406 5142 1620 5212 justitia
1679 5141 1940 5196 Servatur
1996 5141 2082 5194 iu—

511 5239 676 5294 struit
697 5237 904 5306 omnia,
934 5237 1266 5309 temporibus
1295 5233 1522 5300 idoneis,
1550 5239 1607 5288 et
1637 5232 1870 5296 ratione.
1911 5240 1967 5288 et
1991 5246 2084 5286 or-

2237 2483 2323 2537 40.
2370 2482 2554 2548 ’Δπαξ
2607 2483 2666 2538 δὲ
2724 2483 3118 2540 διασταλέντων
3159 2483 3254 2537 τοῦ
3306 2483 3470 2554 ἡμῖν,
3513 2484 3606 2538 καὶ
3649 2483 3746 2538 τοῦ

2165 2575 2374 2644 ἁπλῶς
2393 2593 2407 2607 ·
2435 2576 2579 2646 ἡμῖν
2608 2576 2730 2646 μὲν,
2755 2577 2850 2630 καὶ
2877 2576 2976 2646 οὐχ
3007 2574 3196 2640 ἁπλῶς
3224 2575 3318 2629 τοῦ
3351 2575 3623 2648 ἀγιασμοῦ
3653 2576 3748 2632 καὶ

2166 2666 2266 2736 τῆς
2290 2664 2740 2738 ἀπολυτρώσεως·
2759 2667 2854 2719 καὶ
2874 2666 3017 2734 ἡμῖν
3035 2665 3090 2718 δὲ
3112 2665 3206 2719 καὶ
3233 2665 3417 2730 ἀπλῶς
3438 2667 3536 2737 τῆς
3555 2667 3746 2736 σοφίας

2168 2759 2384 2829 καὶτῆς
2416 2757 2718 2828 δυνάμεως,
2757 2758 2856 2810 οὐκ
2891 2756 3244 2822 ἀνεξέταστον
3275 2757 3461 2811 ἐατέον
3492 2757 3584 2810 τὸν
3617 2757 3748 2831 περὶ

2169 2849 2270 2918 τῆς
2299 2847 2640 2918 δικαιοσύνης
2671 2847 2844 2916 λόγον.
2875 2847 2984 2901 Καὶ
3012 2847 3095 2900 ὅτι
3125 2846 3222 2917 μὲν
3259 2847 3390 2917 ἡμῖν
3434 2846 3748 2919 δικαιοσύνη

2172 2939 2426 3012 Χριστὸς,
2478 2937 2636 3007 δῆλον
2667 2939 2730 2990 ὲκ
2751 2935 2874 2990 τοῦ·
2913 2939 3010 3003 Ὃς
3062 2935 3315 3007 ἐγενήθη
3371 2937 3558 3006 σοφία
3603 2935 3750 3006 ἡμῖν

2170 3031 2290 3087 ἀπὸ
2317 3032 2486 3091 Θεοῦ,
2515 3031 2869 3098 δικαιοσύνη
2895 3045 2980 3094 τε,
3004 3029 3102 3082 καί
3129 3029 3442 3099 ἁγιασμὸς,
3475 3028 3570 3083 καὶ
3607 3029 3752 3084 ἁπο-

2167 3126 2483 3194 λύτρωσις·
2519 3123 2613 3177 ὲάν
2627 3123 2683 3177 δὲ
2704 3122 2778 3195 μὴ
2792 3123 3135 3195 εὑρίσκωμεν
3150 3119 3335 3184 ἁπλῶς
3361 3120 3522 3174 αὑτὸν
3545 3119 3748 3174 δικαιο-

2170 3217 2368 3290 σύνην,
2407 3217 2595 3288 ὥσπερ
2627 3215 2813 3280 ἀπλῶς
2847 3215 3038 3286 σοφίαν
3065 3214 3160 3268 καὶ
3192 3213 3418 3284 δύναμιν
3449 3212 3584 3266 Θεοῦ
3605 3253 3620 3275 ,
3652 3212 3752 3283 βα·-

2171 3310 2448 3364 σανιστέον
2471 3312 2522 3366 εί
2549 3309 2643 3364 καὶ
2671 3306 2820 3378 αὐτῷ
2849 3305 2925 3378 τῷ
2953 3305 3172 3378 Χριστῷ
3194 3345 3209 3370 ,
3239 3304 3428 3376 ὥσπερ
3477 3302 3749 3374 ἁγιασμὸς

2168 3405 2197 3456 6
2229 3403 2439 3474 Πατὴρ,
2471 3401 2614 3455 οὕτω
2637 3402 2731 3455 καὶ
2757 3398 3068 3470 δικαιοσύνη
3095 3401 3122 3452 ὁ
3151 3399 3357 3469 Πατήρ.
3377 3397 3486 3452 Καὶ
3513 3397 3622 3470 γὰρ
3649 3399 3749 3452 οὐκ

2170 3494 2355 3549 ἀδικία
2387 3494 2539 3566 παρά
2558 3494 2638 3566 τῷ
2669 3493 2808 3565 Θεῷ,
2835 3494 2930 3548 καὶ
2959 3491 3165 3555 δίκαιος
3207 3493 3302 3546 καὶ
3337 3493 3483 3555 ὅσιος
3519 3491 3750 3562 Κύριος,

2171 3589 2264 3642 καὶ
2296 3589 2354 3639 ὲν
2375 3586 2686 3658 δικαιοσύνῃ
2719 3585 2789 3640 τὰ
2816 3585 3057 3656 κρίματα
3085 3583 3251 3638 αὐτοῦ
3270 3601 3284 3614 ’
3309 3583 3516 3648 δίκαιος
3551 3583 3608 3638 δὲ
3650 3582 3749 3651 ὢν,

2169 3673 2396 3738 δικαίως
2439 3673 2508 3727 τὰ
2560 3673 2740 3728 πάντα
2789 3674 2984 3728 διέπει.
3028 3673 3102 3726 Τὸ
3143 3673 3200 3727 δὲ
3238 3673 3267 3726 ὃ
3299 3669 3368 3745 ἦν
3395 3673 3461 3728 ἂν
3487 3674 3612 3738 τοὺς
3643 3673 3754 3729 ἀπὸ

2170 3764 2279 3819 τῶν
2313 3764 2423 3836 (46)
2449 3765 2714 3836 αἱρέσεων
2748 3767 2828 3830 είς
2868 3765 2928 3819 τὸ
2970 3765 3155 3836 ἓτερον
3197 3766 3371 3820 εἰπεῖν
3415 3765 3504 3818 τὸν
3545 3765 3756 3820 δίκαιον

2171 3853 2264 3908 τοῦ
2287 3853 2510 3924 ἀγαθοῦ,
2550 3855 2624 3926 μὴ
2647 3855 2921 3927 τρανωθὲν
2941 3854 2998 3908 δὲ
3023 3858 3153 3928 παρ’
3189 3856 3390 3921 αὐτοῖς,
3421 3855 3648 3927 οἰηθεῖσι
3669 3855 3750 3909 δί-

2173 3963 2326 4000 καιον
2361 3947 2458 4017 μὲν
2481 3942 2619 4000 εἶναι
2647 3946 2738 4000 τὸν
2771 3947 3128 4019 δημιουργὸν,
3175 3947 3374 4016 ἀγαθὸν
3419 3947 3476 4001 δὲ
3519 3947 3611 4000 τὸν
3657 3947 3752 4001 τοῦ

2172 4037 2410 4110 Χριστοῦ
2432 4038 2673 4110 Πατέρα,
2709 4035 2859 4110 οἶμαι
2889 4039 3006 4110 μετ’
3039 4038 3340 4104 ἐξετάσεως
3371 4039 3480 4110 (47)
3508 4038 3756 4110 ἀκριϐῶς

2175 4128 2500 4200 βασανισθὲν
2529 4129 2789 4184 δύνασθαι
2819 4130 3072 4199 λέγεσθαι
3126 4131 3218 4184 ἐπὶ
3267 4129 3361 4184 τοῦ
3399 4130 3615 4202 Πατρὸς
3655 4131 3753 4184 καὶ

2174 4219 2267 4274 τοῦ
2297 4219 2426 4274 Υίοῦ
2445 4237 2458 4251 ο
2487 4220 2581 4274 τοῦ
2617 4223 2715 4293 μὲν
2743 4221 2872 4276 Υίοῦ
2901 4223 3258 4292 τυγχάνοντος
3283 4221 3628 4293 δικαιοσύνης
3647 4265 3661 4288 ,
3695 4223 3754 4288 ὃς

2175 4312 2364 4369 ἐλαϐεν
2390 4313 2636 4380 ἐξουσίαν
2665 4315 2843 4388 κρίσιν
2877 4318 3049 4368 ποιεῖν
3067 4354 3082 4379 ,
3120 4315 3241 4369 Ὅτι
3279 4315 3410 4383 Υἱὸς
3439 4316 3754 4385 ἀνθρώπου

2175 4407 2330 4472 ἐστὶ,
2359 4406 2460 4461 καὶ
2478 4407 2673 4477 κρινεῖ
2698 4407 2812 4476 τὴν
2848 4406 3208 4478 οἰκουμένην
3249 4408 3319 4462 ἑν
3358 4408 3714 4478 δικαιοσύνῃ
3735 4428 3752 4441 ·

2176 4494 2272 4547 τοῦ
2300 4494 2358 4548 δὲ
2385 4495 2598 4568 Πατρὸς
2627 4497 2756 4560 τοὺς
2775 4498 2835 4550 ὲν
2871 4499 2936 4568 τῇ
2967 4497 3284 4571 δικαιοσύνῃ
3321 4497 3416 4552 τοῦ
3454 4497 3586 4552 Υἱοῦ
3628 4516 3756 4552 παι-

2177 4585 2462 4650 δευθέντας
2497 4587 2636 4658 μετὰ
2657 4587 2754 4660 τὴν
2768 4588 3004 4662 Χριστοῦ
3031 4589 3302 4660 βασιλείαν
3320 4589 3757 4663 εὐεργετοῦντος,

2178 4677 2276 4748 τὴν
2341 4679 2566 4749 ἀγαθὸς
2605 4682 2974 4753 προσηγορίαν
3003 4682 3182 4754 ἔργοις
3207 4683 3490 4751 δείξοντος,
3513 4683 3641 4737 ὅταν
3669 4681 3760 4753 γέ-

2180 4785 2338 4839 νηται
2365 4771 2395 4822 6
2421 4769 2554 4833 Θεὸς
2580 4770 2650 4824 τὰ
2677 4771 2854 4826 πάντα
2875 4773 2933 4824 ἐν
2966 4773 3120 4825 πᾶσι.
3158 4771 3268 4826 Καὶ
3299 4772 3439 4842 τάχα
3477 4773 3544 4844 τῇ
3589 4768 3756 4826 αὑτοῦ

2181 4859 2494 4934 δικαιοσύνῃ
2533 4861 2564 4914 6
2595 4861 2786 4936 Σωτὴρ
2820 4861 3128 4936 εὐτρεπίζει
3165 4863 3234 4918 τά
3293 4864 3501 4929 πάντα,
3546 4865 3763 4934 καιροῖς

2183 4951 2528 5024 ἐπιτηδείοις,
2559 4954 2654 5008 καὶ
2673 4954 2838 5027 λόγῳ,
2880 4956 2975 5010 καὶ
3015 4955 3186 5022 τάξει,
3216 4956 3310 5012 καὶ
3343 4955 3596 5011 κολάσεσι
3619 4995 3635 5020 ,
3665 4953 3761 5008 καὶ

2184 5046 2318 5112 τοῖς,
2347 5045 2414 5098 ἵν’
2445 5044 2620 5109 οὕτως
2656 5045 2824 5111 εῐπω,
2865 5051 3251 5119 πνευματικοῖς
3287 5046 3452 5102 αὐτοῦ
3495 5046 3764 5117 ἰατρικοῖς

2189 5136 2520 5210 βοηθήμασι,
2545 5137 2680 5210 πρὸς
2703 5137 2764 5190 τὸ
2787 5137 3036 5210 χωρῆσαι
3057 5139 3304 5193 ἐπιτέλει
3325 5139 3424 5211 τὴν
3446 5135 3760 5207 ἀγαθότητα

2185 5228 2281 5283 τοῦ
2310 5227 2545 5300 Πατρὸς,
2570 5229 2762 5301 ἥντινα
2809 5233 3005 5302 νοήσας
3035 5231 3174 5303 πρὸς
3213 5231 3303 5286 τὸν
3348 5225 3628 5299 Μονογενῆ
3674 5223 3763 5276 λέ-

582 5399 836 5492 1'1905-
851 5414 920 5492 ἐι
933 5398 1069 5492 δοκι
1098 5397 1429 5492 ἶὶἐῑθιῖῗλὶῐν
1463 5396 1552 5492 ιι·
1705 5392 1865 5492 Ξεὲνο
1883 5409 1972 5492 ἐῖν
1999 5393 2069 5492 1i.

2169 5391 2240 5448 '°l
2271 5391 2398 5448 Cor.
2427 5404 2466 5458 ι,
2501 5389 2591 5449 50.
2666 5395 2711 5428 ³⁸
2734 5393 2896 5451 Joan.
2927 5413 3022 5492 vtt,
3049 5395 3135 5454 l8.
3207 5395 3254 5428 ³¹
3285 5395 3453 5464 Apoc.
3484 5403 3598 5452 tm,
3619 5384 3674 5449 5,
3701 5383 3757 5438 7.

513 5471 560 5504 ³⁸
587 5470 746 5526 Joan.
775 5486 830 5537 ν,
851 5469 945 5526 27.
1011 5462 1069 5502 ⁷³⁸
1101 5468 1242 5522 Psal.
1274 5481 1438 5530 xcvu,
1463 5467 1519 5522 9.
1593 5463 1638 5497 ⁸⁵
1663 5465 1684 5520 l
1709 5462 1838 5522 Cor.
1879 5478 1970 5532 xv,
1999 5464 2092 5519 28.

585 5605 697 5679 (ξι-6)
739 5605 810 5679 Td
835 5606 904 5660 δὲ
925 5605 958 5660 δ
991 5601 1070 5679 ἦν
1092 5605 1170 5659 ἂν
1193 5603 1355 5672 τούς,
1386 5613 1490 5660 etc.
1516 5603 1824 5674 Legendum
1856 5600 2090 5658 fortasse

503 5677 568 5730 τὸ
603 5676 661 5729 δὲ
677 5675 921 5739 ’κινῆσαν
951 5675 1098 5739 τούς,
1132 5685 1238 5730 etc.

584 5745 698 5817 (λι-ι)
740 5737 910 5815 οηιαι
937 5737 1070 5814 μετί
1089 5737 1438 5814 ἐξετάσεως.
1465 5745 1620 5804 Deest
1657 5737 1810 5813 οἶμαι
1841 5743 1894 5800 in
1927 5751 2074 5800 textu

2198 5602 2396 5672 ""Plii.
2437 5601 2530 5655 sed
2559 5600 2687 5656 illud
2726 5607 3117 5672 rcprmseutant
3160 5596 3382 5654 codices
3438 5591 3762 5648 Bodleiauus

2197 5684 2252 5730 ct
2275 5671 2622 5729 Barheriuus.
