4174 6406
395 323 473 378 93
1494 316 1855 376 COMMENT.
1893 314 1963 373 lN
1998 308 2192 374 JOAN.
2233 313 2474 372 TOMUS
2507 313 2549 370 l.
3612 315 3682 371 94

393 450 590 509 γοντα,
619 432 962 491 Διδάσκαλε
993 432 1207 506 ἀγαθέ⁸
1243 432 1399 505 φησὶ,
1429 433 1493 487 Τί
1516 450 1593 505 με
1627 433 1828 505 λέγεις
1853 433 1992 504 ἀγα-

2101 433 2229 489 diue
2250 472 2267 498 ,
2299 443 2354 488 et
2385 430 2763 503 punitionibus
2787 469 2807 499 ,
2842 438 2898 488 et
2926 430 3304 504 spiritualibus
3326 470 3343 497 ,
3382 439 3444 485 ut
3492 432 3564 488 ita
3595 433 3679 489 lo-

400 530 545 592 θόν;
580 526 794 595 Οὐδεὶς
833 527 1057 598 ἀγαθὸς
1086 530 1141 583 εί
1165 527 1253 598 μὴ
1288 522 1396 594 εἷς,
1443 530 1479 582 ό
1529 527 1674 594 Θεὸς
1707 530 1741 582 ὁ
1768 525 1992 596 Πατήρ.

399 622 477 675 T6
503 622 548 674 δ’
580 622 767 693 ὅμοιον
794 622 854 675 ἐν
882 622 1090 693 ἑτέροις
1122 621 1425 693 ἐδείξαμεν,
1466 622 1561 675 καὶ
1601 621 1694 675 ἐπὶ
1724 619 1820 674 τοῦ
1877 619 1997 691 μεί-

401 712 536 779 ζονά
564 731 687 767 τινα
708 709 848 766 εἴναι
867 712 963 766 τοῦ
987 712 1342 786 δημιουργοῦ,
1359 713 1689 785 δημιουργὸν
1710 713 1811 784 μὲν
1837 713 1997 767 ἐκλα-

401 805 590 869 ϐόντες
614 806 707 858 τὸν
727 805 986 877 Χριστὸν,
1016 805 1239 877 μείζονα
1283 807 1339 860 δὲ
1384 806 1574 861 τούτου
1617 808 1707 862 τὸν
1752 809 1996 880 Πατέρα.

414 895 570 949 Ἕπεὶ
601 896 664 968 δὴ
698 898 727 950 6
753 897 821 951 τά
859 897 1099 953 τοσαῦτα
1131 898 1415 969 τυγχάνων
1442 939 1457 962 ,
1496 899 1525 951 6
1558 900 1935 973 παράκλητος,
1968 902 1997 954 6

404 988 654 1060 ίλασμὸς.
688 990 749 1042 τὸ
777 990 1112 1062 ἱλαστήριον,
1150 991 1513 1064 συμπαθήσας
1540 996 1659 1058 ταῖς
1692 993 1999 1057 ἀσθενείαις

401 1081 585 1153 ἡμῶν,
608 1081 689 1154 τῷ
734 1083 1101 1155 πεπειρᾶσθαι
1150 1083 1293 1138 κατά
1342 1086 1522 1139 πάντα
1566 1086 1634 1139 τὰ
1682 1083 1999 1159 ἀνθρώπινα

402 1171 532 1226 καθ’
564 1173 863 1245 ὁμοιότητα
889 1175 1058 1246 χωρὶς
1077 1175 1382 1246 ἁμαρτίας,
1422 1176 1595 1247 μέγας
1627 1178 1776 1230 ἐστὶν
1813 1178 2000 1249 ἀρχιε-

407 1264 557 1334 ρεὺς,
579 1264 679 1334 οὐχ
704 1265 844 1336 ὑπὲρ
868 1264 1171 1337 ἀνθρώπων
1215 1266 1394 1337 μόνων
1414 1307 1429 1330 ,
1484 1267 1621 1321 ἀλλά
1656 1267 1752 1322 καὶ
1798 1268 1998 1333 παντὸς

401 1353 626 1424 λογικοῦ
655 1395 671 1419 ,
721 1355 821 1427 τὴν
854 1355 1001 1424 ἅπαξ
1047 1356 1241 1413 θυσίαν
1296 1359 1751 1431 προσενεχθεῖσαν
1809 1361 1999 1414 ἐαυτὸν

403 1446 747 1515 ἀνενεγκών·
793 1447 980 1516 Χωρὶς
1013 1448 1122 1521 γὰρ
1164 1449 1317 1503 Θεοῦ
1358 1450 1512 1520 ὑπὲρ
1563 1451 1790 1518 παντὸς
1834 1436 2001 1521 ἓγεύ-

402 1554 559 1591 σατο
604 1535 868 1592 θανάτου
901 1536 1073 1609 (ὅπερ
1104 1537 1162 1592 ἐν
1200 1557 1312 1593 τισι
1344 1542 1520 1593 κεῖται
1565 1540 1676 1611 (48)
1718 1543 1832 1604 τοῖς
1863 1541 1999 1613 πρὸς

414 1628 706 1701 Ἐϐραίους
732 1629 1145 1701 ἀντιγράφοις),
1180 1631 1373 1700 χάριτι
1402 1631 1550 1686 Θεοῦ
1570 1651 1583 1663 ·
1615 1633 1725 1686 εἴτε
1746 1632 1802 1685 δὲ
1830 1633 1999 1704 χωρὶς

403 1723 543 1777 Θεοῦ
574 1723 718 1795 ὑπὲρ
746 1724 947 1787 παντὸς
972 1725 1233 1792 ἐγεύσατο
1271 1724 1502 1779 θανάτου
1527 1765 1542 1789 ,
1568 1725 1628 1778 ού
1667 1725 1824 1796 μόνον
1854 1725 1995 1796 ὑπὲρ

402 1811 710 1885 ἀνθρώπων
739 1812 1031 1878 ἀπέθανεν,
1062 1813 1201 1867 ἀλλά
1233 1814 1328 1867 καὶ
1352 1815 1495 1886 ὑπὲρ
1522 1815 1631 1868 τῶν
1667 1815 1869 1868 λοιπῶν
1909 1815 1997 1869 λο-

402 1904 612 1974 γικῶν·
645 1904 758 1957 εἴτε
790 1906 974 1976 χάριτι
1001 1905 1137 1960 Θεοῦ
1171 1906 1434 1975 ἐγεύσατο
1471 1906 1566 1961 τοῦ
1610 1908 1750 1978 ὑπὲρ
1794 1908 1996 1973 παντὸς

404 1997 658 2063 θανάτου,
685 1998 828 2070 ὑπὲρ
852 1998 1070 2052 πάντων
1103 2000 1276 2071 χωρὶς
1307 2000 1441 2053 Θεοῦ
1494 2000 1733 2055 ἀπέθανε
1754 2017 1768 2031 ’
1813 2001 1996 2072 χάριτι

402 2089 513 2161 γὰρ
538 2088 674 2143 Θεόῦ
699 2089 840 2161 ὑπὲρ
867 2089 1070 2155 παντὸς
1115 2091 1380 2159 ἐγεύσατο
1427 2090 1692 2146 θανάτουο
1745 2092 1839 2145 καὶ
1886 2090 1997 2164 γὰρ

402 2182 606 2237 ἄτοπον
639 2182 782 2253 ὑπὲρ
802 2182 1160 2255 ἀνθρωπίνων
1206 2183 1307 2255 μὲν
1336 2184 1499 2238 αὐτὸν
1542 2185 1773 2254 φάσκειν
1810 2185 1995 2257 ἀμαρ-

402 2270 665 2342 τημάτων
712 2270 1009 2340 γεγεῦσθαι
1062 2272 1174 2343 (49)
1227 2274 1459 2327 θανάτου
1485 2313 1500 2337 ,
1545 2275 1646 2327 οὐκ
1688 2274 1769 2328 ἔτι
1814 2275 1869 2329 δὲ
1905 2276 1998 2329 καὶ

405 2363 548 2435 ὑπὲρ
573 2361 735 2417 ἄλλου
759 2361 905 2427 τινὸς
929 2363 1081 2436 παρά
1105 2364 1197 2417 τὸν
1223 2363 1510 2437 ἄνθρωπον
1538 2367 1597 2419 ἐν
1636 2366 1998 2438 ἁμαρτήμασι

404 2454 775 2526 γεγενημένου
793 2471 806 2485 ·
825 2449 939 2510 οἷον
958 2455 1101 2528 ὑπὲρ
1123 2456 1338 2529 ἄστρων
1352 2455 1485 2528 (50)·
1510 2457 1632 2510 οὐδὲ
1653 2457 1762 2511 τῶν
1783 2459 1998 2531 ἄστρων

405 2547 624 2610 πάντως
656 2545 917 2620 καθαρῶν
941 2546 1111 2601 ὄντων
1139 2547 1371 2602 ἐνώπιον
1402 2547 1496 2601 τοῦ
1526 2548 1682 2614 Θεοῦ,
1727 2550 1803 2613 ὡς
1832 2552 1892 2603 ἐν
1919 2549 1999 2621 τῷ

416 2631 541 2685 Ἰὼϐ
568 2633 887 2706 ἀνέγνωμεν
910 2651 925 2665 ο
971 2636 1204 2704 Ἄστρα
1236 2635 1305 2689 δὲ
1350 2639 1425 2691 οὐ
1475 2638 1705 2707 καθαρὰ
1740 2639 2000 2694 ἐνώπιον

403 2725 614 2792 αὑτοῦ,
642 2728 692 2779 εί
736 2726 812 2798 μὴ
848 2727 956 2799 ἄρα
990 2727 1363 2799 ὑπερϐολικῶς
1414 2728 1573 2783 τοῦτο
1604 2731 1839 2803 εἴρηται.
1899 2733 1997 2787 Διά

401 2818 566 2873 τοῦτο
596 2819 770 2890 μέγας
795 2821 943 2875 ἐστὶν
966 2821 1278 2893 ἀρχιερεὺς,
1309 2821 1611 2895 ἐπειδήπερ
1656 2826 1832 2879 πάντα
1864 2827 1999 2880 ἀπο-

403 2909 698 2982 καθίστησι
722 2913 789 2983 τῇ
814 2911 907 2965 τοῦ
935 2912 1148 2984 Πατρὸς
1176 2912 1442 2986 βασιλείᾳ,
1492 2915 1793 2987 οἰκονομῶν
1837 2917 1905 2971 τά
1938 2920 1997 2973 ἐν

405 3002 622 3074 ἑκάστῳ
649 3002 761 3057 τῶν
798 3003 1042 3075 γενητῶν
1088 3003 1281 3076 ἐλλιπῆ
1320 3006 1822 3079 ἀναπληρωθῆναι,
1858 3009 1996 3082 πρὸς

2098 541 2260 595 qnar,
2294 525 2514 580 auxiliis
2545 524 2661 580 suis
2712 523 3129 579 medicinalibus
3163 525 3232 577 ad
3262 523 3586 593 capiendum
3623 528 3676 579 in

2098 619 2205 674 ﬁne
2240 617 2420 673 Patris
2448 618 2767 673 bonitatem.
2801 615 2968 685 Cujus
2998 616 3107 670 vim
3137 615 3307 684 probe
3334 624 3527 671 tenens
3552 616 3683 671 Scr-

2098 722 2259 765 vator
2287 709 2366 763 illi
2419 710 2511 780 qui
2559 710 2663 765 sibi
2696 706 2988 780 Unigenito
3017 707 3235 762 dicebat.
3269 705 3337 770 “,
3378 704 3683 775 Prwceptor

2099 803 2254 867 bone,
2291 799 2403 855 Cur
2464 818 2570 866 me,
2616 801 2813 872 inquit,
2839 798 3076 870 appellas
3114 797 3306 852 bonum
3332 799 3357 853 ?
3386 794 3558 851 Nemo
3587 801 3682 851 bo-

2099 911 2197 949 nus
2228 895 2334 949 nisi
2370 911 2528 960 unus,
2559 908 2756 964 nempe
2803 892 2898 948 ille
2946 891 3112 957 Deus,
3143 891 3235 945 ille
3277 888 3460 945 Pater.
3490 888 3683 944 Simile

2097 1002 2231 1041 vero
2261 987 2425 1041 etiam
2476 988 2528 1041 in
2578 985 2700 1040 aliis
2734 984 3108 1050 ostendimus,
3142 992 3254 1038 tum
3284 996 3415 1037 vero
3444 982 3683 1037 maxime

2100 1079 2153 1133 in
2184 1078 2289 1134 hoc
2322 1078 2469 1149 quod
2517 1077 2705 1132 dicunt
2744 1074 3009 1144 majorem
3056 1089 3179 1131 esse
3224 1072 3463 1143 aliquem
3493 1073 3681 1128 mundi

2099 1171 2341 1240 Opifice,
2395 1184 2490 1240 per
2516 1168 2701 1223 mundi
2754 1168 3020 1237 Opilicem
3064 1165 3493 1233 interpretantes
3518 1162 3682 1218 Chri-

2097 1271 2285 1325 stum,
2330 1275 2428 1331 per
2479 1260 2582 1314 hoc
2613 1274 2743 1314 vero
2772 1257 3037 1325 majorem
3080 1255 3328 1311 Patrem.
3382 1252 3484 1310 Hic
3502 1246 3682 1323 igitur

2099 1354 2190 1423 qui
2228 1363 2306 1408 tot
2348 1351 2660 1407 nominibus
2712 1358 3080 1420 nuncupatur,
3114 1348 3453 1414 advocatus,
3483 1346 3676 1415 propi-

2102 1445 2295 1508 tiatio,
2350 1444 2791 1514 pr0pitiatorium
2820 1482 2838 1509 ,
2887 1453 3210 1511 compassus
3261 1438 3680 1494 infirmitatibus

2101 1539 2324 1601 nostris,
2357 1545 2597 1591 tentatus
2620 1536 2673 1589 in
2710 1534 2965 1588 omnibus
3005 1532 3262 1588 humanis
3300 1531 3456 1600 juxta
3485 1529 3683 1586 simili-

2102 1633 2339 1685 tudinem
2373 1630 2490 1684 sine
2521 1639 2745 1699 peccato
2776 1628 2844 1693 ³⁷,
2892 1642 3125 1698 magnus
3156 1637 3241 1683 est
3262 1626 3536 1692 Pontifex,
3569 1642 3679 1683 non

2102 1723 2264 1778 modo
2293 1737 2391 1793 pro
2420 1721 2752 1785 hominibus,
2790 1720 2885 1775 sed
2914 1720 3079 1775 etiam
3111 1733 3209 1790 pro
3238 1720 3385 1774 omni
3412 1718 3560 1789 quod
3590 1733 3681 1774 ra-

2099 1815 2266 1870 tionis
2309 1824 2388 1869 est
2440 1829 2634 1883 capax,
2688 1813 2921 1867 hostiam
2951 1812 3124 1868 semel
3163 1813 3404 1869 oblatam
3434 1812 3680 1882 seipsum

2097 1905 2330 1960 offerens
2375 1923 2388 1959 :
2423 1904 2552 1960 Sine
2597 1900 2707 1958 Deo
2752 1901 2924 1970 enim,
2964 1902 3051 1957 vel
3088 1918 3183 1972 per
3208 1906 3438 1971 gratiam
3470 1902 3566 1957 Dei
3598 1901 3682 1971 (ut

2097 1999 2153 2054 in
2183 1997 2508 2070 quihusdam
2557 1995 2966 2066 exemplaribus
3007 1994 3268 2065 Epistula:
3308 1995 3376 2049 ad
3412 1993 3673 2051 Hebraeos

2097 2088 2363 2162 ponitur),
2395 2104 2490 2159 pro
2517 2089 2659 2141 omni
2680 2087 2905 2156 gustavit
2923 2094 3147 2140 mortem
3166 2085 3210 2117 ³⁸
3245 2102 3260 2140 :
3293 2086 3388 2141 sed
3412 2086 3529 2141 sive
3558 2087 3682 2142 sine

2098 2183 2211 2238 Deo
2244 2196 2345 2252 pro
2394 2180 2541 2233 omni
2594 2179 2838 2249 gustavit
2867 2184 3099 2233 mortem
3126 2215 3142 2242 ,
3192 2175 3301 2249 42
3344 2191 3450 2232 non
3500 2177 3676 2233 solum

2096 2288 2195 2345 pro
2233 2271 2547 2328 hominibus
2590 2279 2838 2324 mortuus
2883 2278 2989 2335 est,
3029 2283 3218 2323 verum
3250 2269 3415 2323 etiam
3444 2283 3545 2339 pro
3571 2284 3681 2323 ca:-

2101 2366 2233 2423 teris
2269 2364 2501 2420 rationis
2530 2362 2823 2432 capacibus
2858 2380 2873 2416 :
2906 2361 3023 2416 sive
3050 2375 3148 2431 per
3193 2361 3425 2431 gratiam
3454 2362 3548 2417 Dei
3582 2377 3684 2431 pro

2098 2458 2248 2516 omni
2278 2457 2517 2528 gustavit
2542 2465 2797 2521 mortem,
2834 2469 2934 2524 pro
2964 2453 3219 2508 omnibus
3245 2454 3367 2510 sine
3399 2454 3506 2509 Deo
3531 2467 3680 2508 mor-

2102 2562 2227 2608 tuus
2257 2559 2381 2606 est:
2415 2565 2512 2619 per
2540 2549 2775 2618 gratiam
2810 2563 3049 2618 namque
3101 2548 3194 2603 Dei
3244 2560 3345 2615 pro
3385 2546 3536 2601 omni
3584 2562 3684 2615 gu-

2099 2642 2273 2700 stavit
2301 2652 2532 2696 mortem
2564 2640 2808 2695 :etenim
2860 2640 3155 2696 absurdum
3191 2651 3275 2694 est
3309 2654 3409 2709 pro
3440 2640 3683 2709 peccatis

2097 2733 2321 2803 quidem
2365 2731 2619 2787 humanis
2649 2731 2835 2787 dicere
2859 2745 2984 2787 eum
3012 2743 3243 2787 mortem
3266 2738 3536 2801 gustasse,
3570 2746 3679 2784 nam

2100 2827 2173 2880 ita
2210 2839 2340 2879 vero
2384 2838 2483 2893 pro
2528 2823 2958 2894 quibuscunque
3009 2824 3174 2893 etiam
3210 2822 3451 2893 aliisqui
3483 2832 3682 2892 praeter

2098 2918 2370 2974 hominem
2404 2918 2456 2971 in
2485 2916 2724 2986 peccatis
2746 2917 3124 2981 essent,verbi
3151 2916 3330 2987 gratia
3356 2931 3454 2985 pro
3489 2917 3676 2978 astris,

2097 3009 2354 3065 nimirum
2409 3020 2585 3075 neque
2633 3007 2799 3060 astris
2851 3005 3081 3062 omnino
3127 3021 3313 3060 coram
3373 3006 3485 3062 Deo
3527 3007 3680 3076 puris

400 3095 466 3148 τὸ
486 3095 737 3167 χωρῆσαι
760 3094 918 3161 δόξαν
940 3097 1231 3169 πατρικήν.
1264 3092 1434 3162 Οὗτος
1463 3101 1492 3153 6
1523 3101 1813 3172 ἀρχιερεὺς
1852 3102 1992 3157 κατά

2109 3101 2525 3167 exsistcntihus,
2548 3101 2716 3156 veluti
2741 3100 2970 3169 legimus
2999 3102 3138 3170 apud
3168 3100 3273 3156 Job
3298 3100 3343 3133 ⁸⁸
3368 3118 3382 3155 :
3415 3101 3569 3155 Astra
3590 3118 3682 3155 au-

400 3203 527 3240 τινα
556 3186 752 3259 ἑτέραν
773 3187 924 3259 παρὰ
951 3186 1022 3241 τὰ
1045 3189 1311 3261 εἰρημένα
1341 3189 1583 3244 ἐπίνοιαν
1630 3191 1827 3257 Ἰούδας
1877 3195 1993 3248 ὀνο-

405 3280 660 3352 μάζεται,
696 3281 783 3334 ἵνα
811 3282 860 3335 οἱ
882 3284 939 3335 ἐν
962 3282 1190 3353 κρυπτῷ
1232 3283 1477 3337 Ἰουδαῖοι
1510 3284 1584 3355 μὴ
1609 3284 1716 3338 ἀπὸ
1743 3285 1835 3339 τοῦ
1859 3287 1989 3341 Υίοῦ

415 3372 611 3426 Ἰακὼϐ
654 3373 824 3427 Ἰούδα
852 3373 1095 3427 Ἰουδαῖοι
1124 3375 1556 3446 χρηματίζωσιν,
1582 3376 1717 3431 ἀλλά
1737 3378 1843 3431 ἀπὸ
1868 3378 1992 3432 τού-

400 3483 520 3530 του,
548 3466 702 3531 δντες
734 3466 899 3521 αὑτοῦ
926 3466 1169 3537 ἀδελφοὶ,
1201 3467 1298 3521 καὶ
1330 3467 1608 3533 αἰνοῦντες
1631 3469 1813 3535 αὑτὸν,
1845 3472 1993 3525 ἀντι-

401 3556 804 3630 λαμϐανόμενοι
826 3561 924 3633 τῆς
948 3560 1263 3634 ἐλευθερίας
1283 3603 1299 3625 ,
1326 3563 1394 3633 ἢν
1440 3564 1850 3637 ἐλευθεροῦνται
1895 3568 1989 3621 ὑπ’

402 3650 592 3714 αὐτοῦ,
626 3651 917 3723 ρυσθέντες
945 3654 1054 3707 ἀπὸ
1078 3653 1186 3708 τῶν
1215 3653 1428 3725 ἐχθρῶν
1460 3654 1650 3721 αὑτοῦ,
1681 3656 1780 3721 τὰς
1803 3660 1993 3729 χεῖρας

402 3741 570 3795 αὐτοῦ
596 3741 675 3813 τῷ
704 3742 858 3816 νώτῳ
883 3744 1063 3798 αὐτῶν
1091 3744 1430 3810 ἐπιτιθέντος
1447 3786 1464 3811 ,
1492 3748 1584 3800 καὶ
1625 3749 1992 3816 ὑποτάξαντος

401 3834 622 3899 αὐτούς.
661 3835 820 3889 Ἀλλά
848 3838 944 3890 καὶ
976 3836 1270 3910 πτερνίσας
1289 3838 1389 3911 τὴν
1419 3838 1802 3911 ἀντικειμένην
1836 3843 1991 3915 ἐνέρ-

401 3944 580 3997 γειαν,
614 3926 776 4000 μζνος
798 3946 858 3983 τε
882 3929 1025 4002 ὁρῶν
1053 3930 1143 3983 τὸν
1170 3930 1408 4002 Πατέρα,
1437 3931 1531 3986 καὶ
1563 3933 1650 3985 ὅτε
1704 3933 1992 4006 ἄνθρωπος

402 4020 720 4092 γεγένηται,
766 4021 959 4076 Ἰακώϐ
986 4024 1103 4076 ἐστι
1127 4025 1222 4077 καὶ
1256 4024 1504 4095 Ἰσραὴλ,
1550 4026 1646 4096 ἀφ’
1666 4018 1727 4078 οῦ
1748 4067 1762 4091 ,
1802 4026 1990 4102 ῶσπερ

403 4114 670 4185 γινόμεθα
702 4114 839 4184 φῶς,
872 4115 1050 4186 φωτὸς
1090 4116 1243 4181 ὄντος
1269 4117 1364 4171 τοῦ
1400 4119 1636 4189 κόσμου,
1678 4120 1850 4186 οὕτως
1882 4123 1985 4176 Ία·

403 4207 542 4272 κὼό,
568 4208 906 4280 καλουμένου
946 4206 1160 4277 Ἰακὼϐ,
1194 4212 1289 4265 καὶ
1316 4211 1553 4283 Ἰσραὴλ,
1587 4212 1989 4286 ὀνομαζομένου

414 4301 650 4375 Ἰσραήλ.

2098 3209 2202 3252 tem
2244 3212 2346 3251 non
2386 3205 2506 3249 sunt
2554 3194 2752 3248 ntunda
2789 3195 2846 3246 in
2877 3204 3155 3263 conspectu
3198 3194 3350 3264 ejus,
3395 3194 3505 3248 nisi
3541 3194 3683 3249 forte

2098 3290 2203 3346 hoc
2240 3286 2591 3360 hyperbolice
2628 3287 2835 3339 dictum
2865 3294 2973 3341 est.
3006 3285 3089 3341 Ob
3133 3300 3253 3339 eam
3284 3299 3511 3340 causam
3563 3302 3681 3339 nta-

2098 3397 2238 3453 gnus
2268 3389 2353 3435 est
2386 3378 2661 3443 Pontifex,
2688 3378 2948 3446 quoniam
2980 3391 3148 3445 regno
3174 3375 3356 3429 Patris
3377 3375 3558 3430 omnia
3589 3390 3679 3431 re-

2097 3474 2293 3540 stituit,
2331 3472 2536 3527 faciens
2563 3484 2626 3524 ea
2653 3469 2849 3539 repleri
2891 3484 3012 3538 quae
3060 3469 3114 3522 in
3162 3483 3490 3539 unoquoque
3532 3484 3681 3523 mor-

2102 3567 2288 3621 talium
2335 3565 2552 3625 desunt,
2582 3570 2640 3614 ut
2667 3561 2887 3629 capiant
2920 3568 3205 3630 paternam
3239 3560 3494 3630 gloriam.
3526 3560 3678 3614 Sane

2095 3659 2186 3712 hic
2219 3670 2445 3725 magnus
2484 3651 2734 3707 Pontifex
2761 3650 2916 3719 juxta
2977 3651 3141 3705 aliam
3181 3652 3678 3706 considerationem

2092 3747 2264 3804 ludas
2292 3754 2540 3808 vocatur,
2569 3752 2630 3798 ut
2654 3744 2748 3813 qui
2776 3743 2830 3796 in
2861 3741 3076 3797 occulto
3104 3750 3231 3796 sunt
3259 3740 3432 3797 Judaei
3465 3742 3534 3809 ‘°,
3569 3760 3676 3797 non

2094 3856 2124 3894 a
2157 3838 2296 3895 Juda
2327 3837 2497 3893 Jacob
2524 3835 2635 3891 lilio
2670 3835 3045 3900 nominentur,
3071 3835 3166 3889 sed
3191 3833 3260 3888 ab
3286 3835 3411 3899 hoc,
3440 3835 3680 3890 existen-

2094 3943 2177 3988 tes
2208 3932 2378 4002 ipsius
2416 3930 2619 3984 fratres
2642 3967 2658 3993 ,
2705 3938 2761 3983 et
2788 3927 3078 3982 laudantes
3106 3942 3232 3982 eum
3262 3926 3329 3993 ⁸⁸,
3366 3928 3677 3996 adipiscen-

2098 4034 2179 4078 tes
2228 4022 2559 4084 libertatem,
2605 4033 2710 4088 qua
2753 4017 3057 4075 liberantur
3086 4017 3155 4075 ab
3199 4020 3342 4086 ipso,
3368 4030 3423 4076 et
3453 4020 3676 4077 liberati

2096 4118 2166 4170 ab
2200 4114 2449 4170 hostibus
2473 4112 2611 4175 suis,
2662 4111 2780 4181 ipso
2809 4111 3024 4166 scilicet
3051 4127 3249 4168 manus
3296 4129 3426 4169 suas
3470 4115 3526 4168 in
3555 4106 3678 4170 illo-4

2098 4226 2217 4264 rum
2243 4211 2460 4263 dorsum
2482 4207 2792 4275 imponente
2821 4214 2880 4260 et
2903 4205 3232 4274 subjiciente
3257 4206 3676 4277 ipsos.Pra:ter-

2100 4320 2163 4359 ea
2196 4318 2319 4356 cum
2375 4297 2810 4369 supplantaverit
2840 4299 3109 4354 actionem
3141 4301 3470 4370 oppositam,
3494 4310 3552 4356 et
3583 4317 3675 4357 so-

403 4393 491 4449 lus
516 4396 697 4449 videat
727 4393 943 4450 Patrem
981 4395 1167 4461 (etiam
1197 4396 1419 4464 quando
1447 4397 1609 4451 homo
1641 4397 1816 4453 factus
1839 4402 1968 4471 est),
2004 4398 2173 4456 Jacob
2202 4403 2286 4451 est
2333 4403 2389 4447 et
2437 4392 2630 4455 lsrael,
2672 4408 2702 4447 a
2745 4406 2854 4461 quo
2881 4401 3071 4446 vocato
3100 4390 3267 4448 Jacob
3293 4404 3348 4447 et
3378 4380 3567 4459 Israel,
3601 4393 3676 4448 ita

402 4504 666 4544 vocamur
693 4489 856 4545 etiam
885 4503 986 4544 nos
1016 4487 1187 4544 Jacob
1212 4499 1264 4543 et
1290 4489 1480 4555 Israel,
1511 4500 1569 4544 nt
1597 4492 1665 4544 ab
1699 4492 1836 4561 ipso.
1872 4495 1965 4561 qui
1993 4505 2075 4550 est
2107 4492 2197 4547 lux
2233 4489 2442 4551 mundi,
2468 4487 2555 4541 lux
2590 4487 2754 4541 etiam
2788 4500 3185 4555 nuncupamur.

473 4584 561 4638 41.
611 4583 764 4637 Ἐπεὶ
787 4583 845 4636 δὲ
875 4582 1296 4655 παραλαμϐάνει
1329 4582 1427 4654 τὴν
1461 4583 1737 4655 βασιλείαν
1767 4588 1874 4640 ἀπὸ
1898 4588 1992 4658 βα-

2166 4587 2257 4640 41.
2288 4584 2559 4651 Quoniam
2583 4590 2764 4634 autem
2793 4579 2990 4648 accipit
3014 4594 3242 4650 regnum
3273 4593 3303 4634 a
3340 4595 3489 4651 rege,
3510 4593 3674 4651 quem

404 4677 620 4741 σιλέως,
643 4676 704 4729 ὃν
730 4677 945 4739 ἑαυτοῖς
976 4675 1332 4731 ἐϐασίλευσαν
1367 4677 1417 4729 οἱ
1452 4678 1561 4730 υίοὶ
1609 4678 1826 4751 Ἰσραὴλ
1850 4720 1864 4743 ,
1894 4682 1989 4735 καὶ

402 4769 466 4823 ού
497 4768 585 4821 διὰ
609 4766 705 4821 τοῦ
728 4765 865 4819 Θεοῦ
887 4765 1151 4838 ἄρξαντες
1182 4766 1363 4828 αὐτὸν,
1392 4766 1488 4820 καὶ
1518 4766 1592 4839 μὴ
1622 4770 1988 4848 γνωρίσαντες

401 4856 483 4929 τῷ
514 4857 653 4929 Θεῷ,
674 4856 945 4928 πολέμους
974 4874 1039 4911 τε
1059 4856 1155 4909 τοῦ
1182 4856 1389 4929 Κυρίου
1422 4857 1675 4928 πολεμῶν
1706 4859 1986 4930 ἐτοιμάζει

401 4953 627 5023 εἰρήνην
651 4949 732 5021 τῷ
764 4949 866 5021 υἱῷ
883 4949 1052 5004 αὐτοῦ
1083 4949 1218 5022 λαῷ,
1251 4950 1392 5022 τάχα
1421 4950 1479 5004 δὲ
1501 4950 1590 5005 διά
1629 4951 1786 5006 τοῦτο
1826 4954 1988 5010 Δαυῒδ

400 5041 865 5115 προσαγορεύεται
886 5058 901 5073 ⁸
936 5042 1032 5097 καὶ
1064 5043 1203 5114 μετά
1217 5042 1392 5098 ταῦτα
1413 5044 1628 5114 ῥάϐδος,
1656 5048 1771 5109 τοῖς
1801 5046 1989 5119 δεομέ-

2094 4680 2196 4733 sibi
2231 4676 2590 4747 praefecerant
2624 4674 2716 4729 lilii
2748 4673 2934 4738 Israel,
2961 4675 3163 4743 cuique
3216 4675 3533 4742 imperium,
3564 4673 3675 4728 Deo

2093 4770 2411 4837 neutiquam
2443 4774 2740 4831 annuente,
2773 4765 3118 4820 tradiderant
3143 4805 3157 4830 ,
3188 4779 3367 4835 neque
3401 4766 3509 4818 Deo
3535 4780 3674 4819 con-

2094 4862 2451 4924 ciliaverant;
2500 4866 2556 4912 et
2603 4858 2860 4925 quoniam
2902 4857 3042 4913 bella
3092 4857 3303 4912 Domini
3333 4872 3533 4927 gerens
3559 4857 3675 4911 filio

2095 4970 2195 5011 suo
2222 4955 2439 5022 (nempe
2473 4949 2691 5019 populo)
2720 4963 2905 5018 pacem
2935 4959 3237 5020 comparat,
3263 4949 3518 5006 fortassis
3532 4951 3682 5007 hanc

2094 5049 2166 5105 ob
2214 5060 2433 5102 causam
2465 5043 2635 5099 David
2681 5051 2910 5098 vocatur
2940 5061 2955 5097 :
2993 5043 3189 5099 deinde
3220 5043 3373 5115 virga
3405 5043 3452 5077 ”
3508 5045 3679 5099 uimi-

364 5194 367 5199 λ
470 5158 518 5188 ³⁸
543 5155 880 5231 Matth._x_tx,
909 5155 999 5221 16,
1027 5156 1116 5231 l7.
1192 5158 1237 5189 ³⁷
1265 5156 1431 5214 Hebr.
1463 5160 1655 5226 tv,15.
1710 5159 1757 5193 ⁸⁸
1793 5159 1954 5215 Hebr.
1983 5178 1992 5216 ι

2096 5169 2121 5217 ν.
2195 5161 2240 5194 ³⁸
2265 5160 2398 5231 Cap.
2423 5176 2550 5228 xxv,
2583 5176 2725 5218 vers.
2756 5160 2811 5217 5.
2885 5158 2938 5192 “
2960 5157 3115 5215 Rom.
3144 5172 3206 5225 ιι,
3229 5157 3325 5215 29.
3390 5160 3434 5190 ⁸¹
3468 5157 3582 5214 Gen
3598 5175 3672 5214 es.

401 5244 553 5293 χιιι,
580 5226 638 5284 8.
712 5225 760 5260 δ’
786 5226 893 5282 lsa.
920 5242 999 5293 xl,
1033 5228 1085 5282 ί.

384 5320 394 5348 ³
474 5319 800 5392 (48)ᾲ’ρπερ
821 5318 894 5373 ἐν
916 5333 1038 5373 τισι
1069 5319 1275 5392 κεῖται,
1295 5331 1402 5375 etc.
1436 5320 1632 5392 Legeﬁ
1660 5321 1818 5392 ὅπερ.
1856 5321 1978 5376 Ori-

401 5390 570 5456 genes
594 5390 735 5444 infra
760 5402 894 5445 tom.
920 5405 1113 5447 xxvut.
1153 5407 1209 5446 o.
1244 5391 1333 5453 15,
1355 5392 1409 5444 in
1439 5390 1708 5451 Joun.'xt.
1733 5390 1823 5454 £9,
1852 5392 1939 5449 50.
1968 5412 1981 5447 :

401 5461 514 5533 Καὶ
544 5461 913 5533 συγχρῄσεται
948 5460 1046 5531 τῷ.
1086 5462 1234 5533 ὅπως
1271 5461 1476 5533 χάριτι,
1509 5460 1566 5532 ἢ,
1624 5463 1796 5533 χωρὶς
1845 5462 1984 5516 Θεοῦ

402 5531 545 5603 ὑπὲρ
576 5529 780 5603 παντδς
802 5529 1059 5600 γεύσεται
1091 5529 1981 5603 θανάτουζΡοειει-ῖοιοειιι*σιιιοιιιιε

402 5600 547 5671 hanc
575 5602 868 5657 lectionem
908 5603 1156 5671 sequitur
1178 5601 1504 5657 Ambrosius
1537 5600 1630 5656 lib.
1665 5617 1702 5655 ll
1727 5601 1807 5656 De
1848 5600 1972 5670 ﬁde,

402 5673 475 5724 ad
496 5669 832 5735 Gratianum,
870 5669 999 5740 cap.
1027 5671 1081 5725 4.
1108 5671 1387 5726 Immerito
1432 5671 1596 5740 igitur
1645 5669 1980 5729 Nestorianis

404 5741 511 5796 loci
541 5742 707 5811 hujus
729 5739 1177 5811 depravationem
1216 5742 1408 5796 tribuit
1431 5739 1655 5798 Graccus
1689 5742 1777 5797 ille
1814 5743 1978 5797 scho-

406 5813 594 5870 liastes
613 5809 1008 5884 quem’laudat
1039 5809 1203 5881 Beza,
1237 5820 1421 5883 utpote
1479 5827 1601 5883 qua:
1644 5812 1757 5884 jam
1818 5812 1977 5884 longe

2082 5332 2208 5379 ante
2232 5322 2546 5378 Nestorium
2568 5331 2833 5380 exstaret.
2860 5321 3126 5379 HUETIUS.

2154 5395 2272 5478 (ιο)
2302 5393 2658 5478 Γεγεῦσξαι.
2705 5394 2797 5478 Sic
2847 5398 3016 5478 codex
3077 5392 3665 5478 Bodleian't‘ts."[:3ditio

2082 5461 2262 5519 Httetii
2290 5502 2308 5526 ,
2347 5461 2666 5533 γεύσασθαι.
2739 5463 2862 5533 Mox
2909 5465 3052 5518 idem
3110 5464 3281 5517 codex
3327 5461 3656 5533 Botlleianus

2082 5545 2232 5589 recte
2265 5530 2426 5605 habet
2449 5534 2599 5605 παρὰ
2619 5534 2712 5586 τὸν
2748 5532 3056 5605 ἄνθρωπον,
3098 5534 3237 5587 male
3274 5531 3439 5587 editio
3478 5530 3661 5588 Huetii

2080 5605 2231 5673 παρά
2244 5603 2363 5676 (τῶν
2393 5603 2719 5676 ἀνθρώπων.

2148 5669 2261 5742 (50)
2291 5669 2432 5728 Οἶον
2461 5669 2612 5741 ὑπὲρ
2648 5670 2985 5742 ἄστρων-,⁷1η
3040 5670 3377 5742 Origeuiauis
3428 5673 3658 5742 qrmstio

2077 5746 2144 5800 de
2179 5756 2356 5801 morte
2386 5762 2414 5798 ιι
2446 5745 2669 5800 Christo
2699 5757 2799 5812 pro
2831 5741 3104 5799 sideribus
3135 5741 3281 5799 ubita
3336 5741 3654 5799 ventilatur.
