4174 6464
479 348 554 401 aa
1965 355 2293 414 onIGENts
3686 355 3758 408 96

483 477 606 518 rum
645 463 732 518 his
765 463 858 534 qui
906 465 1205 522 etiamnum
1255 468 1523 526 laboriosa
1579 489 1645 530 ac
1692 476 1914 534 duriore
1941 479 2066 533 vitae

2190 494 2281 541 lat;
2313 477 2572 531 ἐπιπόνου
2602 475 2696 530 καὶ
2725 473 3098 547 σκληροτέρας
3139 472 3384 542 ἀγωγῆς,
3417 472 3514 526 καὶ
3549 471 3623 543 μὴ
3655 471 3757 542 έμ-

483 555 833 612 institutione
884 560 1170 631 indigent,
1205 577 1328 617 cum
1383 566 1613 620 necdum
1645 567 1856 639 seipsos
1892 571 2065 626 amori

484 651 994 722 mansuetudinique
1035 651 1214 708 Patris
1243 659 1605 724 permiserint.
1648 659 1799 716 lianc
1847 663 1917 717 ob
1945 677 2069 717 cau-

484 759 600 797 sam
623 744 668 799 si
705 745 857 814 virga
891 756 1136 814 vocatur,
1161 751 1492 819 egredietur,
1515 767 1690 822 neque
1708 757 1854 810 enim
1887 766 2070 812 manet

486 837 635 892 intra
677 853 759 904 se,
791 841 886 893 sed
931 851 1087 896 extra
1128 844 1509 914 primigt-ttittm
1539 859 1739 902 statum
1769 865 1890 904 esse
1919 851 2070 905 vide-

489 938 597 984 tur.
636 929 884 1000 Cumque
914 948 1170 1003 egressus
1205 935 1366 990 fuerit
1396 938 1571 994 lactus
1603 941 1776 1011 virga,
1809 959 1915 997 non
1948 960 2069 998 ma-

487 1032 581 1076 net
613 1023 787 1093 virga,
819 1025 912 1080 sed
957 1039 1080 1095 post
1109 1030 1314 1100 virgam
1342 1033 1591 1086 exoritur
1622 1033 1722 1090 ﬂos
1747 1037 2068 1091 ascendens.

491 1111 646 1168 Unde
674 1114 848 1182 ipsam
879 1117 1045 1187 virgae
1068 1123 1467 1177 extremitatem
1491 1123 1682 1179 ﬂorem
1713 1140 1837 1182 esse
1857 1127 2075 1197 conspi-

487 1205 644 1260 ciunt
671 1205 745 1260 illi
775 1208 866 1276 qui
897 1209 966 1262 ah
995 1225 1062 1264 eo
1093 1211 1237 1266 facto
1263 1213 1412 1280 virga
1443 1215 1646 1268 visitati
1673 1215 1894 1273 fuerint.
1926 1218 2071 1274 Visi-

490 1295 628 1349 tahit
652 1297 797 1350 enim
832 1298 973 1354 Deus
1001 1301 1053 1354 in
1096 1302 1246 1374 virga
1293 1303 1509 1376 (nempe
1544 1306 1784 1379 Christo)
1814 1309 2073 1378 iniquita-

490 1398 574 1442 tes
591 1403 776 1444 eorum
793 1404 932 1460 quos
954 1393 1216 1459 visitabit,
1236 1397 1665 1453 miscricordiam
1683 1399 1792 1472 43
1815 1417 1946 1457 vero
1966 1419 2071 1458 non

491 1479 764 1550 disperget
785 1482 853 1537 ab
887 1497 952 1537 eo
977 1483 1044 1538 ”.
1076 1485 1251 1554 Ipsum
1285 1504 1518 1558 namque
1555 1491 1872 1557 miseratur,
1902 1508 2075 1562 quan-

492 1571 782 1640 doqnidem
811 1589 949 1644 quos
981 1578 1268 1633 miseratur
1294 1579 1482 1646 Filius,
1501 1583 1791 1638 miseratur
1817 1597 1872 1640 et
1891 1587 2073 1644 Pater.

494 1663 792 1722 Possumus
810 1681 994 1724 autem
1013 1687 1118 1726 non
1135 1671 1202 1726 de
1217 1673 1406 1729 iisdem
1428 1676 1704 1745 accipere,
1724 1677 1928 1734 factum
1947 1679 2080 1735 luis-

495 1773 556 1814 se
587 1761 761 1828 ipsum
785 1763 994 1830 virgam
1013 1775 1062 1817 et
1086 1763 1272 1819 ﬂorem
1295 1784 1310 1832 ;
1333 1767 1426 1820 sed
1449 1765 1890 1840 vi'rgam'quidem
1909 1785 2077 1842 egen-

497 1849 644 1904 tibus
673 1852 1184 1919 punitione,tlorem
1223 1869 1356 1911 vero
1389 1857 1478 1912 his
1513 1860 1610 1930 qui
1639 1828 1972 1928 servantur;
1984 1862 2079 1917 sed
2112 1828 2155 1884 Β

499 1941 694 1996 melius
720 1944 962 1999 arbitror
983 1947 1126 2016 quod
1147 1947 1299 2016 prius
1329 1949 1461 2005 dixi.
1495 1950 1754 2005 Attamen
1787 1955 1888 2006 hoc
1911 1955 2078 2008 etiam

499 2033 555 2086 in
605 2033 707 2090 hoc
736 2035 858 2090 loco
907 2038 1212 2094 addendum
1237 2049 1342 2106 est,
1369 2041 1604 2098 fortasse
1635 2044 1876 2099 futurum
1909 2057 1966 2099 ut
1993 2047 2080 2102 cui

501 2126 667 2180 fuerit
713 2128 966 2184 Christus
1000 2131 1170 2201 virga,
1221 2134 1292 2187 sit
1337 2133 1410 2188 illi
1467 2135 1630 2190 etiam
1664 2147 1888 2206 pr0pter
1917 2140 2083 2209 virga:

501 2219 906 2273 extremitatem
939 2224 1168 2277 omnino
1198 2223 1318 2289 ﬂos,
1352 2227 1446 2280 sed
1479 2242 1584 2281 non
1626 2239 1823 2284 contra
1853 2245 1868 2294 ;
1908 2245 2084 2300 neque

499 2307 645 2362 enim
677 2309 721 2362 si
747 2310 911 2364 alicui
942 2311 1064 2379 ﬂos,
1105 2313 1230 2368 huic
1267 2315 1432 2370 etiam
1461 2326 1545 2372 est
1575 2319 1724 2389 virga
1761 2338 1774 2374 :
1810 2321 1910 2376 nisi
1938 2320 2082 2377 forte

497 2396 644 2466 quod
677 2396 776 2454 llos
806 2400 880 2454 sit
911 2401 1210 2469 perfectior
1243 2404 1398 2471 ﬂore,
1430 2407 1654 2478 ipsaque
1685 2408 1878 2466 ﬂorum
1907 2413 2078 2469 eruis-

500 2489 676 2554 sione,
705 2505 828 2560 quze
866 2492 934 2548 de
959 2495 1028 2548 iis
1059 2495 1258 2553 dicitur
1283 2500 1373 2569 qui
1397 2499 1608 2556 fructus
1641 2503 1914 2572 perfectos
1943 2521 2079 2560 non-

505 2581 632 2635 dum
666 2581 929 2650 tulerunt,
957 2585 1185 2654 perfecti
1211 2589 1262 2643 id
1291 2591 1438 2659 quod
1472 2607 1634 2662 supra
1663 2594 1850 2650 ﬂorem
1881 2595 2086 2654 Christi

509 2682 621 2742 est,
658 2677 896 2746 capiant.
929 2678 1034 2746 Qui
1069 2695 1201 2738 vero
1245 2683 1417 2754 ipsius
1453 2685 1602 2757 virga
1635 2689 1826 2744 tentati
1859 2689 2087 2756 fuerint,

509 2769 674 2824 simul
726 2787 851 2826 cum
885 2773 1000 2844 ipsa
1033 2774 1185 2844 virga
1241 2775 1411 2833 futuri
1460 2794 1566 2834 non
1619 2790 1746 2835 sunt
1791 2785 2090 2854 participes

503 2861 900 2930 perfectionum
931 2865 1178 2933 Christi,
1217 2869 1310 2924 sed
1346 2879 1554 2925 tantum
1583 2870 1736 2928 ﬂoris
1777 2877 2090 2943 praeceden-

510 2953 583 3008 tis
647 2953 860 3012 fructus
915 2957 1104 3028 ipsius.
1159 2961 1404 3032 Denique
1459 2975 1754 3036 antequam
1811 2970 1880 3022 ad
1938 2971 2088 3025 vocis

516 3047 698 3116 Λόγος
723 3064 953 3104 examen
991 3055 1318 3111 accedamus
1343 3101 1358 3124 ,
1403 3059 1540 3126 lapis
1581 3071 1666 3115 est
1715 3060 1966 3118 Christus
2002 3079 2088 3119 re-

2168 571 2574 644 παρεσχηκόσιν
2598 569 2959 641 (51)ὲαυτοὺς
3001 571 3066 638 τῇ
3109 568 3299 638 ἀγάπῃ
3345 567 3438 620 καὶ
3477 568 3543 638 τῇ
3589 565 3760 637 πραό-

2167 681 2289 734 τητι
2317 663 2412 716 τοῦ
2442 662 2672 734 Πατρός.
2725 661 2824 714 Διά
2870 659 3058 723 τοῦτο,
3105 660 3200 714 ὲάν
3252 659 3445 730 ῥάϐδος
3487 659 3761 721 καλεῖται,

2170 755 2544 823 ὲξελεύσεται’
2591 755 2653 808 οὐ
2697 753 2806 827 γὰρ
2859 754 3011 824 μένει
3049 753 3109 806 ἐν
3140 751 3324 823 αὐτῷ,
3375 751 3488 806 ἀλλ’
3523 751 3629 816 ἔξω
3658 752 3760 822 τῆς

2171 847 2590 919 προηγουμένης
2647 847 3037 909 καταστάσεως
3085 840 3225 899 εἶναι
3265 845 3432 898 δοκεῖ.
3496 843 3760 911 Ἐξελθὼν

2171 940 2228 994 δὲ
2255 941 2350 993 καὶ
2379 941 2667 1012 γενόμενος
2701 939 2914 1012 ῥάϐδος,
2949 938 3010 992 οὐ
3039 938 3190 1009 μένει
3215 938 3428 1010 ῥάϐδος,
3452 938 3588 994 ἀλλά
3623 937 3764 1010 μετὰ

2172 1033 2271 1102 τὴν
2309 1033 2502 1105 ῥάϐδον
2534 1032 2694 1096 ἄνθος
2719 1031 2928 1101 γίνεται
2954 1031 3265 1096 ἀναϐαῖνον,
3311 1033 3405 1086 κα)⁸
3454 1031 3628 1104 πέρας
3665 1032 3762 1086 τοῦ

2174 1121 2314 1178 εἶναι
2349 1124 2541 1196 ῥάϐδος
2569 1124 2630 1178 τὸ
2663 1123 2823 1188 ἄνθος
2845 1123 3230 1178 ἀποδείκνυται
3253 1126 3368 1187 τοῖς
3399 1123 3489 1177 διά
3518 1121 3613 1176 τοῦ
3665 1124 3763 1176 αὑ-

2174 1217 2265 1269 τὸν
2307 1217 2588 1285 γεγονέναι
2631 1216 2828 1288 ῥάϐδον
2889 1217 3195 1287 ἐπισκοπῆς
3235 1215 3588 1286 τετυχηκόσιν
3625 1213 3758 1279 (52).

2189 1308 2573 1378 Ἐπισκέψεται
2603 1308 2711 1381 γάρ
2742 1311 2770 1362 6
2801 1307 2932 1372 Θεὸς
2977 1309 3032 1362 ὲν
3065 1306 3246 1379 ῥάϐδῳ
3291 1305 3369 1376 τῷ
3414 1304 3634 1377 Χριστῷ
3665 1305 3764 1368 τὰς

2178 1402 2408 1472 ἀνομίας
2439 1401 2618 1456 αὐτῶν
2651 1397 2724 1455 ὧν
2747 1401 3136 1470 ἐπισκέψεται·
3160 1401 3222 1453 τὸ
3252 1400 3309 1453 δέ
3361 1400 3507 1464 ἕλεος
3556 1399 3668 1470 (53)
3701 1398 3764 1452 οὐ

2181 1489 2256 1560 μὴ
2284 1489 2628 1544 διασκεδάσει
2653 1490 2746 1544 ἀπ’
2781 1489 2947 1543 αὑτοῦ
2968 1507 2982 1520 ⁸
3008 1489 3170 1542 αὐτὸν
3202 1487 3311 1560 γάρ
3340 1489 3482 1542 ἐλεεῖ
3503 1529 3518 1552 ,
3549 1489 3640 1542 ὅτε
3673 1487 3766 1551 οὓς

2182 1579 2426 1651 βούλεται
2446 1583 2474 1634 6
2500 1580 2628 1643 Υἱὸς
2647 1579 2936 1642 ἐλεεῖσθαι,
2959 1581 2988 1632 6
3014 1578 3202 1650 Πατὴρ
3227 1577 3384 1631 ἐλεεῖ.
3416 1578 3572 1630 Ἐστι
3594 1575 3652 1629 δὲ
3673 1575 3768 1629 καὶ

2184 1672 2258 1744 μὴ
2298 1672 2389 1725 ἐπὶ
2414 1671 2522 1725 τῶν
2553 1670 2733 1726 αὐτῶν
2759 1670 3074 1741 λαμϐάνειν,
3109 1671 3302 1740 ῥάϐδον
3336 1670 3498 1723 αὑτὸν
3522 1669 3768 1738 γίνεσθαι

2181 1766 2277 1818 καὶ
2309 1763 2488 1827 ἄνθος,
2524 1763 2659 1816 ἀλλά
2686 1761 2880 1832 ῥάϐδος
2908 1761 3005 1833 μὲν
3035 1764 3145 1825 τοῖς
3175 1761 3450 1831 δεομένοις
3473 1759 3766 1822 κολάσεως,

2183 1855 2342 1920 ἄνθος
2373 1855 2429 1909 δὲ
2450 1858 2562 1917 τοῖς
2595 1854 2926 1925 σωζομένοις
2946 1870 2960 1883 ο
2998 1852 3208 1924 βέλτιον
3229 1852 3274 1905 δ’
3301 1847 3455 1922 οἶμαι
3487 1851 3548 1904 τὸ
3571 1851 3768 1920 πρότε-

2187 1964 2296 2018 ρον.
2329 1947 2476 2018 Πλὴν
2502 1947 2658 2000 τοῦτο
2683 1946 3007 2017 προσθετέον
3036 1946 3176 1999 κατά
3206 1945 3295 1997 τὸν
3315 1946 3500 2006 τόπον,
3525 1945 3606 1997 δτι
3632 1943 3773 2012 τάχα

2181 2040 2270 2095 διά
2305 2041 2365 2093 τὸ
2394 2039 2567 2102 τέλος,
2600 2039 2654 2091 εἰ
2669 2055 2775 2092 τινι
2809 2039 2908 2109 μὲν
2939 2037 3146 2107 γίνεται
3166 2036 3382 2109 ῥάϐδος,
3407 2035 3525 2089 ἐστὶ
3557 2037 3772 2100 πάντως

2184 2132 2280 2186 καὶ
2309 2132 2486 2196 ἄνθος,
2510 2133 2569 2185 οὐ
2607 2132 2710 2204 μὴν
2735 2131 2872 2201 (δέ),
2903 2132 2955 2184 εἴ
2976 2148 3083 2184 τινι
3114 2130 3292 2193 ἄνθος,
3333 2129 3526 2200 ἐκείνῳ
3555 2128 3773 2192 πάντως

2184 2224 2278 2277 καὶ
2305 2223 2498 2294 ῥάϐδος
2521 2241 2536 2254 ο
2577 2226 2624 2277 εί
2661 2223 2736 2295 μὴ
2767 2224 2896 2296 ἄρα.
2925 2224 3046 2276 ἐπεί
3073 2225 3218 2276 ἐστιν
3253 2222 3413 2285 ἄνθος
3444 2221 3774 2292 τελειότερον

2183 2316 2277 2370 τοῦ
2308 2315 2522 2380 ἄνθους,
2555 2316 2648 2371 καὶ
2681 2316 2776 2370 τοῦ
2805 2315 2987 2370 ἀνθεῖν
3013 2315 3105 2368 ἐπὶ
3145 2314 3251 2368 τῶν
3287 2314 3513 2385 μηδέπω
3553 2313 3775 2377 τελείως

2185 2408 2680 2481 καρποφορούντων
2712 2407 3141 2480 ὀνομαζομένου,
3165 2409 3215 2461 οἱ
3238 2407 3430 2461 τέλειοι
3456 2408 3517 2461 τὸ
3546 2407 3687 2478 ὑπὲρ
3715 2407 3774 2462 τὺ

2187 2503 2347 2567 ἄνθος
2375 2501 2616 2575 χωροῦσι
2645 2501 2740 2556 τοῦ
2767 2500 3030 2574 Χριστοῦ·
3065 2502 3114 2554 oi
3147 2500 3205 2554 δὲ
3234 2501 3429 2570 ῥάϐδου
3462 2499 3627 2554 αὑτοῦ
3661 2499 3773 2570 (55)

2188 2597 2600 2668 πεπειραμένοι,
2634 2595 2750 2668 ἅμα
2771 2597 2835 2666 τῇ
2866 2594 3046 2666 ῥάϐδῳ
3080 2595 3140 2648 οῦ
3175 2593 3274 2662 τῆς
3307 2593 3644 2664 τελειότητος
3680 2593 3776 2646 αῦ-

2187 2690 2304 2753 τοῦ,
2336 2690 2474 2744 ἀλλά
2494 2691 2589 2744 τοῦ
2618 2689 2812 2752 ἄνθους
2835 2686 2929 2741 τοῦ
2953 2687 3058 2760 πρὸ
3077 2686 3186 2740 τῶν
3218 2685 3447 2758 καρπῶν
3473 2684 3637 2740 αὑτοῦ
3677 2702 3776 2756 με-

2187 2783 2536 2854 ταλήψονται.
2560 2781 2878 2835 Τελευταῖον
2899 2779 3000 2852 πρὸ
3025 2778 3119 2832 τοῦ
3147 2778 3321 2847 Λόγου
3343 2773 3410 2848 ἦν
3432 2776 3576 2841 λίθος
3597 2779 3626 2831 6
3648 2777 3779 2849 Χρι-

2191 2875 2316 2939 στὸς
2345 2873 2882 2946 ἀποδοκιμαζόμενος
2913 2872 3021 2926 ὑπὸ
3057 2871 3163 2925 τῶν
3195 2870 3524 2942 οἰκοδόμων,
3573 2871 3668 2924 καὶ
3699 2871 3777 2934 είς

2191 2967 2434 3040 κεφαλὴν
2484 2967 2688 3037 γωνίας
2742 2963 3251 3034 κατατασσόμενος·
3309 2963 3430 3017 ἐπεὶ
3479 2961 3588 3032 γάρ
3639 2961 3779 3014 λίθοι

2192 3060 2396 3126 ζῶντες
2422 3058 2830 3132 οἱκοδομοῦνται
2854 3057 2948 3112 ἐπὶ
2970 3056 3202 3127 θεμελίῳ
3242 3055 3448 3127 ἑτέροις
3477 3053 3643 3118 λίθοις
3667 3053 3778 3106 τῶν

509 3141 774 3206 probatus
805 3142 876 3196 ab
896 3143 1314 3208 aedificantibus.
1347 3159 1399 3204 et
1431 3151 1484 3204 in
1519 3161 1682 3221 caput
1711 3153 1891 3223 anguli
1935 3155 2081 3208 ordi-

2191 3149 2504 3204 ἀποστόλων
2547 3152 2643 3205 καὶ
2687 3149 3002 3223 προφητῶν,
3021 3150 3172 3214 ὄντος
3191 3147 3584 3219 ἀκρογωνιαίου
3612 3144 3778 3199 αὐτοῦ

509 3240 674 3284 natus
705 3231 771 3286 δι.
801 3234 1067 3300 Quoniam
1097 3239 1242 3292 enim
1273 3239 1480 3310 lapides
1519 3243 1624 3297 vivi
1655 3243 2000 3300 aediﬁcantur
2033 3246 2086 3300 in

509 3322 901 3392 fundamento,
955 3328 1079 3385 aliis
1121 3330 1390 3401 lapidibus
1447 3335 1810 3400 apostolorum
1859 3347 1916 3393 et
1959 3354 2088 3408 pro-

509 3415 821 3484 phetarum,
857 3421 973 3490 ipso
1001 3421 1128 3478 Jesu
1157 3422 1382 3480 Christo
1426 3426 1658 3483 Domino
1692 3439 1881 3485 nostro
1936 3432 2090 3486 exsi-

511 3519 697 3566 stente
727 3527 945 3568 summo
989 3516 1231 3586 angulari
1263 3517 1441 3584 lapide
1484 3519 1555 3585 ",
1585 3535 1651 3574 eo
1681 3521 1822 3590 quod
1856 3522 1968 3590 ipse
2021 3523 2094 3576 sit

509 3615 640 3670 pars
659 3613 945 3662 structura:
973 3623 1092 3678 quae
1107 3623 1192 3664 est
1217 3625 1280 3664 ex
1301 3611 1570 3680 lapidibus
1588 3613 1894 3669 viventibus
1927 3615 1978 3668 in
2007 3629 2094 3668 re-

512 3696 672 3764 gione
701 3699 998 3754 viventium
1026 3741 1041 3764 ,
1079 3700 1218 3771 lapis
1263 3703 1588 3774 appellatur.
1650 3703 1773 3759 llaec
1833 3715 2015 3759 autem
2061 3720 2090 3758 a

513 3786 675 3840 nobis
700 3788 848 3843 dicta
874 3800 1002 3844 sunt
1035 3792 1366 3862 redarguere
1407 3793 1610 3850 multos
1641 3795 1974 3860 volentilms,
2001 3793 2092 3863 qui

515 3878 734 3947 privata
793 3882 1029 3950 quadam
1069 3883 1340 3937 electione
1385 3895 1439 3938 et
1479 3895 1708 3939 utuntur
1733 3925 1751 3952 ,
1801 3895 1858 3940 et
1900 3901 2096 3957 segnes

515 3978 645 4024 sunt
673 3971 728 4025 in
761 3972 1090 4044 indagando,
1124 3989 1248 4029 nam
1296 3987 1374 4032 tot
1413 3979 1631 4031 nomina
1677 3992 1800 4030 cum
1837 3978 1947 4031 sint
1977 3992 2096 4046 qua:

2197 3241 2436 3317 Χριστοῦ
2472 3239 2646 3314 Ἰησοῦ
2668 3242 2762 3296 τοῦ
2792 3243 2996 3315 Κυρίου
3020 3245 3052 3313 ὴ
3063 3240 3198 3312 μῶν,
3226 3241 3314 3295 διά
3351 3240 3411 3293 τὺ
3441 3236 3577 3294 εἶναι
3620 3239 3782 3293 αὑτὸν

2200 3335 2366 3409 μέρος
2405 3335 2505 3407 τῆς
2533 3337 2597 3389 ὲκ
2623 3334 2786 3388 λίθων
2817 3333 3036 3398 ζώντων
3061 3335 3118 3387 ὲν
3144 3333 3298 3405 χώρᾳ
3323 3331 3540 3397 ζώντων
3575 3333 3783 3387 οἰκοδο-

2203 3429 2331 3500 μῆς,
2371 3427 2518 3492 λίθος
2556 3425 3040 3499 προσαγορεύεται.
3091 3424 3274 3480 Ταῦτα
3304 3425 3362 3478 δὲ
3422 3427 3554 3496 ἡμῖν
3605 3425 3783 3480 πάντα

2201 3521 2414 3591 εἴρηται
2437 3517 2498 3572 τδ
2525 3517 2635 3571 τῶν
2666 3516 2876 3571 πολλῶν
2905 3517 3354 3589 ἀποκληρωτικὸν
3400 3517 3494 3569 καὶ
3527 3517 3771 3573 ἀϐασάνι-

2205 3627 2328 3662 στον
2356 3607 2572 3678 ἐλέγξαι
2600 3608 2967 3680 βουλομένοις,
2996 3609 3079 3662 ὅτι
3113 3607 3380 3662 τοσούτων
3402 3609 3682 3680 ὀνομάτων
3707 3612 3784 3673 εἰς

2201 3699 2361 3754 αὐτὸν
2381 3700 2804 3774 ἀναφερομένων
2833 3701 3075 3754 ἵστανται
3096 3699 3189 3754 ἐπὶ
3214 3700 3379 3771 μόνης
3409 3700 3520 3771 (56)
3551 3699 3650 3770 τῆς
3677 3701 3784 3754 Λό-

2200 3809 2299 3860 γος
2333 3794 2648 3865 ὀνομασίας,
2669 3794 2769 3848 οὐκ
2788 3792 3134 3858 ἐξετάζοντες
3161 3792 3213 3846 τί
3232 3792 3431 3864 δήποτε
3447 3791 3620 3860 Λόγος
3643 3786 3786 3844 εἶναι

2202 3883 2334 3948 Θεὸς
2364 3885 2422 3938 ὲν
2442 3885 2583 3957 ἀρχῇ
2612 3884 2746 3957 πρὸς
2779 3885 2870 3938 τὸν
2899 3884 3141 3954 Πατέρα,
3175 3882 3241 3936 δι’
3265 3878 3325 3938 οῦ
3357 3881 3428 3937 τά
3456 3883 3634 3938 πάντα
3666 3880 3787 3950 ὲγέ-

2201 3993 2343 4042 νετο,
2376 3978 2790 4050 ἀναγέγραπται
2809 3980 2838 4031 6
2869 3977 2999 4040 Υἱδς
3021 3975 3116 4029 τοῦ
3141 3975 3298 4030 Θεοῦ.

517 4063 586 4119 ad
613 4064 889 4120 Christum
932 4067 1260 4133 referantur,
1315 4069 1368 4122 in
1407 4071 1522 4122 solo
1549 4069 1642 4122 τοῦ
1665 4070 1824 4140 λόγου
1857 4069 2049 4141 [idest
2080 4069 2306 4124 rationis
2345 4078 2402 4125 et
2444 4068 2736 4142 sermonis]
2780 4071 3046 4124 vocabulo
3090 4069 3502 4138 acquiescentes
3552 4081 3657 4122 non
3692 4081 3788 4120 ex-

516 4161 763 4228 pendunt
815 4176 1042 4218 curnam
1097 4164 1313 4218 tandem
1370 4163 1542 4219 Filius
1595 4163 1727 4229 Dei,
1781 4165 1922 4221 Deus
1967 4167 2020 4218 in
2053 4166 2318 4237 principio
2373 4166 2513 4236 apud
2563 4164 2802 4231 Patrem,
2857 4164 3148 4234 inscriptus
3178 4163 3251 4216 sit
3279 4161 3454 4229 Λόγος
3494 4176 3592 4231 per
3625 4177 3788 4232 quem

517 4256 700 4311 omnia
732 4256 875 4312 facta
911 4269 1041 4314 sunt
1069 4258 1136 4315 ⁸⁸.

585 4348 688 4414 42.,
712 4348 778 4404 Ut
803 4349 970 4417 igitur
997 4360 1222 4421 prepter
1264 4352 1536 4408 actionem
1563 4395 1579 4420 ,
1616 4369 1684 4409 eo
1722 4353 1866 4424 quod
1898 4353 2086 4408 illumi-

2273 4349 2363 4405 ιε.
2407 4349 2617 4418 Ὠσπερ
2637 4346 2818 4399 τοίνυν
2842 4343 2994 4416 παρά
3018 4342 3116 4414 τὴν
3141 4341 3438 4413 ἐνέργειαν,
3460 4343 3524 4395 ὲκ
3553 4341 3648 4394 τοῦ
3676 4358 3789 4409 φω-

521 4449 613 4493 nct
636 4441 915 4508 mundum,
944 4441 1100 4512 cujus
1149 4453 1231 4498 est
1264 4442 1378 4510 lux,
1407 4443 1501 4499 lux
1551 4445 1738 4500 mundi
1765 4444 2093 4516 appellatur,

521 4541 577 4584 et
607 4547 671 4586 ex
705 4549 770 4588 eo
796 4535 940 4604 quod
991 4545 1185 4590 auctor
1230 4537 1302 4592 sit
1348 4539 1679 4606 deponendae
1725 4537 2100 4593 mortiﬁcatio‘

516 4622 631 4686 nis,
663 4624 735 4678 illi
771 4627 987 4682 sincere
1023 4628 1428 4684 adlmrentibus
1467 4639 1522 4684 et
1552 4630 1966 4700 resurgentibus
2015 4645 2101 4684 re-

517 4714 756 4783 cipiendi
791 4717 914 4772 vita:
950 4720 1261 4790 novitatem,
1296 4724 1626 4778 resurrectio
1660 4731 1906 4786 vocatur,
1943 4721 2100 4774 item-

521 4821 630 4876 que
677 4818 898 4879 propter
926 4810 1088 4866 aliam
1137 4814 1428 4880 actionem,
1463 4825 1518 4870 ct
1565 4823 1772 4886 pastor,
1801 4827 1857 4869 et
1909 4831 2103 4884 prace-

523 4909 650 4970 ptor
673 4944 689 4970 ,
739 4912 794 4958 et
821 4921 914 4960 rex
941 4947 956 4974 ,
982 4920 1046 4961 ac
1074 4907 1310 4978 denique
1339 4907 1534 4977 sagitta
1566 4906 1761 4970 electa,
1795 4918 1845 4962 et
1881 4922 2094 4974 servus,

528 4993 596 5048 ad
629 4993 743 5048 haec
775 4997 1073 5053 advocatus
1097 5036 1114 5063 ,
1149 4997 1467 5068 propitiatio
1491 5037 1506 5060 ,
1535 5009 1590 5053 et
1630 4997 1971 5068 propitiator,
2017 4996 2098 5051 sic

527 5088 690 5141 etiam
723 5089 896 5157 Λόγος
920 5089 1050 5162 [hoc
1075 5101 1160 5146 est
1190 5090 1354 5163 ratio]
1383 5091 1604 5157 dicitur,
1634 5089 1898 5160 quidquid
1923 5089 1976 5142 in
2003 5102 2101 5142 no-

2201 4443 2371 4508 τίζειν
2409 4439 2500 4492 τὸν
2531 4438 2756 4509 κόσμον,
2789 4431 2849 4491 οῦ
2883 4435 2999 4505 φῶς
3033 4437 3150 4488 ἐστι
3171 4477 3185 4499 ,
3235 4434 3351 4505 φῶς
3388 4434 3595 4506 κόσμου
3630 4451 3792 4506 προς.

2204 4533 2544 4606 αγορεὺεται,
2574 4531 2668 4584 καὶ
2700 4529 2850 4603 παρά
2881 4529 2943 4582 τὸ
2963 4531 3136 4581 ποιεῖν
3169 4526 3523 4582 ἀποτίθεσθαι
3561 4526 3660 4597 τὴν
3699 4544 3789 4580 νε-

2203 4626 2444 4696 κρότητα
2472 4622 2598 4684 τοὺς
2623 4620 2864 4692 γνησίως
2898 4617 3048 4690 αὐτῷ
3065 4617 3406 4690 προσιόντας,
3434 4618 3528 4670 καὶ
3555 4615 3796 4687 ἀναλαμ-

2205 4719 2389 4772 ϐάνειν
2423 4714 2716 4784 καινότητα
2747 4711 2892 4782 ζωῆς
2917 4709 3328 4781 ἀνισταμένους,
3362 4709 3658 4771 ἀνάστασις
3688 4724 3790 4760 κα-

2205 4810 2404 4872 λεῖται,
2442 4805 2573 4879 παρ’
2596 4804 2790 4877 ἑτέραν
2818 4803 3018 4875 πρᾶξιν
3053 4800 3255 4872 ποιμὴν
3307 4799 3402 4853 καὶ
3448 4797 3787 4863 διδάσκαλος,

2206 4902 2302 4957 καὶ
2351 4897 2624 4970 βασιλεὺς,
2676 4893 2829 4966 βέλος
2876 4909 2934 4946 τε
2987 4889 3240 4946 ἐκλεκτὸν
3272 4890 3366 4942 καὶ
3397 4887 3604 4952 δοῦλος,
3655 4887 3789 4959 πρὲ,

2207 4993 2416 5056 τούτοις
2451 4989 2802 5062 παράκλητος
2830 4987 2924 5040 καὶ
2946 4983 3191 5056 ίλασμδς,
3219 4982 3312 5036 καὶ
3334 4981 3666 5052 ἱλαστήριον,
3696 4978 3788 5032 οῦ-

2208 5101 2316 5149 τως
2339 5084 2432 5138 καὶ
2457 5081 2648 5150 Λόγος,
2684 5078 2781 5132 καὶ⁹
2809 5078 2916 5131 πᾶν
2935 5075 3126 5143 ἄλογον
3157 5072 3314 5145 ἡμῶν
3344 5073 3663 5145 πριαιρῶν,
3700 5069 3795 5125 καὶ

600 5227 648 5261 ⁸³
675 5226 819 5282 Psal.
853 5243 1116 5290 Lxxxvm.
1147 5227 1238 5290 55,
1266 5227 1359 5283 54.
1441 5227 1488 5258 δι
1519 5225 1662 5280 Psal.
1688 5240 1858 5290 cxvu,
1885 5224 1976 5279 Q2.
2060 5223 2086 5256 "‘

2190 5223 2332 5292 phes.
2371 5235 2432 5286 It,
2461 5217 2555 5272 20.
2627 5217 2674 5249 ⁸⁸
2695 5213 2852 5270 Joan.
2884 5229 2923 5278 t,
2955 5213 3011 5277 2,
3040 5210 3096 5267 '5.

598 5345 1334 5418 (5l)_:E';t:zapeoxnxdqtr.
1377 5341 1469 5396 Sic
1519 5342 1688 5396 codex
1741 5339 2105 5404 Bodleianus;

527 5415 702 5493 editio
733 5415 914 5493 ll_uetii
938 5415 1366 5493 παρεσχηκόσιν.
1394 5483 1405 5493 _
1517 5481 1552 5493 η
1610 5481 1643 5493 __
1685 5480 1698 5493 _

603 5487 718 5559 (52)
753 5480 1279 5559 Τετυχηκόσιᾶἓζιιιι
1307 5483 1476 5538 codex
1517 5480 1876 5549 Bodleianus;
1937 5480 2109 5535 editio

534 5557 710 5634 Ilnctii
739 5557 1072 5634 τετευχόσξγγ
1201 5624 1251 5634 _,
1300 5624 1336 5634 η
1390 5623 1426 5634 ..
1466 5623 1478 5634 .
1698 5633 1704 5634 γ
1746 5621 1782 5634 η
1854 5622 1865 5634 -
1955 5619 1966 5629 ν

608 5629 720 5700 (55)
752 5621 980 5700 Ἕλεῦς.
1008 5627 1100 5680 Sic
1117 5624 1277 5700 codd.
1299 5623 1628 5700 Bodleianus
1658 5633 1708 5674 et
1743 5621 2107 5687 Barbcrinus;

533 5693 1118 5776 pertwgrarn-lluetiana
1147 5697 1314 5776 editio
1336 5695 1387 5749 in
1414 5703 1560 5776 textu
1587 5693 1723 5776 ἕλος.

606 5763 719 5838 (54)
750 5767 994 5843 Πάντως
1022 5767 1124 5843 καὶ
1155 5768 1360 5832 ἄνθος,
1392 5767 1462 5843 οὐ
1482 5763 1630 5833 μὴν,
1658 5774 1780 5843 clc._
1813 5763 2110 5843 βίοι-τεῳ

540 5831 702 5896 habet
731 5847 899 5897 codex
925 5831 1274 5906 Bbdlcianus,
1300 5831 1439 5894 male
1466 5831 1644 5891 autem
1697 5833 1862 5892 editio
1905 5831 2105 5897 Huctii,

2214 5331 2944 5406 πάντωςᾶνθνςιβξξήιείίῖο
3017 5396 3034 5406 .
3224 5395 3278 5406 ,..
3421 5393 3456 5406 ,.
3593 5392 3606 5406 .
3681 5393 3691 5404 .

2285 5392 2495 5478 (55)’οι
2516 5392 2832 5478 δὲ’ῥάϐδὸυ
2856 5396 3068 5478 αὐτοῦ,
3096 5407 3201 5450 etc.
3223 5393 3550 5478 §ic_‘0pt_ime
3574 5392 3792 5478 leg-itur

2214 5479 2269 5532 in
2291 5461 2490 5532 ‘codice
2520 5461 2832 5534 Bodleiano,
2862 5472 3005 5524 male
3027 5481 3204 5522 autem
3231 5469 3282 5520 in
3314 5464 3481 5534 Regio
3508 5466 3543 5535 ἡ
3569 5462 3626 5516 δὲ
3650 5461 3791 5534 ῥάϐ-

2277 5545 2651 5612 ςαύτοῦ,ριο.
2807 5610 2819 5615 _
2879 5610 2890 5615 Α
3025 5610 3036 5615 _
3273 5614 3276 5615 ν
3385 5604 3428 5615 _'
3468 5603 3481 5615 _
3561 5602 3594 5615 Α,
3640 5603 3651 5614 ο

2212 5548 2299 5612 δος
2333 5548 2651 5609 αὐτοῦωιο.
3583 5602 3594 5615 ⁸
3640 5603 3651 5614 ⁸

2285 5619 2402 5689 (56)
2446 5617 2745 5689 Ἴστᾳνξᾳι
2794 5610 2896 5663 ἐπὶ
2953 5610 3167 5689 μόνης,
3230 5614 3336 5660 etc.
3385 5603 3792 5689 Valentinianus

2217 5679 2477 5758 intelligo,
2511 5686 2603 5756 qui
2634 5683 2828 5760 Fl_l_itltll
2857 5696 2952 5750 per
2975 5679 3332 5760 prolationem
3374 5679 3616 5746 genitum
3673 5685 3796 5728 esse

2221 5753 2653 5818 arbitrabantur.
2693 5753 2956 5810 HUE'I‘IUS.
