4174 6402
410 322 487 375 97
600 312 605 321 ’
1517 314 1877 370 COMMENT.
1914 314 1981 368 IN
2017 313 2208 369 JUAN.
2252 313 2490 373 TOMUS
2528 316 2571 371 Ι.
3611 323 3683 380 98

412 452 481 487 κα
499 434 556 487 τά
610 431 870 502 ἀλήθειαν
913 430 1164 499 λογικοὺς
1216 430 1664 495 κατασκευάζων,
1698 433 1878 486 πάντα
1927 432 2005 494 εἰς

2110 431 2193 483 bis
2225 442 2309 484 est
2350 446 2377 484 a
2409 433 2624 485 ratione
2668 430 2904 486 alienum
2938 446 3161 500 prorsus
3194 433 3469 499 auferens,
3504 446 3561 491 et
3585 452 3685 492 nos

410 526 574 593 δόξαν
602 524 739 577 Θεοῦ
766 527 1128 594 πράττοντας,
1173 523 1333 595 μέχρι
1372 523 1465 576 τοῦ
1490 524 1688 577 ἐσθίειν
1707 566 1722 590 ,
1770 524 1868 577 καὶ
1905 524 2000 577 τοῦ

413 618 615 681 πίνειν,
633 619 714 681 είς
740 616 900 681 δόξαν
921 617 1056 670 Θεοῦ
1086 616 1464 681 ἐπιτελοῦντας
1488 618 1575 672 διὰ
1602 619 1693 672 τὸν
1711 619 1882 688 Λόγον
1911 622 2003 673 καὶ

411 710 486 764 τὰ
519 709 958 781 κοινωνικώτερα
990 712 1084 764 xui.
1125 711 1431 783 τελειότερα
1462 711 1555 764 τοῦ
1586 712 1702 781 βίου
1749 712 1904 783 ἔργα.
1939 714 2001 765 Ei

412 803 523 876 γάρ
566 804 885 873 μετέχοντες
930 804 1096 858 αὑτοῦ
1123 805 1461 876 ἁνιστάμεθα
1504 805 1596 859 καὶ
1636 805 2000 876 φωτιζόμεθα,

412 894 557 965 τάχα
581 895 637 949 δὲ
660 897 753 948 καὶ
778 897 1181 967 ποιμαινόμεθα
1209 897 1242 967 ἢ
1270 897 1685 968 βασιλευόμεθα,
1718 898 1897 965 δῆλον,
1920 899 2003 951 ὅτι

413 987 511 1038 καὶ
544 986 743 1050 ἐνθέως
773 986 984 1054 λογικοὶ
1026 987 1289 1057 γινόμεθα
1335 986 1401 1040 τὰ
1432 990 1490 1041 ὲν
1531 989 1664 1058 ἡμῖν
1707 987 1876 1055 ἄλογα
1908 986 2004 1040 καὶ

413 1079 515 1149 τὴν
561 1079 864 1149 νεκρότητα
914 1080 1269 1147 ἁφανίζοντος
1293 1080 1458 1134 αὐτοῦ
1513 1080 1649 1135 καθὸ
1689 1080 1844 1149 λόγος
1887 1080 2004 1134 ἐστὶ

413 1170 513 1223 καὶ
546 1171 861 1235 ἀνάστασις.
910 1171 1234 1243 Ἐπίστησον
1259 1171 1316 1225 δὲ
1348 1174 1395 1225 εἰ
1432 1173 1720 1243 μετέχουσί
1766 1191 1882 1237 πως
1909 1174 2006 1227 αύ-

394 1261 511 1315 »τοῦ
549 1262 749 1326 πάντες
774 1263 1071 1334 ἄνθρωποι,
1102 1264 1237 1318 καθὸ
1284 1264 1456 1334 Λόγος
1488 1265 1627 1320 ἐστι.
1672 1264 1871 1335 Διόπερ
1907 1264 2003 1336 ζη-

413 1354 628 1408 τεῖσθαι
660 1356 759 1408 οὐκ
797 1356 902 1422 ἔξω
923 1356 1027 1409 τῶν
1060 1355 1364 1427 ζητούντων
1380 1356 1485 1410 ὑπὸ
1504 1355 1611 1408 τῶν
1641 1357 1819 1428 εὑρεῖν
1842 1356 2003 1411 αὐτὸν

415 1447 867 1519 προαιρουμένων
899 1447 1138 1502 διδάσκει
1185 1450 1333 1519 ἡμᾶς
1371 1450 1400 1501 6
1453 1446 1769 1511 Ἀπόστολος
1795 1446 2000 1515 λέγων·

414 1537 516 1607 Μὴ
544 1539 723 1608 εἴπῃς
750 1539 823 1593 ἐν
852 1538 926 1608 τῇ
957 1541 1172 1609 καρδίᾳ
1194 1559 1339 1596 σου·
1376 1542 1471 1607 Τίς
1512 1540 1875 1605 ἀναϐήσεται
1918 1545 2006 1609 εἰς

414 1630 527 1686 τὸν
562 1633 857 1699 οὐρανόν;
885 1631 1157 1687 τουτέστι
1196 1634 1457 1701 Χριστὸν
1508 1634 1892 1705 καταγαγεῖν-ο
1940 1632 2002 1704 ἢ,

2108 538 2423 594 praeparans
2456 525 2851 579 convenienter
2879 525 3097 579 veritati
3128 565 3143 588 ,
3183 525 3415 581 talionis
3462 529 3686 595 partici-

2108 629 2202 681 pes
2234 630 2376 680 esse,
2410 617 2589 669 omnia
2618 616 2743 669 vitae
2785 631 2948 684 opera
2980 626 3088 669 tum
3132 617 3392 687 vulgaria,
3427 628 3537 673 tum
3562 635 3687 689 per-

2107 704 2359 765 fectiora.
2386 717 2604 777 propter
2641 710 2783 763 hunc
2814 708 2986 778 Λόγον
3030 707 3456 783 [rationemque]
3485 712 3550 766 ad
3590 713 3684 767 Dei

2117 797 2347 869 glorianti
2380 808 2621 868 agentes,
2653 803 2787 856 adeo
2820 810 2876 856 ut
2902 802 2986 856 vel
3015 804 3393 858 manducando
3442 803 3554 877 Μ
3599 806 3685 860 vel

2104 894 2336 948 bibendo
2375 894 2560 963 gloriae
2594 896 2686 951 Dei
2727 899 3062 952 Studeamus.
3095 896 3226 953 Nam
3278 898 3321 952 si
3351 898 3527 968 ipsum
3560 914 3684 969 par-

2108 987 2399 1057 ticipantes
2456 989 2850 1044 resuscitamur
2897 990 3397 1061 illuminatnurque,
3432 991 3685 1047 fortassis

2110 1089 2291 1133 autem
2326 1081 2601 1148 pascimur
2626 1081 2790 1135 etiam
2826 1081 2910 1136 vel
2939 1083 3196 1151 regimur,
3228 1086 3348 1151 quis
3373 1099 3477 1137 non
3504 1084 3687 1138 videat

2107 1171 2334 1225 rationis
2358 1186 2587 1241 capaces
2618 1188 2714 1228 nos
2761 1175 3019 1230 divinitus
3063 1175 3204 1231 ellici
3241 1176 3358 1246 ipso
3395 1174 3556 1247 Λόγῳ
3583 1176 3687 1231 hoc

2105 1273 2190 1317 est
2216 1262 2356 1317 Filio
2382 1264 2498 1329 Dei,
2528 1275 2695 1337 atque
2724 1268 2838 1337 ipsa
2888 1268 3120 1334 ratione,
3150 1278 3343 1323 cuncta
3378 1268 3430 1320 in
3456 1268 3616 1322 nobis
3651 1283 3682 1321 ιι

2106 1356 2319 1411 ratione
2352 1357 2554 1423 aliena,
2586 1370 2751 1430 atque
2798 1361 3276 1417 mortificationem
3315 1361 3506 1430 ipsam,
3550 1376 3687 1431 qua-

2109 1458 2272 1505 tenus
2306 1452 2447 1508 ratio
2489 1462 2572 1509 est
2610 1463 2664 1509 et
2693 1456 3048 1524 resurrectio,
3079 1456 3376 1512 abolente?
3419 1456 3686 1524 Quocirca

2108 1543 2319 1612 inspice
2376 1560 2446 1599 an
2497 1547 2901 1615 quodammodo
2949 1549 3157 1620 ipsius,
3211 1561 3482 1618 quatenus
3511 1549 3687 1618 Λόγος

2108 1632 2236 1704 [hoc
2265 1647 2349 1692 cst
2377 1637 2544 1710 ratio]
2574 1648 2675 1701 est,
2720 1640 3015 1710 participes
3050 1641 3159 1695 sint
3188 1657 3379 1697 omnes
3411 1644 3683 1698 homines.

419 1723 520 1789 Τίς
551 1722 950 1792 καταϐήσεται
981 1726 1068 1788 εις
1092 1722 1206 1790 τὴν
1234 1722 1548 1787 ἀϐυσσον;
1571 1724 1843 1778 τουτέστι
1869 1728 2002 1793 Χριο

2108 1724 2293 1793 Itaque
2335 1740 2459 1780 eum
2495 1728 2664 1796 quaeri
2701 1743 2807 1783 non
2850 1739 3003 1784 extra
3038 1746 3133 1786 eos
3159 1732 3250 1802 qui
3301 1744 3575 1802 quierunt,
3616 1735 3687 1790 ab

414 1812 572 1867 στὸν
617 1814 685 1867 ἐκ
735 1813 969 1881 νεκρῶν
1020 1814 1373 1884 ἀναγαγεῖν*
1427 1816 1588 1870 ἀλλὰ
1646 1816 1703 1868 τί
1749 1816 1913 1885 λέγει
1961 1818 1999 1887 ἡ

2108 1815 2175 1869 iis
2206 1817 2298 1885 qui
2328 1832 2450 1870 cum
2485 1818 2730 1876 invenire
2752 1821 3106 1888 constituant,
3133 1840 3233 1879 nos
3262 1827 3423 1880 docet
3454 1822 3685 1898 Aposto-

414 1906 666 1975 Γραφῇ
701 1907 908 1977 Ἐγγύς
940 1922 1057 1961 σου
1084 1907 1151 1961 τό
1180 1905 1345 1976 ῥῆμά
1369 1907 1501 1961 ἐστι
1535 1908 1772 1977 σφόδρα
1816 1909 1885 1962 ἐν
1924 1909 2004 1975 τῷ

414 2000 672 2068 στόματί
692 2013 829 2062 σου,
852 2002 949 2054 καὶ
985 2001 1054 2054 ἐν
1081 1999 1158 2069 τῇ
1182 1999 1398 2069 καρδίᾳ
1429 2016 1567 2064 σου,
1600 2003 1675 2065 ὼς
1698 2002 1793 2055 τοῦ
1837 2002 2003 2056 αὐτοῦ

414 2089 570 2154 ὖντος
601 2088 839 2162 Χριστοῦ
876 2093 970 2145 καὶ
1006 2094 1252 2164 ῥήματος
1296 2092 1389 2146 τοῦ
1424 2093 1795 2164 ζητουμένου.
1846 2092 2007 2146 ’Λλλὰ

416 2184 514 2236 καὶ
568 2184 657 2236 ὅτε
698 2182 862 2247 αὐτός
917 2201 1081 2255 φησιν
1128 2186 1157 2237 6
1189 2183 1394 2255 Κύριος
1418 2199 1433 2214 ·
1465 2186 1535 2237 El
1557 2183 1642 2253 μὴ
1665 2179 1877 2253 ἦλθον,
1906 2183 2006 2236 καὶ

415 2273 697 2340 ἐλάλησα
725 2273 960 2338 αὐτοῖς,
1007 2274 1302 2343 ἁμαρτίαν
1338 2275 1451 2327 οὐκ
1484 2268 1653 2342 εἶχον
1693 2273 1835 2344 (57)·
1889 2273 2007 2326 νῦν

415 2365 485 2418 δὲ
503 2367 812 2434 πρόφασιν
831 2368 940 2420 οὐκ
960 2365 1172 2435 ἔχουσι
1190 2366 1324 2434 περὶ
1343 2365 1454 2435 τῆς
1479 2366 1767 2435 ἁμαρτίας
1786 2363 2003 2431 αὐτῶν,

414 2460 518 2512 οὐκ
544 2458 671 2512 ἄλλο
698 2459 917 2529 νοητέον
944 2459 975 2529 ἢ
1006 2460 1086 2512 ὅτι
1114 2462 1142 2514 6
1165 2459 1322 2527 λόγος
1344 2460 1508 2531 φησὶν
1535 2453 1617 2522 οἷς
1642 2459 1850 2513 οὐδέπω
1875 2476 2007 2530 συμ-

415 2552 797 2622 πεπλήρωται,
841 2552 914 2624 μὴ
950 2547 1090 2606 εἶναι
1117 2551 1412 2623 ἁμαρτίαν,
1451 2550 1673 2615 τούτους
1706 2551 1764 2605 δὲ
1789 2552 2005 2621 ἐνόχους

415 2646 588 2716 αὐτῆς
642 2630 967 2716 τυγχάνειν,
1019 2646 1068 2699 οἳ
1112 2645 1177 2699 ἂν
1241 2644 1640 2715 μετεσχηκότες
1680 2645 1782 2716 ἤδη
1839 2644 2004 2697 αὐτοῦ

415 2739 702 2810 πράττωσι
728 2736 877 2809 παρὰ
910 2737 1007 2801 τὰς
1043 2737 1249 2802 ἑννοίας
1274 2737 1373 2801 τὰς
1394 2736 1453 2804 ἐξ
1489 2729 1563 2791 ὧν
1604 2732 1759 2801 οὗτος
1791 2738 1847 2789 ὲν
1874 2738 2006 2807 ἡμῖν

418 2829 860 2902 συμπληροῦται,
894 2830 988 2884 καὶ
1029 2830 1203 2899 μόνως
1248 2830 1418 2894 οὓτως
1456 2829 1653 2902 ἀληθὲς
1698 2830 1784 2883 τό’
1809 2831 1877 2882 El
1916 2828 2004 2898 μὴ

414 2918 630 2993 ἦλθον,
667 2921 764 2976 καὶ
795 2921 1073 2990 ἐλάλησα
1091 2922 1324 2987 αὐτοῖς,
1352 2922 1646 2992 ἁμαρτίαν
1670 2926 1781 2976 οὐκ
1816 2917 2001 2992 εἶχον.

415 3016 554 3087 Φέρε
579 3016 688 3087 γάρ
718 3016 811 3069 ἐπὶ
845 3016 1021 3087 Ἰησοῦ
1054 3014 1150 3068 τοῦ
1175 3015 1393 3088 ὁρατοῦ,
1410 3016 1486 3080 ὡς
1512 3018 1561 3070 οἱ
1583 3017 1769 3071 πολλοὶ
1791 3019 2003 3090 οἰήσον-

2105 1907 2208 1972 lus,
2243 1909 2431 1964 dicens
2468 1910 2513 1941 "
2550 1908 2675 1964 :Ne
2704 1913 2898 1967 dixeris
2927 1915 2982 1967 in
3021 1915 3178 1969 corde
3199 1926 3315 1973 tuo:
3337 1918 3467 1984 Quis
3501 1937 3687 1977 ascen-

2103 1999 2189 2052 det
2239 1999 2290 2052 in
2321 2000 2508 2061 cozlum
2539 2003 2563 2057 ἴ)
2594 2003 2693 2056 hoc
2730 2014 2807 2058 est
2848 2003 3117 2059 Christum
3142 2022 3208 2060 ea:
3236 2008 3343 2062 alto
3376 2011 3633 2067 deducere
3665 2030 3688 2079 ,'

2104 2101 2219 2142 aut:
2249 2090 2382 2155 Quis
2408 2094 2682 2147 descendet
2707 2095 2760 2148 in
2786 2098 3031 2165 abyssum
3050 2097 3076 2149 7
3097 2100 3193 2154 hoc
3218 2110 3295 2155 est
3322 2100 3594 2159 Christum
3621 2122 3688 2160 ea:

2105 2181 2331 2232 mortuis
2373 2182 2641 2237 reducere.
2672 2184 2779 2240 Sed
2816 2191 2941 2258 quid
2986 2192 3112 2243 dicit
3152 2191 3427 2258 Scriptura
3450 2193 3475 2228 ⁹
3512 2196 3689 2262 Prope

2106 2278 2153 2319 te
2178 2270 2389 2322 verbum
2417 2283 2492 2324 est
2536 2274 2685 2330 valde
2730 2279 2784 2331 in
2814 2297 2902 2333 ore
2931 2292 3039 2345 tuo,
3069 2292 3118 2336 et
3150 2284 3202 2335 in
3228 2286 3384 2338 corde
3412 2296 3523 2351 tuo,
3561 2304 3687 2356 per-

2110 2360 2235 2415 inde
2290 2377 2356 2419 ac
2388 2366 2431 2419 si
2476 2366 2593 2436 ipse
2634 2369 2881 2426 Christus
2922 2374 3086 2428 etiam
3116 2387 3264 2432 esset
3290 2379 3515 2433 verbum
3542 2382 3689 2449 quod

2106 2455 2388 2521 qmeritur.
2435 2457 2575 2524 Quin
2600 2464 2764 2517 etiam
2798 2466 3016 2533 quando
3060 2466 3172 2534 ipse
3204 2466 3460 2525 Dominus
3509 2471 3687 2541 loqui-

2109 2552 2195 2598 tur
2229 2544 2275 2577 ⁸⁸
2306 2564 2320 2600 :
2354 2545 2483 2603 Nisi
2512 2557 2787 2618 venissem,
2818 2567 2867 2611 et
2904 2558 3113 2612 locutus
3135 2558 3353 2627 fuissem
3382 2562 3476 2625 eis,
3505 2578 3689 2621 pecca-

2110 2648 2222 2691 tum
2278 2657 2386 2695 non
2431 2643 2680 2698 haberent
2705 2662 2724 2710 ;
2752 2663 2890 2701 nunc
2945 2660 3121 2703 autent
3166 2666 3269 2703 non
3313 2652 3505 2706 habent
3548 2658 3688 2725 quod

2105 2740 2401 2798 pra’texant
2449 2748 2663 2804 peccato
2708 2755 2841 2806 suo;
2890 2741 3023 2795 nihil
3074 2742 3222 2797 aliud
3280 2744 3686 2816 intelligendum

2109 2832 2191 2876 est
2255 2819 2415 2893 λόγον
2474 2826 2602 2899 [hoc
2669 2840 2753 2885 est
2806 2831 3095 2905 rationem]
3148 2836 3331 2891 dicere
3380 2853 3542 2901 quam
3594 2855 3690 2896 eos

2108 2912 2309 2981 quibus
2346 2917 2583 2976 nondum
2638 2918 2799 2991 λόγος
2834 2922 2914 2997 [id
2960 2935 3044 2981 est
3083 2926 3246 3001 ratio]
3279 2930 3548 2999 completa
3580 2945 3685 2997 est,

2108 3018 2391 3075 peccatum
2443 3026 2551 3065 non
2598 3013 2831 3081 habere,
2882 3018 2978 3071 sed
3022 3018 3142 3074 illos
3196 3029 3406 3076 tantum
3459 3034 3689 3095 peccato

417 3125 531 3171 ται,
582 3107 727 3162 τοῦτ’
759 3105 1122 3172 ἐξεταζέσθω,
1180 3106 1298 3172 πῶς
1328 3108 1384 3160 δὲ
1436 3107 1636 3178 ἀληθὲς
1667 3107 1729 3162 τὸ
1767 3108 1840 3179 μὴ
1864 3108 2005 3180 ἔχειν

2109 3099 2378 3156 obnoxios
2405 3118 2527 3158 esse
2571 3108 2661 3175 qui
2693 3108 2989 3178 participes
3019 3110 3196 3167 effecti
3244 3114 3357 3185 jam
3398 3116 3572 3186 ipsius
3598 3135 3690 3173 ra-

414 3200 695 3272 ἁμαρτίαν
738 3200 959 3265 τούτους
996 3196 1077 3265 οἷς
1113 3202 1213 3255 οὐκ
1256 3201 1512 3272 ὲλήλυθε;
1552 3201 1760 3266 Πάντες
1799 3202 1908 3275 γάρ
1956 3204 2005 3257 οἱ

415 3290 526 3359 πρὸ
552 3289 654 3359 τῆς
693 3290 990 3361 ἐπιδημίας
1031 3290 1126 3344 τοῦ
1175 3290 1429 3363 Σωτῆρος
1461 3291 1673 3346 ἔσονται
1732 3293 2007 3365 ἁμαρτίας

416 3382 602 3451 πάσης
634 3382 1045 3453 ἀπολελυμένοι,
1084 3384 1207 3437 ἐπεὶ
1231 3384 1331 3437 οὐκ
1360 3384 1608 3457 ἐληλύθει
1628 3388 1656 3438 6
1676 3386 2008 3458 βλεπόμενος

415 3476 562 3530 κατὰ
584 3477 764 3548 σάρκα
812 3476 1038 3550 Ἰησοῦς.
1082 3459 1241 3532 Ἀλλὰ
1287 3478 1383 3531 καὶ
1415 3479 1616 3543 πάντες
1645 3473 1726 3544 οἷς
1757 3480 2007 3552 οὐδαμῶς

413 3566 692 3638 ἀνηγγέλη
717 3567 844 3638 περὶ
867 3567 1053 3633 αὑτοῦ,
1076 3568 1175 3639 οὐχ
1205 3566 1415 3633 ἕξουσιν
1442 3570 1737 3641 ἁμαρτίαν.
1777 3572 1884 3624 Καὶ
1909 3572 2006 3643 δῆ-

414 3658 529 3724 λον,
552 3661 635 3712 ὅτι
661 3662 710 3712 οί
746 3659 821 3730 μὴ
845 3659 1061 3730 ἔχοντες
1088 3660 1366 3732 ἁμαρτίαν
1394 3652 1574 3732 κρίσει
1623 3664 1723 3734 οὐχ
1755 3664 2008 3718 ὑπόκειν-

413 3766 527 3802 ται.
560 3750 730 3817 Λόγος
760 3749 816 3803 δὲ
841 3752 869 3803 ό
896 3752 954 3803 ὲν
979 3748 1306 3822 ἀνθρώποις,
1340 3743 1401 3803 οῦ
1429 3750 1676 3822 μετέχειν
1704 3753 2006 3824 εἰρήκαμεν

414 3842 479 3894 τὸ
511 3843 667 3909 γένος
691 3842 869 3917 ἡμῶν,
891 3842 1054 3913 διχῶς
1080 3842 1329 3911 λέγεται·
1380 3842 1497 3913 ἤτοι
1540 3843 1683 3898 κατὰ
1721 3845 1822 3915 τὴν
1866 3861 2006 3916 συμ-

416 3935 702 4006 πλήρωσιν
728 3934 835 3989 τῶν
866 3934 1106 3999 ἐννοιῶν,
1136 3935 1258 4006 ἥτις
1281 3936 1339 3987 ἐν
1389 3936 1552 3988 παντὶ
1586 3934 1665 4005 τῷ
1699 3935 2007 4007 ὑπερϐεϐη-

415 4033 539 4086 κότι
567 4032 658 4085 τὸν
698 4027 867 4083 παῖδα
894 4027 1175 4099 τυγχάνει,
1209 4026 1690 4098 ὑπεξαιρουμένων
1712 4025 1820 4081 τῶν
1847 4028 2007 4100 τερά-

414 4143 527 4180 των
547 4142 561 4155 ο
603 4123 637 4195 ἢ
678 4121 825 4177 κατὰ
860 4120 957 4192 τὴν
1000 4119 1280 4191 ἀκρότητα
1299 4160 1313 4184 ,
1337 4119 1459 4189 ἥτις
1477 4120 1535 4171 ὲν
1568 4118 1750 4189 μόνοις
1776 4121 1888 4181 τοῖς
1920 4135 2007 4171 τε-

415 4218 584 4282 λείοις
614 4216 954 4289 εὑρίσκεται.
989 4211 1149 4266 Κατὰ
1179 4212 1278 4285 μὲν
1300 4208 1392 4266 οὗν
1424 4212 1486 4265 τὸ
1509 4212 1775 4287 πρότερον
1808 4214 1869 4267 τὸ
1889 4255 1903 4277 ,
1935 4217 2007 4268 El

415 4308 500 4377 μὴ
530 4305 750 4380 ἦλθον,
797 4309 895 4363 καὶ
939 4307 1218 4377 ἐλάλησα
1264 4308 1503 4374 αὐτοῖς,
1563 4308 1857 4377 ἁμαρτίαν
1893 4311 2004 4363 οὐκ

2111 3190 2501 3278 ιίοηίεηειευηι
2536 3204 2737 3263 praeter
2777 3200 3037 3266 rationes,
3070 3218 3136 3257 ex
3172 3206 3370 3275 quibus
3403 3209 3517 3265 lucc
3545 3212 3688 3267 ratio

2111 3281 2167 3335 in
2192 3281 2348 3337 nobis
2370 3284 2698 3353 completur,
2734 3286 2787 3341 in
2819 3304 2978 3357 quem
3009 3306 3228 3347 sensum
3257 3305 3468 3352 tantum
3497 3315 3687 3356 verum

2108 3380 2195 3428 es:
2249 3373 2381 3428 illud
2416 3392 2432 3431 :
2466 3373 2591 3430 Nisi
2642 3379 2894 3433 venissem
2922 3420 2938 3445 ,
2974 3390 3026 3434 et
3072 3382 3278 3438 locutus
3316 3385 3534 3456 fuissem
3570 3393 3645 3445 eis
3669 3433 3687 3458 ,

2108 3478 2382 3532 peccatum
2411 3484 2516 3522 non
2536 3469 2812 3524 haberent.
2837 3472 2950 3541 Age
2989 3474 3133 3529 enim
3170 3476 3237 3530 de
3269 3475 3397 3533 Jesu
3438 3493 3691 3550 aspecta-

2106 3558 2225 3624 bili,
2273 3569 2331 3613 ut
2373 3560 2625 3630 vulgares
2680 3563 3095 3631 existimabunt,
3155 3568 3259 3623 hoc
3306 3576 3691 3643 expendatur,

2108 3651 2383 3718 quomodo
2423 3651 2537 3723 jam
2572 3668 2764 3708 verum
2794 3656 2867 3709 sit
2893 3672 3009 3724 eos,
3041 3659 3105 3712 ad
3150 3675 3289 3729 quos
3318 3678 3426 3718 non
3453 3667 3685 3735 venerit,

2107 3759 2215 3797 non
2267 3743 2470 3799 habere
2516 3756 2821 3815 peccatum.
2854 3747 3102 3820 Namque
3131 3768 3323 3811 omnes
3362 3757 3455 3826 qui
3488 3756 3690 3814 fuerint

2109 3845 2237 3889 ante
2279 3835 2588 3892 Servatoris
2640 3840 2957 3904 adventum,
3006 3843 3075 3897 ab
3112 3845 3265 3899 omni
3314 3856 3539 3916 peccato
3582 3850 3688 3903 im-

2108 3936 2300 3982 mones
2327 3928 2492 3982 futuri
2521 3938 2667 3994 sunt,
2705 3930 2962 4000 quoniam
3001 3948 3107 3987 non
3139 3938 3348 3990 venerit
3379 3940 3686 4008 aspectabi-

2107 4022 2174 4078 lis
2211 4022 2366 4093 juxta
2407 4038 2626 4077 carnem
2659 4022 2838 4080 Jesus.
2868 4024 3009 4091 Quin
3038 4028 3205 4081 etiam
3242 4044 3434 4086 omnes
3490 4033 3689 4102 quibus

2108 4114 2176 4167 de
2214 4128 2280 4168 eo
2316 4113 2622 4167 nuntiatum
2657 4129 2763 4169 non
2796 4114 2983 4181 fuerit,
3029 4128 3312 4187 peccatum
3360 4136 3465 4175 non
3519 4123 3691 4179 hahe-

2109 4205 2267 4257 bunt.
2303 4202 2458 4259 Unde
2483 4218 2672 4275 aperte
2722 4207 2969 4275 sequitur
3019 4210 3186 4264 etiam
3238 4221 3524 4280 peccatum
3578 4230 3687 4269 non

2107 4296 2413 4360 habentes,
2466 4299 2904 4356 coudemnatioui
2950 4317 3056 4358 non
3105 4303 3325 4375 subjici.
3397 4307 3469 4360 At
3530 4303 3688 4375 λόγος

414 4398 614 4472 εἶχον·
664 4401 783 4456 νῦν
828 4401 897 4455 δὲ
941 4402 1247 4470 πρόφασιν
1290 4403 1404 4456 οὐκ
1448 4401 1663 4469 ἔχουσι
1707 4399 1839 4469 περὶ
1894 4400 2005 4468 τῆς

2111 4383 2186 4459 [id
2231 4396 2314 4443 est
2346 4388 2506 4460 ratio]
2540 4406 2659 4459 quae
2686 4401 2770 4447 est
2819 4393 2872 4447 in
2904 4394 3241 4462 hominibus,
3281 4396 3441 4467 cujus
3461 4398 3687 4466 partici-

415 4460 710 4565 ἁλῖαρτίας
755 4460 997 4559 αὐτῶν,
1029 4460 1097 4548 τά
1137 4493 1279 4565 ρητὰ
1324 4460 1635 4547 ἐκλεκτέον·
1689 4460 1829 4550 κατὰ
1852 4492 1910 4545 δὲ

2109 4501 2239 4555 pare
2263 4502 2436 4558 genus
2468 4496 2715 4540 nostrum
2748 4486 3004 4549 diximus,
3041 4486 3293 4541 bifariam
3333 4488 3573 4553 dicitur;
3604 4490 3691 4541 vel

416 4590 696 4661 δεύτερον,
727 4588 954 4654 Πάντες
1001 4587 1136 4642 ὅσοι
1186 4586 1301 4656 πρὸ
1340 4585 1483 4656 ἐμοῦ
1508 4581 1701 4657 ἦλθον
1750 4584 2003 4639 κλέπται

2108 4578 2258 4647 juxta
2307 4579 2797 4650 complementum,
2835 4580 2976 4649 quod
3005 4581 3151 4635 omni
3202 4581 3343 4635 inest
3374 4580 3470 4649 qui
3509 4581 3692 4648 pueri-

417 4679 576 4738 εισὶ.
624 4680 725 4734 καὶ
766 4679 991 4747 λῃσταὶ
1016 4717 1031 4742 ,
1075 4677 1175 4732 καὶ
1226 4678 1338 4732 οὐκ
1378 4674 1657 4744 ἥκουσαν
1695 4674 1894 4729 αὐτῶν
1931 4673 2005 4727 τὰ

420 4773 706 4842 πρόϐατα.
739 4772 854 4842 Πρὸ
889 4770 998 4843 γὰρ
1018 4770 1118 4840 τῆς
1141 4767 1473 4831 τελειώσεως
1503 4766 1598 4821 τοῦ
1629 4766 1788 4835 λόγου
1832 4766 2012 4821 πάντα

416 4865 599 4935 ᾥεκτὰ
639 4864 709 4919 τά
760 4866 819 4918 ὲν
873 4862 1184 4935 ἀνθρώποις
1214 4902 1228 4926 ,
1282 4861 1380 4915 ἆτε
1432 4860 1584 4931 ἐνδεῆ
1633 4860 1730 4913 καὶ
1777 4858 1966 4929 ἐλλιπῆ
1993 4898 2010 4924 ,

416 4951 503 5021 οἷς
530 4955 752 5020 τελείως
795 4957 895 5027 οὐχ
929 4954 1195 5010 ὑπακούει
1231 4952 1302 5008 τὰ
1339 4954 1398 5005 ὲν
1439 4954 1571 5023 ἡμῖν
1612 4950 1817 5020 ἄλογα,
1871 4951 2005 5020 πρό-

417 5051 566 5105 σατα
606 5049 1011 5122 τροπικῶτερον
1049 5045 1335 5119 εἰρημένα.
1383 5045 1491 5099 Καὶ
1535 5044 1676 5114 τάχα
1720 5043 1863 5097 κατὰ
1904 5042 2003 5113 μὲν

417 5143 485 5197 τὸ
530 5143 830 5213 πρότερον,
879 5143 910 5194 6
950 5140 1108 5209 λόγος
1155 5137 1290 5209 σὰρξ
1341 5136 1556 5206 ἐγένετο
1579 5154 1593 5166 ·
1644 5136 1785 5189 κατὰ
1830 5135 1888 5188 δὲ
1944 5136 2005 5190 τὸ

418 5236 696 5307 δεύτερον,
730 5234 863 5297 Θεὸς
901 5229 970 5305 ἦν
997 5235 1026 5287 ὁ
1053 5231 1228 5301 λόγος.
1264 5230 1450 5302 Τούτῳ
1481 5230 1525 5283 δ’
1554 5229 1845 5283 ἀκόλουθόν
1890 5231 2006 5283 ἐστι

421 5328 608 5401 ζητεῖν
636 5330 752 5383 ἐστι
778 5325 978 5399 μεταξὺ
1002 5325 1094 5382 τοῦ
1121 5325 1254 5397 (58ὶ,
1293 5326 1347 5378 '0
1368 5327 1559 5393 Λόγος
1574 5322 1730 5391 σὰρξ
1750 5321 2006 5392 ἐγένετο,

421 5420 519 5473 καὶ
553 5417 697 5484 Θεὸς
712 5414 792 5489 ἦν
814 5421 847 5472 ό
881 5419 1089 5487 Λόγος,
1114 5417 1172 5468 ὲν
1202 5417 1316 5479 τοῖς
1347 5413 1708 5486 ἀνθρωπίνοις
1727 5412 1875 5477 ἰδεῖν,
1898 5408 2009 5466 οἷον

421 5509 966 5581 ἁναστοιχειουμένου
999 5508 1094 5562 τοῦ
1124 5507 1297 5576 Λόγου
1324 5506 1433 5561 ἀπὸ
1459 5504 1554 5558 τοῦ
1598 5504 1877 5574 γεγονέναι
1910 5503 1974 5557 αὖ
1992 5534 2009 5545 -

496 5629 542 5661 ’⁵⁷
572 5629 727 5683 Rom.
756 5646 813 5690 κ,
846 5627 955 5683 6-8.
1036 5625 1081 5659 ⁸⁸
1104 5623 1261 5681 Joan.
1294 5640 1383 5689 xv,
1411 5622 1504 5677 22.
1564 5622 1610 5655 ‘9
1639 5622 1795 5677 Joan.
1828 5639 1881 5687 κ,
1906 5624 1960 5678 8.

496 5743 610 5814 (57)
643 5740 846 5813 Εἷχον.
918 5741 1011 5796 Sir.
1062 5741 1229 5797 codex
1283 5739 1635 5806 Bodleianus;
1688 5739 1891 5811 Regius
1934 5748 1990 5795 et

419 5815 776 5881 Barberinus,
805 5814 1042 5882 εἴχοσαν.

2110 4670 2215 4723 lem
2270 4671 2604 4725 transcendit
2660 4682 2917 4734 aetatem,
2961 4670 3218 4726 detractis
3269 4671 3562 4741 prodigiis;
3605 4670 3691 4727 vel

2108 4759 2264 4830 juxta
2298 4775 2566 4815 smnmam
2597 4761 3011 4832 perfectionem,
3042 4776 3162 4832 quae
3192 4761 3246 4814 in
3270 4761 3401 4815 solis
3429 4761 3688 4829 perfectis

2115 4854 2411 4909 invenitur.
2436 4854 2793 4927 ltaquejuxta
2830 4857 3066 4927 priorem
3090 4872 3311 4912 sensum
3346 4854 3692 4925 intelligenda

2110 4953 2237 4998 sunt
2276 4946 2388 4998 Ita‘c
2418 4946 2581 5000 verba
2616 4965 2629 5001 :
2667 4946 2792 5000 Nisi
2829 4948 3101 5013 venissem,
3140 4958 3189 5001 et
3224 4948 3431 5001 locutus
3468 4945 3690 5015 fuissem

2114 5038 2216 5101 eis,
2247 5049 2519 5106 peccatum
2552 5056 2657 5094 non
2676 5042 2925 5094 haberent
2960 5055 2981 5096 :
3003 5041 3159 5110 juxta
3191 5040 3493 5095 secundum
3517 5053 3688 5095 vero:

2116 5129 2334 5194 Omnes,
2372 5141 2625 5204 quotquot
2677 5145 2799 5189 ante
2828 5152 2908 5189 me
2945 5145 3194 5189 uenerunt
3220 5175 3236 5199 ,
3272 5135 3419 5203 fures
3465 5141 3590 5188 sunt
3637 5138 3689 5183 et

2111 5223 2364 5295 latrones,
2388 5234 2437 5277 et
2460 5242 2566 5279 non
2593 5226 2875 5281 audierunt
2901 5243 2989 5281 eos
3013 5243 3131 5281 aves
3148 5226 3214 5282 δ’.
3237 5227 3369 5280 Nam
3397 5235 3688 5293 antequam

2110 5318 2429 5388 perficiatur
2460 5319 2624 5384 ratio,
2649 5321 2831 5373 omnia
2854 5334 2974 5387 qua:
3007 5320 3193 5372 insunt
3236 5317 3571 5381 hominibus,
3601 5315 3687 5368 vi-

2120 5413 2441 5481 tuperabilia
2471 5426 2618 5482 sunt,
2651 5417 2779 5484 quia
2826 5417 2935 5469 sint
2987 5415 3169 5484 indiga
3192 5454 3207 5476 ,
3261 5422 3314 5466 et
3345 5408 3685 5478 imperfecta.

2116 5505 2312 5573 quibus
2341 5506 2506 5559 etiam
2555 5506 2797 5575 perfecte
2842 5520 2949 5559 non
2995 5505 3373 5573 obtemperant
3415 5513 3476 5553 ea
3506 5537 3523 5564 ,
3567 5512 3689 5567 quae

2169 5732 2519 5804 (ὅ8)γΖητεῖν
2536 5734 2670 5804 ἐστι
2693 5729 3092 5804 μεταξὺ-τοῦζ
3104 5739 3214 5788 etc.
3244 5728 3385 5801 Lege
3408 5742 3530 5783 cunt
3551 5724 3683 5780 Fer-

2116 5799 2470 5873 Γαὶίοἶητείν
2491 5802 2606 5856 εἵτί
2629 5805 2743 5855 ἐστι
2774 5799 2976 5870 μεταξὺ
3004 5801 3119 5865 τοῦ,
3140 5810 3245 5856 etc.
