4174 6416
531 337 603 394 99

1984 337 2311 396 ORIGENIS

3698 352 3806 409 1οθ

529 466 658 513 sunt
709 457 763 511 in
820 456 976 512 nobis
1017 457 1229 513 ratione
1278 458 1524 514 carentia
1551 496 1570 524 ,
1623 459 1835 528 tropice
1861 473 1993 515 oves
2023 459 2093 513 di-

2207 459 2299 514 τὸν
2321 460 2519 532 σάρκα,
2545 462 2640 516 καὶ
2670 462 2811 517 κατά
2846 462 3021 536 βραχὺ
3048 465 3472 539 λεπτυνομένου,
3509 469 3615 535 ἓως
3643 474 3804 546 γένη-

528 559 640 604 cta.
699 549 778 603 Ac
828 547 1063 604 fortasse
1115 549 1270 620 juxta
1325 553 1560 621 primum
1611 565 1832 605 sensum
1866 590 1884 616 ,
1933 551 2108 620 Λόγος

529 641 608 714 [id
670 650 756 696 est
811 638 974 713 ratio]
1027 638 1172 695 facta
1229 650 1315 696 est
1365 656 1535 708 caro;
1595 640 1752 712 juxta
1807 627 2104 723 secundum

525 733 636 808 45
664 748 816 800 vero,
853 732 994 787 Deus
1025 743 1144 787 erat
1174 732 1264 788 ille
1295 731 1467 801 Λόγος
1515 731 1645 804 [hoc
1672 743 1758 788 est
1789 732 1876 787 illa
1917 733 2106 807 ratio].

537 825 676 882 Huic
727 835 909 880 autem
938 839 1283 894 consequens
1315 832 1400 880 est
1438 838 1687 893 qmerere
1720 841 1846 879 num
1876 840 2108 882 cernere

526 917 802 986 possimus
833 915 1069 970 medium
1105 913 1329 983 aliquod
1365 915 1418 968 in
1451 913 1770 968 hominibus
1797 914 1941 969 inter
1967 916 2110 970 hanc

527 1007 875 1078 particulam,
911 1005 1052 1058 ratio
1099 1001 1245 1072 facta
1288 1013 1366 1058 est
1405 1019 1531 1056 caro
1560 1003 1629 1068 ⁸⁸,
1661 1010 1716 1056 ει
1759 1003 1903 1059 inter
1943 1005 2106 1070 banc,

524 1100 667 1154 Deus
701 1108 816 1154 erat
861 1097 958 1153 illa
990 1100 1130 1154 ratio
1170 1097 1242 1162 ",
1279 1096 1534 1152 videlicet
1571 1095 1987 1161 reelementata.
2022 1107 2108 1153 at-

523 1206 630 1260 que
662 1191 714 1245 in
749 1191 892 1246 idem
921 1191 1190 1245 redeunte
1210 1189 1423 1243 ratione
1451 1189 1567 1252 illa,
1595 1197 1884 1258 postquam
1919 1189 2106 1246 fuerat

526 1282 668 1335 facta
726 1297 856 1335 caro
901 1282 1172 1350 tantisper
1221 1280 1451 1334 inferior
1505 1279 1669 1343 facta,
1710 1281 1883 1336 donec
1928 1281 2102 1350 ﬁeret,

520 1373 665 1442 quod
695 1383 818 1426 erat
845 1371 900 1426 in
930 1373 1199 1443 principio
1227 1370 1407 1444 [apud
1445 1373 1612 1427 Deum
1654 1372 1798 1427 Deus
1825 1373 2020 1442 Λόγος,
2053 1374 2108 1428 id

519 1461 638 1537 est]
675 1465 815 1518 ratio
849 1465 938 1519 illa
970 1466 1108 1536 apud
1143 1463 1360 1519 Patrem
1387 1482 1402 1518 :
1431 1465 1587 1534 cujus
1619 1464 1794 1534 Λόγου
1847 1464 1944 1537 [et
1981 1466 2102 1520 Filii

522 1555 656 1630 Dei]
697 1558 925 1624 gloriam
955 1559 1090 1613 vidit
1128 1556 1369 1612 Joannes
1407 1573 1533 1611 vere
1581 1555 1882 1628 Unigeniti,
1933 1559 2100 1614 veluti

467 1701 480 1720 ι
518 1666 552 1706 a
582 1650 746 1706 Patre
781 1651 853 1705 ".
887 1649 1070 1706 Potest
1103 1662 1286 1705 autem
1320 1651 1488 1704 Filius
1529 1651 1696 1705 etiam
1739 1667 1925 1708 sermo
1959 1667 2099 1718 esse,

2212 573 2302 609 ται
2329 556 2467 628 ὅπερ
2501 557 2612 628 (59)
2645 553 2714 630 ἦν
2743 560 2801 611 ἐν
2827 560 2969 631 ἀρχῇ
2994 559 3126 624 Θεὸς
3147 561 3319 630 Λόγος
3349 564 3378 615 6
3404 564 3540 634 πρὸς
3571 565 3664 618 τὸν
3696 568 3807 621 Πα-

2209 647 2365 719 τέρα,
2401 644 2461 703 οὗ
2489 651 2662 719 Λόγου
2701 651 2800 722 τὴν
2825 651 2984 718 δόξαν
3036 649 3174 706 εἶδεν
3208 655 3238 707 6
3276 655 3558 728 Ἰωάννης,
3588 657 3806 728 άληθῶς

2210 738 2568 807 Μονογενοῦς,
2603 739 2680 804 ὡς
2708 741 2815 794 ἀπὸ
2845 741 3078 812 Πατρός.
3112 742 3341 797 Δύναται
3367 745 3424 799 δὲ
3449 747 3544 800 καὶ
3569 750 3598 802 6
3637 748 3806 818 Λόγος

2212 830 2338 895 Υἱὸς
2358 827 2497 886 εἶναι
2531 833 2685 905 παρὰ
2714 833 2792 904 τῷ
2819 833 3185 903 ἀπαγγέλλειν
3218 836 3287 890 τά
3312 837 3520 910 κρύφια
3546 839 3643 894 τοῦ
3692 842 3806 897 Πα-

2209 921 2335 993 τρδς
2358 923 2589 988 ἐκείνου,
2626 924 2888 993 ἀνάλογον
2912 925 2990 996 τῷ
3016 926 3336 1000 καλουμένῳ
3367 931 3481 1002 Υίῷ
3518 933 3676 1005 Λόγῳ
3706 933 3801 988 νοῦ

2207 1012 2586 1081 τυγχάνοντος.
2633 1015 2719 1078 Ὠς
2739 1015 2848 1088 γάρ
2877 1017 2908 1068 6
2932 1015 3063 1088 παρ’
3094 1019 3226 1089 ἡμῖν
3246 1019 3402 1088 λόγος
3420 1023 3652 1090 ἄγγελός
3682 1025 3800 1080 ἐστι

2207 1101 2315 1156 τῶν
2345 1104 2450 1156 ὑπὸ
2477 1102 2570 1156 τοῦ
2595 1104 2688 1158 νοῦ
2721 1106 3035 1177 ὁρωμένων,
3067 1108 3242 1174 οὕτως
3280 1113 3310 1164 6
3335 1111 3428 1166 τοῦ
3455 1115 3590 1168 Θεοῦ
3627 1116 3800 1185 Λόγος

2207 1192 2462 1260 ἐγνωκὼς
2485 1195 2578 1248 τὸν
2611 1195 2830 1268 Πατέρα
2887 1196 3122 1266 (οὐδενὸς
3152 1201 3260 1255 τῶν
3289 1205 3532 1275 γενητῶν
3559 1209 3799 1278 προσϐα-

2205 1283 2314 1338 λεῖν
2345 1285 2494 1356 αὐτῷ
2531 1289 2700 1359 χωρίς
2720 1289 2915 1360 ὁδηγοῦ
2943 1290 3288 1363 δυναμένου),
3332 1296 3704 1353 ἀποκαλύπτει
3737 1301 3798 1354 ὃν

2205 1375 2350 1444 ἔγνω
2380 1377 2620 1463 Πατέρα.
2657 1380 2848 1444 οὐδεὶς
2873 1381 2984 1454 γάρ
3027 1383 3170 1451 ἐγνω
3213 1385 3306 1439 τόν
3335 1386 3556 1460 Πατέρα
3579 1392 3628 1443 εἰ
3663 1391 3740 1463 μὴ
3767 1394 3800 1446 6

2205 1465 2352 1529 mg,
2382 1468 2477 1521 καὶ
2499 1462 2545 1536 ᾧ
2571 1467 2638 1522 ἂν
2661 1468 2789 1532 re;
2819 1471 3173 1546 ἀποκαλύψῃ,
3201 1475 3293 1528 καὶ
3310 1476 3446 1530 καθὸ
3473 1480 3642 1546 Λόγος
3655 1462 3794 1545 ἐστὶ,

2197 1556 2469 1627 μεγάλης
2494 1559 3012 1630 τυγχάνειβουλῆς
3041 1563 3296 1633 ἄγγελος
3321 1565 3417 1632 ὢν,
3447 1564 3508 1622 οῦ
3535 1569 3793 1640 ἐγενήθη

2202 1653 2240 1718 ἡ
2283 1650 2441 1720 ἁρχὴ
2473 1650 2572 1704 ἐπὶ
2599 1652 2706 1706 τοῦ
2744 1652 2906 1722 ὤμου
2951 1655 3160 1709 αὐτοῦ·
3197 1657 3514 1714 ἐϐασίλευσε
3539 1661 3651 1734 γὰρ
3704 1660 3796 1718 διὰ

477 1721 586 1822 ἐξεο
638 1746 784 1814 quod
835 1746 1111 1799 renuntiet
1159 1742 1374 1797 occulta
1422 1740 1603 1796 Patris
1648 1742 1756 1810 sui,
1801 1743 1892 1812 qui
1947 1760 2093 1798 mens

2199 1741 2296 1794 τοῦ
2328 1743 2655 1798 πεπονθέναι
2681 1745 3060 1820 τδνσταυρόν.
3101 1750 3264 1806 Ἐνδέ
3292 1755 3359 1824 τῇ
3396 1721 3792 1824 Ἀποκαλύψα

515 1838 733 1892 exsistit
785 1838 1016 1908 perinde
1055 1845 1220 1905 atque
1246 1833 1444 1898 Filius,
1487 1835 1579 1904 qui
1615 1844 1841 1889 vocatur
1878 1834 2093 1890 Sermo.

2199 1835 2292 1888 ἐπὶ
2339 1835 2532 1890 λευκοῦ
2563 1838 2734 1892 ἵππου
2765 1814 3093 1906 καθέζεσθαι
3135 1814 3359 1914 λέγεταί
3396 1845 3552 1914 λόγος
3599 1814 3792 1912 πιστὸς

521 1930 588 1984 Ut
617 1930 762 1984 enim
791 1931 936 2000 apud
963 1943 1061 1982 nos
1085 1941 1267 1982 sermo
1295 1927 1522 1980 nuntius
1558 1937 1643 1980 est
1675 1942 1867 1982 earum
1914 1941 2095 1980 rerum

513 2037 630 2090 qua
655 2037 682 2074 a
718 2029 902 2075 mente
927 2029 1248 2085 cernuntur,
1279 2020 1360 2074 sic
1387 2019 1478 2072 ille
1504 2017 1600 2074 Dei
1628 2019 1846 2083 Sermo,
1873 2019 1968 2088 qui
1992 2016 2098 2071 Pa—

515 2125 652 2166 trem
701 2112 923 2184 agnovit
977 2111 1223 2184 (nemine
1285 2109 1489 2179 alioqui
1536 2111 1848 2164 mortalium
1890 2113 2098 2179 absque

511 2207 650 2259 duce
690 2206 742 2258 in
781 2219 904 2257 eum
950 2204 1238 2258 intendere
1279 2201 1552 2269 valente),
1596 2201 1813 2257 Patrem
1852 2207 2095 2272 agnitum

512 2297 739 2351 revelat.
783 2293 976 2348 Nullus
1013 2295 1157 2349 enim
1210 2295 1432 2364 agnovit
1479 2293 1695 2348 Patrem
1749 2297 1853 2351 nisi
1900 2297 2094 2366 Filius,

511 2398 609 2443 aut
669 2387 759 2442 ille
809 2387 896 2442 cui
949 2385 1124 2442 Filius
1183 2387 1450 2442 revelabit
1507 2386 1576 2452 ⁸³,
1624 2396 1678 2442 et
1726 2389 1778 2444 in
1831 2401 2094 2459 quantum

521 2479 718 2534 Sermo
768 2485 872 2542 est,
915 2477 1097 2548 magni
1146 2475 1338 2531 existit
1382 2475 1593 2530 consilii
1630 2474 1909 2531 Nuntius:
1941 2479 2093 2550 cujus

513 2570 842 2641 principatus
859 2567 1034 2638 [actus
1051 2577 1127 2623 est
1153 2585 1313 2638 super
1334 2569 1610 2624 humerum
1626 2569 1740 2638 ejus
1753 2568 1800 2601 “
1811 2586 1832 2635 ;
1851 2572 2095 2639 regnavit

509 2663 656 2720 enim
689 2677 754 2718 eo
779 2662 927 2732 quod
960 2661 1014 2717 in
1045 2677 1265 2718 crucem
1307 2661 1536 2717 soliixus
1572 2670 1680 2717 est.
1728 2661 1998 2716 Caeterum
2037 2663 2089 2716 in

508 2755 832 2828 Apocalypsi
861 2755 910 2788 ⁸⁸
959 2769 1142 2811 sermo
1174 2753 1350 2810 ﬁdelis
1375 2765 1434 2812 et
1462 2769 1626 2811 verus
1665 2754 1856 2810 sedere
1895 2753 2097 2809 dicitur

513 2852 570 2908 in
607 2867 750 2922 equo
773 2849 920 2917 albo,
949 2863 1068 2904 mea
1103 2848 1372 2903 sententia
1421 2851 1689 2904 denotans
1731 2845 1883 2904 vocis
1925 2847 2096 2901 clari-

513 2952 704 3010 tatem,
761 2957 926 3012 quam
978 2941 1199 2996 insonat
1246 2940 1314 2994 ad
1370 2955 1472 2994 nos
1525 2940 1798 2996 accedens
1847 2937 2094 2995 veritatis

509 3051 715 3092 sermo.
744 3033 864 3090 Non
909 3042 994 3089 est
1044 3041 1230 3088 autem
1281 3032 1568 3102 praesentis
1603 3033 1864 3102 temporis
1909 3043 2092 3086 osten-

2199 1925 2292 1979 καὶ
2314 1925 2585 1998 ἀληθινὸς,
2611 1928 2686 1993 ὡς
2712 1926 2888 2000 οἶμαι,
2925 1936 3197 2005 παριστᾷν
3236 1935 3348 2006 (60)
3376 1936 3437 1989 τὸ
3469 1938 3638 2005 σαφὲς
3689 1939 3790 2008 τῆς

2199 2016 2382 2087 φωνῆς
2412 2016 2442 2070 ὃ
2464 2019 2721 2089 ὴχεῖταιό
2750 2021 2881 2091 ἡμῖν
2915 2022 3196 2094 ἐπιδημῶν
3217 2024 3477 2096 ἀληθείας
3506 2026 3678 2096 λόγος.
3711 2029 3787 2082 (δύ

2195 2106 2290 2162 τοῦ
2341 2111 2607 2181 παρόντος
2645 2111 2704 2165 δέ
2739 2112 2936 2184 καιροῦ
2978 2114 3172 2179 δεῖξαι,
3219 2116 3302 2169 ὅτι
3339 2118 3432 2171 ἐπὶ
3472 2118 3574 2189 τῆς
3603 2119 3790 2190 φωνῆς

2196 2197 2464 2270 πολλαχοῦ
2496 2201 2594 2270 τῆς
2625 2202 2863 2273 Γραφῆς,
2888 2205 2946 2256 ἐν
3031 2205 3148 2258 ἐστι
3177 2204 3245 2259 τὰ
3281 2208 3623 2280 προκείμενα
3650 2209 3787 2280 (61),

2194 2289 2262 2342 δι’
2294 2284 2370 2344 ὧν
2417 2291 2773 2364 ὠφελούμεθα
2811 2293 2973 2349 θείων
3030 2297 3370 2369 μαθημάτων
3420 2300 3786 2372 ἀκροώμενοι,

2195 2385 2372 2437 κεῖται
2401 2384 2435 2455 ή
2467 2385 2652 2451 ἵππος
2669 2387 3029 2458 προσηγορία.
3063 2389 3236 2443 Μόνον
3260 2390 3316 2444 δέ
3335 2392 3454 2455 ἐνὸς
3483 2394 3577 2445 καὶ
3601 2393 3789 2447 δευτέ-

2197 2492 2293 2547 ρου
2325 2477 2716 2548 ὑπομνηστέον,
2739 2478 2854 2532 τοῦ’
2881 2479 3120 2549 Ψευδὴς
3139 2482 3324 2550 ἵππος
3351 2486 3440 2550 εὶς
3461 2486 3784 2554 σωτηρίαν·

2195 2569 2307 2624 καί·
2342 2566 2517 2625 Οὗτοι
2549 2571 2881 2642 ἐνᾶρμασι,
2913 2574 3010 2627 καὶ
3049 2570 3214 2630 οὗτοι
3243 2575 3314 2629 ἐν
3355 2577 3579 2644 ἵπποις,
3615 2577 3788 2647 ἡμεῖς

2193 2660 2263 2714 δὲ
2297 2661 2369 2715 ἐν
2395 2664 2637 2733 ὀνόματι
2675 2665 2900 2733 Κυρίου
2939 2666 3090 2720 Θεοῦ
3135 2666 3307 2737 ἡμῶν
3327 2673 3786 2740 μεταλυνθησό-

2187 2759 2360 2823 μεθα.
2379 2755 2453 2808 Τὸ
2476 2755 2554 2809 δέ·
2588 2756 2984 2824 Ἑξηρεύξατο
3007 2759 3042 2826 ἡ
3063 2758 3279 2828 καρδία
3299 2778 3420 2829 μου
3444 2763 3632 2832 λόγον
3649 2763 3788 2834 ἀγη-

2193 2846 2322 2910 θύν,
2348 2847 2503 2918 λέγω
2524 2847 2640 2918 ἐγὼ
2667 2850 2738 2904 τὰ
2768 2849 2914 2919 ἔργα
2936 2869 3056 2920 μου
3095 2850 3177 2916 τῷ
3190 2853 3462 2918 βασιλεῖ,
3505 2856 3564 2908 ἐν
3587 2855 3666 2926 τῷ
3700 2857 3784 2928 μδν

2191 2938 2392 3010 ψαλμῷ
2407 2939 2901 3011 ἀναγεγραμμένον
2920 2941 3284 3012 συνεχέστατα
3305 2943 3411 2996 ὑπὸ
3439 2943 3548 2996 τῶν
3573 2945 3786 3000 πολλῶν

2193 3032 2493 3102 φερόμενον
2519 3031 2595 3094 ὼς
2623 3031 2966 3102 νενοημένον,
2986 3034 3137 3104 ’ἡμῖν
3161 3033 3263 3087 οὐκ
3296 3034 3656 3089 ἀϐασάνιστον
3689 3039 3786 3090 ἐα-

509 3131 640 3183 dere
659 3125 984 3182 vocabulum
1013 3139 1187 3194 equus
1207 3122 1521 3193 frequenter
1541 3123 1666 3194 poni
1701 3123 1754 3176 in
1784 3136 1918 3178 voce
1944 3120 2093 3177 Scri-

2196 3125 2334 3179 τέονο
2372 3125 2512 3178 ἔστω
2542 3125 2650 3194 γὰρ
2679 3125 2773 3177 τὸν
2803 3124 3022 3193 Πατέρα
3048 3124 3222 3180 ταῦτα
3253 3125 3453 3194 λέγειν,
3500 3127 3584 3191 τίς
3612 3124 3706 3182 οὖν
3748 3133 3782 3200 ή

509 3233 685 3294 ptura:
715 3219 806 3294 [in
839 3235 944 3290 qua
973 3214 1409 3290 proponuntur],
1449 3230 1572 3286 qua:
1602 3215 1756 3270 nobis
1793 3216 1910 3269 sint
1939 3213 2092 3282 adju-

515 3324 705 3370 niento
761 3313 975 3370 divinas
1022 3308 1356 3379 'disciplinas
1427 3307 1796 3363 audientibus.
1856 3304 2091 3360 Tantum

511 3429 675 3484 unius
697 3436 791 3483 aut
816 3424 1041 3482 alterius
1062 3423 1164 3480 loci
1191 3425 1617 3480 submoneamus
1641 3438 1657 3476 :
1685 3418 1871 3488 hujus,
1892 3416 2094 3472 Fallax

505 3537 671 3592 equus
698 3531 775 3574 est
801 3520 870 3573 ad
899 3517 1132 3573 salutem
1177 3517 1266 3582 ³⁶;
1298 3527 1354 3570 et
1380 3515 1524 3569 illius
1564 3530 1578 3567 :
1622 3512 1696 3567 Hi
1733 3514 1786 3566 in
1828 3512 2114 3576 curribus,.

505 3625 554 3669 et
580 3616 634 3668 Iri
660 3615 714 3666 in
751 3612 925 3682 equis,
981 3626 1076 3664 nos
1109 3619 1282 3664 autem
1313 3608 1371 3662 in
1399 3607 1606 3660 nomine
1640 3604 1736 3660 Dei
1767 3605 1933 3658 nostri
1979 3619 2093 3656 uia-

504 3706 878 3778 gniﬁeabimur
912 3705 982 3759 "'.
1019 3703 1193 3758 Porro
1230 3699 1373 3770 quod
1428 3700 1480 3755 in
1529 3708 1729 3768 quarto
1766 3708 1821 3752 et
1850 3697 2091 3766 quadra-

506 3800 716 3869 gesimo
771 3795 981 3866 psalmo
1038 3803 1123 3850 est
1185 3794 1448 3862 scriptum
1497 3790 1606 3844 ἐς
1666 3788 1944 3843 Εηιειαυὶι
2001 3803 2093 3841 cor

505 3907 680 3946 meum
727 3903 1020 3943 sermonem
1055 3885 1271 3950 bonum,
1302 3883 1424 3936 dico
1459 3897 1553 3952 ego
1600 3897 1760 3950 Opera
1804 3896 1922 3933 mea
1954 3879 2089 3949 regi,

508 3977 953 4050 frequentissime
1004 3973 1295 4044 repetitum
1332 3986 1364 4025 a
1415 3971 1599 4026 multis
1649 3970 1874 4040 perinde
1919 3984 1986 4023 ac
2041 3969 2086 4023 si

508 4073 902 4142 intelligerent,
947 4067 1090 4122 haud
1136 4067 1405 4121 intactum
1456 4062 1612 4118 nobis
1649 4061 2088 4132 praetereundum

502 4173 606 4219 est.
661 4162 790 4216 Esto
837 4159 982 4214 enim
1041 4159 1256 4213 Patrem
1295 4158 1410 4213 haec
1442 4155 1645 4218 dicere,
1677 4153 1954 4222 quodnam
1990 4150 2079 4204 di-

503 4265 628 4310 cent
656 4268 778 4309 esse
809 4253 980 4321 ipsius
1007 4265 1124 4312 cor,
1153 4259 1212 4304 ut
1239 4262 1420 4304 sermo
1449 4245 1700 4300 videatur
1741 4245 1919 4298 bonus
1944 4257 2084 4297 cou-

503 4357 797 4420 sequenter
826 4344 1031 4401 cordi?
1069 4344 1128 4399 Si
1176 4343 1322 4398 enim
1381 4341 1497 4395 haec
1529 4353 1632 4394 vox
1671 4337 1830 4408 λόγος
1861 4335 1954 4408 [id
2003 4343 2088 4390 est

503 4444 646 4501 ratio
680 4441 764 4497 vel
792 4437 1014 4512 sermo]
1058 4435 1522 4507 interpretatione
1570 4449 1678 4487 non
1722 4442 1868 4500 eget,
1913 4439 1974 4483 ut
2009 4427 2084 4482 illi

2195 3215 2394 3290 καρδία
2419 3213 2608 3278 αὑτοῦ,
2638 3215 2726 3267 ἵνα
2759 3214 3070 3278 ἀκολούθως
3095 3218 3162 3286 τῇ
3193 3215 3391 3286 καρδίᾳ
3419 3216 3668 3284 όάγαθὺς
3696 3217 3786 3270 λό-

2193 3324 2289 3376 γος
2315 3307 2494 3376 φανῇ;
2539 3304 2602 3357 Et
2641 3304 2749 3376 γάρ
2787 3304 2817 3357 6
2851 3303 3008 3373 λόγος
3035 3305 3097 3358 οὑ
3134 3305 3306 3358 δεῖται
3336 3306 3661 3376 διηγήσεως,
3709 3309 3787 3373 ὡς

2194 3399 2392 3452 ἐκεῖνοι
2423 3394 2887 3467 ὑπολαμϐάνουσι,
2915 3395 3158 3466 δηλονότι
3186 3397 3296 3450 οὐδ’
3317 3399 3606 3471 ήσκαρδία,
3648 3401 3787 3472 ὅπερ

2193 3491 2340 3545 ἐστὶν
2387 3487 2758 3552 ἀτοπώτατον,
2791 3487 3034 3559 νομίζειν
3063 3488 3164 3559 τὴν
3207 3490 3434 3562 καρδίαν
3474 3491 3674 3562 ὁμοίως
3707 3492 3788 3562 τῷ

2192 3585 2250 3638 ἐν
2299 3584 2552 3654 ἡμετέρῳ
2607 3581 2820 3654 σώματι
2863 3575 3005 3635 εἶναι
3066 3583 3233 3654 μέρος
3282 3581 3376 3636 τοῦ
3425 3583 3581 3638 Θεοῦ.
3645 3584 3786 3637 Ἀλλ’

2193 3676 2572 3748 ὑπομνηστέον
2615 3675 2835 3740 αὐτοὺς,
2881 3675 2988 3740 ὅτι,
3040 3673 3232 3748 ὥσπερ
3266 3675 3390 3747 χεὶρ
3423 3676 3518 3729 καὶ
3547 3675 3787 3748 βραχίων

2193 3768 2290 3822 καὶ
2312 3767 2572 3831 δάκτυλος
2604 3765 2932 3838 ὀνομάζεται
2963 3765 3120 3831 Θεοῦ,
3156 3768 3256 3820 οὐκ
3292 3767 3606 3838 ἐρειδόντων
3625 3769 3787 3839 ἡμῶν

2193 3863 2292 3936 τὴν
2309 3863 2548 3918 διάνοιαν
2566 3862 2646 3926 εἰς
2664 3861 2827 3934 ψιλὴν
2845 3862 2948 3934 τὴν
2964 3860 3130 3926 λέξιν,
3149 3860 3262 3914 ἀλλ’
3289 3859 3650 3925 ἐξεταζόντων
3668 3862 3788 3930 πῶς

2189 3953 2367 4008 ταῦτα
2403 3953 2573 4024 ὑγιῶς
2601 3953 2968 4026 ἐκλαμϐάνειν
3000 3955 3093 4008 καὶ
3125 3952 3292 4018 ἀξίως
3323 3952 3462 4005 Θεοῦ
3484 3953 3584 4017 δεῖ,
3609 3953 3787 4021 οὕτως

2191 4048 2286 4102 καὶ
2323 4047 2421 4119 τὴν
2461 4047 2690 4118 καρδίαν
2727 4046 2820 4101 τοῦ
2863 4046 2997 4100 Θεοῦ
3047 4047 3148 4118 τὴν
3195 4046 3454 4119 νοητικὴν
3491 4045 3656 4101 αὑτοῦ
3691 4048 3787 4101 καὶ

2190 4138 2520 4212 προθετικὴν
2552 4139 2682 4211 περὶ
2712 4139 2820 4193 τῶν
2841 4139 2980 4194 ὅλων
3001 4138 3232 4210 δύναμιν
3264 4139 3582 4209 ἐκληπτέον’
3615 4139 3705 4192 τὸν
3726 4140 3787 4194 δὲ

2189 4229 2347 4299 λόγον
2368 4229 2478 4282 τῶν
2508 4230 2566 4282 ἐν
2596 4229 2784 4302 ἐκείνῃ
2823 4229 2886 4283 τὸ
2923 4228 3350 4297 ἀπαγγελτικόν.
3387 4229 3484 4292 Τίς
3509 4229 3568 4282 δὲ
3601 4230 3785 4298 ἀπαγο

2189 4320 2369 4390 γέλλει
2412 4319 2511 4391 τὴν
2564 4319 2758 4391 βουλὴν
2815 4317 2909 4372 τοῦ
2962 4319 3176 4389 Πατρὸς
3219 4320 3334 4382 τοῖς
3381 4316 3491 4371 τῶν
3539 4318 3786 4389 γενητῶν

2189 4413 2363 4480 ἀξίοις
2415 4413 2511 4468 καὶ
2562 4413 2694 4484 παρ’
2755 4413 2955 4476 αὐτοὺς
3006 4411 3396 4482 γεγενημένοις
3427 4411 3461 4483 ἢ
3494 4412 3524 4464 6
3555 4411 3784 4482 Σωτήρς

502 4536 840 4602 existimant,
861 4532 1080 4588 abunde
1102 4539 1319 4586 constat
1343 4541 1519 4595 neque
1545 4525 1732 4581 cordis
1755 4521 2082 4578 vocabulum

2196 4507 2345 4577 Τάχα
2371 4506 2430 4561 δὲ
2475 4506 2570 4560 καὶ
2599 4507 2660 4560 οὑ
2698 4505 2878 4578 μάτην
2906 4504 2986 4569 τὸ,
3031 4504 3418 4572 ἑξηρεύξατο·
3460 4503 3630 4575 μυρία
3676 4505 3788 4575 γὰρ

505 4623 956 4696 interpretatione
987 4636 1171 4690 egere,
1219 4619 1270 4674 id
1302 4621 1448 4688 quod
1483 4628 1568 4671 est
1600 4613 2080 4676 absurdissimum,

505 4717 818 4774 existimare
861 4713 1069 4770 scilicet
1094 4727 1200 4766 non
1244 4725 1404 4766 secus
1448 4723 1544 4764 cor
1571 4717 1782 4778 partem
1819 4703 1910 4758 Dei
1938 4717 2080 4767 esse,

504 4821 667 4880 atque
700 4818 786 4864 est
821 4808 874 4862 iu
911 4813 1101 4861 nostro
1133 4819 1383 4875 corpore.
1433 4800 1541 4855 Sed
1586 4797 1912 4852 admonendi
1955 4805 2084 4851 sunt

502 4902 582 4957 illi
626 4903 772 4972 quod
802 4897 1260 4970 quemadmodum
1289 4908 1506 4952 manus.
1547 4901 1602 4945 et
1645 4889 1954 4952 brachium,
1992 4898 2080 4942 at-

503 5007 613 5064 que
653 4993 818 5048 etiam
859 4990 1064 5062 digitus
1105 4988 1200 5043 Dei
1249 4987 1476 5048 dicitur,
1512 4983 1713 5038 nudum
1757 4979 2080 5035 vocabulum

503 5087 624 5142 acie
669 5085 867 5140 mentis
910 5081 1070 5139 nobis
1118 5095 1225 5137 non
1258 5074 1699 5148 dispicientibus,
1731 5072 1826 5127 sed
1867 5073 2080 5126 exami-

506 5177 768 5234 nantibus
789 5189 1027 5249 qupnam
1056 5181 1218 5243 pacto
1249 5171 1366 5224 haec
1395 5179 1549 5232 sane,
1581 5175 1634 5219 et
1661 5174 1722 5217 ut
1753 5162 1862 5218 Deo
1883 5172 1971 5217 est
2001 5162 2080 5217 di-

504 5283 693 5338 gnum,
743 5265 854 5321 sint
901 5261 1238 5335 accipienda,
1283 5261 1356 5316 ita
1393 5258 1559 5312 etiam
1615 5269 1712 5308 nos
1771 5252 2080 5322 intelligere

573 5386 620 5419 ⁸⁸
650 5383 806 5440 Joan.
837 5378 995 5445 1,“.
1093 5377 1134 5409 ³¹
1165 5375 1324 5445 Joan.
1356 5388 1395 5436 ι,
1428 5373 1481 5427 l.
1537 5369 1599 5445 ,δ’
1621 5365 1781 5445 Joau:
1813 5379 1854 5427 ι.
1885 5364 1969 5445 ιι.
2055 5367 2093 5400 ⁸³

2196 5373 2326 5423 attlt.
2357 5383 2432 5430 ιι,
2457 5365 2548 5420 27.

505 5456 553 5489 ⁸⁸
586 5435 929 5516 assumi,
974 5450 1061 5512 l7,
1134 5448 1178 5479 "
1208 5444 1350 5500 Psal.
1382 5435 1495 5504 m.
1533 5441 1586 5494 8.
1663 5438 1710 5470 ⁸⁸
1740 5435 1892 5490 Vers.
1928 5436 1980 5494 l.

579 5571 689 5644 (59)
721 5572 920 5644 Ὅπερ.
943 5566 1034 5644 Sjc
1061 5562 1228 5644 codex
1256 5559 1578 5644 Bodleianns
1602 5553 1861 5625 ;.Regins,
1889 5554 2081 5622 ὅσπερ.

579 5572 668 5644 (59
721 5572 920 5637 Ὅπερ.
943 5572 1034 5621 Sic
1061 5572 1228 5617 codex
1259 5572 1546 5614 Hortterann

579 5572 691 5712 (6οζ
727 5634 1055 5712 Παριςζᾷν.
1080 5634 1223 5712 Lego
1257 5627 1552 5712 παριστάς.

579 5692 692 5791 {fit}
729 5692 845 5763 Ἕῖ·
861 5702 912 5832 ιῇ
933 5692 1064 5788 say
1089 5692 1566 5771 τιῗπροκὲίμενα,
1592 5705 1699 5752 etc.
1733 5692 1858 5748 lla'c
1887 5692 2083 5773 desunt

600 5780 834 5832 editione
887 5773 1176 5832 luettt.sed
1199 5780 1530 5831 revocantur
1559 5783 1589 5826 e
1611 5765 1770 5823 codd.
1797 5762 2083 5820 Bodleiano

510 5784 564 5836 in
583 5762 834 5834 ‘éditione
861 5762 1176 5842 l'l'uetii,sed
1199 5762 1530 5831 revocantur
1559 5783 1589 5826 e
1611 5765 1770 5823 codd.
1797 5762 2089 5820 Bodleiano

505 5861 564 5909 et
590 5847 908 5908 Barberiuo.

2190 4601 2354 4672 ἕτερα
2397 4601 2617 4655 ἐδύνατο
2667 4599 2922 4670 λέγεσθαι
2970 4599 3091 4653 ἀντὶ
3133 4598 3246 4670 (62)
3274 4597 3368 4653 τοῦ
3391 4595 3782 4665 ἐξηρεύξατο.

2191 4691 2500 4764 Προέϐαλεν
2535 4693 2568 4763 ὴ
2601 4691 2798 4765 καρδία
2838 4707 2940 4761 μου
2976 4690 3133 4759 λόγον
3168 4688 3406 4758 ἀγαθόν·
3440 4673 3702 4758 ἐλάλησεν
3748 4688 3784 4758 ἡ

2191 4787 2388 4859 καρδία
2437 4803 2536 4858 μου
2593 4785 2752 4855 λόγον
2801 4783 3027 4854 ἀγαθόν.
3087 4781 3248 4836 ’Δλλά
3302 4783 3537 4853 μήποτε,
3594 4779 3785 4850 ὥσπερ

2189 4879 2498 4950 πνεύματός
2518 4895 2662 4943 τινος
2692 4875 3014 4949 ἀποκρύφου
3043 4875 3154 4947 (65)
3185 4876 3268 4938 είς
3299 4871 3530 4945 φανερὸν
3557 4870 3784 4941 πρόοδὸς

2187 4975 2335 5027 ἐστιν
2371 4973 2404 5042 ἡ
2436 4971 2609 5042 ἐρυγὴ
2653 4969 2750 5024 τοῦ
2791 4967 3180 5042 ἐρευγομένου,
3243 4965 3408 5020 οἱονεὶ
3452 4963 3542 5018 διά
3588 4961 3780 5016 τούτου

2189 5065 2570 5128 ἀναπνέοντος,
2603 5063 2748 5117 οὕτω
2801 5062 2870 5116 τὰ
2919 5061 3022 5131 τῆς
3052 5057 3312 5129 ἀληθείας
3353 5056 3689 5127 θεωρήματα
3717 5053 3780 5106 οὑ

2191 5160 2429 5230 συνέχων
2455 5161 2484 5212 6
2502 5159 2693 5228 Πατὴρ
2715 5155 3023 5228 ἐρεύγεται,
3057 5153 3154 5208 καὶ
3186 5153 3332 5205 ποιεῖ
3359 5150 3452 5204 τὸν
3481 5148 3652 5203 τύπον
3681 5145 3783 5199 αύ-

2189 5254 2298 5308 τῶν
2325 5257 2383 5308 ἐν
2409 5252 2488 5324 τῷ
2523 5253 2686 5323 λόγῳ,
2716 5251 2810 5304 καὶ
2834 5248 2924 5303 διὰ
2949 5246 3111 5302 τοῦτο
3142 5246 3312 5301 εικόνι
3333 5243 3650 5314 καλουμένῳ
3682 5237 3780 5294 τοῦ

2654 5364 2703 5396 ἰ
2733 5364 2839 5419 lsa.
2876 5377 2953 5428 ix,
2982 5362 3036 5418 6.
3114 5361 3160 5393 ³⁵
3187 5361 3322 5432 Cap.
3358 5377 3474 5425 xix,
3509 5370 3655 5412 vers.
3685 5356 3776 5411 ll.

2267 5551 2599 5626 (69.)__’A_rr_¢.
2637 5545 3070 5626 Deesthindex'tu
3099 5541 3304 5608 Huetii,
3341 5541 3436 5596 sed
3473 5539 3670 5611 legitur
3715 5539 3776 5596 in

2192 5614 2369 5679 codd.’
2389 5621 2680 5674 Bodleiano
2707 5627 2761 5670 et
2785 5614 3106 5670 Barberino.

2263 5693 2373 5765 (65)
2409 5689 2798 5765 Ἀποκρύςιξου.
2829 5685 2923 5742 Sic
2947 5684 3119 5744 codex
3150 5682 3517 5751 Bodleianus;
3546 5679 3776 5739 Haedus

2197 5765 2250 5819 in
2272 5758 2454 5827 'tes‘tu,
2489 5758 2866 5832 ἀποκρύπτου.
