4174 6406
371 350 474 407 1111

1477 339 1832 398 (ΞΟΜΜΕἈΤ.
1869 338 1937 395 IN
1969 337 2163 396 JOAN.
2200 334 2441 393 TOMUS
2477 332 2516 387 1.

3532 328 3636 384 162

370 461 614 529 ἀοράτου
647 458 804 513 Θεοῦο
841 459 934 514 καὶ
961 459 1133 513 ταῦτα
1158 458 1277 529 μὲν,
1313 458 1400 511 ἵνα
1429 458 1961 529 συμπεριφερόμενοι

2075 455 2282 516 Jcberc,
2314 467 2408 505 cor
2438 451 2531 504 Dei
2564 460 2685 502 esse
2709 447 2825 515 ejus
2855 459 2974 501 cam
3018 444 3124 499 vim
3164 459 3283 514 qua:
3328 442 3638 515 intelligen-

370 555 444 623 τῇ
465 552 572 606 τῶν
606 551 818 605 πολλῶν
833 551 1022 623 ὲκδοχῇ
1049 548 1478 622 παραδεξώμεθα
1502 550 1611 603 ἀπὸ
1634 550 1725 603 τοῦ
1746 549 1957 620 Πατρὸς

366 645 634 714 λέγεσθαι
684 645 765 698 τό⁶
843 643 1233 712 Ἐξτιρεύξατο
1263 644 1301 711 ἡ
1341 642 1556 711 καρδία
1605 661 1725 712 μου
1773 643 1961 712 λόγον

372 741 624 810 ἀγαθόν.
649 740 724 793 Οὐ
757 739 932 808 πάντη
957 738 1014 791 δὲ
1034 737 1217 797 αὐτοῖς
1250 734 1702 807 παραχωρητέον,
1734 734 1809 798 ὼς
1828 736 1954 806 ὁμο-

375 831 721 903 λογουμένως
760 830 934 885 ταῦτα
982 826 1417 896 ἀπαγγέλλοντος
1465 825 1559 879 τοῦ
1590 824 1746 879 Θεοῦ.
1779 825 1878 879 Διὰ
1907 824 1960 879 τί

376 923 488 994 γὰρ
543 922 666 992 οὐχὶ
718 923 747 975 ὁ
789 920 1075 992 προφήτης
1119 917 1271 970 ἔσται
1310 915 1488 983 λέγων
1519 914 1825 987 πληρωθεὶς
1864 911 1958 966 τοῦ

377 1015 721 1087 Πνεύματος,
778 1015 874 1068 καὶ
919 1012 1325 1084 προφερόμενος
1371 1011 1528 1079 λόγον
1576 1008 1777 1078 ἀγαθὸν
1831 1008 1961 1079 περὶ

377 1106 718 1177 προφητείας
745 1106 846 1176 τῆς
865 1106 994 1176 περ),
1017 1104 1279 1176 Χριστοῦ,
1314 1103 1556 1173 συνέχειν
1591 1100 1751 1155 αὑτὸν
1774 1101 1834 1154 οὐ
1867 1100 1959 1153 δυ-

375 1201 633 1271 νάμενος,
682 1197 763 1252 τό·
826 1196 1221 1266 Ἐξηρεύξατο
1266 1196 1306 1265 ή
1351 1196 1566 1265 καρδία
1609 1211 1729 1264 μου
1773 1194 1962 1260 λόγον

376 1290 627 1359 ἀγαθὸν,
690 1289 846 1358 λέγω
877 1287 992 1356 ἐγὼ
1034 1288 1106 1341 τὰ
1144 1288 1289 1356 ἔργα
1313 1304 1433 1355 μου
1465 1283 1547 1351 τῷ
1593 1284 1861 1350 ,βασιλεῖ-
1918 1284 1958 1352 ή

376 1381 633 1451 γλῶσσά
675 1400 795 1451 μου
842 1380 1111 1447 κάλαμος
1156 1379 1534 1450 ’γραμματέως
1595 1376 1957 1447 όξυγιοάερου·

376 1472 594 1542 ὡραῖος
621 1472 834 1527 κάλλει
862 1471 1021 1540 παρὰ
1051 1472 1193 1538 τοὺς
1244 1471 1416 1536 υἱοὺς
1450 1470 1569 1524 τῶν
1608 1466 1953 1536 ἀνθρώπων

378 1561 501 1618 εἶτα
529 1564 663 1636 πρὸς
687 1565 850 1618 αὐτὸν
866 1564 957 1617 τὸν
984 1564 1234 1635 Χριστόν·
1283 1563 1563 1632 Ἐξεχύθη
1600 1561 1639 1629 ἡ
1678 1558 1848 1629 χάρις
1893 1559 1962 1611 ἐν

380 1658 617 1727 χείλεσι
662 1672 812 1720 σου;
860 1656 984 1720 Πῶς
1004 1656 1141 1729 γὰρ,
1172 1658 1223 1710 εἰ
1265 1657 1294 1708 ὁ
1347 1654 1537 1726 Πατὴρ
1570 1652 1720 1706 ταῦτ’
1755 1652 1959 1721 ἔλεγεν,

378 1749 680 1819 ἐπεφέρετο
713 1746 812 1818 τῷ,
855 1748 1138 1817 Ἐξεχύθη
1177 1749 1217 1817 ἡ
1243 1747 1417 1817 χάρις
1450 1749 1521 1801 ἐν
1553 1746 1789 1815 χείλεσι
1820 1761 1959 1809 σου,

2068 546 2199 598 tiam
2240 543 2439 597 cﬂiciat
2470 550 2525 596 et
2550 540 2805 593 universa
2829 538 3082 606 disponat
3116 554 3129 603 ;
3176 550 3484 591 sermonem
3527 533 3642 607 5.6

2065 652 2195 693 vero
2226 636 2355 690 illud
2391 650 2531 701 esse,
2576 633 2738 701 quod,
2774 646 2896 701 quae
2934 631 2990 685 in
3023 629 3116 684 illo
3163 639 3288 684 sunt
3330 628 3515 696 corde,
3549 643 3641 684 re-

2071 729 2311 783 nuntiet.
2357 727 2489 794 Quis
2539 740 2671 780 vero
2714 723 2894 779 Patris
2926 723 3213 779 consilium
3253 721 3338 777 his
3361 721 3452 792 qui
3497 722 3642 778 inter

2066 819 2325 876 mortales
2353 818 2497 888 digni
2530 816 2863 880 exstiterint,
2904 816 3107 885 quique
3145 814 3341 869 horum
3388 824 3639 867 naturam

2064 911 2462 983 superaverint,
2489 910 2788 975 renuntiat,
2811 908 2914 963 nisi
2941 908 3200 962 Servator
3221 905 3244 958 ?
3266 903 3428 960 Forte
3456 912 3638 959 autem

2066 1021 2172 1059 non
2197 1003 2404 1058 frustra
2437 1002 2671 1071 positum
2701 1010 2808 1066 est,
2835 1000 3114 1062 eructavit,
3142 1011 3263 1051 cum
3295 995 3455 1063 hujus
3486 994 3639 1049 verbi

2065 1094 2186 1149 vice
2218 1093 2321 1146 alia
2357 1093 2641 1146 innumera
2672 1090 2780 1145 dici
2801 1088 3128 1158 potuissent,
3169 1085 3643 1152 uimirumpropo-

2066 1186 2197 1252 suit,
2221 1184 2305 1237 vel
2338 1182 2575 1253 protulit
2607 1196 2705 1237 cor
2739 1195 2919 1235 meum
2945 1191 3256 1233 sermonem
3288 1176 3525 1238 bonum;
3557 1175 3640 1226 lo-

2066 1286 2250 1330 cutum
2289 1283 2373 1328 est
2412 1287 2509 1328 cor
2546 1286 2724 1327 meum
2774 1281 3083 1325 sermonem
3110 1269 3329 1322 bonum.
3362 1263 3470 1319 Sed
3507 1262 3636 1316 vide

2067 1382 2134 1422 ne
2165 1367 2302 1421 forte
2330 1364 2781 1435 quemadmodum
2825 1360 3055 1430 alicujus
3098 1357 3258 1413 ﬂatus
3278 1354 3479 1410 occulti
3511 1368 3643 1424 pro-

2067 1474 2285 1531 gressus
2316 1459 2368 1512 in
2398 1465 2645 1527 apertum
2669 1465 2752 1510 est
2798 1462 2987 1508 ructus
3026 1451 3346 1509 eructantis,
3379 1458 3641 1516 tanquam

2066 1566 2165 1622 per
2187 1551 2325 1605 hunc
2348 1548 2689 1618 respirantis,
2718 1547 2786 1599 ita
2813 1544 3060 1599 veritatis
3096 1540 3502 1613 speculationes
3523 1552 3631 1592 non

2068 1645 2352 1701 continens
2385 1640 2552 1694 Pater
2598 1646 2833 1701 eructet,
2874 1637 3145 1704 faciatque
3193 1634 3389 1688 harum
3443 1631 3643 1701 ﬁguras

2068 1737 2125 1792 in
2154 1748 2426 1797 sermone,
2454 1730 2547 1802 qui
2580 1730 2745 1785 etiam
2780 1730 2920 1787 hanc
2956 1728 3027 1782 ob
3070 1740 3293 1780 causam
3337 1733 3567 1777 vocetur
3594 1721 3645 1752 ⁸⁸

377 1838 465 1902 τὸ,
616 1813 792 1891 τοῦτο
829 1813 1135 1909 εὐλόγησέ
1159 1813 1295 1893 trs—i5
1318 1813 1474 1906 Delig-
1626 1838 1732 1892 τὸν
1756 1837 1961 1893 αἰῶνα·

2075 1828 2357 1883 invisibilis
2402 1825 2499 1879 Dei
2550 1824 2751 1891 imago.
2798 1819 2866 1874 Et
2909 1820 3023 1874 haec
3067 1818 3309 1886 quidem,
3361 1824 3423 1870 ut
3471 1813 3642 1867 illud:

379 1931 477 1984 καὶ
508 1926 627 2001 μετ’
653 1930 826 1999 ὀλίγα·
858 1932 961 1984 Διὰ
990 1931 1166 1984 τοῦτο
1197 1930 1403 2001 ἐχρισέ
1428 1935 1550 1986 σεό
1576 1931 1720 1998 Θεὸς
1753 1935 1786 1985 ὁ
1820 1932 1965 1999 Θεός

380 2037 501 2076 σου
544 2022 754 2078 ἔλαιον
803 2023 1223 2093 ἀγαλλιάσεως
1281 2025 1443 2093 παρά
1500 2024 1644 2091 τοὺς
1668 2026 1967 2094 μετόχους

381 2127 537 2178 σου;
584 2114 999 2183 Ἀνθυπενέγκοι
1037 2115 1147 2185 (64)
1190 2116 1247 2169 δέ
1279 2134 1362 2181 τις
1398 2116 1740 2187 (βουλόμενος
1770 2118 1835 2170 ἐκ
1871 2116 1965 2170 τοῦ

382 2204 598 2278 Πατρὸς
618 2206 686 2259 τὰ
704 2207 763 2259 ὲν
790 2206 869 2278 τῷ
898 2206 1098 2279 ψαλμῷ
1134 2208 1595 2280 ἀπαγγέλλεσθαι)
1636 2208 1717 2262 τόο
1758 2211 1965 2264 Ἄκου-

384 2313 530 2360 σον,
563 2299 836 2368 θύγατερ,
889 2298 990 2352 καὶ
1039 2298 1149 2364 ἴδε,
1194 2299 1289 2353 καὶ
1323 2300 1541 2354 κλῖνον
1575 2301 1641 2354 τὸ
1689 2296 1800 2367 οὖς
1827 2316 1964 2369 σου,

383 2392 483 2446 καὶ
512 2391 799 2446 ἐπιλάθου
820 2392 927 2447 τοῦ
953 2393 1109 2448 λαοῦ
1138 2410 1274 2459 σου,
1309 2394 1408 2448 καὶ
1440 2395 1545 2449 τοῦ
1576 2397 1804 2464 Πατρός
1827 2411 1963 2451 σου·

382 2485 446 2537 οὔ
499 2484 608 2558 γὰρ
651 2485 679 2537 ὁ
717 2484 1011 2557 Προφήτης
1049 2486 1188 2557 πρὸς
1231 2486 1329 2559 τὴν
1371 2488 1694 2558 Ἐκκλησίαν
1738 2491 1854 2559 ἐρεῖ
1884 2489 1965 2543 τό·

389 2578 703 2638 Ἄκουσον,
737 2577 1007 2645 θύγατερ.
1042 2578 1119 2631 Οὐ
1166 2578 1402 2649 χαλεπὸν
1435 2579 1493 2632 δὲ
1520 2579 1690 2645 δεῖξαι
1729 2580 1824 2634 καὶ
1861 2581 1970 2634 ἀπὸ

387 2667 591 2738 ἑτέρων
616 2666 864 2739 ψαλμῶν,
897 2670 979 2722 ὅτι
1008 2669 1317 2741 προσώπων
1356 2672 1594 2741 γίνονται
1646 2674 1741 2726 ἐπὶ
1789 2672 1970 2726 πλεῖον

386 2758 698 2827 ὲναλλαγαὶ,
734 2758 875 2813 ὥστε
906 2761 1002 2813 καὶ
1026 2760 1211 2814 ἐνθάδε
1230 2761 1488 2816 δύνασθαι
1505 2764 1612 2818 ἀπὸ
1640 2763 1971 2831 τοῦ,Ἄκου-

384 2865 522 2917 σον,
551 2853 823 2922 θύγατερ,
856 2853 948 2908 τὸν
971 2855 1192 2926 Πατέρα
1215 2855 1412 2925 λέγειν·
1445 2856 1778 2928 παραθετέον
1808 2859 1865 2913 δὲ
1891 2861 1971 2923 εἰς

383 2944 487 3016 τὴν
520 2946 650 3018 περὶ
675 2946 770 2999 τοῦ
807 2947 971 3016 λόγου
1021 2947 1265 3012 ἐξέτασιν
1292 2950 1387 3003 καὶ
1431 2951 1511 3003 τό·
1556 2950 1639 3017 Τῷ
1673 2954 1833 3021 λόγῳ
1862 2952 1970 3006 τοῦ

385 3037 615 3105 Κυρίου
645 3040 697 3091 οὶ
738 3037 984 3106 οἰφανοὶ
1027 3038 1498 3107 ἐστερεώθησαν,
1533 3041 1630 3094 καὶ
1667 3039 1749 3107 τῷ
1791 3041 1973 3096 πνεύ-

385 3147 526 3198 ματι
571 3128 681 3184 τοῦ
729 3129 1025 3199 στόματος
1059 3131 1171 3203 (65)
1210 3132 1398 3186 αὐτοῦ
1449 3131 1618 3188 πᾶσα
1649 3135 1688 3202 ἠ
1719 3133 1971 3204 δύναμις

384 3222 604 3276 αὐτῶν·
649 3222 791 3296 ἅπερ
841 3222 986 3286 τινὲς
1025 3224 1281 3293 ἡγοῦνται
1318 3225 1413 3278 ἐπὶ
1460 3226 1555 3281 τοῦ
1585 3226 1835 3297 Σωτῆρος
1874 3226 1973 3280 καὶ

383 3311 482 3366 τοῦ
521 3312 679 3381 ἁγίου
731 3311 1028 3367 τάσσεσθαι
1081 3313 1418 3386 Πνεύματος,
1465 3315 1739 3388 δυνάμενα
1781 3314 1973 3387 δηλοῦν

384 3402 466 3474 τῷ
498 3403 643 3474 λόγῳ
674 3403 971 3467 Θεοῦοτοὺς
997 3403 1258 3477 οὐρανοὺς
1288 3405 1670 3478 ὲστερεῶσθαι,
1702 3407 1777 3471 ὡς
1805 3408 1854 3460 εἰ
1883 3406 1974 3460 λέ-

384 3511 579 3565 γοιμεν
605 3494 751 3565 λόγῳ
772 3495 1198 3568 ἀρχιτεκτονικῷ
1224 3495 1325 3569 τὴν
1345 3497 1540 3562 οἰκίαν,
1568 3498 1664 3552 καὶ
1680 3498 1824 3570 λόγῳ
1839 3515 1971 3554 ναυ-

386 3586 612 3658 πηγικῷ
642 3588 746 3659 τὴν
791 3587 924 3643 ναῦν
970 3589 1274 3658 γεγονέναι,
1307 3590 1491 3656 οὕτως
1525 3588 1617 3645 οὖν
1662 3591 1804 3664 λόγῳ
1839 3590 1973 3646 Θεοῦ

386 3682 515 3744 τοὺς
537 3681 819 3751 οὐρανοὺς,
862 3680 1134 3753 θειοτέρου
1175 3681 1534 3753 τυγχάνοντος
1561 3682 1670 3755 (66)
1704 3682 1971 3755 σώματος,

388 3774 486 3828 καὶ
518 3772 609 3828 διὰ
632 3773 791 3827 τοῦτο
831 3773 1168 3844 καλουμένου
1217 3773 1462 3846 στερεοῦ,
1512 3774 1613 3827 οὐκ
1656 3774 1870 3846 ἔχοντος
1912 3774 1975 3828 τὸ

389 3863 623 3919 ἐπιπολὺ
658 3864 880 3936 ρευστὸν
910 3865 1006 3919 καὶ
1033 3865 1339 3919 εὐδιάλυτον
1356 3865 1464 3919 τῶν
1495 3865 1719 3932 λοιπῶν,
1758 3865 1852 3920 καὶ
1875 3883 1976 3919 κα-

390 3956 615 4028 τωτέρω
657 3956 1041 4028 ἐπερεῶσθαι,
1092 3958 1187 4012 καὶ
1229 3958 1319 4013 διὰ
1362 3960 1422 4013 τὸ
1462 3960 1716 4029 διάφορον
1748 3962 1975 4033 ἐσχηκέ-

391 4066 482 4104 ναι
507 4048 618 4121 (67)
648 4049 940 4121 ἐξαιρέτως
968 4049 1047 4122 τῷ
1081 4050 1207 4122 θείῳ
1241 4052 1403 4122 λόγῳ.
1448 4053 1599 4107 Ἐπεὶ
1630 4050 1722 4108 οῦν
1753 4054 1975 4126 πρόκει-

393 4157 487 4195 ται
532 4139 646 4213 (68)
705 4140 786 4206 τὸ,
840 4142 942 4196 Ἐν
986 4142 1144 4212 ἀρχῇ
1173 4140 1253 4214 ἦν·
1287 4147 1321 4198 ὁ
1362 4147 1570 4215 Λόγος,
1607 4146 1792 4217 σαφῶς
1826 4148 1973 4213 ἰδεῖν,

395 4232 540 4304 ἁρχὴ
556 4233 613 4286 δὲ
648 4232 788 4304 μετὰ
811 4235 1120 4306 μαρτυριῶν
1142 4234 1250 4289 τῶν
1266 4237 1330 4290 ὲκ
1351 4237 1458 4290 τῶν
1485 4239 1817 4309 Παροιμιῶν
1843 4241 1979 4293 ἀπο-

394 4323 604 4377 δέδοται
636 4324 940 4397 εἰρῆσθαιή
971 4326 1151 4397 σοφία,
1179 4327 1270 4380 καὶ
1298 4327 1414 4381 ἐστι
1453 4329 1917 4401 προεπινοουμένη
1943 4331 1976 4402 ἡ

396 4417 559 4485 σοφία
589 4414 683 4468 τοῦ
721 4417 889 4488 αὐτὴν
938 4418 1372 4488 ἀπαγγέλλοντος
1415 4420 1596 4489 λόγου,
1632 4421 1849 4493 νοητέον
1888 4421 1978 4474 τὸν

394 4506 553 4575 λόγον
585 4506 693 4577 (69)
722 4508 780 4560 ἐν
806 4510 872 4579 τῇ
903 4508 1067 4580 ἀρχῇ,
1095 4508 1341 4562 τουτέστι
1373 4512 1439 4581 τῇ
1484 4510 1666 4581 σοφίᾳ,
1701 4511 1788 4563 ἀεὶ
1816 4505 1976 4577 εἶναι,

393 4603 524 4658 ὅντα
552 4598 612 4656 δὲ
641 4600 700 4652 ἐν
724 4602 789 4671 τῇ
828 4600 988 4672 σοφία
1020 4600 1329 4674 καλουμένῃ
1373 4601 1514 4674 ἀρχῇ
1561 4601 1635 4674 μὴ
1675 4601 1979 4657 κωλύεσθαι

395 4690 537 4749 εἶναι
581 4690 720 4767 πρὸς
755 4691 847 4749 τὸν
886 4692 1037 4761 Θεὸν,
1099 4692 1191 4750 καὶ
1233 4693 1394 4753 αὐτὸν
1436 4696 1568 4750 Θεὸν
1622 4695 1981 4766 τυγχάνοντα,

395 4788 493 4840 καὶ
520 4788 581 4840 οὐ
599 4786 821 4857 γυμνῶς
850 4785 962 4856 (70)
987 4783 1125 4841 εἶναι
1162 4787 1324 4842 αὐτὸν
1361 4785 1497 4858 πρὸς
1534 4785 1627 4839 τὸν
1665 4784 1819 4849 Θεὸν,
1847 4783 1982 4838 ἀλλὰ

397 4879 528 4932 ὄντα
550 4880 608 4933 ὲν
636 4882 711 4952 τῇ
735 4881 877 4952 ἀρχῇ
899 4884 965 4953 τῇ
989 4880 1152 4953 σοφίᾳ
1170 4876 1308 4933 εἶναι
1340 4879 1476 4952 πρὸς
1504 4878 1596 4932 τὸν
1617 4876 1767 4931 Θεόνο
1793 4875 1990 4949 ὲπιφέο

404 4989 485 5044 ρει
506 4970 638 5040 γοῦν
665 4973 758 5027 καί
788 4990 972 5045 φησιν’
996 4969 1185 5039 οὗτος
1207 4973 1278 5027 ἐν
1301 4971 1459 5042 ἀρχῇ
1488 4970 1639 5041 πρὸς
1664 4971 1771 5025 τὸν
1810 4971 1978 5024 Θεόν·

398 5063 625 5118 ἐδύνατο
672 5065 781 5136 γὰρ
824 5066 1124 5138 εἰρηκέναι·
1175 5060 1458 5138 Οὖτοςῆν
1508 5064 1648 5137 πρὸς
1689 5064 1781 5118 τὸν
1829 5063 1981 5118 Θεόν.

411 5154 555 5207 Ἀλλ’
583 5150 773 5227 ὥσπερ
809 5152 878 5227 ἦν
914 5158 973 5210 ἐν
1022 5158 1186 5229 ἀρχῇ,
1219 5155 1388 5220 οὕτως
1422 5157 1517 5210 καὶ
1548 5155 1685 5227 πρὸς
1725 5155 1816 5209 τὸν
1852 5153 1987 5208 Θεὸν

401 5246 460 5297 ἐν
490 5246 635 5317 ἀρχῇ
661 5241 753 5318 ἦν·
785 5249 881 5301 καὶ
911 5246 1116 5302 Πάντα
1144 5247 1219 5302 δι’
1243 5247 1430 5302 αὐτοῦ
1454 5247 1710 5316 ἐγένετο,
1737 5246 1885 5311 ὄντος
1927 5248 1985 5300 ὲν

2072 1917 2347 1973 Eructavit
2387 1931 2477 1969 cor
2507 1927 2679 1967 meum
2724 1926 3010 1964 sermonem
3038 1909 3252 1972 bonum,
3289 1907 3393 1961 dici
3427 1920 3456 1958 a
3484 1903 3648 1959 Patre

2068 2008 2452 2078 intelligamus,
2507 2003 2797 2057 multorum
2854 1999 3223 2068 intelligentiae
3271 1997 3638 2051 adhaerentes.

2068 2099 2273 2166 Quibus
2324 2107 2502 2149 tamen
2543 2107 2651 2147 non
2689 2091 2871 2147 statim
2921 2090 3245 2153 cedendum,
3298 2087 3523 2157 perinde
3574 2101 3640 2137 ac

2068 2197 2281 2245 constet
2330 2186 2498 2239 Deum
2559 2181 2677 2236 haec
2728 2182 3037 2234 enuntiare.
3100 2177 3283 2244 Quare
3334 2176 3479 2230 enim
3539 2189 3647 2228 non

2069 2280 2341 2349 Propheta
2390 2278 2482 2332 ille
2531 2276 2788 2347 loquatur
2838 2273 3029 2341 plenus
3075 2267 3280 2339 Spiritu
3326 2274 3548 2329 sancto,
3594 2273 3649 2319 et

2069 2371 2308 2440 proferat
2339 2383 2647 2423 sermonem
2696 2366 2897 2420 bonum
2931 2361 3287 2432 pertinentem
3325 2358 3391 2412 ad
3418 2356 3652 2427 prophe—

2073 2464 2200 2517 tiam
2240 2461 2306 2516 de
2332 2460 2570 2527 Christo,
2604 2458 2883 2512 continere
2914 2455 3089 2524 ipsum
3136 2466 3247 2505 non
3285 2448 3499 2513 valens,
3541 2446 3651 2501 sci-

2073 2556 2231 2609 licet:
2267 2551 2547 2607 Eructavit
2591 2566 2681 2604 cor
2738 2564 2909 2602 meum
2947 2560 3236 2600 sermonem
3285 2542 3496 2608 bonum,
3531 2539 3650 2592 dico

2076 2662 2171 2717 ego
2196 2662 2354 2714 opera
2386 2660 2503 2697 mea
2538 2642 2646 2712 regi
2670 2656 2689 2695 ,ξ
2712 2641 2890 2710 lingua
2924 2653 3039 2690 mea
3066 2636 3306 2689 calamus
3345 2632 3534 2686 scriba:
3566 2646 3651 2685 ue—

2083 2737 2269 2792 lociter
2295 2735 2569 2791 scribentis
2595 2750 2615 2788 :
2642 2731 2922 2802 Speciosus
2957 2730 3127 2798 forma
3167 2741 3278 2796 pra:
3309 2724 3438 2794 ﬁliis
3473 2723 3647 2778 homi-

2071 2846 2197 2884 num
2243 2829 2288 2860 ⁶⁰
2337 2847 2352 2884 :
2397 2838 2582 2897 postea
2620 2825 2689 2878 ad
2737 2825 2914 2893 ipsum
2958 2819 3234 2876 Christum
3274 2834 3290 2872 :
3334 2816 3544 2886 lli/fusa
3574 2824 3652 2870 est

2072 2922 2249 2994 gratia
2275 2921 2331 2974 in
2355 2918 2512 2972 labiis
2549 2917 2654 2971 tuis
2676 2915 2719 2947 “
2742 2915 2766 2969 ?
2793 2914 2850 2969 Si
2881 2913 3023 2968 enim
3050 2912 3165 2966 haec
3200 2909 3363 2964 Pater
3388 2908 3651 2977 loqueba-

2074 3021 2183 3075 tur,
2220 3009 2494 3080 quomodo
2522 3007 2609 3061 his
2644 3005 2866 3061 verbis:
2904 3001 3117 3071 Di/[usa
3150 3007 3228 3054 est
3266 3000 3445 3070 gratia
3480 3003 3538 3051 in
3566 2997 3650 3050 la—

2074 3103 2174 3156 biis
2214 3102 2341 3166 tuis,
2383 3099 2626 3154 additum
2658 3106 2741 3152 cst
2775 3095 2900 3150 illud
2928 3111 2942 3148 :
2989 3092 3269 3162 Propterea
3301 3090 3568 3145 benedixit
3600 3099 3651 3143 te

1998 3194 2041 3252 C
2074 3197 2217 3252 Deus
2251 3197 2308 3250 in
2348 3204 2607 3250 azternum
2653 3191 2740 3257 ⁶²;
2789 3198 2845 3244 et
2886 3197 3007 3258 post
3044 3202 3252 3258 pauca:
3286 3182 3512 3254 Propter
3555 3184 3655 3236 hac

2079 3290 2230 3345 unxit
2273 3299 2325 3342 te
2360 3286 2501 3341 Deus
2548 3297 2672 3339 tuus
2711 3282 2824 3337 oleo
2867 3279 3238 3336 exsultationis
3276 3292 3387 3348 pra:
3433 3277 3656 3347 partici-

2077 3382 2229 3453 pibus
2258 3382 2362 3436 tuis
2410 3379 2506 3432 “7
2553 3376 2754 3433 Verum
2792 3374 2920 3431 illud
2950 3371 3174 3441 obiiciat
3217 3367 3413 3437 aliquis
3444 3366 3655 3438 (volens

2078 3479 2194 3533 haec
2223 3473 2412 3547 psalmi
2448 3474 2612 3528 verba
2643 3488 2672 3525 a
2707 3470 2869 3527 Patre
2893 3466 3224 3535 enuntiari):
3254 3461 3413 3526 Audi,
3444 3460 3584 3530 ﬁlia,
3607 3468 3657 3512 et

2081 3572 2220 3634 uide,
2245 3577 2295 3623 et
2324 3567 2522 3621 inclina
2554 3578 2738 3618 aurem
2765 3571 2938 3624 tuam,
2969 3571 3017 3611 et
3053 3556 3359 3610 obliviscere
3396 3550 3655 3621 populum

2080 3671 2254 3723 tuum,
2280 3667 2330 3711 et
2360 3658 2573 3710 domum
2604 3652 2772 3723 patris
2797 3648 2866 3718 °",
2908 3657 2964 3703 et
3010 3647 3155 3702 dicat
3189 3642 3516 3713 Prophetam
3548 3653 3657 3694 non
3746 3670 3749 3671 ν

2082 3773 2249 3827 fuisse
2282 3771 2560 3826 dicturum
2604 3765 2672 3821 ad
2724 3763 3048 3824 Ecclesiam,
3100 3759 3263 3824 Audi,
3291 3758 3429 3827 ﬁlia.
3474 3757 3543 3810 At
3586 3770 3656 3810 cx

2080 3866 2203 3920 aliis
2237 3863 2457 3934 psalmis
2481 3859 2703 3916 diﬂicile
2736 3873 2843 3913 non
2872 3855 3041 3910 fuerit
3072 3853 3362 3910 ostendere
3393 3865 3657 3922 persona-

2084 3975 2202 4012 rum
2237 3956 2550 4028 plerumque
2591 3953 2709 4009 ﬂeri
2744 3949 3178 4013 immutationes,
3221 3954 3280 4002 ut
3309 3946 3376 4001 ab
3407 3960 3472 4001 eo
3510 3945 3657 4010 loco,

2080 4050 2244 4116 Audi,
2279 4048 2419 4117 lilia,
2469 4046 2642 4117 possit
2671 4045 2834 4101 Pater
2882 4041 3052 4110 loqui.
3104 4037 3226 4094 Jam
3276 4036 3661 4108 indagantibus

2083 4142 2241 4197 nobis
2279 4142 2384 4195 vim
2429 4138 2722 4201 sermonis,
2757 4135 3161 4206 adjungeudum
3208 4140 3292 4187 est
3317 4132 3478 4185 etiam
3516 4130 3658 4184 hoc:

2084 4231 2338 4287 Sermone
2374 4230 2471 4286 Dei
2509 4231 2627 4286 caeli
2656 4229 2856 4301 ﬁrmati
2899 4235 3041 4291 sunt,
3088 4234 3135 4279 et
3177 4224 3367 4293 spiritu
3399 4223 3512 4276 oris
3544 4221 3660 4292 ejus

2087 4327 2261 4379 omnis
2295 4326 2458 4379 virtus
2487 4339 2670 4379 eorum
2701 4323 2770 4389 ⁸⁵,
2800 4335 2921 4392 qua:
2962 4319 3185 4390 quidam
3231 4315 3552 4371 existimant
3596 4316 3663 4370 de

2087 4415 2381 4471 Scrvatore
2416 4425 2472 4471 et
2506 4415 2712 4485 Spiritu
2745 4421 2937 4468 sancto
2969 4409 3142 4479 posita
3174 4422 3317 4472 esse,
3347 4421 3470 4460 cum
3495 4406 3660 4460 etiam

2089 4512 2228 4565 lmuc
2273 4524 2492 4565 sensum
2545 4508 2748 4562 habere
2796 4503 3027 4575 possint,
3075 4501 3253 4557 caelos
3303 4499 3397 4554 Dei
3447 4499 3664 4554 ratione

2088 4601 2331 4656 ﬁrmatos
2366 4599 2553 4661 fuisse,
2579 4613 2686 4651 non
2712 4611 2873 4651 sncus
2906 4610 2972 4649 ac
3005 4593 3233 4648 dicimus
3267 4593 3483 4647 domum
3528 4589 3663 4644 azdi-

2088 4693 2306 4749 ﬁcatam
2333 4690 2502 4745 fuisse
2543 4687 2752 4742 ratione
2785 4686 2873 4740 illa
2915 4700 3037 4755 qua:
3069 4695 3151 4738 est
3185 4698 3275 4736 ars
3323 4680 3664 4735 fabricanda-

2090 4801 2208 4841 rum
2257 4784 2477 4851 mdium,
2507 4781 2687 4836 navim
2721 4788 3056 4850 compactam
3107 4776 3275 4831 fuisse
3315 4774 3529 4829 ratione
3572 4771 3664 4826 illa

2088 4891 2210 4946 quae
2248 4884 2333 4931 est
2369 4889 2460 4929 ars
2508 4873 2942 4929 fabricandarum
2994 4868 3234 4932 navium,
3276 4866 3357 4921 sic
3388 4862 3550 4919 etiam
3582 4862 3666 4916 di-

2089 4977 2303 5033 centes,
2339 4965 2507 5022 C(BIOS
2550 4965 2643 5020 Dei
2677 4963 2887 5019 ratione
2913 4960 3021 5035 47
3056 4960 3299 5014 ﬁrmatos
3332 4955 3526 5020 fuisse,
3570 4953 3663 5023 qui

2094 5059 2332 5115 divinius
2370 5072 2572 5128 corpus
2605 5065 2990 5124 assequuntur,
3034 5051 3178 5123 quod
3227 5048 3395 5104 etiam
3443 5055 3667 5116 propter

2095 5149 2201 5205 hoc
2257 5148 2654 5204 ﬁrmamentum
2705 5155 2954 5211 vocatur,
2996 5159 3100 5198 non
3138 5143 3348 5196 habens
3377 5136 3665 5207 quamplu-

2092 5245 2289 5299 rimum
2340 5241 2541 5308 ﬂuxus,
2589 5255 2822 5310 eamque
2871 5237 3192 5294 facilitatem
3248 5232 3445 5287 ﬂuendi
3502 5242 3664 5293 quam

476 5358 522 5390 ⁵³
551 5358 727 5414 Colos.
762 5374 803 5426 ι,
835 5360 924 5415 15.
1000 5359 1049 5392 ⁶⁰
1076 5358 1219 5415 Psal.
1247 5374 1390 5421 λων,
1424 5358 1537 5414 1-5.
1616 5357 1660 5390 ⁶¹
1685 5356 1819 5412 ibid.
1853 5356 1907 5412 5.

2081 5357 2192 5412 bid.
2269 5353 2317 5386 "
2348 5352 2482 5409 ibid.
2560 5352 2607 5384 “
2642 5352 2772 5408 ibid.
2805 5350 2891 5406 11.
2971 5350 3015 5383 ⁸⁸
3039 5348 3180 5405 Psal.
3212 5359 3389 5409 xxx",
3413 5342 3469 5396 6.

483 5471 597 5539 (64)
621 5472 804 5529 Codex
825 5473 1153 5530 Bodleianus
1193 5465 1611 5540 ἀνθυπενέγκοι,
1646 5470 1847 5542 Regius
1895 5471 1992 5526 ἀν-

411 5542 745 5615 θυπείνέγκῃ.
1176 5613 1197 5615 _
1392 5613 1401 5615 Α
1535 5613 1565 5615 __
1600 5612 1611 5615 _
1775 5610 1821 5615 __
1923 5611 1953 5615 __

488 5612 597 5683 (es)
625 5600 748 5669 'Téi;
792 5615 1111 5684 στόματος.
1173 5613 1334 5669 Deest
1387 5613 1443 5684 in
1484 5612 1724 5684 editione
1775 5610 1978 5677 Haetii,

414 5684 513 5740 sed
542 5682 720 5738 exstat
750 5684 804 5739 in
834 5682 970 5740 mss.
1006 5683 1298 5739 Bodleiano
1325 5694 1380 5739 et
1409 5682 1726 5737 Barberino.

489 5751 602 5895 (66)
628 5754 1055 5824 Τυτχάινοντος.
1094 5752 1378 5808 Ferrarius
1411 5753 1537 5820 legit
1593 5752 1976 5821 τυγχάνοντας.

514 5822 601 5893 67)
636 5822 1012 5895 Ἐσχηκέναι.
1039 5822 1274 5880 Tarinus
1298 5823 1398 5895 legi
1428 5823 1643 5880 volebat
1667 5821 1976 5892 ἑστηκέναι.

514 5822 601 5893 67)
636 5821 1012 5895 Ἐοήζηκέναι.
1039 5822 1274 5880 Tarinus
1298 5823 1398 5895 legi
1428 5823 1643 5880 volebat
1667 5821 1978 5892 ἐστηκέναι.

2165 5467 2282 5543 (68)
2313 5469 2661 5543 Πρόκειταιε-
2686 5466 2764 5543 l_ta
2787 5477 2962 5543 recte
2985 5466 3147 5543 habet
3188 5463 3360 5517 codex
3410 5455 3666 5511 Bodleia-

2091 5534 2215 5604 nus,
2255 5534 2392 5593 male
2420 5553 2548 5592 vero
2576 5536 2746 5591 editio
2787 5537 2964 5590 Huetii
2992 5534 3334 5604 πρόσκειται.

2091 5682 2105 5695 θ
2161 5596 2272 5682 (69)
2314 5608 2529 5679 Λόγον.
2563 5607 2720 5663 Deest
2742 5608 2796 5662 in
2824 5596 3286 5667 editionelluelii,
3337 5596 3431 5653 sed
3484 5604 3669 5651 exstat

2090 5697 2571 5833 iiiggfl‘ypréc.
2598 5745 2692 5803 Sic
2709 5744 2880 5803 codex
2907 5742 3271 5811 Bodleianus;
3306 5742 3476 5801 editio
3520 5742 3665 5801 Hae-

2091 5819 2178 5890 lii,
2196 5819 2422 5888 γυμνός.
