4174 6416
541 313 648 372 ωδ

2021 311 2348 370 ORIGENIS

3704 310 3807 368 1ορ

537 437 734 482 caetera
781 425 1041 483 inferiora
1087 445 1104 482 :
1150 436 1378 497 propter
1423 441 1585 498 quam
1639 424 2006 483 differentiam
2053 443 2109 482 ac

2218 429 2284 498 τῇ
2312 427 2473 499 ἀρχῇ·
2503 425 2679 479 πάντα
2711 425 2821 496 γὰρ
2861 428 2920 479 ὲν
2955 426 3117 497 σοφίᾳ
3141 429 3170 480 6
3196 425 3328 490 Θεὸς
3365 427 3506 480 κατὰ
3527 424 3618 478 τὸν
3642 425 3807 480 Assii

537 520 910 589 praestantiam
957 519 1192 574 dicimus
1231 523 1398 574 etiam
1451 521 1647 577 coelum
1685 520 1887 575 eximie
1929 519 2112 574 divina

538 609 751 664 ratione
797 609 1015 664 firmata
1049 610 1234 664 luisse.
1272 612 1542 676 Quoniam
1595 611 1761 682 igitur
1792 612 2114 679 proponitur

537 713 597 756 nt
627 711 816 770 aperte
837 703 1204 770 intelligamus
1228 704 1329 757 hoc
1354 703 1559 757 dictum
1589 721 1603 757 :
1631 701 1696 757 In
1716 703 1976 772 principio
1997 710 2114 755 erat

535 794 730 864 Λόγος
770 795 816 826 ⁸⁸
852 793 995 866 [hoc
1023 805 1108 850 est
1137 810 1339 858 sermo,
1382 799 1498 852 sive
1529 797 1670 852 ratio
1687 795 1731 868 ],
1788 795 2112 866 principium

535 901 672 941 vero
704 873 1030 955 sapientiam
1059 889 1166 944 dici
1191 889 1520 959 explicatum
1549 898 1654 954 est,
1680 888 2008 942 testimoniis
2039 901 2107 941 ex

535 976 848 1035 Proverbiis
883 981 1137 1050 sumptis,
1170 982 1660 1052 consideraturque
1683 979 1948 1049 sapientia
1977 989 2104 1033 ante

535 1083 844 1126 sermonem
895 1072 1069 1141 ipsam
1105 1076 1548 1138 annnntiantem,
1595 1073 1962 1143 intelligamus
2009 1085 2096 1125 nec

533 1177 688 1218 cesse
725 1173 829 1228 est,
873 1179 1176 1221 sermonem
1214 1167 1266 1221 in
1301 1167 1590 1235 principio,
1633 1165 1739 1220 hoc
1771 1173 1856 1218 est
1894 1163 2111 1232 sapien-

527 1255 630 1318 tia,
665 1269 882 1320 semper
910 1270 1054 1321 esse,
1090 1272 1328 1328 cumque
1370 1259 1442 1314 sit
1474 1259 1526 1311 in
1563 1255 1826 1326 sapientia
1854 1270 1977 1323 quae
2011 1269 2109 1307 vo-

532 1351 689 1398 catur
714 1345 1066 1416 principium,
1115 1364 1219 1402 non
1261 1350 1535 1418 prohiberi
1571 1363 1694 1402 esse
1733 1346 1874 1415 apud
1915 1345 2106 1412 Deum,

529 1447 656 1488 cum
703 1435 776 1490 sit
814 1437 984 1492 etiam
1017 1442 1132 1507 ipse
1169 1439 1350 1494 Dens:
1386 1455 1486 1494 nec
1528 1439 1668 1508 apud
1700 1436 1865 1490 Deum
1900 1435 2106 1504 simpli-

531 1527 670 1580 citer
703 1537 789 1581 est
843 1529 984 1596 ipse,
1021 1532 1114 1584 sed
1149 1532 1416 1586 exsistens
1453 1531 1504 1584 in
1537 1528 1805 1600 principio
1840 1527 2110 1598 (similiter

2218 518 2462 588 ἐποίησε.
2508 519 2618 571 Καὶ
2643 517 2724 571 ἔτι
2757 521 2835 582 εἰς
2849 518 2912 572 τὺ
2942 517 3350 589 παραδέξασθαι
3377 517 3489 589 (71)
3525 518 3616 572 τὸν
3648 519 3804 588 λόγον

2221 610 2356 664 ίδίαν
2389 612 2737 682 περιγραφὴν
2770 611 2984 681 ἔχοντα,
3021 605 3132 664 οἷον
3163 611 3502 681 τυγχάνοντα
3551 610 3652 685 ζῇν
3681 614 3804 667 καθ’

2218 703 2431 766 ἑαυτὸν,
2479 702 2698 757 λεκτέον
2735 703 2831 757 καὶ
2858 703 2986 775 περὶ
3027 703 3333 774 δυνάμεων,
3369 704 3432 758 οὐ
3461 704 3620 774 μόνον
3644 705 3805 760 δυνά-

2225 812 2388 867 μεωςο
2419 793 2563 849 Τάδε
2589 795 2753 865 λέγει
2785 797 2997 864 Κύριος
3025 793 3143 848 τῶν·
3169 794 3503 866 δυνάμεων,
3537 795 3804 865 πολλαχοῦ

2219 889 2418 950 κεῖται,
2455 886 2687 955 λογικῶν
2719 904 2880 940 τινων
2914 886 3072 939 θείων
3105 884 3259 950 ζώων
3287 887 3567 956 δυνάμεων
3608 886 3807 956 ὀνομα-

2214 975 2478 1046 ζομένων,
2513 969 2589 1030 ὧν
2641 978 2675 1037 ὴ
2702 977 2958 1048 ἀνωτέρω
2990 977 3086 1030 καὶ
3131 975 3396 1048 κρείττων
3434 975 3668 1048 Χριστὸς
3713 971 3804 1047 ἦν,

2211 1067 2273 1119 οὐ
2303 1066 2462 1137 μόνον
2493 1067 2653 1136 σοφία
2683 1065 2840 1130 Θεοῦ,
2873 1066 3008 1120 ἀλλὰ
3032 1067 3126 1120 καὶ
3145 1067 3374 1138 δύναμις
3403 1067 3804 1139 προσαγορευό-

2215 1173 2397 1228 μενος·
2423 1157 2614 1229 ὦσπερ
2639 1156 2731 1211 οὖν
2775 1158 3035 1229 δυνάμεις
3074 1159 3210 1212 Θεοῦ
3240 1158 3488 1222 πλείονές
3519 1161 3679 1221 εἰσιν,
3728 1149 3805 1212 ὧν

2213 1238 2418 1319 ἑκάστη
2438 1249 2578 1302 κατὰ
2592 1251 2960 1321 περιγραφὴν,
2978 1245 3053 1304 ὧν
3073 1251 3318 1323 διαφέρει
3346 1253 3374 1304 6
3399 1249 3608 1322 ἃυτὴρ,
3631 1250 3806 1317 οὕτως

2210 1341 2306 1394 καὶ
2333 1341 2508 1409 λόγος,
2548 1343 2596 1396 εί
2625 1342 2714 1396 καὶ
2737 1344 2766 1396 6
2786 1345 2916 1413 παρ’
2946 1345 3077 1414 ἡμῖν
3100 1345 3202 1397 οὐκ
3229 1343 3346 1397 ἔστι
3371 1345 3513 1398 κατὰ
3537 1362 3795 1417 περιγρα-

2213 1433 2318 1504 φὴν
2337 1433 2492 1497 ἐκτὸς
2511 1432 2686 1505 ἡμῶν,
2704 1433 3027 1505 νοηθήσεται
3053 1436 3082 1488 6
3113 1435 3345 1507 Χριστὸς
3367 1434 3456 1489 διὰ
3479 1435 3549 1489 τὰ
3572 1436 3805 1507 προεξηι-

2211 1523 2478 1594 τασμένα,
2511 1524 2570 1576 ἐν
2585 1525 2728 1596 ἀρχῇ
2755 1527 2822 1596 τῇ
2848 1525 3012 1597 σοφίᾳ
3039 1526 3137 1598 τὴν
3159 1526 3457 1580 ὑπόστασιν
3481 1526 3641 1596 ἔχων.
3661 1527 3804 1580 Ταῦ--

531 1619 796 1686 sapientia
841 1621 908 1691 ⁸⁷)
944 1631 1024 1677 est
1073 1623 1214 1691 apud
1263 1623 1427 1676 Deum
1462 1637 1478 1686 ;
1514 1620 1791 1689 subjungit
1831 1617 1976 1674 enim
2001 1659 2017 1683 ,
2055 1629 2109 1671 ct

2217 1632 2281 1668 τα
2310 1617 2444 1686 ἡμῖν
2477 1617 2571 1669 ἐπὶ
2602 1615 2696 1669 τοῦ
2745 1615 3014 1688 παρόντος
3045 1617 3271 1689 ἀρκέσει
3299 1620 3380 1681 εἰς
3411 1616 3490 1670 τό·
3530 1619 3626 1670 Ἐγ
3643 1614 3804 1686 ἀρχῇ

532 1711 750 1780 inquit;
791 1710 894 1765 Hic
923 1714 1122 1767 eratin
1157 1713 1412 1781 principio
1455 1713 1595 1780 apud
1645 1711 1836 1766 Deum.
1881 1709 2107 1765 Poterat

2217 1704 2288 1778 ἦν
2311 1710 2343 1762 ὁ
2380 1709 2592 1776 Λόγος.
3005 1724 3008 1728 ’

531 1803 677 1856 enim
727 1803 953 1860 dicere:
990 1803 1090 1858 llic
1132 1815 1251 1858 erat
1291 1803 1432 1872 apud
1483 1804 1671 1856 Deum.
1720 1799 1827 1856 Sed
1865 1800 2322 1867 quemadmodum
2355 1808 2477 1850 erat
2523 1799 2574 1850 in
2623 1797 2912 1867 principio,
2964 1797 3045 1853 sic
3074 1807 3130 1854 et
3176 1797 3316 1867 apud
3365 1797 3532 1851 Deum
3563 1795 3616 1850 in
3648 1795 3802 1866 prin-

527 1892 672 1962 cipio
703 1903 862 1959 erat;
893 1905 942 1947 et
972 1895 1150 1948 omnia
1181 1911 1273 1964 per
1293 1897 1465 1964 ipsum
1497 1895 1635 1962 facta
1663 1903 1786 1946 sunt
1817 1891 1886 1956 ⁸⁸,
1917 1895 2272 1945 cxsistentem
2307 1890 2360 1943 in
2387 1890 2660 1960 principio
2686 1907 2702 1956 ;
2738 1892 2921 1947 omnia
2956 1892 3102 1946 enim
3131 1891 3273 1946 Deus
3299 1893 3466 1962 (teste
3496 1889 3699 1944 Davide
3733 1889 3803 1954 ")

531 1987 584 2041 in
616 1989 881 2060 sapientia
908 1991 1060 2047 fecit.
1098 1993 1178 2046 Ad
1213 1992 1328 2046 haec
1361 2000 1422 2046 ut
1461 1991 1833 2059 intelligamus
1864 1989 2190 2044 Sermonem
2223 1987 2498 2058 propriam
2541 1987 2746 2043 habere
2808 1986 3248 2055 inscriptionem,
3297 1984 3453 2039 velut
3491 1988 3590 2053 qui
3635 1985 3800 2037 vitam

526 2094 625 2148 per
661 2097 720 2136 se
746 2095 1096 2152 assequatur,
1128 2084 1415 2138 dicendum
1443 2082 1609 2136 etiam
1640 2091 1725 2135 est
1756 2081 1824 2136 de
1863 2083 2141 2152 potentiis,
2193 2096 2300 2136 non
2347 2081 2416 2134 de
2459 2080 2728 2150 potentia.
2776 2077 2910 2133 Han:
2951 2079 3082 2131 dicit
3121 2076 3378 2132 Dominus
3421 2077 3801 2146 potentiarum,

525 2175 714 2232 multis
738 2176 793 2231 in
823 2177 960 2232 locis
997 2177 1244 2247 ponitur,
1275 2175 1494 2230 nomine
1523 2177 1895 2242 potentiarum
1929 2174 2220 2230 intellectis
2248 2173 2573 2244 quibusdam
2597 2171 2798 2226 divinis
2842 2171 3236 2235 animantibus,
3268 2184 3392 2239 qua:
3423 2169 3651 2224 rationis
3677 2179 3804 2224 sunt

526 2269 778 2340 capacia,
807 2269 1003 2335 quibus
1033 2269 1282 2339 superior
1309 2276 1365 2322 et
1391 2267 1734 2336 praestantior
1759 2265 2014 2323 Christus
2037 2274 2143 2331 est,
2177 2279 2283 2320 non
2315 2273 2522 2319 tantum
2553 2264 2822 2332 sapientia
2864 2263 2978 2328 Dei,
3003 2262 3099 2316 sed
3129 2262 3294 2316 etiam
3324 2263 3565 2331 potentia
3600 2261 3800 2315 dictus.

527 2361 604 2418 Ut
632 2361 816 2432 :igitnr
860 2363 1092 2416 virtutes
1119 2360 1428 2430 complures
1462 2369 1613 2424 sunt,
1665 2373 1894 2429 quarum
1943 2357 2171 2428 singula:
2208 2357 2632 2425 descriptionem
2672 2355 2898 2421 habent,
2932 2356 3134 2426 quibus
3178 2353 3360 2409 diﬂ‘ert
3402 2353 3684 2418 Servatur,
3717 2355 3804 2411 sic

526 2455 693 2510 etiam
726 2455 754 2508 6
787 2453 960 2523 Λόγος
995 2451 1073 2526 [id
1103 2464 1190 2509 est
1223 2454 1312 2508 ille
1347 2453 1518 2510 Filius
1550 2454 1664 2519 Dei,
1697 2452 1786 2507 illa
1808 2450 1984 2524 'ratio]
2020 2450 2207 2522 (etiam
2241 2451 2288 2506 si
2320 2450 2412 2505 illa
2462 2450 2620 2512 ratio,
2653 2464 2776 2519 qua:
2820 2451 2872 2503 in
2911 2448 3064 2503 nobis
3093 2458 3200 2511 est,
3231 2461 3337 2502 non
3363 2445 3562 2501 habeat.
3587 2446 3805 2502 descri-

527 2550 771 2620 ptionem
805 2549 1116 2619 extra-nos)
1159 2549 1492 2620 intelligetur
1539 2549 1810 2612 Christus,
1845 2547 2000 2618 juxta
2031 2562 2093 2602 ea
2123 2561 2244 2616 qua:
2277 2557 2436 2600 antea
2477 2545 2872 2615 indagavimus,
2905 2543 3237 2615 hypostasim
3295 2543 3504 2598 habens
3547 2542 3603 2597 in
3650 2541 3806 2612 prin-

529 2646 698 2716 cipio,
727 2647 832 2702 hoc
865 2657 951 2702 est
982 2648 1036 2702 in
1063 2645 1356 2718 sapientia.
1395 2645 1505 2704 Sed
1536 2648 1801 2700 hactenus
1835 2645 1902 2699 de
1929 2657 1996 2698 eo
2022 2643 2164 2712 quod
2194 2650 2303 2707 est,
2332 2639 2401 2695 In
2429 2640 2690 2712 principio
2719 2651 2831 2695 erat
2865 2638 3073 2695 Sermo.

533 2799 3797 2843 _______________________________-_________....

1695 2954 2648 3092 ΩΡΙΓΕΝΟΥΣ

1145 3177 1281 3230 ΤΩΝ
1313 3177 1441 3231 ΕΙΣ
1483 3177 1562 3227 T0
1601 3174 1792 3228 ΚΑΤΑ
1829 3167 2170 3227 ΙΩΑΝΝΗΝ
2196 3167 2690 3222 ΕΥΔΓΓΕΛῙΟΝ
2722 3164 3195 3223 ΕΞΗΓΗῙἸΚΩΝ

1883 3293 2270 3385 ΤΟΜΟΣ
2343 3293 2456 3378 B'.

1763 3570 2572 3690 ORIGENIS

954 3755 1696 3825 EXPLANATIONUM
1733 3756 1836 3821 IN
1869 3749 2444 3818 EPANGELIUM
2472 3750 2934 3815 SECUNDUM
2970 3747 3388 3812 JOANNEM

1863 3889 2272 3985 TOMUS
2327 3891 2460 3980 ll.

603 4192 716 4266 [.8
744 4192 791 4245 l.
821 4208 838 4239 ‹
861 4187 930 4243 Et
952 4185 1174 4240 verbum
1203 4191 1320 4237 erat
1349 4177 1490 4252 apud
1519 4180 1709 4243 Deum,
1739 4189 1794 4233 et
1815 4176 1958 4233 Deus
1983 4186 2102 4234 erat

2283 4189 2336 4242 1.
2379 4207 2398 4240 ι
2429 4189 2540 4243 Καὶ
2563 4190 2590 4242 6
2619 4189 2790 4258 Λόγος
2822 4184 2893 4262 ἦν
2927 4191 3064 4263 πρὸς
3100 4192 3192 4246 τὸν
3217 4191 3371 4255 Θεὸν,
3403 4196 3496 4248 καὶ
3520 4193 3652 4259 Θεὸς
3680 4189 3748 4266 ἦν
3775 4195 3806 4248 6

536 4281 852 4343 Verbum".
873 4298 891 4331 ι
917 4277 1060 4334 Satis
1085 4293 1183 4347 pro
1203 4275 1406 4330 viribus
1416 4271 1640 4339 nostris,
1658 4287 1814 4327 sacer
1826 4270 2098 4341 Ambrosi,

2217 4281 2387 4352 Λόγος
2417 4281 2549 4352 (72).
2582 4301 2602 4333 ι
2645 4283 2946 4354 Αὐτάρκως
2976 4284 3118 4338 κατὰ
3137 4285 3236 4357 τὴν
3253 4287 3532 4359 παροῦσαν
3552 4286 3804 4360 δύναμιν,

541 4382 794 4445 idemque
825 4373 998 4429 frater
1023 4369 1325 4441 Evangelio
1367 4372 1680 4436 conformis,
1709 4387 1836 4428 cum
1875 4374 2109 4428 antehac

2217 4374 2323 4445 ίερὲ
2355 4372 2552 4443 ἁδελφὲ
2603 4374 2916 4445 ’Λμϐρόσιε,
2947 4375 3042 4428 καὶ
3069 4378 3212 4429 κατὰ
3243 4376 3303 4430 τὸ
3331 4378 3661 4446 Εὑαγγὲλιον
3704 4397 3804 4450 με-

537 4469 964 4522 disseruerimus
1005 4468 1138 4536 quid
1179 4469 1252 4521 sit
1282 4465 1652 4534 Evangelium,
1696 4475 1752 4520 et
1800 4467 1945 4536 quod
1975 4481 2109 4536 qua-

2217 4465 2556 4538 μορφωμένε,
2597 4466 2656 4518 ὲν
2680 4469 2790 4531 τοῖς
2834 4465 2941 4538 πρὸ
2960 4465 3166 4519 τούτων
3188 4467 3531 4532 διαλαϐόντες
3564 4467 3617 4522 τί
3657 4470 3805 4522 ἐστιν

535 4560 655 4614 leve
694 4559 1045 4629 principium,
1070 4559 1122 4611 in
1149 4574 1255 4626 quo
1290 4566 1405 4612 erat
1433 4557 1648 4623 Sermo,
1681 4566 1737 4611 et
1757 4559 2010 4626 quisnam
2037 4560 2109 4615 sit

2217 4555 2560 4624 Εὑαγγέλιον,
2586 4558 2684 4611 καὶ
2713 4558 2799 4623 τίς
2823 4559 2855 4628 ἡ
2887 4559 3054 4631 ἀρχὴ,
3091 4560 3150 4612 ὲν
3251 4555 3320 4630 ἦν
3347 4562 3376 4613 6
3413 4561 3606 4630 Λόγος,
3637 4563 3719 4625 τίς
3747 4579 3806 4615 τε

534 4650 626 4706 ille
675 4650 871 4707 Sermo
928 4650 1019 4718 qui
1069 4659 1191 4703 erat
1251 4649 1304 4701 in
1359 4647 1651 4718 principio.
1698 4648 2109 4719 Cousequenter

2217 4646 2234 4697 i
2267 4644 2437 4712 Λόγος
2467 4645 2496 4697 6
2518 4646 2574 4697 ὲν
2603 4647 2774 4719 ἀρχῇ,
2804 4649 3112 4714 ἀκολούθως
3138 4651 3233 4704 νῦν
3256 4650 3664 4722 ἐπισκοποῦμεν
3689 4651 3807 4716 πῶς

531 4759 678 4801 nunc
709 4744 1123 4801 consideremus
1155 4757 1391 4814 quonam
1431 4753 1590 4813 pacto
1621 4742 1816 4796 Sermo
1859 4742 1951 4797 ille
1993 4752 2109 4798 erat

2217 4739 2238 4790 5
2272 4737 2444 4806 Λόγος
2471 4733 2539 4808 ἦν
2569 4740 2706 4811 πρὸς
2739 4742 2836 4796 τὸν
2857 4741 3010 4796 Θεόν.
3045 4745 3087 4796 Χ
3097 4745 3330 4814 ρήσιμον
3358 4743 3538 4796 τοίνυν
3566 4759 3807 4812 συναγα-

531 4838 674 4908 apud
707 4838 898 4896 Deum.
944 4839 1085 4910 Ergo
1135 4839 1268 4894 utile
1307 4838 1415 4892 erit
1459 4836 1527 4891 ad
1573 4835 1680 4891 hoc
1725 4835 2106 4906 explicandum

2217 4831 2328 4898 γεῖν
2359 4831 2438 4894 εἰς
2458 4830 2617 4886 τοῦτο
2635 4829 2814 4904 ’λόγον
2841 4835 3333 4908 ἀναγεγραμμένον
3355 4837 3640 4906 γεγονέναι
3670 4839 3809 4910 πρός

527 4929 781 5001 colligere
804 4945 1112 4986 sermonem
1163 4931 1254 4999 qui
1299 4929 1538 4998 scriptus
1579 4937 1666 4984 est
1708 4925 1910 4982 factum
1939 4924 2109 4982 fuisse

2217 4938 2384 4988 τιναςσ
2427 4919 2558 4979 οἷονο
2595 4944 2616 4978 ι
2662 4926 2833 4997 Λόγος
2861 4927 3070 5000 Κυρίου
3099 4929 3158 4993 ὃς
3188 4929 3428 5013 ἐγενήθη
3468 4928 3604 5000 πρὸς
3648 4930 3808 5002 Ὠσηὲ

533 5021 603 5076 ad
636 5022 922 5090 quosdam.
953 5019 1117 5078 Verbi
1166 5021 1340 5092 gratia
1367 5040 1382 5077 :
1412 5039 1432 5074 ι
1470 5021 1668 5077 Sermo
1694 5016 1906 5072 Domini
1937 5015 2109 5072 factus

2217 5015 2304 5068 τὸν
2331 5015 2426 5070 τοῦ
2464 5017 2688 5090 Βεηροεῐ·
2726 5041 2744 5072 ι
2789 5021 2901 5086 καὶ,
2940 5041 2960 5074 ι
3013 5021 3072 5076 '0
3098 5021 3256 5091 λόγος
3286 5023 3315 5076 6
3347 5021 3639 5093 γενόμενος
3673 5022 3809 5094 πρὸς

529 5123 615 5169 est
655 5112 722 5167 ad
751 5111 888 5168 Osee
920 5112 1088 5166 lilium
1139 5112 1291 5168 Bceri
1317 5112 1407 5178 7';
1447 5128 1466 5162 ι
1514 5119 1590 5173 et,
1637 5126 1656 5159 ι
1688 5105 1882 5162 Sermo
1934 5104 2110 5159 luctus

529 5212 614 5259 est
644 5203 710 5256 ad
750 5202 966 5268 Isaiam,
995 5203 1163 5258 [ilium
1207 5204 1399 5267 Amos,
1429 5201 1497 5258 de
1525 5197 1738 5262 Judma,
1764 5207 1818 5254 et
1848 5195 1914 5252 de
1947 5193 2109 5252 Jeru-

528 5296 719 5360 salem,
751 5296 800 5327 τ’
829 5313 849 5349 ι
877 5307 952 5364 et,
987 5317 1006 5350 ι
1046 5297 1242 5351 Sermo
1292 5295 1466 5350 factus
1493 5305 1580 5350 est
1607 5295 1673 5348 ad
1697 5290 1992 5348 Jeremiam
2041 5289 2109 5344 de

600 5429 647 5463 ⁸⁸
673 5427 832 5487 Joan.
867 5444 906 5496 l,
938 5430 987 5483 Ι.
1065 5429 1108 5461 ⁸⁷
1143 5428 1272 5483 ibid.
1309 5429 1366 5482 2.
1445 5427 1490 5459 ⁸⁸
1521 5427 1653 5482 ibid.
1705 5426 1759 5482 5.

599 5566 714 5636 (7|)
752 5565 863 5622 Καὶ
888 5566 976 5621 ἔτι
1003 5568 1090 5634 εὶς
1114 5564 1180 5620 τὸ
1211 5565 1684 5634 παραδέξασθαι,
1719 5575 1828 5620 etc.
1855 5564 1934 5636 Ad
1967 5581 2113 5619 mar-

530 5635 712 5707 ginem
738 5639 944 5692 codicis
979 5636 1405 5707 Barberiniiham
1445 5638 1700 5707 leguntur
1753 5653 1769 5692 :
1822 5635 2108 5707 Φλυαρεῖς,

537 5702 735 5778 μάταιε
768 5707 1032 5779 αἱρετικέ.
1055 5707 1187 5779 Θεος
1225 5706 1336 5777 γὰρ
1389 5702 1614 5779 κανῆνγ
1651 5707 1772 5779 ἀεὶ.
1809 5705 1907 5760 καὶ
1948 5702 2112 5770 άὺτός

533 5777 680 5831 ἐστιν
701 5779 733 5850 ἡ
757 5777 915 5846 σοφία
935 5796 946 5808 ·
980 5778 1079 5832 οὐκ
1107 5777 1238 5848 ἄλλη
1270 5781 1303 5849 ἡ
1341 5777 1500 5848 σοφία
1534 5778 1629 5830 καὶ
1657 5777 1819 5843 αὐτὸς
1852 5779 1910 5831 ὲν
1949 5779 2106 5850 αὐτῇ.

2224 5106 2450 5162 Ἡσαΐαν
2496 5109 2618 5166 υἱὸν
2667 5111 2872 5184 Ἀμὼς,
2906 5113 3160 5184 περὶτῆς
3225 5114 3504 5178 Ἰουδαίας,
3553 5115 3648 5169 καί
3682 5115 3810 5186 περὶ

2225 5196 2608 5275 Ἰερουσαλήμ·
2661 5223 2678 5257 i
2739 5207 2854 5270 καὶ,
2899 5224 2918 5257 ι
2969 5206 3028 5260 '0
3069 5206 3226 5276 λόγος
3264 5208 3294 5260 6
3331 5207 3622 5278 γενόμενος
3670 5204 3808 5276 πρὸς

2222 5288 2490 5363 Ἱερεμίαν
2517 5297 2649 5369 περὶ
2677 5296 2776 5370 τῆς
2799 5296 3080 5370 ἀϐροχίας.
3116 5318 3134 5352 ι
3160 5299 3286 5364 Πῶς
3307 5295 3400 5354 οὖν
3417 5299 3572 5368 λόγος
3601 5298 3808 5368 Κυρίου

1839 5425 1884 5458 ⁸⁸
1912 5423 2055 5480 Psal.
2082 5440 2199 5490 cm,
2225 5427 2316 5484 Si.
2395 5432 2450 5463 τ’
2482 5435 2638 5492 Joan.
2669 5451 2710 5502 ι,
2743 5435 2796 5487 1.
2874 5433 2918 5464 "
2946 5435 3071 5490 Ose.
3111 5451 3151 5501 ι,
3182 5433 3234 5488 1.
3311 5435 3358 5466 τ’
3386 5434 3512 5489 lsai.
3541 5449 3582 5500 ι,
3609 5433 3660 5488 1.

2215 5565 2351 5643 ρζθτε
2379 5566 2512 5643 μὴν.
2527 5571 2814 5643 σύγκρισιν
2847 5570 2986 5643 πρὸς
3011 5570 3110 5643 τὰς
3131 5569 3357 5640 λογικὰς
3380 5569 3640 5641 δυνάμεις
3683 5567 3808 5621 ἐπι-

2215 5589 2351 5620 υυτε
2379 5589 2498 5638 μην
2527 5589 2814 5643 συγκρισιν
2847 5589 2890 5623 π
2927 5589 2986 5634 ος
3011 5589 3110 5634 τας
3133 5589 3357 5640 Αογικας
3380 5589 3640 5641 ουναμεις
3683 5589 3734 5621 ες

2214 5631 2626 5720 δέχεται,υᾶλλξ
2654 5643 2826 5720 ουτως
2856 5589 3054 5720 ’ἔλλῃν
3081 5642 3368 5720 ὑπαρχεις.
3537 5711 3550 5720 ⁸
3703 5709 3734 5720 __

2217 5709 2556 5835 Botgl'icgmffft
2589 5712 2734 5782 Θεὸς
2760 5712 2840 5782 ἦν
2859 5717 2891 5767 ό
2922 5709 3130 5782 Λόγος.
3160 5709 3284 5768 llaec
3312 5712 3508 5770 desunt
3537 5711 3592 5767 in
3617 5709 3808 5767 codice
