4174 6414
413 346 524 403 105

1516 336 1874 396 οοιιιιεκτ.
1916 333 1981 390 IN
2019 331 2217 388 702m.
2254 317 2497 387 τοιιώ
2525 327 2592 385 ιι.

3556 326 3661 382 {Oli

408 437 643 509 ἐγενήθη
681 437 818 508 πρὸς
855 436 1033 508 Ὠσηὲ,
1062 435 1157 490 καὶ
1207 436 1237 489 6
1277 433 1432 497 λόγος
1472 433 1620 486 ἐστὶν
1647 434 1676 485 6
1701 429 1990 500 γενόμενος

2092 425 2336 479 siccitate
2355 423 2503 474 ’θ’-⁵ο.
2536 439 2555 472 7
2591 419 2870 488 Quomodo
2886 433 3017 487 ergo
3040 434 3220 475 sermo
3243 423 3455 478 Domini
3483 422 3660 477 factus

409 527 549 599 πρὸς
594 526 820 579 Ἠσαῖαν
875 525 987 579 υἱὸν
1028 526 1225 595 ’Λμῶς,
1268 525 1363 578 καὶ
1400 523 1562 576 πάλιν
1600 524 1629 575 6
1662 522 1820 590 λόγος
1856 521 1992 592 πρὸς

421 615 694 688 Ἰερεμίαν
730 615 872 687 περὶ,
904 615 1005 685 τῆς
1046 615 1325 687 ἀϐροχίας,
1361 613 1776 683 ὲπισκοπητέον,
1810 613 1875 665 ἵν’
1918 612 1994 674 ὡς

410 706 814 778 παρακείμενον
840 706 1126 777 εὑρεθῆναι
1152 705 1352 778 δυνηθῇ
1380 704 1498 769 πῶς
1518 707 1547 758 6
1574 706 1745 773 Λόγος
1774 700 1993 777 ἦν’πρὸς

408 798 502 851 τὸν
538 799 693 853 Θεόν.
739 799 796 853 '0
826 799 925 869 μὲν
954 796 1048 853 οὖν
1093 799 1258 863 πολὺς
1302 798 1667 870 ἁπλούστερον
1700 797 1993 869 ὲκλήψεται

410 890 479 944 :6
511 890 642 962 περὶ
673 890 780 944 τῶν
816 890 1108 963 προφητῶν
1148 892 1435 964 εἰρημένα,
1462 894 1539 955 ὡς
1570 892 1729 961 λόγου
1764 891 1989 963 Κυρίου,

408 982 442 1053 ἢ
490 981 584 1036 τοῦ
624 981 783 1051 λόγου
814 982 1105 1054 γενομένου
1145 984 1280 1055 πρὸς
1312 983 1528 1047 αὐτούς.
1561 985 1788 1055 Μήποτε
1824 984 1883 1037 δὲ
1916 982 1993 1047 ὥς

411 1091 592 1145 φαμεν
626 1075 776 1129 τόνδε
817 1075 939 1129 τινὰ
965 1075 1103 1146 πρὸς
1143 1075 1292 1130 τόνδε
1331 1076 1596 1145 γίνεσθαι,
1634 1074 1807 1140 οὕτως
1848 1075 1992 1129 ὁνῦν

408 1162 830 1234 θεολογούμενος
860 1163 989 1228 Υἱὸς
1015 1165 1187 1233 Λόγος
1217 1165 1447 1238 ἐγενήθη
1481 1165 1619 1237 πρὸς
1658 1165 1835 1237 Ὠσηὲ,
1861 1165 1993 1218 67:0-

412 1255 627 1319 σταλεὶς
659 1256 765 1309 ὑπὸ
808 1254 900 1309 τοῦ
929 1256 1144 1327 Πατρὸς
1182 1257 1319 1329 πρὸς
1359 1257 1539 1311 αὐτόν·
1573 1256 1714 1311 κατὰ
1747 1256 1845 1327 μὲν
1893 1257 1992 1329 τὴν

409 1347 653 1420 ἱστορίαν
680 1348 815 1420 πρὸς
852 1349 943 1403 τὸν
978 1350 1093 1403 υίὸν
1120 1350 1213 1404 τοῦ
1243 1350 1439 1422 Βεηρεὶ
1484 1350 1770 1421 προφήτην
1811 1350 1988 1419 Ὠσηὲ.

411 1440 556 1494 κατὰ
588 1439 646 1493 δὲ
673 1441 934 1512 μυστικὸν
968 1441 1128 1511 λόγον
1161 1442 1298 1515 πρὸς
1336 1432 1424 1496 τὸν
1452 1438 1764 1512 Σωζόμενον
1800 1440 1991 1512 (Ὠσηὲ

407 1530 517 1603 γὰρ
563 1532 923 1604 ἑρμηνεύεται
964 1532 1297 1604 σωζόμενος
1326 1530 1479 1609 [75])
1519 1534 1633 1586 υἱὸν
1672 1534 1888 1605 Βεηρεὶ,
1933 1533 1992 1596 6;

407 1624 772 1695 ἑρμηνεύεται
815 1623 1076 1695 φρέατα·
1120 1625 1305 1697 πηγῆς
1348 1627 1457 1699 γὰρ
1500 1628 1565 1681 ὲκ
1618 1624 1812 1697 βάθους
1863 1626 1994 1678 ἀνα-

2093 524 2177 570 est
2214 514 2280 567 ad
2305 516 2501 570 Oscam
2537 521 2592 568 et
2624 525 2807 565 sermo
2847 512 2917 566 ad
2964 508 3159 567 Isaiam
3194 514 3359 566 ﬁlium
3383 517 3574 577 Amos,
3607 524 3662 568 et

2094 619 2288 659 rursus
2328 603 2397 659 ad
2441 600 2731 656 Jeremiam
2767 601 2836 657 de
2883 600 3155 669 siccitate,
3203 605 3661 661 considerandum

2092 706 2200 762 est,
2233 706 2292 750 ιιι
2323 696 2426 759 sic,
2471 695 2767 750 collatione
2812 693 2986 761 facta,
3029 694 3257 751 inveniri
3308 697 3476 766 possit
3523 713 3663 766 qun-

2093 805 2219 845 nam
2273 798 2432 859 pacto
2485 788 2677 843 Sermo
2738 785 2827 840 ille
2879 796 3000 841 erat.
3050 790 3190 858 apud
3245 788 3438 844 Deum.
3490 792 3667 860 Atque

2092 881 2342 951 equidem
2396 878 2588 951 vulgus
2630 879 2931 948 simplicius
2991 888 3227 948 exponet
3276 881 3663 951 prophetarum

2094 972 2259 1033 dicta,
2308 969 2477 1024 veluti
2533 982 2787 1023 sermone
2823 968 3061 1034 Domini,
3103 970 3185 1025 vel
3221 984 3473 1025 sermone
3519 968 3667 1026 facto

2094 1063 2159 1117 ad
2194 1064 2358 1132 ipsos.
2396 1061 2476 1115 Tu
2518 1077 2649 1117 vero
2695 1061 2838 1127 vide,
2885 1078 2952 1117 ne
3000 1061 3138 1117 forte
3163 1073 3222 1117 ut
3259 1064 3491 1119 dicimus
3524 1066 3667 1119 hunc

2093 1155 2157 1207 ad
2202 1156 2345 1209 hunc
2384 1153 2522 1216 ﬁeri.
2576 1154 2657 1208 sic
2700 1154 3054 1222 etiam;nnnc
3097 1170 3127 1207 a
3171 1156 3327 1210 nobis
3360 1157 3665 1228 tlieologice

2091 1246 2475 1302 consideratus
2510 1245 2701 1313 Filius,
2740 1260 2921 1304 sermo
2969 1247 3145 1302 l‘actus
3191 1249 3265 1302 sit
3314 1246 3381 1301 ad
3431 1247 3665 1313 Oscam,

2095 1337 2294 1391 missus
2327 1336 2394 1391 ad
2426 1337 2602 1407 ipsum
2633 1353 2662 1390 a
2696 1336 2859 1391 Patre
2889 1354 2903 1390 :
2934 1337 3079 1406 quod
3116 1337 3182 1390 ad
3218 1337 3502 1393 historiam
3539 1339 3667 1407 qui-

2094 1430 2216 1484 dem
2265 1430 2484 1493 attinet,
2530 1431 2596 1485 ad
2651 1433 2969 1500 prophetam
3023 1428 3220 1485 Oscam
3270 1429 3439 1485 ﬁlium
3489 1431 3667 1493 Beeri,

2090 1526 2355 1587 quantum
2406 1532 2537 1572 vero
2587 1519 2654 1572 ad
2708 1519 2993 1589 mysticam
3028 1519 3323 1583 rationem,
3361 1521 3427 1575 ad
3465 1519 3659 1576 Serva-

2096 1616 2206 1659 tum
2241 1609 2426 1678 (sonat
2467 1607 2611 1661 enim
2644 1606 2834 1671 Oseas,
2869 1609 2915 1664 si
2965 1609 3365 1680 interpreteris,
3411 1618 3667 1679 servatus)

405 1712 829 1786 ϐλυσταινούσης
863 1715 1057 1785 σοφίας
1086 1715 1243 1782 Θεοῦ,
1264 1715 1494 1779 ἕκαστος
1525 1715 1632 1769 τῶν
1668 1714 1990 1786 σωζομένων

2096 1698 2263 1753 lilium
2295 1698 2476 1764 Beeri,
2508 1713 2629 1768 qua:
2660 1714 2766 1754 vox
2795 1710 2980 1769 puteos
3016 1712 3175 1757 sonat
3209 1718 3226 1757 :
3259 1701 3494 1759 eﬂicitur
3523 1705 3668 1760 enim

407 1807 523 1871 υίὸς
535 1807 760 1877 γίνεται.
783 1785 893 1862 Καὶ
905 1807 1057 1861 οὐδὲν
1078 1807 1389 1879 θαυμαστὸν
1413 1806 1585 1871 οὕτως
1604 1807 1718 1860 υἱὸν
1742 1785 1990 1878 φρεάτων

2104 1788 2335 1859 quilibet
2372 1805 2560 1845 eorum
2588 1793 2679 1861 qui
2715 1803 3023 1858 servantur,
3045 1794 3194 1863 putei
3227 1794 3391 1861 ﬁlius,
3420 1797 3550 1865 quia
3580 1810 3668 1851 sa.

406 1894 546 1953 εἶναι
574 1899 667 1953 τὸν
709 1899 863 1966 ἆγιον
895 1899 1004 1953 67:6
1039 1898 1148 1953 τῶν
1187 1898 1690 1971 ἀνδραγαθημάτων
1722 1895 1987 1968 πολλαχοῦ

405 1990 523 2043 υἱὸν
550 1990 970 2061 ὀνομαζόμενον,
1009 1989 1159 2061 παρά
1190 1990 1287 2060 μὲν
1321 1990 1383 2043 τὸ
1409 1990 1647 2060 λάμπειν
1702 1987 1868 2043 αὐτοῦ
1923 1986 1991 2042 :6

404 2083 545 2153 ἔργα
584 2082 891 2156 ἔμπροσθεν
945 2083 1054 2137 τῶν
1094 2082 1416 2154 ἀνθρώπων,
1482 2081 1691 2151 φωτός·
1744 2081 1893 2153 παρὰ
1933 2079 1991 2133 δὲ

404 2173 468 2226 τὸ
500 2172 644 2244 ἔχειν
696 2173 797 2244 τὴν
845 2175 1070 2246 εἰρήνην
1128 2174 1223 2228 τοῦ
1277 2172 1412 2228 Θεοῦ
1460 2173 1558 2244 τὴν
1618 2172 1992 2245 ὑπερέχουσαν

408 2264 588 2319 πάντα
617 2265 763 2332 νοῦν,
798 2268 1043 2338 εἰρήνης’
1086 2265 1166 2320 ἔτι
1193 2266 1251 2320 δὲ
1286 2265 1375 2319 διὰ
1405 2265 1502 2337 τὴν
1532 2265 1640 2319 ἀπὸ
1668 2265 1767 2337 τῆς
1799 2263 1993 2333 σοφίας

402 2357 693 2426 ὠφέλειαν,
732 2357 923 2413 τέκνον
971 2361 1183 2427 σοφίας·
1237 2376 1257 2410 ι
1326 2355 1648 2433 Ἐδικαιὼθη
1702 2355 1833 2426 γὰρ,
1884 2373 1991 2428 φη-

406 2446 517 2509 σὶν,
567 2449 601 2518 ἡ
647 2448 810 2518 σοφία
852 2448 960 2503 ἀπὸ
994 2449 1102 2505 τῶν
1134 2449 1339 2504 τέκνων
1379 2449 1570 2520 αὐτῆς.
1613 2469 1633 2501 7
1671 2447 1858 2512 Οὕτως
1899 2445 1992 2503 οὖν

405 2541 435 2592 6
482 2540 660 2594 πάντα
697 2541 931 2611 ἐρευνῶν
972 2541 1101 2613 θείῳ
1141 2539 1417 2612 Πνεύματι
1457 2541 1550 2595 καί
1602 2541 1671 2595 τὰ
1709 2540 1845 2612 βάθη
1896 2539 1991 2593 τοῦ

404 2633 563 2698 Θεοῦ,
597 2634 740 2688 ὥστε
770 2633 1216 2704 ἀποφθέγξασθαι
1243 2634 1435 2689 αὐτόν·
1475 2653 1493 2686 ι
1530 2635 1593 2688 ’Ὠ
1628 2634 1789 2705 βάθος
1829 2633 1994 2688 πλού-

404 2742 501 2781 του
544 2727 641 2782 καὶ
680 2726 870 2796 σοφίας
922 2728 1018 2780 καὶ
1058 2725 1312 2797 γνώσεως
1338 2725 1512 2780 Θεοῦί
1552 2746 1571 2779 7
1603 2726 1826 2780 δύναται
1854 2722 1993 2781 εἶναι

406 2820 659 2891 φρεάτων
719 2819 855 2884 υἱὸς,
895 2819 1032 2892 πρὸς
1088 2819 1147 2875 ὃν
1196 2820 1225 2871 6
1277 2818 1432 2888 λόγος
1490 2817 1694 2891 Κυρίου
1758 2818 1990 2887 γίνεται.

416 2911 651 2983 Ὁμοίως
679 2910 835 2981 λόγος
866 2913 960 2967 καὶ
1007 2910 1143 2983 πρὸς
1185 2910 1412 2965 Ἡσαΐαν
1463 2909 1680 2982 ἔρχεται
1727 2909 1994 2963 διδάσκων

403 3001 476 3056 τὰ
514 3004 572 3055 ὲν
612 3001 869 3073 ἐσχάταις
916 3001 1150 3074 ἡμέραις
1191 2996 1613 3073 ἀπαντησόμενα
1655 3003 1721 3073 τῇ
1765 3001 1995 3074 Ἰουδαίᾳ.

2093 1880 2294 1950 pientia
2326 1881 2423 1935 Dei
2464 1897 2529 1937 ev
2557 1881 2829 1952 profundo
2874 1885 3129 1938 scaturit.
3162 1884 3273 1941 Nec
3308 1887 3506 1941 mirum
3535 1902 3668 1944 sane

2090 1982 2175 2025 est
2201 1981 2485 2040 puteorum
2521 1973 2693 2027 lilium
2724 1974 2803 2029 sic
2830 1989 2949 2031 esse
2978 1985 3253 2041 sanctum,
3287 1977 3377 2046 qui
3414 1994 3478 2033 ex
3528 1986 3668 2034 stre-

2092 2079 2197 2119 nue
2243 2062 2401 2120 factis
2454 2063 2775 2136 frequenter
2826 2066 2970 2122 ﬁlius
3025 2069 3343 2124 nominatur
3391 2086 3409 2124 :
3463 2070 3669 2126 idcirco

2090 2157 2308 2225 quidem
2336 2157 2464 2226 quia
2488 2157 2888 2228 luceantopera
2907 2158 3028 2227 eius
3051 2176 3239 2216 coram
3261 2161 3577 2219 hominibus
3596 2163 3668 2226 ”,

2096 2246 2238 2301 ﬁlius
2282 2245 2422 2303 lucis
2465 2256 2811 2318 nuncupatus
2852 2267 2867 2305 :
2902 2252 3030 2321 quia
3066 2267 3200 2308 vero
3243 2253 3439 2307 habeat
3479 2268 3670 2322 pacem

2094 2336 2213 2403 Dei,
2247 2349 2669 2410 exsuperantem
2705 2355 2925 2397 omnem
2957 2344 3372 2415 intelligentiam
3406 2346 3483 2411 ",
3528 2346 3671 2402 ﬁlius

2099 2433 2257 2500 pacis
2284 2450 2300 2487 :
2334 2442 2498 2504 atque
2528 2432 2693 2487 etiam
2724 2442 2951 2505 propter
2975 2435 3258 2505 sapientiae
3288 2434 3580 2509 utilitatem
3609 2436 3673 2490 ﬁ-

2094 2524 2200 2580 lius
2225 2523 2541 2594 sapientiae:
2569 2542 2590 2576 ι
2612 2522 2917 2579 Justiﬁcata
2943 2533 3026 2580 est
3045 2526 3212 2589 enim,
3238 2526 3434 2596 inquit,
3459 2527 3672 2599 sapien-

2096 2616 2167 2671 tia
2189 2631 2219 2670 a
2241 2616 2366 2672 ﬁliis
2383 2617 2499 2672 suis
2532 2617 2598 2672 ⁷¹.
2629 2636 2648 2669 7
2684 2615 2842 2671 Hunc
2863 2612 3347 2686 igiturin'modnm
3383 2618 3473 2674 ille
3506 2621 3671 2675 etiam

2094 2707 2186 2777 qui
2235 2705 2348 2779 49
2396 2707 2579 2763 divino
2639 2706 2839 2776 Spiritu
2887 2709 3068 2763 omnia
3100 2707 3365 2778 profunda
3408 2709 3501 2765 Dei
3552 2727 3673 2779 per-

2094 2810 2394 2864 scrutatur,
2439 2807 2500 2854 ut
2533 2799 2709 2871 eloqui
2734 2800 2908 2871 possit
2939 2817 2953 2853 :
2986 2800 3067 2856 «Ο
3091 2801 3424 2870 profunditas
3455 2802 3673 2857 divitia-

2098 2908 2245 2956 rum,
2261 2900 2318 2946 et
2336 2892 2634 2964 sapientiae,
2661 2903 2714 2948 et
2743 2893 3072 2963 cognitionis
3095 2893 3189 2949 Dei
3220 2895 3289 2961 τ’,
3311 2913 3332 2947 7
3355 2905 3531 2964 potest
3551 2912 3674 2953 esse

2096 2994 2383 3055 puteorum
2436 2984 2603 3049 ﬁlius,
2649 2985 2717 3040 ad
2763 3000 2923 3055 quem
2967 3000 3148 3041 sermo
3177 2987 3271 3041 ﬁat
3309 2989 3544 3044 Domini.
3579 2992 3674 3047 Sic

405 3093 504 3149 καὶ
558 3092 912 3166 Ἰερουσαλήμ
934 3112 948 3126 ·
998 3094 1260 3159 ὡσαύτως
1300 3094 1358 3149 δὲ
1402 3094 1498 3148 καὶ
1537 3094 1672 3166 πρὸς
1723 3095 1990 3166 Ἱερεμίαν

2099 3090 2280 3131 sermo
2311 3077 2477 3133 etiam
2506 3077 2574 3132 ad
2606 3076 2797 3132 Isaiam
2823 3076 2973 3131 venit
2997 3077 3198 3133 docens
3227 3092 3347 3147 qua:
3381 3080 3433 3134 in
3468 3080 3675 3137 ultimis

405 3187 538 3259 θείῳ
568 3137 927 3260 μειτεωρισμξ)
957 3137 1298 3262 ἐπαρθένταο
1341 3137 1725 3261 (ἑρμηνεύεται
1766 3137 1990 3261 γςάρνμε·

2084 3167 2294 3227 ηόίεὸυιι
2315 3179 2577 3225 eventura
2609 3177 2768 3223 erant
2796 3178 2911 3222 tum
2936 3168 3162 3235 ludam,
3193 3179 3305 3225 tum
3330 3171 3628 3229 Jerusalem
3655 3190 3671 3227 :

404 3280 730 3349 τεωρισμὸς
756 3280 877 3334 Ἰαὼ
901 3275 1068 3353 [74].)
1109 3281 1266 3335 Ἀλλὰ
1291 3280 1429 3353 πρὸς
1472 3281 1572 3351 μὲν
1609 3281 1736 3345 τοὺς
1779 3279 1995 3352 ἀνθρώ·

405 3389 566 3435 πους,
597 3373 860 3445 πρότερον
889 3372 950 3426 ού
980 3371 1291 3445 χωροῦντας
1313 3372 1410 3445 τὴν
1437 3371 1532 3425 τοῦ
1562 3370 1694 3425 Υίοῦ
1723 3371 1818 3425 τοῦ
1857 3370 1992 3426 Θεοῦ

404 3463 585 3532 Λόγου
645 3466 1000 3537 τυγχάνοντος
1052 3465 1344 3537 ἐπιδημίαν
1370 3506 1386 3530 ,
1443 3466 1471 3518 6
1520 3465 1692 3534 Λόγος
1745 3465 1953 3534 γίνεται
1975 3480 1989 3493 ·

406 3555 546 3628 πρὸς
575 3554 632 3609 δὲ
662 3556 754 3610 τὸν
792 3556 927 3609 Θεὸν
959 3557 1020 3609 ού
1060 3556 1304 3626 γίνεται,
1347 3556 1424 3620 ὡς
1466 3555 1729 3628 πρότερον
1775 3556 1876 3609 οὐκ
1917 3554 1994 3609 ὣν

405 3652 545 3724 7:96;
570 3653 749 3708 αὐτόν’
785 3655 935 3727 7:696
981 3654 1039 3709 δὲ
1080 3655 1143 3708 :6
1181 3656 1268 3710 ἀεὶ
1297 3658 1535 3710 συνεῖναι
1573 3653 1653 3725 τῷ
1679 3655 1875 3724 Πατρὶ,
1903 3655 1993 3710 λέ-

306 3744 327 3761 '
404 3761 565 3814 γεται
586 3763 602 3777 ·
631 3767 651 3800 ι
688 3747 801 3801 Καὶ
835 3751 865 3802 ὁ
908 3748 1080 3817 Λόγος
1109 3743 1179 3819 ἦν
1224 3747 1361 3819 πρὸς
1391 3747 1484 3801 τὸν
1524 3747 1655 3801 Θεόν
1680 3764 1694 3777 ο
1738 3767 1758 3799 7
1792 3748 1853 3802 ού
1884 3747 1993 3818 γὰρ

406 3840 623 3908 ἐγένετο
642 3841 778 3913 πρὸς
798 3840 891 3895 τὸν
911 3842 1063 3906 Θεὸν,
1082 3843 1175 3896 καὶ
1198 3841 1394 3896 ταυτὸν
1441 3841 1593 3913 ῥῆμα
1634 3840 1696 3894 τὸ
1721 3860 1739 3892 ι
1762 3836 1874 3912 ἦνζι
1897 3840 2000 3895 τοῦ

407 3927 584 3996 Λόγου
612 3931 1029 4001 κατηγορεῖται,
1072 3931 1153 3983 ὅτι
1192 3932 1249 3983 ὲν
1296 3931 1438 4001 ἀρχῇ
1467 3925 1536 3999 ἦν
1574 3929 1671 3982 καὶ
1708 3929 1797 3983 ὅτε
1855 3931 1994 4002 πρὸς

404 4020 497 4072 τὸν
520 4019 653 4073 Θεὸν
679 4016 747 4093 ἦν
771 4062 786 4086 ,
820 4019 944 4076 οὔτε
984 4022 1082 4093 τῆς
1106 4023 1281 4096 ἀρχῆς
1318 4021 1685 4093 χωριζόμενος
1706 4061 1721 4085 ,
1746 4021 1868 4075 οὔτε
1897 4022 1993 4076 τοῦ

406 4112 621 4184 [ἰατρὸς
648 4113 1101 4186 ἀπολειπόμενοςθ
1143 4118 1236 4169 καὶ
1278 4115 1439 4169 πάλιν
1473 4114 1596 4168 οὔτε
1643 4115 1751 4168 ἀπὸ
1776 4114 1869 4169 τοῦ
1912 4117 1988 4187 μὴ

404 4196 545 4256 εῖναι
590 4205 648 4256 ἐν
689 4205 831 4276 ἀρχῇ
876 4205 1158 4275 γινόμενος
1188 4208 1245 4260 ἐν
1286 4206 1458 4277 ἀρχῇ,
1489 4204 1613 4259 οῦτε
1651 4205 1761 4259 ἀπὸ
1788 4204 1880 4260 :06
1917 4206 1993 4277 μὴ

405 4295 691 4367 τυγχάνειν
721 4297 859 4368 πρὸς
885 4298 978 4351 τὸν
1001 4298 1133 4352 Θεὸν
1158 4299 1250 4352 ἐπὶ
1278 4297 1360 4369 τῷ
1386 4297 1523 4371 πρὸς
1564 4298 1659 4350 τὸν
1687 4297 1820 4352 Θεὸν
1852 4295 1990 4352 εἶναι

403 4385 687 4457 γινόμενος
709 4403 724 4417 ·
754 4387 862 4458 πρὸ
889 4385 997 4458 γὰρ
1026 4388 1227 4452 παντὸς
1261 4389 1451 4460 χρόνου
1508 4387 1603 4442 καὶ
1648 4387 1845 4452 αἰῶνος
1875 4408 1894 4440 ι
1933 4391 1991 4443 ὲν

2099 3259 2290 3316 eodem
2333 3260 2495 3315 modo
2531 3268 2587 3314 et
2617 3258 2682 3314 ad
2725 3256 3019 3314 Jeremiam
3062 3261 3243 3316 dlvina
3294 3263 3531 3318 elatione
3561 3265 3674 3318 ela-

2100 3360 2210 3406 tum
2270 3350 2417 3424 (nam
2480 3352 2868 3422 interpretatur
2901 3352 3057 3406 elatio
3103 3352 3245 3424 Jao).
3294 3354 3401 3409 Sed
3450 3357 3519 3410 ad
3572 3356 3673 3410 ho-

2098 3444 2274 3499 mines
2313 3444 2565 3514 quidem,
2615 3443 2705 3512 qui
2751 3443 2902 3513 prius
2958 3457 3190 3512 capaces
3219 3461 3324 3500 non
3372 3459 3536 3503 erant
3577 3454 3674 3502 ad-

2095 3570 2290 3614 ventus
2322 3554 2456 3613 Filii
2502 3555 2618 3623 Dei,
2671 3556 2762 3626 qui
2806 3567 2891 3612 est
2944 3558 3156 3622 Sermo.
3212 3560 3274 3615 ﬁt
3330 3577 3548 3630 sermo;
3605 3566 3674 3621 ad

2097 3652 2262 3705 Deum
2290 3665 2420 3706 vero
2462 3665 2568 3705 non
2601 3652 2681 3720 ﬁt,
2725 3651 2880 3721 quasi
2906 3654 2997 3722 qui
3033 3661 3190 3706 antea
3233 3668 3340 3709 non
3379 3659 3672 3715 exs‘steret

2095 3744 2237 3811 apud
2266 3743 2463 3815 ipsum,
2493 3744 2589 3797 sed
2613 3758 2677 3798 eo
2705 3743 2850 3813 quod
2878 3743 2948 3797 sit
2973 3757 3191 3812 semper
3217 3758 3339 3798 cum
3374 3745 3555 3813 Patre,
3584 3750 3674 3804 di-

2095 3833 2238 3885 citur
2271 3848 2285 3884 :
2322 3850 2341 3883 ι
2376 3832 2445 3886 Et
2473 3832 2667 3886 Sermo
2698 3840 2822 3886 erat
2852 3834 2991 3900 apud
3019 3830 3182 3886 Deum
3216 3832 3293 3899 υς
3337 3854 3356 3885 7
3387 3852 3492 3892 non
3523 3838 3672 3894 enim

2095 3924 2269 3980 factus
2295 3934 2379 3980 est
2403 3925 2546 3995 apud
2580 3925 2772 3993 Deum,
2796 3933 2852 3980 et
2900 3926 3040 3978 idem
3074 3927 3296 3981 verbum
3336 3946 3355 3979 ι
3393 3939 3513 3986 erat
3543 3950 3564 3984 7
3605 3934 3673 3985 de

2094 4015 2356 4073 Sermone
2403 4017 2747 4087 pradicatur,
2795 4018 3050 4088 quoniam
3105 4018 3158 4071 in
3231 4020 3500 4091 principio
3549 4033 3670 4077 erat

2094 4110 2255 4162 etiam
2284 4119 2394 4163 tum
2420 4125 2543 4164 cum
2568 4110 2709 4179 apud
2744 4107 2913 4163 Deum
2942 4117 3081 4175 erat,
3115 4124 3291 4179 neque
3342 4127 3373 4166 a
3403 4114 3671 4185 principio

2095 4209 2398 4268 separatus,
2435 4213 2610 4268 neque
2657 4197 2876 4253 Patrem
2923 4199 3182 4255 deserens
3222 4215 3236 4251 :
3267 4211 3325 4256 et
3354 4218 3542 4259 rursus
3581 4221 3672 4260 ne-

2093 4305 2202 4359 que
2224 4307 2293 4346 eo
2316 4290 2462 4360 quod
2500 4307 2607 4346 non
2640 4291 2712 4346 sit
2742 4291 2794 4344 in
2825 4290 3092 4360 principio
3140 4291 3337 4358 lactus,
3376 4295 3430 4349 in
3458 4297 3668 4364 princi-

2095 4383 2209 4452 pio,
2242 4397 2418 4452 neque
2461 4396 2528 4437 eo
2577 4382 2720 4452 quod
2755 4397 2861 4437 non
2888 4383 2963 4436 sit
3004 4381 3146 4451 apud
3178 4383 3371 4449 Deum,
3404 4385 3579 4440 factus
3611 4396 3672 4440 ut

404 4479 550 4549 ἀρχῇ
578 4473 647 4549 ἦν
690 4480 719 4532 6
754 4478 947 4548 Λόγος,
981 4479 1075 4533 καὶ
1104 4481 1132 4532 6
1164 4479 1337 4549 Λόγος
1367 4475 1436 4551 ἦν
1480 4480 1618 4552 πρὸς
1650 4480 1742 4535 τὸν
1773 4480 1924 4535 Θεόν.
1947 4500 1985 4557 .7

2092 4485 2239 4530 esset
2268 4476 2407 4545 apud
2435 4475 2600 4529 Deum
2637 4490 2652 4529 :
2679 4486 2806 4530 ante
2845 4489 3009 4531 omne
3037 4477 3181 4531 enim
3224 4484 3436 4549 tempus
3483 4488 3539 4532 et
3569 4494 3669 4533 sa:-

415 4567 573 4623 Ἐπεὶ
602 4569 785 4624 τοίνυν
808 4571 888 4633 εἰς
916 4569 1132 4643 εὕρεσιν
1160 4570 1275 4636 τοῦ,
1311 4589 1332 4622 ι
1368 4571 1478 4625 Καὶ
1506 4573 1536 4625 6
1557 4570 1729 4639 Λόγος
1757 4566 1826 4642 ἦν
1851 4572 1989 4645 7:96;

403 4660 499 4715 τὸν
518 4660 670 4727 Θεὸν,
710 4681 730 4714 7
758 4660 1107 4734 παρεθέμεθα
1136 4661 1310 4726 λέξεις
1336 4661 1702 4734 προφητικὰς,
1735 4662 1851 4727 πῶς
1874 4663 1991 4731 ὲγέ-

405 4770 528 4809 νετο
556 4754 694 4826 πρὸς
733 4754 912 4826 Ὠσηὲ,
940 4756 1035 4810 καὶ
1074 4756 1299 4810 Ἡσαΐαν
1320 4795 1337 4820 ,
1369 4755 1463 4809 καὶ
1497 4754 1784 4826 Ἰερεμίαν,
1848 4772 1988 4826 παρ-

405 4845 756 4917 ετηρήσαμέν
783 4862 845 4899 τε
862 4846 922 4899 οὐ
942 4846 1041 4917 τὴν
1061 4846 1330 4917 τυχοῦσαν
1360 4845 1625 4918 διαφορὰν
1650 4844 1766 4908 τοῦ,
1809 4864 1829 4897 ι
1866 4848 1988 4914 εγε-

405 4934 544 5008 νήθη
574 4954 593 4988 7
613 4935 707 4989 καὶ
755 4952 776 4988 ι
808 4936 1024 5006 ἐγένετο
1046 4955 1065 4989 7
1106 4937 1244 5010 7:96;
1284 4936 1345 4990 :6
1366 4956 1384 4988 ι
1405 4933 1496 5008 ἦν,
1518 4955 1565 4988 7,
1582 4936 1984 5009 προσθήσομεν,

477 5054 599 5090 ηοω
623 5053 827 5114 Jerem.
859 5072 969 5121 xiv,
992 5057 1048 5111 1.
1122 5057 1168 5090 θ’
1188 5055 1377 5111 Matth.
1407 5072 1463 5123 v,
1490 5056 1581 5112 lli.

479 5170 593 5241 (75)
646 5171 821 5243 Ὠσηὲ
846 5172 957 5243 γὰρ
988 5173 1370 5242 ἑρμηνεύεται
1405 5169 1745 5243 Σωζόμενος,
1773 5180 1884 5228 etc.
1938 5172 1983 5225 A

404 5249 547 5327 Vm,
573 5248 817 5311 servarat,
850 5242 909 5298 lit
934 5248 1110 5327 an,
1132 5245 1293 5307 Osse,
1336 5245 1478 5312 quod
1528 5242 1981 5311 signiﬁcationem

408 5336 639 5390 activam
669 5335 907 5401 postulat
927 5339 1105 5405 potius
1128 5352 1292 5406 quam
1320 5335 1614 5406 passivam.
1641 5334 1822 5406 Bson:
1851 5348 1981 5388 vero

404 5417 513 5466 est.
543 5413 706 5487 1777:,
744 5421 777 5461 ει
804 5403 947 5469 Ἴδα,
972 5403 1180 5487 puteus.
1228 5403 1778 5487 ’Λναὸλυστανούσης,
1837 5406 1980 5487 quod

406 5476 676 5543 sequitur,
721 5488 930 5532 rectum
974 5474 1078 5532 est.
1124 5477 1383 5548 Hesycl7.,
1420 5474 1843 5529 ὰναόλυστάνεδν
1887 5474 1980 5527 καὶ

405 5544 724 5619 ἀναϐλύσαι.
750 5548 927 5619 Quam
952 5547 1204 5619 Hesychii
1239 5561 1427 5601 vocem
1457 5545 1730 5599 immerito
1758 5560 1983 5614 suspecc

409 5627 522 5686 tam
556 5617 713 5671 habet
742 5615 1077 5686 Stephanus.
1112 5616 1374 5673 Hunnus.
1562 5684 1572 5686 Α
1669 5685 1674 5686 γ
1763 5682 1773 5686 _
1852 5681 1895 5686 _
1998 5676 2003 5681 .

481 5685 595 5759 (74)
647 5681 1057 5759 Ἐρμηιλεύετρι
1093 5689 1203 5757 γὰρ
1218 5757 1225 5759 Α
1244 5684 1649 5759 μετεωρισμὸς-
1666 5682 1803 5737 Ἰαὼ.
1817 5755 1827 5759 _
1839 5681 1977 5759 llaec

407 5753 666 5824 proclivia
698 5753 871 5817 sunt.
905 5770 961 5811 ct
997 5753 1445 5811 Ferrarii'tamen
1494 5753 1559 5809 ac
1615 5753 1851 5824 Perionii
1884 5769 1975 5807 ca-

407 5823 558 5893 ptum
589 5826 859 5899 fugerunt.
885 5826 1147 5881 Jsusmas
1173 5833 1470 5885 esum-um?
1498 5841 1528 5880 ιι
1559 5835 1672 5886 εἴη
1695 5823 1898 5890 extolli,
1921 5832 1976 5878 ct

721 5921 994 5981 Ρηιιοι..
1040 5920 1156 5981 Gtt.
1206 5917 1371 5979 XIV.

1654 5057 1702 5088 '"’
1735 5055 1928 5125 Philip.
1953 5071 2028 5123 tv,
2060 5056 2115 5110 7.
2188 5055 2235 5088 τί
2268 5055 2462 5112 Matth.
2489 5073 2567 5123 ιι,
2599 5056 2688 5113 19.
2766 5057 2813 5089 ’⁸
2842 5055 2999 5111 Rom.
3032 5073 3109 5122 ιι,
3134 5056 3223 5110 55.

2094 4567 2299 4630 culum,
2343 4582 2363 4617 ι
2414 4566 2468 4621 in
2503 4567 2773 4638 principio
2804 4576 2927 4621 erat
2964 4564 3182 4633 Sermo,
3220 4575 3279 4622 et
3329 4568 3522 4623 Sermo
3550 4580 3669 4625 erat

2095 4659 2235 4728 apud
2268 4658 2462 4714 Deum.
2501 4677 2523 4711 7
2560 4659 2828 4726 Quoniam
2864 4659 3026 4728 igitur
3049 4667 3110 4713 ut
3141 4657 3512 4717 inveniremus
3544 4676 3667 4715 sen-

2094 4765 2214 4805 sum
2240 4751 2528 4807 verborum
2562 4752 2794 4817 illorum,
2848 4768 2868 4803 ι
2905 4759 2962 4805 et
3003 4750 3198 4806 Seruio
3245 4751 3333 4806 ille
3360 4763 3479 4806 erat
3524 4753 3669 4822 apud

2094 4842 2283 4909 Deum,
2320 4862 2341 4896 7
2381 4844 2733 4915 apposuimus
2780 4845 2948 4899 verba
2996 4843 3346 4914 prophetica,
3393 4846 3664 4914 quomodo

2094 4935 2274 4991 factus
2310 4934 2382 4992 sit
2431 4951 2615 4992 sermo
2640 4939 2709 4991 ad
2767 4936 2985 5002 Oscam,
3042 4945 3099 4991 et
3154 4937 3372 4999 Isaiam,
3431 4946 3484 4990 ει
3507 4935 3665 4990 Jere-

3299 5047 3573 5122 "10.77....
3608 5054 3660 5112 1.

2085 5179 2232 5242 mn.
2265 5172 2407 5242 quod
2468 5171 2751 5227 Samarita:
2808 5186 2907 5242 per
2963 5170 3168 5235 Ἰαϐαί,
3228 5170 3494 5225 Eusebius
3564 5187 3663 5242 per

2099 5239 2693 5311 ’lsutb,_Tlteodoretus
2745 5239 2843 5310 per
2880 5242 3025 5304 Ἄϊδι,
3069 5242 3240 5297 Gneci
3289 5253 3498 5295 veteres
3564 5239 3666 5311 per

2098 5309 2221 5365 Ἰαὼ
2271 5309 2916 5383 exprimebant._Notum
2975 5315 3103 5367 illud
3156 5314 3421 5383 Apollinis
3487 5309 3658 5368 ctam

2085 5383 2226 5450 apud
2262 5382 2592 5437 Macrobiutn
2622 5398 2639 5437 ι
2671 5381 2897 5438 Saturn.
2927 5397 2944 5434 :

2157 5471 2372 5541 Φράᾱο
2398 5471 2515 5529 τῶν
2549 5472 2791 5528 πάντων
2822 5473 3056 5528 ὕπατον
3094 5472 3233 5528 θεὸν
3257 5472 3445 5540 ἔμμεν
3475 5470 3623 5595 I’Iaa').

3500 5559 3554 5596 ο.

2085 5658 2220 5712 Vide
2255 5673 2448 5712 novam
2485 5657 2615 5711 edit.
2661 5656 2824 5723 Oper.
2865 5654 2923 5709 S.
2956 5653 3453 5727 lliernnymiLIom.
3501 5654 3575 5720 li,
3602 5668 3660 5721 ρ.

2083 5729 2184 5793 94,
2208 5756 2278 5768 -
2302 5727 2557 5783 editionis
2616 5736 2817 5781 nostra:
2867 5738 2998 5779 toni.
3035 5725 3108 5793 ll,
3149 5725 3255 5781 Col.
3289 5726 3417 5790 853,
3458 5735 3571 5779 not.
3606 5732 3658 5777 ε.

2082 5798 2240 5853 Eutr.
2278 5798 2445 5853 Pun.

3308 5912 3344 5970 ἡ
