  <div class='ocr_page' id='page_1' title='image "/cluster/home/n/w/nwhite01/storage/ocr_20150623/14:no.4/coo.31924054872928/063.png"; bbox 0 0 4174 6420; ppageno 0'>
   <div class='ocr_carea' id='block_1_1' title="bbox 488 327 593 400">
    <p class='ocr_par' dir='ltr' id='par_1_1' title="bbox 488 327 593 400">
     <span class='ocr_line' id='line_1_1' title="bbox 488 327 593 400; baseline -0.019 -1"><span class='ocrx_word' id='word_1_1' title='bbox 488 327 593 400; x_wconf 75' lang='grc'><strong>107</strong></span> 
     </span>
    </p>
   </div>
   <div class='ocr_carea' id='block_1_2' title="bbox 1969 328 2290 389">
    <p class='ocr_par' dir='ltr' id='par_1_2' title="bbox 1969 328 2290 389">
     <span class='ocr_line' id='line_1_2' title="bbox 1969 328 2290 389; baseline -0.003 0"><span class='ocrx_word' id='word_1_2' title='bbox 1969 328 2290 389; x_wconf 73' lang='grc' dir='ltr'>οιιιεΕΝΙε</span> 
     </span>
    </p>
   </div>
   <div class='ocr_carea' id='block_1_3' title="bbox 3647 321 3754 378">
    <p class='ocr_par' dir='ltr' id='par_1_3' title="bbox 3647 321 3754 378">
     <span class='ocr_line' id='line_1_3' title="bbox 3647 321 3754 378; baseline -0.019 0"><span class='ocrx_word' id='word_1_3' title='bbox 3647 321 3754 378; x_wconf 71' lang='grc'><strong>108</strong></span> 
     </span>
    </p>
   </div>
   <div class='ocr_carea' id='block_1_4' title="bbox 488 430 2075 521">
    <p class='ocr_par' dir='ltr' id='par_1_4' title="bbox 488 446 2056 521">
     <span class='ocr_line' id='line_1_4' title="bbox 488 446 2056 521; baseline -0.01 -7"><span class='ocrx_word' id='word_1_4' title='bbox 488 460 674 518; x_wconf 86' lang='lat' dir='ltr'><strong>miam.</strong></span> <span class='ocrx_word' id='word_1_5' title='bbox 706 451 1221 521; x_wconf 86' lang='lat' dir='ltr'><strong>observavimusque</strong></span> <span class='ocrx_word' id='word_1_6' title='bbox 1247 463 1352 505; x_wconf 91' lang='lat' dir='ltr'><strong>non</strong></span> <span class='ocrx_word' id='word_1_7' title='bbox 1386 463 1577 519; x_wconf 88' lang='lat' dir='ltr'><strong>parum</strong></span> <span class='ocrx_word' id='word_1_8' title='bbox 1607 446 1824 504; x_wconf 71' lang='lat' dir='ltr'><strong>differre</strong></span> <span class='ocrx_word' id='word_1_9' title='bbox 1853 463 1872 498; x_wconf 84' lang='grc' dir='ltr'>ι</span> <span class='ocrx_word' id='word_1_10' title='bbox 1901 446 2004 501; x_wconf 90' lang='lat' dir='ltr'><strong>fuit</strong></span> <span class='ocrx_word' id='word_1_11' title='bbox 2036 465 2056 498; x_wconf 76' lang='grc' dir='ltr'>ι</span> 
     </span>
    </p>
   </div>
   <div class='ocr_carea' id='block_1_5' title="bbox 2180 430 3751 521">
    <p class='ocr_par' dir='ltr' id='par_1_5' title="bbox 2180 430 3751 514">
     <span class='ocr_line' id='line_1_5' title="bbox 2180 430 3751 514; baseline -0.006 -16"><span class='ocrx_word' id='word_1_12' title='bbox 2180 447 2244 499; x_wconf 69' lang='grc' dir='ltr'>Ξτι</span> <span class='ocrx_word' id='word_1_13' title='bbox 2267 445 2324 497; x_wconf 90' lang='grc' dir='ltr'>ἑν</span> <span class='ocrx_word' id='word_1_14' title='bbox 2357 441 2457 514; x_wconf 86' lang='grc' dir='ltr'><strong>μὲν</strong></span> <span class='ocrx_word' id='word_1_15' title='bbox 2497 430 2576 513; x_wconf 83' lang='grc' dir='ltr'>τῷ</span> <span class='ocrx_word' id='word_1_16' title='bbox 2605 439 2742 513; x_wconf 83' lang='grc' dir='ltr'>πρὸς</span> <span class='ocrx_word' id='word_1_17' title='bbox 2768 439 2896 504; x_wconf 72' lang='grc' dir='ltr'>τοὺς</span> <span class='ocrx_word' id='word_1_18' title='bbox 2937 439 3221 512; x_wconf 79' lang='grc' dir='ltr'><strong>προφήτας</strong></span> <span class='ocrx_word' id='word_1_19' title='bbox 3260 437 3504 510; x_wconf 90' lang='grc' dir='ltr'>γίνεσθαι</span> <span class='ocrx_word' id='word_1_20' title='bbox 3529 437 3751 508; x_wconf 75' lang='grc' dir='ltr'><strong>φωτίζει</strong></span> 
     </span>
    </p>
   </div>
   <div class='ocr_carea' id='block_1_6' title="bbox 485 541 2063 609">
    <p class='ocr_par' dir='ltr' id='par_1_6' title="bbox 485 541 2063 609">
     <span class='ocr_line' id='line_1_6' title="bbox 485 541 2063 609; baseline -0.008 -3"><span class='ocrx_word' id='word_1_21' title='bbox 485 561 542 606; x_wconf 88' lang='lat' dir='ltr'><strong>et</strong></span> <span class='ocrx_word' id='word_1_22' title='bbox 575 569 594 602; x_wconf 83' lang='grc' dir='ltr'>ι</span> <span class='ocrx_word' id='word_1_23' title='bbox 629 549 805 604; x_wconf 89' lang='lat' dir='ltr'><strong>factus</strong></span> <span class='ocrx_word' id='word_1_24' title='bbox 849 557 932 602; x_wconf 91' lang='lat' dir='ltr'><strong>est</strong></span> <span class='ocrx_word' id='word_1_25' title='bbox 975 564 995 597; x_wconf 75' lang='grc' dir='ltr'><strong>ι</strong></span> <span class='ocrx_word' id='word_1_26' title='bbox 1031 559 1061 599; x_wconf 78' lang='lat' dir='ltr'><strong>a</strong></span> <span class='ocrx_word' id='word_1_27' title='bbox 1117 544 1282 598; x_wconf 89' lang='lat' dir='ltr'><strong>verbo</strong></span> <span class='ocrx_word' id='word_1_28' title='bbox 1316 563 1335 596; x_wconf 82' lang='grc' dir='ltr'><strong>ι</strong></span> <span class='ocrx_word' id='word_1_29' title='bbox 1382 553 1520 609; x_wconf 84' lang='lat' dir='ltr'><strong>eral,</strong></span> <span class='ocrx_word' id='word_1_30' title='bbox 1559 561 1579 594; x_wconf 79' lang='grc' dir='ltr'>ι</span> <span class='ocrx_word' id='word_1_31' title='bbox 1615 541 1897 605; x_wconf 89' lang='lat' dir='ltr'><strong>addemus,</strong></span> <span class='ocrx_word' id='word_1_32' title='bbox 1933 541 2063 594; x_wconf 88' lang='lat' dir='ltr'><strong>dum</strong></span> 
     </span>
    </p>
   </div>
   <div class='ocr_carea' id='block_1_7' title="bbox 487 631 2059 718">
    <p class='ocr_par' dir='ltr' id='par_1_7' title="bbox 487 631 2059 718">
     <span class='ocr_line' id='line_1_7' title="bbox 487 631 2059 718; baseline -0.008 -22"><span class='ocrx_word' id='word_1_33' title='bbox 487 644 556 698; x_wconf 91' lang='lat' dir='ltr'><strong>ad</strong></span> <span class='ocrx_word' id='word_1_34' title='bbox 603 641 894 718; x_wconf 72' lang='lat' dir='ltr'><strong>prephetas</strong></span> <span class='ocrx_word' id='word_1_35' title='bbox 925 651 1104 692; x_wconf 82' lang='lat' dir='ltr'><strong>sermo</strong></span> <span class='ocrx_word' id='word_1_36' title='bbox 1137 634 1215 701; x_wconf 88' lang='lat' dir='ltr'><strong>fit,</strong></span> <span class='ocrx_word' id='word_1_37' title='bbox 1248 633 1568 690; x_wconf 82' lang='lat' dir='ltr'><strong>Sermonem</strong></span> <span class='ocrx_word' id='word_1_38' title='bbox 1607 633 1898 703; x_wconf 81' lang='lat' dir='ltr'><strong>prophetas</strong></span> <span class='ocrx_word' id='word_1_39' title='bbox 1935 631 2059 685; x_wconf 86' lang='lat' dir='ltr'><strong>illu-</strong></span> 
     </span>
    </p>
   </div>
   <div class='ocr_carea' id='block_1_8' title="bbox 488 727 2060 801">
    <p class='ocr_par' dir='ltr' id='par_1_8' title="bbox 488 727 2060 801">
     <span class='ocr_line' id='line_1_8' title="bbox 488 727 2060 801; baseline -0.01 -9"><span class='ocrx_word' id='word_1_40' title='bbox 488 747 669 792; x_wconf 86' lang='lat' dir='ltr'><strong>strare</strong></span> <span class='ocrx_word' id='word_1_41' title='bbox 721 733 841 788; x_wconf 92' lang='lat' dir='ltr'><strong>luce</strong></span> <span class='ocrx_word' id='word_1_42' title='bbox 892 730 1245 801; x_wconf 75' lang='lat' dir='ltr'><strong>cognitionis,</strong></span> <span class='ocrx_word' id='word_1_43' title='bbox 1317 727 1608 782; x_wconf 81' lang='lat' dir='ltr'><strong>facientem</strong></span> <span class='ocrx_word' id='word_1_44' title='bbox 1635 740 1751 789; x_wconf 89' lang='lat' dir='ltr'><strong>eos,</strong></span> <span class='ocrx_word' id='word_1_45' title='bbox 1806 734 2060 793; x_wconf 83' lang='lat' dir='ltr'><strong>tanquam</strong></span> 
     </span>
    </p>
   </div>
   <div class='ocr_carea' id='block_1_9' title="bbox 486 816 2059 889">
    <p class='ocr_par' dir='ltr' id='par_1_9' title="bbox 486 816 2059 889">
     <span class='ocr_line' id='line_1_9' title="bbox 486 816 2059 889; baseline -0.01 -6"><span class='ocrx_word' id='word_1_46' title='bbox 486 842 672 883; x_wconf 81' lang='lat' dir='ltr'><strong>coram</strong></span> <span class='ocrx_word' id='word_1_47' title='bbox 723 825 987 889; x_wconf 84' lang='lat' dir='ltr'><strong>videntes,</strong></span> <span class='ocrx_word' id='word_1_48' title='bbox 1012 836 1075 876; x_wconf 89' lang='lat' dir='ltr'><strong>ea</strong></span> <span class='ocrx_word' id='word_1_49' title='bbox 1137 819 1325 875; x_wconf 90' lang='lat' dir='ltr'><strong>videre</strong></span> <span class='ocrx_word' id='word_1_50' title='bbox 1359 834 1478 889; x_wconf 71' lang='lat' dir='ltr'><strong>quae</strong></span> <span class='ocrx_word' id='word_1_51' title='bbox 1513 833 1620 871; x_wconf 90' lang='lat' dir='ltr'><strong>non</strong></span> <span class='ocrx_word' id='word_1_52' title='bbox 1663 816 2059 878; x_wconf 82' lang='lat' dir='ltr'><strong>intellexerant,</strong></span> 
     </span>
    </p>
   </div>
   <div class='ocr_carea' id='block_1_10' title="bbox 485 907 2061 987">
    <p class='ocr_par' dir='ltr' id='par_1_10' title="bbox 485 907 2061 987">
     <span class='ocr_line' id='line_1_10' title="bbox 485 907 2061 987; baseline -0.01 -14"><span class='ocrx_word' id='word_1_53' title='bbox 485 926 778 987; x_wconf 87' lang='lat' dir='ltr'><strong>antequam</strong></span> <span class='ocrx_word' id='word_1_54' title='bbox 835 916 993 968; x_wconf 89' lang='lat' dir='ltr'><strong>fieret</strong></span> <span class='ocrx_word' id='word_1_55' title='bbox 1021 912 1088 966; x_wconf 89' lang='lat' dir='ltr'><strong>ad</strong></span> <span class='ocrx_word' id='word_1_56' title='bbox 1127 926 1222 966; x_wconf 91' lang='lat' dir='ltr'><strong>eos</strong></span> <span class='ocrx_word' id='word_1_57' title='bbox 1255 924 1438 965; x_wconf 83' lang='lat' dir='ltr'><strong>sermo</strong></span> <span class='ocrx_word' id='word_1_58' title='bbox 1501 909 1650 978; x_wconf 87' lang='lat' dir='ltr'><strong>ipse;</strong></span> <span class='ocrx_word' id='word_1_59' title='bbox 1705 907 1842 974; x_wconf 89' lang='lat' dir='ltr'><strong>apud</strong></span> <span class='ocrx_word' id='word_1_60' title='bbox 1897 907 2061 959; x_wconf 91' lang='lat' dir='ltr'><strong>Deum</strong></span> 
     </span>
    </p>
   </div>
   <div class='ocr_carea' id='block_1_11' title="bbox 485 995 2064 1071">
    <p class='ocr_par' dir='ltr' id='par_1_11' title="bbox 485 995 2064 1071">
     <span class='ocr_line' id='line_1_11' title="bbox 485 995 2064 1071; baseline -0.01 -6"><span class='ocrx_word' id='word_1_61' title='bbox 485 1024 617 1065; x_wconf 90' lang='lat' dir='ltr'><strong>vero</strong></span> <span class='ocrx_word' id='word_1_62' title='bbox 645 1007 812 1062; x_wconf 91' lang='lat' dir='ltr'><strong>Deum</strong></span> <span class='ocrx_word' id='word_1_63' title='bbox 839 1020 981 1069; x_wconf 88' lang='lat' dir='ltr'><strong>esse,</strong></span> <span class='ocrx_word' id='word_1_64' title='bbox 1007 1019 1070 1057; x_wconf 81' lang='lat' dir='ltr'><strong>ex</strong></span> <span class='ocrx_word' id='word_1_65' title='bbox 1102 1018 1166 1057; x_wconf 90' lang='lat' dir='ltr'><strong>eo</strong></span> <span class='ocrx_word' id='word_1_66' title='bbox 1201 1001 1343 1071; x_wconf 81' lang='lat' dir='ltr'><strong>quod</strong></span> <span class='ocrx_word' id='word_1_67' title='bbox 1373 1001 1443 1055; x_wconf 91' lang='lat' dir='ltr'><strong>sit</strong></span> <span class='ocrx_word' id='word_1_68' title='bbox 1481 1000 1621 1068; x_wconf 85' lang='lat' dir='ltr'><strong>apud</strong></span> <span class='ocrx_word' id='word_1_69' title='bbox 1657 998 1851 1067; x_wconf 88' lang='lat' dir='ltr'><strong>ipsum.</strong></span> <span class='ocrx_word' id='word_1_70' title='bbox 1879 995 2064 1066; x_wconf 81' lang='lat' dir='ltr'><strong>Itaque</strong></span> 
     </span>
    </p>
   </div>
   <div class='ocr_carea' id='block_1_12' title="bbox 488 1084 2065 1165">
    <p class='ocr_par' dir='ltr' id='par_1_12' title="bbox 488 1084 2065 1165">
     <span class='ocr_line' id='line_1_12' title="bbox 488 1084 2065 1165; baseline -0.01 -12"><span class='ocrx_word' id='word_1_71' title='bbox 488 1100 722 1155; x_wconf 80' lang='lat' dir='ltr'><strong>fortasse</strong></span> <span class='ocrx_word' id='word_1_72' title='bbox 751 1097 912 1152; x_wconf 85' lang='lat' dir='ltr'><strong>talem</strong></span> <span class='ocrx_word' id='word_1_73' title='bbox 938 1093 1227 1165; x_wconf 86' lang='lat' dir='ltr'><strong>quemdam</strong></span> <span class='ocrx_word' id='word_1_74' title='bbox 1257 1090 1504 1146; x_wconf 84' lang='lat' dir='ltr'><strong>ordinem</strong></span> <span class='ocrx_word' id='word_1_75' title='bbox 1556 1089 1782 1143; x_wconf 88' lang='lat' dir='ltr'><strong>intuitus</strong></span> <span class='ocrx_word' id='word_1_76' title='bbox 1828 1084 2065 1140; x_wconf 82' lang='lat' dir='ltr'><strong>Joannes</strong></span> 
     </span>
    </p>
   </div>
   <div class='ocr_carea' id='block_1_13' title="bbox 488 1180 2058 1256">
    <p class='ocr_par' dir='ltr' id='par_1_13' title="bbox 488 1180 2058 1256">
     <span class='ocr_line' id='line_1_13' title="bbox 488 1180 2058 1256; baseline -0.011 -8"><span class='ocrx_word' id='word_1_77' title='bbox 488 1195 542 1248; x_wconf 93' lang='lat' dir='ltr'><strong>in</strong></span> <span class='ocrx_word' id='word_1_78' title='bbox 573 1206 823 1248; x_wconf 90' lang='lat' dir='ltr'><strong>sermone</strong></span> <span class='ocrx_word' id='word_1_79' title='bbox 871 1205 979 1244; x_wconf 91' lang='lat' dir='ltr'><strong>non</strong></span> <span class='ocrx_word' id='word_1_80' title='bbox 1026 1184 1340 1256; x_wconf 62' lang='lat' dir='ltr'><strong>praeposuit,</strong></span> <span class='ocrx_word' id='word_1_81' title='bbox 1375 1201 1394 1234; x_wconf 82' lang='grc' dir='ltr'><strong>ι</strong></span> <span class='ocrx_word' id='word_1_82' title='bbox 1432 1184 1572 1238; x_wconf 91' lang='lat' dir='ltr'><strong>Deus</strong></span> <span class='ocrx_word' id='word_1_83' title='bbox 1613 1191 1732 1236; x_wconf 85' lang='lat' dir='ltr'><strong>erat</strong></span> <span class='ocrx_word' id='word_1_84' title='bbox 1790 1180 2002 1245; x_wconf 86' lang='lat' dir='ltr'><strong>Sermo,</strong></span> <span class='ocrx_word' id='word_1_85' title='bbox 2038 1198 2058 1230; x_wconf 79' lang='grc' dir='ltr'>ι</span> 
     </span>
    </p>
   </div>
   <div class='ocr_carea' id='block_1_14' title="bbox 490 1270 2066 1347">
    <p class='ocr_par' dir='ltr' id='par_1_14' title="bbox 490 1270 2066 1347">
     <span class='ocr_line' id='line_1_14' title="bbox 490 1270 2066 1347; baseline -0.011 -8"><span class='ocrx_word' id='word_1_86' title='bbox 490 1286 596 1340; x_wconf 90' lang='lat' dir='ltr'><strong>illis</strong></span> <span class='ocrx_word' id='word_1_87' title='bbox 627 1283 828 1347; x_wconf 84' lang='lat' dir='ltr'><strong>verbis,</strong></span> <span class='ocrx_word' id='word_1_88' title='bbox 884 1300 903 1333; x_wconf 80' lang='grc' dir='ltr'><strong>ι</strong></span> <span class='ocrx_word' id='word_1_89' title='bbox 946 1280 1138 1336; x_wconf 87' lang='lat' dir='ltr'><strong>Sermo</strong></span> <span class='ocrx_word' id='word_1_90' title='bbox 1167 1286 1284 1332; x_wconf 89' lang='lat' dir='ltr'><strong>erat</strong></span> <span class='ocrx_word' id='word_1_91' title='bbox 1309 1276 1450 1344; x_wconf 91' lang='lat' dir='ltr'><strong>apud</strong></span> <span class='ocrx_word' id='word_1_92' title='bbox 1488 1275 1682 1334; x_wconf 93' lang='lat' dir='ltr'><strong>Deum,</strong></span> <span class='ocrx_word' id='word_1_93' title='bbox 1716 1292 1734 1325; x_wconf 83' lang='grc' dir='ltr'>ι</span> <span class='ocrx_word' id='word_1_94' title='bbox 1772 1271 1901 1326; x_wconf 89' lang='lat' dir='ltr'><strong>nihil</strong></span> <span class='ocrx_word' id='word_1_95' title='bbox 1932 1270 2066 1323; x_wconf 87' lang='lat' dir='ltr'><strong>alio-</strong></span> 
     </span>
    </p>
   </div>
   <div class='ocr_carea' id='block_1_15' title="bbox 487 1361 2066 1448">
    <p class='ocr_par' dir='ltr' id='par_1_15' title="bbox 487 1361 2066 1448">
     <span class='ocr_line' id='line_1_15' title="bbox 487 1361 2066 1448; baseline -0.01 -17"><span class='ocrx_word' id='word_1_96' title='bbox 487 1379 602 1448; x_wconf 88' lang='lat' dir='ltr'><strong>qui,</strong></span> <span class='ocrx_word' id='word_1_97' title='bbox 635 1376 776 1446; x_wconf 89' lang='lat' dir='ltr'><strong>quod</strong></span> <span class='ocrx_word' id='word_1_98' title='bbox 815 1373 882 1428; x_wconf 88' lang='lat' dir='ltr'><strong>ad</strong></span> <span class='ocrx_word' id='word_1_99' title='bbox 918 1371 1321 1428; x_wconf 86' lang='lat' dir='ltr'><strong>enuntiationes</strong></span> <span class='ocrx_word' id='word_1_100' title='bbox 1380 1365 1595 1428; x_wconf 87' lang='lat' dir='ltr'><strong>attinet,</strong></span> <span class='ocrx_word' id='word_1_101' title='bbox 1637 1361 1890 1418; x_wconf 79' lang='lat' dir='ltr'><strong>obfutura</strong></span> <span class='ocrx_word' id='word_1_102' title='bbox 1924 1361 2066 1416; x_wconf 90' lang='lat' dir='ltr'><strong>serie</strong></span> 
     </span>
    </p>
   </div>
   <div class='ocr_carea' id='block_1_16' title="bbox 489 1455 2066 1537">
    <p class='ocr_par' dir='ltr' id='par_1_16' title="bbox 489 1455 2066 1537">
     <span class='ocr_line' id='line_1_16' title="bbox 489 1455 2066 1537; baseline -0.012 -13"><span class='ocrx_word' id='word_1_103' title='bbox 489 1471 556 1524; x_wconf 88' lang='lat' dir='ltr'><strong>ad</strong></span> <span class='ocrx_word' id='word_1_104' title='bbox 612 1467 1015 1537; x_wconf 86' lang='lat' dir='ltr'><strong>intelligendam</strong></span> <span class='ocrx_word' id='word_1_105' title='bbox 1073 1465 1181 1516; x_wconf 92' lang='lat' dir='ltr'><strong>vim</strong></span> <span class='ocrx_word' id='word_1_106' title='bbox 1237 1475 1482 1515; x_wconf 88' lang='lat' dir='ltr'><strong>seorsum</strong></span> <span class='ocrx_word' id='word_1_107' title='bbox 1549 1455 1914 1523; x_wconf 91' lang='lat' dir='ltr'><strong>cujuscunque</strong></span> <span class='ocrx_word' id='word_1_108' title='bbox 1945 1467 2066 1520; x_wconf 90' lang='lat' dir='ltr'><strong>pro-</strong></span> 
     </span>
    </p>
   </div>
   <div class='ocr_carea' id='block_1_17' title="bbox 487 1541 2067 1621">
    <p class='ocr_par' dir='ltr' id='par_1_17' title="bbox 487 1541 2067 1621">
     <span class='ocr_line' id='line_1_17' title="bbox 487 1541 2067 1621; baseline -0.013 -4"><span class='ocrx_word' id='word_1_109' title='bbox 487 1561 723 1616; x_wconf 82' lang='lat' dir='ltr'><strong>nuntiati</strong></span> <span class='ocrx_word' id='word_1_110' title='bbox 760 1576 774 1612; x_wconf 90' lang='lat'><strong>:</strong></span> <span class='ocrx_word' id='word_1_111' title='bbox 832 1572 996 1611; x_wconf 93' lang='lat' dir='ltr'><strong>unum</strong></span> <span class='ocrx_word' id='word_1_112' title='bbox 1050 1568 1289 1620; x_wconf 86' lang='lat' dir='ltr'><strong>namque</strong></span> <span class='ocrx_word' id='word_1_113' title='bbox 1337 1549 1752 1621; x_wconf 90' lang='lat' dir='ltr'><strong>pronuntiatum</strong></span> <span class='ocrx_word' id='word_1_114' title='bbox 1783 1554 1862 1598; x_wconf 89' lang='lat' dir='ltr'><strong>est</strong></span> <span class='ocrx_word' id='word_1_115' title='bbox 1900 1560 1915 1597; x_wconf 91' lang='lat'><strong>:</strong></span> <span class='ocrx_word' id='word_1_116' title='bbox 1955 1560 1973 1594; x_wconf 82' lang='grc' dir='ltr'><strong>ι</strong></span> <span class='ocrx_word' id='word_1_117' title='bbox 2009 1541 2067 1596; x_wconf 90' lang='lat' dir='ltr'><strong>ln</strong></span> 
     </span>
    </p>
   </div>
   <div class='ocr_carea' id='block_1_18' title="bbox 484 1636 2068 1724">
    <p class='ocr_par' dir='ltr' id='par_1_18' title="bbox 484 1636 2068 1724">
     <span class='ocr_line' id='line_1_18' title="bbox 484 1636 2068 1724; baseline -0.013 -14"><span class='ocrx_word' id='word_1_118' title='bbox 484 1653 752 1724; x_wconf 89' lang='lat' dir='ltr'><strong>principio</strong></span> <span class='ocrx_word' id='word_1_119' title='bbox 781 1660 902 1706; x_wconf 91' lang='lat' dir='ltr'><strong>erat</strong></span> <span class='ocrx_word' id='word_1_120' title='bbox 936 1649 1026 1703; x_wconf 89' lang='lat' dir='ltr'><strong>ille</strong></span> <span class='ocrx_word' id='word_1_121' title='bbox 1054 1646 1286 1706; x_wconf 86' lang='lat' dir='ltr'><strong>Sermo;</strong></span> <span class='ocrx_word' id='word_1_122' title='bbox 1323 1662 1342 1695; x_wconf 77' lang='grc' dir='ltr'>ι</span> <span class='ocrx_word' id='word_1_123' title='bbox 1375 1644 1604 1698; x_wconf 86' lang='lat' dir='ltr'><strong>alterum</strong></span> <span class='ocrx_word' id='word_1_124' title='bbox 1645 1655 1658 1692; x_wconf 92' lang='lat'>:</span> <span class='ocrx_word' id='word_1_125' title='bbox 1692 1658 1710 1690; x_wconf 80' lang='grc' dir='ltr'>ι</span> <span class='ocrx_word' id='word_1_126' title='bbox 1744 1638 1835 1693; x_wconf 93' lang='lat' dir='ltr'><strong>llle</strong></span> <span class='ocrx_word' id='word_1_127' title='bbox 1875 1636 2068 1692; x_wconf 90' lang='lat' dir='ltr'><strong>Sermo</strong></span> 
     </span>
    </p>
   </div>
   <div class='ocr_carea' id='block_1_19' title="bbox 485 1727 2066 1817">
    <p class='ocr_par' dir='ltr' id='par_1_19' title="bbox 485 1727 2066 1817">
     <span class='ocr_line' id='line_1_19' title="bbox 485 1727 2066 1817; baseline -0.013 -15"><span class='ocrx_word' id='word_1_128' title='bbox 485 1757 602 1804; x_wconf 87' lang='lat' dir='ltr'><strong>erat</strong></span> <span class='ocrx_word' id='word_1_129' title='bbox 631 1746 770 1817; x_wconf 89' lang='lat' dir='ltr'><strong>apud</strong></span> <span class='ocrx_word' id='word_1_130' title='bbox 803 1745 994 1806; x_wconf 91' lang='lat' dir='ltr'><strong>Deum,</strong></span> <span class='ocrx_word' id='word_1_131' title='bbox 1023 1761 1041 1795; x_wconf 82' lang='grc' dir='ltr'>ι</span> <span class='ocrx_word' id='word_1_132' title='bbox 1073 1753 1127 1796; x_wconf 89' lang='lat' dir='ltr'><strong>et</strong></span> <span class='ocrx_word' id='word_1_133' title='bbox 1156 1741 1408 1807; x_wconf 86' lang='lat' dir='ltr'><strong>deinceps</strong></span> <span class='ocrx_word' id='word_1_134' title='bbox 1439 1755 1453 1791; x_wconf 91' lang='lat'><strong>:</strong></span> <span class='ocrx_word' id='word_1_135' title='bbox 1489 1755 1508 1787; x_wconf 79' lang='grc' dir='ltr'><strong>ι</strong></span> <span class='ocrx_word' id='word_1_136' title='bbox 1544 1735 1607 1789; x_wconf 85' lang='lat' dir='ltr'><strong>Et</strong></span> <span class='ocrx_word' id='word_1_137' title='bbox 1645 1733 1785 1788; x_wconf 87' lang='lat' dir='ltr'><strong>Deus</strong></span> <span class='ocrx_word' id='word_1_138' title='bbox 1823 1739 1942 1786; x_wconf 89' lang='lat' dir='ltr'><strong>erat</strong></span> <span class='ocrx_word' id='word_1_139' title='bbox 1975 1727 2066 1783; x_wconf 90' lang='lat' dir='ltr'><strong>ille</strong></span> 
     </span>
    </p>
   </div>
   <div class='ocr_carea' id='block_1_20' title="bbox 2162 531 3754 606">
    <p class='ocr_par' dir='ltr' id='par_1_20' title="bbox 2162 531 3754 606">
     <span class='ocr_line' id='line_1_20' title="bbox 2162 531 3754 606; baseline -0.003 -18"><span class='ocrx_word' id='word_1_140' title='bbox 2162 537 2288 600; x_wconf 82' lang='grc' dir='ltr'>τοὺς</span> <span class='ocrx_word' id='word_1_141' title='bbox 2315 536 2597 606; x_wconf 77' lang='grc' dir='ltr'><strong>προφήτας</strong></span> <span class='ocrx_word' id='word_1_142' title='bbox 2623 534 2700 605; x_wconf 79' lang='grc' dir='ltr'><strong>τῷ</strong></span> <span class='ocrx_word' id='word_1_143' title='bbox 2727 534 2865 604; x_wconf 78' lang='grc' dir='ltr'><strong>φωτὶ</strong></span> <span class='ocrx_word' id='word_1_144' title='bbox 2894 534 2991 604; x_wconf 83' lang='grc' dir='ltr'>τῆς</span> <span class='ocrx_word' id='word_1_145' title='bbox 3025 532 3299 601; x_wconf 78' lang='grc' dir='ltr'>γνώσεως,</span> <span class='ocrx_word' id='word_1_146' title='bbox 3335 533 3503 586; x_wconf 83' lang='grc' dir='ltr'>ποιῶν</span> <span class='ocrx_word' id='word_1_147' title='bbox 3556 531 3754 594; x_wconf 77' lang='grc' dir='ltr'>αὐτοὺς</span> 
     </span>
    </p>
   </div>
   <div class='ocr_carea' id='block_1_21' title="bbox 2165 622 3751 698">
    <p class='ocr_par' dir='ltr' id='par_1_21' title="bbox 2165 622 3751 698">
     <span class='ocr_line' id='line_1_21' title="bbox 2165 622 3751 698; baseline -0.003 -18"><span class='ocrx_word' id='word_1_148' title='bbox 2165 627 2260 680; x_wconf 58' lang='lat' dir='ltr'><strong>ac:</strong></span> <span class='ocrx_word' id='word_1_149' title='bbox 2294 627 2598 698; x_wconf 74' lang='grc' dir='ltr'>ἔμπροσθεν</span> <span class='ocrx_word' id='word_1_150' title='bbox 2632 625 2928 696; x_wconf 76' lang='grc' dir='ltr'><strong>βλέποντας</strong></span> <span class='ocrx_word' id='word_1_151' title='bbox 2953 626 3083 695; x_wconf 76' lang='grc' dir='ltr'><strong>όρᾷν</strong></span> <span class='ocrx_word' id='word_1_152' title='bbox 3110 625 3145 678; x_wconf 79' lang='grc' dir='ltr'>ἃ</span> <span class='ocrx_word' id='word_1_153' title='bbox 3179 625 3285 696; x_wconf 87' lang='grc' dir='ltr'><strong>πρὸ</strong></span> <span class='ocrx_word' id='word_1_154' title='bbox 3310 622 3474 678; x_wconf 78' lang='grc' dir='ltr'>αὑτοῦ</span> <span class='ocrx_word' id='word_1_155' title='bbox 3517 623 3580 676; x_wconf 86' lang='grc' dir='ltr'><strong>οὑ</strong></span> <span class='ocrx_word' id='word_1_156' title='bbox 3615 639 3751 676; x_wconf 86' lang='grc' dir='ltr'>κατ-</span> 
     </span>
    </p>
   </div>
   <div class='ocr_carea' id='block_1_22' title="bbox 2165 714 3756 790">
    <p class='ocr_par' dir='ltr' id='par_1_22' title="bbox 2165 714 3756 790">
     <span class='ocr_line' id='line_1_22' title="bbox 2165 714 3756 790; baseline -0.003 -17"><span class='ocrx_word' id='word_1_157' title='bbox 2165 720 2384 773; x_wconf 60' lang='grc' dir='ltr'>ενόουν</span> <span class='ocrx_word' id='word_1_158' title='bbox 2448 718 2586 790; x_wconf 89' lang='grc' dir='ltr'>πρὸς</span> <span class='ocrx_word' id='word_1_159' title='bbox 2635 718 2692 771; x_wconf 87' lang='grc' dir='ltr'>δὲ</span> <span class='ocrx_word' id='word_1_160' title='bbox 2743 717 2834 771; x_wconf 88' lang='grc' dir='ltr'>τὸν</span> <span class='ocrx_word' id='word_1_161' title='bbox 2882 717 3014 770; x_wconf 89' lang='grc' dir='ltr'>Θεὸν</span> <span class='ocrx_word' id='word_1_162' title='bbox 3037 717 3098 770; x_wconf 87' lang='grc' dir='ltr'>τὸ</span> <span class='ocrx_word' id='word_1_163' title='bbox 3127 717 3258 780; x_wconf 88' lang='grc' dir='ltr'>Θεός</span> <span class='ocrx_word' id='word_1_164' title='bbox 3319 719 3436 769; x_wconf 88' lang='grc' dir='ltr'>ἑστι</span> <span class='ocrx_word' id='word_1_165' title='bbox 3470 714 3756 785; x_wconf 80' lang='grc' dir='ltr'><strong>τυγχάνων</strong></span> 
     </span>
    </p>
   </div>
   <div class='ocr_carea' id='block_1_23' title="bbox 2164 805 3757 882">
    <p class='ocr_par' dir='ltr' id='par_1_23' title="bbox 2164 805 3757 882">
     <span class='ocr_line' id='line_1_23' title="bbox 2164 805 3757 882; baseline -0.004 -18"><span class='ocrx_word' id='word_1_166' title='bbox 2164 811 2273 864; x_wconf 87' lang='grc' dir='ltr'><strong>ἀπὸ</strong></span> <span class='ocrx_word' id='word_1_167' title='bbox 2295 810 2390 864; x_wconf 83' lang='grc' dir='ltr'><strong>τοῦ</strong></span> <span class='ocrx_word' id='word_1_168' title='bbox 2437 805 2576 864; x_wconf 76' lang='grc' dir='ltr'><strong>εἶναι</strong></span> <span class='ocrx_word' id='word_1_169' title='bbox 2613 809 2750 882; x_wconf 88' lang='grc' dir='ltr'>πρὸς</span> <span class='ocrx_word' id='word_1_170' title='bbox 2792 809 2971 862; x_wconf 79' lang='grc' dir='ltr'>αὐτόν.</span> <span class='ocrx_word' id='word_1_171' title='bbox 3006 808 3116 862; x_wconf 74' lang='grc' dir='ltr'><strong>Καὶ</strong></span> <span class='ocrx_word' id='word_1_172' title='bbox 3156 809 3297 878; x_wconf 98' lang='grc' dir='ltr'><strong>τάχα</strong></span> <span class='ocrx_word' id='word_1_173' title='bbox 3336 806 3592 878; x_wconf 80' lang='grc' dir='ltr'><strong>τοιαύτην</strong></span> <span class='ocrx_word' id='word_1_174' title='bbox 3631 806 3757 859; x_wconf 77' lang='grc' dir='ltr'>τινὰ</span> 
     </span>
    </p>
   </div>
   <div class='ocr_carea' id='block_1_24' title="bbox 2163 896 3754 972">
    <p class='ocr_par' dir='ltr' id='par_1_24' title="bbox 2163 896 3754 972">
     <span class='ocr_line' id='line_1_24' title="bbox 2163 896 3754 972; baseline -0.004 -15"><span class='ocrx_word' id='word_1_175' title='bbox 2163 901 2316 968; x_wconf 79' lang='grc' dir='ltr'><strong>τάξιν</strong></span> <span class='ocrx_word' id='word_1_176' title='bbox 2349 906 2378 956; x_wconf 97' lang='lat'><strong>6</strong></span> <span class='ocrx_word' id='word_1_177' title='bbox 2415 902 2667 972; x_wconf 85' lang='grc' dir='ltr'><strong>Ἰωάννης</strong></span> <span class='ocrx_word' id='word_1_178' title='bbox 2719 902 2777 954; x_wconf 89' lang='grc' dir='ltr'>ἑν</span> <span class='ocrx_word' id='word_1_179' title='bbox 2813 900 2892 972; x_wconf 82' lang='grc' dir='ltr'><strong>τῷ</strong></span> <span class='ocrx_word' id='word_1_180' title='bbox 2931 900 3075 970; x_wconf 79' lang='grc' dir='ltr'>λόγῳ</span> <span class='ocrx_word' id='word_1_181' title='bbox 3121 899 3242 953; x_wconf 76' lang='grc' dir='ltr'>ἰδὼν</span> <span class='ocrx_word' id='word_1_182' title='bbox 3270 900 3331 953; x_wconf 83' lang='grc' dir='ltr'><strong>οὑ</strong></span> <span class='ocrx_word' id='word_1_183' title='bbox 3364 897 3627 970; x_wconf 79' lang='grc' dir='ltr'><strong>προέταξε</strong></span> <span class='ocrx_word' id='word_1_184' title='bbox 3654 896 3754 956; x_wconf 89' lang='grc' dir='ltr'><strong>τὸ.</strong></span> 
     </span>
    </p>
   </div>
   <div class='ocr_carea' id='block_1_25' title="bbox 2171 987 3748 1066">
    <p class='ocr_par' dir='ltr' id='par_1_25' title="bbox 2171 987 3748 1066">
     <span class='ocr_line' id='line_1_25' title="bbox 2171 987 3748 1066; baseline -0.004 -20"><span class='ocrx_word' id='word_1_185' title='bbox 2171 1014 2190 1046; x_wconf 78' lang='grc' dir='ltr'><strong>ι</strong></span> <span class='ocrx_word' id='word_1_186' title='bbox 2215 995 2347 1059; x_wconf 84' lang='grc' dir='ltr'><strong>Θεὸς</strong></span> <span class='ocrx_word' id='word_1_187' title='bbox 2365 990 2433 1066; x_wconf 83' lang='grc' dir='ltr'><strong>ἦν</strong></span> <span class='ocrx_word' id='word_1_188' title='bbox 2450 995 2478 1047; x_wconf 89' lang='lat'><strong>6</strong></span> <span class='ocrx_word' id='word_1_189' title='bbox 2496 994 2685 1062; x_wconf 84' lang='grc' dir='ltr'><strong>Λόγος,</strong></span> <span class='ocrx_word' id='word_1_190' title='bbox 2709 1011 2728 1044; x_wconf 73' lang='grc' dir='ltr'><strong>ι</strong></span> <span class='ocrx_word' id='word_1_191' title='bbox 2748 993 2863 1055; x_wconf 83' lang='grc' dir='ltr'>τοῦ,</span> <span class='ocrx_word' id='word_1_192' title='bbox 2884 1011 2906 1043; x_wconf 82' lang='grc'><strong>›</strong></span> <span class='ocrx_word' id='word_1_193' title='bbox 2924 992 2982 1043; x_wconf 85' lang='grc'><strong>’0</strong></span> <span class='ocrx_word' id='word_1_194' title='bbox 3002 992 3171 1060; x_wconf 84' lang='grc' dir='ltr'>Λόγος</span> <span class='ocrx_word' id='word_1_195' title='bbox 3191 987 3259 1063; x_wconf 78' lang='grc' dir='ltr'><strong>ἦν</strong></span> <span class='ocrx_word' id='word_1_196' title='bbox 3281 991 3416 1062; x_wconf 90' lang='grc' dir='ltr'>πρὸς</span> <span class='ocrx_word' id='word_1_197' title='bbox 3439 991 3532 1043; x_wconf 88' lang='grc' dir='ltr'><strong>τὸν</strong></span> <span class='ocrx_word' id='word_1_198' title='bbox 3556 989 3708 1055; x_wconf 87' lang='grc' dir='ltr'>Θεὸν,</span> <span class='ocrx_word' id='word_1_199' title='bbox 3728 1003 3748 1039; x_wconf 71' lang='grc' dir='ltr'>ι</span> 
     </span>
    </p>
   </div>
   <div class='ocr_carea' id='block_1_26' title="bbox 2166 1083 3756 1154">
    <p class='ocr_par' dir='ltr' id='par_1_26' title="bbox 2166 1083 3756 1154">
     <span class='ocr_line' id='line_1_26' title="bbox 2166 1083 3756 1154; baseline -0.004 -11"><span class='ocrx_word' id='word_1_200' title='bbox 2166 1091 2289 1143; x_wconf 83' lang='grc' dir='ltr'>ὅσον</span> <span class='ocrx_word' id='word_1_201' title='bbox 2336 1087 2429 1141; x_wconf 73' lang='grc' dir='ltr'>ἐπὶ</span> <span class='ocrx_word' id='word_1_202' title='bbox 2466 1089 2585 1151; x_wconf 87' lang='grc' dir='ltr'>ταῖς</span> <span class='ocrx_word' id='word_1_203' title='bbox 2628 1085 2967 1154; x_wconf 75' lang='grc' dir='ltr'><strong>ἀποφάσεσιν</strong></span> <span class='ocrx_word' id='word_1_204' title='bbox 3008 1085 3163 1138; x_wconf 78' lang='grc' dir='ltr'>οὐδὲν</span> <span class='ocrx_word' id='word_1_205' title='bbox 3199 1084 3266 1138; x_wconf 86' lang='grc' dir='ltr'>ἂν</span> <span class='ocrx_word' id='word_1_206' title='bbox 3294 1083 3626 1149; x_wconf 83' lang='grc' dir='ltr'>κωλυθέντος</span> <span class='ocrx_word' id='word_1_207' title='bbox 3656 1084 3756 1138; x_wconf 77' lang='grc' dir='ltr'>τοῦ</span> 
     </span>
    </p>
   </div>
   <div class='ocr_carea' id='block_1_27' title="bbox 2167 1175 3750 1252">
    <p class='ocr_par' dir='ltr' id='par_1_27' title="bbox 2167 1175 3750 1252">
     <span class='ocr_line' id='line_1_27' title="bbox 2167 1175 3750 1252; baseline -0.004 -18"><span class='ocrx_word' id='word_1_208' title='bbox 2167 1179 2360 1252; x_wconf 80' lang='grc' dir='ltr'>είρμοῦ</span> <span class='ocrx_word' id='word_1_209' title='bbox 2390 1179 2526 1251; x_wconf 89' lang='grc' dir='ltr'>πρὸς</span> <span class='ocrx_word' id='word_1_210' title='bbox 2557 1179 2619 1232; x_wconf 91' lang='grc' dir='ltr'>τὸ</span> <span class='ocrx_word' id='word_1_211' title='bbox 2645 1177 2766 1231; x_wconf 83' lang='grc' dir='ltr'>καθ’</span> <span class='ocrx_word' id='word_1_212' title='bbox 2792 1178 2923 1231; x_wconf 82' lang='grc' dir='ltr'>αὑτὸ</span> <span class='ocrx_word' id='word_1_213' title='bbox 2958 1177 3084 1230; x_wconf 81' lang='grc' dir='ltr'><strong>ίδεῖν</strong></span> <span class='ocrx_word' id='word_1_214' title='bbox 3107 1176 3338 1230; x_wconf 78' lang='grc' dir='ltr'>ἑκάστου</span> <span class='ocrx_word' id='word_1_215' title='bbox 3363 1176 3474 1231; x_wconf 86' lang='grc' dir='ltr'>τῶν</span> <span class='ocrx_word' id='word_1_216' title='bbox 3503 1175 3750 1246; x_wconf 82' lang='grc' dir='ltr'>ἀξιωμά-</span> 
     </span>
    </p>
   </div>
   <div class='ocr_carea' id='block_1_28' title="bbox 2164 1263 3757 1342">
    <p class='ocr_par' dir='ltr' id='par_1_28' title="bbox 2164 1263 3757 1342">
     <span class='ocr_line' id='line_1_28' title="bbox 2164 1263 3757 1342; baseline -0.004 -16"><span class='ocrx_word' id='word_1_217' title='bbox 2164 1290 2275 1326; x_wconf 88' lang='grc' dir='ltr'><strong>των</strong></span> <span class='ocrx_word' id='word_1_218' title='bbox 2302 1271 2399 1342; x_wconf 82' lang='grc' dir='ltr'>τὴν</span> <span class='ocrx_word' id='word_1_219' title='bbox 2441 1271 2668 1341; x_wconf 83' lang='grc' dir='ltr'>δύναμιν</span> <span class='ocrx_word' id='word_1_220' title='bbox 2691 1285 2708 1300; x_wconf 85' lang='grc'>⁶</span> <span class='ocrx_word' id='word_1_221' title='bbox 2736 1269 2795 1322; x_wconf 85' lang='grc' dir='ltr'>ἒν</span> <span class='ocrx_word' id='word_1_222' title='bbox 2829 1269 2940 1340; x_wconf 78' lang='grc' dir='ltr'>γὰρ</span> <span class='ocrx_word' id='word_1_223' title='bbox 2979 1269 3196 1340; x_wconf 79' lang='grc' dir='ltr'>ἀξίωμα</span> <span class='ocrx_word' id='word_1_224' title='bbox 3223 1269 3305 1334; x_wconf 90' lang='grc' dir='ltr'><strong>τὸ,</strong></span> <span class='ocrx_word' id='word_1_225' title='bbox 3329 1287 3346 1320; x_wconf 85' lang='grc' dir='ltr'><strong>ι</strong></span> <span class='ocrx_word' id='word_1_226' title='bbox 3371 1269 3456 1322; x_wconf 88' lang='grc' dir='ltr'>Ἐν</span> <span class='ocrx_word' id='word_1_227' title='bbox 3496 1269 3638 1338; x_wconf 82' lang='grc' dir='ltr'>ἀρχῇ</span> <span class='ocrx_word' id='word_1_228' title='bbox 3683 1263 3757 1338; x_wconf 72' lang='grc' dir='ltr'>ἦν</span> 
     </span>
    </p>
   </div>
   <div class='ocr_carea' id='block_1_29' title="bbox 2167 1355 3755 1436">
    <p class='ocr_par' dir='ltr' id='par_1_29' title="bbox 2167 1355 3755 1436">
     <span class='ocr_line' id='line_1_29' title="bbox 2167 1355 3755 1436; baseline -0.003 -19"><span class='ocrx_word' id='word_1_229' title='bbox 2167 1366 2196 1417; x_wconf 90' lang='grc' dir='ltr'><strong>ό</strong></span> <span class='ocrx_word' id='word_1_230' title='bbox 2226 1365 2416 1433; x_wconf 86' lang='grc' dir='ltr'>Λόγος,</span> <span class='ocrx_word' id='word_1_231' title='bbox 2455 1383 2474 1417; x_wconf 72' lang='grc' dir='ltr'>ι</span> <span class='ocrx_word' id='word_1_232' title='bbox 2504 1364 2598 1417; x_wconf 70' lang='grc' dir='ltr'><strong>καὶ</strong></span> <span class='ocrx_word' id='word_1_233' title='bbox 2619 1363 2868 1436; x_wconf 84' lang='grc' dir='ltr'>δεύτερον</span> <span class='ocrx_word' id='word_1_234' title='bbox 2911 1367 2996 1425; x_wconf 86' lang='grc' dir='ltr'><strong>τὸ,</strong></span> <span class='ocrx_word' id='word_1_235' title='bbox 3031 1379 3050 1413; x_wconf 81' lang='grc' dir='ltr'><strong>ι</strong></span> <span class='ocrx_word' id='word_1_236' title='bbox 3089 1361 3147 1414; x_wconf 86' lang='lat'><strong>&#39;0</strong></span> <span class='ocrx_word' id='word_1_237' title='bbox 3177 1361 3348 1430; x_wconf 87' lang='grc' dir='ltr'>Λόγος</span> <span class='ocrx_word' id='word_1_238' title='bbox 3385 1355 3453 1431; x_wconf 79' lang='grc' dir='ltr'>ἧν</span> <span class='ocrx_word' id='word_1_239' title='bbox 3496 1360 3630 1430; x_wconf 84' lang='grc' dir='ltr'>πρὸς</span> <span class='ocrx_word' id='word_1_240' title='bbox 3664 1363 3755 1412; x_wconf 83' lang='grc' dir='ltr'>τὸν</span> 
     </span>
    </p>
   </div>
   <div class='ocr_carea' id='block_1_30' title="bbox 2168 1447 3756 1526">
    <p class='ocr_par' dir='ltr' id='par_1_30' title="bbox 2168 1447 3756 1526">
     <span class='ocr_line' id='line_1_30' title="bbox 2168 1447 3756 1526; baseline -0.004 -17"><span class='ocrx_word' id='word_1_241' title='bbox 2168 1456 2320 1520; x_wconf 83' lang='grc' dir='ltr'>Θεὸν,</span> <span class='ocrx_word' id='word_1_242' title='bbox 2353 1475 2372 1508; x_wconf 72' lang='grc' dir='ltr'>ι</span> <span class='ocrx_word' id='word_1_243' title='bbox 2403 1455 2497 1509; x_wconf 81' lang='grc' dir='ltr'><strong>καὶ</strong></span> <span class='ocrx_word' id='word_1_244' title='bbox 2523 1455 2679 1526; x_wconf 76' lang='grc' dir='ltr'><strong>ἑξῆς⁹</strong></span> <span class='ocrx_word' id='word_1_245' title='bbox 2713 1474 2733 1506; x_wconf 75' lang='grc' dir='ltr'><strong>ι</strong></span> <span class='ocrx_word' id='word_1_246' title='bbox 2754 1455 2861 1510; x_wconf 76' lang='grc' dir='ltr'><strong>Καὶ</strong></span> <span class='ocrx_word' id='word_1_247' title='bbox 2883 1453 3013 1517; x_wconf 88' lang='grc' dir='ltr'>Θεὸς</span> <span class='ocrx_word' id='word_1_248' title='bbox 3045 1447 3112 1523; x_wconf 82' lang='grc' dir='ltr'>ἦν</span> <span class='ocrx_word' id='word_1_249' title='bbox 3136 1453 3164 1504; x_wconf 90' lang='grc' dir='ltr'><strong>ό</strong></span> <span class='ocrx_word' id='word_1_250' title='bbox 3187 1453 3380 1520; x_wconf 89' lang='grc' dir='ltr'>Λόγος.</span> <span class='ocrx_word' id='word_1_251' title='bbox 3426 1471 3444 1502; x_wconf 74' lang='grc' dir='ltr'><strong>ι</strong></span> <span class='ocrx_word' id='word_1_252' title='bbox 3465 1451 3605 1504; x_wconf 85' lang='grc' dir='ltr'>’Λλλ’</span> <span class='ocrx_word' id='word_1_253' title='bbox 3633 1451 3756 1505; x_wconf 78' lang='grc' dir='ltr'>ἐπεὶ</span> 
     </span>
    </p>
   </div>
   <div class='ocr_carea' id='block_1_31' title="bbox 2168 1543 3758 1620">
    <p class='ocr_par' dir='ltr' id='par_1_31' title="bbox 2168 1543 3758 1620">
     <span class='ocr_line' id='line_1_31' title="bbox 2168 1543 3758 1620; baseline -0.005 -18"><span class='ocrx_word' id='word_1_254' title='bbox 2168 1549 2308 1620; x_wconf 83' lang='grc' dir='ltr'><strong>τάχα</strong></span> <span class='ocrx_word' id='word_1_255' title='bbox 2340 1547 2494 1613; x_wconf 80' lang='grc' dir='ltr'><strong>τάξιν</strong></span> <span class='ocrx_word' id='word_1_256' title='bbox 2520 1547 2644 1600; x_wconf 85' lang='grc' dir='ltr'><strong>τινὰ</strong></span> <span class='ocrx_word' id='word_1_257' title='bbox 2671 1547 2822 1618; x_wconf 80' lang='grc' dir='ltr'>δηλοῖ</span> <span class='ocrx_word' id='word_1_258' title='bbox 2850 1546 2912 1599; x_wconf 91' lang='grc' dir='ltr'><strong>τὸ</strong></span> <span class='ocrx_word' id='word_1_259' title='bbox 2947 1545 3164 1616; x_wconf 84' lang='grc' dir='ltr'>πρῶτον</span> <span class='ocrx_word' id='word_1_260' title='bbox 3191 1543 3449 1614; x_wconf 84' lang='grc' dir='ltr'><strong>τετάχθαι</strong></span> <span class='ocrx_word' id='word_1_261' title='bbox 3483 1543 3544 1595; x_wconf 92' lang='grc' dir='ltr'>τό</span> <span class='ocrx_word' id='word_1_262' title='bbox 3568 1560 3581 1572; x_wconf 90' lang='grc'><strong>·</strong></span> <span class='ocrx_word' id='word_1_263' title='bbox 3624 1561 3642 1594; x_wconf 82' lang='grc' dir='ltr'>ι</span> <span class='ocrx_word' id='word_1_264' title='bbox 3666 1543 3758 1595; x_wconf 83' lang='grc' dir='ltr'><strong>Ἐν</strong></span> 
     </span>
    </p>
   </div>
   <div class='ocr_carea' id='block_1_32' title="bbox 2169 1633 3757 1710">
    <p class='ocr_par' dir='ltr' id='par_1_32' title="bbox 2169 1633 3757 1710">
     <span class='ocr_line' id='line_1_32' title="bbox 2169 1633 3757 1710; baseline -0.003 -19"><span class='ocrx_word' id='word_1_265' title='bbox 2169 1639 2311 1710; x_wconf 78' lang='grc' dir='ltr'>ἀρχῇ</span> <span class='ocrx_word' id='word_1_266' title='bbox 2339 1633 2408 1708; x_wconf 82' lang='grc' dir='ltr'><strong>ἦν</strong></span> <span class='ocrx_word' id='word_1_267' title='bbox 2452 1638 2480 1690; x_wconf 93' lang='lat'><strong>6</strong></span> <span class='ocrx_word' id='word_1_268' title='bbox 2519 1637 2726 1704; x_wconf 88' lang='grc' dir='ltr'>Λόγος,</span> <span class='ocrx_word' id='word_1_269' title='bbox 2763 1656 2782 1689; x_wconf 78' lang='grc' dir='ltr'>ι</span> <span class='ocrx_word' id='word_1_270' title='bbox 2818 1635 2962 1690; x_wconf 83' lang='grc' dir='ltr'><strong>κατά</strong></span> <span class='ocrx_word' id='word_1_271' title='bbox 3000 1635 3063 1688; x_wconf 84' lang='grc' dir='ltr'>τὸ</span> <span class='ocrx_word' id='word_1_272' title='bbox 3093 1633 3264 1698; x_wconf 80' lang='grc' dir='ltr'>οὕτως</span> <span class='ocrx_word' id='word_1_273' title='bbox 3297 1633 3427 1703; x_wconf 77' lang='grc' dir='ltr'>ἑξῆς</span> <span class='ocrx_word' id='word_1_274' title='bbox 3469 1633 3558 1686; x_wconf 91' lang='grc' dir='ltr'><strong>τό·</strong></span> <span class='ocrx_word' id='word_1_275' title='bbox 3596 1651 3614 1684; x_wconf 78' lang='grc' dir='ltr'><strong>ι</strong></span> <span class='ocrx_word' id='word_1_276' title='bbox 3645 1633 3757 1686; x_wconf 76' lang='grc' dir='ltr'><strong>Καὶ</strong></span> 
     </span>
    </p>
   </div>
   <div class='ocr_carea' id='block_1_33' title="bbox 2171 1722 3758 1801">
    <p class='ocr_par' dir='ltr' id='par_1_33' title="bbox 2171 1722 3758 1801">
     <span class='ocr_line' id='line_1_33' title="bbox 2171 1722 3758 1801; baseline -0.004 -19"><span class='ocrx_word' id='word_1_277' title='bbox 2171 1732 2199 1782; x_wconf 91' lang='lat'><strong>6</strong></span> <span class='ocrx_word' id='word_1_278' title='bbox 2229 1730 2400 1798; x_wconf 88' lang='grc' dir='ltr'>Λόγος</span> <span class='ocrx_word' id='word_1_279' title='bbox 2434 1725 2501 1800; x_wconf 74' lang='grc' dir='ltr'>ἦν</span> <span class='ocrx_word' id='word_1_280' title='bbox 2526 1728 2664 1801; x_wconf 86' lang='grc' dir='ltr'>πρὸς</span> <span class='ocrx_word' id='word_1_281' title='bbox 2708 1728 2802 1781; x_wconf 93' lang='grc' dir='ltr'>τὸν</span> <span class='ocrx_word' id='word_1_282' title='bbox 2849 1722 3016 1781; x_wconf 79' lang='grc' dir='ltr'>Θεόνο</span> <span class='ocrx_word' id='word_1_283' title='bbox 3052 1746 3070 1779; x_wconf 80' lang='grc' dir='ltr'>ι</span> <span class='ocrx_word' id='word_1_284' title='bbox 3105 1727 3199 1781; x_wconf 77' lang='grc' dir='ltr'>καὶ</span> <span class='ocrx_word' id='word_1_285' title='bbox 3243 1725 3422 1797; x_wconf 91' lang='grc' dir='ltr'>τρίτον</span> <span class='ocrx_word' id='word_1_286' title='bbox 3455 1723 3517 1777; x_wconf 84' lang='grc' dir='ltr'>τό</span> <span class='ocrx_word' id='word_1_287' title='bbox 3541 1741 3553 1753; x_wconf 93' lang='grc'><strong>·</strong></span> <span class='ocrx_word' id='word_1_288' title='bbox 3596 1743 3614 1775; x_wconf 79' lang='grc' dir='ltr'>ι</span> <span class='ocrx_word' id='word_1_289' title='bbox 3649 1723 3758 1776; x_wconf 71' lang='grc' dir='ltr'><strong>Καὶ</strong></span> 
     </span>
    </p>
   </div>
   <div class='ocr_carea' id='block_1_34' title="bbox 487 1811 2075 1905">
    <p class='ocr_par' dir='ltr' id='par_1_34' title="bbox 487 1811 2062 1905">
     <span class='ocr_line' id='line_1_34' title="bbox 487 1811 2062 1905; baseline -0.015 -8"><span class='ocrx_word' id='word_1_290' title='bbox 487 1811 702 1896; x_wconf 82' lang='lat' dir='ltr'><strong>Sermo.</strong></span> <span class='ocrx_word' id='word_1_291' title='bbox 740 1857 760 1890; x_wconf 77' lang='grc' dir='ltr'>ι</span> <span class='ocrx_word' id='word_1_292' title='bbox 794 1836 900 1892; x_wconf 87' lang='lat' dir='ltr'><strong>Sed</strong></span> <span class='ocrx_word' id='word_1_293' title='bbox 936 1835 1194 1905; x_wconf 88' lang='lat' dir='ltr'><strong>quoniam</strong></span> <span class='ocrx_word' id='word_1_294' title='bbox 1229 1833 1460 1885; x_wconf 84' lang='lat' dir='ltr'><strong>fortasse</strong></span> <span class='ocrx_word' id='word_1_295' title='bbox 1497 1826 1742 1883; x_wconf 87' lang='lat' dir='ltr'><strong>ordinem</strong></span> <span class='ocrx_word' id='word_1_296' title='bbox 1772 1821 2062 1894; x_wconf 88' lang='lat' dir='ltr'><strong>quemdam</strong></span> 
     </span>
    </p>
   </div>
   <div class='ocr_carea' id='block_1_35' title="bbox 2180 1811 3757 1905">
    <p class='ocr_par' dir='ltr' id='par_1_35' title="bbox 2180 1811 3757 1889">
     <span class='ocr_line' id='line_1_35' title="bbox 2180 1811 3757 1889; baseline -0.004 -18"><span class='ocrx_word' id='word_1_297' title='bbox 2180 1818 2298 1881; x_wconf 69' lang='grc' dir='ltr'>θεὸς</span> <span class='ocrx_word' id='word_1_298' title='bbox 2336 1814 2404 1889; x_wconf 80' lang='grc' dir='ltr'>ἦν</span> <span class='ocrx_word' id='word_1_299' title='bbox 2437 1821 2464 1871; x_wconf 91' lang='grc' dir='ltr'><strong>ό</strong></span> <span class='ocrx_word' id='word_1_300' title='bbox 2492 1817 2698 1885; x_wconf 87' lang='grc' dir='ltr'>Λόγος,</span> <span class='ocrx_word' id='word_1_301' title='bbox 2740 1835 2760 1867; x_wconf 69' lang='grc' dir='ltr'>ι</span> <span class='ocrx_word' id='word_1_302' title='bbox 2790 1816 2877 1870; x_wconf 77' lang='grc' dir='ltr'><strong>διὰ</strong></span> <span class='ocrx_word' id='word_1_303' title='bbox 2915 1815 3103 1878; x_wconf 78' lang='grc' dir='ltr'>τοῦτο,</span> <span class='ocrx_word' id='word_1_304' title='bbox 3138 1815 3226 1867; x_wconf 74' lang='grc' dir='ltr'><strong>ἵνα</strong></span> <span class='ocrx_word' id='word_1_305' title='bbox 3263 1814 3466 1885; x_wconf 81' lang='grc' dir='ltr'>δυνηθῇ</span> <span class='ocrx_word' id='word_1_306' title='bbox 3510 1814 3617 1868; x_wconf 84' lang='grc' dir='ltr'><strong>ἀπὸ</strong></span> <span class='ocrx_word' id='word_1_307' title='bbox 3662 1811 3757 1866; x_wconf 80' lang='grc' dir='ltr'><strong>τοῦ</strong></span> 
     </span>
    </p>
   </div>
   <div class='ocr_carea' id='block_1_36' title="bbox 487 1916 2065 1998">
    <p class='ocr_par' dir='ltr' id='par_1_36' title="bbox 487 1916 2065 1998">
     <span class='ocr_line' id='line_1_36' title="bbox 487 1916 2065 1998; baseline -0.013 -12"><span class='ocrx_word' id='word_1_308' title='bbox 487 1931 748 1995; x_wconf 86' lang='lat' dir='ltr'><strong>declarat,</strong></span> <span class='ocrx_word' id='word_1_309' title='bbox 784 1929 910 1998; x_wconf 91' lang='lat' dir='ltr'><strong>quia</strong></span> <span class='ocrx_word' id='word_1_310' title='bbox 945 1927 1176 1996; x_wconf 87' lang='lat' dir='ltr'><strong>positum</strong></span> <span class='ocrx_word' id='word_1_311' title='bbox 1207 1923 1281 1978; x_wconf 88' lang='lat' dir='ltr'><strong>sit</strong></span> <span class='ocrx_word' id='word_1_312' title='bbox 1331 1921 1510 1992; x_wconf 89' lang='lat' dir='ltr'><strong>primo</strong></span> <span class='ocrx_word' id='word_1_313' title='bbox 1542 1917 1659 1972; x_wconf 90' lang='lat' dir='ltr'><strong>loco</strong></span> <span class='ocrx_word' id='word_1_314' title='bbox 1687 1916 1791 1970; x_wconf 93' lang='lat' dir='ltr'><strong>hoc</strong></span> <span class='ocrx_word' id='word_1_315' title='bbox 1823 1928 2065 1984; x_wconf 89' lang='lat' dir='ltr'><strong>pronun-</strong></span> 
     </span>
    </p>
   </div>
   <div class='ocr_carea' id='block_1_37' title="bbox 489 2006 2062 2090">
    <p class='ocr_par' dir='ltr' id='par_1_37' title="bbox 489 2006 2062 2090">
     <span class='ocr_line' id='line_1_37' title="bbox 489 2006 2062 2090; baseline -0.014 -11"><span class='ocrx_word' id='word_1_316' title='bbox 489 2027 700 2087; x_wconf 90' lang='lat' dir='ltr'><strong>tiatum,</strong></span> <span class='ocrx_word' id='word_1_317' title='bbox 762 2040 780 2072; x_wconf 84' lang='grc' dir='ltr'><strong>ι</strong></span> <span class='ocrx_word' id='word_1_318' title='bbox 820 2019 878 2074; x_wconf 93' lang='grc' dir='ltr'><strong>1ιι</strong></span> <span class='ocrx_word' id='word_1_319' title='bbox 909 2017 1177 2090; x_wconf 90' lang='lat' dir='ltr'><strong>principio</strong></span> <span class='ocrx_word' id='word_1_320' title='bbox 1203 2022 1322 2068; x_wconf 89' lang='lat' dir='ltr'><strong>erat</strong></span> <span class='ocrx_word' id='word_1_321' title='bbox 1354 2011 1446 2066; x_wconf 89' lang='lat' dir='ltr'><strong>ille</strong></span> <span class='ocrx_word' id='word_1_322' title='bbox 1475 2008 1689 2074; x_wconf 86' lang='lat' dir='ltr'><strong>Sermo,</strong></span> <span class='ocrx_word' id='word_1_323' title='bbox 1736 2025 1757 2060; x_wconf 86' lang='grc'><strong><em>›</em></strong></span> <span class='ocrx_word' id='word_1_324' title='bbox 1791 2006 1943 2075; x_wconf 85' lang='lat' dir='ltr'><strong>juxta</strong></span> <span class='ocrx_word' id='word_1_325' title='bbox 1981 2013 2062 2059; x_wconf 88' lang='lat' dir='ltr'><strong>ta-</strong></span> 
     </span>
    </p>
   </div>
   <div class='ocr_carea' id='block_1_38' title="bbox 487 2098 2077 2180">
    <p class='ocr_par' dir='ltr' id='par_1_38' title="bbox 487 2098 2077 2180">
     <span class='ocr_line' id='line_1_38' title="bbox 487 2098 2077 2180; baseline -0.013 -9"><span class='ocrx_word' id='word_1_326' title='bbox 487 2118 592 2173; x_wconf 86' lang='lat' dir='ltr'><strong>lem</strong></span> <span class='ocrx_word' id='word_1_327' title='bbox 641 2115 862 2180; x_wconf 84' lang='lat' dir='ltr'><strong>serietn,</strong></span> <span class='ocrx_word' id='word_1_328' title='bbox 931 2130 950 2163; x_wconf 80' lang='grc' dir='ltr'><strong>ι</strong></span> <span class='ocrx_word' id='word_1_329' title='bbox 990 2110 1056 2164; x_wconf 83' lang='grc' dir='ltr'><strong>Ει</strong></span> <span class='ocrx_word' id='word_1_330' title='bbox 1109 2108 1304 2162; x_wconf 91' lang='lat' dir='ltr'><strong>Sermo</strong></span> <span class='ocrx_word' id='word_1_331' title='bbox 1356 2110 1476 2157; x_wconf 90' lang='lat' dir='ltr'><strong>erat</strong></span> <span class='ocrx_word' id='word_1_332' title='bbox 1531 2099 1672 2169; x_wconf 89' lang='lat' dir='ltr'><strong>apud</strong></span> <span class='ocrx_word' id='word_1_333' title='bbox 1733 2098 1920 2161; x_wconf 89' lang='lat' dir='ltr'><strong>Deum,</strong></span> <span class='ocrx_word' id='word_1_334' title='bbox 1965 2114 1984 2148; x_wconf 76' lang='grc' dir='ltr'>ι</span> <span class='ocrx_word' id='word_1_335' title='bbox 2021 2104 2077 2150; x_wconf 91' lang='lat' dir='ltr'><strong>et</strong></span> 
     </span>
    </p>
   </div>
   <div class='ocr_carea' id='block_1_39' title="bbox 2171 1906 3760 1984">
    <p class='ocr_par' dir='ltr' id='par_1_39' title="bbox 2171 1906 3760 1984">
     <span class='ocr_line' id='line_1_39' title="bbox 2171 1906 3760 1984; baseline -0.005 -19"><span class='ocrx_word' id='word_1_336' title='bbox 2171 1911 2308 1984; x_wconf 86' lang='grc' dir='ltr'>πρὸς</span> <span class='ocrx_word' id='word_1_337' title='bbox 2327 1911 2417 1965; x_wconf 91' lang='grc' dir='ltr'><strong>τὸν</strong></span> <span class='ocrx_word' id='word_1_338' title='bbox 2439 1911 2573 1964; x_wconf 84' lang='grc' dir='ltr'>Θεὸν</span> <span class='ocrx_word' id='word_1_339' title='bbox 2599 1907 2737 1964; x_wconf 86' lang='grc' dir='ltr'>εἶναι</span> <span class='ocrx_word' id='word_1_340' title='bbox 2765 1911 2793 1962; x_wconf 93' lang='lat'><strong>6</strong></span> <span class='ocrx_word' id='word_1_341' title='bbox 2813 1910 2984 1977; x_wconf 87' lang='grc' dir='ltr'>Λόγος</span> <span class='ocrx_word' id='word_1_342' title='bbox 3012 1908 3266 1979; x_wconf 81' lang='grc' dir='ltr'><strong>νοηθῆναι</strong></span> <span class='ocrx_word' id='word_1_343' title='bbox 3297 1907 3576 1978; x_wconf 82' lang='grc' dir='ltr'>γινόμενος</span> <span class='ocrx_word' id='word_1_344' title='bbox 3602 1906 3760 1970; x_wconf 87' lang='grc' dir='ltr'>Θεὸς,</span> 
     </span>
    </p>
   </div>
   <div class='ocr_carea' id='block_1_40' title="bbox 2170 1997 3759 2072">
    <p class='ocr_par' dir='ltr' id='par_1_40' title="bbox 2170 1997 3759 2072">
     <span class='ocr_line' id='line_1_40' title="bbox 2170 1997 3759 2072; baseline -0.003 -17"><span class='ocrx_word' id='word_1_345' title='bbox 2170 2003 2384 2072; x_wconf 83' lang='grc' dir='ltr'>λέγεται</span> <span class='ocrx_word' id='word_1_346' title='bbox 2409 2021 2422 2034; x_wconf 88' lang='grc'><strong>·</strong></span> <span class='ocrx_word' id='word_1_347' title='bbox 2465 2021 2484 2055; x_wconf 78' lang='grc' dir='ltr'>σ</span> <span class='ocrx_word' id='word_1_348' title='bbox 2521 2003 2630 2057; x_wconf 74' lang='grc' dir='ltr'><strong>Καὶ</strong></span> <span class='ocrx_word' id='word_1_349' title='bbox 2658 2002 2879 2070; x_wconf 80' lang='grc' dir='ltr'>όΛόγος</span> <span class='ocrx_word' id='word_1_350' title='bbox 2904 1997 2974 2072; x_wconf 75' lang='grc' dir='ltr'><strong>ἦν</strong></span> <span class='ocrx_word' id='word_1_351' title='bbox 3004 2001 3142 2072; x_wconf 85' lang='grc' dir='ltr'>πρὸς</span> <span class='ocrx_word' id='word_1_352' title='bbox 3167 2000 3256 2052; x_wconf 86' lang='grc' dir='ltr'><strong>τὸν</strong></span> <span class='ocrx_word' id='word_1_353' title='bbox 3286 1999 3438 2064; x_wconf 88' lang='grc' dir='ltr'>Θεόν,</span> <span class='ocrx_word' id='word_1_354' title='bbox 3470 2017 3490 2049; x_wconf 73' lang='grc' dir='ltr'><strong>ι</strong></span> <span class='ocrx_word' id='word_1_355' title='bbox 3546 1997 3759 2061; x_wconf 81' lang='grc' dir='ltr'>ἔπειτα,</span> 
     </span>
    </p>
   </div>
   <div class='ocr_carea' id='block_1_41' title="bbox 2189 2090 2938 2165">
    <p class='ocr_par' dir='ltr' id='par_1_41' title="bbox 2189 2090 2938 2165">
     <span class='ocr_line' id='line_1_41' title="bbox 2189 2090 2938 2165; baseline -0.005 -17"><span class='ocrx_word' id='word_1_356' title='bbox 2189 2114 2208 2148; x_wconf 82' lang='grc' dir='ltr'><strong>ι</strong></span> <span class='ocrx_word' id='word_1_357' title='bbox 2245 2096 2354 2150; x_wconf 72' lang='grc' dir='ltr'><strong>Καὶ</strong></span> <span class='ocrx_word' id='word_1_358' title='bbox 2381 2095 2514 2158; x_wconf 91' lang='grc' dir='ltr'>Θεὸς</span> <span class='ocrx_word' id='word_1_359' title='bbox 2544 2090 2612 2165; x_wconf 79' lang='grc' dir='ltr'><strong>ἦν</strong></span> <span class='ocrx_word' id='word_1_360' title='bbox 2642 2096 2670 2148; x_wconf 89' lang='lat'><strong>6</strong></span> <span class='ocrx_word' id='word_1_361' title='bbox 2694 2095 2886 2161; x_wconf 87' lang='grc' dir='ltr'>Λόγος.</span> <span class='ocrx_word' id='word_1_362' title='bbox 2918 2111 2938 2144; x_wconf 74' lang='grc' dir='ltr'><strong>ι</strong></span> 
     </span>
    </p>
   </div>
   <div class='ocr_carea' id='block_1_42' title="bbox 491 2179 3764 2270">
    <p class='ocr_par' dir='ltr' id='par_1_42' title="bbox 491 2179 3764 2270">
     <span class='ocr_line' id='line_1_42' title="bbox 491 2179 3764 2270; baseline -0.012 -7"><span class='ocrx_word' id='word_1_363' title='bbox 491 2213 649 2265; x_wconf 84' lang='lat' dir='ltr'><strong>tertio</strong></span> <span class='ocrx_word' id='word_1_364' title='bbox 698 2179 854 2270; x_wconf 88' lang='lat' dir='ltr'><strong>loco,</strong></span> <span class='ocrx_word' id='word_1_365' title='bbox 881 2224 898 2256; x_wconf 85' lang='grc' dir='ltr'>ι</span> <span class='ocrx_word' id='word_1_366' title='bbox 930 2203 997 2258; x_wconf 84' lang='grc' dir='ltr'><strong>Ει</strong></span> <span class='ocrx_word' id='word_1_367' title='bbox 1029 2203 1168 2258; x_wconf 90' lang='lat' dir='ltr'><strong>Deus</strong></span> <span class='ocrx_word' id='word_1_368' title='bbox 1193 2207 1315 2254; x_wconf 84' lang='lat' dir='ltr'><strong>erat</strong></span> <span class='ocrx_word' id='word_1_369' title='bbox 1361 2196 1576 2258; x_wconf 89' lang='lat' dir='ltr'><strong>Sermo,</strong></span> <span class='ocrx_word' id='word_1_370' title='bbox 1610 2212 1633 2246; x_wconf 82' lang='grc'>›</span> <span class='ocrx_word' id='word_1_371' title='bbox 1666 2191 1874 2247; x_wconf 89' lang='lat' dir='ltr'><strong>ideirco</strong></span> <span class='ocrx_word' id='word_1_372' title='bbox 1923 2188 2161 2244; x_wconf 89' lang='lat' dir='ltr'><strong>dicitur:</strong></span> <span class='ocrx_word' id='word_1_373' title='bbox 2205 2206 2224 2240; x_wconf 81' lang='grc' dir='ltr'>ι</span> <span class='ocrx_word' id='word_1_374' title='bbox 2261 2189 2328 2244; x_wconf 86' lang='grc' dir='ltr'><strong>Ει</strong></span> <span class='ocrx_word' id='word_1_375' title='bbox 2369 2189 2459 2244; x_wconf 84' lang='lat' dir='ltr'><strong>ille</strong></span> <span class='ocrx_word' id='word_1_376' title='bbox 2505 2186 2697 2244; x_wconf 74' lang='lat' dir='ltr'><strong>sermo</strong></span> <span class='ocrx_word' id='word_1_377' title='bbox 2745 2195 2865 2241; x_wconf 80' lang='lat' dir='ltr'><strong>erat</strong></span> <span class='ocrx_word' id='word_1_378' title='bbox 2908 2183 3049 2254; x_wconf 84' lang='lat' dir='ltr'><strong>apud</strong></span> <span class='ocrx_word' id='word_1_379' title='bbox 3091 2183 3282 2248; x_wconf 80' lang='lat' dir='ltr'><strong>Deum,</strong></span> <span class='ocrx_word' id='word_1_380' title='bbox 3315 2200 3334 2233; x_wconf 71' lang='grc' dir='ltr'><strong>ι</strong></span> <span class='ocrx_word' id='word_1_381' title='bbox 3367 2180 3559 2238; x_wconf 74' lang='lat' dir='ltr'><strong>deinde</strong></span> <span class='ocrx_word' id='word_1_382' title='bbox 3593 2196 3607 2233; x_wconf 84' lang='lat'><strong>;</strong></span> <span class='ocrx_word' id='word_1_383' title='bbox 3640 2198 3660 2232; x_wconf 71' lang='grc' dir='ltr'><strong>ς</strong></span> <span class='ocrx_word' id='word_1_384' title='bbox 3693 2179 3764 2236; x_wconf 75' lang='grc' dir='ltr'><strong>Ει</strong></span> 
     </span>
    </p>
   </div>
   <div class='ocr_carea' id='block_1_43' title="bbox 490 2277 3114 2362">
    <p class='ocr_par' dir='ltr' id='par_1_43' title="bbox 490 2277 3114 2362">
     <span class='ocr_line' id='line_1_43' title="bbox 490 2277 3114 2362; baseline -0.012 0"><span class='ocrx_word' id='word_1_385' title='bbox 490 2307 634 2362; x_wconf 87' lang='lat' dir='ltr'><strong>Deus</strong></span> <span class='ocrx_word' id='word_1_386' title='bbox 661 2310 780 2357; x_wconf 86' lang='lat' dir='ltr'><strong>erat</strong></span> <span class='ocrx_word' id='word_1_387' title='bbox 808 2299 900 2353; x_wconf 89' lang='lat' dir='ltr'><strong>ille</strong></span> <span class='ocrx_word' id='word_1_388' title='bbox 928 2296 1143 2361; x_wconf 90' lang='lat' dir='ltr'><strong>Sermo,</strong></span> <span class='ocrx_word' id='word_1_389' title='bbox 1187 2311 1207 2346; x_wconf 73' lang='grc' dir='ltr'>ι</span> <span class='ocrx_word' id='word_1_390' title='bbox 1243 2301 1298 2347; x_wconf 85' lang='grc' dir='ltr'><strong>ιιι</strong></span> <span class='ocrx_word' id='word_1_391' title='bbox 1327 2289 1417 2346; x_wconf 91' lang='lat' dir='ltr'><strong>ille</strong></span> <span class='ocrx_word' id='word_1_392' title='bbox 1457 2287 1654 2344; x_wconf 90' lang='lat' dir='ltr'><strong>Sermo</strong></span> <span class='ocrx_word' id='word_1_393' title='bbox 1703 2281 1931 2354; x_wconf 75' lang='lat' dir='ltr'><strong>intelligi</strong></span> <span class='ocrx_word' id='word_1_394' title='bbox 1965 2282 2137 2351; x_wconf 74' lang='lat' dir='ltr'><strong>possit</strong></span> <span class='ocrx_word' id='word_1_395' title='bbox 2161 2297 2284 2338; x_wconf 89' lang='lat' dir='ltr'><strong>esse</strong></span> <span class='ocrx_word' id='word_1_396' title='bbox 2307 2282 2474 2348; x_wconf 91' lang='lat' dir='ltr'><strong>Deus,</strong></span> <span class='ocrx_word' id='word_1_397' title='bbox 2501 2281 2628 2352; x_wconf 87' lang='lat' dir='ltr'><strong>quia</strong></span> <span class='ocrx_word' id='word_1_398' title='bbox 2657 2279 2728 2335; x_wconf 89' lang='lat' dir='ltr'><strong>sit</strong></span> <span class='ocrx_word' id='word_1_399' title='bbox 2755 2278 2894 2348; x_wconf 90' lang='lat' dir='ltr'><strong>apud</strong></span> <span class='ocrx_word' id='word_1_400' title='bbox 2926 2277 3114 2332; x_wconf 91' lang='lat' dir='ltr'><strong>Deum.</strong></span> 
     </span>
    </p>
   </div>
   <div class='ocr_carea' id='block_1_44' title="bbox 561 2377 2069 2468">
    <p class='ocr_par' dir='ltr' id='par_1_44' title="bbox 561 2377 2069 2468">
     <span class='ocr_line' id='line_1_44' title="bbox 561 2377 2069 2468; baseline -0.016 -17"><span class='ocrx_word' id='word_1_401' title='bbox 561 2397 668 2468; x_wconf 82' lang='lat'><strong>50</strong></span> <span class='ocrx_word' id='word_1_402' title='bbox 694 2396 748 2449; x_wconf 73' lang='lat'><strong>2.</strong></span> <span class='ocrx_word' id='word_1_403' title='bbox 802 2391 1069 2446; x_wconf 64' lang='lat' dir='ltr'><strong>Caeterum</strong></span> <span class='ocrx_word' id='word_1_404' title='bbox 1132 2401 1326 2454; x_wconf 88' lang='lat' dir='ltr'><strong>magna</strong></span> <span class='ocrx_word' id='word_1_405' title='bbox 1353 2381 1735 2440; x_wconf 81' lang='lat' dir='ltr'><strong>observatione</strong></span> <span class='ocrx_word' id='word_1_406' title='bbox 1785 2377 1914 2451; x_wconf 84' lang='lat' dir='ltr'><strong>(non</strong></span> <span class='ocrx_word' id='word_1_407' title='bbox 1951 2389 2069 2432; x_wconf 82' lang='lat' dir='ltr'><strong>tan-</strong></span> 
     </span>
    </p>
   </div>
   <div class='ocr_carea' id='block_1_45' title="bbox 489 2472 2066 2557">
    <p class='ocr_par' dir='ltr' id='par_1_45' title="bbox 489 2472 2066 2557">
     <span class='ocr_line' id='line_1_45' title="bbox 489 2472 2066 2557; baseline -0.008 -18"><span class='ocrx_word' id='word_1_408' title='bbox 489 2497 792 2557; x_wconf 78' lang='lat' dir='ltr'><strong>quamnon</strong></span> <span class='ocrx_word' id='word_1_409' title='bbox 845 2479 1053 2536; x_wconf 84' lang='lat' dir='ltr'><strong>callens</strong></span> <span class='ocrx_word' id='word_1_410' title='bbox 1101 2477 1442 2532; x_wconf 85' lang='lat' dir='ltr'><strong>elaboratum</strong></span> <span class='ocrx_word' id='word_1_411' title='bbox 1499 2475 1812 2532; x_wconf 67' lang='lat' dir='ltr'><strong>Graecorum</strong></span> <span class='ocrx_word' id='word_1_412' title='bbox 1854 2472 2066 2530; x_wconf 90' lang='lat' dir='ltr'><strong>dicendi</strong></span> 
     </span>
    </p>
   </div>
   <div class='ocr_carea' id='block_1_46' title="bbox 492 2565 2067 2646">
    <p class='ocr_par' dir='ltr' id='par_1_46' title="bbox 492 2565 2067 2646">
     <span class='ocr_line' id='line_1_46' title="bbox 492 2565 2067 2646; baseline -0.009 -14"><span class='ocrx_word' id='word_1_413' title='bbox 492 2575 683 2646; x_wconf 72' lang='lat' dir='ltr'><strong>genus)</strong></span> <span class='ocrx_word' id='word_1_414' title='bbox 715 2572 842 2627; x_wconf 87' lang='lat' dir='ltr'><strong>alibi</strong></span> <span class='ocrx_word' id='word_1_415' title='bbox 883 2570 1104 2641; x_wconf 90' lang='lat' dir='ltr'><strong>quidem</strong></span> <span class='ocrx_word' id='word_1_416' title='bbox 1139 2568 1384 2624; x_wconf 87' lang='lat' dir='ltr'><strong>articulis</strong></span> <span class='ocrx_word' id='word_1_417' title='bbox 1415 2584 1544 2625; x_wconf 92' lang='lat' dir='ltr'><strong>usus</strong></span> <span class='ocrx_word' id='word_1_418' title='bbox 1563 2577 1646 2624; x_wconf 90' lang='lat' dir='ltr'><strong>est</strong></span> <span class='ocrx_word' id='word_1_419' title='bbox 1675 2567 1936 2632; x_wconf 86' lang='lat' dir='ltr'><strong>Joannes,</strong></span> <span class='ocrx_word' id='word_1_420' title='bbox 1965 2565 2067 2620; x_wconf 88' lang='lat' dir='ltr'><strong>ali-</strong></span> 
     </span>
    </p>
   </div>
   <div class='ocr_carea' id='block_1_47' title="bbox 491 2659 2070 2728">
    <p class='ocr_par' dir='ltr' id='par_1_47' title="bbox 491 2659 2070 2728">
     <span class='ocr_line' id='line_1_47' title="bbox 491 2659 2070 2728; baseline -0.009 -5"><span class='ocrx_word' id='word_1_421' title='bbox 491 2670 544 2724; x_wconf 92' lang='lat' dir='ltr'><strong>bi</strong></span> <span class='ocrx_word' id='word_1_422' title='bbox 599 2681 725 2722; x_wconf 85' lang='lat' dir='ltr'><strong>vero</strong></span> <span class='ocrx_word' id='word_1_423' title='bbox 781 2661 1042 2719; x_wconf 85' lang='lat' dir='ltr'><strong>reticuit:</strong></span> <span class='ocrx_word' id='word_1_424' title='bbox 1072 2661 1124 2715; x_wconf 91' lang='lat' dir='ltr'><strong>in</strong></span> <span class='ocrx_word' id='word_1_425' title='bbox 1159 2675 1290 2716; x_wconf 85' lang='lat' dir='ltr'><strong>voce</strong></span> <span class='ocrx_word' id='word_1_426' title='bbox 1335 2674 1571 2728; x_wconf 89' lang='lat' dir='ltr'><strong>namque</strong></span> <span class='ocrx_word' id='word_1_427' title='bbox 1612 2659 1885 2714; x_wconf 76' lang='lat' dir='ltr'><strong>Sermonis</strong></span> <span class='ocrx_word' id='word_1_428' title='bbox 1935 2660 2070 2710; x_wconf 85' lang='lat' dir='ltr'><strong>arti-</strong></span> 
     </span>
    </p>
   </div>
   <div class='ocr_carea' id='block_1_48' title="bbox 492 2747 2069 2816">
    <p class='ocr_par' dir='ltr' id='par_1_48' title="bbox 492 2747 2069 2816">
     <span class='ocr_line' id='line_1_48' title="bbox 492 2747 2069 2816; baseline -0.009 -2"><span class='ocrx_word' id='word_1_429' title='bbox 492 2758 671 2814; x_wconf 84' lang='lat' dir='ltr'><strong>culum</strong></span> <span class='ocrx_word' id='word_1_430' title='bbox 707 2771 830 2811; x_wconf 90' lang='lat' dir='ltr'><strong>cum</strong></span> <span class='ocrx_word' id='word_1_431' title='bbox 856 2752 1148 2816; x_wconf 85' lang='lat' dir='ltr'><strong>addiderit,</strong></span> <span class='ocrx_word' id='word_1_432' title='bbox 1176 2750 1228 2804; x_wconf 92' lang='lat' dir='ltr'><strong>in</strong></span> <span class='ocrx_word' id='word_1_433' title='bbox 1266 2749 1361 2804; x_wconf 88' lang='lat' dir='ltr'><strong>Dei</strong></span> <span class='ocrx_word' id='word_1_434' title='bbox 1396 2747 1665 2805; x_wconf 89' lang='lat' dir='ltr'><strong>vocabulo</strong></span> <span class='ocrx_word' id='word_1_435' title='bbox 1691 2747 1988 2816; x_wconf 87' lang='lat' dir='ltr'><strong>aliquando</strong></span> <span class='ocrx_word' id='word_1_436' title='bbox 2015 2747 2069 2800; x_wconf 88' lang='lat' dir='ltr'><strong>id</strong></span> 
     </span>
    </p>
   </div>
   <div class='ocr_carea' id='block_1_49' title="bbox 492 2838 2069 2922">
    <p class='ocr_par' dir='ltr' id='par_1_49' title="bbox 492 2838 2069 2922">
     <span class='ocr_line' id='line_1_49' title="bbox 492 2838 2069 2922; baseline -0.008 -15"><span class='ocrx_word' id='word_1_437' title='bbox 492 2852 669 2922; x_wconf 84' lang='lat' dir='ltr'><strong>ponit,</strong></span> <span class='ocrx_word' id='word_1_438' title='bbox 719 2847 1012 2918; x_wconf 88' lang='lat' dir='ltr'><strong>aliquando</strong></span> <span class='ocrx_word' id='word_1_439' title='bbox 1041 2844 1364 2900; x_wconf 73' lang='lat' dir='ltr'><strong>differentia:</strong></span> <span class='ocrx_word' id='word_1_440' title='bbox 1424 2842 1602 2913; x_wconf 85' lang='lat' dir='ltr'><strong>gratia</strong></span> <span class='ocrx_word' id='word_1_441' title='bbox 1659 2842 1713 2897; x_wconf 92' lang='lat' dir='ltr'><strong>id</strong></span> <span class='ocrx_word' id='word_1_442' title='bbox 1762 2856 1866 2896; x_wconf 91' lang='lat' dir='ltr'><strong>non</strong></span> <span class='ocrx_word' id='word_1_443' title='bbox 1896 2838 2069 2910; x_wconf 88' lang='lat' dir='ltr'><strong>ponit.</strong></span> 
     </span>
    </p>
   </div>
   <div class='ocr_carea' id='block_1_50' title="bbox 497 2932 2071 3007">
    <p class='ocr_par' dir='ltr' id='par_1_50' title="bbox 497 2932 2071 3007">
     <span class='ocr_line' id='line_1_50' title="bbox 497 2932 2071 3007; baseline -0.01 -7"><span class='ocrx_word' id='word_1_444' title='bbox 497 2945 631 3000; x_wconf 81' lang='lat' dir='ltr'><strong>Nam</strong></span> <span class='ocrx_word' id='word_1_445' title='bbox 657 2958 780 2999; x_wconf 92' lang='lat' dir='ltr'><strong>cum</strong></span> <span class='ocrx_word' id='word_1_446' title='bbox 813 2941 905 2996; x_wconf 86' lang='lat' dir='ltr'><strong>Dei</strong></span> <span class='ocrx_word' id='word_1_447' title='bbox 939 2937 1260 2994; x_wconf 91' lang='lat' dir='ltr'><strong>vocabulum</strong></span> <span class='ocrx_word' id='word_1_448' title='bbox 1296 2937 1519 3007; x_wconf 88' lang='lat' dir='ltr'><strong>ponitur</strong></span> <span class='ocrx_word' id='word_1_449' title='bbox 1568 2935 1634 2989; x_wconf 88' lang='lat' dir='ltr'><strong>de</strong></span> <span class='ocrx_word' id='word_1_450' title='bbox 1669 2932 1908 3004; x_wconf 82' lang='lat' dir='ltr'><strong>ingenito</strong></span> <span class='ocrx_word' id='word_1_451' title='bbox 1948 2934 2071 2986; x_wconf 88' lang='lat' dir='ltr'><strong>uui-</strong></span> 
     </span>
    </p>
   </div>
   <div class='ocr_carea' id='block_1_51' title="bbox 495 3023 2073 3098">
    <p class='ocr_par' dir='ltr' id='par_1_51' title="bbox 495 3023 2073 3098">
     <span class='ocr_line' id='line_1_51' title="bbox 495 3023 2073 3098; baseline -0.008 -8"><span class='ocrx_word' id='word_1_452' title='bbox 495 3049 777 3092; x_wconf 82' lang='lat' dir='ltr'><strong>versorum</strong></span> <span class='ocrx_word' id='word_1_453' title='bbox 808 3039 1050 3096; x_wconf 89' lang='lat' dir='ltr'><strong>auctore,</strong></span> <span class='ocrx_word' id='word_1_454' title='bbox 1095 3029 1386 3084; x_wconf 88' lang='lat' dir='ltr'><strong>articulum</strong></span> <span class='ocrx_word' id='word_1_455' title='bbox 1416 3025 1587 3098; x_wconf 91' lang='lat' dir='ltr'><strong>ponit,</strong></span> <span class='ocrx_word' id='word_1_456' title='bbox 1621 3025 1856 3080; x_wconf 86' lang='lat' dir='ltr'><strong>reticens</strong></span> <span class='ocrx_word' id='word_1_457' title='bbox 1917 3023 2073 3086; x_wconf 91' lang='lat' dir='ltr'><strong>illud,</strong></span> 
     </span>
    </p>
   </div>
   <div class='ocr_carea' id='block_1_52' title="bbox 2239 2365 3759 2444">
    <p class='ocr_par' dir='ltr' id='par_1_52' title="bbox 2239 2365 3759 2444">
     <span class='ocr_line' id='line_1_52' title="bbox 2239 2365 3759 2444; baseline -0.009 -14"><span class='ocrx_word' id='word_1_458' title='bbox 2239 2376 2293 2430; x_wconf 76' lang='grc'><strong>2.</strong></span> <span class='ocrx_word' id='word_1_459' title='bbox 2325 2375 2475 2429; x_wconf 87' lang='grc' dir='ltr'><strong>Πάνυ</strong></span> <span class='ocrx_word' id='word_1_460' title='bbox 2499 2374 2556 2428; x_wconf 80' lang='grc' dir='ltr'>δὲ</span> <span class='ocrx_word' id='word_1_461' title='bbox 2591 2369 3128 2444; x_wconf 83' lang='grc' dir='ltr'>παρατετηρημένως</span> <span class='ocrx_word' id='word_1_462' title='bbox 3151 2409 3166 2434; x_wconf 91' lang='grc'><strong>,</strong></span> <span class='ocrx_word' id='word_1_463' title='bbox 3197 2368 3291 2422; x_wconf 68' lang='grc' dir='ltr'>καὶ</span> <span class='ocrx_word' id='word_1_464' title='bbox 3321 2366 3420 2437; x_wconf 80' lang='grc' dir='ltr'>οὐχ</span> <span class='ocrx_word' id='word_1_465' title='bbox 3454 2366 3529 2430; x_wconf 78' lang='grc' dir='ltr'>ὡς</span> <span class='ocrx_word' id='word_1_466' title='bbox 3570 2365 3759 2437; x_wconf 78' lang='grc' dir='ltr'><strong>Ἐλλη-</strong></span> 
     </span>
    </p>
   </div>
   <div class='ocr_carea' id='block_1_53' title="bbox 2171 2457 3758 2540">
    <p class='ocr_par' dir='ltr' id='par_1_53' title="bbox 2171 2457 3758 2540">
     <span class='ocr_line' id='line_1_53' title="bbox 2171 2457 3758 2540; baseline -0.009 -17"><span class='ocrx_word' id='word_1_467' title='bbox 2171 2467 2325 2540; x_wconf 79' lang='grc' dir='ltr'>νικὴν</span> <span class='ocrx_word' id='word_1_468' title='bbox 2353 2465 2734 2540; x_wconf 78' lang='grc' dir='ltr'>ἀκριϐολογίαν</span> <span class='ocrx_word' id='word_1_469' title='bbox 2761 2463 2861 2516; x_wconf 86' lang='grc' dir='ltr'><strong>οὑκ</strong></span> <span class='ocrx_word' id='word_1_470' title='bbox 2885 2460 3264 2530; x_wconf 74' lang='grc' dir='ltr'>ἐπιστάμενος,</span> <span class='ocrx_word' id='word_1_471' title='bbox 3284 2460 3313 2512; x_wconf 92' lang='lat'><strong>6</strong></span> <span class='ocrx_word' id='word_1_472' title='bbox 3345 2457 3598 2528; x_wconf 84' lang='grc' dir='ltr'><strong>Ἰωάννης</strong></span> <span class='ocrx_word' id='word_1_473' title='bbox 3621 2458 3758 2510; x_wconf 83' lang='grc' dir='ltr'>ὅπου</span> 
     </span>
    </p>
   </div>
   <div class='ocr_carea' id='block_1_54' title="bbox 2173 2550 3760 2633">
    <p class='ocr_par' dir='ltr' id='par_1_54' title="bbox 2173 2550 3760 2633">
     <span class='ocr_line' id='line_1_54' title="bbox 2173 2550 3760 2633; baseline -0.008 -18"><span class='ocrx_word' id='word_1_474' title='bbox 2173 2562 2274 2633; x_wconf 82' lang='grc' dir='ltr'>μὲν</span> <span class='ocrx_word' id='word_1_475' title='bbox 2301 2563 2414 2624; x_wconf 86' lang='grc' dir='ltr'>τοῖς</span> <span class='ocrx_word' id='word_1_476' title='bbox 2455 2559 2679 2631; x_wconf 79' lang='grc' dir='ltr'>ἄρθροις</span> <span class='ocrx_word' id='word_1_477' title='bbox 2707 2556 3007 2627; x_wconf 77' lang='grc' dir='ltr'>ἐχρήσατο,</span> <span class='ocrx_word' id='word_1_478' title='bbox 3035 2554 3168 2606; x_wconf 77' lang='grc' dir='ltr'>ὅπου</span> <span class='ocrx_word' id='word_1_479' title='bbox 3210 2552 3268 2605; x_wconf 84' lang='grc' dir='ltr'>δὲ</span> <span class='ocrx_word' id='word_1_480' title='bbox 3311 2551 3485 2604; x_wconf 81' lang='grc' dir='ltr'>ταῦτα</span> <span class='ocrx_word' id='word_1_481' title='bbox 3521 2550 3760 2604; x_wconf 73' lang='grc' dir='ltr'>ἀπεσιώο</span> 
     </span>
    </p>
   </div>
   <div class='ocr_carea' id='block_1_55' title="bbox 2175 2645 3750 2728">
    <p class='ocr_par' dir='ltr' id='par_1_55' title="bbox 2175 2645 3750 2728">
     <span class='ocr_line' id='line_1_55' title="bbox 2175 2645 3750 2728; baseline -0.008 -18"><span class='ocrx_word' id='word_1_482' title='bbox 2175 2674 2368 2728; x_wconf 82' lang='grc' dir='ltr'>πησεν,</span> <span class='ocrx_word' id='word_1_483' title='bbox 2398 2655 2490 2708; x_wconf 64' lang='grc' dir='ltr'><strong>ἑπ)⁹</strong></span> <span class='ocrx_word' id='word_1_484' title='bbox 2535 2655 2632 2725; x_wconf 83' lang='grc' dir='ltr'>μὲν</span> <span class='ocrx_word' id='word_1_485' title='bbox 2671 2652 2766 2706; x_wconf 79' lang='grc' dir='ltr'>τοῦ</span> <span class='ocrx_word' id='word_1_486' title='bbox 2803 2653 2996 2722; x_wconf 72' lang='grc' dir='ltr'>Λόγου</span> <span class='ocrx_word' id='word_1_487' title='bbox 3028 2647 3340 2723; x_wconf 75' lang='grc' dir='ltr'>προστιθεὶς</span> <span class='ocrx_word' id='word_1_488' title='bbox 3371 2646 3448 2710; x_wconf 88' lang='grc' dir='ltr'><strong>τὸ,</strong></span> <span class='ocrx_word' id='word_1_489' title='bbox 3483 2648 3536 2712; x_wconf 86' lang='grc' dir='ltr'><strong>ό,</strong></span> <span class='ocrx_word' id='word_1_490' title='bbox 3567 2645 3660 2698; x_wconf 73' lang='grc' dir='ltr'>ἑπὶ</span> <span class='ocrx_word' id='word_1_491' title='bbox 3691 2645 3750 2698; x_wconf 79' lang='grc' dir='ltr'>δὲ</span> 
     </span>
    </p>
   </div>
   <div class='ocr_carea' id='block_1_56' title="bbox 2173 2738 3752 2819">
    <p class='ocr_par' dir='ltr' id='par_1_56' title="bbox 2173 2738 3752 2819">
     <span class='ocr_line' id='line_1_56' title="bbox 2173 2738 3752 2819; baseline -0.008 -16"><span class='ocrx_word' id='word_1_492' title='bbox 2173 2749 2275 2819; x_wconf 74' lang='grc' dir='ltr'>τῆς</span> <span class='ocrx_word' id='word_1_493' title='bbox 2320 2749 2465 2813; x_wconf 81' lang='grc' dir='ltr'>Θεός</span> <span class='ocrx_word' id='word_1_494' title='bbox 2513 2743 2882 2818; x_wconf 73' lang='grc' dir='ltr'>προσηγορίας</span> <span class='ocrx_word' id='word_1_495' title='bbox 2947 2743 3082 2796; x_wconf 81' lang='grc' dir='ltr'>ὅπου</span> <span class='ocrx_word' id='word_1_496' title='bbox 3130 2740 3229 2811; x_wconf 83' lang='grc' dir='ltr'><strong>μὲν</strong></span> <span class='ocrx_word' id='word_1_497' title='bbox 3269 2739 3462 2803; x_wconf 71' lang='grc' dir='ltr'>τιθεὶς,</span> <span class='ocrx_word' id='word_1_498' title='bbox 3509 2739 3643 2792; x_wconf 81' lang='grc' dir='ltr'>ὅπου</span> <span class='ocrx_word' id='word_1_499' title='bbox 3692 2738 3752 2792; x_wconf 60' lang='grc' dir='ltr'><strong>ἃ</strong></span> 
     </span>
    </p>
   </div>
   <div class='ocr_carea' id='block_1_57' title="bbox 2175 2831 3756 2911">
    <p class='ocr_par' dir='ltr' id='par_1_57' title="bbox 2175 2831 3756 2911">
     <span class='ocr_line' id='line_1_57' title="bbox 2175 2831 3756 2911; baseline -0.006 -17"><span class='ocrx_word' id='word_1_500' title='bbox 2175 2839 2414 2911; x_wconf 81' lang='grc' dir='ltr'>διαιρῶν.</span> <span class='ocrx_word' id='word_1_501' title='bbox 2449 2837 2640 2908; x_wconf 87' lang='grc' dir='ltr'>Τίθησι</span> <span class='ocrx_word' id='word_1_502' title='bbox 2674 2837 2774 2908; x_wconf 85' lang='grc' dir='ltr'><strong>μὲν</strong></span> <span class='ocrx_word' id='word_1_503' title='bbox 2807 2837 2914 2906; x_wconf 79' lang='grc' dir='ltr'>γὰρ</span> <span class='ocrx_word' id='word_1_504' title='bbox 2943 2835 3002 2888; x_wconf 91' lang='grc' dir='ltr'><strong>τὸ</strong></span> <span class='ocrx_word' id='word_1_505' title='bbox 3029 2833 3250 2907; x_wconf 81' lang='grc' dir='ltr'>ἄρθρον,</span> <span class='ocrx_word' id='word_1_506' title='bbox 3277 2833 3363 2885; x_wconf 82' lang='grc' dir='ltr'>ὅτε</span> <span class='ocrx_word' id='word_1_507' title='bbox 3399 2832 3508 2903; x_wconf 88' lang='grc'>(75)</span> <span class='ocrx_word' id='word_1_508' title='bbox 3540 2833 3572 2903; x_wconf 82' lang='grc' dir='ltr'><strong>ή</strong></span> <span class='ocrx_word' id='word_1_509' title='bbox 3606 2831 3756 2896; x_wconf 81' lang='grc' dir='ltr'>Θεός</span> 
     </span>
    </p>
   </div>
   <div class='ocr_carea' id='block_1_58' title="bbox 2176 2917 3750 3004">
    <p class='ocr_par' dir='ltr' id='par_1_58' title="bbox 2176 2917 3750 3004">
     <span class='ocr_line' id='line_1_58' title="bbox 2176 2917 3750 3004; baseline -0.006 -19"><span class='ocrx_word' id='word_1_510' title='bbox 2176 2931 2436 3004; x_wconf 79' lang='grc' dir='ltr'><strong>ὀνομασία</strong></span> <span class='ocrx_word' id='word_1_511' title='bbox 2462 2931 2554 2984; x_wconf 74' lang='grc' dir='ltr'><strong>ἑπὶ</strong></span> <span class='ocrx_word' id='word_1_512' title='bbox 2577 2929 2671 2982; x_wconf 79' lang='grc' dir='ltr'><strong>τοῦ</strong></span> <span class='ocrx_word' id='word_1_513' title='bbox 2699 2930 2962 3000; x_wconf 79' lang='grc' dir='ltr'>ἀγενήτου</span> <span class='ocrx_word' id='word_1_514' title='bbox 2989 2928 3245 2982; x_wconf 85' lang='grc' dir='ltr'><strong>τάσσεται</strong></span> <span class='ocrx_word' id='word_1_515' title='bbox 3265 2927 3373 2980; x_wconf 86' lang='grc' dir='ltr'>τῶν</span> <span class='ocrx_word' id='word_1_516' title='bbox 3395 2917 3530 2979; x_wconf 64' lang='grc' dir='ltr'><strong>δλωῡ</strong></span> <span class='ocrx_word' id='word_1_517' title='bbox 3553 2925 3750 2978; x_wconf 71' lang='grc' dir='ltr'>αίτίουο</span> 
     </span>
    </p>
   </div>
   <div class='ocr_carea' id='block_1_59' title="bbox 2180 3015 3755 3094">
    <p class='ocr_par' dir='ltr' id='par_1_59' title="bbox 2180 3015 3755 3094">
     <span class='ocr_line' id='line_1_59' title="bbox 2180 3015 3755 3094; baseline -0.006 -17"><span class='ocrx_word' id='word_1_518' title='bbox 2180 3025 2360 3094; x_wconf 82' lang='grc' dir='ltr'>σιωπᾷ</span> <span class='ocrx_word' id='word_1_519' title='bbox 2387 3022 2444 3075; x_wconf 80' lang='grc' dir='ltr'>δὲ</span> <span class='ocrx_word' id='word_1_520' title='bbox 2477 3022 2626 3085; x_wconf 81' lang='grc' dir='ltr'>αὐτὸ,</span> <span class='ocrx_word' id='word_1_521' title='bbox 2656 3021 2744 3073; x_wconf 82' lang='grc' dir='ltr'>ὅτε</span> <span class='ocrx_word' id='word_1_522' title='bbox 2777 3020 2806 3072; x_wconf 91' lang='lat'><strong>6</strong></span> <span class='ocrx_word' id='word_1_523' title='bbox 2836 3019 3008 3088; x_wconf 87' lang='grc' dir='ltr'>Λόγος</span> <span class='ocrx_word' id='word_1_524' title='bbox 3035 3017 3167 3081; x_wconf 87' lang='grc' dir='ltr'>Θεός</span> <span class='ocrx_word' id='word_1_525' title='bbox 3192 3017 3536 3088; x_wconf 77' lang='grc' dir='ltr'>ὀνομάζεται.</span> <span class='ocrx_word' id='word_1_526' title='bbox 3575 3017 3665 3081; x_wconf 83' lang='grc' dir='ltr'>Ὠς</span> <span class='ocrx_word' id='word_1_527' title='bbox 3695 3015 3755 3069; x_wconf 81' lang='grc' dir='ltr'>δὲ</span> 
     </span>
    </p>
   </div>
   <div class='ocr_carea' id='block_1_60' title="bbox 501 3097 2075 3186">
    <p class='ocr_par' dir='ltr' id='par_1_60' title="bbox 501 3117 2073 3186">
     <span class='ocr_line' id='line_1_60' title="bbox 501 3117 2073 3186; baseline -0.006 -2"><span class='ocrx_word' id='word_1_528' title='bbox 501 3144 625 3184; x_wconf 91' lang='lat' dir='ltr'><strong>cum</strong></span> <span class='ocrx_word' id='word_1_529' title='bbox 657 3125 744 3182; x_wconf 89' lang='lat' dir='ltr'><strong>ille</strong></span> <span class='ocrx_word' id='word_1_530' title='bbox 771 3124 966 3178; x_wconf 89' lang='lat' dir='ltr'><strong>Sermo</strong></span> <span class='ocrx_word' id='word_1_531' title='bbox 1004 3122 1148 3176; x_wconf 92' lang='lat' dir='ltr'><strong>Deus</strong></span> <span class='ocrx_word' id='word_1_532' title='bbox 1177 3121 1511 3176; x_wconf 89' lang='lat' dir='ltr'><strong>nominatur.</strong></span> <span class='ocrx_word' id='word_1_533' title='bbox 1547 3117 1788 3174; x_wconf 89' lang='lat' dir='ltr'><strong>Proinde</strong></span> <span class='ocrx_word' id='word_1_534' title='bbox 1821 3117 1967 3186; x_wconf 72' lang='lat' dir='ltr'><strong>Vide,</strong></span> <span class='ocrx_word' id='word_1_535' title='bbox 2006 3132 2073 3174; x_wconf 86' lang='lat' dir='ltr'><strong>ne</strong></span> 
     </span>
    </p>
   </div>
   <div class='ocr_carea' id='block_1_61' title="bbox 2180 3097 3756 3186">
    <p class='ocr_par' dir='ltr' id='par_1_61' title="bbox 2180 3109 3756 3185">
     <span class='ocr_line' id='line_1_61' title="bbox 2180 3109 3756 3185; baseline -0.004 -16"><span class='ocrx_word' id='word_1_536' title='bbox 2180 3115 2422 3185; x_wconf 71' lang='grc' dir='ltr'>διαφέρει</span> <span class='ocrx_word' id='word_1_537' title='bbox 2448 3113 2588 3168; x_wconf 88' lang='grc' dir='ltr'>κατά</span> <span class='ocrx_word' id='word_1_538' title='bbox 2613 3112 2832 3176; x_wconf 83' lang='grc' dir='ltr'>τούτους</span> <span class='ocrx_word' id='word_1_539' title='bbox 2853 3112 2977 3172; x_wconf 82' lang='grc' dir='ltr'>τοὺς</span> <span class='ocrx_word' id='word_1_540' title='bbox 3007 3109 3204 3174; x_wconf 84' lang='grc' dir='ltr'>τόπους</span> <span class='ocrx_word' id='word_1_541' title='bbox 3224 3113 3258 3164; x_wconf 84' lang='grc' dir='ltr'><strong>ό</strong></span> <span class='ocrx_word' id='word_1_542' title='bbox 3281 3111 3444 3176; x_wconf 85' lang='grc' dir='ltr'>Θεός,</span> <span class='ocrx_word' id='word_1_543' title='bbox 3469 3109 3562 3162; x_wconf 70' lang='grc' dir='ltr'>καὶ</span> <span class='ocrx_word' id='word_1_544' title='bbox 3585 3110 3756 3178; x_wconf 86' lang='grc' dir='ltr'>Θεός,</span> 
     </span>
    </p>
   </div>
   <div class='ocr_carea' id='block_1_62' title="bbox 501 3207 2077 3276">
    <p class='ocr_par' dir='ltr' id='par_1_62' title="bbox 501 3207 2077 3276">
     <span class='ocr_line' id='line_1_62' title="bbox 501 3207 2077 3276; baseline -0.01 0"><span class='ocrx_word' id='word_1_545' title='bbox 501 3222 643 3276; x_wconf 79' lang='lat' dir='ltr'><strong>forte</strong></span> <span class='ocrx_word' id='word_1_546' title='bbox 699 3226 758 3271; x_wconf 90' lang='lat' dir='ltr'><strong>ut</strong></span> <span class='ocrx_word' id='word_1_547' title='bbox 809 3215 863 3270; x_wconf 88' lang='lat' dir='ltr'><strong>in</strong></span> <span class='ocrx_word' id='word_1_548' title='bbox 895 3215 979 3268; x_wconf 90' lang='lat' dir='ltr'><strong>his</strong></span> <span class='ocrx_word' id='word_1_549' title='bbox 1011 3211 1142 3267; x_wconf 89' lang='lat' dir='ltr'><strong>locis</strong></span> <span class='ocrx_word' id='word_1_550' title='bbox 1171 3210 1351 3266; x_wconf 75' lang='lat' dir='ltr'><strong>differt</strong></span> <span class='ocrx_word' id='word_1_551' title='bbox 1386 3211 1528 3265; x_wconf 85' lang='lat' dir='ltr'><strong>Deus</strong></span> <span class='ocrx_word' id='word_1_552' title='bbox 1578 3224 1700 3264; x_wconf 89' lang='lat' dir='ltr'><strong>cum</strong></span> <span class='ocrx_word' id='word_1_553' title='bbox 1735 3207 1994 3272; x_wconf 89' lang='lat' dir='ltr'><strong>articulo,</strong></span> <span class='ocrx_word' id='word_1_554' title='bbox 2022 3217 2077 3261; x_wconf 93' lang='lat' dir='ltr'><strong>et</strong></span> 
     </span>
    </p>
   </div>
   <div class='ocr_carea' id='block_1_63' title="bbox 497 3298 2078 3372">
    <p class='ocr_par' dir='ltr' id='par_1_63' title="bbox 497 3298 2078 3372">
     <span class='ocr_line' id='line_1_63' title="bbox 497 3298 2078 3372; baseline -0.01 -1"><span class='ocrx_word' id='word_1_555' title='bbox 497 3317 642 3372; x_wconf 91' lang='lat' dir='ltr'><strong>Deus</strong></span> <span class='ocrx_word' id='word_1_556' title='bbox 677 3312 794 3367; x_wconf 88' lang='lat' dir='ltr'><strong>sine</strong></span> <span class='ocrx_word' id='word_1_557' title='bbox 827 3307 1078 3370; x_wconf 88' lang='lat' dir='ltr'><strong>articulo,</strong></span> <span class='ocrx_word' id='word_1_558' title='bbox 1110 3307 1190 3360; x_wconf 91' lang='lat' dir='ltr'><strong>sic</strong></span> <span class='ocrx_word' id='word_1_559' title='bbox 1247 3303 1462 3359; x_wconf 76' lang='lat' dir='ltr'><strong>differat</strong></span> <span class='ocrx_word' id='word_1_560' title='bbox 1492 3303 1654 3357; x_wconf 89' lang='lat' dir='ltr'><strong>etiam</strong></span> <span class='ocrx_word' id='word_1_561' title='bbox 1693 3303 1721 3355; x_wconf 89' lang='lat'><strong>6</strong></span> <span class='ocrx_word' id='word_1_562' title='bbox 1775 3300 1966 3368; x_wconf 87' lang='grc' dir='ltr'>Λόγος,</span> <span class='ocrx_word' id='word_1_563' title='bbox 1999 3298 2078 3372; x_wconf 92' lang='lat' dir='ltr'><strong>[id</strong></span> 
     </span>
    </p>
   </div>
   <div class='ocr_carea' id='block_1_64' title="bbox 499 3392 2078 3466">
    <p class='ocr_par' dir='ltr' id='par_1_64' title="bbox 499 3392 2078 3466">
     <span class='ocr_line' id='line_1_64' title="bbox 499 3392 2078 3466; baseline -0.011 -3"><span class='ocrx_word' id='word_1_564' title='bbox 499 3419 585 3463; x_wconf 91' lang='lat' dir='ltr'><strong>est</strong></span> <span class='ocrx_word' id='word_1_565' title='bbox 637 3405 724 3460; x_wconf 79' lang='lat' dir='ltr'><strong>ille</strong></span> <span class='ocrx_word' id='word_1_566' title='bbox 779 3403 994 3463; x_wconf 83' lang='lat' dir='ltr'><strong>Sermo,</strong></span> <span class='ocrx_word' id='word_1_567' title='bbox 1047 3397 1127 3452; x_wconf 81' lang='lat' dir='ltr'><strong>vel</strong></span> <span class='ocrx_word' id='word_1_568' title='bbox 1164 3397 1251 3452; x_wconf 90' lang='lat' dir='ltr'><strong>illa</strong></span> <span class='ocrx_word' id='word_1_569' title='bbox 1287 3393 1480 3466; x_wconf 89' lang='lat' dir='ltr'><strong>ratio,]</strong></span> <span class='ocrx_word' id='word_1_570' title='bbox 1527 3409 1650 3449; x_wconf 92' lang='lat' dir='ltr'><strong>cum</strong></span> <span class='ocrx_word' id='word_1_571' title='bbox 1710 3392 1964 3457; x_wconf 91' lang='lat' dir='ltr'><strong>articulo,</strong></span> <span class='ocrx_word' id='word_1_572' title='bbox 2022 3401 2078 3446; x_wconf 86' lang='lat' dir='ltr'><strong>et</strong></span> 
     </span>
    </p>
   </div>
   <div class='ocr_carea' id='block_1_65' title="bbox 497 3482 2081 3570">
    <p class='ocr_par' dir='ltr' id='par_1_65' title="bbox 497 3482 2081 3570">
     <span class='ocr_line' id='line_1_65' title="bbox 497 3482 2081 3570; baseline -0.012 -14"><span class='ocrx_word' id='word_1_573' title='bbox 497 3501 690 3570; x_wconf 85' lang='grc' dir='ltr'>Λόγος,</span> <span class='ocrx_word' id='word_1_574' title='bbox 729 3497 806 3570; x_wconf 90' lang='lat' dir='ltr'><strong>[id</strong></span> <span class='ocrx_word' id='word_1_575' title='bbox 845 3504 928 3549; x_wconf 89' lang='lat' dir='ltr'><strong>est</strong></span> <span class='ocrx_word' id='word_1_576' title='bbox 957 3492 1170 3554; x_wconf 90' lang='lat' dir='ltr'><strong>Sermo,</strong></span> <span class='ocrx_word' id='word_1_577' title='bbox 1200 3490 1313 3544; x_wconf 90' lang='lat' dir='ltr'><strong>sive</strong></span> <span class='ocrx_word' id='word_1_578' title='bbox 1348 3486 1538 3559; x_wconf 91' lang='lat' dir='ltr'><strong>ratio,]</strong></span> <span class='ocrx_word' id='word_1_579' title='bbox 1573 3487 1689 3541; x_wconf 92' lang='lat' dir='ltr'><strong>sine</strong></span> <span class='ocrx_word' id='word_1_580' title='bbox 1713 3483 1969 3539; x_wconf 89' lang='lat' dir='ltr'><strong>articulo.</strong></span> <span class='ocrx_word' id='word_1_581' title='bbox 2009 3482 2081 3539; x_wconf 86' lang='lat' dir='ltr'><strong>Ut</strong></span> 
     </span>
    </p>
   </div>
   <div class='ocr_carea' id='block_1_66' title="bbox 496 3575 2071 3655">
    <p class='ocr_par' dir='ltr' id='par_1_66' title="bbox 496 3575 2071 3655">
     <span class='ocr_line' id='line_1_66' title="bbox 496 3575 2071 3655; baseline -0.014 -6"><span class='ocrx_word' id='word_1_582' title='bbox 496 3594 640 3650; x_wconf 85' lang='lat' dir='ltr'><strong>enim</strong></span> <span class='ocrx_word' id='word_1_583' title='bbox 675 3593 814 3646; x_wconf 88' lang='lat' dir='ltr'><strong>Deus</strong></span> <span class='ocrx_word' id='word_1_584' title='bbox 867 3587 976 3653; x_wconf 92' lang='lat' dir='ltr'><strong>ille,</strong></span> <span class='ocrx_word' id='word_1_585' title='bbox 1006 3585 1094 3655; x_wconf 92' lang='lat' dir='ltr'><strong>qui</strong></span> <span class='ocrx_word' id='word_1_586' title='bbox 1124 3593 1209 3638; x_wconf 89' lang='lat' dir='ltr'><strong>est</strong></span> <span class='ocrx_word' id='word_1_587' title='bbox 1239 3583 1298 3636; x_wconf 18' lang='lat' dir='ltr'><strong>in.</strong></span> <span class='ocrx_word' id='word_1_588' title='bbox 1354 3579 1628 3644; x_wconf 90' lang='lat' dir='ltr'><strong>omnibus,</strong></span> <span class='ocrx_word' id='word_1_589' title='bbox 1667 3578 1754 3632; x_wconf 92' lang='lat' dir='ltr'><strong>ille</strong></span> <span class='ocrx_word' id='word_1_590' title='bbox 1797 3575 1940 3630; x_wconf 82' lang='lat' dir='ltr'><strong>Deus</strong></span> <span class='ocrx_word' id='word_1_591' title='bbox 1963 3586 2071 3642; x_wconf 90' lang='lat' dir='ltr'><strong>est,</strong></span> 
     </span>
    </p>
   </div>
   <div class='ocr_carea' id='block_1_67' title="bbox 500 3669 2079 3755">
    <p class='ocr_par' dir='ltr' id='par_1_67' title="bbox 500 3669 2079 3755">
     <span class='ocr_line' id='line_1_67' title="bbox 500 3669 2079 3755; baseline -0.011 -16"><span class='ocrx_word' id='word_1_592' title='bbox 500 3682 648 3755; x_wconf 88' lang='lat' dir='ltr'><strong>[cum</strong></span> <span class='ocrx_word' id='word_1_593' title='bbox 677 3677 958 3751; x_wconf 72' lang='lat' dir='ltr'><strong>articulo.)</strong></span> <span class='ocrx_word' id='word_1_594' title='bbox 985 3688 1039 3732; x_wconf 92' lang='lat' dir='ltr'><strong>et</strong></span> <span class='ocrx_word' id='word_1_595' title='bbox 1057 3693 1164 3731; x_wconf 92' lang='lat' dir='ltr'><strong>non</strong></span> <span class='ocrx_word' id='word_1_596' title='bbox 1182 3673 1504 3744; x_wconf 89' lang='lat' dir='ltr'><strong>simpliciter</strong></span> <span class='ocrx_word' id='word_1_597' title='bbox 1522 3671 1682 3735; x_wconf 81' lang='lat' dir='ltr'><strong>Deus,</strong></span> <span class='ocrx_word' id='word_1_598' title='bbox 1709 3669 1850 3743; x_wconf 87' lang='lat' dir='ltr'><strong>[sine</strong></span> <span class='ocrx_word' id='word_1_599' title='bbox 1874 3669 2079 3724; x_wconf 88' lang='lat' dir='ltr'><strong>articu—</strong></span> 
     </span>
    </p>
   </div>
   <div class='ocr_carea' id='block_1_68' title="bbox 504 3761 2078 3846">
    <p class='ocr_par' dir='ltr' id='par_1_68' title="bbox 504 3761 2078 3846">
     <span class='ocr_line' id='line_1_68' title="bbox 504 3761 2078 3846; baseline -0.009 -18"><span class='ocrx_word' id='word_1_600' title='bbox 504 3772 605 3846; x_wconf 84' lang='lat' dir='ltr'><strong>lo,]</strong></span> <span class='ocrx_word' id='word_1_601' title='bbox 642 3773 722 3828; x_wconf 90' lang='lat' dir='ltr'><strong>sic</strong></span> <span class='ocrx_word' id='word_1_602' title='bbox 746 3771 865 3825; x_wconf 88' lang='lat' dir='ltr'><strong>fons</strong></span> <span class='ocrx_word' id='word_1_603' title='bbox 893 3767 1121 3824; x_wconf 88' lang='lat' dir='ltr'><strong>rationis</strong></span> <span class='ocrx_word' id='word_1_604' title='bbox 1147 3767 1288 3838; x_wconf 65' lang='lat' dir='ltr'><strong>(quae</strong></span> <span class='ocrx_word' id='word_1_605' title='bbox 1315 3764 1609 3832; x_wconf 90' lang='lat' dir='ltr'><strong>unicuique</strong></span> <span class='ocrx_word' id='word_1_606' title='bbox 1640 3761 1866 3817; x_wconf 91' lang='lat' dir='ltr'><strong>rationis</strong></span> <span class='ocrx_word' id='word_1_607' title='bbox 1892 3761 2078 3831; x_wconf 89' lang='lat' dir='ltr'><strong>capaci</strong></span> 
     </span>
    </p>
   </div>
   <div class='ocr_carea' id='block_1_69' title="bbox 500 3849 2080 3932">
    <p class='ocr_par' dir='ltr' id='par_1_69' title="bbox 500 3849 2080 3932">
     <span class='ocr_line' id='line_1_69' title="bbox 500 3849 2080 3932; baseline -0.013 -10"><span class='ocrx_word' id='word_1_608' title='bbox 500 3863 840 3932; x_wconf 83' lang='lat' dir='ltr'><strong>iuest),ratio</strong></span> <span class='ocrx_word' id='word_1_609' title='bbox 865 3859 956 3914; x_wconf 89' lang='lat' dir='ltr'><strong>illa</strong></span> <span class='ocrx_word' id='word_1_610' title='bbox 991 3867 1094 3924; x_wconf 91' lang='lat' dir='ltr'><strong>est,</strong></span> <span class='ocrx_word' id='word_1_611' title='bbox 1126 3855 1273 3928; x_wconf 86' lang='lat' dir='ltr'><strong>[cum</strong></span> <span class='ocrx_word' id='word_1_612' title='bbox 1305 3853 1533 3909; x_wconf 89' lang='lat' dir='ltr'><strong>articulo</strong></span> <span class='ocrx_word' id='word_1_613' title='bbox 1554 3850 1596 3924; x_wconf 82' lang='lat'><strong>;]</strong></span> <span class='ocrx_word' id='word_1_614' title='bbox 1623 3866 1746 3906; x_wconf 90' lang='lat' dir='ltr'><strong>cum</strong></span> <span class='ocrx_word' id='word_1_615' title='bbox 1766 3849 1962 3918; x_wconf 84' lang='lat' dir='ltr'><strong>alioqui</strong></span> <span class='ocrx_word' id='word_1_616' title='bbox 1993 3863 2080 3903; x_wconf 88' lang='lat' dir='ltr'><strong>ra-</strong></span> 
     </span>
    </p>
   </div>
   <div class='ocr_carea' id='block_1_70' title="bbox 501 3942 2076 4028">
    <p class='ocr_par' dir='ltr' id='par_1_70' title="bbox 501 3942 2076 4028">
     <span class='ocr_line' id='line_1_70' title="bbox 501 3942 2076 4028; baseline -0.012 -14"><span class='ocrx_word' id='word_1_617' title='bbox 501 3950 602 4024; x_wconf 87' lang='lat' dir='ltr'><strong>tio,</strong></span> <span class='ocrx_word' id='word_1_618' title='bbox 628 3971 750 4028; x_wconf 66' lang='lat' dir='ltr'><strong>quae</strong></span> <span class='ocrx_word' id='word_1_619' title='bbox 775 3956 828 4010; x_wconf 92' lang='lat' dir='ltr'><strong>in</strong></span> <span class='ocrx_word' id='word_1_620' title='bbox 861 3965 1186 4022; x_wconf 89' lang='lat' dir='ltr'><strong>unoquoque</strong></span> <span class='ocrx_word' id='word_1_621' title='bbox 1241 3951 1402 4013; x_wconf 91' lang='lat' dir='ltr'><strong>inest,</strong></span> <span class='ocrx_word' id='word_1_622' title='bbox 1436 3962 1543 4002; x_wconf 94' lang='lat' dir='ltr'><strong>non</strong></span> <span class='ocrx_word' id='word_1_623' title='bbox 1579 3944 1807 4016; x_wconf 89' lang='lat' dir='ltr'><strong>perinde</strong></span> <span class='ocrx_word' id='word_1_624' title='bbox 1836 3942 2076 4014; x_wconf 89' lang='lat' dir='ltr'><strong>proprie,</strong></span> 
     </span>
    </p>
   </div>
   <div class='ocr_carea' id='block_1_71' title="bbox 500 4031 2078 4123">
    <p class='ocr_par' dir='ltr' id='par_1_71' title="bbox 500 4031 2078 4123">
     <span class='ocr_line' id='line_1_71' title="bbox 500 4031 2078 4123; baseline -0.011 -16"><span class='ocrx_word' id='word_1_625' title='bbox 500 4059 663 4123; x_wconf 85' lang='lat' dir='ltr'><strong>atque</strong></span> <span class='ocrx_word' id='word_1_626' title='bbox 692 4050 779 4104; x_wconf 90' lang='lat' dir='ltr'><strong>illa</strong></span> <span class='ocrx_word' id='word_1_627' title='bbox 809 4046 952 4104; x_wconf 91' lang='lat' dir='ltr'><strong>ratio</strong></span> <span class='ocrx_word' id='word_1_628' title='bbox 981 4045 1176 4116; x_wconf 90' lang='lat' dir='ltr'><strong>prima,</strong></span> <span class='ocrx_word' id='word_1_629' title='bbox 1226 4040 1413 4114; x_wconf 71' lang='lat' dir='ltr'><strong>{quam</strong></span> <span class='ocrx_word' id='word_1_630' title='bbox 1455 4041 1658 4097; x_wconf 92' lang='lat' dir='ltr'><strong>fontem</strong></span> <span class='ocrx_word' id='word_1_631' title='bbox 1715 4036 1876 4107; x_wconf 87' lang='lat' dir='ltr'><strong>hujus</strong></span> <span class='ocrx_word' id='word_1_632' title='bbox 1904 4031 2078 4105; x_wconf 78' lang='lat' dir='ltr'><strong>dico,]</strong></span> 
     </span>
    </p>
   </div>
   <div class='ocr_carea' id='block_1_72' title="bbox 575 4149 2082 4240">
    <p class='ocr_par' dir='ltr' id='par_1_72' title="bbox 575 4149 2082 4240">
     <span class='ocr_line' id='line_1_72' title="bbox 575 4149 2082 4240; baseline -0.011 -22"><span class='ocrx_word' id='word_1_633' title='bbox 575 4165 688 4240; x_wconf 78' lang='grc'>(75)</span> <span class='ocrx_word' id='word_1_634' title='bbox 733 4165 940 4240; x_wconf 74' lang='grc' dir='ltr'>Τίθησι</span> <span class='ocrx_word' id='word_1_635' title='bbox 985 4158 1100 4230; x_wconf 81' lang='grc' dir='ltr'><strong>μὲν</strong></span> <span class='ocrx_word' id='word_1_636' title='bbox 1136 4158 1246 4240; x_wconf 63' lang='grc' dir='ltr'><strong>ῃὰρ</strong></span> <span class='ocrx_word' id='word_1_637' title='bbox 1281 4156 1349 4211; x_wconf 86' lang='grc' dir='ltr'>τὸ</span> <span class='ocrx_word' id='word_1_638' title='bbox 1399 4156 1643 4238; x_wconf 62' lang='grc' dir='ltr'>ἂρθρογ,</span> <span class='ocrx_word' id='word_1_639' title='bbox 1675 4152 1950 4240; x_wconf 59' lang='lat' dir='ltr'><strong>6rs,“ete.</strong></span> <span class='ocrx_word' id='word_1_640' title='bbox 1991 4149 2082 4204; x_wconf 86' lang='lat' dir='ltr'><strong>Di-</strong></span> 
     </span>
    </p>
   </div>
   <div class='ocr_carea' id='block_1_73' title="bbox 503 4223 2078 4298">
    <p class='ocr_par' dir='ltr' id='par_1_73' title="bbox 503 4223 2078 4298">
     <span class='ocr_line' id='line_1_73' title="bbox 503 4223 2078 4298; baseline -0.016 -1"><span class='ocrx_word' id='word_1_641' title='bbox 503 4223 726 4298; x_wconf 72' lang='lat' dir='ltr'><strong>stinctio</strong></span> <span class='ocrx_word' id='word_1_642' title='bbox 779 4223 893 4288; x_wconf 56' lang='lat' dir='ltr'><strong>huic</strong></span> <span class='ocrx_word' id='word_1_643' title='bbox 953 4223 1338 4285; x_wconf 77' lang='lat' dir='ltr'><strong>nonnullorum</strong></span> <span class='ocrx_word' id='word_1_644' title='bbox 1387 4223 1634 4282; x_wconf 85' lang='lat' dir='ltr'><strong>convicia</strong></span> <span class='ocrx_word' id='word_1_645' title='bbox 1677 4226 1756 4298; x_wconf 38' lang='lat' dir='ltr'><strong>in‘</strong></span> <span class='ocrx_word' id='word_1_646' title='bbox 1785 4223 2078 4298; x_wconf 69' lang='lat' dir='ltr'><strong>Origenetn</strong></span> 
     </span>
    </p>
   </div>
   <div class='ocr_carea' id='block_1_74' title="bbox 506 4291 2082 4369">
    <p class='ocr_par' dir='ltr' id='par_1_74' title="bbox 506 4291 2082 4369">
     <span class='ocr_line' id='line_1_74' title="bbox 506 4291 2082 4369; baseline -0.015 -3"><span class='ocrx_word' id='word_1_647' title='bbox 506 4291 823 4366; x_wconf 70' lang='lat' dir='ltr'><strong>concitavit.</strong></span> <span class='ocrx_word' id='word_1_648' title='bbox 861 4304 991 4356; x_wconf 87' lang='lat' dir='ltr'><strong>Eam</strong></span> <span class='ocrx_word' id='word_1_649' title='bbox 1032 4301 1250 4369; x_wconf 92' lang='lat' dir='ltr'><strong>quidem</strong></span> <span class='ocrx_word' id='word_1_650' title='bbox 1283 4298 1705 4369; x_wconf 79' lang='lat' dir='ltr'><strong>Chrysostomus</strong></span> <span class='ocrx_word' id='word_1_651' title='bbox 1742 4291 1931 4369; x_wconf 79' lang='lat' dir='ltr'><strong>homil.</strong></span> <span class='ocrx_word' id='word_1_652' title='bbox 1962 4291 2082 4369; x_wconf 41' lang='grc' dir='ltr'><strong>’ὅλη</strong></span> 
     </span>
    </p>
   </div>
   <div class='ocr_carea' id='block_1_75' title="bbox 503 4360 2083 4441">
    <p class='ocr_par' dir='ltr' id='par_1_75' title="bbox 503 4360 2083 4441">
     <span class='ocr_line' id='line_1_75' title="bbox 503 4360 2083 4441; baseline -0.016 -4"><span class='ocrx_word' id='word_1_653' title='bbox 503 4360 690 4441; x_wconf 37' lang='lat' dir='ltr'><strong>ibas,</strong></span> <span class='ocrx_word' id='word_1_654' title='bbox 727 4360 1072 4430; x_wconf 75' lang='lat' dir='ltr'><strong>dissimulato</strong></span> <span class='ocrx_word' id='word_1_655' title='bbox 1109 4370 1350 4424; x_wconf 91' lang='lat' dir='ltr'><strong>auctoris</strong></span> <span class='ocrx_word' id='word_1_656' title='bbox 1399 4360 1639 4441; x_wconf 73' lang='lat' dir='ltr'><strong>nomine,</strong></span> <span class='ocrx_word' id='word_1_657' title='bbox 1689 4363 1952 4441; x_wconf 82' lang='lat' dir='ltr'><strong>explodit.</strong></span> <span class='ocrx_word' id='word_1_658' title='bbox 1986 4360 2083 4441; x_wconf 69' lang='grc' dir='ltr'><strong>Λιι-</strong></span> 
     </span>
    </p>
   </div>
   <div class='ocr_carea' id='block_1_76' title="bbox 509 4432 2078 4512">
    <p class='ocr_par' dir='ltr' id='par_1_76' title="bbox 509 4432 2078 4512">
     <span class='ocr_line' id='line_1_76' title="bbox 509 4432 2078 4512; baseline -0.016 -6"><span class='ocrx_word' id='word_1_659' title='bbox 509 4432 812 4506; x_wconf 62' lang='grc' dir='ltr'><strong>ίιέιιόὶεεειιι</strong></span> <span class='ocrx_word' id='word_1_660' title='bbox 849 4443 1122 4512; x_wconf 90' lang='lat' dir='ltr'><strong>quomodo</strong></span> <span class='ocrx_word' id='word_1_661' title='bbox 1162 4441 1218 4495; x_wconf 92' lang='lat' dir='ltr'><strong>in</strong></span> <span class='ocrx_word' id='word_1_662' title='bbox 1267 4437 1623 4512; x_wconf 76' lang='lat' dir='ltr'><strong>sequentibus</strong></span> <span class='ocrx_word' id='word_1_663' title='bbox 1645 4436 1928 4512; x_wconf 71' lang='lat' dir='ltr'><strong>explicata</strong></span> <span class='ocrx_word' id='word_1_664' title='bbox 1961 4432 2078 4512; x_wconf 40' lang='grc' dir='ltr'><strong>ξιιμ</strong></span> 
     </span>
    </p>
   </div>
   <div class='ocr_carea' id='block_1_77' title="bbox 508 4498 2084 4582">
    <p class='ocr_par' dir='ltr' id='par_1_77' title="bbox 508 4498 2084 4582">
     <span class='ocr_line' id='line_1_77' title="bbox 508 4498 2084 4582; baseline -0.026 10"><span class='ocrx_word' id='word_1_665' title='bbox 508 4498 934 4581; x_wconf 54' lang='grc' dir='ltr'><strong>Ῑῖεὲὶὲὶῗῖἢίιυὶι.</strong></span> <span class='ocrx_word' id='word_1_666' title='bbox 965 4513 1110 4582; x_wconf 83' lang='lat' dir='ltr'><strong>quod</strong></span> <span class='ocrx_word' id='word_1_667' title='bbox 1150 4527 1220 4566; x_wconf 81' lang='lat' dir='ltr'><strong>ex</strong></span> <span class='ocrx_word' id='word_1_668' title='bbox 1255 4498 1492 4582; x_wconf 60' lang='lat' dir='ltr'><strong>se_&#39;_Deus</strong></span> <span class='ocrx_word' id='word_1_669' title='bbox 1523 4507 1614 4568; x_wconf 88' lang='lat' dir='ltr'><strong>sit,</strong></span> <span class='ocrx_word' id='word_1_670' title='bbox 1645 4498 1752 4582; x_wconf 80' lang='lat' dir='ltr'><strong>hoc</strong></span> <span class='ocrx_word' id='word_1_671' title='bbox 1776 4513 1897 4582; x_wconf 50' lang='grc' dir='ltr'>ρει,</span> <span class='ocrx_word' id='word_1_672' title='bbox 1921 4498 2084 4556; x_wconf 67' lang='grc' dir='ltr'>αὑτό-</span> 
     </span>
    </p>
   </div>
   <div class='ocr_carea' id='block_1_78' title="bbox 508 4571 2087 4654">
    <p class='ocr_par' dir='ltr' id='par_1_78' title="bbox 508 4571 2087 4654">
     <span class='ocr_line' id='line_1_78' title="bbox 508 4571 2087 4654; baseline -0.015 -8"><span class='ocrx_word' id='word_1_673' title='bbox 508 4571 722 4654; x_wconf 55' lang='grc' dir='ltr'>ὸέόξέι</span> <span class='ocrx_word' id='word_1_674' title='bbox 754 4571 886 4647; x_wconf 79' lang='grc' dir='ltr'><strong>Θὲός</strong></span> <span class='ocrx_word' id='word_1_675' title='bbox 924 4571 1234 4654; x_wconf 74' lang='lat' dir='ltr'><strong>appellatur</strong></span> <span class='ocrx_word' id='word_1_676' title='bbox 1266 4579 1514 4654; x_wconf 28' lang='lat' dir='ltr'><strong>:‘Filius,</strong></span> <span class='ocrx_word' id='word_1_677' title='bbox 1564 4575 1817 4654; x_wconf 79' lang='lat' dir='ltr'><strong>quod__sit</strong></span> <span class='ocrx_word' id='word_1_678' title='bbox 1861 4571 2008 4654; x_wconf 65' lang='lat' dir='ltr'><strong>Deus</strong></span> <span class='ocrx_word' id='word_1_679' title='bbox 2057 4585 2087 4622; x_wconf 87' lang='lat' dir='ltr'><strong>a</strong></span> 
     </span>
    </p>
   </div>
   <div class='ocr_carea' id='block_1_79' title="bbox 508 4641 2089 4724">
    <p class='ocr_par' dir='ltr' id='par_1_79' title="bbox 508 4641 2089 4724">
     <span class='ocr_line' id='line_1_79' title="bbox 508 4641 2089 4724; baseline -0.015 -7"><span class='ocrx_word' id='word_1_680' title='bbox 508 4641 694 4724; x_wconf 54' lang='lat' dir='ltr'><strong>i’ati&#39;e,</strong></span> <span class='ocrx_word' id='word_1_681' title='bbox 732 4641 884 4712; x_wconf 49' lang='lat' dir='ltr'><strong>Deus&#39;</strong></span> <span class='ocrx_word' id='word_1_682' title='bbox 917 4641 982 4708; x_wconf 75' lang='lat' dir='ltr'><strong>de</strong></span> <span class='ocrx_word' id='word_1_683' title='bbox 1003 4641 1146 4717; x_wconf 59' lang='lat' dir='ltr'><strong>&#39;Deo,</strong></span> <span class='ocrx_word' id='word_1_684' title='bbox 1173 4660 1252 4705; x_wconf 86' lang='lat' dir='ltr'><strong>ut</strong></span> <span class='ocrx_word' id='word_1_685' title='bbox 1277 4641 1536 4724; x_wconf 63' lang='lat' dir='ltr'><strong>loquitur</strong></span> <span class='ocrx_word' id='word_1_686' title='bbox 1568 4641 1863 4702; x_wconf 76' lang='lat' dir='ltr'><strong>concilium</strong></span> <span class='ocrx_word' id='word_1_687' title='bbox 1911 4641 2089 4697; x_wconf 62' lang='lat' dir='ltr'><strong>Nica-</strong></span> 
     </span>
    </p>
   </div>
   <div class='ocr_carea' id='block_1_80' title="bbox 509 4720 1540 4795">
    <p class='ocr_par' dir='ltr' id='par_1_80' title="bbox 509 4720 1540 4795">
     <span class='ocr_line' id='line_1_80' title="bbox 509 4720 1540 4795; baseline -0.014 -8"><span class='ocrx_word' id='word_1_688' title='bbox 509 4748 663 4795; x_wconf 75' lang='lat' dir='ltr'><strong>nuin,</strong></span> <span class='ocrx_word' id='word_1_689' title='bbox 683 4720 821 4788; x_wconf 51' lang='grc' dir='ltr'>⁷Θεός</span> <span class='ocrx_word' id='word_1_690' title='bbox 849 4724 1112 4780; x_wconf 88' lang='lat' dir='ltr'><strong>dicendus</strong></span> <span class='ocrx_word' id='word_1_691' title='bbox 1139 4731 1244 4795; x_wconf 83' lang='lat' dir='ltr'><strong>est.</strong></span> <span class='ocrx_word' id='word_1_692' title='bbox 1277 4720 1540 4795; x_wconf 61' lang='lat' dir='ltr'><strong>Hunnus.</strong></span> 
     </span>
    </p>
   </div>
   <div class='ocr_carea' id='block_1_81' title="bbox 584 4781 2090 4875">
    <p class='ocr_par' dir='ltr' id='par_1_81' title="bbox 584 4781 2090 4875">
     <span class='ocr_line' id='line_1_81' title="bbox 584 4781 2090 4875; baseline -0.011 -22"><span class='ocrx_word' id='word_1_693' title='bbox 584 4781 1109 4875; x_wconf 45' lang='lat' dir='ltr'><strong>(itijfo&#39;rutpdaoy</strong></span> <span class='ocrx_word' id='word_1_694' title='bbox 1139 4792 1251 4872; x_wconf 58' lang='grc' dir='ltr'>γὰρ</span> <span class='ocrx_word' id='word_1_695' title='bbox 1279 4791 1462 4875; x_wconf 53' lang='lat' dir='ltr'><strong>(insul,</strong></span> <span class='ocrx_word' id='word_1_696' title='bbox 1505 4797 1611 4875; x_wconf 68' lang='lat' dir='ltr'><strong>etc.</strong></span> <span class='ocrx_word' id='word_1_697' title='bbox 1651 4781 1938 4875; x_wconf 51' lang='lat' dir='ltr'><strong>§ententi1</strong></span> <span class='ocrx_word' id='word_1_698' title='bbox 1972 4783 2090 4875; x_wconf 76' lang='lat' dir='ltr'><strong>hzec</strong></span> 
     </span>
    </p>
   </div>
   <div class='ocr_carea' id='block_1_82' title="bbox 514 4853 2087 4931">
    <p class='ocr_par' dir='ltr' id='par_1_82' title="bbox 514 4853 2087 4931">
     <span class='ocr_line' id='line_1_82' title="bbox 514 4853 2087 4931; baseline -0.016 -3"><span class='ocrx_word' id='word_1_699' title='bbox 514 4853 604 4928; x_wconf 53' lang='lat' dir='ltr'><strong>esi</strong></span> <span class='ocrx_word' id='word_1_700' title='bbox 639 4853 806 4924; x_wconf 70' lang='lat' dir='ltr'><strong>totius</strong></span> <span class='ocrx_word' id='word_1_701' title='bbox 836 4853 1263 4931; x_wconf 71' lang='lat' dir='ltr'><strong>disputationis:</strong></span> <span class='ocrx_word' id='word_1_702' title='bbox 1312 4856 1781 4931; x_wconf 71' lang='lat' dir='ltr'><strong>Quemadmodum</strong></span> <span class='ocrx_word' id='word_1_703' title='bbox 1818 4869 1848 4907; x_wconf 94' lang='lat' dir='ltr'><strong>a</strong></span> <span class='ocrx_word' id='word_1_704' title='bbox 1899 4853 2087 4916; x_wconf 87' lang='lat' dir='ltr'><strong>Patre,</strong></span> 
     </span>
    </p>
   </div>
   <div class='ocr_carea' id='block_1_83' title="bbox 517 4926 2092 5012">
    <p class='ocr_par' dir='ltr' id='par_1_83' title="bbox 517 4926 2092 5012">
     <span class='ocr_line' id='line_1_83' title="bbox 517 4926 2092 5012; baseline -0.015 -15"><span class='ocrx_word' id='word_1_705' title='bbox 517 4926 608 5012; x_wconf 78' lang='lat' dir='ltr'><strong>qui</strong></span> <span class='ocrx_word' id='word_1_706' title='bbox 644 4950 729 4995; x_wconf 91' lang='lat' dir='ltr'><strong>est</strong></span> <span class='ocrx_word' id='word_1_707' title='bbox 756 4926 1054 5012; x_wconf 15' lang='lat'><strong>70.65662“,</strong></span> <span class='ocrx_word' id='word_1_708' title='bbox 1080 4936 1255 5012; x_wconf 72' lang='lat' dir='ltr'><strong>habet</strong></span> <span class='ocrx_word' id='word_1_709' title='bbox 1284 4926 1452 5012; x_wconf 79' lang='lat' dir='ltr'><strong>Filius</strong></span> <span class='ocrx_word' id='word_1_710' title='bbox 1484 4937 1546 4984; x_wconf 87' lang='lat' dir='ltr'><strong>ut</strong></span> <span class='ocrx_word' id='word_1_711' title='bbox 1587 4926 1660 5008; x_wconf 73' lang='lat' dir='ltr'><strong>sit</strong></span> <span class='ocrx_word' id='word_1_712' title='bbox 1697 4926 1869 5008; x_wconf 77' lang='lat' dir='ltr'><strong>Deus,</strong></span> <span class='ocrx_word' id='word_1_713' title='bbox 1903 4931 1958 5012; x_wconf 82' lang='lat' dir='ltr'><strong>et</strong></span> <span class='ocrx_word' id='word_1_714' title='bbox 1981 4937 2092 5012; x_wconf 61' lang='lat' dir='ltr'><strong>cae-</strong></span> 
     </span>
    </p>
   </div>
   <div class='ocr_carea' id='block_1_84' title="bbox 519 4994 2090 5078">
    <p class='ocr_par' dir='ltr' id='par_1_84' title="bbox 519 4994 2090 5078">
     <span class='ocr_line' id='line_1_84' title="bbox 519 4994 2090 5078; baseline -0.014 -10"><span class='ocrx_word' id='word_1_715' title='bbox 519 4994 620 5071; x_wconf 61' lang='lat' dir='ltr'><strong>t&#39;eri</strong></span> <span class='ocrx_word' id='word_1_716' title='bbox 663 4994 768 5078; x_wconf 84' lang='lat' dir='ltr'><strong>qui</strong></span> <span class='ocrx_word' id='word_1_717' title='bbox 821 5008 897 5078; x_wconf 81' lang='lat' dir='ltr'><strong>dii</strong></span> <span class='ocrx_word' id='word_1_718' title='bbox 939 4994 1302 5078; x_wconf 78' lang='lat' dir='ltr'><strong>appeilautur,</strong></span> <span class='ocrx_word' id='word_1_719' title='bbox 1357 5002 1483 5078; x_wconf 68' lang='lat' dir='ltr'><strong>quia</strong></span> <span class='ocrx_word' id='word_1_720' title='bbox 1538 4995 1864 5078; x_wconf 76' lang='lat' dir='ltr'><strong>principium</strong></span> <span class='ocrx_word' id='word_1_721' title='bbox 1898 4994 2090 5078; x_wconf 39' lang='lat' dir='ltr'><strong>.t&#39;otius</strong></span> 
     </span>
    </p>
   </div>
   <div class='ocr_carea' id='block_1_85' title="bbox 517 5017 2086 5141">
    <p class='ocr_par' dir='ltr' id='par_1_85' title="bbox 517 5017 2086 5141">
     <span class='ocr_line' id='line_1_85' title="bbox 519 5017 2086 5126; baseline -0.013 -59"><span class='ocrx_word' id='word_1_722' title='bbox 519 5017 620 5071; x_wconf 90' lang='lat' dir='ltr'><strong>teri</strong></span> <span class='ocrx_word' id='word_1_723' title='bbox 678 5017 768 5078; x_wconf 86' lang='lat' dir='ltr'><strong>qui</strong></span> <span class='ocrx_word' id='word_1_724' title='bbox 821 5017 897 5061; x_wconf 84' lang='grc' dir='ltr'><strong>(ΙΙΙ</strong></span> <span class='ocrx_word' id='word_1_725' title='bbox 939 5017 1302 5074; x_wconf 77' lang='lat' dir='ltr'><strong>appellantur,</strong></span> <span class='ocrx_word' id='word_1_726' title='bbox 1357 5017 1483 5126; x_wconf 55' lang='lat' dir='ltr'><strong>gula</strong></span> <span class='ocrx_word' id='word_1_727' title='bbox 1538 5017 1864 5069; x_wconf 84' lang='lat' dir='ltr'><strong>prlllclpttull</strong></span> <span class='ocrx_word' id='word_1_728' title='bbox 1922 5017 2086 5056; x_wconf 68' lang='lat' dir='ltr'><strong>tuupa</strong></span> 
     </span>
     <span class='ocr_line' id='line_1_86' title="bbox 517 5064 2086 5141; baseline -0.015 -3"><span class='ocrx_word' id='word_1_729' title='bbox 517 5079 820 5140; x_wconf 79' lang='lat' dir='ltr'><strong>divinitatis</strong></span> <span class='ocrx_word' id='word_1_730' title='bbox 853 5076 1013 5130; x_wconf 87' lang='lat' dir='ltr'><strong>Pater</strong></span> <span class='ocrx_word' id='word_1_731' title='bbox 1044 5085 1159 5141; x_wconf 87' lang='lat' dir='ltr'><strong>est;</strong></span> <span class='ocrx_word' id='word_1_732' title='bbox 1192 5074 1264 5128; x_wconf 90' lang='lat' dir='ltr'><strong>ita</strong></span> <span class='ocrx_word' id='word_1_733' title='bbox 1295 5089 1325 5126; x_wconf 90' lang='lat' dir='ltr'><strong>a</strong></span> <span class='ocrx_word' id='word_1_734' title='bbox 1403 5071 1516 5133; x_wconf 90' lang='lat' dir='ltr'><strong>ilio,</strong></span> <span class='ocrx_word' id='word_1_735' title='bbox 1561 5067 1653 5137; x_wconf 88' lang='lat' dir='ltr'><strong>qui</strong></span> <span class='ocrx_word' id='word_1_736' title='bbox 1675 5074 1780 5141; x_wconf 39' lang='lat' dir='ltr'><strong>“est</strong></span> <span class='ocrx_word' id='word_1_737' title='bbox 1821 5066 1850 5141; x_wconf 79' lang='grc' dir='ltr'><strong>ό</strong></span> <span class='ocrx_word' id='word_1_738' title='bbox 1885 5064 2086 5141; x_wconf 85' lang='grc' dir='ltr'>Λόγος,</span> 
     </span>
    </p>
   </div>
   <div class='ocr_carea' id='block_1_86' title="bbox 518 5135 2090 5217">
    <p class='ocr_par' dir='ltr' id='par_1_86' title="bbox 518 5135 2090 5217">
     <span class='ocr_line' id='line_1_87' title="bbox 518 5135 2090 5217; baseline -0.013 -7"><span class='ocrx_word' id='word_1_739' title='bbox 518 5135 677 5217; x_wconf 53' lang='lat' dir='ltr'><strong>Fato,</strong></span> <span class='ocrx_word' id='word_1_740' title='bbox 709 5158 765 5204; x_wconf 89' lang='lat' dir='ltr'><strong>et</strong></span> <span class='ocrx_word' id='word_1_741' title='bbox 800 5148 919 5202; x_wconf 84' lang='lat' dir='ltr'><strong>fons</strong></span> <span class='ocrx_word' id='word_1_742' title='bbox 951 5146 1115 5217; x_wconf 83' lang='lat' dir='ltr'><strong>totius</strong></span> <span class='ocrx_word' id='word_1_743' title='bbox 1147 5135 1714 5217; x_wconf 25' lang='lat' dir='ltr'><strong>Vrationis,_h_abeitt_ii_</strong></span> <span class='ocrx_word' id='word_1_744' title='bbox 1753 5135 1845 5204; x_wconf 91' lang='lat' dir='ltr'><strong>qui</strong></span> <span class='ocrx_word' id='word_1_745' title='bbox 1878 5137 2090 5217; x_wconf 65' lang='lat' dir='ltr'><strong>ratipne</strong></span> 
     </span>
    </p>
   </div>
   <div class='ocr_carea' id='block_1_87' title="bbox 521 5204 2086 5282">
    <p class='ocr_par' dir='ltr' id='par_1_87' title="bbox 521 5204 2086 5282">
     <span class='ocr_line' id='line_1_88' title="bbox 521 5204 2086 5282; baseline -0.015 -3"><span class='ocrx_word' id='word_1_746' title='bbox 521 5204 746 5279; x_wconf 67' lang='lat' dir='ltr'><strong>utuntur</strong></span> <span class='ocrx_word' id='word_1_747' title='bbox 777 5229 838 5272; x_wconf 89' lang='lat' dir='ltr'><strong>ut</strong></span> <span class='ocrx_word' id='word_1_748' title='bbox 870 5218 981 5272; x_wconf 85' lang='lat' dir='ltr'><strong>sint</strong></span> <span class='ocrx_word' id='word_1_749' title='bbox 1017 5215 1240 5269; x_wconf 87' lang='lat' dir='ltr'><strong>rationis</strong></span> <span class='ocrx_word' id='word_1_750' title='bbox 1284 5204 1608 5282; x_wconf 49' lang='lat' dir='ltr'><strong>participes:</strong></span> <span class='ocrx_word' id='word_1_751' title='bbox 1647 5208 1811 5282; x_wconf 78' lang='lat' dir='ltr'><strong>Igitur</strong></span> <span class='ocrx_word' id='word_1_752' title='bbox 1859 5214 1917 5258; x_wconf 91' lang='lat' dir='ltr'><strong>ut</strong></span> <span class='ocrx_word' id='word_1_753' title='bbox 1948 5204 2086 5282; x_wconf 74' lang='lat' dir='ltr'><strong>divi-</strong></span> 
     </span>
    </p>
   </div>
   <div class='ocr_carea' id='block_1_88' title="bbox 521 5275 2089 5350">
    <p class='ocr_par' dir='ltr' id='par_1_88' title="bbox 521 5275 2089 5350">
     <span class='ocr_line' id='line_1_89' title="bbox 521 5275 2089 5350; baseline -0.016 0"><span class='ocrx_word' id='word_1_754' title='bbox 521 5275 748 5350; x_wconf 63' lang='lat' dir='ltr'><strong>nitatem</strong></span> <span class='ocrx_word' id='word_1_755' title='bbox 797 5304 950 5342; x_wconf 88' lang='lat' dir='ltr'><strong>suam</strong></span> <span class='ocrx_word' id='word_1_756' title='bbox 999 5285 1137 5339; x_wconf 83' lang='lat' dir='ltr'><strong>Filio</strong></span> <span class='ocrx_word' id='word_1_757' title='bbox 1179 5275 1545 5340; x_wconf 72' lang='lat' dir='ltr'><strong>communicat</strong></span> <span class='ocrx_word' id='word_1_758' title='bbox 1579 5275 1760 5341; x_wconf 68' lang='lat' dir='ltr'><strong>Pater,</strong></span> <span class='ocrx_word' id='word_1_759' title='bbox 1799 5276 1872 5330; x_wconf 90' lang='lat' dir='ltr'><strong>ita</strong></span> <span class='ocrx_word' id='word_1_760' title='bbox 1924 5275 2089 5350; x_wconf 71' lang='lat' dir='ltr'><strong>ratio-</strong></span> 
     </span>
    </p>
   </div>
   <div class='ocr_carea' id='block_1_89' title="bbox 522 5346 2089 5428">
    <p class='ocr_par' dir='ltr' id='par_1_89' title="bbox 522 5346 2089 5428">
     <span class='ocr_line' id='line_1_90' title="bbox 522 5346 2089 5428; baseline -0.013 -9"><span class='ocrx_word' id='word_1_761' title='bbox 522 5346 766 5418; x_wconf 11' lang='lat' dir='ltr'><strong>ne’m&#39;Viis</strong></span> <span class='ocrx_word' id='word_1_762' title='bbox 816 5360 907 5428; x_wconf 90' lang='lat' dir='ltr'><strong>qui</strong></span> <span class='ocrx_word' id='word_1_763' title='bbox 944 5356 1172 5428; x_wconf 81' lang='lat' dir='ltr'><strong>rationis</strong></span> <span class='ocrx_word' id='word_1_764' title='bbox 1221 5353 1515 5428; x_wconf 77' lang='lat' dir='ltr'><strong>participes</strong></span> <span class='ocrx_word' id='word_1_765' title='bbox 1544 5358 1675 5428; x_wconf 88' lang='lat' dir='ltr'><strong>s_unt_</strong></span> <span class='ocrx_word' id='word_1_766' title='bbox 1720 5346 2089 5428; x_wconf 54' lang='grc' dir='ltr'><strong>ο-ριιιςῐιιειιξςίιι</strong></span> 
     </span>
    </p>
   </div>
   <div class='ocr_carea' id='block_1_90' title="bbox 519 5413 2089 5496">
    <p class='ocr_par' dir='ltr' id='par_1_90' title="bbox 519 5413 2089 5496">
     <span class='ocr_line' id='line_1_91' title="bbox 519 5413 2089 5496; baseline -0.013 -7"><span class='ocrx_word' id='word_1_767' title='bbox 519 5413 908 5489; x_wconf 40' lang='grc' dir='ltr'>Ῠῖίίιιεξ-Ρείειι</span> <span class='ocrx_word' id='word_1_768' title='bbox 942 5413 1271 5496; x_wconf 79' lang='lat' dir='ltr'><strong>principium</strong></span> <span class='ocrx_word' id='word_1_769' title='bbox 1303 5432 1386 5477; x_wconf 92' lang='lat' dir='ltr'><strong>est</strong></span> <span class='ocrx_word' id='word_1_770' title='bbox 1411 5413 1708 5496; x_wconf 81' lang='lat' dir='ltr'><strong>divinitatis</strong></span> <span class='ocrx_word' id='word_1_771' title='bbox 1741 5416 1888 5496; x_wconf 77' lang='lat' dir='ltr'><strong>Filii,</strong></span> <span class='ocrx_word' id='word_1_772' title='bbox 1917 5413 2089 5468; x_wconf 87' lang='lat' dir='ltr'><strong>Filius</strong></span> 
     </span>
    </p>
   </div>
   <div class='ocr_carea' id='block_1_91' title="bbox 523 5489 2090 5574">
    <p class='ocr_par' dir='ltr' id='par_1_91' title="bbox 523 5489 2090 5574">
     <span class='ocr_line' id='line_1_92' title="bbox 523 5489 2090 5574; baseline -0.013 -15"><span class='ocrx_word' id='word_1_773' title='bbox 523 5502 849 5574; x_wconf 86' lang='lat' dir='ltr'><strong>principium</strong></span> <span class='ocrx_word' id='word_1_774' title='bbox 876 5489 957 5552; x_wconf 70' lang='lat' dir='ltr'><strong>est</strong></span> <span class='ocrx_word' id='word_1_775' title='bbox 1001 5489 1229 5549; x_wconf 78' lang='lat' dir='ltr'><strong>rationis</strong></span> <span class='ocrx_word' id='word_1_776' title='bbox 1255 5509 1440 5574; x_wconf 76' lang='lat' dir='ltr'><strong>eorum</strong></span> <span class='ocrx_word' id='word_1_777' title='bbox 1461 5492 1561 5574; x_wconf 83' lang='lat' dir='ltr'><strong>_qui</strong></span> <span class='ocrx_word' id='word_1_778' title='bbox 1576 5489 1833 5574; x_wconf 47' lang='lat' dir='ltr'><strong>‘ratiouisl</strong></span> <span class='ocrx_word' id='word_1_779' title='bbox 1862 5499 2090 5574; x_wconf 57' lang='lat' dir='ltr'><strong>capaces</strong></span> 
     </span>
    </p>
   </div>
   <div class='ocr_carea' id='block_1_92' title="bbox 523 5557 2086 5639">
    <p class='ocr_par' dir='ltr' id='par_1_92' title="bbox 523 5557 2086 5639">
     <span class='ocr_line' id='line_1_93' title="bbox 523 5557 2086 5639; baseline -0.013 -11"><span class='ocrx_word' id='word_1_780' title='bbox 523 5557 667 5628; x_wconf 71' lang='lat' dir='ltr'><strong>sunt.</strong></span> <span class='ocrx_word' id='word_1_781' title='bbox 700 5557 876 5639; x_wconf 51' lang='lat' dir='ltr'><strong>ﬁtque</strong></span> <span class='ocrx_word' id='word_1_782' title='bbox 907 5583 973 5622; x_wconf 92' lang='lat' dir='ltr'><strong>eo</strong></span> <span class='ocrx_word' id='word_1_783' title='bbox 1013 5581 1172 5621; x_wconf 87' lang='lat' dir='ltr'><strong>sensu</strong></span> <span class='ocrx_word' id='word_1_784' title='bbox 1209 5573 1268 5619; x_wconf 92' lang='lat' dir='ltr'><strong>ut</strong></span> <span class='ocrx_word' id='word_1_785' title='bbox 1298 5578 1356 5639; x_wconf 80' lang='lat' dir='ltr'><strong>se</strong></span> <span class='ocrx_word' id='word_1_786' title='bbox 1386 5557 1836 5639; x_wconf 47' lang='lat' dir='ltr'><strong>hab‘erPaternad</strong></span> <span class='ocrx_word' id='word_1_787' title='bbox 1869 5557 2086 5639; x_wconf 74' lang='lat' dir='ltr'><strong>Filium,</strong></span> 
     </span>
    </p>
   </div>
   <div class='ocr_carea' id='block_1_93' title="bbox 523 5627 2090 5705">
    <p class='ocr_par' dir='ltr' id='par_1_93' title="bbox 523 5627 2090 5705">
     <span class='ocr_line' id='line_1_94' title="bbox 523 5627 2090 5705; baseline -0.014 -8"><span class='ocrx_word' id='word_1_788' title='bbox 523 5627 598 5697; x_wconf 83' lang='lat' dir='ltr'><strong>ita</strong></span> <span class='ocrx_word' id='word_1_789' title='bbox 641 5627 816 5697; x_wconf 70' lang='lat' dir='ltr'><strong>Filius</strong></span> <span class='ocrx_word' id='word_1_790' title='bbox 859 5640 925 5692; x_wconf 89' lang='lat' dir='ltr'><strong>ad</strong></span> <span class='ocrx_word' id='word_1_791' title='bbox 961 5651 1023 5691; x_wconf 89' lang='lat' dir='ltr'><strong>ea</strong></span> <span class='ocrx_word' id='word_1_792' title='bbox 1065 5651 1184 5705; x_wconf 67' lang='lat' dir='ltr'><strong>qua:</strong></span> <span class='ocrx_word' id='word_1_793' title='bbox 1220 5635 1429 5689; x_wconf 84' lang='lat' dir='ltr'><strong>ratione</strong></span> <span class='ocrx_word' id='word_1_794' title='bbox 1469 5632 1691 5705; x_wconf 79' lang='lat' dir='ltr'><strong>pollent.</strong></span> <span class='ocrx_word' id='word_1_795' title='bbox 1740 5627 2090 5705; x_wconf 72' lang='lat' dir='ltr'><strong>comparatio</strong></span> 
     </span>
    </p>
   </div>
   <div class='ocr_carea' id='block_1_94' title="bbox 522 5695 2090 5784">
    <p class='ocr_par' dir='ltr' id='par_1_94' title="bbox 522 5695 2090 5784">
     <span class='ocr_line' id='line_1_95' title="bbox 522 5695 2090 5784; baseline -0.013 -17"><span class='ocrx_word' id='word_1_796' title='bbox 522 5695 813 5784; x_wconf 2' lang='lat' dir='ltr'><strong>ergo—pham</strong></span> <span class='ocrx_word' id='word_1_797' title='bbox 861 5717 976 5784; x_wconf 59' lang='lat' dir='ltr'><strong>est,</strong></span> <span class='ocrx_word' id='word_1_798' title='bbox 1020 5695 1182 5777; x_wconf 74' lang='lat' dir='ltr'><strong>atque</strong></span> <span class='ocrx_word' id='word_1_799' title='bbox 1216 5721 1282 5761; x_wconf 90' lang='lat' dir='ltr'><strong>ea</strong></span> <span class='ocrx_word' id='word_1_800' title='bbox 1327 5695 1645 5784; x_wconf 72' lang='lat' dir='ltr'><strong>imperfecta</strong></span> <span class='ocrx_word' id='word_1_801' title='bbox 1687 5709 1762 5783; x_wconf 39' lang='lat' dir='ltr'><strong>et.</strong></span> <span class='ocrx_word' id='word_1_802' title='bbox 1794 5699 1848 5752; x_wconf 92' lang='lat' dir='ltr'><strong>in</strong></span> <span class='ocrx_word' id='word_1_803' title='bbox 1903 5695 2090 5750; x_wconf 89' lang='lat' dir='ltr'><strong>multis</strong></span> 
     </span>
    </p>
   </div>
   <div class='ocr_carea' id='block_1_95' title="bbox 516 5771 2088 5847">
    <p class='ocr_par' dir='ltr' id='par_1_95' title="bbox 516 5771 2088 5847">
     <span class='ocr_line' id='line_1_96' title="bbox 516 5771 2088 5847; baseline -0.012 -8"><span class='ocrx_word' id='word_1_804' title='bbox 516 5771 859 5841; x_wconf 62' lang='lat' dir='ltr'><strong>&#39;cl-Iudicans.</strong></span> <span class='ocrx_word' id='word_1_805' title='bbox 911 5771 1312 5845; x_wconf 57' lang='lat' dir='ltr'><strong>Pater&#39;autem,</strong></span> <span class='ocrx_word' id='word_1_806' title='bbox 1357 5771 1483 5847; x_wconf 81' lang='lat' dir='ltr'><strong>quia</strong></span> <span class='ocrx_word' id='word_1_807' title='bbox 1537 5771 1860 5843; x_wconf 86' lang='lat' dir='ltr'><strong>principium</strong></span> <span class='ocrx_word' id='word_1_808' title='bbox 1905 5776 1991 5823; x_wconf 91' lang='lat' dir='ltr'><strong>est</strong></span> <span class='ocrx_word' id='word_1_809' title='bbox 2033 5776 2088 5821; x_wconf 90' lang='lat' dir='ltr'><strong>et</strong></span> 
     </span>
    </p>
   </div>
   <div class='ocr_carea' id='block_1_96' title="bbox 2180 3200 3759 3277">
    <p class='ocr_par' dir='ltr' id='par_1_96' title="bbox 2180 3200 3759 3277">
     <span class='ocr_line' id='line_1_97' title="bbox 2180 3200 3759 3277; baseline -0.004 -18"><span class='ocrx_word' id='word_1_810' title='bbox 2180 3207 2350 3268; x_wconf 70' lang='grc' dir='ltr'>οὕτως</span> <span class='ocrx_word' id='word_1_811' title='bbox 2376 3207 2582 3277; x_wconf 85' lang='grc' dir='ltr'>μήποτε</span> <span class='ocrx_word' id='word_1_812' title='bbox 2605 3203 2832 3276; x_wconf 78' lang='grc' dir='ltr'><strong>διαφέρῃ</strong></span> <span class='ocrx_word' id='word_1_813' title='bbox 2851 3204 2884 3256; x_wconf 89' lang='grc' dir='ltr'><strong>ό</strong></span> <span class='ocrx_word' id='word_1_814' title='bbox 2901 3204 3089 3272; x_wconf 74' lang='grc' dir='ltr'>Λόγος</span> <span class='ocrx_word' id='word_1_815' title='bbox 3109 3205 3204 3256; x_wconf 70' lang='grc' dir='ltr'><strong>κο.)¹</strong></span> <span class='ocrx_word' id='word_1_816' title='bbox 3221 3202 3426 3271; x_wconf 69' lang='grc' dir='ltr'>Λόγος.</span> <span class='ocrx_word' id='word_1_817' title='bbox 3441 3203 3536 3254; x_wconf 88' lang='grc' dir='ltr'><strong>Ὃν</strong></span> <span class='ocrx_word' id='word_1_818' title='bbox 3557 3200 3759 3272; x_wconf 82' lang='grc' dir='ltr'>τρόπον</span> 
     </span>
    </p>
   </div>
   <div class='ocr_carea' id='block_1_97' title="bbox 2182 3291 3755 3368">
    <p class='ocr_par' dir='ltr' id='par_1_97' title="bbox 2182 3291 3755 3368">
     <span class='ocr_line' id='line_1_98' title="bbox 2182 3291 3755 3368; baseline -0.004 -18"><span class='ocrx_word' id='word_1_819' title='bbox 2182 3298 2291 3368; x_wconf 83' lang='grc' dir='ltr'>γὰρ</span> <span class='ocrx_word' id='word_1_820' title='bbox 2312 3299 2340 3349; x_wconf 89' lang='lat'><strong>6</strong></span> <span class='ocrx_word' id='word_1_821' title='bbox 2359 3297 2450 3348; x_wconf 78' lang='grc' dir='ltr'>ἑπὶ</span> <span class='ocrx_word' id='word_1_822' title='bbox 2473 3295 2583 3365; x_wconf 82' lang='grc'>(76)</span> <span class='ocrx_word' id='word_1_823' title='bbox 2607 3296 2738 3348; x_wconf 77' lang='grc' dir='ltr'>πᾶσι</span> <span class='ocrx_word' id='word_1_824' title='bbox 2761 3294 2892 3358; x_wconf 89' lang='grc' dir='ltr'>Θεὸς</span> <span class='ocrx_word' id='word_1_825' title='bbox 2907 3297 2938 3348; x_wconf 82' lang='grc' dir='ltr'><em>ὁ</em></span> <span class='ocrx_word' id='word_1_826' title='bbox 2959 3296 3123 3360; x_wconf 84' lang='grc' dir='ltr'>Θεός,</span> <span class='ocrx_word' id='word_1_827' title='bbox 3143 3294 3236 3346; x_wconf 75' lang='grc' dir='ltr'><strong>καὶ</strong></span> <span class='ocrx_word' id='word_1_828' title='bbox 3258 3294 3354 3363; x_wconf 74' lang='grc' dir='ltr'>οὐχ</span> <span class='ocrx_word' id='word_1_829' title='bbox 3381 3291 3565 3354; x_wconf 74' lang='grc' dir='ltr'>ἀτελῶς</span> <span class='ocrx_word' id='word_1_830' title='bbox 3587 3291 3755 3355; x_wconf 83' lang='grc' dir='ltr'>Θεός,</span> 
     </span>
    </p>
   </div>
   <div class='ocr_carea' id='block_1_98' title="bbox 2185 3381 3762 3456">
    <p class='ocr_par' dir='ltr' id='par_1_98' title="bbox 2185 3381 3762 3456">
     <span class='ocr_line' id='line_1_99' title="bbox 2185 3381 3762 3456; baseline -0.004 -17"><span class='ocrx_word' id='word_1_831' title='bbox 2185 3387 2356 3451; x_wconf 69' lang='grc' dir='ltr'>οὕτως</span> <span class='ocrx_word' id='word_1_832' title='bbox 2384 3388 2418 3456; x_wconf 79' lang='grc' dir='ltr'>ἡ</span> <span class='ocrx_word' id='word_1_833' title='bbox 2450 3385 2600 3456; x_wconf 78' lang='grc' dir='ltr'>πηγὴ</span> <span class='ocrx_word' id='word_1_834' title='bbox 2637 3385 2732 3438; x_wconf 83' lang='grc' dir='ltr'>τοῦ</span> <span class='ocrx_word' id='word_1_835' title='bbox 2761 3385 2820 3438; x_wconf 88' lang='grc' dir='ltr'><strong>ἑν</strong></span> <span class='ocrx_word' id='word_1_836' title='bbox 2855 3384 3068 3454; x_wconf 83' lang='grc' dir='ltr'>ἑκάστῳ</span> <span class='ocrx_word' id='word_1_837' title='bbox 3103 3383 3212 3437; x_wconf 84' lang='grc' dir='ltr'><strong>τῶν</strong></span> <span class='ocrx_word' id='word_1_838' title='bbox 3251 3381 3485 3452; x_wconf 83' lang='grc' dir='ltr'>λογικῶν</span> <span class='ocrx_word' id='word_1_839' title='bbox 3515 3381 3696 3450; x_wconf 84' lang='grc' dir='ltr'>λόγου,</span> <span class='ocrx_word' id='word_1_840' title='bbox 3725 3381 3762 3433; x_wconf 87' lang='grc' dir='ltr'><strong>ό</strong></span> 
     </span>
    </p>
   </div>
   <div class='ocr_carea' id='block_1_99' title="bbox 2187 3470 3763 3546">
    <p class='ocr_par' dir='ltr' id='par_1_99' title="bbox 2187 3470 3763 3546">
     <span class='ocr_line' id='line_1_100' title="bbox 2187 3470 3763 3546; baseline -0.006 -15"><span class='ocrx_word' id='word_1_841' title='bbox 2187 3477 2395 3546; x_wconf 76' lang='grc' dir='ltr'>Λόγος,</span> <span class='ocrx_word' id='word_1_842' title='bbox 2435 3475 2528 3529; x_wconf 81' lang='grc' dir='ltr'>τοῦ</span> <span class='ocrx_word' id='word_1_843' title='bbox 2563 3477 2620 3528; x_wconf 89' lang='grc' dir='ltr'><strong>ἑν</strong></span> <span class='ocrx_word' id='word_1_844' title='bbox 2651 3474 2865 3544; x_wconf 85' lang='grc' dir='ltr'>ἑκάστῳ</span> <span class='ocrx_word' id='word_1_845' title='bbox 2891 3474 3048 3543; x_wconf 81' lang='grc' dir='ltr'>λόγου</span> <span class='ocrx_word' id='word_1_846' title='bbox 3079 3475 3180 3526; x_wconf 84' lang='grc' dir='ltr'><strong>οὐκ</strong></span> <span class='ocrx_word' id='word_1_847' title='bbox 3217 3474 3283 3527; x_wconf 81' lang='grc' dir='ltr'>ἂν</span> <span class='ocrx_word' id='word_1_848' title='bbox 3323 3473 3528 3544; x_wconf 84' lang='grc' dir='ltr'>κυρίως</span> <span class='ocrx_word' id='word_1_849' title='bbox 3558 3470 3763 3541; x_wconf 82' lang='grc' dir='ltr'>ὁμοίως</span> 
     </span>
    </p>
   </div>
   <div class='ocr_carea' id='block_1_100' title="bbox 2187 3564 3762 3640">
    <p class='ocr_par' dir='ltr' id='par_1_100' title="bbox 2187 3564 3762 3640">
     <span class='ocr_line' id='line_1_101' title="bbox 2187 3564 3762 3640; baseline -0.004 -18"><span class='ocrx_word' id='word_1_850' title='bbox 2187 3568 2264 3639; x_wconf 82' lang='grc' dir='ltr'><strong>τῷ</strong></span> <span class='ocrx_word' id='word_1_851' title='bbox 2286 3567 2484 3640; x_wconf 86' lang='grc' dir='ltr'>πρώτῳ</span> <span class='ocrx_word' id='word_1_852' title='bbox 2513 3566 2904 3638; x_wconf 82' lang='grc' dir='ltr'>ὀνομασθέντος</span> <span class='ocrx_word' id='word_1_853' title='bbox 2924 3566 3017 3618; x_wconf 67' lang='grc' dir='ltr'>καὶ</span> <span class='ocrx_word' id='word_1_854' title='bbox 3043 3564 3342 3635; x_wconf 82' lang='grc' dir='ltr'>λεχθέντος,</span> <span class='ocrx_word' id='word_1_855' title='bbox 3369 3567 3401 3617; x_wconf 86' lang='grc' dir='ltr'><strong>ό</strong></span> <span class='ocrx_word' id='word_1_856' title='bbox 3418 3564 3624 3632; x_wconf 73' lang='grc' dir='ltr'>Λόγος.</span> <span class='ocrx_word' id='word_1_857' title='bbox 3649 3566 3762 3617; x_wconf 73' lang='grc' dir='ltr'>Καὶ</span> 
     </span>
    </p>
   </div>
   <div class='ocr_carea' id='block_1_101' title="bbox 2181 3646 3764 3726">
    <p class='ocr_par' dir='ltr' id='par_1_101' title="bbox 2181 3646 3764 3726">
     <span class='ocr_line' id='line_1_102' title="bbox 2181 3646 3764 3726; baseline -0.012 -10"><span class='ocrx_word' id='word_1_858' title='bbox 2181 3663 2243 3716; x_wconf 91' lang='grc' dir='ltr'>τὸ</span> <span class='ocrx_word' id='word_1_859' title='bbox 2269 3659 2498 3721; x_wconf 79' lang='grc' dir='ltr'>πολλοὺς</span> <span class='ocrx_word' id='word_1_860' title='bbox 2521 3655 2799 3726; x_wconf 83' lang='grc' dir='ltr'>φιλοθὲους</span> <span class='ocrx_word' id='word_1_861' title='bbox 2831 3647 2970 3704; x_wconf 80' lang='grc' dir='ltr'>εἶναι</span> <span class='ocrx_word' id='word_1_862' title='bbox 2997 3649 3321 3720; x_wconf 77' lang='grc' dir='ltr'>εὐχομένους</span> <span class='ocrx_word' id='word_1_863' title='bbox 3348 3647 3640 3719; x_wconf 84' lang='grc' dir='ltr'>ταράσσον,</span> <span class='ocrx_word' id='word_1_864' title='bbox 3670 3646 3764 3698; x_wconf 84' lang='grc' dir='ltr'>εὐ-</span> 
     </span>
    </p>
   </div>
   <div class='ocr_carea' id='block_1_102' title="bbox 2185 3737 3770 3822">
    <p class='ocr_par' dir='ltr' id='par_1_102' title="bbox 2185 3737 3770 3822">
     <span class='ocr_line' id='line_1_103' title="bbox 2185 3737 3770 3822; baseline -0.012 -14"><span class='ocrx_word' id='word_1_865' title='bbox 2185 3750 2548 3822; x_wconf 78' lang='grc' dir='ltr'>λαϐουμένους</span> <span class='ocrx_word' id='word_1_866' title='bbox 2572 3746 2664 3799; x_wconf 84' lang='grc' dir='ltr'><strong>δύο</strong></span> <span class='ocrx_word' id='word_1_867' title='bbox 2701 3741 3063 3814; x_wconf 82' lang='grc' dir='ltr'>ἀναγορεῦσαι</span> <span class='ocrx_word' id='word_1_868' title='bbox 3088 3738 3264 3802; x_wconf 78' lang='grc' dir='ltr'>θεοὺς,</span> <span class='ocrx_word' id='word_1_869' title='bbox 3299 3739 3391 3791; x_wconf 76' lang='grc' dir='ltr'>καὶ</span> <span class='ocrx_word' id='word_1_870' title='bbox 3421 3738 3572 3810; x_wconf 86' lang='grc' dir='ltr'>παρὰ</span> <span class='ocrx_word' id='word_1_871' title='bbox 3608 3737 3770 3790; x_wconf 73' lang='grc' dir='ltr'>τοῦτο</span> 
     </span>
    </p>
   </div>
   <div class='ocr_carea' id='block_1_103' title="bbox 2187 3830 3768 3915">
    <p class='ocr_par' dir='ltr' id='par_1_103' title="bbox 2187 3830 3768 3915">
     <span class='ocr_line' id='line_1_104' title="bbox 2187 3830 3768 3915; baseline -0.011 -14"><span class='ocrx_word' id='word_1_872' title='bbox 2187 3845 2615 3915; x_wconf 83' lang='grc' dir='ltr'>περιπίπτοντας</span> <span class='ocrx_word' id='word_1_873' title='bbox 2638 3837 2853 3907; x_wconf 79' lang='grc' dir='ltr'>ψευδέσι</span> <span class='ocrx_word' id='word_1_874' title='bbox 2900 3835 2994 3888; x_wconf 76' lang='grc' dir='ltr'>καὶ</span> <span class='ocrx_word' id='word_1_875' title='bbox 3037 3830 3254 3887; x_wconf 77' lang='grc' dir='ltr'>ἀσεϐέσι</span> <span class='ocrx_word' id='word_1_876' title='bbox 3299 3831 3599 3901; x_wconf 87' lang='grc' dir='ltr'>δόγμασιν·</span> <span class='ocrx_word' id='word_1_877' title='bbox 3647 3831 3768 3902; x_wconf 66' lang='grc' dir='ltr'>ἢτοι.</span> 
     </span>
    </p>
   </div>
   <div class='ocr_carea' id='block_1_104' title="bbox 2188 3921 3771 4011">
    <p class='ocr_par' dir='ltr' id='par_1_104' title="bbox 2188 3921 3771 4011">
     <span class='ocr_line' id='line_1_105' title="bbox 2188 3921 3771 4011; baseline -0.013 -19"><span class='ocrx_word' id='word_1_878' title='bbox 2188 3936 2551 4011; x_wconf 83' lang='grc' dir='ltr'>ἀρνουμένους</span> <span class='ocrx_word' id='word_1_879' title='bbox 2613 3930 2848 4000; x_wconf 83' lang='grc' dir='ltr'>ἰδιότητα</span> <span class='ocrx_word' id='word_1_880' title='bbox 2873 3926 2985 3996; x_wconf 89' lang='grc'>(77)</span> <span class='ocrx_word' id='word_1_881' title='bbox 3040 3923 3174 3978; x_wconf 85' lang='grc' dir='ltr'>Υἱοῦ</span> <span class='ocrx_word' id='word_1_882' title='bbox 3231 3922 3424 3994; x_wconf 83' lang='grc' dir='ltr'>ἑτέραν</span> <span class='ocrx_word' id='word_1_883' title='bbox 3470 3921 3622 3993; x_wconf 79' lang='grc' dir='ltr'><strong>παρά</strong></span> <span class='ocrx_word' id='word_1_884' title='bbox 3669 3921 3771 3993; x_wconf 81' lang='grc' dir='ltr'>τὴν</span> 
     </span>
    </p>
   </div>
   <div class='ocr_carea' id='block_1_105' title="bbox 2184 4009 3770 4099">
    <p class='ocr_par' dir='ltr' id='par_1_105' title="bbox 2184 4009 3770 4099">
     <span class='ocr_line' id='line_1_106' title="bbox 2184 4009 3770 4099; baseline -0.013 -13"><span class='ocrx_word' id='word_1_885' title='bbox 2184 4009 2278 4086; x_wconf 79' lang='grc' dir='ltr'><strong>τοῦ</strong></span> <span class='ocrx_word' id='word_1_886' title='bbox 2317 4027 2564 4099; x_wconf 88' lang='grc' dir='ltr'>Πατρὸς,</span> <span class='ocrx_word' id='word_1_887' title='bbox 2616 4019 3011 4095; x_wconf 80' lang='grc' dir='ltr'>ὁμολογοῦντας</span> <span class='ocrx_word' id='word_1_888' title='bbox 3057 4015 3193 4070; x_wconf 88' lang='grc' dir='ltr'>Θεὸν</span> <span class='ocrx_word' id='word_1_889' title='bbox 3252 4009 3390 4070; x_wconf 82' lang='grc' dir='ltr'>εῐναι</span> <span class='ocrx_word' id='word_1_890' title='bbox 3451 4013 3545 4067; x_wconf 90' lang='grc' dir='ltr'><strong>τὸν</strong></span> <span class='ocrx_word' id='word_1_891' title='bbox 3606 4011 3770 4085; x_wconf 86' lang='grc' dir='ltr'>μέχρι</span> 
     </span>
    </p>
   </div>
   <div class='ocr_carea' id='block_1_106' title="bbox 2191 4127 3769 4200">
    <p class='ocr_par' dir='ltr' id='par_1_106' title="bbox 2191 4127 3769 4200">
     <span class='ocr_line' id='line_1_107' title="bbox 2191 4127 3769 4200; baseline -0.012 -2"><span class='ocrx_word' id='word_1_892' title='bbox 2191 4144 2316 4200; x_wconf 89' lang='lat' dir='ltr'><strong>fons</strong></span> <span class='ocrx_word' id='word_1_893' title='bbox 2359 4138 2657 4195; x_wconf 89' lang='lat' dir='ltr'><strong>divinitatis</strong></span> <span class='ocrx_word' id='word_1_894' title='bbox 2694 4135 2882 4199; x_wconf 92' lang='lat' dir='ltr'><strong>totius,</strong></span> <span class='ocrx_word' id='word_1_895' title='bbox 2913 4133 3036 4188; x_wconf 88' lang='lat' dir='ltr'><strong>inde</strong></span> <span class='ocrx_word' id='word_1_896' title='bbox 3064 4146 3184 4183; x_wconf 89' lang='lat' dir='ltr'><strong>eum</strong></span> <span class='ocrx_word' id='word_1_897' title='bbox 3215 4128 3468 4199; x_wconf 85' lang='grc' dir='ltr'>ἀληθινὸν</span> <span class='ocrx_word' id='word_1_898' title='bbox 3514 4127 3769 4200; x_wconf 34' lang='grc' dir='ltr'>ΘεῌόνᾹερρ</span> 
     </span>
    </p>
   </div>
   <div class='ocr_carea' id='block_1_107' title="bbox 2191 4197 3772 4284">
    <p class='ocr_par' dir='ltr' id='par_1_107' title="bbox 2191 4197 3772 4284">
     <span class='ocr_line' id='line_1_108' title="bbox 2191 4197 3772 4284; baseline -0.013 -15"><span class='ocrx_word' id='word_1_899' title='bbox 2191 4197 2454 4284; x_wconf 76' lang='lat' dir='ltr'><strong>pellavit;</strong></span> <span class='ocrx_word' id='word_1_900' title='bbox 2504 4207 2696 4284; x_wconf 63' lang='lat' dir='ltr'><strong>reliqui</strong></span> <span class='ocrx_word' id='word_1_901' title='bbox 2749 4197 2927 4284; x_wconf 70' lang='lat' dir='ltr'><strong>autem</strong></span> <span class='ocrx_word' id='word_1_902' title='bbox 2977 4201 3202 4284; x_wconf 31' lang='grc' dir='ltr'>θεοὶ-τῇ</span> <span class='ocrx_word' id='word_1_903' title='bbox 3242 4197 3460 4284; x_wconf 37' lang='grc' dir='ltr'>,μετοχῇ</span> <span class='ocrx_word' id='word_1_904' title='bbox 3504 4197 3599 4284; x_wconf 57' lang='grc' dir='ltr'>τεῦ</span> <span class='ocrx_word' id='word_1_905' title='bbox 3631 4197 3772 4250; x_wconf 80' lang='grc' dir='ltr'>Θεοῦ</span> 
     </span>
    </p>
   </div>
   <div class='ocr_carea' id='block_1_108' title="bbox 2187 4268 3767 4354">
    <p class='ocr_par' dir='ltr' id='par_1_108' title="bbox 2187 4268 3767 4354">
     <span class='ocr_line' id='line_1_109' title="bbox 2187 4268 3767 4354; baseline -0.009 -16"><span class='ocrx_word' id='word_1_906' title='bbox 2187 4268 2486 4354; x_wconf 59' lang='grc' dir='ltr'>γινόμενοι,</span> <span class='ocrx_word' id='word_1_907' title='bbox 2529 4268 2701 4334; x_wconf 77' lang='lat' dir='ltr'><strong>Filius</strong></span> <span class='ocrx_word' id='word_1_908' title='bbox 2735 4275 3016 4354; x_wconf 67' lang='lat' dir='ltr'><strong>nimirum,</strong></span> <span class='ocrx_word' id='word_1_909' title='bbox 3061 4281 3118 4326; x_wconf 91' lang='lat' dir='ltr'><strong>et</strong></span> <span class='ocrx_word' id='word_1_910' title='bbox 3164 4268 3267 4340; x_wconf 77' lang='lat' dir='ltr'><strong>qui</strong></span> <span class='ocrx_word' id='word_1_911' title='bbox 3289 4271 3370 4354; x_wconf 76' lang='lat' dir='ltr'><strong>dii_</strong></span> <span class='ocrx_word' id='word_1_912' title='bbox 3393 4268 3767 4351; x_wconf 77' lang='lat' dir='ltr'><strong>appellantur.</strong></span> 
     </span>
    </p>
   </div>
   <div class='ocr_carea' id='block_1_109' title="bbox 2188 4340 3769 4409">
    <p class='ocr_par' dir='ltr' id='par_1_109' title="bbox 2188 4340 3769 4409">
     <span class='ocr_line' id='line_1_110' title="bbox 2188 4340 3769 4409; baseline -0.013 0"><span class='ocrx_word' id='word_1_913' title='bbox 2188 4340 2260 4409; x_wconf 76' lang='grc' dir='ltr'><strong>Ᾱι</strong></span> <span class='ocrx_word' id='word_1_914' title='bbox 2290 4340 2630 4406; x_wconf 78' lang='lat' dir='ltr'><strong>divinitatem</strong></span> <span class='ocrx_word' id='word_1_915' title='bbox 2666 4362 2695 4399; x_wconf 90' lang='lat' dir='ltr'><strong>a</strong></span> <span class='ocrx_word' id='word_1_916' title='bbox 2742 4345 2905 4399; x_wconf 90' lang='lat' dir='ltr'><strong>Patre</strong></span> <span class='ocrx_word' id='word_1_917' title='bbox 2954 4358 3061 4397; x_wconf 92' lang='lat' dir='ltr'><strong>non</strong></span> <span class='ocrx_word' id='word_1_918' title='bbox 3104 4357 3210 4394; x_wconf 90' lang='lat' dir='ltr'><strong>uno</strong></span> <span class='ocrx_word' id='word_1_919' title='bbox 3248 4341 3411 4395; x_wconf 89' lang='lat' dir='ltr'><strong>modo</strong></span> <span class='ocrx_word' id='word_1_920' title='bbox 3460 4340 3769 4408; x_wconf 86' lang='lat' dir='ltr'><strong>recipiunt;</strong></span> 
     </span>
    </p>
   </div>
   <div class='ocr_carea' id='block_1_110' title="bbox 2191 4409 3769 4478">
    <p class='ocr_par' dir='ltr' id='par_1_110' title="bbox 2191 4409 3769 4478">
     <span class='ocr_line' id='line_1_111' title="bbox 2191 4409 3769 4478; baseline -0.011 0"><span class='ocrx_word' id='word_1_921' title='bbox 2191 4424 2362 4478; x_wconf 86' lang='lat' dir='ltr'><strong>Filius</strong></span> <span class='ocrx_word' id='word_1_922' title='bbox 2392 4424 2535 4477; x_wconf 90' lang='lat' dir='ltr'><strong>enim</strong></span> <span class='ocrx_word' id='word_1_923' title='bbox 2573 4421 2642 4473; x_wconf 87' lang='lat' dir='ltr'><strong>ita</strong></span> <span class='ocrx_word' id='word_1_924' title='bbox 2674 4417 2816 4472; x_wconf 89' lang='lat' dir='ltr'><strong>Deus</strong></span> <span class='ocrx_word' id='word_1_925' title='bbox 2841 4424 2924 4468; x_wconf 90' lang='lat' dir='ltr'><strong>est</strong></span> <span class='ocrx_word' id='word_1_926' title='bbox 2961 4429 2990 4467; x_wconf 89' lang='lat' dir='ltr'><strong>a</strong></span> <span class='ocrx_word' id='word_1_927' title='bbox 3019 4412 3202 4478; x_wconf 85' lang='lat' dir='ltr'><strong>Patre,</strong></span> <span class='ocrx_word' id='word_1_928' title='bbox 3235 4423 3292 4464; x_wconf 92' lang='lat' dir='ltr'><strong>ut</strong></span> <span class='ocrx_word' id='word_1_929' title='bbox 3323 4424 3426 4464; x_wconf 91' lang='lat' dir='ltr'><strong>una</strong></span> <span class='ocrx_word' id='word_1_930' title='bbox 3462 4409 3769 4478; x_wconf 84' lang='lat' dir='ltr'><strong>eademque</strong></span> 
     </span>
    </p>
   </div>
   <div class='ocr_carea' id='block_1_111' title="bbox 2193 4478 3760 4551">
    <p class='ocr_par' dir='ltr' id='par_1_111' title="bbox 2193 4478 3760 4551">
     <span class='ocr_line' id='line_1_112' title="bbox 2193 4478 3760 4551; baseline -0.013 -2"><span class='ocrx_word' id='word_1_931' title='bbox 2193 4494 2478 4549; x_wconf 82' lang='lat' dir='ltr'><strong>divinitate</strong></span> <span class='ocrx_word' id='word_1_932' title='bbox 2525 4488 2690 4544; x_wconf 82' lang='lat' dir='ltr'><strong>Pater</strong></span> <span class='ocrx_word' id='word_1_933' title='bbox 2735 4496 2791 4542; x_wconf 86' lang='lat' dir='ltr'><strong>et</strong></span> <span class='ocrx_word' id='word_1_934' title='bbox 2829 4483 2998 4539; x_wconf 90' lang='lat' dir='ltr'><strong>Filius</strong></span> <span class='ocrx_word' id='word_1_935' title='bbox 3033 4482 3314 4551; x_wconf 81' lang='lat' dir='ltr'><strong>polleant:</strong></span> <span class='ocrx_word' id='word_1_936' title='bbox 3349 4478 3543 4549; x_wconf 81' lang='lat' dir='ltr'><strong>reliqui</strong></span> <span class='ocrx_word' id='word_1_937' title='bbox 3579 4487 3760 4551; x_wconf 64' lang='lat' dir='ltr'><strong>autem</strong></span> 
     </span>
    </p>
   </div>
   <div class='ocr_carea' id='block_1_112' title="bbox 2191 4546 3770 4629">
    <p class='ocr_par' dir='ltr' id='par_1_112' title="bbox 2191 4546 3770 4629">
     <span class='ocr_line' id='line_1_113' title="bbox 2191 4546 3770 4629; baseline -0.013 -9"><span class='ocrx_word' id='word_1_938' title='bbox 2191 4546 2292 4629; x_wconf 79' lang='lat' dir='ltr'><strong>dii,</strong></span> <span class='ocrx_word' id='word_1_939' title='bbox 2327 4546 2562 4624; x_wconf 87' lang='lat' dir='ltr'><strong>diversa,</strong></span> <span class='ocrx_word' id='word_1_940' title='bbox 2597 4558 2796 4626; x_wconf 87' lang='lat' dir='ltr'><strong>dispari</strong></span> <span class='ocrx_word' id='word_1_941' title='bbox 2839 4546 3196 4629; x_wconf 68' lang='lat' dir='ltr'><strong>et_ina§quali</strong></span> <span class='ocrx_word' id='word_1_942' title='bbox 3231 4546 3518 4606; x_wconf 78' lang='lat' dir='ltr'><strong>divinitate</strong></span> <span class='ocrx_word' id='word_1_943' title='bbox 3553 4546 3770 4629; x_wconf 73' lang='lat' dir='ltr'><strong>pra-diti</strong></span> 
     </span>
    </p>
   </div>
   <div class='ocr_carea' id='block_1_113' title="bbox 2193 4617 3768 4701">
    <p class='ocr_par' dir='ltr' id='par_1_113' title="bbox 2193 4617 3768 4701">
     <span class='ocr_line' id='line_1_114' title="bbox 2193 4617 3768 4701; baseline -0.014 -10"><span class='ocrx_word' id='word_1_944' title='bbox 2193 4617 2330 4691; x_wconf 63' lang='lat' dir='ltr'><strong>Stin.</strong></span> <span class='ocrx_word' id='word_1_945' title='bbox 2362 4631 2441 4688; x_wconf 82' lang='lat' dir='ltr'><strong>Ne</strong></span> <span class='ocrx_word' id='word_1_946' title='bbox 2474 4617 2804 4701; x_wconf 76' lang='lat' dir='ltr'><strong>quemquam</strong></span> <span class='ocrx_word' id='word_1_947' title='bbox 2859 4626 3020 4701; x_wconf 81' lang='lat' dir='ltr'><strong>igitur</strong></span> <span class='ocrx_word' id='word_1_948' title='bbox 3065 4617 3280 4701; x_wconf 76' lang='lat' dir='ltr'><strong>inoveat</strong></span> <span class='ocrx_word' id='word_1_949' title='bbox 3312 4636 3416 4701; x_wconf 67' lang='lat' dir='ltr'><strong>vox</strong></span> <span class='ocrx_word' id='word_1_950' title='bbox 3462 4617 3768 4701; x_wconf 60' lang='grc' dir='ltr'>γινόμενοι,</span> 
     </span>
    </p>
   </div>
   <div class='ocr_carea' id='block_1_114' title="bbox 2193 4689 3773 4774">
    <p class='ocr_par' dir='ltr' id='par_1_114' title="bbox 2193 4689 3773 4774">
     <span class='ocr_line' id='line_1_115' title="bbox 2193 4689 3773 4774; baseline -0.011 -14"><span class='ocrx_word' id='word_1_951' title='bbox 2193 4689 2316 4774; x_wconf 70' lang='lat' dir='ltr'><strong>quae</strong></span> <span class='ocrx_word' id='word_1_952' title='bbox 2351 4704 2420 4758; x_wconf 89' lang='lat' dir='ltr'><strong>iis</strong></span> <span class='ocrx_word' id='word_1_953' title='bbox 2463 4689 2715 4757; x_wconf 61' lang='lat' dir='ltr'><strong>omnibus</strong></span> <span class='ocrx_word' id='word_1_954' title='bbox 2750 4689 3008 4774; x_wconf 68' lang='lat' dir='ltr'><strong>convenit</strong></span> <span class='ocrx_word' id='word_1_955' title='bbox 3059 4692 3150 4774; x_wconf 80' lang='lat' dir='ltr'><strong>qui</strong></span> <span class='ocrx_word' id='word_1_956' title='bbox 3201 4692 3270 4745; x_wconf 92' lang='lat' dir='ltr'><strong>ab</strong></span> <span class='ocrx_word' id='word_1_957' title='bbox 3308 4691 3415 4745; x_wconf 89' lang='lat' dir='ltr'><strong>alio</strong></span> <span class='ocrx_word' id='word_1_958' title='bbox 3462 4689 3666 4769; x_wconf 75' lang='lat' dir='ltr'><strong>habent</strong></span> <span class='ocrx_word' id='word_1_959' title='bbox 3711 4697 3773 4742; x_wconf 87' lang='lat' dir='ltr'><strong>ut</strong></span> 
     </span>
    </p>
   </div>
   <div class='ocr_carea' id='block_1_115' title="bbox 2193 4759 3768 4842">
    <p class='ocr_par' dir='ltr' id='par_1_115' title="bbox 2193 4759 3768 4842">
     <span class='ocr_line' id='line_1_116' title="bbox 2193 4759 3768 4842; baseline -0.013 -11"><span class='ocrx_word' id='word_1_960' title='bbox 2193 4759 2324 4837; x_wconf 62' lang='lat' dir='ltr'><strong>s&#39;int,</strong></span> <span class='ocrx_word' id='word_1_961' title='bbox 2351 4775 2465 4828; x_wconf 89' lang='lat' dir='ltr'><strong>sive</strong></span> <span class='ocrx_word' id='word_1_962' title='bbox 2492 4787 2588 4842; x_wconf 91' lang='lat' dir='ltr'><strong>per</strong></span> <span class='ocrx_word' id='word_1_963' title='bbox 2617 4768 3050 4837; x_wconf 83' lang='lat' dir='ltr'><strong>generationem,</strong></span> <span class='ocrx_word' id='word_1_964' title='bbox 3076 4759 3192 4842; x_wconf 68' lang='lat' dir='ltr'><strong>sive</strong></span> <span class='ocrx_word' id='word_1_965' title='bbox 3216 4775 3315 4842; x_wconf 66' lang='lat' dir='ltr'><strong>per</strong></span> <span class='ocrx_word' id='word_1_966' title='bbox 3342 4759 3768 4842; x_wconf 70' lang='lat' dir='ltr'><strong>processionern,</strong></span> 
     </span>
    </p>
   </div>
   <div class='ocr_carea' id='block_1_116' title="bbox 2193 4829 3775 4915">
    <p class='ocr_par' dir='ltr' id='par_1_116' title="bbox 2193 4829 3775 4915">
     <span class='ocr_line' id='line_1_117' title="bbox 2193 4829 3775 4915; baseline -0.013 -14"><span class='ocrx_word' id='word_1_967' title='bbox 2193 4829 2323 4902; x_wconf 40' lang='lat' dir='ltr'><strong>sive.</strong></span> <span class='ocrx_word' id='word_1_968' title='bbox 2341 4860 2438 4915; x_wconf 80' lang='lat' dir='ltr'><strong>per</strong></span> <span class='ocrx_word' id='word_1_969' title='bbox 2480 4829 2835 4904; x_wconf 63' lang='lat' dir='ltr'><strong>creationem,</strong></span> <span class='ocrx_word' id='word_1_970' title='bbox 2883 4846 2942 4890; x_wconf 95' lang='lat' dir='ltr'><strong>ut</strong></span> <span class='ocrx_word' id='word_1_971' title='bbox 2975 4834 3135 4915; x_wconf 80' lang='lat' dir='ltr'><strong>paulo</strong></span> <span class='ocrx_word' id='word_1_972' title='bbox 3177 4829 3775 4915; x_wconf 28' lang='lat' dir='ltr'><strong>ipfra’demoustrabi-</strong></span> 
     </span>
    </p>
   </div>
   <div class='ocr_carea' id='block_1_117' title="bbox 2193 4900 3774 4980">
    <p class='ocr_par' dir='ltr' id='par_1_117' title="bbox 2193 4900 3774 4980">
     <span class='ocr_line' id='line_1_118' title="bbox 2193 4900 3774 4980; baseline -0.015 -8"><span class='ocrx_word' id='word_1_973' title='bbox 2193 4900 2356 4972; x_wconf 51' lang='lat' dir='ltr'><strong>fnus.‘</strong></span> <span class='ocrx_word' id='word_1_974' title='bbox 2392 4913 2795 4980; x_wconf 80' lang='lat' dir='ltr'><strong>Nonnunquam</strong></span> <span class='ocrx_word' id='word_1_975' title='bbox 2821 4900 2830 4904; x_wconf 56' lang='grc'><strong>⁷</strong></span> <span class='ocrx_word' id='word_1_976' title='bbox 2853 4900 2992 4980; x_wconf 60' lang='lat' dir='ltr'><strong>vero:</strong></span> <span class='ocrx_word' id='word_1_977' title='bbox 3033 4902 3374 4980; x_wconf 73' lang='lat' dir='ltr'><strong>simpliciter,</strong></span> <span class='ocrx_word' id='word_1_978' title='bbox 3429 4917 3448 4951; x_wconf 81' lang='grc' dir='ltr'><strong>ι</strong></span> <span class='ocrx_word' id='word_1_979' title='bbox 3476 4900 3774 4980; x_wconf 71' lang='lat' dir='ltr'><strong>exsistere,</strong></span> 
     </span>
    </p>
   </div>
   <div class='ocr_carea' id='block_1_118' title="bbox 2191 4970 3772 5051">
    <p class='ocr_par' dir='ltr' id='par_1_118' title="bbox 2191 4970 3772 5051">
     <span class='ocr_line' id='line_1_119' title="bbox 2191 4970 3772 5051; baseline -0.015 -9"><span class='ocrx_word' id='word_1_980' title='bbox 2191 4970 2336 5051; x_wconf 82' lang='lat' dir='ltr'><strong>esse,</strong></span> <span class='ocrx_word' id='word_1_981' title='bbox 2361 5005 2378 5037; x_wconf 79' lang='grc' dir='ltr'>ι</span> <span class='ocrx_word' id='word_1_982' title='bbox 2420 4970 2710 5051; x_wconf 72' lang='lat' dir='ltr'><strong>significat.</strong></span> <span class='ocrx_word' id='word_1_983' title='bbox 2756 4980 2934 5051; x_wconf 83' lang='lat' dir='ltr'><strong>Atque</strong></span> <span class='ocrx_word' id='word_1_984' title='bbox 2978 4975 3094 5031; x_wconf 59' lang='lat' dir='ltr'><strong>hac</strong></span> <span class='ocrx_word' id='word_1_985' title='bbox 3125 4970 3340 5051; x_wconf 57' lang='lat' dir='ltr'><strong>Quidem</strong></span> <span class='ocrx_word' id='word_1_986' title='bbox 3376 4970 3645 5051; x_wconf 72' lang='lat' dir='ltr'><strong>posterior</strong></span> <span class='ocrx_word' id='word_1_987' title='bbox 3675 4983 3772 5021; x_wconf 87' lang='lat' dir='ltr'><strong>no-</strong></span> 
     </span>
    </p>
   </div>
   <div class='ocr_carea' id='block_1_119' title="bbox 2194 5039 3773 5122">
    <p class='ocr_par' dir='ltr' id='par_1_119' title="bbox 2194 5039 3773 5122">
     <span class='ocr_line' id='line_1_120' title="bbox 2194 5039 3773 5122; baseline -0.014 -10"><span class='ocrx_word' id='word_1_988' title='bbox 2194 5039 2335 5112; x_wconf 72' lang='lat' dir='ltr'><strong>tatio</strong></span> <span class='ocrx_word' id='word_1_989' title='bbox 2363 5039 2499 5110; x_wconf 61' lang='lat' dir='ltr'><strong>huic</strong></span> <span class='ocrx_word' id='word_1_990' title='bbox 2524 5051 2628 5122; x_wconf 90' lang='lat' dir='ltr'><strong>ipsi</strong></span> <span class='ocrx_word' id='word_1_991' title='bbox 2668 5049 2793 5122; x_wconf 85' lang='lat' dir='ltr'><strong>loco</strong></span> <span class='ocrx_word' id='word_1_992' title='bbox 2831 5039 3044 5122; x_wconf 73' lang='lat' dir='ltr'><strong>videtur</strong></span> <span class='ocrx_word' id='word_1_993' title='bbox 3072 5039 3391 5122; x_wconf 57' lang='lat' dir='ltr'><strong>tribuenda.&#39;</strong></span> <span class='ocrx_word' id='word_1_994' title='bbox 3425 5039 3626 5122; x_wconf 38' lang='lat' dir='ltr'><strong>llisoita</strong></span> <span class='ocrx_word' id='word_1_995' title='bbox 3664 5052 3773 5122; x_wconf 59' lang='grc' dir='ltr'><strong>ρξ-</strong></span> 
     </span>
    </p>
   </div>
   <div class='ocr_carea' id='block_1_120' title="bbox 2232 5108 3767 5190">
    <p class='ocr_par' dir='ltr' id='par_1_120' title="bbox 2232 5108 3767 5190">
     <span class='ocr_line' id='line_1_121' title="bbox 2232 5108 3767 5190; baseline -0.013 -10"><span class='ocrx_word' id='word_1_996' title='bbox 2232 5108 2452 5190; x_wconf 68' lang='lat' dir='ltr'><strong>licatis,</strong></span> <span class='ocrx_word' id='word_1_997' title='bbox 2486 5108 2648 5177; x_wconf 72' lang='lat' dir='ltr'><strong>facile</strong></span> <span class='ocrx_word' id='word_1_998' title='bbox 2694 5121 2795 5175; x_wconf 87' lang='lat' dir='ltr'><strong>viri</strong></span> <span class='ocrx_word' id='word_1_999' title='bbox 2849 5117 3131 5190; x_wconf 83' lang='lat' dir='ltr'><strong>cujusdam</strong></span> <span class='ocrx_word' id='word_1_1000' title='bbox 3184 5109 3550 5190; x_wconf 68' lang='lat' dir='ltr'><strong>eruditissimi</strong></span> <span class='ocrx_word' id='word_1_1001' title='bbox 3600 5108 3767 5190; x_wconf 46' lang='lat' dir='ltr'><strong>refe}:</strong></span> 
     </span>
    </p>
   </div>
   <div class='ocr_carea' id='block_1_121' title="bbox 2216 5177 3770 5256">
    <p class='ocr_par' dir='ltr' id='par_1_121' title="bbox 2216 5177 3770 5256">
     <span class='ocr_line' id='line_1_122' title="bbox 2216 5177 3770 5256; baseline -0.014 -4"><span class='ocrx_word' id='word_1_1002' title='bbox 2216 5177 2844 5252; x_wconf 32' lang='lat' dir='ltr'><strong>un&#39;tur&#39;eritninationes,</strong></span> <span class='ocrx_word' id='word_1_1003' title='bbox 2874 5177 2966 5256; x_wconf 77' lang='lat' dir='ltr'><strong>qui</strong></span> <span class='ocrx_word' id='word_1_1004' title='bbox 2999 5201 3070 5241; x_wconf 76' lang='lat' dir='ltr'><strong>ex</strong></span> <span class='ocrx_word' id='word_1_1005' title='bbox 3103 5185 3206 5256; x_wconf 83' lang='lat' dir='ltr'><strong>hoc</strong></span> <span class='ocrx_word' id='word_1_1006' title='bbox 3242 5182 3364 5256; x_wconf 77' lang='lat' dir='ltr'><strong>loco</strong></span> <span class='ocrx_word' id='word_1_1007' title='bbox 3397 5180 3615 5256; x_wconf 65' lang='lat' dir='ltr'><strong>violatae</strong></span> <span class='ocrx_word' id='word_1_1008' title='bbox 3645 5177 3770 5232; x_wconf 86' lang='lat' dir='ltr'><strong>Filii</strong></span> 
     </span>
    </p>
   </div>
   <div class='ocr_carea' id='block_1_122' title="bbox 2190 5252 3776 5340">
    <p class='ocr_par' dir='ltr' id='par_1_122' title="bbox 2190 5252 3776 5340">
     <span class='ocr_line' id='line_1_123' title="bbox 2190 5252 3776 5340; baseline -0.013 -18"><span class='ocrx_word' id='word_1_1009' title='bbox 2190 5266 2480 5340; x_wconf 81' lang='lat' dir='ltr'><strong>dignitatis</strong></span> <span class='ocrx_word' id='word_1_1010' title='bbox 2510 5278 2661 5318; x_wconf 92' lang='lat' dir='ltr'><strong>reum</strong></span> <span class='ocrx_word' id='word_1_1011' title='bbox 2690 5252 2980 5340; x_wconf 72' lang='lat' dir='ltr'><strong>Origenem</strong></span> <span class='ocrx_word' id='word_1_1012' title='bbox 3013 5253 3253 5340; x_wconf 66' lang='lat' dir='ltr'><strong>peragit,</strong></span> <span class='ocrx_word' id='word_1_1013' title='bbox 3289 5252 3420 5309; x_wconf 90' lang='lat' dir='ltr'><strong>licet</strong></span> <span class='ocrx_word' id='word_1_1014' title='bbox 3451 5252 3587 5306; x_wconf 88' lang='lat' dir='ltr'><strong>alias</strong></span> <span class='ocrx_word' id='word_1_1015' title='bbox 3627 5263 3776 5320; x_wconf 68' lang='lat' dir='ltr'><strong>saepe</strong></span> 
     </span>
    </p>
   </div>
   <div class='ocr_carea' id='block_1_123' title="bbox 2191 5324 3268 5403">
    <p class='ocr_par' dir='ltr' id='par_1_123' title="bbox 2191 5324 3268 5403">
     <span class='ocr_line' id='line_1_124' title="bbox 2191 5324 3268 5403; baseline -0.018 -9"><span class='ocrx_word' id='word_1_1016' title='bbox 2191 5324 2470 5394; x_wconf 49' lang='lat' dir='ltr'><strong>inveodent</strong></span> <span class='ocrx_word' id='word_1_1017' title='bbox 2499 5324 2819 5403; x_wconf 75' lang='lat' dir='ltr'><strong>argumento</strong></span> <span class='ocrx_word' id='word_1_1018' title='bbox 2850 5324 3033 5397; x_wconf 79' lang='lat' dir='ltr'><strong>lapsus</strong></span> <span class='ocrx_word' id='word_1_1019' title='bbox 3065 5325 3156 5380; x_wconf 88' lang='lat' dir='ltr'><strong>sit.</strong></span> <span class='ocrx_word' id='word_1_1020' title='bbox 3193 5324 3268 5378; x_wconf 80' lang='lat' dir='ltr'><strong>In.</strong></span> 
     </span>
    </p>
   </div>
   <div class='ocr_carea' id='block_1_124' title="bbox 2265 5410 3778 5501">
    <p class='ocr_par' dir='ltr' id='par_1_124' title="bbox 2265 5410 3778 5501">
     <span class='ocr_line' id='line_1_125' title="bbox 2265 5410 3778 5501; baseline -0.013 -17"><span class='ocrx_word' id='word_1_1021' title='bbox 2265 5429 2589 5501; x_wconf 15' lang='lat' dir='ltr'><strong>(77)7&#39;Htot</strong></span> <span class='ocrx_word' id='word_1_1022' title='bbox 2629 5417 3376 5501; x_wconf 48' lang='lat' dir='ltr'><strong>dgrovygroqudtdmta,</strong></span> <span class='ocrx_word' id='word_1_1023' title='bbox 3416 5413 3635 5501; x_wconf 36' lang='lat' dir='ltr'><strong>etc..Ea</strong></span> <span class='ocrx_word' id='word_1_1024' title='bbox 3673 5410 3778 5501; x_wconf 60' lang='lat' dir='ltr'><strong>fuit</strong></span> 
     </span>
    </p>
   </div>
   <div class='ocr_carea' id='block_1_125' title="bbox 2191 5490 3779 5561">
    <p class='ocr_par' dir='ltr' id='par_1_125' title="bbox 2191 5490 3779 5561">
     <span class='ocr_line' id='line_1_126' title="bbox 2191 5490 3779 5561; baseline -0.014 -2"><span class='ocrx_word' id='word_1_1025' title='bbox 2191 5490 2376 5558; x_wconf 67' lang='grc' dir='ltr'>Νοειῖ</span> <span class='ocrx_word' id='word_1_1026' title='bbox 2399 5499 2620 5553; x_wconf 81' lang='lat' dir='ltr'><strong>haeresis</strong></span> <span class='ocrx_word' id='word_1_1027' title='bbox 2660 5490 2830 5550; x_wconf 57' lang='lat' dir='ltr'><strong>circa&#39;</strong></span> <span class='ocrx_word' id='word_1_1028' title='bbox 2853 5490 3104 5561; x_wconf 80' lang='lat' dir='ltr'><strong>Origettis</strong></span> <span class='ocrx_word' id='word_1_1029' title='bbox 3149 5497 3365 5561; x_wconf 73' lang='lat' dir='ltr'><strong>aetatem</strong></span> <span class='ocrx_word' id='word_1_1030' title='bbox 3403 5493 3592 5539; x_wconf 79' lang='lat' dir='ltr'><strong>exorta</strong></span> <span class='ocrx_word' id='word_1_1031' title='bbox 3617 5494 3779 5561; x_wconf 76' lang='lat' dir='ltr'><strong>,__ttec</strong></span> 
     </span>
    </p>
   </div>
   <div class='ocr_carea' id='block_1_126' title="bbox 2195 5551 3778 5638">
    <p class='ocr_par' dir='ltr' id='par_1_126' title="bbox 2195 5551 3778 5638">
     <span class='ocr_line' id='line_1_127' title="bbox 2195 5551 3778 5638; baseline -0.016 -10"><span class='ocrx_word' id='word_1_1032' title='bbox 2195 5551 2367 5628; x_wconf 69' lang='lat' dir='ltr'><strong>multo</strong></span> <span class='ocrx_word' id='word_1_1033' title='bbox 2399 5551 2520 5638; x_wconf 75' lang='lat' dir='ltr'><strong>post</strong></span> <span class='ocrx_word' id='word_1_1034' title='bbox 2544 5551 2845 5638; x_wconf 87' lang='lat' dir='ltr'><strong>a_Sabellio</strong></span> <span class='ocrx_word' id='word_1_1035' title='bbox 2870 5551 3226 5638; x_wconf 69' lang='lat' dir='ltr'><strong>amplificata.</strong></span> <span class='ocrx_word' id='word_1_1036' title='bbox 3265 5557 3404 5611; x_wconf 81' lang='lat' dir='ltr'><strong>Male</strong></span> <span class='ocrx_word' id='word_1_1037' title='bbox 3429 5563 3609 5638; x_wconf 72' lang='lat' dir='ltr'><strong>autem</strong></span> <span class='ocrx_word' id='word_1_1038' title='bbox 3645 5551 3778 5606; x_wconf 83' lang='grc' dir='ltr'>ιδιό-</span> 
     </span>
    </p>
   </div>
   <div class='ocr_carea' id='block_1_127' title="bbox 2190 5625 3780 5766">
    <p class='ocr_par' dir='ltr' id='par_1_127' title="bbox 2190 5625 3780 5766">
     <span class='ocr_line' id='line_1_128' title="bbox 2190 5625 3780 5766; baseline -0.015 -67"><span class='ocrx_word' id='word_1_1039' title='bbox 2190 5625 2334 5726; x_wconf 43' lang='lat' dir='ltr'><strong>cura</strong></span> <span class='ocrx_word' id='word_1_1040' title='bbox 2347 5625 2540 5766; x_wconf 47' lang='grc' dir='ltr'><strong>Γνέιιὶιὶιι</strong></span> <span class='ocrx_word' id='word_1_1041' title='bbox 2557 5635 2843 5693; x_wconf 82' lang='lat' dir='ltr'><strong>Ferrarius</strong></span> <span class='ocrx_word' id='word_1_1042' title='bbox 2875 5625 3289 5706; x_wconf 81' lang='lat' dir='ltr'><strong>proprietatem,</strong></span> <span class='ocrx_word' id='word_1_1043' title='bbox 3320 5625 3464 5699; x_wconf 83' lang='lat' dir='ltr'><strong>quod</strong></span> <span class='ocrx_word' id='word_1_1044' title='bbox 3495 5637 3780 5695; x_wconf 66' lang='lat' dir='ltr'><strong>personam</strong></span> 
     </span>
     <span class='ocr_line' id='line_1_129' title="bbox 2194 5722 2600 5766; baseline -0.007 0"><span class='ocrx_word' id='word_1_1045' title='bbox 2194 5729 2337 5766; x_wconf 67' lang='lat' dir='ltr'><strong>suam</strong></span> <span class='ocrx_word' id='word_1_1046' title='bbox 2362 5725 2448 5766; x_wconf 78' lang='lat' dir='ltr'><strong>ica</strong></span> <span class='ocrx_word' id='word_1_1047' title='bbox 2477 5745 2494 5764; x_wconf 82' lang='lat'><strong>.</strong></span> <span class='ocrx_word' id='word_1_1048' title='bbox 2546 5722 2600 5764; x_wconf 83' lang='lat' dir='ltr'><strong>n.</strong></span> 
     </span>
    </p>
   </div>
   <div class='ocr_carea' id='block_1_128' title="bbox 2194 5715 2600 5788">
    <p class='ocr_par' dir='ltr' id='par_1_128' title="bbox 2194 5715 2600 5788">
     <span class='ocr_line' id='line_1_130' title="bbox 2194 5715 2600 5788; baseline -0.02 -17"><span class='ocrx_word' id='word_1_1049' title='bbox 2194 5715 2494 5788; x_wconf 75' lang='lat' dir='ltr'><strong>significat.</strong></span> <span class='ocrx_word' id='word_1_1050' title='bbox 2524 5715 2600 5764; x_wconf 82' lang='lat' dir='ltr'><strong>In.</strong></span> 
     </span>
    </p>
   </div>
  </div>
