4174 6404
413 363 522 419 109

1518 365 1876 423 COMMENT.
1919 367 1988 422 IN
2026 367 2217 424 JOAN.
2259 367 2498 425 TOMUS
2538 367 2604 426 ΙΙ.

3561 371 3667 427 no

403 481 670 550 ὀνόματος
725 479 855 549 παρ’
913 477 1095 542 αὐτοῖς
1158 479 1284 534 Υἰὸν
1340 482 1900 553 προσαγορευόμενον·
1959 482 1983 553 ἦ

2100 483 2410 538 nominetur
2437 485 2760 554 dicaturque
2785 484 2874 540 illa
2903 487 3065 554 ratio,
3095 485 3242 558 {cum
3283 489 3565 566 articulo.]
3601 498 3668 553 E;

404 569 778 640 ἀρνουμένους
817 569 916 640 τὴν
956 569 1186 640 θεότητα
1229 570 1363 643 (78)
1406 571 1501 624 τοῦ
1545 572 1711 635 Υἰοῠ,
1752 572 1996 637 τιθέντας

402 661 463 714 δὲ
491 659 656 713 αὑτοῦ
684 659 785 732 τὴν
822 660 1056 732 ἰδιότητα
1089 663 1184 716 καὶ
1206 664 1305 734 τὴν
1332 663 1520 717 οὐσίαν
1557 664 1699 718 κατὰ
1727 682 1993 738 περιγρα-

404 750 516 822 φὴν
540 750 914 821 τυγχάνουσαν
944 753 1136 823 έτέραν
1162 753 1256 805 τοῦ
1303 753 1516 824 Πατρὸς
1539 793 1554 818 ,
1581 753 1827 808 ἐντεῦθεν
1870 755 1992 808 λύε-

406 843 533 897 σθαι
559 842 806 897 δύναται.
836 844 1068 896 Λεκτέον
1097 844 1206 916 γὰρ
1239 843 1453 908 αὐτοῖς,
1487 845 1568 898 ὅτι
1607 844 1728 897 τότε
1761 845 1860 916 μὲν
1898 847 1994 898 αὺ-

405 935 593 999 τόθεος
621 937 650 989 6
680 935 813 998 Θεός
845 938 961 990 ἐστι
982 977 998 1002 ,
1030 936 1222 1008 διόπερ
1245 937 1338 991 καὶ
1363 939 1392 989 6
1421 939 1614 1010 Σωτήρ
1651 955 1812 1009 φησιν
1840 941 1900 993 ὲν
1924 941 1992 1010 τῇ

403 1029 544 1100 πρὸς
567 1029 659 1082 τὸν
688 1029 907 1100 Πατέρα
929 1030 1060 1100 εὐχῇ
1081 1044 1098 1061 ο
1129 1048 1148 1080 ε
1169 1030 1288 1084 Ἵνα
1303 1028 1615 1099 γινώσκωσί
1638 1047 1694 1082 σε
1716 1031 1807 1083 τὸν
1834 1031 1994 1101 μόνον

403 1120 663 1192 ἀληθινὸν
691 1121 825 1174 Θεόν
847 1138 862 1152 ο
893 1141 912 1174 ι
947 1123 1053 1175 πᾶν
1079 1122 1135 1175 δὲ
1167 1122 1228 1174 τὸ
1253 1122 1404 1195 παρὰ
1425 1123 1486 1177 τὸ
1509 1123 1763 1188 αὐτόθεος
1792 1126 1992 1194 μετοχῇ

403 1213 503 1283 τῆς
528 1211 736 1267 ἐκείνου
772 1212 1022 1285 θεότητος
1052 1213 1466 1283 θεοποιοὺμενον
1492 1214 1589 1284 οὐχ
1620 1217 1648 1269 ό
1671 1214 1824 1279 Θεὸς,
1858 1213 1992 1268 ἀλλὰ

400 1304 539 1369 Θεὸς
580 1304 913 1378 κυριώτερον
951 1305 1017 1360 ἂν
1051 1306 1258 1375 λέγοιτο
1285 1304 1420 1377 (79),
1523 1307 1741 1370 πάντως
1772 1309 1802 1360 6
1828 1307 1987 1378 Πρω-

401 1398 621 1461 τότοκος
655 1397 838 1468 πάσης
893 1399 1158 1463 κτίσεως,
1201 1398 1294 1452 ἆτε
1343 1398 1559 1470 πρῶτος
1600 1399 1678 1471 τῷ
1719 1399 1856 1472 πρὸς
1902 1399 2016 1452 τὸν·

399 1488 536 1543 Θεὸν
560 1485 722 1554 εἶναι,
744 1490 958 1555 σπάσας
981 1492 1080 1562 τῆς
1105 1490 1358 1561 θεότητος
1389 1493 1467 1555 εἰς
1501 1492 1712 1557 ἑαυτὸν,
1744 1491 1858 1545 ἔστι
1881 1492 1991 1563 (80)

400 1581 733 1655 τιμιώτερος
757 1586 869 1647 τοῖς
896 1582 1102 1647 λοιποῖς
1136 1586 1265 1656 παρ’
1289 1583 1450 1638 αὐτὸν
1473 1584 1636 1649 θεοῖς.
1679 1577 1754 1638 ὧν
1797 1586 1825 1637 6
1861 1584 1994 1648 Θεὸς

399 1674 536 1740 Θεός
581 1677 698 1730 ἐστι
720 1715 734 1741 ,
763 1675 905 1730 κατὰ
947 1676 1009 1728 τὸ
1053 1675 1366 1748 λεγόμενον,
1414 1697 1433 1728 ι
1468 1677 1602 1741 Θεὸς
1627 1677 1764 1730 θεῶν
1790 1677 1991 1750 Κύριος

401 1766 652 1838 ὲλάλησε,
681 1768 774 1821 καὶ
803 1767 1028 1821 ἐκάλεσε
1053 1767 1152 1838 τὴν
1185 1767 1310 1838 γῆν,
1345 1787 1362 1819 ι
1389 1768 1715 1840 διακονήσας
1745 1768 1806 1821 τὸ
1837 1769 1989 1836 γενέ-

402 1858 526 1913 σθαι
550 1858 714 1924 θεοῖς,
745 1859 856 1913 ἀπὸ
878 1857 972 1912 τοῦ
998 1858 1132 1912 Θεοῦ
1157 1859 1370 1931 ἀρόσας
1405 1861 1486 1924 εἰς
1517 1859 1579 1913 τὸ
1605 1859 1989 1932 θεοποιηθῆναι

2104 575 2232 630 hinc
2260 575 2392 629 solvi
2422 585 2597 645 potest
2634 577 2783 644 illud,
2830 579 2973 647 quod
3004 582 3285 648 perturbat
3315 584 3511 640 multos
3543 604 3665 657 pro-

2098 663 2315 720 lltentes
2344 681 2403 721 se
2435 667 2528 722 Dei
2555 679 2799 723 amantes
2830 684 2972 734 esse,
3000 685 3066 726 ac
3093 683 3344 728 verentes
3372 676 3504 732 duos
3530 695 3664 746 prae-

2095 756 2281 812 dicare
2308 756 2480 825 Deos,
2515 769 2570 814 et
2602 769 2822 832 propter
2857 763 2960 817 hoc
2992 762 3047 818 in
3090 765 3221 820 ﬁalsa
3252 775 3308 822 et
3344 767 3508 838 impia
3559 772 3661 824 do-

2092 859 2270 918 gmata
2295 847 2627 916 incidentes;
2685 851 2772 906 vel
2803 864 3060 924 negantes
3100 855 3488 925 proprietatem
3547 858 3668 915 Filii

2094 952 2216 993 esse
2246 938 2406 993 aliam
2437 955 2468 994 a
2500 940 2679 997 Patris
2720 945 3085 1014 proprietate;
3139 948 3466 1004 conﬁtcntes
3500 949 3667 1006 Deum

2093 1044 2213 1085 esse
2254 1044 2378 1085 cum
2432 1035 2657 1088 nomine
2701 1045 2928 1100 tantum,
2976 1038 3069 1108 qui
3121 1042 3263 1111 apud
3316 1042 3463 1110 ipsos
3501 1044 3674 1102 Filius

2093 1121 2430 1191 appellatur;
2477 1124 2564 1180 vel
2600 1138 2858 1198 negantes
2906 1127 3030 1184 Filii
3079 1129 3448 1202 divinitatem,
3489 1146 3544 1189 et
3575 1150 3667 1206 po-

2095 1225 2288 1272 nentes
2322 1217 2491 1288 ipsius
2550 1222 2937 1290 proprietatem
2984 1231 3040 1277 et
3084 1225 3378 1279 essentiam
3421 1240 3518 1294 per
3560 1229 3667 1284 cir-

2094 1307 2572 1378 cumscriptionem
2615 1309 2882 1364 exsistere
2907 1308 3069 1364 aliam
3101 1325 3132 1364 a
3159 1310 3341 1366 Patre.
3372 1311 3665 1368 Dicendum

2093 1399 2238 1452 enim
2268 1408 2354 1453 est
2387 1399 2517 1466 illis,
2542 1401 2686 1469 quod
2717 1400 2970 1483 αὐξόθεος
3003 1401 3244 1471 quidem,
3289 1403 3416 1475 [hoc
3435 1415 3542 1472 est,
3571 1421 3666 1476 per

2093 1503 2152 1544 se
2181 1488 2544 1562 Deus,],Deus
2568 1491 2656 1546 ille
2681 1502 2763 1547 est
2800 1491 2947 1564 [cum
2977 1493 3255 1566 articulo,]
3281 1507 3502 1566 propter
3523 1499 3666 1567 quod

2091 1592 2146 1636 et
2181 1580 2445 1638 Servatur
2485 1584 2538 1638 in
2567 1587 2880 1654 precatione
2916 1587 2983 1641 ad
3021 1585 3240 1646 Patrem
3281 1589 3458 1658 inquit
3496 1608 3510 1644 :
3543 1609 3563 1643 ι
3599 1590 3664 1648 Ut

2093 1685 2389 1745 agnoscant
2421 1686 2473 1732 te
2504 1675 2652 1732 illum
2697 1677 2870 1732 solum
2907 1693 3094 1734 verum
3141 1677 3305 1734 Deum
3344 1679 3422 1747 '5;
3453 1701 3473 1734 ι
3512 1684 3663 1754 quid-

2092 1768 2222 1838 quid
2262 1782 2396 1823 vero
2442 1779 2526 1825 est
2568 1779 2766 1839 praeter
2817 1769 2980 1834 hunc,
3027 1771 3120 1840 qui
3161 1771 3414 1838 αὐτόθεος
3446 1776 3674 1831 dicitur.

2094 1858 2221 1931 [hoc
2241 1869 2347 1927 est,
2373 1875 2470 1931 per
2492 1876 2550 1916 se
2573 1861 2760 1934 Deus,]
2780 1863 3192 1934 participatione
3212 1875 3268 1920 et
3288 1869 3669 1928 communione

399 1953 599 2016 αὐτοὺς
627 1953 878 2020 ἀφθόνως
903 1991 919 2016 ,
947 1951 1220 2014 κάκείνοις
1261 1951 1404 2006 κατὰ
1432 1953 1532 2023 τὴν
1563 1951 1726 2005 αὑτοῦ
1754 1953 1983 2024 χρηστό-

2096 1953 2559 2010 divinitatisillius
2583 1955 2918 2023 deiﬁcatum,
2957 1972 3064 2012 non
3109 1957 3203 2013 ille
3233 1958 3546 2033 Delis,[cum
3579 1978 3668 2017 ar-

398 2061 537 2115 τητα
586 2041 917 2115 μεταδιδούς.
963 2041 1238 2114 Ἀληθινὸς
1275 2038 1368 2096 οὖν
1406 2041 1538 2107 Θεὸς
1585 2044 1616 2095 6
1645 2041 1777 2106 Θεός
1799 2059 1812 2072 ·
1845 2045 1892 2096 οἰ
1930 2044 1989 2098 δὲ

400 2141 518 2194 κατ’
560 2141 767 2195 ἐκεῖνον
802 2138 1165 2212 μορφούμενοι
1189 2138 1322 2203 θεοὶ,
1364 2138 1438 2201 ὡς
1466 2136 1671 2201 εἰκόνες
1711 2137 1988 2208 πρωτοτό-

399 2251 526 2287 που.
565 2233 729 2287 Ἀλλὰ
760 2233 921 2288 πάλιν
945 2231 1054 2285 τῶν
1083 2230 1342 2284 πλειόνων
1365 2229 1587 2284 εἰκόνων
1617 2230 1650 2301 ἡ
1681 2230 1986 2301 ἀρχέτυπος

397 2328 564 2380 εἰκὼν
592 2326 621 2378 6
642 2326 780 2398 πρὸς
813 2325 904 2378 τὸν
937 2324 1067 2378 Θεόν
1092 2327 1208 2378 ἐστι
1243 2323 1436 2392 Λόγος,
1460 2322 1519 2387 ὃς
1546 2325 1603 2377 ὲν
1634 2324 1775 2394 ἀρχῇ
1806 2319 1874 2395 ἦν
1908 2322 1986 2394 τῷ

398 2417 537 2474 εἶναι
564 2421 702 2492 πρὸς
724 2420 815 2474 τὸν
841 2419 973 2472 Θεὸν
1003 2419 1090 2472 ἀεὶ
1125 2418 1302 2488 μένων
1330 2416 1460 2480 Θεὸς
1481 2456 1496 2480 ,
1530 2417 1630 2470 οὐκ
1669 2417 1734 2471 ἂν
1770 2416 1815 2469 δ’
1853 2417 1984 2470 αὐτὸ

398 2514 669 2586 ἐσχηκὼς,
694 2516 742 2567 εἰ
776 2512 849 2584 μὴ
883 2511 1018 2583 πρὸς
1041 2511 1132 2564 τὸν
1155 2510 1288 2564 Θεὸν
1309 2505 1398 2582 ἦν,
1427 2511 1520 2564 καὶ
1547 2511 1647 2563 οὐκ
1675 2508 1740 2564 ἂν
1795 2508 1984 2580 μείνας

398 2605 550 2670 Θεὸς,
585 2608 633 2658 εἰ
668 2605 744 2676 μὴ
775 2606 1072 2676 παρέμεινε
1098 2604 1164 2674 τῇ
1193 2601 1518 2672 ἀδιαλείπτῳ
1547 2602 1644 2675 θέᾳ
1665 2600 1760 2655 τοῦ
1787 2617 1984 2674 πατρι-

398 2699 496 2754 κῡῦ
530 2698 745 2770 βάθους.

2098 2043 2406 2116 ticulo],sed
2429 2045 2568 2101 Deus
2586 2045 2726 2116 [sine
2755 2048 3008 2122 articulo]
3041 2051 3212 2122 magis
3241 2052 3461 2122 proprie
3481 2053 3666 2108 dicen-

2093 2140 2218 2194 dum
2245 2154 2391 2204 esse,
2419 2155 2530 2209 quo
2564 2141 2782 2196 nomine
2808 2143 3032 2198 omnino
3057 2145 3450 2214 primogenitus
3491 2151 3675 2207 omnis

2089 2243 2374 2297 creaturae,
2419 2233 2618 2303 quippe
2649 2234 2753 2304 qui,
2788 2249 2910 2290 cum
2945 2236 3154 2306 primus
3195 2238 3268 2293 sit
3291 2240 3428 2308 apud
3461 2240 3663 2310 ipsum.

2089 2325 2372 2378 attrahens
2402 2324 2740 2380 divinitatem
2767 2325 2833 2378 ad
2863 2327 3121 2396 seipsum,
3153 2327 3528 2384 honorabilior
3557 2330 3660 2403 51

2089 2425 2174 2470 est
2198 2416 2427 2483 reliquis
2453 2415 2576 2480 diis,
2603 2415 2698 2486 qui
2724 2427 2853 2471 sunt
2873 2428 3071 2488 praeter
3095 2419 3299 2489 ipsum,
3326 2437 3557 2491 quorum
3579 2423 3670 2476 ill:

2091 2508 2250 2574 Deus,
2281 2508 2426 2565 Deus
2449 2517 2553 2576 est,
2576 2509 2732 2578 juxta
2764 2510 2814 2565 id
2839 2511 2982 2580 quod
3004 2511 3211 2567 dicitur
3233 2514 3304 2578 ⁷⁵,
3355 2533 3374 2566 ι
3408 2515 3500 2570 ΙΙΙε
3527 2515 3673 2572 Deus

2090 2601 2314 2656 deorum
2338 2597 2601 2656 Dominus
2637 2599 2847 2658 locutus
2880 2612 2983 2672 est,
3019 2613 3076 2658 et
3125 2607 3341 2662 vocavit
3382 2615 3608 2674 terram,
3643 2629 3662 2659 ι

2092 2694 2230 2749 dans
2261 2707 2384 2748 esse
2414 2693 2541 2760 diis,
2586 2710 2617 2748 a
2664 2694 2775 2749 Deo
2824 2695 3086 2751 hauriens
3136 2698 3478 2756 abundanter
3526 2703 3672 2757 unde

399 2793 550 2859 ipsos
591 2789 790 2844 elliciat
827 2789 957 2844 deos
994 2795 1048 2843 et
1085 2786 1228 2843 unde
1271 2786 1378 2842 illis
1410 2787 1562 2858 juxta
1603 2801 1757 2842 suam
1801 2786 1968 2857 ipsius
2020 2786 2316 2841 bonitatem
2355 2787 2682 2857 suppeditet.
2707 2785 2880 2844 Verus
2926 2789 3091 2858 igitur
3111 2791 3256 2848 Deus
3273 2804 3359 2848 est
3379 2793 3469 2848 ille
3501 2795 3644 2852 Deus

400 2879 548 2955 [cum
580 2882 811 2937 articulo
838 2881 876 2952 :]
900 2881 991 2951 qui
1026 2888 1206 2935 autem
1232 2880 1305 2936 dii
1337 2879 1694 2938 eﬁormantur
1715 2882 1782 2937 ad
1811 2881 1930 2952 ejus
1975 2879 2229 2945 fortnam,
2262 2879 2409 2935 velut
2455 2881 2718 2951 imagines
2743 2883 2990 2954 quaedam
3029 2895 3156 2940 sunt
3199 2889 3359 2955 primi
3397 2889 3643 2958 exempla

400 2976 500 3032 ris.
553 2975 662 3031 Sed
711 2989 904 3031 rursus
962 2976 1252 3031 multarum
1306 2976 1602 3048 imaginum
1664 2977 1961 3046 archetypa
2010 2975 2188 3045 imago
2228 2985 2314 3030 est
2356 2974 2448 3030 ille
2478 2974 2811 3047 Λόγος,,(ιιιί
2860 2986 2944 3033 est
2974 2979 3114 3050 apud
3161 2979 3330 3036 Deum
3373 2981 3427 3035 in
3461 2981 3658 3050 princi.

399 3071 491 3142 pio
518 3073 808 3134 exsistens,
842 3071 968 3141 quia
1011 3071 1083 3125 sit
1124 3072 1266 3141 apud
1313 3070 1484 3126 Deum
1528 3085 1744 3140 semper
1792 3085 2020 3126 manens
2057 3070 2224 3134 Deus,
2257 3069 2680 3141 haudquaquam
2723 3071 2776 3126 id
2819 3072 3108 3130 habiturus
3152 3075 3276 3143 nisi,
3301 3075 3442 3145 apud
3495 3075 3661 3131 Deum

395 3174 565 3228 esset,
583 3174 636 3218 et
653 3164 1068 3234 haudquaquam
1093 3163 1232 3218 Dens
1254 3178 1560 3228 mansurus,
1584 3162 1688 3216 nisi
1721 3171 1985 3232 perpetuo
2016 3165 2406 3234 permansisset
2426 3163 2480 3218 in
2502 3164 2959 3233 contemplatione
2984 3175 3226 3238 paterna;
3253 3167 3664 3238 profunditatis.

467 3260 524 3314 5.
565 3257 704 3311 Ἀλλ’
738 3258 861 3312 ἐπεὶ
902 3259 1049 3323 εἰκὸς
1077 3257 1187 3330 (81)
1216 3256 1546 3330 προσκόψειν
1577 3255 1730 3320 τινὰς
1755 3259 1868 3320 τοῖς
1901 3259 1979 3311 εἰ-

2156 3260 2210 3316 5.
2244 3258 2353 3316 Sed
2394 3259 2651 3328 quoniam
2700 3257 2937 3316 fortasse
2979 3261 3272 3318 verisimile
3300 3275 3386 3319 est
3415 3265 3662 3321 futurum

398 3350 678 3424 ρημένοις,
713 3349 832 3413 ἑνὸς
867 3350 963 3420 μὲν
993 3348 1245 3420 ἀληθινοῦ
1274 3348 1410 3402 Θεοῦ
1439 3347 1534 3402 τοῦ
1563 3346 1776 3420 Πατρὸς
1806 3349 1984 3417 ἀπαγ-

395 3442 722 3514 γελλομένου
745 3482 760 3507 ,
789 3441 940 3512 παρά
971 3441 1029 3494 δὲ
1061 3441 1152 3494 τὸν
1177 3440 1429 3512 ἀληθινὸν
1456 3440 1590 3494 Θεὸν
1629 3439 1768 3494 θεῶν
1805 3439 1985 3494 πλειό-

395 3555 504 3593 νων
537 3539 603 3608 τῇ
653 3538 853 3608 μετοχῇ
889 3534 984 3588 τοῦ
1017 3533 1150 3587 Θεοῦ
1179 3532 1479 3603 γινομένων
1498 3569 1514 3594 ,
1553 3531 1983 3604 εὐλαϐουμένους

393 3631 495 3703 τὴν
519 3629 611 3683 τοῦ
641 3631 820 3683 πᾶσαν
841 3627 1017 3681 κτίσιν
1039 3625 1395 3697 ὑπερέχοντος
1418 3623 1576 3691 δόξαν
1599 3623 1854 3691 ἐξισῶσαι
1869 3627 1983 3688 τοῖς

393 3723 603 3785 λοιποῖς
627 3721 728 3792 τῆς
754 3719 889 3782 Θεὸς
915 3717 1290 3790 προσηγορίας
1324 3717 1688 3787 τυγχάνουσι,
1735 3717 1873 3788 πρὸς
1913 3721 1980 3789 τῇ

394 3812 762 3885 άποδεδομένῃ
785 3811 1051 3880 διαφορᾷ,
1079 3808 1196 3862 καθ’
1237 3808 1303 3879 ἣν
1343 3808 1656 3879 ὲφάσκομεν
1699 3809 1831 3862 πᾶσι
1867 3811 1982 3870 τοῖς

393 3907 600 3968 λοιποῖς
642 3904 788 3966 θεοῖς
835 3903 1080 3957 διάκονον
1131 3897 1271 3954 εἶναι
1302 3901 1402 3971 τῆς
1446 3899 1698 3970 θεότητος
1730 3898 1820 3952 τὸν
1847 3897 1980 3952 Θεὸν

395 4001 591 4068 Λόγον,
624 3997 722 4054 καὶ
763 3996 966 4068 ταύτην
1005 3995 1380 4069 παραστατέον
1403 4009 1418 4024 '
1458 3996 1488 4047 6
1529 3991 1638 4066 γὰρ
1679 3993 1737 4044 ὲν
1764 3991 1979 4064 ἑκάστῳ

395 4090 553 4159 λόγος
579 4088 689 4144 τῶν
711 4087 944 4158 λογικῶν
970 4087 1157 4141 τοῦτον
1184 4087 1275 4141 τὸν
1315 4085 1470 4154 λόγον
1495 4084 1609 4154 ἔχει
1644 4083 1780 4154 πρὸς
1804 4084 1894 4138 τὸν
1920 4087 1977 4138 ὲν

395 4185 538 4255 ἀρχῇ
581 4183 738 4251 λόγον
767 4183 902 4253 πρὸς
938 4183 1030 4236 τὸν
1073 4181 1206 4236 Θεὸν
1227 4225 1240 4248 ,
1277 4181 1410 4235 ὄντα
1455 4179 1627 4249 Λόγον
1656 4177 1809 4244 Θεὸν,
1857 4179 1917 4234 ὃν
1949 4181 1978 4232 6

393 4277 528 4342 Θεὸς
572 4279 745 4347 Λόγος
788 4278 924 4348 πρὸς
957 4279 1048 4331 τὸν
1095 4277 1226 4332 Θεόν
1251 4292 1265 4307 °
1311 4276 1388 4340 ὡς
1429 4274 1539 4347 γὰρ
1568 4273 1839 4338 αὐτόθεος,
1882 4276 1978 4329 καὶ

395 4369 648 4442 ἀληθινὸς
663 4370 799 4434 Θεὸς
821 4371 848 4422 6
881 4371 1068 4442 Πατὴρ
1094 4370 1230 4441 πρὸς
1258 4369 1441 4422 εἰκόνα
1459 4407 1474 4432 ,
1508 4370 1602 4422 καὶ
1630 4368 1843 4431 εἰκόνας
1878 4367 1976 4438 τῆς

392 4463 624 4527 εἰκόνος,
649 4463 728 4516 διὸ
755 4464 851 4516 καὶ
882 4464 1001 4516 κατ’
1031 4461 1214 4516 εἰκόνα
1239 4462 1486 4530 λέγονται
1512 4457 1652 4516 εῖναι
1685 4463 1735 4513 οἱ
1764 4459 1977 4530 ἄνθρω-

2089 3363 2147 3407 υι
2168 3353 2320 3408 multi
2351 3351 2697 3409 oﬂ'endantur
2726 3353 2850 3424 quia
2882 3355 3184 3412 dixerimus
3217 3371 3382 3412 unum
3413 3373 3538 3415 esse
3571 3377 3662 3418 ve-

2087 3461 2206 3499 rum
2236 3445 2430 3511 Deum,
2460 3459 2654 3514 nempe
2698 3443 2937 3511 Patrem,
2963 3456 3017 3502 et
3043 3457 3242 3518 praeter
3267 3451 3436 3507 Deum
3471 3468 3663 3511 verum

2087 3537 2284 3592 multos
2323 3537 2498 3592 factos
2539 3539 2670 3593 deos
2715 3539 3137 3608 participatione
3206 3541 3298 3598 Dei
3343 3561 3357 3597 :
3411 3557 3664 3605 verentes

2087 3628 2314 3700 gloriam
2375 3629 2512 3699 ejus,
2578 3629 2669 3698 qui
2736 3640 3314 3688 omnemcreaturam
3372 3639 3664 3706 praecellit,

2084 3719 2287 3787 aequari
2322 3717 2542 3787 reliquis
2571 3719 2944 3774 obtinentibus
2971 3721 3390 3790 appellationem
3419 3725 3511 3781 Dei
3543 3727 3664 3785 sine

2086 3810 2559 3879 articulorprmter
2583 3812 2765 3865 datam
2787 3811 3172 3881 diﬂerentiam,
3190 3829 3289 3884 per
3303 3832 3465 3887 quam
3492 3819 3659 3877 Deum

2084 3904 2255 3974 Λόγον
2305 3903 2548 3960 diximus
2598 3903 2822 3974 reliquis
2868 3906 3120 3963 omnibus
3191 3909 3296 3965 diis
3350 3913 3659 3970 ministrum

2081 4012 2204 4052 esse
2229 3996 2471 4064 deitatis,
2505 3997 2667 4052 etiam
2699 3997 2814 4054 haec
2852 3997 3162 4056 dili‘erentia
3189 4011 3273 4057 est
3315 4007 3658 4074 apponenda-

2082 4090 2158 4144 Ea
2190 4090 2333 4145 enim
2359 4091 2500 4144 ratio
2530 4106 2651 4160 quae
2703 4091 2757 4146 in
2797 4093 3026 4162 singulis
3082 4095 3313 4152 rationis
3367 4101 3661 4167 capacibus

2082 4183 2249 4247 inest,
2281 4181 2527 4237 eamdem
2561 4185 3024 4252 comparationem
3081 4185 3250 4242 habet
3278 4187 3348 4243 ad
3387 4189 3535 4244 illam
3569 4206 3662 4243 ra-

2079 4275 2282 4330 tionem
2316 4290 2438 4343 quae
2488 4275 2543 4330 in
2590 4275 2862 4346 principio
2907 4279 3049 4348 apud
3082 4277 3254 4334 Deum
3298 4291 3404 4347 est,
3441 4293 3494 4336 et
3516 4283 3659 4336 Deus

2078 4378 2162 4422 est
2185 4367 2380 4436 Λόγος,
2421 4383 2582 4437 quam
2619 4367 2786 4424 habet
2831 4367 2973 4426 Deus
2997 4370 3188 4439 Λόγος.
3238 4371 3314 4444 [id
3346 4383 3430 4428 est
3471 4370 3656 4443 ratio].

2078 4458 2198 4512 sine
2227 4457 2463 4514 articulo
2480 4458 2548 4514 ad
2571 4459 2738 4513 Deum
2766 4457 2914 4512 illum
2941 4457 3089 4531 [cum
3115 4462 3393 4535 articulo.]
3419 4460 3486 4517 Ut
3505 4463 3656 4516 enim

393 4572 488 4609 ποι
506 4594 522 4617 ,
565 4555 666 4609 οὐκ
711 4555 917 4618 εἰκόνες
939 4595 954 4620 ,
981 4553 1153 4619 οὕτως
1181 4555 1210 4607 6
1247 4554 1409 4618 αὐτὸς
1432 4553 1604 4622 Λόγος
1635 4552 1771 4624 πρὸς
1794 4552 1885 4605 τὸν
1913 4551 1973 4605 ἐν

2086 4549 2236 4606 Pater
2265 4549 2537 4614 αὐτόθεος,
2559 4548 2687 4622 [hoc
2714 4561 2933 4620 est,per
2955 4566 3014 4607 se
3028 4553 3260 4618 Deus,et
3279 4569 3444 4612 verus
3465 4552 3657 4627 DeusJ

392 4613 612 4717 ἑκάστῳ
646 4647 822 4716 λόγον.
867 4613 1171 4718 ’Λμφότερα
1213 4645 1319 4718 γὰρ
1343 4613 1532 4717 πῆγῆέ
1552 4613 1664 4715 ἔχει
1683 4613 1881 4715 ’χῶραν
1901 4660 1914 4672 '
1947 4644 1976 4696 6

2086 4658 2143 4699 se
2172 4644 2338 4698 habet
2381 4645 2449 4698 ad
2473 4613 2794 4712 imaginem,
2840 4654 2895 4700 et
2942 4647 3012 4701 ad
3059 4647 3329 4717 imagines
3375 4613 3656 4720 imaginis;

397 4739 500 4810 μὲν
541 4739 729 4812 Πατὴρ
764 4738 1044 4814 θεότητος,
1075 4742 1104 4793 6
1146 4739 1202 4792 δὲ
1237 4739 1362 4803 Υἱὸς
1389 4738 1582 4807 Λόγου.
1622 4737 1830 4808 Ὥσπερ
1881 4731 1993 4799 οὖν,

393 4830 511 4886 θεοὶ
540 4831 752 4896 πολλοὶ,
783 4832 897 4886 ἀλλ’
940 4833 1072 4903 ἡμῖν
1113 4826 1194 4894 εἷς
1229 4831 1362 4895 Θεὸς
1393 4832 1422 4884 6
1450 4831 1662 4901 Πατὴρ,
1695 4829 1790 4882 καὶ
1840 4827 1973 4881 πολο⁸

391 4925 478 4978 λοὶ
517 4924 716 4997 κύριοι,
763 4925 878 4979 ἀλλ’
911 4927 1044 4996 ἡμῖν
1078 4920 1159 4988 εἷς
1195 4923 1398 4994 Κύριος
1439 4921 1647 4995 Ἰησοῦς
1691 4922 1969 4994 Χριστὸς,

391 5014 569 5082 οὕτως
589 5016 770 5071 πολλοὶ
793 5017 960 5086 λόγοι,
985 5015 1100 5070 ἀλλ’
1129 5017 1258 5088 ἡμῖν
1281 5013 1552 5086 εὐχόμεθα
1577 5013 1726 5077 ὅπως
1754 5011 1971 5086 ὑπάρξῃ

467 5113 515 5146 ⁷⁸
551 5111 712 5168 Joan.
739 5113 947 5178 xvn,3.
995 5113 1073 5154 ι⁷⁵
1123 5111 1266 5167 Psal.
1301 5128 1447 5176 xm,
1485 5114 1536 5166 Ι.

468 5205 581 5275 (78)
602 5205 672 5261 Ἦ
691 5203 1100 5274 ἀρνουμένους
1132 5203 1246 5273 τὴν
1276 5205 1544 5272 θεότητα,
1571 5213 1678 5259 etc.
1706 5203 1968 5275 Origenes

391 5275 492 5331 lib.
519 5291 594 5330 Vit
638 5279 694 5331 in
739 5275 912 5342 Epist.
944 5277 1012 5328 ad
1073 5275 1329 5337 Romam,
1375 5291 1494 5344 cap.
1523 5276 1600 5330 9:
1639 5292 1658 5325 ι
1689 5275 1755 5328 Et
1799 5274 1969 5327 miror

391 5347 666 5413 quomodo
699 5347 916 5414 quidam
958 5345 1384 5414 legentesiquod
1421 5345 1561 5399 idem
1592 5344 1882 5413 Apostolus
1914 5345 1967 5396 in

392 5415 516 5469 aliis
563 5413 754 5471 dicit’:
803 5413 953 5469 Unus
998 5413 1138 5469 Deus
1197 5413 1362 5468 Pater
1414 5431 1477 5468 ex
1511 5431 1615 5483 quo
1669 5415 1867 5478 omnia,
1918 5423 1968 5466 et

393 5502 532 5540 unus
579 5487 838 5540 Dominus
896 5484 1055 5540 Iesus
1109 5483 1352 5539 Christus
1399 5501 1489 5550 per
1538 5501 1691 5553 quem
1751 5485 1967 5550 omnia,

395 5568 593 5623 negent
668 5555 864 5612 Filium
942 5556 1036 5611 Dei
1093 5555 1258 5609 Deum
1317 5557 1516 5610 debere
1575 5555 1851 5622 proliteri,
1904 5571 1972 5608 ne

390 5627 530 5681 duos
563 5628 699 5681 Deos
737 5626 918 5680 dicere
948 5627 1284 5680 videantur.»
1323 5623 1583 5681 Hunnus.

467 5697 576 5766 (79)
609 5695 874 5766 Λέγοιτο.
916 5697 1007 5766 §ic
1033 5697 1204 5750 codex
1233 5695 1595 5762 Bodleianus;
1630 5693 1770 5750 male
1801 5693 1969 5749 codex

395 5760 612 5837 lit-gius,
639 5760 787 5837 λέγοι
815 5766 876 5819 τὸ
911 5760 976 5835 ᾧ,
1013 5775 1118 5837 εις.

465 5831 776 5908 (eorum.
797 5838 872 5894 ita
890 5831 1062 5894 codex
1074 5834 1418 5904 Bodleianus;
1431 5835 1603 5894 codex
1620 5833 1842 5904 Regius,
1861 5831 1963 5887 ἔτι.
1982 5859 1984 5862 -

2082 4750 2248 4806 quam
2286 4736 2357 4791 ob
2381 4751 2601 4792 causam
2629 4737 2794 4792 etiam
2820 4737 3074 4792 dicuntur
3105 4739 3352 4794 homines
3390 4754 3496 4794 non
3532 4753 3657 4796 esse

2083 4829 2368 4899 imagines,
2399 4828 2491 4884 sed
2516 4828 2584 4882 ad
2607 4829 2920 4899 imaginem,
2965 4829 3045 4885 sic
3079 4829 3222 4883 lnmc
3266 4831 3320 4884 in
3349 4830 3564 4885 modum
3593 4846 3656 4888 se

2082 4923 2245 4978 habet
2266 4923 2408 4978 idem
2423 4921 2615 4992 Λόγος.
2641 4921 2768 4994 [hoc
2781 4929 2885 4987 est,
2909 4923 3022 4991 ipsa
3051 4922 3238 4994 ratio,]
3264 4924 3332 4979 ad
3361 4939 3506 4988 eam,
3533 4940 3655 4994 qua:

2081 5023 2164 5068 est
2187 5011 2242 5067 in
2268 5012 2512 5085 singulis,
2543 5011 2832 5068 rationem.
2861 5011 3101 5084 Utraque
3127 5013 3272 5069 enim
3301 5015 3480 5071 locum
3507 5016 3653 5071 obti-

2147 5197 2260 5267 (81)
2311 5196 2463 5251 Ἀλλ’
2493 5195 2622 5251 ἐπεὶ
2668 5197 2861 5262 εἰκός,
2905 5209 3012 5250 etc.
3053 5193 3366 5267 Audiendus
3410 5195 3460 5248 in
3508 5195 3651 5267 hunc

2075 5265 2264 5338 locum
2288 5268 2527 5338 ,Dionys.
2577 5267 2827 5338 Petavius
2868 5267 2964 5320 lib.
2995 5282 3010 5320 ι
3062 5265 3141 5321 De
3174 5265 3393 5338 Trinit._,
3423 5280 3549 5338 cap.
3577 5265 3610 5319 4
3632 5302 3648 5322 ,

2075 5358 2130 5396 n.
2161 5340 2216 5395 5.
2252 5337 2380 5392 Mihi
2423 5335 2606 5391 tamen
2635 5337 2689 5390 id
2723 5337 2888 5400 dolet,
2928 5338 3169 5406 iniquum
3205 5340 3340 5389 adeo
3372 5335 3423 5387 in
3458 5335 3646 5404 Orige-

2077 5427 2199 5466 netn
2245 5425 2304 5464 se
2353 5411 2590 5477 gessisse
2638 5408 2815 5477 virum
2867 5423 3157 5476 magnum,
3205 5415 3264 5460 ut
3300 5421 3419 5472 qtne
3471 5406 3648 5458 minus

2077 5496 2207 5536 sana
2237 5481 2291 5534 in
2321 5476 2388 5532 eo
2435 5476 2933 5547 deprehenduntur,
2979 5491 3236 5547 germana
3278 5489 3419 5547 esse,
3469 5489 3648 5544 neque

2077 5553 2146 5606 ab
2175 5551 2392 5603 Arianis
2425 5546 2648 5608 inserta.
2682 5559 2872 5602 contra
2913 5546 3088 5600 [inlini
3125 5546 3491 5599 testiinonium
3529 5560 3640 5612 per-

2077 5621 2314 5677 tenderit
2348 5640 2358 5673 :
2390 5633 2510 5686 quae
2555 5633 2683 5670 vero
2731 5617 3046 5671 orthodoxae
3085 5627 3212 5669 sunt
3255 5614 3417 5686 ﬁdei,
3470 5616 3649 5686 amica

2077 5707 2238 5745 manu
2302 5684 2520 5742 adtexta
2588 5687 2754 5741 fuisse
2808 5697 2995 5740 contra
3051 5685 3336 5740 Athanasii
3383 5686 3513 5755 (lib.
3569 5684 3650 5740 De

2073 5763 2264 5815 decret.
2327 5756 2562 5815 Nicwnw
2617 5757 2841 5827 synodi)
2886 5759 3264 5812 auctoritatem
3333 5757 3644 5813 crediderit.

2074 5832 2339 5888 UUETIUS.
