4174 6458
499 416 594 471 111

1934 399 2254 454 ORIGENIS

3651 393 3753 451 “‘2

499 526 817 586 nentfontis
875 533 929 578 et
960 522 1224 593 originis;
1264 519 1425 575 Pater
1470 519 1692 588 quidem
1740 515 2054 579 divinitatis,

2163 518 2191 567 6
2219 517 2276 566 ὲν
2322 516 2460 584 ἀρχῇ
2489 516 2658 582 Λόγος
2679 555 2691 576 ,
2723 514 2752 566 6
2787 512 2923 583 πρὸς
2954 510 3044 564 τὸν
3067 510 3199 563 Θεὸν
3232 509 3307 562 ῶν
3333 512 3360 564 6
3385 509 3518 573 Θεὸς
3544 510 3713 577 Λόγος
3733 527 3746 540 ·

495 621 664 678 Filius
691 634 821 672 vero
847 617 1041 684 Λόγου,
1075 614 1150 686 [id
1176 623 1278 678 est,
1313 609 2064 682 rationis].Quemadmodum

495 727 628 782 ergo
655 709 728 764 dii
761 707 931 770 multi,
961 705 1054 760 sed
1091 705 1243 759 nobis
1268 719 1407 757 unus
1437 701 1578 756 Deus
1606 710 1725 765 est,
1753 715 1949 768 nempe
1974 698 2066 753 ille

495 803 694 866 Pater;
745 808 801 852 et
852 797 1004 852 multi
1055 795 1255 850 domini
1298 802 1444 860 sunt,
1494 794 1585 848 sed
1613 792 1769 846 nobis
1794 807 1933 845 unus
1965 791 2066 845 Do-

495 893 676 947 minus
699 898 783 944 est
801 885 956 944 Iesus
974 887 1221 942 Christus
1249 902 1262 938 :
1287 885 1366 939 sic
1385 883 1535 938 multi
1562 884 1726 937 etiam
1749 891 1876 936 sunt
1894 882 2063 950 λόγοι,

495 986 626 1056 [Ιιοε
669 992 773 1044 est,
800 975 1085 1048 rationes,]
1132 976 1224 1030 sed
1273 975 1435 1029 nobis
1467 974 1617 1027 illum
1658 973 1850 1040 Λόγον,
1883 972 1961 1043 [id
1985 980 2067 1025 est

495 1076 762 1130 rationem
789 1069 982 1138 illamJ
1006 1083 1292 1138 precamur
1327 1068 1530 1129 inesse,
1565 1080 1685 1134 qua:
1715 1077 1800 1119 est
1831 1065 1882 1118 in
1914 1064 2058 1134 priu-

489 1167 658 1236 cipio,
703 1177 824 1234 quae
865 1170 946 1216 est
979 1161 1120 1229 apud
1153 1160 1318 1213 Deum
1371 1157 1514 1211 Deus
1545 1155 1738 1224 Λόγος.
1769 1153 1870 1221 Qui
1919 1154 2063 1207 enim

493 1272 598 1310 non
625 1257 770 1325 capit
827 1253 1000 1321 Λόγον
1031 1253 1193 1317 hunc,
1237 1248 1314 1320 [id
1344 1259 1447 1310 est,
1478 1245 1789 1318 rationem,]
1833 1259 1952 1314 qua:
2008 1244 2061 1298 in

489 1346 758 1418 principio
806 1344 946 1413 apud
1003 1342 1172 1397 Deum
1227 1351 1330 1406 est,
1377 1349 1474 1394 aut
1517 1340 1688 1408 ipsum
1719 1346 2059 1405 assequetur,

492 1451 760 1509 quatenus
809 1451 938 1491 caro
982 1433 1158 1488 factus
1203 1443 1306 1498 est,
1351 1441 1448 1486 aut
1488 1430 1761 1501 particeps
1803 1426 2063 1483 efﬁcietur

492 1531 722 1596 alicujus
766 1543 974 1593 eorum,
1019 1528 1107 1596 qui
1141 1527 1313 1593 Λόγον
1347 1525 1509 1588 hunc,
1535 1522 1612 1594 [id
1645 1529 1751 1587 est,
1793 1521 2062 1575 rationem

490 1623 715 1696 ipsam,]
747 1630 1110 1691 assequuntur
1139 1634 1154 1672 :
1195 1620 1240 1674 si
1287 1633 1418 1673 vero
1459 1632 1558 1671 nec
1589 1614 1818 1684 alicujus
1843 1614 2060 1684 quidem

491 1715 809 1783 horum,qui
844 1713 1001 1782 hujus
1031 1712 1258 1766 rationis
1286 1710 1580 1781 participes
1608 1707 1902 1771 exsistunt,
1933 1720 2061 1774 par-

2167 608 2224 670 ὃς
2257 606 2365 677 γὰρ
2397 608 2457 659 οὐ
2496 609 2662 678 χωρεῖ
2695 604 2881 658 τοῦτον
2906 604 2997 656 τὸν
3024 603 3196 671 Λόγον
3218 603 3308 654 τὸν
3339 604 3395 655 ὲν
3425 603 3566 672 ἀρχῇ
3611 612 3750 668 προς

2165 698 2255 751 τὸν
2280 699 2434 762 Θεὸν,
2459 699 2576 769 ήτοι
2597 696 2745 766 αύτῷ
2766 694 3040 765 γενομένῳ
3059 694 3221 765 σαρκὶ
3248 693 3524 764 προσέξει,
3557 694 3589 763 ἢ
3617 693 3749 762 μεθ-

2166 791 2274 855 έξει
2315 790 2422 844 τῶν
2463 788 2874 860 μετεσχηκότων
2909 788 3050 849 τινὸς
3088 785 3278 838 τούτου
3337 785 3429 838 τοῦ
3470 785 3643 853 Λόγου
3669 783 3745 856 ,ἢ

2166 881 2460 935 ἀποπεσὼν
2485 869 2861 951 τοῦμετέχειν
2890 879 2982 931 τοῦ
3029 877 3444 949 μετεσχηκότας,
3476 878 3535 929 ὲν
3570 877 3747 943 πάντη

2165 975 2426 1046 ἀλλοτρίῳ
2449 973 2542 1026 τοῦ
2575 973 2734 1041 λόγου
2767 973 2917 1025 ἔσται
2942 971 3279 1042 καλουμένῳ.
3314 971 3487 1038 Σαφὲς
3508 970 3565 1022 δὲ
3597 970 3748 1023 ἔσται

2163 1067 2225 1120 τὸ
2265 1067 2550 1139 εἰρημένον
2591 1069 2654 1120 ὲκ
2684 1064 3140 1136 παραδειγμάτων
3166 1064 3272 1116 τῶν
3298 1063 3426 1134 περὶ
3454 1062 3548 1116 τοῦ
3587 1061 3746 1127 Θεοῦ,

2165 1158 2368 1211 καὶτοῦ
2397 1157 2757 1226 ΘεοῧΛόγου,
2799 1158 2892 1210 καὶ
2909 1156 3064 1216 θεῶν,
3083 1157 3200 1227 ήτοι
3227 1155 3561 1226 μετεχόντων
3589 1152 3745 1219 Θεοῦ,

2164 1250 2196 1320 ἢ
2231 1251 2538 1320 λεγομένων
2564 1250 2682 1321 μὲν,
2711 1247 2959 1317 οὐδαμῶς
2990 1247 3046 1299 δὲ
3079 1247 3246 1300 ὄντων
3280 1246 3438 1310 θεῶν,
3467 1245 3560 1299 καὶ
3585 1244 3748 1299 πάλιν

2163 1343 2338 1410 Λόγου
2366 1342 2524 1405 Θεοῦ,
2554 1343 2648 1394 καὶ
2674 1341 2847 1408 Λόγου
2879 1339 3167 1410 γενομένου
3214 1336 3350 1392 Θεοῦ
3393 1337 3616 1408 σαρκὸς,
3651 1337 3748 1390 καὶ

2161 1435 2336 1504 λόγων
2369 1434 2480 1507 (82)
2522 1435 2640 1505 ἦτοι
2668 1434 3004 1504 μετεχόντων
3038 1450 3153 1496 πως
3194 1431 3287 1484 τοῦ
3324 1430 3498 1500 Λόγου
3525 1469 3539 1494 ,
3572 1431 3748 1498 λόγων

2159 1527 2457 1599 δευτέρων,
2493 1528 2525 1598 ἢ
2560 1526 2791 1599 τρίτων,
2829 1527 2980 1597 παρά
3010 1527 3100 1579 τὸν
3134 1525 3239 1596 πρὸ
3277 1524 3494 1578 πάντων
3534 1525 3749 1594 νομιζο-

2165 1619 2338 1690 μένων
2370 1620 2468 1690 μὲν
2499 1620 2693 1687 λόγων,
2727 1619 2827 1671 ούκ
2856 1619 3023 1671 ὄντων
3051 1618 3108 1671 δὲ
3133 1617 3348 1688 άληθῶς
3377 1617 3572 1685 λόγων,
3603 1615 3743 1679 ἀλλ’,

2161 1710 2226 1762 ἵν’
2256 1709 2426 1773 οὕτως
2451 1711 2607 1775 είπω,
2642 1710 2762 1764 ὅλον
2786 1709 2942 1763 τοῦτο
2967 1711 3176 1778 ἀλόγων
3207 1709 3401 1778 λόγων,
3433 1708 3618 1781 ὥσπερ
3652 1709 3747 1763 καὶ

491 1809 664 1877 ticeps
700 1805 836 1860 ellici
869 1804 1087 1875 poterit,
1123 1807 1175 1857 in
1213 1815 1446 1856 numero
1471 1799 1692 1855 omnino
1721 1813 1912 1853 eorum
1953 1797 2054 1852 erit

2162 1801 2250 1854 ἐπὶ
2277 1801 2384 1855 τῶν
2413 1801 2720 1873 λεγομένων
2750 1803 2867 1873 μὲν,
2899 1803 2998 1855 οὐκ
3029 1803 3195 1855 ὄντων
3221 1801 3276 1853 δὲ
3303 1801 3440 1853 θεῶν
3473 1799 3632 1866 τάξαι
3660 1819 3744 1865 τις

490 1899 580 1968 qui
614 1913 642 1950 a
675 1897 884 1950 ratione
913 1894 1072 1948 alieni
1103 1893 1379 1947 dicuntur.
1431 1891 1487 1946 ld
1515 1900 1696 1945 autem
1729 1889 1875 1959 quod
1913 1887 2054 1942 dixi-

2158 1890 2224 1944 ἂν
2267 1893 2387 1944 ἀντὶ
2421 1892 2512 1944 τοῦ
2547 1892 2754 1960 ἀλόγων
2801 1893 2972 1961 λόγων
3005 1893 3064 1945 τὸ
3096 1894 3156 1945 οὐ
3187 1893 3324 1945 θεῶν
3359 1892 3514 1946 θεῶν.
3555 1893 3613 1946 Ὀ
3646 1893 3744 1964 μὲν

490 2006 631 2054 mus,
666 1987 840 2058 palam
871 1969 1139 2041 calcietur
1174 2000 1239 2040 ex
1273 1982 1538 2052 exemplis
1563 1983 1631 2036 de
1653 1982 1762 2036 Deo
1795 1980 1907 2046 illo,
1939 1977 2057 2052 [qui

487 2083 594 2152 52
623 2079 895 2150 profertur
944 2093 1066 2133 cum
1115 2075 1392 2147 articulo,]
1415 2083 1469 2130 et
1498 2073 1566 2130 de
1590 2073 1682 2128 illo
1719 2073 1902 2143 Λόγῳ,
1931 2087 2056 2126 cum

484 2172 762 2245 articulo,]
779 2173 869 2241 qui
897 2182 982 2226 est
1005 2171 1166 2236 Deus,
1189 2169 1308 2225 sine
1348 2167 1596 2231 articulo,
1631 2164 1768 2236 [tum
1798 2164 1962 2219 etiam
1994 2163 2060 2217 de

486 2268 612 2334 diis,
642 2267 734 2336 qui
764 2265 850 2320 vel
884 2263 1212 2334 participant
1243 2263 1434 2324 Deum,
1476 2259 1558 2314 vel
1601 2259 1677 2312 dii
1721 2257 1936 2328 quidem
1977 2257 2060 2311 di-

483 2370 705 2425 cntur,
738 2357 884 2414 nullo
915 2365 1073 2423 pacto
1100 2362 1279 2408 autem
1309 2363 1469 2419 sunt;
1497 2362 1551 2406 et
1582 2365 1775 2405 rursus
1806 2350 1870 2404 de
1901 2349 2060 2419 Λόγῳ

485 2453 620 2516 Deo,
667 2459 723 2505 et
771 2449 840 2504 de
886 2447 1044 2515 Λόγῳ
1074 2445 1165 2514 qui
1210 2445 1384 2498 factus
1423 2451 1509 2498 est
1559 2457 1708 2507 caro,
1753 2455 1959 2495 necnon
1993 2441 2060 2494 de

483 2543 663 2613 λόγοις
691 2541 783 2612 qui
816 2541 960 2595 hunc
989 2538 1221 2608 quodam
1255 2537 1415 2591 modo
1441 2535 1790 2605 participant,
1827 2542 1882 2588 et
1911 2531 2058 2600 λόγοι

486 2634 711 2690 secundi
762 2647 828 2687 ac
874 2633 1020 2686 tertii
1051 2631 1121 2686 ah
1160 2629 1280 2694 ipso
1321 2628 1600 2691 dicuntur,
1647 2637 1702 2681 et
1741 2626 1885 2694 λόγοι
1937 2640 2060 2679 esse

484 2726 886 2788 existimantur,
911 2737 1031 2778 cum
1061 2732 1238 2775 tamen
1267 2735 1393 2775 vere
1423 2734 1529 2773 non
1571 2719 1704 2780 sint,
1734 2717 1827 2771 sed
1855 2717 2053 2786 potius,

484 2827 544 2872 ut
574 2817 649 2870 ita
697 2817 910 2884 loquar,
941 2826 1163 2884 prorsus
1206 2811 1312 2866 dici
1356 2818 1632 2863 merentur
1658 2808 1840 2877 ἄλογοι
1882 2808 2056 2876 λόγοι,

485 2911 614 2986 [hoc
635 2920 718 2965 est
744 2909 979 2964 rationes
1003 2903 1346 2960 irrationales
1361 2902 1406 2974 ;]
1430 2902 1876 2971 quemadmodum
1895 2903 2054 2957 etiam

483 3008 551 3062 de
591 3006 678 3070 iis,
704 3005 794 3074 qui
845 3003 918 3056 dii
951 2999 1169 3069 quidem
1205 2997 1478 3061 dicuntur,
1514 3010 1636 3050 cum
1666 3009 1773 3048 non
1804 2995 1931 3056 sint,
1969 2994 2056 3047 di-

481 3109 633 3154 ceret
654 3096 852 3164 aliquis
892 3094 964 3148 dii
996 3107 1100 3145 non
1129 3089 1203 3142 dii
1237 3107 1252 3144 :
1286 3104 1392 3144 non
1434 3102 1596 3142 secus
1625 3086 1769 3140 enim
1801 3096 1854 3141 et
1887 3085 2056 3140 1ιὶνο-

483 3199 678 3245 cantur
729 3187 911 3255 ἄλογοι
947 3182 1116 3252 λόγοι,
1143 3181 1270 3254 [hoc
1303 3190 1408 3244 εει,
1451 3180 1690 3234 rationes
1716 3179 1927 3233 ratione
1959 3193 2050 3233 ca-

489 3278 722 3352 rentes.]
751 3279 927 3347 Atque
951 3276 1040 3332 ille
1069 3275 1287 3345 quidem
1315 3274 1457 3328 Deus
1505 3274 1902 3336 universorum,
1936 3269 2050 3325 ειεο

486 3373 689 3430 ctionis
734 3382 818 3426 est
857 3369 1019 3432 Deus,
1051 3378 1108 3422 et
1157 3365 1327 3421 multo
1369 3366 1544 3434 magis
1589 3363 1750 3428 illius,
1781 3364 1869 3432 qui
1911 3363 2050 3418 hanc

480 3463 721 3518 servavit
782 3479 796 3517 :
837 3461 1089 3529 deinceps
1157 3471 1365 3523 eorum,
1421 3455 1514 3524 qui
1560 3469 1685 3509 vere
1716 3463 1842 3508 sunt
1873 3453 1966 3518 dii,
1999 3460 2054 3507 ει

481 3562 541 3608 ιιι
563 3552 732 3608 semel
778 3551 975 3614 dicam,
1029 3551 1173 3604 Deus
1215 3558 1299 3604 est
1329 3548 1640 3612 viventium,
1673 3557 1730 3602 et
1763 3561 1870 3600 non
1901 3561 2049 3602 mor-

481 3654 696 3700 tuorum
717 3639 783 3706 7°;
803 3637 1152 3696 atveroDeus
1178 3640 1369 3709 Λόγος,
1397 3639 1632 3694 fortasse
1668 3638 1808 3693 Deus
1843 3648 1927 3694 est
1955 3653 2050 3693 eo-

479 3751 600 3791 rum
631 3735 726 3806 qui
759 3736 813 3789 in
865 3734 983 3805 ipso
1012 3733 1212 3790 sistunt
1257 3734 1460 3800 omnia,
1502 3732 1704 3802 quique
1735 3733 2052 3787 existimant

478 3829 656 3898 ipsum
704 3842 824 3882 esse
871 3827 1109 3882 Patrem.
1161 3825 1256 3882 Sol
1283 3837 1487 3893 autem,
1519 3835 1574 3880 et
1615 3825 1759 3890 luna,
1795 3834 1850 3879 et
1878 3834 2048 3889 astra,

478 3929 538 3974 ut
584 3929 709 3975 ante
755 3933 854 3974 nos
904 3919 1121 3989 quidam
1173 3919 1586 3983 disseruerunt,
1615 3917 1748 3972 .illis
1791 3918 2049 3972 attributa

478 4008 723 4073 fuerunt,
759 4008 850 4076 qui
885 4008 1064 4062 minus
1097 4008 1244 4077 digni
1274 4007 1543 4063 habentur
1577 4017 1638 4064 ut
1683 4008 1774 4064 illo
1807 4009 1963 4064 titulo
1986 4022 2049 4064 ac

479 4103 637 4158 laude
661 4102 1110 4168 cobonestentur,
1137 4111 1197 4156 ut
1221 4103 1363 4158 Deus
1393 4103 1613 4158 deorum
1641 4103 1781 4158 Deus
1811 4103 2048 4170 ipsorum

477 4196 568 4248 sit.
612 4193 704 4248 Sic
735 4202 912 4248 autem
957 4193 1337 4250 intellexerunt
1378 4196 1597 4249 adducti
1642 4195 1822 4250 verbis
1850 4195 2047 4250 Dente-

478 4286 708 4340 ronomii
737 4300 856 4354 quze
887 4285 958 4340 ita
990 4299 1111 4341 sese
1138 4286 1338 4340 habent
1366 4285 1411 4316 ⁷⁷
1446 4301 1460 4339 :
1489 4303 1508 4336 ι
1537 4283 1614 4340 Νε
1639 4301 1761 4341 cum
1791 4301 2052 4356 suspexe-

477 4374 556 4429 ris
593 4375 644 4428 in
673 4375 894 4439 caelum,
927 4385 983 4429 et
1007 4376 1234 4430 intuitus
1264 4375 1435 4431 fueris
1461 4376 1654 4441 solem,
1690 4387 1744 4430 et
1768 4376 1969 4444 lunam,
1996 4387 2052 4432 et

477 4483 638 4520 omne
695 4467 818 4522 caeli
874 4478 1274 4532 ornamentum,
1318 4470 1573 4538 deceptus
1626 4472 1822 4525 adores
1867 4484 1950 4533 ea,
1993 4480 2048 4525 et

544 4561 590 4592 ’θ
619 4559 810 4613 Matth.
848 4575 982 4625 χχιι,
1015 4561 1104 4615 52.
1181 4563 1223 4592 ⁷⁷
1253 4561 1407 4616 Deut.
1433 4576 1510 4624 tv,
1544 4560 1630 4626 l9.

2159 1981 2252 2038 οὖν
2281 1985 2412 2048 Θεὸς
2440 1985 2548 2038 τῶν
2581 1986 2718 2040 ὅλων
2745 1986 2845 2056 τῆς
2877 1985 3106 2056 ἐκλογῆς
3141 1985 3250 2054 (85)
3290 1989 3406 2038 ἐστι
3445 1985 3578 2048 Θεὸς
3599 2026 3613 2050 ,
3648 1986 3745 2039 καὶ

2162 2074 2294 2126 πολὺ
2332 2074 2528 2145 μᾶλλον
2560 2073 2655 2127 τοῦ
2689 2075 2788 2144 τῆς
2829 2074 3056 2146 ἐκλογῆς
3091 2076 3339 2146 Σωτῆρος
3360 2092 3373 2105 ο
3408 2075 3595 2129 ἔπειτα
3631 2075 3744 2129 τῶν

2160 2166 2374 2238 ἀληθῶς
2406 2166 2542 2220 θεῶν
2573 2168 2690 2220 ἐστὶ
2715 2167 2866 2230 Θεὸς,
2893 2168 2986 2221 καὶ
3013 2168 3347 2234 ἁπαξαπλῶς
3383 2167 3617 2232 ζώντων,
3650 2169 3745 2222 καὶ

2159 2259 2219 2312 οὐ
2249 2257 2458 2328 νεκρῶν
2489 2261 2605 2312 ἐστι
2637 2259 2768 2323 Θεός
2787 2276 2799 2289 ·
2835 2261 2864 2312 ὁ
2895 2260 2952 2312 δὲ
2984 2259 3116 2323 Θεὸς
3160 2260 3331 2328 Λόγος
3371 2258 3511 2331 τάχα
3540 2260 3649 2313 τῶν
3683 2261 3745 2313 ὲν

2161 2351 2308 2423 αὐτῷ
2355 2353 2616 2407 ἱστάντων
2651 2353 2710 2407 τὸ
2736 2355 2844 2407 πᾶν
2879 2355 2974 2408 καὶ
3005 2354 3113 2406 τῶν
3144 2355 3366 2425 Πατέρα
3393 2355 3555 2408 αὑτὸν
3585 2371 3741 2424 νομι-

2161 2442 2360 2507 ζόντων
2390 2443 2506 2495 ἐστὶ
2539 2443 2688 2505 Θεός.
2716 2443 2902 2507 ’Ἥλιος
2935 2444 2991 2497 δὲ
3025 2446 3118 2497 καὶ
3142 2445 3336 2516 σελήνη
3370 2447 3462 2498 καὶ
3491 2445 3738 2516 ἀστέρες,

2160 2533 2234 2598 ὥς
2266 2552 2410 2599 τινες
2435 2537 2545 2589 τῶν
2579 2537 2685 2608 πρὸ
2729 2540 2760 2607 ή
2769 2537 2884 2607 μῶν
2919 2536 3029 2608 (84)
3059 2538 3386 2608 διηγήσαντο
3408 2577 3422 2602 ,
3459 2539 3742 2609 ἀπενεμή-

2161 2624 2330 2696 θησαν
2367 2631 2481 2691 τοῖς
2530 2627 2604 2699 μὴ
2651 2629 2822 2695 ἀξίοις
2865 2629 3266 2700 ἐπιγράφεσθαι
3310 2629 3401 2682 τὸν
3449 2629 3582 2682 Θεὸν
3630 2630 3741 2683 τῶν

2161 2719 2316 2784 θεῶν,
2348 2719 2479 2773 Θεὸν
2510 2721 2689 2773 αὐτῶν
2712 2716 2867 2774 εἶναι.
2903 2719 3058 2773 Οὕτω
3081 2721 3137 2773 δὲ
3163 2719 3469 2787 ἐξεδέξαντο
3496 2721 3742 2791 κινηθὲν--

2157 2829 2247 2875 τες
2289 2814 2353 2864 ἐκ
2396 2811 2500 2865 τῶν
2549 2813 2607 2864 ὲν
2647 2811 2724 2882 τῷ
2767 2813 3169 2884 Δευτερονομίῳ
3201 2812 3290 2865 τὸν
3317 2813 3519 2884 τρόπον
3552 2813 3741 2868 τοῦτον

2158 2905 2388 2973 ἑχόντων
2411 2919 2425 2933 ο
2470 2923 2488 2955 ι
2518 2904 2612 2974 Μὴ
2642 2903 2949 2972 ἀναόλέψας
2975 2905 3054 2966 εἰς
3081 2904 3172 2956 τὸν
3204 2903 3459 2973 οὐρανὸν,
3488 2903 3580 2956 καὶ
3617 2903 3740 2957 ἰδὼν

2157 2997 2248 3048 τὸν
2279 2995 2429 3066 ἥλιον
2451 3037 2465 3060 ,
2501 2997 2595 3049 καὶ
2621 2997 2720 3068 τὴν
2757 2995 2984 3066 σελήνην
3005 3035 3018 3060 ,
3050 2997 3142 3048 καὶ
3187 2996 3364 3049 πάντα
3400 2996 3491 3049 τὸν
3539 2997 3740 3066 κόσμον
3803 3055 3808 3058 _

2155 3086 2249 3140 τοῦ
2295 3087 2524 3158 οὐρανοῦ
2549 3128 2563 3152 ,
2612 3087 2904 3158 πλανηθεὶς
2959 3089 3343 3159 προσκυνήσῃς
3387 3088 3606 3154 αὐτοῖς,
3643 3089 3738 3141 καὶ

2156 3178 2456 3251 λατρεύσῃς
2505 3180 2721 3243 αὐτοῖς,
2749 3181 2784 3234 ἃ
2825 3180 3119 3248 ἀπένειμεν
3151 3179 3289 3233 αὺτά
3323 3180 3524 3251 Κύριος
3555 3182 3582 3233 ό
3608 3180 3762 3246 Θεός,

2160 3285 2255 3321 σου
2281 3270 2411 3322 πᾶσι
2439 3271 2550 3334 τοῖς
2580 3269 2785 3323 ἔθνεσιν
2808 3286 2820 3299 ·
2839 3290 2856 3322 ι
2886 3271 3011 3340 ὑμῖν
3031 3270 3087 3323 δὲ
3107 3271 3203 3340 οὐχ
3231 3270 3398 3334 οὕτως
3429 3272 3595 3324 ἔδωκε
3626 3271 3738 3324 Κύ-

2160 3378 2274 3432 ριος
2297 3361 2325 3412 ὁ
2354 3361 2484 3425 Θεός
2519 3379 2634 3415 σου.
2660 3361 2783 3426 Πῶς
2808 3362 2916 3433 γὰρ
2939 3363 3203 3433 ἀπένειμε
3233 3365 3365 3414 πᾶσι
3385 3367 3498 3426 τοῖς
3530 3363 3743 3417 ἔθνεσιν

2157 3455 2306 3524 ἥλιον
2357 3455 2452 3507 καὶ
2501 3454 2729 3526 σελήνην
2761 3455 2855 3508 καὶ
2894 3455 3072 3508 πάντα
3099 3456 3188 3508 τὸν
3217 3456 3420 3526 κόσμον
3451 3457 3545 3510 τοῦ
3571 3459 3736 3530 ούρα-

2157 3548 2250 3601 νοῦ
2298 3549 2326 3600 6
2358 3549 2522 3613 Θεὸς,
2569 3549 2668 3620 οὐχ
2707 3549 2877 3614 οὓτως
2908 3549 3155 3612 δεδωκὼς
3193 3551 3332 3604 αύτά
3360 3551 3438 3622 τῷ
3485 3553 3734 3624 Ὶσραήλς

2159 3643 2249 3715 Τῷ
2274 3645 2399 3707 τοὺς
2429 3644 2504 3715 μὴ
2530 3642 2859 3713 δυναμένους
2903 3644 2994 3695 ἐπὶ
3037 3643 3132 3712 τὴν
3180 3643 3372 3714 νοητὴν
3405 3644 3737 3715 ἀναδραμεῖν

2157 3741 2338 3810 φύσιν,
2356 3740 2421 3794 δι’
2455 3739 2726 3810 αἰσθητῶν
2758 3737 2895 3792 θεῶν
2924 3737 3272 3806 κινουμένους
3304 3737 3431 3808 περὶ
3463 3736 3734 3806 θεότητος,

2155 3833 2452 3902 ἀγαπητῶς
2482 3832 2584 3886 κᾶν
2618 3834 2675 3886 ὲν
2715 3832 2923 3893 τούτοις
2952 3828 3234 3893 ἵστασθαι,
3283 3830 3374 3881 καὶ
3410 3828 3483 3900 μὴ
3518 3830 3736 3883 πίπτειν

2155 3926 2248 3978 ἐπὶ
2270 3924 2463 3978 εἴδωλα
2497 3924 2589 3978 καὶ
2621 3923 2889 3994 δαιμόνια.
2919 3920 3128 3975 Οὐκοῦν
3159 3923 3207 3973 οί
3256 3922 3351 3991 μὲν
3388 3921 3522 3974 Θεὸν
3556 3921 3736 3990 ἔχουσι

2155 4018 2246 4070 τὸν
2269 4017 2376 4070 τῶν
2402 4016 2538 4070 ὅλων
2557 4016 2689 4068 Θεόν
2709 4033 2723 4045 ·
2751 4017 2800 4067 οἱ
2826 4015 2881 4068 δὲ
2909 4014 3060 4085 παρά
3079 4015 3298 4076 τούτους
3323 4013 3562 4082 δεύτεροι
3588 4015 3734 4069 ἱστά-

2158 4124 2309 4178 μενοι
2338 4108 2430 4160 ὲπὶ
2466 4107 2557 4160 τὸν
2587 4107 2713 4160 Υἱὸν
2738 4106 2831 4160 τοῦ
2862 4106 2995 4160 Θεοῦ
3020 4106 3108 4159 τὸν
3150 4104 3385 4177 Χριστὸν
3413 4104 3576 4159 αὐτοῦ
3597 4123 3608 4134 ·
3642 4108 3736 4159 καὶ

2152 4201 2325 4272 τρίτοι
2355 4202 2402 4252 οἱ
2435 4199 2526 4251 τὸν
2557 4199 2706 4270 ἥλιον
2733 4199 2825 4252 καὶ
2855 4199 2953 4270 τὴν
3003 4198 3230 4269 σελήνην
3283 4198 3376 4250 καὶ
3420 4197 3597 4251 πάντα
3641 4198 3732 4252 τὸν

2153 4291 2354 4361 κόσμον
2391 4290 2483 4342 τοῦ
2535 4289 2798 4361 οὐρανοῦ,
2834 4291 2942 4344 ἀπὸ
2992 4289 3125 4343 Θεοῦ
3181 4290 3278 4360 μὲν
3335 4289 3729 4360 πλανηθέντες,

2150 4383 2289 4455 πλὴν
2351 4382 2558 4454 πλάνην
2607 4381 2787 4452 πολλῷ
2853 4381 3213 4453 διαφέρουσαν
3282 4385 3375 4436 καὶ
3446 4382 3732 4453 κρείττονα

2152 4473 2259 4528 τῶν
2337 4474 2641 4529 καλούντων
2716 4474 2870 4538 θεοὺς
2934 4474 3070 4546 ἔργα
3130 4477 3327 4548 χειρῶν
3385 4475 3688 4548 ἀνθρώπων
3713 4516 3729 4541 ,

545 4650 658 4722 (82)
699 4651 921 4725 Λόγων.
981 4653 1075 4725 Sic
1110 4651 1270 4725 codd.
1319 4651 1639 4707 Bodleianus
1688 4661 1742 4708 et
1789 4652 2048 4709 Barheri-

2157 4652 2360 4725 πιστοί·
2412 4650 2516 4725 ναὶ-
2551 4650 2658 4725 μὴν
2705 4651 2948 4725 κάκεῖνοι
2998 4653 3047 4703 οἱ
3089 4651 3196 4725 ἀπὸ
3233 4653 3334 4725 τῆς
3370 4651 3478 4725 τῶν
3513 4653 3730 4725 ἄστρων

478 4737 608 4780 »ιιιες
646 4724 811 4774 editio
840 4723 1040 4784 Httelii,
1066 4723 1240 4790 λόγον.

547 4793 656 4861 (8'5)
704 4789 817 4859 Τῆς
837 4793 1114 4861 ἐκλογῆς.
1133 4789 1383 4863 Ἑκλογή,
1404 4792 1454 4846 id
1478 4803 1562 4848 est
1590 4792 1760 4848 electi.
1785 4793 1859 4848 Ita
1889 4794 2048 4849 Rom.

477 4863 634 4924 31,7,
681 4863 769 4914 ubi
806 4874 862 4915 et
893 4866 1113 4930 quidam
1143 4879 1330 4916 vocem
1375 4866 1542 4929 hanc,
1590 4864 1731 4918 unde
1779 4865 1884 4920 huc
1933 4878 2046 4920 tra-

474 4933 632 4984 ducta
669 4943 752 4984 est
777 4934 882 4996 ,ita
916 4942 1213 4988 verterunt.
1249 4933 1514 4990 llun'rtus.

550 5001 662 5073 (84)
705 5001 806 5067 Ὦς
847 5019 1004 5068 τινες
1037 5001 1156 5056 τῶν
1189 5004 1304 5070 πρὸ
1348 5003 1536 5073 ἡμῶν,
1575 5014 1680 5058 etc.
1715 5004 2043 5058 Clementem

476 5071 564 5145 hic
588 5071 1007 5145 designatcujus
1032 5075 1146 5127 haec
1163 5073 1324 5145 verba
1353 5071 1694 5145 s'iitttStroni.
1717 5090 1768 5128 Vl
1791 5093 1803 5127 :
1824 5075 2044 5145 Ἐπειδὴ

474 5141 584 5214 γὰρ
616 5141 729 5212 ᾔδει
753 5141 918 5214 Θεὸς,
941 5143 1035 5195 ﬁre
1079 5142 1430 5214 προγνώστης
1455 5142 1550 5205 ὢν,
1586 5143 1660 5214 μὴ
1694 5141 2048 5198 πιστεύσοντὰ

473 5209 683 5285 τοῦτον,
713 5211 864 5285 οὐδὲν
889 5209 1049 5285 ἦττον
1076 5209 1224 5285 ὅπως
1244 5215 1341 5285 τήν
1363 5209 1424 5281 γε
1455 5214 1572 5285 καθ’
1587 5209 1779 5285 ἑαυτὸν
1795 5215 2048 5285 ἀναδέξη-

473 5299 562 5356 ται
593 5281 888 5356 τελείωσιν,
912 5281 1078 5356 ξδωκε
1111 5283 1212 5356 μὲν
1235 5281 1557 5356 φιλοσοφίαν
1584 5283 1751 5354 αὐτῷ,
1783 5285 1918 5338 ἀλλά
1943 5281 2047 5356 πρὸ

473 5300 562 5333 ται
593 5300 888 5346 τελειωσιν,
914 5300 1078 5335 εοωκε
1105 5300 1212 5405 grav
1245 5300 1557 5352 φιλοσοφιαν
1584 5303 1751 5354 αυτῳ,
1783 5300 1918 5338 ἀλλα
1943 5300 2044 5356 προ

473 5351 569 5426 τῆς
603 5353 868 5426 πίστεως·
909 5353 1076 5426 ἔδωκε
1133 5353 1161 5406 ὲ
1199 5353 1291 5426 τὸν
1325 5355 1496 5426 ἥλιον,
1525 5357 1619 5426 καὶ
1666 5357 1762 5426 τὴν
1781 5356 2044 5426 σελήνην,

475 5421 570 5494 καὶ
598 5423 665 5475 τὰ
700 5424 876 5494 ἄστρα
901 5425 981 5485 είς
1000 5422 1332 5494 θρησκείαν·
1350 5421 1403 5478 ἀ
1435 5425 1687 5494 εποίησεν
1715 5421 1743 5478 ό
1767 5421 2043 5488 Θεὸςτοίς

2157 4723 2428 4798 σεϐήσεως
2461 4721 2534 4798 μὴ
2568 4721 3040 4798 ὲπανοιδραμόντᾼες
3077 4724 3168 4798 ἐπὶ.
3198 4721 3300 4798 τὸν
3327 4723 3530 4798 τούτων
3569 4721 3730 4798 ποιηη

2153 4787 2285 4873 τήγί
2313 4792 2428 4873 enses;
2591 4787 2824 4873 ﬁv~a6rq
2851 4787 3062 4873 δοθεῖσα
3085 4797 3194 4873 τοῖς
3220 4793 3427 4873 ἔθνεσιν
3450 4787 3726 4873 ἀνακύψᾴι

2153 4861 2288 4934 πρὸς
2322 4862 2452 4915 Θεὸν
2499 4861 2588 4914 διὰ
2625 4861 2725 4934 τῆς
2754 4861 2862 4916 τῶν
2910 4863 3124 4933 ἄστρων
3167 4863 3487 4934 θρησκείας,
3541 4884 3560 4916 ι
3589 4861 3725 4932 Quia

2152 4931 2296 4988 enim
2343 4941 2571 4986 noverat
2624 4931 2800 4994 Deus,
2857 4931 3041 4999 utpote
3094 4931 3378 5002 praescius,
3425 4936 3567 4989 hunc
3617 4931 3723 4989 non

2153 5005 2530 5072 crediturum,
2587 5002 2946 5057 nihilominus
2996 5011 3171 5072 tamen
3231 5013 3290 5057 ut
3335 5004 3723 5072 perfectionem

2154 5075 2420 5145 reciperet
2449 5070 2602 5145 cujus
2633 5087 2803 5145 capax_
2833 5081 2973 5145 erat,
3019 5071 3168 5145 dedit
3199 5074 3247 5126 ei
3283 5070 3500 5145 quidem
3550 5077 3724 5145 philo-

2153 5144 2428 5211 sophiam,
2475 5141 2570 5195 sed
2602 5154 2730 5196 ante
2775 5142 2972 5206 fidem;
3013 5143 3160 5196 dedit
3205 5141 3386 5198 autem
3424 5141 3629 5210 solem,
3668 5155 3724 5199 et

2154 5214 2358 5274 lunam,
2391 5221 2445 5266 et
2470 5219 2616 5282 astra
2645 5211 2711 5264 ad
2746 5211 3063 5282 religionem
3093 5227 3108 5265 :
3141 5228 3260 5282 quae
3299 5214 3549 5282 gentibus
3593 5216 3721 5270 fecit

2153 5283 2314 5350 Deus,
2351 5281 2526 5348 inquit
2560 5280 2665 5345 lex,
2701 5297 2767 5336 ne
2797 5280 3040 5335 funditus
3066 5280 3210 5338 athei
3243 5280 3441 5348 effecti,
3477 5284 3723 5339 funditus

2149 5362 2394 5422 pereant.
2424 5352 2494 5422 At
2523 5351 2597 5404 illi
2652 5353 2704 5405 iu
2740 5352 2843 5406 hoc
2891 5363 3164 5421 praecepto
3198 5354 3618 5420 inconsiderati,
3665 5356 3719 5410 in

2149 5421 2425 5496 sculptiles
2463 5421 2624 5496 ἀεβεί
2669 5431 2902 5496 statuas,
2946 5423 3047 5496 nisi
3093 5426 3468 5492 paenitentiam
3517 5437 3718 5496 agant,

476 5490 670 5564 ἔθνεσι,
702 5490 864 5564 φησιν
899 5495 928 5546 6
953 5490 1134 5564 νόμος,
1160 5494 1246 5546 ἵνα
1274 5495 1346 5564 μὴ
1377 5493 1554 5547 τέλεον
1580 5490 1729 5548 ἀθεοι
1759 5495 2040 5564 γενόμενοι

2157 5490 2502 5554 iudicantur:
2535 5491 2591 5564 lti
2630 5491 2868 5564 quidem,
2901 5494 3023 5560 quia
3069 5490 3194 5564 cum
3238 5504 3481 5564 possent,
3530 5490 3718 5550 n'olue-

821 5559 1209 5649 διαφθαρῶσιν.
1241 5559 1302 5617 Οἱ
1334 5559 1390 5649 δὲ
1432 5565 1533 5616 κάν
1565 5565 1735 5634 ταύτῃ
1748 5559 2041 5649 ,γενόμενοι

2157 5573 2276 5617 runt
2325 5559 2726 5642 Deo.credere:
2772 5562 2845 5615 illi
2890 5559 3025 5649 vero
3073 5563 3165 5632 qui
3214 5559 3425 5649 e'tiamsi
3479 5565 3716 5646 vellent,

475 5634 542 5698 τῇ
565 5631 749 5705 ἐντολῇ
775 5631 1106 5705 ἀγνώμονες,
1135 5634 1390 5702 γλυπτοῖς
1419 5631 1854 5705 προσεσχηκότες
1883 5631 2043 5703 ἀγάλ.

479 5702 762 5784 Bachanalia
805 5704 878 5784 μῂ
918 5702 1320 5784 μετανοήσωσι,
1362 5702 2038 5784 κρίνονται’·“Λοὶ“μὲν,ξτι

473 5771 788 5844 δυνηθέντες
811 5771 1208 5844 οὖκήθέλησαν
1253 5771 1537 5826 πιστεῦσαι
1571 5775 1648 5844 τῷ
1692 5771 1840 5844 Θεῷ·
1876 5778 1923 5827 οἱ
1959 5776 2035 5837 δὲ,

471 5841 552 5893 ὅτι
602 5842 694 5894 καὶ
756 5841 1219 5915 θελήσαντεςρὺκ
1269 5841 2036 5918 ἐξεπόνησαν’περιγενέσθαι

2150 5648 2255 5686 non
2287 5632 2464 5687 conati
2507 5643 2634 5686 sunt
2670 5641 2848 5686 tamen
2888 5631 3364 5698 ﬁdeles’evadere,
3396 5643 3451 5688 et
3481 5635 3515 5688 ii
3546 5636 3712 5690 etiam

2147 5703 2236 5771 qui
2264 5704 2331 5756 ab
2360 5712 2628 5755 astrorum
2673 5704 2842 5766 cultu,
2885 5704 2953 5756 ad
2997 5718 3184 5758 eorum
3227 5705 3560 5758 conditorem
3608 5721 3712 5759 non

2148 5783 2518 5828 recurrerunt.
2566 5772 2689 5826 Htec
2730 5774 2873 5827 enim
2913 5771 2996 5826 via
3036 5783 3152 5827 erat
3188 5775 3441 5842 gentibus
3472 5775 3594 5829 data
3645 5777 3715 5829 ad

2148 5843 2311 5900 Deum
2343 5857 2440 5912 per
2469 5851 2742 5898 astrorum
2773 5843 2974 5899 cultum
3012 5858 3321 5914 assurgere.
3349 5862 3367 5895 ι
3405 5846 3479 5898 lu.
