4174 6402
417 419 524 475 115

1534 405 1890 465 COMMENT.
1931 405 1998 460 1N
2033 401 2226 459 JOAN.
2269 399 2510 456 TOMUS
2551 397 2613 452 11.

3572 391 3678 444 1H

417 534 624 607 χρυσὸν
675 533 770 586 καὶ
828 534 1104 604 ἄργυρον,
1155 530 1348 600 τέχνης
1404 528 1850 600 ὲμμελετήματα.
1911 525 2006 579 Τε-

2115 523 2322 580 servias
2353 521 2454 583 eis,
2483 532 2604 587 qute
2641 516 2756 586 ipsa
2793 511 3067 568 distribuit
3111 511 3253 566 Deus
3297 519 3419 564 tuus
3469 511 3682 565 cunctis

415 627 656 680 λευταίοι
715 625 773 678 δέ
831 627 970 677 εἰσιν
1028 625 1076 677 οί
1141 622 1450 694 λεγομένοις
1513 624 1612 691 μὲν
1677 622 1819 684 Θεοῖς
1870 624 2000 672 ἀνα-

416 719 698 790 κείμενοι,
733 716 984 787 οὐδαμῶς
1030 715 1085 768 δὲ
1129 710 1248 769 οὖσι
1322 713 1482 777 θεοῖς.
1529 712 1686 766 Οῦτω
1731 713 1909 765 τοίνυν
1954 713 2000 764 οἱ

422 815 521 882 μέν
549 827 695 872 τινες
729 809 1045 880 μετέχουσιν
1074 808 1236 860 αὑτοῦ
1265 806 1357 860 τοῦ
1392 808 1450 860 έν
1493 809 1636 877 ἀρχῇ
1667 806 1838 874 Λόγου
1858 847 1872 869 ,
1909 805 2003 858 καὶ

416 901 555 972 πρὸς
579 899 670 953 τὸν
697 899 829 953 Θεὸν
861 900 1055 968 Λόγου,
1088 901 1181 952 καὶ
1201 898 1336 952 Θεοῦ
1366 899 1539 968 Λόγου
1561 940 1574 962 ,
1597 899 1786 970 ὥσπερ
1821 898 2000 968 Ὠσηὲ,

419 990 515 1044 καὶ
559 991 807 1053 Ἡσαΐας,
839 989 933 1043 καὶ
967 990 1259 1061 Ἱερεμίας,
1302 990 1395 1043 καὶ
1422 990 1475 1042 εί
1508 1007 1592 1054 τις
1618 992 1805 1062 ἕτερος
1833 989 2004 1043 τοιοῦ-

417 1099 511 1138 τον
538 1082 728 1136 ἑαυτὸν
757 1082 1133 1154 παρέστησεν,
1165 1084 1242 1145 ὡς
1282 1082 1374 1135 τὸν
1408 1082 1562 1150 λόγον
1603 1083 1809 1153 Κυρίου
1843 1083 1876 1153 ἢ
1913 1082 2002 1134 τὸν

418 1173 578 1241 λόγον
609 1171 861 1240 γενέσθαι
892 1172 1029 1244 πρὸς
1061 1173 1222 1226 αὐτόν
1243 1188 1259 1204 ο
1285 1173 1464 1244 ἕτεροι
1506 1173 1565 1226 δὲ
1592 1175 1640 1225 οἱ
1675 1173 1837 1244 μηδὲν
1866 1173 2002 1226 εἰδό-

418 1282 512 1328 τες
546 1265 594 1316 εί
631 1262 706 1334 μὴ
749 1261 958 1333 Ἰησοῦν
991 1263 1260 1334 Χριστὸν,
1296 1266 1391 1318 καὶ
1427 1265 1615 1317 τοῦτον
1655 1265 2004 1337 ἐσταυρωμέ-

419 1373 532 1416 νον,
555 1355 647 1408 τὸν
678 1354 968 1425 γενόμενον
1003 1355 1181 1426 σάρκα
1220 1356 1411 1425 Λόγον,
1443 1356 1504 1410 τὸ
1538 1359 1646 1411 πᾶν
1685 1359 2004 1428 νομίσαντες

420 1444 562 1500 εἶναι
608 1447 704 1500 τοῦ
752 1448 951 1516 Λόγου,
980 1448 1212 1518 Χριστὸν
1248 1449 1388 1502 κατὰ
1437 1451 1614 1521 σάρκα
1653 1451 1811 1521 μόνον
1842 1449 2004 1519 γινώ-

426 1557 640 1592 σκουσι.
677 1539 931 1593 Τοιοῦτον
957 1540 1013 1594 δέ
1045 1544 1161 1595 ἐστι
1192 1541 1254 1594 τὸ
1275 1541 1475 1613 πλῆθος
1509 1542 1616 1596 τῶν
1656 1544 2005 1597 πεπιστευκέ-

427 1648 515 1685 ναι
543 1630 934 1702 νομιζομένων.
969 1633 1078 1684 Καὶ
1098 1632 1272 1704 τρίτοι
1303 1632 1482 1700 λόγοις
1508 1632 1794 1704 μετέχουσί
1822 1653 1874 1686 τι
1907 1632 2002 1686 τοῦ

419 1724 595 1791 Λόγου
642 1723 720 1785 ὡς
767 1721 944 1777 πάντα
985 1724 1312 1795 ὑπερέχουσι
1336 1725 1515 1794 λόγον,
1565 1725 2000 1796 προσεσχήκασι.

2105 615 2374 687 gentibus.
2435 630 2454 663 ι
2507 610 2673 663 Vobis
2717 616 2896 660 autent
2945 619 3050 658 non
3095 604 3176 658 sic
3225 602 3372 656 dedit
3421 601 3682 655 Dominus

2105 709 2250 764 Deus
2277 717 2421 760 tuus.
2450 705 2556 760 Sed
2579 703 2668 772 qui
2704 699 2983 754 distribuit
3030 695 3242 750 cunctis
3295 694 3548 762 gentibus
3586 709 3679 749 so-

2104 806 2230 870 lem,
2270 811 2326 856 et
2379 800 2585 860 lunam,
2626 802 2680 850 et
2723 807 2886 848 omne
2929 789 3054 846 coeli
3101 798 3488 844 ornamentum
3517 787 3680 854 Deus,

2105 910 2226 950 cum
2273 892 2350 946 sic
2394 904 2502 945 non
2555 885 2762 941 dederit
2815 882 3035 938 lsraeli?
3083 881 3304 935 Scilicet
3345 889 3404 933 ut
3435 880 3526 948 qui
3571 893 3680 933 non

2105 992 2330 1056 possunt
2357 981 2422 1037 ad
2451 975 2845 1048 intelligibilem
2876 987 3161 1028 recurrere
3198 983 3469 1038 naturam,
3516 970 3681 1026 rebus

2105 1074 2389 1146 corporeis
2442 1087 2505 1127 ac
2548 1071 2649 1126 sub
2697 1082 2917 1122 sensum
2961 1066 3286 1120 cadentibus
3334 1064 3681 1117 divinitatem

2105 1185 2224 1225 esse
2269 1165 2554 1237 suspicati,
2590 1163 2672 1217 vel
2723 1161 2969 1214 lubenter
3002 1159 3054 1212 in
3100 1160 3184 1213 his
3234 1157 3512 1222 sisterent,
3573 1171 3680 1210 non

2105 1263 2337 1331 prolapsi
2357 1261 2424 1315 ad
2455 1259 2594 1314 idola
2612 1269 2667 1313 et
2681 1257 2963 1313 daemonia.
2984 1256 3149 1308 Deum
3167 1251 3333 1321 igitur
3349 1249 3439 1304 alii
3461 1249 3680 1318 quidem

2107 1357 2274 1410 Deum
2306 1354 2682 1408 universorum
2723 1351 2953 1410 habent;
2998 1346 3089 1416 qui
3131 1358 3262 1398 vero
3305 1343 3403 1396 bos
3432 1340 3681 1411 proxime

2106 1455 2426 1517 sequuntur,
2473 1447 2528 1500 in
2567 1444 2838 1500 Christum
2895 1443 2989 1497 Dei
3041 1439 3210 1510 ipsius
3263 1437 3462 1491 Filium
3516 1433 3680 1489 deﬁxi

2105 1549 2252 1596 sunt.
2283 1539 2452 1594 Tertii
2483 1551 2611 1592 vero
2657 1534 2901 1606 suntqui
2945 1533 3140 1594 solem,
3188 1529 3366 1583 lunam
3411 1537 3684 1594 omneque

2106 1633 2228 1688 coeli
2251 1639 2628 1687 ornamentum
2673 1627 2828 1698 [deos
2867 1620 3152 1693 habentes]
3197 1636 3225 1674 a
3261 1621 3372 1673 Deo
3403 1619 3682 1682 aberrant,

2106 1734 2476 1780 verumtamen
2547 1735 2736 1776 errore
2805 1719 2963 1788 longe
3040 1712 3369 1786 praecellenti
3422 1718 3685 1781 prmstan-

420 1816 531 1868 Καὶ
557 1817 767 1886 μήποτε
799 1809 944 1869 οὗτοί
986 1817 1122 1868 εἰσιν
1171 1817 1219 1869 οἱ
1269 1817 1651 1888 μετερχόμενοι
1702 1817 1800 1880 τὰς
1855 1817 2004 1870 εὐδο-

2111 1820 2354 1886 tioreque
2417 1829 2581 1884 quam
2658 1826 2848 1868 eorum
2911 1808 3002 1878 qui
3072 1814 3278 1860 vocant
3332 1804 3463 1857 deos
3516 1815 3684 1870 opera

421 1877 695 1978 κιμοῦσας
720 1909 812 1960 καὶ
839 1907 1200 1979 διαφερούσας
1225 1877 1282 1963 ὲν
1314 1877 1600 1980 φιλοσοξρίᾳ
1644 1877 2002 1980 παρ’-Ἕλλη-

2111 1877 2366 1960 ιηοηυύιη
2422 1902 2740 1965 hominum,
2796 1911 2986 1952 aurum
3054 1904 3107 1949 et
3156 1903 3480 1964 argentum,
3549 1892 3684 1945 artis

420 2014 506 2054 σιν
535 1998 796 2070 αἱρέσεις.
848 1999 1107 2073 Τέταρτοι
1139 2001 1198 2054 δὲ
1232 2002 1383 2071 παρὰ
1413 1999 1640 2063 τούτους
1683 1999 1794 2070 (85)
1821 2000 1871 2053 οἱ
1904 2017 2003 2053 πε-

422 2091 782 2154 πιστευκότες
809 2091 988 2159 λόγοις
1010 2092 1186 2164 πάντη
1217 2092 1524 2162 διεφθορόσι
1545 2093 1639 2145 καὶ
1670 2091 1873 2156 ἀθέοις,
1907 2092 2005 2163 τὴν

421 2181 630 2254 ἐναργῆ
659 2183 754 2236 καὶ
784 2183 970 2253 σχεδὸν
999 2181 1261 2254 αἰσθητὴν
1287 2183 1549 2255 Πρόνοιαν
1572 2182 1876 2255 ἀναιροῦσι,
1911 2185 2005 2237 καὶ

421 2272 549 2327 ἄλλο
582 2291 634 2326 τι
661 2273 816 2336 τέλος
846 2273 995 2344 παρὰ
1028 2273 1090 2327 τὸ
1124 2273 1286 2327 καλὸν
1321 2273 1757 2345 ἀποδεχομένοις.
1801 2276 1864 2327 Εἰ
1909 2277 2005 2328 καὶ

421 2365 680 2437 ἐδόξαμεν
723 2365 780 2418 δὲ
810 2365 1307 2438 παρεκϐεϐηκέναι,
1349 2362 1502 2438 οἶμαι
1539 2367 1583 2420 δ’
1621 2368 1700 2420 ὅτι
1743 2384 2008 2439 παρακει⁴

429 2456 608 2526 μένως
652 2457 792 2528 ὑπὲρ
853 2455 945 2510 τοῦ
994 2456 1181 2527 σαφῶς
1229 2457 1356 2511 ἰδεῖν
1405 2457 1648 2530 τέσσαρα
1706 2458 2008 2530 πράγματα

424 2548 568 2601 κατὰ
585 2548 645 2602 τὸ
661 2548 794 2612 Θεὸς
813 2548 1004 2619 ὄνομα,
1027 2550 1120 2602 καὶ
1143 2548 1380 2620 τέσσαρα
1398 2548 1540 2603 κατὰ
1555 2549 1616 2602 τὸ
1636 2549 1828 2617 Λόγος,
1849 2548 2007 2602 τοῦτο

422 2643 801 2713 πεποιήκαμεν
821 2659 834 2672 ·
857 2637 926 2714 ἧν
945 2641 1051 2714 γὰρ
1073 2641 1242 2705 όΘεὸς
1263 2641 1357 2696 καὶ
1372 2641 1523 2706 Θεὸς,
1548 2637 1666 2695 εἶτα
1690 2641 1801 2694 θεοὶ
1822 2641 2003 2712 διχῶς,

424 2724 500 2786 ὧν
545 2731 638 2784 τοῦ
671 2733 980 2803 κρείττονος
1007 2732 1288 2803 τάγματος
1340 2732 1452 2804 (86)
1495 2732 1782 2805 ὑπερέχειν
1826 2731 1936 2804 (87)
1979 2735 2008 2785 ὁ

420 2823 554 2886 Θεὸς
601 2823 776 2892 Λόγος
823 2823 1224 2896 ὑπερεχόμενος
1256 2825 1361 2877 ὑπὸ
1406 2824 1500 2878 τοῦ
1538 2824 1646 2880 τῶν
1674 2825 1811 2879 ὅλων
1845 2825 2004 2880 Θεοῦ.

421 2917 533 2970 Καὶ
563 2917 725 2971 πάλιν
755 2913 822 2989 ἦν
847 2919 874 2972 ό
907 2919 1098 2986 Λόγος,
1126 2918 1264 2987 τάχα
1295 2917 1350 2971 δὲ
1376 2918 1468 2971 καὶ¹
1484 2919 1675 2986 Λόγος,
1699 2918 1899 2988 ὁμοίως
1931 2919 2008 2990 τῷ

425 3009 454 3060 ὁ
477 3007 610 3070 Θεὸς
639 3008 734 3060 καὶ
762 3007 895 3072 Θεός
915 3024 928 3037 ·
963 3007 1058 3060 καὶ
1100 3008 1149 3060 oi
1178 3007 1326 3074 λόγοι
1365 3007 1557 3078 διχῶς,
1595 3009 1784 3062 οἰκεῖοί
1817 3026 1876 3062 τε
1916 3009 2010 3063 ἁν-

425 3095 686 3168 θρώπινοι
711 3098 758 3150 οἱ
791 3098 891 3168 μὲν
916 3096 994 3168 τῷ
1031 3097 1241 3168 Πατρὶ,
1276 3097 1489 3169 μερίδες
1534 3097 1684 3162 ὄντες
1716 3098 1878 3153 αὐτοῦ
1914 3101 2007 3154 καὶ

421 3187 633 3254 τούτοις
667 3190 1096 3262 παρακείμενοι,
1130 3189 1229 3282 οὓς
1265 3189 1359 3244 νῦν
1409 3191 1739 3262 σαφέστερον
1780 3194 1808 3245 ό
1852 3192 2009 3262 λόγος
2036 3226 2080 3282 c

423 3283 555 3352 ἡμῖν
588 3282 916 3353 παρίστησιν
939 3322 954 3346 ,
987 3284 1035 3334 οἱ
1069 3282 1162 3334 ἐπὶ
1185 3281 1277 3334 τὸν
1302 3283 1531 3353 Σωτῆρα
1559 3283 1882 3352 φθάσαντες,
1915 3286 2010 3341 καὶ

421 3371 484 3425 τὸ
518 3373 628 3426 πᾶν
648 3374 706 3426 ὲν
738 3371 886 3443 αὐτῷ
911 3372 1154 3435 ἱστάντες
1173 3389 1186 3403 ·
1215 3373 1309 3426 καὶ
1326 3373 1498 3445 τρίτοι
1521 3375 1569 3426 οἱ
1598 3376 2006 3448 προειρημένοι,

421 3461 574 3533 ἥλιον
619 3463 714 3516 καὶ
766 3461 1032 3535 σελήνην,
1076 3463 1168 3520 καὶ
1201 3463 1434 3534 ἀστέρας
1480 3465 1789 3536 νομίζοντες
1832 3468 2006 3536 θεοὺς⁹

422 3555 517 3608 καὶ
563 3557 621 3608 ὲν
667 3556 850 3620 αὐτοῖς
899 3557 1196 3627 ἱστάμενοι.
1239 3557 1359 3610 Ἐπὶ
1404 3559 1536 3610 πᾶσι
1581 3557 1673 3624 δὲ,
1705 3559 1799 3612 καὶ
1851 3561 1910 3613 ὲν
1941 3561 2008 3632 τῇ

423 3647 573 3699 κάτω
601 3645 752 3718 χώρᾳ
806 3649 855 3700 οἱ
888 3649 1000 3711 τοῖς
1031 3647 1375 3719 άψύχοιςδκαὶ
1407 3651 1620 3720 νεκροῖς
1652 3649 1891 3714 εἰδώλοις
1913 3651 2009 3704 ὲκ-

426 3739 692 3810 κείμενοι.
722 3740 794 3793 Τὸ
822 3741 880 3793 δὲ
903 3741 1164 3810 ἀνάλογον
1193 3741 1288 3796 καὶ
1315 3742 1405 3795 ἐπὶ
1433 3742 1539 3795 τῶν
1561 3742 1702 3796 κατὰ
1721 3743 1812 3796 τὸν
1835 3744 2007 3812 Λόγον

429 3828 782 3900 εὑρίσκομεν
804 3831 854 3882 οί
879 3829 977 3900 μὲν
1004 3830 1112 3901 γὰρ
1145 3830 1294 3902 αὑτῷ
1314 3830 1391 3901 τῷ
1423 3830 1581 3901 Λόγῳ
1607 3831 2003 3903 κεκόσμηνται·

423 3919 471 3971 οἱ
498 3919 554 3972 δὲ
585 3921 974 3993 παρακειμένῳ
1001 3923 1105 3974 τινὶ
1126 3921 1292 3992 αὐτῷ,
1316 3923 1411 3975 καὶ
1429 3921 1671 3975 δοκοῦντι
1691 3920 1830 3976 εἶναι
1858 3925 2008 3996 αὺτῴ

425 4010 503 4080 τῷ
525 4012 724 4083 πρώτῳ
743 4013 924 4084 Λόγῳ,
958 4014 1008 4066 οἱ
1031 4013 1195 4083 μηδὲν
1217 4013 1434 4077 εἰδότες,
1459 4016 1508 4067 εί
1542 4013 1618 4086 μὴ
1642 4014 1845 4085 Ἰησοῦν
1874 4017 1918 4069 Χ
1928 4034 2008 4089 ρι-

425 4101 570 4167 στὸν,
600 4103 692 4155 καὶ
722 4101 910 4156 τοῦτον
943 4102 1372 4176 ἐσταυρωμένον,
1404 4106 1451 4156 οἱ
1483 4103 1574 4156 τὸν
1605 4105 1776 4172 Λόγον
1821 4105 2002 4176 σάρκα

422 4192 690 4263 ὁρῶντεςο
719 4194 813 4247 καὶ
840 4194 1032 4266 τρίτοι,
1054 4194 1148 4261 οὒς
1182 4195 1288 4267 πρὸ
1318 4193 1546 4266 βραχέος
1588 4195 1907 4269 εἰρήκαμεν.
1936 4197 2002 4253 Τί

422 4283 481 4336 δὲ
511 4283 592 4342 δεῖ
617 4283 795 4354 λέγειν
825 4286 954 4358 περὶ
992 4286 1101 4340 τῶν
1149 4285 1517 4357 νομιζομένων
1576 4286 1674 4358 μὲν
1732 4288 1790 4340 ὲν
1843 4289 2002 4362 Λόγῳ

420 4378 741 4449 τυγχάνειν,
789 4381 1263 4436 ἀποπεπτωκότων
1316 4381 1372 4434 δὲ
1411 4381 1472 4434 οὐ
1508 4381 1670 4451 μόνον
1703 4381 1869 4436 αὐτοῦ
1901 4384 1997 4438 τοῦ

2107 1996 2552 2068 excogitationes.
2620 1995 2690 2047 At
2744 1991 2984 2044 omnium
3041 1988 3215 2043 ultimi
3273 1996 3397 2041 sunt
3449 1984 3544 2055 qui
3597 1985 3683 2037 di-

2107 2089 2214 2146 cati
2269 2098 2398 2144 sunt
2445 2086 2533 2142 his
2586 2085 2678 2156 qui
2746 2083 2818 2138 dii
2868 2080 3084 2151 quidem
3140 2079 3430 2141 dicuntur,
3510 2076 3684 2129 haud-

2109 2197 2376 2254 quaquam
2458 2193 2586 2232 vero
2682 2184 2829 2231 sunt.
2928 2171 3190 2226 Similiter
3276 2170 3440 2238 igitur
3517 2166 3683 2236 aliqui

2109 2274 2213 2345 53
2246 2271 2571 2344 participant
2597 2269 2812 2338 quidem
2839 2265 3006 2334 ipsius
3036 2263 3228 2330 Λόγου,
3265 2260 3345 2332 [id
3380 2269 3486 2325 est,
3512 2259 3684 2311 ratio-

2110 2367 2215 2433 nis,
2248 2366 2362 2419 sive
2389 2359 2719 2432 Sermonis],
2759 2359 2852 2429 qui
2903 2365 2986 2411 est
3038 2357 3089 2409 in
3137 2350 3430 2424 principio,
3464 2351 3556 2420 qui
3599 2357 3684 2404 est

2109 2459 2250 2530 apud
2295 2459 2486 2519 Deum,
2535 2453 2628 2524 qui
2670 2461 2756 2507 est
2799 2451 2966 2517 Deus,
3014 2447 3160 2502 velut
3202 2444 3396 2512 Oseas,
3433 2452 3487 2499 et
3523 2441 3680 2497 Jere-

2107 2553 2267 2613 mias.
2303 2559 2359 2604 et
2383 2549 2574 2614 Isaias,
2607 2556 2665 2602 et
2694 2546 2739 2600 si
2772 2544 2896 2614 quis
2935 2541 3075 2595 alius
3121 2539 3282 2594 talem
3326 2538 3567 2606 seipsum
3590 2548 3685 2589 ex-

2109 2645 2306 2710 hibuit,
2333 2652 2393 2699 ut
2424 2657 2605 2698 sermo
2639 2639 2879 2702 Domini,
2921 2635 3006 2690 vel
3038 2649 3217 2688 sermo
3265 2632 3334 2687 ad
3384 2647 3446 2687 se
3491 2632 3682 2694 fieret;

2109 2737 2202 2791 alii
2230 2751 2382 2799 vero,
2419 2734 2512 2804 qui
2548 2732 2682 2788 nihil
2705 2731 2905 2796 sciunt,
2955 2727 3058 2783 nisi
3079 2726 3262 2782 Jesum
3300 2723 3596 2785 Christum,
3629 2727 3686 2777 et

2109 2829 2254 2883 hunc
2285 2825 2602 2882 cruciﬁxum
2623 2823 2692 2887 ⁷⁸,
2718 2830 2931 2875 tantum
2965 2819 3258 2874 secundum
3280 2829 3497 2870 carnem
3522 2827 3684 2882 agno-

2109 2927 2270 2971 scunt
2291 2915 2568 2970 Christum
2600 2914 2669 2978 ⁷⁸,
2706 2911 3086 2966 existimantes
3115 2922 3174 2962 se
3205 2905 3404 2959 habere
3450 2903 3685 2970 amplius

2111 3007 2245 3062 nihil
2272 3009 2337 3062 de
2360 3005 2653 3070 Sermone,
2685 3005 2792 3058 nisi
2822 3002 2964 3072 quod
2995 3015 3127 3056 caro
3151 3001 3330 3052 lactus
3358 3006 3474 3062 est;
3505 2993 3687 3062 cujus-

2110 3101 2251 3156 modi
2293 3107 2378 3154 est
2418 3098 2711 3154 multitudo
2759 3108 2946 3150 eorum
2990 3091 3084 3161 qui
3130 3089 3357 3145 credere
3401 3093 3684 3155 putantur.

2107 3191 2228 3249 .lam
2260 3191 2410 3247 tertii
2446 3205 2506 3247 se
2543 3189 2892 3246 sermonibus
2935 3182 3326 3256 aliquantulum
3358 3178 3512 3233 illum
3552 3177 3686 3231 Ser-

2114 3299 2329 3341 monem
2361 3282 2820 3355 participantibus
2842 3279 3240 3350 applicuerunt.
3268 3271 3496 3342 perinde
3527 3266 3685 3337 quasi

2113 3391 2401 3433 sermones
2416 3375 2493 3431 illi
2519 3389 2736 3430 omnem
2759 3383 3065 3427 sermonem
3093 3365 3423 3436 praecellant.
3444 3361 3511 3414 Et
3543 3359 3687 3412 forte

2114 3470 2171 3524 hi
2204 3477 2332 3524 sunt
2361 3469 2453 3538 qui
2483 3466 2774 3537 praeclaras
2800 3465 2866 3518 lin
2905 3457 3245 3532 philosOphia
3271 3463 3326 3511 et
3359 3460 3686 3524 prmstantes

2117 3570 2295 3617 sectas
2317 3559 2460 3630 apud
2488 3557 2719 3628 gentiles
2749 3563 3032 3610 exercent.
3074 3551 3280 3616 Quarto
3315 3561 3445 3600 vero
3473 3545 3592 3599 loco
3615 3544 3684 3596 ab

2113 3655 2196 3708 his
2216 3651 2540 3706 numerandi
2563 3660 2692 3705 sunt
2714 3648 2791 3703 illi
2821 3648 2909 3717 qui
2937 3643 3278 3701 sermonibus
3311 3653 3534 3710 prorsus
3563 3651 3688 3692 cor-

2113 3743 2286 3812 ruptis
2309 3750 2366 3798 et
2393 3741 2575 3811 impiis
2607 3741 2976 3801 crediderunt,
3013 3736 3320 3792 evidentem
3345 3747 3416 3792 ac
3442 3730 3555 3784 fere
3577 3729 3680 3782 sub

2110 3849 2330 3888 sensum
2358 3833 2639 3888 cadentem
2665 3832 2732 3886 de
2764 3830 2940 3884 medio
2973 3819 3681 3883 tollentes.Providentiam,

2112 3928 2392 3994 aliumque
2444 3925 2607 3980 ﬁnem
2659 3924 2946 3993 quemdam
3001 3929 3198 3990 praater
3249 3918 3448 3973 bonum
3508 3915 3683 3968 hone-

2111 4029 2324 4073 stumve
2361 4017 2746 4086 approbantes.
2791 4013 2944 4081 Quod
2990 4014 3034 4068 si
3081 4011 3288 4082 digredi
3325 4009 3426 4062 visi
3461 4020 3682 4066 sumus,

2111 4109 2394 4164 commode
2424 4119 2599 4163 tamen
2634 4109 2687 4162 id
2718 4108 2912 4162 fecisse
2936 4120 3119 4160 remur
3141 4112 3194 4159 et
3225 4101 3494 4170 apposite,
3520 4097 3684 4151 nimi-

2111 4217 2229 4256 rum
2267 4202 2410 4271 quod
2448 4203 2515 4256 ad
2565 4201 2658 4256 Dei
2705 4215 2897 4255 nomen
2943 4198 3165 4261 attinet,
3218 4207 3309 4248 res
3356 4201 3593 4260 quatuor
3629 4189 3682 4240 in

2107 4308 2174 4348 eo
2206 4293 2524 4363 inspecturi,
2552 4300 2607 4346 et
2634 4292 2858 4346 totidem
2895 4290 2948 4342 in
2975 4288 3194 4342 nomine
3220 4283 3411 4351 Λόγος,
3447 4279 3562 4352 [qui
3597 4286 3684 4332 est

2105 4387 2265 4449 ratio,
2307 4388 2420 4442 sive
2445 4384 2672 4460 sermo.]
2696 4386 2824 4442 Erat
2844 4383 2990 4439 enim
3013 4378 3151 4436 Deus
3188 4379 3336 4448 [cum
3352 4373 3595 4434 articulol
3627 4379 3684 4424 et

422 4470 614 4534 καλοῦ,
645 4471 783 4526 ἀλλὰ
808 4475 903 4528 καὶ
927 4473 1036 4527 τῶν
1072 4475 1280 4545 ίχνέων,
1315 4474 1410 4528 καὶ
1433 4473 1768 4544 μετεχόντων
1802 4477 1996 4546 αὐτοῦ;

2108 4482 2248 4537 Deus
2276 4477 2418 4551 [sine
2441 4474 2717 4550 articulo,]
2748 4473 2948 4532 deinde
2988 4473 3062 4528 dii
3089 4469 3394 4539 dupliciter.
3436 4463 3682 4530 Quorum

425 4563 707 4618 meliorem
755 4566 1000 4620 ordinem
1043 4564 1185 4619 Deus
1232 4560 1468 4620 Verbum
1519 4573 1780 4632 superat,
1824 4580 1856 4618 a
1913 4565 2023 4624 Deo
2057 4585 2237 4624 rerum
2268 4569 2508 4624 omnium
2555 4571 2672 4639 ipse
2706 4575 3012 4636 superatus.
3051 4562 3118 4617 Et
3149 4576 3336 4616 rursus
3369 4567 3490 4614 erat
3525 4555 3682 4610 ὁΛό-

420 4675 537 4726 γος,
565 4658 815 4714 fortassis
836 4667 1016 4712 autem
1057 4666 1111 4712 et
1138 4659 1328 4727 Λόγος,
1361 4659 1550 4714 eodem
1585 4660 1743 4714 modo
1776 4675 1884 4730 quo
1931 4663 1960 4715 ό
1991 4663 2006 4715 t

2108 4682 2124 4728 ;
2160 4674 2214 4720 et
2244 4664 2396 4729 Θεός.
2452 4665 2752 4719 Verborum
2791 4663 2956 4716 etiam
2986 4658 3091 4712 duo
3123 4663 3250 4711 sunt
3283 4667 3506 4725 genera,
3541 4667 3681 4719 quo-

425 4767 543 4806 rum
575 4753 808 4806 humana
848 4749 1065 4820 propria
1100 4759 1226 4805 sunt
1253 4750 1354 4803 alia
1383 4750 1598 4820 quidem
1626 4750 1827 4819 Patris,
1868 4756 2011 4822 quod
2047 4756 2166 4826 ejus
2211 4765 2393 4826 partes
2421 4756 2556 4821 sint,
2588 4764 2643 4810 et
2680 4755 2766 4810 his
2807 4753 3070 4815 ﬁnitima,
3098 4760 3217 4817 quae
3269 4759 3414 4800 nunc
3452 4744 3682 4799 verbum

423 4850 666 4920 apertius
709 4859 764 4904 et
807 4849 1019 4920 planius
1063 4847 1221 4903 nobis
1259 4847 1540 4917 explanat,
1588 4862 1710 4917 quae
1750 4849 1817 4902 ad
1865 4847 2214 4906 Servatorem
2261 4859 2667 4922 pervenerunt,
2719 4857 2776 4903 et
2819 4845 2967 4902 omni
3002 4859 3069 4900 ex
3109 4853 3263 4912 parte
3295 4841 3350 4895 in
3384 4853 3450 4894 co
3485 4839 3680 4896 astite-

424 4949 572 4996 runt.
622 4942 700 4998 Ac
744 4942 900 4997 tertia
946 4951 1104 5008 sunt,
1147 4955 1266 5010 quae
1313 4951 1440 4995 ante
1482 4941 2047 5009 commemoravimus,
2089 4943 2256 4998 solem
2293 4957 2358 4997 ac
2395 4943 2576 4997 lunam
2599 4951 2656 4996 et
2687 4940 2871 4994 stellas
2900 4939 3030 4994 deos
3052 4951 3174 4992 esse
3217 4935 3582 4990 existimantia
3623 4941 3678 4987 et

424 5033 477 5084 in
507 5033 587 5087 eis
623 5031 904 5086 haerentia.
937 5029 1042 5086 Sed
1081 5040 1276 5100 praeter
1317 5032 1434 5086 haec
1475 5033 1689 5096 omnia,
1730 5043 1857 5086 sunt
1894 5034 2058 5088 etiam
2092 5036 2147 5089 in
2179 5036 2300 5091 loco
2333 5034 2609 5102 inferiore,
2643 5049 2765 5104 qua:
2791 5032 3027 5086 inanima
3063 5039 3118 5085 et
3143 5038 3356 5082 mortua
3402 5025 3544 5078 idola
3587 5040 3678 5076 ve-

423 5132 705 5178 nerantur.
753 5121 966 5177 Similia
1011 5136 1226 5191 quoque
1261 5121 1329 5176 de
1375 5121 1442 5176 iis
1486 5135 1608 5190 quas
1642 5121 1709 5176 ad
1753 5120 1984 5178 Verbum
2031 5126 2307 5193 pertinent
2351 5127 2652 5198 reperimus
2697 5144 2710 5179 :
2769 5124 2874 5179 alia
2917 5123 3064 5178 enim
3101 5121 3216 5189 ipso
3259 5115 3434 5172 Verbo
3481 5126 3675 5170 ornata

425 5223 573 5280 sunt,
626 5214 732 5270 alia
774 5215 956 5286 aliquo
999 5215 1052 5270 ei
1101 5215 1281 5271 vicino
1354 5229 1420 5271 ac
1457 5215 1732 5283 ﬁnitimo,
1787 5217 1931 5287 quod
1978 5219 2210 5289 primum
2263 5221 2498 5278 Verbum
2545 5237 2669 5278 esse
2711 5221 2948 5282 videtur,
3001 5229 3122 5286 quae
3152 5212 3285 5268 nihil
3335 5211 3519 5267 sciunt
3568 5211 3672 5266 nisi

495 5309 542 5343 "
573 5308 744 5364 lCor.
776 5324 837 5372 tt.
872 5307 927 5363 2.
999 5307 1046 5339 τ’
1077 5306 1118 5362 ll
1141 5305 1268 5362 Cor.
1295 5321 1348 5373 ν,
1383 5307 1472 5362 16.

521 5400 610 5472 85)
644 5397 920 5472 [emptor
944 5398 1014 5453 δὲ
1043 5398 1204 5472 παρὰ
1232 5401 1506 5472 τούτους,
1547 5409 1653 5455 etc.
1693 5399 1962 5472 Epicurei.

2108 5401 2414 5472 contingere
2462 5403 2904 5467 observavimus,
2947 5417 3072 5456 cum
3121 5417 3276 5457 error
3318 5399 3518 5472 aliquis
3556 5413 3669 5472 Voc-

518 5466 607 5542 86)
643 5466 758 5523 Ὧν
793 5466 900 5523 τοῦ
946 5470 1282 5542 κρείτςονος
1315 5469 1640 5542 τάγματος,
1682 5466 1788 5524 etc.
1827 5469 1996 5542 Totus

2108 5466 2468 5542 curritfvelut
2504 5475 2554 5526 in
2599 5473 2664 5526 iis
2695 5488 2814 5542 qua:
2856 5484 3197 5540 sequuntur:
3237 5466 3663 5542 nempéAFilinm

429 5533 521 5596 ille
560 5533 729 5606 locus,
773 5533 1041 5611 usque_ad
1074 5533 1229 5601 οὗτος
1251 5535 1319 5611 ἦν
1355 5533 1617 5611 ἐν’ἀρχῆ,
1647 5555 1811 5611 quem
1839 5541 1994 5594 uncis
2096 5541 2244 5596 Patri
2279 5533 2588 5597 inferiorem
2629 5533 2826 5611 posuit,
2866 5533 2961 5609 pro
2995 5557 3148 5596 more
3177 5557 3294 5606 suo,
3342 5533 3398 5592 ut
3443 5540 3496 5591 in
3541 5540 3666 5592 Ori-

430 5611 816 5674 conclusimus,
846 5607 897 5664 in
931 5607 1251 5680 Ferrariana
1275 5607 1746 5678 interpretatione
1782 5609 1992 5664 deside-
2095 5614 2332 5679 genianis
2375 5607 2740 5680 probavimus.
2776 5607 2904 5676 Qua:
2951 5611 3174 5680 subjicit
3209 5621 3387 5664 autem
3427 5611 3494 5680 de
3543 5626 3665 5680 ver—

432 5683 676 5745 rabatur,
712 5695 873 5748 quem
911 5695 1010 5734 nos
1035 5694 1066 5733 e
1094 5677 1697 5740 Perioniana,’mutatis
1720 5680 1989 5732 duntaxat
2095 5677 2284 5735 borum
2317 5677 2655 5746 dillerentiis,
2692 5680 2862 5735 iutilia
2895 5695 3024 5733 sane
3056 5677 3207 5746 Sunt,
3239 5697 3305 5736 ne
3347 5679 3478 5748 quid
3515 5677 3666 5746 pejus

432 5750 731 5812 nonnullis,
774 5750 1160 5819 supplevimus.
1209 5748 1351 5803 Idem
1393 5763 1606 5818 quoque
1650 5750 1705 5802 in
1744 5758 1858 5819 toto
1891 5750 1992 5802 hoc
2098 5753 2294 5806 dicam.
2333 5753 2594 5808 HUETIUS.

430 5835 593 5888 opere
627 5836 657 5892 a_
700 5816 856 5873 nobis
881 5816 1106 5892 laetum
1149 5829 1278 5892 est,
1318 5816 1742 5892 quotiescunque
1795 5817 1988 5872 Ferra-

2169 5821 2281 5892 (87)
2335 5821 2682 5891 ἰ’περέχειν.
2716 5820 2853 5888 Lege
2891 5816 3172 5891 ὑπερέχει.

435 5892 588 5947 riaua
637 5888 1015 5955 interpretatio
1073 5887 1384 5952 deﬁciebat,
1419 5889 1560 5954 quod
1603 5903 1988 5946 nonnunquam
