4174 6416
510 377 614 432 “5

1971 373 2130 431 οιιιιῖ
2143 373 2296 430 ENlS

3674 380 3784 438 “6

509 491 692 549 Jcsum
717 493 1029 560 Christum,
1051 505 1105 551 et
1138 496 1281 552 hunc
1323 493 1645 551 cruciﬁxum
1680 495 1747 559 ⁸ο,
1781 494 2082 562 eademque
2125 490 2359 547 Verbum
2391 507 2609 549 carnem
2642 495 2842 552 rident.
2871 496 3051 554 Tertia
3085 501 3270 567 etiam,
3304 515 3427 570 qum
3455 500 3614 571 paulo
3650 513 3784 556 ante

511 591 773 646 diximus.
807 589 948 658 Quid
983 603 1115 644 vero
1145 589 1340 643 attinet
1367 587 1435 645 de
1468 590 1534 644 iis
1573 590 1777 653 dicere,
1815 586 1908 656 qui
1933 585 1988 639 in
2020 581 2196 637 ‘a'crbo
2220 597 2340 638 esse
2368 585 2777 651 cxistinmntnr,
2817 591 2911 644 sed
2951 606 3054 646 non
3091 591 3266 648 solum
3302 592 3370 647 ab
3401 594 3646 662 honesto,
3682 611 3782 650 ve-

513 705 631 744 rum
663 687 826 741 etiam
861 686 929 741 ab
955 685 1073 755 ejus
1104 687 1367 758 vestigiis,
1407 695 1569 756 atque
1593 683 1658 738 iis
1679 683 1769 751 qui
1802 681 1920 752 ejus
1947 689 2074 733 sunt
2106 678 2416 751 participes,
2447 683 2836 757 aberraruntﬂ

587 781 697 854 54
730 782 784 835 4.
828 780 930 836 Hic
971 791 1086 836 erat
1131 783 1186 835 in
1234 781 1493 852 principio
1544 779 1685 848 apud
1733 776 1923 833 Deum.
1964 773 2089 828 Tri-

2265 775 2318 827 4.
2354 771 2540 844 Οὗτος
2572 775 2653 849 ἦν
2679 779 2751 833 ἐν
2788 776 2948 848 ἀρχῇ
2980 780 3131 849 πρὸς
3170 784 3278 838 τὸν
3313 783 3480 838 Θεόν.
3526 782 3625 836 Διά
3671 781 3785 838 τῶν

513 879 617 931 bus
646 876 920 947 praedictis
958 875 1441 946 propositionibus,
1479 882 1589 928 tres
1621 872 1842 927 ordines
1864 885 1964 924 nos
1996 870 2091 923 do-

517 981 648 1023 cens
695 965 1054 1037 evangelista,
1084 966 1190 1022 tria
1218 966 1270 1020 in
1306 980 1473 1020 unum
1513 963 1816 1026 connectit,
1849 961 2039 1016 dicens
2073 977 2088 1014 :

521 1079 542 1113 ι
568 1059 666 1116 llic
696 1069 818 1115 erat
854 1060 908 1114 in
933 1059 1200 1129 principio
1231 1058 1370 1130 apud
1402 1056 1592 1113 Deum.
1621 1078 1640 1110 ι
1677 1055 1732 1110 In
1763 1055 1942 1127 prima
1966 1070 2092 1125 pro-

519 1155 790 1224 positione
837 1152 1126 1207 didicimus
1169 1153 1220 1206 in
1271 1167 1380 1221 quo
1422 1163 1540 1207 crat
1592 1151 1788 1220 Λόγος,
1837 1149 2092 1204 videlicet

518 1247 662 1314 quod
690 1246 742 1301 in
775 1243 1045 1316 principio
1073 1262 1089 1300 :
1115 1254 1171 1299 et
1202 1245 1340 1315 apud
1363 1259 1525 1314 quem
1552 1244 1640 1298 hic
1670 1252 1808 1310 erat,
1838 1241 2094 1296 videlicet

518 1338 663 1406 quod
689 1337 829 1406 apud
863 1337 1028 1390 Deum
1057 1353 1071 1401 ;
1102 1345 1159 1391 et
1183 1338 1434 1406 quisnam
1461 1337 1634 1406 Λόγος
1667 1344 1806 1401 erat,
1841 1336 2093 1390 videlicet

516 1429 660 1498 quod
696 1429 853 1484 Deus.
885 1429 1165 1501 Tanquam
1193 1443 1324 1500 ergo
1344 1430 1723 1485 demonstrans
1748 1429 2092 1494 Sermonem,

515 1538 678 1592 quem
713 1531 841 1578 ante
870 1524 1084 1578 dixerat
1114 1523 1279 1579 Deum
1314 1538 1410 1592 per
1439 1522 1757 1593 particulam
1790 1541 1809 1574 ι
1845 1522 1956 1587 hic,
1991 1542 2009 1576 ι
2039 1532 2094 1578 ct

517 1617 573 1671 in
603 1625 852 1686 quartam
885 1616 1304 1686 propositionem
1333 1631 1670 1688 congregans
1717 1616 1846 1672 illud
1872 1618 1943 1683 ⁸⁸,
1974 1637 1993 1670 ι
2035 1618 2090 1673 In

516 1707 785 1776 principio
824 1715 942 1760 erat
988 1705 1220 1770 Sermo,
1251 1713 1306 1760 et
1344 1703 1538 1760 Sermo
1567 1715 1687 1760 erat
1721 1705 1865 1776 apud
1896 1705 2088 1770 Deum,

513 1808 572 1854 et
604 1799 743 1854 Deus
774 1808 892 1853 erat
919 1797 1007 1854 ille
1021 1799 1263 1863 Sermo,r
1289 1797 1465 1868 inquit
1496 1815 1510 1852 :
1541 1815 1560 1849 ι
1591 1796 1691 1853 llic
1725 1799 1918 1853 eratin
1944 1797 2095 1870 prin-

517 1888 662 1958 cipio
692 1889 832 1958 apud
869 1890 1058 1945 Deum.
1096 1906 1116 1940 ι
1150 1887 1332 1944 Potest
1377 1899 1558 1945 tamen
1586 1889 1842 1959 principii
1890 1904 2093 1944 nomen

517 1980 659 2034 sumi
700 1981 862 2036 etiam
895 1981 964 2034 de
993 1981 1265 2050 principio
1311 1981 1520 2046 mundi,
1555 1980 1966 2038 addiscentibus
1997 1995 2095 2035 no-

515 2069 601 2124 his
628 2086 724 2140 per
745 2071 858 2126 haec
886 2072 1050 2136 dicta,
1080 2072 1564 2128 Sermonem‘illum
1584 2074 1947 2144 antiquiorem
1973 2086 2095 2128 esse

2193 872 2606 942 προειρημένων
2636 872 2802 944 τριῶν
2835 872 3151 943 προτάσεων
3196 875 3454 945 τάγματα
3485 876 3610 948 τρία
3642 875 3784 930 διδά-

2194 961 2290 1026 ξας
2321 963 2469 1033 ἡμᾶς
2511 962 2541 1014 ὅ
2573 963 2961 1036 εὐαγγελιστὴς
3011 963 3505 1034 συγκεφαλαιοῦται
3547 966 3615 1019 τὰ
3646 966 3781 1038 τρία

2192 1055 2274 1117 εἱς
2301 1053 2379 1120 ἓν,
2408 1053 2581 1123 λέγων
2601 1055 2679 1109 τό·
2711 1075 2730 1108 ι
2759 1049 2928 1120 Οὗτος
2950 1052 3018 1128 ἦν
3045 1059 3103 1112 ἐν
3124 1059 3265 1129 ἀρχῇ
3290 1059 3430 1130 πρὸς
3456 1058 3546 1112 τὸν
3571 1058 3724 1112 Θεόν.
3755 1079 3776 1116 ›

2195 1147 2416 1218 Πρῶτον
2441 1148 2496 1201 δὲ
2523 1147 2631 1201 τῶν
2657 1149 2823 1220 τριῶν
2857 1150 3259 1223 μεμαθήκαμεν
3287 1151 3349 1203 ἐν
3380 1149 3486 1203 τίνι
3508 1145 3578 1221 ἦν
3608 1151 3637 1204 6
3667 1150 3777 1204 Λό-

2193 1256 2288 1308 γος
2307 1281 2321 1304 ,
2347 1242 2429 1294 ὅτι
2453 1243 2509 1294 ἐν
2539 1243 2681 1314 ἀρχῇ
2712 1259 2725 1273 ·
2763 1243 2856 1296 καὶ
2886 1242 3023 1314 πρὸς
3056 1243 3178 1296 τίνα
3205 1237 3361 1307 οὗτος
3389 1238 3488 1315 ἦν,
3521 1244 3605 1296 ὅτι
3639 1245 3782 1314 πρὸς

2191 1332 2284 1386 τὸν
2311 1332 2443 1386 Θεόν
2464 1350 2476 1362 ·
2523 1335 2618 1388 καὶ
2657 1334 2742 1399 τίς
2781 1336 2810 1388 6
2859 1335 3031 1405 Λόγος
3055 1331 3124 1407 ἦν
3141 1377 3155 1399 ,
3183 1337 3264 1390 ὅτι
3291 1335 3444 1400 Θεός.
3478 1336 3656 1389 Οἱονεὶ
3684 1331 3784 1388 οὖν

2192 1426 2405 1490 δεικνὺς
2420 1425 2510 1480 τὸν
2528 1429 2925 1499 προειρημένον
2938 1427 3070 1482 Θεὸν
3087 1429 3258 1496 Λόγον
3274 1429 3363 1483 διά
3399 1428 3492 1482 τοῦ
3513 1448 3531 1480 ι
3551 1423 3730 1494 οὗτος,
3757 1448 3778 1479 ι

2195 1522 2287 1574 καὶ
2314 1520 2560 1589 συνάγων
2581 1521 2660 1584 είς
2685 1521 2950 1593 τετάρτην
2978 1521 3239 1592 πρότασιν
3259 1520 3320 1574 τό
3339 1539 3398 1574 τε
3415 1538 3430 1554 ο
3459 1541 3476 1572 ι
3519 1522 3608 1575 Ἐν
3635 1522 3782 1592 ἀρχῇ

2193 1608 2260 1682 ἦν
2291 1615 2319 1665 ὁ
2343 1613 2542 1682 Λόγος,
2577 1633 2595 1666 ι
2635 1615 2730 1667 καὶ
2761 1613 2852 1666 τό·
2888 1633 2906 1664 ι
2959 1614 3018 1667 ’0
3045 1613 3217 1682 Λόγος
3237 1609 3305 1684 ἦν
3336 1612 3474 1685 πρὸς
3501 1612 3592 1666 τὸν
3621 1612 3781 1675 Θεὸν,

2195 1706 2288 1758 καὶ
2321 1704 2452 1767 Θεὸς
2481 1701 2549 1774 ἦν
2574 1705 2604 1758 6
2634 1706 2834 1774 Λόγος,
2871 1725 2890 1756 ι
2929 1705 3094 1774 φησίν
3115 1720 3128 1733 '
3178 1721 3196 1754 ι
3231 1696 3401 1767 Οὗτος
3432 1699 3501 1775 ἦν
3546 1703 3604 1754 ὲν
3632 1703 3780 1774 ἀρχῇ

2194 1797 2332 1868 πρὸς
2352 1797 2441 1850 τὸν
2456 1796 2608 1850 Θεόν.
2643 1816 2662 1849 ι
2682 1795 2915 1850 Δύναται
2934 1797 3113 1867 μέντοι
3130 1813 3193 1865 γε
3215 1796 3276 1849 τὸ
3291 1797 3390 1867 τῆς
3413 1796 3586 1869 ἀρχῆς
3607 1795 3784 1866 ὄνομα

2193 1888 2562 1961 λαμϐάνεσθαι
2593 1891 2688 1943 καὶ
2708 1890 2802 1943 ἐπὶ
2829 1890 2927 1961 τῆς
2948 1888 3044 1942 τοῦ
3090 1889 3297 1960 κόσμου
3336 1889 3532 1960 ἀρχῆς,
3569 1888 3780 1960 μανθα-

2194 1979 2391 2034 νόντων
2416 1979 2574 2051 ἡμῶν
2604 1979 2693 2034 διὰ
2725 1980 2832 2035 τῶν
2863 1981 3174 2051 λεγομένων
3192 2021 3207 2048 ,
3233 1982 3317 2035 ὅτι
3347 1982 3721 2054 πρεσϐύτερος
3754 1985 3786 2035 6

2195 2073 2366 2141 Λόγος
2388 2072 2498 2126 τῶν
2530 2075 2783 2146 ἀπαρχῆς
2804 2075 3112 2145 γενομένων
3131 2070 3220 2146 ἦν.
3265 2075 3328 2127 Ei
3359 2075 3466 2145 γὰρ
3499 2093 3516 2124 ι
3551 2076 3610 2127 ἐν
3633 2076 3782 2146 ἀρχῇ

518 2162 680 2216 rebus
712 2177 741 2216 a
776 2162 1045 2234 principio
1079 2164 1258 2220 factis.
1296 2163 1429 2218 Nam
1463 2165 1509 2218 si
1551 2182 1571 2215 ι
1597 2165 1648 2219 in
1676 2166 1943 2236 principio
1969 2165 2093 2220 fecit

2197 2166 2452 2238 ἐποίησεν
2483 2169 2511 2220 6
2541 2168 2674 2234 Θεὸς
2711 2170 2800 2222 τὸν
2823 2169 3052 2241 οὐρανὸν
3095 2171 3191 2223 καὶ
3222 2170 3322 2242 τὴν
3360 2170 3500 2240 γῆν,
3541 2191 3558 2222 ι
3594 2171 3654 2224 τὺ
3698 2169 3783 2233 δὲ,

517 2254 661 2310 Deus
687 2256 884 2310 caelum
923 2265 980 2310 et
1008 2266 1208 2310 terram
1235 2256 1306 2322 δ’,
1349 2274 1368 2308 ι
1405 2256 1615 2310 clarum
1641 2266 1728 2311 est
1770 2257 1821 2312 id
1851 2258 1992 2326 quod
2037 2258 2092 2310 in

516 2346 785 2416 principio
810 2359 950 2414 erat,
992 2349 1268 2419 antiquius
1291 2363 1412 2404 esse
1443 2362 1510 2404 eo
1539 2350 1683 2418 quod
1737 2347 1791 2402 in
1823 2349 2094 2417 principio

514 2435 720 2492 factum
777 2449 901 2494 est:
933 2454 1035 2495 nec
1065 2441 1238 2495 solum
1278 2440 1620 2495 ﬁrmamento
1663 2451 1720 2497 et
1772 2442 1944 2504 arida,
1999 2442 2093 2497 sed

428 2575 436 2582 .
517 2531 659 2586 caalo
676 2539 731 2586 ct
762 2540 906 2587 terra
948 2531 1142 2589 Sermo
1172 2533 1260 2589 ille
1291 2543 1376 2589 est
1403 2533 1692 2603 antiquior.
1727 2533 1890 2590 Forte
1910 2543 2090 2589 autem

517 2637 623 2676 non
657 2623 892 2680 absurde
911 2624 1032 2695 quis
1056 2624 1293 2694 inquirat
1317 2641 1489 2697 quare
1514 2641 1617 2682 non
1637 2627 1708 2682 sit
1733 2626 1934 2682 dictum
1961 2641 2007 2678 τι
2035 2625 2090 2678 In

517 2715 788 2785 principio
810 2726 929 2771 erat
951 2716 1142 2771 Sermo
1174 2717 1306 2784 Dei;
1353 2727 1406 2774 et
1463 2717 1656 2774 Sermo
1680 2718 1771 2773 Dei
1801 2729 1922 2773 erat
1948 2717 2090 2787 apud

519 2802 800 2871 Deum;et
819 2805 961 2861 Deus
978 2819 1100 2863 erat
1125 2808 1215 2864 ille
1248 2809 1446 2865 Sermo
1480 2809 1629 2863 Dei.»
1659 2808 1764 2864 Sed
1795 2812 2093 2882 consequi-

520 2905 609 2947 tur
635 2905 692 2950 ut
721 2897 815 2966 qui
842 2900 1040 2967 quaerit
1078 2916 1178 2956 cur
1217 2902 1434 2957 tandem
1467 2916 1571 2956 non
1604 2905 1870 2972 scriptum
1904 2904 1997 2969 sit,
2035 2905 2088 2958 In

517 2986 792 3058 principio
819 3002 934 3045 erat
971 2991 1163 3050 Sermo
1189 2992 1307 3062 Dei,
1341 3003 1396 3049 et
1417 3009 1536 3064 quae
1558 3006 1877 3065 sequuntur,
1911 2997 2092 3066 plures

518 3085 765 3144 enuntiet
800 3105 920 3146 esse
943 3083 1260 3151 Sermones,
1292 3097 1347 3142 et
1374 3087 1605 3144 fortasse
1629 3087 1827 3145 diversi
1853 3093 2089 3161 generis.

518 3177 618 3234 νει
645 3195 785 3236 unus
810 3183 1024 3250 quidem
1054 3182 1159 3237 erit
1179 3178 1270 3237 Dei
1291 3176 1504 3246 Sermo,
1523 3179 1682 3248 alter,
1715 3191 1774 3236 ut
1798 3183 1870 3236 ita
1889 3184 2090 3248 dicam,

518 3274 834 3344 angelorum
879 3273 1093 3342 Sermo,
1135 3277 1275 3332 alius
1315 3274 1445 3332 item
1480 3273 1792 3342 hominum,
1834 3287 1886 3332 et
1924 3277 1999 3332 ita
2034 3278 2089 3332 in

519 3367 734 3421 caeteris
760 3366 1134 3422 Sermonibus.
1173 3367 1326 3435 Qutud
1363 3370 1405 3424 si
1431 3367 1955 3426 vocabulum'Sermo
1990 3372 2093 3426 hoc

2195 2262 2253 2314 ἐν
2296 2262 2437 2334 ἀρχῇ
2479 2256 2577 2334 ἦν,
2602 2262 2789 2332 σαφῶς
2824 2260 3195 2333 πρεσϐύτερόν
3245 2265 3362 2315 ἐστι
3411 2261 3507 2316 τοῦ
3538 2265 3594 2315 ἐν
3632 2264 3780 2335 ἀρχῇ

2195 2357 2564 2426 πεποιημένου
2605 2356 2666 2410 οῦ
2715 2355 2873 2427 μόνον
2899 2355 3280 2428 περεὼματος
3304 2357 3398 2410 καὶ
3423 2356 3617 2427 ξηρᾶς,
3643 2355 3784 2410 ἀλλὰ

2192 2447 2422 2520 ούρανοῦ
2455 2449 2551 2502 καὶ
2577 2448 2680 2519 γῆς
2708 2447 3242 2519 πρεσϐύτερόςὲστιν
3268 2449 3297 2502 6
3319 2448 3509 2516 Λόγος.
3540 2448 3694 2517 Τάχα
3721 2447 3780 2501 δὲ

2199 2541 2298 2594 οῦκ
2319 2539 2535 2603 ἀτόπως
2555 2557 2638 2604 τις
2661 2541 2895 2612 ζητήσαι
2929 2540 2995 2594 ἂν
3019 2539 3107 2593 διὰ
3130 2540 3182 2593 τί
3211 2541 3311 2593 οὐκ
3335 2541 3547 2613 εἴρηται
3572 2555 3586 2568 °
3621 2560 3639 2592 ι
3689 2540 3782 2594 Ἐν

2193 2637 2334 2708 ἀρχῇ
2358 2632 2425 2706 ἦν
2451 2637 2480 2689 6
2502 2635 2674 2703 Λόγος
2702 2633 2798 2688 τοῦ
2827 2633 2964 2687 Θεοῦ
2982 2651 2994 2664 ·
3030 2635 3125 2688 καὶ
3156 2634 3185 2686 ό
3216 2633 3389 2702 Λόγος
3416 2631 3512 2686 τοῦ
3544 2632 3679 2686 Θεοῦ
3713 2629 3784 2705 ἦν

2192 2729 2328 2801 πρὸς
2354 2727 2445 2781 τὸν
2469 2727 2600 2781 Θεόν
2620 2744 2634 2757 ·
2670 2727 2764 2781 καὶ
2787 2726 2920 2789 Θεὸς
2944 2721 3013 2796 ἦν
3039 2729 3068 2779 ὁ
3099 2725 3269 2795 Λόγος
3291 2725 3385 2779 τοῦ
3415 2725 3570 2779 Θεοῦ.
3585 2745 3602 2778 ι
3625 2726 3782 2780 ’Λκό-

2193 2820 2380 2874 λουθεν
2401 2819 2459 2874 δέ
2493 2821 2610 2873 ἑστι
2628 2817 2719 2872 τδν
2749 2817 3017 2889 ζητοῦντα
3047 2817 3098 2870 τί
3127 2817 3326 2886 δήποτε
3354 2819 3413 2870 οὐ
3444 2818 3778 2890 γέγραπται,

2200 2935 2217 2964 ι
2241 2912 2329 2965 Ἐν
2356 2912 2497 2986 ἀρχῇ
2522 2906 2590 2982 ἦν
2611 2911 2640 2964 6
2662 2910 2834 2979 Λόγος
2864 2909 2958 2964 τοῦ
2978 2907 3137 2975 Θεοῦ,
3163 2928 3182 2961 ι
3207 2911 3302 2962 καὶ¹
3333 2909 3400 2963 τά
3427 2909 3573 2980 ἑξῆς,
3600 2909 3782 2963 πλείο-

2193 3023 2290 3069 νας
2322 3003 2716 3074 ἀποφαίνεσθαι
2762 3003 2984 3072 λόγους,
3019 3003 3114 3057 καὶ
3140 3003 3283 3073 τάχα
3315 3005 3669 3076 ἑτερογενεῖς.
3705 3004 3778 3057 Ἢ

2192 3099 2221 3150 ὁ
2253 3098 2351 3169 μέν
2369 3115 2454 3162 τις
2474 3097 2568 3152 τοῦ
2592 3095 2727 3151 Θεοῦ
2755 3097 2948 3164 Λόγος,
2971 3097 3156 3167 ἕτερος
3183 3095 3260 3161 δὲ,
3287 3095 3419 3167 φέρε
3444 3097 3637 3161 εἰπεῖν,
3673 3097 3777 3165 ἀγ-

2193 3192 2366 3262 γέλων
2400 3192 2571 3261 Λόγος
2595 3231 2609 3254 ,
2642 3190 2737 3244 καὶ
2769 3189 2927 3254 ἄλλος
2958 3187 3295 3262 ἀνθρώπων,
3339 3189 3433 3242 καὶ
3480 3187 3652 3252 οὕτως
3684 3188 3781 3242 ἐπὶ

2193 3284 2302 3338 τῶν
2325 3283 2527 3337 λοιπῶν
2549 3283 2744 3352 λόγων.
2780 3282 2844 3336 Εἰ
2875 3282 2931 3336 δὲ
2953 3283 3163 3351 Λόγος,
3195 3280 3336 3351 τάχα
3367 3281 3462 3334 καὶ
3501 3281 3661 3350 σοφία
3684 3283 3782 3335 καὶ¹

2193 3373 2529 3444 δικαιοσύνη.
2562 3374 2794 3426 ¹Ἀτοπον
2815 3372 2872 3425 δὲ
2895 3371 3145 3435 πλείονας
3171 3371 3399 3440 φάσκειν
3419 3370 3538 3436 τῆς,
3565 3370 3778 3440 Λόγος,

520 3459 680 3514 modo
705 3475 764 3514 se
801 3460 1043 3530 habebit,
1089 3463 1228 3516 idem
1253 3463 1504 3520 fortassis
1536 3465 1870 3519 censendum
1890 3467 1996 3521 erit
2025 3466 2092 3522 de

2197 3466 2570 3537 προσηγορίας
2597 3465 2803 3537 κυρίως
2828 3464 3136 3535 τυγχάνειν,
3169 3463 3264 3517 καὶ
3295 3466 3362 3533 τῇ
3395 3461 3558 3534 σοφίᾳ
3589 3463 3682 3515 καὶ
3712 3465 3778 3534 τῇ

517 3551 782 3621 sapientia
814 3561 870 3606 et
893 3555 958 3608 de
981 3553 1211 3622 justitia.
1251 3557 1562 3614 Absurdum
1594 3568 1678 3614 est
1700 3568 1880 3614 autem
1913 3561 2096 3617 dicere

522 3644 707 3710 plures
735 3645 886 3700 vocis
911 3645 1070 3716 hujus
1106 3646 1294 3703 Sermo
1325 3659 1604 3720 compotes
1641 3651 1781 3719 lteri,
1818 3661 1874 3706 et
1913 3651 2096 3721 huius,

524 3736 820 3805 sapientia;
851 3748 908 3792 et
949 3737 1115 3806 illius,
1147 3738 1384 3808 justitia.
1425 3742 1827 3800 Convineemur
1865 3747 2027 3802 etiam
2065 3762 2095 3800 a

520 3827 773 3893 veritate,
808 3830 1030 3885 minime
1053 3845 1083 3884 a
1109 3833 1263 3887 nobis
1297 3835 1464 3902 queri
1490 3845 1747 3906 oportere
1773 3836 1956 3907 plures
1980 3853 2096 3894 ser-

525 3935 737 3985 mones,
778 3929 834 3976 et
870 3924 1186 3993 sapientias,
1222 3936 1278 3982 et
1307 3927 1574 3997 justitlas,
1613 3943 1736 3998 qua:
1774 3933 1993 4001 proprie
2018 3933 2098 3989 sic

523 4012 890 4069 nominentur.
906 4015 1039 4070 Nam
1055 4019 1427 4089 unusquisque
1441 4022 1790 4080 conﬁteretur
1801 4040 1962 4081 unam
1976 4041 2099 4083 esse

524 4106 835 4174 veritatem,
883 4123 985 4165 nec
1017 4112 1247 4167 auderet
1289 4113 1486 4184 aliquis
1526 4115 1732 4182 dicere,
1769 4116 1932 4172 aliam
1977 4133 2099 4174 esse

529 4199 624 4254 Dei
654 4202 959 4266 veritatem,
995 4202 1158 4260 aliam
1191 4205 1530 4276 angelorum,
1557 4209 1718 4265 aliam
1765 4211 2046 4266 hominum
2079 4229 2095 4274 ;

527 4310 651 4349 cum
687 4295 742 4350 in
777 4305 971 4352 natura
993 4297 1200 4352 entium
1235 4313 1341 4353 una
1371 4299 1531 4356 sitde
1563 4317 1888 4372 unaquaque
1925 4317 1984 4358 re
2007 4315 2112 4356 νει-λ

527 4387 682 4441 ritas.
699 4389 851 4456 Quod
882 4388 1148 4446 siveritas
1176 4400 1260 4448 est
1291 4409 1425 4457 una,
1452 4395 1792 4464 perspicuum
1818 4405 1902 4451 est
1935 4395 2098 4448 etiam

528 4477 876 4546 sapientiam,
912 4495 1032 4550 quae
1055 4483 1396 4538 conﬁrmatio
1429 4494 1484 4540 et
1513 4484 1903 4541 demonstratio
1932 4484 2100 4554 ipsius

529 4578 618 4624 est
656 4571 934 4632 veritatis,
985 4574 1180 4629 merito
1225 4575 1452 4645 intelligi
1505 4592 1664 4631 unam
1709 4592 1830 4632 esse
1860 4595 1875 4633 :
1903 4578 2100 4646 quippe

525 4677 651 4716 cum
673 4676 741 4718 ne
760 4676 827 4716 ea
862 4663 1078 4732 quidem
1106 4681 1226 4736 qua:
1264 4668 1563 4736 appellatur
1581 4668 1870 4736 sapientia,
1905 4685 2097 4724 nomen

527 4769 684 4808 suum
720 4764 868 4811 recte
894 4758 1030 4812 tueri
1065 4769 1250 4828 queat,
1279 4762 1325 4814 si
1373 4775 1479 4814 non
1509 4760 1652 4816 adsit
1688 4761 1913 4818 veritas.
1943 4762 2098 4830 Quod

2195 3557 2508 3629 δικαιοσύνῃ
2537 3557 2670 3629 (88).
2703 3558 2812 3610 Καὶ
2842 3556 3268 3628 πληχθησόμεθα
3300 3556 3438 3628 πρὸς
3463 3555 3523 3620 τὸ
3564 3554 3639 3626 μὴ
3669 3554 3784 3607 δεῖν

2197 3652 2378 3716 ζητεῖν
2415 3651 2665 3715 πλείονας
2714 3650 2906 3719 λόγους
2935 3650 3028 3704 καὶ
3061 3649 3252 3718 σοφίας
3281 3649 3374 3702 καὶ
3406 3646 3778 3714 δικαιοσύνας,

2198 3745 2404 3817 κυρίως
2427 3743 2602 3808 οὕτως
2627 3743 3024 3815 ὀνομαζόμενα,
3049 3742 3159 3796 ἀπὸ
3203 3743 3302 3814 τῆς
3349 3739 3621 3812 ἀληθείας.
3665 3740 3784 3803 Πᾶς

2196 3839 2304 3910 γὰρ
2333 3837 2581 3892 ὁστισοῦν
2606 3837 2935 3909 ὁμολογήσαι
2955 3835 3022 3890 ἂν
3055 3835 3184 3907 μίαν
3211 3830 3346 3888 εἶναι
3380 3834 3479 3905 τὴν
3499 3833 3780 3905 ἀλήθειαν.

2200 3933 2275 3984 Οὐ
2303 3931 2412 4004 γὰρ
2443 3933 2540 3986 καὶ
2582 3933 2669 3986 ἐπ’
2702 3931 2875 4002 αὐτῆς
2904 3929 3172 4002 τολμήσαι
3226 3945 3309 3993 τις
3357 3927 3538 3997 λέγειν
3587 3927 3784 4000 ἑτέραν

2199 4025 2338 4081 εἶναι
2385 4027 2484 4099 τὴν
2515 4025 2611 4081 τοῦ
2643 4025 2777 4080 Θεοῦ
2825 4025 3083 4098 ἀλήθειαν
3103 4065 3118 4091 ,
3153 4025 3249 4078 καὶ
3303 4024 3496 4096 ἑτέραν
3529 4023 3625 4095 τὴν
3669 4022 3783 4079 τῶν

2199 4122 2467 4191 ἀγγέλων,
2507 4121 2603 4176 καὶ
2636 4120 2802 4191 ἀλλην
2835 4119 2932 4188 τὴν
2965 4117 3073 4172 τῶν
3105 4115 3409 4190 ἀνθρώπων
3429 4134 3441 4148 ο
3483 4118 3540 4170 ἑν
3570 4115 3679 4188 γὰρ
3710 4119 3779 4189 τῇ

2199 4215 2358 4284 φύσει
2381 4213 2487 4267 τῶν
2514 4213 2704 4278 ὄντων,
2743 4211 2839 4283 μία
2871 4213 2905 4282 ὴ
2942 4210 3072 4283 περὶ
3098 4210 3328 4264 ἑκάστου
3361 4208 3607 4278 ἀλήθεια.
3631 4210 3693 4261 Εἰ
3721 4208 3779 4262 δὲ

2197 4307 2424 4379 ἀλήθεια
2461 4306 2580 4377 μία,
2607 4304 2848 4376 δηλονότι
2869 4304 3017 4374 καὶή
3049 4302 3362 4373 κατασκευὴ
3395 4301 3567 4372 αὐτῆς
3612 4301 3705 4354 καὶ
3746 4302 3782 4370 ἡ

2198 4396 2469 4463 ἀπόδειξις
2498 4397 2658 4467 σοφία
2685 4395 3048 4466 τυγχάνουσα,
3086 4396 3182 4465 μία
3213 4395 3448 4464 εὐλόγως
3479 4393 3543 4447 ἂν
3585 4395 3780 4460 νοοῖτο,

2202 4489 2382 4559 πάσης
2427 4489 2524 4560 τῆς
2568 4486 2928 4559 νομιζομένης
2955 4487 3181 4556 σοφίας,
3239 4487 3299 4540 οὐ
3345 4483 3656 4558 κρατούσης
3682 4484 3780 4554 τῆς

2199 4579 2458 4652 ἀληθείας
2479 4623 2494 4644 ,
2533 4580 2654 4634 οὐδὲ
2688 4580 2879 4650 σοφίας
2909 4579 2976 4634 ἂν
3009 4578 3178 4649 ὑγιῶς
3217 4579 3678 4651 χρηματιζούσης.
3714 4577 3779 4631 ΕΞ

2198 4673 2244 4727 δ’
2276 4673 2501 4745 ἀλήθεια
2535 4671 2650 4743 μία,
2681 4672 2776 4726 καὶ
2817 4673 2977 4742 σοφία
3025 4673 3154 4743 μία,
3191 4673 3286 4726 καὶ
3314 4672 3486 4740 Λόγος
3538 4671 3567 4724 6
3599 4671 3780 4738 ἀπαγ-

2201 4766 2410 4835 γέλλων
2428 4764 2527 4836 τὴν
2569 4763 2826 4835 ἀλήθειαν
2854 4763 2946 4817 καὶ
2973 4763 3070 4836 τὴν
3101 4764 3290 4833 σοφίαν
3333 4763 3520 4818 ἁπλῶν
3544 4764 3639 4816 καὶ
3673 4779 3778 4832 φα-

527 4849 575 4900 si
617 4848 818 4903 veritas
864 4864 992 4915 una,
1035 4859 1091 4905 et
1125 4852 1392 4934 sapientia
1429 4869 1534 4906 una
1577 4863 1698 4920 est,
1745 4871 1882 4911 unus
1931 4858 2092 4911 etiam

2201 4856 2374 4928 νερῶν
2405 4858 2486 4919 είς
2509 4857 2634 4919 τοὺς
2679 4857 3050 4927 χωρητικοὺς,
3107 4849 3188 4917 εἷς
3232 4854 3298 4908 ἂν
3339 4853 3617 4924 τυγχάνοι.
3666 4855 3776 4908 Καὶ

529 4941 723 4997 Sermo
753 4943 825 4997 sit
847 4953 1084 5013 oportet,
1112 4946 1440 5001 annuntians
1462 4947 1768 5012 veritatem,
1789 4957 1844 5005 et
1882 4951 2098 5019 sapien-

532 5035 660 5089 tiam
695 5050 875 5091 rerum
906 5053 1096 5093 earum
1128 5055 1249 5109 qua:
1297 5040 1576 5109 simplices
1605 5051 1735 5096 sunt
1769 5052 1824 5096 et
1871 5054 2094 5114 apertae.

527 5128 593 5181 ad
626 5127 734 5199 55
771 5145 865 5184 eos
905 5130 994 5199 qui
1029 5140 1156 5185 sunt
1186 5145 1440 5199 capaces.
1471 5131 1580 5186 Nec.
1608 5133 1711 5189 hoc
1734 5132 1965 5190 dicimus
2002 5151 2096 5188 ne-

528 5232 718 5290 gantes
744 5237 865 5278 esse
892 5223 1178 5277 veritatem
1211 5234 1267 5278 et
1294 5225 1645 5294 sapientiam,
1672 5236 1726 5282 et
1770 5227 2095 5283 Sermonem

526 5314 648 5379 Dei,
682 5317 776 5370 sed
808 5315 1154 5370 ostendentes
1202 5316 1488 5372 utilitatem
1531 5316 1601 5372 ob
1649 5331 1811 5385 quam
1853 5333 2091 5387 evange-

530 5403 650 5458 lista
690 5405 904 5459 reticuit
930 5403 1022 5459 Dei
1054 5404 1398 5470 vocabulum,
1433 5394 1914 5460 non'scrihenszln
1941 5407 2093 5475 prin-

526 5491 670 5560 cipio
712 5504 833 5547 erat
870 5493 1065 5548 Sermo
1100 5495 1212 5549 Dei.
1247 5493 1392 5547 ldem
1438 5505 1618 5549 autem
1656 5495 1892 5552 Joannes
1927 5498 2090 5553 etiam

521 5596 648 5638 cum
678 5585 948 5640 additione
982 5602 1002 5636 ι
1036 5585 1125 5640 Dei
1157 5605 1176 5636 ι
1215 5587 1460 5640 nominat
1476 5602 1599 5641 eum
1637 5588 1689 5641 in
1723 5588 2078 5659 Apocalypsi,

593 5716 644 5750 ⁸⁸
670 5718 689 5772 l
719 5718 843 5775 Cor.
881 5736 938 5785 ιι,
964 5721 1018 5774 2.
1096 5722 1136 5754 ⁸³
1161 5721 1313 5777 Joan.
1343 5739 1382 5786 ι,
1425 5725 1477 5788 l,
1512 5721 1567 5776 2.
1636 5724 1680 5754 ⁸⁸
1709 5721 1844 5778 Gen.
1869 5740 1906 5790 ι,
1935 5728 1986 5780 l.

2200 4949 2321 5020 οὐχὶ
2347 4947 2520 5002 ταῦτά
2559 4963 2737 5018 φαμεν
2770 4945 3093 5018 ἀρνούμενοι
3129 4945 3227 5016 τὴν
3261 4946 3520 5016 ἀλήθειαν
3550 4947 3646 4999 καὶ
3675 4947 3776 5018 τὴν

2202 5040 2393 5109 σοφίαν
2418 5040 2513 5094 καὶ
2536 5039 2626 5093 τὸν
2648 5041 2821 5110 Λόγον
2852 5035 2991 5093 εἶναι
3011 5037 3104 5092 τοῦ
3131 5037 3288 5100 Θεοῦ,
3313 5037 3450 5091 ἀλλά
3469 5038 3778 5105 δεικνύντες

2197 5133 2258 5185 τὸ
2279 5132 2546 5202 χρήσιμον
2569 5130 2665 5184 τοῦ
2722 5129 3090 5201 σεσιωπῆσθαι
3127 5128 3221 5182 τοῦ
3243 5128 3400 5193 Θεοῦ,
3427 5131 3520 5182 καὶ
3548 5129 3623 5201 μὴ
3649 5132 3780 5187 ἀνα-

2208 5218 2546 5290 γεγράφθαι·
2581 5237 2600 5270 ι
2646 5220 2736 5273 Ἐν
2763 5221 2908 5291 ἀρχῇ
2938 5216 3006 5292 ἦν
3037 5222 3067 5274 6
3109 5221 3283 5291 Λόγος
3318 5223 3412 5278 τοῦ
3451 5224 3611 5281 Θεοῦ.
3669 5227 3803 5285 ι,”()·

2209 5308 2370 5370 αὐτὸς
2407 5308 2464 5361 δὲ
2500 5308 2752 5380 Ἰωάννης
2797 5312 2858 5364 ἑν
2899 5313 2964 5381 τῇ
2994 5311 3362 5385 Ἀποκαλύψει
3388 5318 3482 5369 καὶ
3517 5317 3656 5386 μετά
3686 5318 3786 5384 τῆς

2199 5405 2517 5478 προσθήκης
2532 5405 2691 5458 αὐτὸν
2723 5403 2975 5475 όνομάζει
3001 5404 3101 5474 τῆς
3130 5422 3148 5455 ι
3179 5403 3366 5470 Θεοῦ,ι
3388 5405 3590 5474 λέγων·
3621 5425 3640 5456 ι
3665 5408 3780 5460 Καὶ

2199 5496 2338 5550 εἶδον
2365 5496 2592 5567 οὐρανὸν
2625 5495 2964 5567 ἀνεῳγμένον
2985 5534 3000 5558 ,
3049 5495 3159 5549 ἰδοὺ
3190 5495 3354 5560 ἵππος
3387 5495 3600 5559 λευκὸς,
3631 5495 3724 5547 καὶ
3743 5494 3771 5545 ὁ

2201 5590 2504 5660 καθήμενος
2529 5588 2615 5641 ἐπ’
2644 5588 2805 5642 αὑτὸν
2835 5587 3166 5658 καλούμενος
3194 5588 3388 5650 Πιστὸς
3425 5588 3519 5640 καὶ
3557 5585 3771 5655 ’Λληθι-

599 5830 711 5906 (88)
750 5834 860 5892 Καὶ
884 5833 954 5904 τῇ
986 5839 1171 5906 σοφίᾳ
1199 5837 1389 5907 «atrii
1419 5838 1796 5909 δικαιοσύνῃ.
1834 5839 1992 5912 Lege,
2032 5859 2094 5895 κα

2196 5841 2273 5912 ῆς»
2307 5838 2464 5910 σοφία
2496 5836 2702 5910 (supple
2732 5834 3137 5910 προσηγορίας),
3166 5834 3399 5907 καὶτῆς,
3434 5835 3765 5908 δικαιοσύνη.
