4174 6410
440 360 546 414 117

1535 356 1890 414 COMMENT.
1927 357 1993 411 1N
2033 355 2222 413 JOAN.
2266 359 2505 413 TOMIJS
2546 361 2610 414 ll.

435 473 558 539 νδς,
598 471 692 525 καὶ
728 473 786 526 ὲν
833 473 1148 547 δικαιοσύνῃ
1195 476 1369 548 κρίνει
1415 478 1508 532 καὶ
1547 480 1792 550 πολεμεῖ.
1849 482 1910 533 Οἱ
1961 480 2009 533 δὲ

2121 479 2306 534 dicens
2331 479 2378 510 ⁸³
2413 496 2426 532 :
2463 497 2482 529 ι
2528 477 2591 531 Et
2626 477 2733 532 vidi
2761 477 2957 532 coelum
2987 482 3251 549 apertum,
3283 491 3332 538 et
3358 497 3486 538 ecce
3520 501 3693 556 equus

432 565 704 636 ὀφθαλμοὶ
730 566 897 620 αὑτοῦ
919 567 992 632 ὡς
1023 568 1152 636 φλὸξ
1181 571 1351 641 πυρός
1372 587 1384 600 ο
1416 572 1507 623 καὶ
1537 573 1630 624 ἐπὶ
1656 573 1754 643 τὴν
1777 572 2018 644 κεφαλὴν

436 657 605 712 αὐτοῦ
641 660 954 730 διαδήματα
996 659 1168 712 πολλὰ
1189 699 1204 723 ,
1241 660 1379 731 ἔχων
1415 661 1585 732 ὄνομα
1610 663 2015 734 γεγραμμένον,

433 749 464 802 ὃ
495 750 669 814 οὐδεὶς
697 747 839 804 οἶδεν
875 752 922 804 εί
951 751 1027 823 μὴ
1056 751 1246 816 αὐτὸς,
1277 753 1372 807 καὶ
1399 753 1858 826 περιϐεϐλημένος
1892 756 2018 826 ίμά-

431 858 548 897 τιον
583 845 1004 917 ὲρραντισμένον
1038 847 1264 917 αἵματι,
1306 847 1400 900 καὶ
1451 847 1711 919 ἐκέκλητο
1755 849 1816 902 τὸ
1844 849 2018 920 ὄνομα

433 936 602 989 αὑτοῦ
632 937 803 1005 Λόγος
853 937 946 991 τοῦ
986 937 1141 992 Θεοῦ.
1179 938 1292 992 Καὶ
1329 937 1396 992 τὰ
1426 939 1810 1010 στρατεύματα
1851 940 2015 1006 αύτοῦ

432 1029 495 1081 ὲν
524 1027 602 1098 τῷ
638 1026 855 1100 ούρανῷ
904 1029 1188 1098 ἠκολούθει
1240 1030 1389 1101 αὐτῷ
1434 1032 1519 1102 ἐφ’
1553 1033 1737 1096 ἵπποις
1782 1033 2012 1100 λευκοῖς,

427 1120 808 1190 ὲνδεδυμένοις
837 1121 947 1191 (89)
976 1121 1227 1191 βύσσινον
1259 1123 1527 1195 καθαρὸν,
1558 1125 1650 1178 καὶ
1683 1127 1748 1178 ἐκ
1770 1125 1863 1179 τοῦ
1898 1126 2016 1180 στό-

431 1227 604 1282 ματος
624 1211 787 1264 αὐτοῦ
812 1213 1168 1285 ἐκπορεύεται
1201 1215 1446 1285 ῥομφαία
1475 1216 1647 1282 ὀξεῖα,
1674 1217 1760 1271 ἵνα
1786 1219 1842 1271 έν
1874 1219 2011 1290 αὐτῇ

431 1302 650 1376 πατάξῃ
697 1304 766 1356 τὰ
827 1303 953 1377 έθνη
981 1346 995 1369 ,
1051 1305 1146 1358 καὶ
1200 1305 1364 1370 αὐτὸς
1417 1311 1674 1379 ποιμανεῖ
1715 1310 1912 1373 αὐτοὺς
1956 1311 2014 1363 έν

429 1395 614 1467 ῥάϐδῳ
645 1397 860 1469 σιδηρᾷ,
897 1400 989 1451 καὶ
1018 1397 1181 1463 αὐτὸς
1216 1401 1378 1453 πατεῖ
1409 1401 1508 1471 τὴν
1540 1401 1698 1472 ληνὸν
1726 1401 1818 1454 τοῦ
1867 1402 2012 1456 οἴνου

426 1485 531 1556 τῆς
557 1486 728 1558 ὀργῆς
760 1487 856 1541 τοῦ
897 1489 1071 1560 θυμοῦ
1107 1490 1216 1561 (90)
1249 1490 1343 1544 τοῦ
1397 1491 1533 1544 Θεοῦ
1563 1491 1658 1544 τοῦ
1705 1495 2012 1564 παντοκρά-

424 1593 620 1650 τορος,
676 1580 769 1632 καὶ
820 1579 931 1650 ἔχει
977 1583 1070 1634 ἐπὶ
1110 1582 1170 1634 τὸ
1217 1583 1431 1653 ἱμάτιον
1454 1585 1548 1637 καὶ
1583 1585 1675 1640 ἐπὶ
1720 1587 1810 1639 τὸν
1840 1588 2012 1659 μηρὸν

425 1668 592 1722 αὑτοῦ
637 1669 810 1740 ὄνομα
861 1674 1288 1744 γεγραμμένονο
1332 1676 1390 1728 ’0
1418 1676 1678 1741 Βασιλεὺς
1725 1677 2009 1746 βασιλέων,

425 1762 524 1813 καὶ
554 1759 757 1830 Κύριος
792 1763 1014 1834 κυρίων.
1059 1783 1078 1815 ι
1129 1765 1467 1834 Ἀναγκαίως
1499 1767 1556 1820 δὲ
1604 1770 1698 1822 καὶ
1729 1769 2010 1835 ἀπολύτως

2121 569 2302 634 albus,
2331 577 2385 623 et
2412 568 2504 637 qui
2537 568 2760 622 sedebat
2785 584 2946 639 super
2981 585 3102 624 eum
3142 573 3436 627 vocabatur
3466 574 3690 643 Fidelis,

2119 671 2176 716 et
2212 659 2408 725 Verax,
2438 667 2493 713 et
2525 659 2578 712 in
2598 659 2810 727 justitia
2838 659 3048 728 iudicat
3077 671 3134 716 et
3163 673 3386 733 pugnat.
3417 663 3569 720 Oculi
3596 683 3693 722 au-

2118 763 2228 810 tem
2265 750 2405 820 ejus,
2428 751 2568 805 sicut
2594 740 2808 805 “anima
2833 751 2974 822 ignis
3007 767 3020 803 :
3053 762 3108 808 et
3138 753 3191 807 in
3225 756 3398 824 capite
3425 755 3542 824 ejus
3569 760 3690 813 dia-

2119 845 2334 899 demata
2367 841 2555 907 multa,
2587 842 2795 898 habens
2823 858 3019 898 nomen
3045 845 3328 915 scriptum,
3358 849 3502 918 quod
3531 865 3692 906 nemo

2117 935 2268 992 novit
2289 934 2390 988 nisi
2421 934 2554 1004 ipse,
2584 940 2640 990 et
2661 934 2880 989 indutus
2899 943 3017 989 erat
3046 946 3195 990 veste
3215 936 3383 992 tincta
3407 941 3690 1008 sanguine.

2117 1027 2184 1081 Et
2209 1036 2436 1082 vocatur
2482 1039 2679 1080 nomen
2721 1025 2858 1096 ejus,
2913 1026 3106 1082 Sermo
3138 1027 3255 1082 Dei.
3289 1027 3356 1082 Et
3394 1031 3689 1098 exercitus,

2115 1119 2208 1188 qui
2241 1127 2366 1174 sunt
2395 1117 2449 1172 in
2495 1118 2654 1183 coelo,
2693 1116 3063 1187 sequebantur
3091 1132 3214 1172 eum
3256 1119 3309 1173 in
3339 1120 3495 1189 equis
3526 1121 3689 1188 albis,

2117 1212 2298 1266 vestiti
2326 1211 2553 1284 byssino
2576 1213 2720 1277 albo,
2749 1221 2803 1266 et
2844 1227 2998 1281 puro,
3037 1219 3093 1266 et
3128 1229 3195 1268 ex
3226 1227 3321 1268 ore
3350 1211 3472 1286 ejus
3501 1230 3690 1284 proce-

2116 1304 2196 1360 dit
2223 1305 2431 1373 gladius
2471 1315 2686 1367 acutus.
2730 1313 2787 1358 ut
2826 1319 2892 1358 eo
2933 1305 3200 1372 percutiat
3242 1314 3452 1379 gentes,
3486 1316 3541 1360 et
3576 1308 3690 1376 ipse

2116 1403 2267 1465 reget
2295 1409 2390 1449 eos
2421 1396 2569 1465 virga
2616 1395 2817 1459 ferrea,
2856 1405 2914 1450 ct
2948 1396 3062 1464 ipse
3090 1393 3264 1450 calcat
3298 1396 3540 1456 torcular
3574 1397 3688 1452 vini

2117 1484 2209 1538 irae
2226 1485 2422 1540 furoris
2451 1486 2543 1541 Dei
2569 1485 3052 1555 omnipotentis,et
3078 1485 3240 1540 habet
3263 1486 3316 1539 in
3339 1488 3688 1554 vestimento,

2114 1584 2169 1631 et
2231 1577 2286 1631 in
2326 1575 2538 1632 femore
2579 1593 2677 1632 suo
2712 1591 2906 1631 nomen
2957 1583 3266 1650 scrlptum:
3305 1579 3421 1635 Rex
3475 1595 3688 1649 regum,

2113 1680 2168 1724 et
2199 1670 2460 1725 Dominus
2495 1669 2916 1724 dominantium.
2951 1690 2969 1722 ι
3010 1671 3117 1726 Sed
3157 1672 3466 1728 necessario
3505 1683 3562 1727 et
3594 1675 3687 1728 ab-

2114 1760 2292 1816 solute
2339 1761 2521 1828 posuit
2566 1758 2805 1814 Joannes
2845 1761 3167 1815 vocabulum
3217 1761 3442 1828 Sermo,
3479 1772 3688 1819 etcum

425 1852 640 1922 εἴρηται
682 1852 774 1906 καὶ
841 1831 1052 1923 Λόγος,
1095 1857 1189 1908 καὶ
1237 1831 1376 1927 μετά
1443 1858 1762 1932 προσθήκης
1825 1831 2009 1931 Λόγος

2115 1853 2416 1922 adjectione
2430 1852 2616 1918 etiam,
2647 1849 2834 1906 Sermo
2861 1850 2978 1905 Dei.
3002 1850 3137 1906 Nam
3159 1851 3204 1907 si
3233 1853 3465 1908 alterum
3490 1859 3686 1912 tacuis-

426 1941 535 1997 τοῦ
565 1943 734 1998 Θεοῦ.
768 1939 868 1997 Ὧν
899 1949 947 1999 εί
986 1947 1046 2000 τὸ
1073 1947 1258 2020 ἕτερον
1287 1949 1592 2023 σεσιώπητο
1611 1993 1624 2016 ,
1667 1952 1922 2023 ἀφορμὰς
1947 1952 2014 2007 ἂν

424 2035 646 2108 εἴχομεν
677 2038 770 2092 τοῦ
812 2040 1218 2111 παραδέξασθαι
1254 2043 1400 2114 (91),
1450 2047 1545 2099 καὶ
1579 2047 1874 2102 ἀποπεσεῖν
1914 2050 2014 2122 τῆς

425 2129 557 2201 περὶ
592 2131 690 2200 τῆς
724 2133 920 2202 Λόγου
953 2134 1230 2206 ἀληθείας.
1274 2137 1338 2189 Εἰ
1377 2137 1485 2210 γὰρ
1521 2140 1712 2209 Λόγος
1753 2141 1848 2212 μὲν
1885 2143 2013 2196 ἀνα-

434 2221 738 2292 ίέγραπτο,
775 2225 966 2294 Λόγος
1009 2227 1065 2281 δὲ
1130 2227 1279 2281 Θεοῦ
1333 2231 1407 2302 μὴ
1454 2232 1668 2303 εἴρητο,
1707 2234 1769 2286 οὐ
1825 2234 2012 2302 σαφῶς

424 2313 831 2384 ὲμανθάνομεν,
889 2317 972 2370 ὅτι
1007 2312 1161 2382 οὗτος
1207 2321 1236 2372 6
1286 2321 1492 2388 Λόγος,
1528 2322 1700 2391 Λόγος
1746 2323 1839 2377 τοῦ
1874 2325 2010 2379 Θεοῦ

425 2405 562 2458 ἐστι.
596 2406 772 2460 Πάλιν
805 2409 854 2460 τ’
891 2404 960 2462 αῦ
1003 2411 1052 2462 εἰ
1075 2412 1264 2481 Λόγος
1303 2411 1401 2482 μὲν
1423 2413 1530 2466 τοῦ
1559 2415 1709 2468 Θεοῦ
1739 2434 2011 2489 προσηγο-

423 2495 632 2568 ρεύετο,
660 2501 851 2569 Λόγος
868 2500 924 2553 δὲ
947 2501 1230 2563 ἀπολύτως
1261 2505 1363 2558 οὐκ
1400 2506 1606 2578 εἴρητο,
1649 2507 1752 2561 κᾶν
1784 2509 2010 2575 πολλοὺς

424 2586 627 2657 Λόγους
659 2590 1096 2657 ἁναπλάσσοντες
1131 2595 1271 2649 κατά
1303 2595 1403 2668 τὴν
1449 2598 1586 2670 πρὸς
1627 2599 1858 2655 ἕκαστον
1899 2601 2008 2656 τῶν

423 2679 654 2746 λογικῶν
684 2682 906 2752 σχέσιν,
943 2685 1120 2756 μάτην
1141 2686 1206 2740 ἂν
1237 2687 1468 2754 πολλοὺς
1501 2691 1708 2762 κυρίως
1749 2693 2010 2764 ὀνομαζο-

423 2770 620 2840 μένους
665 2773 1098 2846 παρεδεξάμεθα.
1147 2779 1343 2844 Καλῶς
1390 2781 1572 2851 μέντοι
1603 2799 1667 2848 γε
1693 2783 2008 2856 διαγράφων

420 2861 492 2914 τά
540 2865 666 2936 περὶ
703 2865 798 2918 τοῦ
832 2867 1006 2933 Λόγου
1048 2868 1142 2922 τοῦ
1185 2870 1320 2924 Θεοῦ
1369 2874 1427 2925 έν
1465 2876 1530 2944 τῇ
1566 2875 1928 2945 Ἀποκαλύψει
1979 2877 2008 2928 6

433 2952 776 3019 ’Λπόστολος,
810 2957 902 3010 καὶ
927 2959 956 3010 6
984 2959 1373 3034 εὐαγγελιστὴς
1391 3003 1406 3027 ,
1437 2963 1538 3035 ήδη
1579 2965 1638 3018 δὲ
1664 2966 1758 3019 καὶ
1793 2965 1880 3021 διὰ
1906 2968 2008 3040 τῆς

433 3046 857 3117 Ἀποκαλύψεως
914 3051 1008 3104 καὶ
1051 3054 1357 3126 προφήτης,
1416 3057 1549 3127 φησὶ
1598 3057 1691 3111 τὸν
1741 3057 1834 3112 τοῦ
1869 3059 2005 3114 Θεοῦ

2116 1954 2220 2008 set,
2245 1944 2587 1998 occasionem
2621 1943 2859 1996 habituri
2892 1957 3114 1997 eramus
3147 1954 3350 2011 praeter
3371 1960 3687 2017 germanam

2115 2036 2444 2090 sententiam
2509 2035 2867 2105 intelligendi,
2923 2042 2978 2089 et
3023 2037 3314 2092 aberrandi
3366 2053 3396 2092 a
3457 2039 3687 2094 veritate

2115 2128 2278 2196 hujus
2309 2127 2558 2183 vocabuli
2609 2126 2835 2181 Sermo:
2865 2142 2929 2182 ac
2979 2129 3023 2182 si
3069 2128 3317 2184 absolute
3373 2131 3686 2201 scripsisset

2111 2218 2368 2282 Joannes,
2414 2217 2741 2280 Sermonem,
2768 2233 2870 2273 nec
2897 2218 3126 2274 dixisset
3169 2224 3333 2274 etiam
3370 2237 3493 2276 cum
3539 2222 3680 2292 adjeo

2113 2312 2313 2377 ctione,
2355 2308 2660 2364 Sermonem
2707 2309 2843 2376 Dei,
2903 2325 3009 2365 non
3071 2311 3453 2366 didicissemus
3503 2323 3686 2383 aperte

2113 2402 2258 2457 hunc
2311 2401 2628 2456 Sermonem
2677 2417 2799 2458 esse
2856 2401 3174 2458 Sermonem
3228 2401 3348 2458 Dei.
3403 2403 3610 2460 Rursus
3641 2407 3687 2460 si

2113 2491 2419 2545 Sermonem
2465 2489 2562 2544 Dei
2604 2491 2868 2557 dixisset,
2920 2506 3022 2546 nec
3061 2493 3308 2548 absolute
3347 2492 3682 2564 Sermonem,

2111 2583 2498 2652 etiammiultos
2516 2583 2807 2639 Sermones
2825 2584 3087 2654 ﬁngentes
3100 2583 3256 2653 juxta
3280 2586 3594 2642 relationem
3620 2591 3686 2642 ad
3764 2596 3776 2606 '

2111 2690 2549 2746 unumquemque
2578 2691 2767 2730 eorum
2799 2677 2890 2746 qui
2920 2691 3171 2732 sermone
3197 2693 3262 2731 ac
3284 2679 3492 2734 ratione
3522 2687 3686 2734 utun-

2112 2777 2220 2834 tur,
2256 2768 2457 2823 frustra
2486 2767 2684 2823 multos
2709 2768 2929 2837 proprie
2967 2768 3048 2822 sic
3077 2769 3386 2824 nominatos
3422 2769 3685 2826 admisiso

2110 2874 2314 2916 scmus.
2346 2858 2535 2928 Itaque
2582 2869 2730 2914 recte
2765 2858 3043 2929 apostolus
3081 2867 3137 2913 et
3173 2858 3528 2928 evangelista,
3569 2857 3684 2929 jam

2108 2965 2239 3006 vero
2263 2951 2428 3006 etiam
2471 2959 2696 3021 propter
2737 2951 3099 3022 Apocalypsin
3129 2954 3419 3021 propheta,
3476 2952 3686 3006 descri-

2109 3045 2245 3100 bens
2285 3045 2338 3098 in
2370 3042 2696 3114 Apocalypsi
2743 3042 3063 3099 Sermonem
3098 3044 3218 3108 Dei,
3249 3057 3310 3098 se
3339 3043 3430 3097 Dei
3465 3042 3685 3098 Sermo-

421 3138 595 3206 Λόγον
629 3140 933 3210 ἑωρακέναι
966 3143 1023 3196 ὲν
1057 3144 1319 3214 ἀνεῳγότι
1349 3145 1427 3217 τῷ
1463 3145 1698 3218 οὐρανῷ,
1735 3148 1819 3218 ἐφ’
1854 3149 2005 3222 ἵππῳ

2111 3152 2232 3193 nem
2264 3135 2466 3192 vidisse
2491 3136 2686 3205 inquit,
2714 3144 2908 3203 aperto
2935 3136 3096 3202 caelo,
3125 3151 3266 3204 equo
3296 3135 3419 3191 albo
3444 3145 3683 3194 vectum.

420 3227 598 3300 λευκῷ
639 3231 952 3302 ὀχούμενον.
999 3235 1063 3286 Τί
1089 3235 1146 3288 δὲ
1192 3237 1485 3290 αἰνίττεται
1518 3238 1580 3291 τὸ
1609 3239 1882 3310 ἀνεῷχθαι
1914 3243 2004 3297 τὸν

419 3323 678 3394 οὐρανὸν,
709 3326 804 3378 καὶ
832 3328 860 3379 6
895 3326 1085 3392 λευκὸς
1114 3329 1314 3395 ἵππος,
1343 3333 1438 3384 καὶ
1475 3330 1534 3385 τὸ
1559 3333 1646 3386 ἐπ’
1674 3333 1838 3387 αὐτοῦ
1872 3335 2004 3389 καθ-

421 3411 642 3477 έζεσθαι
688 3415 782 3468 τὸν
827 3417 1163 3490 καλούμενον
1206 3421 1302 3474 τοῦ
1349 3422 1484 3476 Θεοῦ
1523 3424 1728 3492 Λόγον,
1769 3427 1907 3498 πρὸς
1941 3427 2004 3480 τὸ

421 3500 563 3558 εἶναι
595 3507 728 3560 Θεοῦ
764 3509 936 3578 Λόγον
980 3512 1075 3565 καὶ
1130 3513 1318 3568 πιστὸν
1363 3515 1456 3568 καὶ
1491 3515 1779 3590 ἀληθινὸν,
1820 3519 1915 3572 κα)⁴
1945 3519 2002 3574 έν

417 3596 730 3672 δικαιοσύνῃ
761 3603 1048 3673 κρινοῦντα
1063 3605 1196 3677 (91”)
1215 3609 1307 3660 καὶ
1334 3609 1670 3681 πολεμοῦντα
1690 3610 1999 3683 λεγόμενον,

419 3693 802 3761 κατανοητέον,
833 3695 921 3749 ἵνα
949 3694 1029 3748 έτι
1053 3698 1252 3766 μᾶλλον
1278 3699 1732 3773 προϐιϐασθῶμεν
1748 3701 1824 3773 τῷ
1840 3703 2002 3757 έκλα-

419 3779 538 3835 ϐεῖν
597 3783 666 3837 τά
700 3786 828 3856 περί
875 3785 970 3839 τοῦ
1025 3788 1197 3858 Λόγου
1227 3789 1321 3843 τοῦ
1367 3791 1524 3846 Θεοῦ.
1580 3793 1903 3848 Κεκλεῖσθαι
1941 3795 2000 3848 δὲ

418 3873 659 3944 ἠγοῦμαι
707 3876 799 3929 τὸν
821 3878 1051 3948 οὐρανὸν
1091 3883 1204 3944 τοῖς
1239 3883 1496 3946 ἀσεϐέσι,
1545 3884 1637 3936 καὶ
1675 3884 1773 3956 τὴν
1815 3885 2000 3940 εἰκόνα

417 3964 514 4016 ⁶τοῦ
548 3965 731 4036 χοῖκοῦ
770 3968 1027 4041 φέρουσιν
1047 4011 1065 4034 ,
1098 3972 1368 4043 ἀνεῷχθαι
1399 3974 1458 4026 δὲ
1492 3979 1603 4038 τοῖς
1644 3976 1872 4042 δικαίοις
1905 3979 2000 4032 κα)⁹

416 4059 856 4128 κεκοσμημένοις
900 4062 967 4131 τῇ
1002 4059 1098 4114 τοῦ
1149 4063 1477 4134 ἐπουρανίου
1516 4065 1628 4138 (92)
1654 4067 1856 4121 εἰκόνι·
1889 4072 2000 4134 τοῖς

2110 3229 2248 3296 Quid
2293 3243 2424 3283 vero
2470 3227 2660 3282 innuat
2701 3227 2823 3282 cmli
2868 3228 3099 3297 apertio,
3133 3239 3189 3282 et
3213 3243 3388 3298 equus
3413 3228 3596 3294 albus,
3630 3238 3684 3284 et

2109 3337 2272 3391 super
2301 3321 2477 3391 ipsum
2513 3319 2688 3376 sessio
2723 3320 2868 3375 illius
2900 3322 2991 3390 qui
3032 3319 3227 3375 Sermo
3273 3321 3366 3374 Dei
3411 3330 3642 3376 vocatur
3664 3360 3682 3387 ,

2107 3413 2198 3482 qui
2231 3412 2418 3479 etiam,
2443 3421 2807 3481 praeterquam
2834 3423 2917 3469 est
2952 3411 3145 3466 Sermo
3190 3411 3310 3477 Dei,
3339 3412 3514 3467 ﬁdelis
3545 3413 3682 3467 dici-.

2111 3516 2218 3568 tur,
2256 3513 2312 3560 et
2349 3519 2535 3572 verax,
2576 3515 2632 3560 et
2697 3505 2750 3560 iu
2793 3505 3009 3574 justitia
3052 3505 3306 3576 judicans
3354 3513 3408 3558 et
3449 3504 3679 3570 bellans,

2105 3597 2566 3654 considerandum
2592 3605 2710 3661 est,
2743 3608 2803 3651 ut
2835 3597 3106 3666 eo'magis
3135 3596 3510 3664 proﬁciamus,
3554 3609 3682 3650 cum

2105 3685 2538 3742 intellexerimus
2585 3700 2705 3755 qua:
2747 3687 2814 3740 ad
2862 3685 2954 3739 Dei
2991 3685 3328 3740 Sermonem
3381 3685 3680 3754 pertinent.

2103 3776 2338 3833 Proinde
2361 3777 2596 3833 arbitror
2618 3792 2718 3848 ego
2753 3777 2935 3848 impiis
2962 3786 3018 3832 et
3046 3785 3358 3833 terrestrem
3388 3777 3678 3848 imaginem

2102 3869 2438 3940 gerentibus,
2467 3870 2665 3924 coelum
2688 3883 2810 3925 esse
2847 3869 3117 3935 clausum,
3159 3877 3406 3940 apertum
3429 3884 3562 3924 vero
3587 3868 3680 3939 ju-

2102 3960 2225 4025 Stis,
2254 3959 2363 4032 56
2410 3969 2466 4015 et
2501 3961 2586 4016 his
2626 3962 2719 4031 qui
2758 3962 3003 4032 insigniti
3034 3961 3237 4016 fuerint
3266 3962 3676 4032 supercmlestis

2102 4054 2361 4124 imagine.
2392 4052 2661 4108 Nimirum
2698 4055 2880 4125 impiis
2907 4057 3128 4126 quidem
3174 4057 3322 4110 humi
3371 4057 3676 4112 etiamnum

421 4150 523 4219 μὲν
549 4151 658 4224 γὰρ
677 4193 691 4217 ,
745 4153 841 4207 ἇτε
891 4157 1042 4210 κάτω
1073 4159 1440 4228 τυγχάνουσι,
1493 4163 1589 4215 καὶ¹
1630 4163 1688 4215 έν
1719 4163 1884 4235 σαρκὶ
1916 4163 1996 4216 ἔτι

2111 4149 2432 4216 repentibus,
2470 4156 2527 4202 et
2577 4149 2631 4203 in
2658 4164 2822 4204 carne
2848 4149 3261 4211 exsistentibus,
3290 4150 3673 4220 prastautiora

416 4242 755 4315 ὑπάρχουσιν
789 4247 1212 4303 ἀποκέκλεισται
1247 4248 1318 4304 τά
1345 4251 1632 4323 κρείττονα
1652 4293 1666 4316 ,
1712 4255 1772 4306 ού
1803 4255 1999 4307 συνιεῖ-

2111 4249 2228 4294 sunt
2254 4239 2464 4305 clausa,
2495 4241 2620 4310 quia
2669 4256 2779 4296 non
2835 4241 3142 4312 intelligant
3187 4255 3248 4295 ea
3273 4281 3288 4307 ,
3322 4255 3425 4297 nec
3462 4247 3678 4312 possint

419 4351 506 4388 σιν
530 4335 670 4389 αύτά
689 4377 704 4401 ,
735 4336 854 4392 οὐδὲ
878 4337 938 4391 τὸ
969 4339 1164 4403 κάλλος
1188 4340 1368 4394 αὐτῶν
1391 4340 1708 4412 δυναμένοις
1725 4383 1740 4408 ,
1773 4344 1896 4397 ἐπεὶ
1921 4343 1996 4414 μὴ

2111 4347 2285 4387 eorum
2309 4332 2769 4402 pulchritudinem
2792 4335 2940 4405 (quia
2965 4333 3176 4404 nolunt)
3195 4335 3486 4404 dispicere,
3514 4335 3675 4403 proni

419 4426 696 4497 βούλονται
715 4469 730 4492 ,
783 4433 1082 4495 κατανοεῖν,
1130 4432 1535 4500 συγκύπτοντες
1581 4434 1692 4504 (9'5)
1714 4475 1728 4498 ,
1779 4435 1875 4489 καὶ
1920 4436 1994 4507 μὴ

2111 4441 2200 4480 nec
2235 4427 2453 4497 erigere
2484 4441 2543 4482 se
2573 4438 2855 4492 conantes,
2888 4445 3012 4483 cum
3041 4429 3174 4499 justi
3214 4439 3270 4482 et
3312 4428 3672 4493 excellentes,

415 4519 743 4584 ἐπιδιδόντες
768 4522 962 4586 αὐτοὺς
995 4524 1074 4587 εἰς
1102 4523 1162 4576 τὸ
1189 4523 1523 4578 ἀνακύπτειν
1543 4543 1556 4555 ·
1586 4529 1699 4589 τοῖς
1730 4525 1787 4579 δὲ
1809 4504 1994 4596 διαφέέ

2111 4517 2228 4585 quia
2254 4517 2344 4586 jus
2371 4517 2605 4572 civitatis
2645 4518 2697 4571 iu
2726 4520 2881 4574 caelis
2910 4518 3237 4582 habeant“,
3267 4519 3513 4575 caelestia
3543 4535 3676 4574 con-

418 4625 638 4680 ρουσιν,
687 4612 783 4665 ἆτε
827 4613 889 4665 τὸ
913 4613 1214 4684 πολίτευμα
1263 4613 1476 4685 ἔχουσιν
1517 4618 1576 4670 ὲν
1606 4616 1888 4687 οὐρανοῖς,
1924 4617 1995 4670 τά

2111 4607 2452 4678 Leniplentur,
2481 4608 2696 4666 Davidis
2717 4611 2854 4666 clavi
2877 4621 3091 4680 aperta,
3118 4627 3308 4681 nempe
3339 4613 3522 4668 divino
3544 4612 3674 4667 Ser-
3702 4659 3708 4664 .

415 4701 646 4772 οὐράνια
677 4706 742 4774 τῇ
767 4703 936 4758 κλειδὶ
959 4706 1052 4761 τοῦ
1075 4706 1242 4762 Δαυῖδ
1264 4707 1472 4778 ἀνέῳγε
1493 4707 1865 4779 θεωρούμενα,
1897 4708 1992 4762 τοῦ

2111 4716 2263 4756 mone
2287 4702 2566 4772 aperiente
2594 4719 2656 4760 ea
2694 4716 2751 4759 et
2790 4705 3194 4772 manifestaute,
3227 4720 3294 4760 eo
3323 4703 3466 4773 quod
3509 4704 3672 4758 veha-

418 4789 563 4843 θείου
591 4793 762 4860 Λόγου
798 4795 1104 4865 ἀνοίγοντος
1135 4797 1295 4861 αὐτὰ,
1327 4798 1422 4851 καὶ
1460 4796 1879 4868 σαφηνίζοντος,
1906 4797 1995 4852 διά

2111 4809 2193 4853 tur
2224 4812 2385 4868 equo,
2423 4798 2524 4854 hoc
2566 4808 2650 4854 est
2682 4800 2907 4855 vocibus
2955 4799 3259 4869 signiﬁcata
3306 4795 3670 4850 renuntianti-

417 4882 512 4935 τοῦ
539 4885 777 4953 ὀχεῖσθαι
800 4887 972 4959 ἵππῳ,
996 4890 1200 4958 φωναῖς
1230 4888 1297 4942 τὰ
1319 4889 1692 4960 σημαινόμενα
1717 4890 1993 4960 ἀπαγγελ-

2111 4890 2237 4951 bus;
2263 4890 2407 4956 albo,
2438 4871 2662 4961 phpter
2687 4893 3124 4962 perspicuam,et
3155 4889 3460 4954 candidam,
3501 4897 3555 4941 et
3585 4889 3669 4941 lu-

419 4975 668 5041 λούσαις·
693 4978 900 5050 λευκῷ,
953 4979 1039 5034 διὰ
1061 4981 1124 5033 τὸ
1153 4981 1382 5051 φανερὸν
1415 4981 1508 5033 καὶ
1553 4980 1616 5034 τὸ
1644 4980 1864 5045 λευκὸν,
1897 4983 1992 5035 καὶ

2111 4983 2276 5038 cidam
2297 4984 2678 5053 cognitionem.
2699 4982 3055 5039 Sedetautem
3075 4997 3237 5052 super
3253 4997 3454 5052 equum
3482 4979 3669 5035 album

419 5069 678 5136 φωτεινὸν
704 5072 803 5142 τῆς
831 5069 1104 5142 γνώσεως.
1136 5073 1436 5139 Καθέζεται
1465 5074 1522 5127 δὲ
1549 5075 1642 5128 ἐπὶ
1678 5075 1770 5128 τὸν
1798 5074 1990 5128 λευκὸν

2111 5073 2186 5130 ille
2217 5075 2308 5144 qui
2355 5085 2579 5129 vocatur
2607 5075 2802 5138 ﬁdelis,
2829 5075 3038 5131 ﬁrmius
3065 5085 3140 5138 et,
3171 5083 3228 5128 ut
3255 5075 3327 5128 ita
3351 5074 3547 5139 dicam,
3583 5085 3666 5125 re-

421 5158 588 5214 ῐππον
628 5163 658 5214 6
697 5162 1028 5234 καλούμενος
1052 5165 1283 5233 Πιστὸς,
1331 5164 1612 5237 ἱδρυμένος
1645 5165 1987 5239 βεϐαιότερον

2111 5167 2270 5238 galius
2309 5167 2551 5223 insidens
2590 5169 2645 5225 in
2685 5169 2933 5236 vocibus,
2976 5185 3102 5240 quae
3134 5169 3371 5225 subverti
3401 5182 3509 5222 non
3536 5181 3662 5236 poso

491 5277 536 5308 ³³
564 5277 733 5347 Apoc.
772 5292 891 5343 xix,
932 5278 991 5333 ιι
1028 5286 1083 5334 et
1107 5294 1224 5350 seq.
1301 5278 1349 5312 “
1375 5278 1608 5350 Philipp.
1643 5296 1730 5346 tu,
1763 5281 1858 5336 20.

490 5391 604 5468 (ἓξ)
654 5391 1122 5468 Ἐϊδξδυμένοέςο
1143 5395 1295 5468 Lege
1320 5395 1675 5468 ἐνδεδυμένφιη

496 5461 606 5532 (90)
651 5463 764 5517 Τοῦ
795 5461 1004 5532 θυμοῦ.
1037 5461 1381 5519 Desideratur
1413 5467 1465 5519 in
1507 5461 1742 5521 editione
1781 5465 1978 5530 Huetii.

422 5531 516 5588 sed
543 5532 821 5601 suppletur
841 5531 877 5586 e’
905 5534 1060 5587 codd.
1093 5535 1384 5590 Bodleiano
1409 5545 1462 5588 et
1488 5536 1806 5592 Barberino.

514 5601 605 5665 9|)
642 5603 1117 5667 Παραδέξασθαι,
1156 5614 1262 5659 etc.
1302 5603 1458 5660 Nullo
1495 5620 1658 5660 sensu
1703 5607 1820 5660 haec
1861 5607 1985 5660 red-

420 5671 675 5746 diderunt
717 5671 1002 5746 Ferrarius
1039 5684 1096 5746 et
1135 5673 1439 5746 Periouius.
1482 5675 1676 5746 Legas,
1713 5675 1980 5746 παρεκδέ-

423 5740 650 5817 ξασθαι,
707 5742 963 5812 proclivis
1021 5743 1126 5798 erit
1179 5740 1586 5811 interpretatio:
1631 5740 1978 5817 Παρεκδέξα-

423 5811 546 5866 σθαι
579 5811 756 5870 autem
786 5823 867 5870 cst
894 5823 1082 5882 preter
1109 5830 1413 5886 germanam
1438 5811 1746 5872 sententiam
1778 5816 1979 5873 intelli-

2093 5411 2210 5461 qere
2234 5405 2282 5448 et
2315 5394 2597 5459 explicare.
2631 5394 2893 5451 "uerius.

2159 5464 2292 5534 (91⁸)
2333 5464 2681 5537 Κρινοῦντα.
2708 5467 2867 5528 Forte
2905 5465 3242 5537 κρίνοντα,υι
3274 5474 3541 5537 congruat
3567 5481 3661 5520 su-

2091 5537 2392 5610 perioriet
2416 5535 2784 5610 inferioribus
2805 5535 2998 5610 κρίνει,
3014 5536 3303 5610 ⁵κρίνοντα,
3328 5545 3443 5610 ιειιειζ
3493 5535 3655 5610 Eutr.
3681 5591 3684 5596 ,

2161 5603 2275 5674 (92)
2301 5605 2712 5673 Ἔπουρανίου.
2731 5605 2821 5674 Sic
2833 5603 2966 5659 codd
2977 5644 2989 5658 .
3013 5603 3329 5660 Bodleianus
3341 5604 3628 5659 et’Barberi
3641 5635 3659 5648 ο

2091 5673 2394 5747 nus‘;7_'male
2412 5689 2538 5747 vero
2560 5675 2726 5727 editio
2756 5673 2931 5747 ﬂuetii
2959 5675 3175 5747 interitu
3199 5675 3654 5747 liabetémpviou.

2159 5744 2272 5812 (95)
2314 5745 2787 5815 Συτκ-ύπτοντες.
2824 5743 2896 5797 Ita
2928 5746 3095 5798 codex
3132 5743 3458 5802 Bodleianus
3479 5743 3497 5815 ᾗ
3548 5744 3658 5803 lie-

2083 5817 2202 5888 gius
2230 5829 2358 5871 vero
2382 5824 2434 5871 et
2463 5813 2809 5881 Barberinus,
2839 5815 3219 5884 ὲγκύπτοντες.
