4174 6460
480 350 586 408 H9

1963 356 2285 413 ORIGENIS

3634 367 3736 422 1ὲο

474 477 623 534 sunt,
654 483 721 525 ac
749 471 945 538 quovis
969 486 1109 541 equo
1148 471 1393 528 velocius
1430 487 1497 528 ac
1530 472 1767 529 celerius
1791 483 2051 540 currunt,

2157 474 2272 538 καὶ,
2311 474 2374 527 ἵν’
2404 474 2578 538 οὕτως
2601 472 2774 541 εἴπω,
2814 474 3233 548 βασιλικώτερον
3280 478 3339 530 ἐν
3368 481 3574 546 φωναῖς
3604 480 3736 534 ἀνα-

475 574 529 616 et
558 562 729 633 gloria
768 564 819 617 in
849 565 965 634 ipso
992 565 1195 634 impetu
1238 573 1496 634 superant
1518 564 1895 620 adversarium
1927 582 2047 621 om-

473 670 596 710 nem
648 657 997 711 simulantem
1051 674 1110 711 se
1149 674 1271 714 esse
1322 657 1684 724 Sermonem,
1750 659 2050 726 itidemque

472 748 824 803 simulantem
871 766 929 804 se
958 766 1080 805 esse
1109 753 1393 806 veritatem
1425 760 1482 806 et
1513 763 1864 821 apparentem
1905 755 2049 808 veri-

474 849 665 895 tatem.
683 837 926 896 Vocatur
952 851 1135 897 autem
1167 843 1343 898 tidelis
1364 843 1454 912 qui
1483 844 1633 897 sedet
1652 843 1704 897 in
1735 858 1877 914 equo
1901 845 2049 908 albo,

474 946 585 987 non
614 933 742 1002 quia
778 934 941 989 ﬁdem
973 934 1131 990 aiicui
1162 936 1359 991 habeat
1383 977 1399 1003 ,
1440 935 1533 991 sed
1558 936 1685 1006 quia
1720 935 1825 990 ﬁde
1858 938 2053 1005 dignus

476 1026 567 1079 sit.
606 1024 740 1078 Nam
788 1026 936 1082 Mose
977 1037 1115 1083 teste
1155 1028 1226 1094 ⁸⁸,
1271 1027 1447 1083 ﬁdelis
1480 1036 1536 1082 et
1564 1043 1727 1082 verax
1765 1038 1849 1082 est
1878 1028 2053 1083 Domi-

481 1129 603 1170 nus.
641 1114 813 1170 Verax
841 1126 925 1171 est
943 1118 1108 1172 etiam
1136 1118 1203 1172 ad
1235 1117 1604 1174 differentiam
1648 1116 1875 1182 umbrat,
1905 1129 1960 1172 et
1990 1119 2053 1172 li-

472 1221 651 1275 gone,
677 1216 733 1261 et
763 1208 1041 1276 imaginis,
1073 1210 1331 1277 quoniam
1366 1209 1491 1265 talis
1517 1218 1601 1264 est
1623 1209 1711 1265 ille
1742 1211 1935 1265 Sermo
1959 1211 2050 1281 qui

476 1308 562 1354 est
603 1301 654 1354 in
678 1300 819 1356 caelo
842 1312 1078 1371 aperto;
1120 1318 1224 1357 non
1272 1302 1416 1358 enim
1451 1303 1577 1358 talis
1614 1313 1701 1359 est
1725 1304 1918 1359 Sermo
1946 1316 2056 1359 ter—

478 1392 671 1448 vestris
699 1391 878 1463 qualis
902 1393 1311 1463 cmlestis,quia
1336 1392 1510 1448 factus
1529 1408 1658 1448 caro
1684 1410 1780 1464 per
1807 1397 2049 1465 umbras,

478 1493 537 1540 et
570 1484 798 1555 ﬁguras,
834 1496 889 1541 et
918 1487 1181 1556 imagines
1219 1487 1483 1557 loquitur.
1512 1486 1887 1545 Multitudines
1922 1506 2054 1561 ergo

480 1591 673 1633 eorum
707 1578 798 1648 qui
821 1589 1085 1647 putantur
1113 1586 1362 1648 credere,
1396 1584 1586 1638 umbra
1611 1584 1913 1649 Sermonis,
1944 1600 2053 1639 non

478 1682 615 1725 vero
643 1670 738 1727 illo
763 1669 1028 1727 Sermone
1053 1670 1148 1726 Dei
1178 1672 1271 1742 qui
1307 1684 1392 1729 est
1424 1675 1477 1728 in
1516 1676 1660 1730 coelo
1692 1686 1903 1745 aperto,
1930 1691 2055 1732 eru-

480 1760 730 1815 diuntur.
766 1760 1065 1831 Propterea
1103 1761 1372 1819 Jeretuias
1410 1765 1586 1834 inquit
1611 1764 1659 1796 ⁸⁸
1706 1783 1720 1820 :
1756 1783 1776 1817 ι
1816 1762 2055 1836 Spiritus

2154 567 2429 637 τραπῆναι
2485 568 2560 638 μὴ
2607 567 2964 640 δυναμέναις,
3013 569 3216 632 παντὸς
3266 569 3434 623 ἵππου
3483 570 3736 642 ὀξύτερον

2156 660 2254 711 καὶ
2286 659 2471 729 τάχιον
2496 658 2818 730 τρεχούσαις
2839 700 2855 724 ,
2894 662 2991 715 καὶ
3018 661 3550 733 παρευδοκιμούσαις
3580 666 3638 716 ἐν
3667 668 3732 736 τῇ

2158 752 2301 822 φορᾷ
2334 751 2511 805 πάντα
2550 752 2643 806 τὸν
2681 754 3087 825 ἀνταγωνιστὴν
3118 755 3419 826 ὑποκριτὴν
3456 756 3628 823 Λόγου
3653 774 3738 810 νο-

2160 840 2450 912 μιζόμενον
2494 844 2699 912 Λόγον,
2725 845 2821 899 καὶ
2849 845 3105 916 ἀληθείας
3150 845 3414 899 δοκοῦσαν
3455 846 3732 918 ἀλήθειαν.

2158 934 2419 989 Καλεῖται
2445 934 2502 988 δὲ
2527 934 2724 1000 Πιστὸς
2750 939 2779 991 6
2808 938 2903 991 ἐπὶ
2934 937 3029 991 τοῦ
3074 938 3269 992 λευκοῦ
3297 939 3464 991 ἵππου
3504 937 3614 1010 (94)
3633 978 3647 1001 ,
3673 941 3735 991 οὐ

2157 1023 2246 1078 διά
2270 1025 2331 1078 τὸ
2357 1025 2634 1080 πιστεύειν
2653 1067 2668 1089 ,
2698 1028 2821 1081 ὅσον
2847 1028 2938 1082 διὰ
2965 1029 3025 1081 τὸ
3051 1030 3341 1094 πιστευτὸς
3368 1027 3508 1083 εἶναι
3525 1070 3540 1094 ,
3580 1047 3738 1083 τουτ-

2159 1115 2309 1182 έστι,
2342 1116 2436 1170 τοῦ
2484 1118 2834 1172 πιστεύεσθαι
2868 1120 3038 1186 ἄξιος.
3084 1119 3289 1192 Κύριος
3317 1120 3446 1194 γὰρ,
3480 1121 3621 1175 κατά
3645 1121 3738 1174 τὸν

2159 1209 2420 1272 Μωῦσέα,
2448 1210 2638 1276 πιστὸς
2661 1214 2756 1265 καὶ
2771 1212 3042 1282 ἀληθινός.
3064 1214 3172 1266 Καὶ
3198 1212 3448 1284 ἀληθινὸς
3463 1213 3572 1287 γάρ
3600 1213 3737 1285 πρὸς

2159 1295 2567 1369 ἀντιδιαστολὴν
2620 1301 2810 1365 σκιᾶς,
2844 1301 2938 1353 καὶ
2973 1301 3176 1367 τύπου,
3219 1302 3314 1355 καὶ
3344 1303 3582 1368 εἰκόνος-
3615 1305 3738 1357 ἐπεὶ

2160 1384 2400 1450 τοιοῦτος
2448 1388 2478 1439 6
2522 1389 2581 1441 ἐν
2613 1388 2692 1459 τῷ
2724 1390 2987 1461 ἀνεῳγότι
3031 1392 3245 1466 οὐρανῷ
3276 1393 3468 1462 Λόγος.
3503 1395 3579 1448 Ού
3628 1394 3739 1466 γὰρ

2162 1476 2256 1527 ἐπὶ
2286 1476 2390 1546 γῆς
2413 1478 2443 1530 6
2466 1477 2707 1543 τοιοῦτος
2735 1478 2872 1552 (95),
2905 1482 3090 1545 ὁποῖος
3109 1485 3138 1536 6
3166 1486 3224 1537 ὲν
3251 1483 3497 1556 οὐρανῷ,
3524 1484 3620 1539 ἀτε
3646 1503 3739 1555 γε-

2161 1568 2384 1638 νόμενος
2412 1568 2581 1642 σὰρξ,
2616 1574 2709 1626 καὶ
2736 1572 2825 1627 διά
2858 1576 3018 1638 σκιᾶς
3049 1575 3146 1629 καὶ
3177 1575 3364 1630 τύπων
3388 1578 3482 1631 καὶ
3514 1578 3740 1632 εἰκόνων

2160 1656 2488 1730 λαλούμενος
2538 1663 2672 1733 (96).
2712 1665 2793 1719 Τά
2839 1665 2897 1719 δὲ
2940 1666 3121 1739 πλήθη
3152 1668 3261 1722 τῶν
3316 1670 3740 1725 πεπιστευκέναι

2162 1752 2531 1824 νομιζομένων
2563 1759 2630 1829 τῇ
2683 1760 2812 1830 σκιᾷ
2853 1758 2949 1812 τοῦ
2979 1761 3177 1830 Λόγου,
3209 1763 3303 1816 καὶ
3331 1763 3451 1833 ούχί
3494 1763 3575 1835 τῷ
3602 1765 3736 1837 ἀλη-

477 1851 640 1906 l'aciei
690 1861 892 1907 nostra:
935 1852 1185 1907 Christus
1233 1855 1517 1921 Dominus,
1548 1857 1638 1910 cui
1687 1857 2050 1913 diximus:ln

2157 1844 2286 1915 θινῷ
2313 1846 2473 1918 Λόγῳ
2498 1847 2658 1913 Θεοῦ,
2685 1850 2745 1902 ἐν
2764 1849 2843 1921 τῷ
2863 1851 3124 1923 ἀνεῳγότι
3153 1853 3368 1926 οὐρανῷ
3395 1856 3735 1925 τυγχάνοντι,

477 1942 670 1998 umbra
698 1942 870 2014 ipsius
886 1944 1131 2000 vivemus
1153 1945 1209 1999 in
1232 1946 1505 2015 gentibus.
1520 1965 1540 1999 ι
1560 1945 1651 2001 Sic
1674 1947 1838 2017 igitur
1860 1949 2053 2005 Sermo

477 2035 571 2090 ille
600 2035 718 2100 Dei,
749 2035 842 2105 qui
864 2036 1064 2093 Fidelis
1091 2042 1347 2101 vocatur;
1393 2039 1557 2093 etiam
1596 2054 1760 2095 verax
1790 2051 2017 2095 vocatur
2036 2081 2053 2108 ,

474 2137 531 2181 et
564 2128 617 2181 in
640 2128 850 2198 justitia
885 2128 1093 2198 iudicat
1129 2138 1185 2184 et
1239 2129 1436 2184 bellum
1464 2133 1626 2201 gerit,
1652 2137 1798 2203 quod
1836 2131 2053 2201 iustitia

476 2219 596 2286 ipsa
624 2234 688 2276 ac
710 2221 919 2290 judicio
958 2222 1075 2290 ipso
1112 2220 1430 2277 facultatem
1459 2238 1492 2275 a
1528 2222 1640 2277 Deo
1665 2224 1944 2292 acceperit
1965 2223 2054 2292 iu-

476 2310 719 2373 dicandi,
752 2319 808 2367 et
834 2311 1195 2367 distribuendi
1227 2328 1296 2368 ex
1323 2312 1589 2383 dignitate
1625 2314 2051 2386 uniuscujusque

476 2401 709 2457 entiuin.
744 2401 917 2458 Nemo
945 2403 1091 2458 enim
1132 2419 1323 2460 eorum
1355 2407 1447 2477 qui
1484 2406 1754 2475 justitiam
1790 2424 1855 2464 ac
1884 2407 2056 2464 facul-

478 2501 646 2547 tatem
685 2492 966 2562 j‘udicandi
994 2496 1253 2567 populum
1283 2499 1506 2564 habent,
1550 2501 1622 2555 ita
1651 2500 1703 2554 in
1735 2516 1830 2557 sua
1884 2502 2055 2571 ipsius

390 2608 402 2617 -
478 2589 660 2641 animo
688 2588 916 2644 omnino
952 2589 1266 2659 imprimere
1298 2593 1504 2659 poterit
1535 2603 1589 2647 et
1616 2592 1864 2663 iustitiae,
1887 2604 1943 2651 et
1964 2595 2059 2663 ju-

474 2678 690 2735 dicandi
714 2679 918 2752 ﬁguras
941 2681 1106 2751 ipsas,
1123 2692 1180 2738 et
1217 2684 1458 2750 ideas,ut
1479 2686 1627 2740 nulla
1668 2687 1719 2740 in
1752 2701 1813 2742 re
1830 2688 2057 2743 sitinte-

478 2770 593 2825 rior
613 2784 674 2825 ea
698 2785 819 2840 quae
833 2786 900 2827 ex
924 2787 986 2828 se
1001 2784 1083 2827 est
1098 2774 1339 2843 justitia,
1362 2784 1416 2830 et
1434 2789 1500 2831 eo
1520 2780 1662 2846 quod
1681 2792 1747 2834 ex
1766 2793 1825 2834 se
1848 2781 2056 2847 est,th-

478 2861 623 2923 dicio
638 2878 652 2915 :
667 2864 1123 2932 quemadmodum
1142 2882 1317 2936 neque
1332 2869 1423 2938 qui
1442 2869 1616 2939 pingit
1629 2870 1941 2942 imaginem,
1960 2888 2057 2942 po-

479 2958 553 3011 tis
571 2955 675 3010 erit
692 2955 902 3024 pictura
919 2956 1228 3027 exprimere
1250 2974 1444 3015 omnes
1467 2961 1544 3016 rei
1564 2962 1791 3031 depicta!
1811 2966 2057 3032 proprie-

479 3059 640 3106 tates.
673 3049 971 3119 Propterea
996 3050 1256 3106 Davidem
1275 3052 1480 3107 dixisse
1497 3068 1625 3109 reor
1639 3054 1684 3086 ⁸⁷
1712 3073 1754 3109 ει
1774 3054 1890 3109 Non
1903 3054 2058 3123 justi-

476 3141 795 3198 licabiturin
810 3152 1105 3212 conspectu
1127 3153 1217 3198 tuo
1226 3144 1406 3200 omnis
1423 3146 1635 3212 vivens;
1649 3162 1785 3201 mon
1799 3148 1944 3202 enim
1962 3163 2057 3218 ge-

476 3237 708 3291 neratim
729 3234 835 3306 57
865 3236 1023 3304 dixit,
1053 3238 1230 3294 omnis
1250 3238 1433 3305 homo,
1464 3239 1580 3295 sive
1610 3241 1789 3295 omnis
1811 3241 2054 3309 angelus,

475 3333 574 3386 sed
606 3347 627 3383 ι
657 3333 837 3388 omnis
884 3332 1094 3397 vivens,
1132 3349 1153 3384 ι
1188 3332 1448 3400 quoniam
1487 3334 1652 3388 etiam
1687 3334 1732 3389 si
1768 3334 1894 3388 vitae
1936 3335 2062 3404 quis

476 3423 552 3476 sit
595 3422 894 3491 particeps,
938 3432 996 3479 et
1025 3423 1411 3478 mortalitatem
1456 3439 1683 3493 prorsus
1727 3426 2057 3489 excusserit,

477 3515 560 3570 sic
600 3529 779 3586 neque
824 3515 900 3571 tui
924 3517 1342 3586 comparatione
1367 3515 1901 3587 justificaripoterit,
1938 3532 2062 3587 per-

478 3612 605 3667 inde
628 3623 793 3681 atque
839 3612 973 3667 vita.
1003 3610 1188 3682 Neque
1223 3612 1341 3667 ﬁeri
1373 3623 1552 3683 potest
1583 3622 1641 3666 ut
1670 3612 1761 3682 qui
1792 3612 2062 3682 particeps

477 3715 565 3758 est
596 3703 741 3767 vitae,
767 3710 825 3759 et
850 3703 923 3757 ob
967 3702 1067 3757 hoc
1103 3703 1296 3759 vivens
1323 3705 1656 3771 nominatur,
1690 3703 1806 3773 ipse
1828 3704 1899 3758 sit
1928 3704 2063 3769 vita,

480 3807 584 3848 nec
606 3794 700 3862 qui
730 3807 952 3864 compos
980 3804 1066 3848 est
1086 3792 1335 3861 iustitiae,
1369 3803 1426 3850 et
1467 3795 1674 3850 ideirco
1713 3795 1894 3864 justus
1925 3795 2064 3849 dici-

482 3895 608 3948 tur,
636 3884 864 3940 omuiuo
893 3886 997 3955 ipsi
1042 3884 1271 3952 iustitia:
1304 3886 1630 3956 aequiparari
1673 3890 1893 3956 poterit.
1941 3883 2063 3940 lam

479 3990 612 4033 vero
643 3977 1099 4046 quemadmodum
1127 3980 1195 4032 ad
1231 3977 1324 4033 Dei
1356 3978 1676 4035 Sermonem
1707 3977 1945 4049 pertinet
1972 3982 2067 4048 ju-

2156 1937 2540 2008 μαθητεύεται.
2594 1941 2794 2014 Διόπερ
2824 1945 2853 1996 6
2898 1944 3166 2016 Ἱερεμίας
3218 1947 3352 2018 φησί
3380 1965 3393 1977 ·
3453 1966 3473 2000 ι
3511 1949 3739 2021 Πνεῦμα

2154 2028 2450 2102 προσώπου
2500 2032 2656 2103 ήμῶν
2702 2032 2936 2105 Χριστὸς
2983 2035 3206 2107 Κύριος,
3252 2037 3313 2097 οὗ
3349 2044 3601 2115 εἴπομεν·
3640 2043 3731 2097 Ἐν

2153 2126 2219 2195 τῇ
2263 2127 2391 2197 σκιᾷ
2423 2126 2588 2179 αὑτοῦ
2622 2128 2900 2199 ζηώμεθα
2924 2131 2983 2184 ἐν
3014 2133 3128 2196 τοῖς
3154 2131 3384 2187 ἔθνεσιν.
3422 2153 3442 2185 ι
3480 2127 3649 2198 Οὗτος
3677 2135 3736 2188 δὲ

2155 2221 2183 2272 6
2203 2218 2374 2287 Λόγος
2402 2217 2513 2289 (97)
2539 2218 2632 2271 τοῦ
2654 2219 2812 2284 Θεοῦ,
2834 2220 2863 2270 6
2886 2220 3080 2286 Πιστὸς
3103 2224 3457 2296 καλούμενος.
3483 2227 3577 2280 καὶ
3606 2227 3739 2297 ἀλη-

2156 2309 2301 2373 θινὸς
2327 2311 2600 2375 καλεῖται,
2655 2313 2750 2365 καὶ
2798 2314 2856 2367 ὲν
2887 2312 3200 2389 δικαιοσύνῃ
3231 2318 3406 2387 κρίνει
3453 2320 3548 2371 καὶ
3582 2319 3741 2371 πολε-

2158 2405 2252 2474 μεῖ
2270 2442 2285 2468 ,
2311 2405 2377 2475 τῇ
2404 2403 2847 2476 αύτοδικαιοσύνῃ
2873 2407 2967 2459 καὶ
2997 2407 3309 2480 αύτοκρίσει
3341 2409 3403 2461 τὸ
3436 2410 3555 2463 κατ’
3583 2409 3740 2475 ἀξίαν

2156 2501 2386 2555 ἑκάστου
2440 2499 2550 2554 τῶν
2605 2500 2777 2554 όντων
2829 2499 3125 2571 ἀπονέμειν
3164 2501 3272 2554 ἀπὸ
3298 2499 3435 2554 Θεοῦ
3477 2501 3741 2557 δύνασθαι

2156 2591 2336 2647 λαϐὼν
2364 2593 2458 2647 καὶ
2491 2591 2700 2664 κρίνειν
2724 2609 2735 2620 ο
2777 2593 2953 2656 οὐδεὶς
2982 2592 3093 2663 γὰρ
3139 2590 3251 2644 τῶν
3290 2592 3629 2663 μετεχόντων
3662 2591 3741 2645 δι-

2156 2683 2450 2756 καιοσύνης
2472 2725 2487 2750 ,
2522 2685 2615 2739 καὶ
2643 2684 2744 2755 τῆς
2766 2680 2860 2739 τοῦ
2889 2684 3096 2755 κρίνειν
3122 2682 3251 2737 λαὸν
3271 2683 3573 2754 δυνάμεως,
3597 2683 3741 2736 οὓτω

2158 2778 2334 2847 πάντη
2388 2775 2834 2848 ἑναπομάξασθαι
2884 2773 3077 2828 ἑαυτοῦ
3131 2775 3196 2846 τῇ
3252 2773 3398 2844 ψυχῇ
3453 2773 3741 2845 δυνήσεται

2154 2868 2281 2931 τοὺς
2309 2867 2408 2937 τῆς
2434 2866 2785 2938 δικαιοσύνης
2806 2865 3033 2929 τύπους.
3066 2865 3161 2918 καί
3203 2864 3296 2918 τοῦ
3327 2863 3533 2936 κρίνειν
3553 2903 3568 2928 ,
3597 2863 3741 2918 ὥστε

2156 2961 2214 3015 ὲν
2238 2961 2430 3033 μηδενὶ
2456 2960 2675 3014 ἀποδεῖν
2695 2958 2793 3030 τῆς
2816 2957 3299 3028 αύτοδικαιοσύνης
3326 2957 3421 3010 καὶ
3451 2955 3552 3027 τῆς
3576 2958 3740 3010 αὐτο·

2156 3053 2393 3125 κρίσεως
2418 3069 2431 3084 ·
2459 3052 2534 3115 ὡς
2557 3051 2678 3105 οὐδὲ
2709 3052 2737 3104 ὁ
2770 3050 2998 3122 γράφων
3029 3048 3212 3103 εἰκόνα
3245 3044 3357 3112 οἷός
3383 3065 3442 3100 τε
3468 3046 3619 3100 ἔσται
3645 3063 3743 3116 με-

2156 3143 2407 3197 ταδοῦναι
2434 3143 2652 3197 πάντων
2691 3140 2798 3196 τῶν
2830 3141 2925 3195 τοῦ
2957 3140 3305 3213 γραφομένου
3333 3140 3635 3210 ἰδιωμάτων
3665 3141 3734 3210 τῇ

2084 3204 2127 3261 C
2161 3237 2369 3306 γραφῇ.
2404 3235 2504 3289 Διά
2530 3232 2689 3288 τοῦτο
2721 3233 2778 3287 δὲ
2808 3204 3053 3305 ἠγοῦμαι
3212 3230 3374 3285 Δαυῖδ
3418 3204 3600 3300 λέγειν
3636 3204 3740 3284 τόἶ

2169 3349 2186 3379 ι
2217 3328 2291 3383 Ού
2319 3326 2737 3397 δικαιωθήσεται
2770 3324 2999 3379 ἐνώπιόν
3025 3341 3117 3378 σου
3143 3326 3250 3388 πᾶς
3275 3322 3384 3388 ζῶν
3403 3339 3417 3354 ο
3445 3343 3463 3375 ι
3534 3323 3595 3376 ού
3635 3323 3745 3395 γάρ

2162 3420 2497 3488 ἁπαξαπλῶς
2522 3415 2642 3473 εἰπε
2672 3421 2778 3483 πᾶς
2798 3417 3106 3490 ἄνθρωπος,
3136 3417 3169 3489 ἢ
3193 3401 3304 3481 πᾶς
3330 3416 3580 3487 ἄγγελος,
3608 3416 3745 3471 ἀλλά

2170 3533 2189 3565 ι
2218 3517 2325 3579 πᾶς
2342 3514 2469 3579 ζῶν·
2494 3535 2513 3567 ι
2539 3516 2644 3579 δτι,
2672 3514 2776 3568 κᾶν
2804 3513 2903 3584 τῆς
2927 3512 3070 3585 ζωῆς
3092 3530 3173 3576 τις
3205 3513 3428 3586 μετέχῃ,
3448 3514 3540 3567 καὶ
3566 3515 3743 3585 πάντη

2163 3607 2261 3679 τὴν
2308 3607 2609 3679 νεκρότητα
2641 3606 3023 3677 ἀποσείσηται,
3055 3604 3164 3658 οὐδ’
3194 3604 3368 3669 οὕτως
3412 3606 3487 3668 ὡς
3521 3605 3658 3676 πρδς
3683 3606 3745 3660 σὲ

2163 3699 2516 3771 δικαιωθῆναι
2566 3699 2855 3771 δυνήσεται
2889 3697 3289 3769 παραπλησίως
3330 3700 3398 3768 τῇ
3448 3696 3581 3768 ζωῇ·
3624 3697 3748 3750 οὐδὲ

2164 3789 2386 3848 δυνατὸν
2406 3792 2497 3846 τὸν
2528 3790 2823 3861 μετέχοντα
2846 3789 2948 3860 τῆς
2971 3788 3136 3859 ζωῆς,
3163 3790 3258 3843 καὶ
3276 3788 3362 3842 διά
3383 3788 3540 3843 τοῦτο
3566 3788 3747 3854 ζῶντα

2166 3885 2591 3957 χρηματίζοντα,
2636 3880 2798 3937 αὑτὸν
2846 3880 3098 3950 γενέσθαι
3130 3879 3295 3952 ζωὴν,
3327 3880 3423 3934 καὶ
3461 3879 3553 3933 τὸν
3592 3879 3750 3951 μετέ-

2165 3997 2329 4051 χοντα
2356 3978 2724 4049 δικαιοσύνης,
2758 3976 2852 4030 καὶ
2877 3975 2966 4030 διὰ
2986 3973 3147 4028 τοῦτο
3177 3974 3384 4028 δίκαιον
3406 3972 3518 4044 (98)
3549 3970 3747 4026 καλού-

482 4069 668 4124 dicaro
688 4071 742 4123 in
764 4068 975 4138 justitia
1005 4068 1072 4135 ³⁸,
1099 4069 1171 4123 ita
1200 4072 1365 4125 etiam
1396 4071 1464 4126 ad
1488 4071 1662 4140 ipsum
1691 4069 1929 4140 pertinet
1951 4068 2055 4124 bel-

2171 4087 2331 4142 μενον
2363 4067 2689 4138 ἐξισωθῆναι
2733 4068 2911 4136 πάντη
2951 4069 3019 4136 τῇ
3067 4064 3402 4135 δικαιοσύνῃ.
3450 4064 3650 4132 Ἔργον
3689 4061 3748 4115 δὲ

481 4161 597 4218 lum
627 4177 819 4233 gerere
850 4162 907 4217 in
953 4161 1169 4231 justitia
1198 4178 1214 4214 :
1248 4171 1307 4217 ut
1336 4177 1403 4218 ex
1444 4177 1510 4218 eo
1552 4164 1695 4231 quod
1732 4164 1933 4218 dicitur
1969 4176 2055 4233 op-

2166 4161 2260 4215 τοῦ
2307 4159 2481 4227 Λόγου
2513 4158 2609 4213 τοῦ
2647 4157 2780 4211 Θεοῦ
2823 4156 2934 4226 (99)
2963 4156 3152 4227 ὥσπερ
3188 4155 3393 4228 κρίνειν
3442 4157 3499 4208 ὲν
3540 4154 3749 4208 δικαιο-

480 4270 727 4328 pugnare
754 4256 897 4311 hunc
938 4258 994 4311 in
1044 4258 1294 4323 modum,
1320 4257 1420 4327 ipsi
1448 4254 1720 4325 Sermoni,
1750 4267 1807 4313 et
1838 4257 2055 4328 iustitia

2171 4250 2327 4322 σύνῃ,
2363 4248 2508 4303 οὕτω
2540 4248 2634 4302 καὶ
2679 4246 2939 4318 πολεμεῖν
2976 4248 3034 4299 ὲν
3065 4245 3402 4319 δικαιοσύνῃ,
3439 4245 3530 4310 ἵν’,
3557 4248 3622 4299 ὲκ
3651 4242 3748 4298 τοῦ

483 4350 759 4414 inimicos,
809 4349 1038 4404 sublatis
1076 4349 1163 4405 his
1194 4350 1286 4420 qui
1320 4366 1350 4404 a
1376 4352 1589 4405 ratione
1619 4360 1747 4406 sunt
1793 4351 1981 4414 alieni,
2012 4359 2055 4403 el

2166 4344 2294 4406 τοὺς
2326 4339 2554 4411 ἐχθροὺς
2589 4337 2734 4408 λόγῳ
2778 4338 2872 4391 και)⁸
2917 4335 3232 4410 δικαιοσύνῃ
3276 4336 3421 4390 οὕτω
3463 4335 3746 4406 πολεμεῖν,

483 4442 756 4512 iniustitia
793 4443 1030 4508 sublata,
1066 4443 1335 4500 inhabitet
1375 4455 1431 4499 et
1451 4443 1753 4514 justiﬁeet;
1791 4441 2055 4513 expellens

2170 4432 2579 4505 ἀναιρουμένων
2600 4429 2709 4483 τῶν
2738 4429 2944 4497 ἀλόγων
2971 4428 3184 4499 καὶτῆς
3208 4427 3445 4491 ἀδικίας,
3471 4425 3748 4495 λέγεσθαι,

484 4534 761 4589 contraria
793 4535 862 4588 ab
886 4536 1068 4589 anima
1116 4536 1261 4591 illius
1301 4537 1394 4606 qui
1447 4537 1640 4591 salutis
1682 4548 1868 4600 causa,
1900 4545 1960 4588 ut
1988 4536 2055 4587 ita

2170 4524 2429 4594 ἐνοικήσῃ
2474 4522 2568 4576 καὶ
2616 4517 2903 4591 δικαιώσῃ,
2946 4516 3226 4571 ἐκϐάλλων
3271 4516 3340 4570 τὰ
3388 4516 3609 4570 ἐναντία
3651 4516 3751 4586 τῆς

486 4627 689 4695 dicam,
726 4627 974 4695 captivus
1005 4626 1181 4684 factus
1202 4638 1290 4683 est
1314 4642 1346 4682 a
1385 4627 1628 4683 Christo.
1676 4623 1785 4681 Sed
1815 4625 2055 4694 apertius

2171 4617 2352 4690 ψυχῆς
2380 4615 2497 4681 τοῦ,
2533 4615 2601 4668 ἶν’
2646 4613 2820 4678 οὕτως
2848 4612 3009 4674 εἴπω,
3050 4612 3145 4664 ἐπὶ
3181 4609 3427 4681 σωτηρίᾳ
3466 4606 3749 4706 αἰχμαλωζ

483 4734 715 4778 cernere
746 4737 1034 4790 possumus
1057 4723 1161 4778 hoc
1187 4721 1468 4778 Sermonis
1497 4719 1695 4775 bellum
1732 4720 1875 4788 quod
1904 4718 2055 4789 gerit,

2171 4709 2447 4773 τισθέντος
2469 4708 2574 4763 ὑπὸ
2601 4704 2859 4779 Χριστοῦ.
2906 4704 3028 4756 Ἔτι
3066 4701 3123 4755 δὲ
3158 4700 3357 4773 μᾶλλόν
3388 4701 3502 4753 ἐστι
3534 4698 3627 4753 τὸν
3653 4698 3750 4751 τοῦ

485 4814 704 4883 quando
734 4814 850 4883 ipse
879 4813 1097 4883 quidem
1128 4812 1372 4885 fungitur
1401 4812 1673 4882 legatione
1694 4825 1791 4879 pro
1812 4813 2055 4875 veritate,

2173 4804 2348 4872 Λόγου
2393 4800 2628 4871 πόλεμον
2677 4800 2823 4864 ἰδεῖν,
2855 4796 2914 4850 δν
2957 4797 3203 4867 πολεμεῖ,
3260 4794 3399 4849 ὲπάν
3440 4792 3604 4855 αὐτὸς
3640 4791 3753 4898 τμὲν

489 4906 628 4959 alter
655 4906 953 4975 vero,“
975 4921 1089 4960 non
1126 4916 1219 4960 est.
1259 4903 1481 4970 Semo,
1519 4906 1616 4961 sed
1650 4902 1806 4973 ﬁngit
1839 4918 1899 4958 se
1946 4916 2055 4956 esse

2176 4893 2455 4969 πρεσϐεύῃ
2500 4893 2631 4963 περὶ
2663 4890 2941 4962 ἀληθείας,
2993 4891 3024 4942 6
3060 4890 3111 4944 ’δ’
3145 4885 3571 4959 ὑποκρινόμενος
3614 4885 3752 4937 εἶναι

489 4996 849 5064 Sermonem;
879 5000 1119 5065 itemque
1157 4998 1413 5052 simulata
1442 4998 1663 5061 veritas,
1695 5012 1815 5065 qua!
1854 5012 1959 5050 non
1987 5008 2055 5051 εει

2177 4988 2369 5055 Λόγος,
2394 4986 2456 5038 οὺ
2487 4984 2659 5053 Λόγος
2691 4981 2787 5045 ὢν,
2823 4982 2971 5053 καὶὴ
3010 4981 3205 5052 ἑαυτὴν
3233 4978 3651 5051 ἀναγορεύσασα
3674 4976 3751 5047 (ι)

488 5089 713 5154 veritas,
745 5091 838 5142 sed
867 5090 1232 5155 mendacium,
1265 5091 1523 5159 pra-dicat
1546 5103 1604 5142 se
1624 5102 1746 5143 esse
1780 5089 1950 5157 ipsam
1978 5100 2055 5140 ve-

2177 5079 2457 5152 ἀλήθειαν,
2505 5079 2606 5131 ούκ
2654 5076 2885 5149 ἀλήθεια
2938 5076 3302 5147 τυγχάνουσα,
3355 5071 3491 5126 ἀλλά
3535 5068 3753 5159 ψεῦδος,

488 5183 731 5237 ritatem.
763 5180 919 5238 Tunc
944 5183 1089 5237 enim
1128 5191 1371 5236 armatus
1402 5180 1597 5236 Sermo
1627 5189 1814 5235 contra
1845 5181 2055 5235 menda-

2178 5172 2363 5243 φάσκῃ
2403 5166 2541 5225 εἶναι
2579 5170 2778 5242 ἑαυτὴν
2814 5169 2914 5239 τὴν
2958 5167 3238 5239 ἀλήθειαν.
3274 5165 3408 5218 Τότε
3449 5162 3560 5235 γὰρ
3614 5156 3753 5215 καθ-

562 5277 610 5309 ”
635 5277 790 5330 Deut.
814 5291 986 5340 xxxu,
1022 5273 1077 5327 4.
1168 5272 1215 5302 ⁸⁵
1252 5272 1457 5328 Thren.
1488 5288 1560 5337 tv,
1581 5272 1675 5327 20.
1750 5273 1794 5305 ⁸⁷
1823 5271 1963 5326 Psal.
1993 5286 2055 5325 cx

2157 5269 2239 5324 γε.
2314 5266 2361 5298 ⁸⁸
2384 5267 2553 5335 Apoc.
2581 5279 2698 5327 xu,
2732 5263 2817 5317 ll.

563 5370 674 5442 (94)
710 5369 779 5442 _'_0
816 5368 914 5442 έπί
955 5365 1062 5420 τοῦ
1092 5364 1316 5418 λευκοῦ
1360 5365 1569 5418 ἵππου.
1618 5362 1743 5419 Haec
1784 5364 1979 5419 desunt
2018 5364 2050 5415 in

2180 5360 2423 5420 leianus;
2461 5353 2792 5408 Barberinus
2822 5359 3001 5404 autem
3038 5362 3094 5405 et
3115 5349 3339 5422 Regius,
3383 5345 3548 5401 αὑτοῦ
3581 5344 3645 5399 τὸ
3673 5343 3756 5400 δί-

492 5439 681 5495 εοιιὶιτε
710 5439 1029 5493 Bodleiano.
2176 5445 2349 5484 καιον.

710 5484 1253 5564 ’δοθίἷίῖοᾶὶεὶοιιιιε
1282 5513 1337 5559 et
1380 5503 1732 5572 Barberinus,
1771 5507 1800 5559 6
1838 5503 1949 5577 γὰρ
1977 5503 2055 5555 ἐπ’

2184 5571 2214 5579 Α
2250 5499 2363 5579 (ait)
2387 5494 2603 5579 Eodex.
2630 5491 2978 5579 Bodlei'anus,
3008 5490 3211 5579 ζίἓργον
3243 5489 3300 5543 δὲ
3335 5486 3433 5579 τοῦ
3450 5486 3631 5579 Λόγου
3651 5484 3755 5579 δοῦ

708 5578 992 5653 τοιοῦτοςζ
1070 5648 1081 5653 _
1167 5648 1179 5653 _
1445 5648 1457 5653 _
1522 5649 1533 5653 _
1917 5558 1930 5577 ’
1954 5645 1985 5653 __
2020 5645 2030 5653 .

2178 5558 2314 5624 Θεοῦ
2332 5558 2746 5653 ’Ἀδεινιιει-Σιιιιεκ
2772 5563 2973 5653 Ἔργον
3004 5561 3061 5615 δὲ
3085 5558 3249 5616 ’τοῦτο
3270 5559 3364 5614 τοῦ
3398 5558 3573 5625 Λόγου
3593 5573 3607 5589 ⁸
3650 5559 3755 5612 lle-

567 5631 681 5722 (99)
722 5631 1321 5715 έοιίιξα’Βειτί)οι·ἰηιιε,
1371 5648 1738 5720 καλούμενος,
1787 5656 1845 5700 nt
1903 5645 2055 5699 editit

2180 5645 2327 5723 ιςῆηξἱ
2352 5637 2552 5723 Ἔργον
2579 5633 2636 5717 δὲ
2660 5631 2858 5723 τοῦτοτί
2876 5631 3069 5700 Λόγου.
3096 5705 3108 5723 '
3347 5700 3403 5723 Ω,

2255 5698 2332 5781 (l)
2364 5698 2480 5781 Κὰί
2568 5702 2795 5781 ἑαυτὴν
2823 5698 3304 5781 ἀναγορεύσασα.
3347 5700 3441 5781 Sic
3469 5709 3621 5781 recte
3656 5698 3755 5781 lia:

2181 5767 2273 5834 bet
2302 5767 2472 5833 codex
2504 5767 2856 5836 liodleianns;
2894 5767 3033 5829 male
3060 5786 3238 5830 autem
3275 5772 3442 5827 codex
3469 5767 3692 5838 Regius,
3718 5768 3757 5838 ἡ

2180 5848 2375 5905 ἑαυτοῦ
2407 5845 2505 5922 τὴν
2534 5842 2964 5921 ἀναγορεύσασα.

497 5721 696 5861 “uigili.
726 5791 956 5861 ιθεοδηι
987 5789 1297 5849 Ῡῡνΐπῖιις.
1327 5790 1502 5853 οὕτως
1530 5789 1587 5843 δὲ
1624 5792 1652 5843 ὁ
1681 5789 1871 5855 Λόγος.

574 5853 685 5936 ιυδ)
718 5853 830 5917 Διᾶ
864 5860 1042 5917 τοῦτο
1102 5861 1357 5917 δίκαιον.
1407 5862 1498 5917 Sic
1540 5862 1702 5917 habet
1733 5853 1899 5915 codex
1932 5853 2072 5911 Bod-
