4174 6410
430 348 528 406 iii

1534 344 1892 400 COMMENT.
1934 344 2000 399 IN
2038 344 2232 400 JOAN.
2274 341 2508 400 TOMUS
2545 343 2610 398 ll.

3587 349 3692 405 12'!

426 465 795 536 οπλισάμενος
819 463 848 516 6
883 461 1069 530 Λόγος·
1111 459 1252 514 κατᾶ
1284 457 1377 512 τοῦ
1403 458 1630 528 ψεύδους
1665 460 1853 514 ἀναλοῖ
1879 461 1994 515 αὐτὶ

2115 461 2280 526 cium,
2308 460 2437 514 illud
2463 457 2726 514 interﬁcit
2753 459 2950 528 spiritu
2985 461 3098 514 oris
3129 459 3234 528 sui,
3258 469 3312 516 et
3335 463 3564 518 destruit
3596 483 3692 537 ap-

425 559 506 629 τῷ
555 557 826 626 πνεύματι
858 553 953 608 τοῦ
983 553 1251 623 πόματος
1301 550 1489 611 αὐτοῦ.
1519 552 1612 604 καὶ
1645 557 1912 623 καταργεῖ
1942 556 2008 626 τῇ

425 651 719 722 ἐπιφανείᾳ
753 649 853 719 τῆς
886 647 1186 719 παρουσίας
1219 646 1406 700 αὐτοῦ.
1439 644 1547 699 Καὶ
1572 647 1674 716 ὃρα
1704 648 1752 699 εἰ
1790 647 2012 702 δύναται

426 745 570 800 κατὰ
622 743 682 795 τὺ
721 739 913 812 νοητὸν
954 739 1127 793 ταῦτα
1176 738 1281 792 ὑπὸ
1329 739 1422 791 τοῦ
1475 739 1798 791 ’Λποστόλου
1847 741 1904 792 ἐν
1943 743 2009 812 τῇ

425 837 567 908 πρὸς
594 829 1006 898 Θεσσαλονικεῖς
1059 831 1424 902 παρίστασθαι
1465 831 1774 902 Ἐπιστολῇ.
1811 831 1876 884 Τί
1901 834 2010 904 γάρ

425 928 544 980 ἐστι
579 925 638 979 τὸ
670 923 1039 994 ἀναλούμενον
1058 922 1136 993 τῷ
1165 920 1434 991 πνεύματι
1458 920 1552 974 τοῦ
1581 922 1848 992 στόματος
1872 920 2008 992 Χρι-

423 1018 589 1083 στοῦ,
639 1015 877 1088 Χριστοῦ
939 1015 1304 1084 τυγχάνοντος
1361 1011 1538 1080 Λόγου
1606 1014 1701 1065 καὶ
1738 1011 2011 1082 -ἀληθείσς

421 1111 518 1164 καὶ
553 1109 765 1178 σοφίας,
798 1107 830 1178 ἢ
863 1106 927 1159 τὸ
963 1106 1191 1176 ψεῦδοςς
1230 1105 1341 1158 Καὶ⁹
1378 1105 1432 1156 τί
1466 1103 1528 1156 τὸ
1563 1104 2009 1174 καταργούμενον

419 1203 486 1268 τῇ
539 1198 830 1268 ἐπιφανείᾳ
883 1197 982 1266 τῆς
1035 1195 1337 1266 παρουσίας
1377 1193 1634 1266 Χριστοῦ,
1691 1194 1882 1264 σοφίας
1916 1195 2008 1248 καὶ

421 1289 600 1356 Λόγου
646 1283 1026 1356 νοουμένου,ἥ
1079 1285 1187 1337 πᾶν
1234 1283 1296 1336 τὸ
1351 1282 1821 1353 ἐπαγγελλόμενον
1865 1279 2006 1336 εἶναι

421 1380 608 1448 σοφία,
671 1377 940 1448 τυγχάνον
992 1376 1049 1430 δὲ
1104 1375 1162 1429 ἓν
1219 1374 1446 1439 τούτων,
1487 1370 1562 1430 ῶν
1595 1375 1782 1440 όΘεὸς
1833 1375 2005 1447 δράσ-

421 1487 574 1523 σεται
604 1469 732 1532 τοὺς
771 1469 844 1540 μὴ
870 1468 1030 1531 δντας
1061 1469 1127 1538 τῇ
1158 1466 1386 1537 ἀληθινῇ
1418 1467 1581 1537 σοφίᾳ
1614 1469 1810 1535 σοφοὺς
1837 1466 1915 1536 (2)
1947 1469 2005 1518 ἐν

414 1566 482 1634 τῇ
539 1562 846 1634 πανουργίᾳ
894 1559 1108 1626 αὑτῶν;
1147 1561 1268 1612 Ὅτι
1315 1561 1344 1612 6
1389 1560 1644 1631 Ἰωάννης
1687 1559 2006 1630 θαυμασιώ-

413 1673 554 1709 τατα
607 1656 665 1707 ἐν
713 1656 824 1717 τοῖς
865 1653 994 1723 περὶ
1038 1651 1133 1704 τοῦ
1173 1651 1468 1722 ὀχουμένου
1511 1649 1588 1721 τῷ
1627 1650 1807 1721 λευκῷ
1850 1652 2002 1722 ἵππῳ

414 1745 592 1813 Λόγου
625 1744 758 1814 φησὶ
785 1743 879 1797 καὶ
906 1743 983 1796 τό·
1025 1760 1044 1792 ι
1084 1743 1146 1796 Οἱ
1175 1741 1441 1810 ὀφθαλμοὶ
1476 1741 1532 1794 δὲ
1574 1739 1736 1794 αὐτοῦ
1768 1741 1844 1804 ὡς
1871 1741 2002 1810 φλὸξ

2114 555 2386 624 paritione
2424 553 2729 622 praesentia:
2769 568 2880 608 sua:
2904 554 2970 607 ⁸³.
3004 555 3071 608 Et
3097 555 3220 610 vide
3254 571 3320 609 an
3353 557 3467 611 lucc
3496 575 3694 612 secun-

2116 647 2240 698 dum
2269 643 2570 712 Spiritalem
2598 659 2820 698 sensum
2848 645 3180 699 subinnuere
3211 646 3448 702 voluerit
3467 651 3695 714 Aposto-

2113 735 2198 792 lus
2221 737 2273 790 in
2305 736 2546 802 Epistola
2589 737 2656 790 ad
2684 737 3224 796 'l‘bessalonicenses.
3273 737 3411 805 Quid
3441 743 3583 796 enim
3608 756 3694 799 est

2113 831 2256 898 quod
2284 829 2478 898 spiritu
2505 830 2621 884 oris
2645 828 2857 884 Christi
2884 830 3236 896 interﬁcitur,
3276 849 3398 888 cum
3440 835 3692 890 Christus

2112 919 2183 973 sit
2231 919 2447 983 Sermo,
2480 921 2684 975 veritas
2707 930 2762 974 et
2795 921 3094 990 sapientia,
3153 925 3254 979 nisi
3305 927 3693 982 mendacium?

2111 1013 2176 1067 Et
2201 1013 2329 1081 quid
2359 1022 2440 1066 est
2476 1013 2604 1066 illttd
2645 1015 2790 1083 quod
2818 1017 3124 1069 destruitur
3169 1019 3508 1085 apparitione
3547 1035 3690 1088 prte-
3799 1089 3805 1092 _

2112 1107 2300 1160 sentiae
2320 1105 2547 1170 ChriSti,
2571 1107 2662 1175 qui
2686 1106 2954 1176 sapientia
2973 1118 3027 1162 et
3045 1108 3236 1163 Sermo
3254 1111 3686 1172 considerantur,

2111 1200 2220 1254 nisi
2258 1199 2315 1255 id
2339 1215 2502 1254 omne
2537 1204 2680 1268 quod
2707 1201 3004 1270 proﬁtetur
3054 1215 3115 1255 se
3165 1215 3285 1255 esse
3339 1203 3688 1269 sapientiam,

2109 1307 2273 1344 unum
2323 1305 2454 1346 vero
2479 1302 2566 1346 est
2595 1305 2661 1344 ex
2697 1291 2827 1357 illis,
2864 1293 3063 1361 quibus
3123 1291 3539 1361 comprehendit
3593 1309 3690 1349 eos

2109 1381 2201 1450 qui
2257 1397 2365 1436 non
2409 1391 2535 1436 sunt
2580 1385 2858 1450 sapientes
2889 1397 3023 1436 vera
3057 1383 3353 1452 sapientia,
3389 1383 3442 1437 in
3471 1384 3692 1438 vafritie

2108 1472 2392 1540 ipsorum?
2422 1472 2606 1539 Quare
2638 1473 2776 1527 inire
2805 1487 2868 1526 ac
2885 1488 3050 1541 supra
3078 1473 3292 1527 modum
3327 1474 3394 1528 de
3421 1473 3688 1527 Sermone

2109 1564 2382 1619 disserens
2407 1564 2667 1628 Joannes,
2710 1565 2803 1633 qui
2836 1579 2980 1634 equo
3008 1565 3132 1619 albo
3154 1566 3474 1626 vehebatur,
3512 1566 3689 1633 inquit

2107 1655 2271 1709 etiam
2291 1656 2454 1712 illud:
2475 1657 2654 1712 «Oculi
2676 1668 2854 1712 autem
2873 1658 2990 1727 ejus
3010 1659 3160 1714 velut
3187 1658 3402 1712 ﬂamma
3427 1659 3567 1730 ignis
3580 1660 3646 1712 '°.
3661 1679 3682 1712 ι

2109 1743 2180 1798 Ut
2213 1745 2358 1797 enim
2393 1744 2610 1801 ﬂamma
2645 1748 2816 1813 clara,
2851 1750 3060 1817 pariter
3099 1758 3154 1804 et
3184 1750 3386 1814 lucida,
3409 1751 3522 1820 jam
3557 1765 3687 1805 vero

414 1836 610 1908 πυρός.
648 1855 668 1888 ι
713 1836 802 1898 Ὠς
830 1833 938 1904 γὰρ
963 1835 996 1903 ή
1038 1831 1169 1902 φλὸξ
1196 1833 1366 1904 πυρὸς
1395 1833 1456 1885 τὸ
1478 1831 1727 1903 λαμπρὸν
1756 1832 1875 1902 ἅμα
1905 1835 1994 1886 καὶ

2102 1835 2264 1888 etiam
2300 1837 2457 1908 ignea
2503 1848 2590 1894 est
2638 1849 2692 1894 et
2735 1842 3111 1910 consumptrix
3159 1842 3560 1906 materialium,
3607 1842 3688 1898 sic

413 1927 768 1998 φωτιστικδν,
808 1925 890 1979 ἑτι
925 1925 982 1978 δὲ
1021 1926 1117 1978 καὶ
1159 1924 1407 1996 πυρῶδες
1437 1923 1572 1995 ἔχει,
1609 1925 1704 1977 καὶ
1733 1923 1996 1978 ἀναλωτι-

413 2020 512 2074 κδν
559 2019 669 2072 τῶν
730 2017 1113 2088 ὑλικωτέρων·
1161 2015 1334 2079 οὕτως
1385 2017 1456 2081 οί,
1499 2016 1565 2068 ἵν’
1607 2014 1781 2080 οῦτως
1833 2019 1993 2082 εἴπω,

409 2111 680 2181 ὀφθαλμοὶ
701 2110 795 2163 τοῦ
822 2109 996 2178 Λόγου
1024 2103 1106 2172 οἷς
1157 2108 1364 2179 βλέπει,
1415 2109 1509 2162 καὶ
1543 2110 1650 2172 πᾶς
1679 2109 1708 2160 ὁ
1753 2110 1997 2180 μετέχων

410 2202 574 2256 αὑτοῦ
596 2243 612 2266 ,
657 2202 793 2272 πρὸς
820 2200 898 2271 τῷ
925 2199 1016 2254 διὰ
1050 2199 1176 2269 τῶν.
1201 2199 1624 2272 ἐνυπαρχουσῶν
1667 2200 1817 2271 αὐτῷ
1849 2203 1998 2255 ἀντι-

410 2291 784 2363 λαμϐάνεσθαι
814 2291 924 2344 τῶν
952 2290 1182 2362 νοητῶν,
1225 2290 1482 2344 ἀναλοῦσι
1532 2291 1625 2345 καὶ
1674 2291 1994 2360 ἀφανίζουσι

407 2384 477 2437 τὰ
507 2384 812 2454 ὑλικὼτερα
839 2383 932 2436 καὶ
959 2381 1245 2454 παχύτερα
1278 2381 1386 2435 τῶν
1422 2382 1740 2454 νοημάτωνο
1776 2384 1995 2438 πάντων

407 2477 465 2530 δὲ
523 2478 621 2548 τὴν
676 2477 964 2548 ίσχνότητα
1011 2477 1108 2529 καὶ
1172 2475 1479 2546 λεπτότητα
1536 2477 1845 2546 ἐκπέφευγε
1894 2479 1994 2548 τῆς

408 2568 665 2639 ἀληθείας
698 2569 768 2622 τὰ
817 2567 1171 2622 ὁπωσποτοῦν
1221 2567 1550 2639 ψευδόμενα.
1595 2568 1746 2623 Πάνυ
1793 2569 1852 2622 δὲ
1904 2586 1994 2623 τε-

404 2659 696 2729 ταγμένως
743 2657 882 2728 μετὰ
947 2657 1039 2710 τὸν
1080 2657 1155 2727 (5)
1223 2659 1280 2709 ἑν
1347 2657 1660 2729 δικαιοσύνῃ
1706 2659 1983 2730 κρίνοντα,

406 2753 501 2804 καὶ
569 2751 710 2804 κατὰ
765 2751 826 2805 τὸ
877 2753 935 2804 ἐν
989 2750 1307 2824 δικαιοσύνῃ
1363 2750 1569 2821 κρίνειν
1628 2750 1990 2821 πολεμοῦντα,

406 2845 532 2914 ἑξῆς
568 2844 626 2898 δὲ
669 2844 731 2897 τὸ
759 2844 834 2914 (4)
866 2844 1124 2915 πολεμεῖν
1177 2843 1512 2912 φωτίζοντα,
1561 2845 1888 2914 ἐπιφέρεται
1929 2845 1992 2898 τὸ

405 2937 500 2989 ἐπὶ
561 2935 660 3006 τὴν
715 2935 956 3007 κεφαλὴν
1014 2931 1155 2990 εἶναι
1207 2935 1372 2988 αὑτοῦ
1434 2934 1606 2988 πολλὰ
1659 2935 1987 3005 διαδήματα.

406 3029 470 3082 Ei
501 3028 600 3098 μὲν
628 3027 736 3098 γὰρ
758 3027 814 3080 ἓν
843 3023 912 3098 ἦν
933 3028 1026 3080 καλ⁵
1050 3027 1324 3097 μονοειδὲς
1349 3027 1411 3080 τὸ
1437 3026 1653 3096 ψεῦδος,
1678 3019 1872 3080 καθόῦ
1897 3028 1990 3082 τὸν

405 3121 673 3189 στέφανον
720 3119 1038 3190 ἡττωμένου
1093 3117 1397 3188 ἐλάμϐανεν
1453 3120 1481 3170 ό
1519 3119 1749 3188 νικήσας
1797 3118 1988 3181 πιστὸς

401 3212 499 3266 καὶ
530 3210 786 3282 ἀληθινὸς
820 3211 1015 3279 Λόγος,
1045 3211 1139 3264 καὶ
1167 3209 1224 3264 ἓν
1249 3209 1485 3281 διάδημα
1528 3209 1872 3280 περικεῖσθαι
1903 3210 1992 3262 εὑ·
2019 3194 2061 3250 C

400 3303 574 3372 λόγως
628 3302 1023 3373 άναγέγραπτο
1068 3304 1096 3355 6
1147 3303 1524 3374 ἐπικρατήσας
1575 3304 1685 3355 τῶν
1735 3301 1993 3356 ἐναντίων

400 3396 538 3450 Θεοῦ
585 3395 777 3464 Λόγος⁸
813 3395 933 3448 νυνὶ
966 3395 1022 3447 δὲ
1064 3394 1272 3448 πολλῶν
1315 3394 1484 3448 ὄντων
1509 3394 1617 3448 τῶν
1653 3395 1991 3464 ἐπαγγελλο-

403 3489 584 3560 μένων
610 3489 714 3558 τὴν
753 3486 1014 3558 ἀλήθειαν
1051 3486 1284 3556 ψευδῶν,
1318 3487 1439 3539 καθ’
1467 3481 1542 3542 ὧν
1581 3489 1993 3558 στρατευσάμε-

398 3597 490 3643 νος
516 3583 545 3634 6
580 3580 754 3648 Λόγος
793 3579 1178 3649 στεφανοῦται,
1217 3580 1388 3633 πολλὰ
1419 3581 1682 3651 γινόμενα
1718 3581 1788 3634 τὰ
1817 3582 1994 3654 διαδή-

400 3688 548 3743 ματα
576 3673 643 3742 τῇ
675 3670 884 3742 κεφαλῇ
909 3670 1004 3724 τοῦ
1032 3671 1210 3726 πάντα
1248 3671 1572 3741 νικήσαντος
1603 3674 1988 3744 περικείμενα,

399 3764 500 3816 καὶ
522 3763 762 3832 ἑκάστης
785 3761 842 3814 δὲ
860 3761 1320 3831 ἁποστατησάσης
1341 3761 1622 3832 ἐνεργείας
1644 3763 1720 3832 (5)
1744 3763 1987 3833 κρατῶν,

400 3853 574 3908 πολλὰ
611 3854 925 3925 διαδήματα
946 3852 1026 3924 τῷ
1059 3855 1221 3924 γνικᾷν
1255 3853 1615 3925 περιτίθεται.
1659 3855 1815 3925 Ἑξῆς
1852 3854 1990 3926 μετὰ

396 3948 467 4002 τὰ
479 3947 790 4018 διαδήματα
817 3947 1236 4017 ἀναγέγραπται
1253 3946 1398 4016 ἔχειν
1419 3945 1590 4016 ὄνομα
1605 3947 1992 4018 γεγραμμένον

394 4039 426 4092 6
460 4039 633 4103 οὐδεὶς
663 4033 823 4100 οἶδεν,
853 4039 902 4091 εί
937 4038 1010 4109 μὴ
1033 4037 1214 4100 αὐτός·
1251 4032 1404 4101 οὗτος
1432 4036 1542 4110 γὰρ
1568 4041 1597 4091 6
1629 4037 1870 4109 ἔμψυχος
1889 4038 1992 4092 Λό-

395 4148 493 4202 γος
539 4129 829 4184 ἐπίσταταί
878 4146 1000 4183 τινα
1051 4128 1231 4200 μόνος,
1259 4129 1348 4182 διὰ
1390 4129 1451 4182 τὸ
1494 4129 1880 4202 ὑποδεέστερον
1933 4131 1991 4183 ἐν

393 4227 508 4287 τοῖς
530 4223 653 4293 ἑξῆς
679 4224 927 4291 γενητοῖς
945 4221 1042 4292 τῆς
1065 4219 1282 4289 φύσεως
1310 4219 1502 4282 αὐτοῦ,
1519 4219 1733 4284 οὐδενός
1757 4219 1936 4291 χωροῦ
1947 4237 1992 4273 ν-

394 4333 488 4379 τος
521 4315 701 4368 πάντα
728 4312 764 4366 ἃ.
792 4314 1000 4376 ἐκεῖνος
1031 4308 1445 4381 καταλαμϐάνει
1479 4310 1725 4383 θεωρεῖν.
1749 4312 1903 4382 Τάχα
1927 4310 1985 4363 δὲ

393 4404 492 4459 καὶ
537 4403 587 4456 οἱ
635 4401 954 4473 μετέχοντες
1009 4400 1218 4453 ἐκείνου
1265 4399 1358 4452 τοῦ
1404 4399 1580 4469 Λόγου
1631 4400 1782 4471 μόνοι
1838 4401 1990 4472 παρὰ

392 4498 521 4558 τοὺς
545 4494 622 4566 μὴ
653 4492 981 4565 μετέχοντας
1006 4490 1153 4547 ίσασι
1180 4491 1254 4563 (6)
1273 4492 1340 4545 τὰ
1366 4491 1441 4563 μὴ
1470 4494 1550 4555 είς
1575 4492 1819 4554 ἐκείνους
1843 4493 1983 4561 φθά-

393 4605 573 4644 νοντα.
611 4588 687 4641 Οὺ
737 4585 946 4656 γυμνὸς
990 4585 1047 4639 δέ
1095 4585 1174 4656 τῷ
1220 4583 1446 4655 Ἰωάννῃ
1486 4586 1683 4655 ὁρᾶται
1717 4585 1795 4656 τῷ
1830 4587 1984 4656 ἵππῳ

392 4681 689 4752 ὀχούμενος
718 4680 747 4731 6
772 4678 872 4732 τοῦ
897 4678 1033 4732 Θεοῦ
1062 4679 1261 4747 Λόγος·
1297 4679 1690 4750 περιϐέϐληται
1719 4679 1828 4750 γὰρ
1854 4680 1982 4750 ἱμά-

393 4792 509 4829 τιον
559 4772 908 4846 ἑρραμμένον
962 4771 1178 4841 αἵματι,
1215 4771 1446 4842 ἐπείπερ
1500 4772 1624 4842 ἴχνη
1674 4771 1982 4842 περίκειται

393 4869 425 4920 6
452 4867 748 4937 γενόμενος
777 4865 950 4934 Λόγος
981 4863 1138 4935 σὰρξ,
1168 4865 1262 4917 καὶ
1305 4864 1395 4919 διὰ
1424 4865 1486 4918 τὸ
1511 4864 1795 4934 γεγονέναι
1845 4863 1982 4935 σὰρξ

393 4957 706 5025 ἀποθανὼν,
746 4957 823 5021 ὡς
857 4956 1196 5029 προχυθῆναι
1230 4957 1392 5011 αὑτοῦ
1441 4959 1535 5010 καὶ
1579 4953 1720 5028 αἷμα
1761 4957 1853 5010 ἐπὶ
1880 4956 1980 5026 τὴν

394 5051 524 5120 γῆν,
557 5050 813 5114 νύξαντος
852 5047 948 5102 τοῦ
982 5049 1320 5120 στρατιώτου
1366 5049 1464 5120 τὴν
1501 5049 1742 5121 πλευρὰν
1775 5049 1936 5102 αὑτοῦ
1963 5067 1976 5079 ·

395 5146 608 5198 ἐκείνου
631 5143 723 5195 τοῦ
750 5143 975 5209 πάθους,
994 5143 1135 5214 τάχα
1150 5143 1258 5216 γὰρ
1274 5142 1380 5197 κᾶν
1405 5143 1554 5206 ὅπως
1577 5143 1707 5194 ποπτέ
1727 5145 1784 5194 ἐν
1801 5144 1866 5212 τῇ
1888 5141 1980 5195 τοῦ

395 5239 574 5306 Λόγου
608 5236 917 5308 ὑψηλοτάτη
945 5237 1040 5290 καὶ
1061 5236 1312 5306 ἀνωτάτῃ
1333 5234 1537 5306 θεωρίᾳ
1564 5233 1870 5305 γενώμεθα,
1889 5236 1984 5287 καὶ

395 5331 498 5401 τῆς
521 5328 779 5400 ἀληθείας
809 5329 869 5382 οὐ
900 5328 1078 5400 πάντη
1107 5327 1506 5398 ἐπιλησόμεθα,
1543 5327 1642 5398 τῆς
1677 5328 1736 5379 ἑν
1771 5325 1984 5396 σώματι

2105 1928 2272 1993 oculi,
2309 1939 2368 1983 ut
2398 1932 2472 1984 ita
2507 1933 2712 1997 dicam,
2739 1933 3042 1998 Sermonis,
3069 1935 3268 2003 quibus
3297 1945 3352 1989 et
3376 1935 3492 2005 ipse
3515 1936 3684 2001 videt,

2103 2031 2160 2076 et
2192 2024 2438 2093 quisquis
2467 2024 2610 2078 illius
2638 2024 2804 2081 fuerit
2826 2028 3128 2103 particeps,
3150 2036 3510 2098 prieterquam
3538 2029 3686 2098 quod

2104 2115 2414 2185 percipiunt
2443 2116 2808 2186 intelligibilia
2841 2129 2938 2187 per
2965 2134 3028 2173 ea
3070 2135 3190 2188 quae
3226 2121 3278 2174 in
3313 2121 3433 2188 ipso
3465 2120 3679 2184 insunt,

2103 2208 2402 2264 conﬁciunt
2442 2219 2497 2263 et
2527 2210 2899 2266 demoliuntur
2927 2222 3225 2282 conceptus
3256 2215 3587 2279 crassiores,
3629 2225 3686 2270 et

2104 2303 2277 2370 magis
2307 2303 2623 2358 materiales
2648 2343 2666 2370 ,
2701 2303 2957 2359 omnibus
3008 2305 3503 2374 quomodocunque
3532 2306 3686 2362 falsis

2101 2395 2465 2463 gracilitatem
2523 2404 2579 2448 et
2631 2397 2952 2450 tenuitatem
3017 2398 3264 2451 veritatis
3328 2398 3684 2466 fugientibus.

2101 2485 2272 2538 Valde
2303 2495 2485 2541 autem
2516 2487 2769 2542 ordinate
2793 2499 3084 2559 postquam
3118 2490 3332 2544 induxit
3363 2492 3685 2545 Sermonem

2094 2578 2435 2646 judicantetn
2471 2579 2522 2633 in
2548 2579 2761 2648 justitia
2798 2582 2866 2646 ’1,
2900 2592 2958 2636 et
2994 2591 3054 2636 ut
3098 2582 3420 2652 judicet-in
3467 2583 3686 2651 justitia

2098 2668 2298 2723 bellum
2333 2680 2634 2738 gerentem,
2683 2671 2794 2743 58
2831 2683 2996 2742 atque
3040 2673 3238 2730 deinde
3288 2686 3414 2749 post
3458 2677 3683 2742 bellum,

2100 2761 2518 2832 illuminantem,
2557 2763 2687 2820 illud
2739 2766 3114 2838 subiungitur,
3173 2769 3228 2824 in
3284 2770 3454 2838 ipsius
3505 2772 3686 2841 capite

2100 2855 2268 2910 multa
2293 2871 2416 2912 esse
2447 2857 2754 2913 diademata
2779 2859 2846 2913 ".
2881 2859 3016 2914 Nam
3046 2860 3093 2915 si
3132 2877 3296 2917 unum
3322 2872 3378 2918 et
3413 2863 3685 2918 uniforme

2097 2960 2248 3006 esset
2273 2952 2616 3006 mendacium
2643 2953 2711 3007 de
2736 2967 2846 3021 quo
2881 2965 3159 3023 prostrato
3185 2970 3443 3010 coronam
3471 2944 3686 3028 accipe-

2097 3054 2180 3098 ret
2210 3044 2408 3110 victor,
2440 3043 2612 3100 ﬁdelis
2636 3057 2693 3100 et
2715 3059 2884 3099 verax
2906 3045 3124 3113 Sermo,
3135 3045 3154 3114 j
3165 3062 3260 3100 ure
3274 3049 3440 3101 etiam
3461 3049 3680 3112 Seruio,

2095 3136 2187 3206 qui
2214 3145 2526 3204 superasset
2552 3136 2659 3190 Deo
2687 3147 3071 3206 repugnantes,
3103 3139 3340 3207 scriptus
3360 3137 3548 3194 fuisset
3574 3156 3683 3194 uno

2099 3229 2404 3283 diademate
2429 3229 2742 3298 insignitus.
2791 3229 2948 3284 Nunc
3001 3239 3182 3284 autem
3215 3231 3384 3284 multa
3419 3247 3542 3285 cunt
3573 3231 3682 3286 sint

2097 3320 2384 3374 mendacia
2419 3336 2541 3390 qua:
2575 3321 2900 3390 proﬁtentur
2928 3323 3238 3386 veritatem,
3267 3324 3527 3378 adversus
3557 3340 3680 3394 quae

2096 3412 2299 3465 bellum
2337 3427 2536 3482 gerens
2572 3412 2661 3467 ille
2713 3414 2908 3467 Sermo
2957 3424 3279 3481 coronatur,
3337 3416 3501 3469 multa
3552 3426 3682 3471 sunt

2095 3504 2259 3557 etiam
2299 3504 2604 3558 diademata
2653 3506 2820 3574 capiti
2874 3514 3074 3559 cuncta
3130 3507 3355 3561 victoris
3399 3507 3674 3575 imposita.

2095 3595 2238 3662 Quin
2269 3596 2432 3651 etiam
2465 3612 2908 3670 unamquamque
2933 3598 3202 3652 actionem
3239 3597 3493 3654 rebellem
3512 3615 3678 3668 supe-

2096 3701 2247 3750 rans,
2277 3685 2462 3740 multis
2486 3689 2701 3742 coroois
2731 3688 2801 3744 ob
2840 3689 3124 3743 victoriam
3159 3689 3512 3759 multiplicem
3547 3693 3680 3747 insi-

2094 3777 2299 3847 gnitur.
2337 3777 2530 3833 Dictus
2566 3780 2730 3834 etiam
2757 3791 2877 3850 post
2911 3781 3216 3837 diademata
3241 3785 3402 3853 capiti
3425 3785 3678 3852 imposita

2094 3883 2289 3922 nomen
2309 3868 2512 3923 habere
2529 3869 2817 3939 scriptum,
2837 3871 2981 3940 quod
3003 3885 3163 3926 nemo
3181 3873 3329 3927 novit
3348 3874 3447 3930 nisi
3469 3873 3584 3943 ipse
3607 3873 3676 3940 ⁹³;

2095 3960 2242 4013 novit
2269 3961 2414 4014 enim
2437 3961 2586 4016 solus
2610 3963 2857 4032 quaedam
2886 3964 3159 4018 animatus
3190 3965 3282 4020 hic
3308 3964 3524 4030 Sermo,
3555 3983 3678 4022 cum

2093 4053 2278 4108 nullus
2303 4054 2510 4108 intueri
2540 4055 2712 4123 'possit
2743 4069 2808 4108 ea
2840 4070 2961 4124 qua:
2990 4055 3079 4110 ille
3121 4058 3561 4128 comprehendit,
3611 4074 3680 4114 eo

2096 4145 2241 4214 quod
2272 4161 2358 4199 res
2383 4161 2502 4215 qua:
2532 4150 2787 4202 continue
2823 4159 3160 4218 generantur
3185 4149 3343 4220 longe
3384 4151 3679 4209 inferiores

2091 4238 2202 4309 sint
2235 4250 2423 4293 natura
2453 4239 2637 4309 ipsius.
2670 4245 2854 4312 Atque
2886 4244 3053 4296 etiam
3089 4243 3344 4298 fortassis
3372 4245 3474 4299 soli
3500 4248 3680 4316 parti-

2093 4330 2240 4399 cipes
2270 4331 2413 4386 illius
2443 4331 2727 4389 Sermonis
2757 4336 3001 4404 quaedam
3029 4345 3230 4390 norunt
3257 4351 3378 4405 quae
3403 4338 3676 4390 suntabs-

2091 4415 2309 4469 condita
2359 4432 2467 4471 non
2515 4417 2970 4487 participantibus
3021 4419 3194 4472 illum.
3259 4419 3431 4475 Porro
3485 4419 3680 4475 Seruio

2093 4500 2182 4555 ille
2219 4501 2310 4556 Dei
2347 4519 2452 4557 non
2483 4505 2662 4558 nudus
2691 4521 2720 4557 a
2748 4502 2958 4558 Joanne
2986 4505 3233 4560 cernitur
3271 4507 3339 4572 “,
3373 4509 3500 4562 dum
3534 4524 3678 4576 equo

2095 4585 2217 4640 albo
2235 4587 2469 4652 vehitur,
2496 4589 2588 4642 sed
2610 4588 2987 4644 circumdatus
3012 4599 3161 4646 veste
3183 4593 3450 4660 sanguine
3482 4593 3674 4657 tincta,

2091 4676 2535 4745 quandoquidem
2591 4679 2839 4750 vestigiis
2881 4689 2938 4734 et
2991 4680 3137 4735 notis
3191 4681 3559 4735 circumdatus
3592 4689 3679 4734 est

2093 4769 2285 4821 Sermo
2314 4766 2491 4824 factus
2520 4784 2673 4836 caro,
2703 4780 2758 4826 et
2788 4772 2992 4827 idcirco
3020 4774 3184 4826 etiam
3220 4784 3468 4827 mortuus
3492 4813 3508 4837 ,
3547 4774 3676 4841 quia

2089 4875 2222 4916 caro
2272 4862 2467 4927 factus,
2518 4861 2592 4914 ita
2638 4872 2697 4916 ut
2731 4865 3050 4933 sanguinem
3089 4879 3254 4933 super
3285 4875 3485 4918 terram
3516 4879 3676 4919 suum

2088 4954 2410 5023 profuderit,
2431 4955 2600 5008 utilite
2624 4954 2763 5009 latus
2777 4956 2897 5025 ejus
2911 4966 3200 5026 pungente.
3221 4955 3496 5011 Passionis
3527 4973 3678 5010 natu-

2089 5061 2195 5115 que
2234 5047 2397 5111 illius,
2419 5057 2474 5102 et
2507 5049 2777 5112 veritatis,
2802 5059 2857 5103 et
2884 5049 3116 5103 instituti
3166 5049 3288 5102 vita:
3313 5063 3474 5118 quam
3503 5049 3676 5103 tenuit

2089 5139 2144 5192 in
2178 5154 2409 5208 corpore
2433 5149 2642 5204 nostro,
2675 5141 2822 5194 nulla
2863 5157 2964 5196 nos
3003 5157 3244 5211 unquam
3277 5145 3487 5197 tenebit
3535 5145 3676 5198 obli-

2090 5229 2199 5295 vio,
2225 5233 2390 5285 etiam
2423 5232 2468 5286 si
2491 5231 2720 5287 fortasse
2743 5233 3232 5302 quontodocunque
3262 5236 3672 5302 pervenerimus

2091 5326 2158 5378 ad
2191 5323 2511 5378 altissimam
2546 5339 2954 5395 supernamque
2997 5327 3167 5396 ipsius
3198 5327 3478 5382 Sermonis
3503 5337 3558 5382 et
3578 5325 3673 5382 Fi-

471 5425 518 5456 ⁸⁹
550 5424 592 5477 ll
617 5421 814 5476 Thess.
859 5437 921 5476 tt.
998 5421 1238 5490 9°;Apoc.
1277 5435 1394 5475 nx.
1439 5420 1526 5474 12.
1604 5421 1646 5452 ⁹¹
1677 5419 1807 5472 ibid.
1853 5420 1939 5474 il.

2099 5417 2224 5472 ibid.
2253 5417 2339 5470 12.
2419 5416 2464 5448 ’³
2494 5416 2627 5472 ibid.
2701 5418 2748 5450 ⁸⁵
2770 5419 2900 5474 ibid.
2931 5419 3018 5476 1⁸5.

472 5517 548 5587 (2)
614 5516 753 5580 Τοὺς
805 5513 902 5587 μὴ
963 5513 1144 5587 ὄντας
1193 5511 1269 5587 τῇ
1321 5512 1587 5587 ἀείξηθινῇ
1638 5519 1822 5581 σοφίᾳ
1877 5529 1986 5587 σο-

397 5584 576 5658 φούς.
626 5587 750 5640 Haec
784 5586 986 5658 desunt
1011 5585 1064 5637 in
1091 5585 1334 5639 editione
1372 5585 1576 5649 lluetit,
1608 5587 1701 5638 sed
1732 5584 1988 5653 suppleu-

404 5653 488 5713 iur
523 5676 552 5710 e
586 5658 778 5710 codice
809 5653 1124 5708 Bodleiano.

472 5728 548 5797 (5)
592 5726 759 5780 Μετὰ
784 5725 916 5790 τόν,
951 5733 1057 5777 etc.
1097 5722 1175 5777 Ita
1204 5724 1364 5779 Codd.
1407 5725 1724 5780 Bodleianus
1762 5731 1816 5779 el.
1850 5722 1985 5777 Bar—

451 5801 665 5848 eriuus:
709 5793 846 5848 male
879 5793 1050 5848 editio
1084 5793 1293 5848 lluetii.
1320 5795 1463 5848 κατὰ
1489 5794 1602 5848 τόν.
1629 5804 1738 5848 etc.

399 5800 665 5858 beriuus;
709 5800 846 5848 male
879 5800 1050 5848 editio
1084 5800 1294 5859 lluetii,
1320 5800 1463 5848 κατὰ
1489 5800 1602 5855 τόν,
1629 5804 1738 5848 etc.

476 5867 558 5940 (4)
609 5863 793 5935 Ἑξῆς
815 5863 882 5918 δὲ
913 5863 1004 5932 τό,
1035 5872 1142 5922 etc.
1170 5863 1478 5936 Legenduui
1515 5866 1749 5933 videtur,
1777 5862 1903 5933 ἑξῆς
1926 5862 1985 5917 δὲ

2093 5511 2194 5574 τῷ,
2228 5520 2336 5566 etc.
3425 5523 3432 5528 '

2145 5566 2245 5653 ⁸(5)
2279 5583 2639 5652 Ἐνεργείας.
2677 5580 2770 5653 _S_ic
2814 5582 2968 5653 codd.
3013 5579 3340 5636 Bodleianus
3383 5590 3435 5635 et
3476 5580 3671 5637 Barbe.

2097 5651 2279 5715 riuus;
2318 5651 2644 5706 tnaleeditiu
2673 5651 2874 5717 Httetii,
2903 5652 3204 5721 ἐναργείας.

2167 5725 2243 5793 (ϐ)
2293 5725 2508 5793 "Idam.
2563 5721 2640 5774 Ita
2698 5733 2848 5793 recte
2888 5717 3056 5793 habet
3095 5725 3265 5793 codex
3313 5717 3666 5788 Bodleianus;

2096 5790 2237 5851 male
2279 5810 2403 5851 vero
2427 5792 2628 5864 Regius
2654 5801 2708 5848 et
2732 5790 3086 5860 Barberinus,
3123 5791 3256 5844 ἰᾶσι.
