4174 6434
493 348 601 402 12⁸5

1960 339 2284 396 ORIGENIS

3651 343 3786 399 114·

491 439 549 492 lii
589 440 678 493 hei
719 440 1256 510 contemplationem.
1284 438 1440 494 Hunc
1481 437 1578 492 Dei
1605 437 1926 494 Sermonem
1954 455 2070 494 cae-

2179 439 2335 510 ήμῶν
2368 439 2662 511 γενομένης
2684 441 2751 494 δι’
2775 438 2942 493 αὐτοῦ
2978 438 3307 508 είσαγιιιγῆς.
3335 435 3524 508 Τούτῳ
3548 434 3624 506 τῷ
3655 438 3750 494 τοῦ

490 527 659 583 lestes
695 533 970 586 exercitus
994 545 1184 586 omnes
1209 539 1512 599 sequuntur
1534 530 1604 594 ",
1635 529 1956 585 Sermonem
1985 545 2072 585 se-

487 632 717 691 quentes
759 623 974 686 ducem,
997 633 1052 677 et
1084 623 1363 677 imitantes
1407 639 1532 677 eum
1565 623 1616 676 in
1661 623 1916 677 omnibus
1945 640 1959 675 :
1990 623 2070 677 id-

487 729 597 782 que
634 723 742 767 tum
771 716 1005 768 maxime
1025 729 1148 768 cmn
1182 729 1285 767 non
1317 727 1475 767 secus
1503 727 1568 767 ac
1598 713 1713 782 ipse
1750 713 2074 768 inscendunt

486 821 656 875 equos
686 805 878 871 albos;
931 806 1108 859 omnia
1143 805 1288 858 enim
1329 814 1516 873 aperta
1544 813 1672 858 sunt
1720 805 2072 875 intelligenti-

489 895 612 949 bus.
667 894 733 948 Et
777 895 1230 964 quemadmodum
1276 893 1414 963 l'ugit
1440 893 1614 958 dolor,
1657 904 1713 948 et
1761 907 1987 958 mceror,
2017 902 2074 948 et

489 987 783 1056 suspirium
824 987 875 1040 in
913 987 1018 1042 ﬁne
1071 1002 1276 1050 rerum,
1310 987 1390 1041 sic
1419 987 1658 1040 arbitror
1690 985 1874 1058 lugere
1907 987 2071 1040 etiam

487 1077 878 1134 obscuritatem
912 1087 966 1132 et
1001 1078 1422 1139 dubitationem,
1471 1077 1732 1131 omnibus
1786 1077 2074 1146 sapientia:

491 1173 586 1228 Dei
627 1173 904 1243 mysteriis
962 1173 1253 1242 diligenter
1290 1179 1344 1226 et
1389 1170 1679 1225 manifeste
1732 1171 1784 1224 in
1825 1179 2073 1240 apertum

489 1262 787 1331 productis.
830 1263 1134 1318 Considera
1189 1277 1324 1316 vero
1359 1261 1512 1315 albos
1554 1276 1727 1330 equos
1761 1275 1950 1315 eorum
1981 1261 2074 1330 qui

488 1367 790 1425 sequuntur
811 1356 1136 1411 Sermonem
1154 1355 1222 1422 “,
1242 1355 1460 1410 indutos
1477 1354 1623 1418 albo,
1643 1363 1696 1408 et
1725 1369 1860 1423 puro
1881 1354 2070 1424 bysso;

487 1456 544 1503 et
584 1448 870 1502 considera
905 1463 1032 1501 num
1056 1448 1184 1517 quia
1218 1447 1412 1517 byssus
1455 1460 1486 1501 e
1525 1455 1674 1500 terra
1703 1445 1908 1513 oritur,
1944 1446 2074 1518 bys-

489 1540 604 1594 sina
643 1539 962 1593 indumenta
1000 1539 1306 1609 signiﬁcent
1345 1536 1708 1608 proprietates
1765 1536 2074 1606 linguarum

489 1645 614 1699 qua:
667 1641 796 1686 sunt
851 1632 903 1686 in
955 1630 1366 1699 terra,quibus
1417 1629 1623 1684 induta:
1686 1638 1814 1684 sunt
1879 1643 2071 1693 voces,

491 1740 580 1778 res
607 1735 794 1793 aperte
836 1734 891 1778 et
933 1739 1067 1793 pure
1108 1723 1500 1796 signiﬁcantes.
1535 1723 1659 1779 Haec
1697 1738 1881 1779 autem
1919 1739 2075 1779 sum-

2173 529 2310 582 Θεοῦ
2339 531 2497 601 Λόγῳ
2520 531 2589 584 τά
2621 533 2678 585 ἐν
2705 531 2783 601 τῷ
2810 529 3025 601 οὐρανῷ
3049 529 3436 601 στρατεύματα
3467 529 3752 584 ἀκολουθεῖ

2175 621 2372 686 πάντα,
2423 621 2581 692 Λόγῳ
2633 621 2877 693 ἑπόμενα
2929 621 3241 692 ἡγουμένῳ,
3297 624 3390 674 καὶ
3440 621 3753 692 μιμούμενα

2173 713 2335 766 αὑτὸν
2382 713 2441 766 ἐν
2467 715 2623 777 πᾶσι,
2653 715 2747 766 καὶ
2781 712 3014 783 μάλιστα
3042 712 3120 782 τῷ
3142 710 3530 782 ἐπιϐεδηκέναι
3552 713 3752 783 ὁμοίως

2171 803 2321 873 αὐτῷ
2349 803 2538 868 ἵπποις
2564 805 2800 868 λευκοῖς·
2821 804 2999 859 πάντα
3029 805 3137 874 γάρ
3163 802 3395 857 ἐνώπιον
3417 807 3528 868 τοῖς
3548 803 3749 857 νοοῦσι.

2173 897 2282 949 Καὶ
2301 897 2489 968 ὥσπερ
2517 897 2726 968 ἀπέδρα
2750 896 2825 968 (7)
2855 896 3018 968 ὀδύνη
3049 897 3144 950 καὶ
3162 896 3308 967 λύπη
3333 897 3426 949 καὶ
3453 895 3753 966 στεναγμὸς

2175 989 2267 1042 ἐπὶ⁵
2295 988 2373 1060 τῷ
2411 988 2554 1042 τέλει
2583 988 2691 1042 τῶν
2719 989 3084 1061 πραγμάτων,
3109 988 3285 1053 οὕτως
3337 983 3492 1058 οἶμαι
3535 990 3617 1042 ὃτι
3649 991 3753 1042 ἀπ-

2175 1081 2305 1153 έδρα
2320 1082 2554 1152 ἀσάφεια
2575 1083 2670 1135 καὶ
2684 1081 3132 1154 ἀπορία,πάντων
3145 1080 3420 1152 ἐπιμελῶς
3432 1080 3526 1134 καὶ
3539 1079 3753 1152 τρανῶς

2175 1173 2593 1244 προπιπτόντων
2617 1173 2726 1227 τῶν
2763 1174 2862 1244 τῆς
2889 1172 2984 1227 τοῦ
3018 1172 3154 1226 Θεοῦ
3191 1173 3383 1242 σοφίας
3416 1172 3750 1243 μυστηρίων.

2189 1263 2510 1333 Ἐπίσκεψαι
2531 1263 2589 1316 δὲ
2615 1265 2742 1327 τοὺς
2774 1263 3001 1327 λευκοὺς
3036 1263 3238 1327 ῖππους
3267 1262 3376 1316 τῶν
3398 1261 3755 1316 ἀκολουθούν-

2174 1373 2282 1410 των
2321 1356 2401 1427 τῷ
2449 1357 2610 1426 Λόγῳ
2661 1356 3046 1426 ἐνδεδυμένους
3109 1355 3359 1426 βύσσινον
3407 1355 3599 1408 λευκὸν
3658 1355 3753 1407 καὶ

2176 1447 2435 1518 καθαρὸν,
2483 1449 2533 1500 εί
2571 1447 2646 1518 μὴ
2683 1448 2806 1500 ἐπεὶ
2852 1447 3048 1518 βύσσος
3089 1447 3197 1500 ἀπὸ
3234 1448 3338 1518 γῆς
3370 1447 3599 1516 γίνεται,
3645 1447 3758 1500 τῶν

2176 1539 2268 1592 ἐπὶ
2301 1540 2406 1610 γῆς
2429 1539 2748 1605 διαλέκτων,
2787 1540 2853 1605 ἃς
2891 1541 3265 1612 ἠμφιεσμέναι
3293 1542 3430 1594 εἰσὶν
3461 1541 3518 1593 αἱ
3558 1539 3759 1611 σημαί-

2175 1649 2366 1685 νουσαι
2406 1633 2582 1700 φωναὶ
2607 1632 2860 1704 καθαρῶς
2899 1633 2969 1686 τά
2999 1633 3319 1703 πράγματα,
3363 1631 3525 1686 τύποι
3552 1633 3758 1703 τυγχάο

2177 1741 2328 1778 νουσι
2356 1725 2424 1778 τὰ
2459 1724 2682 1794 βύσσινα
2718 1724 3013 1795 ἐνδύματα.
3045 1724 3231 1778 Ταῦτα
3269 1725 3334 1796 δὴ
3364 1726 3456 1779 ἐπὶ
3487 1725 3668 1777 πλεῖον
3693 1727 3758 1778 ἐκ

491 1825 580 1884 pta
629 1831 694 1870 ex
733 1816 1085 1886 Apocalypsi,
1123 1833 1244 1886 qua:
1295 1816 1454 1871 docet
1488 1831 1587 1870 nos
1632 1815 1808 1884 qualis
1855 1817 1928 1871 sit
1964 1814 2075 1886 59

2177 1818 2274 1887 τῆς
2332 1817 2752 1887 ’Δποκαλύψεως
2800 1816 3156 1887 διδασκούσης
3208 1817 3338 1889 περὶ
3388 1817 3563 1885 Λόγου
3620 1816 3756 1870 Θεοῦ

492 1906 586 1963 Dei
619 1908 828 1972 Sermo,
859 1909 1123 1978 prolixius
1156 1910 1539 1974 tractavimus,
1572 1919 1632 1960 ut
1665 1908 1978 1962 accuratius
2008 1920 2065 1960 et

2170 1911 2406 1982 εἴρηται,
2436 1911 2523 1964 ἵνα
2557 1910 2948 1981 ἀκριὸέστερον
2979 1910 3048 1963 τὰ
3079 1909 3209 1980 περὶ
3237 1907 3406 1963 αὐτοῦ
3450 1911 3753 1980 νοήσωμεν.

489 2003 738 2058 subtilius
772 2020 894 2072 quae
922 2005 990 2058 ad
1037 2005 1214 2073 ipsum
1252 2005 1574 2061 Sermonem
1604 2015 1853 2072 spectant
1890 2003 2383 2061 consideraremus.

561 2095 612 2152 ⁸5.
654 2095 758 2150 Hic
785 2109 896 2152 erat
940 2100 994 2152 in
1016 2099 1274 2168 principio
1301 2100 1442 2168 apud
1479 2097 1648 2152 Deum
1672 2098 1739 2152 ".
1768 2097 1837 2152 lis
1867 2099 1960 2167 qui
1983 2114 2077 2154 ac-

487 2207 676 2254 curate
704 2214 811 2254 non
842 2201 1134 2254 attendunt
1163 2199 1416 2254 diversas
1438 2199 1492 2253 in
1530 2198 1614 2252 his
1637 2213 1758 2267 qua:
1779 2200 2074 2254 enuntian-

489 2310 578 2354 tur
613 2300 1046 2370 pr0positioues,
1079 2300 1353 2354 videbitur
1387 2300 1722 2370 evangelista
1751 2298 1941 2354 eadem
1981 2316 2070 2355 re-

489 2408 695 2467 petere,
741 2413 805 2453 ac
852 2398 899 2453 si
935 2397 1068 2453 nihil
1133 2397 1253 2468 plus
1284 2397 1492 2452 diceret
1521 2397 1608 2452 bis
1656 2395 1862 2460 verbis,
1919 2416 1937 2448 ι
1974 2395 2074 2452 Hic

489 2509 608 2556 erat
633 2501 686 2554 in
714 2501 982 2572 principio
1005 2502 1146 2570 apud
1180 2499 1370 2564 Deum,
1407 2518 1425 2553 ι
1458 2513 1623 2570 quam
1655 2498 1760 2554 illis
1796 2518 1853 2555 ει
1896 2499 1962 2554 Ει
1985 2499 2075 2555 ille

491 2605 689 2659 Sermo
721 2614 839 2660 erat
859 2605 1000 2674 apud
1030 2605 1219 2659 Deum.
1256 2623 1275 2657 ι
1307 2602 1414 2658 Sed
1445 2603 1799 2659 observemus
1848 2617 2074 2660 necesse

489 2717 597 2772 est,
632 2723 752 2773 nos,
791 2708 1009 2778 quando
1059 2709 1315 2774 dicimus,
1362 2727 1380 2761 ι
1433 2707 1527 2762 Ille
1551 2711 1738 2766 Sermo
1775 2718 1894 2762 erat
1933 2708 2074 2778 apud

491 2801 731 2878 Deum,g
785 2815 891 2854 non
940 2799 1228 2854 addiscere
1289 2797 1510 2869 quando
1555 2807 1696 2862 erat,
1728 2796 1814 2851 vel
1867 2797 1919 2851 in
1964 2811 2073 2866 quo

490 2901 610 2949 erat
646 2893 787 2963 apud
817 2893 1006 2955 Deum,
1036 2891 1189 2962 juxta
1235 2899 1493 2960 quartum
1529 2891 1939 2959 pronuntiatum
1981 2889 2077 2942 ad-

489 2985 680 3040 ditum.
744 2982 880 3036 Nam
928 2992 1163 3053 quatuor
1203 2997 1326 3036 cum
1346 2973 1476 3035 "sint
1517 2979 1619 3034 hoc
1660 2978 1862 3034 inloco
1907 2977 2074 3045 ἀξιώ-

413 3133 418 3137 _
494 3094 661 3148 ματα,
697 3075 823 3147 [hoc
849 3085 954 3140 est,
975 3070 1373 3143 pronuntiata,]
1405 3086 1524 3141 quae
1559 3071 1724 3140 aliqui
1790 3075 2079 3144 προτάσεις

496 3171 626 3242 [hoc
678 3179 782 3236 est,
823 3167 1250 3238 propositiones]
1297 3164 1621 3236 appellant,
1666 3164 2076 3232 pronuntiatum

489 3271 743 3331 quartum
776 3272 859 3315 est
888 3275 902 3311 :
935 3278 953 3310 ι
999 3258 1096 3313 l-iic
1126 3268 1246 3312 erat
1275 3259 1328 3312 in
1358 3257 1625 3327 principio
1657 3255 1798 3325 apud
1827 3254 2015 3309 Deum.
2053 3271 2072 3304 ι

491 3348 719 3419 Insuper
766 3351 881 3403 haec
931 3346 1253 3416 propositio,
1318 3363 1337 3396 ι
1390 3345 1482 3400 ille
1526 3345 1721 3400 Sermo
1766 3353 1886 3399 erat
1937 3344 2080 3413 apud

495 3443 686 3507 Deum,
724 3461 743 3494 ι
780 3456 885 3496 non
933 3443 1122 3496 eadem
1159 3448 1244 3494 est
1274 3453 1396 3494 cum
1422 3439 1508 3493 illa
1527 3454 1646 3508 qua;
1686 3437 1884 3505 inquit,
1930 3454 1948 3488 ι
1983 3435 2080 3490 Hic

489 3544 631 3598 erat,
669 3553 689 3585 ι
728 3548 833 3589 non
860 3532 1186 3603 simpliciter
1215 3533 1354 3601 apud
1381 3533 1588 3597 Deum;
1622 3530 1719 3585 sed
1752 3529 1968 3600 quando
1996 3528 2079 3583 vel

493 3629 548 3682 in
598 3643 707 3696 quo
743 3627 882 3698 apud
928 3626 1120 3680 Deum.
1167 3642 1188 3676 ι
1226 3623 1326 3680 Hic
1374 3624 1562 3688 enim,
1606 3623 1816 3693 inquit,
1859 3629 1978 3678 erat
2023 3621 2077 3676 in

491 3720 760 3789 principio
788 3719 932 3788 apud
959 3719 1162 3784 Deum;
1199 3735 1219 3772 ι
1241 3719 1369 3788 quin
1399 3717 1562 3771 etiam
1591 3715 1719 3771 illud
1740 3715 1825 3769 hic
1857 3730 1956 3785 per
1989 3715 2082 3769 de-

495 3809 948 3864 monstrationem
997 3809 1407 3864 existimabitur
1431 3807 1668 3874 positum
1696 3804 1867 3861 fuisse
1904 3805 1987 3860 vel
2017 3805 2083 3860 de

495 3902 782 3965 Sermone,
797 3901 882 3956 vel
904 3901 971 3956 de
995 3901 1126 3966 Deo,
1149 3901 1216 3955 ab
1233 3915 1297 3954 eo
1313 3902 1404 3971 qui
1423 3901 1602 3954 minus
1619 3899 1907 3968 diligenter
1930 3898 2082 3954 inve-

493 3994 777 4064 stigaverit
802 4034 816 4054 .
841 3992 1078 4048 utetiam
1105 3992 1343 4047 inveniat
1371 3991 1913 4062 comprehensionem
1940 3990 2085 4060 prio-

497 4105 638 4154 rum,
653 4099 709 4143 et
731 4086 1270 4157 comprehensionem
1287 4084 1737 4140 considerationis
1759 4083 1920 4152 hujus
1933 4083 2084 4138 vocis

496 4179 702 4247 Sermo,
739 4191 794 4235 et
830 4178 993 4248 hujus
1034 4179 1184 4232 vocis
1214 4177 1374 4241 Deus,
1419 4176 1619 4230 factam
1659 4176 1711 4229 in
1741 4175 2079 4246 pronomine,

497 4275 678 4339 hic,ut
699 4275 814 4328 haec
842 4271 1236 4327 demonstratio
1259 4269 1310 4323 in
1343 4284 1508 4322 unum
1540 4283 1602 4322 ea
1625 4275 1924 4336 congreget
1957 4281 2079 4336 quae

497 4365 930 4422 consideratione
946 4373 1074 4418 sunt
1098 4363 1309 4418 diversa
1333 4378 1347 4425 ;
1370 4375 1544 4429 neque
1569 4358 1716 4414 enim
1741 4359 1866 4411 dum
1892 4357 2077 4412 consi-

500 4461 751 4512 deramus
775 4456 938 4511 Deum
955 4455 1239 4510 considera
1250 4468 1368 4507 mus
1384 4452 1734 4516 Sermonem;
1755 4464 1928 4519 neque
1948 4450 2076 4503 dum

498 4551 911 4605 consideramus
946 4547 1286 4611 Sermonem,
1310 4545 1722 4600 consideramus
1742 4541 1932 4595 Deum.
1955 4540 2080 4596 For-

501 4643 662 4696 tassis
679 4651 858 4696 autem
885 4654 1092 4694 summa
1113 4647 1194 4694 est
1213 4649 1265 4694 et
1293 4636 1540 4692 collectio
1567 4638 1725 4691 trium
1752 4633 2079 4704 propositio-

500 4749 626 4788 num
665 4733 716 4786 in
749 4747 908 4785 unam
941 4730 1120 4784 hanc:
1165 4748 1182 4782 ι
1215 4729 1314 4784 llic
1356 4736 1474 4782 erat
1525 4729 1577 4782 in
1624 4726 1890 4798 principio
1935 4726 2077 4794 apud

501 4829 666 4881 Deum
688 4842 733 4891 ς»
755 4837 1022 4894 quatenus
1046 4825 1191 4878 enim
1223 4823 1274 4876 in
1301 4821 1566 4892 principio
1586 4828 1708 4874 erat
1731 4818 1950 4884 Sermo,
1970 4832 2077 4870 non

500 4920 866 4974 didiceramus
899 4918 1041 4987 quod
1070 4917 1210 4986 apud
1236 4917 1438 4980 Deum;
1467 4923 1738 4983 quatenus
1771 4927 1904 4967 vero
1936 4913 2076 4980 apud

501 5009 669 5083 Deum
687 5011 880 5065 Sermo
902 5009 993 5063 ille
1018 5017 1160 5072 erat,
1177 5023 1283 5062 non
1302 5019 1697 5076 agnoveramus
1719 5014 1908 5074 aperte
1933 5005 2078 5073 quod

503 5103 556 5156 in
578 5101 850 5173 principio
886 5102 1028 5170 apud
1061 5101 1224 5154 Deum
1252 5109 1401 5162 erat;
1432 5107 1700 5167 quatenus
1728 5104 1910 5151 autem
1937 5096 2078 5151 Deus

503 5193 594 5248 ille
634 5193 826 5248 Sermo
856 5200 997 5255 erat,
1021 5205 1197 5259 neque
1227 5190 1611 5245 declarabatur
1645 5189 1821 5257 ipsum
1848 5188 1900 5241 in
1933 5187 2082 5256 prin-

501 5286 646 5354 cipio
699 5300 842 5349 esse,
887 5299 1062 5352 neque
1107 5285 1248 5347 quod
1279 5282 1420 5352 apud
1455 5282 1621 5334 Deum
1670 5289 1809 5336 erat.
1846 5280 1999 5346 Quod
2034 5280 2079 5335 si

503 5377 721 5432 dicente
763 5377 1116 5446 evangelista,
1171 5394 1188 5428 ι
1230 5375 1330 5429 llic
1381 5383 1500 5429 erat
1541 5373 1596 5426 in
1641 5373 1910 5442 principio
1938 5374 2080 5441 apud

509 5469 840 5535 Deumnsub
864 5469 1186 5540 pronomine
1209 5469 1636 5523 demonstrativo
1662 5465 1767 5532 hic,
1800 5465 2075 5538 intelliga-

576 5585 622 5616 "
654 5584 784 5638 ibid.
828 5585 912 5642 M.
981 5584 1028 5618 ”
1071 5584 1200 5638 ibid.
1273 5583 1318 5614 ⁸⁷
1351 5581 1507 5638 Joan.
1540 5597 1580 5645 ι,
1606 5579 1667 5635 2.

580 5676 657 5746 (7)
691 5677 796 5731 Kal
825 5677 1030 5745 ὥσπερ
1060 5676 1309 5744 ἀπέδρα,
1345 5685 1450 5746 etc.
1489 5674 1676 5730 Finem
1724 5685 1942 5742 quoque
1996 5674 2088 5731 hic

512 5745 888 5801 dmunatorum
923 5749 1096 5814 poenis
1130 5748 1344 5801 Statuit.
1378 5745 1638 5802 Hunnus.

587 5818 664 5888 (8)
700 5818 863 5873 Κατὰ
884 5811 1092 5882 δεῖξιν.
1121 5818 1213 5873 Sic
1244 5817 1439 5887 legitur
1467 5821 1520 5875 iu
1547 5811 2083 5890 codice‘Bodleiano;

2248 2101 2302 2156 5.
2337 2097 2525 2168 Οὗτος
2564 2098 2642 2171 ἦν
2679 2101 2749 2155 ἐν
2785 2099 2943 2170 ἀρχῇ
2987 2100 3137 2170 πρὸς
3173 2101 3281 2154 τὸν
3321 2101 3490 2154 Θεόν.
3531 2099 3656 2162 Τοῖς
3683 2098 3758 2170 μή

2181 2191 2504 2264 ἀκριϐοῦσιν
2538 2191 2638 2256 τὰς
2667 2192 2959 2263 διαφόρους
3010 2193 3069 2245 ἐν
3117 2194 3231 2256 τοῖς
3263 2190 3759 2262 ἀπαγγελλομένοις

2175 2284 2491 2356 προτάσεις,
2524 2283 2664 2348 δόξει
2711 2284 3055 2352 ταυτολογεῖν
3091 2285 3120 2336 6
3147 2282 3558 2354 εύαγγελιστὴς,
3607 2283 3759 2336 οὐδὲν

2174 2377 2335 2430 πλέον
2391 2375 2564 2444 λέγων
2607 2377 2666 2430 ἐν
2706 2376 2818 2446 τῷ,
2859 2395 2876 2428 ι
2913 2371 3082 2440 Οὗτος
3119 2371 3188 2447 ἦν
3218 2376 3276 2429 ἐν
3318 2376 3460 2447 ἀρχῇ
3495 2375 3632 2446 πρὸς
3665 2374 3759 2429 τὸν

2171 2468 2323 2531 Θεόν,
2339 2467 2516 2537 »παρά
2545 2468 2606 2520 τό
2629 2467 2797 2521 ἰΚαὶ
2819 2468 2848 2518 6
2866 2468 3036 2535 Λόγος
3056 2463 3124 2537 ἦν
3147 2467 3284 2537 πρὸς
3308 2467 3397 2519 τὸν
3419 2467 3570 2520 Θεόν.
3585 2485 3603 2518 ι
3644 2472 3755 2542 Τη-

2177 2559 2366 2632 ρητέον
2377 2557 2548 2622 δέ,ὅτι
2563 2559 2620 2612 ἐν
2643 2561 2742 2630 μέν
2764 2559 2893 2630 τῷ,ι
2915 2561 2971 2614 '0
2993 2560 3166 2628 Λόγος
3194 2555 3262 2631 ἦν
3283 2559 3418 2630 πρὸς
3445 2559 3536 2612 τὸν
3552 2557 3704 2623 Θεόν,
3732 2577 3752 2611 ι

2173 2649 2235 2701 ού
2273 2649 2614 2720 μανθάνομεν
2644 2650 2704 2703 τὸ
2739 2650 2890 2714 πότε,
2926 2650 2958 2720 ἢ
2995 2652 3052 2703 ἐν
3085 2649 3190 2703 τίνι
3221 2645 3290 2720 ἦν
3327 2648 3461 2721 πρὸς
3485 2649 3578 2702 τὸν
3601 2649 3756 2714 Θεὸν,

2175 2741 2319 2795 κατά
2354 2742 2416 2795 τὸ
2454 2742 2717 2813 τέταρτον
2765 2741 2982 2813 ἀξίωμα
3032 2741 3466 2813 προσκείμενον·
3517 2741 3759 2813 τέσσαρα

2178 2831 2286 2903 γάρ
2317 2830 2624 2902 ἀξιώματα,
2647 2832 2793 2904 άπερ
2812 2832 2968 2904 παρά
2989 2849 3098 2886 τισι
3133 2833 3425 2904 προτάσεις
3448 2831 3757 2896 καλοῦνται,

2176 2923 2325 2978 ἔστιν
2357 2924 2566 2989 ἐνθάδε,
2597 2918 2672 2978 ὧν
2701 2925 2763 2977 τὸ
2792 2925 3089 2997 τέταρτονο
3125 2945 3147 2978 ι
3183 2919 3356 2989 οὗτος
3400 2921 3469 2996 ἦν
3503 2928 3558 2978 ἐν
3615 2926 3757 2996 ἀρχῇ

2177 3017 2312 3089 πρὸς
2337 3017 2426 3071 τὸν
2445 3017 2630 3070 Θεόνοι
2659 3018 2720 3070 ού
2741 3017 2936 3070 ταύτὸν
2968 3018 3024 3070 δέ
3045 3017 3106 3070 τό
3124 3057 3138 3083 ,
3170 3036 3190 3069 ι
3229 3018 3288 3070 'U
3314 3018 3486 3085 Λόγος
3521 3013 3590 3088 ἦν
3623 3017 3760 3088 πρὸς

2176 3107 2267 3160 τὸν
2291 3107 2451 3171 Θεόν,
2473 3127 2492 3159 ι
2543 3108 2638 3162 καὶ
2660 3107 2753 3171 τό,
2789 3127 2808 3160 ι
2843 3102 3013 3172 Οὗτος
3039 3103 3106 3179 ἦν
3128 3147 3144 3171 ,
3183 3126 3202 3159 ι
3237 3107 3358 3178 οὐχὶ
3393 3107 3580 3171 ἁπλῶς
3624 3107 3761 3179 πρὸς

2176 3199 2267 3253 τὸν
2321 3199 2481 3264 Θεὸν,
2518 3199 2656 3253 ἀλλά
2697 3200 2863 3262 πότε,
2909 3201 2942 3272 ἢ
2999 3203 3058 3254 ἐν
3111 3198 3219 3252 τίνι
3269 3199 3404 3272 πρὸς
3451 3199 3543 3252 τὸν
3590 3198 3758 3252 Θεόν·

2184 3310 2203 3342 ι
2250 3285 2418 3355 Οὗτος
2445 3290 2583 3362 γὰρ,
2619 3292 2817 3362 φησιν,
2868 3287 2936 3362 ἦν
2969 3294 3027 3344 ἐν
3063 3292 3204 3362 ἀρχῇ
3249 3290 3387 3362 πρὸς
3417 3290 3508 3342 τὸν
3537 3289 3690 3342 Θεόν·
3737 3308 3757 3340 ι

2179 3383 2315 3437 ἀλλὰ
2371 3385 2466 3439 καὶ
2504 3383 2564 3436 τὸ
2639 3379 2818 3450 οὗτος
2890 3384 3034 3438 κατά
3087 3383 3250 3448 δεῖξιν
3306 3383 3383 3453 (8)
3457 3381 3762 3453 ἐκφερόμε-

2179 3493 2268 3530 νον
2293 3476 2682 3548 νομισθήσεται
2702 3476 2798 3529 ἐπὶ
2825 3475 2919 3529 τοῦ
2945 3476 3119 3544 Λόγου
3149 3475 3431 3546 τετάχθαι,
3464 3475 3498 3545 ἢ
3538 3475 3632 3526 ἐπὶ
3664 3473 3762 3526 τοῦ

2179 3567 2338 3634 Θεοῦ,
2372 3567 2476 3622 ὑπὸ
2514 3567 2609 3621 τοῦ
2667 3567 2742 3640 μὴ
2789 3567 3109 3638 συχνότερον
3164 3566 3513 3638 ἐρευνῶντος,
3548 3565 3635 3618 ἵνα
3669 3564 3764 3617 καὶ

2181 3658 2316 3731 εὕρῃ
2388 3657 2649 3730 σύλληψιν
2705 3657 2814 3712 τῶν
2871 3659 3151 3729 προτέρων
3225 3657 3517 3728 γινομένην
3570 3657 3628 3709 ἐν
3693 3657 3760 3726 τῇ

2182 3749 2361 3820 οὗτος
2392 3752 2758 3824 προσηγορίᾳ,
2789 3753 2889 3823 τῆς
2920 3767 2979 3804 τε
3002 3753 3195 3820 Λόγος
3228 3749 3490 3812 ἐπινοίας,
3533 3749 3628 3802 καὶ
3665 3748 3764 3817 τῆς

2185 3846 2352 3910 Θεός,
2399 3845 2484 3898 ἵνα
2511 3845 2544 3915 ἡ
2571 3843 2735 3910 δεῖξις
2766 3843 3048 3914 συναγάγῃ
3081 3845 3160 3907 είς
3203 3843 3260 3896 ἐν
3305 3842 3376 3896 τά
3421 3844 3489 3912 τῇ
3550 3839 3766 3910 ἐπινοίᾳ

2182 3936 2444 4008 διάφορα·
2479 3937 2541 3989 ού
2571 3935 2680 4008 γὰρ
2713 3937 2770 3989 ἐν
2805 3938 2870 4006 τῇ
2909 3934 3124 4004 ἐπινοίᾳ
3175 3936 3240 4005 τῇ
3267 3936 3457 4002 Λόγος
3510 3931 3586 4003 (9)
3615 3931 3762 3984 ἐστὶν

2182 4029 2217 4098 ἡ
2247 4030 2414 4092 Θεός,
2439 4025 2559 4080 οὐδὲ
2596 4029 2654 4080 ἐν
2676 4028 2742 4098 τῇ
2768 4028 2931 4092 Θεός,
2958 4027 3013 4097 ἡ,
3039 4027 3246 4095 Λόγος.
3272 4025 3424 4094 Τάχα
3449 4024 3506 4077 δέ
3564 4039 3764 4092 συγκει-

2188 4116 2483 4188 φαλαίωσίς
2515 4117 2632 4170 ἐστι
2663 4117 2774 4169 τῶν
2805 4115 2973 4186 τριῶν
3007 4116 3321 4187 προτάσεων
3353 4117 3434 4178 είς
3463 4115 3588 4185 μίαν
3619 4114 3720 4184 τήν
3744 4128 3760 4144 ·

2112 4229 2158 4286 D
2193 4228 2211 4261 (
2242 4201 2409 4271 Οὗτος
2441 4203 2509 4280 ἦν
2542 4209 2600 4261 ἐν
2647 4208 2791 4279 ἀρχῇ
2825 4206 2963 4279 πρὸς
2986 4207 3077 4260 τὸν
3103 4207 3254 4260 Θεόν.
3293 4225 3312 4258 ι
3358 4205 3507 4260 Καθὸ
3555 4203 3663 4274 γὰρ
3705 4204 3764 4254 ἐν

2185 4299 2326 4370 ἀρχῇ
2366 4293 2434 4368 ἦν
2483 4298 2512 4350 6
2565 4298 2770 4367 Λόγος,
2818 4298 2878 4351 οὐ
2911 4297 3347 4368 μεμαθήκαμεν,
3388 4296 3469 4349 ὃτι
3506 4294 3644 4367 πρὸς
3674 4291 3766 4347 τὸν

2182 4393 2334 4447 Θεόνο
2353 4393 2488 4447 καθὸ
2511 4393 2567 4446 δὲ
2584 4393 2720 4462 πρὸς
2748 4393 2982 4447 meam
3005 4393 3034 4446 6
3068 4388 3235 4460 Λόγος
3247 4386 3336 4463 ἦν,
3361 4390 3462 4443 ούκ
3476 4387 3768 4456 ἐγινώσκο-

2184 4497 2282 4551 μεν
2305 4479 2610 4549 σαφῶς-,ὃτι
2628 4483 2686 4535 ἐν
2703 4483 2844 4553 ἀρχῇ
2873 4483 3011 4552 πρὸς
3037 4481 3129 4534 τὸν
3147 4480 3278 4534 Θεὸν
3295 4475 3382 4552 ἦν·
3399 4477 3533 4532 καθὸ
3555 4477 3611 4529 δὲ
3634 4475 3766 4539 Θεὸς

2179 4573 2208 4624 6
2224 4571 2393 4640 Λόγος
2415 4571 2504 4646 ἦν,
2533 4573 2656 4627 οὔτε
2680 4575 2740 4627 τὸ
2762 4577 2820 4628 ὲν
2841 4576 2983 4646 ἀρχῇ
3009 4573 3171 4628 αὐτὸν
3193 4571 3330 4627 εἶναι
3354 4569 3627 4641 ἐδηλοῦτο,
3642 4567 3768 4621 οὔτε

2184 4664 2266 4717 ὅτι
2297 4664 2431 4736 πρὸς
2455 4665 2546 4718 τὸν
2572 4667 2705 4721 Θεὸν
2733 4667 3048 4738 ἐτύγχανεν.
3081 4667 3168 4720 Ἐν
3194 4666 3251 4720 δὲ
3270 4669 3358 4738 τῇ,
3391 4685 3410 4717 ι
3444 4660 3614 4730 Οὗτος
3626 4659 3692 4735 ἦν
3709 4665 3768 4716 ἐν

2185 4757 2325 4829 ἀρχῇ
2345 4759 2481 4828 πρὸς
2495 4758 2586 4814 τὸν
2615 4760 2770 4825 Θεόν,
2797 4779 2816 4811 ι
2843 4759 3153 4830 ἀπαγγελία
3201 4758 3292 4812 τοῦ
3331 4754 3529 4822 οὗτος,
3561 4756 3654 4809 ἐπὶ
3672 4753 3765 4808 τοῦ

2172 4849 2357 4917 ’Λόγου
2385 4852 2479 4904 καὶ
2498 4850 2634 4904 Θεοῦ
2661 4851 2972 4922 νοουμένου,
2994 4852 3088 4906 καὶ
3115 4850 3230 4916 τοῦ,
3255 4870 3275 4903 ι
3298 4853 3356 4904 ἐν
3385 4850 3549 4920 ἀρχῇ,
3581 4867 3599 4898 ι
3623 4847 3768 4900 οὕτω

2186 4943 2612 5014 συναπτομένου,
2633 4944 2727 4998 τοῦ
2753 4962 2833 5008 τε,
2862 4945 2998 5016 πρὸς
3025 4944 3115 4999 τὸν
3141 4946 3292 5010 Θεόν,
3318 4939 3765 5014 προστιθεμένου,

2184 5034 2335 5087 οὐδὲν
2348 5034 2740 5106 παραλείπεται
2764 5037 2874 5090 τῶν
2899 5040 2957 5090 ἐν
2983 5040 3105 5100 ταῖς
3122 5037 3273 5108 τρισὶ
3296 5033 3644 5107 προτάσεσιν,
3659 5030 3687 5083 δ
3704 5030 3766 5082 ού

2187 5131 2713 5200 συγκεφαλαιοῦται,
2768 5133 3150 5202 συναγομένων
3192 5130 3274 5192 είς
3322 5128 3400 5182 ἐν.
3441 5128 3583 5196 Ὅρα
3625 5123 3683 5175 δὲ
3714 5123 3765 5174 εί

2185 5219 2325 5274 κατὰ
2374 5221 2437 5273 τὸ
2462 5221 2640 5275 δισσὸν
2673 5221 3029 5292 ὀνομάζεσθαι
3058 5221 3120 5274 τὸ
3155 5239 3172 5272 ι
3201 5221 3260 5273 ἐν
3295 5219 3459 5290 ἀρχῇ,
3493 5238 3510 5268 ι
3544 5213 3768 5269 δυνατὸν

2184 5315 2332 5384 ἡμᾶς
2361 5314 2652 5384 μανθάνειν
2690 5314 2990 5387 πράγματα
3034 5312 3146 5367 δύο·
3181 5311 3238 5364 ἓν
3274 5312 3392 5382 μὲν,
3429 5311 3511 5363 ὅτι
3539 5309 3596 5362 ἐν
3625 5307 3766 5376 ἀρχῇ

2181 5399 2250 5476 ἦν
2275 5406 2303 5457 6
2334 5405 2526 5473 Λόγος,
2554 5405 2629 5470 ὡς
2657 5408 2705 5459 εἰ
2741 5406 2836 5460 καὶ
2863 5404 2984 5459 καθ’
3016 5405 3178 5459 αὒτὸν
3199 5399 3288 5474 ἦν,
3324 5402 3419 5456 καὶ
3443 5400 3518 5472 μὴ
3549 5399 3767 5458 πάντως

2183 5494 2321 5566 πρός
2351 5513 2504 5549 τινα·
2540 5496 2727 5568 ἓτερον
2770 5496 2850 5561 δέ,
2903 5496 2985 5548 ὅτι
3018 5495 3075 5548 ἐν
3104 5495 3246 5566 ἀρχῇ
3297 5492 3434 5564 πρὸς
3489 5490 3581 5543 τὸν
3631 5484 3766 5541 Θεὸν

2196 5673 2524 5730 Barberiuus
2553 5672 2715 5728 habet
2741 5672 2881 5727 κατά
2912 5671 3088 5736 τάξιν.

2195 5744 2559 5879 Λὸἓςϋοιιεχ
2595 5742 2942 5812 Bodleiauus,
2975 5745 3066 5817 τῇ,
3094 5740 3287 5811 Λόγος,
3331 5737 3553 5812 Regius,
3597 5739 3764 5811 αὐτῇ,
