4174 6410
397 364 503 421 125
1485 364 1842 420 COMMENT.
1884 364 1953 420 IN
1989 363 2184 423 JOAN.
2226 366 2464 424 TOMUS
2498 367 2562 422 ll.
3554 370 3656 427 126

389 479 482 556 ἦν,
517 483 611 536 καὶ
635 476 809 554 οἶμαι,
840 482 921 536 ὅτι
951 481 1013 536 οὒ
1044 480 1238 550 ψεῦδος
1274 482 1445 536 εἰπεῖν
1479 484 1608 554 περὶ
1663 481 1850 545 αὐτοῦ,
1885 484 1965 536 ὅτι
1995 487 2037 544 Α

1999 487 2043 544 Α
2071 494 2178 549 tur,
2213 495 2266 540 et
2302 486 2516 550 Sermo,
2545 493 2600 540 et
2631 483 2795 548 Deus,
2821 493 2877 538 et
2908 484 3172 554 particula
3191 503 3210 538 ι
3233 487 3287 540 in
3311 487 3599 558 principio,
3627 511 3647 546 ι

389 579 450 630 ὲν
480 577 620 648 ἀρχῇ
652 571 742 646 ἦν,
779 576 874 629 καὶ
909 577 968 628 ὲν
999 577 1140 647 ἀρχῇ
1173 575 1310 646 πρὸς
1346 574 1438 628 τὸν
1471 575 1626 640 Θεὸν,
1667 576 1789 630 οῦτε
1829 573 1992 649 πρὸς’

2075 579 2156 634 sic
2208 579 2585 649 coniungatur,
2610 578 2950 646 addaturque
2989 577 3176 642 etiam,
3203 595 3222 629 ι
3257 580 3394 649 apud
3425 579 3648 643 Deum,»
3681 615 3683 620 ς

385 668 482 723 τὸν
507 668 642 722 Θεὸν
672 667 831 739 μόνον
860 667 1164 738 τυγχάνων,
1199 666 1320 720 ἐπεὶ
1343 669 1437 722 καὶ
1469 670 1525 723 ὲν
1551 669 1694 740 ἀρχῇ
1724 665 1814 740 ἦν,
1841 668 1968 723 οὔτε

2076 672 2212 726 nihil
2239 671 2510 726 omittitur
2565 684 2756 724 eorum
2806 684 2928 739 quin
2957 678 3085 723 sunt
3117 669 3169 723 in
3201 670 3375 725 tribus
3406 674 3653 740 proposi-

390 755 452 808 ὲν
481 757 623 826 ἀρχῇ
659 755 820 825 μόνον
851 754 948 820 ὢν,
980 756 1074 808 καὶ
1103 755 1223 826 οὐχὶ
1251 756 1388 828 πρὸς
1426 755 1520 810 τὸν
1553 757 1688 812 Θεὸν
1719 756 1815 824 ὢν,
1847 760 1971 812 ἐπεὶ

2076 763 2336 823 tionibus.
2377 763 2520 830 quod
2560 759 2871 815 summatim
2903 774 3011 814 non
3041 760 3535 828 comprehendatur
3564 777 3650 816 re-

393 865 414 899 ι
454 840 608 912 οὗτος
639 843 710 918 ἦν
751 850 809 901 ὲν
843 849 984 920 ἀρχῇ
1017 847 1153 919 πρὸς
1181 847 1273 901 τὸν
1304 849 1456 903 Θεόν.
1488 869 1506 903 ι

2073 855 2250 910 dactis
2285 853 2458 908 tribus
2508 849 2968 921 propositionibus
3018 849 3073 904 in
3119 865 3309 905 unum.
3343 849 3480 906 Vide
3523 865 3652 905 vero

387 954 455 993 an
487 939 600 995 ﬁeri
633 939 806 1007 possit
844 947 909 994 ut
947 939 1110 994 etiam
1149 939 1288 994 duas
1338 955 1426 996 res
1472 941 1743 1010 dicamus,
1783 948 1910 1016 quia
1950 949 2032 1005 bis
2071 949 2304 1013 dicatur,
2348 963 2368 998 ι
2411 944 2462 998 in
2502 942 2793 1013 principio,
2835 959 2855 994 ι
2881 939 3372 1011 alteramquidem,
3413 943 3556 1011 quod
3597 943 3649 996 in

387 1030 654 1100 principio
697 1040 816 1085 erat
852 1031 941 1086 ille
985 1029 1198 1096 Sermo,
1242 1032 1398 1103 quasi
1436 1035 1600 1090 etiam
1649 1051 1717 1092 ex
1765 1053 1824 1092 se
1860 1052 2028 1107 esset,
2063 1052 2118 1097 et
2152 1056 2256 1096 non
2302 1038 2526 1095 omnino
2556 1035 2698 1106 apud
2727 1035 3005 1104 aliquem;
3046 1034 3272 1089 alteram
3298 1051 3463 1102 vero,
3506 1035 3650 1105 quod

384 1125 441 1178 in
491 1123 759 1192 principio
803 1122 944 1192 apud
993 1123 1159 1178 Deum
1207 1133 1344 1179 erat.
1388 1125 1674 1198 Meumque
1717 1140 1802 1186 est
1833 1133 2102 1202 judicium
2152 1133 2355 1201 absque
2398 1129 2684 1185 mendacio
2729 1128 2835 1183 dici
2873 1142 3031 1196 posse
3078 1128 3146 1181 de
3189 1141 3255 1181 eo
3301 1129 3443 1197 quod
3489 1137 3544 1182 et
3594 1128 3649 1182 iu

383 1213 652 1283 principio
686 1224 826 1281 erat,
859 1223 915 1269 et
947 1215 998 1270 in
1043 1215 1309 1287 principio
1354 1221 1492 1288 apud
1527 1220 1718 1291 Deum,
1757 1240 1932 1295 neque
1965 1226 2103 1297 apud
2124 1227 2233 1299 ϐο
2264 1225 2429 1280 Deum
2457 1223 2632 1279 solum
2668 1221 2956 1285 exsistens,
2990 1220 3242 1289 quoniam
3289 1221 3342 1274 in
3382 1220 3650 1290 principio

381 1309 522 1362 erat.
551 1315 726 1370 neque
753 1303 804 1356 in
837 1302 1103 1372 principio
1135 1303 1308 1360 solum
1343 1307 1634 1378 exsistens,
1661 1320 1851 1367 etnon
1901 1313 2040 1381 apud
2081 1314 2250 1368 Deum
2287 1313 2556 1368 exsistens
2579 1351 2596 1376 ,
2642 1310 2900 1380 quoniam
2953 1327 2972 1360 ι
3006 1309 3096 1364 hic
3129 1319 3248 1364 erat
3283 1309 3335 1364 in
3385 1311 3680 1382 principio

380 1393 520 1464 apud
549 1392 738 1449 Deum.
775 1411 795 1444 ι

451 1488 506 1541 6.
535 1487 739 1540 Πάντα
762 1486 838 1541 δι’
863 1488 1050 1542 αὑτοῦ
1091 1489 1348 1560 ἐγένετο.
1386 1493 1655 1549 Οὐδέποτε
1680 1497 1780 1567 τὴν
1813 1497 1964 1568 πρώ-
2071 1496 2087 1530 δ

2071 1496 2087 1530 δ
2140 1491 2196 1548 6.
2231 1490 2423 1546 Omnia
2451 1505 2544 1560 per
2566 1489 2737 1558 ipsum
2767 1490 2912 1558 facta
2933 1496 3053 1542 sunt
3083 1487 3150 1542 ⁸⁸.
3187 1486 3468 1558 Nunquam
3498 1489 3651 1558 priu-

379 1597 481 1651 την
506 1577 692 1650 χώραν
721 1579 832 1650 ἔχει
889 1579 951 1633 τὸ
1008 1581 1082 1634 δι’
1112 1579 1208 1649 οὗ,
1233 1583 1490 1657 δευτέραν
1515 1587 1571 1640 δὲ
1598 1589 1719 1642 ἀεί·
1766 1585 1876 1642 οἷον
1904 1591 1963 1644 ὲν

2068 1585 2245 1654 cipem
2288 1581 2463 1636 locum
2488 1580 2655 1634 habet
2683 1579 2948 1648 particula
2968 1595 3060 1648 per
3082 1596 3234 1648 quem
3254 1619 3270 1646 ,
3303 1581 3397 1635 sed
3431 1596 3649 1649 semper

379 1673 446 1742 τῇ
493 1671 630 1740 πρὸς
672 1669 1001 1742 Ῥωμαίους
1043 1690 1062 1723 ι
1101 1673 1313 1738 Παῦλος
1355 1677 1573 1743 δοῦλος,
1622 1682 1784 1753 φησὶ,
1827 1683 1962 1755 Χρι-

2068 1677 2394 1740 secundum,
2425 1671 2594 1727 veluti
2629 1673 2680 1727 in
2711 1671 2952 1742 Epistola
2979 1674 3044 1726 ad
3072 1674 3348 1729 Romanos
3365 1676 3433 1738 ³³,
3467 1692 3486 1726 ι
3512 1675 3648 1728 Pun-

380 1759 509 1812 στοῦ
555 1759 730 1830 Ἰησοῦ
756 1801 771 1825 ,
826 1761 1023 1833 κλητὸς
1077 1765 1374 1831 ἀπόστολος
1405 1809 1419 1832 ,
1458 1769 1838 1842 ἀφωρισμένος
1881 1774 1963 1836 είς
1998 1818 2028 1842 η

1999 1818 2037 1842 η
2068 1769 2152 1824 lus
2187 1780 2401 1830 servus,
2439 1763 2636 1833 inquit,
2675 1761 2800 1817 Jesu
2823 1763 3050 1828 Christi,
3091 1775 3316 1819 vocatus
3353 1766 3418 1819 ad
3452 1783 3647 1820 munus

379 1851 713 1921 Εὐαγγέλιον
740 1851 897 1917 Θεοῦ,
932 1853 961 1906 ὃ
989 1858 1467 1927 προεπηγγείλατο
1496 1859 1585 1913 διὰ
1619 1861 1728 1916 τῶν
1751 1879 1965 1936 προφη-
1996 1851 2027 1873 ’³

1997 1851 2037 1873 ”
2067 1856 2447 1929 apostolicum,
2490 1862 2809 1924 segregatus
2851 1853 2904 1906 in
2955 1853 3302 1924 Evangelium
3350 1855 3468 1921 Dei,
3504 1856 3645 1925 quod

379 1941 488 1994 τῶν
517 1942 682 1996 αὐτοῦ
719 1943 778 1995 ὲν
812 1943 1060 2014 Γραφαῖς
1088 1946 1275 2014 ἁγίαις
1306 1949 1433 2019 περὶ
1463 1950 1560 2004 τοῦ
1599 1952 1730 2005 Ϊῖίοῦ
1771 1953 1960 2018 αὑτοῦ,

2065 1959 2195 2002 ante
2222 1943 2579 2015 [promiserat
2609 1955 2705 2010 per
2733 1941 3034 2010 prophetas
3074 1956 3202 1996 suos
3252 1942 3306 1996 in
3347 1941 3648 2012 Scripturis

379 2032 474 2086 τοῦ
527 2033 819 2103 γενομένου
877 2037 942 2088 ἐκ
999 2037 1314 2108 σπέρματος
1357 2040 1520 2094 Δαυῖδ
1568 2043 1712 2096 κατά
1760 2045 1960 2117 σάρκα,

2065 2036 2272 2092 sanctis
2299 2035 2365 2090 de
2395 2032 2536 2088 Filio
2556 2047 2676 2098 suo,
2705 2032 2796 2102 qui
2825 2035 3042 2102 genitus
3073 2032 3174 2086 fuit
3203 2047 3270 2088 ex
3311 2034 3517 2090 semine
3540 2037 3645 2089 Da-

378 2122 472 2176 τοῦ
511 2123 822 2196 ὁρισθέντος
857 2125 986 2180 Υίοῦ
1021 2127 1155 2180 Θεοῦ
1190 2131 1248 2182 ὲν
1285 2129 1532 2202 δυνάμει,
1578 2133 1718 2188 κατά
1748 2135 1963 2208 πνεῦμα

2063 2128 2155 2181 vid
2202 2126 2503 2182 secundum
2551 2138 2771 2178 carnem
2809 2140 2824 2176 :
2859 2123 2949 2191 qui
3000 2121 3310 2178 declaratus
3341 2123 3442 2178 fuit
3476 2124 3645 2181 Filius

377 2214 691 2287 ἁγιωσύνης
714 2256 730 2280 ,
771 2215 830 2282 ἐξ
864 2217 1215 2284 ἀναστάσεως
1245 2221 1456 2292 νεκρῶν
1498 2223 1674 2296 Ἰησοῦ
1723 2226 1962 2298 Χριστοῦ

2068 2219 2160 2274 Dei
2186 2233 2307 2273 cum
2339 2215 2602 2287 potentia,
2639 2215 2941 2269 secundum
2970 2214 3222 2282 spiritum
3258 2215 3645 2270 sanctiﬁcatio-

379 2305 472 2358 τοῦ
508 2307 717 2378 Κυρίου
750 2307 928 2379 ἡμῶν,
976 2310 1043 2362 δι’
1085 2305 1146 2365 οὗ
1198 2311 1463 2384 ἐλάϐομεν
1505 2316 1607 2387 τὴν
1658 2318 1818 2389 χάριν
1868 2321 1964 2374 καὶ

2066 2313 2171 2377 nis,
2199 2327 2267 2366 ex
2297 2325 2364 2365 eo
2394 2308 2540 2378 quod
2572 2307 2876 2363 resurrexit
2899 2321 2931 2361 e
2957 2307 3183 2360 mortuis
3211 2304 3370 2362 Jesus
3397 2308 3647 2364 Christus

378 2399 687 2470 ἀποστολὴν
729 2401 809 2464 εἰς
837 2401 1083 2472 ὑπακοὴν
1121 2403 1360 2468 πίστεως
1395 2406 1454 2460 ὲν
1485 2409 1619 2460 πᾶσι
1666 2413 1778 2474 τοῖς
1817 2411 1966 2466 ἔθνε-

2066 2404 2328 2459 Dominus
2377 2408 2583 2465 noster,
2636 2414 2733 2470 per
2760 2412 2922 2468 quem
2967 2399 3277 2468 accepimus
3304 2400 3556 2470 gratiam,
3592 2411 3647 2456 et

380 2505 464 2540 σιν
492 2489 634 2561 ὑπὲρ
660 2489 752 2542 τοῦ
787 2490 1049 2560 ὀνόματος
1069 2493 1288 2547 αὑτοῦ.»
1322 2496 1380 2548 ’0
1405 2495 1514 2568 γὰρ
1534 2497 1668 2562 Θεὸς
1701 2498 1762 2552 τὸ
1785 2500 1964 2570 Εὐαγ-

2064 2495 2347 2566 apostolici
2406 2493 2650 2548 muneris
2690 2490 3056 2554 iunctionem,
3091 2500 3147 2546 ut
3191 2492 3482 2548 obediatur
3523 2493 3646 2548 ﬁdei

378 2579 558 2648 γέλιον
604 2581 798 2636 ἑαυτοῦ
851 2586 1322 2656 προεπηγγείλατο
1357 2587 1445 2642 διὰ
1477 2588 1588 2642 τῶν
1623 2592 1918 2663 προφητῶν
1945 2634 1961 2658 ,

2067 2589 2214 2643 inter
2251 2601 2444 2640 omnes
2495 2593 2688 2655 gentes
2736 2598 2900 2654 super
2947 2583 3116 2654 ipsius
3159 2584 3400 2640 nomine.
3445 2604 3464 2636 ι
3506 2585 3648 2641 Deus

379 2672 800 2744 ὑπηρετούντων
825 2675 936 2728 τῶν
968 2678 1281 2748 προφητῶν,
1314 2680 1406 2733 καὶ
1435 2681 1666 2751 ἑχόντων
1696 2682 1787 2735 τὸν
1809 2682 1964 2751 λόγον

2064 2680 2207 2733 enim
2236 2677 2589 2746 Evangelium
2609 2690 2766 2730 suum
2795 2677 3269 2746 praenuntiaverat
3290 2691 3388 2746 per
3415 2679 3649 2747 prophe-

373 2763 474 2818 τοῦ
533 2765 606 2818 δι’
631 2761 727 2829 οὗ,
766 2768 861 2822 καὶ
889 2768 1071 2831 πάλιν,
1098 2771 1127 2822 ὁ
1152 2768 1286 2833 Θεὸς
1310 2770 1476 2825 ἔδωκε
1512 2772 1672 2844 χάριν
1705 2775 1798 2826 καὶ
1828 2775 1965 2828 ἀπο-

2067 2780 2188 2838 tas,
2243 2769 2789 2826 subministrantibus
2845 2767 3165 2836 prophetis,
3213 2777 3266 2823 et
3319 2767 3648 2824 habentibus

379 2857 580 2928 στολὴν
633 2859 715 2923 είς
758 2860 1006 2930 ὑπακοὴν
1047 2861 1284 2926 πίστεως
1340 2865 1398 2916 ὲν
1449 2866 1582 2918 πᾶσι
1635 2869 1748 2929 τοῖς
1787 2865 1963 2921 ἔθνεσι

2066 2872 2374 2912 sermonem
2409 2855 2573 2917 illius,
2611 2855 2698 2910 cui
2725 2856 2981 2925 competit
3008 2872 3101 2925 per
3119 2873 3291 2925 quem,
3318 2867 3373 2911 et
3403 2872 3643 2924 rursum,

382 2948 581 3019 Παύλῳ
633 2951 725 3004 xal.
767 2955 881 3014 τοῖς
924 2951 1160 3019 λοιποῖςο
1219 2955 1315 3009 καὶ
1377 2956 1544 3010 ἔδωκε
1595 2958 1682 3012 διὰ
1727 2959 1962 3031 Χριστοῦ

2069 2951 2209 3006 Deus
2241 2950 2390 3006 dedit
2425 2948 2654 3020 gratiam
2703 2957 2760 3002 et
2801 2947 3080 3018 apostolici
3129 2949 3370 3005 muneris
3410 2949 3647 3006 functio-

391 3041 570 3114 Ἰησοῦ
622 3043 717 3096 τοῦ
757 3044 1010 3116 Σωτῆρος
1037 3045 1254 3116 ἔχοντος
1296 3047 1358 3100 τὸ
1394 3047 1470 3102 δι’
1495 3045 1589 3104 οὗ.
1631 3051 1742 3104 Καὶ
1795 3054 1854 3105 ἐν
1894 3055 1961 3124 τῇ

2067 3057 2190 3096 nem
2221 3041 2386 3096 Paulo
2414 3051 2470 3095 et
2496 3039 2744 3108 reliquis,
2778 3047 2837 3093 ut
2862 3039 3116 3093 ohediant
3148 3039 3272 3094 ﬁdei
3299 3053 3491 3094 omnes
3518 3055 3648 3110 gen-

377 3131 521 3228 πρδς
593 3131 1010 3228 Ἐϐραίουςπὸ
1063 3136 1227 3228 αύτὸς
1287 3137 1500 3201 Παῦλός
1520 3155 1718 3209 φησιν·
1780 3158 1798 3191 ι
1843 3141 1960 3195 Ἐπ’
1991 3169 2025 3228 C

1996 3169 2032 3228 α
2070 3145 2180 3199 tes;
2223 3143 2277 3187 et
2302 3132 2449 3186 dedit
2480 3146 2575 3200 per
2615 3130 2890 3186 Christum
2924 3129 3275 3186 Servatorem
3304 3172 3321 3199 ,
3356 3133 3644 3188 habentem

377 3224 612 3295 ἐσχάτου
645 3225 754 3278 τῶν
779 3226 1001 3298 ἡμερῶν
1031 3227 1293 3298 ἐλάλησεν
1315 3232 1445 3301 ἡμῖν
1474 3231 1532 3284 ἐν
1558 3231 1693 3302 Υίῷ,
1718 3232 1776 3286 ὃν
1796 3233 1958 3304 ἔθηκε
1999 3221 2025 3228 ⁷

1999 3221 2032 3228 '
2067 3223 2384 3294 particulam
2413 3238 2508 3291 per
2549 3240 2720 3292 quem.
2759 3223 2821 3276 Et
2857 3223 2909 3275 in
2935 3221 3172 3294 Epistola
3224 3225 3291 3277 ad
3345 3224 3598 3280 Hebraeos
3629 3225 3646 3257 ¹

377 3315 716 3388 κληρονόμον
742 3317 979 3386 πάντων,
1003 3319 1070 3373 δι’
1091 3313 1152 3373 οῦ
1183 3321 1276 3374 καὶ
1303 3322 1428 3385 τοὺς
1459 3321 1664 3386 αἰῶνας
1683 3323 1922 3396 ἐποίησε·
1938 3345 1954 3376 ι

2067 3318 2182 3386 ipse
2213 3315 2410 3371 Paulus
2463 3315 2661 3385 inquit,
2705 3334 2724 3367 ι
2762 3315 2818 3370 lu
2849 3315 3166 3371 novissimis
3208 3316 3401 3370 diebus
3437 3315 3650 3373 locutus

374 3408 646 3464 διδάσκων
680 3410 864 3482 ἡμᾶς,
906 3411 987 3464 ὅτι
1037 3413 1065 3466 ὁ
1110 3411 1244 3476 Θεὸς
1285 3413 1412 3477 τοὺς
1448 3414 1650 3491 αἰῶνμς
1690 3417 1959 3483 πεποίηκε

2067 3418 2152 3464 est
2179 3409 2334 3463 nobis
2363 3408 2415 3463 in
2453 3407 2613 3472 Filio,
2644 3423 2803 3479 quem
2849 3410 3031 3478 posuit
3066 3408 3339 3464 haeredem
3379 3408 3646 3474 omnium,

373 3501 464 3554 διά
495 3501 590 3554 τοῦ
617 3502 767 3566 Υίοῦ,
795 3503 854 3556 ὲν
879 3503 958 3574 τῷ
982 3503 1107 3568 τοὺς
1134 3503 1336 3569 αἰῶνας
1377 3506 1622 3575 γίνεσθαι
1664 3507 1758 3562 τοῦ
1784 3511 1959 3562 Μονο-

2068 3515 2164 3566 per
2187 3513 2347 3564 quem
2376 3497 2506 3554 fecit
2526 3507 2580 3553 et
2611 3499 2831 3565 saecula,
2859 3517 2877 3552 ι
2905 3500 3108 3555 docens
3140 3515 3238 3554 nos
3255 3498 3422 3553 Deum
3451 3501 3647 3555 smcula

374 3598 568 3662 γενοῦς
618 3594 831 3666 ἔχοντος
859 3597 923 3650 τὸ
949 3595 1023 3649 δι’
1049 3593 1147 3653 οὗ.
1183 3597 1339 3651 Οῦτω
1386 3599 1566 3652 τοίνυν
1621 3601 1718 3654 καὶ
1772 3601 1960 3655 ἐνθάδε

2069 3591 2266 3647 fecisse
2309 3607 2406 3657 per
2435 3591 2631 3646 Filium
2657 3629 2675 3655 ,
2720 3590 3011 3658 Uuigeuito
3055 3590 3290 3644 habente
3324 3591 3644 3658 particulam

375 3685 490 3756 (10)
530 3687 577 3738 εἰ
626 3687 802 3741 πάντα
838 3686 926 3741 διά
977 3688 1071 3741 τοῦ
1119 3689 1294 3758 Λόγου
1327 3691 1565 3759 ἐγένετο,
1609 3693 1706 3764 οὐχ
1740 3693 1843 3748 ὑπὸ
1866 3694 1960 3748 τοῦ

2065 3681 2145 3734 δι’
2170 3675 2251 3747 οῦ,
2271 3679 2347 3753 [id
2369 3689 2472 3747 est,
2491 3695 2580 3748 per
2594 3677 2792 3750 quem,]
2815 3680 2940 3734 dum
2960 3677 3154 3735 szecula
3185 3679 3398 3734 ﬁerent.
3430 3678 3520 3733 Sic
3551 3679 3649 3749 igi-

374 3777 552 3846 Λόγου
599 3778 836 3846 ἐγένετο,
879 3779 997 3834 ἀλλ’
1062 3781 1168 3834 ὑπὸ
1209 3781 1519 3853 κρείττονος
1567 3783 1660 3836 καὶ
1714 3783 1960 3854 μείζονος

2070 3783 2156 3827 tur
2186 3772 2288 3826 hoc
2315 3770 2479 3826 etiam
2513 3772 2566 3826 in
2597 3770 2734 3837 loco,
2761 3771 2807 3827 si
2829 3773 3009 3826 omnia
3042 3787 3140 3841 per
3161 3770 3478 3826 Sermonem
3503 3770 3647 3825 facta

374 3871 532 3943 παρά
559 3871 650 3925 τὸν
678 3873 869 3942 Λόγον.
901 3873 999 3937 Τίς
1046 3873 1092 3926 δ’
1145 3872 1212 3928 ἂν
1254 3873 1413 3938 ἄλλος
1457 3869 1610 3939 οὗτος
1648 3876 1890 3948 τυγχάνῃ
1924 3877 1957 3949 ἦ

2067 3862 2307 3928 fuerunt,
2327 3879 2434 3918 non
2458 3878 2488 3917 a
2513 3863 2778 3920 Sermone
2802 3863 2946 3918 facta
2979 3862 3328 3928 fuerunt,sed
3359 3864 3427 3918 ab
3459 3878 3526 3919 eo
3553 3862 3647 3932 qui

373 3963 407 4015 ὁ
434 3962 625 4032 Πατήρ
642 3979 656 4027 ;
674 3963 1017 4028 Ἐξεταστέον
1043 3963 1120 4029 δὲ,
1147 3963 1380 4033 ἀληθοῦς
1413 3965 1566 4030 ὄντος
1590 3966 1706 4032 τοῦ,
1727 3987 1745 4020 ι
1776 3969 1962 4022 Πάντα

2069 3961 2184 4030 ipso
2225 3958 2488 4014 Sermone
2518 3956 2693 4024 major
2738 3967 2844 4023 est,
2873 3972 3033 4028 quem
3063 3959 3188 4028 quis
3237 3957 3400 4011 alium
3447 3957 3647 4012 dixerit

373 4050 443 4104 δι’
476 4052 642 4106 αὐτοῦ
667 4053 935 4121 ὲγένετο,ι
962 4057 1010 4107 εί
1034 4057 1128 4108 καὶ
1151 4057 1213 4110 τὸ
1241 4056 1467 4127 Πνεῦμα
1490 4058 1551 4110 τὸ
1583 4058 1736 4127 ἅγιον
1763 4059 1830 4111 δι’
1859 4060 1960 4113 αύ-

2066 4067 2227 4120 quam
2273 4049 2488 4103 Patrem
2523 4049 2698 4119 ipsum
2733 4049 3139 4117 ?.-Qua*rendum
3169 4059 3255 4104 est
3291 4058 3345 4102 et
3390 4049 3546 4113 illud,
3575 4063 3647 4102 an

374 4144 472 4197 τοῦ
499 4145 732 4213 ἐγένετο.
758 4144 924 4218 Οἶμαι
953 4147 1082 4220 γὰρ,
1106 4149 1190 4202 ὅτι
1210 4147 1288 4220 τῷ
1319 4149 1418 4220 μὲν
1438 4149 1699 4220 φάσκοντι
1730 4153 1961 4225 γενητὸν

2069 4143 2183 4211 ipse
2209 4143 2374 4198 etiam
2414 4139 2650 4212 Spiritus
2673 4152 2896 4197 sanctus
2919 4157 3017 4210 per
3033 4143 3211 4212 ipsum
3240 4142 3312 4196 sit
3339 4141 3536 4206 factus,
3557 4156 3649 4196 ve-

373 4235 512 4287 αὐτὸ
543 4231 703 4299 εἶναι,
741 4237 835 4290 καὶ
855 4238 1166 4310 προϊεμένῳ
1193 4239 1282 4292 τό⁶
1307 4258 1325 4291 ι
1359 4239 1542 4293 Πάντα
1561 4240 1630 4294 δι’
1650 4241 1816 4295 αὐτοῦ
1840 4243 1962 4312 ὲγέ-

2068 4250 2185 4289 rum
2212 4250 2333 4289 cum
2368 4235 2458 4298 sit,
2492 4234 2674 4288 omnia
2700 4249 2798 4304 per
2831 4232 3150 4290 Sermonem
3186 4233 3327 4289 facta
3359 4233 3545 4289 fuisse.
3568 4238 3647 4289 Ac

374 4344 519 4392 νετο,
546 4348 565 4379 ι
601 4329 896 4397 ἀναγκαῖον
928 4329 1356 4401 παραδέξασθαι,
1374 4331 1532 4384 ὅτιτὸ
1557 4334 1711 4400 ἆγιον
1737 4332 1961 4403 Πνεῦμα

2067 4341 2189 4381 meo
2213 4327 2430 4396 quidem
2466 4325 2694 4396 judicio,
2727 4327 2770 4380 si
2803 4326 2926 4395 quis
2960 4326 3104 4380 dicat
3132 4325 3337 4380 factum
3367 4338 3492 4380 esse
3525 4323 3648 4394 Spi-

373 4421 465 4475 διά
495 4419 590 4474 τοῦ
619 4421 793 4490 Λόγου
831 4421 1070 4490 ἐγένετο,
1114 4423 1489 4495 πρεσϐυτέρου
1519 4424 1648 4496 παρ’
1681 4425 1814 4478 αὐτὸ
1848 4424 1959 4498 (li)

2069 4419 2232 4474 ritum
2283 4429 2554 4484 sanctum,
2586 4427 2641 4473 et
2672 4419 2928 4473 admittat
2973 4419 3155 4472 omnia
3185 4432 3284 4486 per
3323 4418 3646 4473 Sermonem

375 4509 473 4564 τοῦ
517 4511 692 4580 Λόγου
738 4513 1114 4583 τυγχάνοντος.
1165 4514 1257 4585 Τῷ
1303 4515 1360 4567 δὲ
1411 4517 1485 4587 μὴ
1539 4516 1847 4588 βουλομένῳ
1901 4519 1963 4570 τὸ
1995 4535 2023 4592 ί

1997 4535 2040 4592 D
2069 4510 2209 4565 facta
2241 4509 2432 4575 fuisse,
2461 4509 2508 4564 is
2536 4509 2700 4564 etiam
2735 4507 2969 4564 fateatur
3000 4523 3222 4564 necesse
3245 4517 3351 4576 est,
3384 4507 3645 4578 Spiritum

376 4603 538 4671 ἅγιον
581 4603 806 4675 Πνεῦμα
832 4604 920 4658 διὰ
944 4603 1039 4659 τοῦ
1073 4603 1311 4678 Χριστοῦ
1343 4607 1648 4675 γεγονέναι,
1671 4608 1863 4661 ἕπεται
1899 4607 1960 4660 τὸ

2067 4606 2241 4676 ipsum
2282 4620 2311 4658 a
2341 4604 2605 4659 Sermone
2649 4604 2876 4671 factum,
2921 4604 3174 4658 nimirum
3225 4603 3486 4659 Sermone
3527 4603 3647 4672 ipso

376 4692 672 4762 ἀγέννητον
717 4693 848 4747 αὐτὸ
879 4694 1058 4763 λέγειν
1092 4694 1420 4766 (12),ἀληθῆ
1459 4695 1527 4749 τὰ
1570 4697 1628 4750 ἐν
1673 4695 1751 4768 τῷ
1786 4698 1963 4766 Εὐαγ-

2068 4699 2378 4768 antiquiore
2423 4698 2724 4754 exsistente
2753 4697 2870 4766 ipso
2899 4696 3122 4768 Spiritu.
3145 4695 3250 4764 Qui
3267 4711 3398 4750 vero
3415 4695 3648 4751 noluerit

375 4780 546 4852 γελίῳ
571 4781 744 4853 τούτῳ
773 4779 910 4838 εἶναι
962 4785 1222 4855 κρίνοντι.
1260 4787 1452 4839 Ἔσται
1490 4785 1548 4838 δέ
1579 4802 1664 4849 τις
1710 4787 1805 4840 καὶ
1846 4787 1965 4859 τρί-

2069 4791 2331 4862 Spiritum
2364 4800 2610 4845 sanctum
2645 4803 2744 4858 per
2776 4789 3054 4844 Christum
3099 4787 3266 4842 fuisse
3306 4785 3534 4852 factum,
3554 4799 3646 4840 se-

374 4889 471 4938 τος
493 4874 605 4946 (15)
632 4875 784 4946 παρά
807 4877 934 4941 τοὺς
967 4876 1080 4941 δύο,
1117 4879 1212 4932 τόν
1247 4896 1306 4932 τε
1336 4877 1426 4932 διὰ
1459 4879 1555 4932 τοῦ
1585 4878 1762 4948 Λόγου
1789 4897 1966 4951 παρα-

2070 4880 2257 4950 quitur
2286 4889 2346 4934 ut
2366 4879 2582 4941 is,vera
2608 4879 2838 4935 credens
2869 4895 2989 4951 qua:
3012 4878 3185 4934 inhoc
3201 4875 3493 4948 Evangelia
3519 4884 3648 4932 sunt

450 4963 500 4998 ⁸⁸
524 4963 683 5024 Joan.
731 4983 770 5032 ι,
823 4969 876 5023 ὅ.
974 4969 1022 5003 ⁹⁹
1055 4985 1176 5041 cap.
1217 4985 1258 5036 ι,
1288 4986 1432 5028 vers.
1474 4973 1527 5040 1,
1576 4972 1613 5026 2
1652 4988 1807 5042 seqq.
1888 4972 1905 5004 ¹
1931 4987 2090 5043 cap.t

829 4969 876 5023 5.
974 4969 1022 5003 ⁹⁹
1055 4985 1176 5041 cap.
1217 4985 1258 5036 ι,
1288 4986 1432 5028 vers.
1474 4973 1527 5040 1,
1576 4972 1613 5026 2
1652 4988 1807 5042 seqq.
1888 4972 1905 5004 ¹
1931 4987 2050 5043 cap.
2076 4989 2115 5038 I,
2151 4988 2297 5028 vers.
2337 4974 2390 5042 1,
2421 4972 2477 5027 2.

452 5057 566 5128 (10)
601 5059 765 5134 Οὕτω
800 5061 1136 5134 τοίνυνκαὶ
1178 5062 1411 5128 ἐνθάδε,
1434 5074 1543 5119 etc.
1579 5063 1836 5134 Imperite
1881 5064 1972 5120 hic
2089 5065 2100 5119 l

2089 5064 2282 5134 Patres
2313 5066 2584 5121 removeri
2615 5064 2804 5121 velint.
2832 5064 3064 5120 Basilius
3089 5062 3305 5134 quidem
3341 5062 3552 5134 homil,
3578 5064 3645 5118 17

380 5127 571 5208 lapsus
599 5140 682 5184 est
721 5130 984 5208 Origenes
1033 5149 1182 5208 cum
1211 5149 1242 5188 a
1304 5127 1464 5208 Patre
1517 5127 1697 5189 omnia
1747 5139 1968 5208 condita
2079 5133 2299 5208 Cont_ra_
2325 5135 2528 5208 Sabell.
2585 5135 2795 5208 idcirco
2823 5127 3396 5208 Spiritum-sanctum
3429 5133 3498 5187 ab
3543 5133 3649 5190 hoc

380 5203 598 5280 statuit,
629 5215 734 5280 non
775 5204 940 5280 etiam
995 5216 1026 5256 a
1061 5203 1259 5269 Verbo,
1312 5213 1374 5258 ut
1407 5205 1858 5262 demonstramus
1909 5207 1962 5260 in
2077 5205 2338 5280 vocabulo
2355 5207 2629 5280 proliihet,
2657 5207 2797 5280 quod
2827 5203 2944 5262 haec
2972 5207 3473 5280 capturi-[humanm
3499 5219 3647 5280 men:

385 5269 739 5341 Origenianis.
775 5269 1041 5341 Husrtus.
2075 5277 2147 5331 tis
2172 5269 2430 5341 superent
2462 5296 2474 5330 :
2514 5269 2892 5332 Theodoretus
2935 5269 3118 5330 autem
3147 5271 3358 5340 Dialog.
3405 5275 3460 5336 5,
3499 5275 3644 5339 quod

454 5337 568 5418 (11)
609 5340 1021 5418 Πρεσϐυτέρρυ
1059 5343 1394 5418 παρ’-αὐτό,
1435 5351 1568 5418 etc._
1593 5343 1718 5400 Haec
1745 5345 1964 5400 videtur
2068 5360 2102 5398 v

2068 5337 2466 5418 voxgej'usmo‘di
2511 5345 2562 5399 in
2618 5346 2920 5418 scripturis
2959 5346 3131 5401 sacris
3173 5337 3401 5415 Spiritui
3453 5337 3646 5400 sancto

383 5413 606 5501 SBE-.8138
624 5425 876 5501 “persona
910 5413 1114 5480 dicere,
1147 5413 1303 5481 cujus
1334 5415 1663 5469 sententiam
1708 5419 1954 5486 exponit,
2067 5415 2620 5501 minimelribuatur.
2651 5413 2759 5471 ln.‘
2825 5487 2837 5501 I
2950 5487 2961 5501 ο
3215 5413 3290 5501 ﬁ"
3686 5451 3700 5501 ν

385 5492 586 5555 nones
623 5477 861 5555 sumit).
969 5549 982 5555 _
1101 5477 1108 5480 ⁷
1213 5477 1227 5481 ’
1780 5477 1795 5486 ’
1939 5477 1951 5483 ’

2139 5486 2253 5555 (15)
2288 5487 2503 5540 Ἔσται
2530 5485 2598 5539 δέ
2626 5503 2718 5553 τις
2741 5487 2841 5540 καὶ
2868 5487 3082 5555 τρίτος,
3101 5496 3210 5542 etc.
3244 5485 3372 5540 Haec
3402 5499 3526 5538 cum
3559 5499 3644 5538 se-

460 5547 572 5626 (ΙΞ)
628 5549 870 5626 ’ςΕπεται
920 5549 1365 5618 τύάγέννητον
1418 5554 1564 5608 αὐτὸ
1630 5555 1852 5626 λέγειν.
1899 5557 1958 5612 Si
2066 5570 2108 5626 ψ

2066 5547 2379 5626 quentibus,
2405 5557 2562 5626 adid
2594 5547 2997 5626 usq-uelct'el;
3022 5547 3084 5609 τό
3111 5573 3125 5585 ·
3167 5555 3370 5607 Πάντα.
3401 5558 3643 5626 el_t‘.,8ub

388 5618 878 5697 perndyéwqfov,
947 5633 1052 5697 non
1086 5635 1316 5679 creatum
1354 5663 1370 5683 .
1436 5627 1517 5697 vel
1566 5643 1668 5678 non
1713 5618 1961 5696 'geuitum
2066 5618 2228 5680 linem
2269 5618 2420 5680 num.
2474 5625 2526 5691 6,
2563 5618 2694 5694 qua!
2735 5629 2892 5682 uncis
2949 5618 3283 5697 inclusimus,
3339 5627 3392 5677 in
3443 5623 3640 5697 Ferra-

389 5687 682 5764 iuteiligas,
719 5687 962 5764 Spiritui
1013 5704 1208 5747 sancto
1267 5695 1590 5759 conveniet;
1653 5697 1697 5750 si
1726 5687 1846 5764 'pro
1895 5713 1962 5750 co
2067 5697 2220 5750 riana
2251 5687 2699 5764 interpretati-oue
2728 5713 2834 5750 non
2861 5707 3200 5764 comparent.
3218 5695 3642 5750 Observavimus

389 5759 530 5821 tptod
563 5758 1000 5834 priucipio__curet
1034 5773 1342 5834 usurpctur,
1387 5780 1490 5834 non
1527 5758 1676 5818 item.
1713 5758 1846 5819 illnc
1878 5779 1962 5819 est
2065 5767 2264 5834 quippe
2296 5758 2412 5819 loca
2443 5766 2692 5834 Origenis
2711 5768 2890 5834 aliqua
2921 5758 3190 5832 perversae
3219 5766 3484 5820 doctrinae
3517 5765 3637 5816 labe

391 5840 488 5883 cur
523 5841 639 5882 eam
692 5830 1109 5903 appellationem
1165 5830 1202 5888 ξι
1253 5831 1460 5907 Spiritu
1514 5847 1703 5891 sancto
1759 5836 1958 5892 vetusti
2065 5830 2290 5902 fwdata,
2325 5837 2438 5892 sive
2470 5830 2729 5906 lli—ipsius
2784 5830 3040 5904 auctoris,
3089 5837 3202 5892 sive
3259 5837 3313 5892 in
3370 5833 3634 5889 lectorum
