4174 6444
495 357 597 414 127

1982 360 2306 418 ORIGENIS

3662 362 3764 415 128

489 476 716 546 scripta,
770 474 1032 545 Spiritum
1085 478 1260 546 ipsum
1321 479 1618 548 ingenitum
1649 490 1880 534 asserat.
1931 481 2068 553 [Erit

2179 483 2468 553 δεχόμενον
2511 483 2572 534 τὸ
2625 480 2851 552 Πνεῦμα
2899 480 2960 533 τὸ
3005 481 3158 549 ἆγιον
3188 478 3507 547 γεγονέναι,
3543 483 3636 530 καὶ
3677 479 3764 530 τὸν

488 577 678 623 autem
739 571 905 625 etiam
957 571 1152 642 aliquis
1212 574 1441 637 tertius,
1494 583 1691 641 praeter
1745 575 1844 629 hos
1901 575 2072 642 duos,

485 677 612 720 eum
653 664 866 720 scilicet
903 668 996 732 qui
1048 682 1147 735 per
1185 667 1421 721 Verbum
1475 666 1678 720 factum
1737 667 1904 722 fuisse
1951 667 2077 736 Spi-

488 750 654 804 ritum
712 763 961 807 sanctum
1017 755 1270 810 concedit
1313 795 1329 820 ,
1383 766 1439 809 et
1477 771 1599 810 eum
1661 758 1752 826 qui
1811 773 1917 811 non
1963 759 2068 828 61

489 840 690 896 tactum
741 858 864 898 eum
924 846 1252 911 existimat,
1305 857 1555 904 statuens
1617 853 1816 906 nullam
1881 867 2071 906 esseu-

488 935 618 987 tiam
649 943 904 991 constare
947 938 1184 1007 Spiritus
1218 941 1392 994 sancti
1422 943 1718 1011 propriam,
1750 959 1870 1010 quae
1894 961 1920 1000 a
1962 945 2069 1000 Pa-

494 1036 578 1081 tre
607 1036 660 1082 et
691 1027 828 1083 Filio
867 1030 1079 1085 diversa
1136 1033 1244 1096 sit;
1295 1035 1390 1087 sed
1423 1035 1467 1087 si
1514 1035 1755 1089 animum
1804 1039 2071 1104 advertat,

494 1117 745 1174 fortassis
775 1122 1051 1176 diversum
1083 1139 1203 1179 esse
1249 1128 1428 1194 potius
1457 1141 1486 1179 a
1533 1126 1672 1182 Filio
1707 1127 1921 1183 Patrem
1954 1133 2070 1184 cxi-

487 1211 750 1276 stimabit,
787 1214 930 1281 quod
979 1215 1023 1270 is
1073 1216 1218 1270 idem
1255 1218 1402 1287 quod
1441 1218 1603 1273 Pater
1635 1221 1737 1281 sit,
1775 1225 1918 1292 quod
1953 1224 2074 1279 sine

487 1307 860 1361 controversia
899 1308 1184 1364 distinctio
1222 1310 1531 1367 declaretur
1569 1313 1803 1382 Spiritus
1838 1317 2007 1370 sancti
2043 1333 2072 1372 a

487 1395 624 1450 Filio
657 1398 760 1453 hoc
795 1399 910 1453 loco
942 1401 999 1455 ἐ
1028 1418 1046 1451 ι
1076 1400 1177 1467 Qui
1199 1402 1424 1456 verbum
1449 1405 1652 1457 dixerit
1675 1407 1727 1458 in
1754 1405 1949 1459 Filium
1976 1409 2073 1462 lto-

489 1487 674 1552 minis,
699 1490 1000 1546 dimittetur
1020 1493 1068 1546 ei
1092 1510 1106 1559 ;
1131 1493 1220 1562 qui
1243 1505 1424 1548 autem
1450 1494 1845 1564 blasphemiam
1872 1498 2074 1553 dixerit

488 1578 542 1632 in
576 1579 838 1648 Spiritum
868 1595 1145 1650 sanetum,
1185 1599 1290 1640 non
1324 1587 1630 1642 dimittetur
1657 1591 1704 1643 ei
1738 1604 1836 1645 nec
1869 1592 1920 1644 in
1971 1594 2074 1648 hoc

487 1672 705 1736 saeculo,
727 1689 824 1728 nec
847 1676 898 1728 in
922 1675 1124 1733 futuro.
1151 1695 1170 1728 ι
1197 1676 1305 1732 Nos
1332 1689 1510 1732 autem
1534 1681 1625 1748 qui
1655 1691 1764 1736 tres
1787 1697 2070 1750 personas,

485 1761 746 1829 Patrem,
788 1779 841 1821 et
873 1766 1094 1832 Filium,
1134 1779 1299 1839 atque
1336 1769 1601 1838 Spiritum
1651 1784 1898 1828 sanctum
1952 1791 2073 1831 esse

2179 573 2477 642 ἀγέννητον
2504 573 2668 627 αὐτὸν
2693 568 2830 626 εἶναι
2865 571 3319 641 ὑπολαμϐάνοντα
3344 611 3358 633 ,
3417 568 3764 638 δογματίζων

2184 663 2318 734 μηδὲ
2358 662 2547 715 οὐσίαν
2593 663 2715 715 τινά
2770 661 2880 732 (14)
2935 662 3070 715 ἰδίαν
3121 662 3420 730 ὑφεστάναι
3468 659 3562 712 τοῦ
3605 660 3762 726 ἁγίου

2178 755 2495 826 Πνεῦματος
2531 754 2720 825 ἑτέραν
2771 755 2922 826 παρά
2950 754 3042 807 τὸν
3085 754 3303 823 Πατέρα
3346 753 3440 806 καὶ
3476 751 3570 805 τὸν
3611 751 3757 806 Υίόν.

2192 847 2351 900 Ἀλλά
2403 845 2546 916 τάχα
2601 845 3024 916 προστιθέμενος
3065 845 3268 915 μᾶλλον
3297 843 3392 896 ἐὰν
3422 843 3534 912 (15)
3577 843 3762 913 ἕτερον

2177 939 2373 1012 νομίζῃ
2400 934 2536 991 εἶναι
2567 938 2660 992 τὸν
2697 938 2824 990 Υίὺν
2860 937 3013 1009 παρά
3041 937 3132 991 τὸν
3159 937 3398 1008 Πατέρα,
3426 935 3503 1005 τῷ
3529 935 3590 988 τὸ
3630 933 3763 986 αὐτὸ

2177 1029 2324 1100 αὐτῷ
2347 1019 2656 1099 ’τυγχάνειν
2687 1027 2766 1098 τῷ
2804 1029 2981 1099 Πατρὶ
3006 1067 3020 1091 ,
3054 1026 3498 1098 ὁμολογουμένως
3555 1025 3760 1098 διαιρέ-

2178 1140 2316 1184 σεως
2354 1121 2688 1193 δηλουμένης
2735 1121 2827 1174 τοῦ
2895 1121 3048 1189 ἁγίου
3108 1119 3426 1190 Πνεῦματος
3475 1117 3628 1189 παρά
3668 1117 3760 1170 τὸν

2177 1215 2305 1269 Υίὸν
2340 1217 2398 1268 ὲν
2437 1215 2552 1285 τῷ·
2597 1232 2617 1266 t
2653 1216 2749 1278 Ὃς
2791 1215 2886 1268 ὲάν
2919 1214 3049 1288 εἴπῃ
3087 1213 3242 1282 λόγον
3292 1212 3436 1267 κατά
3484 1210 3579 1264 τοῦ
3628 1208 3758 1263 Υἱοῦ

2173 1307 2268 1362 τοῦ
2308 1306 2618 1378 ἀνθρώπου,
2670 1308 3004 1378 ἀφεθήσεται
3033 1307 3182 1377 αὐτῷ
3205 1323 3219 1338 ο
3265 1307 3324 1370 ὃς
3357 1305 3402 1359 δ’
3428 1306 3494 1358 ἂν
3523 1303 3759 1374 βλασφηο

2179 1402 2328 1474 μήση
2383 1404 2462 1465 είς
2505 1401 2567 1455 τὸ
2609 1402 2763 1470 ἆγιον
2813 1399 3041 1470 Πνεῦμα
3067 1440 3081 1464 ,
3117 1401 3217 1470 οὐχ
3260 1399 3371 1466 ἕξει
3406 1400 3757 1468 ἀφεσιν,οῦτε
3850 1455 3861 1464 ,

2173 1495 2233 1546 ὲν
2274 1493 2352 1564 τῷ
2390 1493 2544 1548 αίῶνι
2589 1494 2786 1564 τούτῳ,
2824 1491 2947 1546 οὔτε
2983 1495 3038 1546 ἐν
3085 1492 3161 1562 τῷ
3204 1492 3467 1564 μέλλοντι.
3499 1511 3518 1545 ι
3569 1495 3759 1566 Ἡμεῖς

2178 1585 2359 1656 μέντοι
2380 1603 2443 1655 γε
2471 1587 2618 1657 τρεῖς
2645 1586 2972 1650 ὑποστάσεις
2997 1585 3305 1656 πειθόμενοι
3340 1586 3649 1656 τυγχάνειν,
3666 1589 3760 1642 τὸν

2176 1679 2392 1752 Πατέρα
2417 1719 2430 1744 ,
2478 1681 2571 1735 καὶ
2623 1680 2712 1733 τὸν
2754 1680 2900 1745 Υίὺν,
2953 1680 3048 1732 καὶ
3094 1679 3155 1731 τὸ
3196 1679 3349 1746 ἀγιον
3387 1679 3632 1750 Πνεῦμα,
3667 1681 3758 1734 καὶ

2175 1770 2471 1840 ἀγέννητον
2520 1772 2686 1842 μηδὲν
2733 1772 2921 1841 ἕτερον
2947 1769 3041 1823 τοῦ
3085 1770 3300 1840 Πατρὸς
3331 1772 3442 1842 (16)
3476 1767 3614 1825 εἶναι
3665 1789 3756 1826 πι-

485 1855 758 1909 credimus
787 1897 803 1921 ,
848 1867 904 1911 et
942 1858 1241 1927 ingenitum
1291 1860 1425 1913 nihil
1457 1872 1655 1930 praeter
1697 1863 1915 1918 Patrem
1952 1879 2068 1924 esse

2181 1839 2485 1928 στεῦοντες,
2621 1839 3010 1935 εὐσεϐέετερον
3041 1862 3135 1916 καὶ
3161 1839 3376 1934 ἀληθὲς,
3419 1839 3758 1936 ττροσιέμεϐα

487 1945 644 1998 nobis
677 1947 1080 2014 persuasimus;
1108 1950 1372 2019 Spiritum
1413 1963 1664 2009 sanctum
1700 1965 1753 2009 et
1792 1957 1860 2011 iis
1891 1959 2067 2012 numi-

485 2037 586 2091 bus
607 2053 724 2107 qua:
751 2054 846 2110 per
871 2041 1106 2097 Verbum
1138 2043 1278 2099 facta
1307 2055 1454 2110 sunt,
1488 2053 1544 2101 et
1571 2047 1768 2102 ordine
1797 2048 1862 2103 iis
1889 2030 2071 2102 omni:

553 2177 574 2208 ²
600 2175 790 2237 Matth.
836 2196 937 2247 xu,
963 2183 1054 2238 52.

486 2317 714 2385 gratiam
740 2334 768 2372 a
801 2319 1052 2374 Ferrario
1079 2322 1278 2376 recisa.
1313 2322 1424 2379 Nos
1451 2324 1540 2379 hic
1559 2325 1857 2379 ascivimus
1884 2325 2072 2379 Perio-

487 2388 724 2462 ni-inam,
741 2401 976 2462 quamet
995 2392 1125 2446 locis
1140 2393 1408 2462 aliquibus
1424 2397 1786 2450 correximus.
1807 2397 2070 2454 HUB‘I‘IUS.

559 2458 577 2528 (
591 2458 668 2531 l4)
688 2458 1050 2529 Δοάγλατίζὶυν
1066 2461 1220 2531 μηδὲ
1233 2458 1456 2517 οὐσίαν
1469 2464 1620 2528 τινά,
1641 2466 1927 2522 ctc.Unam
1961 2478 2074 2521 tan-

489 2538 602 2581 tttm
633 2528 813 2602 Patris
835 2531 1040 2602 etiFilii
1067 2528 1358 2602 personam
1390 2536 1622 2589 credidit
1649 2536 1872 2602 Noetus,
1911 2538 2068 2601 cujus

487 2613 728 2652 errorem
756 2601 948 2654 deinde
971 2601 1256 2669 amplexus
1282 2603 1553 2659 Sabellius
1581 2605 1796 2660 Patrem
1828 2601 1950 2661 cum
1980 2607 2066 2661 Fi—

491 2671 566 2723 lio
589 2681 636 2722 et
657 2669 862 2740 Spiritu
895 2682 1087 2726 sancto
1117 2674 1384 2729 confudit.
1417 2675 1546 2728 Post
1591 2677 1864 2730 Nictenam
1896 2693 2062 2740 syno-

489 2742 620 2792 dum
653 2755 941 2806 entergens
971 2745 1165 2797 iterum
1199 2745 1315 2799 haec
1359 2745 1582 2800 haeresis
1613 2749 1681 2800 ab
1725 2742 2061 2803 Autiochena

488 2809 698 2880 synodo
748 2811 1000 2866 danmata
1042 2824 1146 2880 est,
1199 2816 1274 2869 uti
1328 2816 1496 2870 refert
1547 2817 1786 2873 llilarius
1826 2819 1880 2873 in
1929 2819 2068 2872 libro

489 2878 566 2934 De
595 2881 832 2947 synodis.
866 2881 944 2936 In.

561 2949 674 3092 (15)
705 2949 869 3007 Ἐάν.
903 2953 1042 3020 Lege
1069 2955 1156 3009 ἄν.

562 3019 652 3092 (16
731 3023 843 3076 Καὶ
899 3023 1156 3092 ἀγέννητ

731 3023 866 3097 ΚαὶΔ
899 3019 1236 3097 ᾀγέννητον
1285 3027 1482 3097 μηδὲν
1530 3028 1736 3097 ἕτερον
1781 3030 1888 3082 τοῦ
1949 3033 2066 3082 Ha-

489 3094 650 3168 τούς,
691 3101 796 3146 etc.
832 3092 1228 3168 Origenesiib.
1283 3092 1301 3151 i
1357 3092 1433 3152 De
1479 3092 1774 3167 principiis,
1824 3115 1944 3168 cap.
1975 3102 2010 3154 2
2047 3114 2062 3152 :

494 3181 514 3214 ι
549 3161 623 3216 Ita
661 3177 791 3231 ergo
817 3175 870 3239 et
905 3161 972 3218 ab
1011 3182 1076 3221 eo
1104 3166 1309 3238 (Patre)
1344 3161 1488 3222 Filii'
1518 3161 1868 3222 subsistentia
1894 3161 2065 3239 gene-

491 3234 868 3308 t'attir_;quod
910 3249 1134 3308 necesse
1180 3248 1264 3292 est
1292 3234 1580 3308 imprimis
1606 3241 1806 3307 suscipi
1854 3234 1925 3294 a5
1980 3241 2064 3294 his

489 3304 583 3378 qui
615 3305 751 3378 nillil
801 3305 1125 3378 ingenitum,
1156 3309 1209 3363 id
1253 3319 1336 3362 est
1366 3304 1614 3363 innatum
1645 3304 1841 3378 praeter
1889 3310 2062 3364 solum

490 3373 656 3449 Deum
691 3373 1198 3449 Patrenrfatentur.
1241 3399 1260 3430 ι
1289 3379 1460 3446 Quem
1493 3373 1668 3434 locum
1692 3380 2063 3449 repetitPam-

490 3444 675 3520 ριιίριε
704 3445 757 3498 in
788 3445 1063 3520 Apologia.
1104 3444 1465 3520 Hieronymus
1500 3466 1584 3520 ep.
1623 3449 1713 3511 59,
1742 3444 1810 3500 (id
1829 3448 2062 3513 Avitum,

489 3513 820 3596 de.0rigene
852 3513 1114 3596 laqueus:
1151 3539 1170 3570 ι
1210 3513 1422 3596 Deque
1449 3513 1949 3596 {spiritu_sancto)_,
1987 3522 2065 3574 in-

490 3587 631 3657 quit,
681 3601 806 3657 cum
858 3587 1109 3657 ignorare
1143 3605 1204 3644 se
1251 3587 1397 3644 dicat
1430 3587 1612 3644 utrum
1668 3591 1841 3646 factus
1886 3594 1962 3646 sit
1994 3607 2062 3645 an

491 3655 746 3722 infectus,
775 3656 828 3710 in
863 3655 1264 3723 posterioribus
1295 3661 1425 3725 quid
1476 3663 1541 3715 de
1590 3677 1656 3716 eo
1693 3662 1921 3715 sentiret
1966 3678 2063 3716 ex-

492 3726 710 3797 pressit,
751 3727 882 3797 nibii
913 3730 1120 3797 absque
1144 3733 1261 3785 solo
1293 3729 1457 3784 Patre
1487 3731 1748 3785 iniectum
1779 3748 1899 3786 esse
1934 3747 2066 3786 con-

494 3795 742 3871 ﬁrmans.
780 3815 801 3871 ξ
843 3795 1071 3871 Vocetti_
1095 3800 1411 3871 ἀγέννητον,
1440 3817 1603 3870 quam
1639 3822 1656 3854 ι
1707 3803 2004 3868 ingenitum
2041 3823 2060 3854 ι

491 3867 659 3939 vertit
685 3865 932 3932 Ruﬁnus,
959 3865 1386 3939 Latini'quidam
1418 3865 1608 3925 Patres
1635 3891 1654 3924 ι
1687 3865 1972 3933 infectum,
2011 3883 2067 3927 et

498 3937 866 4003 iuoperatum,
894 3949 952 4010 ei
975 3937 1206 4009 originis
1233 3956 1426 4010 expers
1466 3961 1483 3993 I
1526 3952 1916 4010 exposuerunt.
1954 3943 2058 3996 Ve-

494 4017 639 4080 teres
663 4022 885 4080 quoque
913 4006 1087 4080 Graeci
1119 4006 1413 4078 scriptores
1444 4027 1578 4080 quos
1601 4006 1787 4065 laudat
1821 4014 2067 4065 Athana-

495 4076 616 4130 sius
647 4076 725 4146 De
754 4077 942 4146 synad.
987 4076 1304 4132 Arimin.'et
1337 4076 1569 4145 Scirum,
1607 4092 1660 4136 et
1690 4091 1831 4134 orat.
1864 4080 1900 4133 2
1929 4081 2069 4134 Con-

495 4156 582 4200 tra
621 4145 872 4223 Aricinos,
901 4147 1157 4223 dicebant
1176 4148 1322 4223 Eva?)
1342 4152 1608 4223 ἀγένητον
1633 4153 1661 4203 ὁ
1695 4153 1936 4223 Πατήρ.ι
1953 4151 2068 4205 Una

499 4231 594 4290 res
613 4227 696 4272 est
727 4217 928 4290 infecta
963 4220 1146 4273 Pater.
1186 4240 1206 4272 ι
1245 4217 1528 4290 Multiplei
1557 4223 1757 4290 quippe
1791 4217 1876 4275 est
1919 4223 2070 4276 vocis

495 4286 793 4362 ἀγέννητος
821 4289 1175 4362 signiﬁcatio,
1207 4307 1311 4362 qua
1347 4286 1493 4345 abusi
1531 4286 1719 4346 A'ria'n'i
1740 4304 1796 4346 ct
1819 4292 2067 4345 Anomuzi

497 4359 588 4410 diu
617 4360 978 4427 simpliciores
1012 4359 1260 4416 homines
1295 4362 1553 4416 ludilicati
1573 4373 1718 4417 sunt.
1751 4367 1817 4415 At
1851 4363 2069 4415 audieuo

499 4428 603 4501 dus
636 4429 970 4501 Athanasius
1002 4431 1094 4498 qui
1127 4432 1216 4501 hic
1249 4434 1441 4486 scribit
1475 4450 1488 4486 :
1523 4431 1637 4485 Οὐκ
1660 4431 1962 4501 ἀγνοοῦμεν
1990 4431 2067 4496 δὲ,

497 4497 579 4550 ὅτι
613 4500 706 4552 καὶ
732 4501 780 4552 οἱ
812 4497 1092 4572 εἰρηκότες
1121 4500 1180 4554 ἓν
1208 4503 1268 4555 τὸ
1295 4503 1579 4572 ἀγένητον,
1601 4504 1692 4557 τὸν
1710 4497 1950 4572 ’Πατέρα
1982 4502 2069 4554 λέ-

500 4585 705 4645 γοντες,
733 4571 933 4645 οὺχᾼὼς
960 4572 1189 4645 γενητοῦ
1213 4573 1312 4645 ,καὶ
1345 4571 1643 4645 ποιήματος
1665 4574 1816 4635 ὄντος
1846 4571 1939 4625 τοῦ
1957 4573 2073 4645 -ᾼό-

501 4655 598 4716 γου
630 4639 806 4702 οὕτως
834 4639 1103 4712 ἔγραψαν,
1143 4643 1257 4696 ἀλλ’
1283 4645 1364 4716 ὅτι
1401 4639 1617 4716 μῆέχει
1663 4645 1851 4698 αἴτιον.
1897 4662 1914 4694 t
1956 4641 2072 4697 Noti

504 4711 828 4782 ignoramus
848 4711 1030 4766 autem
1057 4728 1150 4767 eos
1181 4717 1273 4782 qui
1301 4711 1567 4770 dixerunt
1601 4731 1763 4768 uuam
1803 4730 1912 4768 rem
1949 4730 2070 4768 esse

505 4780 801 4854 infectam,
820 4781 1033 4838 Patrem
1065 4780 1343 4849 nimirum,
1364 4799 1471 4839 non
1490 4786 1561 4838 ita
1594 4786 2070 4854 scripsisseiquasi

509 4850 744 4905 Verbum
777 4851 978 4906 factum
1026 4863 1084 4908 et
1127 4855 1404 4908 conditum
1458 4857 1549 4923 sit,
1580 4857 1674 4911 sed
1703 4850 1830 4926 quia
1865 4850 2072 4926 (Pater)

503 4936 724 4975 causam
753 4929 805 4977 et
837 4933 1110 4977 auctorem
1143 4939 1250 4979 non
1285 4927 1466 4980 habet.
1515 4945 1534 4978 ι

577 4981 688 5062 (l7)
711 4993 1079 5065 Προσιέμεθα
1099 4993 1185 5060 τὸ,
1202 4994 1459 5058 πάντων,
1489 5007 1596 5053 etc.
1622 4995 1768 5059 Haac,
1787 5007 2073 5065 quantum-

504 5065 588 5117 vis
616 5065 774 5136 dura,
806 5063 964 5118 facile
990 5067 1400 5130 excusabimus,
1425 5069 1469 5120 si
1493 5069 1742 5123 dicamus
1773 5063 2074 5136 processio-

506 5148 631 5222 neni
669 5133 910 5215 Spiritus
946 5137 1120 5190 sancti
1152 5136 1259 5218 .bic.
1283 5137 1690 5222 si_gttilicari,“et
1748 5133 1814 5191 eo
1853 5138 2072 5222 quidem

505 5205 669 5260 modo
699 5219 808 5272 quo
837 5205 1008 5272 ipsam
1053 5206 1262 5275 antiqui
1319 5205 1570 5262 Ecclesiae
1605 5207 1793 5262 Patres
1838 5205 2076 5275 explica-

507 5283 654 5341 runt,
687 5275 937 5330 diceutes
964 5291 995 5329 a
1023 5275 1184 5329 Patre
1217 5293 1312 5345 per
1338 5277 1535 5332 Filium
1565 5281 1866 5347 procedere
1880 5277 2074 5347 ipipirio

511 5356 622 5416 tum
655 5355 932 5400 sanctum.
971 5347 1207 5416 Cyrillus
1229 5349 1322 5402 lib.
1360 5348 1433 5402 De
1460 5346 1598 5402 recte
1621 5346 1745 5413 ﬁde,
1780 5349 1847 5400 tu!
1875 5346 2072 5416 Tlteod.

512 5414 774 5483 Spiritum
808 5414 1056 5470 sanctum
1084 5419 1276 5471 scribit
1303 5434 1426 5473 esse
1452 5417 1510 5484 ἐξ
1532 5419 1686 5482 Υἱοῦ,
1704 5419 1798 5470 καὶ
1825 5418 1890 5470 δι’
1923 5415 2071 5478 Υἳοῦ,

511 5499 566 5560 Et
596 5488 687 5560 liii.
714 5502 728 5539 ι
764 5485 837 5560 D__e
863 5491 1098 5560 adorat"
1127 5488 1192 5541 ἐκ
1226 5489 1439 5560 Πατρὸς
1462 5489 1528 5540 δι’
1559 5489 1686 5541 Υἱοῦ
1709 5487 2072 5560 προχεόμενον

513 5556 757 5626 Πνεῦμα.
786 5557 938 5622 Quod
976 5559 1112 5611 idem
1148 5556 1422 5627 repetit'iu
1454 5559 1615 5626 epist.
1653 5559 1721 5613 ad
1755 5556 1990 5627 reginas,
2021 5567 2074 5608 et

515 5629 680 5679 \arits
711 5630 858 5681 loets.
895 5628 1260 5683 Damascenus
1285 5629 1377 5683 lib.
1409 5645 1426 5681 ι
1452 5629 1527 5680 De
1569 5630 1662 5695 (id.
1686 5628 1916 5685 ori/1011..
1951 5641 2070 5692 cap.

516 5696 584 5768 18
617 5713 629 5747 :
662 5697 769 5768 Kal.
797 5697 928 5749 Υἱοῦ
1037 5698 1279 5768 Πνεῦμα,
1306 5700 1407 5767 οὐχ
1435 5698 1510 5760 ὡς
1539 5698 1595 5764 εξ
1624 5696 1808 5759 αὐτοῦ,
1839 5695 2073 5768 mla;

512 5765 579 5839 ξε
618 5766 803 5830 αὑτοῦ,
838 5769 903 5820 ὲκ
928 5766 1021 5820 τοῦ
1054 5765 1264 5839 Πατρὸς
1299 5765 1754 5839 ὲκέἑορευόμενον.
1787 5787 1805 5818 ‹
1840 5769 1908 5822 Εῑ
1953 5765 2073 5820 Filii

518 5837 776 5908 Spiritus,
808 5852 913 5892 non
941 5839 1098 5907 quasi
1120 5837 1188 5896 ei
1220 5843 1357 5910 ipso,
1393 5837 1486 5895 sed
1517 5837 1670 5909 quasi
1709 5854 1803 5909 per
1839 5839 2014 5908 ipsum
2042 5853 2071 5892 a

2173 1956 2252 2019 τὺ,
2287 1958 2504 2011 πάντων
2533 1956 2644 2027 (17)
2676 1957 2762 2010 διὰ
2808 1956 2903 2010 τοῦ
2937 1957 3108 2025 Λόγου
3141 1957 3449 2028 γενομένων
3477 1999 3489 2021 ,
3512 1959 3572 2012 τὸ
3602 1959 3756 2027 ἆγιον

2174 2048 2402 2120 Πνεῦμα
2454 2050 2670 2103 πάντων
2716 2045 2854 2102 εἶναι
2899 2048 3241 2120 τιμιώτερον,
3295 2050 3390 2104 καὶ
3436 2049 3586 2114 τάξει
3621 2051 3760 2106 πάν-

2180 2326 2337 2379 Patre
2383 2325 2700 2394 procedens.
2754 2339 2774 2374 ι
2829 2322 3195 2378 Tertullianus
3234 2337 3365 2394 cap.
3414 2323 3448 2376 4
3499 2324 3751 2379 adversus

2181 2393 2541 2450 Praxeamn
2590 2395 2851 2462 Spiritum
2904 2410 3011 2447 non
3062 2393 3282 2447 aliunde
3332 2404 3466 2460 puto
3502 2410 3662 2448 quam
3721 2411 3750 2449 a

2173 2466 2334 2521 Patre
2385 2482 2481 2533 per
2513 2465 2732 2520 Filium.
2774 2484 2793 2516 ι
2830 2463 3068 2519 Hilarius
3115 2463 3208 2517 lib.
3261 2479 3336 2518 xu
3392 2463 3465 2516 De
3504 2463 3697 2522 Triuit.
3731 2483 3752 2520 :

2177 2556 2197 2589 ι
2243 2539 2514 2591 Conserva
2569 2538 2730 2593 hanc.
2767 2550 2887 2598 oro,
2927 2536 3049 2587 ﬁdei
3106 2549 3239 2588 meae
3297 2533 3641 2597 religionem,
3691 2548 3751 2589 tit

2169 2623 2384 2676 semper
2401 2607 2674 2660 obtineam
2711 2605 2924 2676 Patrem
2949 2604 3165 2676 scilicet
3185 2613 3257 2666 te,
3287 2616 3342 2658 et
3373 2602 3567 2657 Filium
3599 2613 3748 2660 tuum

2169 2674 2479 2730 uua’tecum
2515 2678 2759 2739 adorem,
2785 2685 2838 2729 et
2866 2674 3127 2742 Spiritum
3168 2684 3419 2728 sanctum
3455 2683 3626 2737 tuum,
3657 2677 3748 2744 qui

2173 2759 2256 2799 est
2292 2762 2387 2814 per
2431 2747 2781 2816 Unigenitum
2807 2756 2981 2807 tuutn,
3015 2759 3354 2814 promerear.
3395 2763 3414 2796 ι
3453 2745 3583 2816 Vide
3615 2746 3745 2800 item

2173 2814 2559 2872 Florentiuuuf
2588 2816 2900 2878 concilium,
2935 2826 2991 2868 et
3025 2816 3288 2884 'l‘ltomam
3343 2831 3380 2879 ι,
3410 2830 3466 2884 q.
3499 2814 3588 2878 56,
3633 2832 3664 2870 a
3692 2816 3747 2872 3.

2175 2890 2264 2942 Ait
2300 2888 2516 2954 quidem
2566 2886 2767 2940 Paulus
2811 2887 2827 2940 1
2877 2885 3004 2940 Cor.
3037 2901 3154 2954 viti,
3189 2883 3221 2941 6
3253 2902 3266 2938 :
3305 2903 3323 2934 ι
3363 2883 3526 2938 Nobis
3567 2896 3746 2940 tamen

2173 2952 2484 3010 tttitisDcus
2510 2957 2692 3015 Pater.
2725 2971 2791 3010 ex
2818 2971 2926 3023 quo
2950 2952 3157 3015 Omnia,
3191 2964 3248 3007 et
3280 2971 3378 3010 nos
3432 2955 3484 3007 in
3544 2956 3694 3008 illum
3733 2976 3744 3010 :

2173 3039 2226 3081 et
2251 3043 2391 3080 unus
2415 3027 2674 3080 Dominus
2703 3025 2862 3081 Jesus
2893 3027 3166 3088 Christus,
3203 3040 3302 3094 per
3327 3039 3490 3095 quem
3539 3028 3745 3089 omnia,

2172 3109 2228 3151 et
2263 3113 2360 3151 nos
2394 3113 2487 3164 per
2513 3099 2707 3163 ipsum.
2746 3117 2764 3148 ι
2797 3098 2863 3152 Ει
2889 3097 3102 3152 Coloss.
3141 3111 3183 3166 ιἒ
3218 3096 3284 3149 -16
3321 3113 3334 3148 :
3369 3115 3386 3147 ι
3417 3095 3610 3151 Omnia
3652 3113 3748 3166 per

2173 3169 2346 3235 ipsum
2372 3179 2424 3221 et
2449 3169 2499 3218 in
2540 3169 2654 3236 ipso
2687 3179 2870 3222 creata
2899 3177 3048 3220 sunt.
3091 3184 3110 3216 ι
3152 3164 3360 3230 Quibus
3412 3166 3592 3236 verbis
3655 3164 3744 3220 in-

2171 3240 2369 3292 ductus
2396 3235 2608 3298 Aetius.
2645 3240 3031 3291 Anomosorum
3091 3239 3496 3304 antesignanus,
3529 3235 3744 3292 l’alrem

2168 3307 2312 3361 inter
2342 3318 2396 3362 et
2421 3307 2614 3361 Filium
2644 3308 2942 3362 discrimen
2983 3307 3158 3361 inesse
3176 3309 3430 3370 Credidit,
3467 3317 3526 3360 ut
3546 3307 3750 3375 prima-

2168 3378 2251 3430 ria
2283 3393 2448 3432 causa
2501 3388 2648 3434 esset
2683 3377 2868 3441 Pater,
2921 3378 3343 3431 instrumentum
3378 3392 3506 3430 vero
3551 3375 3744 3432 Filius.

2169 3447 2321 3518 lianc
2357 3459 2535 3502 autem
2583 3449 2858 3502 vesaniam
2920 3448 3152 3518 castigat
3201 3446 3438 3502 Basilius
3483 3447 3624 3501 libro
3658 3447 3748 3518 De

2169 3517 2372 3586 Spiritu
2397 3528 2600 3586 sancto,
2630 3527 2994 3586 accurateque
3027 3519 3383 3580 demonstrat,
3412 3532 3574 3572 voces
3612 3517 3738 3572 illas

2168 3589 2226 3655 ἐξ
2255 3583 2316 3642 οῦ
2345 3601 2398 3641 et
2422 3589 2488 3641 δι’
2521 3584 2581 3641 οῦ
2629 3590 2682 3642 itt
2734 3583 3032 3656 Scripturis
3073 3589 3386 3657 promiscue
3445 3590 3744 3655 usurpari;

2171 3661 2258 3713 hic
2285 3669 2464 3713 autem
2498 3658 2645 3712 Patri
2679 3671 2733 3713 et
2767 3657 2902 3712 Filio
2934 3657 3100 3712 fuisse
3123 3672 3373 3713 seorsum
3427 3657 3744 3724 attributas,

2171 3741 2228 3782 ut
2275 3728 2593 3798 hypostases
2625 3729 3088 3798 discernerentur,
3132 3744 3256 3782 cum
3311 3743 3373 3781 ea
3410 3729 3743 3796 eteteroquin

2169 3816 2291 3868 qua:
2318 3797 2463 3852 liunt
2493 3816 2521 3852 a
2557 3799 2735 3858 Patre.
2775 3815 2804 3852 a
2839 3797 2978 3852 Filio
3010 3813 3225 3866 quoque
3253 3799 3404 3852 liaut.
3429 3799 3747 3852 Audiendus

2172 3871 2437 3937 imprimis
2454 3869 2691 3938 Cyrillus
2716 3884 2834 3938 cap.
2865 3869 2898 3922 5
2925 3870 2974 3920 in
3004 3869 3146 3924 ltunc
3175 3868 3401 3924 Joannis
3434 3868 3633 3931 locum,
3655 3870 3744 3921 ubi

2171 3941 2312 3993 idem
2348 3941 2530 3993 multis
2553 3940 2760 4008 probat.
2803 3938 3116 4009 Γενομένων
3149 3949 3328 3992 autem
3350 3938 3607 4008 Origeuis
3641 3954 3748 3991 vox-

2170 4022 2250 4062 est
2278 4009 2567 4078 generalis,
2596 4027 2658 4063 ea
2691 4013 3059 4077 complectens
3095 4014 3347 4063 universa
3376 4025 3498 4078 qua:
3527 4023 3747 4077 quoquo

2174 4082 2332 4132 modo
2361 4089 2508 4143 sunt,
2538 4081 2632 4133 sed
2669 4081 2734 4134 ad
2763 4080 3023 4148 Spiritum
3045 4090 3294 4134 sanctum
3322 4095 3385 4131 ac.
3421 4094 3504 4132 res
3531 4087 3745 4131 creatas

2172 4150 2383 4203 diversa
2445 4150 2657 4204 ratione
2710 4151 3032 4218 pertinens;
3091 4167 3212 4203 nam
3254 4149 3544 4218 quoddait,
3590 4149 3744 4202 verbi

2173 4219 2365 4288 gratia,
2395 4219 2631 4274 Hilarius
2665 4216 2934 4290 spiritum
2975 4230 3222 4286 sanctum
3261 4216 3354 4288 per
3393 4216 3743 4290 Unigenitum

2173 4287 2309 4344 esse.
2363 4291 2415 4343 id
2465 4290 2669 4344 dixerit
2710 4287 3009 4357 Origenes,
3063 4290 3151 4344 διὰ
3195 4287 3533 4357 Μονογενοῦς
3589 4288 3747 4354 ἀγιον

2174 4359 2398 4430 Πνεῦμα
2423 4358 2688 4429 γίνεσθαι.
2728 4361 2864 4414 Cum
2897 4361 3058 4430 igitur
3084 4362 3317 4430 Spiritus
3343 4369 3748 4430 sanctusjevq-

2174 4436 2270 4492 τός
2297 4427 2442 4485 esse
2471 4433 2693 4496 dicitur,
2732 4433 2832 4484 ltoc
2876 4427 2980 4493 est,
3014 4446 3032 4479 ι
3066 4427 3158 4499 qui
3213 4431 3376 4484 habet
3433 4427 3639 4499 abalio
3664 4439 3748 4499 ut

2177 4505 2247 4553 sit
2280 4518 2291 4552 :
2331 4519 2350 4552 ι
2380 4517 2502 4554 cum
2527 4515 2649 4571 eum
2673 4510 2852 4553 autem
2882 4501 2945 4552 οὐ
2966 4497 3221 4571 Δποιητὸν,
3257 4502 3318 4552 οὑ
3354 4497 3590 4563 κτιστὸν,
3624 4497 3747 4571 οὐδὲ

2176 4571 2452 4640 γεννητὸν,
2504 4569 2618 4642 ἀλλ’
2676 4566 3010 4642 ἑκπορευτόν
3061 4566 3245 4626 sciscit
3303 4572 3649 4642 Athanasius
3690 4570 3745 4622 in

2177 4637 2456 4710 Symbolo,
2485 4653 2539 4696 et
2569 4637 2904 4711 Epiphanius
2947 4643 3000 4694 in
3048 4643 3334 4711 Ancorato,
3361 4656 3478 4707 cap.
3509 4710 3516 4711 ί
3542 4637 3594 4711 7,
3639 4640 3744 4692 hoc

2175 4721 2277 4774 est,
2318 4729 2337 4763 ι
2373 4728 2476 4764 ιιοιι
2505 4710 2764 4782 genitum.
2803 4729 2822 4782 φ
2859 4710 3165 4764 Notandum
3208 4721 3470 4779 prieterea
3508 4710 3597 4782 hic
3620 4723 3745 4782 esse

2174 4783 2422 4853 γενητόν,
2452 4779 2561 4838 illic
2586 4781 2867 4852 γεννητόν,
2899 4783 3329 4853 quae‘diversant
3355 4781 3628 4848 postulant
3658 4779 3744 4832 iu-

2178 4849 2626 4922 terit-relationem
2661 4872 2674 4906 :
2710 4849 2812 4906 hoc
2847 4849 2992 4906 enim
3026 4850 3083 4904 ﬁt
3112 4869 3140 4903 a
3175 4849 3406 4922 γεννάω,
3437 4853 3676 4922 tgigpp',
3717 4867 3742 4901 ι

2176 4919 2304 4976 illud
2348 4939 2376 4976 a
2408 4924 2650 4994 γίνομαι,
2686 4942 2704 4975 t
2765 4938 2908 4986 sum,
2945 4923 3176 4994 exsislo.
3229 4939 3248 4972 ι
3298 4919 3383 4994 ita
3410 4920 3538 4973 olim
3572 4919 3745 4974 Filius

2173 4991 2438 5064 ἀγένητος
2495 4991 2544 5047 a'
2581 4994 2878 5048 Catholicis
2926 4993 3230 5064 dicebatur,
3282 4991 3598 5064 ἀγέννητοςΔ
3635 5005 3740 5042 non

2178 5059 2424 5118 itetant
2453 5064 2735 5134 ἀγένητος,
2781 5064 2908 5116 illttd
2955 5063 3097 5130 quod
3137 5064 3223 5134 Ade
3279 5063 3416 5134 Filio
3448 5059 3744 5134 dicebatur

2181 5152 2198 5184 ι
2227 5130 2521 5188 increatum
2554 5154 2572 5185 ι
2604 5130 2876 5203 signiﬁcat
2907 5149 2922 5186 :
2955 5131 3210 5201 γενητός,
3251 5133 3494 5203 ψιοάρφ
3535 5130 3742 5203 Spiritu

2177 5214 2371 5258 sancto
2399 5206 2537 5260 dixit
2569 5199 2853 5272 Origenes,
2894 5199 3352 5272 signiﬁcationem
3401 5202 3565 5255 habet
3596 5215 3625 5272 a
3653 5199 3739 5272 γίτ

2174 5290 2357 5344 νομαι,
2383 5293 2401 5325 t
2424 5291 2600 5337 sum,»
2623 5269 2847 5332 efident
2878 5269 3035 5344 sonat
3061 5285 3125 5324 ac
3156 5289 3174 5322 t
3209 5274 3558 5344 exsisteus.)
3587 5269 3742 5344 Quod

2177 5339 2306 5398 vero
2351 5360 2536 5398 vocem
2591 5343 2858 5417 γενητόν-
2883 5343 3114 5417 pessimo
3172 5358 3334 5417 sensu
3394 5343 3461 5394 ab
3507 5339 3745 5417 Origene

2177 5425 2486 5483 usurpatam
2521 5406 2788 5482 coiijec'tat
2822 5406 3151 5480 Epiphanius
3180 5415 3370 5466 haeres.
3402 5425 3552 5472 LXW,
3584 5406 3633 5462 c.
3679 5406 3739 5470 8,

2179 5485 2233 5536 in
2262 5499 2327 5538 eo
2360 5499 2490 5537 sane
2534 5486 2700 5551 ipsius
2751 5483 3060 5552 aequitatem
3097 5484 3332 5550 requiro.
3384 5484 3492 5534 Nec
3524 5496 3624 5548 ego
3659 5490 3742 5531 ta-

2178 5569 2298 5605 men
2332 5566 2478 5607 recte
2509 5551 2898 5623 usquequaque
2932 5553 2997 5606 de
3029 5551 3232 5618 Spit-itu
3260 5565 3453 5605 sancto
3473 5552 3742 5623 Adaman-

2177 5625 2307 5674 titnn
2338 5618 2860 5678 nostrum-sensisse
2893 5635 3081 5675 contra
3111 5623 3468 5690 Epiphaniam
3499 5630 3552 5672 et
3581 5618 3741 5690 Basi-

2177 5692 2306 5744 Ιιιιιιι
2346 5694 2437 5748 lib.
2491 5693 2566 5746 De
2609 5694 2812 5761 Spiritu
2846 5703 3041 5754 sanct.,
3081 5689 3331 5760 cap.’29,
3378 5693 3510 5743 dura
3566 5689 3742 5742 fronte

2176 5764 2559 5888 {i‘ertettderitm
2598 5775 2658 5821 ut
2689 5767 2850 5820 Iidem
2903 5763 3110 5819 faciunt
3157 5763 3477 5832 Origeniuna
3531 5768 3737 5815 nostra.

2227 5849 2436 5888 υετιυε.

2175 5835 2436 5890 llus'rtus.
