  <div class='ocr_page' id='page_1' title='image "/cluster/home/n/w/nwhite01/storage/ocr_20150623/14:no.4/coo.31924054872928/074.png"; bbox 0 0 4174 6420; ppageno 0'>
   <div class='ocr_carea' id='block_1_1' title="bbox 376 378 472 434">
    <p class='ocr_par' dir='ltr' id='par_1_1' title="bbox 376 378 472 434">
     <span class='ocr_line' id='line_1_1' title="bbox 376 378 472 434; baseline 0 -1"><span class='ocrx_word' id='word_1_1' title='bbox 376 378 472 434; x_wconf 74' lang='grc' dir='ltr'><strong>1Ξ9</strong></span> 
     </span>
    </p>
   </div>
   <div class='ocr_carea' id='block_1_2' title="bbox 1455 367 2511 428">
    <p class='ocr_par' dir='ltr' id='par_1_2' title="bbox 1455 367 2511 428">
     <span class='ocr_line' id='line_1_2' title="bbox 1455 367 2511 428; baseline -0.002 0"><span class='ocrx_word' id='word_1_2' title='bbox 1455 371 1812 428; x_wconf 74' lang='lat' dir='ltr'><strong>COMMENT.</strong></span> <span class='ocrx_word' id='word_1_3' title='bbox 1849 369 1915 425; x_wconf 87' lang='lat' dir='ltr'><strong>IN</strong></span> <span class='ocrx_word' id='word_1_4' title='bbox 1949 369 2141 426; x_wconf 75' lang='lat' dir='ltr'><strong>JOAN.</strong></span> <span class='ocrx_word' id='word_1_5' title='bbox 2177 367 2414 425; x_wconf 83' lang='lat' dir='ltr'><strong>TOMUS</strong></span> <span class='ocrx_word' id='word_1_6' title='bbox 2449 368 2511 426; x_wconf 94' lang='grc'><strong>11.</strong></span> 
     </span>
    </p>
   </div>
   <div class='ocr_carea' id='block_1_3' title="bbox 3504 373 3608 430">
    <p class='ocr_par' dir='ltr' id='par_1_3' title="bbox 3504 373 3608 430">
     <span class='ocr_line' id='line_1_3' title="bbox 3504 373 3608 430; baseline 0.038 -4"><span class='ocrx_word' id='word_1_7' title='bbox 3504 373 3608 430; x_wconf 77' lang='grc'><strong>150</strong></span> 
     </span>
    </p>
   </div>
   <div class='ocr_carea' id='block_1_4' title="bbox 369 486 1933 564">
    <p class='ocr_par' dir='ltr' id='par_1_4' title="bbox 369 491 1933 564">
     <span class='ocr_line' id='line_1_4' title="bbox 369 491 1933 564; baseline -0.008 -9"><span class='ocrx_word' id='word_1_8' title='bbox 369 517 472 555; x_wconf 87' lang='grc' dir='ltr'><strong>των</strong></span> <span class='ocrx_word' id='word_1_9' title='bbox 503 497 610 550; x_wconf 84' lang='grc' dir='ltr'><strong>τῶν</strong></span> <span class='ocrx_word' id='word_1_10' title='bbox 642 494 748 548; x_wconf 84' lang='grc' dir='ltr'><strong>ὑπὸ</strong></span> <span class='ocrx_word' id='word_1_11' title='bbox 776 495 868 548; x_wconf 84' lang='grc' dir='ltr'><strong>τοῦ</strong></span> <span class='ocrx_word' id='word_1_12' title='bbox 900 494 1111 564; x_wconf 85' lang='grc' dir='ltr'>Πατρὸς</span> <span class='ocrx_word' id='word_1_13' title='bbox 1145 493 1234 546; x_wconf 84' lang='grc' dir='ltr'>διὰ</span> <span class='ocrx_word' id='word_1_14' title='bbox 1263 492 1500 564; x_wconf 76' lang='grc' dir='ltr'>Χριστοῦ</span> <span class='ocrx_word' id='word_1_15' title='bbox 1535 491 1933 561; x_wconf 79' lang='grc' dir='ltr'><strong>γεγενημένων.</strong></span> 
     </span>
    </p>
   </div>
   <div class='ocr_carea' id='block_1_5' title="bbox 2036 486 3603 564">
    <p class='ocr_par' dir='ltr' id='par_1_5' title="bbox 2040 486 3603 557">
     <span class='ocr_line' id='line_1_5' title="bbox 2040 486 3603 557; baseline 0.001 -17"><span class='ocrx_word' id='word_1_16' title='bbox 2040 487 2141 542; x_wconf 89' lang='lat' dir='ltr'><strong>bus</strong></span> <span class='ocrx_word' id='word_1_17' title='bbox 2173 503 2294 554; x_wconf 69' lang='lat' dir='ltr'><strong>quae</strong></span> <span class='ocrx_word' id='word_1_18' title='bbox 2328 502 2358 540; x_wconf 88' lang='lat' dir='ltr'><strong>a</strong></span> <span class='ocrx_word' id='word_1_19' title='bbox 2395 486 2555 540; x_wconf 88' lang='lat' dir='ltr'><strong>Patre</strong></span> <span class='ocrx_word' id='word_1_20' title='bbox 2585 501 2684 556; x_wconf 82' lang='lat' dir='ltr'><strong>per</strong></span> <span class='ocrx_word' id='word_1_21' title='bbox 2711 486 2987 542; x_wconf 97' lang='lat' dir='ltr'><strong>Christum</strong></span> <span class='ocrx_word' id='word_1_22' title='bbox 3021 487 3238 543; x_wconf 89' lang='lat' dir='ltr'><strong>condita</strong></span> <span class='ocrx_word' id='word_1_23' title='bbox 3268 495 3429 553; x_wconf 89' lang='lat' dir='ltr'><strong>sunt,</strong></span> <span class='ocrx_word' id='word_1_24' title='bbox 3467 503 3603 557; x_wconf 74' lang='lat' dir='ltr'><strong>pra:-</strong></span> 
     </span>
    </p>
   </div>
   <div class='ocr_carea' id='block_1_6' title="bbox 369 584 1934 659">
    <p class='ocr_par' dir='ltr' id='par_1_6' title="bbox 369 584 1934 659">
     <span class='ocr_line' id='line_1_6' title="bbox 369 584 1934 659; baseline -0.006 -13"><span class='ocrx_word' id='word_1_25' title='bbox 369 593 472 647; x_wconf 79' lang='grc' dir='ltr'>Καὶ</span> <span class='ocrx_word' id='word_1_26' title='bbox 509 591 650 659; x_wconf 91' lang='grc' dir='ltr'>τάχα</span> <span class='ocrx_word' id='word_1_27' title='bbox 686 587 825 658; x_wconf 84' lang='grc' dir='ltr'>αῦτη</span> <span class='ocrx_word' id='word_1_28' title='bbox 866 589 1013 641; x_wconf 76' lang='grc' dir='ltr'>ἐστὶν</span> <span class='ocrx_word' id='word_1_29' title='bbox 1053 591 1086 656; x_wconf 82' lang='grc' dir='ltr'>ὴ</span> <span class='ocrx_word' id='word_1_30' title='bbox 1125 587 1277 640; x_wconf 76' lang='grc' dir='ltr'>αἰτία</span> <span class='ocrx_word' id='word_1_31' title='bbox 1313 585 1422 655; x_wconf 81' lang='grc'><strong>(18)</strong></span> <span class='ocrx_word' id='word_1_32' title='bbox 1452 585 1542 638; x_wconf 89' lang='grc' dir='ltr'><strong>τοῦ</strong></span> <span class='ocrx_word' id='word_1_33' title='bbox 1574 584 1647 655; x_wconf 81' lang='grc' dir='ltr'>μὴ</span> <span class='ocrx_word' id='word_1_34' title='bbox 1694 586 1786 638; x_wconf 73' lang='grc' dir='ltr'>καὶ</span> <span class='ocrx_word' id='word_1_35' title='bbox 1833 585 1934 638; x_wconf 80' lang='grc' dir='ltr'>αὐ-</span> 
     </span>
    </p>
   </div>
   <div class='ocr_carea' id='block_1_7' title="bbox 366 675 1934 752">
    <p class='ocr_par' dir='ltr' id='par_1_7' title="bbox 366 675 1934 752">
     <span class='ocr_line' id='line_1_7' title="bbox 366 675 1934 752; baseline -0.006 -15"><span class='ocrx_word' id='word_1_36' title='bbox 366 682 536 738; x_wconf 79' lang='grc' dir='ltr'>τουιὸν</span> <span class='ocrx_word' id='word_1_37' title='bbox 560 678 917 752; x_wconf 72' lang='grc' dir='ltr'><strong>χρηματίζειν</strong></span> <span class='ocrx_word' id='word_1_38' title='bbox 947 679 1040 732; x_wconf 90' lang='grc' dir='ltr'><strong>τοῦ</strong></span> <span class='ocrx_word' id='word_1_39' title='bbox 1073 678 1207 730; x_wconf 85' lang='grc' dir='ltr'>Θεοῦ</span> <span class='ocrx_word' id='word_1_40' title='bbox 1234 716 1247 739; x_wconf 91' lang='grc'><strong>,</strong></span> <span class='ocrx_word' id='word_1_41' title='bbox 1282 678 1442 747; x_wconf 89' lang='grc' dir='ltr'>μόνου</span> <span class='ocrx_word' id='word_1_42' title='bbox 1467 677 1561 728; x_wconf 89' lang='grc' dir='ltr'><strong>τοῦ</strong></span> <span class='ocrx_word' id='word_1_43' title='bbox 1597 675 1934 744; x_wconf 89' lang='grc' dir='ltr'>Μονογενοῦς</span> 
     </span>
    </p>
   </div>
   <div class='ocr_carea' id='block_1_8' title="bbox 367 762 1933 845">
    <p class='ocr_par' dir='ltr' id='par_1_8' title="bbox 367 762 1933 845">
     <span class='ocr_line' id='line_1_8' title="bbox 367 762 1933 845; baseline -0.004 -19"><span class='ocrx_word' id='word_1_44' title='bbox 367 773 520 845; x_wconf 79' lang='grc' dir='ltr'>φύσει</span> <span class='ocrx_word' id='word_1_45' title='bbox 569 771 699 825; x_wconf 84' lang='grc' dir='ltr'>Υίοῦ</span> <span class='ocrx_word' id='word_1_46' title='bbox 738 771 976 841; x_wconf 82' lang='grc' dir='ltr'>ἀρχῆθεν</span> <span class='ocrx_word' id='word_1_47' title='bbox 1012 770 1390 840; x_wconf 81' lang='grc' dir='ltr'><strong>τυγχάνοντος,</strong></span> <span class='ocrx_word' id='word_1_48' title='bbox 1423 762 1485 822; x_wconf 79' lang='grc' dir='ltr'><strong>οῦ</strong></span> <span class='ocrx_word' id='word_1_49' title='bbox 1519 767 1740 839; x_wconf 81' lang='grc' dir='ltr'>χρῄζειν</span> <span class='ocrx_word' id='word_1_50' title='bbox 1789 767 1933 820; x_wconf 79' lang='grc' dir='ltr'>ἔοικε</span> 
     </span>
    </p>
   </div>
   <div class='ocr_carea' id='block_1_9' title="bbox 364 858 1930 930">
    <p class='ocr_par' dir='ltr' id='par_1_9' title="bbox 364 858 1930 930">
     <span class='ocr_line' id='line_1_9' title="bbox 364 858 1930 930; baseline -0.004 -14"><span class='ocrx_word' id='word_1_51' title='bbox 364 862 422 916; x_wconf 83' lang='grc' dir='ltr'>τὸ</span> <span class='ocrx_word' id='word_1_52' title='bbox 452 861 606 929; x_wconf 80' lang='grc' dir='ltr'>ἀγιον</span> <span class='ocrx_word' id='word_1_53' title='bbox 632 858 878 930; x_wconf 86' lang='grc' dir='ltr'>Πνεῦμα,</span> <span class='ocrx_word' id='word_1_54' title='bbox 909 859 1281 922; x_wconf 80' lang='grc' dir='ltr'>διακονοῦντος</span> <span class='ocrx_word' id='word_1_55' title='bbox 1309 859 1471 913; x_wconf 86' lang='grc' dir='ltr'>αὐτοῦ</span> <span class='ocrx_word' id='word_1_56' title='bbox 1499 862 1564 930; x_wconf 83' lang='grc' dir='ltr'>τῇ</span> <span class='ocrx_word' id='word_1_57' title='bbox 1592 859 1884 913; x_wconf 85' lang='grc' dir='ltr'>ὑποστάσει</span> <span class='ocrx_word' id='word_1_58' title='bbox 1915 897 1930 922; x_wconf 89' lang='grc'><strong>,</strong></span> 
     </span>
    </p>
   </div>
   <div class='ocr_carea' id='block_1_10' title="bbox 364 949 1932 1025">
    <p class='ocr_par' dir='ltr' id='par_1_10' title="bbox 364 949 1932 1025">
     <span class='ocr_line' id='line_1_10' title="bbox 364 949 1932 1025; baseline -0.001 -18"><span class='ocrx_word' id='word_1_59' title='bbox 364 955 421 1008; x_wconf 76' lang='grc' dir='ltr'><strong>οὐ</strong></span> <span class='ocrx_word' id='word_1_60' title='bbox 469 954 628 1025; x_wconf 91' lang='grc' dir='ltr'>μόνον</span> <span class='ocrx_word' id='word_1_61' title='bbox 659 955 738 1016; x_wconf 79' lang='grc' dir='ltr'>εἰς</span> <span class='ocrx_word' id='word_1_62' title='bbox 771 953 830 1006; x_wconf 83' lang='grc' dir='ltr'><strong>τὸ</strong></span> <span class='ocrx_word' id='word_1_63' title='bbox 857 949 1018 1020; x_wconf 76' lang='grc' dir='ltr'>εἶναι,</span> <span class='ocrx_word' id='word_1_64' title='bbox 1073 953 1206 1006; x_wconf 89' lang='grc' dir='ltr'><strong>ἀλλά</strong></span> <span class='ocrx_word' id='word_1_65' title='bbox 1267 953 1361 1006; x_wconf 75' lang='grc' dir='ltr'>καὶ</span> <span class='ocrx_word' id='word_1_66' title='bbox 1403 953 1562 1021; x_wconf 86' lang='grc' dir='ltr'>σοφὸν</span> <span class='ocrx_word' id='word_1_67' title='bbox 1607 949 1746 1005; x_wconf 81' lang='grc' dir='ltr'>εἶναι</span> <span class='ocrx_word' id='word_1_68' title='bbox 1775 991 1789 1014; x_wconf 90' lang='grc'><strong>,</strong></span> <span class='ocrx_word' id='word_1_69' title='bbox 1839 953 1932 1006; x_wconf 72' lang='grc' dir='ltr'><strong>καὶ</strong></span> 
     </span>
    </p>
   </div>
   <div class='ocr_carea' id='block_1_11' title="bbox 365 1045 1934 1118">
    <p class='ocr_par' dir='ltr' id='par_1_11' title="bbox 365 1045 1934 1118">
     <span class='ocr_line' id='line_1_11' title="bbox 365 1045 1934 1118; baseline 0.001 -19"><span class='ocrx_word' id='word_1_70' title='bbox 365 1046 596 1114; x_wconf 75' lang='grc' dir='ltr'>λογικὸν,</span> <span class='ocrx_word' id='word_1_71' title='bbox 635 1045 730 1099; x_wconf 72' lang='grc' dir='ltr'><strong>καὶ</strong></span> <span class='ocrx_word' id='word_1_72' title='bbox 761 1045 991 1108; x_wconf 87' lang='grc' dir='ltr'>δίκαιον,</span> <span class='ocrx_word' id='word_1_73' title='bbox 1042 1045 1137 1100; x_wconf 76' lang='grc' dir='ltr'>καὶ</span> <span class='ocrx_word' id='word_1_74' title='bbox 1187 1047 1296 1100; x_wconf 84' lang='grc' dir='ltr'>πᾶν</span> <span class='ocrx_word' id='word_1_75' title='bbox 1332 1046 1613 1099; x_wconf 87' lang='grc' dir='ltr'>ὁτιποτοῦν</span> <span class='ocrx_word' id='word_1_76' title='bbox 1667 1048 1772 1118; x_wconf 86' lang='grc' dir='ltr'><strong>χρὴ</strong></span> <span class='ocrx_word' id='word_1_77' title='bbox 1803 1046 1934 1100; x_wconf 76' lang='grc' dir='ltr'>αὐτὸ</span> 
     </span>
    </p>
   </div>
   <div class='ocr_carea' id='block_1_12' title="bbox 367 1135 1932 1210">
    <p class='ocr_par' dir='ltr' id='par_1_12' title="bbox 367 1135 1932 1210">
     <span class='ocr_line' id='line_1_12' title="bbox 367 1135 1932 1210; baseline 0.002 -21"><span class='ocrx_word' id='word_1_78' title='bbox 367 1138 503 1189; x_wconf 84' lang='grc' dir='ltr'>νοεῖν</span> <span class='ocrx_word' id='word_1_79' title='bbox 524 1137 846 1205; x_wconf 83' lang='grc' dir='ltr'>τυγχάνειν,</span> <span class='ocrx_word' id='word_1_80' title='bbox 895 1135 1038 1190; x_wconf 84' lang='grc' dir='ltr'>κατὰ</span> <span class='ocrx_word' id='word_1_81' title='bbox 1079 1137 1314 1208; x_wconf 82' lang='grc' dir='ltr'>μετοχὴν</span> <span class='ocrx_word' id='word_1_82' title='bbox 1369 1137 1476 1192; x_wconf 89' lang='grc' dir='ltr'><strong>τῶν</strong></span> <span class='ocrx_word' id='word_1_83' title='bbox 1518 1139 1932 1210; x_wconf 78' lang='grc' dir='ltr'>προειρημένων</span> 
     </span>
    </p>
   </div>
   <div class='ocr_carea' id='block_1_13' title="bbox 363 1223 1929 1302">
    <p class='ocr_par' dir='ltr' id='par_1_13' title="bbox 363 1223 1929 1302">
     <span class='ocr_line' id='line_1_13' title="bbox 363 1223 1929 1302; baseline 0.003 -24"><span class='ocrx_word' id='word_1_84' title='bbox 363 1228 490 1296; x_wconf 76' lang='grc' dir='ltr'>ἡμῖν</span> <span class='ocrx_word' id='word_1_85' title='bbox 508 1226 744 1298; x_wconf 82' lang='grc' dir='ltr'>Χριστοῦ</span> <span class='ocrx_word' id='word_1_86' title='bbox 774 1227 1044 1282; x_wconf 78' lang='grc' dir='ltr'>ἐπινοιῶν.</span> <span class='ocrx_word' id='word_1_87' title='bbox 1059 1223 1225 1298; x_wconf 81' lang='grc' dir='ltr'>υἷμαι</span> <span class='ocrx_word' id='word_1_88' title='bbox 1243 1228 1300 1281; x_wconf 89' lang='grc' dir='ltr'><strong>δέ</strong></span> <span class='ocrx_word' id='word_1_89' title='bbox 1323 1229 1384 1282; x_wconf 84' lang='grc' dir='ltr'><strong>τὸ</strong></span> <span class='ocrx_word' id='word_1_90' title='bbox 1405 1229 1556 1298; x_wconf 81' lang='grc' dir='ltr'>ἆγιον</span> <span class='ocrx_word' id='word_1_91' title='bbox 1575 1230 1796 1301; x_wconf 89' lang='grc' dir='ltr'>Πνεῦμα</span> <span class='ocrx_word' id='word_1_92' title='bbox 1813 1229 1929 1302; x_wconf 78' lang='grc' dir='ltr'>τὴν,</span> 
     </span>
    </p>
   </div>
   <div class='ocr_carea' id='block_1_14' title="bbox 371 1314 1934 1392">
    <p class='ocr_par' dir='ltr' id='par_1_14' title="bbox 371 1314 1934 1392">
     <span class='ocr_line' id='line_1_14' title="bbox 371 1314 1934 1392; baseline 0.003 -24"><span class='ocrx_word' id='word_1_93' title='bbox 371 1315 432 1368; x_wconf 81' lang='grc' dir='ltr'><strong>ἵν’</strong></span> <span class='ocrx_word' id='word_1_94' title='bbox 452 1314 626 1379; x_wconf 77' lang='grc' dir='ltr'>οὕτως</span> <span class='ocrx_word' id='word_1_95' title='bbox 646 1317 803 1380; x_wconf 81' lang='grc' dir='ltr'>είπω,</span> <span class='ocrx_word' id='word_1_96' title='bbox 821 1316 951 1387; x_wconf 79' lang='grc' dir='ltr'>ὓλην</span> <span class='ocrx_word' id='word_1_97' title='bbox 977 1316 1084 1369; x_wconf 90' lang='grc' dir='ltr'><strong>τῶν</strong></span> <span class='ocrx_word' id='word_1_98' title='bbox 1110 1317 1218 1370; x_wconf 78' lang='grc' dir='ltr'><strong>ἀπὸ</strong></span> <span class='ocrx_word' id='word_1_99' title='bbox 1251 1318 1386 1371; x_wconf 85' lang='grc' dir='ltr'>Θεοῦ</span> <span class='ocrx_word' id='word_1_100' title='bbox 1416 1321 1768 1390; x_wconf 80' lang='grc' dir='ltr'>χαρισμάτων</span> <span class='ocrx_word' id='word_1_101' title='bbox 1794 1338 1934 1392; x_wconf 84' lang='grc' dir='ltr'>παρ-</span> 
     </span>
    </p>
   </div>
   <div class='ocr_carea' id='block_1_15' title="bbox 366 1407 1934 1482">
    <p class='ocr_par' dir='ltr' id='par_1_15' title="bbox 366 1407 1934 1482">
     <span class='ocr_line' id='line_1_15' title="bbox 366 1407 1934 1482; baseline 0.002 -22"><span class='ocrx_word' id='word_1_102' title='bbox 366 1409 506 1476; x_wconf 87' lang='grc' dir='ltr'>έχειν</span> <span class='ocrx_word' id='word_1_103' title='bbox 568 1409 680 1469; x_wconf 86' lang='grc' dir='ltr'>τοῖς</span> <span class='ocrx_word' id='word_1_104' title='bbox 715 1407 784 1460; x_wconf 85' lang='grc' dir='ltr'>δι’</span> <span class='ocrx_word' id='word_1_105' title='bbox 813 1407 945 1461; x_wconf 82' lang='grc' dir='ltr'>αὐτὸ</span> <span class='ocrx_word' id='word_1_106' title='bbox 991 1409 1086 1462; x_wconf 74' lang='grc' dir='ltr'><strong>καὶ</strong></span> <span class='ocrx_word' id='word_1_107' title='bbox 1133 1408 1232 1480; x_wconf 83' lang='grc' dir='ltr'><strong>τὴν</strong></span> <span class='ocrx_word' id='word_1_108' title='bbox 1270 1409 1498 1480; x_wconf 87' lang='grc' dir='ltr'>μετοχὴν</span> <span class='ocrx_word' id='word_1_109' title='bbox 1523 1409 1686 1464; x_wconf 84' lang='grc' dir='ltr'>αὐτοῦ</span> <span class='ocrx_word' id='word_1_110' title='bbox 1719 1428 1934 1482; x_wconf 71' lang='grc' dir='ltr'>χρημαρ-</span> 
     </span>
    </p>
   </div>
   <div class='ocr_carea' id='block_1_16' title="bbox 362 1499 1934 1573">
    <p class='ocr_par' dir='ltr' id='par_1_16' title="bbox 362 1499 1934 1573">
     <span class='ocr_line' id='line_1_16' title="bbox 362 1499 1934 1573; baseline 0.004 -22"><span class='ocrx_word' id='word_1_111' title='bbox 362 1500 598 1562; x_wconf 78' lang='grc' dir='ltr'>τίζουσιν</span> <span class='ocrx_word' id='word_1_112' title='bbox 635 1499 831 1568; x_wconf 82' lang='grc' dir='ltr'>ἁγίοις,</span> <span class='ocrx_word' id='word_1_113' title='bbox 878 1500 977 1570; x_wconf 74' lang='grc' dir='ltr'>τῆς</span> <span class='ocrx_word' id='word_1_114' title='bbox 1016 1499 1312 1571; x_wconf 74' lang='grc' dir='ltr'>εἰρημένης</span> <span class='ocrx_word' id='word_1_115' title='bbox 1357 1502 1488 1571; x_wconf 82' lang='grc' dir='ltr'>ῦλης</span> <span class='ocrx_word' id='word_1_116' title='bbox 1523 1502 1630 1556; x_wconf 92' lang='grc' dir='ltr'><strong>τῶν</strong></span> <span class='ocrx_word' id='word_1_117' title='bbox 1663 1503 1934 1573; x_wconf 92' lang='grc' dir='ltr'>χαρισμά-</span> 
     </span>
    </p>
   </div>
   <div class='ocr_carea' id='block_1_17' title="bbox 362 1591 1934 1664">
    <p class='ocr_par' dir='ltr' id='par_1_17' title="bbox 362 1591 1934 1664">
     <span class='ocr_line' id='line_1_17' title="bbox 362 1591 1934 1664; baseline 0.002 -21"><span class='ocrx_word' id='word_1_118' title='bbox 362 1608 465 1644; x_wconf 89' lang='grc' dir='ltr'><strong>των</strong></span> <span class='ocrx_word' id='word_1_119' title='bbox 503 1592 901 1663; x_wconf 76' lang='grc' dir='ltr'>ἐνεργουμένης</span> <span class='ocrx_word' id='word_1_120' title='bbox 937 1592 1036 1660; x_wconf 85' lang='grc' dir='ltr'><strong>μέν</strong></span> <span class='ocrx_word' id='word_1_121' title='bbox 1065 1592 1176 1644; x_wconf 84' lang='grc' dir='ltr'><strong>ἀπὸ</strong></span> <span class='ocrx_word' id='word_1_122' title='bbox 1204 1591 1298 1644; x_wconf 92' lang='grc' dir='ltr'><strong>τοῦ</strong></span> <span class='ocrx_word' id='word_1_123' title='bbox 1325 1591 1480 1655; x_wconf 86' lang='grc' dir='ltr'>Θεοῦ,</span> <span class='ocrx_word' id='word_1_124' title='bbox 1511 1593 1934 1664; x_wconf 84' lang='grc' dir='ltr'>διακονουμένης</span> 
     </span>
    </p>
   </div>
   <div class='ocr_carea' id='block_1_18' title="bbox 361 1681 1933 1756">
    <p class='ocr_par' dir='ltr' id='par_1_18' title="bbox 361 1681 1933 1756">
     <span class='ocr_line' id='line_1_18' title="bbox 361 1681 1933 1756; baseline -0.002 -17"><span class='ocrx_word' id='word_1_125' title='bbox 361 1686 414 1739; x_wconf 83' lang='grc' dir='ltr'>δὲ</span> <span class='ocrx_word' id='word_1_126' title='bbox 446 1685 552 1738; x_wconf 78' lang='grc' dir='ltr'>ὑπὸ</span> <span class='ocrx_word' id='word_1_127' title='bbox 581 1684 674 1738; x_wconf 89' lang='grc' dir='ltr'><strong>τοῦ</strong></span> <span class='ocrx_word' id='word_1_128' title='bbox 723 1683 983 1756; x_wconf 88' lang='grc' dir='ltr'>Χριστοῦ,</span> <span class='ocrx_word' id='word_1_129' title='bbox 1036 1681 1355 1754; x_wconf 83' lang='grc' dir='ltr'>ὑφεστώσης</span> <span class='ocrx_word' id='word_1_130' title='bbox 1393 1683 1448 1736; x_wconf 86' lang='grc' dir='ltr'>δὲ</span> <span class='ocrx_word' id='word_1_131' title='bbox 1481 1684 1622 1738; x_wconf 82' lang='grc' dir='ltr'>κατὰ</span> <span class='ocrx_word' id='word_1_132' title='bbox 1671 1684 1733 1737; x_wconf 85' lang='grc' dir='ltr'><strong>τὸ</strong></span> <span class='ocrx_word' id='word_1_133' title='bbox 1779 1685 1933 1753; x_wconf 79' lang='grc' dir='ltr'>ἅγιον</span> 
     </span>
    </p>
   </div>
   <div class='ocr_carea' id='block_1_19' title="bbox 361 1776 1932 1848">
    <p class='ocr_par' dir='ltr' id='par_1_19' title="bbox 361 1776 1932 1848">
     <span class='ocr_line' id='line_1_19' title="bbox 361 1776 1932 1848; baseline 0 -18"><span class='ocrx_word' id='word_1_134' title='bbox 361 1777 604 1848; x_wconf 80' lang='grc' dir='ltr'>Πνεῦμα.</span> <span class='ocrx_word' id='word_1_135' title='bbox 655 1777 766 1831; x_wconf 77' lang='grc' dir='ltr'><strong>Καὶ</strong></span> <span class='ocrx_word' id='word_1_136' title='bbox 818 1778 956 1829; x_wconf 86' lang='grc' dir='ltr'>κινεῖ</span> <span class='ocrx_word' id='word_1_137' title='bbox 1004 1793 1070 1846; x_wconf 90' lang='grc' dir='ltr'><strong>με</strong></span> <span class='ocrx_word' id='word_1_138' title='bbox 1121 1778 1200 1839; x_wconf 80' lang='grc' dir='ltr'><strong>είς</strong></span> <span class='ocrx_word' id='word_1_139' title='bbox 1253 1776 1314 1829; x_wconf 84' lang='grc' dir='ltr'>τὸ</span> <span class='ocrx_word' id='word_1_140' title='bbox 1355 1776 1512 1830; x_wconf 86' lang='grc' dir='ltr'>ταῦθ’</span> <span class='ocrx_word' id='word_1_141' title='bbox 1553 1777 1724 1840; x_wconf 76' lang='grc' dir='ltr'>οὕτως</span> <span class='ocrx_word' id='word_1_142' title='bbox 1789 1777 1932 1847; x_wconf 76' lang='grc' dir='ltr'>ἔχειν</span> 
     </span>
    </p>
   </div>
   <div class='ocr_carea' id='block_1_20' title="bbox 2034 579 3611 646">
    <p class='ocr_par' dir='ltr' id='par_1_20' title="bbox 2034 579 3611 646">
     <span class='ocr_line' id='line_1_20' title="bbox 2034 579 3611 646; baseline 0.003 -14"><span class='ocrx_word' id='word_1_143' title='bbox 2034 579 2356 633; x_wconf 89' lang='lat' dir='ltr'><strong>stantiorem</strong></span> <span class='ocrx_word' id='word_1_144' title='bbox 2396 594 2539 644; x_wconf 88' lang='lat' dir='ltr'><strong>esse,</strong></span> <span class='ocrx_word' id='word_1_145' title='bbox 2572 590 2628 632; x_wconf 91' lang='lat' dir='ltr'><strong>ut</strong></span> <span class='ocrx_word' id='word_1_146' title='bbox 2658 579 2802 646; x_wconf 88' lang='lat' dir='ltr'><strong>pium</strong></span> <span class='ocrx_word' id='word_1_147' title='bbox 2831 587 2886 632; x_wconf 91' lang='lat' dir='ltr'><strong>et</strong></span> <span class='ocrx_word' id='word_1_148' title='bbox 2929 594 3116 634; x_wconf 83' lang='lat' dir='ltr'><strong>verum</strong></span> <span class='ocrx_word' id='word_1_149' title='bbox 3169 582 3514 636; x_wconf 75' lang='lat' dir='ltr'><strong>concedimus</strong></span> <span class='ocrx_word' id='word_1_150' title='bbox 3554 592 3611 636; x_wconf 91' lang='lat' dir='ltr'><strong>et</strong></span> 
     </span>
    </p>
   </div>
   <div class='ocr_carea' id='block_1_21' title="bbox 2034 672 3610 744">
    <p class='ocr_par' dir='ltr' id='par_1_21' title="bbox 2034 672 3610 744">
     <span class='ocr_line' id='line_1_21' title="bbox 2034 672 3610 744; baseline 0.002 -18"><span class='ocrx_word' id='word_1_151' title='bbox 2034 674 2418 742; x_wconf 88' lang='lat' dir='ltr'><strong>approbamus.</strong></span> <span class='ocrx_word' id='word_1_152' title='bbox 2450 673 2625 742; x_wconf 87' lang='lat' dir='ltr'><strong>Atque</strong></span> <span class='ocrx_word' id='word_1_153' title='bbox 2655 673 2770 726; x_wconf 78' lang='lat' dir='ltr'><strong>lnec</strong></span> <span class='ocrx_word' id='word_1_154' title='bbox 2804 672 3034 728; x_wconf 80' lang='lat' dir='ltr'><strong>forsitan</strong></span> <span class='ocrx_word' id='word_1_155' title='bbox 3061 689 3225 728; x_wconf 87' lang='lat' dir='ltr'><strong>causa</strong></span> <span class='ocrx_word' id='word_1_156' title='bbox 3256 683 3342 728; x_wconf 91' lang='lat' dir='ltr'><strong>est</strong></span> <span class='ocrx_word' id='word_1_157' title='bbox 3365 689 3464 729; x_wconf 92' lang='lat' dir='ltr'><strong>cur</strong></span> <span class='ocrx_word' id='word_1_158' title='bbox 3495 675 3610 744; x_wconf 89' lang='lat' dir='ltr'><strong>ipse</strong></span> 
     </span>
    </p>
   </div>
   <div class='ocr_carea' id='block_1_22' title="bbox 2037 763 3609 835">
    <p class='ocr_par' dir='ltr' id='par_1_22' title="bbox 2037 763 3609 835">
     <span class='ocr_line' id='line_1_22' title="bbox 2037 763 3609 835; baseline 0.001 -15"><span class='ocrx_word' id='word_1_159' title='bbox 2037 767 2131 820; x_wconf 81' lang='lat' dir='ltr'><strong>Dei</strong></span> <span class='ocrx_word' id='word_1_160' title='bbox 2164 779 2269 820; x_wconf 90' lang='lat' dir='ltr'><strong>non</strong></span> <span class='ocrx_word' id='word_1_161' title='bbox 2304 763 2520 818; x_wconf 75' lang='lat' dir='ltr'><strong>dicatur</strong></span> <span class='ocrx_word' id='word_1_162' title='bbox 2550 779 2670 819; x_wconf 88' lang='lat' dir='ltr'><strong>esse</strong></span> <span class='ocrx_word' id='word_1_163' title='bbox 2708 765 2908 830; x_wconf 89' lang='lat' dir='ltr'><strong>Filius;</strong></span> <span class='ocrx_word' id='word_1_164' title='bbox 2940 767 3082 835; x_wconf 90' lang='lat' dir='ltr'><strong>quod</strong></span> <span class='ocrx_word' id='word_1_165' title='bbox 3114 766 3260 822; x_wconf 90' lang='lat' dir='ltr'><strong>solus</strong></span> <span class='ocrx_word' id='word_1_166' title='bbox 3291 765 3609 835; x_wconf 86' lang='lat' dir='ltr'><strong>Unigenitns</strong></span> 
     </span>
    </p>
   </div>
   <div class='ocr_carea' id='block_1_23' title="bbox 2035 856 3611 928">
    <p class='ocr_par' dir='ltr' id='par_1_23' title="bbox 2035 856 3611 928">
     <span class='ocr_line' id='line_1_23' title="bbox 2035 856 3611 928; baseline 0.002 -17"><span class='ocrx_word' id='word_1_167' title='bbox 2035 875 2063 911; x_wconf 90' lang='lat' dir='ltr'><strong>a</strong></span> <span class='ocrx_word' id='word_1_168' title='bbox 2105 857 2372 928; x_wconf 88' lang='lat' dir='ltr'><strong>principio</strong></span> <span class='ocrx_word' id='word_1_169' title='bbox 2402 867 2595 910; x_wconf 91' lang='lat' dir='ltr'><strong>natura</strong></span> <span class='ocrx_word' id='word_1_170' title='bbox 2637 856 2807 912; x_wconf 89' lang='lat' dir='ltr'><strong>Filius</strong></span> <span class='ocrx_word' id='word_1_171' title='bbox 2839 858 2942 924; x_wconf 92' lang='lat' dir='ltr'><strong>sit,</strong></span> <span class='ocrx_word' id='word_1_172' title='bbox 2986 873 3095 927; x_wconf 90' lang='lat' dir='ltr'><strong>quo</strong></span> <span class='ocrx_word' id='word_1_173' title='bbox 3129 859 3369 927; x_wconf 86' lang='lat' dir='ltr'><strong>indigere</strong></span> <span class='ocrx_word' id='word_1_174' title='bbox 3399 860 3611 914; x_wconf 87' lang='lat' dir='ltr'><strong>videtur</strong></span> 
     </span>
    </p>
   </div>
   <div class='ocr_carea' id='block_1_24' title="bbox 2036 950 3607 1021">
    <p class='ocr_par' dir='ltr' id='par_1_24' title="bbox 2036 950 3607 1021">
     <span class='ocr_line' id='line_1_24' title="bbox 2036 950 3607 1021; baseline -0.001 -14"><span class='ocrx_word' id='word_1_175' title='bbox 2036 950 2272 1021; x_wconf 90' lang='lat' dir='ltr'><strong>Spiritus</strong></span> <span class='ocrx_word' id='word_1_176' title='bbox 2306 959 2552 1012; x_wconf 88' lang='lat' dir='ltr'><strong>sanctus,</strong></span> <span class='ocrx_word' id='word_1_177' title='bbox 2585 950 2932 1004; x_wconf 90' lang='lat' dir='ltr'><strong>ministrante</strong></span> <span class='ocrx_word' id='word_1_178' title='bbox 2975 951 3142 1019; x_wconf 87' lang='lat' dir='ltr'><strong>ipsius</strong></span> <span class='ocrx_word' id='word_1_179' title='bbox 3174 951 3468 1021; x_wconf 82' lang='lat' dir='ltr'><strong>hypostasi,</strong></span> <span class='ocrx_word' id='word_1_180' title='bbox 3501 968 3607 1006; x_wconf 93' lang='lat' dir='ltr'><strong>non</strong></span> 
     </span>
    </p>
   </div>
   <div class='ocr_carea' id='block_1_25' title="bbox 2034 1043 3611 1114">
    <p class='ocr_par' dir='ltr' id='par_1_25' title="bbox 2034 1043 3611 1114">
     <span class='ocr_line' id='line_1_25' title="bbox 2034 1043 3611 1114; baseline 0 -17"><span class='ocrx_word' id='word_1_181' title='bbox 2034 1043 2206 1097; x_wconf 88' lang='lat' dir='ltr'><strong>solum</strong></span> <span class='ocrx_word' id='word_1_182' title='bbox 2239 1052 2298 1095; x_wconf 91' lang='lat' dir='ltr'><strong>nt</strong></span> <span class='ocrx_word' id='word_1_183' title='bbox 2348 1043 2441 1108; x_wconf 87' lang='lat' dir='ltr'><strong>sit,</strong></span> <span class='ocrx_word' id='word_1_184' title='bbox 2481 1043 2576 1097; x_wconf 89' lang='lat' dir='ltr'><strong>sed</strong></span> <span class='ocrx_word' id='word_1_185' title='bbox 2614 1051 2674 1096; x_wconf 92' lang='lat' dir='ltr'><strong>ut</strong></span> <span class='ocrx_word' id='word_1_186' title='bbox 2701 1043 2918 1110; x_wconf 83' lang='lat' dir='ltr'><strong>sapiens</strong></span> <span class='ocrx_word' id='word_1_187' title='bbox 2947 1043 3054 1108; x_wconf 85' lang='lat' dir='ltr'><strong>sit,</strong></span> <span class='ocrx_word' id='word_1_188' title='bbox 3084 1053 3140 1098; x_wconf 90' lang='lat' dir='ltr'><strong>et</strong></span> <span class='ocrx_word' id='word_1_189' title='bbox 3176 1045 3404 1098; x_wconf 85' lang='lat' dir='ltr'><strong>rationis</strong></span> <span class='ocrx_word' id='word_1_190' title='bbox 3439 1045 3611 1114; x_wconf 89' lang='lat' dir='ltr'><strong>parti-</strong></span> 
     </span>
    </p>
   </div>
   <div class='ocr_carea' id='block_1_26' title="bbox 2034 1134 3612 1205">
    <p class='ocr_par' dir='ltr' id='par_1_26' title="bbox 2034 1134 3612 1205">
     <span class='ocr_line' id='line_1_26' title="bbox 2034 1134 3612 1205; baseline 0.002 -17"><span class='ocrx_word' id='word_1_191' title='bbox 2034 1148 2179 1200; x_wconf 87' lang='lat' dir='ltr'><strong>ceps,</strong></span> <span class='ocrx_word' id='word_1_192' title='bbox 2206 1143 2262 1188; x_wconf 90' lang='lat' dir='ltr'><strong>et</strong></span> <span class='ocrx_word' id='word_1_193' title='bbox 2288 1134 2396 1205; x_wconf 76' lang='lat'><strong>62</strong></span> <span class='ocrx_word' id='word_1_194' title='bbox 2424 1134 2604 1202; x_wconf 91' lang='lat' dir='ltr'><strong>justus</strong></span> <span class='ocrx_word' id='word_1_195' title='bbox 2625 1177 2638 1199; x_wconf 94' lang='lat'><strong>,</strong></span> <span class='ocrx_word' id='word_1_196' title='bbox 2672 1143 2726 1188; x_wconf 90' lang='lat' dir='ltr'><strong>et</strong></span> <span class='ocrx_word' id='word_1_197' title='bbox 2759 1149 2918 1188; x_wconf 90' lang='lat' dir='ltr'><strong>omne</strong></span> <span class='ocrx_word' id='word_1_198' title='bbox 2959 1134 3010 1187; x_wconf 89' lang='lat' dir='ltr'><strong>id</strong></span> <span class='ocrx_word' id='word_1_199' title='bbox 3040 1135 3182 1202; x_wconf 90' lang='lat' dir='ltr'><strong>quod</strong></span> <span class='ocrx_word' id='word_1_200' title='bbox 3213 1151 3335 1190; x_wconf 93' lang='lat' dir='ltr'><strong>eum</strong></span> <span class='ocrx_word' id='word_1_201' title='bbox 3375 1152 3497 1192; x_wconf 88' lang='lat' dir='ltr'><strong>esse</strong></span> <span class='ocrx_word' id='word_1_202' title='bbox 3527 1137 3612 1191; x_wconf 91' lang='lat' dir='ltr'><strong>in-</strong></span> 
     </span>
    </p>
   </div>
   <div class='ocr_carea' id='block_1_27' title="bbox 2037 1224 3610 1297">
    <p class='ocr_par' dir='ltr' id='par_1_27' title="bbox 2037 1224 3610 1297">
     <span class='ocr_line' id='line_1_27' title="bbox 2037 1224 3610 1297; baseline 0.004 -19"><span class='ocrx_word' id='word_1_203' title='bbox 2037 1225 2382 1294; x_wconf 85' lang='lat' dir='ltr'><strong>telligendnm</strong></span> <span class='ocrx_word' id='word_1_204' title='bbox 2419 1235 2526 1290; x_wconf 89' lang='lat' dir='ltr'><strong>est,</strong></span> <span class='ocrx_word' id='word_1_205' title='bbox 2555 1241 2622 1280; x_wconf 89' lang='lat' dir='ltr'><strong>ex</strong></span> <span class='ocrx_word' id='word_1_206' title='bbox 2653 1224 2855 1280; x_wconf 85' lang='lat' dir='ltr'><strong>Christi</strong></span> <span class='ocrx_word' id='word_1_207' title='bbox 2899 1227 3203 1294; x_wconf 87' lang='lat' dir='ltr'><strong>notionnm,</strong></span> <span class='ocrx_word' id='word_1_208' title='bbox 3236 1243 3356 1297; x_wconf 65' lang='lat' dir='ltr'><strong>quae</strong></span> <span class='ocrx_word' id='word_1_209' title='bbox 3390 1244 3421 1284; x_wconf 88' lang='lat' dir='ltr'><strong>a</strong></span> <span class='ocrx_word' id='word_1_210' title='bbox 3449 1229 3610 1285; x_wconf 84' lang='lat' dir='ltr'><strong>nobis</strong></span> 
     </span>
    </p>
   </div>
   <div class='ocr_carea' id='block_1_28' title="bbox 2033 1319 3609 1391">
    <p class='ocr_par' dir='ltr' id='par_1_28' title="bbox 2033 1319 3609 1391">
     <span class='ocr_line' id='line_1_28' title="bbox 2033 1319 3609 1391; baseline 0.005 -23"><span class='ocrx_word' id='word_1_211' title='bbox 2033 1319 2192 1386; x_wconf 88' lang='lat' dir='ltr'><strong>paulo</strong></span> <span class='ocrx_word' id='word_1_212' title='bbox 2222 1326 2349 1372; x_wconf 85' lang='lat' dir='ltr'><strong>ante</strong></span> <span class='ocrx_word' id='word_1_213' title='bbox 2377 1328 2816 1374; x_wconf 71' lang='lat' dir='ltr'><strong>commemoratae</strong></span> <span class='ocrx_word' id='word_1_214' title='bbox 2847 1328 2995 1383; x_wconf 87' lang='lat' dir='ltr'><strong>sunt,</strong></span> <span class='ocrx_word' id='word_1_215' title='bbox 3028 1321 3465 1388; x_wconf 86' lang='lat' dir='ltr'><strong>participatione.</strong></span> <span class='ocrx_word' id='word_1_216' title='bbox 3495 1321 3609 1391; x_wconf 85' lang='lat' dir='ltr'><strong>Ego</strong></span> 
     </span>
    </p>
   </div>
   <div class='ocr_carea' id='block_1_29' title="bbox 2035 1407 3606 1479">
    <p class='ocr_par' dir='ltr' id='par_1_29' title="bbox 2035 1407 3606 1479">
     <span class='ocr_line' id='line_1_29' title="bbox 2035 1407 3606 1479; baseline 0.004 -19"><span class='ocrx_word' id='word_1_217' title='bbox 2035 1417 2214 1462; x_wconf 89' lang='lat' dir='ltr'><strong>autem</strong></span> <span class='ocrx_word' id='word_1_218' title='bbox 2264 1408 2514 1463; x_wconf 90' lang='lat' dir='ltr'><strong>existimo</strong></span> <span class='ocrx_word' id='word_1_219' title='bbox 2567 1407 2830 1478; x_wconf 89' lang='lat' dir='ltr'><strong>Spiritum</strong></span> <span class='ocrx_word' id='word_1_220' title='bbox 2871 1421 3119 1465; x_wconf 83' lang='lat' dir='ltr'><strong>sanctum</strong></span> <span class='ocrx_word' id='word_1_221' title='bbox 3143 1449 3158 1473; x_wconf 94' lang='lat'><strong>,</strong></span> <span class='ocrx_word' id='word_1_222' title='bbox 3197 1421 3256 1464; x_wconf 85' lang='lat' dir='ltr'><strong>ut</strong></span> <span class='ocrx_word' id='word_1_223' title='bbox 3286 1411 3360 1464; x_wconf 89' lang='lat' dir='ltr'><strong>ita</strong></span> <span class='ocrx_word' id='word_1_224' title='bbox 3392 1412 3567 1468; x_wconf 90' lang='lat' dir='ltr'><strong>dicam</strong></span> <span class='ocrx_word' id='word_1_225' title='bbox 3589 1453 3606 1479; x_wconf 93' lang='lat'><strong>,</strong></span> 
     </span>
    </p>
   </div>
   <div class='ocr_carea' id='block_1_30' title="bbox 2034 1499 3613 1574">
    <p class='ocr_par' dir='ltr' id='par_1_30' title="bbox 2034 1499 3613 1574">
     <span class='ocr_line' id='line_1_30' title="bbox 2034 1499 3613 1574; baseline 0.002 -21"><span class='ocrx_word' id='word_1_226' title='bbox 2034 1499 2318 1553; x_wconf 85' lang='lat' dir='ltr'><strong>materiam</strong></span> <span class='ocrx_word' id='word_1_227' title='bbox 2345 1499 2648 1567; x_wconf 79' lang='lat' dir='ltr'><strong>gratiarum</strong></span> <span class='ocrx_word' id='word_1_228' title='bbox 2676 1516 2798 1569; x_wconf 73' lang='lat' dir='ltr'><strong>qua:</strong></span> <span class='ocrx_word' id='word_1_229' title='bbox 2829 1516 2858 1554; x_wconf 88' lang='lat' dir='ltr'><strong>a</strong></span> <span class='ocrx_word' id='word_1_230' title='bbox 2892 1500 3003 1555; x_wconf 84' lang='lat' dir='ltr'><strong>Deo</strong></span> <span class='ocrx_word' id='word_1_231' title='bbox 3031 1501 3453 1570; x_wconf 86' lang='lat' dir='ltr'><strong>proficiscuntur</strong></span> <span class='ocrx_word' id='word_1_232' title='bbox 3482 1518 3613 1574; x_wconf 88' lang='lat' dir='ltr'><strong>sup-</strong></span> 
     </span>
    </p>
   </div>
   <div class='ocr_carea' id='block_1_31' title="bbox 2035 1589 3609 1660">
    <p class='ocr_par' dir='ltr' id='par_1_31' title="bbox 2035 1589 3609 1660">
     <span class='ocr_line' id='line_1_31' title="bbox 2035 1589 3609 1660; baseline 0.004 -19"><span class='ocrx_word' id='word_1_233' title='bbox 2035 1591 2281 1659; x_wconf 89' lang='lat' dir='ltr'><strong>peditare</strong></span> <span class='ocrx_word' id='word_1_234' title='bbox 2314 1589 2384 1642; x_wconf 85' lang='lat' dir='ltr'><strong>iis</strong></span> <span class='ocrx_word' id='word_1_235' title='bbox 2428 1589 2520 1656; x_wconf 90' lang='lat' dir='ltr'><strong>qui</strong></span> <span class='ocrx_word' id='word_1_236' title='bbox 2556 1605 2653 1659; x_wconf 92' lang='lat' dir='ltr'><strong>per</strong></span> <span class='ocrx_word' id='word_1_237' title='bbox 2683 1591 2858 1660; x_wconf 92' lang='lat' dir='ltr'><strong>ipsum</strong></span> <span class='ocrx_word' id='word_1_238' title='bbox 2913 1589 3138 1660; x_wconf 86' lang='lat' dir='ltr'><strong>ejusque</strong></span> <span class='ocrx_word' id='word_1_239' title='bbox 3169 1595 3609 1648; x_wconf 85' lang='lat' dir='ltr'><strong>communionem</strong></span> 
     </span>
    </p>
   </div>
   <div class='ocr_carea' id='block_1_32' title="bbox 2035 1679 3609 1750">
    <p class='ocr_par' dir='ltr' id='par_1_32' title="bbox 2035 1679 3609 1750">
     <span class='ocr_line' id='line_1_32' title="bbox 2035 1679 3609 1750; baseline 0.002 -17"><span class='ocrx_word' id='word_1_240' title='bbox 2035 1679 2208 1734; x_wconf 88' lang='lat' dir='ltr'><strong>sancti</strong></span> <span class='ocrx_word' id='word_1_241' title='bbox 2241 1689 2387 1742; x_wconf 85' lang='lat' dir='ltr'><strong>sunt,</strong></span> <span class='ocrx_word' id='word_1_242' title='bbox 2417 1681 2544 1734; x_wconf 91' lang='lat' dir='ltr'><strong>dum</strong></span> <span class='ocrx_word' id='word_1_243' title='bbox 2573 1683 2820 1746; x_wconf 88' lang='lat' dir='ltr'><strong>materia,</strong></span> <span class='ocrx_word' id='word_1_244' title='bbox 2849 1696 3013 1750; x_wconf 91' lang='lat' dir='ltr'><strong>quam</strong></span> <span class='ocrx_word' id='word_1_245' title='bbox 3046 1682 3157 1736; x_wconf 85' lang='lat' dir='ltr'><strong>dixi</strong></span> <span class='ocrx_word' id='word_1_246' title='bbox 3192 1683 3609 1748; x_wconf 89' lang='lat' dir='ltr'><strong>charismatum,</strong></span> 
     </span>
    </p>
   </div>
   <div class='ocr_carea' id='block_1_33' title="bbox 2037 1768 3613 1838">
    <p class='ocr_par' dir='ltr' id='par_1_33' title="bbox 2037 1768 3613 1838">
     <span class='ocr_line' id='line_1_33' title="bbox 2037 1768 3613 1838; baseline 0.004 -16"><span class='ocrx_word' id='word_1_247' title='bbox 2037 1785 2065 1822; x_wconf 90' lang='lat' dir='ltr'><strong>a</strong></span> <span class='ocrx_word' id='word_1_248' title='bbox 2102 1768 2210 1822; x_wconf 90' lang='lat' dir='ltr'><strong>Deo</strong></span> <span class='ocrx_word' id='word_1_249' title='bbox 2237 1769 2453 1838; x_wconf 86' lang='lat' dir='ltr'><strong>quidem</strong></span> <span class='ocrx_word' id='word_1_250' title='bbox 2484 1779 2762 1838; x_wconf 88' lang='lat' dir='ltr'><strong>operatur,</strong></span> <span class='ocrx_word' id='word_1_251' title='bbox 2805 1787 2835 1825; x_wconf 88' lang='lat' dir='ltr'><strong>a</strong></span> <span class='ocrx_word' id='word_1_252' title='bbox 2869 1772 3086 1827; x_wconf 87' lang='lat' dir='ltr'><strong>Christo</strong></span> <span class='ocrx_word' id='word_1_253' title='bbox 3125 1783 3303 1827; x_wconf 90' lang='lat' dir='ltr'><strong>autem</strong></span> <span class='ocrx_word' id='word_1_254' title='bbox 3333 1775 3613 1829; x_wconf 81' lang='lat' dir='ltr'><strong>ministra-</strong></span> 
     </span>
    </p>
   </div>
   <div class='ocr_carea' id='block_1_34' title="bbox 363 1841 1933 1940">
    <p class='ocr_par' dir='ltr' id='par_1_34' title="bbox 363 1841 1932 1940">
     <span class='ocr_line' id='line_1_34' title="bbox 363 1841 1932 1940; baseline -0.001 -18"><span class='ocrx_word' id='word_1_255' title='bbox 363 1841 648 1922; x_wconf 79' lang='grc' dir='ltr'>ὑπολαϐεῖν</span> <span class='ocrx_word' id='word_1_256' title='bbox 682 1869 914 1931; x_wconf 85' lang='grc' dir='ltr'>Παῦλος,</span> <span class='ocrx_word' id='word_1_257' title='bbox 949 1841 1077 1938; x_wconf 76' lang='grc' dir='ltr'>περὶ</span> <span class='ocrx_word' id='word_1_258' title='bbox 1107 1867 1461 1938; x_wconf 82' lang='grc' dir='ltr'>χαρισμάτων</span> <span class='ocrx_word' id='word_1_259' title='bbox 1489 1867 1634 1920; x_wconf 75' lang='grc' dir='ltr'>οὕτω</span> <span class='ocrx_word' id='word_1_260' title='bbox 1660 1885 1761 1920; x_wconf 83' lang='grc' dir='ltr'><strong>που</strong></span> <span class='ocrx_word' id='word_1_261' title='bbox 1795 1841 1932 1940; x_wconf 79' lang='grc' dir='ltr'>γρά-</span> 
     </span>
    </p>
   </div>
   <div class='ocr_carea' id='block_1_35' title="bbox 2036 1841 3612 1940">
    <p class='ocr_par' dir='ltr' id='par_1_35' title="bbox 2036 1860 3612 1937">
     <span class='ocr_line' id='line_1_35' title="bbox 2036 1860 3612 1937; baseline 0.007 -27"><span class='ocrx_word' id='word_1_262' title='bbox 2036 1871 2142 1923; x_wconf 92' lang='lat' dir='ltr'><strong>lur,</strong></span> <span class='ocrx_word' id='word_1_263' title='bbox 2170 1875 2270 1928; x_wconf 88' lang='lat' dir='ltr'><strong>per</strong></span> <span class='ocrx_word' id='word_1_264' title='bbox 2301 1860 2559 1928; x_wconf 89' lang='lat' dir='ltr'><strong>Spiritum</strong></span> <span class='ocrx_word' id='word_1_265' title='bbox 2581 1874 2710 1916; x_wconf 89' lang='lat' dir='ltr'><strong>vero</strong></span> <span class='ocrx_word' id='word_1_266' title='bbox 2737 1870 2983 1918; x_wconf 89' lang='lat' dir='ltr'><strong>sanctum</strong></span> <span class='ocrx_word' id='word_1_267' title='bbox 3028 1866 3267 1919; x_wconf 79' lang='lat' dir='ltr'><strong>exsistit.</strong></span> <span class='ocrx_word' id='word_1_268' title='bbox 3306 1864 3456 1932; x_wconf 86' lang='lat' dir='ltr'><strong>Quod</strong></span> <span class='ocrx_word' id='word_1_269' title='bbox 3492 1868 3612 1937; x_wconf 82' lang='lat' dir='ltr'><strong>qui-</strong></span> 
     </span>
    </p>
   </div>
   <div class='ocr_carea' id='block_1_36' title="bbox 362 1959 1933 2032">
    <p class='ocr_par' dir='ltr' id='par_1_36' title="bbox 362 1959 1933 2032">
     <span class='ocr_line' id='line_1_36' title="bbox 362 1959 1933 2032; baseline -0.001 -19"><span class='ocrx_word' id='word_1_270' title='bbox 362 1977 504 2028; x_wconf 76' lang='grc' dir='ltr'>φωνο</span> <span class='ocrx_word' id='word_1_271' title='bbox 542 1979 560 2011; x_wconf 72' lang='grc' dir='ltr'><strong>ι</strong></span> <span class='ocrx_word' id='word_1_272' title='bbox 599 1960 902 2032; x_wconf 82' lang='grc' dir='ltr'>Διαιρέσεις</span> <span class='ocrx_word' id='word_1_273' title='bbox 957 1959 1014 2012; x_wconf 84' lang='grc' dir='ltr'>δὲ</span> <span class='ocrx_word' id='word_1_274' title='bbox 1061 1959 1418 2030; x_wconf 88' lang='grc' dir='ltr'>χαρισμάτων</span> <span class='ocrx_word' id='word_1_275' title='bbox 1462 1959 1604 2024; x_wconf 74' lang='grc' dir='ltr'>εἰσὶ,</span> <span class='ocrx_word' id='word_1_276' title='bbox 1640 1959 1700 2012; x_wconf 79' lang='grc' dir='ltr'>τὸ</span> <span class='ocrx_word' id='word_1_277' title='bbox 1730 1959 1773 2012; x_wconf 88' lang='grc' dir='ltr'>δ’</span> <span class='ocrx_word' id='word_1_278' title='bbox 1801 1959 1933 2013; x_wconf 83' lang='grc' dir='ltr'>αὐτὸ</span> 
     </span>
    </p>
   </div>
   <div class='ocr_carea' id='block_1_37' title="bbox 360 2049 1933 2122">
    <p class='ocr_par' dir='ltr' id='par_1_37' title="bbox 360 2049 1933 2122">
     <span class='ocr_line' id='line_1_37' title="bbox 360 2049 1933 2122; baseline -0.001 -19"><span class='ocrx_word' id='word_1_279' title='bbox 360 2051 612 2122; x_wconf 84' lang='grc' dir='ltr'>Πνεῦμα·</span> <span class='ocrx_word' id='word_1_280' title='bbox 639 2053 733 2104; x_wconf 80' lang='grc' dir='ltr'><strong>καὶ</strong></span> <span class='ocrx_word' id='word_1_281' title='bbox 764 2050 1057 2122; x_wconf 84' lang='grc' dir='ltr'>διαιρέσεις</span> <span class='ocrx_word' id='word_1_282' title='bbox 1103 2049 1384 2103; x_wconf 83' lang='grc' dir='ltr'>διακονιῶν</span> <span class='ocrx_word' id='word_1_283' title='bbox 1417 2051 1545 2113; x_wconf 86' lang='grc' dir='ltr'>είσι,</span> <span class='ocrx_word' id='word_1_284' title='bbox 1592 2051 1686 2104; x_wconf 74' lang='grc' dir='ltr'><strong>καὶ</strong></span> <span class='ocrx_word' id='word_1_285' title='bbox 1714 2053 1742 2104; x_wconf 94' lang='lat'><strong>6</strong></span> <span class='ocrx_word' id='word_1_286' title='bbox 1773 2050 1933 2114; x_wconf 80' lang='grc' dir='ltr'>αὐτὸς</span> 
     </span>
    </p>
   </div>
   <div class='ocr_carea' id='block_1_38' title="bbox 360 2142 1934 2215">
    <p class='ocr_par' dir='ltr' id='par_1_38' title="bbox 360 2142 1934 2215">
     <span class='ocr_line' id='line_1_38' title="bbox 360 2142 1934 2215; baseline 0.001 -19"><span class='ocrx_word' id='word_1_287' title='bbox 360 2143 560 2215; x_wconf 82' lang='grc' dir='ltr'>Κύριος</span> <span class='ocrx_word' id='word_1_288' title='bbox 579 2161 592 2174; x_wconf 89' lang='grc'><strong>·</strong></span> <span class='ocrx_word' id='word_1_289' title='bbox 626 2144 720 2196; x_wconf 74' lang='grc' dir='ltr'>καὶ</span> <span class='ocrx_word' id='word_1_290' title='bbox 750 2142 1051 2214; x_wconf 88' lang='grc' dir='ltr'>διαιρέσεις</span> <span class='ocrx_word' id='word_1_291' title='bbox 1074 2142 1460 2214; x_wconf 78' lang='grc' dir='ltr'>ἐνεργημάτων</span> <span class='ocrx_word' id='word_1_292' title='bbox 1492 2144 1617 2206; x_wconf 79' lang='grc' dir='ltr'>εἰσὶ,</span> <span class='ocrx_word' id='word_1_293' title='bbox 1659 2144 1754 2198; x_wconf 75' lang='grc' dir='ltr'><strong>καὶ</strong></span> <span class='ocrx_word' id='word_1_294' title='bbox 1781 2145 1809 2195; x_wconf 98' lang='lat'><strong>6</strong></span> <span class='ocrx_word' id='word_1_295' title='bbox 1837 2145 1934 2198; x_wconf 84' lang='grc' dir='ltr'>αὑ-</span> 
     </span>
    </p>
   </div>
   <div class='ocr_carea' id='block_1_39' title="bbox 361 2235 1934 2308">
    <p class='ocr_par' dir='ltr' id='par_1_39' title="bbox 361 2235 1934 2308">
     <span class='ocr_line' id='line_1_39' title="bbox 361 2235 1934 2308; baseline 0.003 -21"><span class='ocrx_word' id='word_1_296' title='bbox 361 2236 446 2298; x_wconf 78' lang='grc' dir='ltr'><strong>τός</strong></span> <span class='ocrx_word' id='word_1_297' title='bbox 475 2237 600 2288; x_wconf 88' lang='grc' dir='ltr'><strong>ἐστι¹</strong></span> <span class='ocrx_word' id='word_1_298' title='bbox 624 2235 777 2299; x_wconf 79' lang='grc' dir='ltr'>Θεὸς,</span> <span class='ocrx_word' id='word_1_299' title='bbox 811 2236 840 2286; x_wconf 91' lang='lat'><strong>6</strong></span> <span class='ocrx_word' id='word_1_300' title='bbox 865 2235 1102 2307; x_wconf 80' lang='grc' dir='ltr'>ἐνεργῶν</span> <span class='ocrx_word' id='word_1_301' title='bbox 1125 2235 1196 2288; x_wconf 90' lang='grc' dir='ltr'><strong>τά</strong></span> <span class='ocrx_word' id='word_1_302' title='bbox 1221 2235 1398 2289; x_wconf 85' lang='grc' dir='ltr'>πάντα</span> <span class='ocrx_word' id='word_1_303' title='bbox 1425 2237 1482 2288; x_wconf 89' lang='grc' dir='ltr'><strong>ἐν</strong></span> <span class='ocrx_word' id='word_1_304' title='bbox 1511 2236 1696 2288; x_wconf 83' lang='grc' dir='ltr'>πᾶσιν.</span> <span class='ocrx_word' id='word_1_305' title='bbox 1730 2255 1748 2287; x_wconf 82' lang='grc' dir='ltr'><strong>ι</strong></span> <span class='ocrx_word' id='word_1_306' title='bbox 1782 2238 1934 2308; x_wconf 85' lang='grc' dir='ltr'>Ἔχει</span> 
     </span>
    </p>
   </div>
   <div class='ocr_carea' id='block_1_40' title="bbox 361 2326 1936 2398">
    <p class='ocr_par' dir='ltr' id='par_1_40' title="bbox 361 2326 1936 2398">
     <span class='ocr_line' id='line_1_40' title="bbox 361 2326 1936 2398; baseline 0.003 -18"><span class='ocrx_word' id='word_1_307' title='bbox 361 2326 414 2380; x_wconf 88' lang='grc' dir='ltr'>δὲ</span> <span class='ocrx_word' id='word_1_308' title='bbox 448 2327 793 2397; x_wconf 79' lang='grc' dir='ltr'>ἐπατυόρησιν</span> <span class='ocrx_word' id='word_1_309' title='bbox 819 2327 929 2397; x_wconf 87' lang='lat' dir='ltr'><strong>(l9)</strong></span> <span class='ocrx_word' id='word_1_310' title='bbox 959 2327 1049 2380; x_wconf 91' lang='grc' dir='ltr'><strong>διά</strong></span> <span class='ocrx_word' id='word_1_311' title='bbox 1067 2344 1128 2379; x_wconf 89' lang='grc' dir='ltr'><strong>τε</strong></span> <span class='ocrx_word' id='word_1_312' title='bbox 1157 2327 1218 2379; x_wconf 88' lang='grc' dir='ltr'><strong>τό</strong></span> <span class='ocrx_word' id='word_1_313' title='bbox 1237 2347 1250 2362; x_wconf 78' lang='grc' dir='ltr'><strong>ο</strong></span> <span class='ocrx_word' id='word_1_314' title='bbox 1278 2347 1296 2377; x_wconf 84' lang='grc'><strong><em>‹</em></strong></span> <span class='ocrx_word' id='word_1_315' title='bbox 1335 2328 1520 2381; x_wconf 83' lang='grc' dir='ltr'>Πάντα</span> <span class='ocrx_word' id='word_1_316' title='bbox 1543 2327 1608 2380; x_wconf 86' lang='grc' dir='ltr'>δι’</span> <span class='ocrx_word' id='word_1_317' title='bbox 1631 2327 1795 2381; x_wconf 80' lang='grc' dir='ltr'>αὐτοῦ</span> <span class='ocrx_word' id='word_1_318' title='bbox 1812 2331 1936 2398; x_wconf 82' lang='grc' dir='ltr'>ἐγέ-</span> 
     </span>
    </p>
   </div>
   <div class='ocr_carea' id='block_1_41' title="bbox 361 2415 1932 2488">
    <p class='ocr_par' dir='ltr' id='par_1_41' title="bbox 361 2415 1932 2488">
     <span class='ocr_line' id='line_1_41' title="bbox 361 2415 1932 2488; baseline 0.002 -18"><span class='ocrx_word' id='word_1_319' title='bbox 361 2433 499 2481; x_wconf 89' lang='grc' dir='ltr'>νετο,</span> <span class='ocrx_word' id='word_1_320' title='bbox 527 2436 545 2467; x_wconf 75' lang='grc' dir='ltr'><strong>ι</strong></span> <span class='ocrx_word' id='word_1_321' title='bbox 571 2418 663 2469; x_wconf 74' lang='grc' dir='ltr'>καὶ</span> <span class='ocrx_word' id='word_1_322' title='bbox 680 2415 995 2470; x_wconf 83' lang='grc' dir='ltr'>ἀκολουθεῖν</span> <span class='ocrx_word' id='word_1_323' title='bbox 1010 2417 1072 2470; x_wconf 85' lang='grc' dir='ltr'><strong>τὸ</strong></span> <span class='ocrx_word' id='word_1_324' title='bbox 1095 2417 1340 2488; x_wconf 86' lang='grc' dir='ltr'>Πνεῦμα,</span> <span class='ocrx_word' id='word_1_325' title='bbox 1374 2419 1600 2488; x_wconf 81' lang='grc' dir='ltr'>γενητὸν</span> <span class='ocrx_word' id='word_1_326' title='bbox 1625 2418 1704 2484; x_wconf 81' lang='grc' dir='ltr'><strong>ὃν,</strong></span> <span class='ocrx_word' id='word_1_327' title='bbox 1727 2419 1816 2473; x_wconf 87' lang='grc' dir='ltr'>διὰ</span> <span class='ocrx_word' id='word_1_328' title='bbox 1839 2420 1932 2473; x_wconf 93' lang='grc' dir='ltr'><strong>τοῦ</strong></span> 
     </span>
    </p>
   </div>
   <div class='ocr_carea' id='block_1_42' title="bbox 359 2505 1932 2581">
    <p class='ocr_par' dir='ltr' id='par_1_42' title="bbox 359 2505 1932 2581">
     <span class='ocr_line' id='line_1_42' title="bbox 359 2505 1932 2581; baseline 0.002 -21"><span class='ocrx_word' id='word_1_329' title='bbox 359 2507 528 2576; x_wconf 85' lang='grc' dir='ltr'>Λόγου</span> <span class='ocrx_word' id='word_1_330' title='bbox 557 2506 858 2575; x_wconf 90' lang='grc' dir='ltr'>γεγονέναι,</span> <span class='ocrx_word' id='word_1_331' title='bbox 887 2505 1004 2571; x_wconf 87' lang='grc' dir='ltr'><strong>πῶς</strong></span> <span class='ocrx_word' id='word_1_332' title='bbox 1027 2508 1188 2561; x_wconf 79' lang='grc' dir='ltr'>οἱονεὶ</span> <span class='ocrx_word' id='word_1_333' title='bbox 1209 2510 1541 2579; x_wconf 83' lang='grc' dir='ltr'>προτιμᾶται</span> <span class='ocrx_word' id='word_1_334' title='bbox 1570 2508 1665 2562; x_wconf 89' lang='grc' dir='ltr'><strong>τοῦ</strong></span> <span class='ocrx_word' id='word_1_335' title='bbox 1695 2508 1932 2581; x_wconf 86' lang='grc' dir='ltr'>Χριστοῦ</span> 
     </span>
    </p>
   </div>
   <div class='ocr_carea' id='block_1_43' title="bbox 360 2598 1935 2671">
    <p class='ocr_par' dir='ltr' id='par_1_43' title="bbox 360 2598 1935 2671">
     <span class='ocr_line' id='line_1_43' title="bbox 360 2598 1935 2671; baseline 0.003 -19"><span class='ocrx_word' id='word_1_336' title='bbox 360 2598 414 2652; x_wconf 83' lang='grc' dir='ltr'>ἒν</span> <span class='ocrx_word' id='word_1_337' title='bbox 449 2615 556 2651; x_wconf 89' lang='grc' dir='ltr'>τισι</span> <span class='ocrx_word' id='word_1_338' title='bbox 614 2599 877 2670; x_wconf 86' lang='grc' dir='ltr'>Γραφαῖς,</span> <span class='ocrx_word' id='word_1_339' title='bbox 925 2599 984 2650; x_wconf 86' lang='grc' dir='ltr'><strong>ἐν</strong></span> <span class='ocrx_word' id='word_1_340' title='bbox 1044 2598 1143 2668; x_wconf 88' lang='grc' dir='ltr'>μὲν</span> <span class='ocrx_word' id='word_1_341' title='bbox 1187 2598 1266 2670; x_wconf 84' lang='grc' dir='ltr'>τῷ</span> <span class='ocrx_word' id='word_1_342' title='bbox 1323 2600 1519 2671; x_wconf 82' lang='grc' dir='ltr'>Ἡσαΐᾳ</span> <span class='ocrx_word' id='word_1_343' title='bbox 1549 2600 1935 2671; x_wconf 87' lang='grc' dir='ltr'>ὁμολογοῦντος</span> 
     </span>
    </p>
   </div>
   <div class='ocr_carea' id='block_1_44' title="bbox 360 2689 1930 2764">
    <p class='ocr_par' dir='ltr' id='par_1_44' title="bbox 360 2689 1930 2764">
     <span class='ocr_line' id='line_1_44' title="bbox 360 2689 1930 2764; baseline 0.003 -22"><span class='ocrx_word' id='word_1_344' title='bbox 360 2689 595 2758; x_wconf 86' lang='grc' dir='ltr'>Χριστοῦ</span> <span class='ocrx_word' id='word_1_345' title='bbox 637 2690 736 2760; x_wconf 80' lang='grc' dir='ltr'><strong>οὐχ</strong></span> <span class='ocrx_word' id='word_1_346' title='bbox 768 2689 873 2742; x_wconf 80' lang='grc' dir='ltr'><strong>ὑπὸ</strong></span> <span class='ocrx_word' id='word_1_347' title='bbox 923 2690 1017 2742; x_wconf 88' lang='grc' dir='ltr'><strong>τοῦ</strong></span> <span class='ocrx_word' id='word_1_348' title='bbox 1071 2691 1284 2762; x_wconf 88' lang='grc' dir='ltr'>Πατρὸς</span> <span class='ocrx_word' id='word_1_349' title='bbox 1339 2691 1676 2746; x_wconf 84' lang='grc' dir='ltr'>ἀπεστάλθαι</span> <span class='ocrx_word' id='word_1_350' title='bbox 1734 2694 1930 2764; x_wconf 84' lang='grc' dir='ltr'>μόνου,</span> 
     </span>
    </p>
   </div>
   <div class='ocr_carea' id='block_1_45' title="bbox 359 2780 1935 2857">
    <p class='ocr_par' dir='ltr' id='par_1_45' title="bbox 359 2780 1935 2857">
     <span class='ocr_line' id='line_1_45' title="bbox 359 2780 1935 2857; baseline 0.003 -22"><span class='ocrx_word' id='word_1_351' title='bbox 359 2781 490 2835; x_wconf 86' lang='grc' dir='ltr'><strong>ἀλλά</strong></span> <span class='ocrx_word' id='word_1_352' title='bbox 515 2782 606 2834; x_wconf 77' lang='grc' dir='ltr'>καὶ</span> <span class='ocrx_word' id='word_1_353' title='bbox 631 2781 737 2834; x_wconf 82' lang='grc' dir='ltr'><strong>ὑπὸ</strong></span> <span class='ocrx_word' id='word_1_354' title='bbox 768 2780 864 2834; x_wconf 90' lang='grc' dir='ltr'><strong>τοῦ</strong></span> <span class='ocrx_word' id='word_1_355' title='bbox 891 2781 1048 2850; x_wconf 82' lang='grc' dir='ltr'>ἁγίου</span> <span class='ocrx_word' id='word_1_356' title='bbox 1071 2783 1385 2854; x_wconf 82' lang='grc' dir='ltr'>Πνεύματος</span> <span class='ocrx_word' id='word_1_357' title='bbox 1428 2785 1582 2857; x_wconf 78' lang='grc' dir='ltr'>(φησὶ</span> <span class='ocrx_word' id='word_1_358' title='bbox 1616 2787 1744 2857; x_wconf 78' lang='grc' dir='ltr'>γάρ’</span> <span class='ocrx_word' id='word_1_359' title='bbox 1777 2807 1794 2839; x_wconf 76' lang='grc' dir='ltr'><strong>ι</strong></span> <span class='ocrx_word' id='word_1_360' title='bbox 1823 2787 1935 2840; x_wconf 76' lang='grc' dir='ltr'><strong>Καὶ</strong></span> 
     </span>
    </p>
   </div>
   <div class='ocr_carea' id='block_1_46' title="bbox 331 2873 1934 2949">
    <p class='ocr_par' dir='ltr' id='par_1_46' title="bbox 331 2873 1934 2949">
     <span class='ocr_line' id='line_1_46' title="bbox 331 2873 1934 2949; baseline 0.005 -24"><span class='ocrx_word' id='word_1_361' title='bbox 331 2887 336 2892; x_wconf 92' lang='grc'><strong>·</strong></span> <span class='ocrx_word' id='word_1_362' title='bbox 357 2873 448 2926; x_wconf 85' lang='grc' dir='ltr'><strong>νῦν</strong></span> <span class='ocrx_word' id='word_1_363' title='bbox 470 2873 674 2946; x_wconf 80' lang='grc' dir='ltr'>Κύριος</span> <span class='ocrx_word' id='word_1_364' title='bbox 693 2873 979 2928; x_wconf 82' lang='grc' dir='ltr'>ἀπέστειλέ</span> <span class='ocrx_word' id='word_1_365' title='bbox 1001 2891 1088 2945; x_wconf 90' lang='grc' dir='ltr'><strong>με,</strong></span> <span class='ocrx_word' id='word_1_366' title='bbox 1105 2875 1198 2928; x_wconf 76' lang='grc' dir='ltr'><strong>καὶ</strong></span> <span class='ocrx_word' id='word_1_367' title='bbox 1219 2875 1281 2928; x_wconf 86' lang='grc' dir='ltr'>τὸ</span> <span class='ocrx_word' id='word_1_368' title='bbox 1297 2876 1519 2948; x_wconf 85' lang='grc' dir='ltr'>Πνεῦμα</span> <span class='ocrx_word' id='word_1_369' title='bbox 1539 2878 1702 2931; x_wconf 81' lang='grc' dir='ltr'>αὐτοῦ</span> <span class='ocrx_word' id='word_1_370' title='bbox 1720 2879 1784 2949; x_wconf 82' lang='grc'><strong>›)·</strong></span> <span class='ocrx_word' id='word_1_371' title='bbox 1805 2881 1862 2932; x_wconf 87' lang='grc' dir='ltr'>ὲν</span> <span class='ocrx_word' id='word_1_372' title='bbox 1876 2880 1934 2933; x_wconf 86' lang='grc' dir='ltr'>δὲ</span> 
     </span>
    </p>
   </div>
   <div class='ocr_carea' id='block_1_47' title="bbox 355 2965 1935 3042">
    <p class='ocr_par' dir='ltr' id='par_1_47' title="bbox 355 2965 1935 3042">
     <span class='ocr_line' id='line_1_47' title="bbox 355 2965 1935 3042; baseline 0.006 -25"><span class='ocrx_word' id='word_1_373' title='bbox 355 2965 431 3036; x_wconf 81' lang='grc' dir='ltr'>τῷ</span> <span class='ocrx_word' id='word_1_374' title='bbox 463 2965 781 3036; x_wconf 82' lang='grc' dir='ltr'>Εὐαγγελίῳ</span> <span class='ocrx_word' id='word_1_375' title='bbox 810 2965 1002 3034; x_wconf 73' lang='grc' dir='ltr'>ἄφεσιν</span> <span class='ocrx_word' id='word_1_376' title='bbox 1039 2968 1137 3037; x_wconf 86' lang='grc' dir='ltr'>μὲν</span> <span class='ocrx_word' id='word_1_377' title='bbox 1187 2969 1658 3040; x_wconf 84' lang='grc' dir='ltr'>ἐπαγγελλομένου</span> <span class='ocrx_word' id='word_1_378' title='bbox 1709 2972 1802 3024; x_wconf 72' lang='grc' dir='ltr'><strong>ἐπὶ</strong></span> <span class='ocrx_word' id='word_1_379' title='bbox 1831 2971 1935 3042; x_wconf 80' lang='grc' dir='ltr'>τῆς</span> 
     </span>
    </p>
   </div>
   <div class='ocr_carea' id='block_1_48' title="bbox 354 3059 1934 3134">
    <p class='ocr_par' dir='ltr' id='par_1_48' title="bbox 354 3059 1934 3134">
     <span class='ocr_line' id='line_1_48' title="bbox 354 3059 1934 3134; baseline 0.004 -23"><span class='ocrx_word' id='word_1_380' title='bbox 354 3061 432 3122; x_wconf 85' lang='grc' dir='ltr'><strong>είς</strong></span> <span class='ocrx_word' id='word_1_381' title='bbox 461 3059 624 3112; x_wconf 81' lang='grc' dir='ltr'>αὑτὸν</span> <span class='ocrx_word' id='word_1_382' title='bbox 651 3059 949 3130; x_wconf 84' lang='grc' dir='ltr'>ἁμαρτίας,</span> <span class='ocrx_word' id='word_1_383' title='bbox 980 3061 1414 3131; x_wconf 80' lang='grc' dir='ltr'>ἀποφαινομένου</span> <span class='ocrx_word' id='word_1_384' title='bbox 1442 3062 1499 3114; x_wconf 82' lang='grc' dir='ltr'><strong>δὲ</strong></span> <span class='ocrx_word' id='word_1_385' title='bbox 1529 3063 1660 3134; x_wconf 76' lang='grc' dir='ltr'>περὶ</span> <span class='ocrx_word' id='word_1_386' title='bbox 1709 3063 1809 3134; x_wconf 82' lang='grc' dir='ltr'>τῆς</span> <span class='ocrx_word' id='word_1_387' title='bbox 1852 3067 1934 3129; x_wconf 78' lang='grc' dir='ltr'>εἰς</span> 
     </span>
    </p>
   </div>
   <div class='ocr_carea' id='block_1_49' title="bbox 354 3152 1931 3228">
    <p class='ocr_par' dir='ltr' id='par_1_49' title="bbox 354 3152 1931 3228">
     <span class='ocr_line' id='line_1_49' title="bbox 354 3152 1931 3228; baseline 0.003 -24"><span class='ocrx_word' id='word_1_388' title='bbox 354 3152 414 3204; x_wconf 82' lang='grc' dir='ltr'><strong>τὸ</strong></span> <span class='ocrx_word' id='word_1_389' title='bbox 443 3152 598 3220; x_wconf 72' lang='grc' dir='ltr'>ἅγιον</span> <span class='ocrx_word' id='word_1_390' title='bbox 632 3152 858 3223; x_wconf 88' lang='grc' dir='ltr'>Πνεῦμα</span> <span class='ocrx_word' id='word_1_391' title='bbox 891 3152 1256 3225; x_wconf 75' lang='grc' dir='ltr'>βλασφημίας,</span> <span class='ocrx_word' id='word_1_392' title='bbox 1286 3153 1360 3217; x_wconf 88' lang='grc' dir='ltr'><strong>ώς</strong></span> <span class='ocrx_word' id='word_1_393' title='bbox 1388 3154 1448 3206; x_wconf 85' lang='grc' dir='ltr'>οὺ</span> <span class='ocrx_word' id='word_1_394' title='bbox 1486 3155 1645 3224; x_wconf 88' lang='grc' dir='ltr'>μόνον</span> <span class='ocrx_word' id='word_1_395' title='bbox 1673 3157 1731 3208; x_wconf 88' lang='grc' dir='ltr'><strong>ἐν</strong></span> <span class='ocrx_word' id='word_1_396' title='bbox 1755 3155 1931 3228; x_wconf 85' lang='grc' dir='ltr'>τούτῳ</span> 
     </span>
    </p>
   </div>
   <div class='ocr_carea' id='block_1_50' title="bbox 353 3241 1934 3316">
    <p class='ocr_par' dir='ltr' id='par_1_50' title="bbox 353 3241 1934 3316">
     <span class='ocr_line' id='line_1_50' title="bbox 353 3241 1934 3316; baseline 0.004 -22"><span class='ocrx_word' id='word_1_397' title='bbox 353 3241 432 3312; x_wconf 82' lang='grc' dir='ltr'>τῷ</span> <span class='ocrx_word' id='word_1_398' title='bbox 466 3243 626 3295; x_wconf 75' lang='grc' dir='ltr'>αἰῶνι</span> <span class='ocrx_word' id='word_1_399' title='bbox 675 3243 748 3314; x_wconf 86' lang='grc' dir='ltr'>μὴ</span> <span class='ocrx_word' id='word_1_400' title='bbox 801 3243 1066 3314; x_wconf 86' lang='grc' dir='ltr'>ἐσομένης</span> <span class='ocrx_word' id='word_1_401' title='bbox 1122 3243 1224 3314; x_wconf 78' lang='grc' dir='ltr'>τῆς</span> <span class='ocrx_word' id='word_1_402' title='bbox 1270 3244 1518 3313; x_wconf 83' lang='grc' dir='ltr'>ἀφέσεως</span> <span class='ocrx_word' id='word_1_403' title='bbox 1568 3245 1646 3316; x_wconf 83' lang='grc' dir='ltr'><strong>τῷ</strong></span> <span class='ocrx_word' id='word_1_404' title='bbox 1690 3249 1769 3311; x_wconf 85' lang='grc' dir='ltr'>εἰς</span> <span class='ocrx_word' id='word_1_405' title='bbox 1801 3249 1934 3302; x_wconf 77' lang='grc' dir='ltr'>αὐτὸ</span> 
     </span>
    </p>
   </div>
   <div class='ocr_carea' id='block_1_51' title="bbox 353 3334 1932 3410">
    <p class='ocr_par' dir='ltr' id='par_1_51' title="bbox 353 3334 1932 3410">
     <span class='ocr_line' id='line_1_51' title="bbox 353 3334 1932 3410; baseline 0.004 -24"><span class='ocrx_word' id='word_1_406' title='bbox 353 3335 804 3405; x_wconf 85' lang='grc' dir='ltr'>δυσφημήσαντι,</span> <span class='ocrx_word' id='word_1_407' title='bbox 849 3335 964 3388; x_wconf 80' lang='grc' dir='ltr'>ἀλλ’</span> <span class='ocrx_word' id='word_1_408' title='bbox 990 3334 1111 3388; x_wconf 81' lang='grc' dir='ltr'>οὐδὲ</span> <span class='ocrx_word' id='word_1_409' title='bbox 1145 3337 1203 3388; x_wconf 83' lang='grc' dir='ltr'><strong>ἐν</strong></span> <span class='ocrx_word' id='word_1_410' title='bbox 1235 3336 1312 3406; x_wconf 85' lang='grc' dir='ltr'>τῷ</span> <span class='ocrx_word' id='word_1_411' title='bbox 1353 3336 1618 3407; x_wconf 88' lang='grc' dir='ltr'>μέλλοντι.</span> <span class='ocrx_word' id='word_1_412' title='bbox 1665 3340 1775 3392; x_wconf 76' lang='grc' dir='ltr'><strong>Καὶ</strong></span> <span class='ocrx_word' id='word_1_413' title='bbox 1827 3341 1932 3410; x_wconf 80' lang='grc' dir='ltr'><strong>μή·</strong></span> 
     </span>
    </p>
   </div>
   <div class='ocr_carea' id='block_1_52' title="bbox 355 3424 1934 3504">
    <p class='ocr_par' dir='ltr' id='par_1_52' title="bbox 355 3424 1934 3504">
     <span class='ocr_line' id='line_1_52' title="bbox 355 3424 1934 3504; baseline 0.003 -23"><span class='ocrx_word' id='word_1_414' title='bbox 355 3444 484 3481; x_wconf 86' lang='grc' dir='ltr'>ποτε</span> <span class='ocrx_word' id='word_1_415' title='bbox 515 3428 576 3480; x_wconf 80' lang='grc' dir='ltr'><strong>οὐ</strong></span> <span class='ocrx_word' id='word_1_416' title='bbox 620 3427 838 3492; x_wconf 86' lang='grc' dir='ltr'>πάντως</span> <span class='ocrx_word' id='word_1_417' title='bbox 881 3427 969 3481; x_wconf 81' lang='grc' dir='ltr'>διὰ</span> <span class='ocrx_word' id='word_1_418' title='bbox 995 3428 1056 3480; x_wconf 88' lang='grc' dir='ltr'><strong>τὸ</strong></span> <span class='ocrx_word' id='word_1_419' title='bbox 1081 3427 1405 3500; x_wconf 87' lang='grc' dir='ltr'>τιμιώτερον</span> <span class='ocrx_word' id='word_1_420' title='bbox 1440 3424 1578 3482; x_wconf 82' lang='grc' dir='ltr'>εἶναι</span> <span class='ocrx_word' id='word_1_421' title='bbox 1609 3430 1670 3484; x_wconf 86' lang='grc' dir='ltr'>τὸ</span> <span class='ocrx_word' id='word_1_422' title='bbox 1711 3433 1934 3504; x_wconf 88' lang='grc' dir='ltr'>Πνεῦμα</span> 
     </span>
    </p>
   </div>
   <div class='ocr_carea' id='block_1_53' title="bbox 317 3519 1936 3596">
    <p class='ocr_par' dir='ltr' id='par_1_53' title="bbox 317 3519 1936 3596">
     <span class='ocr_line' id='line_1_53' title="bbox 317 3519 1936 3596; baseline 0.004 -25"><span class='ocrx_word' id='word_1_423' title='bbox 317 3594 319 3596; x_wconf 78' lang='lat'><em>_</em></span> <span class='ocrx_word' id='word_1_424' title='bbox 351 3519 413 3571; x_wconf 79' lang='grc' dir='ltr'><strong>τὸ</strong></span> <span class='ocrx_word' id='word_1_425' title='bbox 437 3519 594 3588; x_wconf 79' lang='grc' dir='ltr'>ἅγιον</span> <span class='ocrx_word' id='word_1_426' title='bbox 613 3519 707 3572; x_wconf 88' lang='grc' dir='ltr'><strong>τοῦ</strong></span> <span class='ocrx_word' id='word_1_427' title='bbox 744 3519 1002 3590; x_wconf 84' lang='grc' dir='ltr'>Χριστοῦ,</span> <span class='ocrx_word' id='word_1_428' title='bbox 1036 3521 1096 3572; x_wconf 84' lang='grc' dir='ltr'><strong>οὐ</strong></span> <span class='ocrx_word' id='word_1_429' title='bbox 1123 3521 1330 3588; x_wconf 88' lang='grc' dir='ltr'>γίνεται</span> <span class='ocrx_word' id='word_1_430' title='bbox 1370 3522 1562 3590; x_wconf 82' lang='grc' dir='ltr'>ἄφεσις</span> <span class='ocrx_word' id='word_1_431' title='bbox 1593 3522 1670 3593; x_wconf 79' lang='grc' dir='ltr'>τῷ</span> <span class='ocrx_word' id='word_1_432' title='bbox 1698 3525 1776 3588; x_wconf 85' lang='grc' dir='ltr'><strong>είς</strong></span> <span class='ocrx_word' id='word_1_433' title='bbox 1803 3525 1936 3578; x_wconf 80' lang='grc' dir='ltr'>αὐτὸ</span> 
     </span>
    </p>
   </div>
   <div class='ocr_carea' id='block_1_54' title="bbox 353 3611 1934 3684">
    <p class='ocr_par' dir='ltr' id='par_1_54' title="bbox 353 3611 1934 3684">
     <span class='ocr_line' id='line_1_54' title="bbox 353 3611 1934 3684; baseline 0.002 -20"><span class='ocrx_word' id='word_1_434' title='bbox 353 3611 464 3683; x_wconf 76' lang='grc'><strong>(20)</strong></span> <span class='ocrx_word' id='word_1_435' title='bbox 503 3612 865 3684; x_wconf 78' lang='grc' dir='ltr'>ἡμαρτηκότι,</span> <span class='ocrx_word' id='word_1_436' title='bbox 912 3611 1048 3664; x_wconf 85' lang='grc' dir='ltr'><strong>ἀλλά</strong></span> <span class='ocrx_word' id='word_1_437' title='bbox 1093 3611 1180 3664; x_wconf 84' lang='grc' dir='ltr'>διὰ</span> <span class='ocrx_word' id='word_1_438' title='bbox 1226 3611 1288 3664; x_wconf 85' lang='grc' dir='ltr'><strong>τὸ</strong></span> <span class='ocrx_word' id='word_1_439' title='bbox 1330 3612 1565 3684; x_wconf 88' lang='grc' dir='ltr'>Χριστοῦ</span> <span class='ocrx_word' id='word_1_440' title='bbox 1608 3613 1703 3684; x_wconf 85' lang='grc' dir='ltr'>μὲν</span> <span class='ocrx_word' id='word_1_441' title='bbox 1759 3615 1934 3667; x_wconf 88' lang='grc' dir='ltr'>πάντα</span> 
     </span>
    </p>
   </div>
   <div class='ocr_carea' id='block_1_55' title="bbox 356 3697 1936 3776">
    <p class='ocr_par' dir='ltr' id='par_1_55' title="bbox 356 3697 1936 3776">
     <span class='ocr_line' id='line_1_55' title="bbox 356 3697 1936 3776; baseline 0.003 -22"><span class='ocrx_word' id='word_1_442' title='bbox 356 3703 608 3772; x_wconf 75' lang='grc' dir='ltr'>μετέχειν</span> <span class='ocrx_word' id='word_1_443' title='bbox 663 3703 734 3756; x_wconf 79' lang='grc' dir='ltr'>τὰ</span> <span class='ocrx_word' id='word_1_444' title='bbox 775 3703 1004 3771; x_wconf 87' lang='grc' dir='ltr'>λογικὰ,</span> <span class='ocrx_word' id='word_1_445' title='bbox 1049 3697 1130 3766; x_wconf 80' lang='grc' dir='ltr'>οἷς</span> <span class='ocrx_word' id='word_1_446' title='bbox 1174 3702 1372 3756; x_wconf 87' lang='grc' dir='ltr'>δίδοται</span> <span class='ocrx_word' id='word_1_447' title='bbox 1419 3704 1714 3776; x_wconf 82' lang='grc' dir='ltr'>συγγνώμη</span> <span class='ocrx_word' id='word_1_448' title='bbox 1771 3723 1936 3776; x_wconf 88' lang='grc' dir='ltr'>μετα-</span> 
     </span>
    </p>
   </div>
   <div class='ocr_carea' id='block_1_56' title="bbox 349 3792 1932 3865">
    <p class='ocr_par' dir='ltr' id='par_1_56' title="bbox 349 3792 1932 3865">
     <span class='ocr_line' id='line_1_56' title="bbox 349 3792 1932 3865; baseline 0.003 -20"><span class='ocrx_word' id='word_1_449' title='bbox 349 3792 706 3864; x_wconf 72' lang='grc' dir='ltr'>ϐαλλομένοις</span> <span class='ocrx_word' id='word_1_450' title='bbox 759 3793 868 3845; x_wconf 75' lang='grc' dir='ltr'>ἀπὸ</span> <span class='ocrx_word' id='word_1_451' title='bbox 908 3792 1016 3846; x_wconf 91' lang='grc' dir='ltr'><strong>τῶν</strong></span> <span class='ocrx_word' id='word_1_452' title='bbox 1058 3794 1494 3864; x_wconf 82' lang='grc' dir='ltr'>ἁμαρτημάτων,</span> <span class='ocrx_word' id='word_1_453' title='bbox 1541 3794 1635 3847; x_wconf 90' lang='grc' dir='ltr'><strong>τοῦ</strong></span> <span class='ocrx_word' id='word_1_454' title='bbox 1687 3796 1744 3850; x_wconf 82' lang='grc' dir='ltr'>δὲ</span> <span class='ocrx_word' id='word_1_455' title='bbox 1776 3797 1932 3865; x_wconf 83' lang='grc' dir='ltr'>ἁγίου</span> 
     </span>
    </p>
   </div>
   <div class='ocr_carea' id='block_1_57' title="bbox 354 3883 1934 3957">
    <p class='ocr_par' dir='ltr' id='par_1_57' title="bbox 354 3883 1934 3957">
     <span class='ocr_line' id='line_1_57' title="bbox 354 3883 1934 3957; baseline 0.003 -21"><span class='ocrx_word' id='word_1_456' title='bbox 354 3883 674 3955; x_wconf 84' lang='grc' dir='ltr'>Πνεύματος</span> <span class='ocrx_word' id='word_1_457' title='bbox 717 3885 841 3947; x_wconf 77' lang='grc' dir='ltr'>τοὺς</span> <span class='ocrx_word' id='word_1_458' title='bbox 884 3884 1343 3955; x_wconf 66' lang='grc' dir='ltr'>κατηξιωμέιους,</span> <span class='ocrx_word' id='word_1_459' title='bbox 1407 3886 1676 3957; x_wconf 81' lang='grc' dir='ltr'>μηδεμιᾶς</span> <span class='ocrx_word' id='word_1_460' title='bbox 1715 3885 1934 3957; x_wconf 74' lang='grc' dir='ltr'>εὔλογον</span> 
     </span>
    </p>
   </div>
   <div class='ocr_carea' id='block_1_58' title="bbox 353 3971 1934 4051">
    <p class='ocr_par' dir='ltr' id='par_1_58' title="bbox 353 3971 1934 4051">
     <span class='ocr_line' id='line_1_58' title="bbox 353 3971 1934 4051; baseline 0.004 -23"><span class='ocrx_word' id='word_1_461' title='bbox 353 3971 494 4030; x_wconf 78' lang='grc' dir='ltr'>εἶναι</span> <span class='ocrx_word' id='word_1_462' title='bbox 537 3976 868 4047; x_wconf 83' lang='grc' dir='ltr'>συγγνώμης</span> <span class='ocrx_word' id='word_1_463' title='bbox 889 3981 1072 4048; x_wconf 81' lang='grc' dir='ltr'>τυχεῖν</span> <span class='ocrx_word' id='word_1_464' title='bbox 1102 3978 1239 4049; x_wconf 80' lang='grc' dir='ltr'>μετα</span> <span class='ocrx_word' id='word_1_465' title='bbox 1274 3978 1606 4051; x_wconf 83' lang='grc' dir='ltr'>τηλικαύτης</span> <span class='ocrx_word' id='word_1_466' title='bbox 1634 3982 1728 4034; x_wconf 74' lang='grc' dir='ltr'>καὶ</span> <span class='ocrx_word' id='word_1_467' title='bbox 1751 3981 1934 4035; x_wconf 87' lang='grc' dir='ltr'>τοιαύ-</span> 
     </span>
    </p>
   </div>
   <div class='ocr_carea' id='block_1_59' title="bbox 353 4069 1934 4139">
    <p class='ocr_par' dir='ltr' id='par_1_59' title="bbox 353 4069 1934 4139">
     <span class='ocr_line' id='line_1_59' title="bbox 353 4069 1934 4139; baseline 0.004 -18"><span class='ocrx_word' id='word_1_468' title='bbox 353 4085 454 4139; x_wconf 86' lang='grc' dir='ltr'><strong>της</strong></span> <span class='ocrx_word' id='word_1_469' title='bbox 495 4069 802 4139; x_wconf 81' lang='grc' dir='ltr'>συμπνοίας</span> <span class='ocrx_word' id='word_1_470' title='bbox 842 4072 954 4133; x_wconf 86' lang='grc' dir='ltr'>τοίς</span> <span class='ocrx_word' id='word_1_471' title='bbox 995 4071 1075 4134; x_wconf 78' lang='grc' dir='ltr'>εἰς</span> <span class='ocrx_word' id='word_1_472' title='bbox 1117 4070 1179 4122; x_wconf 82' lang='grc' dir='ltr'><strong>τὸ</strong></span> <span class='ocrx_word' id='word_1_473' title='bbox 1227 4071 1397 4124; x_wconf 74' lang='grc' dir='ltr'>κακὸν</span> <span class='ocrx_word' id='word_1_474' title='bbox 1437 4070 1518 4124; x_wconf 83' lang='grc' dir='ltr'><strong>έτι</strong></span> <span class='ocrx_word' id='word_1_475' title='bbox 1568 4072 1934 4128; x_wconf 86' lang='grc' dir='ltr'>ἀποπίπτουσι</span> 
     </span>
    </p>
   </div>
   <div class='ocr_carea' id='block_1_60' title="bbox 354 4159 1935 4233">
    <p class='ocr_par' dir='ltr' id='par_1_60' title="bbox 354 4159 1935 4233">
     <span class='ocr_line' id='line_1_60' title="bbox 354 4159 1935 4233; baseline 0.003 -21"><span class='ocrx_word' id='word_1_476' title='bbox 354 4160 449 4212; x_wconf 77' lang='grc' dir='ltr'>καὶ</span> <span class='ocrx_word' id='word_1_477' title='bbox 477 4159 905 4228; x_wconf 85' lang='grc' dir='ltr'>ἐκτρεπομένοις</span> <span class='ocrx_word' id='word_1_478' title='bbox 934 4159 1046 4231; x_wconf 74' lang='lat'><strong>(2|)</strong></span> <span class='ocrx_word' id='word_1_479' title='bbox 1083 4159 1181 4223; x_wconf 85' lang='grc' dir='ltr'>τὰς</span> <span class='ocrx_word' id='word_1_480' title='bbox 1213 4159 1307 4212; x_wconf 89' lang='grc' dir='ltr'><strong>τοῦ</strong></span> <span class='ocrx_word' id='word_1_481' title='bbox 1333 4161 1731 4233; x_wconf 86' lang='grc' dir='ltr'>ἐνυπάρχοντος</span> <span class='ocrx_word' id='word_1_482' title='bbox 1763 4164 1935 4216; x_wconf 80' lang='grc' dir='ltr'>Πνεῦ-</span> 
     </span>
    </p>
   </div>
   <div class='ocr_carea' id='block_1_61' title="bbox 355 4251 1936 4327">
    <p class='ocr_par' dir='ltr' id='par_1_61' title="bbox 355 4251 1936 4327">
     <span class='ocr_line' id='line_1_61' title="bbox 355 4251 1936 4327; baseline 0.004 -23"><span class='ocrx_word' id='word_1_483' title='bbox 355 4268 529 4322; x_wconf 87' lang='grc' dir='ltr'>ματος</span> <span class='ocrx_word' id='word_1_484' title='bbox 575 4251 924 4322; x_wconf 79' lang='grc' dir='ltr'>συμϐουλίας.</span> <span class='ocrx_word' id='word_1_485' title='bbox 979 4253 1042 4306; x_wconf 82' lang='grc' dir='ltr'><strong>Εἰ</strong></span> <span class='ocrx_word' id='word_1_486' title='bbox 1089 4251 1147 4304; x_wconf 81' lang='grc' dir='ltr'>δὲ</span> <span class='ocrx_word' id='word_1_487' title='bbox 1194 4252 1334 4307; x_wconf 85' lang='grc' dir='ltr'>κατὰ</span> <span class='ocrx_word' id='word_1_488' title='bbox 1373 4253 1466 4306; x_wconf 81' lang='grc' dir='ltr'><strong>τὸν</strong></span> <span class='ocrx_word' id='word_1_489' title='bbox 1507 4255 1736 4308; x_wconf 74' lang='grc' dir='ltr'>Ἡσαΐαν</span> <span class='ocrx_word' id='word_1_490' title='bbox 1772 4257 1936 4327; x_wconf 70' lang='grc' dir='ltr'>φησιν</span> 
     </span>
    </p>
   </div>
   <div class='ocr_carea' id='block_1_62' title="bbox 348 4343 1935 4416">
    <p class='ocr_par' dir='ltr' id='par_1_62' title="bbox 348 4343 1935 4416">
     <span class='ocr_line' id='line_1_62' title="bbox 348 4343 1935 4416; baseline 0.003 -19"><span class='ocrx_word' id='word_1_491' title='bbox 348 4345 380 4397; x_wconf 87' lang='lat'><strong>6</strong></span> <span class='ocrx_word' id='word_1_492' title='bbox 431 4343 640 4415; x_wconf 84' lang='grc' dir='ltr'>Κύριος</span> <span class='ocrx_word' id='word_1_493' title='bbox 688 4343 847 4414; x_wconf 82' lang='grc' dir='ltr'>ἡμῶν</span> <span class='ocrx_word' id='word_1_494' title='bbox 886 4343 992 4397; x_wconf 81' lang='grc' dir='ltr'>ὑπὸ</span> <span class='ocrx_word' id='word_1_495' title='bbox 1037 4343 1133 4397; x_wconf 88' lang='grc' dir='ltr'><strong>τοῦ</strong></span> <span class='ocrx_word' id='word_1_496' title='bbox 1183 4345 1398 4416; x_wconf 83' lang='grc' dir='ltr'>Πατρὸς</span> <span class='ocrx_word' id='word_1_497' title='bbox 1457 4347 1792 4400; x_wconf 85' lang='grc' dir='ltr'>ἀπεστάλθαι</span> <span class='ocrx_word' id='word_1_498' title='bbox 1840 4349 1935 4402; x_wconf 76' lang='grc' dir='ltr'><strong>καὶ</strong></span> 
     </span>
    </p>
   </div>
   <div class='ocr_carea' id='block_1_63' title="bbox 349 4435 1936 4514">
    <p class='ocr_par' dir='ltr' id='par_1_63' title="bbox 349 4435 1936 4514">
     <span class='ocr_line' id='line_1_63' title="bbox 349 4435 1936 4514; baseline 0.004 -26"><span class='ocrx_word' id='word_1_499' title='bbox 349 4436 446 4488; x_wconf 86' lang='grc' dir='ltr'><strong>τοῦ</strong></span> <span class='ocrx_word' id='word_1_500' title='bbox 512 4435 829 4506; x_wconf 80' lang='grc' dir='ltr'>Πνεύματος</span> <span class='ocrx_word' id='word_1_501' title='bbox 873 4435 1038 4492; x_wconf 81' lang='grc' dir='ltr'>αὑτοῦ</span> <span class='ocrx_word' id='word_1_502' title='bbox 1065 4477 1080 4502; x_wconf 97' lang='grc'><strong>,</strong></span> <span class='ocrx_word' id='word_1_503' title='bbox 1150 4435 1266 4491; x_wconf 78' lang='grc' dir='ltr'>ἔστι</span> <span class='ocrx_word' id='word_1_504' title='bbox 1329 4437 1426 4492; x_wconf 80' lang='grc' dir='ltr'><strong>καὶ</strong></span> <span class='ocrx_word' id='word_1_505' title='bbox 1495 4439 1728 4493; x_wconf 83' lang='grc' dir='ltr'>ἐνταῦθα</span> <span class='ocrx_word' id='word_1_506' title='bbox 1808 4442 1936 4514; x_wconf 81' lang='grc' dir='ltr'>περὶ</span> 
     </span>
    </p>
   </div>
   <div class='ocr_carea' id='block_1_64' title="bbox 2036 1953 3623 2026">
    <p class='ocr_par' dir='ltr' id='par_1_64' title="bbox 2036 1953 3623 2026">
     <span class='ocr_line' id='line_1_64' title="bbox 2036 1953 3623 2026; baseline 0.002 -20"><span class='ocrx_word' id='word_1_507' title='bbox 2036 1953 2156 2007; x_wconf 90' lang='lat' dir='ltr'><strong>dem</strong></span> <span class='ocrx_word' id='word_1_508' title='bbox 2203 1962 2261 2006; x_wconf 91' lang='lat' dir='ltr'><strong>ut</strong></span> <span class='ocrx_word' id='word_1_509' title='bbox 2291 1955 2362 2006; x_wconf 91' lang='lat' dir='ltr'><strong>ita</strong></span> <span class='ocrx_word' id='word_1_510' title='bbox 2395 1967 2515 2007; x_wconf 91' lang='lat' dir='ltr'><strong>esse</strong></span> <span class='ocrx_word' id='word_1_511' title='bbox 2545 1961 2748 2020; x_wconf 87' lang='lat' dir='ltr'><strong>putem,</strong></span> <span class='ocrx_word' id='word_1_512' title='bbox 2797 1954 2928 2008; x_wconf 81' lang='lat' dir='ltr'><strong>facit</strong></span> <span class='ocrx_word' id='word_1_513' title='bbox 2957 1955 3154 2010; x_wconf 89' lang='lat' dir='ltr'><strong>Paulus</strong></span> <span class='ocrx_word' id='word_1_514' title='bbox 3183 1995 3200 2021; x_wconf 92' lang='lat'><strong>,</strong></span> <span class='ocrx_word' id='word_1_515' title='bbox 3234 1957 3326 2026; x_wconf 92' lang='lat' dir='ltr'><strong>qui</strong></span> <span class='ocrx_word' id='word_1_516' title='bbox 3374 1959 3623 2026; x_wconf 85' lang='lat' dir='ltr'><strong>quodam.</strong></span> 
     </span>
    </p>
   </div>
   <div class='ocr_carea' id='block_1_65' title="bbox 2035 2040 3613 2112">
    <p class='ocr_par' dir='ltr' id='par_1_65' title="bbox 2035 2040 3613 2112">
     <span class='ocr_line' id='line_1_65' title="bbox 2035 2040 3613 2112; baseline 0.004 -18"><span class='ocrx_word' id='word_1_517' title='bbox 2035 2040 2159 2096; x_wconf 91' lang='lat' dir='ltr'><strong>loco</strong></span> <span class='ocrx_word' id='word_1_518' title='bbox 2188 2042 2208 2072; x_wconf 81' lang='grc'><strong>³</strong></span> <span class='ocrx_word' id='word_1_519' title='bbox 2241 2042 2522 2112; x_wconf 82' lang='lat' dir='ltr'><strong>de-gratiis</strong></span> <span class='ocrx_word' id='word_1_520' title='bbox 2550 2044 2852 2112; x_wconf 55' lang='lat' dir='ltr'><strong>scribit.his</strong></span> <span class='ocrx_word' id='word_1_521' title='bbox 2883 2046 3100 2101; x_wconf 82' lang='lat' dir='ltr'><strong>verbis:</strong></span> <span class='ocrx_word' id='word_1_522' title='bbox 3133 2065 3151 2097; x_wconf 74' lang='grc' dir='ltr'><strong>ι</strong></span> <span class='ocrx_word' id='word_1_523' title='bbox 3184 2046 3489 2105; x_wconf 87' lang='lat' dir='ltr'><strong>Divisiones</strong></span> <span class='ocrx_word' id='word_1_524' title='bbox 3511 2064 3613 2102; x_wconf 83' lang='lat' dir='ltr'><strong>an-</strong></span> 
     </span>
    </p>
   </div>
   <div class='ocr_carea' id='block_1_66' title="bbox 2038 2133 3614 2205">
    <p class='ocr_par' dir='ltr' id='par_1_66' title="bbox 2038 2133 3614 2205">
     <span class='ocr_line' id='line_1_66' title="bbox 2038 2133 3614 2205; baseline 0.006 -22"><span class='ocrx_word' id='word_1_525' title='bbox 2038 2139 2143 2184; x_wconf 93' lang='lat' dir='ltr'><strong>tem</strong></span> <span class='ocrx_word' id='word_1_526' title='bbox 2170 2133 2466 2200; x_wconf 77' lang='lat' dir='ltr'><strong>gratiarum</strong></span> <span class='ocrx_word' id='word_1_527' title='bbox 2504 2141 2654 2196; x_wconf 89' lang='lat' dir='ltr'><strong>sunt,</strong></span> <span class='ocrx_word' id='word_1_528' title='bbox 2688 2133 2828 2188; x_wconf 89' lang='lat' dir='ltr'><strong>idem</strong></span> <span class='ocrx_word' id='word_1_529' title='bbox 2864 2144 3046 2188; x_wconf 90' lang='lat' dir='ltr'><strong>autem</strong></span> <span class='ocrx_word' id='word_1_530' title='bbox 3080 2135 3357 2205; x_wconf 88' lang='lat' dir='ltr'><strong>Spiritus:</strong></span> <span class='ocrx_word' id='word_1_531' title='bbox 3394 2146 3449 2192; x_wconf 93' lang='lat' dir='ltr'><strong>et</strong></span> <span class='ocrx_word' id='word_1_532' title='bbox 3472 2138 3614 2192; x_wconf 86' lang='lat' dir='ltr'><strong>divi-</strong></span> 
     </span>
    </p>
   </div>
   <div class='ocr_carea' id='block_1_67' title="bbox 2034 2226 3610 2298">
    <p class='ocr_par' dir='ltr' id='par_1_67' title="bbox 2034 2226 3610 2298">
     <span class='ocr_line' id='line_1_67' title="bbox 2034 2226 3610 2298; baseline 0.005 -20"><span class='ocrx_word' id='word_1_533' title='bbox 2034 2226 2220 2280; x_wconf 85' lang='lat' dir='ltr'><strong>siones</strong></span> <span class='ocrx_word' id='word_1_534' title='bbox 2248 2226 2707 2282; x_wconf 89' lang='lat' dir='ltr'><strong>ministrationum</strong></span> <span class='ocrx_word' id='word_1_535' title='bbox 2740 2236 2888 2294; x_wconf 90' lang='lat' dir='ltr'><strong>sunt,</strong></span> <span class='ocrx_word' id='word_1_536' title='bbox 2921 2229 3064 2283; x_wconf 91' lang='lat' dir='ltr'><strong>idem</strong></span> <span class='ocrx_word' id='word_1_537' title='bbox 3101 2240 3279 2284; x_wconf 91' lang='lat' dir='ltr'><strong>autem</strong></span> <span class='ocrx_word' id='word_1_538' title='bbox 3317 2231 3610 2298; x_wconf 86' lang='lat' dir='ltr'><strong>Dominus;</strong></span> 
     </span>
    </p>
   </div>
   <div class='ocr_carea' id='block_1_68' title="bbox 2036 2317 3609 2388">
    <p class='ocr_par' dir='ltr' id='par_1_68' title="bbox 2036 2317 3609 2388">
     <span class='ocr_line' id='line_1_68' title="bbox 2036 2317 3609 2388; baseline 0.003 -17"><span class='ocrx_word' id='word_1_539' title='bbox 2036 2326 2091 2372; x_wconf 91' lang='lat' dir='ltr'><strong>et</strong></span> <span class='ocrx_word' id='word_1_540' title='bbox 2119 2317 2417 2373; x_wconf 87' lang='lat' dir='ltr'><strong>divisiones</strong></span> <span class='ocrx_word' id='word_1_541' title='bbox 2444 2317 2820 2388; x_wconf 89' lang='lat' dir='ltr'><strong>operationum</strong></span> <span class='ocrx_word' id='word_1_542' title='bbox 2853 2328 3008 2386; x_wconf 88' lang='lat' dir='ltr'><strong>sunt,</strong></span> <span class='ocrx_word' id='word_1_543' title='bbox 3048 2320 3188 2374; x_wconf 90' lang='lat' dir='ltr'><strong>idem</strong></span> <span class='ocrx_word' id='word_1_544' title='bbox 3226 2330 3407 2375; x_wconf 88' lang='lat' dir='ltr'><strong>autem</strong></span> <span class='ocrx_word' id='word_1_545' title='bbox 3443 2319 3609 2388; x_wconf 90' lang='lat' dir='ltr'><strong>Deus,</strong></span> 
     </span>
    </p>
   </div>
   <div class='ocr_carea' id='block_1_69' title="bbox 2035 2408 3612 2477">
    <p class='ocr_par' dir='ltr' id='par_1_69' title="bbox 2035 2408 3612 2477">
     <span class='ocr_line' id='line_1_69' title="bbox 2035 2408 3612 2477; baseline 0.002 -16"><span class='ocrx_word' id='word_1_546' title='bbox 2035 2408 2131 2477; x_wconf 89' lang='lat' dir='ltr'><strong>qui</strong></span> <span class='ocrx_word' id='word_1_547' title='bbox 2164 2418 2421 2476; x_wconf 89' lang='lat' dir='ltr'><strong>operatur</strong></span> <span class='ocrx_word' id='word_1_548' title='bbox 2451 2413 2633 2466; x_wconf 89' lang='lat' dir='ltr'><strong>omnia</strong></span> <span class='ocrx_word' id='word_1_549' title='bbox 2652 2411 2706 2464; x_wconf 94' lang='lat' dir='ltr'><strong>in</strong></span> <span class='ocrx_word' id='word_1_550' title='bbox 2725 2413 3018 2472; x_wconf 50' lang='lat' dir='ltr'><strong>omnibus»</strong></span> <span class='ocrx_word' id='word_1_551' title='bbox 3041 2410 3214 2466; x_wconf 80' lang='lat' dir='ltr'><strong>liabet</strong></span> <span class='ocrx_word' id='word_1_552' title='bbox 3244 2420 3426 2465; x_wconf 90' lang='lat' dir='ltr'><strong>autem</strong></span> <span class='ocrx_word' id='word_1_553' title='bbox 3445 2411 3612 2466; x_wconf 88' lang='lat' dir='ltr'><strong>dubi-</strong></span> 
     </span>
    </p>
   </div>
   <div class='ocr_carea' id='block_1_70' title="bbox 2037 2501 3614 2572">
    <p class='ocr_par' dir='ltr' id='par_1_70' title="bbox 2037 2501 3614 2572">
     <span class='ocr_line' id='line_1_70' title="bbox 2037 2501 3614 2572; baseline 0.002 -16"><span class='ocrx_word' id='word_1_554' title='bbox 2037 2501 2323 2566; x_wconf 88' lang='lat' dir='ltr'><strong>tationem,</strong></span> <span class='ocrx_word' id='word_1_555' title='bbox 2342 2503 2484 2571; x_wconf 92' lang='lat' dir='ltr'><strong>quod</strong></span> <span class='ocrx_word' id='word_1_556' title='bbox 2517 2521 2536 2553; x_wconf 78' lang='grc' dir='ltr'><strong>ι</strong></span> <span class='ocrx_word' id='word_1_557' title='bbox 2560 2505 2747 2568; x_wconf 86' lang='lat' dir='ltr'><strong>omnia</strong></span> <span class='ocrx_word' id='word_1_558' title='bbox 2779 2519 2875 2572; x_wconf 91' lang='lat' dir='ltr'><strong>per</strong></span> <span class='ocrx_word' id='word_1_559' title='bbox 2897 2503 3070 2572; x_wconf 88' lang='lat' dir='ltr'><strong>ipsum</strong></span> <span class='ocrx_word' id='word_1_560' title='bbox 3098 2503 3235 2559; x_wconf 89' lang='lat' dir='ltr'><strong>facta</strong></span> <span class='ocrx_word' id='word_1_561' title='bbox 3262 2523 3281 2556; x_wconf 73' lang='grc' dir='ltr'><strong>ι</strong></span> <span class='ocrx_word' id='word_1_562' title='bbox 3311 2507 3440 2570; x_wconf 85' lang='lat' dir='ltr'><strong>sint,</strong></span> <span class='ocrx_word' id='word_1_563' title='bbox 3461 2513 3516 2559; x_wconf 90' lang='lat' dir='ltr'><strong>et</strong></span> <span class='ocrx_word' id='word_1_564' title='bbox 3545 2519 3614 2559; x_wconf 86' lang='lat' dir='ltr'><strong>ex</strong></span> 
     </span>
    </p>
   </div>
   <div class='ocr_carea' id='block_1_71' title="bbox 2035 2593 3612 2664">
    <p class='ocr_par' dir='ltr' id='par_1_71' title="bbox 2035 2593 3612 2664">
     <span class='ocr_line' id='line_1_71' title="bbox 2035 2593 3612 2664; baseline -0.001 -16"><span class='ocrx_word' id='word_1_565' title='bbox 2035 2607 2102 2648; x_wconf 89' lang='lat' dir='ltr'><strong>eo</strong></span> <span class='ocrx_word' id='word_1_566' title='bbox 2128 2602 2388 2663; x_wconf 72' lang='lat' dir='ltr'><strong>sequantur</strong></span> <span class='ocrx_word' id='word_1_567' title='bbox 2409 2634 2424 2658; x_wconf 95' lang='lat'><strong>,</strong></span> <span class='ocrx_word' id='word_1_568' title='bbox 2457 2604 2514 2648; x_wconf 90' lang='lat' dir='ltr'><strong>ut</strong></span> <span class='ocrx_word' id='word_1_569' title='bbox 2543 2594 2778 2664; x_wconf 89' lang='lat' dir='ltr'><strong>Spiritus</strong></span> <span class='ocrx_word' id='word_1_570' title='bbox 2810 2604 3052 2658; x_wconf 88' lang='lat' dir='ltr'><strong>sanctus,</strong></span> <span class='ocrx_word' id='word_1_571' title='bbox 3086 2594 3175 2663; x_wconf 91' lang='lat' dir='ltr'><strong>qui</strong></span> <span class='ocrx_word' id='word_1_572' title='bbox 3207 2593 3379 2648; x_wconf 83' lang='lat' dir='ltr'><strong>factus</strong></span> <span class='ocrx_word' id='word_1_573' title='bbox 3406 2604 3508 2659; x_wconf 90' lang='lat' dir='ltr'><strong>est,</strong></span> <span class='ocrx_word' id='word_1_574' title='bbox 3544 2594 3612 2648; x_wconf 88' lang='lat' dir='ltr'><strong>ab</strong></span> 
     </span>
    </p>
   </div>
   <div class='ocr_carea' id='block_1_72' title="bbox 2036 2671 3612 2758">
    <p class='ocr_par' dir='ltr' id='par_1_72' title="bbox 2036 2671 3612 2758">
     <span class='ocr_line' id='line_1_72' title="bbox 2036 2671 3612 2758; baseline 0.001 -18"><span class='ocrx_word' id='word_1_575' title='bbox 2036 2687 2155 2754; x_wconf 90' lang='lat' dir='ltr'><strong>ipso</strong></span> <span class='ocrx_word' id='word_1_576' title='bbox 2210 2686 2388 2742; x_wconf 90' lang='lat' dir='ltr'><strong>factus</strong></span> <span class='ocrx_word' id='word_1_577' title='bbox 2418 2688 2544 2743; x_wconf 87' lang='lat' dir='ltr'><strong>sit:</strong></span> <span class='ocrx_word' id='word_1_578' title='bbox 2586 2671 2857 2756; x_wconf 88' lang='lat' dir='ltr'><strong>quomodo</strong></span> <span class='ocrx_word' id='word_1_579' title='bbox 2907 2687 3127 2742; x_wconf 86' lang='lat' dir='ltr'><strong>Christo</strong></span> <span class='ocrx_word' id='word_1_580' title='bbox 3181 2687 3236 2741; x_wconf 92' lang='lat' dir='ltr'><strong>in</strong></span> <span class='ocrx_word' id='word_1_581' title='bbox 3290 2688 3612 2758; x_wconf 88' lang='lat' dir='ltr'><strong>quibusdam</strong></span> 
     </span>
    </p>
   </div>
   <div class='ocr_carea' id='block_1_73' title="bbox 2038 2778 3616 2849">
    <p class='ocr_par' dir='ltr' id='par_1_73' title="bbox 2038 2778 3616 2849">
     <span class='ocr_line' id='line_1_73' title="bbox 2038 2778 3616 2849; baseline 0.001 -16"><span class='ocrx_word' id='word_1_582' title='bbox 2038 2778 2340 2847; x_wconf 91' lang='lat' dir='ltr'><strong>Scripturis</strong></span> <span class='ocrx_word' id='word_1_583' title='bbox 2369 2789 2756 2849; x_wconf 87' lang='lat' dir='ltr'><strong>anteponatur,</strong></span> <span class='ocrx_word' id='word_1_584' title='bbox 2794 2795 2915 2834; x_wconf 92' lang='lat' dir='ltr'><strong>cum</strong></span> <span class='ocrx_word' id='word_1_585' title='bbox 2954 2780 3206 2836; x_wconf 88' lang='lat' dir='ltr'><strong>Christus</strong></span> <span class='ocrx_word' id='word_1_586' title='bbox 3242 2779 3356 2849; x_wconf 91' lang='lat' dir='ltr'><strong>ipse</strong></span> <span class='ocrx_word' id='word_1_587' title='bbox 3396 2781 3448 2834; x_wconf 95' lang='lat' dir='ltr'><strong>in</strong></span> <span class='ocrx_word' id='word_1_588' title='bbox 3474 2778 3616 2834; x_wconf 88' lang='lat' dir='ltr'><strong>Isaia</strong></span> 
     </span>
    </p>
   </div>
   <div class='ocr_carea' id='block_1_74' title="bbox 2036 2870 3614 2941">
    <p class='ocr_par' dir='ltr' id='par_1_74' title="bbox 2036 2870 3614 2941">
     <span class='ocr_line' id='line_1_74' title="bbox 2036 2870 3614 2941; baseline 0.003 -19"><span class='ocrx_word' id='word_1_589' title='bbox 2036 2870 2253 2939; x_wconf 89' lang='lat' dir='ltr'><strong>quidem</strong></span> <span class='ocrx_word' id='word_1_590' title='bbox 2286 2885 2345 2926; x_wconf 90' lang='lat' dir='ltr'><strong>se</strong></span> <span class='ocrx_word' id='word_1_591' title='bbox 2375 2887 2482 2926; x_wconf 92' lang='lat' dir='ltr'><strong>non</strong></span> <span class='ocrx_word' id='word_1_592' title='bbox 2519 2871 2694 2932; x_wconf 89' lang='lat' dir='ltr'><strong>solum</strong></span> <span class='ocrx_word' id='word_1_593' title='bbox 2725 2887 2756 2925; x_wconf 89' lang='lat' dir='ltr'><strong>a</strong></span> <span class='ocrx_word' id='word_1_594' title='bbox 2787 2871 2982 2934; x_wconf 86' lang='lat' dir='ltr'><strong>Patre,</strong></span> <span class='ocrx_word' id='word_1_595' title='bbox 3015 2872 3108 2926; x_wconf 89' lang='lat' dir='ltr'><strong>sed</strong></span> <span class='ocrx_word' id='word_1_596' title='bbox 3142 2871 3308 2925; x_wconf 89' lang='lat' dir='ltr'><strong>etiam</strong></span> <span class='ocrx_word' id='word_1_597' title='bbox 3339 2886 3368 2924; x_wconf 91' lang='lat' dir='ltr'><strong>a</strong></span> <span class='ocrx_word' id='word_1_598' title='bbox 3403 2871 3614 2941; x_wconf 88' lang='lat' dir='ltr'><strong>Spiritu</strong></span> 
     </span>
    </p>
   </div>
   <div class='ocr_carea' id='block_1_75' title="bbox 2039 2963 3616 3029">
    <p class='ocr_par' dir='ltr' id='par_1_75' title="bbox 2039 2963 3616 3029">
     <span class='ocr_line' id='line_1_75' title="bbox 2039 2963 3616 3029; baseline 0 -12"><span class='ocrx_word' id='word_1_599' title='bbox 2039 2973 2231 3018; x_wconf 90' lang='lat' dir='ltr'><strong>sancto</strong></span> <span class='ocrx_word' id='word_1_600' title='bbox 2253 2965 2477 3019; x_wconf 88' lang='lat' dir='ltr'><strong>missum</strong></span> <span class='ocrx_word' id='word_1_601' title='bbox 2507 2979 2628 3020; x_wconf 90' lang='lat' dir='ltr'><strong>esse</strong></span> <span class='ocrx_word' id='word_1_602' title='bbox 2658 2964 2926 3029; x_wconf 86' lang='lat' dir='ltr'><strong>fateatur;</strong></span> <span class='ocrx_word' id='word_1_603' title='bbox 2955 2964 3031 3018; x_wconf 90' lang='lat' dir='ltr'><strong>ait</strong></span> <span class='ocrx_word' id='word_1_604' title='bbox 3060 2964 3204 3018; x_wconf 90' lang='lat' dir='ltr'><strong>enim</strong></span> <span class='ocrx_word' id='word_1_605' title='bbox 3230 2963 3292 3017; x_wconf 70' lang='grc' dir='ltr'><strong>δε</strong></span> <span class='ocrx_word' id='word_1_606' title='bbox 3331 2983 3349 3015; x_wconf 86' lang='grc'>‹</span> <span class='ocrx_word' id='word_1_607' title='bbox 3377 2963 3442 3018; x_wconf 88' lang='grc' dir='ltr'>Ει</span> <span class='ocrx_word' id='word_1_608' title='bbox 3471 2979 3616 3018; x_wconf 87' lang='lat' dir='ltr'><strong>nunc</strong></span> 
     </span>
    </p>
   </div>
   <div class='ocr_carea' id='block_1_76' title="bbox 2036 3053 3616 3125">
    <p class='ocr_par' dir='ltr' id='par_1_76' title="bbox 2036 3053 3616 3125">
     <span class='ocr_line' id='line_1_76' title="bbox 2036 3053 3616 3125; baseline 0 -17"><span class='ocrx_word' id='word_1_609' title='bbox 2036 3054 2298 3109; x_wconf 90' lang='lat' dir='ltr'><strong>Dominus</strong></span> <span class='ocrx_word' id='word_1_610' title='bbox 2322 3053 2472 3109; x_wconf 84' lang='lat' dir='ltr'><strong>misit</strong></span> <span class='ocrx_word' id='word_1_611' title='bbox 2499 3071 2604 3119; x_wconf 87' lang='lat' dir='ltr'><strong>me,</strong></span> <span class='ocrx_word' id='word_1_612' title='bbox 2630 3055 2855 3125; x_wconf 88' lang='lat' dir='ltr'><strong>ejusque</strong></span> <span class='ocrx_word' id='word_1_613' title='bbox 2884 3053 3154 3124; x_wconf 88' lang='lat' dir='ltr'><strong>Spiritus;</strong></span> <span class='ocrx_word' id='word_1_614' title='bbox 3191 3073 3210 3105; x_wconf 74' lang='grc' dir='ltr'><strong>ι</strong></span> <span class='ocrx_word' id='word_1_615' title='bbox 3241 3055 3293 3114; x_wconf 89' lang='lat' dir='ltr'><strong>in</strong></span> <span class='ocrx_word' id='word_1_616' title='bbox 3320 3054 3616 3123; x_wconf 77' lang='lat' dir='ltr'><strong>Evangelia</strong></span> 
     </span>
    </p>
   </div>
   <div class='ocr_carea' id='block_1_77' title="bbox 2038 3148 3614 3220">
    <p class='ocr_par' dir='ltr' id='par_1_77' title="bbox 2038 3148 3614 3220">
     <span class='ocr_line' id='line_1_77' title="bbox 2038 3148 3614 3220; baseline 0.003 -20"><span class='ocrx_word' id='word_1_617' title='bbox 2038 3159 2215 3202; x_wconf 88' lang='lat' dir='ltr'><strong>autem</strong></span> <span class='ocrx_word' id='word_1_618' title='bbox 2267 3148 2642 3204; x_wconf 89' lang='lat' dir='ltr'><strong>remissionem</strong></span> <span class='ocrx_word' id='word_1_619' title='bbox 2681 3149 2961 3217; x_wconf 87' lang='lat' dir='ltr'><strong>promittat</strong></span> <span class='ocrx_word' id='word_1_620' title='bbox 3005 3150 3060 3202; x_wconf 90' lang='lat' dir='ltr'><strong>in</strong></span> <span class='ocrx_word' id='word_1_621' title='bbox 3115 3158 3342 3218; x_wconf 88' lang='lat' dir='ltr'><strong>peccato</strong></span> <span class='ocrx_word' id='word_1_622' title='bbox 3377 3151 3522 3220; x_wconf 90' lang='lat' dir='ltr'><strong>quod</strong></span> <span class='ocrx_word' id='word_1_623' title='bbox 3557 3150 3614 3204; x_wconf 92' lang='lat' dir='ltr'><strong>in</strong></span> 
     </span>
    </p>
   </div>
   <div class='ocr_carea' id='block_1_78' title="bbox 2038 3241 3612 3312">
    <p class='ocr_par' dir='ltr' id='par_1_78' title="bbox 2038 3241 3612 3312">
     <span class='ocr_line' id='line_1_78' title="bbox 2038 3241 3612 3312; baseline 0.002 -17"><span class='ocrx_word' id='word_1_624' title='bbox 2038 3243 2210 3312; x_wconf 90' lang='lat' dir='ltr'><strong>ipsum</strong></span> <span class='ocrx_word' id='word_1_625' title='bbox 2237 3241 2626 3307; x_wconf 87' lang='lat' dir='ltr'><strong>committitur;</strong></span> <span class='ocrx_word' id='word_1_626' title='bbox 2666 3241 2979 3310; x_wconf 86' lang='lat' dir='ltr'><strong>pronuntiet</strong></span> <span class='ocrx_word' id='word_1_627' title='bbox 3015 3255 3144 3296; x_wconf 80' lang='lat' dir='ltr'><strong>vero</strong></span> <span class='ocrx_word' id='word_1_628' title='bbox 3175 3243 3241 3297; x_wconf 90' lang='lat' dir='ltr'><strong>de</strong></span> <span class='ocrx_word' id='word_1_629' title='bbox 3277 3243 3612 3310; x_wconf 82' lang='lat' dir='ltr'><strong>blasphemia</strong></span> 
     </span>
    </p>
   </div>
   <div class='ocr_carea' id='block_1_79' title="bbox 2037 3333 3613 3403">
    <p class='ocr_par' dir='ltr' id='par_1_79' title="bbox 2037 3333 3613 3403">
     <span class='ocr_line' id='line_1_79' title="bbox 2037 3333 3613 3403; baseline 0.001 -15"><span class='ocrx_word' id='word_1_630' title='bbox 2037 3334 2090 3388; x_wconf 92' lang='lat' dir='ltr'><strong>in</strong></span> <span class='ocrx_word' id='word_1_631' title='bbox 2115 3345 2362 3388; x_wconf 89' lang='lat' dir='ltr'><strong>sanctum</strong></span> <span class='ocrx_word' id='word_1_632' title='bbox 2395 3333 2679 3402; x_wconf 85' lang='lat' dir='ltr'><strong>Spiritum,</strong></span> <span class='ocrx_word' id='word_1_633' title='bbox 2709 3350 2818 3389; x_wconf 91' lang='lat' dir='ltr'><strong>non</strong></span> <span class='ocrx_word' id='word_1_634' title='bbox 2847 3335 2964 3390; x_wconf 86' lang='lat' dir='ltr'><strong>fore</strong></span> <span class='ocrx_word' id='word_1_635' title='bbox 2998 3343 3055 3389; x_wconf 92' lang='lat' dir='ltr'><strong>ut</strong></span> <span class='ocrx_word' id='word_1_636' title='bbox 3091 3343 3272 3403; x_wconf 87' lang='lat' dir='ltr'><strong>pateat</strong></span> <span class='ocrx_word' id='word_1_637' title='bbox 3305 3350 3412 3390; x_wconf 92' lang='lat' dir='ltr'><strong>non</strong></span> <span class='ocrx_word' id='word_1_638' title='bbox 3437 3335 3613 3390; x_wconf 90' lang='lat' dir='ltr'><strong>solum</strong></span> 
     </span>
    </p>
   </div>
   <div class='ocr_carea' id='block_1_80' title="bbox 2036 3426 3613 3494">
    <p class='ocr_par' dir='ltr' id='par_1_80' title="bbox 2036 3426 3613 3494">
     <span class='ocr_line' id='line_1_80' title="bbox 2036 3426 3613 3494; baseline 0.001 -13"><span class='ocrx_word' id='word_1_639' title='bbox 2036 3427 2090 3481; x_wconf 93' lang='lat' dir='ltr'><strong>in</strong></span> <span class='ocrx_word' id='word_1_640' title='bbox 2127 3428 2228 3481; x_wconf 91' lang='lat' dir='ltr'><strong>hoc</strong></span> <span class='ocrx_word' id='word_1_641' title='bbox 2265 3427 2484 3493; x_wconf 60' lang='lat' dir='ltr'><strong>saeculo,</strong></span> <span class='ocrx_word' id='word_1_642' title='bbox 2513 3429 2608 3482; x_wconf 88' lang='lat' dir='ltr'><strong>sed</strong></span> <span class='ocrx_word' id='word_1_643' title='bbox 2642 3428 2802 3482; x_wconf 89' lang='lat' dir='ltr'><strong>etiam</strong></span> <span class='ocrx_word' id='word_1_644' title='bbox 2847 3427 2899 3482; x_wconf 94' lang='lat' dir='ltr'><strong>in</strong></span> <span class='ocrx_word' id='word_1_645' title='bbox 2928 3426 3110 3483; x_wconf 82' lang='lat' dir='ltr'><strong>futuro</strong></span> <span class='ocrx_word' id='word_1_646' title='bbox 3136 3427 3204 3481; x_wconf 83' lang='lat' dir='ltr'><strong>ad</strong></span> <span class='ocrx_word' id='word_1_647' title='bbox 3252 3428 3370 3494; x_wconf 88' lang='lat' dir='ltr'><strong>ejus</strong></span> <span class='ocrx_word' id='word_1_648' title='bbox 3398 3429 3613 3483; x_wconf 77' lang='lat' dir='ltr'><strong>veniam</strong></span> 
     </span>
    </p>
   </div>
   <div class='ocr_carea' id='block_1_81' title="bbox 2035 3518 3618 3589">
    <p class='ocr_par' dir='ltr' id='par_1_81' title="bbox 2035 3518 3618 3589">
     <span class='ocr_line' id='line_1_81' title="bbox 2035 3518 3618 3589; baseline -0.003 -15"><span class='ocrx_word' id='word_1_649' title='bbox 2035 3529 2091 3574; x_wconf 92' lang='lat' dir='ltr'><strong>et</strong></span> <span class='ocrx_word' id='word_1_650' title='bbox 2118 3520 2504 3574; x_wconf 90' lang='lat' dir='ltr'><strong>remissionem</strong></span> <span class='ocrx_word' id='word_1_651' title='bbox 2539 3518 2762 3574; x_wconf 87' lang='lat' dir='ltr'><strong>auditus</strong></span> <span class='ocrx_word' id='word_1_652' title='bbox 2791 3519 2839 3574; x_wconf 93' lang='lat' dir='ltr'><strong>ei</strong></span> <span class='ocrx_word' id='word_1_653' title='bbox 2872 3519 2964 3589; x_wconf 92' lang='lat' dir='ltr'><strong>qni</strong></span> <span class='ocrx_word' id='word_1_654' title='bbox 3005 3521 3058 3574; x_wconf 92' lang='lat' dir='ltr'><strong>in</strong></span> <span class='ocrx_word' id='word_1_655' title='bbox 3091 3520 3238 3574; x_wconf 83' lang='lat' dir='ltr'><strong>illum</strong></span> <span class='ocrx_word' id='word_1_656' title='bbox 3272 3519 3618 3588; x_wconf 83' lang='lat' dir='ltr'><strong>blasphema-</strong></span> 
     </span>
    </p>
   </div>
   <div class='ocr_carea' id='block_1_82' title="bbox 2035 3609 3612 3681">
    <p class='ocr_par' dir='ltr' id='par_1_82' title="bbox 2035 3609 3612 3681">
     <span class='ocr_line' id='line_1_82' title="bbox 2035 3609 3612 3681; baseline 0.001 -19"><span class='ocrx_word' id='word_1_657' title='bbox 2035 3615 2196 3664; x_wconf 85' lang='lat' dir='ltr'><strong>verit.</strong></span> <span class='ocrx_word' id='word_1_658' title='bbox 2235 3609 2300 3664; x_wconf 85' lang='lat' dir='ltr'><strong>Et</strong></span> <span class='ocrx_word' id='word_1_659' title='bbox 2337 3611 2574 3664; x_wconf 84' lang='lat' dir='ltr'><strong>fortasse</strong></span> <span class='ocrx_word' id='word_1_660' title='bbox 2601 3627 2708 3666; x_wconf 93' lang='lat' dir='ltr'><strong>non</strong></span> <span class='ocrx_word' id='word_1_661' title='bbox 2739 3622 3026 3680; x_wconf 85' lang='lat' dir='ltr'><strong>pr0pterea</strong></span> <span class='ocrx_word' id='word_1_662' title='bbox 3059 3612 3107 3666; x_wconf 83' lang='lat' dir='ltr'><strong>ei</strong></span> <span class='ocrx_word' id='word_1_663' title='bbox 3139 3611 3229 3681; x_wconf 91' lang='lat' dir='ltr'><strong>qni</strong></span> <span class='ocrx_word' id='word_1_664' title='bbox 3261 3611 3315 3666; x_wconf 90' lang='lat' dir='ltr'><strong>in</strong></span> <span class='ocrx_word' id='word_1_665' title='bbox 3349 3610 3612 3679; x_wconf 88' lang='lat' dir='ltr'><strong>Spiritum</strong></span> 
     </span>
    </p>
   </div>
   <div class='ocr_carea' id='block_1_83' title="bbox 2034 3701 3616 3772">
    <p class='ocr_par' dir='ltr' id='par_1_83' title="bbox 2034 3701 3616 3772">
     <span class='ocr_line' id='line_1_83' title="bbox 2034 3701 3616 3772; baseline -0.002 -16"><span class='ocrx_word' id='word_1_666' title='bbox 2034 3710 2279 3756; x_wconf 85' lang='lat' dir='ltr'><strong>sanctum</strong></span> <span class='ocrx_word' id='word_1_667' title='bbox 2308 3703 2631 3770; x_wconf 83' lang='lat' dir='ltr'><strong>peccaverit,</strong></span> <span class='ocrx_word' id='word_1_668' title='bbox 2666 3718 2771 3756; x_wconf 89' lang='lat' dir='ltr'><strong>non</strong></span> <span class='ocrx_word' id='word_1_669' title='bbox 2798 3702 3118 3772; x_wconf 85' lang='lat' dir='ltr'><strong>ignoscitur,</strong></span> <span class='ocrx_word' id='word_1_670' title='bbox 3140 3704 3282 3772; x_wconf 84' lang='lat' dir='ltr'><strong>quod</strong></span> <span class='ocrx_word' id='word_1_671' title='bbox 3308 3702 3424 3772; x_wconf 90' lang='lat' dir='ltr'><strong>ipse</strong></span> <span class='ocrx_word' id='word_1_672' title='bbox 3450 3701 3616 3756; x_wconf 87' lang='lat' dir='ltr'><strong>Chri-</strong></span> 
     </span>
    </p>
   </div>
   <div class='ocr_carea' id='block_1_84' title="bbox 2036 3791 3614 3864">
    <p class='ocr_par' dir='ltr' id='par_1_84' title="bbox 2036 3791 3614 3864">
     <span class='ocr_line' id='line_1_84' title="bbox 2036 3791 3614 3864; baseline -0.001 -17"><span class='ocrx_word' id='word_1_673' title='bbox 2036 3804 2122 3848; x_wconf 86' lang='lat' dir='ltr'><strong>sto</strong></span> <span class='ocrx_word' id='word_1_674' title='bbox 2173 3794 2247 3849; x_wconf 89' lang='lat' dir='ltr'><strong>sit</strong></span> <span class='ocrx_word' id='word_1_675' title='bbox 2295 3794 2610 3849; x_wconf 88' lang='lat' dir='ltr'><strong>honoratior</strong></span> <span class='ocrx_word' id='word_1_676' title='bbox 2662 3794 2822 3864; x_wconf 91' lang='lat' dir='ltr'><strong>eique</strong></span> <span class='ocrx_word' id='word_1_677' title='bbox 2875 3803 3281 3864; x_wconf 89' lang='lat' dir='ltr'><strong>anteponatur,</strong></span> <span class='ocrx_word' id='word_1_678' title='bbox 3337 3794 3429 3849; x_wconf 89' lang='lat' dir='ltr'><strong>sed</strong></span> <span class='ocrx_word' id='word_1_679' title='bbox 3468 3791 3614 3861; x_wconf 88' lang='lat' dir='ltr'><strong>quod</strong></span> 
     </span>
    </p>
   </div>
   <div class='ocr_carea' id='block_1_85' title="bbox 2038 3883 3614 3956">
    <p class='ocr_par' dir='ltr' id='par_1_85' title="bbox 2038 3883 3614 3956">
     <span class='ocr_line' id='line_1_85' title="bbox 2038 3883 3614 3956; baseline -0.002 -15"><span class='ocrx_word' id='word_1_680' title='bbox 2038 3887 2222 3942; x_wconf 88' lang='lat' dir='ltr'><strong>omnia</strong></span> <span class='ocrx_word' id='word_1_681' title='bbox 2254 3886 2305 3940; x_wconf 90' lang='lat' dir='ltr'><strong>in</strong></span> <span class='ocrx_word' id='word_1_682' title='bbox 2337 3885 2534 3955; x_wconf 86' lang='lat' dir='ltr'><strong>quibus</strong></span> <span class='ocrx_word' id='word_1_683' title='bbox 2560 3895 2645 3940; x_wconf 85' lang='lat' dir='ltr'><strong>est</strong></span> <span class='ocrx_word' id='word_1_684' title='bbox 2674 3886 2832 3950; x_wconf 89' lang='lat' dir='ltr'><strong>ratio,</strong></span> <span class='ocrx_word' id='word_1_685' title='bbox 2863 3886 3081 3941; x_wconf 89' lang='lat' dir='ltr'><strong>Christo</strong></span> <span class='ocrx_word' id='word_1_686' title='bbox 3110 3883 3478 3956; x_wconf 86' lang='lat' dir='ltr'><strong>participant,’</strong></span> <span class='ocrx_word' id='word_1_687' title='bbox 3493 3885 3614 3954; x_wconf 89' lang='lat' dir='ltr'><strong>qni-</strong></span> 
     </span>
    </p>
   </div>
   <div class='ocr_carea' id='block_1_86' title="bbox 2036 3979 3618 4048">
    <p class='ocr_par' dir='ltr' id='par_1_86' title="bbox 2036 3979 3618 4048">
     <span class='ocr_line' id='line_1_86' title="bbox 2036 3979 3618 4048; baseline -0.002 -14"><span class='ocrx_word' id='word_1_688' title='bbox 2036 3980 2177 4044; x_wconf 88' lang='lat' dir='ltr'><strong>bus,</strong></span> <span class='ocrx_word' id='word_1_689' title='bbox 2215 3995 2336 4034; x_wconf 91' lang='lat' dir='ltr'><strong>cum</strong></span> <span class='ocrx_word' id='word_1_690' title='bbox 2385 3995 2413 4032; x_wconf 90' lang='lat' dir='ltr'><strong>a</strong></span> <span class='ocrx_word' id='word_1_691' title='bbox 2453 3979 2698 4048; x_wconf 87' lang='lat' dir='ltr'><strong>peccatis</strong></span> <span class='ocrx_word' id='word_1_692' title='bbox 2737 3979 3046 4044; x_wconf 89' lang='lat' dir='ltr'><strong>discedunt,</strong></span> <span class='ocrx_word' id='word_1_693' title='bbox 3090 3980 3250 4034; x_wconf 89' lang='lat' dir='ltr'><strong>venia</strong></span> <span class='ocrx_word' id='word_1_694' title='bbox 3278 3979 3479 4032; x_wconf 85' lang='lat' dir='ltr'><strong>datur:</strong></span> <span class='ocrx_word' id='word_1_695' title='bbox 3517 3990 3618 4031; x_wconf 85' lang='lat' dir='ltr'><strong>eos</strong></span> 
     </span>
    </p>
   </div>
   <div class='ocr_carea' id='block_1_87' title="bbox 2037 4071 3617 4141">
    <p class='ocr_par' dir='ltr' id='par_1_87' title="bbox 2037 4071 3617 4141">
     <span class='ocr_line' id='line_1_87' title="bbox 2037 4071 3617 4141; baseline -0.003 -15"><span class='ocrx_word' id='word_1_696' title='bbox 2037 4081 2217 4126; x_wconf 89' lang='lat' dir='ltr'><strong>autem</strong></span> <span class='ocrx_word' id='word_1_697' title='bbox 2249 4074 2340 4141; x_wconf 90' lang='lat' dir='ltr'><strong>qui</strong></span> <span class='ocrx_word' id='word_1_698' title='bbox 2383 4083 2575 4128; x_wconf 87' lang='lat' dir='ltr'><strong>sancto</strong></span> <span class='ocrx_word' id='word_1_699' title='bbox 2606 4073 2812 4140; x_wconf 83' lang='lat' dir='ltr'><strong>Spiritu</strong></span> <span class='ocrx_word' id='word_1_700' title='bbox 2856 4071 3005 4141; x_wconf 84' lang='lat' dir='ltr'><strong>digni</strong></span> <span class='ocrx_word' id='word_1_701' title='bbox 3045 4071 3276 4140; x_wconf 73' lang='lat' dir='ltr'><strong>indicati</strong></span> <span class='ocrx_word' id='word_1_702' title='bbox 3324 4078 3473 4135; x_wconf 86' lang='lat' dir='ltr'><strong>sunt,</strong></span> <span class='ocrx_word' id='word_1_703' title='bbox 3503 4083 3617 4124; x_wconf 82' lang='lat' dir='ltr'><strong>non</strong></span> 
     </span>
    </p>
   </div>
   <div class='ocr_carea' id='block_1_88' title="bbox 2038 4164 3615 4234">
    <p class='ocr_par' dir='ltr' id='par_1_88' title="bbox 2038 4164 3615 4234">
     <span class='ocr_line' id='line_1_88' title="bbox 2038 4164 3615 4234; baseline -0.004 -14"><span class='ocrx_word' id='word_1_704' title='bbox 2038 4179 2462 4222; x_wconf 90' lang='lat' dir='ltr'><strong>consentaneum</strong></span> <span class='ocrx_word' id='word_1_705' title='bbox 2514 4168 2585 4224; x_wconf 92' lang='lat' dir='ltr'><strong>sit</strong></span> <span class='ocrx_word' id='word_1_706' title='bbox 2615 4167 2832 4221; x_wconf 86' lang='lat' dir='ltr'><strong>veniam</strong></span> <span class='ocrx_word' id='word_1_707' title='bbox 2866 4164 3129 4234; x_wconf 87' lang='lat' dir='ltr'><strong>consequi</strong></span> <span class='ocrx_word' id='word_1_708' title='bbox 3159 4203 3174 4231; x_wconf 94' lang='lat'><strong>,</strong></span> <span class='ocrx_word' id='word_1_709' title='bbox 3213 4177 3336 4219; x_wconf 92' lang='lat' dir='ltr'><strong>cum</strong></span> <span class='ocrx_word' id='word_1_710' title='bbox 3375 4169 3525 4215; x_wconf 90' lang='lat' dir='ltr'><strong>tanto</strong></span> <span class='ocrx_word' id='word_1_711' title='bbox 3556 4169 3615 4216; x_wconf 88' lang='lat' dir='ltr'><strong>et</strong></span> 
     </span>
    </p>
   </div>
   <div class='ocr_carea' id='block_1_89' title="bbox 2039 4250 3614 4322">
    <p class='ocr_par' dir='ltr' id='par_1_89' title="bbox 2039 4250 3614 4322">
     <span class='ocr_line' id='line_1_89' title="bbox 2039 4250 3614 4322; baseline -0.001 -17"><span class='ocrx_word' id='word_1_712' title='bbox 2039 4253 2131 4307; x_wconf 89' lang='lat' dir='ltr'><strong>tali</strong></span> <span class='ocrx_word' id='word_1_713' title='bbox 2169 4253 2450 4319; x_wconf 89' lang='lat' dir='ltr'><strong>instinctu,</strong></span> <span class='ocrx_word' id='word_1_714' title='bbox 2492 4267 2567 4318; x_wconf 90' lang='lat' dir='ltr'><strong>et,</strong></span> <span class='ocrx_word' id='word_1_715' title='bbox 2596 4265 2655 4308; x_wconf 90' lang='lat' dir='ltr'><strong>ut</strong></span> <span class='ocrx_word' id='word_1_716' title='bbox 2689 4255 2759 4322; x_wconf 81' lang='lat' dir='ltr'><strong>ita</strong></span> <span class='ocrx_word' id='word_1_717' title='bbox 2790 4255 2986 4316; x_wconf 89' lang='lat' dir='ltr'><strong>dicam,</strong></span> <span class='ocrx_word' id='word_1_718' title='bbox 3026 4252 3384 4322; x_wconf 89' lang='lat' dir='ltr'><strong>inspiratione</strong></span> <span class='ocrx_word' id='word_1_719' title='bbox 3414 4250 3466 4303; x_wconf 92' lang='lat' dir='ltr'><strong>in</strong></span> <span class='ocrx_word' id='word_1_720' title='bbox 3491 4262 3614 4304; x_wconf 56' lang='lat' dir='ltr'><strong>mas</strong></span> 
     </span>
    </p>
   </div>
   <div class='ocr_carea' id='block_1_90' title="bbox 2039 4341 3615 4414">
    <p class='ocr_par' dir='ltr' id='par_1_90' title="bbox 2039 4341 3615 4414">
     <span class='ocr_line' id='line_1_90' title="bbox 2039 4341 3615 4414; baseline -0.004 -14"><span class='ocrx_word' id='word_1_721' title='bbox 2039 4345 2150 4400; x_wconf 92' lang='lat' dir='ltr'><strong>lum</strong></span> <span class='ocrx_word' id='word_1_722' title='bbox 2178 4350 2372 4402; x_wconf 90' lang='lat' dir='ltr'><strong>iterum</strong></span> <span class='ocrx_word' id='word_1_723' title='bbox 2411 4349 2736 4411; x_wconf 89' lang='lat' dir='ltr'><strong>relabentes,</strong></span> <span class='ocrx_word' id='word_1_724' title='bbox 2774 4356 2828 4404; x_wconf 85' lang='lat' dir='ltr'><strong>et</strong></span> <span class='ocrx_word' id='word_1_725' title='bbox 2861 4346 3090 4402; x_wconf 88' lang='lat' dir='ltr'><strong>consilia</strong></span> <span class='ocrx_word' id='word_1_726' title='bbox 3128 4343 3370 4414; x_wconf 89' lang='lat' dir='ltr'><strong>Spiritus</strong></span> <span class='ocrx_word' id='word_1_727' title='bbox 3398 4341 3570 4396; x_wconf 87' lang='lat' dir='ltr'><strong>sancti</strong></span> <span class='ocrx_word' id='word_1_728' title='bbox 3594 4378 3615 4403; x_wconf 85' lang='lat'><strong>,</strong></span> 
     </span>
    </p>
   </div>
   <div class='ocr_carea' id='block_1_91' title="bbox 2038 4435 3614 4512">
    <p class='ocr_par' dir='ltr' id='par_1_91' title="bbox 2038 4435 3614 4512">
     <span class='ocr_line' id='line_1_91' title="bbox 2038 4435 3614 4512; baseline -0.004 -18"><span class='ocrx_word' id='word_1_729' title='bbox 2038 4441 2130 4510; x_wconf 92' lang='lat' dir='ltr'><strong>qui</strong></span> <span class='ocrx_word' id='word_1_730' title='bbox 2183 4442 2235 4497; x_wconf 94' lang='lat' dir='ltr'><strong>in</strong></span> <span class='ocrx_word' id='word_1_731' title='bbox 2275 4442 2357 4497; x_wconf 86' lang='lat' dir='ltr'><strong>eis</strong></span> <span class='ocrx_word' id='word_1_732' title='bbox 2408 4442 2566 4506; x_wconf 87' lang='lat' dir='ltr'><strong>inest,</strong></span> <span class='ocrx_word' id='word_1_733' title='bbox 2606 4449 2941 4512; x_wconf 89' lang='lat' dir='ltr'><strong>respuentes.</strong></span> <span class='ocrx_word' id='word_1_734' title='bbox 2987 4439 3140 4506; x_wconf 87' lang='lat' dir='ltr'><strong>Quod</strong></span> <span class='ocrx_word' id='word_1_735' title='bbox 3181 4437 3226 4492; x_wconf 85' lang='lat' dir='ltr'><strong>si</strong></span> <span class='ocrx_word' id='word_1_736' title='bbox 3258 4437 3309 4490; x_wconf 89' lang='lat' dir='ltr'><strong>id</strong></span> <span class='ocrx_word' id='word_1_737' title='bbox 3356 4435 3498 4506; x_wconf 91' lang='lat' dir='ltr'><strong>quod</strong></span> <span class='ocrx_word' id='word_1_738' title='bbox 3527 4443 3614 4488; x_wconf 82' lang='lat' dir='ltr'><strong>est</strong></span> 
     </span>
    </p>
   </div>
   <div class='ocr_carea' id='block_1_92' title="bbox 350 4525 1933 4606">
    <p class='ocr_par' dir='ltr' id='par_1_92' title="bbox 350 4529 1933 4602">
     <span class='ocr_line' id='line_1_92' title="bbox 350 4529 1933 4602; baseline 0.003 -21"><span class='ocrx_word' id='word_1_739' title='bbox 350 4529 447 4581; x_wconf 90' lang='grc' dir='ltr'><strong>τοῦ</strong></span> <span class='ocrx_word' id='word_1_740' title='bbox 497 4529 921 4592; x_wconf 83' lang='grc' dir='ltr'>ἀποστείλαντος</span> <span class='ocrx_word' id='word_1_741' title='bbox 969 4529 1059 4582; x_wconf 84' lang='grc' dir='ltr'><strong>τὸν</strong></span> <span class='ocrx_word' id='word_1_742' title='bbox 1102 4529 1336 4600; x_wconf 85' lang='grc' dir='ltr'>Χριστὸν</span> <span class='ocrx_word' id='word_1_743' title='bbox 1385 4530 1700 4602; x_wconf 82' lang='grc' dir='ltr'>Πνεύματος</span> <span class='ocrx_word' id='word_1_744' title='bbox 1748 4533 1933 4587; x_wconf 88' lang='grc' dir='ltr'>ἀπολο-</span> 
     </span>
    </p>
   </div>
   <div class='ocr_carea' id='block_1_93' title="bbox 2036 4525 3615 4606">
    <p class='ocr_par' dir='ltr' id='par_1_93' title="bbox 2043 4525 3615 4606">
     <span class='ocr_line' id='line_1_93' title="bbox 2043 4525 3615 4606; baseline -0.004 -20"><span class='ocrx_word' id='word_1_745' title='bbox 2043 4533 2183 4602; x_wconf 87' lang='lat' dir='ltr'><strong>apud</strong></span> <span class='ocrx_word' id='word_1_746' title='bbox 2215 4533 2406 4588; x_wconf 87' lang='lat' dir='ltr'><strong>Isaiam</strong></span> <span class='ocrx_word' id='word_1_747' title='bbox 2433 4535 2715 4606; x_wconf 87' lang='lat' dir='ltr'><strong>scriptum,</strong></span> <span class='ocrx_word' id='word_1_748' title='bbox 2750 4533 2826 4586; x_wconf 88' lang='lat' dir='ltr'><strong>ait</strong></span> <span class='ocrx_word' id='word_1_749' title='bbox 2857 4529 3117 4586; x_wconf 89' lang='lat' dir='ltr'><strong>Servator</strong></span> <span class='ocrx_word' id='word_1_750' title='bbox 3142 4539 3330 4584; x_wconf 89' lang='lat' dir='ltr'><strong>noster</strong></span> <span class='ocrx_word' id='word_1_751' title='bbox 3357 4543 3415 4581; x_wconf 93' lang='lat' dir='ltr'><strong>se</strong></span> <span class='ocrx_word' id='word_1_752' title='bbox 3445 4543 3472 4580; x_wconf 90' lang='lat' dir='ltr'><strong>a</strong></span> <span class='ocrx_word' id='word_1_753' title='bbox 3505 4525 3615 4580; x_wconf 85' lang='lat' dir='ltr'><strong>Pa-</strong></span> 
     </span>
    </p>
   </div>
   <div class='ocr_carea' id='block_1_94' title="bbox 351 4620 1936 4694">
    <p class='ocr_par' dir='ltr' id='par_1_94' title="bbox 351 4620 1936 4694">
     <span class='ocr_line' id='line_1_94' title="bbox 351 4620 1936 4694; baseline 0.003 -19"><span class='ocrx_word' id='word_1_754' title='bbox 351 4622 666 4694; x_wconf 81' lang='grc' dir='ltr'>γήσασθαι,</span> <span class='ocrx_word' id='word_1_755' title='bbox 724 4623 824 4692; x_wconf 80' lang='grc' dir='ltr'><strong>οὐχ</strong></span> <span class='ocrx_word' id='word_1_756' title='bbox 875 4621 951 4684; x_wconf 87' lang='grc' dir='ltr'>ὼς</span> <span class='ocrx_word' id='word_1_757' title='bbox 1007 4620 1166 4690; x_wconf 83' lang='grc' dir='ltr'>φύσει</span> <span class='ocrx_word' id='word_1_758' title='bbox 1218 4622 1602 4694; x_wconf 80' lang='grc' dir='ltr'>διαφέροντος,</span> <span class='ocrx_word' id='word_1_759' title='bbox 1659 4624 1795 4679; x_wconf 82' lang='grc' dir='ltr'>ἀλλὰ</span> <span class='ocrx_word' id='word_1_760' title='bbox 1848 4627 1936 4681; x_wconf 81' lang='grc' dir='ltr'>διὰ</span> 
     </span>
    </p>
   </div>
   <div class='ocr_carea' id='block_1_95' title="bbox 349 4713 1936 4788">
    <p class='ocr_par' dir='ltr' id='par_1_95' title="bbox 349 4713 1936 4788">
     <span class='ocr_line' id='line_1_95' title="bbox 349 4713 1936 4788; baseline 0.003 -21"><span class='ocrx_word' id='word_1_761' title='bbox 349 4715 451 4786; x_wconf 77' lang='grc' dir='ltr'><strong>τὴν</strong></span> <span class='ocrx_word' id='word_1_762' title='bbox 487 4713 789 4786; x_wconf 87' lang='grc' dir='ltr'>γενομένην</span> <span class='ocrx_word' id='word_1_763' title='bbox 836 4713 1146 4784; x_wconf 77' lang='grc' dir='ltr'>οἰκονομίαν</span> <span class='ocrx_word' id='word_1_764' title='bbox 1189 4714 1291 4784; x_wconf 81' lang='grc' dir='ltr'><strong>τῆς</strong></span> <span class='ocrx_word' id='word_1_765' title='bbox 1327 4713 1792 4788; x_wconf 77' lang='grc' dir='ltr'>ἐνανθρωπήσεως</span> <span class='ocrx_word' id='word_1_766' title='bbox 1841 4719 1936 4772; x_wconf 90' lang='grc' dir='ltr'><strong>τοῦ</strong></span> 
     </span>
    </p>
   </div>
   <div class='ocr_carea' id='block_1_96' title="bbox 352 4806 1936 4879">
    <p class='ocr_par' dir='ltr' id='par_1_96' title="bbox 352 4806 1936 4879">
     <span class='ocr_line' id='line_1_96' title="bbox 352 4806 1936 4879; baseline 0.002 -19"><span class='ocrx_word' id='word_1_767' title='bbox 352 4807 490 4860; x_wconf 88' lang='grc' dir='ltr'>Υίοῦ</span> <span class='ocrx_word' id='word_1_768' title='bbox 527 4806 620 4860; x_wconf 90' lang='grc' dir='ltr'><strong>τοῦ</strong></span> <span class='ocrx_word' id='word_1_769' title='bbox 652 4806 788 4860; x_wconf 87' lang='grc' dir='ltr'>Θεοῦ</span> <span class='ocrx_word' id='word_1_770' title='bbox 820 4845 835 4870; x_wconf 89' lang='grc'><strong>,</strong></span> <span class='ocrx_word' id='word_1_771' title='bbox 897 4807 1292 4871; x_wconf 85' lang='grc' dir='ltr'>ἐλαττωθέντος</span> <span class='ocrx_word' id='word_1_772' title='bbox 1343 4807 1472 4879; x_wconf 80' lang='grc' dir='ltr'>παρ’</span> <span class='ocrx_word' id='word_1_773' title='bbox 1505 4807 1640 4862; x_wconf 81' lang='grc' dir='ltr'>αὐτὸ</span> <span class='ocrx_word' id='word_1_774' title='bbox 1684 4811 1779 4863; x_wconf 90' lang='grc' dir='ltr'><strong>τοῦ</strong></span> <span class='ocrx_word' id='word_1_775' title='bbox 1824 4811 1936 4864; x_wconf 86' lang='grc' dir='ltr'><strong>Σω-</strong></span> 
     </span>
    </p>
   </div>
   <div class='ocr_carea' id='block_1_97' title="bbox 349 4897 1935 4972">
    <p class='ocr_par' dir='ltr' id='par_1_97' title="bbox 349 4897 1935 4972">
     <span class='ocr_line' id='line_1_97' title="bbox 349 4897 1935 4972; baseline 0.003 -23"><span class='ocrx_word' id='word_1_776' title='bbox 349 4897 542 4969; x_wconf 85' lang='grc' dir='ltr'>τῆρος.</span> <span class='ocrx_word' id='word_1_777' title='bbox 600 4899 663 4951; x_wconf 78' lang='grc' dir='ltr'><strong>Εἰ</strong></span> <span class='ocrx_word' id='word_1_778' title='bbox 701 4897 759 4951; x_wconf 80' lang='grc' dir='ltr'>δὲ</span> <span class='ocrx_word' id='word_1_779' title='bbox 813 4899 873 4951; x_wconf 87' lang='grc' dir='ltr'><strong>ἐν</strong></span> <span class='ocrx_word' id='word_1_780' title='bbox 918 4897 1093 4970; x_wconf 83' lang='grc' dir='ltr'>τούτῳ</span> <span class='ocrx_word' id='word_1_781' title='bbox 1126 4898 1237 4970; x_wconf 72' lang='grc'>(22)</span> <span class='ocrx_word' id='word_1_782' title='bbox 1279 4900 1612 4970; x_wconf 89' lang='grc' dir='ltr'>προσκόπτει</span> <span class='ocrx_word' id='word_1_783' title='bbox 1643 4901 1722 4972; x_wconf 84' lang='grc' dir='ltr'>τῷ</span> <span class='ocrx_word' id='word_1_784' title='bbox 1756 4901 1935 4970; x_wconf 87' lang='grc' dir='ltr'>λέγειν</span> 
     </span>
    </p>
   </div>
   <div class='ocr_carea' id='block_1_98' title="bbox 351 4986 1936 5064">
    <p class='ocr_par' dir='ltr' id='par_1_98' title="bbox 351 4986 1936 5064">
     <span class='ocr_line' id='line_1_98' title="bbox 351 4986 1936 5064; baseline 0.003 -23"><span class='ocrx_word' id='word_1_785' title='bbox 351 4986 716 5058; x_wconf 68' lang='grc' dir='ltr'>ἠλαττῶσθαι</span> <span class='ocrx_word' id='word_1_786' title='bbox 747 4988 902 5062; x_wconf 85' lang='grc' dir='ltr'>παρὰ</span> <span class='ocrx_word' id='word_1_787' title='bbox 945 4989 1007 5042; x_wconf 82' lang='grc' dir='ltr'><strong>τὸ</strong></span> <span class='ocrx_word' id='word_1_788' title='bbox 1060 4989 1215 5058; x_wconf 73' lang='grc' dir='ltr'>ἅγιον</span> <span class='ocrx_word' id='word_1_789' title='bbox 1272 4989 1500 5062; x_wconf 86' lang='grc' dir='ltr'>Πνεῦμα</span> <span class='ocrx_word' id='word_1_790' title='bbox 1557 4992 1647 5046; x_wconf 79' lang='grc' dir='ltr'><strong>τὸν</strong></span> <span class='ocrx_word' id='word_1_791' title='bbox 1709 4992 1936 5064; x_wconf 86' lang='grc' dir='ltr'>Σωτῆρα</span> 
     </span>
    </p>
   </div>
   <div class='ocr_carea' id='block_1_99' title="bbox 426 5132 1495 5202">
    <p class='ocr_par' dir='ltr' id='par_1_99' title="bbox 426 5132 1495 5202">
     <span class='ocr_line' id='line_1_99' title="bbox 426 5132 1495 5202; baseline -0.004 -12"><span class='ocrx_word' id='word_1_792' title='bbox 426 5135 450 5168; x_wconf 87' lang='grc'><em>³</em></span> <span class='ocrx_word' id='word_1_793' title='bbox 472 5133 494 5190; x_wconf 85' lang='grc'><strong>1</strong></span> <span class='ocrx_word' id='word_1_794' title='bbox 519 5134 647 5192; x_wconf 88' lang='lat' dir='ltr'><strong>Cor.</strong></span> <span class='ocrx_word' id='word_1_795' title='bbox 677 5149 779 5202; x_wconf 87' lang='lat' dir='ltr'><strong>xu,</strong></span> <span class='ocrx_word' id='word_1_796' title='bbox 804 5133 924 5191; x_wconf 66' lang='lat'><em>6-6.</em></span> <span class='ocrx_word' id='word_1_797' title='bbox 997 5132 1020 5165; x_wconf 75' lang='grc'><strong>⁸</strong></span> <span class='ocrx_word' id='word_1_798' title='bbox 1048 5132 1155 5188; x_wconf 87' lang='lat' dir='ltr'><strong>Isa.</strong></span> <span class='ocrx_word' id='word_1_799' title='bbox 1184 5147 1369 5200; x_wconf 84' lang='lat' dir='ltr'><strong>vaut,</strong></span> <span class='ocrx_word' id='word_1_800' title='bbox 1407 5132 1495 5188; x_wconf 81' lang='grc'><strong>16.</strong></span> 
     </span>
    </p>
   </div>
   <div class='ocr_carea' id='block_1_100' title="bbox 428 5269 1928 5352">
    <p class='ocr_par' dir='ltr' id='par_1_100' title="bbox 428 5269 1928 5352">
     <span class='ocr_line' id='line_1_100' title="bbox 428 5269 1928 5352; baseline -0.005 -19"><span class='ocrx_word' id='word_1_801' title='bbox 428 5277 543 5352; x_wconf 86' lang='lat' dir='ltr'><strong>(l8)</strong></span> <span class='ocrx_word' id='word_1_802' title='bbox 571 5277 683 5352; x_wconf 66' lang='lat' dir='ltr'><strong>Kgi</strong></span> <span class='ocrx_word' id='word_1_803' title='bbox 721 5275 881 5352; x_wconf 64' lang='grc' dir='ltr'>τάχα</span> <span class='ocrx_word' id='word_1_804' title='bbox 929 5271 1306 5352; x_wconf 49' lang='grc' dir='ltr'>ςιξτη-ἐστίν</span> <span class='ocrx_word' id='word_1_805' title='bbox 1343 5271 1663 5352; x_wconf 40' lang='grc' dir='ltr'>ρῑτίαηιιε,</span> <span class='ocrx_word' id='word_1_806' title='bbox 1719 5269 1928 5326; x_wconf 88' lang='lat' dir='ltr'><strong>Similis</strong></span> 
     </span>
    </p>
   </div>
   <div class='ocr_carea' id='block_1_101' title="bbox 356 5341 1928 5416">
    <p class='ocr_par' dir='ltr' id='par_1_101' title="bbox 356 5341 1928 5416">
     <span class='ocr_line' id='line_1_101' title="bbox 356 5341 1928 5416; baseline -0.007 -10"><span class='ocrx_word' id='word_1_807' title='bbox 356 5341 477 5406; x_wconf 50' lang='lat' dir='ltr'><strong>fer‘e</strong></span> <span class='ocrx_word' id='word_1_808' title='bbox 501 5341 584 5404; x_wconf 79' lang='lat' dir='ltr'><strong>est</strong></span> <span class='ocrx_word' id='word_1_809' title='bbox 614 5341 910 5416; x_wconf 37' lang='lat' dir='ltr'><strong>Basilii—ep.</strong></span> <span class='ocrx_word' id='word_1_810' title='bbox 943 5341 1033 5404; x_wconf 66' lang='lat'><strong>65.</strong></span> <span class='ocrx_word' id='word_1_811' title='bbox 1073 5341 1313 5416; x_wconf 24' lang='lat' dir='ltr'><strong>‘Gregor.</strong></span> <span class='ocrx_word' id='word_1_812' title='bbox 1343 5341 1572 5412; x_wconf 75' lang='lat' dir='ltr'><strong>Nysseni</strong></span> <span class='ocrx_word' id='word_1_813' title='bbox 1603 5341 1697 5416; x_wconf 81' lang='lat' dir='ltr'><strong>lih.</strong></span> <span class='ocrx_word' id='word_1_814' title='bbox 1740 5357 1754 5394; x_wconf 94' lang='grc' dir='ltr'><strong>ι</strong></span> <span class='ocrx_word' id='word_1_815' title='bbox 1801 5358 1928 5416; x_wconf 47' lang='lat' dir='ltr'><strong>conf</strong></span> 
     </span>
    </p>
   </div>
   <div class='ocr_carea' id='block_1_102' title="bbox 357 5411 1923 5488">
    <p class='ocr_par' dir='ltr' id='par_1_102' title="bbox 357 5411 1923 5488">
     <span class='ocr_line' id='line_1_102' title="bbox 357 5411 1923 5488; baseline -0.005 -14"><span class='ocrx_word' id='word_1_816' title='bbox 357 5432 444 5474; x_wconf 74' lang='lat' dir='ltr'><strong>(ra</strong></span> <span class='ocrx_word' id='word_1_817' title='bbox 487 5411 1173 5488; x_wconf 12' lang='lat' dir='ltr'><strong>Eunpmiium,priphanii</strong></span> <span class='ocrx_word' id='word_1_818' title='bbox 1199 5411 1584 5488; x_wconf 34' lang='lat' dir='ltr'><strong>innitar-orum,</strong></span> <span class='ocrx_word' id='word_1_819' title='bbox 1637 5411 1923 5488; x_wconf 76' lang='lat' dir='ltr'><strong>Augustini</strong></span> 
     </span>
    </p>
   </div>
   <div class='ocr_carea' id='block_1_103' title="bbox 360 5481 1928 5552">
    <p class='ocr_par' dir='ltr' id='par_1_103' title="bbox 360 5481 1928 5552">
     <span class='ocr_line' id='line_1_103' title="bbox 360 5481 1928 5552; baseline -0.005 -8"><span class='ocrx_word' id='word_1_820' title='bbox 360 5491 464 5544; x_wconf 72' lang='lat' dir='ltr'><strong>lih.</strong></span> <span class='ocrx_word' id='word_1_821' title='bbox 499 5504 566 5546; x_wconf 84' lang='lat' dir='ltr'><strong>xv</strong></span> <span class='ocrx_word' id='word_1_822' title='bbox 593 5487 670 5542; x_wconf 82' lang='lat' dir='ltr'><strong>De</strong></span> <span class='ocrx_word' id='word_1_823' title='bbox 711 5481 1012 5550; x_wconf 54' lang='lat' dir='ltr'><strong>Trinit.,&#39;c:</strong></span> <span class='ocrx_word' id='word_1_824' title='bbox 1030 5485 1123 5552; x_wconf 74' lang='lat'><strong>26,</strong></span> <span class='ocrx_word' id='word_1_825' title='bbox 1163 5495 1218 5541; x_wconf 89' lang='lat' dir='ltr'><strong>et</strong></span> <span class='ocrx_word' id='word_1_826' title='bbox 1247 5484 1339 5538; x_wconf 89' lang='lat' dir='ltr'><strong>lib.</strong></span> <span class='ocrx_word' id='word_1_827' title='bbox 1364 5499 1418 5536; x_wconf 91' lang='grc' dir='ltr'><strong>ιιι</strong></span> <span class='ocrx_word' id='word_1_828' title='bbox 1445 5482 1645 5536; x_wconf 79' lang='lat' dir='ltr'><strong>Contra</strong></span> <span class='ocrx_word' id='word_1_829' title='bbox 1679 5481 1928 5552; x_wconf 60' lang='lat' dir='ltr'><strong>maximi—</strong></span> 
     </span>
    </p>
   </div>
   <div class='ocr_carea' id='block_1_104' title="bbox 359 5551 1928 5677">
    <p class='ocr_par' dir='ltr' id='par_1_104' title="bbox 359 5551 1928 5677">
     <span class='ocr_line' id='line_1_104' title="bbox 359 5551 1928 5627; baseline -0.005 -13"><span class='ocrx_word' id='word_1_830' title='bbox 359 5577 512 5624; x_wconf 83' lang='lat' dir='ltr'><strong>num,</strong></span> <span class='ocrx_word' id='word_1_831' title='bbox 547 5573 668 5624; x_wconf 79' lang='lat' dir='ltr'><strong>cap.</strong></span> <span class='ocrx_word' id='word_1_832' title='bbox 705 5558 790 5614; x_wconf 75' lang='grc'><strong>14.</strong></span> <span class='ocrx_word' id='word_1_833' title='bbox 825 5551 1164 5627; x_wconf 85' lang='lat' dir='ltr'><strong>aliorumque</strong></span> <span class='ocrx_word' id='word_1_834' title='bbox 1189 5553 1555 5616; x_wconf 89' lang='lat' dir='ltr'><strong>ratiocinatio,</strong></span> <span class='ocrx_word' id='word_1_835' title='bbox 1577 5567 1698 5606; x_wconf 89' lang='lat' dir='ltr'><strong>cum</strong></span> <span class='ocrx_word' id='word_1_836' title='bbox 1731 5551 1928 5606; x_wconf 82' lang='lat' dir='ltr'><strong>Filium</strong></span> 
     </span>
     <span class='ocr_line' id='line_1_105' title="bbox 362 5622 1928 5677; baseline -0.002 0"><span class='ocrx_word' id='word_1_837' title='bbox 362 5630 575 5677; x_wconf 82' lang='lat' dir='ltr'><strong>idcirco</strong></span> <span class='ocrx_word' id='word_1_838' title='bbox 613 5627 807 5677; x_wconf 88' lang='lat' dir='ltr'><strong>Filium</strong></span> <span class='ocrx_word' id='word_1_839' title='bbox 840 5627 943 5677; x_wconf 89' lang='lat' dir='ltr'><strong>dici</strong></span> <span class='ocrx_word' id='word_1_840' title='bbox 991 5637 1043 5677; x_wconf 89' lang='lat' dir='ltr'><strong>et</strong></span> <span class='ocrx_word' id='word_1_841' title='bbox 1084 5641 1206 5677; x_wconf 82' lang='lat' dir='ltr'><strong>esse</strong></span> <span class='ocrx_word' id='word_1_842' title='bbox 1256 5624 1462 5677; x_wconf 91' lang='lat' dir='ltr'><strong>volunt.</strong></span> <span class='ocrx_word' id='word_1_843' title='bbox 1516 5622 1662 5677; x_wconf 79' lang='lat' dir='ltr'><strong>quod</strong></span> <span class='ocrx_word' id='word_1_844' title='bbox 1705 5635 1770 5675; x_wconf 79' lang='lat' dir='ltr'><strong>ex</strong></span> <span class='ocrx_word' id='word_1_845' title='bbox 1818 5637 1928 5676; x_wconf 90' lang='lat' dir='ltr'><strong>uno</strong></span> 
     </span>
    </p>
   </div>
   <div class='ocr_carea' id='block_1_105' title="bbox 360 5627 1931 5766">
    <p class='ocr_par' dir='ltr' id='par_1_105' title="bbox 360 5627 1931 5766">
     <span class='ocr_line' id='line_1_106' title="bbox 362 5627 1930 5692; baseline -0.005 -10"><span class='ocrx_word' id='word_1_846' title='bbox 362 5630 575 5684; x_wconf 89' lang='lat' dir='ltr'><strong>idcirco</strong></span> <span class='ocrx_word' id='word_1_847' title='bbox 613 5627 807 5682; x_wconf 88' lang='lat' dir='ltr'><strong>Filium</strong></span> <span class='ocrx_word' id='word_1_848' title='bbox 840 5627 943 5682; x_wconf 94' lang='lat' dir='ltr'><strong>dici</strong></span> <span class='ocrx_word' id='word_1_849' title='bbox 991 5637 1043 5681; x_wconf 89' lang='lat' dir='ltr'><strong>et</strong></span> <span class='ocrx_word' id='word_1_850' title='bbox 1084 5641 1206 5682; x_wconf 84' lang='lat' dir='ltr'><strong>esse</strong></span> <span class='ocrx_word' id='word_1_851' title='bbox 1256 5627 1462 5688; x_wconf 91' lang='lat' dir='ltr'><strong>volunt,</strong></span> <span class='ocrx_word' id='word_1_852' title='bbox 1516 5627 1662 5692; x_wconf 86' lang='lat' dir='ltr'><strong>quod</strong></span> <span class='ocrx_word' id='word_1_853' title='bbox 1705 5635 1770 5675; x_wconf 81' lang='lat' dir='ltr'><strong>ex</strong></span> <span class='ocrx_word' id='word_1_854' title='bbox 1818 5637 1930 5676; x_wconf 89' lang='lat' dir='ltr'><strong>uno</strong></span> 
     </span>
     <span class='ocr_line' id='line_1_107' title="bbox 360 5691 1931 5766; baseline -0.005 -11"><span class='ocrx_word' id='word_1_855' title='bbox 360 5701 616 5764; x_wconf 88' lang='lat' dir='ltr'><strong>oriatur;</strong></span> <span class='ocrx_word' id='word_1_856' title='bbox 654 5697 917 5766; x_wconf 90' lang='lat' dir='ltr'><strong>Spiritum</strong></span> <span class='ocrx_word' id='word_1_857' title='bbox 967 5707 1216 5750; x_wconf 89' lang='lat' dir='ltr'><strong>sanctum</strong></span> <span class='ocrx_word' id='word_1_858' title='bbox 1249 5693 1503 5766; x_wconf 87' lang='lat' dir='ltr'><strong>nec__dici</strong></span> <span class='ocrx_word' id='word_1_859' title='bbox 1550 5691 1769 5756; x_wconf 85' lang='lat' dir='ltr'><strong>Filium,</strong></span> <span class='ocrx_word' id='word_1_860' title='bbox 1826 5707 1931 5747; x_wconf 90' lang='lat' dir='ltr'><strong>nec</strong></span> 
     </span>
    </p>
   </div>
   <div class='ocr_carea' id='block_1_106' title="bbox 361 5763 1610 5838">
    <p class='ocr_par' dir='ltr' id='par_1_106' title="bbox 361 5763 1610 5838">
     <span class='ocr_line' id='line_1_108' title="bbox 361 5763 1610 5838; baseline -0.007 -14"><span class='ocrx_word' id='word_1_861' title='bbox 361 5784 514 5824; x_wconf 85' lang='lat' dir='ltr'><strong>esse.</strong></span> <span class='ocrx_word' id='word_1_862' title='bbox 535 5763 678 5838; x_wconf 83' lang='lat' dir='ltr'><strong>quod</strong></span> <span class='ocrx_word' id='word_1_863' title='bbox 697 5763 966 5838; x_wconf 75' lang='lat' dir='ltr'><strong>procedat</strong></span> <span class='ocrx_word' id='word_1_864' title='bbox 993 5783 1058 5821; x_wconf 82' lang='lat' dir='ltr'><strong>ex</strong></span> <span class='ocrx_word' id='word_1_865' title='bbox 1084 5767 1318 5838; x_wconf 75' lang='lat' dir='ltr'><strong>duobus.</strong></span> <span class='ocrx_word' id='word_1_866' title='bbox 1352 5763 1610 5838; x_wconf 58' lang='lat' dir='ltr'><strong>liuentis,</strong></span> 
     </span>
    </p>
   </div>
   <div class='ocr_carea' id='block_1_107' title="bbox 441 5830 1929 5910">
    <p class='ocr_par' dir='ltr' id='par_1_107' title="bbox 441 5830 1929 5910">
     <span class='ocr_line' id='line_1_109' title="bbox 441 5830 1929 5910; baseline -0.003 -19"><span class='ocrx_word' id='word_1_867' title='bbox 441 5830 568 5910; x_wconf 38' lang='lat' dir='ltr'><strong>(l9).</strong></span> <span class='ocrx_word' id='word_1_868' title='bbox 593 5830 760 5910; x_wconf 82' lang='grc' dir='ltr'>Ἕχὲι</span> <span class='ocrx_word' id='word_1_869' title='bbox 809 5836 877 5889; x_wconf 80' lang='grc' dir='ltr'>δὲ</span> <span class='ocrx_word' id='word_1_870' title='bbox 925 5837 1323 5905; x_wconf 79' lang='grc' dir='ltr'>ἐπαπόρησιν,</span> <span class='ocrx_word' id='word_1_871' title='bbox 1360 5844 1465 5889; x_wconf 84' lang='lat' dir='ltr'><strong>etc.</strong></span> <span class='ocrx_word' id='word_1_872' title='bbox 1524 5833 1654 5888; x_wconf 79' lang='lat' dir='ltr'><strong>Vide</strong></span> <span class='ocrx_word' id='word_1_873' title='bbox 1697 5830 1755 5888; x_wconf 86' lang='lat' dir='ltr'><strong>S.</strong></span> <span class='ocrx_word' id='word_1_874' title='bbox 1788 5832 1929 5887; x_wconf 87' lang='lat' dir='ltr'><strong>Tho-</strong></span> 
     </span>
    </p>
   </div>
   <div class='ocr_carea' id='block_1_108' title="bbox 2047 4620 3613 4698">
    <p class='ocr_par' dir='ltr' id='par_1_108' title="bbox 2047 4620 3613 4698">
     <span class='ocr_line' id='line_1_110' title="bbox 2047 4620 3613 4698; baseline -0.006 -18"><span class='ocrx_word' id='word_1_875' title='bbox 2047 4635 2128 4680; x_wconf 91' lang='lat' dir='ltr'><strong>tre</strong></span> <span class='ocrx_word' id='word_1_876' title='bbox 2157 4627 2381 4682; x_wconf 90' lang='lat' dir='ltr'><strong>missum</strong></span> <span class='ocrx_word' id='word_1_877' title='bbox 2420 4644 2562 4694; x_wconf 90' lang='lat' dir='ltr'><strong>esse,</strong></span> <span class='ocrx_word' id='word_1_878' title='bbox 2596 4639 2650 4682; x_wconf 91' lang='lat' dir='ltr'><strong>et</strong></span> <span class='ocrx_word' id='word_1_879' title='bbox 2678 4631 2744 4682; x_wconf 87' lang='lat' dir='ltr'><strong>ah</strong></span> <span class='ocrx_word' id='word_1_880' title='bbox 2787 4629 2956 4698; x_wconf 89' lang='lat' dir='ltr'><strong>ipsius</strong></span> <span class='ocrx_word' id='word_1_881' title='bbox 3003 4623 3234 4693; x_wconf 86' lang='lat' dir='ltr'><strong>Spiritu,</strong></span> <span class='ocrx_word' id='word_1_882' title='bbox 3272 4620 3613 4690; x_wconf 82' lang='lat' dir='ltr'><strong>responden-</strong></span> 
     </span>
    </p>
   </div>
   <div class='ocr_carea' id='block_1_109' title="bbox 2043 4713 3616 4776">
    <p class='ocr_par' dir='ltr' id='par_1_109' title="bbox 2043 4713 3616 4776">
     <span class='ocr_line' id='line_1_111' title="bbox 2043 4713 3616 4776; baseline -0.006 -4"><span class='ocrx_word' id='word_1_883' title='bbox 2043 4718 2171 4772; x_wconf 92' lang='lat' dir='ltr'><strong>dum</strong></span> <span class='ocrx_word' id='word_1_884' title='bbox 2219 4730 2304 4775; x_wconf 89' lang='lat' dir='ltr'><strong>est</strong></span> <span class='ocrx_word' id='word_1_885' title='bbox 2353 4721 2512 4776; x_wconf 90' lang='lat' dir='ltr'><strong>etiam</strong></span> <span class='ocrx_word' id='word_1_886' title='bbox 2548 4723 2651 4776; x_wconf 90' lang='lat' dir='ltr'><strong>hoc</strong></span> <span class='ocrx_word' id='word_1_887' title='bbox 2693 4721 2812 4775; x_wconf 91' lang='lat' dir='ltr'><strong>loco</strong></span> <span class='ocrx_word' id='word_1_888' title='bbox 2848 4719 3071 4774; x_wconf 90' lang='lat' dir='ltr'><strong>missum</strong></span> <span class='ocrx_word' id='word_1_889' title='bbox 3103 4729 3222 4772; x_wconf 86' lang='lat' dir='ltr'><strong>esse</strong></span> <span class='ocrx_word' id='word_1_890' title='bbox 3259 4713 3533 4769; x_wconf 82' lang='lat' dir='ltr'><strong>Christum</strong></span> <span class='ocrx_word' id='word_1_891' title='bbox 3581 4725 3616 4763; x_wconf 84' lang='lat' dir='ltr'><strong>a</strong></span> 
     </span>
    </p>
   </div>
   <div class='ocr_carea' id='block_1_110' title="bbox 2045 4802 3613 4882">
    <p class='ocr_par' dir='ltr' id='par_1_110' title="bbox 2045 4802 3613 4882">
     <span class='ocr_line' id='line_1_112' title="bbox 2045 4802 3613 4882; baseline -0.006 -16"><span class='ocrx_word' id='word_1_892' title='bbox 2045 4809 2274 4879; x_wconf 86' lang='lat' dir='ltr'><strong>Spiritu,</strong></span> <span class='ocrx_word' id='word_1_893' title='bbox 2304 4827 2411 4867; x_wconf 92' lang='lat' dir='ltr'><strong>non</strong></span> <span class='ocrx_word' id='word_1_894' title='bbox 2443 4814 2586 4882; x_wconf 87' lang='lat' dir='ltr'><strong>quod</strong></span> <span class='ocrx_word' id='word_1_895' title='bbox 2635 4823 2827 4868; x_wconf 87' lang='lat' dir='ltr'><strong>natura</strong></span> <span class='ocrx_word' id='word_1_896' title='bbox 2869 4811 3102 4874; x_wconf 67' lang='lat' dir='ltr'><strong>diﬂ‘erat,</strong></span> <span class='ocrx_word' id='word_1_897' title='bbox 3134 4809 3230 4865; x_wconf 90' lang='lat' dir='ltr'><strong>sed</strong></span> <span class='ocrx_word' id='word_1_898' title='bbox 3273 4817 3490 4877; x_wconf 82' lang='lat' dir='ltr'><strong>prepler</strong></span> <span class='ocrx_word' id='word_1_899' title='bbox 3519 4802 3613 4858; x_wconf 78' lang='lat' dir='ltr'><strong>Fi—</strong></span> 
     </span>
    </p>
   </div>
   <div class='ocr_carea' id='block_1_111' title="bbox 2043 4894 3615 4973">
    <p class='ocr_par' dir='ltr' id='par_1_111' title="bbox 2043 4894 3615 4973">
     <span class='ocr_line' id='line_1_113' title="bbox 2043 4894 3615 4973; baseline -0.005 -18"><span class='ocrx_word' id='word_1_900' title='bbox 2043 4901 2099 4956; x_wconf 94' lang='lat' dir='ltr'><strong>lii</strong></span> <span class='ocrx_word' id='word_1_901' title='bbox 2138 4902 2234 4957; x_wconf 89' lang='lat' dir='ltr'><strong>Dei</strong></span> <span class='ocrx_word' id='word_1_902' title='bbox 2265 4907 2665 4960; x_wconf 89' lang='lat' dir='ltr'><strong>conservatoris</strong></span> <span class='ocrx_word' id='word_1_903' title='bbox 2697 4905 2867 4960; x_wconf 92' lang='lat' dir='ltr'><strong>nostri</strong></span> <span class='ocrx_word' id='word_1_904' title='bbox 2897 4943 2912 4969; x_wconf 96' lang='lat'><strong>,</strong></span> <span class='ocrx_word' id='word_1_905' title='bbox 2944 4903 3037 4973; x_wconf 89' lang='lat' dir='ltr'><strong>qui</strong></span> <span class='ocrx_word' id='word_1_906' title='bbox 3089 4917 3146 4959; x_wconf 88' lang='lat' dir='ltr'><strong>se</strong></span> <span class='ocrx_word' id='word_1_907' title='bbox 3178 4899 3320 4956; x_wconf 88' lang='lat' dir='ltr'><strong>infra</strong></span> <span class='ocrx_word' id='word_1_908' title='bbox 3352 4912 3472 4951; x_wconf 87' lang='lat' dir='ltr'><strong>eum</strong></span> <span class='ocrx_word' id='word_1_909' title='bbox 3509 4894 3615 4949; x_wconf 84' lang='lat' dir='ltr'><strong>mi-</strong></span> 
     </span>
    </p>
   </div>
   <div class='ocr_carea' id='block_1_112' title="bbox 2041 4993 3608 5066">
    <p class='ocr_par' dir='ltr' id='par_1_112' title="bbox 2041 4993 3608 5066">
     <span class='ocr_line' id='line_1_114' title="bbox 2041 4993 3608 5066; baseline -0.002 -18"><span class='ocrx_word' id='word_1_910' title='bbox 2041 4996 2199 5063; x_wconf 88' lang='lat' dir='ltr'><strong>nuit,</strong></span> <span class='ocrx_word' id='word_1_911' title='bbox 2255 4996 2312 5051; x_wconf 88' lang='lat' dir='ltr'><strong>in</strong></span> <span class='ocrx_word' id='word_1_912' title='bbox 2378 4997 2716 5054; x_wconf 75' lang='lat' dir='ltr'><strong>btuuanitate</strong></span> <span class='ocrx_word' id='word_1_913' title='bbox 2771 4999 3077 5065; x_wconf 85' lang='lat' dir='ltr'><strong>sumenda,</strong></span> <span class='ocrx_word' id='word_1_914' title='bbox 3129 4993 3608 5066; x_wconf 86' lang='lat' dir='ltr'><strong>dispensationem.</strong></span> 
     </span>
    </p>
   </div>
   <div class='ocr_carea' id='block_1_113' title="bbox 2029 5270 2720 5342">
    <p class='ocr_par' dir='ltr' id='par_1_113' title="bbox 2029 5270 2720 5342">
     <span class='ocr_line' id='line_1_115' title="bbox 2029 5270 2720 5342; baseline 0 -16"><span class='ocrx_word' id='word_1_915' title='bbox 2029 5285 2172 5326; x_wconf 91' lang='lat' dir='ltr'><strong>mam</strong></span> <span class='ocrx_word' id='word_1_916' title='bbox 2207 5286 2262 5340; x_wconf 94' lang='lat' dir='ltr'><strong>p.</strong></span> <span class='ocrx_word' id='word_1_917' title='bbox 2293 5286 2335 5336; x_wconf 91' lang='grc' dir='ltr'><strong>ι,</strong></span> <span class='ocrx_word' id='word_1_918' title='bbox 2369 5287 2428 5342; x_wconf 87' lang='lat' dir='ltr'><strong>q.</strong></span> <span class='ocrx_word' id='word_1_919' title='bbox 2454 5271 2546 5336; x_wconf 75' lang='grc'><strong>45,</strong></span> <span class='ocrx_word' id='word_1_920' title='bbox 2577 5285 2634 5342; x_wconf 54' lang='lat' dir='ltr'><strong>a,</strong></span> <span class='ocrx_word' id='word_1_921' title='bbox 2663 5270 2720 5326; x_wconf 90' lang='lat'><strong>8.</strong></span> 
     </span>
    </p>
   </div>
   <div class='ocr_carea' id='block_1_114' title="bbox 2104 5333 3614 5412">
    <p class='ocr_par' dir='ltr' id='par_1_114' title="bbox 2104 5333 3614 5412">
     <span class='ocr_line' id='line_1_116' title="bbox 2104 5333 3614 5412; baseline -0.004 -16"><span class='ocrx_word' id='word_1_922' title='bbox 2104 5333 2222 5412; x_wconf 62' lang='lat' dir='ltr'><strong>(20f</strong></span> <span class='ocrx_word' id='word_1_923' title='bbox 2245 5333 2427 5398; x_wconf 41' lang='lat' dir='ltr'><strong>Co&#39;de&#39;x</strong></span> <span class='ocrx_word' id='word_1_924' title='bbox 2454 5333 2782 5398; x_wconf 80' lang='lat' dir='ltr'><strong>Bodleianus</strong></span> <span class='ocrx_word' id='word_1_925' title='bbox 2810 5347 2960 5395; x_wconf 85' lang='lat' dir='ltr'><strong>recte</strong></span> <span class='ocrx_word' id='word_1_926' title='bbox 2983 5340 3064 5401; x_wconf 81' lang='grc' dir='ltr'><strong>είς</strong></span> <span class='ocrx_word' id='word_1_927' title='bbox 3101 5337 3268 5392; x_wconf 71' lang='grc' dir='ltr'>αὐτός</span> <span class='ocrx_word' id='word_1_928' title='bbox 3299 5335 3472 5393; x_wconf 85' lang='lat' dir='ltr'><strong>codex</strong></span> <span class='ocrx_word' id='word_1_929' title='bbox 3504 5333 3614 5391; x_wconf 79' lang='lat' dir='ltr'><strong>Re-</strong></span> 
     </span>
    </p>
   </div>
   <div class='ocr_carea' id='block_1_115' title="bbox 2032 5413 2682 5482">
    <p class='ocr_par' dir='ltr' id='par_1_115' title="bbox 2032 5413 2682 5482">
     <span class='ocr_line' id='line_1_117' title="bbox 2032 5413 2682 5482; baseline -0.003 -17"><span class='ocrx_word' id='word_1_930' title='bbox 2032 5413 2172 5482; x_wconf 67' lang='grc' dir='ltr'>εἰιις.</span> <span class='ocrx_word' id='word_1_931' title='bbox 2208 5413 2290 5476; x_wconf 81' lang='grc' dir='ltr'>εἰς</span> <span class='ocrx_word' id='word_1_932' title='bbox 2313 5414 2495 5476; x_wconf 83' lang='grc' dir='ltr'>αὐτόν,</span> <span class='ocrx_word' id='word_1_933' title='bbox 2524 5413 2682 5466; x_wconf 88' lang='lat' dir='ltr'><strong>male.</strong></span> 
     </span>
    </p>
   </div>
   <div class='ocr_carea' id='block_1_116' title="bbox 2105 5475 3613 5554">
    <p class='ocr_par' dir='ltr' id='par_1_116' title="bbox 2105 5475 3613 5554">
     <span class='ocr_line' id='line_1_118' title="bbox 2105 5475 3613 5554; baseline -0.007 -16"><span class='ocrx_word' id='word_1_934' title='bbox 2105 5482 2219 5554; x_wconf 72' lang='grc'><strong>(21)</strong></span> <span class='ocrx_word' id='word_1_935' title='bbox 2259 5485 2389 5554; x_wconf 73' lang='grc' dir='ltr'>Τοῖς</span> <span class='ocrx_word' id='word_1_936' title='bbox 2412 5475 2500 5550; x_wconf 70' lang='grc' dir='ltr'>εὶς</span> <span class='ocrx_word' id='word_1_937' title='bbox 2526 5482 2596 5536; x_wconf 84' lang='grc' dir='ltr'>τὸ</span> <span class='ocrx_word' id='word_1_938' title='bbox 2625 5481 2816 5536; x_wconf 72' lang='grc' dir='ltr'>κακόλν</span> <span class='ocrx_word' id='word_1_939' title='bbox 2834 5482 2922 5554; x_wconf 66' lang='grc' dir='ltr'>ἔτι</span> <span class='ocrx_word' id='word_1_940' title='bbox 2957 5475 3491 5554; x_wconf 35' lang='grc' dir='ltr'>ἀποπίπτορσιικαί</span> <span class='ocrx_word' id='word_1_941' title='bbox 3516 5475 3613 5554; x_wconf 58' lang='grc' dir='ltr'>ἐξι-</span> 
     </span>
    </p>
   </div>
   <div class='ocr_carea' id='block_1_117' title="bbox 2033 5545 3614 5624">
    <p class='ocr_par' dir='ltr' id='par_1_117' title="bbox 2033 5545 3614 5624">
     <span class='ocr_line' id='line_1_119' title="bbox 2033 5545 3614 5624; baseline -0.005 -17"><span class='ocrx_word' id='word_1_942' title='bbox 2033 5545 2436 5624; x_wconf 71' lang='grc' dir='ltr'>τρὲπομένοὶς.</span> <span class='ocrx_word' id='word_1_943' title='bbox 2471 5545 2777 5624; x_wconf 78' lang='lat' dir='ltr'><strong>Legendum</strong></span> <span class='ocrx_word' id='word_1_944' title='bbox 2811 5553 3042 5624; x_wconf 78' lang='lat' dir='ltr'><strong>videtur,</strong></span> <span class='ocrx_word' id='word_1_945' title='bbox 3070 5549 3196 5612; x_wconf 85' lang='grc' dir='ltr'>τοὺς</span> <span class='ocrx_word' id='word_1_946' title='bbox 3229 5547 3308 5610; x_wconf 86' lang='grc' dir='ltr'><strong>είς</strong></span> <span class='ocrx_word' id='word_1_947' title='bbox 3345 5546 3406 5598; x_wconf 88' lang='grc' dir='ltr'><strong>τὸ</strong></span> <span class='ocrx_word' id='word_1_948' title='bbox 3444 5545 3614 5601; x_wconf 84' lang='grc' dir='ltr'>κακὸν</span> 
     </span>
    </p>
   </div>
   <div class='ocr_carea' id='block_1_118' title="bbox 2039 5619 3573 5703">
    <p class='ocr_par' dir='ltr' id='par_1_118' title="bbox 2039 5619 3573 5703">
     <span class='ocr_line' id='line_1_120' title="bbox 2039 5619 3573 5703; baseline -0.005 -27"><span class='ocrx_word' id='word_1_949' title='bbox 2039 5619 2129 5703; x_wconf 66' lang='grc' dir='ltr'><strong>ἔτιΔ</strong></span> <span class='ocrx_word' id='word_1_950' title='bbox 2139 5619 2676 5703; x_wconf 46' lang='grc' dir='ltr'>ἀέοπίπςρνταξκῴ</span> <span class='ocrx_word' id='word_1_951' title='bbox 2704 5619 3166 5703; x_wconf 41' lang='grc' dir='ltr'>’ἐκτρεπρμένουςε</span> <span class='ocrx_word' id='word_1_952' title='bbox 3196 5687 3220 5703; x_wconf 34' lang='grc' dir='ltr'><strong>ᾗ</strong></span> <span class='ocrx_word' id='word_1_953' title='bbox 3234 5685 3247 5703; x_wconf 43' lang='grc' dir='ltr'><em>ο</em></span> <span class='ocrx_word' id='word_1_954' title='bbox 3395 5688 3409 5703; x_wconf 28' lang='grc' dir='ltr'><strong>ἲ</strong></span> <span class='ocrx_word' id='word_1_955' title='bbox 3559 5683 3573 5703; x_wconf 39' lang='grc' dir='ltr'><strong>ν</strong></span> 
     </span>
    </p>
   </div>
   <div class='ocr_carea' id='block_1_119' title="bbox 2114 5685 3611 5765">
    <p class='ocr_par' dir='ltr' id='par_1_119' title="bbox 2114 5685 3611 5765">
     <span class='ocr_line' id='line_1_121' title="bbox 2114 5685 3611 5765; baseline -0.004 -17"><span class='ocrx_word' id='word_1_956' title='bbox 2114 5695 2226 5765; x_wconf 66' lang='lat'><strong>(92)</strong></span> <span class='ocrx_word' id='word_1_957' title='bbox 2251 5698 2317 5750; x_wconf 75' lang='lat' dir='ltr'><strong>Ei</strong></span> <span class='ocrx_word' id='word_1_958' title='bbox 2347 5695 2414 5749; x_wconf 89' lang='grc' dir='ltr'>δὲ</span> <span class='ocrx_word' id='word_1_959' title='bbox 2445 5685 2750 5759; x_wconf 73' lang='grc' dir='ltr'>ἐντούτῳ,</span> <span class='ocrx_word' id='word_1_960' title='bbox 2789 5685 2895 5747; x_wconf 71' lang='grc' dir='ltr'>εἰς.</span> <span class='ocrx_word' id='word_1_961' title='bbox 2926 5685 3070 5758; x_wconf 74' lang='lat' dir='ltr'><strong>Lege</strong></span> <span class='ocrx_word' id='word_1_962' title='bbox 3098 5689 3159 5742; x_wconf 82' lang='grc' dir='ltr'><strong>Εἰ</strong></span> <span class='ocrx_word' id='word_1_963' title='bbox 3193 5685 3250 5740; x_wconf 90' lang='grc' dir='ltr'><strong>δέ</strong></span> <span class='ocrx_word' id='word_1_964' title='bbox 3281 5703 3367 5750; x_wconf 89' lang='grc' dir='ltr'><strong>τις</strong></span> <span class='ocrx_word' id='word_1_965' title='bbox 3393 5688 3450 5740; x_wconf 83' lang='grc' dir='ltr'><strong>ἐν</strong></span> <span class='ocrx_word' id='word_1_966' title='bbox 3482 5685 3611 5742; x_wconf 81' lang='grc' dir='ltr'><strong>τού-</strong></span> 
     </span>
    </p>
   </div>
   <div class='ocr_carea' id='block_1_120' title="bbox 2038 5783 2132 5817">
    <p class='ocr_par' dir='ltr' id='par_1_120' title="bbox 2038 5783 2132 5817">
     <span class='ocr_line' id='line_1_122' title="bbox 2038 5783 2132 5817; baseline -0.011 0"><span class='ocrx_word' id='word_1_967' title='bbox 2038 5783 2132 5817; x_wconf 82' lang='grc' dir='ltr'><strong>τω.</strong></span> 
     </span>
    </p>
   </div>
  </div>
