4174 6410
555 368 648 424 151
2037 349 2361 410 OR-IGENIS

3702 345 3802 399 152

552 486 706 554 Quod
737 486 781 540 si
826 484 949 556 quis
983 497 1048 539 ex
1097 495 1163 536 eo
1203 477 1534 545 oll‘enditur,
1584 477 1727 547 quod
1773 475 1829 530 in
1869 473 2126 528 sumenda

2229 469 2723 540 ἐνανθρωπήσαντα
2743 503 2756 527 ,
2795 461 3129 534 προσακτέον
3157 460 3319 514 αὑτὸν
3356 460 3466 515 ἀπὸ
3501 458 3610 513 τῶν
3643 460 3702 512 ἐν
3734 463 3799 530 τῇ

553 587 749 633 natura
779 577 1013 631 humana
1046 572 1185 627 infra
1236 571 1475 641 Spiritus
1521 569 1837 638 dignitatem
1871 566 2127 620 Servato-

553 683 668 722 rem
719 668 1062 723 imminutum
1109 664 1376 719 dixerim:
1417 663 1520 717 hoc
1573 663 1621 714 ei
1661 659 2000 729 probandum
2042 665 2127 712 est

552 776 620 815 ex
657 760 722 814 iis
748 774 868 828 qua:
893 759 1093 829 scripta
1121 767 1246 813 sunt
1274 759 1324 812 in
1356 756 1508 812 Pauli
1536 754 1603 808 ad
1639 752 1893 806 Hebraeos
1917 749 2125 818 Episto-

555 851 627 916 Ia,
663 852 714 906 in
747 865 850 920 qua
879 851 1043 905 etiam
1077 850 1283 920 angelis
1309 851 1576 904 minorem
1609 845 1717 916 63
1747 843 1928 898 .Iesum
1959 841 2126 894 fuisse

554 955 778 1014 propter
800 946 988 998 mortis
1012 943 1418 1013 perpessionem
1438 938 1783 1010 pronuntiat;
1809 935 1886 988 ait
1905 935 2047 988 enim
2071 933 2122 986 'z

558 1055 578 1087 ι
609 1034 744 1090 Eum
776 1046 956 1089 autem
1010 1051 1103 1102 qui
1153 1033 1365 1089 modico
1406 1046 1567 1100 quam
1616 1028 1789 1099 angeli
1828 1027 2127 1081 minoratus

553 1139 677 1195 est,
727 1129 974 1182 videmus
1013 1125 1196 1182 Jesum
1223 1167 1239 1192 ,
1275 1135 1502 1196 propter
1537 1123 1842 1193 passionem
1895 1118 2085 1172 mortis
2107 1157 2124 1182 ,

551 1220 720 1288 gloria
771 1229 826 1274 et
853 1221 1058 1274 honore
1103 1227 1446 1273 coronatum.
1487 1233 1506 1266 ι
1542 1214 1651 1268 Ant
1685 1213 1786 1267 hoc
1815 1211 1975 1265 etiam
2019 1207 2126 1262 dici

549 1323 726 1384 potest
752 1321 949 1368 creatae
977 1323 1188 1366 natura:
1217 1349 1234 1374 ,
1267 1319 1326 1363 ut
1356 1324 1384 1362 a
1415 1307 1677 1362 servitute
1711 1303 1967 1358 interitus
2005 1316 2128 1356 cor-

553 1407 927 1474 ruptionisque
951 1406 1298 1463 liberaretur,
1339 1411 1499 1470 atque
1531 1399 1696 1452 etiam
1731 1396 2008 1451 hominum
2035 1408 2127 1464 ge-

550 1499 665 1552 neri
703 1499 864 1553 beata
901 1511 965 1551 ac
1004 1493 1186 1551 divina
1221 1494 1460 1555 virtute,
1505 1499 1564 1545 ut
1600 1491 1671 1544 ita
1707 1488 1909 1553 dicam,
1943 1487 2123 1540 incar-

549 1600 676 1646 nata
707 1605 844 1660 opus
879 1588 1044 1644 fuisse
1073 1627 1090 1654 ,
1120 1603 1241 1658 quae
1273 1602 1334 1641 ea
1376 1585 1538 1639 etiam
1574 1597 1695 1652 qua:
1723 1583 1774 1635 in
1812 1589 1952 1635 terra
1999 1587 2126 1634 sunt

549 1682 852 1750 corrigeret
879 1699 892 1746 ;
923 1691 980 1735 et
1008 1678 1404 1749 quodammodo
1435 1676 1574 1730 hanc
1605 1675 1873 1728 actionem
1904 1671 1970 1724 ad
1999 1686 2126 1726 san-

549 1779 696 1826 ctum
725 1771 983 1840 Spiritum
1017 1769 1313 1840 pertinere,
1343 1782 1503 1832 quam
1535 1780 1660 1820 cum
1689 1762 1835 1817 ferre
1859 1777 1964 1816 non
1996 1777 2124 1832 pos-

549 1876 655 1928 set,
680 1864 1025 1918 Servatorem
1059 1859 1215 1916 ollert
1238 1869 1291 1914 et
1321 1858 1596 1929 pr0ponit,
1624 1865 1684 1912 ut
1711 1855 1803 1926 qui
1839 1854 1991 1909 solus
2024 1854 2126 1907 hoc

551 1965 825 2008 certamen
858 1962 1041 2022 posset
1067 1951 1373 2006 sustinere:
1407 1949 1569 2004 Pater
1596 1949 1761 2003 etiam
1789 1956 1846 2000 ut
1872 1947 2126 2015 princeps

546 2045 742 2100 Filium
774 2046 1016 2109 mittens,
1053 2059 1158 2098 una
1197 2042 1464 2114 Spiritum
1494 2056 1712 2112 quoque
1749 2041 1936 2104 mittit,
1966 2054 2124 2109 quem

547 2149 700 2192 certo
733 2147 973 2205 tempore
1005 2137 1396 2190 descensurum
1435 2134 1501 2186 ad
1544 2133 1638 2187 Dei
1673 2131 1894 2196 Filium,
1925 2141 1982 2186 et
2018 2145 2123 2183 una

547 2229 826 2284 hominum
870 2228 1103 2283 salutem
1154 2237 1507 2297 Operaturum
1534 2223 1967 2293 ell’ecturumque
1997 2238 2123 2293 pro-

547 2322 792 2375 miserat.
827 2319 879 2373 Id
922 2319 1065 2387 quod
1101 2317 1355 2388 perfecit,
1388 2325 1524 2382 tum,
1553 2331 1678 2372 cum
1709 2329 1972 2385 corporea
2000 2329 2123 2385 spe-

547 2413 634 2467 cie
689 2410 953 2465 columba:
1003 2409 1069 2464 ad
1105 2425 1228 2464 eum
1281 2415 1404 2478 post
1437 2407 1713 2462 lavacrum
1747 2406 1948 2460 volavit
1981 2408 2022 2469 ⁸,
2073 2415 2129 2459 et

550 2505 804 2560 insistens
846 2519 949 2557 non
998 2502 1261 2573 praeteriit
1303 2520 1315 2554 :
1356 2500 1499 2570 quod
1550 2499 1680 2554 fecit
1710 2497 1937 2553 fortasse
1984 2498 2126 2568 apud

547 2592 820 2659 homines,
847 2595 936 2664 qui
963 2594 1076 2661 ejus
1108 2593 1448 2662 maiestatem
1482 2592 1700 2647 assidue
1735 2591 1879 2646 ferre
1902 2605 2008 2645 non
2033 2606 2128 2660 po-

550 2695 747 2742 terant.
777 2686 959 2756 Itaque
990 2685 1306 2754 signillcans
1335 2683 1575 2740 Joannes
1603 2692 1654 2736 et
1688 2684 1914 2753 loquens
1944 2684 2008 2737 de
2034 2698 2121 2736 co-

547 2779 794 2849 gnitione
826 2777 1081 2848 quisnam
1110 2777 1363 2832 Christus
1388 2787 1554 2840 esset,
1587 2789 1691 2830 non
1732 2774 1908 2830 solum
1953 2772 2128 2843 Spiri-

548 2882 637 2926 tns
661 2871 727 2925 ad
753 2868 938 2925 Jesum
967 2871 1286 2924 descensum
1318 2877 1524 2930 narrat,
1547 2867 1641 2923 sed
1674 2878 1872 2938 praeter
1904 2867 2127 2921 descen-

548 2977 669 3017 Sllm
699 2963 844 3016 illius
869 2962 922 3015 in
956 2961 1072 3030 ipso
1110 2961 1446 3016 mansionem
1471 2961 1513 3015 ⁷.
1548 2959 1822 3030 Scriptum
1867 2966 1951 3014 est
1979 2959 2124 3012 enim

548 3053 652 3108 hoc
673 3051 874 3108 dixisse
904 3049 1207 3107 Joannem:
1240 3071 1259 3104 ι
1285 3051 1386 3119 Qui
1413 3053 1560 3107 misit
1593 3066 1678 3107 me
1712 3051 2013 3121 baptizare,
2042 3051 2124 3104 di-

2227 561 2362 632 πρὸς
2411 559 2691 629 Ἐϐραίους
2739 555 3045 627 λεγομένων
3079 553 3360 625 Ἐπιστολῇ
3409 554 3502 607 καὶ
3559 552 3804 622 ἀγγέλων

2226 653 2482 707 ἐλάττονα
2508 651 2596 704 διὰ
2621 651 2682 703 τὸ
2709 649 2938 719 πάθημα
2976 645 3069 699 τοῦ
3109 645 3337 699 θανάτου
3381 642 3802 714 ἀποφηναμένου

2226 745 2318 799 τοῦ
2353 743 2566 797 Παύλου
2593 741 2872 811 γεγονέναι
2901 739 2993 792 τὸν
3032 736 3240 808 Ἰησοῦν
3259 752 3274 768 ⁸
3310 735 3444 806 φησι
3467 735 3576 805 γάρ
3599 753 3612 762 ·
3649 751 3669 786 ι
3701 733 3804 786 Τὸν

2226 836 2283 889 δέ
2330 833 2501 906 βραχύ
2547 850 2599 886 τι
2641 832 2768 902 παρ’
2801 827 3064 897 ἀγγέλους
3103 825 3483 897 ἠλαττωμένον
3537 822 3804 892 βλέπομεν

2239 925 2446 997 Ἰησοῦν
2485 924 2574 978 διὰ.
2599 922 2662 976 τὺ
2709 920 2937 990 πάθημα
2970 917 3065 971 τοῦ
3099 917 3331 971 θανάτου
3370 914 3500 987 δόξῃ
3529 913 3624 967 καὶ
3668 913 3804 982 τιμῇ

2227 1015 2692 1087 ἐστεφανωμένον.
2722 1031 2740 1064 ι
2769 1013 2837 1064 Ἢ
2858 1011 3002 1082 τάχα
3029 1008 3142 1063 ἔστι
3165 1009 3260 1061 καὶ
3292 1006 3450 1060 τοῦτο
3477 1006 3648 1058 εἰπεῖν
3666 1004 3802 1075 (25),

2226 1111 2308 1163 ὃτι
2338 1109 2508 1162 ἐδεῖτο
2531 1110 2565 1178 ἠ
2595 1105 2769 1168 κτίσις
2803 1103 2943 1174 ὑπὲρ
2971 1101 3065 1155 τοῦ
3110 1097 3538 1168 ἐλευθερωθῐψαι
3570 1095 3680 1149 ἀπὺ
3705 1094 3806 1165 τῆς

2227 1201 2470 1262 δουλείας
2498 1198 2596 1268 τῆς
2627 1195 2852 1267 φθορᾶς,
2893 1192 3027 1246 ἀλλὰ
3058 1192 3152 1245 καὶ
3179 1188 3480 1260 ἀνθρώπιον
3515 1186 3671 1255 γένος
3703 1202 3807 1256 μα-

2227 1294 2426 1365 καρίας
2473 1291 2566 1346 καὶ
2626 1289 2775 1353 Θείας
2823 1287 3104 1357 δυνάμεως
3165 1279 3635 1351 ἐνανθρωπούσης,
3682 1279 3806 1348 ἥτις

2225 1384 2573 1456 διορθώσεται
2610 1383 2704 1436 καὶ
2732 1381 2801 1434 τά
2841 1379 2935 1433 ἐπὶ
2961 1379 3061 1446 τῆς
3093 1376 3196 1446 γῆς
3219 1389 3232 1403 ·
3294 1372 3390 1425 καὶ
3427 1369 3668 1438 ὡσπερεὶ
3703 1369 3803 1421 ἐπ-

2230 1475 2424 1530 έϐαλλέ
2447 1491 2564 1537 πως
2580 1473 2655 1544 τῷ
2673 1471 2813 1541 ἁγίῳ
2844 1467 3120 1538 Πνεῦματι
3145 1465 3178 1535 ἡ
3203 1462 3400 1534 πρᾶξις
3427 1460 3587 1532 αῦτη,
3614 1460 3807 1530 ἥντινα

2227 1565 2516 1636 ὑπομένειν
2556 1563 2618 1616 οὑ
2666 1561 2960 1631 δυνάμενον
2997 1557 3106 1627 (24)
3147 1553 3503 1626 προϐάλλεται
3551 1552 3642 1605 τὸν
3694 1552 3808 1603 Σω-

2226 1661 2388 1732 τῆρα,
2415 1658 2490 1721 ὡς
2526 1655 2587 1709 τὺ
2616 1653 2932 1726 τηλικοῦτον
2963 1648 3124 1723 ἆθλον
3157 1650 3315 1720 μόνον
3356 1647 3600 1714 ἐνεγκεῖν
3640 1643 3806 1697 δυνά-

2231 1769 2410 1824 μενον,
2438 1746 2649 1804 καὶτοῦ
2687 1745 2902 1816 Πατρὸς
2937 1743 3013 1806 ὡς
3040 1740 3344 1813 ἡγουμένου
3387 1735 3807 1799 ἀποστέλλοντος

2226 1845 2316 1898 τὸν
2341 1842 2489 1906 Υίὸν,
2527 1837 2941 1895 συναποστέλλει
2963 1835 3057 1889 καὶ
3088 1831 3518 1904 συμπροπέμπει
3544 1830 3607 1883 τὸ
3649 1831 3809 1898 ἆγιον

2225 1935 2452 2006 Πνεῦμα
2496 1934 2681 1990 αὑτὸν.
2721 1935 2778 1986 ἐν
2819 1927 2997 1999 καιρῷ
3039 1923 3466 1996 ὑπισχνούμενον
3503 1921 3808 1992 καταϐῆναι

2227 2027 2367 2098 πρὸς
2408 2027 2498 2079 τὸν
2535 2025 2664 2078 Υἱὸν
2709 2024 2804 2076 τοῦ
2851 2019 3010 2081 Θεοῦ,
3062 2019 3157 2072 καὶ
3198 2016 3531 2087 συνεργῆσαι
3581 2017 3645 2085 τῇ
3695 2012 3808 2066 τῶν

2227 2118 2528 2189 ἀνθρώπων
2567 2117 2829 2189 σωτηρίᾳ.
2857 2112 3028 2168 Τοῦτο
3059 2111 3116 2164 δέ
3144 2109 3444 2179 πεποίηκεν
3477 2107 3565 2160 ὅτε
3589 2105 3667 2176 τῷ
3699 2122 3806 2157 σω-

2230 2210 2444 2283 ματικῷ
2488 2209 2619 2263 εῖδει
2654 2209 2785 2262 ὡσεὶ
2829 2203 3129 2279 περιστερὰ
3173 2202 3284 2272 (25)
3323 2202 3618 2271 ἐφίπταται
3667 2197 3807 2266 μετὰ

2225 2304 2285 2358 τὸ
2315 2301 2537 2369 λουτρὸν
2567 2299 2734 2370 αὐτῷ,
2763 2299 2858 2352 καὶ
2894 2295 3125 2350 ἐπιστὰν
3160 2292 3221 2346 οὑ
3256 2290 3590 2362 παρέρχεται
3611 2304 3626 2318 ο
3663 2287 3806 2358 τάχα

2227 2399 2284 2450 ἐν
2313 2391 2620 2466 ἀνθρώποις
2645 2391 2801 2444 τοῦτο
2838 2387 3196 2458 πεποιηκότος
3235 2384 3348 2457 (26)
3377 2384 3488 2445 τοῖς
3533 2380 3607 2452 μὴ
3646 2379 3810 2448 δυνη-

2227 2489 2397 2543 Θεῖσιν
2442 2483 2799 2546 ἀδιαλείπτως
2829 2481 3014 2552 φέρειν
3058 2476 3222 2532 αὐτοῦ
3263 2474 3362 2547 τὴν
3400 2473 3576 2536 δόξαν.
3609 2471 3809 2542 Διόπερ

2229 2581 2506 2654 σημαίνων
2544 2577 2657 2649 (27)
2701 2578 2730 2629 0
2780 2574 3037 2643 Ἰωάννης
3087 2571 3216 2641 περὶ
3257 2568 3354 2622 τοῦ
3400 2563 3605 2636 γνῶναι
3659 2564 3810 2654 ὅστις

2228 2673 2356 2729 ποτέ
2389 2674 2537 2726 ἐστιν
2562 2671 2592 2722 0
2619 2667 2852 2742 Χριστὸς
2871 2664 2992 2735 οὐχὶ
3017 2662 3182 2734 μόνην
3221 2661 3320 2732 τὴν
3349 2659 3443 2712 ἐπὶ
3470 2655 3563 2711 τὸν
3601 2653 3811 2727 Ἰησοῦν

2227 2765 2526 2822 κατάϐασιν
2562 2761 2658 2815 τοῦ
2687 2759 3024 2824 Πνεῦματος,
3064 2754 3202 2809 ἀλλὰ
3232 2754 3369 2825 πρὸς
3407 2755 3472 2823 τῇ
3509 2748 3812 2804 καταϐάσει

2227 2860 2324 2931 τὴν
2362 2860 2419 2910 ἐν
2461 2853 2612 2925 αὐτῷ
2659 2853 2846 2924 μονήν.
2893 2849 3206 2920 Γέγραπται
3251 2845 3360 2917 γὰρ
3395 2842 3671 2931 εἰρηκέναι
3717 2841 3811 2894 τὸν

2240 2929 2511 3020 Ἰωάννην,
2554 2949 2637 3001 ὅτι
2690 2965 2708 2997 ι
2793 2944 2852 2996 '0
2905 2941 3127 3011 πέμψας
3183 2955 3250 3010 με
3295 2935 3576 3008 βαπτίζειν
3622 2929 3805 2986 εἶπενο

2240 3041 2354 3110 Ἐφ’
2381 3040 2440 3092 ὃν
2467 3038 2533 3092 ἂν
2571 3036 2685 3110 ίδῃς
2709 3035 2770 3089 τδ
2794 3032 3018 3104 Πνεῦμα
3039 3029 3364 3085 καταϐαῖνον
3396 3029 3490 3083 κα)⁵
3521 3028 3681 3099 μένον
3720 3024 3809 3080 ἐπ’

547 3144 668 3198 xit:
700 3143 874 3213 Super
915 3159 1073 3214 quem
1109 3118 1322 3200 videris,
1367 3143 1632 3215 Spiritum
1683 3118 2123 3205 descendentem,

2231 3130 2413 3193 αὐτὸν,
2457 3122 2609 3191 οὗτός
2651 3129 2800 3179 ἐστιν
2839 3126 2868 3178 0
2914 3119 3189 3193 βαπτίζων
3237 3122 3296 3174 ἐν
3350 3118 3630 3188 Πνεῦμα-ξι
3669 3118 3814 3188 ἁγίῳ

546 3246 604 3290 et
628 3246 932 3292 manentem
957 3251 1122 3307 super
1143 3252 1288 3302 eum,
1321 3237 1408 3292 hic
1429 3245 1513 3291 est
1536 3237 1624 3306 qui
1650 3237 1889 3306 baptizat
1919 3238 1970 3291 in
2009 3236 2125 3306 Spi-

547 3334 658 3384 ritu
684 3339 738 3383 et
765 3329 942 3400 igne“.
977 3349 996 3381 ι
1029 3328 1146 3384 Non
1171 3329 1316 3384 enim
1350 3329 1571 3392 dicitur,
1611 3347 1630 3380 ι
1659 3329 1835 3398 Super
1859 3343 2019 3396 quem
2052 3329 2125 3382 vi-

547 3422 694 3478 deris
715 3420 977 3492 Spiritum
1006 3423 1425 3478 descendentem
1448 3440 1468 3474 ι
1501 3420 1696 3483 solum,
1730 3421 1872 3490 quod
1899 3419 2126 3475 fortasse

547 3514 712 3568 etiam
746 3514 812 3568 ad
851 3514 987 3569 alios
1020 3514 1136 3584 ipse
1171 3514 1564 3580 descenderet,
1601 3513 1694 3568 sed
1740 3531 1758 3565 ι
1789 3513 2126 3568 descenden-

551 3616 655 3659 tem
695 3616 750 3661 et
785 3618 1092 3663 manentem
1140 3622 1303 3677 super
1333 3608 1530 3676 ipsum.
1562 3625 1582 3660 ι
1623 3605 1746 3661 Haec
1770 3615 1950 3660 autem
1986 3604 2124 3660 mul-

550 3706 661 3750 tum
685 3713 749 3751 ac
776 3697 866 3752 diu
889 3701 1200 3753 examinata
1231 3712 1360 3753 sunt
1384 3699 1538 3753 nobis
1564 3699 1776 3769 planius
1800 3707 1850 3752 et
1882 3698 2125 3768 apertius

549 3791 736 3845 videre
773 3793 1079 3849 volentibus
1105 3835 1120 3860 ,
1157 3796 1446 3864 quomodo,
1492 3795 1538 3848 si
1586 3793 1772 3846 omnia
1819 3805 1916 3861 per
1949 3791 2125 3861 ipsum

551 3885 696 3938 facta
729 3894 878 3949 sunt,
922 3885 1162 3956 Spiritus
1190 3888 1353 3940 etiam
1389 3900 1489 3954 per
1522 3884 1761 3940 Verbum
1799 3883 1975 3938 factus
1999 3892 2082 3936 est
2106 3921 2123 3946 ,

548 3976 644 4044 qui
683 3993 785 4031 una
819 3992 885 4030 ex
931 3977 1096 4032 rebus
1143 3977 1496 4032 inferioribus
1545 3991 1611 4031 eo
1653 3991 1750 4046 per
1796 3975 1938 4045 quod
1969 3973 2127 4027 facta:

549 4076 701 4130 sunt,
756 4068 1086 4138 intelligatur
1112 4109 1127 4134 ,
1169 4068 1383 4123 etiamsi
1435 4069 1598 4122 verba
1650 4067 1896 4136 quaedam
1927 4080 2028 4120 nos
2071 4064 2125 4117 in

550 4157 882 4212 contrariam
909 4168 1118 4228 partem
1151 4160 1370 4214 trahere
1399 4159 1705 4212 videantur.
1739 4156 1894 4224 Quod
1928 4157 1972 4209 si
2005 4157 2127 4225 quis

551 4248 909 4306 Hebraeorum-
941 4252 1294 4324 Evangelium
1342 4252 1603 4324 proferat,
1635 4253 1688 4306 in
1727 4266 1834 4320 quo
1867 4250 2126 4305 Servator

548 4341 665 4409 ipse
713 4341 825 4397 haec
856 4343 1019 4398 dicit:
1051 4343 1167 4417 64
1200 4364 1218 4396 ι
1248 4344 1407 4400 Modo
1439 4344 1650 4414 accepit
1687 4357 1772 4397 me
1811 4351 1985 4397 mater
2008 4356 2125 4394 mea

549 4441 770 4488 sanctus
799 4435 1059 4505 Spiritus,
1106 4451 1214 4492 uno
1266 4437 1586 4507 capillorum
1633 4448 1878 4490 meorum
1903 4473 1920 4497 ,
1951 4445 2006 4489 et
2040 4449 2127 4490 me

2231 3221 2326 3276 καὶ
2371 3220 2524 3291 πυρί.
2568 3238 2586 3269 ι
2622 3218 2698 3271 Οὐ
2728 3216 2838 3288 γάρ
2880 3214 3117 3282 λέγεται,
3160 3230 3179 3264 ι
3241 3211 3355 3280 Ἐφ’
3383 3211 3440 3263 0v
3483 3209 3548 3263 ἂν
3593 3210 3709 3282 ἴδῃς
3749 3210 3814 3262 τὸ

2232 3313 2457 3384 Πνεῦμα
2498 3310 2842 3372 καταϐαῖνον,
2873 3326 2892 3358 ι
2943 3305 3122 3378 μόνον,
3174 3304 3316 3374 τάχα
3359 3304 3454 3356 καὶ
3499 3303 3585 3354 ἐπ’
3620 3299 3814 3364 ἄλλους

2232 3402 2667 3472 καταϐεϐηκότος
2699 3399 2887 3460 αὐτοῦ,
2919 3397 3054 3451 ἀλλὰ
3081 3415 3101 3448 ι
3148 3394 3496 3458 καταϐαῖνον,
3527 3393 3622 3446 καὶ
3649 3391 3810 3462 μένον

2233 3499 2318 3550 ἐπ’
2349 3495 2529 3550 αὐτόν.
2560 3513 2578 3546 ι
2610 3491 2793 3547 Ταῦτα
2818 3491 2876 3545 δέ
2911 3488 3142 3544 ἐπιπολὺ
3165 3489 3452 3559 ἐξήτασται
3481 3485 3814 3555 σαφέστερον

2236 3589 2361 3642 ἰδεῖν
2401 3586 2745 3658 βουλομένοις
2772 3583 2912 3648 πῶς,
2950 3584 2999 3635 εί
3045 3581 3228 3634 πάντα
3268 3580 3335 3632 δι’
3362 3579 3526 3633 αὐτοῦ
3568 3577 3808 3646 ἐγένετο,

2233 3679 2328 3733 καὶ
2354 3679 2413 3732 τὸ
2439 3677 2663 3748 Πνεῦμα
2698 3675 2786 3729 διὰ
2831 3673 2924 3728 τοῦ
2963 3673 3136 3742 Λόγου
3182 3675 3418 3742 ἐγένετο,
3451 3671 3508 3724 ἓν
3535 3669 3640 3723 τῶν
3672 3669 3810 3722 πάν-

2233 3785 2339 3824 των
2368 3768 2631 3838 τυγχάνον
2666 3764 3071 3836 ὑποδεεστέρων
3112 3764 3206 3817 τοῦ
3243 3762 3352 3834 (28)
3391 3762 3458 3814 δι’
3489 3753 3550 3814 οῦ
3596 3760 3814 3827 ἐγένετο

2231 3862 2542 3932 νοούμενον,
2583 3861 2632 3912 εἰ
2662 3859 2755 3912 καὶ
2792 3857 2966 3921 λέξεις
2998 3856 3142 3920 τινὲς
3170 3856 3442 3926 περισπᾷν
3471 3854 3618 3924 ἡμᾶς
3643 3853 3723 3914 είς
3751 3850 3814 3904 τὸ

2235 3953 2482 4010 ἐναντίον
2520 3949 2788 4006 δοκοῦσιν.
2849 3950 2977 4005 Ἐάν
3021 3949 3078 4002 δὲ
3120 3947 3404 4019 προσίεταί
3452 3963 3536 4009 τις
3582 3945 3644 3997 τὸ
3689 3941 3812 3998 καθ’

2245 4047 2529 4118 Ἐϐραίους
2560 4043 2912 4112 Εὑαγγέλιον,
2945 4041 3073 4095 ἔνθα
3107 4041 3265 4104 αὐτὸς
3307 4041 3336 4091 0
3363 4039 3557 4110 Σωτήρ
3603 4053 3770 4108 φησιν
3793 4051 3808 4066 ·

2239 4158 2258 4192 ι
2299 4141 2458 4210 Ἀρτι
2482 4138 2640 4191 ἔλαϐέ
2671 4155 2739 4210 με
2762 4139 2796 4208 ή
2827 4137 3010 4208 μήτηρ
3046 4152 3148 4206 μου
3176 4133 3238 4187 τὸ
3278 4133 3433 4201 ἆγιον
3483 4129 3707 4200 Πνεῦμα
3751 4129 3811 4182 ἐν

2238 4243 2337 4313 μιᾷ
2368 4240 2476 4293 τῶν
2499 4241 2700 4311 τριχῶν
2737 4255 2862 4310 μου,
2893 4239 2987 4290 καὶ
3020 4236 3292 4305 ἀπένεγκέ
3342 4252 3410 4306 με
3450 4236 3529 4298 είς
3577 4233 3639 4287 τὸ
3687 4233 3811 4304 ὅρος

2233 4341 2295 4394 τὸ
2327 4341 2468 4412 μέγα
2501 4337 2730 4410 Θαϐὡρ’
2773 4357 2790 4388 ›
2825 4337 3162 4408 ἐπαπορήσει
3209 4335 3326 4399 πῶς
3358 4337 3538 4406 μήτηρ
3568 4328 3808 4405 Χριστοῦ

2233 4435 2296 4488 τὸ
2333 4433 2422 4486 διὰ
2446 4431 2541 4485 τοῦ
2591 4431 2766 4500 Λόγου
2805 4428 3173 4500 γεγενημένον
3214 4426 3441 4497 Πνεῦμα
3478 4427 3629 4494 ἆγιον
3673 4421 3812 4477 εἶναι

577 4543 582 4548 ’
619 4547 642 4579 ⁸
673 4547 833 4604 ίΙειιτ.
866 4565 928 4615 ιι,
972 4550 1025 4605 9.
1103 4553 1124 4583 °
1147 4550 1280 4607 Luc.
1317 4567 1399 4614 ιιι,
1426 4552 1520 4607 22.
1594 4551 1614 4582 "
1641 4549 1797 4605 Joan.
1825 4567 1864 4614 ι,
1891 4550 1980 4606 52.
2055 4551 2078 4582 ⁸
2107 4550 2248 4606 ibid.‘

623 4664 830 4742 (25)_"H
867 4664 1021 4742 τάχα
1055 4666 1187 4742 ἐστι
1231 4667 1351 4742 καὶΔ
1375 4665 1550 4742 τοῦτο
1586 4665 1800 4728 εἰπεῖν,
1837 4674 1946 4722 etc.
1984 4663 2128 4718 Mor-

2235 4664 2353 4742 dice
2375 4662 2544 4731 Regio
2567 4661 2788 4742 legitur,
2817 4658 2883 4742 ἒχ
2901 4658 3010 4712 τῶν
3052 4657 3269 4711 πάντων
3303 4657 3586 4742 τυχχάνων
3619 4655 3813 4742 01:065-

559 4737 630 4792 tis
658 4737 857 4805 quippe
883 4737 1084 4791 Christi
1123 4737 1447 4792 beneﬁcium
1476 4739 1542 4789 ad
1575 4746 1788 4791 creatas
1830 4751 1918 4789 res
1939 4750 2131 4790 omnes

553 4807 830 4932 “eminere
869 4808 1060 4874 voluit,
1094 4818 1153 4861 ut
1199 4810 1250 4862 in
1293 4806 1634 4876 Origenianis
1665 4807 2128 4862 demonstramus.

607 4892 818 4932 uerius.

607 4892 818 4932 υιιτιυε.

554 4949 598 5017 ‘__
627 4947 740 5016 (⁸24)
769 4948 1038 5003 ,Ἦιντινα
1071 4947 1396 5017 ὑπομένειν
1456 4949 1528 5001 οὐ
1588 4945 1951 5015 δυνάμενον,
2015 4953 2124 4998 etc.

555 5015 788 5089 Humani
840 5023 1058 5088 generis
1108 5015 1408 5089 redemptio
1457 5018 1654 5072 Filium
1686 5017 2128 5089 quidem__potius

554 5103 718 5158 quam
743 5085 1002 5158 Spiritum
1041 5085 1571 5153 sanctum-decebat,
1602 5098 1662 5140 ut
1692 5085 1852 5141 ducet
1891 5085 2130 5138 Thomas

555 5157 609 5228 ιι.
648 5173 729 5222 ιιι,
753 5157 808 5227 ιι.
841 5159 894 5224 5,
925 5169 1028 5212 art.
1067 5161 1120 5214 8.
1167 5159 1405 5229 Uterque
1433 5168 1613 5213 autem
1666 5159 1718 5211 id
1764 5157 2008 5210 muneris
2035 5169 2132 5224 pa-

557 5230 938 5299 riterexsequi
969 5240 1205 5299 poterat.
1239 5231 1313 5283 In.

593 5367 603 5379 ο
628 5298 739 5369 (25)
775 5292 940 5352 Recte
961 5292 1128 5379 codex
1155 5299 1482 5354 Bodleianus
1505 5297 1824 5369 περιστερά,
1863 5293 2000 5348 male
2023 5292 2122 5348 Be-

554 5371 675 5438 gins
695 5386 761 5440 πε
772 5371 1010 5440 ριστερᾷ.

629 5439 740 5508 (26)
771 5438 1194 5507 Πεπόιῂκότος.
1221 5438 1365 5507 Lege
1396 5438 1716 5508 πεποιηκός.

629 5507 741 5580 (‘27)
772 5513 1102 5578 Σημαίνων.
1136 5511 1276 5579 Lege
1304 5507 1594 5580 σημαίνει,
1617 5519 1710 5561 aut
1733 5507 1777 5561 si
1805 5519 1992 5562 servas
2100 5534 2126 5544 -

629 5579 791 5627 ιίνων-
827 5582 972 5627 aliud
1002 5582 1221 5627 verlmm
1262 5580 1450 5627 sulmle
1477 5579 1619 5627 (ιιιοά
1653 5587 1806 5627 regal.
1841 5577 1963 5627 οὑγὶ
2026 5520 2126 5627 :3-

563 5577 791 5648 μαίνων,
827 5582 972 5635 aliud
1002 5577 1234 5635 verbunr
1262 5577 1450 5648 supple
1477 5579 1619 5646 quod
1653 5587 1806 5648 regat
1841 5577 1963 5646 οὐχὶ
2025 5593 2064 5646 μ

557 5648 780 5721 νηνλτὴν
810 5652 901 5703 ἐπὶ
919 5651 1010 5704 τὸν
1054 5650 1259 5721 Ἰησοῦν
1290 5649 1607 5721 κατάϐασιν,
1635 5659 1742 5703 etc.

630 5715 749 5798 (ﬁsi
779 5722 883 5798 Ἐν
906 5721 1023 5774 τῶν
1066 5715 1307 5798 πάντων
1352 5719 1664 5798 τυγχάνον
1684 5715 2134 5798 ἠποδεεστέρων

557 5788 686 5854 τοῦ,
721 5788 827 5846 etc.
854 5791 931 5847 Ita
959 5804 1110 5849 recte
1139 5794 1306 5848 habet
1333 5788 1501 5848 codex
1536 5789 1903 5855 Bodleianus;
1954 5788 2006 5843 in
2041 5803 2132 5843 co-

2235 4729 2482 4806 és1epov:
2513 4729 2643 4794 τοῦ,
2673 4730 2972 4806 _e_lc.__Qu:e
2999 4738 3178 4806 ferte
3215 4729 3502 4806 manifesto
3551 4729 3811 4806 mendosa

2236 4796 2386 4858 snnt'.
2425 4803 2563 4856 Nam
2596 4802 2724 4870 quid
2771 4796 2876 4854 sibi
2931 4798 3091 4853 vellet
3141 4796 3632 4870 Origenes,ginqnit
3665 4796 3813 4870 Hue-

2235 4875 2363 4939 tius,
2397 4874 2439 4928 si
2477 4867 2774 4941 Spiritum”
2799 4880 3050 4941 sanctum
3085 4885 3252 4922 unum
3292 4883 3323 4941 e
3360 4867 3526 4941 rebus
3557 4869 3812 4921 omnibus

2232 4937 2357 5014 qua:
2383 4959 2410 4998 a
2444 4937 2607 4998 Patre
2651 4950 2708 4995 el.
2739 4940 2882 4995 Filio
2924 4940 3131 5014 habent
3166 4946 3225 4992 ul.
3265 4939 3394 5014 sint,
3434 4937 3700 5014 minorem
3745 4952 3812 5014 eo

2232 5005 2352 5087 esse
2380 5014 2691 5087 scripsisset
2724 5027 2752 5064 a
2778 5022 3000 5087 qno_est
3025 5009 3385 5087 ?_Legendum
3401 5019 3544 5087 ergo
3571 5024 3582 5058 :
3616 5005 3674 5058 ἓν
3701 5006 3812 5061 τῶν

2234 5084 2452 5137 πάντων
2490 5075 2756 5153 τυγχάνον
2789 5075 3212 5150 ὑποδεεστέρων,
3243 5088 3350 5153 etc.
3390 5075 3638 5153 Spiritus
3691 5092 3811 5131 san-

2236 5166 2358 5209 ctus
2384 5170 2486 5208 una
2517 5148 2691 5208 estex
2721 5152 2788 5206 iis
2824 5155 2989 5204 rebus
3016 5148 3137 5218 quae
3157 5165 3221 5204 eo
3244 5148 3536 5202 inferiores
3559 5157 3685 5218 sunt
3714 5161 3812 5218 per

2238 5226 2382 5292 quod
2415 5233 2559 5278 sunt.
2603 5221 2759 5288 Quod
2810 5229 2992 5275 autem
3026 5215 3308 5292 _'Spiritu_m
3331 5225 3602 5292 sanctum
3630 5215 3811 5292 Verbo

2241 5285 2510 5348 minorem
2545 5285 2756 5352 statuit,
2791 5285 3227 5344 consentientem
3257 5287 3420 5342 habet
3450 5285 3808 5340 Athanasium

2234 5375 2374 5419 orat.
2402 5365 2438 5417 ‘2
2467 5365 2680 5416 Advers.
2712 5361 2940 5424 Ariagne:
2967 5375 2985 5412 :
3017 5357 3254 5424 Τοιαῦτα
3283 5357 3380 5424 μὲν
3402 5352 3503 5424 οῦνΔ
3527 5357 3644 5424 τοῖς
3683 5356 3808 5424 Ἰου⁹

2230 5431 2395 5506 δαίοις
2415 5428 2489 5506 Co;
2511 5425 2793 5506 ἄνθρωπος
2826 5423 3008 5506 ξλεγεν
3028 5424 3057 5475 0
3073 5419 3306 5506 μύριος·
3329 5422 3442 5506 Eoi;
3461 5420 3517 5506 δέ
3543 5419 3812 5506 μαθηταῖς

2231 5499 2328 5568 τὴν
2352 5489 2634 5568 ,Θεότηταζ
2665 5493 2761 5568 καλἶ
2798 5495 2896 5568 τὴν
2929 5489 3323 5568 μεγαλειότητα
3343 5491 3558 5568 δεικνῦς
3579 5489 3807 5568 λέαῦτρῦ,

2099 5605 2126 5614 -
2233 5559 2416 5622 οῦκέτι
2451 5559 2712 5618 ἐλάττονα
2745 5559 2941 5615 ἑαυτὸν
2963 5559 3056 5614 τοῦ
3095 5559 3430 5630 Πνεύματος.
3468 5559 3603 5630 ἀλλά
3631 5559 3811 5630 μείζο-

2235 5655 2321 5692 να.
2353 5637 2447 5689 καὶ
2483 5635 2596 5687 ίσον
2637 5633 2763 5685 ὄντα
2798 5631 3111 5702 σημαίνων,
3142 5628 3315 5702 ἐδίδου
3367 5629 3465 5699 μὲν
3497 5629 3568 5702 τὸ,
3589 5628 3810 5702 Πνεῦμα

2237 5705 2333 5760 καὶ
2361 5705 2512 5772 ἔλεγε
2534 5719 2548 5733 ·
2585 5720 2603 5752 ι
2635 5697 2943 5772 Λάϐετετὸ
2967 5701 3192 5772 Πνεῦμα
3223 5697 3407 5772 ἆγιονξ
3440 5717 3459 5772 ι
3490 5701 3584 5772 καὶ
3615 5717 3634 5750 ι
3669 5697 3812 5765 Ἐγὼ

2239 5774 2370 5830 αὐτὸ
2396 5768 2709 5829 ἀποστέλλω
2727 5791 2739 5802 ·
2778 5791 2798 5826 ι
2833 5772 2923 5826 καί
2945 5789 2958 5804 ·
2997 5789 3017 5824 ι
3055 5768 3289 5835 Ἐκεῖνος
3313 5770 3412 5840 ἐμὲ
3435 5768 3666 5836 δοξάσει.
3692 5787 3712 5820 ι
3736 5793 3802 5810 --
