4174 6434
317 367 332 378 ”
355 350 387 423 Ἰ
400 366 471 423 33

1455 351 1818 412 COMMENT.
1854 350 1922 406 IN
1954 348 2148 406 JOAN.
2190 348 2432 407 TOMUS
2470 349 2536 406 11.

3520 351 3622 406 154

361 481 612 535 δύναται.
659 477 847 532 Ταῦτα
881 477 937 531 δὲ
972 475 1068 530 καὶ
1099 475 1268 529 τοῦτο·
1295 473 1356 526 οὐ
1391 474 1626 544 χαλεπὸν
1676 471 1938 543 ἑρμηνεῦ-

2049 470 2104 526 in
2138 479 2375 524 montem
2409 481 2664 538 magnum
2694 466 2912 520 Tbahor
2937 466 3202 536 portavit;
3233 485 3251 519 ι
3282 466 3326 523 is
3357 466 3626 523 dubitabit

359 591 474 627 σαι.
511 573 572 625 Εί
606 570 716 642 γὰρ
740 572 769 623 ό
799 568 968 622 ποιῶν
989 567 1050 620 τὸ
1079 566 1290 637 θέλημα
1325 563 1436 633 (9.9)
1470 563 1565 616 τοῦ
1595 563 1809 631 Πατρὺς
1846 562 1939 616 τοῦ

358 666 419 718 ὲν
442 666 554 726 τοῖς
579 663 831 734 οὐρανοῖς
863 659 1090 728 ἀδελφὸς
1111 659 1204 711 καὶ
1232 656 1433 727 ἀδελφὴ
1466 658 1558 710 και
1588 657 1770 726 μήτηρ
1793 655 1942 708 ἐστὶν

357 755 548 818 αὐτοῦ,
580 753 675 807 καὶ
703 753 894 822 φθάνει
921 752 982 804 τὸ
1011 749 1239 817 ἀδελφὸς
1278 747 1512 820 Χριστοῦ
1555 747 1724 817 ὄνομα
1754 748 1813 799 οὐ
1848 747 1944 817 μό-

357 861 450 899 νον
470 843 562 897 sui.
598 842 660 895 τὸ
691 840 801 894 τῶν
849 837 1150 910 ἀνθρώπων
1193 837 1372 905 γένος,
1423 834 1558 889 ἀλλὰ
1605 836 1700 888 καὶ
1743 836 1835 888 ἐπὶ
1875 835 1944 888 τὰ

355 935 548 990 τούτου
582 933 862 1003 θειότεραο
896 932 1047 984 οὐδὲν
1084 931 1282 985 ἄτοπον
1334 928 1488 984 ἕσται
1532 928 1729 988 μᾶλλον
1763 927 1945 998 πάσης

357 1024 807 1098 χρηματιζούσης
840 1021 1044 1094 μητρὸς
1075 1019 1310 1092 Χριστοῦ
1344 1021 1433 1074 διὰ
1464 1020 1526 1073 τὸ
1568 1023 1740 1074 ποιεῖν
1768 1021 1828 1073 τὸ
1854 1019 1944 1072 θέ-

357 1119 511 1190 λημα
555 1115 650 1169 τοῦ
695 1116 755 1168 ἐν
793 1117 905 1178 τοῖς
949 1114 1198 1185 οὐρανοῖς
1250 1111 1569 1183 Πατρὸς,τδ
1615 1110 1839 1180 Πνεῦμα
1883 1109 1945 1162 τὸ

357 1208 515 1275 ἅγιον
549 1202 689 1260 εἶναι
746 1204 980 1276 μητέρα.
1021 1204 1140 1256 Ἔτι
1165 1203 1245 1266 είς
1275 1203 1366 1256 τό·
1406 1221 1424 1252 ι
1463 1202 1648 1255 Πάντα
1675 1201 1740 1254 δι’
1779 1197 1944 1252 αὑτοῦ

355 1301 600 1370 ἐγένετο,
638 1318 656 1350 ι
695 1298 791 1352 καὶ
821 1297 994 1350 ταῦτα
1029 1295 1308 1367 ζητητέον.
1349 1297 1426 1366 Τῇ
1468 1295 1679 1365 ἐπινοίᾳ
1712 1296 1740 1347 ό
1773 1294 1946 1362 Λόγος

355 1393 546 1465 ἕτερός
596 1393 713 1446 ἐστι
760 1389 914 1462 παρὰ
962 1389 1061 1460 τὴν
1110 1389 1276 1460 ζωὴν,
1319 1390 1414 1442 καὶ.
1451 1408 1468 1438 ι
1505 1389 1534 1441 ὃ
1566 1387 1787 1457 γέγονεν
1827 1389 1884 1441 ὲν
1919 1405 1938 1438 ι

353 1484 440 1556 τῷ
465 1484 623 1553 Λόγῳ
655 1503 674 1534 ‹
723 1482 835 1554 ζωὴ
863 1478 951 1554 ἦν,
986 1482 1079 1534 καὶ
1118 1480 1231 1552 ζωὴ
1261 1478 1329 1553 ἦν
1361 1482 1419 1535 τὸ
1451 1481 1565 1549 φῶς
1595 1481 1705 1534 τῶν
1739 1478 1946 1551 ἀνθρώ-

354 1593 500 1629 πων.
537 1595 556 1627 ι
583 1571 710 1647 ’Ἆρ’
741 1571 857 1639 οὖν,
891 1575 967 1638 ὡς
998 1574 1174 1627 πάντα
1199 1573 1266 1626 δι’
1299 1573 1462 1626 αὐτοῦ
1492 1573 1726 1641 ἐγένετο,
1768 1572 1863 1624 καὶ
1909 1572 1944 1640 ἡ

357 1669 477 1740 ζωὴ
507 1668 574 1722 δι’
599 1668 765 1722 αὐτοῦ
793 1668 1042 1737 ἑγένετο;
1069 1667 1190 1738 ἥτις
1219 1667 1418 1738 ἔστιτὸ
1453 1666 1567 1736 φῶς
1593 1664 1700 1719 τῶν
1731 1665 1944 1737 ἀνθρώ-

353 1776 502 1823 πων,
548 1760 643 1813 καὶ
685 1761 743 1814 αἱ
789 1760 945 1815 ἄλλαι
986 1759 1081 1814 τοῦ
1132 1761 1382 1832 Σωτῆρος
1426 1759 1690 1813 ἐπίνοιαι·
1743 1757 1776 1828 ἢ
1822 1758 1944 1812 καθ’

2043 564 2134 633 qui
2187 561 2427 632 Spiritus
2473 568 2728 624 sanctus,
2766 559 2858 628 qui
2916 575 3015 628 per
3046 559 3283 614 Verbum
3320 560 3493 614 factus
3517 571 3623 623 est,

2047 661 2224 710 mater
2249 652 2446 706 Christi
2479 664 2603 706 esse
2653 651 2842 718 possit.
2874 649 2979 703 Sed
3036 650 3152 703 haec
3184 659 3348 719 atque
3377 651 3480 703 hoc
3515 665 3624 704 non

2044 754 2129 801 est
2157 743 2374 798 dillicile
2408 741 2778 811 interpretari.
2813 741 2868 795 Si
2901 741 3045 794 enim
3080 740 3124 794 is
3154 741 3244 810 qui
3277 740 3407 794 facit
3434 741 3626 794 volun-

2046 847 2214 894 tatem
2245 835 2424 891 Patris
2455 837 2545 904 qui
2581 836 2633 889 in
2663 833 2815 890 caelis
2843 841 2945 900 est,
2978 833 3096 900 ejus
3144 842 3228 887 est
3255 841 3308 886 et
3351 833 3538 895 frater,
3571 844 3627 887 ct

2045 942 2228 989 soror,
2258 936 2314 981 et
2355 934 2530 981 mater
2549 925 2606 991 ⁹;
2647 935 2702 978 ει
2741 923 2927 978 fratris
2953 923 3156 978 Christi
3186 937 3378 977 nomen
3407 940 3511 978 non
3539 939 3627 979 so-

2045 1020 2152 1074 lum
2183 1019 2251 1074 ad
2280 1033 2452 1088 genus
2481 1017 2756 1071 hominum
2789 1016 2956 1079 venit,
2990 1015 3084 1070 sed
3112 1017 3275 1069 etiam
3306 1015 3372 1070 ad
3411 1030 3472 1069 ea
3503 1031 3626 1085 quae

2044 1126 2110 1166 eo
2142 1108 2407 1163 diviniora
2447 1113 2592 1168 sunt,
2637 1104 2769 1159 nihil
2801 1103 2913 1171 jam
2945 1102 3237 1157 absurdum
3274 1103 3626 1171 alienumque

2046 1200 2171 1266 erit,
2206 1199 2325 1268 plus
2359 1198 2522 1253 etiam
2554 1210 2718 1266 quam
2772 1210 2868 1249 eos
2908 1197 3000 1263 qui
3050 1195 3191 1263 quod
3227 1193 3403 1248 Patris
3434 1194 3529 1262 qui
3567 1193 3620 1247 in

2046 1300 2202 1355 caelis
2231 1307 2315 1353 est
2358 1297 2694 1351 voluntatem
2731 1295 2958 1359 faciant,
2998 1293 3198 1350 Christi
3235 1304 3406 1348 mater
3434 1295 3622 1366 appel.

2045 1389 2245 1455 lantur,
2283 1396 2514 1442 matrem
2563 1401 2684 1441 esse
2732 1395 2980 1440 sanctum
3034 1381 3345 1456 Spiritum.]
3386 1385 3464 1439 Ad
3507 1386 3624 1440 haec

2045 1495 2352 1552 quaeramus
2388 1488 2602 1549 oportet
2640 1488 2696 1534 et
2727 1478 2814 1532 illa
2869 1478 2920 1531 in
2958 1477 3064 1531 hoc
3091 1477 3337 1531 dictum:
3377 1497 3395 1529 ι
3425 1477 3622 1532 Omnia

2044 1589 2141 1643 per
2175 1573 2348 1644 ipsum
2382 1572 2525 1626 facta
2579 1580 2724 1625 sunt.
2759 1589 2778 1622 ι
2816 1568 3010 1624 Sermo
3053 1567 3424 1623 intellectione
3451 1566 3621 1622 animi

2046 1665 2186 1719 alius
2219 1671 2303 1717 est
2333 1677 2363 1715 a
2392 1661 2524 1725 vita,
2559 1670 2613 1715 et
2647 1677 2665 1708 ι
2693 1659 2836 1727 quod
2873 1657 3072 1712 factum
3100 1667 3182 1712 est
3212 1658 3262 1711 in
3297 1677 3315 1710 ι
3358 1657 3623 1713 Sermone

2053 1774 2072 1807 r
2104 1754 2212 1808 vita
2243 1759 2384 1818 erat,
2415 1760 2470 1805 et
2492 1751 2601 1803 vita
2629 1759 2744 1802 erat
2773 1748 2863 1801 lux
2891 1746 3170 1802 hominum
3203 1747 3266 1801 ¹⁰.
3301 1767 3320 1800 ι
3352 1749 3432 1802 An
3459 1748 3622 1817 igitur

358 1850 713 1922 ὑπεξαίρεσιν
729 1850 837 1904 τῶν
864 1853 922 1903 ὲν
950 1849 1098 1921 αὐτῷ
1123 1851 1340 1922 νοητέον
1360 1850 1438 1902 τό·
1462 1869 1483 1900 1
1527 1849 1711 1902 Πάντα
1748 1848 1814 1900 δι’
1842 1848 1938 1901 αὑ-

2045 1853 2100 1898 υι
2130 1843 2308 1898 omnia
2354 1857 2451 1911 per
2480 1841 2656 1910 ipsum
2700 1837 2844 1893 facta
2887 1844 3034 1901 sunt,
3063 1835 3141 1891 sic
3180 1837 3345 1892 etiam
3378 1838 3484 1890 vita
3524 1852 3623 1907 per

351 1943 453 1997 τοῦ
481 1944 696 2012 ἐγένετο
718 1960 732 2005 ς
764 1963 782 1994 ι
814 1945 950 2016 ὅπερ
965 1944 1112 1997 δοκεῖ
1134 1962 1222 2014 μοι
1247 1941 1386 1998 εἶναι
1405 1947 1667 2013 κρεῖττον.
1691 1943 1808 1996 Ἵνα
1830 1941 1938 2014 γὰρ

2042 1935 2215 2005 ipsum
2243 1934 2384 1989 facta
2416 1944 2519 1998 est,
2552 1947 2674 2001 qua:
2701 1940 2783 1986 est
2807 1929 2898 1984 lux
2929 1928 3232 1994 hominum,
3262 1939 3315 1983 et
3345 1929 3464 1983 alia:
3493 1929 3622 1982 Ser-

354 2035 686 2107 συγχωρηθῇ
726 2035 814 2089 διὰ
840 2035 932 2088 τοῦ
959 2037 1242 2105 γεγονέναι
1275 2037 1373 2107 τὴν
1407 2036 1550 2108 ζωὴν
1599 2034 1660 2088 τὸ
1690 2033 1804 2104 φῶς
1831 2034 1938 2087 τῶν

2041 2025 2246 2080 vatoris
2285 2024 2720 2079 intellectiones:
2754 2022 2837 2077 vel
2888 2022 3070 2077 omnia
3116 2037 3214 2090 per
3256 2023 3432 2090 ipsunt
3474 2021 3620 2076 facta

353 2129 681 2200 ἀνθρώπων,
703 2129 754 2182 τί
781 2128 998 2182 λεκτέον
1016 2129 1145 2200 περὶ⁸
1176 2129 1275 2199 τῆς
1308 2127 1803 2199 προεπινοουμένης
1829 2123 1938 2196 ('50)

2045 2115 2212 2170 fuisse
2242 2114 2547 2184 intelligere
2569 2127 2707 2182 opus
2733 2120 2836 2176 est,
2861 2110 3122 2166 detractis
3150 2111 3236 2165 his
3263 2125 3384 2180 qua!
3415 2110 3466 2164 in
3500 2110 3621 2179 ipso

352 2219 454 2274 τοῦ
487 2221 661 2288 Λόγου
690 2219 917 2289 σοφίας;
949 2220 1023 2273 Οὐ
1053 2220 1161 2292 γάρ
1192 2219 1363 2290 δήπου
1408 2220 1496 2273 διὰ
1536 2217 1628 2273 τοῦ
1666 2219 1840 2287 Λόγου
1881 2217 1944 2270 τὸ

341 2311 489 2382 ’περὶ
518 2311 609 2364 τὸν
634 2311 806 2379 Λόγον
832 2310 1123 2382 γεγένηται
1145 2326 1158 2339 ·
1193 2309 1333 2363 ὥστε
1359 2309 1528 2380 χωρὶς
1558 2307 1667 2362 τῶν
1693 2308 1939 2360 ὲπινοου-

357 2402 536 2473 μένων
568 2402 646 2473 τῷ
680 2403 921 2475 Χριστῷ,
952 2403 1132 2457 πάντα
1168 2401 1257 2455 διὰ
1293 2403 1386 2455 τοῦ
1423 2401 1598 2468 Λόγου
1648 2398 1939 2470 γεγένηται

352 2492 452 2546 τοῦ
497 2493 656 2558 Θεοῦ,
711 2496 1038 2565 ποιήσαντος
1087 2496 1145 2547 ὲν
1205 2494 1367 2564 σοφίᾳ
1399 2491 1539 2547 αὐτὰ
1573 2489 1664 2544 τοῦ
1699 2490 1936 2561 Πατρός·

359 2604 381 2635 ‹
415 2585 601 2640 Πάντα
633 2585 764 2658 γὰρ,
797 2587 982 2658 φησιν,
1011 2588 1070 2640 ὲν
1095 2586 1254 2658 σοφίᾳ
1288 2585 1570 2656 ἐποίησας,
1604 2602 1622 2635 ι
1653 2581 1715 2635 οὐ
1737 2581 1824 2635 διὰ
1847 2581 1946 2652 τῆς

355 2675 552 2745 mea;
577 2676 863 2747 ἐποίησας.

2044 2213 2207 2268 sunt?
2233 2211 2382 2279 Quod
2416 2210 2549 2265 mihi
2581 2209 2776 2264 melius
2796 2223 2918 2263 esse
2946 2208 3183 2262 videtur.
3215 2205 3286 2262 Ut
3311 2209 3455 2262 enim
3487 2223 3620 2263 con-

2039 2305 2265 2360 cedatur
2288 2305 2463 2371 ipsnm
2492 2301 2690 2355 fecisse
2719 2300 2924 2364 omnia,
2953 2314 3018 2355 eo
3051 2299 3194 2367 quod
3226 2300 3360 2364 vita,
3389 2314 3508 2369 quae
3536 2307 3622 2356 est

2039 2394 2127 2448 lux
2177 2393 2478 2455 hominum,
2532 2389 2674 2445 facta
2727 2388 2926 2454 fuerit,
2955 2389 3083 2458 quid
3116 2389 3402 2444 dicendum
3433 2391 3500 2444 de
3531 2405 3621 2444 sa-

2038 2485 2240 2557 pientia
2270 2498 2391 2553 quae
2431 2491 2556 2537 ante
2595 2481 2770 2550 ipsum
2819 2480 3138 2535 Sermonem
3191 2464 3620 2535 consideratur!

2039 2576 2175 2631 Nam
2207 2573 2450 2645 profecto
2484 2587 2581 2642 per
2606 2571 2924 2627 Sermonem
2969 2572 3168 2626 factum
3198 2587 3304 2626 non
3332 2580 3438 2635 est,
3474 2572 3619 2642 quod

2042 2663 2259 2721 excellit
2298 2662 2642 2717 Sermonem.
2699 2660 2880 2727 Quare
2916 2661 3100 2716 omnia
3148 2676 3246 2732 per
3298 2659 3616 2716 Sermonem

353 2728 528 2823 Deum
576 2728 735 2824 facta.
753 2778 897 2834 sunt,
934 2777 1134 2840 praeter
1168 2783 1231 2824 ea
1266 2784 1388 2840 qum
1416 2769 1830 2827 considerantur
1875 2770 1929 2824 in
1969 2767 2207 2830 Christo,
2237 2764 2364 2834 quia
2397 2759 2562 2818 Pater
2591 2761 2783 2816 fecerit
2810 2775 2872 2815 ea
2921 2761 2974 2814 in
3023 2760 3311 2831 sapientia,
3362 2777 3382 2811 ι
3423 2758 3618 2815 Omnia

351 2861 522 2925 enim,
547 2861 742 2931 inquit,
783 2863 838 2916 in
878 2862 1144 2931 sapientia
1176 2861 1353 2918 fecisti
1377 2864 1442 2929 ιι,
1473 2881 1492 2914 ι
1528 2877 1634 2918 non
1661 2878 1758 2933 per
1785 2861 2107 2933 sapientiam
2150 2857 2358 2913 fecisti.

433 2952 484 3006 7.
520 2952 748 3021 Ἴδωμεν
793 2952 851 3006 δὲ
879 2952 967 3006 διὰ
996 2949 1051 3006 τί
1087 2952 1409 3024 πρόσκειται
1444 2953 1538 3006 τό·
1573 2971 1593 3004 ι
1628 2953 1740 3008 Καὶ
1767 2953 1937 3025 χωρὶς

2109 2949 2163 3002 7.
2199 2945 2491 3002 Videamus
2522 2941 2688 2999 etiam
2731 2939 3084 3012 quamobrem
3127 2940 3330 2995 dictum
3361 2939 3457 3004 sit,
3497 2957 3518 2990 ‹
3549 2937 3617 2994 Ει

351 3043 526 3099 αὐτοῦ
570 3044 788 3112 ἐγένετο
835 3044 959 3098 οὐδὲ
1005 3044 1096 3099 ’ἐν’
1144 3063 1163 3096 ι
1201 3046 1312 3098 τισὶ
1350 3045 1452 3099 κᾶν
1493 3045 1640 3109 δόξαι
1689 3046 1942 3116 περιττὸν

355 3135 644 3206 τυγχάνειν
668 3135 760 3189 τό·
803 3153 822 3187 ‹
863 3135 1046 3208 Χωρὶς
1076 3134 1241 3189 αὑτοῦ
1275 3135 1491 3204 ἐγένετο
1515 3138 1636 3190 οὐδὲ
1657 3137 1735 3203 ἓν,
1774 3157 1792 3190 ι
1821 3140 1943 3192 ἐπι-

352 3225 656 3294 φερόμενον
687 3225 786 3294 τῷ·
833 3245 853 3276 ‹
904 3226 1090 3280 Πάντα
1113 3226 1178 3278 δι’
1211 3227 1374 3280 αὐτοῦ
1408 3228 1639 3296 ἐγένετο.
1687 3248 1706 3280 ι
1741 3230 1804 3282 Εί
1831 3229 1940 3301 γὰρ

353 3315 466 3368 πᾶν
491 3314 775 3368 ότιποτοῦν
807 3314 894 3368 διὰ
917 3314 1012 3368 τοῦ
1039 3316 1212 3384 Λόγου
1253 3316 1566 3387 γεγένηται,
1595 3318 1746 3372 οὐδὲν
1772 3319 1940 3389 χωρὶς

351 3405 452 3460 τοῦ
480 3406 654 3474 Λόγου
683 3407 991 3478 γεγένηται.
1017 3409 1212 3462 Οὐκέτι
1257 3409 1439 3479 μέντοι
1461 3426 1525 3476 γε
1561 3410 1842 3464 ἀκολουθεῖ
1862 3411 1939 3483 τῷ

350 3497 526 3568 χωρὶς
554 3496 646 3550 τοῦ
677 3498 850 3566 Λόγου
885 3499 1212 3569 γεγενῆσθαί
1255 3517 1307 3552 τι
1351 3500 1462 3571 (51)
1515 3498 1574 3553 τὸ
1613 3501 1789 3555 πάντα
1840 3501 1936 3556 τοῦ

349 3588 533 3657 Λόγου
576 3588 922 3659 γεγενῆσθαι.
969 3590 1184 3654 Ἔξεστι
1229 3591 1359 3663 γὰρ,
1396 3592 1607 3656 οὐδενὸς
1644 3593 1812 3664 χωρὶς
1843 3593 1938 3646 τοῦ

348 3677 529 3746 Λόγου
553 3667 939 3750 γεγενημένου,
982 3680 1055 3752 μὴ
1091 3681 1249 3752 μόνον
1301 3681 1387 3734 διὰ
1432 3681 1524 3735 τοῦ
1568 3681 1742 3750 Λόγου
1775 3698 1936 3751 γεγο-

350 3770 507 3824 νέναι
545 3771 745 3835 πάντα,
799 3772 935 3826 ἀλλὰ
981 3774 1075 3826 καὶ
1119 3773 1224 3828 ὑπὸ
1267 3772 1362 3827 τοῦ
1407 3775 1578 3842 Λόγου
1617 3775 1758 3828 τινά.
1815 3774 1936 3846 Χρὴ

359 3863 547 3916 τοίνυν
571 3863 769 3918 ειδέναι
795 3863 911 3928 πῶς
942 3865 1026 3919 δεῖ
1047 3865 1266 3919 ἀκούειν
1302 3865 1396 3918 τοῦ
1445 3865 1660 3930 πάντα,
1692 3865 1786 3920 καὶ
1819 3866 1936 3931 πῶς

349 3952 454 4008 τοῦ
507 3953 707 4008 οὐδέν.
743 3955 978 4008 Δυνατὸν
1023 3955 1238 4025 γὰρ.ὲκ
1268 3955 1361 4008 τοῦ
1411 3955 1485 4026 μὴ
1532 3955 1935 4027 τετρανωκέναι

349 4046 671 4118 ἀμφοτέρας
691 4046 789 4108 τὰς
811 4046 1364 4113 λέξεις,ὲκδέξασθαι,
1410 4047 1513 4111 ὄτι,
1549 4048 1595 4099 εί
1636 4047 1812 4101 πάντα
1846 4046 1933 4101 διὰ

348 4136 449 4190 τοῦ
475 4137 649 4205 Λόγου
672 4138 908 4206 ἐγένετο,
943 4136 1050 4190 τῶν
1071 4137 1128 4190 δὲ
1160 4137 1377 4190 πάντων
1409 4139 1526 4191 ἐστὶ
1549 4139 1644 4192 καὶ
1671 4140 1704 4210 ή
1742 4138 1931 4204 κακία,

350 4227 454 4282 καὶ
481 4229 630 4280 πᾶσα
659 4228 693 4298 ἡ
725 4226 884 4299 χύσις
912 4228 1011 4298 τῆς
1042 4227 1336 4299 ἁμαρτίας,
1372 4229 1466 4282 καὶ
1491 4229 1560 4282 τὰ
1585 4229 1816 4301 πονηρὰ,
1852 4231 1934 4283 ὅτι

2042 3039 2160 3094 sine
2213 3038 2332 3108 ipso
2364 3037 2566 3092 factum
2589 3042 2673 3090 est
2715 3033 2850 3088 nihil
2883 3033 2948 3100 ¹¹,
2980 3052 2998 3085 ι
3033 3032 3244 3088 etiamsi
3291 3032 3617 3101 quibusdam

2039 3130 2292 3185 videatur
2318 3126 2646 3197 superﬂuum
2681 3139 2804 3179 esse
2851 3124 3008 3189 illud,
3042 3143 3060 3175 ι
3098 3123 3231 3179 Sine
3262 3123 3376 3193 ipso
3408 3123 3614 3179 factum

2037 3232 2121 3278 est
2147 3223 2301 3287 nihil,
2330 3239 2350 3272 ›
2375 3219 2519 3291 quod
2544 3218 2890 3288 subiungitur
2921 3217 3006 3272 his
3037 3217 3272 3271 verbiszr
3307 3216 3497 3272 Omnia
3520 3233 3617 3286 per

2039 3313 2214 3382 ipsum
2273 3313 2418 3366 facta
2467 3317 2615 3365 sunt.
2647 3329 2666 3362 ι
2707 3309 2765 3364 Si
2809 3323 2971 3362 omne
3009 3316 3064 3361 et
3102 3307 3362 3376 quidquid
3411 3308 3617 3365 dixeris

2039 3420 2136 3474 per
2165 3403 2485 3460 Sermonem
2517 3402 2722 3456 factum
2757 3397 2879 3462 fuit,
2913 3399 3045 3453 nihil
3077 3400 3200 3454 sine
3233 3400 3496 3454 Sermone
3528 3400 3613 3453 fa-

2038 3505 2186 3553 ctum
2213 3496 2332 3561 fuit,
2368 3506 2543 3550 tamen
2571 3507 2677 3546 non
2702 3492 2967 3560 sequitur,
2999 3493 3043 3544 si
3073 3491 3191 3558 sine
3217 3491 3478 3546 Sermone
3506 3506 3613 3546 non

2037 3587 2241 3642 factum
2290 3594 2373 3640 est
2419 3585 2620 3654 aliquid
2654 3624 2669 3647 ,
2723 3583 2905 3637 omnia
2951 3597 3048 3651 per
3098 3581 3416 3637 Sermonem
3471 3583 3614 3637 facta

2037 3677 2226 3733 fuisse.
2256 3677 2386 3731 Nam
2419 3677 2536 3732 fieri
2571 3685 2749 3746 potest
2775 3687 2853 3740 ut,
2883 3691 3006 3730 cum
3040 3675 3172 3728 nihil
3203 3676 3319 3729 sine
3349 3675 3614 3730 Sermone

2037 3767 2238 3822 factum
2272 3767 2464 3831 fuerit,
2519 3781 2624 3819 non
2678 3775 2884 3819 tantum
2937 3766 3120 3819 omnia
3162 3779 3256 3834 per
3287 3763 3610 3820 Sermonem

2035 3858 2174 3913 facta
2207 3859 2338 3924 sint,
2367 3859 2460 3912 sed
2495 3858 2674 3927 aliqua
2715 3858 2892 3912 solum
2935 3857 3005 3911 ab
3052 3858 3168 3926 ipso
3203 3857 3344 3911 facta
3382 3856 3611 3912 fuerint.

2037 3949 2267 4004 Proinde
2317 3949 2691 4020 intelligamus
2742 3964 2965 4004 necesse
3004 3959 3126 4012 est,
3159 3964 3395 4018 quonam
3449 3959 3613 4018 pacto

2035 4043 2281 4112 accipere
2307 4041 2604 4096 debeamus
2645 4041 2972 4096 vocabulum
3018 4044 3222 4106 omnia,
3253 4051 3307 4095 et
3341 4045 3613 4111 quomodo

2035 4133 2352 4188 vocabulum
2387 4133 2540 4190 nihil.
2570 4133 2717 4189 Fieri
2749 4134 2896 4189 enim
2927 4140 3136 4203 potest,
3171 4133 3223 4187 ni
3277 4134 3609 4206 explanare-

2035 4225 2206 4278 rimus
2235 4234 2497 4292 utrasque
2523 4225 2786 4280 dictiones
2806 4264 2820 4288 ,
2855 4225 2898 4279 si
2932 4226 3115 4278 omnia
3164 4239 3261 4294 per
3288 4225 3608 4282 Sermonem

349 4320 454 4374 καὶ
478 4318 648 4373 ταῦτα
675 4319 764 4373 διὰ
787 4319 879 4373 τοῦ
907 4319 1080 4390 Λόγου
1121 4321 1356 4390 ἐγένετο.
1398 4321 1568 4374 Τοῦτο
1608 4320 1664 4374 δὲ
1707 4320 1899 4392 ψεῦδος
1917 4338 1930 4352 ⁸

2039 4315 2177 4368 facta
2204 4325 2349 4380 sunt,
2387 4325 2440 4370 et
2460 4316 2819 4385 appellatione
2847 4316 3087 4370 omnium
3119 4318 3612 4386 comprehendatur

349 4411 634 4481 κτίσματα
673 4411 771 4482 μὲν
794 4411 903 4482 γὰρ
923 4410 1011 4466 διὰ
1031 4412 1124 4465 τοῦ
1153 4412 1326 4480 Λόγου
1365 4411 1643 4481 γεγονέναι
1676 4412 1776 4465 οὐκ
1811 4411 1933 4465 ἄτο-

348 4520 478 4568 πον,
513 4503 649 4556 ἀλλὰ
681 4504 776 4557 καὶ
807 4503 896 4557 διά
913 4504 1006 4557 τοῦ
1041 4505 1215 4573 Λόγου
1238 4503 1307 4556 τά
1336 4503 1814 4574 άνδραγαθήματα,
1840 4504 1934 4556 καὶ

350 4595 532 4649 πάντα
559 4595 626 4649 τὰ
648 4595 1046 4667 κατορθώματα
1079 4596 1471 4666 κατωρθῶσθαι
1500 4598 1611 4659 τοῖς
1643 4594 1933 4666 μακαρίοις

347 4687 494 4740 νοεῖν
518 4686 811 4754 ἀναγκαῖον
829 4701 842 4716 ·
879 4686 1063 4739 οὐκέτι
1088 4686 1144 4738 δὲ
1173 4687 1267 4739 καὶ
1313 4684 1383 4738 τὰ
1413 4686 1788 4756 ἁμαρτήματα
1834 4683 1929 4737 καὶ

345 4777 423 4830 τὰ
454 4776 849 4848 άποπτώματα.
893 4775 1268 4846 Ἐξειλήφασιν
1291 4770 1384 4830 οῦν
1422 4793 1566 4839 τινες
1587 4775 1696 4847 (52)
1717 4775 1794 4846 τῷ
1835 4776 1929 4830 άν-

347 4867 652 4921 υπόστατον
695 4865 836 4922 εἶναι
857 4868 956 4938 τὴν
987 4868 1183 4922 κακίαν
1205 4871 1222 4937 <
1246 4867 1368 4922 οὔτε
1393 4867 1502 4940 γὰρ
1521 4864 1588 4938 ἦν
1608 4869 1700 4921 ἀπ’
1729 4867 1925 4940 ἀρχῆς,

344 4957 474 5012 οὔτε
511 4961 590 5024 είς
623 4960 716 5014 τὸν
749 4959 921 5014 αίῶνα
950 4959 1124 5033 ἔσται)
1149 4959 1302 5013 ταῦτ’
1328 4955 1467 5014 εἶναι
1491 4959 1560 5012 τὰ
1588 4957 1782 5030 μηδέν·
1829 4957 1926 5011 καὶ

2037 4415 2090 4461 ει
2119 4406 2334 4472 vitium,
2373 4416 2427 4460 et
2464 4408 2642 4462 omnis
2682 4407 2820 4462 fusio
2850 4407 3082 4478 peccati,
3111 4417 3165 4462 et
3203 4409 3384 4463 omnia
3419 4425 3607 4479 prava,

2036 4509 2095 4554 ut
2150 4499 2515 4568 intelligamus
2561 4499 2729 4554 etiam
2780 4501 2896 4555 haec
2941 4515 3040 4568 per
3089 4499 3412 4557 Sermonem
3465 4502 3608 4558 facta

2036 4590 2227 4656 fuisse,
2259 4591 2404 4660 quod
2430 4599 2514 4645 est
2551 4589 2745 4644 falsum
2779 4608 2793 4645 :
2832 4600 3117 4645 creaturas
3163 4594 3306 4646 enim
3347 4609 3442 4662 per
3473 4593 3608 4648 Ser-

2033 4699 2250 4738 monem
2321 4683 2494 4738 factas
2554 4682 2724 4738 fuisse
2777 4682 2910 4737 nihil
2968 4692 3055 4737 est
3101 4685 3320 4739 ahsurdi
3368 4702 3383 4738 :
3444 4695 3609 4754 atque

2033 4772 2142 4844 65
2195 4774 2360 4828 etiam
2409 4773 2597 4828 beatos
2640 4773 2787 4827 viros
2826 4775 3007 4828 omnia
3052 4775 3309 4842 praeclare
3348 4775 3514 4840 facta,
3550 4785 3608 4830 et

2033 4864 2254 4934 egregia
2289 4863 2537 4918 facinora
2573 4878 2668 4932 per
2718 4863 3040 4919 Sermonem
3095 4866 3392 4937 peregisse,
3442 4869 3605 4925 nobis

2033 4955 2406 5010 necessarium
2441 4955 2851 5026 estintelligere
2883 4970 2899 5008 :
2925 4971 3046 5013 non.
3071 4956 3199 5013 item
3231 4973 3361 5014 vero
3395 4958 3603 5028 lapsus.

424 5096 446 5128 ’
467 5096 659 5152 Matth.
684 5113 786 5164 ιιι,
820 5098 909 5154 50.
991 5099 1035 5130 ⁵ο
1054 5096 1212 5152 Joan.
1238 5113 1278 5163 ι,
1299 5096 1356 5164 5,
1383 5097 1438 5152 4.
1509 5097 1550 5129 ¹¹
1573 5095 1715 5152 Psal.
1753 5111 1871 5161 cm,
1888 5094 1938 5148 24

2058 5095 2103 5126 ¹²
2127 5092 2286 5149 Joan.
2313 5108 2352 5160 ι,
2375 5093 2432 5148 5.

356 5253 378 5286 ι
391 5232 517 5289 Haec
530 5233 745 5303 quidem
759 5233 954 5290 Iudaeis
968 5243 1223 5303 tanquam
1241 5231 1629 5288 homo'dicebat
1646 5228 1922 5285 Dominus.

358 5305 654 5374 Di‘scipulis
688 5318 822 5358 vero
846 5305 1188 5358 divinitatem
1217 5311 1272 5358 et
1300 5303 1732 5374 magnitudinem
1764 5315 1919 5374 suam

351 5369 673 5443 ostendens.
703 5390 807 5427 non
854 5375 964 5442 jam
1013 5374 1244 5443 amplius
1279 5369 1543 5443 minorem
1595 5385 1654 5425 se
1688 5369 1915 5443 Spiritu,

2030 5229 2200 5314 ποιῶν
2226 5229 2288 5283 τὸ
2326 5227 2567 5300 θέλημαο
2600 5226 2741 5283 male
2771 5226 2976 5300 Regius
3015 5229 3120 5284 :Ei
3156 5228 3264 5301 γάρ
3305 5231 3490 5284 ὁποῖον
3537 5229 3604 5287 τὸ
3673 5311 3675 5314 ι

2030 5299 2400 5441 θέῗὲὥῗάοάό.
2434 5368 2636 5440 Regius
2657 5367 3089 5441 etBarberinus,
3125 5371 3599 5439 Προεπινοουμέ-

343 5441 761 5520 -sed_majore_nt
808 5439 929 5499 esse
955 5439 1314 5520 et__a:q_ualem
1369 5439 1916 5520 significansdabat

2039 5439 2540 5520 LBoflleianus,
2576 5439 2999 5520 προνοουμένης.

351 5513 574 5579 quidem
595 5510 877 5582 Spiritum
908 5522 961 5567 et
1009 5513 1269 5567 dicebat:
1301 5531 1320 5564 ‹
1364 5511 1610 5580 Accipite
1642 5510 1912 5582 Spiritum,

2093 5507 2710 5580 (51)Γεγενῆσθαί“τι.
2747 5507 3035 5564 Ferrarius
3084 5509 3233 5578 legit,
3266 5509 3340 5579 μὴ
3365 5507 3602 5580 γεγενῆ-

352 5592 602 5650 sanctum
631 5579 678 5634 εἰ
723 5591 797 5648 ει,
831 5600 850 5634 ι
891 5583 1002 5650 Ego
1031 5583 1179 5636 illum
1207 5583 1361 5636 mitto
1391 5599 1409 5632 :-
1449 5601 1468 5633 ι
1503 5579 1586 5644 et,
1622 5598 1640 5631 ι
1675 5581 1790 5648 Ipse
1825 5593 1913 5632 me
2021 5579 2166 5633 σθαι.

354 5649 680 5718 glorificabit
715 5668 727 5703 :
771 5669 790 5703 ι
831 5649 1108 5721 majorem,
1146 5661 1368 5721 propter
1391 5651 1708 5720 dignitatem
1737 5659 1792 5704 et
1817 5663 1918 5702 au-

352 5721 661 5790 ctoritatem
690 5721 952 5790 originis;
1004 5722 1286 5790 aqualem,
1315 5721 1549 5777 essentia
1589 5730 1643 5790 et
1693 5728 1914 5790 natura.

428 5788 538 5862 (29)
589 5787 1141 5850 Codex'Bodleiantts
1195 5800 1344 5848 recte
1405 5791 1568 5846 habet
1621 5789 1686 5844 Et
1733 5787 1843 5857 γὰρ
1883 5790 1912 5841 ό

2099 5649 2212 5724 ('52)
2253 5648 2683 5724 1E68147Ti50a0’t7'
2724 5643 2837 5706 οὗν
2877 5663 3055 5714 τινες,
3088 5657 3221 5719 etc,
3256 5644 3600 5716 Augustinus
3654 5718 3661 5724 _

2025 5719 2248 5791 Solilo'q.
2279 5735 2401 5790 cap.
2423 5723 2479 5779 5.
