4174 6410
542 339 646 394 155

2013 328 2338 389 οιιισεΝιε

3708 324 3814 380 456

544 465 601 509 et
638 467 881 527 peccata.
925 456 1310 528 Exposuernnt
1353 457 1519 529 igitur
1549 456 1772 528 quidam
1796 496 1811 520 ,
1839 464 2122 526 propterea

2230 452 2422 521 ὥσπερ
2460 448 2733 521 Ἑλλήνων
2758 448 2905 513 τινές
2940 466 3104 519 φασιν
3135 444 3276 504 εἶναι
3312 447 3421 503 τῶν
3452 446 3515 502 οῦ
3549 463 3710 501 τινων
3747 449 3817 504 τά

542 549 690 617 quod
746 564 850 602 non
895 549 1160 604 subsistat
1201 549 1391 603 vitium
1436 555 1653 618 (neque
1708 547 1852 602 enim
1904 546 2004 599 fuit
2051 547 2121 598 ab

539 640 719 704 initio,
772 656 837 695 ac
873 655 943 695 ne
982 641 1035 694 in
1064 642 1322 697 saeculum
1359 640 1577 710 quidem
1626 638 1869 694 futurum
1898 636 2028 707 est),
2056 651 2119 690 ea

539 731 675 786 nihil
738 746 878 787 esse.
947 733 1015 787 Et
1087 733 1543 802 quemadmodum
1607 729 1840 800 gentiles
1900 729 2118 798 quidam

537 838 757 893 genera,
784 835 838 880 et
858 826 1089 894 species,
1119 825 1285 880 veluti
1320 822 1548 887 animal,
1568 832 1622 878 et
1647 822 1946 885 hominem,
1985 818 2117 874 nihil

535 930 659 970 esse
686 916 900 983 dicunt,
936 917 1008 969 ita
1042 917 1094 970 hi
1138 915 1386 970 arbitrati
1434 924 1563 969 sunt
1607 928 1729 970 esse
1767 927 1928 968 omne
1964 912 2114 976 illud,

537 1008 680 1079 quod
717 1023 818 1064 nec
848 1023 878 1061 a
922 1006 1059 1071 Deo,
1095 1024 1193 1063 nec
1222 1022 1317 1077 per
1350 1008 1673 1062 Sermonem
1707 1004 1998 1073 sumpserit
2028 1019 2123 1072 ap-

538 1111 827 1170 parentem
890 1099 1329 1154 subsistentiam.
1405 1098 1472 1152 Et
1528 1098 1858 1152 adnotamus
1918 1111 2044 1150 num
2091 1110 2123 1150 e

542 1187 843 1260 Scripturis
916 1190 1127 1258 possint
1198 1189 1316 1243 hac
1393 1187 1806 1243 accuratissime
1882 1187 2117 1242 ostendi.

538 1282 810 1350 Quantum
842 1283 1009 1352 igitur
1052 1281 1249 1336 attinet
1280 1282 1347 1334 ad
1381 1280 1683 1351 signiﬁcata
1718 1279 1881 1351 hujus
1915 1279 2121 1335 vocula:

532 1374 689 1437 nihil,
716 1383 773 1429 et
790 1374 1001 1428 vocula:
1020 1390 1125 1428 non
1142 1389 1258 1436 ens,
1289 1386 1592 1442 synonyma
1616 1371 1946 1425 videbuntur
1972 1384 2118 1435 esse,

532 1478 661 1519 euut
686 1481 789 1521 non
820 1482 918 1521 ens
952 1466 1171 1521 dicatur
1195 1466 1368 1529 nihil,
1396 1474 1453 1519 et
1478 1464 1617 1520 nihil
1645 1480 1752 1520 non
1783 1480 1902 1520 ens.
1934 1464 2121 1537 Itaque

532 1561 748 1615 videtur
770 1559 1063 1630 Apostolus
1086 1574 1193 1613 non
1221 1557 1367 1611 entia
1393 1557 1606 1621 dicere,
1645 1572 1752 1612 non
1785 1573 1906 1627 quas
1937 1558 2119 1613 omni-

534 1666 604 1706 no
630 1666 968 1721 nequaquam
991 1660 1139 1718 sunt,
1167 1650 1260 1704 sed
1291 1665 1355 1704 ea
1382 1664 1505 1719 quae
1533 1649 1648 1704 sint
1691 1664 1858 1719 prava
1878 1688 1895 1715 ,
1924 1650 2119 1705 existi-

532 1759 689 1798 mans
716 1758 880 1814 prava
913 1759 1018 1798 non
1069 1743 1357 1798 exsistere.
1392 1759 1411 1790 ι
1437 1741 1569 1809 Quae
1612 1742 1759 1797 enim
1803 1757 1908 1797 non
1938 1752 2118 1804 erant,

531 1811 731 1907 inquit,
766 1837 909 1891 Deus
931 1838 1079 1891 velut
1104 1834 1256 1891 entia
1287 1834 1715 1901 vocavit.»Quin
1738 1833 2119 1889 Mardochaeus
2150 1811 2195 1868 Β

530 1930 693 1983 etiam
722 1930 776 1983 in
818 1928 959 1984 libro
999 1927 1198 1983 Esther
1222 1924 1381 1993 juxta
1415 1925 1799 1997 Septuaginta,
1837 1941 1943 1981 non
1976 1926 2123 1981 exsi-

534 2030 737 2080 stentes
760 2029 918 2076 vocat
940 2020 1190 2075 inimicos
1209 2018 1404 2083 Israel,
1423 2018 1611 2073 dicens
1636 2035 1650 2072 :
1683 2035 1703 2069 ι
1726 2016 1808 2073 Ne
1833 2018 2124 2075 tradideris

529 2124 802 2180 sceptrum
831 2122 1006 2178 tuum,
1052 2112 1304 2180 Domine,
1341 2125 1449 2167 non
1488 2112 1887 2167 assistentibus
1930 2111 2070 2165 ηαδ.
2096 2131 2117 2165 ι

530 2202 832 2260 Possumus
862 2206 1027 2259 etiam
1059 2203 1354 2273 adiungere
1383 2203 1658 2273 quomodo
1677 2212 1903 2273 propter
1931 2204 2122 2259 vitium

531 2298 662 2352 mali
690 2295 1033 2368 appellentur
1060 2312 1170 2352 non
1216 2299 1589 2363 exsistentes,
1629 2312 1700 2352 ex
1744 2297 1841 2353 Dei
1880 2299 2120 2363 nomine,

531 2390 673 2459 quod
703 2391 970 2459 scriptum
1009 2398 1094 2444 est
1138 2390 1193 2444 in
1244 2389 1435 2444 Exodo
1467 2405 1480 2441 :
1516 2407 1535 2442 ι
1568 2389 1715 2444 Dixit
1755 2391 1906 2444 enim
1937 2390 2123 2445 Domi-

532 2496 635 2535 nus
657 2482 723 2533 ad
749 2479 932 2535 Mosen
957 2498 972 2534 :
997 2482 1283 2536 Exsistens
1312 2481 1417 2536 hoc
1444 2480 1576 2536 mihi
1607 2491 1691 2537 est
1747 2496 1943 2536 nomen
1979 2482 2045 2537 “.
2098 2502 2118 2536 ι

530 2570 716 2627 Bonus
745 2570 889 2626 Deus
922 2572 1037 2626 hanc
1072 2571 1313 2641 loquitur
1355 2570 1561 2639 judicio
1612 2582 1824 2635 nostro,
1874 2572 1967 2641 qui
2018 2571 2125 2642 glo-

531 2668 742 2721 riamur
767 2681 889 2721 esse
919 2666 986 2721 de
1015 2664 1255 2719 Ecclesia
1276 2702 1292 2729 ,
1330 2678 1493 2734 quem
1520 2663 1835 2732 glorificans
1861 2663 2124 2718 Servator

531 2760 665 2815 dicit
696 2776 711 2812 :
748 2776 769 2810 ι
811 2756 982 2814 Nemo
1025 2758 1219 2822 bonus,
1253 2756 1363 2811 nisi
1400 2755 1547 2810 solus
1590 2755 1767 2821 Deus,
1801 2770 1998 2826 nempe
2030 2756 2123 2811 ille

530 2850 718 2906 Pater.
754 2851 800 2882 “
841 2869 861 2901 ι
898 2848 1067 2919 Igitur
1107 2850 1282 2905 bonus
1339 2849 1481 2905 idem
1521 2858 1604 2904 est
1634 2864 1757 2903 cum
1797 2850 2120 2905 exsistente.

530 2943 668 2999 Cum
694 2958 825 2999 vero
851 2943 1051 2997 malum
1077 2951 1173 2996 aut
1204 2957 1433 3012 pravum
1476 2943 1815 2997 contrarium
1846 2942 1919 2997 sit
1955 2942 2119 3007 bono,

532 3046 589 3091 et
613 3034 947 3090 contrarium
971 3035 1257 3090 cxsistenti
1285 3035 1358 3090 sit
1387 3050 1493 3089 non
1521 3035 1820 3098 exsistens,
1871 3035 2124 3102 sequitur

2227 544 2362 616 γένη
2397 542 2494 596 καὶ
2514 541 2585 595 τὰ
2601 542 2716 613 εἴδη
2734 543 2869 614 (55),
2884 535 2997 597 οἷον
3022 541 3082 595 τὸ
3106 541 3246 608 ζῶον
3280 542 3488 596 καὶτὸν
3504 540 3813 612 ἄνθρωπον,

2221 636 2396 699 οὕτως
2416 634 2686 689 ὑπέλαϐον
2705 635 2859 688 οὐδὲν
2876 634 3167 706 τυγχάνειν
3195 635 3304 688 πᾶν
3325 634 3386 688 τὸ
3405 634 3506 705 οὑχ
3525 633 3632 688 ὑπὸ
3652 630 3813 695 Θεοῦ,

2222 727 2345 781 οὐδὲ
2374 726 2464 780 διὰ
2492 726 2588 780 τοῦ
2617 727 2792 795 Λόγου
2832 725 2934 798 τὴν
2960 725 3224 780 δοκοῦσαν
3260 725 3519 779 σύστασιν
3568 723 3810 795 εἰληφός.

2223 819 2333 872 Καὶ
2365 818 2666 889 ὲφίσταμεν
2703 820 2753 872 εί
2784 818 3008 872 δυνατὸν
3036 819 3145 873 ἀπὸ
3173 817 3284 872 τῶν
3311 817 3544 889 Γραφῶν
3580 814 3815 887 πληκτι-

2223 911 2444 967 κώτατα
2488 911 2660 967 ταῦτα
2713 912 3082 984 παραστῆσαι.
3136 911 3299 964 Ὅσον
3342 909 3523 964 τοίνυν
3570 910 3664 962 ἐπὶ
3702 909 3816 972 τοῖς

2226 1006 2645 1077 σημαινομένοις
2685 1005 2782 1059 τοῦ
2834 1004 3037 1069 οὐδὲν,
3081 1004 3174 1058 καὶ
3216 1002 3313 1056 τοῦ
3371 1004 3486 1057 οὐκ
3527 1001 3620 1066 ὃν,
3671 999 3814 1065 δόξει

2223 1093 2364 1153 εἶναι
2402 1096 2716 1169 συνώνυμα,
2764 1096 2859 1151 τοῦ
2905 1097 3008 1152 οὐκ
3045 1096 3199 1159 ὄντος
3239 1094 3457 1159 οὐδενὸς
3481 1092 3547 1148 ἂν
3579 1092 3813 1165 λεγομέ-

2223 1208 2337 1255 νου,
2373 1192 2468 1245 καὶ
2497 1190 2590 1245 τοῦ
2617 1190 2831 1254 οὐδενὸς
2861 1190 2960 1243 οὐκ
2991 1189 3162 1253 ὄντος.
3198 1188 3453 1243 ⁴Ιιαίνεται
3486 1186 3545 1240 δὲ
3575 1188 3606 1241 6
3645 1186 3812 1240 Ἀπό-

2224 1283 2410 1349 οτολος
2447 1283 2518 1338 τὰ
2552 1284 2654 1338 οὐκ
2690 1283 2819 1337 ὄντα
2851 1282 2973 1353 οὐχὶ
3014 1282 3108 1334 ἐπὶ
3136 1278 3244 1334 τῶν
3285 1278 3511 1351 μηδαμῆ
3548 1276 3814 1348 μηδαμῶς

2223 1377 2396 1431 ὄντων
2445 1375 2748 1448 ὀνομάζων,
2782 1373 2898 1429 ἀλλ’
2934 1373 3028 1427 ἐπὶ
3070 1371 3181 1426 τῶν
3221 1371 3534 1443 μοχθηρῶν,
3564 1369 3640 1442 μὴ
3684 1370 3816 1423 ὄντα

2223 1469 2553 1540 νομίζωντὰ
2593 1468 2827 1541 πονηρά·
2853 1485 2873 1518 ι
2925 1470 3007 1524 Τὰ
3047 1465 3121 1539 μὴ
3172 1469 3299 1523 ὄντα
3336 1467 3482 1539 γάρ.
3535 1468 3734 1536 φησὶν,
3781 1460 3814 1514 ὀ

2223 1561 2450 1628 Θεὸςὼς
2477 1563 2611 1617 ὄντα
2642 1561 2956 1617 ἐκάλεσεν.»
2977 1559 3139 1614 Ἀλλὰ
3175 1558 3269 1613 καὶ
3291 1558 3321 1610 6
3352 1556 3720 1630 Μαρδοχαῖος,
3752 1556 3814 1610 ὲν

2222 1660 2288 1728 τῇ
2320 1655 2462 1710 κατὰ
2487 1655 2616 1717 τοὺς
2658 1652 3062 1725 Ἑϐδομήκοντα
3111 1650 3336 1724 Ἑσθὴρ,
3384 1650 3460 1724 μὴ
3493 1650 3656 1714 ὄντας
3684 1648 3814 1713 τοὺς

2223 1748 2452 1823 ἐχθροὺς
2482 1747 2577 1801 τοῦ
2618 1745 2836 1818 Ἰσραὴλ
2859 1745 3018 1799 καλεῖ
3044 1743 3252 1813 λέγων·
3288 1762 3306 1795 ι
3338 1742 3431 1815 Μὴ
3467 1741 3726 1815 παραδῷς
3750 1739 3815 1794 τὸ

2226 1842 2505 1914 σκῆπτρόν
2561 1856 2676 1903 σου,
2724 1837 2926 1909 Κύριε,
2978 1839 3090 1901 τοῖς
3139 1837 3215 1908 μὴ
3266 1830 3436 1890 οῦσιν.
3483 1853 3502 1886 ι
3551 1835 3661 1888 Καὶ
3697 1832 3815 1886 ἔστι

2224 1933 2595 2006 προσαγαγεῖν
2628 1930 2747 1995 πῶς
2777 1930 2867 1984 διὰ
2907 1928 3007 2002 τὴν
3040 1928 3242 1983 κακίαν
3279 1926 3354 1999 μὴ
3381 1927 3537 1991 ὄντες
3570 1926 3622 1979 oi
3648 1942 3819 1995 πονη-

2226 2027 2312 2098 ροὶ
2338 2022 2835 2096 προσαγορεύονται
2873 2022 2939 2075 ὲκ
2969 2020 3063 2075 τοῦ
3102 2022 3162 2074 ὲν
3197 2021 3266 2092 τῇ
3325 2015 3522 2089 Ἐξόδῳ
3546 2017 3815 2087 ὀνόματος

2224 2118 2676 2192 ἀναγραφομένου
2721 2115 2816 2169 τοῦ
2849 2112 3016 2168 Θεοῦ·
3055 2133 3074 2166 ι
3109 2108 3247 2167 Elite
3281 2111 3390 2184 γὰρ
3434 2110 3642 2183 Κύριος
3678 2110 3814 2181 πρὸς

2224 2210 2496 2281 Μωῦσῆν·
2563 2208 2621 2262 '0
2647 2206 2748 2273 ὣν,
2778 2205 2938 2261 τοῦτό
2993 2205 3084 2277 μοί
3126 2206 3242 2258 ἐστι
3287 2203 3348 2257 τὸ
3381 2203 3570 2274 ὄνομα.
3614 2222 3634 2255 ι
3674 2197 3816 2255 Καθ’

2223 2306 2372 2376 ἡμᾶς
2402 2304 2459 2357 δὲ
2491 2304 2619 2365 τοὺς
2644 2300 2970 2372 εὐχομένους
3000 2298 3114 2369 (δι)
3132 2293 3270 2352 εἶναι
3294 2296 3404 2352 ἀπὸ
3440 2296 3540 2367 τῆς
3588 2293 3819 2365 Ἐκκλη-

2226 2396 2368 2459 σίας,
2385 2397 2413 2449 6
2436 2394 2640 2462 ἀγαθὸς
2652 2392 2786 2456 Θεὸς
2814 2390 2992 2446 ταῦτά
3018 2407 3207 2462 φησιν,
3230 2389 3290 2443 ὄν
3307 2388 3547 2456 δοξάζων
3572 2389 3601 2441 6
3624 2383 3816 2459 Σωτὴρ

2222 2491 2404 2560 λέγει’
2446 2509 2465 2540 ι
2499 2488 2690 2552 Οὐδεὶς
2722 2486 2924 2556 ἀγαθὸς
2953 2488 3003 2540 εί
3042 2485 3116 2557 μὴ
3143 2480 3225 2549 εἷς
3254 2486 3283 2538 6
3310 2483 3444 2548 Θεὸς
3475 2484 3504 2537 6
3533 2483 3745 2554 Πατήρ.
3789 2499 3813 2536 a

2222 2582 2430 2639 Οὐκοῦν
2457 2584 2486 2637 6
2511 2581 2713 2651 ἀγαθὸς
2739 2579 2818 2651 τῷ
2847 2579 2959 2634 ὄντι
2996 2581 3027 2634 6
3055 2579 3220 2643 αὐτός
3251 2580 3419 2632 ἐστιν.
3467 2576 3739 2632 Ἐναντίον
3759 2577 3818 2633 δὲ

2222 2676 2303 2749 τῷ
2328 2675 2520 2747 ἀγαθῷ
2552 2675 2614 2728 τὸ
2647 2673 2837 2739 κακὸν,
2869 2673 2902 2744 ἢ
2937 2671 2999 2725 τὸ
3031 2671 3289 2745 πονηρὸν,
3335 2671 3429 2726 καὶ
3467 2671 3708 2724 ἐναντίον
3736 2669 3815 2741 τῷ

2222 2770 2335 2824 ὄντι
2375 2769 2435 2823 τὸ
2482 2768 2583 2823 οὑκ
2615 2767 2708 2820 ὄν’
2745 2759 2827 2831 οἷς
2861 2764 3165 2827 ἀκολουθεῖ,
3198 2766 3282 2819 ὅτι
3335 2764 3397 2818 τὸ
3440 2764 3679 2836 πονηρὸν
3721 2763 3817 2817 καὶ

2224 2863 2394 2918 κακὸν
2413 2860 2513 2914 οὐκ
2535 2860 2616 2914 ὄν.
2634 2859 2746 2914 Καὶ
2773 2859 2915 2930 τάχα
2931 2858 3090 2913 τοῦτο
3110 2858 3271 2929 ἔσηνε
3295 2856 3688 2923 τοὺςείπόντας
3701 2857 3816 2929 (55ὶ

2223 2958 2315 3012 τὸν
2341 2955 2586 3011 διάϐολον
2622 2954 2697 3026 μὴ
2722 2948 2863 3007 εἶναι
2893 2951 3030 3005 Θεοῦ
3066 2951 3463 3024 δημιούργημα
3484 2967 3498 2981 ·
3529 2950 3666 3006 καθὸ
3704 2956 3815 3022 γὰρ

2223 3050 2469 3113 διάϐολός
2489 3050 2657 3111 ἐστιν,
2671 3046 2773 3100 οὐκ
2792 3045 2907 3099 ἔστι
2926 3044 3062 3099 Θεοῦ
3080 3045 3472 3117 δημιούργημα
3493 3060 3508 3075 ο
3531 3036 3646 3112 ᾦδὲ
3680 3060 3819 3115 συμ-

533 3129 736 3182 malum
771 3136 825 3183 et
852 3143 1077 3198 pravum
1107 3142 1227 3183 esse
1252 3142 1361 3182 non
1393 3126 1690 3181 exsistens.
1745 3125 1817 3180 Et
1864 3124 2118 3181 fortassis

2225 3146 2423 3219 ϐέϐηκε
2442 3141 2673 3211 διαϐόλῳ
2697 3136 2857 3205 εἶναι,
2874 3137 3102 3210 γενητὸς
3117 3136 3214 3202 ὢν,
3236 3136 3451 3200 οὐδενὸς
3472 3136 3694 3190 κτίστου
3723 3135 3815 3189 ὄν-

533 3220 637 3275 hac
661 3221 873 3276 ratione
913 3220 1132 3275 adducti
1166 3219 1426 3286 fuerunt,
1468 3220 1562 3289 qui
1604 3218 1794 3274 dicunt
1840 3219 2115 3274 diabolum

2225 3256 2315 3303 τος
2344 3234 2521 3307 παρὲξ
2558 3232 2653 3287 τοῦ
2677 3231 2813 3286 Θεοῦ
2840 3231 3019 3304 ἠμιῖιν,
3054 3228 3191 3285 Θεοῦ
3227 3231 3343 3283 ἐστι
3376 3229 3616 3300 κτίσμα·
3655 3228 3732 3294 ὡς
3767 3230 3815 3283 εἰ

535 3326 644 3366 non
676 3326 799 3367 esse
823 3311 918 3367 Dei
941 3312 1223 3383 opiﬁcium
1256 3327 1270 3363 :
1297 3311 1351 3365 in
1381 3320 1645 3379 quantum
1680 3309 1828 3366 enim
1867 3310 2119 3365 diabolus

532 3417 638 3473 est,
694 3422 801 3463 non
831 3418 917 3463 est
946 3407 1039 3463 Dei
1089 3407 1406 3478 opiﬁcium;
1452 3406 1508 3461 in
1537 3415 1802 3477 quantum
1852 3421 1983 3462 vero
2040 3406 2119 3462 illi

531 3501 761 3569 contigit
808 3499 1024 3555 diabolo
1072 3513 1218 3566 esse,
1268 3500 1449 3555 l‘actus
1511 3514 1637 3554 cum
1670 3500 1762 3564 sit,
1820 3513 1943 3554 cum
1984 3498 2119 3553 nihil

533 3604 777 3646 creatum
808 3592 879 3646 sit
908 3601 1067 3647 extra
1132 3590 1302 3645 Deum
1350 3602 1597 3647 nostrum
1626 3629 1644 3655 ,
1687 3590 1783 3645 Dei
1832 3601 1915 3647 est
1964 3592 2120 3663 opiﬁ-

532 3683 677 3735 cium
722 3680 953 3754 (57),ιιι
996 3683 1040 3736 si
1077 3684 1405 3752 parricidam
1466 3684 1562 3738 Dei
1602 3698 1739 3752 opus
1786 3699 1907 3739 esse
1957 3701 2122 3755 nega-

533 3788 743 3841 remus,
792 3791 897 3830 nou
922 3777 1236 3835 auferentes
1265 3779 1439 3847 ipsum
1472 3792 1501 3831 a
1533 3777 1645 3832 Deo
1691 3776 1893 3831 factum
1928 3777 2118 3847 fuisse,

535 3868 590 3920 in
625 3877 889 3937 quantum
919 3869 1087 3926 homo
1118 3872 1231 3943 66
1252 3880 1356 3929 est.
1388 3870 1636 3941 Namque
1666 3882 1932 3942 ponentes
1951 3873 2116 3926 etiam

535 3973 658 4024 nos,
688 3974 811 4014 eum
857 3975 978 4016 esse
1008 3965 1311 4033 sumpsisse
1341 3979 1370 4018 a
1408 3966 1552 4032 Deo,
1584 3966 1637 4018 in
1665 3973 1927 4034 quantum
1958 3964 2121 4019 homo

537 4063 646 4111 est,
674 4067 781 4107 non
808 4055 1063 4123 ponimus
1091 4056 1197 4110 hoc
1230 4070 1353 4110 eum
1389 4058 1718 4127 sumpsisse,
1755 4057 1808 4110 in
1852 4066 2117 4125 quantum

535 4153 620 4197 est
669 4144 1007 4201 interfector.
1067 4146 1255 4217 Itaque
1328 4163 1519 4202 omnes
1573 4149 1961 4217 participanles
2020 4160 2119 4200 ens

537 4235 1112 4306 (participantautem
1156 4242 1329 4295 sancti
1355 4242 1612 4308 ),merito
1642 4250 1803 4294 erunt
1846 4241 2118 4294 exsistcn-

2225 3328 2539 3398 ἒφάσκομεν
2570 3328 2664 3381 καὶ
2680 3325 2771 3379 τὸν
2803 3323 2967 3394 φονέα
2992 3323 3067 3396 μὴ
3089 3319 3228 3376 εἶναι
3244 3320 3380 3375 Θεοῦ
3396 3321 3784 3395 δημιούργημα
3796 3362 3815 3387 ,

2225 3421 2329 3475 οὐκ
2371 3418 2722 3490 ἀναιροῦντες
2765 3416 2850 3479 τὸ,
2968 3400 3255 3486 ἄνθρωπός
3295 3413 3434 3478 ἐστι,
3483 3412 3818 3485 πεποιῆσθαι

2228 3511 2391 3565 αὑτὸν
2415 3508 2527 3580 (56)
2558 3507 2665 3562 ὑπὸ
2709 3505 2868 3561 Θεοῦ.
2923 3504 3175 3568 Τιθέντες
3207 3502 3318 3575 γὰρ
3345 3504 3426 3567 τὸ,
3532 3503 3817 3576 ἄνθρωπος

2224 3602 2510 3673 τυγχάνει,
2555 3599 2665 3654 ἀπὸ
2703 3596 2840 3652 Θεοῦ
2892 3596 3056 3651 αὐτὸν
3096 3596 3159 3649 τὸ
3201 3592 3341 3650 εἷναι
3375 3595 3674 3667 εἰληφέναι,
3719 3597 3816 3652 καὶ

2228 3696 2389 3767 ἡμεῖς
2423 3693 2485 3747 οὐ
2504 3691 2725 3763 τίθεμεν
2749 3690 2830 3753 τὸ,
2861 3684 2895 3765 ᾗ
2924 3687 3118 3759 φονεύς
3157 3688 3325 3754 ἔστιν,
3365 3688 3474 3742 ἀπὸ
3505 3688 3638 3742 Θεοῦ
3673 3687 3815 3743 τοῦτ’

2228 3788 2390 3843 αὐτὸν
2408 3786 2707 3859 εἰληφέναι.
2730 3783 2942 3847 Πάντες
2960 3782 3057 3853 μὲν
3080 3776 3174 3835 οὖν
3186 3781 3235 3834 οἱ
3256 3780 3571 3852 μετέχοντες
3589 3780 3702 3852 (58)
3719 3781 3816 3836 τοῦ

2225 3882 2378 3945 ὄντος
2415 3879 2726 3952 (μετέχουσι
2752 3877 2809 3931 δὲ
2833 3878 2882 3930 oi
2908 3874 3100 3946 ἅγιοι),
3131 3873 3369 3943 εὐλόγως
3394 3873 3462 3928 ἂν
3492 3873 3646 3939 ὄντες
3677 3892 3814 3948 χρη-

2230 3969 2536 4043 ματίζζοιεν⁸
2564 3970 2613 4021 oi
2641 3967 2700 4021 δὲ
2726 3963 3174 4036 ἁποστραφέντες
3204 3961 3306 4032 τὴν
3357 3959 3452 4015 τοῦ
3487 3960 3640 4025 ὄντος
3683 3978 3814 4031 μετ-

2224 4064 2379 4134 οχὴν,
2406 4061 2484 4133 τῷ
2509 4058 2832 4132 ἐστερῆσθαι
2852 4055 2947 4109 τοῦ
2986 4055 3158 4119 ὄντος,
3190 4051 3478 4123 γεγόνασιν
3508 4053 3610 4107 οὐκ
3641 4052 3815 4117 ὄντες.

2226 4154 2570 4228 Προείπομεν
2611 4152 2691 4216 δὲ,
2739 4152 2823 4204 ὅτι
2870 4147 3186 4220 συνωνυμία
3236 4146 3354 4201 ἐστὶ
3393 4144 3488 4199 τοῦ
3530 4146 3632 4199 οὐκ
3663 4145 3814 4211 ὄντος

2228 4243 2323 4296 καὶ
2362 4240 2459 4295 τοῦ
2489 4240 2737 4304 οὐδενός·
2778 4238 2874 4293 καὶ
2915 4237 3005 4291 διὰ
3038 4237 3197 4291 τοῦτο
3243 4236 3294 4289 οἱ
3332 4236 3435 4290 οὐκ
3476 4235 3630 4300 ὄντες
3664 4234 3815 4291 οὐδέν

610 4355 727 4388 ¹⁸οιδ
754 4354 911 4411 Esth.
943 4372 1055 4425 xw,
1086 4357 1173 4414 11.
1253 4357 1295 4390 ¹³
1319 4373 1440 4429 cap.
1465 4373 1548 4423 ιιι,
1579 4373 1723 4412 vers.
1758 4355 1847 4411 Η.
1926 4355 1971 4386 ¹⁶
2002 4355 2122 4409 Muri

2225 4374 2256 4419 ι,
2295 4358 2395 4425 18ς
2430 4357 2566 4413 Luc.
2600 4374 2752 4419 xvnt,
2796 4357 2883 4413 l9.

751 4443 921 4505 Εἶναι
963 4447 1085 4523 Ϊτῶν
1135 4448 1208 4523 οὔ
1241 4465 1419 4523 τινων
1455 4447 1528 4523 ἰὰ
1564 4448 1708 4523 γένη
1732 4445 1831 4523 καὶ
1860 4445 1935 4499 τὰ
1958 4444 2115 4514 εἴδη.
2151 4455 2195 4509 D
2224 4449 2409 4523 κακῶν
2441 4447 2831 4523 ἐςτιν-όΑΘεός·
2856 4447 3125 4523 άγένητος
3148 4447 3310 4523 ἄραμὸ
3341 4445 3607 4523 διάϐολος.
3649 4464 3670 4499 ι
3702 4445 3811 4523 Utt-

538 4517 646 4578 etc.
690 4517 804 4575 [loc
828 4529 932 4586 est,
954 4520 1106 4589 juxta
1136 4521 1439 4573 doctrinam
1472 4517 1984 4589 Peripatelicurutn,
2029 4532 2113 4569 re-

541 4609 658 4646 rum
686 4606 808 4660 quae
855 4587 967 4643 non
1017 4599 1143 4660 sunt
1201 4591 1304 4645 hoc
1341 4588 1568 4658 aliquid,
1622 4590 1742 4660 sive
1778 4587 1897 4640 τόδε
1921 4596 2117 4660 τιιρῡ

539 4673 667 4718 sunt
696 4656 877 4715 autem
904 4660 974 4714 τὰ
998 4659 1254 4724 καθόλου,
1283 4660 1392 4725 vel,
1429 4656 1583 4728 juxta
1616 4658 1953 4724 Platonicos,
1987 4656 2126 4713 ideae

540 4732 903 4789 universales.
944 4730 1211 4789 llusrtus.

609 4801 722 4875 (δι)
754 4804 893 4856 Καθ’
919 4800 1077 4875 ἡμᾶς
1120 4803 1189 4855 δὲ
1218 4801 1363 4875 τοὺς
1408 4797 1798 4875 ειξχομένους,
1834 4811 1940 4875 εις.
1986 4795 2128 4875 Mar-

538 4864 770 4928 cionitas
814 4864 1096 4944 suggillat,
1121 4864 1406 4944 οἰηθέντας
1455 4864 1665 4944 δίκαιον
1715 4864 1828 4944 μὲν
1862 4864 2000 4944 εἶναι
2032 4866 2126 4920 τὸν

538 4938 1145 5015 δημιουργὺνξίάγαθὸν
1173 4938 1232 4996 δὲ
1275 4943 1368 4996 τὴν
1388 4941 1483 4997 τοῦ
1518 4938 1756 5015 Χριστοῦ
1782 4938 2023 5010 Πατέρα,
2067 4949 2128 4992 ut

543 5011 683 5069 idem
714 5011 871 5070 habet
896 5011 1162 5084 Origenes
1187 5029 1347 5085 supra
1373 5025 1504 5069 tum.
1536 5028 1551 5067 ι
1576 5011 1633 5065 ιιι
1657 5011 1943 5073 Joannem,
1974 5025 2122 5064 num.

540 5086 633 5142 40.
661 5086 737 5139 In.

613 5155 724 5228 (55)
752 5156 863 5210 Καὶ
886 5155 1043 5227 τάχα
1068 5154 1242 5209 τοῦτο
1289 5153 1476 5228 ἔσηνε
1511 5150 1986 5228 τοὺς-εἰπόντας,
2017 5158 2123 5228 etc.

542 5221 879 5283 Vocabulum
937 5221 1098 5297 ἔσηνε
1148 5242 1251 5280 ιιοιι
1324 5221 1590 5297 intellexit
1651 5221 1960 5297 Per-ionius,
2022 5222 2127 5297 hoc

540 5310 643 5357 est.
671 5300 969 5352 commouit.
1008 5290 1270 5366 Origenes
1300 5298 1354 5366 in
1388 5295 1579 5349 Matth.
1610 5308 1685 5348 xx
1718 5310 1732 5347 :
1767 5292 1859 5366 Μὴ
1894 5290 2127 5366 σαινέτω

540 5369 598 5423 δὲ
624 5368 772 5442 ἡμᾶς
797 5371 847 5421 εί
877 5370 907 5422 6
936 5361 1291 5442 Σιι›τσῖιιρ,-ιιι‹εζ
1345 5365 1489 5442 Infra
1537 5374 1669 5442 tom.
1709 5378 1762 5442 vi
1805 5361 1858 5442 in
1897 5361 2124 5442 locum,

542 5432 726 5494 ιιιιιιῖϐ
763 5457 778 5494 :
812 5441 933 5494 Ὀτι
961 5440 989 5493 6
1013 5432 1204 5508 καιρὸς
1229 5437 1328 5508 τῆς
1360 5434 1597 5507 Χριστοῦ
1625 5432 2125 5508 ἐπιδημίας-ἔσαινε

541 5510 633 5562 στὸν
668 5509 819 5565 λαόν.
855 5503 1126 5566 Caeterum
1151 5503 1431 5564 loco'buic
1465 5509 1694 5561 adsonat
1720 5503 1858 5558 alter
1887 5504 1977 5559 ille
2001 5503 2127 5570 Epi-

542 5581 728 5651 phanii
756 5584 948 5637 haeres.
973 5596 1121 5643 thv,
1149 5595 1271 5650 cap.
1309 5580 1371 5651 l9
1399 5597 1412 5631 :
1452 5576 1626 5651 μόθεν
1645 5578 1691 5651 _6
1721 5574 1936 5651 φθόνος,
1962 5574 2127 5651 δ’-ἁντ

542 5643 769 5724 ζιλέγων
802 5655 935 5724 ἐρεῖ.
978 5653 1041 5705 Εἰ
1086 5651 1194 5724 γὰρ
1219 5643 1355 5724 ’κάπὸ
1384 5649 1479 5702 τοῦ
1506 5643 1775 5724 διαϐόλου,
1796 5648 1917 5724 ,καὶ
1958 5643 2046 5724 διά
2072 5643 2127 5724 τί

541 5714 781 5786 διάϐὸλος
826 5714 1108 5791 ἐγένετο;ξ
1132 5714 1195 5775 ΕΞ
1224 5721 1461 5790 ἐγένετο,
1517 5718 1612 5791 καὶ
1637 5717 1917 5791 ὁγποιήσας
1962 5714 2126 5791 αρτόν

542 5793 690 5848 sat-tv
724 5786 896 5859 αἴτιος
923 5792 1017 5847 τοῦ
1060 5786 1194 5847 εἶναι
1228 5786 1415 5847 κακόν.
1474 5790 1613 5845 Ἀλλ’
1658 5786 1900 5851 ἀναίτιος
1946 5786 2124 5855 πάντη

2230 4521 2428 4591 dienam
2496 4519 2706 4591 invidia
2746 4516 2987 4591 profecta
3020 4516 3135 4585 'sit,
3191 4516 3551 4591 adversarius
3589 4521 3814 4591 quaerit.

2229 4589 2362 4644 Nam
2393 4590 2437 4644 si
2469 4605 2498 4641 a
2530 4587 2765 4645 diabolo
2780 4591 3143 4659 respondeas;
3173 4604 3271 4643 cur
3295 4588 3521 4659 omnino
3571 4587 3813 4642 diabolus

2227 4660 2484 4715 exstitit?
2514 4659 2571 4716 Si
2625 4660 2799 4715 factus
2829 4657 2949 4725 est;
2995 4660 3087 4730 qui
3119 4660 3365 4730 condidit
3417 4657 3592 4730 illum,
3621 4670 3813 4715 auctor

2230 4732 2357 4785 ntali
2387 4731 2551 4786 debet
2582 4730 2780 4786 videri.
2814 4730 2975 4800 Atqui
3015 4728 3293 4785 'malorum
3317 4743 3483 4784 causa
3512 4728 3673 4800 Densi,
3694 4744 3813 4784 esse

2230 4817 2334 4853 non
2370 4811 2577 4869 potest:
2632 4815 2803 4868 quare
2836 4799 2917 4853 ab"
2956 4800 3104 4854 nullo
3157 4800 3456 4870 productus
3501 4810 3586 4853 est
3625 4799 3812 4855 diabo-

2230 4872 2333 4942 lus.
2360 4890 2381 4923 ι
2416 4873 2768 4942 Marcionitas
2803 4885 2967 4939 porro
3015 4879 3073 4942 et
3102 4870 3240 4925 alios
3265 4885 3455 4942 eorum
3486 4880 3813 4942 symmystas

2228 4941 2319 4997 hic
2346 4944 2594 5012 designat
2623 4941 2905 5011 Origenes,
2932 4941 3024 5011 qui
3061 4946 3164 4996 tria
3189 4940 3455 5011 principia
3477 4940 3813 5012 statuebant,

2227 5010 2652 5081 quormn'Deus
2701 5010 2840 5067 alter
2887 5010 3033 5068 esset
3077 5010 3276 5074 bonus,
3311 5012 3553 5081 ignotus,
3602 5010 3813 5081 Christi

2229 5080 2419 5146 l’ater;
2474 5083 2615 5137 alter
2641 5081 2875 5138 Creator
2903 5092 2959 5137 et
3001 5082 3285 5151 cognitus;
3328 5080 3383 5135 et
3431 5082 3626 5135 tertius
3663 5080 3813 5135 inter

2230 5166 2522 5222 utrumque
2572 5153 2840 5218 diabolus.
2900 5152 3185 5224 Legendus
3225 5152 3559 5223 Epiphanius
3617 5153 3813 5207 haeres.

2230 5239 2365 5278 χιιι.
2399 5240 2522 5278 can.
2546 5224 2600 5278 5.
2645 5226 2723 5278 In.

2230 5239 2365 5284 ιιιι,
2399 5240 2522 5284 cap.
2546 5239 2600 5278 ὗ.
2645 5239 2723 5278 ID.

2301 5240 2819 5366 igsfﬁégéuliﬁom
2851 5293 3063 5360 αὐτόν,
3102 5301 3210 5348 etc.
3272 5292 3456 5347 Editio
3494 5290 3675 5347 liuetii
3718 5291 3812 5347 ha-

2227 5364 2321 5421 bet
2350 5365 2423 5437 μὴ
2452 5364 2801 5437 πεποιῆσθαι.

2301 5432 2422 5506 (5η
2454 5434 2580 5489 Haec
2627 5432 2696 5489 ab
2722 5433 3012 5490 Ambrosio
3061 5433 3317 5506 Ferrario
3345 5432 3577 5499 omissa,
3630 5447 3696 5487 ac
3730 5432 3811 5489 in-

2231 5505 2629 5576 terpretatione
2664 5506 2905 5561 Perionii
2943 5505 3275 5576 supplenius.

2302 5573 2417 5647 (—58)
2450 5574 2838 5645 Μετέχοντες.
2903 5573 3085 5631 Ediiib
3129 5573 3334 5647 Hnetii,
3366 5573 3440 5645 μὴ
3472 5574 3811 5646 μετέχοντες,

2230 5646 2539 5717 perperam.
2608 5648 2771 5703 Certe
2819 5648 2872 5703 in
2919 5647 3114 5705 codice
3143 5646 3436 5704 Bodleiano
3481 5662 3587 5701 non
3619 5647 3809 5717 tegitur

2231 5719 2327 5789 μή·
