4174 6426
400 320 504 376 157

1491 313 1848 370 COMMENT.
1892 314 1959 368 IN
1996 314 2186 371 .IOAN.
2233 314 2472 370 TOMUS
2514 313 2574 367 ll.

3564 322 3663 375 l38

394 443 527 505 εἰσι,
557 437 650 494 κα)⁵
675 440 884 510 πᾶσαή
921 438 1086 494 κακία
1119 438 1270 491 οὐδέν
1303 439 1468 500 ἐστιν,
1514 437 1636 489 ἐπεὶ
1669 437 1760 489 καὶ
1785 436 1883 487 οὐκ
1920 435 1975 488 ὃν

2087 446 2203 501 res;
2253 437 2343 506 qui
2379 451 2508 490 vero
2540 435 2826 510 diffugiunt
2869 437 3010 492 cutis
3063 437 3556 507 participationem,
3595 457 3661 497 co

395 533 657 605 τυγχάνει
677 550 690 563 °
719 534 814 586 καὶ
840 533 994 586 οὐδὲν
1015 532 1322 602 καλουμένη
1352 531 1520 601 χωρὶς
1563 528 1853 600 γεγένηται
1885 528 1978 580 τοῦ

395 626 594 694 Λόγου,
628 625 753 692 τοῖς
793 624 983 680 πᾶσιν
1025 625 1086 678 οὐ
1132 621 1742 693 συγκαταριθμουμένη.
1791 622 1981 692 Ἡμεῖς

362 741 376 753 ι
395 717 500 788 μὲν
530 712 624 770 οὖν
666 716 806 770 κατά
835 717 896 768 τὸ
925 715 1144 770 δυνατὸν
1187 714 1606 786 παρεστήσαμεν
1650 713 1771 765 τίνα
1797 712 1865 765 τὰ
1894 710 1984 765 διὰ

392 809 490 863 τοῦ
519 810 692 879 Λόγου
717 809 1057 880 γεγενημένα
1087 809 1283 873 πάντα,
1313 808 1407 861 καὶ
1445 805 1496 858 τί
1528 807 1589 858 τὸ
1619 807 1788 877 χωρὶς
1817 801 1982 858 αὐτοῦ

396 899 684 971 γενόμενον
717 901 838 972 μὲν,
881 900 939 954 ὃν
967 899 1025 954 δὲ
1071 899 1346 964 οὐδέποτε,
1389 899 1481 951 καὶ
1513 897 1600 952 διὰ
1629 897 1786 951 τοῦτο
1832 897 1980 951 οὐδὲν

396 991 752 1064 καλούμενον.

2086 529 2227 596 quod
2250 527 2442 598 privati
2468 507 2740 592 sititente,
2767 527 2894 583 facti
2928 529 3149 583 luerunt
3179 545 3284 583 non
3311 531 3659 586 exsistentes.

2085 617 2330 672 Diximus
2361 625 2542 672 autem
2571 619 2819 686 superius
2849 634 2945 674 ens
2991 629 3045 672 et
3080 620 3211 674 nihil
3270 636 3570 692 synonyma
3607 632 3662 678 et

2086 711 2314 764 univoca
2338 724 2459 764 esse
2491 727 2504 762 :
2539 719 2591 765 et
2619 710 2762 764 hanc
2792 711 2861 764 ob
2891 726 3107 766 causam
3132 713 3220 781 qui
3257 728 3360 766 non
3382 723 3507 767 sunt
3529 715 3662 769 nihil

2087 816 2228 866 esse,
2284 810 2340 856 ct
2384 815 2545 855 omne
2601 800 2788 854 vitium
2826 803 2992 856 etiam
3036 804 3166 857 nihil
3213 818 3353 871 esse,
3403 807 3660 873 quoniam

2088 901 2170 947 est
2217 906 2323 946 non
2379 906 2515 958 ens;
2570 901 2624 944 et
2676 892 2808 946 nihil
2865 902 3156 958 vocatum,
3216 897 3332 950 sine
3400 896 3664 953 SermOne

2084 983 2286 1038 factum
2351 982 2554 1047 fuisse,
2614 1000 2719 1040 non
2781 997 3230 1042 connumeratum
3297 1005 3419 1044 cum
3475 993 3664 1048 vocula

397 1085 528 1150 hac,
562 1088 822 1140 omnibus.
866 1089 1044 1156 Atque
1071 1101 1170 1142 nos
1203 1087 1422 1156 quidem
1451 1102 1551 1157 pro
1585 1085 1724 1140 virili
1760 1083 2120 1148 ostendimus,
2147 1094 2265 1149 quae
2308 1079 2418 1134 sint
2444 1079 2622 1134 omnia
2653 1080 2795 1136 facta
2834 1097 2932 1150 per
2958 1081 3298 1148 Sermonem,
3331 1098 3386 1142 et
3425 1090 3558 1158 quid
3592 1085 3666 1146 sit

399 1178 523 1232 sine
558 1178 670 1246 ipso
700 1179 919 1248 quidem
956 1178 1181 1242 factum,
1218 1194 1494 1247 nunquam
1527 1188 1706 1232 autem
1744 1178 2030 1241 exsistens,
2063 1183 2116 1228 et
2146 1173 2286 1230 hanc
2312 1173 2380 1228 ob
2401 1187 2621 1228 causam
2650 1175 2782 1230 nihil
2819 1189 3089 1234 vocatum.

467 1275 518 1327 8.
571 1271 770 1337 Βιαίως
824 1273 882 1326 δὲ
930 1268 1083 1345 οἶμαι
1145 1274 1237 1328 καὶ
1300 1263 1468 1346 χωρὶς
1532 1273 1829 1346 μαρτυρίου
1883 1271 1976 1324 τὸν

394 1364 748 1419 Οὐαλεντίνου
839 1365 1129 1436 λεγόμενον
1221 1359 1358 1418 εἶναι
1444 1365 1716 1436 γνώριμον
1813 1363 1976 1433 Ἡρα-

394 1458 610 1514 κλέωνα
653 1460 763 1531 (59)
809 1461 1166 1532 διηγούμενον
1219 1459 1312 1512 τό·
1383 1478 1400 1511 σ
1447 1460 1630 1512 Πάντα
1681 1457 1749 1511 δι’
1810 1454 1973 1509 αὐτοῦ

396 1553 635 1622 ἐγένετο,
675 1571 692 1604 ι
730 1551 1066 1625 ἐξειληφένσι
1103 1553 1278 1607 πάντα
1316 1553 1407 1607 τὸν
1442 1553 1644 1622 κόσμον
1683 1551 1777 1602 καὶ
1805 1549 1874 1602 τὰ
1917 1550 1974 1602 ὲν

396 1644 567 1716 αὐτῷ,
601 1645 916 1700 ὲκκλείσντα
946 1645 1054 1700 τῶν
1086 1647 1302 1700 πάντων
1349 1645 1408 1698 τὸ
1434 1645 1556 1698 ὅσον
1594 1644 1686 1696 ἐπὶ
1727 1645 1794 1713 τῇ
1846 1643 1978 1695 ὑπο-

395 1736 544 1791 θέσει
569 1737 732 1791 αύτοῢ
763 1738 832 1792 τὰ
856 1739 948 1792 τοῦ
977 1739 1205 1810 κόσμου,
1249 1738 1342 1791 καὶ
1377 1736 1486 1790 τῶν
1525 1739 1583 1789 ὲν
1621 1734 1770 1804 αὐτῷ
1801 1734 1979 1803 διαφέ-

396 1845 578 1899 ροντα.
606 1830 742 1899 Φησὶ
775 1830 883 1900 γάρ
913 1831 973 1883 ού
1000 1830 1093 1883 τὸν
1126 1829 1238 1902 (40)
1273 1829 1443 1883 αίῶνα
1473 1828 1507 1898 ἢ
1540 1827 1609 1881 τὰ
1633 1830 1692 1881 ἐν
1717 1827 1795 1898 τῷ
1823 1826 1976 1880 αἰῶνι

393 1920 674 1990 γεγονέναι
693 1920 781 1976 διὰ
803 1922 897 1974 τοῦ
929 1922 1121 1992 Λόγου·
1150 1922 1306 1976 ἆτινα
1333 1921 1501 1974 οἴεται
1541 1920 1648 1990 πρὸ
1679 1919 1773 1973 τοῦ
1803 1918 1975 1987 Λόγου

394 2013 696 2082 γεγονέναι.
764 2014 1164 2087 Ἀναιδέστερον
1219 2013 1276 2067 δὲ
1333 2011 1622 2084 ἱστάμενος
1680 2012 1818 2082 πρὸς
1878 2009 1974 2063 τό’

401 2124 420 2156 ι
459 2105 568 2158 Καὶ
597 2106 768 2176 χωρὶς
796 2105 959 2159 αὐτοῦ
992 2107 1206 2176 ἐγένετο
1227 2105 1346 2159 οὐδὲ
1375 2104 1454 2169 ἓν,
1499 2123 1516 2156 ι
1559 2102 1692 2174 μηδὲ
1720 2101 1978 2155 εὐλαϐού-

398 2213 560 2266 μενος
583 2197 694 2267 (41)
727 2197 812 2251 τό·
851 2217 870 2249 ‹
905 2199 996 2270 Μὴ
1036 2187 1286 2271 προσθῇς
1305 2198 1416 2260 τοῖς
1457 2195 1636 2264 λόγοις
1664 2194 1852 2258 αὑτοῦ,
1890 2194 1978 2246 ἶνα

404 2288 480 2359 μὴ
514 2288 706 2361 ἐλέγξῃ
748 2304 828 2355 σε,
876 2291 970 2344 καὶ
1011 2289 1210 2361 ψευδὴς
1251 2289 1404 2360 γένῃ,
1448 2308 1466 2340 ι
1511 2287 1834 2360 προστίθησι
1878 2284 1974 2355 τῷ,

396 2381 538 2436 οὐδὲ
557 2380 645 2446 ἓν,
672 2398 690 2434 ¢
721 2382 826 2435 τῶν
855 2383 912 2436 έν
932 2382 1008 2453 τῷ
1031 2383 1222 2454 κόσμῳ
1246 2383 1337 2435 καὶ
1357 2384 1422 2452 τῇ
1455 2380 1647 2434 κτίσει.
1679 2399 1697 2432 ι
1724 2380 1834 2432 Καὶ
1855 2379 1979 2431 ἐπεὶ

402 2471 657 2543 προφανῆ
701 2473 818 2526 ἐστι
861 2472 930 2526 τὰ
978 2473 1069 2526 ὑπ’
1119 2471 1284 2526 αὑτοῦ
1340 2471 1608 2541 λεγόμενα
1649 2468 1853 2541 σφόδρα
1891 2467 1979 2540 βε-

398 2563 687 2635 ϐιασμένα,
721 2564 815 2618 καὶ
849 2564 1002 2636 παρά
1039 2565 1137 2637 τὴν
1179 2564 1466 2636 ἐνάργειαν
1499 2562 1609 2632 (42)
1650 2559 1978 2632 ἐπαγγελλό-

403 2674 560 2728 μενα,
603 2658 650 2711 εί
687 2658 756 2713 τὰ
795 2657 1126 2729 νομιζόμενα
1167 2657 1316 2728 αὐτῷ
1356 2657 1476 2710 θεῖα
1521 2653 1826 2708 ἐκκλείεται
1859 2653 1978 2707 τῶν

398 2749 660 2817 πάντων,
693 2751 762 2804 τά
782 2751 859 2814 δὲ,
887 2749 963 2814 ὡς
1000 2751 1204 2812 ἐκεῖνος
1229 2747 1420 2814 οἴεται,
1458 2744 1736 2808 παντελῶς
1766 2745 1980 2816 φθειρό-

401 2859 536 2914 μενα
560 2841 764 2914 κυρίως
793 2841 990 2895 πάντα
1017 2843 1290 2895 καλεῖται’
1326 2841 1425 2893 οὐκ
1450 2837 1886 2911 έπιδιατριπτέον
1908 2840 1976 2910 τῇ

397 2935 677 3006 ἀνατροπῇ
718 2935 826 2987 τῶν
880 2934 1105 2989 αὐτόθεν
1147 2935 1246 3006 τὴν
1284 2933 1514 2987 ἀτοπίαν
1569 2931 1974 3002 ἐμφαινόντων·

397 3021 508 3079 οἷον
535 3026 592 3079 δὲ
628 3027 810 3080 καὶτὸ
841 3027 940 3099 τῆς
975 3026 1219 3100 Γραφῆς,
1263 3045 1282 3078 ‹
1334 3026 1518 3098 Χωρὶς
1563 3025 1730 3079 αὐτοῦ
1763 3025 1980 3094 ἐγένετο

2159 1270 2212 1324 8.
2251 1268 2516 1324 Existimo
2573 1279 2752 1325 autem
2795 1271 3206 1342 lleracleoncni,
3259 1279 3348 1348 qui
3390 1281 3663 1338 Valentini

2084 1361 2382 1433 discipulus
2436 1377 2559 1418 esse
2624 1364 2820 1430 fertur,
2897 1380 3019 1420 cum
3099 1368 3213 1422 hmc
3283 1373 3661 1431 edissereret:

2089 1471 2108 1504 ι
2135 1451 2326 1508 Omnia
2368 1466 2464 1524 per
2494 1453 2667 1522 ipsum
2713 1454 2854 1511 facta
2909 1470 3034 1512 sunt
3068 1459 3133 1523 ",
3160 1478 3178 1510 ι
3233 1473 3423 1516 coacte
3467 1475 3520 1517 et
3544 1466 3664 1520 sine

2085 1545 2394 1600 testimonio
2438 1548 2698 1602 mundum
2728 1549 3043 1605 universum
3088 1565 3313 1623 qumque
3342 1555 3394 1609 in
3430 1569 3498 1610 eo
3537 1567 3663 1612 sunt

2084 1638 2383 1708 excepisse,
2431 1638 2828 1710 excludentem,
2866 1654 3128 1713 quantum
3157 1646 3324 1717 ipsius
3355 1648 3458 1703 fert
3489 1651 3660 1722 hypo-

2088 1729 2278 1795 thesis,
2314 1745 2378 1784 ex
2409 1731 2665 1788 omnibus
2699 1736 3147 1803 praestantissima
3198 1753 3426 1809 qumque
3477 1746 3661 1800 nmndi

2079 1829 2342 1876 eteorum
2370 1825 2562 1892 quzein
2585 1825 2701 1894 ipso
2723 1825 3095 1883 continentur.
3130 1829 3220 1886 Ait
3239 1832 3384 1886 enim
3417 1847 3515 1902 per
3531 1836 3662 1890 Ser-

2081 1924 2294 1965 monem
2327 1928 2431 1967 non
2458 1916 2739 1982 saeculum,
2764 1933 2870 1973 non
2894 1933 3015 1988 quae
3045 1920 3097 1975 in
3126 1922 3322 1977 saeculo
3345 1933 3492 1990 sunt,
3517 1925 3662 1984 facta

2081 2002 2268 2068 fuisse,
2302 2004 2623 2060 existimans
2645 2007 2732 2062 illa
2760 2019 2890 2065 ante
2919 2011 3242 2067 Sermonem
3267 2011 3454 2069 fuisse.
3482 2014 3662 2087 Impu—

2081 2096 2298 2151 dentius
2368 2098 2587 2166 insuper
2625 2099 2839 2157 instans
2899 2104 2966 2158 ad
3032 2104 3163 2159 illud
3199 2123 3213 2160 :
3247 2109 3362 2163 «Et
3423 2107 3542 2163 sine
3596 2126 3664 2164 eo

2081 2185 2280 2242 factum
2343 2199 2428 2245 est
2481 2190 2617 2246 nihil
2671 2191 2781 2261 ¹⁸,»
2831 2210 3006 2265 neque
3059 2199 3268 2253 veritus
3317 2200 3496 2255 illud:
3538 2202 3661 2259 «Ne

2079 2280 2355 2337 addideris
2401 2284 2747 2343 sermonibus
2798 2287 2941 2356 ejus,
2993 2305 3062 2346 ne
3115 2306 3166 2345 te
3219 2291 3550 2363 redarguat,
3607 2306 3665 2350 et

2083 2374 2312 2428 mendax
2345 2374 2421 2430 sis
2457 2377 2521 2441 ιο,
2542 2395 2560 2426 ι
2577 2375 2651 2431 illi
2671 2381 2807 2444 voci,
2833 2382 2980 2448 nihil,
3005 2383 3174 2452 addit,
3199 2403 3216 2436 ‹
3239 2399 3425 2440 eorum
3446 2402 3566 2455 cpias
3608 2389 3662 2442 in

2081 2465 2284 2521 nmndo
2334 2477 2459 2523 sunt
2510 2478 2564 2523 et
2618 2471 2671 2524 in
2724 2471 2828 2527 hac
2867 2473 3196 2530 conditione.
3243 2494 3264 2529 ι
3309 2477 3376 2532 Et
3402 2482 3662 2548 quoniam

2081 2565 2328 2624 apertum
2356 2566 2440 2612 est
2470 2559 2616 2614 dicta
2648 2561 2817 2628 ipsius
2848 2564 3003 2619 valde
3044 2579 3237 2622 coacta
3264 2583 3406 2634 esse,
3441 2581 3664 2640 praeter-

2080 2663 2184 2717 que
2237 2652 2567 2708 evidentiam
2607 2657 2992 2724 pronuntiala,
3040 2659 3086 2712 si
3136 2675 3256 2727 qua:
3308 2661 3423 2732 ipse
3481 2663 3664 2720 divina

2080 2741 2351 2810 opinatur,
2384 2743 2748 2802 exeluduntur
2785 2764 2815 2802 a
2864 2763 2995 2803 voce
3043 2752 3302 2812 omnium,
3357 2768 3477 2822 qua:
3532 2770 3665 2812 vero

2080 2843 2210 2886 sunt
2263 2835 2520 2904 Opinione
2573 2852 2671 2893 sua
2726 2839 2952 2896 omnino
3005 2843 3385 2911 corruptibilia
3441 2847 3665 2914 proprie

2082 2924 2338 2982 dicuntur
2369 2929 2568 2994 omnia,
2609 2945 2716 2985 non
2762 2931 3161 2988 immorandum
3189 2935 3348 2990 nobis
3380 2946 3462 2990 est
3498 2937 3551 2992 in
3580 2939 3665 2996 bis

2082 3015 2428 3073 confutandis
2472 3033 2594 3089 qua:
2623 3033 2691 3074 cx
2733 3034 2793 3075 se
2813 3022 3206 3077 absurditatem
3239 3039 3350 3094 pra:
3379 3042 3436 3080 se
3460 3028 3663 3087 lerunt.

397 3119 519 3172 οὐδὲ
556 3118 635 3187 ἒν,
676 3139 695 3172 ι
737 3121 1096 3193 προστιθέντα
1134 3122 1295 3175 αὐτὸν
1328 3120 1457 3177 ἄνευ
1492 3118 1843 3190 παραμυθίας
1880 3117 1975 3188 τῆς

2083 3105 2253 3174 Quale
2296 3118 2380 3162 est
2431 3107 2562 3163 illud
2611 3111 2774 3165 etiam
2838 3113 3006 3182 quod,
3062 3114 3345 3185 Scriptura
3397 3119 3664 3175 dicente:

395 3211 509 3264 ἀπὸ
551 3212 651 3282 τῆς
697 3212 919 3284 Γραφῆς
959 3212 1052 3266 τόδ
1106 3231 1126 3265 ι
1171 3212 1291 3266 Τῶν
1323 3213 1381 3266 ὲν
1426 3212 1504 3284 τῷ
1553 3212 1743 3282 κόσμῳ
1785 3212 1878 3265 καὶ
1910 3213 1976 3281 τῇ

399 3302 609 3366 κτίσει,
674 3323 692 3356 ι
747 3304 881 3376 μηδὲ
937 3303 1073 3376 μετὰ
1139 3304 1497 3376 πιθανότητος
1545 3303 1975 3375 ἀποφαίνεσθαι,

397 3395 748 3449 πιστεύεσθαι
791 3395 1044 3460 ἀξιοῦντα
1080 3396 1280 3467 ὁμοίως
1324 3397 1631 3468 προφήταις
1673 3397 1706 3467 ἢ
1749 3396 1980 3451 ἀποστό-

397 3485 512 3549 λοις
567 3489 678 3550 τοῖς
733 3489 847 3558 μετ’
906 3487 1154 3552 ἐξουσίας
1214 3488 1308 3542 καὶ
1373 3485 1758 3550 ἀνυπευθύνως
1813 3504 1981 3540 κατα-

397 3574 645 3629 λείπουσι
673 3578 786 3640 τοίς
814 3577 937 3630 καθ’
977 3577 1176 3641 αὐτοὺς
1217 3577 1312 3631 καὶ
1345 3576 1461 3647 μεθ’
1498 3577 1696 3639 αὐτοὺς
1736 3577 1980 3648 σωτήρια

396 3667 721 3738 γράμματα.
757 3669 878 3722 Ἔτι
899 3669 954 3723 δὲ
983 3669 1129 3732 ίδίως
1163 3670 1258 3723 καὶ
1284 3667 1407 3721 τοῦθ
1439 3687 1458 3719 ι
1493 3669 1679 3722 Πάντα
1718 3668 1784 3721 δι’
1813 3667 1977 3724 αὑτοῦ

397 3757 634 3826 ἐγένετο,
660 3777 678 3810 ›
701 3759 981 3830 ἐξήκουσε,
1001 3759 1224 3828 φάσκων
1247 3759 1337 3812 τὸν
1356 3758 1455 3831 τὴν
1479 3759 1657 3815 αἰτίαν
1678 3759 1981 3831 παρασχόν-

397 3869 468 3905 τα
486 3853 584 3924 τῆς
606 3853 872 3922 γενέσεως
896 3853 989 3907 τοῦ
1016 3855 1222 3925 κόσμου
1253 3853 1328 3925 τῷ
1355 3853 1681 3925 Δημιουργῷ
1699 3853 1790 3906 τὸν
1809 3854 1979 3922 Λόγον

395 3944 526 3997 ὄντα
572 3940 708 3998 εῖναι
732 3945 866 4016 (45),
899 3947 959 3999 οὐ
1003 3947 1094 4000 τὸν
1131 3947 1232 4015 ἀφ’
1260 3941 1354 4011 οὗ,
1381 3946 1414 4017 ἢ
1444 3947 1543 4014 ὑφ’
1584 3941 1678 4008 οὗ,
1712 3943 1846 3999 άλλά
1886 3944 1979 3998 τὸν

395 4034 471 4088 δι’
499 4031 594 4102 οὗ,
629 4038 755 4109 περὶ
785 4038 894 4091 τῶν
929 4039 987 4092 έν
1014 4041 1079 4110 τῇ
1111 4037 1368 4110 συνηθείᾳ
1405 4039 1604 4110 φράσιν
1632 4037 1742 4108 (44)
1766 4037 1980 4108 ἐκδεχό-

400 4145 560 4199 μενος
591 4129 653 4181 τὺ
693 4129 1093 4202 γεγραμμένον.
1133 4131 1197 4183 Ei
1236 4130 1366 4200 γὰρ,
1402 4128 1479 4193 ὡς
1519 4132 1649 4191 νοεῖ,
1681 4131 1714 4200 ὴ
1754 4127 1978 4200 ἀλήθεια

393 4220 504 4274 τῶν
531 4223 870 4294 πραγμάτων
900 4219 988 4294 ἦν,
1015 4223 1122 4278 ἔδει
1154 4222 1244 4277 διὰ
1275 4223 1370 4277 τοῦ
1399 4222 1739 4295 Δημιουργοῦ
1776 4223 1980 4295 γεγρά-

395 4313 526 4383 φθαι
559 4315 736 4368 πάντα
765 4315 1045 4384 γεγονέναι
1075 4315 1180 4369 ὑπὸ
1208 4315 1302 4370 τοῦ
1329 4315 1527 4384 Λόγου,
1552 4316 1672 4386 οὐχὶ
1691 4315 1746 4369 δὲ
1772 4317 1979 4370 ἀνάπα-

394 4402 478 4455 λιν
502 4402 588 4456 διὰ
609 4404 702 4458 τοῦ
724 4405 898 4474 Λόγου
929 4406 1032 4459 ὑπὸ
1059 4405 1153 4459 τοῦ
1176 4405 1540 4478 Δημιουργοῦ.
1567 4407 1675 4463 Καὶ
1695 4409 1856 4477 ἡμεῖς
1881 4407 1976 4478 μὲν

2089 3217 2106 3249 ι
2137 3197 2200 3252 Et
2230 3198 2349 3254 sine
2375 3199 2492 3269 ipso
2533 3199 2738 3256 factum
2793 3213 2874 3257 est
2932 3205 3087 3270 nihil,
3115 3225 3133 3257 ι
3185 3208 3302 3277 ipse
3348 3211 3499 3265 addit
3547 3211 3665 3265 sine

2083 3292 2404 3344 auctoritate
2431 3292 2727 3363 Scriptura:
2755 3313 2768 3349 :
2799 3313 2817 3346 ι
2851 3296 3047 3351 Eorum
3081 3314 3202 3366 quae
3229 3312 3356 3355 sunt
3383 3303 3435 3356 in
3465 3304 3664 3360 mundo

2082 3391 2135 3434 et
2163 3383 2474 3448 creatione,
2511 3401 2529 3435 ι
2577 3385 2719 3453 quod
2753 3401 2931 3456 neque
2968 3403 3090 3442 cum
3123 3391 3507 3458 probabilitate
3539 3412 3664 3464 pro-

2083 3473 2330 3539 nuntiat,
2361 3476 2455 3529 sed
2496 3475 2717 3547 dignum
2748 3492 2806 3531 se
2838 3490 2993 3547 putat
3032 3481 3118 3535 cui
3151 3497 3258 3537 non
3306 3499 3463 3541 secus
3499 3499 3664 3558 atque

2081 3564 2360 3633 prophetis
2389 3567 2470 3621 vel
2491 3568 2747 3636 apostolis
2771 3572 3045 3639 credatur,
3076 3576 3166 3643 qui
3191 3591 3313 3629 cum
3335 3581 3665 3636 auctoritate

2081 3665 2136 3710 et
2171 3658 2444 3726 inculpate
2496 3659 2836 3730 reliquerunt
2877 3665 2958 3719 sui
3003 3667 3275 3722 similibus
3326 3684 3390 3723 ac
3426 3675 3664 3740 posteris

2080 3750 2194 3806 suis
2239 3750 2504 3806 salutaria
2552 3755 2786 3823 scripta.
2819 3755 2938 3811 Jam
2973 3773 3103 3813 vero
3147 3770 3202 3814 et
3255 3763 3358 3817 hoc
3412 3764 3614 3819 dictum
3642 3782 3662 3823 :

2087 3861 2105 3894 ι
2137 3842 2333 3898 Omnia
2389 3860 2485 3914 per
2531 3845 2709 3914 ipsum
2747 3849 2890 3904 facta
2934 3861 3106 3919 sunt,
3139 3873 3158 3904 ι
3199 3854 3451 3922 privatim
3498 3865 3664 3926 atque

2081 3949 2237 3990 secus
2283 3953 2447 4006 quam
2477 3937 2566 3992 alii
2603 3943 2854 4009 exposuit
2883 3943 3070 3998 dicens
3096 3987 3110 4010 ,
3162 3945 3482 4002 Sermonem
3537 3965 3662 4005 eum

2081 4044 2200 4084 esse
2251 4030 2342 4099 qui
2397 4045 2617 4085 causam
2692 4036 2988 4103 praebuerit
3047 4041 3418 4108 generationis
3475 4044 3663 4101 mundi

2078 4121 2186 4194 67
2217 4120 2432 4190 Opiﬁci,
2457 4137 2556 4176 nec
2580 4131 2758 4178 tamen
2790 4124 3044 4183 Sermoni
3077 4140 3390 4200 competere
3417 4135 3660 4203 particuo-

2080 4214 2185 4268 lam
2219 4231 2251 4268 ο
2274 4231 2375 4284 quo
2405 4214 2486 4269 vel
2519 4232 2584 4270 ea:
2606 4233 2734 4286 quo,
2781 4221 2874 4273 sed
2906 4237 2998 4287 per
3031 4238 3182 4290 quem
3210 4263 3226 4288 ,
3273 4239 3554 4295 exponens
3602 4228 3658 4282 id

2079 4310 2222 4377 quod
2251 4308 2514 4378 scriptum
2549 4320 2652 4375 est,
2683 4310 2922 4378 phrasim
2946 4329 3066 4368 esse
3095 4326 3447 4385 consuetam;
3483 4320 3578 4374 sed
3611 4320 3659 4375 si

2083 4412 2262 4450 rerum
2293 4398 2492 4453 veritas
2525 4409 2666 4465 erat,
2699 4410 2761 4454 ut
2804 4400 2918 4471 ipse
2948 4414 3124 4472 putat,
3176 4407 3438 4477 scriptum
3489 4407 3661 4466 fuisse

391 4495 485 4565 τῇ,
511 4493 586 4548 δι’
629 4491 725 4560 οὗ,
751 4497 1085 4568 χρησάμενοι
1123 4497 1430 4562 ἀκολούθως
1462 4501 1529 4570 τῇ
1566 4497 1842 4570 συνηθείᾳ,
1877 4499 1975 4552 οὐκ

2082 4490 2345 4558 Oportuit,
2400 4492 2582 4549 omnia
2625 4505 2724 4560 per
2783 4492 3049 4564 Opiﬁcem
3084 4495 3226 4551 facta
3260 4499 3430 4554 fuisse
3461 4515 3490 4552 a
3530 4500 3659 4555 Ser—

391 4585 708 4658 ἀμάρτυρον
740 4588 839 4658 τὴν
871 4588 1092 4660 ἐκδοχὴν
1134 4589 1427 4660 ἀφήκαμεν
1447 4606 1459 4618 ·
1504 4590 1711 4653 ἐκεῖνος
1739 4589 1797 4643 δὲ
1837 4590 1976 4660 πρὸς

391 4674 456 4726 τὸ
490 4673 564 4745 μὴ
609 4677 1107 4749 παραμεμυθῆσθαι
1143 4678 1251 4731 ἀπὸ
1286 4678 1393 4732 τῶν
1436 4678 1595 4732 θείων
1623 4677 1970 4749 Γραμμάτων

391 4766 489 4819 τὸν
528 4766 650 4820 καθ’
679 4768 869 4821 ἑαυτὸν
894 4767 1038 4836 νοῦν,
1069 4771 1320 4839 φαίνεται
1354 4770 1470 4841 (45)
1508 4752 1602 4824 καί.
1627 4770 1972 4834 ὑποπτεύσας

389 4858 454 4911 τὸ
494 4859 710 4930 ἀληθὲς,
739 4861 832 4914 καὶ
864 4861 1094 4926 ἀναιδῶς
1125 4862 1274 4932 αὐτῷ
1297 4861 1638 4932 ἀντιϐλέψας.
1672 4863 1810 4934 Φησὶ
1840 4861 1969 4934 γὰρ,

391 4951 477 5002 ὅτι
509 4952 608 5022 οὐχ
651 4952 727 5016 ὡς
759 4953 848 5006 ὑπ’
898 4952 1056 5008 ἄλλου
1101 4954 1448 5026 ἐνεργοῦντος
1500 4955 1662 5018 αὐτὸς
1715 4955 1885 5010 ἐποίει
1942 4956 1970 5009 ὁ

468 5067 508 5100 ⁸⁷
531 5066 689 5123 Joan.
723 5084 763 5136 ι,
795 5067 851 5124 3.
930 5070 973 5101 ’⁸
1002 5069 1132 5123 ibid.
1212 5072 1254 5103 "
1285 5069 1443 5126 Prov.
1471 5083 1598 5135 xxx,
1633 5074 1685 5128 6.

463 5162 574 5234 (ὅθ)
622 5162 1010 5230 Ἡρακλέωνα.
1062 5176 1168 5221 etc.
1234 5165 1308 5220 De
1357 5165 1691 5219 lleracleone
1738 5166 1960 5233 ejusque

390 5235 662 5304 dogmatis
709 5234 888 5304 videre
924 5244 1005 5287 est
1036 5235 1176 5302 apud
1223 5235 1480 5291 lremeum
1518 5236 1609 5289 lib.
1645 5251 1707 5296 Il,
1737 5251 1859 5304 cap.
1896 5237 1960 5300 Al;

389 5303 787 5359 Tertullianum
812 5303 1188 5374 Deprwrcript.
1208 5309 1412 5361 advers.
1435 5311 1643 5366 lucrm,
1663 5321 1784 5374 cap.
1803 5303 1892 5367 49,
1909 5317 1965 5358 et

389 5375 593 5456 cap._fl,
625 5375 832 5427 advers.
875 5372 1078 5430 Valent.
1105 5372 1125 5440 ἐ
1168 5377 1522 5447 Epiphanium
1554 5372 1741 5430 haeres.
1773 5389 1961 5441 xxxvr,

392 5443 788 5601 εῗᾶᾏῗδάοᾱει
845 5516 1204 5583 Bodleianus,
1263 5516 1593 5586 Διαφέροντα
1638 5514 1746 5586 γάρ
1798 5530 1962 5584 φησιν

392 5585 455 5637 ού
483 5585 592 5649 τόν,
623 5596 730 5638 etc.
1438 5585 1447 5586 ί
1717 5585 1725 5586 ί

469 5655 582 5723 (41)
615 5655 944 5710 Bodleianus
994 5667 1047 5709 et
1081 5656 1426 5720 Barberinus,
1483 5654 1614 5726 μηδὲ
1641 5655 1972 5726 εὐλαϐούμε-

393 5743 520 5798 νοις,Δ
540 5726 762 5798 μεθίεις,
797 5729 870 5798 μὴ
896 5727 1120 5780 εὐλαϐού
1130 5744 1306 5797 μενος.

472 5795 586 5865 ιιξ)
619 5795 941 5852 Bodleiauus
982 5809 1036 5850 et
1068 5795 1416 5863 Barbcrinus,
1441 5796 1751 5866 ἐνάργειαν,
1786 5797 1972 5868 sicque

603 5890 879 5953 PATROL.
922 5891 1039 5950 Gn.
1089 5890 1256 5952 XIV.

2083 4597 2264 4647 mone,
2309 4598 2414 4637 non
2445 4583 2560 4638 vice
2591 4599 2746 4637 versa
2790 4600 2886 4654 per
2933 4585 3254 4645 Sermonem
3312 4591 3380 4645 ab
3427 4589 3651 4659 Opilice.

2080 4674 2147 4728 Et
2197 4691 2296 4732 nos
2341 4677 2562 4745 quidem
2608 4695 2732 4734 cum
2770 4679 2850 4734 usi
2895 4696 3082 4736 sumus
3116 4684 3306 4737 vocula
3348 4702 3442 4752 per
3479 4700 3652 4755 quem,

2081 4767 2304 4836 perinde
2355 4779 2517 4839 atque
2573 4771 2704 4838 facit
2757 4775 3127 4838 consuetudo,
3186 4792 3292 4830 non
3351 4779 3470 4832 sine
3516 4787 3655 4834 teste

2080 4862 2473 4929 expositionem
2507 4865 2836 4919 dimisimus.
2877 4866 2946 4919 At
2977 4881 3104 4929 vero
3136 4867 3246 4929 ille,
3289 4877 3650 4939 praeterquam

2080 4953 2222 5023 quod
2250 4967 2401 5007 suam
2428 4955 2736 5024 opiuioncu‘t
2765 4972 2796 5012 e
2821 4956 3020 5012 divinis
3054 4958 3354 5028 Scripturis
3385 4976 3492 5016 non
3521 4977 3654 5016 con-

2076 5164 2202 5232 legit
2258 5163 2576 5241 Ferrarius;
2622 5165 2791 5220 codex
2841 5181 2969 5221 vero
3017 5165 3216 5234 Regius
3274 5168 3436 5223 habet
3501 5170 3650 5241 ἐνέρ-

2074 5251 2249 5301 γειαν,
2287 5235 2444 5305 male.
2684 5302 2687 5305 ι

2147 5305 2258 5374 (45)
2293 5300 2464 5376 Elaeae
2495 5306 2647 5360 deest
2684 5302 2748 5359 'in
2784 5308 2970 5361 codice
3012 5307 3198 5376 Regio,
3229 5309 3322 5363 sed
3366 5319 3545 5365 exstat
3593 5327 3645 5364 Ill

2075 5376 2354 5432 codicibus
2393 5374 2680 5430 Bodleiano
2714 5388 2767 5430 et
2799 5374 3114 5433 Barberiuo.

2147 5444 2259 5516 (44)
2285 5444 2464 5516 Codex
2493 5445 2712 5516 Regius,
2744 5449 2926 5516 φασίν.

2146 5514 2256 5586 (45)
2283 5515 2439 5586 Πρὸς
2467 5515 2534 5568 τὸ
2559 5514 2644 5584 μὴ
2676 5514 3205 5586 παραμεμυθῆσθαι
3225 5519 3344 5572 ἀπὸ
3382 5517 3499 5571 τῶν
3527 5520 3647 5574 085-

2083 5583 2166 5638 ωψί
2187 5583 2688 5658 Γραμμάτωνίτὸν
2731 5583 2860 5643 καθ’
2894 5583 3109 5640 ἑαυτὸν
3154 5587 3305 5641 νοῦν
3351 5590 3644 5658 φαίνεται,

2083 5667 2188 5709 etc.
2256 5656 2348 5708 Su:
2404 5658 2544 5708 hunc
2581 5657 2777 5718 locum,
2821 5661 2870 5709 in
2912 5660 3100 5711 codice
3153 5659 3318 5726 ltegio
3355 5656 3640 5726 l'mdatum,

2082 5726 2373 5779 restituunt
2403 5726 2558 5778 codd.
2591 5726 2913 5780 Bodleiauus
2956 5736 3010 5781 et
3040 5727 3398 5794 Barberinus;
3455 5743 3642 5789 verum

2079 5811 2176 5865 pro
2203 5795 2335 5868 πρὸς
2362 5796 2422 5850 τό
2458 5795 2735 5864 legendum
2765 5798 2976 5852 videtur
3006 5798 3139 5870 πρὸς
3163 5797 3257 5869 τῷ.

3301 5889 3338 5950 5
