4174 6444
625 326 725 381 159

2091 314 2418 372 ORIGENIS

3793 325 3892 380 ΗΟ

621 449 828 507 tit-mat,
857 442 1074 496 videtur
1120 447 1176 494 et
1222 436 1531 508 suspicatus
1589 436 1753 492 fuisse
1805 437 2110 500 veritatem,
2146 446 2198 490 ct

2321 436 2508 504 Λόγος,
2531 436 2594 488 ἵν’
2619 436 2760 489 οὕτω
2783 437 2944 507 νοηθῇ
2969 437 3048 500 τὸ,
3079 437 3153 489 δι’
3178 435 3384 500 αὐτοῦ,
3417 436 3532 491 ἀλλ’
3552 439 3714 492 αὑτοῦ
3743 443 3888 514 ἐνερ-

625 540 968 604 impudenter
993 535 1070 588 illi
1091 535 1411 588 adversatus
1446 533 1633 586 dicens
1667 549 1680 584 :
1711 530 1828 585 Non
1867 530 2009 584 enim
2038 529 2204 584 facie-

621 631 708 685 bal
749 631 864 697 ipse
899 627 1117 688 Sermo,
1155 637 1410 693 tanquam
1441 623 1506 676 ah
1533 622 1642 677 alio
1685 632 1944 692 Operante
1991 623 2085 689 (ut
2122 626 2203 677 sic

619 725 1018 793 intelligeretur
1073 719 1264 773 vocula
1296 733 1387 785 per
1421 716 1633 784 quem),
1666 716 1760 769 sed
1802 716 1917 782 ipso
1943 727 2202 784 operante

619 812 761 865 alius
792 808 1045 864 faciebat.
1068 807 1338 862 Caeterum
1361 820 1466 857 non
1503 803 1789 872 praesentis
1824 815 1906 858 est
1943 806 2202 874 temporis

619 898 856 966 probare
905 896 1047 964 quod
1099 893 1285 947 mundi
1318 890 1512 960 Opifcx
1568 902 1624 944 et
1673 891 1969 946 fabricator
2003 893 2200 948 fecerit

619 987 906 1050 mundum,
938 1000 1045 1038 non
1077 983 1249 1037 factus
1277 980 1526 1034 minister
1561 978 1865 1043 Sermonis,
1909 990 1962 1033 et
2007 991 2200 1034 osten-

617 1078 752 1133 dere
783 1077 924 1144 quod
978 1075 1175 1130 Sermo
1198 1113 1212 1132 ,
1254 1083 1310 1124 ut
1367 1069 1613 1122 minister
1645 1067 1903 1138 Opilicis,
1941 1071 2198 1123 mundum

619 1170 945 1224 condiderit.
970 1167 1127 1223 Juxta
1156 1168 1328 1220 David
1369 1168 1512 1220 enim
1551 1166 1873 1234 prophetam
1910 1161 1978 1226 '°,
2012 1181 2030 1212 ι
2061 1163 2200 1216 Deus

617 1259 778 1325 dixit,
821 1269 876 1314 et
911 1259 1054 1312 facta
1107 1267 1271 1323 sunt;
1310 1256 1605 1320 mandavit,
1649 1264 1704 1308 et
1746 1263 1926 1308 creata
1961 1263 2124 1319 sunt;
2172 1271 2191 1303 ι

618 1351 899 1407 mandavit
929 1351 1074 1404 enim
1119 1350 1393 1418 ingenitus
1428 1349 1568 1402 Deus
1618 1347 1985 1416 Primogenito
2017 1346 2198 1400 omnis

616 1454 902 1505 creaturae,
947 1453 1001 1496 et
1042 1451 1225 1496 creata
1263 1451 1408 1504 sunt,
1467 1456 1574 1493 nun
1627 1439 1804 1494 solum
1851 1439 2090 1493 mundus
2143 1447 2199 1492 et

614 1555 739 1609 quas
777 1546 905 1592 sunt
934 1537 985 1589 in
1025 1537 1134 1600 illo,
1169 1550 1355 1588 verum
1389 1535 1550 1586 etiam
1580 1531 1785 1600 reliqua
1808 1532 2010 1597 omnia,
2049 1533 2197 1586 «sive

2311 526 2532 594 γοῦντος
2566 527 2750 598 ἕτερος
2795 528 2987 580 ἐποίει.
3039 528 3114 580 Οὑ
3147 526 3241 579 τοῦ
3287 529 3553 600 παρόντος
3595 528 3651 581 δὲ
3704 531 3893 602 καιροῦ

2310 617 2524 686 ἐλέγξαι
2565 619 2648 682 τὸ,
2690 619 2764 690 μὴ
2794 620 2883 672 τὸν
2911 621 3253 692 Δημιουργὸν
3287 621 3566 693 ὑπηρέτην
3603 622 3699 675 τοῦ
3725 624 3896 692 Λόγου

2309 710 2671 780 γεγενημένον
2723 712 2814 764 τὸν
2871 712 3073 782 κόσμον
3128 712 3506 781 πεποιηκέναι,
3544 714 3636 766 καὶ
3679 714 3896 768 ἀποδει-

2311 801 2407 854 κνύ
2419 819 2519 867 ναι,
2543 803 2621 856 ὅτι
2644 803 2921 874 ὑπηρέτης
2938 803 3032 856 τοῦ
3056 804 3398 876 Δημιουργοῦ
3429 805 3716 875 γενόμενος
3738 807 3768 858 ὁ
3796 805 3898 862 A6-

2309 908 2403 958 γος
2438 891 2531 944 τὸν
2560 893 2762 963 κόσμον
2792 895 3184 949 κατεσκεύασε.
3223 894 3380 948 Κατὰ
3417 894 3526 966 γὰρ
3557 894 3646 947 τὸν
3681 897 3894 966 προφή-

2307 999 2406 1053 την
2437 984 2624 1036 Δαυῒδ·
2667 1003 2684 1035 ι
2727 985 2785 1036 'U
2818 985 2950 1050 Θεὸς
2986 982 3128 1050 εἷπε,
3175 988 3266 1040 καὶ
3296 987 3658 1058 ἐγενήθησανο
3695 987 3895 1043 ἐνετεί-

2307 1072 2456 1137 λατο,
2489 1075 2583 1126 καὶ
2617 1075 2971 1146 ἐκτίσθησαν·
3011 1096 3028 1127 ι
3059 1077 3360 1130 ἐνετείλατο
3390 1078 3496 1148 γὰρ
3534 1078 3563 1129 ὁ
3601 1077 3896 1150 ἀγέννητος

2307 1166 2437 1230 Θεὸς
2457 1166 2536 1237 τῷ
2562 1169 2898 1239 Πρωτοτόκῳ
2929 1170 3111 1239 πάσης
3146 1171 3396 1232 κτίσεως,
3423 1171 3518 1222 καὶ
3543 1169 3895 1240 ἐκτίσθησαν,

2304 1261 2364 1312 οὐ
2397 1261 2555 1331 μόνον
2585 1263 2612 1314 ὁ
2640 1262 2841 1332 κόσμος
2871 1264 2965 1316 καὶ
2988 1263 3056 1316 τὰ
3085 1266 3140 1316 ἐν
3172 1263 3338 1334 αὐτῷ,
3365 1263 3498 1316 ἀλλὰ
3521 1265 3613 1317 καὶ
3639 1264 3709 1316 τὰ
3736 1263 3899 1318 λοιπὰ

2305 1352 2504 1420 πάντα,
2530 1373 2548 1406 ι
2576 1355 2685 1406 εἴτε
2708 1353 2905 1425 θρόνοι,
2929 1357 3036 1407 εῐτε
3065 1357 3405 1425 κυριότητες,
3439 1356 3548 1409 εἴτε
3572 1357 3740 1426 ἁρχαὶ
3765 1354 3896 1424 με),

2303 1445 2413 1496 εἴτε
2452 1445 2711 1511 ἐξουσίαι·
2760 1446 2937 1499 πάντα
2985 1446 3094 1517 γὰρ
3144 1447 3210 1499 δι’
3241 1446 3404 1500 αὑτοῦ
3454 1448 3548 1500 καὶ
3597 1450 3680 1510 είς
3737 1447 3899 1500 αὑτὸν

2304 1535 2571 1602 ἔκτισται,
2608 1540 2702 1591 κα)⁵
2726 1539 2886 1602 αὑτός
2921 1540 3034 1591 ἐστι
3068 1539 3175 1610 πρὸ
3206 1541 3443 1592 πάντων.
3490 1559 3508 1590 ι

616 1635 820 1698 throni,
855 1634 970 1689 sive
996 1631 1418 1692 dominationes,
1451 1631 1566 1684 sive
1593 1627 1948 1698 principatus,
1973 1629 2089 1684 sive
2122 1640 2419 1700 poteStates
2444 1655 2458 1689 :
2482 1639 2664 1690 omnia
2696 1639 2840 1692 enim
2865 1653 2960 1708 per
2987 1637 3158 1702 illum,
3193 1648 3245 1690 et
3273 1639 3324 1690 in
3348 1638 3500 1691 illum
3521 1647 3710 1692 creata
3734 1644 3893 1692 sunt:

613 1737 672 1783 et
699 1729 813 1798 ipse
839 1737 923 1781 est
947 1736 1074 1780 ante
1108 1727 1290 1780 omnia
1320 1727 1384 1777 “.
1420 1743 1440 1776 ι

688 1827 742 1881 9.
773 1824 854 1878 Ad
893 1825 1008 1878 haac
1032 1823 1084 1876 in
1116 1823 1216 1876 hoc
1246 1821 1448 1875 dictum
1482 1839 1496 1874 :
1541 1839 1558 1872 ι
1587 1820 1654 1875 Ει
1691 1821 1810 1877 sine
1842 1821 1959 1893 ipso
1989 1821 2189 1878 factum
2223 1845 2266 1900 Β

609 1929 700 1974 est
753 1918 888 1972 nihil
920 1920 986 1982 ",
1018 1936 1037 1969 ι
1098 1931 1201 1971 non
1254 1917 1457 1971 intacta
1514 1917 1748 1972 sinenda
1799 1925 1883 1973 est
1915 1919 2094 1973 oratio
2129 1919 2196 1974 de

613 2013 748 2068 vitio
781 2031 795 2067 :
825 2011 1077 2082 quamvis
1122 2010 1268 2064 enim
1307 2009 1601 2064 admodum
1653 2010 1998 2066 dissentanea
2035 2019 2196 2080 atque

610 2104 884 2160 absimilis
939 2116 1064 2157 esse
1118 2101 1391 2165 videatur,
1461 2116 1562 2171 ego
1613 2101 1749 2155 nihil
1807 2101 1981 2157 ferme
2037 2102 2196 2158 facile

609 2196 1070 2252 contemnendum
1099 2207 1220 2248 esse
1251 2207 1468 2248 censeo.
1515 2193 1878 2260 Quaerendum
1920 2194 2065 2250 enim
2113 2205 2198 2251 est

611 2305 682 2344 an
716 2289 881 2344 etiam
910 2287 1101 2341 vitium
1134 2301 1230 2356 per
1257 2284 1414 2355 λόγον
1446 2284 1525 2356 [id
1558 2296 1641 2340 est
1660 2285 1954 2356 rationem]
1996 2285 2195 2341 factum

611 2383 706 2447 sit,
733 2381 1001 2435 sumendo
1034 2395 1176 2434 nunc
1219 2378 1375 2446 λόγον
1412 2377 1503 2450 [id
1532 2387 1615 2433 est
1647 2378 1958 2450 rationem]
1989 2389 2197 2434 attente

610 2485 672 2529 et
709 2473 997 2543 diligenter
1029 2487 1127 2541 pro
1178 2485 1244 2525 eo
1286 2471 1429 2540 λόγῳ
1455 2470 1546 2540 qui
1599 2479 1683 2525 est
1740 2471 1794 2525 in
1842 2487 2190 2540 unoquoque,

612 2565 875 2636 quoniam
904 2575 960 2619 et
993 2566 1110 2632 ipse
1137 2563 1408 2631 ingenitus
1438 2575 1522 2620 est
1555 2563 1785 2635 singulis
1826 2564 1894 2616 ab
1939 2579 2004 2618 eo
2041 2563 2197 2633 Λόγῳ

615 2659 712 2729 qui
746 2668 865 2713 erat
911 2659 961 2712 in
1009 2658 1306 2727 principio.
1345 2657 1525 2726 lnquit
1574 2656 1742 2726 igitur
1781 2655 2074 2724 Apostolus
2105 2656 2194 2708 ":

621 2771 642 2805 ς
684 2752 816 2808 Sine
861 2753 978 2822 lege
1037 2760 1317 2820 peccatum
1376 2760 1462 2805 est
1509 2759 1805 2812 mortuum,
1849 2769 1867 2800 ι
1919 2758 1973 2802 et
2000 2749 2193 2802 addit:

618 2867 641 2899 ς
675 2846 938 2901 Veniente
973 2854 1153 2898 autem
1185 2844 1439 2898 mandato
1465 2883 1481 2907 ,
1519 2852 1804 2913 peccatum
1841 2841 2034 2894 revixit
2075 2841 2140 2899 ³⁸.
2173 2861 2191 2892 i

615 2939 874 2993 universe
902 2938 1101 2992 docens
1133 2937 1197 2990 de
1237 2946 1494 3006 peccato,
1525 2937 1670 3004 quod
1701 2944 1982 3003 peccatum
2024 2933 2196 3002 ipsum

609 3032 819 3087 nullam
854 3031 1056 3086 habeat
1091 3031 1467 3100 operationem
1491 3067 1507 3092 ,
1547 3039 1835 3096 antequam
1879 3026 2066 3081 veniat
2112 3025 2194 3078 lex

611 3135 672 3181 et
696 3124 1036 3179 mandatum.
1067 3121 1305 3176 Proinde
1346 3136 1465 3174 cum
1514 3119 1670 3188 λόγος
1713 3119 1790 3190 [id
1818 3129 1902 3174 est
1943 3117 2102 3189 ratio]
2128 3118 2196 3172 sit

615 3219 803 3288 aliquo
833 3217 994 3271 modo
1019 3216 1101 3270 lex
1133 3223 1188 3270 et
1224 3213 1565 3277 mandatum,
1603 3223 1658 3272 et
1683 3227 1786 3266 non
1815 3213 1888 3266 sit
1915 3220 2193 3280 peccatum
2222 3199 2264 3259 C

610 3327 722 3365 non
751 3309 1055 3365 exsistente
1098 3308 1213 3378 lege
1241 3305 1286 3378 (ι
1323 3315 1606 3375 peccatum
1650 3304 1797 3358 enim
1831 3318 1937 3358 non
1964 3304 2196 3372 imputa-

610 3413 724 3467 tur,
782 3416 905 3456 cum
950 3416 1058 3454 non
1108 3399 1180 3452 sit
1210 3397 1293 3454 lex
1325 3397 1370 3428 "
1399 3398 1468 3467 ι),
1502 3398 1668 3451 etiam
1708 3403 1896 3451 rurSus
1937 3409 2042 3449 non
2093 3395 2197 3450 erit

609 3504 920 3565 peccatum,
947 3493 991 3547 si
1021 3508 1123 3546 non
1159 3492 1230 3544 sit
1258 3490 1420 3557 ratio,
1455 3505 1580 3544 nam
1612 3488 1700 3542 «Si
1733 3502 1840 3543 non
1885 3484 2152 3541 venissem
2174 3523 2189 3549 ,

609 3587 785 3656 inquit
839 3589 906 3652 κ,
964 3594 1017 3641 et
1081 3583 1296 3637 locutus
1328 3583 1408 3637 eis
1445 3582 1667 3636 fuissem
1694 3620 1710 3643 ,
1757 3587 2040 3649 peccatum
2085 3592 2192 3632 non

610 3679 900 3733 baberent.
929 3695 949 3730 ι
981 3675 1096 3748 68
1116 3675 1378 3730 Aufertur
1407 3674 1552 3729 enim
1585 3681 1883 3742 praetextas
1911 3669 2090 3725 omnis
2124 3669 2192 3724 ab

607 3785 676 3824 eo
712 3770 804 3840 qui
837 3768 1073 3823 voluerit
1113 3782 1172 3822 se
1215 3768 1283 3822 de
1310 3774 1536 3836 peccato
1562 3765 1864 3819 defendere
1888 3805 1902 3830 ,
1935 3762 2190 3832 quoniam

605 3862 849 3919 sermoni
887 3871 941 3916 et
968 3861 1165 3914 rationi
1213 3861 1268 3914 in
1314 3874 1374 3914 se
1407 3858 1734 3921 exsistenti,
1776 3854 2193 3924 ostendentique

608 3953 739 4024 quid
775 3951 1072 4022 agendum,
1109 3965 1213 4004 non
1250 3951 1514 4019 paruerit.
1553 3948 1710 4004 Unde
1736 3946 1920 4001 omnia
1951 3945 2036 4000 vel
2077 3943 2192 4000 for-

606 4056 754 4103 tasse
779 4045 942 4101 etiam
972 4045 1086 4113 ipsa
1117 4043 1393 4098 deteriora
1430 4041 1568 4097 facta
1597 4050 1725 4096 sunt
1753 4055 1850 4109 per
1889 4039 2186 4103 rationem,

601 4150 665 4195 et
697 4143 816 4196 sine
855 4140 968 4207 ipsa
1017 4137 1449 4207 (exponentihus
1494 4135 1650 4190 nobis
1689 4134 1991 4204 simplicius
2026 4149 2192 4188 vocu-

597 4230 720 4286 -lam
768 4231 940 4300 nihil)
987 4229 1194 4283 factum
1238 4237 1321 4281 est
1373 4226 1524 4279 nihil.
1582 4224 1693 4280 Nec
1724 4225 1922 4278 rationi
1969 4223 2192 4277 omnino

595 4325 748 4379 'vitio
769 4323 1092 4378 vertendum
1125 4331 1228 4385 est,
1268 4320 1311 4373 si
1353 4319 1536 4372 omnia
1567 4333 1661 4387 per
1692 4318 1865 4387 ipsam
1895 4316 2032 4369 facta
2059 4315 2188 4382 sint,

2369 1827 2489 1880 Ἔτι
2523 1829 2602 1891 εἰς
2632 1828 2720 1882 τό·
2761 1847 2779 1878 ι
2812 1827 2995 1900 Χωρὶς
3027 1825 3194 1880 αὑτοῦ
3229 1825 3446 1894 ἐγένετο
3477 1824 3597 1878 οὐδὲ
3631 1824 3712 1887 ἓν,
3748 1843 3767 1874 ι
3797 1822 3900 1877 οὑκ

2298 1919 2645 1990 ἀγύμναστον
2673 1919 2856 1974 ἐατέον
2908 1921 3002 1972 καὶ
3040 1918 3133 1972 τὸν
3177 1919 3304 1990 περ).
3339 1919 3436 1988 τῆς
3478 1917 3678 1980 κακίας
3708 1915 3897 1984 λόγον·

2299 2014 2403 2068 κᾶν
2437 2015 2545 2086 γάρ
2573 2014 2773 2086 σφόδρα
2806 2013 3168 2084 άπεμφαίνειν
3213 2013 3367 2083 δοκῇ,
3391 2013 3450 2065 οὐ
3488 2012 3630 2066 πάνυ
3664 2031 3720 2064 τι
3749 2011 3901 2068 δοκεῑ

2302 2121 2391 2175 μοι
2420 2105 2893 2174 εὐκαταφρόνητον
2917 2100 3074 2156 εἶναι.
3105 2103 3374 2173 Ζητητέον
3400 2102 3508 2174 γάρ
3537 2104 3585 2154 εί
3615 2103 3712 2155 καὶ
3739 2103 3773 2173 ή
3803 2119 3903 2156 κα·-

2299 2198 2393 2252 κία
2429 2197 2516 2252 διὰ
2561 2197 2655 2250 τοῦ
2698 2197 2856 2266 λόγου
2899 2197 3211 2266 γεγένηται,
3248 2194 3341 2247 νῦν
3398 2195 3558 2263 λόγου
3607 2195 3900 2268 προσεχῶς

2298 2289 2712 2360 λαμβανομένου
2746 2289 2841 2343 τοῦ
2878 2293 2934 2343 ἐν
2963 2289 3197 2359 ἑκάστῳ,
3232 2289 3307 2353 ὡς
3339 2306 3432 2341 και
3470 2288 3633 2352 αὐτὸς
3664 2288 3777 2341 ἀπὸ
3805 2286 3900 2341 τοῦ

2302 2385 2359 2435 ἐν
2382 2384 2524 2454 ἀρχῇ
2541 2383 2713 2451 Λόγου
2740 2383 2956 2454 ἑκάστῳ
2991 2383 3299 2453 γεγένηται.
3319 2383 3456 2454 Φησὶ
3474 2382 3653 2435 τοίνυν
3673 2385 3705 2436 ὁ
3741 2381 3902 2434 Ἀπό-

2302 2473 2504 2536 στολος·
2532 2493 2550 2524 ι
2577 2475 2758 2543 Χωρὶς
2773 2474 2936 2544 νόμου
2953 2473 3192 2544 ἁμαρτία
3220 2474 3408 2544 νεκρά,
3434 2491 3454 2525 ι
3484 2471 3577 2526 καὶ
3605 2471 3898 2542 ἐπιφέρειο

2305 2584 2325 2616 ι
2377 2567 2664 2637 Ἐλθούσης
2701 2567 2759 2620 δὲ
2795 2567 3037 2637 ἐντολῆς,
3072 2567 3104 2637 ἡ
3143 2567 3240 2637 μὲν
3271 2566 3517 2636 ἁμαρτία
3569 2564 3842 2635 ἁνέζησε’
3877 2582 3896 2613 ι

2301 2657 2603 2721 καθολικῶς
2634 2657 2743 2727 (47)
2770 2657 3036 2710 διδάσκων
3073 2658 3198 2728 περὶ
3223 2657 3320 2726 τῆς
3349 2655 3648 2726 ἁμαρτίας,
3679 2656 3758 2718 ὡς
3791 2671 3898 2725 μη·

2298 2751 2488 2820 δεμίαν
2515 2749 2794 2820 ἐνέργειαν
2820 2748 2991 2817 αὐτῆς
3025 2749 3255 2818 ἐχούσης
3283 2747 3410 2818 πρίν
3435 2748 3598 2817 νόμου
3630 2747 3731 2800 καὶ
3753 2747 3904 2798 ἐντο-

2300 2840 2395 2911 λῆς
2415 2857 2428 2869 ⁸
2469 2839 2586 2902 πῶς
2618 2839 2675 2892 δὲ
2709 2838 2849 2909 ἔχων
2883 2841 2911 2891 ό
2942 2837 3096 2907 λόγος
3127 2838 3290 2908 νόμος
3345 2833 3483 2889 εἶναι
3534 2837 3627 2890 καὶ
3683 2835 3900 2908 ἐντολὴ,

2300 2935 2394 2987 καὶ
2425 2935 2526 2988 οὐκ
2560 2934 2626 2987 ἂν
2671 2933 2756 3005 εἴη
2799 2933 3044 3004 ἁμαρτία
3088 2931 3162 3003 μὴ
3212 2931 3363 2994 ὄντος
3408 2931 3594 3001 νόμου,
3626 2929 3901 3004 (ἁμαρτία

2299 3027 2408 3100 γάρ
2461 3027 2535 3098 μὴ
2579 3026 2878 3094 ἐλλογεῖται
2930 3026 3004 3096 μὴ
3039 3024 3191 3088 ὄντος
3217 3024 3380 3094 νόμου
3475 3024 3567 3076 καὶ
3597 3024 3770 3077 πάλιν
3801 3023 3904 3077 οὐκ

2299 3118 2365 3172 ἂν
2413 3119 2498 3190 είη
2557 3118 2825 3190 ἁμαρτία,
2868 3115 2942 3188 μὴ
2990 3116 3141 3179 ὄντος
3189 3116 3380 3184 λόγουο
3411 3136 3428 3168 ι
3459 3116 3521 3168 El
3558 3135 3576 3167 ι
3609 3115 3726 3186 γάρ
3766 3134 3785 3167 ι
3825 3116 3902 3186 μὴ

2296 3207 2458 3283 ἦλθον
2483 3246 2498 3272 ,
2583 3211 2718 3282 φησὶ
2743 3248 2758 3272 ,
2822 3209 2915 3264 καὶ
2961 3211 3199 3282 ἐλάλησα
3241 3213 3445 3274 αὑτοῖς,
3484 3211 3767 3282 ἁμαρτίαν
3799 3211 3905 3266 οὐκ

2298 3300 2443 3376 εἶχον
2491 3303 2623 3375 (48).
2664 3323 2682 3356 ι
2728 3306 2884 3358 Πᾶσα
2936 3306 3045 3378 γὰρ
3095 3306 3364 3377 πρότασις
3425 3307 3750 3376 ἀφαιρεῖται
3807 3303 3904 3358 τοῦ

2299 3395 2625 3467 βουλομένου
2676 3396 2770 3448 ἐπὶ
2831 3398 2896 3467 τῇ
2959 3395 3203 3467 ἁμαρτίᾳ
3245 3395 3696 3463 ἀπολογίσασθαι,
3733 3395 3880 3450 ἐπὰν

2296 3490 2695 3560 ἐνυπάρχοντος
2755 3487 2913 3556 λόγου
2980 3490 3075 3542 καὶ
3133 3489 3588 3561 παραδεικνύντος
3667 3491 3698 3544 ὂ
3753 3508 3874 3562 πρα

2295 3581 2453 3634 κτέον
2484 3581 2616 3651 (49),
2649 3580 2725 3652 μὴ
2764 3581 3020 3653 πείθηταί
3051 3599 3135 3646 τις
3162 3582 3330 3652 αὐτῷ.
3367 3582 3519 3652 Τάχα
3565 3579 3660 3636 οὖν
3716 3583 3905 3637 πάντα

2297 3671 2462 3743 μέχρι
2491 3672 2584 3725 καὶ
2615 3671 2724 3726 τῶν
2751 3673 3008 3747 χειρόνων
3030 3672 3120 3726 διά
3148 3672 3241 3726 τοῦ
3269 3673 3424 3740 λόγου
3446 3673 3768 3744 γεγένηται,
3805 3675 3904 3728 καὶ

2294 3766 2460 3837 χωρὶς
2495 3765 2660 3820 αὑτοῦ
2705 3765 3092 3838 (ἁπλούστερον
3135 3765 3293 3837 ἡμῶν
3341 3766 3808 3837 ἐκλαμϐανὸντων
3838 3767 3905 3821 τὸ

2293 3858 2494 3928 οὐδὲν)
2537 3860 2754 3928 ἐγένετο
2797 3858 2971 3912 οὐδέν.
3019 3859 3126 3912 Καὶ
3163 3859 3224 3910 οὑ
3252 3859 3468 3922 πάντως
3495 3859 3574 3930 τῷ
3612 3858 3768 3931 λόγῳ
3803 3861 3902 3929 ἐγ-

2293 3949 2518 4022 κλητέον
2539 3953 2588 4005 εί
2619 3952 2795 4006 πάντα
2825 3951 2890 4005 δι’
2915 3950 3078 4004 αὑτοῦ
3116 3950 3355 4019 ἐγένετο,
3389 3954 3481 4004 καὶ
3516 3955 3691 4022 χωρὶς
3725 3949 3903 4006 αὑτοῦ

2293 4044 2513 4112 ἐγένετο
2569 4043 2682 4115 (50)
2712 4043 2830 4096 οὐδὲ
2865 4044 2956 4096 ἐν·
3003 4044 3078 4107 ὡς
3119 4043 3242 4096 οὑδέ
3279 4043 3570 4114 ἐγκλητέον
3616 4045 3700 4115 τῷ
3750 4045 3903 4099 διδα-

2296 4135 2480 4206 σκάλῳ
2517 4134 2904 4207 παραδείξαντι
2932 4136 3000 4190 τὰ
3025 4136 3212 4189 δέοντα
3250 4136 3328 4206 τῷ
3370 4137 3717 4207 μανθάνοντι,
3753 4137 3902 4192 ἐπὰν

2293 4228 2380 4280 διὰ
2401 4227 2470 4281 τὰ
2497 4228 2686 4281 τούτου
2731 4227 3029 4299 μαθήματα
3064 4228 3259 4298 μηκέτι
3290 4229 3451 4292 τόπος
3487 4228 3901 4301 καταλείπηται

2293 4318 2370 4390 τῷ
2409 4320 2775 4392 ἁμαρτάνοντι
2828 4319 3142 4387 ἀπολογίας,
3192 4319 3268 4382 ὡς
3321 4320 3447 4391 περὶ
3499 4319 3751 4387 ἀγνοίας,
3800 4320 3902 4374 καὶ

593 4424 667 4470 -et
695 4415 816 4469 sine
844 4415 961 4483 ipsa
993 4413 1192 4466 factum
1219 4410 1290 4463 sit
1319 4409 1452 4463 nihil
1491 4424 1504 4462 :
1537 4403 1996 4476 quemadmodum
2015 4416 2190 4470 neque

2300 4414 2528 4484 μάλιστα
2574 4413 2669 4468 ἐὰν
2708 4414 2990 4484 νοήσωμεν
3022 4411 3339 4465 διδάσκαλον
3380 4411 3475 4464 τοῦ
3518 4411 3902 4483 μανθάνοντος

594 4507 880 4577 magistro
904 4505 1037 4560 vitio
1055 4502 1379 4559 vertendum
1409 4509 1513 4565 est,
1560 4498 1652 4568 qui
1681 4495 1912 4551 discenti
1943 4508 2188 4549 necessa-

2300 4506 2610 4580 ἀχώριστον.
2644 4509 2820 4561 υίονεὶ
2856 4506 2965 4578 γὰρ
3009 4504 3322 4568 διδάσκαλος
3369 4503 3464 4557 τοῦ
3521 4503 3901 4575 μανθάνοντος

597 4603 692 4657 ria
707 4555 1050 4663 Dostenderit,
1076 4613 1199 4653 cum
1230 4603 1452 4665 propter
1479 4591 1642 4660 hujus
1671 4588 1984 4660 disciplinas
2012 4585 2187 4640 nullus

2300 4555 2591 4674 '1;tb;tat6;
2623 4602 2835 4662 ἐστιν,ὁ
2865 4555 3184 4670 ἐνὺπάρχων
3217 4601 3283 4668 τῇ
3301 4555 3475 4666 ,φύσει
3507 4555 3618 4648 τῶν
3645 4555 3901 4666 λογικῶν

591 4691 941 4750 defensionis
1001 4689 1247 4760 peccanti
1303 4687 1628 4756 relinquitur
1680 4685 1879 4751 locus,
1961 4679 2187 4753 perinde

2300 4694 2466 4762 λόγος,
2495 4693 2580 4745 ἀεὶ
2627 4691 2945 4744 ὑποδάλλων
2974 4691 3042 4744 τά
3075 4689 3348 4762 πρακτέα,
3401 4688 3505 4741 κᾶν
3551 4689 3901 4758 παρακούω-

589 4785 763 4857 -quasi
793 4783 1146 4854 ignoraverit,
1175 4779 1660 4850 idque-praesertim
1679 4818 1694 4843 ,
1728 4780 1775 4834 si
1803 4770 2172 4834 considerave-

2300 4802 2388 4855 μεν
2422 4783 2583 4838 αὑτοῦ
2616 4783 2725 4836 τῶν
2758 4782 3006 4846 ἐντολῶν,
3043 4781 3367 4844 ἐπιδιδόντες
3386 4780 3584 4844 αὐτοὺς
3615 4783 3742 4845 ταῐς
3769 4782 3902 4853 ἠδο-

607 4879 778 4932 rimus
811 4877 1131 4947 magistrum
1158 4889 1186 4926 a
1223 4873 1472 4928 discente
1499 4870 1928 4943 inseparabilem
1967 4889 1981 4926 :
2018 4871 2183 4927 veluti

2300 4880 2423 4941 ναῖς,
2452 4878 2546 4930 καὶ
2576 4875 3068 4947 παραπεμπόμενοι
3106 4873 3204 4938 τὰς
3256 4872 3480 4943 ἀρίστας
3529 4871 3697 4925 αὑτοῦ
3749 4889 3902 4944 συμ-

588 4971 751 5025 enim
789 4969 1052 5040 magister
1083 4965 1558 5036 inseparabilisest
1589 4980 1617 5018 a
1641 4964 1911 5030 discente,
1934 4966 2015 5020 sic
2042 4965 2183 5020 ratio

2300 4966 2496 5030 Ξουλάς.
2537 4967 2748 5037 Ὠσπερ
2795 4965 2853 5018 δὲ
2903 4964 3152 5036 ὑπηρέτῃ
3197 4961 3278 5033 τῷ
3325 4960 3588 5032 ὀφθαλμῷ
3643 4963 3746 5016 ἐπὶ
3776 4967 3902 5028 τοῖς

609 5067 664 5118 in
693 5076 1020 5132 unoquoque
1047 5063 1138 5130 qui
1173 5059 1403 5114 rationis
1435 5071 1518 5114 est
1549 5074 1773 5129 compos
1798 5097 1815 5124 ,
1857 5059 2182 5114 naturaliter

2300 5061 2591 5132 κρείττοσιν
2633 5061 2765 5131 ἡμῖν
2814 5057 3202 5128 γεγενημένῳ,
3252 5054 3348 5108 καὶ
3399 5054 3484 5122 ἐφ’
3531 5047 3607 5107 ὧν
3655 5054 3723 5106 οὑ
3790 5073 3901 5110 κα-

590 5157 897 5220 oxsistens,
923 5170 1140 5224 semper
1170 5153 1376 5222 agenda
1408 5166 1710 5223 suggerens
1737 5193 1752 5216 ,
1790 5152 1963 5207 etiam
1994 5152 2039 5207 si
2073 5166 2181 5207 non

2300 5151 2398 5216 λῶς
2425 5152 2536 5222 (51)
2563 5151 2780 5222 ὁρῶμεν
2807 5147 3089 5221 χρώμεθα,
3123 5145 3324 5218 ὁμοίως
3347 5146 3441 5200 καὶ
3469 5148 3534 5218 τῇ
3561 5147 3728 5218 ἀκοῇ,
3756 5147 3902 5202 ὃταν

595 5321 654 5353 υ
673 5248 1098 5375 ῗοξξῗξίιέἓοι
1128 5247 1183 5302 9ο
1294 5247 1336 5277 ¹¹
1371 5245 1578 5302 Coloss.
1611 5261 1651 5310 I,
1687 5245 1777 5313 16,
1813 5245 1902 5300 l7.
2008 5246 2054 5276 ”
2083 5244 2240 5300 loan.
2264 5261 2310 5309 ι,
2332 5247 2385 5302 3.
2483 5244 2531 5277 ³³
2553 5243 2712 5299 Rom.
2741 5260 2836 5310 vn,
2870 5243 2923 5297 8.
3017 5241 3067 5274 "
3100 5241 3230 5297 ibid.
3266 5239 3320 5295 9.
3421 5240 3466 5273 ³⁸
3493 5237 3654 5296 Rom.
3692 5255 3753 5306 ν,
3798 5242 3894 5296 13.

717 5336 841 5374 oan.
877 5335 966 5383 xv,
996 5335 1086 5372 zz.

669 5413 789 5540 (46)
816 5413 954 5468 Εττε
975 5412 1171 5490 ἀρχαί.
1207 5412 1331 5493 Haec
1354 5411 1549 5466 desunt
1572 5410 1842 5491 in_codice
1860 5408 2181 5473 Bodleiano,
2367 5404 2480 5472 (i9)
2514 5401 2606 5457 Sic
2633 5400 2790 5457 codd.
2819 5398 3138 5455 Bodleianus
3167 5409 3222 5452 et
3248 5394 3612 5462 Barberinus;
3645 5394 3896 5468 Regius.

738 5486 988 5540 leguntur
1022 5501 1073 5536 in
1105 5483 1404 5538 Barhertno
1429 5493 1483 5536 et
1515 5481 1702 5540 Regio.
1885 5533 1888 5536 4
2292 5477 2354 5530 τὸ
2386 5471 2679 5540 πρακτέον.
3049 5537 3073 5540 _
3122 5537 3133 5540 _
3194 5535 3206 5540 _
3420 5534 3462 5540 __
3603 5534 3618 5540 _
3837 5537 3849 5540 _

605 5471 703 5541 sed
738 5471 1483 5554 leguntur'it'i'liarlierinoiet
1515 5481 1718 5554 Regios
1885 5533 1888 5536 ,
1930 5549 1941 5554 _
2115 5548 2128 5554 _
2169 5471 2176 5473 ὴ

2300 5477 2354 5530 τὸ
2379 5471 2679 5546 πρακτέον.

2373 5545 2466 5554 ...ιη
2518 5546 2558 5554 -.
2605 5541 2615 5554 .
2796 5541 2808 5554 .
2945 5540 2958 5554 .
3046 5537 3074 5548 -
3121 5537 3135 5554 .
3189 5535 3271 5554 ,η
3327 5553 3338 5554 ,
3420 5534 3542 5554 η..-
3593 5534 3793 5554 λ---,--
3836 5537 3849 5554 ς

679 5534 1196 5626 ῐιὲιῖὶξάθὸλιέξῶςζ
1216 5534 1296 5626 VI
1318 5534 1508 5626 ﬁco_tlex_
1543 5534 1863 5606 Bodleianus
1885 5534 2188 5626 [sicquele-

2363 5534 2475 5626 (ᾅὺ)
2509 5541 2638 5626 ξςαὶ,
2669 5541 2848 5626 χωρὶς
2891 5537 3077 5626 uoto?
3108 5535 3365 5626 ἐγένετο.
3418 5534 3546 5626 llaec
3573 5534 3800 5626 ldestitit
3835 5537 3876 5588 ir

601 5605 693 5681 nit.
713 5605 1031 5686 ἰίέτὶἱίιιίιὶξέ
1061 5605 1113 5676 in
1133 5605 1349 5679 ’codiee'
1375 5605 1547 5691 Regio
1594 5605 1697 5676 nec
1748 5635 1852 5675 non
1889 5605 2185 5675 Barberino
2290 5605 2705 5691 codicellegio,
2749 5605 2850 5666 sed
2902 5605 3220 5679 supplentur
3265 5623 3331 5662 ex
3364 5605 3522 5660 codd.
3569 5605 3862 5661 Bodleian-

601 5695 807 5760 .legitur
833 5694 1135 5747 καθολικόν.
1463 5686 1488 5691 ”
1815 5759 1840 5760 7

2300 5698 2344 5741 et
2376 5686 2695 5760 Barbrrino.

683 5746 792 5830 (48)
825 5746 1025 5831 Εἶχον.
1083 5765 1156 5817 tta
1191 5764 1359 5819 codex
1411 5762 1778 5825 Bodleianus;
1814 5759 2011 5833 Regius
2051 5775 2182 5817 vero
2363 5756 2476 5825 (51)
2506 5755 2588 5833 0i)
2613 5750 2830 5833 καλῶς.
2892 5749 2968 5832 ita
3014 5749 3370 5833 regentiahet
3415 5746 3892 5833 codexnls‘arberi-

603 5843 662 5887 et
687 5817 1033 5898 Βυιίιωιίῖιιιε,
1060 5817 1358 5899 είγοσανίί
1463 5817 1508 5820 Γ
1561 5817 1588 5818 Π
1640 5817 1664 5818 Π
1769 5817 1778 5825 ’
1882 5817 1924 5833 Μ
1960 5817 2004 5818 δέ

2300 5817 2421 5890 nus,
2450 5817 2590 5881 male
2621 5840 2748 5882 vero
2775 5823 2974 5891 llegius
2997 5829 3051 5879 et
3078 5820 3422 5888 Bodleianus,
3451 5818 3549 5871 οὑκ
3575 5817 3785 5882 ἄλλως.
