4174 6434
405 390 495 448 Nl
1496 389 1852 444 COMMENT.
1897 389 1961 444 lN
2003 389 2192 446 JOAN.
2232 391 2471 448 TOMUS
2499 393 2560 446 ll.

3561 399 3580 452 i
3592 401 3664 453 4‘2

398 505 723 577 παρέχωμεν
750 505 974 569 ἑαυτοὺς
999 506 1294 577 ἀκροάσεσι
1321 507 1552 578 κρίσεως
1576 509 1854 579 ᾀσμάτων,
1885 510 1969 564 καὶ

2082 512 2398 566 obediamus
2436 513 2581 567 illius
2614 515 2920 582 praeceptis,
2977 513 3354 584 permittentes
3387 531 3484 571 nos
3515 518 3663 587 ipsos

395 598 503 653 τῶν
532 598 998 669 ἀπηγορευμένων
1042 597 1424 668 ἀκουσμάτων,
1454 599 1625 662 οὕτως
1668 599 1977 672 ἐνυϐρίζον-

395 707 481 754 τες
503 689 594 744 τὸν
627 691 684 744 ἐν
712 691 843 761 ἡμῖν
869 689 1044 759 λόγον,
1073 690 1170 743 καὶ¹
1199 691 1299 743 οὐκ
1326 691 1406 754 είς
1433 690 1551 744 δέον
1585 691 1732 763 αὐτῷ
1764 692 1979 766 χρώμε-

393 800 490 848 νοι,
519 783 589 837 δι’
627 783 794 838 αὑτοῦ
823 782 1242 856 παρανομοῦμεν
1275 785 1354 847 εἰς
1383 785 1559 857 κρίμα
1595 789 1708 851 τοῖς
1736 787 1980 859 ἁμαρτά-

393 891 570 928 νουσιν
598 874 1018 945 ἐνυπάρχοντος,
1053 874 1144 928 καὶ
1176 873 1264 928 διὰ
1288 873 1446 927 τοῦτο
1475 875 1750 948 κρίνοντος
1776 877 1867 930 τὸν
1903 878 1978 949 μὴ

393 968 608 1022 πάντων
639 966 800 1021 αὑτὸν
834 967 1277 1038 προτιμήσανταο
1330 966 1453 1021 ὅθεν
1494 969 1587 1022 καί
1632 987 1823 1041 φησιν·
1859 989 1878 1022 ‹
1922 972 1978 1025 '0

294 1095 298 1098 -
389 1060 545 1130 λόγος
585 1059 646 1114 ὃν
697 1059 956 1131 ἐλάλησα,
1003 1059 1164 1124 αὐτὸς
1213 1063 1390 1132 κρινεῖ
1432 1062 1596 1133 ὑμᾶς,
1630 1083 1648 1114 ι
1684 1062 1796 1116 ἴσον
1835 1063 1979 1118 διδά-

391 1169 533 1208 σκων
559 1152 656 1224 τῷ·
690 1152 833 1222 Ἐγὼ
864 1155 893 1207 ὁ
923 1153 1116 1222 Λόγος,
1146 1155 1174 1206 ὁ
1201 1155 1259 1208 ἐν
1292 1155 1420 1226 ὑμῖν
1441 1154 1528 1208 ἀεὶ
1551 1155 1780 1228 ἐνηχῶν,
1815 1156 1977 1223 αὐτὸς

390 1248 532 1318 ὑμᾶς
573 1246 938 1306 καταδικάσω.
964 1245 1128 1300 τόπον
1179 1247 1472 1317 ἀπολογίας
1516 1250 1978 1322 καταλειπόμενον

388 1339 608 1410 ἔχοντας
653 1338 924 1410 οὐδαμῶς.
970 1339 1121 1406 Δόξει
1171 1338 1419 1410 μέντοιγε
1485 1340 1763 1413 βιαιοτέρα
1838 1338 1977 1397 εἶναι

387 1431 524 1504 αὕτη
553 1433 587 1504 ἡ
623 1431 841 1502 ἐκδοχὴ,
876 1431 1034 1486 ἄλλον
1082 1431 1180 1503 μὲν
1225 1432 1399 1502 Λόγον
1431 1433 1523 1486 τὸν
1557 1436 1614 1487 ἐν
1641 1436 1782 1506 ἀρχῇ
1820 1436 1977 1506 ἡμῶν

385 1516 744 1596 ἐξειληφὸτων
784 1525 876 1580 τὸν
923 1525 1060 1598 πρὸς
1105 1525 1194 1579 τὸν
1251 1526 1405 1590 Θεὸν,
1447 1526 1539 1580 τὸν
1589 1527 1720 1581 Θεὸν
1769 1529 1972 1598 Λόγον

385 1615 557 1680 ἄλλως
585 1618 643 1672 δὲ
666 1617 829 1672 αὑτὸν
853 1617 1138 1682 νοοὺντων,
1171 1618 1265 1672 ἆτε
1299 1619 1358 1671 οὐ
1397 1617 1554 1689 μόνον
1584 1620 1677 1672 ἐπὶ
1700 1620 1806 1675 τῶν
1840 1639 1974 1693 προ-

387 1713 703 1786 ηγουμένων
753 1711 1249 1788 δημιουργημάτων
1290 1711 1353 1764 τό
1375 1727 1388 1740 ο
1426 1731 1444 1762 ι
1475 1711 1659 1764 Πάντα
1706 1712 1772 1765 δι’
1809 1711 1974 1766 αὑτοῦ

2083 603 2452 674 voluptatibus
2480 616 2537 661 et
2565 608 3044 675 praatermittentes
3066 608 3269 676 optima
3312 608 3458 662 illius
3487 613 3666 666 consi-

2077 693 2171 747 lia.
2222 694 2294 750 Ut
2320 705 2502 749 autem
2547 696 2710 751 oculo
2747 696 2906 751 nobis
2954 697 3022 750 ad
3077 697 3219 751 bona
3255 696 3505 751 ministro
3537 698 3664 752 dato

2079 786 2243 840 etiam
2285 786 2566 841 abutimur
2596 787 2649 841 in
2681 787 2770 841 his
2812 802 2933 857 quae
2976 787 3204 842 honeste
3241 801 3346 840 non
3393 787 3662 854 videmus,

2080 877 2308 948 perinde
2338 887 2503 947 atque
2537 879 2590 933 in
2618 879 2806 934 auditu
2841 879 3094 940 facimus.
3123 894 3248 934 cum
3292 887 3531 934 attentos
3563 894 3662 934 nos

2081 969 2387 1041 praebemus
2462 970 2831 1041 dijudicandis
2889 972 3125 1027 canticis
3185 971 3662 1042 auditionibusque

2083 1062 2241 1117 nobis
2275 1062 2482 1127 vetitis,
2540 1063 2619 1118 sic
2668 1064 3058 1118 contumeliam
3115 1063 3412 1120 inferentes
3459 1063 3663 1118 rationi

2079 1167 2201 1220 quae
2227 1153 2280 1207 in
2313 1153 2472 1208 nobis
2497 1154 2666 1221 inest,
2691 1147 2795 1210 nec
2822 1155 2913 1209 ubi
2939 1163 3155 1224 oportet
3183 1154 3270 1209 illa
3303 1164 3537 1222 utentes,
3569 1169 3663 1222 per

2081 1246 2249 1315 ipsam
2289 1246 2728 1316 transgredimur
2757 1248 2952 1317 legem,
2981 1263 3101 1317 quae
3134 1248 3489 1316 peccantibus
3518 1246 3663 1301 inest

2078 1338 2145 1390 ad
2180 1337 2470 1405 judicium,
2504 1347 2562 1393 et
2594 1339 2799 1394 idcirco
2850 1354 2975 1395 eum
3024 1339 3282 1410 judicans
3335 1339 3427 1408 qui
3483 1339 3661 1408 ipsam

2076 1431 2330 1486 omnibus
2380 1445 2486 1485 non
2523 1431 2850 1500 pratulerit.
2905 1433 3060 1488 Unde
3115 1433 3279 1487 etiam
3329 1432 3504 1500 inquit
3559 1430 3603 1461 "
3645 1445 3658 1481 :

2082 1539 2102 1573 ι
2126 1520 2340 1587 Sermo,
2362 1537 2522 1591 quem
2546 1524 2759 1579 locutus
2781 1540 2926 1588 sum,
2953 1524 3069 1593 ipse
3093 1523 3610 1587 condemnabitvos,
3637 1539 3656 1573 ι

2079 1612 2310 1679 perinde
2341 1613 2500 1683 quasi
2529 1614 2760 1675 diceret.
2794 1614 2908 1684 Ego
2946 1615 3034 1669 ille
3067 1615 3262 1683 Λόγος,
3307 1613 3398 1667 ille
3427 1612 3483 1666 in
3508 1612 3660 1666 vobis

2078 1703 2365 1769 insonans,
2399 1705 2515 1773 ipse
2539 1719 2634 1759 vos
2656 1706 3050 1773 condemnabo,
3081 1708 3173 1776 qui
3207 1705 3412 1759 nullum
3439 1705 3660 1760 omnino

387 1807 622 1877 ἐγένετο,
657 1825 677 1859 ι
710 1804 964 1874 λέγεσθαι
992 1805 1325 1875 ἐφάσκομεν,
1353 1802 1489 1856 άλλά
1523 1805 1616 1858 καὶ
1638 1804 1730 1856 ἐπὶ
1755 1804 1969 1860 πάντων

2078 1796 2412 1851 defensionis
2446 1796 2702 1852 relictum
2726 1798 2941 1852 habetis
2969 1798 3170 1854 locum.
3203 1800 3401 1854 Verum
3420 1798 3659 1854 coactior

385 1900 487 1955 ὑπὸ
511 1899 624 1972 (52)
650 1898 760 1952 τῶν
802 1895 1035 1966 λογικῶν
1062 1894 1468 1966 πραττομένων,
1504 1888 1565 1948 οὗ
1593 1895 1750 1964 λόγου
1777 1898 1965 1969 χωρὶς,

2075 1890 2348 1946 videbitur
2370 1906 2489 1947 esse
2515 1892 2629 1947 h'acc
2659 1892 3039 1963 intelligentia,
3063 1893 3462 1963 exponentibus
3498 1891 3658 1946 nobis

383 1990 535 2044 οὐδὲν
560 1987 964 2060 ἁμαρτάνομεν.
997 1985 1109 2038 Καὶ
1136 1983 1395 2056 ζητητέον
1423 1987 1470 2038 εἰ
1505 1985 1599 2038 καὶ
1636 1985 1726 2038 τὸν
1753 1987 1808 2038 ἐν
1834 1989 1968 2058 ἡμῖν

383 2081 537 2150 λόγον
570 2079 663 2132 τὸν
687 2077 847 2132 αὑτὸν
877 2075 1096 2130 λεκτέον
1123 2075 1200 2146 τῷ
1222 2077 1279 2130 ἐν
1307 2077 1450 2148 ἀρχῇ
1486 2075 1579 2130 καὶ
1610 2077 1688 2148 τῷ
1712 2077 1847 2149 πρὸς
1876 2079 1967 2133 τὸν

382 2171 536 2236 Θεὸν,
564 2171 660 2224 καὶ
680 2168 758 2240 τῷ
779 2167 897 2240 Θεῷ
923 2167 1101 2239 Λόγῳ,
1141 2167 1375 2238 μάλιστα
1399 2168 1522 2221 ἐπεὶ¹
1549 2168 1646 2239 οὐχ
1677 2169 1752 2232 ὡς
1783 2170 1974 2242 ἐτέρου

383 2264 574 2318 τούτου
603 2262 962 2332 τυγχάνοντος
995 2259 1145 2332 παρὰ
1169 2260 1260 2314 τὸν
1293 2261 1350 2314 ἐν
1383 2261 1523 2332 ἀρχῇ
1557 2260 1693 2332 πρὸς
1731 2260 1821 2314 τὸν
1843 2261 1974 2316 Θεὸν

382 2357 576 2427 Λόγον,
605 2356 780 2409 ἔοικεν
809 2355 838 2408 ὁ
866 2353 1184 2416 Ἀπόστολος
1209 2353 1478 2408 διδάσκειν
1520 2354 1610 2407 τό·
1641 2373 1659 2407 ι
1695 2354 1785 2426 Μὴ
1816 2357 1974 2430 εἴπῃς

383 2451 440 2504 ἐν
470 2452 536 2522 τῇ
562 2448 762 2521 καρδίᾳ
793 2464 919 2501 σουο
949 2445 1044 2510 Τίς
1077 2446 1410 2518 ἀναϐήσεται
1448 2449 1528 2511 εἰς
1575 2445 1666 2501 τὸν
1709 2447 1970 2519 οὐρανόν;

381 2543 626 2597 τουτέστι
659 2539 892 2612 Χριστὸν
921 2537 1352 2610 καταγαγεῖνοῆ,
1381 2537 1465 2603 τίς
1492 2537 1860 2610 καταϐήσεται
1893 2541 1973 2603 είς

380 2635 478 2707 τὴν
502 2634 740 2690 ἄϐυσσον
762 2649 775 2698 ;
798 2631 1045 2685 τουτέστι
1071 2629 1306 2702 Χριστὸν
1325 2625 1404 2684 ἐκ“
1418 2629 1626 2703 νεκρῶν
1654 2631 1968 2701 ἀναγαγεῖν.

392 2724 553 2779 Ἀλλὰ
596 2724 650 2778 τί
693 2723 843 2793 λέγει
879 2725 914 2795 ἡ
949 2721 1178 2795 Γραφή;
1217 2720 1416 2790 Ἐγγύς
1445 2738 1538 2774 σου
1580 2720 1640 2775 τὸ
1677 2721 1829 2793 ῥῆμά
1855 2723 1970 2776 ἐστι

381 2817 588 2890 σφόδρα
611 2817 669 2872 ἐν
687 2815 766 2888 τῷ
788 2814 1016 2887 στόματί
1041 2831 1156 2880 σου,
1190 2813 1287 2868 καὶ
1311 2815 1370 2868 ἐν
1399 2815 1465 2885 τῇ
1499 2812 1696 2886 καρδίᾳ
1725 2830 1839 2867 σου.
1875 2832 1896 2868 ι

2074 1982 2238 2036 alium
2286 1983 2459 2052 Λόγον
2506 1983 2560 2038 in
2605 1984 2872 2053 principio
2915 1984 3265 2040 cxsistentem
3309 1983 3482 2053 Λόγον
3515 1983 3658 2052 apud

2075 2075 2271 2142 Deum;
2317 2075 2484 2130 Deum
2509 2075 2719 2146 Λόγον;
2751 2076 2916 2130 alium
2954 2086 3136 2132 autem
3178 2077 3354 2145 ipsum
3402 2075 3658 2129 conside-

2077 2166 2345 2231 rantibus,
2411 2168 2538 2237 quia
2575 2183 2683 2222 non
2723 2168 2896 2222 solum
2945 2170 3013 2224 de
3061 2169 3353 2238 praecipuis
3398 2167 3654 2238 opiﬁciis,

2075 2260 2257 2313 omnia
2303 2275 2400 2330 per
2429 2261 2609 2330 ipsum
2648 2259 2792 2316 facta
2826 2260 2991 2317 fuisse
3021 2262 3126 2317 dici
3160 2262 3425 2326 diximus,
3461 2273 3656 2315 verum

2075 2353 2238 2406 etiam
2269 2352 2337 2408 de
2377 2354 2629 2409 omnibus
2661 2368 2783 2424 quae
2814 2354 2953 2409 ﬁunt
2985 2353 3053 2408 ab
3091 2355 3177 2409 his
3223 2353 3316 2424 qui
3365 2352 3526 2422 λόγου
3577 2350 3657 2424 [et

2078 2443 2341 2518 rationis]
2391 2454 2518 2500 sunt
2561 2455 2874 2516 compotes,
2919 2447 3039 2501 sine
3081 2460 3188 2514 quo
3229 2444 3373 2516 λόγῳ
3428 2442 3519 2517 [id
3571 2451 3657 2498 est

2075 2537 2311 2611 ratione]
2342 2539 2476 2594 nihil
2513 2555 2828 2609 peccamus.
2858 2540 3079 2611 Insuper
3102 2539 3454 2610 quaerendum
3487 2538 3653 2593 etiam

2074 2641 2159 2686 est
2191 2648 2259 2686 an
2304 2635 2350 2688 is
2377 2633 2556 2703 λόγος,
2591 2633 2682 2703 qui
2717 2634 2770 2688 in
2805 2634 2962 2689 nobis
2983 2643 3087 2700 est,
3147 2633 3290 2687 idem
3320 2631 3391 2687 sit
3424 2645 3546 2687 cum
3584 2645 3653 2685 co

2075 2725 2167 2795 qui
2213 2735 2297 2782 est
2321 2726 2375 2781 in
2404 2729 2694 2798 principio,
2720 2736 2776 2782 et
2801 2727 2893 2797 qui
2925 2736 3010 2782 est
3032 2728 3172 2797 apud
3200 2727 3389 2791 Deum,
3427 2733 3484 2779 et
3511 2723 3654 2776 Deus

2077 2817 2274 2887 Λόγος,
2346 2821 2651 2890 praesertim
2703 2821 2958 2891 quoniam
3025 2829 3289 2890 tanquam
3347 2820 3452 2874 hoc
3506 2817 3652 2888 λόγῳ

377 2911 551 2968 altero
581 2927 687 2968 non
718 2912 1014 2968 exsistente
1043 2911 1110 2964 ab
1131 2925 1196 2965 eo
1229 2909 1388 2979 Λόγῳ
1413 2909 1505 2979 qui
1533 2918 1618 2965 est
1650 2911 1702 2963 in
1732 2910 2001 2982 principio
2029 2915 2172 2982 apud
2200 2914 2389 2982 Deum,
2419 2917 2666 2973 videatur
2691 2917 2985 2987 Apostolus
3014 2917 3145 2972 illud
3179 2918 3381 2972 docere
3408 2916 3454 2948 ’³
3479 2932 3493 2970 :
3524 2933 3543 2966 ι
3570 2912 3652 2968 Ne

378 3005 586 3062 dixeris
615 3005 670 3060 in
697 3007 863 3061 corde
885 3015 988 3061 .tuo
1015 3019 1032 3060 :
1061 3004 1197 3073 Quis
1227 3006 1488 3060 ascendet
1508 3004 1561 3060 in
1585 3003 1820 3060 caelum?
1838 3006 1942 3062 hoc
1967 3008 2342 3065 estChristum
2366 3011 2632 3067 deducere
2664 3012 2814 3084 :69
2836 3013 2918 3069 vel
2945 3013 3067 3084 quis
3087 3011 3384 3067 descendet
3408 3010 3460 3064 in
3485 3009 3652 3078 abys-

379 3103 538 3156 sum?
563 3101 669 3156 hoc
704 3107 789 3156 est
817 3099 1094 3155 Christum
1126 3114 1194 3154 ex
1226 3097 1454 3155 mortuis
1500 3099 1784 3156 reducere.
1836 3100 1944 3156 Sed
1973 3103 2102 3172 quid
2130 3105 2261 3160 dicit
2301 3103 2581 3176 Scriptura
2609 3107 2696 3161 ’νῖ
2727 3108 2903 3180 Prope
2958 3116 3012 3165 te
3039 3108 3263 3164 verbum
3292 3114 3376 3163 est
3411 3104 3567 3160 valde
3596 3105 3652 3159 in

375 3211 474 3254 ore
499 3206 594 3255 tuo
619 3207 674 3254 et
695 3198 750 3253 in
776 3197 942 3254 corde
969 3207 1083 3252 tuo.
1122 3215 1143 3250 ι

450 3293 513 3345 ·ο
553 3293 801 3363 γέγονεν
831 3290 902 3347 ὲν
931 3289 1092 3356 αὐτῷ
1119 3289 1230 3360 (55)
1259 3286 1371 3359 ζωὴ
1408 3284 1509 3360 ἦν,
1541 3287 1642 3343 καὶ
1680 3288 1719 3356 ἡ
1747 3284 1857 3354 ζωὴ
1887 3280 1966 3356 ἦν

2145 3287 2396 3354 lO.Quod
2421 3289 2623 3358 factum
2644 3299 2721 3345 est
2743 3307 2798 3345 tn
2815 3291 2929 3361 ipso
2946 3291 3052 3346 vita
3068 3301 3205 3358 erat,
3221 3302 3270 3346 et
3301 3294 3408 3348 vita
3425 3293 3523 3348 illa
3536 3303 3650 3350 erat

374 3386 442 3441 τὸ
477 3385 608 3456 φῶς
651 3384 769 3439 τῶν
799 3382 1146 3453 ἀνθρώπων.
1178 3383 1333 3436 Ἔστι
1369 3383 1493 3436 τινὰ
1539 3382 1784 3454 δόγματα
1835 3381 1966 3453 παρ’

377 3476 626 3549 Ἕλλησι,
653 3475 963 3548 καλούμενα
995 3473 1295 3546 παράδοξα,
1338 3473 1417 3545 τῷ
1443 3475 1562 3528 κατ’
1589 3474 1786 3538 αὐτοὺς
1812 3472 1965 3544 σοφῷ

374 3570 607 3625 πλεῖστα
645 3570 749 3624 ὅσα
779 3568 1165 3640 προσάπτοντα
1195 3567 1336 3637 μετά
1365 3585 1510 3631 τινος
1555 3565 1884 3633 ἀποδείξεως
1929 3565 1962 3636 ἢ

371 3663 711 3736 φαινομένης
737 3659 1084 3727 ἀποδείξεως,
1119 3658 1264 3714 καθά
1291 3676 1424 3731 φησι
1466 3658 1625 3730 μόνον
1660 3657 1755 3712 καὶ
1787 3658 1965 3712 πάντα

371 3757 463 3811 τὸν
496 3756 660 3827 σοφὸν
687 3751 827 3808 εἶναι
861 3753 1033 3826 ἱερέα,
1055 3752 1134 3824 τῷ
1170 3751 1329 3824 μόνον
1354 3751 1449 3805 καὶ
1481 3751 1659 3805 πάντα
1683 3751 1774 3804 τὸν
1803 3749 1965 3819 σοφὸν

371 3851 686 3921 ἐπιστήμην
721 3847 867 3919 ἔχειν
899 3845 1001 3916 τῆς
1031 3843 1126 3898 τοῦ
1158 3843 1294 3897 Θεοῦ
1338 3842 1654 3914 θεραπείας
1682 3842 1776 3896 καὶ⁵
1803 3841 1965 3913 μόνον

370 3944 468 3998 καὶ
495 3944 673 3997 πάντα
702 3941 793 3994 τὸν
824 3939 986 4009 σοφὸν
1026 3935 1165 3992 εἶναι
1197 3935 1504 4009 ἐλεύθερον,
1529 3933 1777 4000 ἐξουσίαν
1797 3934 1961 3986 αὐτο-

369 4036 618 4107 πραγίας
647 4033 757 4090 ἀπὸ
787 4031 883 4086 τοῦ
917 4030 1062 4086 θείου
1087 4029 1253 4102 νόμου
1278 4027 1556 4101 εἰληφότα.
1586 4026 1697 4080 Καὶ
1737 4025 1836 4098 τὴν
1878 4025 1964 4091 ἐξ·

367 4131 561 4186 ουσίαν
600 4128 657 4182 δὲ
687 4126 956 4200 ὁρίζονται
995 4123 1224 4195 νόμιμον
1268 4121 1592 4194 ἐπιτροπήν.
1627 4120 1736 4173 Καὶ
1783 4119 1838 4172 τί
1882 4119 1963 4172 δεῖ

366 4225 467 4280 νῦν
493 4225 642 4296 ἡμᾶς
683 4221 863 4290 λέγειν
896 4219 1025 4292 περὶ
1067 4217 1176 4271 τῶν
1231 4215 1575 4286 καλουμένων
1619 4211 1958 4285 παραδόξων,

367 4318 576 4390 πολλῆς
599 4315 764 4387 οὖσης
801 4314 899 4385 τῆς
933 4314 1014 4375 είς
1050 4309 1191 4365 αὐτὰ
1215 4307 1616 4383 πραγματείας,
1642 4307 1736 4360 καὶ
1773 4303 1962 4376 δεομέ-

366 4429 476 4466 νων
501 4409 842 4480 συγκρίσεων
879 4405 992 4478 (54)
1023 4405 1123 4476 τῆς
1150 4403 1287 4476 πρὸς
1317 4402 1379 4455 τὸ
1413 4401 1660 4472 βούλημα
1683 4400 1783 4471 τῆς
1815 4399 1960 4472 Γρα-

365 4504 478 4576 φῆς
506 4501 616 4556 τῶν
649 4499 738 4554 ὑπ’
767 4498 945 4554 αὐτῶν
971 4496 1114 4552 κατὰ
1137 4495 1207 4548 τὰ
1241 4492 1517 4565 παράδοξα
1551 4489 1961 4561 ἀπαγγελλομέ-

363 4615 497 4661 νων,
530 4596 620 4650 ἵνα
651 4594 743 4648 ἐπὶ
773 4592 935 4646 τίνων
977 4591 1007 4644 ό
1045 4590 1144 4660 τῆς
1186 4586 1494 4650 θεοσεϐείας
1528 4585 1686 4654 λόγος
1714 4586 1955 4656 συνηχεῖ,

2074 3383 2530 3440 lux-hominum“.
2551 3386 2806 3452 Quaedam
2831 3395 2955 3440 sunt
2973 3391 3112 3457 apud
3128 3387 3357 3458 gentiles
3375 3389 3648 3456 dogmata,

2072 3475 2346 3544 paradoxa
2370 3490 2488 3546 quae
2505 3477 2972 3548 vocant,sapienti
3005 3492 3103 3532 suo
3137 3479 3428 3534 tribuentia
3459 3495 3650 3549 quant-

2071 3567 2324 3636 plurima,
2358 3584 2483 3623 cum
2508 3570 2742 3638 quadam
2769 3570 3230 3628 demonstratione
3251 3573 3337 3628 vel
3363 3576 3647 3644 apparenti

2071 3655 2553 3733 demonstratione,
2570 3659 2722 3725 juxta
2746 3674 2866 3727 quae
2886 3659 3141 3731 inquiunt
3161 3664 3334 3718 solum
3357 3674 3411 3720 et
3430 3680 3646 3722 omnem

2069 3742 2370 3810 sapientem
2401 3759 2526 3799 esse
2569 3747 3028 3812 sacerdotem;eo
3049 3753 3193 3819 quod
3235 3754 3384 3810 solus
3429 3759 3648 3827 sapiens

2069 3836 2244 3888 Cultus
2271 3834 2439 3889 divini
2468 3835 2791 3903 sapientiam
2815 3846 3034 3908 teneat;
3058 3844 3231 3900 solum
3261 3848 3424 3904 etiam
3448 3861 3500 3906 et
3529 3869 3649 3909 om-

2069 3936 2190 3976 nem
2216 3923 2516 3991 sapientem
2550 3925 2800 3995 inquiunt
2829 3944 2948 3986 esse
2978 3931 3230 4003 liberum,
3255 3946 3512 4010 tanquam
3553 3947 3650 4013 qui

2067 4016 2340 4085 acceperit
2368 4015 2673 4073 libertatem
2703 4035 2770 4075 ex
2801 4023 2970 4078 animi
3002 4025 3084 4080 sui
3109 4032 3378 4086 sententia
3409 4050 3648 4105 operan-

2067 4106 2120 4162 di
2147 4122 2177 4161 a
2202 4106 2320 4178 lege
2352 4107 2556 4177 divina,
2585 4110 2896 4168 libertatem
2925 4117 3090 4173 etiam
3107 4120 3429 4182 deﬁnientes
3460 4129 3643 4201 legiti-

2065 4212 2208 4252 mam
2236 4199 2666 4269 permissionem.
2690 4203 2757 4258 Et
2779 4206 2906 4276 quid
2924 4223 3059 4278 opus
3075 4220 3160 4266 est
3177 4228 3278 4269 nos
3299 4232 3444 4273 nunc
3460 4199 3646 4279 dicere

2063 4289 2133 4345 de
2154 4292 2239 4346 his
2259 4306 2379 4362 quae
2397 4297 2668 4362 paradoxa
2686 4301 3046 4370 appellantur,
3069 4317 3192 4358 cum
3215 4309 3441 4365 multum
3461 4328 3646 4384 opera:

2063 4389 2374 4445 insumatur
2405 4390 2457 4444 in
2494 4391 2597 4458 eis,
2635 4401 2692 4447 et
2734 4409 2797 4449 ea
2848 4411 2969 4466 quae
3011 4400 3081 4454 ab
3125 4399 3258 4470 ipsis
3287 4408 3645 4465 euuntiantur

2057 4481 2210 4552 juxta
2255 4481 2563 4550 paradoxa,
2613 4481 2904 4540 collatione
2957 4497 3152 4557 egeant
3201 4507 3324 4546 cum
3363 4495 3645 4555 voluntate

2066 4574 2384 4647 Scriptura,
2414 4585 2472 4631 ut
2506 4577 2560 4632 in
2591 4579 2788 4647 quibus
2827 4580 3007 4637 cultus
3039 4582 3210 4639 divini
3247 4587 3385 4641 ratio
3411 4604 3644 4645 concor-

315 4721 318 4724 ι
363 4691 464 4743 καὶ
483 4651 588 4742 ’ἐπὶ
622 4687 782 4742 τίνων
812 4684 874 4738 τὸ
903 4651 1144 4738 ἐναντίόν
1184 4682 1297 4744 τοῖς
1341 4679 1432 4733 ὑπ’
1472 4651 1696 4731 ἐκείνων
1727 4651 1950 4748 λεγομέ-

2073 4669 2176 4736 let,
2206 4676 2261 4724 et
2289 4671 2343 4724 in
2385 4670 2580 4740 quibus
2611 4675 2952 4727 contrarium
2977 4675 3130 4742 velit,
3158 4675 3245 4732 his
3272 4693 3394 4748 qua:
3432 4682 3500 4734 ab
3532 4682 3640 4737 illis

360 4798 479 4848 νοις
530 4781 799 4853 βούλεται,
833 4775 1182 4849 παραστῆσαι
1235 4765 1584 4843 δυνηθῶμεν;
1636 4768 1850 4822 Τούτων
1899 4767 1956 4822 δὲ

2073 4762 2340 4828 dicuntur,
2359 4764 2646 4819 ostendere
2668 4764 2981 4839 possimus?
3002 4765 3204 4822 Horum
3225 4779 3406 4824 autem
3429 4787 3457 4824 a
3485 4775 3642 4831 nobis

360 4877 500 4948 ἡμῖν
538 4875 724 4947 μνήμη
763 4871 1056 4942 γεγένηται
1098 4865 1318 4937 ζητοῦσι
1350 4863 1442 4918 τό·
1491 4882 1511 4915 ‹
1545 4865 1612 4916 Ὃ
1645 4861 1867 4931 γέγονεν
1897 4863 1955 4914 ἐν

2073 4855 2265 4908 mentio
2290 4853 2431 4909 facta
2455 4864 2538 4911 est
2566 4855 2968 4925 inquirentibus
2988 4856 3118 4911 illud
3147 4880 3159 4914 ;
3204 4877 3224 4910 ‹
3250 4859 3403 4928 Quod
3436 4863 3640 4920 factum

359 4947 520 5038 αὐτῷ
553 4964 664 5036 ζωὴ
689 4960 779 5036 ἦν,
823 4980 844 5014 ι
871 4960 962 5014 διὰ
986 4959 1047 5013 τὸ
1074 4956 1237 5010 οἱονεὶ
1263 4953 1343 5026 τῷ
1371 4951 1676 5024 χαρακτῆρι
1709 4949 1817 5003 τῶν
1845 4965 1952 5001 πα·-

2073 4957 2145 4999 est
2172 4947 2224 4999 in
2259 4948 2375 5014 ipso
2396 4948 2507 5002 vita
2539 4958 2681 5014 erat,
2706 4966 2726 5000 ι
2755 4957 3042 5019 propterea
3064 4953 3208 5020 quod
3242 4956 3415 5024 possit
3442 4957 3639 5028 aliquis

360 5054 630 5128 ραδόξων,
656 5052 750 5105 καὶ
779 5051 830 5103 εί
874 5049 957 5101 δεῖ
993 5049 1188 5108 εἰπεῖν,
1225 5041 1650 5114 παραδοξότερον
1693 5038 1844 5112 παρὰ
1882 5038 1952 5092 τὰ

2073 5038 2397 5108 Scripturam
2445 5053 2703 5109 sequens,
2756 5039 3033 5110 complut'a
3087 5042 3400 5112 hujusmodi
3451 5061 3637 5104 osten-

355 5149 452 5200 ὑπ’
512 5145 735 5200 ἐκείνων
789 5141 1058 5213 λεγόμενα
1112 5135 1372 5192 δύνασθαι
1419 5136 1486 5190 ἄν
1524 5153 1647 5188 τινα
1686 5133 1952 5204 ἑπόμενον

2073 5131 2206 5196 iere,
2243 5145 2362 5200 quae
2402 5129 2634 5186 fortnam
2689 5131 2854 5187 veluti
2905 5133 3148 5188 habeant
3191 5138 3634 5204 paradoxorum:

354 5239 424 5307 τῇ
449 5235 644 5305 Γραφῇ
664 5233 835 5300 δεῖξαι
857 5230 1081 5286 τοιαῦτα
1106 5228 1346 5283 πλείονα.
1388 5226 1511 5280 Ἐάν
1538 5225 1647 5297 γὰρ
1665 5227 1949 5296 νοήσωμεν

2073 5236 2282 5291 juaaque
2323 5223 2485 5276 etiam
2516 5220 2581 5294 (si
2615 5223 2764 5291 quid,
2800 5226 2950 5293 quod
2982 5226 3155 5296 magis
3190 5227 3261 5281 sit
3297 5229 3634 5296 paradoxon,

354 5331 450 5384 τὸν
483 5331 548 5382 ἐν
578 5330 719 5400 ἀρχῇ
754 5327 942 5396 Λόγον,
974 5325 1066 5380 τὸν
1099 5323 1233 5396 πρὸς
1261 5321 1351 5377 τὸν
1385 5320 1538 5386 Θεὸν,
1567 5319 1658 5372 τὸν
1682 5319 1814 5372 Θεὸν
1845 5319 1948 5372 Λό-

2073 5331 2194 5386 )pus
2220 5323 2303 5370 est
2337 5315 2544 5385 dicere)
2581 5316 2752 5387 magis
2780 5316 2894 5371 sint
2925 5321 3196 5386 paradoxa
3228 5335 3387 5388 quam
3422 5337 3541 5391 quae
3568 5322 3638 5375 ab

354 5439 476 5492 γον,
509 5420 651 5492 τάχα
675 5418 1016 5490 δυνησόμεθα
1049 5417 1212 5489 μόνον
1243 5415 1333 5468 τὸν
1356 5414 1570 5481 τούτου,
1597 5411 1742 5466 καθὰ
1777 5411 1952 5465 τοιοῦ-

2073 5410 2166 5466 tlis
2211 5411 2483 5466 dicuntur.
2525 5408 2662 5466 Nam
2697 5409 2744 5467 si
2787 5411 3313 5468 consideraverimus
3352 5413 3526 5482 Λόγον
3557 5413 3634 5488 [id

426 5561 476 5594 ’⁷
514 5557 672 5617 Joan.
708 5574 810 5625 xu,
836 5559 927 5616 48.
1005 5560 1052 5592 ³⁸
1078 5559 1236 5614 Rom.
1269 5573 1324 5626 x,
1353 5555 1410 5624 6,
1436 5557 1488 5614 ’7.
1565 5555 1610 5588 ¹⁹
1632 5555 1788 5611 Deut.
1817 5571 1946 5622 xxx,

2148 5553 2194 5586 ³⁸
2227 5551 2388 5610 Joan.
2421 5567 2459 5619 I,
2491 5552 2547 5618 '5,
2569 5550 2626 5606 4.

431 5678 555 5749 (52)
595 5680 746 5733 Ὑπό
771 5679 924 5735 deest
959 5680 1013 5734 in
1063 5679 1300 5734 editione
1347 5676 1550 5744 Huetii,
1602 5676 1694 5733 sed
1727 5675 1944 5746 supple-
2049 5673 2371 5749 Qarberino.
2413 5673 2551 5728 Hinc
2587 5679 2792 5725 tomum
2839 5669 3058 5749 tertium
3105 5668 3418 5749 auspicatur
3452 5669 3627 5724 codex

358 5739 452 5802 tur
487 5739 710 5804 e'codd.
746 5751 1040 5804 Barberino
1068 5763 1122 5803 et
1157 5749 1468 5805 Bodleiano.
1534 5739 1546 5744 ⁷
1796 5739 1810 5746 ’
1832 5739 1845 5745 ⁷
2049 5743 2396 5808 Bodleianus,
2428 5758 2589 5812 quem
2620 5751 2839 5812 secutus
2873 5740 3089 5812 videtur
3111 5739 3422 5812 Ferrarius.

430 5819 552 5890 (53)
581 5823 650 5873 '0
677 5819 922 5890 γέγονεν
953 5821 1022 5875 ἐν
1046 5820 1228 5884 αὐτῷ,
1264 5833 1370 5874 etc.
1429 5818 1494 5890 In
1532 5817 1770 5890 editione
1801 5815 1942 5870 litte-

2117 5813 2233 5884 (54)
2280 5810 2677 5884 Συγκρίσεων.
2753 5810 3063 5882 Legendum
3125 5810 3338 5867 videtur
3403 5810 3628 5884 συγκρίο

356 5887 616 5949 ιὶἰίίυθει
646 5887 724 5957 ἐν,
756 5887 922 5961 quod
975 5892 1253 5962 suppletur
1297 5905 1327 5946 e
1361 5888 1518 5946 codd.
1567 5887 1867 5944 Bodleiano
1889 5896 1942 5942 et
2055 5901 2212 5949 σεως.
