4174 6470
543 379 644 434 145

2030 328 2356 425 ontcéms

3696 377 3798 430 lH

530 507 620 553 est
660 492 954 567 rationem]
989 502 1044 549 et
1088 491 1284 548 Filium
1334 492 1424 547 Dei
1472 492 1525 546 in
1551 491 1821 564 principio
1846 493 2106 550 exsisten-

2210 513 2320 562 τος,
2351 496 2643 568 μετέχοντα
2689 495 2905 565 λογικὸν
2953 496 3147 561 εἰπεῖν,
3182 494 3324 549 ὥστε
3376 495 3468 550 καὶ
3515 495 3792 569 ἀποφήνα-

535 598 651 644 tem
691 587 958 643 rationem
1007 586 1148 656 apud
1194 586 1382 647 Deum,
1408 593 1462 639 et
1490 584 1757 641 rationem
1785 586 1972 653 Deum,
2001 585 2111 641 for-

525 682 704 735 tassis
741 695 864 735 eum
896 678 1095 742 solum,
1125 680 1219 747 qui
1248 677 1407 746 hujus
1432 676 1712 746 particeps
1740 677 1833 743 sit,
1860 678 1913 734 in
1936 693 2108 750 quan.

538 783 653 826 t-um
689 782 772 825 est
815 770 962 836 talis,
993 769 1223 824 rationis
1265 781 1525 837 capacem
1553 767 1737 823 dicere
1767 770 2106 838 poterimus:

539 864 678 919 adeo
705 873 763 919 ut
792 862 1141 918 enuntiemus
1180 860 1356 915 solum
1392 868 1641 915 sanctum
1683 860 1911 915 rationis
1943 875 2110 929 capa-

539 973 654 1014 cem
681 973 823 1015 esse.
852 957 1087 1012 Rursum
1113 956 1160 1010 si
1190 952 1624 1009 intellexerimus
1671 951 1869 1008 iactam
1902 953 1955 1008 in
1983 952 2112 1008 Ser-

540 1065 699 1106 mone
728 1049 917 1113 vitam,
940 1047 1095 1117 juxta
1123 1061 1248 1102 eum
1278 1048 1372 1117 qui
1416 1047 1551 1113 dicit
1572 1046 1616 1079 ³¹
1648 1062 1663 1099 :
1699 1063 1718 1097 ι
1747 1044 1857 1115 Ego
1884 1059 2007 1100 sum
2033 1043 2112 1098 vi-

538 1150 615 1210 ta,
642 1160 661 1192 ι
693 1139 890 1195 dicturi
917 1153 1105 1193 sumus
1140 1138 1410 1192 neminem
1437 1145 1593 1204 extra
1617 1134 1817 1190 Christi
1846 1133 2005 1189 [idem
2034 1134 2111 1188 vi-

520 1247 687 1298 vere,
712 1231 805 1287 sed
839 1246 1032 1286 omnes
1059 1237 1304 1285 mortuos
1340 1243 1486 1293 esse,
1511 1227 1601 1297 qui
1629 1226 1738 1283 Deo
1766 1240 1872 1280 non
1900 1225 2108 1291 vivant,

514 1335 591 1381 et
612 1325 758 1396 quod
797 1323 981 1378 vivere
1025 1322 1264 1394 ipsorum
1292 1322 1365 1376 sit
1389 1321 1575 1374 vivere
1607 1328 1850 1389 peccato,
1877 1325 1932 1372 et
1954 1316 2111 1372 idcir-

535 1431 623 1482 co,
649 1426 706 1470 ut
736 1415 809 1470 ita
835 1415 1036 1479 dicam,
1068 1413 1251 1469 vivere
1279 1415 1520 1485 ipsorum
1563 1412 1632 1467 ad
1674 1421 1904 1466 mortem
1941 1409 2110 1479 perti-

535 1518 683 1563 neat.
727 1507 938 1576 Inspice
971 1521 1103 1562 vero
1147 1520 1215 1560 an
1252 1520 1360 1560 non
1398 1506 1501 1560 hoc
1544 1504 1865 1573 frequenter
1907 1515 2108 1571 propo-

537 1610 672 1655 nant
695 1599 890 1654 divinae
919 1598 1242 1668 Scriptum,
1274 1596 1474 1652 alicubi
1511 1596 1808 1652 Servatore
1844 1591 2062 1647 dicente
2088 1604 2104 1641 :

539 1711 561 1745 ι
600 1694 794 1748 Annon
842 1691 1048 1760 legistis
1082 1689 1225 1761 quod
1272 1687 1476 1744 dictum
1519 1695 1602 1741 est
1655 1684 1710 1739 in
1761 1684 1895 1741 rubo
1938 1700 1952 1738 :
1995 1682 2108 1752 Ego

539 1782 685 1840 Deus
712 1783 1017 1846 Abraham,
1040 1791 1097 1836 et
1127 1781 1267 1837 Deus
1295 1780 1467 1846 Isaac,
1496 1789 1550 1835 et
1582 1779 1725 1835 Deus
1756 1774 1967 1833 Iacob?
1992 1776 2106 1831 Non

534 1885 621 1931 est
641 1874 783 1930 Deus
815 1882 1174 1939 mortuorum,
1203 1874 1302 1927 sed
1344 1869 1644 1927 viventium
1668 1869 1732 1933 ",
1759 1888 1780 1921 ι
1807 1879 1864 1925 et
1895 1890 1906 1923 :
1939 1888 1957 1919 ι
1982 1866 2100 1924 Non

2213 586 2336 641 σθαι
2364 585 2450 653 ἂν,
2477 587 2559 641 δτι
2590 586 2749 658 μόνος
2779 589 2808 640 ὁ
2844 585 2995 655 ἁγιος
3026 586 3260 655 λογικός.
3289 586 3457 641 Πάλιν
3500 586 3595 641 έὰν
3626 588 3789 641 συνῶ-

2214 695 2313 750 μεν
2349 680 2449 751 τὴν
2480 677 2778 750 γενομένην
2802 681 2861 733 ὲν
2896 679 2974 750 τῷ
3005 680 3163 751 Λόγῳ
3191 678 3358 750 ζωὴν,
3400 678 3493 733 τὸν
3539 680 3759 739 εἰπόντα
3782 701 3794 713 ·

2218 789 2236 821 ι
2284 769 2423 840 Ἐγώ
2460 771 2578 842 είμι
2611 771 2645 841 ἡ
2680 769 2813 842 ζωὴ,
2856 790 2875 821 ι
2919 769 3151 842 ἐροῦμεν
3184 771 3387 842 μηδένα
3417 771 3524 825 τῶν
3562 771 3668 840 ἔξω
3697 772 3797 843 τῆς

2211 863 2445 927 πίστεως
2477 861 2713 934 Χριστοῦ
2745 863 2865 932 ζῇν,
2895 862 3103 927 πάντας
3134 859 3273 919 εἶναι
3305 865 3532 936 νεκροὺς
3559 866 3685 928 τοὺς
3721 865 3795 937 μὴ

2211 951 2421 1017 ζῶντας
2449 952 2588 1024 Θεῷ,
2612 954 2671 1007 τό
2700 971 2761 1007 τε
2804 953 2903 1025 ζῇν
2941 954 3118 1009 αὐτῶν
3155 954 3255 1027 ζῇν
3301 951 3441 1010 εἶναι
3482 957 3581 1028 τῆς
3619 958 3795 1030 ἁμαρ-

2208 1045 2331 1109 τίας
2361 1044 2494 1118 (55),
2526 1044 2621 1099 καὶ
2658 1044 2749 1098 διὰ
2777 1044 2954 1109 τοῦτο,
2996 1046 3063 1099 ἵν’
3094 1045 3267 1111 οὓτως
3313 1048 3470 1111 είπω,
3498 1048 3595 1120 ζῇν
3628 1048 3793 1103 θανά-

2210 1152 2302 1189 του
2335 1136 2638 1206 τυγχὰνειν.
2676 1137 2999 1208 Ἐπίστησον
3030 1138 3086 1192 δὲ
3132 1140 3180 1192 εί
3224 1137 3299 1210 μή
3333 1139 3492 1192 τοῦτο
3524 1139 3793 1211 πολλαχοῦ

2210 1229 2537 1299 παριστᾶσιν
2564 1229 2621 1282 αἱ
2644 1228 2783 1282 θεῖαι
2812 1229 3025 1301 Γραφαὶ
3052 1230 3113 1284 τὸ
3133 1232 3266 1284 ὅπου
3295 1230 3393 1301 μὲν
3422 1230 3513 1284 τοῦ
3541 1231 3793 1304 Σωτῆρος

2210 1317 2541 1387 φάσκοντοςο
2571 1337 2589 1370 ι
2610 1320 2681 1373 ’Ἡ
2702 1320 2802 1373 οὐκ
2832 1321 3104 1390 ἀνέγνωτε
3143 1321 3205 1375 τὸ
3241 1320 3405 1394 ῥηθὲν
3436 1322 3529 1374 ἐπὶ
3565 1322 3667 1393 τῆς
3693 1321 3792 1393 βά-

2208 1425 2334 1461 του·
2371 1407 2511 1478 Ἐγὼ
2542 1408 2674 1474 Θεὸς
2708 1410 2979 1484 ’Δὸραὰμ,
3007 1414 3102 1467 καὶ
3142 1412 3273 1477 Θεὸς
3305 1413 3516 1477 Ἰσαὰκ,
3546 1416 3639 1468 καὶ
3663 1414 3795 1479 Θεὸς

2224 1497 2450 1565 Ἰακώϐς
2482 1501 2595 1555 Οὐκ
2621 1500 2737 1555 ἐστι
2765 1502 2897 1569 Θεὸς
2927 1505 3156 1577 νεκρῶν,
3187 1504 3323 1559 ἀλλὰ
3346 1501 3581 1569 ζώντων,
3611 1525 3629 1557 ι
3663 1507 3788 1561 καί·

2216 1609 2235 1642 ι
2276 1591 2349 1645 Οὺ
2394 1591 2811 1665 δικαιωθήσεται
2857 1596 3192 1651 κατενώπιον
3240 1613 3335 1649 σου
3375 1598 3483 1661 πᾶς
3512 1596 3640 1662 ζῶν.
3677 1617 3695 1650 ι
3728 1598 3792 1651 Τί

2207 1682 2266 1735 δὲ
2310 1682 2438 1755 περὶ
2485 1683 2651 1737 αὑτοῦ
2692 1685 2872 1755 λέγειν
2905 1687 2986 1742 δεῖ
3018 1687 3110 1742 τοῦ
3146 1687 3279 1741 Θεοῦ
3316 1688 3350 1760 ἢ
3384 1686 3478 1741 τοῦ
3510 1688 3788 1762 Σωτῆροςς

2223 1774 2644 1847 ’Λμφισὰλλεται
2672 1777 2781 1851 γὰρ
2807 1779 3068 1849 ὁποτέρου
3090 1777 3230 1832 εἶναι
3250 1781 3284 1852 ή
3308 1779 3539 1849 λέγουσα
3580 1781 3638 1834 ὲν
3680 1783 3793 1844 τοῖς

2208 1871 2515 1940 προφήταις
2547 1872 2729 1941 φωνή’
2770 1889 2790 1923 ι
2827 1870 2913 1925 Ζῶ
2945 1870 3077 1940 ἐγὼ,
3113 1870 3261 1940 λέγει
3293 1871 3515 1946 Κύριος.
3558 1892 3577 1924 ι

533 1967 921 2039 iustiﬁcabitur
950 1966 1003 2021 in
1035 1974 1327 2036 conspectu
1358 1972 1452 2019 tuo
1475 1962 1656 2019 omnis
1677 1962 1870 2017 vivens
1896 1961 1963 2016 ³³.
1999 1980 2020 2015 ι
2052 1960 2318 2017 Canerqu
2343 1961 2473 2032 quid
2498 1960 2683 2019 dicere
2718 1978 2854 2035 opus
2882 1966 3056 2019 estde
3080 1964 3194 2032 ipso
3218 1964 3328 2018 Deo
3355 1964 3437 2018 vel
3471 1963 3797 2022 Servatore?

532 2061 842 2131 Ambigitur
871 2058 1016 2114 enim
1051 2057 1225 2113 utrius
1257 2057 1329 2112 sit
1358 2071 1459 2111 vox
1500 2055 1589 2110 illa
1617 2069 1738 2124 qua
1763 2053 1903 2124 apud
1930 2054 2222 2124 prophetas
2253 2053 2385 2109 dicit
2416 2071 2429 2106 :
2461 2071 2480 2105 ι
2515 2050 2651 2109 Vivo
2679 2070 2802 2126 ego,
2827 2056 2960 2143 dicit
2986 2055 3244 2111 Dominus
3267 2054 3333 2111 “.
3369 2074 3389 2109 ι

604 2154 715 2225 7o
749 2153 838 2209 Η.
875 2154 954 2208 Ac
1012 2152 1281 2223 principio
1331 2150 1554 2221 quidem
1600 2150 1887 2205 videamus
1934 2148 2103 2203 illud:

2290 2147 2376 2202 11.
2409 2148 2519 2201 Καὶ
2545 2147 2758 2221 πρῶτόν
2789 2167 2851 2219 γε
2877 2150 3074 2222 τδωμεν
3097 2150 3179 2203 τό·
3213 2168 3233 2202 ι
3270 2150 3385 2205 Οὐκ
3411 2150 3527 2204 ἔστι
3555 2150 3687 2215 Θεὸς
3711 2169 3797 2206 νε-

535 2265 557 2299 ι
585 2245 702 2301 Νοιι
726 2255 810 2301 est
829 2244 973 2300 Deus
1000 2252 1359 2307 mortuorum,
1384 2242 1479 2297 sed
1501 2241 1797 2321 viventium
1815 2240 1882 2306 ³⁸,
1909 2258 1929 2291 ι
1961 2240 2107 2308 quod

514 2340 761 2409 .perinde
809 2339 957 2393 valet
1004 2345 1167 2408 atque
1217 2335 1539 2392 illudzNon
1609 2344 1695 2394 est
1759 2343 2104 2407 peccatorum

534 2433 701 2498 Deus,
733 2431 828 2486 sed
854 2436 1168 2485 sanctorum
1212 2428 1376 2483 Deus.
1409 2426 1659 2500 Magnum
1699 2428 1843 2483 enim
1870 2426 2108 2496 patriar-

534 2524 760 2578 charum
809 2537 1030 2588 muuus,
1062 2521 1229 2577 Deum
1269 2520 1387 2578 vice
1436 2521 1521 2576 sui
1578 2519 1821 2575 nominis
1884 2519 2104 2574 illorum

508 2614 999 2670 enutrienciaturam
1052 2612 1381 2682 applicuisse
1418 2626 1532 2667 suae
1570 2611 1808 2681 propria».
1856 2608 2100 2680 appella-

534 2705 668 2760 tioni
705 2704 834 2769 Dei;
870 2703 1331 2773 quemadmodum
1365 2703 1531 2758 etiam
1578 2701 1777 2756 l‘aulus
1806 2699 2053 2770 inquit“
2087 2715 2101 2752 :

537 2814 559 2847 ε
591 2795 819 2864 Propter
856 2794 1000 2864 quod
1050 2808 1155 2848 non
1214 2790 1488 2847 erubescit
1532 2789 1675 2847 Deus
1725 2792 1905 2845 vocari
1965 2791 2107 2845 Deus

533 2888 792 2954 ipsorum.
819 2902 839 2937 ι
872 2883 1056 2953 Itaque
1086 2882 1226 2938 Deus
1249 2890 1334 2938 est
1375 2893 1589 2951 patrum
1627 2890 1683 2937 et
1712 2881 1953 2936 omnium
1978 2897 2107 2937 san-

532 2988 778 3042 ctorum;
816 2990 920 3030 nec
962 2974 1093 3029 alibi
1138 2974 1398 3043 scriptum
1468 2974 1732 3043 reperias,
1771 2972 1937 3028 Deum
1985 2988 2107 3029 esse

535 3068 766 3139 alicujus
809 3067 1103 3139 impiorum
1136 3065 1330 3121 Deum.
1365 3063 1423 3120 Si
1454 3080 1587 3135 ergo
1615 3065 1760 3121 Deus
1787 3076 2101 3119 sanctorum

471 3152 475 3159 ί
502 3194 503 3197 η
533 3171 635 3225 est,
671 3170 729 3217 et
758 3161 899 3217 Deus
926 3158 1226 3214 viventium
1258 3171 1381 3213 esse
1406 3158 1627 3224 dicitur,
1653 3157 1838 3212 sancti
1860 3166 1991 3211 sunt
2021 3157 2103 3212 vi-

531 3265 723 3310 ventes
753 3264 811 3310 et
854 3252 1101 3308 viventes
1143 3251 1342 3317 sancti,
1367 3251 1564 3323 quippe
1585 3265 1711 3306 cum
1738 3259 1964 3306 sanctus
1993 3264 2102 3304 non

531 3347 605 3402 sit
638 3354 795 3402 extra
846 3345 1110 3409 viventes,
1161 3359 1263 3399 nec
1308 3344 1508 3414 aliquis
1549 3343 1659 3413 jam
1683 3343 1757 3398 sit
1789 3342 1977 3399 vivens
2011 3344 2105 3413 qui

530 3453 658 3495 cum
688 3438 806 3509 ipsa
832 3437 942 3492 vita
979 3452 1087 3493 non
1123 3440 1291 3493 etiam
1321 3438 1424 3493 hoc
1451 3438 1647 3493 haheat
1675 3448 1733 3492 ut
1762 3438 1834 3494 sit
1859 3449 2101 3494 sanctus.

2212 2239 2380 2312 κρῶν,
2410 2240 2545 2294 ἁλλὰ
2576 2240 2813 2309 ζώντων,
2850 2261 2868 2293 ι
2899 2240 3012 2295 ίσον
3037 2242 3331 2315 δυνάμενον
3364 2241 3473 2314 τῷ·
3505 2244 3619 2297 Οὐκ
3647 2243 3795 2297 ἐστιν

2211 2332 2571 2405 ἁμαρτωλῶν,
2624 2333 2761 2388 ἁλλὰ
2801 2334 2969 2403 ἁγίων
3012 2334 3163 2400 Θεός.
3206 2334 3431 2407 Μεγάλη
3468 2335 3576 2407 γὰρ
3620 2335 3796 2408 δωρεὰ

2211 2426 2322 2488 τοῖς
2351 2426 2737 2497 πατριάρχαις,
2764 2425 2825 2479 τὸ
2855 2424 2947 2479 τὸν
2989 2425 3123 2480 Θεὸν
3161 2427 3281 2479 ἀντὶ
3324 2426 3587 2498 ὀνόματος
3630 2444 3795 2499 προσ-

2212 2515 2346 2586 ἅψαι
2371 2514 2469 2587 τὴν
2490 2515 2712 2569 ἐκείνων
2740 2513 3031 2587 ὀνομασίαν
3053 2519 3121 2589 τῇ
3143 2516 3273 2581 Θεὸς
3306 2517 3411 2589 ἰδίᾳ
3434 2517 3600 2571 αὑτοῦ
3629 2536 3795 2591 προσ-

2213 2608 2410 2679 ηγορίᾳ
2428 2625 2442 2639 ο
2480 2607 2622 2662 καθὰ
2650 2607 2743 2661 καὶ
2775 2609 2803 2663 ὁ
2823 2608 3032 2671 name,-
3063 2624 3195 2679 φησι
3216 2625 3231 2639 ’
3258 2626 3277 2659 ο
3303 2610 3393 2663 Διὸ
3423 2611 3523 2663 οὐκ
3545 2611 3795 2683 ἐπαισχύ-

2211 2715 2362 2752 νεται
2382 2700 2410 2753 ὁ
2425 2698 2556 2762 Θεὸς
2581 2698 2712 2763 Θεὸς
2740 2698 3020 2752 καλεῖσθαι
3048 2698 3247 2753 αὐτῶν.
3264 2718 3282 2750 r
3301 2698 3509 2754 Οὐκοῦν
3532 2701 3662 2765 Θεός
3682 2702 3796 2755 ἐστι

2211 2789 2321 2859 τῶν
2342 2790 2593 2863 πατέρων
2624 2790 2719 2844 καὶ
2756 2790 2973 2844 πάντων
3006 2787 3114 2843 τῶν
3134 2790 3302 2859 ἁγίων
3318 2807 3332 2820 ο
3366 2791 3460 2845 καὶ
3483 2790 3585 2843 οὐκ
3606 2792 3671 2845 ἄν
3695 2808 3796 2844 που

2212 2881 2695 2955 ἀναγεγραμμένον
2722 2881 3025 2953 εὑρίσκοιτο
3043 2881 3134 2935 τὸν
3156 2881 3287 2935 Θεὸν
3304 2878 3441 2936 εῖναι
3460 2882 3550 2937 τὸν
3572 2882 3707 2936 Θεόν
3727 2900 3801 2936 τι·

2212 2990 2302 3037 νος
2324 2973 2433 3027 τῶν
2458 2970 2689 3027 ἀσεϐῶν.
2714 2973 2777 3026 Ei
2801 2971 2979 3025 τοίνυν
2997 2974 3026 3025 ὁ
3052 2971 3184 3036 Θεὸς
3206 2973 3375 3041 ἁγίων
3401 2972 3517 3026 ἐστὶ
3546 2972 3639 3026 καὶ
3668 2973 3795 3037 Θεὸς

2213 3064 2429 3130 ζώντων
2476 3060 2614 3118 εἶναι
2655 3064 2893 3133 λέγεται,
2938 3064 2987 3117 οἱ
3033 3063 3176 3133 ἁγιοι
3211 3062 3410 3129 ζῶντές
3453 3067 3579 3128 εἰσι,
3611 3065 3704 3118 καὶ
3750 3068 3798 3117 οἱ

2214 3158 2414 3223 ζῶντες
2442 3159 2608 3227 ἆγιοι,
2635 3156 2756 3211 οὔτε
2786 3159 2943 3226 ἁγίου
2969 3156 3119 3220 ὄντος
3145 3156 3250 3221 ἔξω
3270 3158 3379 3210 τῶν
3411 3157 3648 3223 ζώντων,
3676 3156 3795 3211 οὔτε

2214 3252 2414 3316 ζῶντος
2434 3249 2860 3321 χρηματίζοντος
2895 3250 3073 3321 μόνον,
3096 3250 3188 3303 καὶ
3215 3250 3335 3320 οὐχὶ
3363 3251 3480 3321 μετ’
3508 3249 3674 3304 αὐτοῦ
3704 3250 3796 3303 τοῦ

2213 3342 2312 3415 ζῇν
2362 3342 2472 3415 (56)
2503 3342 2718 3413 ἔχοντος
2762 3342 2857 3395 καὶ
2887 3341 2949 3395 τὸ
2993 3341 3145 3410 ἆγιον
3178 3342 3340 3396 αὐτὸν
3384 3344 3690 3413 τυγχάνειν.
3725 3343 3799 3396 Τὸ

2212 3436 2592 3508 παραπλήσιον
2629 3435 2687 3489 δέ
2716 3437 2830 3488 ἐστι
2860 3435 2955 3488 καὶ
2984 3434 3078 3487 ἐπὶ
3107 3435 3227 3488 τοῦ·
3270 3454 3288 3486 ι
3330 3435 3695 3506 Εὐαρεστήσω
3720 3452 3775 3503 τι

522 3527 674 3584 idem
718 3528 833 3585 iere
861 3528 931 3585 de
966 3543 1034 3582 eo
1064 3528 1413 3583 sentiendum
1444 3537 1530 3583 est
1558 3529 1701 3598 quod
1733 3529 1874 3583 ait"
1913 3547 1927 3582 :
1959 3548 1977 3580 ι
2007 3527 2103 3584 Hi-

2211 3528 2400 3600 Κυρίῳ
2431 3529 2490 3581 ὲν
2522 3527 2675 3599 χώρᾳ
2702 3524 2938 3592 ζώντων,
2981 3545 3000 3578 ι
3036 3526 3194 3580 ὶδεῖνο
3222 3526 3298 3590 ώς
3328 3528 3377 3579 εί
3411 3526 3595 3594 ἔλεγεν
3626 3528 3685 3579 ἐν
3707 3527 3796 3580 τὰ-

530 3620 723 3675 lariter
769 3617 1001 3675 aﬂ'ectus
1039 3634 1136 3675 ero
1176 3634 1305 3692 erga
1350 3619 1633 3675 Dominum
1672 3621 1726 3675 in
1766 3622 1986 3692 regione
2028 3623 2107 3676 vi-

522 3710 814 3778 ventium;
851 3728 872 3764 ι
910 3711 1135 3780 perinde
1181 3725 1248 3766 ac
1295 3711 1344 3767 si
1378 3712 1602 3766 dixisset
1636 3711 1691 3766 in
1732 3713 1929 3769 ordine
1980 3728 2106 3768 san-

510 3811 767 3868 »ctorum,
796 3802 881 3857 vel
908 3804 962 3857 in
987 3802 1110 3858 loco
1135 3812 1477 3870 sanctorum,
1506 3817 1701 3875 nempe
1725 3805 1893 3859 animi
1921 3805 2107 3860 hilari-

512 3900 645 3947 «tate
672 3892 910 3962 proprie.
942 3893 1026 3948 vel
1062 3893 1116 3948 in
1155 3894 1366 3962 ordine,
1401 3894 1486 3949 vel
1538 3897 1591 3950 in
1645 3895 1765 3952 loco
1794 3907 2106 3952 sanctorum

514 3981 853 4047 exsistente,
879 3991 934 4038 et
976 3984 1201 4060 perinde
1252 3986 1405 4054 quasi
1455 3986 1636 4040 nullus
1687 4001 1807 4041 eam
1849 3985 2006 4056 plene
2036 3987 2108 4041 sit

526 4086 908 4143 possessurus,
939 4074 1031 4143 qui
1063 4074 1147 4130 vel
1178 4076 1244 4130 ad
1273 4077 1518 4131 ordinem
1544 4087 1884 4143 sanctorum,
1925 4077 2009 4132 vel
2038 4079 2106 4132 ad

531 4162 714 4220 locum
742 4175 1051 4221 sanctorum
1082 4182 1189 4221 non
1237 4167 1571 4237 pervenerit,
1601 4170 1668 4222 ad
1697 4183 1859 4237 quem
1887 4170 2109 4224 accedat

516 4264 747 4324 oportet
781 4256 1028 4327 quisquis
1067 4256 1170 4313 hac
1210 4257 1264 4312 in
1313 4259 1425 4312 vita
1495 4258 1803 4327 perceperit
1859 4259 2105 4313 umbram

532 4347 698 4403 veluti
739 4359 796 4403 et
834 4349 1127 4419 imaginem
1167 4364 1311 4406 vera:
1350 4349 1669 4405 hilaritatis.
1699 4347 1838 4415 Quin
1867 4348 2062 4403 illud”
2091 4344 2119 4405 ε’

536 4459 559 4491 ι
587 4438 705 4495 Non
741 4439 1131 4510 iustificabitur
1151 4456 1335 4498 coram
1374 4442 1487 4498 Deo
1521 4441 1704 4498 omnis
1725 4441 1937 4505 vivens,
1963 4460 1984 4493 ι
2019 4440 2108 4496 de~

533 4531 707 4587 eiarat
738 4534 1036 4599 neminem,
1059 4534 1457 4604 quantumlibet
1494 4536 1732 4603 beatum,
1765 4535 1810 4591 si
1840 4550 1963 4590 cum
1998 4535 2106 4590 Deo

526 4639 597 4678 ac
636 4624 848 4693 iustitia
899 4622 1070 4696 ipsius
1114 4626 1449 4693 conleratur,
1483 4626 1797 4696 iustiﬁcari,
1850 4628 2013 4684 veluti
2059 4630 2103 4685 si

532 4716 641 4772 tale
661 4717 921 4787 quiddam
947 4718 1121 4773 altero
1143 4719 1393 4788 exemplo
1421 4719 1725 4775 diceremus
1748 4717 1898 4776 :Non
1924 4720 2106 4791 splen-

2211 3618 2291 3686 ξει
2311 3619 2502 3687 ἁγίων,
2521 3618 2557 3690 ἢ
2573 3621 2631 3673 ὲν
2651 3618 2729 3688 τῷ
2747 3618 2899 3690 τόπῳ
2925 3617 3033 3672 τῶν
3058 3619 3227 3687 ἁγίων
3247 3619 3343 3690 τῆς
3374 3618 3577 3689 κυρίως
3604 3617 3795 3691 εεὺαρε⁸

2211 3710 2479 3781 στήσεως,
2510 3711 2630 3781 ἤτοι
2662 3712 2721 3763 έν
2750 3712 2814 3781 τῇ
2844 3709 2996 3775 τάξει
3023 3710 3133 3764 τῶν
3166 3710 3361 3778 ἁγίων,
3390 3710 3423 3782 ἢ
3463 3710 3520 3762 ὲν
3542 3709 3622 3781 τῷ
3645 3711 3797 3782 τόπῳ

2207 3799 2315 3853 τῶν
2349 3802 2520 3870 ἁγίων
2557 3801 2961 3872 τυγχανούσης·
2997 3802 3208 3855 οὐδέπω
3237 3800 3424 3873 ἄκρως
3445 3799 3795 3873 εὐαρεστοῦν-

2207 3908 2297 3956 τος
2322 3891 2415 3946 τοῦ
2449 3892 2522 3963 μὴ
2552 3894 2633 3957 εἰς
2662 3891 2764 3963 τὴν
2792 3891 2946 3958 τὰξιν
2985 3891 3095 3945 τῶν
3124 3886 3297 3960 ἁγίῖυν
3336 3891 3732 3963 κεχωρηκότος,
3760 3891 3793 3964 ἢ

2205 3985 2300 4039 τοῦ
2336 3984 2410 4056 μὴ
2436 3987 2516 4048 εἰς
2538 3984 2630 4038 τὸν
2664 3985 2827 4038 τόπον
2854 3983 2962 4037 τῶν
2994 3984 3164 4054 ἁγίων
3187 3984 3585 4055 γεγενημένου·
3620 3984 3702 4047 εἰς
3736 3984 3794 4037 ὃν

2207 4078 2452 4148 χωρῆσαι
2480 4077 2660 4147 δεήσει
2704 4078 2880 4131 πάντα
2916 4075 3007 4129 τὸν
3057 4076 3220 4130 οίονεὶ
3268 4075 3427 4129 σκιὰν
3475 4076 3570 4129 καὶ
3611 4075 3796 4130 εἰκόνα

2207 4168 2308 4237 τῆς
2355 4168 2765 4239 εὐαρεστήσεως
2811 4166 2910 4238 τῆς
2954 4165 3213 4238 ἀληθινῆς
3264 4168 3322 4219 ἐν
3371 4165 3449 4237 τῷ
3482 4164 3584 4237 βίῳ
3619 4166 3794 4239 τούτῳ

2209 4256 2695 4330 προσανειληφότα.
2745 4257 2855 4310 Καὶ
2904 4257 2996 4310 τόο
3032 4276 3050 4309 ι
3096 4259 3171 4311 Οὐ
3224 4257 3682 4330 δικαιωθήσεσθαι
3733 4260 3792 4313 δὲ

2208 4349 2329 4403 κατ’
2374 4348 2603 4403 ἐνώπιον
2657 4347 2751 4402 τοῦ
2800 4348 2935 4403 Θεοῦ
2986 4349 3167 4402 πάντα
3214 4348 3410 4414 ζῶντα.
3453 4368 3474 4401 ι
3506 4349 3674 4420 δηλοῖ,
3710 4351 3792 4403 ὅτι

2207 4440 2285 4503 ὡς
2307 4441 2416 4512 (57)
2444 4441 2580 4513 πρὸς
2603 4441 2735 4494 Θεὸν
2761 4442 2857 4494 καὶ
2883 4440 2980 4512 τὴν
3006 4443 3065 4494 έν
3084 4441 3235 4512 αὐτῷ
3253 4440 3598 4513 δικαιοσύνην
3616 4441 3793 4505 οὐδεὶς

2206 4533 2622 4608 δικαιωθήσεται
2653 4535 2761 4589 τῶν
2784 4536 2924 4590 πάνυ
2962 4536 3268 4608 μακαρίων,
3298 4535 3374 4599 ώς
3393 4537 3444 4587 εί
3478 4535 3576 4588 καὶ
3608 4535 3791 4604 ὲλέγο-

2210 4642 2312 4695 μεν
2342 4625 2435 4679 ἐπὶ
2466 4627 2652 4697 ἑτέρου
2685 4625 3132 4697 παραδείγματος
3170 4624 3410 4681 τοιοῦτον
3429 4644 3443 4657 ο
3476 4627 3552 4679 Οὐ
3602 4630 3794 4696 φωτιεῖ

2208 4719 2314 4783 πᾶς
2334 4717 2523 4791 λύχνος
2555 4718 2782 4774 ἐνώπιον
2826 4721 2976 4792 ήλίου
2995 4738 3009 4752 ο
3062 4722 3256 4791 φωτιεῖ
3290 4719 3388 4790 μὲν
3410 4719 3520 4790 γὰρ
3547 4720 3654 4783 πᾶς
3696 4719 3791 4775 λύ-

532 4809 684 4864 debit
730 4808 951 4866 lucerna
994 4810 1104 4864 ulla
1142 4825 1331 4866 coram
1366 4811 1511 4877 sole;
1541 4811 1849 4883 splendebit
1881 4813 2101 4883 quidem

2211 4829 2355 4882 χνος,
2383 4813 2495 4866 ἁλλ’
2524 4815 2652 4866 ὅταν
2685 4813 2761 4885 μὴ
2786 4812 3196 4885 καταυγὰζηται
3223 4812 3329 4866 ὑπὸ
3356 4812 3530 4884 ήλίου.
3561 4815 3793 4868 Δικαιω-

532 4901 709 4956 omnis
736 4901 977 4969 lucerna,
1004 4903 1100 4957 sed
1127 4910 1239 4957 tum
1282 4918 1403 4958 cum
1438 4905 1717 4961 radiorum
1751 4905 1884 4962 solis
1920 4905 2104 4976 splen-

2210 4865 2431 4976 θήσεται
2453 4906 2511 4959 δὲ
2544 4907 2637 4959 καὶ
2817 4906 2947 4971 ζῶν,
2967 4865 3083 4961 ἁλλ’
3095 4865 3209 4961 ὀὐκ
3235 4865 3465 4960 ένώτέιον
3497 4907 3592 4961 τοῦ
3616 4907 3750 4961 Θεοῦ
3770 4923 3785 4938 ⁸

532 4986 666 5040 dore
694 5002 801 5043 non
828 4987 1158 5045 illustratur.
1186 4987 1587 5047 Justiiicabitur
1612 4992 1777 5048 etiam
1809 4995 1990 5051 omnis
2023 4994 2107 5049 vi-

531 5088 684 5141 vens,
716 5086 773 5131 at
802 5092 933 5133 vero
977 5093 1087 5134 non
1118 5094 1305 5135 coram
1338 5080 1450 5137 Deo
1475 5080 1892 5151 justiilcabitur,
1929 5100 2105 5155 quan-

529 5166 600 5222 do
630 5180 753 5222 cum
781 5167 886 5224 illis
907 5182 1258 5239 comparatur
1289 5174 1383 5243 qui
1426 5173 1642 5229 inferne
1664 5175 1933 5241 habitant,
1973 5177 2099 5246 qui-

524 5272 637 5329 que
663 5258 904 5315 tenebris
932 5251 1270 5329 detinentur,
1298 5264 1439 5334 apud
1465 5280 1604 5335 quos
1648 5265 1856 5322 lucebit
1879 5266 2099 5323 illorum

527 5347 644 5404 ius.
686 5346 756 5403 Et
803 5350 928 5406 vide
986 5366 1115 5406 num
1168 5353 1270 5408 hac
1321 5357 1532 5412 ratione
1577 5355 1985 5426 intelligendum
2031 5358 2105 5413 sit

2202 4997 2293 5050 ὅτε
2317 4999 2429 5061 τοῖς
2457 4998 2607 5051 κὰτω
2644 4998 3012 5075 συγκρίνεται,
3046 4998 3140 5051 καὶ
3173 4996 3282 5050 ὑπὸ
3316 4997 3411 5051 τοῦ
3447 4997 3672 5061 σκότους
3698 5014 3790 5052 κε·-

2205 5087 2587 5159 κρατημένοις,
2639 5090 2768 5159 παρ’
2792 5085 2874 5153 οἷς
2915 5087 3118 5158 λάμψει
3167 5087 3347 5141 αὐτῶν
3387 5087 3451 5141 τὸ
3501 5088 3637 5158 φῶς.
3678 5089 3790 5143 Καὶ

2201 5177 2306 5248 δρα
2334 5179 2382 5229 εἰ
2413 5178 2551 5231 κατὰ
2577 5178 2737 5231 τοῦτο
2767 5180 2860 5231 καὶ
2900 5180 2962 5232 τὸ
3006 5180 3066 5231 έν
3091 5176 3171 5247 τῷ
3194 5177 3510 5249 Εὑαγγελίῳ
3538 5178 3785 5249 νοητέον·

2210 5287 2230 5320 ι
2257 5268 2540 5339 Λαμψὰτω
2559 5270 2619 5323 τὸ
2648 5269 2764 5339 φῶς
2784 5270 2938 5341 ὑμῶν
2959 5271 3267 5343 ἔμπροσθεν
3290 5269 3400 5323 τῶν
3423 5269 3746 5342 ἀνθρώπων
3760 5288 3779 5320 ›

2208 5361 2270 5413 οὐ
2293 5360 2401 5431 γάρ
2417 5378 2431 5391 ·
2461 5360 2741 5432 Λαμψὰτω
2759 5362 2820 5414 τὸ
2847 5362 2960 5432 φῶς
2989 5364 3140 5434 ὑμῶν
3161 5360 3468 5434 ἔμπροσθεν
3490 5361 3584 5414 τοῦ
3613 5358 3749 5414 Θεοῦ
3768 5375 3784 5392 ·

600 5484 649 5559 “_
671 5483 828 5559 εἰσίδῃ,
859 5503 937 5548 ιι.
960 5487 1050 5543 25.
1129 5489 1171 5521 "
1200 5488 1365 5545 Marc.
1397 5505 1492 5555 xu,
1514 5490 1605 5555 26,
1635 5490 1725 5546 27.
1803 5492 1848 5524 ³⁸
1884 5490 2025 5548 Psal.
2057 5506 2227 5559 exul,
2261 5493 2319 5547 2.
2406 5493 2452 5526 “
2481 5493 2640 5548 Num.
2668 5511 2778 5558 xiv,
2800 5495 2890 5549 28.
2966 5495 3011 5528 ³⁸
3039 5495 3204 5551 Marc.
3243 5508 3338 5558 xu,
3367 5493 3461 5549 27.
3542 5493 3589 5525 ³⁸
3613 5492 3781 5549 llebr.

528 5556 716 5622 “.16.
792 5558 835 5596 "
866 5559 1009 5614 Psal.
1047 5574 1192 5626 cnv,
1217 5561 1271 5615 9.
1348 5561 1393 5593 ³⁸
1429 5560 1571 5617 Psal.
1599 5576 1761 5625 emt,
1794 5563 1848 5618 2.

600 5670 711 5741 (55)
747 5672 1193 5751 τῆς-ἁμαρτίας.
1214 5674 1411 5751 _Codex
1444 5674 1784 5745 Bodleianus,
1812 5680 1877 5750 τῇ
1920 5679 2103 5751 ἁμαρ-

531 5739 641 5809 τίᾳ.
679 5739 728 5793 ct
764 5739 833 5794 ita
860 5739 1315 5810 legit'r‘et-rarilts.

602 5811 712 5883 ‘56)
744 5814 875 5866 Met’
903 5815 1087 5870 αὐτοῦ
1118 5814 1222 5869 τοῦ
1260 5813 1383 5885 ζῇν.
1431 5819 1521 5875 Sic
1547 5820 1715 5875 codex
1746 5819 2101 5889 Budleianus;

2213 5673 2414 5744 Regius
2440 5684 2493 5744 et
2526 5670 2869 5744 Barberinus.
2905 5674 3042 5744 μετὰ
3078 5672 3171 5727 τοῦ
3196 5672 3315 5743 ζῇν.

2286 5740 2396 5813 (57)
2439 5743 2551 5807 Ὡς.
2615 5741 2705 5797 Sic
2735 5740 3286 5812 codex-Bodleiauus;
3343 5740 3540 5813 Regius
3567 5753 3622 5798 et
3647 5742 3781 5801 BI!“-

2216 5816 2456 5880 berinus,
2484 5813 2636 5876 ὡσεί,
2662 5826 2765 5868 etc.
