4174 6412
387 371 490 425 H5

1505 370 1860 427 COMMENT.
1897 370 1964 426 1N
2004 370 2197 426 JOAN.
2241 369 2478 427 TOMUS
2517 372 2576 426 ll.

3541 370 3642 437 tle

371 487 533 543 τοῦτο
563 485 671 560 γὰρ
704 487 752 540 εί
786 485 1109 550 ἐνετέλλετο,
1147 484 1408 540 ἀδύνατον
1436 485 1503 539 ἂν
1536 474 1704 538 ἐδίδου
1729 484 1968 557 ἐντολὴν,

2075 485 2242 542 etiam
2275 485 2410 540 illud
2455 487 2596 556 quod
2629 495 2712 541 est
2756 486 2810 540 in
2844 487 3135 560 Evangelio
3160 489 3202 525 "
3231 507 3246 548 :
3278 509 3296 542 ι
3326 488 3527 545 Luceat
3556 493 3648 548 lux

372 580 506 634 ὡσεὶ
540 581 634 633 καὶ
673 581 786 636 τοῖς
814 578 1024 650 λύχνοις
1064 578 1328 649 ἐμψύχοις
1363 573 1512 632 οὖσιν
1548 578 1768 648 ἐντολὴν
1793 578 1961 632 ἐδίδου

166 658 168 662 ’
265 692 273 698 ’
372 673 434 726 τὸ
464 672 677 744 λάμψαι
706 671 768 724 τὸ
823 671 938 741 φῶς
982 669 1162 724 αὐτῶν
1194 669 1501 740 ἔμπροσθεν
1532 669 1625 722 τοῦ
1657 669 1829 740 ήλίου.
1852 670 1963 740 Οὐχ

375 765 422 816 oi
455 763 708 834 τυχόντες
735 758 829 815 οὖν
859 761 1008 833 μόνοι
1041 761 1147 814 τῶν
1180 759 1394 831 ζώντων
1426 762 1487 814 οὐ
1512 760 1963 830 δικαιωθήσονται

376 853 715 908 κατενώπιον
763 853 856 906 τοῦ
905 852 1062 917 Θεοῦ,
1109 852 1246 906 ἀλλὰ
1274 852 1366 905 καὶ
1401 853 1450 905 οἱ
1489 852 1562 916 ὡς
1597 853 1654 906 ἐν
1685 851 1818 916 ζῶσι
1856 851 1964 904 τῶν

375 946 672 999 ἐλαττόνων
704 945 1050 1017 διαφέροντες
1069 961 1082 975 ·
1128 944 1161 1015 ἢ
1197 945 1334 1015 ὅπερ
1371 944 1589 1014 μᾶλλον,
1620 945 1793 1016 ἆμαή
1827 945 1963 999 πάν-

374 1057 482 1092 των
531 1038 640 1091 τῶν
690 1037 907 1102 ζώντων
950 1036 1292 1108 δικαιοσύνηξ
1311 1037 1373 1089 οὐ
1418 1036 1837 1108 δικαιωθήσεται
1889 1035 1966 1100 ὡς

377 1133 516 1201 πρὸς
542 1131 640 1202 τὴν
666 1129 759 1183 τοῦ
783 1128 920 1182 Θεοῦ
945 1128 1311 1200 δικαιοσύνην,
1341 1130 1417 1193 ὼς
1449 1131 1498 1182 εί
1527 1128 1622 1182 καὶ
1651 1129 1766 1199 ἅμα
1790 1128 1967 1183 πάντα

375 1223 443 1276 τὰ
474 1224 569 1277 ἐπὶ
590 1223 693 1294 γῆς
720 1221 1010 1295 νυκτερινὰ
1053 1221 1376 1292 συναγαγὼν
1427 1221 1583 1294 φῶτα
1627 1221 1860 1291 ἔφασκον
1891 1221 1964 1292 μὴ

373 1313 632 1367 δύνασθαι
671 1312 846 1366 ταῦτα
898 1311 1150 1381 φωτίζειν
1201 1312 1276 1376 ὡς
1326 1312 1464 1383 πρὸς
1513 1311 1611 1375 τὰς
1649 1311 1835 1364 τούτου
1873 1311 1965 1363 τοῦ

375 1404 526 1474 ήλίου
556 1405 748 1473 αὐγάς.
799 1403 934 1457 Κατ’
962 1402 1298 1456 ἐπανάϐασιν
1327 1403 1383 1455 δὲ
1425 1404 1490 1455 ἐκ
1525 1401 1635 1454 τῶν
1665 1402 1967 1472 είρημένων

375 1496 596 1566 νοητέον
620 1496 715 1548 καὶ
743 1495 804 1548 τό
826 1512 839 1525 ·
879 1513 896 1545 ι
933 1493 1019 1546 Ζῶ
1047 1493 1178 1563 ἐγὼ,
1210 1493 1360 1562 λέγει
1382 1494 1604 1565 Κύριος.
1645 1513 1662 1545 ι
1696 1494 1846 1562 Τάχα
1873 1495 1966 1545 τοῦ

374 1589 585 1658 κυρίως
614 1587 732 1658 ζῇν,
765 1586 999 1658 μάλιστα
1023 1587 1088 1639 ἐκ
1119 1586 1225 1639 τῶν
1253 1587 1557 1658 εἰρημένων
1581 1585 1822 1658 περὶτοῦ
1848 1586 1966 1656 ζῇν,

375 1680 529 1752 παρὰ
555 1680 700 1751 μόνῳ
726 1681 1087 1750 τυγχάνοντος
1108 1679 1184 1750 τῷ
1207 1679 1344 1750 Θεῷ.
1373 1679 1484 1732 Καὶ
1504 1681 1605 1751 ὅρα
1632 1681 1679 1731 εί
1703 1678 1792 1732 διὰ
1812 1678 1970 1732 τοῦτο

373 1771 599 1825 δύναται
621 1773 649 1825 6
676 1770 996 1834 ’Λπόστολος
1027 1769 1138 1841 (58)
1161 1770 1259 1841 τὴν
1279 1772 1358 1834 εἰς
1375 1769 1679 1841 ὑπερϐολὴν
1697 1770 1969 1841 ὑπεροχὴν

2069 587 2253 634 vestra
2287 593 2470 632 coram
2505 579 2850 645 hominibus;
2878 599 2898 631 ι
2932 595 3039 636 non
3070 583 3214 638 enim
3247 583 3418 638 dixit:
3445 584 3649 641 Luceat

2072 671 2162 725 lux
2189 679 2371 726 vestra
2419 685 2605 726 coram
2645 673 2779 739 Deo,
2808 673 3008 744 alioqui
3058 685 3389 746 prteceptum
3425 679 3650 736 daturus

2069 758 2430 829 impossibile,
2472 759 2518 814 si
2565 760 2666 815 hoc
2704 763 3074 832 praecepisset,
3103 766 3326 835 perinde
3376 782 3443 821 ac
3477 769 3521 822 si
3562 769 3649 823 lu-

2071 851 2253 907 cernis
2296 851 2554 906 animalis
2596 855 2971 922 prtecepisset,
3007 856 3084 910 uti
3127 856 3218 910 lux
3277 858 3521 927 ipsorum
3555 874 3651 914 co-

2072 957 2188 997 ram
2213 944 2328 998 sole
2356 942 2586 998 luceret.
2616 943 2979 1011 Quamobrem
3021 961 3126 1001 non
3161 948 3319 1003 modo
3346 949 3536 1019 vulgus
3566 951 3649 1004 vi-

2071 1036 2312 1090 ventium
2377 1050 2483 1088 non
2531 1035 2919 1102 justiﬁcabitnr
2977 1052 3160 1092 coram
3210 1039 3341 1106 Deo,
3401 1043 3496 1096 sed
3549 1057 3650 1097 nec

2071 1125 2234 1178 etiam
2269 1124 2327 1178 hi
2361 1124 2456 1194 qui
2498 1140 2595 1180 ceu
2640 1125 2784 1180 inter
2833 1127 3074 1183 viventes
3122 1127 3470 1186 inferioribus
3512 1145 3652 1201 pra-

2071 1225 2256 1281 stant;
2301 1215 2558 1285 quodque
2603 1215 2775 1287 magis
2820 1217 2984 1270 etiam
3029 1228 3134 1283 est,
3169 1221 3410 1274 omnium
3456 1221 3649 1275 viven-

2075 1305 2207 1360 tium
2246 1305 2300 1360 in
2351 1321 2521 1361 unum
2553 1306 2784 1362 collecta
2811 1307 3044 1374 iustitia,
3082 1312 3492 1379 comparatione
3523 1312 3648 1379 Dei,

2075 1413 2182 1451 non
2217 1395 2630 1464 justiﬁeabilur,
2659 1397 2882 1467 perinde
2912 1413 2977 1452 ac
3003 1397 3048 1454 si
3081 1398 3378 1457 luminibus
3403 1417 3526 1472 quae
3553 1417 3646 1458 su—

2074 1503 2172 1558 per
2213 1497 2413 1543 terram
2443 1497 2569 1543 sunt
2611 1489 2894 1543 nocturnis
2928 1488 2980 1541 in
3026 1505 3194 1544 unum
3225 1491 3472 1547 collectis
3505 1493 3651 1549 dice-

2077 1596 2187 1635 rem
2221 1596 2341 1651 ego,
2377 1581 2496 1636 ﬁeri
2544 1596 2649 1636 non
2683 1596 2863 1651 posse,
2902 1583 2978 1638 uti
3023 1583 3372 1654 splendorem
3402 1584 3650 1654 aﬂ‘erant,

2077 1661 2196 1745 71’
2217 1675 2564 1744 splendorum
2597 1675 2756 1745 hujus
2790 1675 2920 1730 solis
2957 1677 3392 1746 comparatione.
3429 1677 3534 1734 Per
3561 1694 3651 1736 re-

2076 1767 2394 1834 petitionem
2439 1780 2572 1821 vero
2617 1764 2805 1821 eorum
2853 1782 2976 1836 qua:
3000 1769 3264 1835 diximus,
3297 1771 3651 1826 consideran-

374 1864 575 1934 νοήσας
609 1862 710 1932 τῆς
747 1862 894 1932 ζωῆς
927 1861 1021 1916 τοῦ
1059 1862 1219 1928 Θεοῦ,
1269 1863 1365 1915 καὶ
1390 1860 1556 1926 ἀξίως
1601 1861 1736 1916 Θεοῦ
1778 1862 1969 1924 συνιεὶς

2077 1859 2204 1913 dum
2232 1858 2392 1913 etiam
2412 1857 2543 1912 illud
2573 1866 2693 1913 est:
2725 1876 2743 1912 ι
2779 1858 2913 1915 Vivo
2940 1874 3065 1928 ego,
3091 1860 3225 1915 dicit
3255 1860 3523 1917 Dominus
3545 1863 3648 1928 “,9

371 1956 467 2009 τό·
509 1974 527 2007 ι
560 1955 646 2009 Ζῶ
667 1954 798 2022 ἐγὼ,
829 1955 979 2024 λέγει
1011 1953 1236 2025 Κύριος,
1273 1973 1292 2005 ι
1338 1952 1617 2023 εἰρηκέναι
1651 1952 1780 2023 περὶ
1809 1950 1968 2015 Θεοῦ,

381 2067 400 2100 ι
432 2050 460 2101 6
479 2048 639 2118 μόνος
662 2047 800 2118 ἔχων
821 2047 1142 2107 ἀθανασίαν,
1169 2065 1187 2097 ι
1208 2045 1418 2109 οὐδενὸς
1430 2045 1540 2098 τῶν
1562 2043 1714 2116 παρὰ
1727 2045 1817 2098 τὸν
1837 2043 1970 2096 Θεὸν

374 2138 591 2202 ζώντων
619 2138 837 2209 ἔχοντος
856 2139 956 2209 τὴν
986 2138 1255 2209 ἄτρεπτον
1285 2137 1458 2207 πάντη
1488 2137 1582 2189 καὶ
1615 2135 1971 2190 ἀναλλοίωτον

375 2229 543 2301 ζωήν.
575 2231 684 2283 Καὶ
715 2231 767 2284 τί
805 2229 1130 2300 διστάζομεν
1162 2230 1291 2301 περὶ
1329 2228 1438 2282 τῶν
1467 2228 1690 2296 λοιπῶν,
1721 2230 1809 2282 ὅτε
1849 2229 1971 2282 οὐδὲ

372 2324 401 2375 6
427 2321 659 2393 Χριστὸς
693 2321 817 2392 ἔσχε
849 2323 945 2393 τὴν
983 2322 1072 2375 τοῦ
1107 2321 1319 2392 Πατρὸς
1354 2319 1681 2384 ἁθανασίαν;
1714 2319 1973 2388 ἐγεύσατο

375 2410 484 2484 γὰρ
512 2414 652 2483 ὑπὲρ
676 2413 878 2477 παντὸς
900 2413 1151 2467 Θανάτου.

2076 1965 2200 2005 cum
2243 1951 2521 2020 proprium
2554 1950 2760 2017 vivere,
2793 1951 3063 2020 praecipue
3091 1966 3160 2006 ex
3191 1952 3275 2008 his
3306 1969 3428 2024 quae
3457 1956 3526 2011 de
3565 1957 3652 2012 vi-

2075 2045 2252 2098 vendo
2292 2042 2672 2107 disseruimus,
2705 2056 2873 2111 penes
2902 2044 3076 2097 solum
3102 2044 3174 2098 sit
3203 2045 3392 2100 Deum.
3427 2047 3494 2102 Et
3525 2048 3650 2106 vide

2077 2150 2204 2189 num
2237 2133 2308 2189 ob
2341 2134 2445 2188 hoc
2478 2134 2648 2204 possit
2673 2134 2966 2204 Apostolus
2997 2138 3051 2192 in
3101 2138 3432 2209 hyperbolen
3478 2143 3652 2210 usque

2079 2226 2422 2282 considerata
2453 2226 2547 2280 Dei
2579 2227 2704 2280 vitae
2743 2228 3092 2294 excellentia,
3125 2242 3200 2297 et,
3231 2242 3289 2284 ut
3318 2231 3539 2300 dignum
3567 2243 3653 2288 est

2079 2317 2213 2383 Deo,
2251 2316 2555 2387 intelligens
2585 2317 2714 2372 illud
2743 2334 2757 2370 :
2788 2337 2807 2370 ι
2834 2318 2968 2375 Vivo
3003 2335 3124 2390 ego,
3159 2322 3291 2377 dicit
3319 2323 3600 2389 Dominus,
3627 2343 3648 2378 ι

2079 2408 2145 2464 de
2169 2407 2280 2463 Deo
2315 2407 2525 2464 dixisse
2543 2407 2587 2441 “
2620 2424 2636 2462 :
2674 2409 2812 2477 «Qui
2857 2411 3003 2468 solus
3055 2414 3222 2468 habet
3268 2413 3652 2468 immortalita-

376 2517 510 2570 tem,
545 2528 564 2559 ι
606 2509 754 2562 ηυΙΙο
790 2520 989 2578 praater
1022 2511 1190 2562 Deum
1230 2508 1550 2572 viventium,
1587 2506 1981 2561 immutabilem
2011 2504 2520 2575 inallerabilemque
2545 2504 2886 2562 divinitatem
2918 2507 3172 2564 habente.
3211 2510 3277 2564 Et
3308 2510 3437 2579 quid
3474 2511 3652 2565 ambi-

374 2600 556 2668 gimus
591 2601 659 2655 de
692 2602 920 2663 creteris,
963 2602 1178 2669 quando
1209 2617 1275 2654 ne
1297 2600 1550 2656 Christus
1577 2598 1794 2668 quidem
1823 2597 2002 2654 Patris
2033 2597 2282 2652 habuerit
2312 2593 2824 2652 immortalitatem?
2862 2614 2986 2654 nam
3017 2615 3116 2670 pro
3149 2615 3476 2673 quocunque
3501 2617 3652 2660 mor-

377 2703 483 2745 tem
520 2693 754 2761 guStavit
778 2693 843 2744 δ’.

447 2783 600 2855 Ἅμα
622 2783 680 2836 δὲ
715 2783 1058 2848 ἐξετάζοντες
1082 2783 1150 2837 τὰ
1177 2782 1418 2854 περὶτοῦ
1441 2783 1540 2855 ζῇν
1563 2785 1660 2838 τοῦ
1682 2780 1841 2848 Θεοῦ,
1866 2783 1962 2837 καὶ

374 2875 541 2946 ζωῆς,
581 2875 703 2946 ἥτις
719 2875 866 2927 ἐστὶν
886 2879 915 2928 6
940 2875 1193 2947 Χριστὸς,
1229 2876 1323 2929 καὶ
1346 2874 1564 2939 ζώντων
1591 2877 1649 2929 ἐν
1677 2874 1833 2946 χώρᾳ
1860 2874 1967 2946 ἰδίᾳ

2148 2778 2236 2833 12.
2277 2778 2413 2834 Cum
2443 2792 2576 2833 vero
2620 2778 2959 2848 inquiramus
2986 2780 3054 2836 de
3086 2779 3172 2836 his
3213 2795 3336 2851 quae
3369 2783 3434 2836 ad
3481 2783 3651 2839 Deum

2073 2871 2344 2926 viventem
2388 2870 2686 2939 pertinent,
2732 2879 2789 2924 et
2835 2873 2902 2926 de
2941 2870 3052 2925 vita
3097 2887 3220 2941 qua:
3259 2883 3344 2928 est
3374 2872 3650 2941 Christus,

373 2968 771 3039 τυγχανόντων,
808 2969 903 3021 καὶ
938 2966 1156 3031 ζώντων
1180 2969 1240 3021 οὐ
1285 2969 1682 3040 δικαιουμένων
1732 2967 1966 3022 ἐνώπιον

2073 2964 2248 3033 deque
2281 2961 2590 3018 viventibus
2611 2962 2706 3032 qui
2738 2973 2867 3018 sunt
2897 2964 2950 3018 in
2979 2979 3079 3019 sua
3113 2965 3359 3035 regione,
3387 2978 3551 3037 atque
3581 2969 3650 3024 de

375 3057 469 3111 τοῦ
497 3057 654 3122 Θεοῦ,
695 3057 1006 3120 ἀκολούθως
1036 3057 1247 3121 τούτοις
1276 3058 1702 3129 παρατιθέμενοι
1730 3057 1810 3111 τό·
1845 3075 1865 3108 ι
1910 3057 1968 3110 Ὁ

381 3151 542 3220 μόνος
579 3149 718 3220 ἔχων
753 3151 1076 3214 ἀθανασίαν,
1119 3171 1136 3202 ι
1178 3150 1246 3203 τὰ
1271 3150 1642 3222 ὑπονοούμενα
1679 3166 1970 3221 συμπαρα-

376 3241 663 3312 ληψόμεθα
699 3243 828 3313 περὶ
855 3241 949 3294 τοῦ
976 3243 1084 3296 πᾶν
1129 3242 1411 3295 ὁτιποτοῦν
1438 3241 1655 3308 λογικὸν
1682 3241 1756 3313 μὴ
1784 3242 1972 3296 οὐσιω-

377 3334 488 3397 δὼς
521 3333 684 3404 ἔχειν,
733 3334 809 3397 ὼς
843 3332 1146 3404 ἀχώριστον
1177 3332 1544 3404 συμϐεϐηκὸς,
1571 3333 1670 3404 τὴν
1703 3332 1970 3403 μακαριό-

377 3443 542 3495 τητα.
584 3425 709 3477 Ἐὰν
729 3424 839 3496 γὰρ
868 3423 1170 3494 ἀχώριστον
1198 3424 1297 3495 ἐχῃ
1331 3424 1431 3495 τὴν
1470 3423 1848 3495 μακαριότητα
1877 3425 1971 3476 καὶ

376 3519 478 3588 τὴν
509 3515 926 3588 προηγουμένην
946 3514 1110 3583 ζωὴν,
1131 3515 1247 3579 πῶς
1270 3515 1351 3568 ἐτι
1372 3515 1523 3569 ἔσται
1547 3515 1746 3587 ἀληθὲς
1760 3516 1821 3569 τὸ
1843 3517 1972 3587 περὶ

376 3607 474 3661 τοῦ
508 3608 643 3661 Θεοῦ
667 3607 1072 3678 λεγόμενονοιὉ
1099 3608 1256 3679 μόνος
1280 3607 1391 3679 (59)
1413 3608 1551 3679 έχων
1578 3607 1909 3674 ἀθανασίαν;
1946 3627 1964 3660 ι

376 3699 502 3770 Χρὴ
524 3698 768 3768 μέντοιγε
793 3698 1010 3760 εἰδέναι,
1034 3699 1115 3752 ὅτι
1145 3699 1268 3752 τινὰ
1299 3701 1328 3752 6
1363 3698 1554 3771 Σωτὴρ
1590 3699 1688 3769 οὐχ
1711 3697 1860 3769 αὑτῷ
1896 3694 1970 3751 ei-

378 3811 468 3846 ναι
492 3792 624 3863 (60),
655 3791 770 3845 ἀλλ’
796 3791 1026 3862 ἑτέροις,
1054 3791 1176 3845 τινὰ
1203 3791 1261 3844 δὲ
1296 3790 1446 3862 αὑτῷ
1477 3791 1572 3845 καὶ
1609 3791 1836 3862 ἑτέροιςο
1875 3791 1971 3861 ζη-

379 3886 572 3956 τητέον
600 3886 658 3939 δὲ
685 3885 741 3938 εῑ
759 3900 882 3938 τινα
915 3882 1092 3954 ἐαυτῷ
1129 3882 1222 3936 καὶ
1254 3883 1449 3938 οὐδενί.
1485 3880 1681 3951 Σαφῶς
1717 3881 1816 3952 μὲν
1863 3880 1972 3952 γὰρ

377 3979 589 4052 ἑτέροις
616 3979 734 4032 ἐστὶ
772 3975 999 4049 ποιμὴν,
1028 3977 1128 4048 οὐχ
1166 3976 1242 4042 ὼς
1267 3979 1315 4030 οἱ
1342 3975 1492 4048 παρὰ
1515 3973 1823 4047 ἀνθρώποις
1849 3991 1961 4028 ποι.

384 4072 548 4142 μένες
575 4071 758 4143 ὄνησιν
785 4073 851 4124 ὲκ
876 4069 970 4124 τοῦ
994 4069 1302 4141 ποιμαίνειν
1334 4071 1416 4134 εἰς
1443 4068 1636 4123 ἐαυτὸν
1657 4067 1970 4140 λαμϐάνων,

379 4166 431 4216 εἰ
461 4164 536 4235 μὴ
559 4165 665 4234 ἄρα
699 4163 800 4236 τὴν
835 4164 946 4217 τῶν
975 4162 1415 4234 ποιμαινομένων
1453 4162 1723 4232 ὠφέλειαν
1759 4151 1848 4214 διὰ
1887 4179 1974 4230 φι-

381 4255 514 4308 λανο
525 4255 728 4326 ρωπίαν
762 4256 896 4310 ίδίαν
919 4251 1058 4309 εἷναι
1087 4255 1380 4324 λογίσαιτο·
1402 4254 1538 4308 ἀλλὰ
1559 4255 1654 4308 καὶ
1684 4252 1802 4317 ὁδός
1826 4255 1971 4306 ἐστιν

2070 3053 2378 3109 viventibus
2405 3053 2572 3108 etiam
2606 3053 2695 3109 bis
2719 3054 2812 3124 qui
2849 3069 3036 3109 coram
3073 3055 3183 3110 Deo
3206 3073 3311 3112 non
3336 3057 3654 3125 iustiﬁcan-

2072 3155 2179 3212 tur,
2212 3152 2612 3213 consequenter
2643 3144 2732 3199 bis
2773 3155 3109 3215 apponentes
3143 3164 3157 3200 :
3191 3165 3209 3197 ι
3234 3146 3337 3214 Qui
3369 3149 3518 3204 solus
3555 3149 3655 3203 ha-

2071 3237 2161 3291 bet
2211 3235 2677 3291 immortalitatem
2701 3235 2769 3302 ”,
2800 3255 2821 3289 ι
2865 3239 3070 3307 pariter
3101 3241 3264 3310 etiam
3315 3256 3652 3297 assumemus

2070 3345 2193 3398 qua:
2233 3329 2737 3401 subintelliguntur,
2771 3346 2965 3401 nempe
2996 3331 3139 3401 quod
3184 3348 3348 3388 omne
3387 3334 3650 3402 quidquid

2072 3422 2273 3477 dixeris
2323 3423 2554 3478 rationis
2603 3438 2802 3493 capax,
2834 3438 2938 3477 non
2971 3423 3172 3478 habeat
3212 3425 3652 3480 substantialiter

2072 3511 2190 3581 (ceu
2241 3512 2930 3584 inseparabile'accidens)
2971 3513 3390 3569 beatitudinem.
3439 3514 3573 3570 Nam
3601 3516 3651 3571 si

2073 3604 2492 3672 inseparabilem
2545 3604 2741 3660 habeat
2785 3605 3177 3660 beatitudinem
3223 3615 3281 3660 et
3321 3607 3650 3676 praecipuam

2071 3693 2258 3757 vitam,
2309 3696 2581 3760 quomodo
2626 3709 2816 3748 verum
2853 3695 2964 3749 erit
2998 3695 3130 3749 illud
3160 3698 3302 3765 quod
3331 3697 3397 3752 de
3427 3696 3538 3752 Deo
3565 3698 3650 3753 di-

2072 3785 2215 3838 citur
2247 3801 2262 3838 :
2298 3803 2317 3836 ι
2341 3785 2441 3852 Qui
2485 3785 2631 3840 solus
2663 3787 2828 3842 habet
2874 3787 3383 3843 immortalitatem?
3407 3808 3424 3840 ι
3459 3789 3652 3845 Scien~

2073 3874 2200 3929 dum
2233 3885 2315 3930 est
2341 3886 2586 3932 attamen
2619 3877 2973 3934 Servatorem
2998 3893 3104 3933 non
3136 3893 3259 3934 esse
3284 3877 3390 3933 sibi
3417 3878 3519 3950 ipsi
3552 3878 3654 3933 ali-

2071 3984 2198 4038 qua,
2237 3970 2330 4026 sed
2359 3971 2514 4036 aliis;
2547 3969 2727 4040 aliqua
2767 3986 2898 4025 vero
2937 3980 2992 4026 et
3015 3971 3120 4041 ipsi
3148 3981 3204 4024 et
3245 3969 3387 4026 aliis.
3425 3971 3651 4040 Insuper

2071 4060 2421 4128 quaerendum
2467 4071 2553 4116 est
2597 4077 2668 4115 an
2705 4061 2888 4130 aliqua
2931 4061 3047 4131 ipse
3087 4061 3288 4116 habeat
3313 4076 3432 4132 qua:
3473 4061 3652 4116 nullus

2072 4151 2231 4206 alius.
2259 4151 2507 4222 Namque
2551 4152 2728 4221 palam
2768 4153 2889 4207 aliis
2915 4162 3000 4208 est
3048 4162 3234 4223 pastor
3261 4169 3278 4208 :
3310 4169 3414 4208 non
3445 4153 3585 4208 sicut
3613 4153 3649 4208 ii

2073 4245 2164 4315 qui
2207 4246 2348 4316 apud
2390 4245 2641 4301 homines
2685 4255 2930 4316 pastores
2979 4257 3127 4311 sunt,
3163 4246 3452 4301 utilitatem
3497 4248 3563 4302 ad
3593 4262 3652 4303 se

380 4352 591 4422 ἑτέροις
641 4350 863 4422 ὁμοίως,
913 4353 1007 4404 καὶ
1053 4349 1214 4422 θύρα,
1271 4349 1720 4421 ὁμολογουμένως
1772 4350 1830 4404 δέ
1878 4350 1969 4404 καὶ

2079 4337 2297 4393 trahens
2347 4352 2413 4393 eo
2459 4339 2602 4408 quod
2650 4348 2859 4409 pascat,
2902 4340 3004 4394 nisi
3049 4339 3189 4396 forte
3214 4354 3404 4395 eorum
3431 4342 3523 4408 qui
3555 4354 3652 4409 pa-

384 4443 599 4515 ράϐδοςο
625 4442 804 4514 ἐαυτῷ
830 4443 888 4496 δὲ
923 4443 1016 4495 καὶ
1046 4445 1252 4515 ἑτέροις
1288 4443 1468 4510 σοφία,
1499 4442 1640 4512 τάχα
1670 4442 1727 4496 δὲ
1758 4443 1850 4497 καὶ
1874 4441 1964 4496 λό-

380 4552 499 4602 γος.
544 4533 811 4606 Ζητητέον
843 4533 899 4586 δὲ
931 4535 980 4586 εἰ
1013 4538 1354 4606 συστήματος
1405 4533 1774 4608 θεωρημάτων
1814 4536 1965 4600 ὄντος

381 4623 443 4674 ἐν
497 4621 664 4693 αὐτῷ,
711 4621 848 4675 καθὸ
881 4621 1042 4691 σοφία
1096 4624 1264 4687 ἐστὶν,
1318 4621 1432 4676 ἔστι
1481 4623 1604 4676 τινὰ
1634 4623 1966 4696 θεωρήματα

382 4713 644 4787 ἀχώρητα
676 4715 930 4786 τῇ·λοιπῇ
973 4715 1102 4786 παρ’
1132 4715 1294 4769 αὐτὸν
1335 4718 1567 4787 γεννητῇ
1601 4715 1780 4786 φύσει,
1810 4717 1967 4771 ἅτινα

379 4803 523 4860 οἶδεν
556 4806 753 4876 ἐαυτῷ.
791 4807 900 4859 Καὶ
929 4807 1029 4859 οὐκ
1067 4805 1425 4870 ἀνεξέταστον
1450 4806 1607 4874 λόγον
1642 4806 1827 4859 ἐατέον
1874 4805 1964 4860 διὰ

380 4899 484 4969 τὴν
499 4898 627 4970 περὶ
639 4897 734 4950 τοῦ
765 4897 918 4967 ἁγίου
946 4896 1263 4967 Πνεύματος
1284 4896 1588 4950 εὐλάϐειαν·
1621 4897 1704 4950 ὅτι
1729 4896 1828 4967 μὲν
1854 4896 1964 4968 γὰρ

381 4991 479 5044 καὶ
493 4990 622 5044 αὐτὸ
647 4987 794 5059 αὐτῷ
830 4987 1216 5059 μαθητεύεται,
1251 4987 1438 5056 σαφῶς
1466 4987 1576 5060 (6-1)
1607 4989 1671 5041 ἐκ
1688 4987 1781 5041 τοῦ
1808 4987 1962 5057 λεγο-

385 5080 550 5152 μένου
589 5080 719 5151 περὶ
763 5080 1116 5151 παρακλήτου
1164 5080 1260 5134 καὶ
1293 5080 1448 5148 ἁγίου
1494 5081 1831 5153 Πνεύματος,
1885 5083 1966 5136 ὅτι

387 5194 407 5223 ‹
452 5173 547 5226 Ἐκ
572 5172 667 5225 τοῦ
696 5171 829 5242 ἐμοῦ
858 5171 1106 5242 λήψεται,
1140 5173 1235 5224 καὶ
1260 5173 1549 5241 ἀναγγελεῖ
1578 5174 1724 5243 ὑμῖν.
1759 5193 1777 5224 ι
1809 5175 1871 5226 Et
1911 5174 1967 5227 δὲ

389 5251 825 5335 μαθητευόμενον
862 5261 972 5334 (62)
1019 5265 1195 5317 πάντα
1228 5266 1412 5334 χωρεῖ,
1456 5264 1491 5317 ἃ
1521 5265 1840 5329 ἐνατενίζων
1889 5265 1967 5336 τῷ

458 5418 502 5451 ³³
526 5418 715 5472 Matth.
743 5433 797 5485 ν,
829 5418 916 5474 16.
992 5418 1038 5451 ⁵ο
1064 5420 1222 5476 Num.
1266 5438 1374 5488 xw,
1401 5421 1490 5476 28.
1566 5422 1611 5454 ⁸¹
1641 5423 1656 5476 l
1682 5422 1822 5476 Tim.
1851 5441 1924 5490 νι,
1958 5423 2046 5480 16.

459 5545 969 5625 (58)·Ἀπόστοέζος
1007 5553 1158 5625 deest
1201 5554 1251 5607 itt
1293 5555 1529 5610 editione
1552 5555 1834 5619 Iluetiana,
1864 5557 1958 5610 sed

393 5619 689 5672 restituitur
722 5633 752 5672 e
781 5620 972 5673 codice
1006 5622 1318 5680 Bodleiano.

463 5687 575 5756 (59)
609 5687 1156 5766 Qodes‘liodieianns
1185 5704 1240 5748 et
1259 5765 1265 5766 ί
1286 5694 1615 5748 Barberinus
1648 5706 1793 5750 recte
1820 5697 1849 5748 6
1877 5694 1966 5766 μό-

393 5771 506 5890 ἷὲςς,
547 5757 685 5814 male
731 5761 896 5814 editio
946 5757 1211 5819 iluctiana
1256 5765 1308 5822 in
1355 5772 1504 5819 textu
1555 5767 1717 5822 habet
1754 5767 1814 5820 οὐ
1863 5757 1962 5837 μό-

2073 4439 2299 4485 scantur
2351 4430 2666 4496 utilitatem,
2716 4431 3074 4501 benignitatis
3124 4445 3310 4496 causa,
3368 4431 3648 4501 propriam

2074 4536 2194 4577 esse
2253 4532 2488 4592 reputet.
2538 4521 2680 4590 Quin
2722 4522 2886 4578 etiam
2946 4523 3034 4576 via
3069 4531 3174 4587 est,
3222 4523 3344 4579 aliis
3395 4523 3651 4580 similiter

2073 4615 2240 4670 etiam
2293 4616 2519 4680 ostium,
2544 4613 2659 4684 jam
2690 4615 2857 4668 etiam
2905 4615 2956 4668 in
2998 4613 3250 4670 confesso
3280 4626 3364 4671 est
3391 4616 3534 4684 quod
3579 4615 3652 4671 sit

2073 4710 2239 4762 etiam
2285 4710 2480 4778 virga;
2524 4707 2630 4763 sibi
2665 4722 2794 4762 vero
2837 4707 2935 4777 ipsi
2966 4717 3020 4762 et
3050 4707 3172 4762 aliis
3204 4708 3506 4777 sapientia;
3537 4705 3651 4762 for-

2075 4801 2236 4856 tassis
2266 4802 2429 4856 etiam
2473 4801 2631 4870 λόγος
2675 4799 2752 4873 [id
2801 4810 2885 4854 est
2936 4800 3117 4871 ratio].
3157 4800 3518 4868 Quaerendum
3565 4806 3651 4854 est

2071 4893 2295 4963 insuper
2321 4910 2448 4948 num
2483 4909 2554 4949 ex
2581 4910 2644 4949 ea
2673 4895 3022 4948 multitudine
3068 4893 3502 4962 speculationum
3529 4906 3654 4960 quae

2071 4997 2198 5041 sunt
2224 4987 2277 5039 in
2310 4987 2448 5055 ipso,
2483 4986 2534 5040 in
2581 4995 2844 5056 quantum
2881 4985 3146 5055 sapientia
3179 4993 3283 5051 est,
3310 4985 3420 5039 sint
3452 4983 3649 5053 aliqua:

2073 5078 2474 5148 speculationes
2506 5078 2647 5148 apud
2681 5078 2881 5148 ipsum,
2914 5092 3049 5146 quas
3083 5076 3291 5145 reliqua
3329 5086 3522 5130 natura
3548 5090 3647 5143 ge-

2073 5181 2261 5226 nerata
2317 5171 2598 5241 percipere
2675 5184 2915 5241 nequeat
2986 5185 3324 5238 quarumque
3383 5167 3486 5222 sibi
3545 5167 3648 5235 ipsi

2075 5266 2362 5321 scientiam
2405 5273 2670 5322 reservet.
2711 5263 2822 5320 Nec
2878 5265 3246 5320 inexaminata
3293 5261 3647 5331 relinquenda

2126 5425 2171 5456 ’δ’
2198 5423 2360 5480 llebr.
2390 5440 2451 5487 ll,
2479 5425 2534 5479 9.
2601 5423 2687 5477 "l
2715 5423 2853 5479 Tim.
2882 5439 2956 5489 vr,
2991 5421 3076 5476 l6.

2161 5559 2250 5626 ϐυ)
2275 5559 2465 5614 Εἶναι.
2500 5559 2809 5629 Legi-udum
2838 5560 3050 5629 videtur
3074 5556 3211 5612 ἐστί.

2161 5630 2249 5699 61)
2285 5631 2510 5699 Σαφῶς.
2553 5628 2692 5694 Lege
2725 5628 2912 5697 σαφές.

2141 5638 2250 5758 (61)
2285 5638 2510 5699 Σαφῶς.
2553 5638 2692 5694 Lege
2725 5638 2912 5697 σαφές.
3276 5695 3287 5707 .
3423 5695 3434 5706 α

2141 5701 2230 5770 (62
2281 5700 2442 5754 Εὶδὲ
2482 5699 2984 5770 μαθητευόμειςον,
3025 5708 3131 5752 etc.
3189 5695 3322 5763 Quia
3357 5697 3647 5770 setenliatn

2070 5766 2378 5838 ceteraque
2425 5766 2603 5824 otimia
2655 5766 2816 5822 habet
2865 5767 3101 5834 Spiritus
3148 5775 3370 5822 sanctus
3418 5784 3446 5817 ει
3482 5766 3643 5831 Filio,

2071 5850 2329 5909 tanquam
2366 5860 2391 5894 a
2422 5840 2780 5909 pl'occssiotiis
2806 5839 3093 5909 principio,
3125 5849 3394 5904 utcunque
3435 5848 3647 5892 ratione
