4174 6444
492 376 597 432 H7

1921 375 2258 432 URIGENIS‘

3642 391 3742 447 N8

489 503 575 548 est
597 493 772 547 oratio
799 502 1022 563 propter
1047 493 1282 563 Spiritus
1304 494 1479 548 sancti
1508 493 1864 548 reverentiam
1895 510 1908 547 :
1935 509 2060 546 nam

2166 493 2341 564 Πατρὶ
2394 493 2698 563 ἀρχόμενος
2744 494 2774 547 6
2818 491 2946 557 Υἱὸς
3001 493 3279 562 γινώσκει,
3330 493 3748 570 ἐπιμελέστερον

487 585 632 655 quod
682 585 844 639 etiam
883 584 995 655 ipse
1054 584 1121 640 ab
1171 583 1264 638 illo
1322 585 1637 647 edoceatnr,
1672 582 1840 650 liquet
1892 598 1959 636 ex
1993 598 2060 638 eo

487 676 632 746 quod
661 676 731 730 de
763 675 1036 745 paracleto
1061 683 1118 729 et
1150 683 1340 728 sancto
1374 672 1578 741 Spiritu
1616 669 1880 725 dicitur“
1911 689 1925 723 :
1952 669 2061 725 cDe

486 781 609 820 meo
634 765 884 834 accipiet,
918 774 972 818 et
993 763 1338 818 annuntiabit
1364 763 1556 826 vobis;
1587 781 1606 814 ›
1629 764 1724 816 sed
1749 761 2062 831 diligentius

487 857 872 925 inquirendum
901 864 984 910 est
1013 871 1080 909 an
1104 870 1226 909 cum
1257 856 1485 909 docetur
1513 853 1694 908 omnia
1721 853 1918 922 capiat,
1953 853 2061 922 72

486 964 610 1016 qua;
649 948 840 1003 deﬁxis
868 948 919 1001 in
959 947 1175 1001 Patrem
1219 946 1390 1000 oculis
1422 961 1449 998 a
1479 943 1746 1015 principio
1791 943 2062 999 exsistens

486 1041 661 1095 Filius
690 1040 960 1110 agnoscit.
992 1037 1047 1092 Si
1071 1053 1204 1108 ergo
1239 1037 1500 1092 Scrvator
1530 1036 1707 1105 aliqua
1732 1035 1950 1105 quidem
1979 1045 2063 1091 est

488 1133 633 1198 aliis,
662 1133 842 1202 aliqua
879 1146 1007 1185 vero
1035 1129 1261 1184 forsitan
1290 1129 1393 1184 sibi
1435 1128 1559 1197 ipsi,
1591 1142 1764 1197 eaque
1789 1127 1872 1181 vel
1905 1127 2059 1191 nulli,

486 1225 572 1280 vel
623 1225 737 1287 uni,
773 1223 859 1279 vel
909 1222 1116 1292 paucis,
1151 1221 1578 1276 examinandum
1609 1228 1693 1274 est
1725 1228 1904 1274 utrum
1935 1218 2063 1273 Ser-

486 1326 660 1380 vator,
692 1325 961 1386 quatenus
987 1323 1072 1369 est
1110 1315 1218 1368 vita
1260 1314 1348 1368 illa
1398 1328 1518 1382 qua:
1556 1311 1695 1367 facta
1735 1321 1819 1366 est
1847 1312 1900 1367 in
1937 1309 2064 1366 Ser-

485 1424 670 1476 mone,
723 1409 826 1463 sibi
872 1408 976 1477 ipsi
1029 1416 1086 1462 et.
1137 1407 1256 1461 aliis
1308 1406 1378 1461 sit
1423 1406 1554 1470 vita,
1598 1419 1665 1459 an
1710 1403 1871 1467 aliis;
1923 1413 1978 1457 et
2017 1405 2060 1457 si

487 1501 631 1562 aliis,
661 1499 858 1570 quibus
886 1500 1028 1556 aliis.
1058 1498 1419 1566 Quamobrem
1464 1498 1510 1554 si
1541 1497 1649 1552 vita
1694 1505 1751 1553 et
1773 1496 1863 1550 lux
1890 1495 2063 1550 homi-

489 1609 621 1647 num
652 1593 793 1647 idem
832 1601 982 1658 sunt,
1009 1592 1185 1660 inquit
1211 1590 1358 1645 enim
1390 1607 1402 1642 :
1439 1609 1456 1641 ι
1481 1588 1633 1656 Quod
1662 1588 1862 1644 factum
1891 1598 1976 1642 est
2009 1589 2059 1640 in

486 1683 608 1752 ipso
641 1683 747 1736 vita
793 1693 934 1748 erat,
975 1691 1030 1738 et
1056 1683 1165 1736 vita
1203 1682 1293 1735 illa
1333 1689 1453 1736 erat
1491 1681 1581 1734 lux
1627 1680 1910 1735 hominum
1928 1681 1998 1746 “,
2037 1699 2058 1732 ι

2164 583 2440 653 ζητητέον.
2477 585 2539 636 Εἰ
2561 585 2737 637 τοίνυν
2763 586 2790 637 6
2815 586 3004 658 Σωτὴρ
3033 585 3068 639 ἃ
3098 585 3197 656 μέν
3227 603 3350 640 τινα
3374 587 3601 659 ἑτέροις,
3628 592 3749 644 τινά

2161 675 2217 727 δὲ
2242 677 2378 746 τάχα
2401 675 2502 728 ποῦ
2527 676 2695 748 αὐτῷ,
2727 679 2873 751 καὶῆ
2901 679 3095 743 οὐδενὶ,
3118 679 3152 751 ἢ
3183 678 3284 746 ἐνὶ,
3306 681 3339 751 ἢ
3366 681 3585 750 ὀλίγοις,
3612 683 3750 737 καθὸ

2163 763 2274 836 ζωή
2309 767 2455 818 ἐστιν
2473 768 2506 836 ἡ
2523 767 2790 838 γενομένη
2813 771 2870 821 ὲν
2895 768 2974 838 τῷ
2997 769 3174 840 Λόγῳ,
3202 770 3554 840 βασανιστέον
3587 774 3749 826 πότε-

2166 874 2257 928 ρον
2291 857 2440 928 αὐτῷ
2461 859 2555 911 καὶ
2578 859 2783 930 ἑτέροις
2811 860 2922 930 ζωή
2958 861 3127 926 ἐστιν,
3162 861 3196 932 ἢ
3232 861 3464 933 ἑτέροις,
3504 865 3597 917 καὶ
3629 864 3750 918 ἑτέ-

2167 965 2279 1016 ροις
2299 951 2408 1002 τισὶ
2429 949 2658 1013 τούτοις.
2694 951 2758 1003 Εἰ
2781 950 2846 1021 δὴ
2871 952 3068 1006 ταύτόν
3089 953 3204 1006 ἑστι
3231 952 3343 1026 ζωὴ
3371 954 3465 1008 καὶ
3501 955 3615 1024 φῶς
3638 955 3748 1008 τῶν

2162 1036 2485 1107 ἀνθρώπων,
2527 1040 2660 1110 φησὶ
2690 1041 2820 1111 γάρ·
2848 1061 2866 1092 ι
2902 1043 3013 1096 Καὶ
3039 1042 3069 1096 6
3109 1045 3334 1114 γέγονεν
3367 1049 3426 1100 ὲν
3454 1047 3604 1118 αὑτῷ
3631 1047 3748 1120 ζωὴ

2161 1123 2249 1197 ἦν,
2270 1130 2365 1182 καὶ
2385 1129 2496 1201 ζωὴ
2515 1126 2584 1201 ἦν
2611 1131 2671 1184 τὸ
2693 1131 2807 1202 φῶς
2827 1133 2936 1188 τῶν
2951 1135 3047 1189 ἀνθ
3056 1136 3270 1204 ρώπων·
3295 1158 3312 1190 ι
3333 1139 3393 1192 τὸ
3421 1139 3478 1192 δὲ
3503 1139 3618 1209 φῶς
3636 1140 3751 1196 τῶν

2163 1218 2464 1290 ἀνθρώπιον
2482 1222 2644 1275 τινῶν
2675 1225 2794 1277 ὲστι
2816 1225 2954 1293 φῶς,
2988 1227 3263 1282 καὶτοῦτο
3293 1230 3354 1282 οὐ
3386 1230 3604 1285 πάντων
3637 1231 3753 1287 τῶν

2163 1309 2418 1377 λογικῶν,
2435 1312 2559 1367 ὅσον
2576 1314 2667 1365 ἐπὶ
2687 1313 2748 1367 τὸ
2767 1314 2980 1370 κεῖσθαι
3003 1317 3084 1382 τὸ,
3107 1319 3454 1388 drﬂpdmon',
3475 1320 3613 1375 ἀλλά
3639 1322 3752 1375 τῶν

2162 1403 2464 1474 ἀνθρώπων
2490 1407 2605 1460 ἐστὶ
2640 1407 2774 1477 φῶς·
2807 1409 2890 1481 εἴη
2924 1410 2991 1464 ἀν
3033 1411 3130 1465 καὶ
3158 1409 3270 1483 ζωὴ
3305 1412 3630 1484 ἀνθρώπων,
3673 1407 3752 1469 ὧν

2165 1496 2259 1548 καὶ
2288 1494 2403 1564 φῶς
2425 1497 2561 1549 ἐστι·
2587 1500 2682 1552 καὶ
2721 1500 2856 1554 καθὸ
2889 1501 3022 1572 ζωὴ,
3050 1502 3259 1571 λέγοιτο
3288 1502 3354 1557 ἂν
3381 1507 3411 1557 6
3433 1505 3625 1578 Σωτὴρ
3652 1506 3752 1577 οὐχ

2163 1588 2332 1659 αὐτῷ,
2362 1590 2497 1645 ἀλλά
2511 1592 2718 1664 ἑτέροις
2751 1590 2890 1649 εἶναι
2913 1595 3049 1668 ζωὴ,
3072 1589 3148 1650 ὦν
3175 1599 3293 1649 ἐστι
3314 1600 3407 1652 καὶ
3447 1597 3581 1667 φῶς.
3601 1599 3752 1671 Αὕτη

2162 1680 2218 1734 δὲ
2258 1685 2290 1753 ἡ
2322 1685 2434 1757 ζωὴ
2469 1686 2544 1756 τῷ
2581 1687 2724 1758 λόγῳ
2754 1689 3055 1761 ἐπιγίνεται
3083 1689 3384 1762 ἀχώριστος
3418 1691 3584 1745 αὑτοῦ
3614 1696 3738 1763 μετζ

486 1789 542 1833 et
587 1778 675 1832 lux
717 1779 997 1833 hominum
1050 1777 1359 1846 aliquorum
1400 1783 1484 1830 est
1517 1776 1632 1838 lux,
1687 1784 1741 1830 et
1796 1775 1914 1830 haec
1947 1791 2056 1829 non

2165 1778 2226 1830 τὸ
2264 1777 2610 1845 ἐπιγενέσθαι
2655 1780 3015 1850 τυγχάνουσα*
3057 1781 3215 1850 λόγον
3247 1783 3357 1854 γὰρ
3401 1784 3753 1857 προῦπάρξαι

485 1871 726 1925 omnium
767 1871 858 1940 qui
909 1845 1274 1924 rationissint
1303 1881 1558 1939 capaces,
1587 1877 1879 1938 propterea
1910 1867 2057 1936 quod

2166 1867 2257 1919 τὸν
2282 1866 2611 1938 καθαίροντα
2655 1845 2959 1940 τὴντιῖνυχὴν
2992 1871 3049 1923 ὲν
3076 1845 3143 1941 τῇ
3173 1845 3457 1941 ψυχῇ-δεῖ,
3477 1872 3566 1926 ἶνα

484 1962 664 2015 addita
697 1963 767 2016 sit
793 1961 981 2020 vocula
1012 1961 1306 2027 hominum,
1359 1960 1456 2016 sed
1505 1961 1786 2015 hominum
1831 1967 1914 2014 est
1944 1958 2057 2024 lux,

485 2054 589 2108 vita
621 2055 727 2109 erit
756 2056 920 2109 etiam
971 2054 1274 2122 hominum,
1324 2069 1553 2124 quorum
1607 2052 1769 2107 etiam
1803 2051 1897 2106 lux
1924 2063 2009 2107 est
2043 2068 2058 2102 :

2166 1958 2356 2013 τοῦτον
2390 1960 2596 2031 καὶτὴν
2625 1963 2718 2016 ἀπ’
2739 1961 2905 2016 αὑτοῦ
2947 1961 3238 2034 κάθαρσιν,
3261 1965 3442 2035 πάσης
3469 1981 3753 2036 περιαιρε-

2167 2049 2353 2122 θείσης
2385 2052 2709 2123 νεκρότητος
2749 2054 2840 2108 καὶ
2878 2054 3181 2120 ἀσθενείας,
3214 2058 3249 2128 ἡ
3289 2056 3596 2128 ἀκραιφνὴς
3637 2055 3756 2129 ζωὴ

483 2151 536 2195 et
568 2141 622 2195 iu
671 2153 932 2210 quantum
963 2155 1046 2198 est
1080 2144 1212 2210 vita,
1264 2143 1368 2198 dici
1414 2151 1592 2214 potest
1641 2141 1904 2198 Servator
1950 2157 2057 2199 non

2168 2143 2457 2214 ἐγγένηται
2484 2144 2638 2216 παρά
2657 2146 2817 2199 παντὶ
2831 2147 2909 2218 τῷ
2932 2147 3028 2201 τοῦ
3060 2148 3256 2218 Λόγου,
3273 2149 3410 2204 καθὸ
3433 2148 3565 2212 Θεός
3581 2149 3754 2212 ἐστιν,

483 2231 580 2287 sibi
616 2233 738 2300 ipsi,
766 2235 862 2288 sed
915 2233 1039 2287 aliis
1064 2233 1197 2297 vita,
1230 2248 1460 2303 quorum
1492 2242 1576 2288 est
1601 2234 1764 2288 etiam
1789 2232 1904 2288 lux.
1934 2233 2060 2290 ﬂwc

2167 2237 2328 2290 αὑτὸν
2361 2238 2646 2310 ποιήσαντι
2672 2239 3000 2310 χωρητικὸν.

483 2340 612 2381 sane
659 2327 766 2380 vita
819 2328 870 2380 in
903 2326 1061 2396 Λόγῳ
1093 2324 1222 2396 [hoc
1265 2335 1349 2381 est
1397 2329 1450 2380 in
1496 2325 1591 2380 Dei
1626 2324 1792 2399 Filio]
1836 2326 1896 2381 fit
1948 2328 2328 2399 inseparabilis
2378 2331 2449 2387 ab
2503 2333 2618 2401 ipso
2669 2333 2964 2399 exsistcns,
3010 2333 3175 2389 simul
3223 2344 3387 2404 atque
3435 2333 3576 2389 facta
3633 2331 3754 2386 fue-

483 2418 591 2483 rit;
623 2417 966 2487 praaexsistat
991 2418 1137 2472 enim
1168 2417 1324 2486 λόγος
1357 2418 1433 2488 [id
1461 2428 1548 2474 est
1579 2434 1784 2487 sermo,
1824 2420 1940 2476 sive
1974 2422 2160 2496 ratio,]
2195 2424 2247 2477 in
2280 2424 2460 2479 anima
2503 2437 2750 2496 oportet,
2805 2429 2898 2498 qui
2952 2428 3129 2498 ipsam
3169 2437 3472 2498 expurget,
3518 2435 3578 2480 ut
3633 2434 3755 2494 post

482 2514 648 2575 hunc,
693 2521 748 2567 et
800 2511 869 2566 ab
908 2512 1026 2582 ipso
1061 2513 1474 2582 provenientem
1522 2514 1922 2584 purgationem,
1962 2519 2110 2572 omni
2159 2533 2381 2588 prorsus
2431 2520 2609 2575 ablata
2672 2523 3094 2578 mortificatione
3142 2531 3198 2576 et
3254 2521 3592 2584 infirmitate,
3617 2532 3757 2588 pura

484 2607 804 2677 sinceraque
831 2608 940 2661 vita
977 2607 1328 2677 ingeneretur
1353 2607 1493 2678 apud
1520 2622 1738 2662 omnem
1764 2609 1856 2678 qui
1888 2609 2076 2666 fecerit
2101 2612 2337 2683 seipsum
2365 2629 2619 2682 capacem
2650 2615 2951 2681 Sermonis,
2977 2617 3028 2669 in
3051 2624 3309 2684 quantum
3335 2611 3478 2667 Deus
3505 2623 3607 2666 est.

552 2702 643 2756 15.
684 2703 952 2756 timterum
1006 2703 1113 2757 duo
1157 2701 1473 2772 singulatim
1523 2701 1864 2757 observanda
1907 2714 2056 2771 sunt,

484 2791 898 2863 diﬂcrentiaquc
951 2807 1139 2848 eorum
1203 2800 1461 2847 accurate
1511 2792 2058 2863 examinanda:pri-

483 2901 632 2940 mum
665 2886 886 2955 quidem
921 2904 934 2939 :
973 2884 1144 2954 Λόγος
1177 2882 1252 2955 [id
1277 2892 1360 2940 est
1400 2882 1612 2955 Sermo]
1642 2893 1725 2940 est
1760 2883 1810 2939 in
1849 2885 2058 2954 princi-

483 2979 606 3049 pio;
635 2977 829 3032 deinde
859 2977 1003 3046 quod
1035 2977 1148 3031 vita
1179 2977 1231 3031 in
1259 2974 1544 3032 Sermone.
1577 2976 1686 3032 Sed
1712 2975 1906 3032 Sermo
1934 2979 2056 3048 qui-

482 3073 604 3125 dem
649 3070 701 3124 in
759 3069 1027 3140 principio
1091 3084 1198 3124 non
1237 3078 1321 3124 est
1375 3067 1551 3124 factus
1584 3087 1598 3122 :
1634 3084 1734 3124 nec
1758 3073 1904 3124 enim
1929 3069 2051 3133 fuit,

482 3163 700 3232 quando
727 3162 1049 3233 principium
1090 3161 1254 3216 fuerit
1304 3163 1508 3231 absque
1544 3160 1810 3218 Sermone
1861 3173 1918 3216 et
1978 3179 2064 3216 ra-

483 3257 652 3323 tione,
677 3270 841 3324 quam
869 3257 939 3311 ob
968 3271 1190 3310 causam
1238 3255 1440 3309 dicitur
1467 3271 1481 3307 :
1514 3273 1532 3306 ι
1558 3255 1611 3309 In
1642 3254 1914 3326 principio
1939 3252 2065 3310 Ser-

482 3365 573 3405 mo
598 3350 802 3404 erat“.
835 3369 854 3402 ι
889 3353 958 3406 Λι
985 3365 1115 3404 vero
1160 3350 1268 3403 vita
1300 3350 1351 3403 in
1383 3350 1541 3421 Λόγῳ
1573 3349 1650 3422 [id
1674 3360 1756 3406 est
1777 3349 2064 3421 SermOne]

483 3460 590 3498 non
620 3454 758 3511 erat,
793 3446 885 3499 sed
936 3443 1078 3499 facta
1109 3454 1212 3510 est,
1248 3443 1689 3514 quandoquidem
1721 3445 1831 3500 vita
1864 3453 1946 3499 est
1975 3443 2064 3496 lux

482 3535 791 3598 hominum;
817 3551 939 3589 cum
963 3535 1108 3590 enim
1133 3535 1297 3589 homo
1323 3535 1556 3588 nondum
1585 3544 1750 3603 esset,
1780 3550 1954 3604 neque
1975 3533 2065 3589 lux

484 3626 766 3680 hominum
794 3635 936 3690 erat,
979 3627 1327 3682 considerata
1358 3625 1479 3682 luce
1505 3626 1953 3697 hominnmjuxta
1983 3641 2067 3680 re-

484 3717 739 3772 lationem
771 3719 836 3773 ad
858 3719 1124 3774 homines.
1156 3719 1423 3773 Caeterum
1450 3735 1607 3775 nemo
1635 3735 1734 3774 nos
1765 3728 1954 3789 urgeat
1981 3734 2066 3771 ra-

485 3819 573 3864 tus
603 3826 701 3863 nos
726 3812 838 3864 haec
869 3812 1237 3880 Icmporaliter
1252 3817 1560 3876 enuntiare,
1580 3812 1772 3866 ordine
1791 3813 2061 3880 exigente,

486 3903 742 3970 primum,
791 3913 847 3957 et
899 3907 1220 3970 secundum,
1252 3915 1307 3960 et
1336 3921 1456 3976 quae
1498 3905 1782 3972 deinceps,
1846 3903 2062 3958 etiamsi

486 4001 704 4060 tempus
745 4009 848 4046 nun
881 3993 1210 4060 inveniatur,
1250 3996 1467 4064 quando
1502 3994 1771 4048 ternarius
1803 4009 2062 4046 numerus

487 4094 577 4138 aut
595 4095 822 4154 quartus
844 4087 1263 4156 haudquaquam
1286 4103 1314 4140 a
1329 4101 1581 4142 sermone
1594 4085 1858 4141 substrati
1883 4095 2060 4138 erant.

493 4178 560 4233 Ut
589 4178 753 4248 igitur
787 4196 805 4229 ι
835 4179 1018 4233 omnia
1049 4196 1144 4249 per
1173 4184 1344 4245 ipsum
1384 4179 1522 4234 facta
1547 4187 1695 4241 sunt,
1741 4198 1760 4231 ι
1794 4192 1900 4233 ιιοη
1947 4192 2066 4230 om-

487 4271 577 4324 nia
611 4285 707 4338 per
735 4272 914 4342 ipsum
943 4283 1118 4336 erant,
1156 4292 1174 4323 ι
1203 4282 1256 4326 et
1284 4273 1401 4327 sine
1438 4273 1553 4341 ipso
1602 4271 1804 4324 factum
1850 4276 1934 4323 est
1977 4268 2060 4320 ni~

2234 2707 2513 2778 Τηρητέον
2553 2707 2610 2761 δὲ
2651 2708 2719 2762 τὰ
2768 2708 2863 2762 δύο
2900 2708 2978 2773 ἒν,
3026 2709 3122 2762 καὶ
3151 2706 3250 2779 τὴν
3282 2703 3546 2776 διαφοράν
3575 2703 3759 2760 αὐτῶν

2161 2797 2496 2864 ἐξεταστέον·
2535 2800 2753 2872 πρῶτον
2789 2800 2887 2872 μὲν
2916 2801 3028 2872 γὰρ
3054 2800 3112 2852 ὲν
3145 2798 3242 2870 τῷο
3277 2797 3450 2866 Λόγος
3488 2798 3546 2850 ἒν
3586 2795 3754 2866 ἀρκῇ⁶

2159 2894 2411 2965 δεύτερον
2443 2894 2501 2948 δὲ
2525 2895 2583 2946 ὲν
2607 2893 2704 2964 τῷ·
2736 2891 2850 2964 ζωὴ
2884 2894 2942 2947 ὲν
2963 2893 3140 2964 Λόγῳ.
3182 2889 3342 2944 Ἀλλά
3373 2889 3542 2958 Λόγος
3572 2889 3672 2960 μὲν
3698 2892 3758 2943 ἐν

2162 2987 2304 3058 ἀρχῇ
2341 2987 2440 3039 οὐκ
2473 2985 2710 3055 ἐγένετο,
2747 2985 2848 3038 οὐκ
2876 2981 2944 3056 ἦν
2969 2985 3078 3056 γάρ
3100 2985 3237 3054 ὅτεή
3263 2980 3406 3053 ἀρχὴ
3434 2981 3625 3049 ἄλογος
3661 2976 3756 3051 ἦν,

2091 3117 2132 3172 C
2164 3078 2244 3131 διὸ
2269 3078 2506 3146 λέγεται·
2533 3097 2551 3128 ι
2604 3078 2692 3131 Ἐν
2723 3078 2864 3149 ἀρχῇ
2896 3073 2965 3149 ἦν
3005 3079 3034 3130 6
3071 3076 3260 3144 Λόγος·
3301 3094 3320 3125 ι
3358 3073 3471 3145 ζωὴ
3500 3073 3556 3127 δὲ
3585 3076 3643 3126 ὲν
3678 3073 3760 3144 τῷ

2168 3170 2326 3242 Λόγῳ
2365 3171 2466 3224 οὐκ
2493 3165 2582 3241 ἦν,
2627 3169 2764 3223 ἀλλά
2805 3169 2924 3241 ζωὴ
2952 3169 3192 3237 ἐγένετο,
3219 3167 3273 3220 ετ
3299 3184 3362 3236 γε
3393 3167 3505 3237 ζωή
3538 3168 3654 3219 ἐστι
3695 3165 3759 3218 τὸ

2169 3259 2284 3328 φῶς
2313 3259 2422 3311 τῶν
2453 3257 2777 3331 ἀνθρώπων.
2816 3261 2946 3312 Ὅτε
2962 3258 3069 3329 γάρ
3090 3257 3304 3310 οὐδέπω
3331 3256 3618 3328 ἄνθρωπος
3661 3253 3756 3328 ἦν,

2168 3349 2285 3402 οὐδὲ
2325 3349 2442 3420 φῶς
2483 3350 2590 3404 τῶν
2623 3350 2924 3422 ἀνθρώπων
2947 3346 3037 3421 ἦν,
3071 3349 3166 3402 τοῦ
3191 3348 3367 3418 φωτὸς
3403 3347 3511 3401 τῶν
3545 3347 3758 3418 ἀνθρώ-

2169 3459 2287 3494 πων
2314 3442 2455 3496 κατά
2478 3443 2576 3514 τὴν
2599 3443 2734 3514 πρὸς
2749 3441 3068 3514 ἀνθρώπους
3089 3441 3272 3512 σχέσιν
3295 3441 3608 3509 νοουμένου.
3634 3442 3760 3511 Μη-

2167 3537 2277 3600 δεὶς
2294 3537 2338 3590 δ’
2363 3538 2513 3608 ἡμᾶς
2536 3536 2782 3602 θλιϐέτω,
2813 3537 3080 3608 χρονικῶς
3108 3534 3350 3604 οἰόμενος
3374 3532 3545 3586 ταῦτα
3573 3534 3761 3600 ἀπαγ-

2165 3627 2397 3696 γέλλειν,
2432 3627 2528 3698 τῆς
2570 3626 2779 3692 τάξεως
2810 3627 2870 3680 τὸ
2914 3625 3128 3698 πρῶτον
3163 3624 3345 3678 καὶτὸ
3373 3624 3623 3694 δεύτερον
3659 3623 3764 3678 καὶ

2166 3720 2236 3774 τά
2266 3719 2466 3789 ἑφεξῆς
2510 3719 2866 3789 ἀπαιτούσης,
2901 3717 3006 3770 κᾶν
3058 3717 3246 3788 χρόνος
3297 3715 3371 3787 μὴ
3410 3715 3758 3787 εὑρίσκηται,

2167 3815 2255 3867 ὅτε
2279 3815 2346 3868 τὰ
2372 3811 2478 3866 ὑπὸ
2521 3811 2614 3865 τοῦ
2645 3811 2820 3880 Λόγου
2861 3809 3272 3880 ὁποὸαλλόμενα
3303 3807 3484 3878 τρίτα,
3534 3807 3630 3859 καὶ
3663 3804 3759 3860 τέ-

2167 3925 2338 3979 ταρτα
2355 3905 2605 3976 οὐδαμῶς
2621 3900 2707 3976 ἦν.
2750 3905 2848 3957 ’ον
2879 3903 3077 3975 τρόπον
3094 3903 3273 3956 τοίνυν
3296 3923 3314 3954 ι
3353 3900 3529 3954 πάντα
3553 3899 3620 3952 δι’
3652 3899 3758 3953 αὑ-

2166 4001 2259 4053 τοῦ
2301 4000 2536 4067 ἐγένετο,
2574 4018 2591 4047 ι
2629 3997 2723 4050 καὶ
2773 3997 2896 4066 οὐχὶ
2935 3996 3116 4050 πάντα
3149 3995 3216 4048 δι’
3262 3992 3428 4047 αὐτοῦ
3477 3987 3566 4060 ἦν,
3605 4009 3622 4042 ι
3659 3991 3759 4043 καὶ

2168 4091 2336 4162 χωρὶς
2379 4089 2545 4144 αὐτοῦ
2587 4091 2804 4158 ἐγένετο
2829 4088 2950 4142 οὐδὲ
2990 4086 3069 4150 ἓν,
3103 4106 3122 4138 ι
3157 4086 3278 4158 οὐχὶ
3303 4085 3358 4138 δὲ
3381 4083 3550 4155 χωρὶς
3587 4081 3758 4136 αὐτοῦ

2165 4177 2234 4252 ἦν
2266 4179 2376 4250 (65)
2413 4181 2535 4234 οὐδὲ
2568 4181 2646 4233 ἓνο
2674 4179 2846 4244 οὕτως
2875 4200 2893 4230 ι
2928 4179 2956 4232 ὃ
2986 4178 3209 4247 γέγονεν
3229 4177 3287 4229 ὲν
3318 4174 3488 4245 αὐτῷ,
3525 4193 3542 4225 ι
3572 4173 3693 4242 οὐχὶ
3727 4172 3760 4224 6

2165 4268 2235 4343 ἦν
2259 4274 2317 4326 ὲν
2341 4271 2510 4343 αὐτῷ,
2539 4292 2557 4322 ι
2596 4270 2708 4341 ζωὴ
2750 4265 2839 4342 ἦν.
2872 4289 2889 4320 ι
2924 4267 3033 4321 Καὶ
3057 4267 3218 4320 πάλιν
3239 4265 3355 4335 οὐχὶ
3384 4263 3412 4316 ὃ
3443 4261 3661 4330 ἐγένετο
3697 4261 3758 4312 ἐν

490 4361 583 4424 hil,
612 4381 630 4413 ι
668 4378 772 4416 non
820 4364 935 4417 sine
975 4363 1090 4432 ipso
1128 4373 1247 4417 erat
1285 4363 1453 4428 nihil;
1487 4363 1565 4417 sic
1623 4360 1805 4430 «quod
1861 4359 2061 4413 factum

2168 4365 2333 4436 ἀρχῇ,
2359 4367 2388 4417 6
2423 4363 2594 4431 Λόγος
2619 4358 2708 4434 ἦν,
2735 4361 2871 4416 ἀλλὰ
2897 4360 2925 4413 ὃ
2948 4355 3016 4430 ἦν
3046 4360 3103 4411 ὲν
3124 4358 3287 4428 ἀρχῇ,
3309 4354 3478 4422 Λόγος
3504 4349 3592 4424 ἦν.
3621 4351 3760 4404 Τινά

490 4466 574 4510 est
601 4457 650 4508 in
689 4456 824 4524 ipso,
855 4475 872 4506 ι
909 4472 1013 4509 non
1060 4459 1205 4526 quod
1238 4465 1356 4511 erat
1409 4461 1461 4509 in
1517 4456 1654 4525 ipso,
1685 4473 1704 4505 ι
1726 4454 1836 4508 vita
1867 4463 2005 4506 erat.
2039 4471 2057 4502 ι

2173 4457 2420 4528 μέντοιγε
2454 4455 2562 4508 τῶν
2590 4453 2939 4524 ἀντιγράφων
2968 4452 3102 4520 ἕχει,
3139 4451 3234 4502 καὶ
3260 4448 3398 4516 τάχα
3427 4447 3527 4499 οὐκ
3557 4444 3758 4498 ἀπιθά-

490 4548 556 4602 Ει
593 4565 782 4603 rursus
814 4565 920 4602 non
956 4552 1096 4618 quod
1127 4551 1330 4604 factum
1357 4549 1518 4604 estin
1549 4548 1839 4619 principio,
1865 4545 2061 4602 Sermo

2171 4566 2296 4612 νως·
2331 4568 2348 4599 ι
2395 4550 2460 4601 Ὃ
2496 4547 2739 4618 γέγονεν,
2783 4549 2840 4598 ὲν
2866 4543 3015 4614 αὐτῷ
3044 4543 3155 4613 ζωή
3197 4544 3364 4593 ἐστιν.
3397 4560 3415 4589 ι
3451 4539 3512 4590 Εἰ
3543 4537 3599 4590 δὲ
3642 4536 3756 4605 ζωὴ

491 4649 630 4708 erat,
657 4641 750 4696 sed
782 4642 925 4710 quod
951 4651 1070 4696 erat
1100 4641 1150 4695 in
1183 4641 1474 4711 principio,
1515 4642 1708 4696 Sermo
1735 4647 1876 4693 erat.
1909 4637 2061 4704 Qua:-

2171 4642 2368 4695 ταύτόν
2400 4642 2515 4693 ἐστι
2539 4639 2618 4710 τῷ
2646 4638 2754 4692 τῶν
2778 4636 3080 4708 ἀνθρώπων
3105 4634 3263 4704 φωτὶ,
3293 4631 3469 4695 οὐδεὶς
3490 4633 3549 4684 ἐν
3579 4630 3758 4700 σκότῳ

491 4735 613 4786 dam
651 4743 828 4788 tamen
858 4733 1215 4804 exemplaria,
1249 4743 1304 4789 et
1331 4733 1578 4790 fortassis
1604 4748 1708 4788 non
1738 4731 2061 4797 improbabi-

2173 4734 2454 4803 τυγχάνων
2482 4733 2569 4803 ζῇ,
2589 4731 2684 4784 καὶ
2713 4729 2886 4792 οὐδεὶς
2905 4727 3014 4780 τῶν
3039 4726 3256 4792 ζώντων
3285 4727 3342 4777 ὲν
3372 4723 3549 4793 σκότῳ
3583 4721 3755 4774 ἐστίν.

492 4823 633 4890 liter,
663 4825 860 4880 habent
890 4841 903 4877 :
945 4845 962 4877 ι
993 4825 1150 4891 Quod
1185 4825 1384 4882 factum
1417 4834 1521 4890 est,
1553 4825 1606 4878 in
1637 4825 1758 4894 ipso
1792 4824 1900 4877 vita
1929 4830 2061 4876 est.)

2187 4825 2347 4878 Ἀλλά
2381 4827 2488 4888 πᾶς
2523 4829 2550 4878 6
2575 4822 2680 4887 ζῶν
2706 4823 2800 4876 καὶ
2829 4823 2885 4874 έν
2913 4821 3052 4889 φωτὶ
3083 4818 3341 4888 ὑπάρχει,
3375 4815 3470 4868 καὶ
3500 4815 3608 4876 πᾶς
3633 4815 3661 4865 6
3695 4815 3756 4865 ὲν

492 4914 647 4979 Quod
674 4917 720 4969 si
757 4918 865 4970 vita
907 4917 1050 4970 idem
1093 4928 1182 4972 est
1231 4933 1352 4971 cum
1383 4917 1503 4971 luce
1551 4917 1856 4982 hominum,
1889 4913 2061 4967 nullus

2175 4918 2312 4985 φωτὶ
2346 4917 2606 4986 ὑπάρχων
2636 4915 2722 4985 ζῇο
2757 4913 2896 4965 ὥστε
2930 4912 3090 4982 μόνον
3127 4910 3219 4964 τὸν
3248 4909 3424 4973 ζῶντα
3447 4907 3542 4960 καὶ
3575 4907 3756 4960 πάντα

493 5007 587 5074 qui
623 5009 693 5061 sit
725 5009 776 5062 in
813 5010 1056 5063 tenebris
1085 5009 1238 5074 vivit,
1273 5025 1373 5065 nec
1401 5009 1543 5062 nllus
1565 5008 1863 5063 viventium
1901 5013 1982 5060 est
2011 5005 2061 5057 iu

2177 5003 2316 5060 εἶναι
2351 5006 2526 5074 φωτὸς
2560 5005 2690 5058 υἱόν·
2719 5003 2895 5073 φωτὸς
2929 5003 2986 5056 δὲ
3019 5003 3154 5066 υἱὸς,
3190 4994 3250 5054 οὗ
3279 4999 3484 5070 λάμπει
3527 4996 3596 5051 τά
3619 4997 3756 5066 ἔργα

493 5099 756 5166 tenebris,
800 5116 922 5154 cum
951 5101 1129 5156 omnis
1174 5103 1268 5170 qui
1293 5102 1439 5163 vivit,
1480 5103 1523 5155 is
1555 5102 1718 5155 etiam
1751 5101 1822 5155 sit
1847 5101 1899 5154 in
1926 5102 2061 5169 luce,

2176 5099 2482 5170 ἔμπροσθεν
2511 5097 2618 5150 τῶν
2647 5092 2966 5166 ἀνθρώπων.

495 5203 550 5247 et
579 5183 759 5247 Omnis
782 5194 872 5262 qui
904 5195 976 5248 sit
1009 5196 1062 5248 in
1117 5193 1254 5261 lucc,
1309 5195 1357 5250 is
1394 5197 1557 5249 etiam
1613 5196 1783 5259 vivat,
1824 5194 1930 5265 73
1969 5199 2104 5251 adeo
2131 5205 2189 5250 ut
2221 5200 2392 5261 solus,
2421 5202 2476 5248 ct
2508 5193 2684 5247 omnis
2715 5191 2900 5244 vivens
2931 5187 3001 5242 sit
3043 5185 3179 5240 lucis
3208 5184 3382 5249 filius;
3413 5181 3554 5237 filius
3573 5189 3754 5235 autem

494 5288 653 5352 lucis,
686 5288 840 5355 cujus
869 5291 1084 5342 luceant
1105 5302 1270 5357 opera
1299 5302 1483 5343 coram
1515 5287 1824 5341 hominibus
1843 5287 1910 5338 ⁸⁷.

566 5421 788 5480 “Jcan.
823 5439 933 5490 va,
966 5423 1052 5477 ιι.
1127 5421 1174 5453 η
1210 5421 1340 5476 ibid.
1381 5436 1423 5488 ι,
1451 5421 1505 5487 3,
1533 5421 1586 5476 ι.
1664 5421 1955 5478 “ibid.l.
2028 5419 2061 5451 ιπ

2163 5419 2294 5472 alth.
2323 5433 2377 5486 ν,
2406 5418 2490 5471 Hi.

497 5555 724 5624 originis
749 5557 855 5611 dici
908 5564 1087 5622 potest
1116 5555 1182 5608 ab
1212 5569 1277 5608 eo
1311 5554 1556 5616 edoctus,
1610 5553 2066 5624 quemadmodum

497 5621 688 5680 eadem
712 5630 778 5679 de
824 5621 989 5680 causa
1023 5641 1121 5694 per
1151 5625 1504 5678 Athanasium
1535 5623 1784 5694 oratione
1811 5621 1845 5675 2
1883 5635 2067 5676 contra

499 5697 744 5765 Arimios,
783 5711 834 5765 p.
858 5696 982 5753 557.
1025 5691 1220 5749 ‘tninor
1254 5695 1342 5749 illo
1371 5696 1715 5762 praedicatur.
1755 5691 2068 5747 Periculose

503 5779 630 5817 vero
661 5764 922 5833 Origenes
977 5765 1063 5819 hic
1097 5765 1276 5820 vocari
1330 5765 1442 5817 vult
1497 5765 1551 5818 in
1598 5765 1947 5833 qumstionem
1998 5779 2065 5816 an

502 5833 737 5904 Spiritus
769 5832 1017 5907 sanctus,
1058 5849 1215 5906 quem
1258 5835 1442 5892 doceri
1479 5850 1509 5890 ιι
1560 5833 1696 5891 Filio
1727 5850 1793 5892 cx
1843 5832 2068 5889 Joannis

2177 5572 2289 5621 xvr,
2332 5554 2419 5616 M,
2461 5552 2686 5622 colligit,
2738 5550 2928 5622 omnia
2959 5549 3297 5622 capiat__qna3
3343 5544 3514 5600 Filius
3559 5558 3759 5614 cogno-

2177 5619 2298 5689 scit,
2334 5619 2800 5691 qnamvis'sancti
2841 5619 3076 5690 Spiritus
3113 5619 3422 5682 εὐλάϐειαν,
3451 5635 3469 5668 ι
3499 5629 3753 5670 reveren-

2179 5696 2327 5753 tiam.
2357 5713 2374 5745 ι
2429 5691 2765 5760 profiteatur.

2247 5763 2360 5838 (63)
2393 5754 2577 5821 Codex
2611 5760 2959 5830 Bodleianus,
2988 5754 3077 5832 ἦν,
3115 5757 3337 5831 Regius,
3370 5755 3608 5826 ἐγένετο.
