4174 6420
1931 309 2256 370 ORIGENIS

3641 304 3749 363 152

493 449 722 502 formam
769 445 1112 516 accipiente:
1149 459 1251 498 non
1296 443 1366 495 ita
1420 454 1552 495 vero
1597 440 1650 494 in
1698 436 1891 507 spiritu
1918 477 1933 501 ,
1986 434 2070 489 his

2191 429 2267 483 cal.
2299 430 2356 480 ἐν
2388 426 2465 498 τῷ
2488 425 2691 479 τούτων
2723 422 2977 496 θειοτέρῳ
3011 420 3300 493 πνεύματι’
3330 416 3391 477 οὗ
3425 422 3566 476 κατὰ
3590 440 3748 495 μετο-

494 542 652 611 lnnge
685 540 995 605 diviniore;
1047 536 1348 593 secundum
1382 533 1538 603 cujus
1588 530 2061 602 participationem

495 634 883 703 praevalentem
920 642 1006 687 est
1037 629 1355 700 spiritualis.
1389 627 1654 682 Przeterea
1690 639 1822 679 vero
1852 638 1973 693 quae
1995 621 2064 675 ad

494 727 658 780 talem
689 724 998 795 Opinionem
1033 730 1316 790 spectant,
1351 718 1435 773 vel
1479 716 1599 772 sine
1638 713 1916 785 apparenti
1958 717 2063 767 de-

497 816 893 871 monstratione
923 814 1192 874 enuntiat,
1224 827 1294 866 ne
1324 811 1653 865 mediocrem
1685 808 1902 877 quidem
1944 820 2066 874 per-

498 907 807 961 suasibnem
858 906 1126 974 attingere
1152 903 1379 965 valens,
1427 898 1750 955 disserendo
1798 897 1866 951 de
1920 897 2068 951 hisce

500 1000 682 1054 rebus.
720 998 826 1054 Sed
865 998 929 1050 de
953 996 1043 1052 illo
1064 996 1349 1051 hactenus.

573 1093 663 1148 16.
691 1093 807 1163 Age
840 1105 971 1145 vero
1019 1090 1361 1158 inquiramus
1386 1086 1549 1141 etiam
1582 1099 1682 1141 nos
1703 1084 1828 1145 hoc,
1858 1077 2071 1134 scilicet

503 1198 631 1239 num
664 1184 771 1238 vita
805 1191 925 1239 erat
949 1180 1228 1237 hominum
1260 1189 1467 1234 tantum
1500 1178 1587 1233 lux
1609 1217 1627 1244 ,
1658 1186 1713 1232 et
1740 1192 1844 1230 non
1888 1178 2070 1245 potius

503 1275 743 1346 cujusvis
768 1275 820 1328 in
854 1273 1189 1328 beatitudine
1213 1270 1552 1325 exsistentis.
1592 1268 1725 1322 Nam
1756 1270 1801 1323 si
1830 1286 1849 1319 ι
1884 1268 1991 1322 vita
2018 1277 2069 1321 et

502 1370 595 1423 lux
633 1367 912 1424 hominum
948 1387 966 1420 ι
1002 1367 1143 1421 idem
1179 1373 1326 1427 sunt,
1353 1374 1409 1417 et
1441 1362 1722 1417 hominum
1760 1371 1969 1415 tantum
1999 1362 2073 1416 sit

504 1459 708 1514 Christi
747 1458 861 1523 lux,
892 1457 1173 1513 hominum
1206 1463 1415 1509 tantum
1443 1453 1609 1507 etiam
1642 1452 1754 1506 vita
1790 1453 1891 1506 erit
1919 1470 1935 1505 :
1967 1454 2075 1509 hoc

505 1560 686 1606 autem
735 1550 999 1620 suspicari
1048 1563 1202 1619 aeque
1242 1547 1469 1602 stultum
1501 1559 1584 1602 est
1613 1554 1776 1614 atque
1805 1545 2029 1614 impium
2057 1583 2074 1610 ,

507 1643 911 1713 refragantibus
961 1642 1081 1697 aliis
1130 1639 1432 1709 Scripturis
1466 1638 1592 1693 huic
1643 1637 2072 1706 intelligentia:

507 1737 777 1804 siquidem
811 1735 1026 1804 quando
1059 1732 1430 1801 proﬁciemus,
1459 1730 1661 1787 erimus
1693 1734 1949 1798 tanquam
1980 1745 2076 1800 pa-

2166 520 2268 592 χὴν
2307 518 2711 591 ἐπικρατοῦσαν
2741 513 3066 587 χρηματίζει
3105 514 3134 567 ὀ
3176 515 3560 586 πνευματικός.
3599 518 3751 588 Ἅμα

2164 615 2221 669 δὲ
2255 614 2347 667 καὶ
2370 611 2438 666 τὰ
2459 612 2556 681 τῆς
2581 608 2835 679 τοιαύτης
2867 607 3196 671 ὑποθέσεως,
3228 607 3396 680 χωρὶς
3425 607 3527 662 κᾶν
3566 625 3753 678 φαινο-

2169 705 2334 776 μένης
2364 701 2711 766 ἀποδείξεως,
2747 697 3130 769 ἀποφαίνεται,
3170 698 3293 753 οὐδὲ
3323 698 3487 770 μέχρι
3520 699 3623 769 τῆς
3653 716 3751 752 τυ·-

2167 793 2368 864 χούσης
2394 789 2751 861 πιθανότητος
2785 788 2990 859 φθάσαι
3019 790 3099 853 εἰς
3125 787 3218 841 τὸν
3244 790 3373 860 περὶ
3408 788 3615 843 τούτων
3637 788 3749 862 (68)

2167 884 2413 957 δυνηθεὶς
2442 884 2616 951 λόγον.
2656 883 2765 935 Καὶ
2784 880 2956 935 ταῦτα
2994 881 3093 952 μὲν
3115 882 3244 953 περὶ
3266 880 3497 936 ἐκείνου.

2238 1089 2374 1159 Φέρε
2402 1087 2571 1141 δὲκαὶ
2615 1087 2775 1158 ἡμεῖς
2810 1086 2905 1139 καὶ
2941 1085 3097 1140 τοῦτο
3128 1086 3475 1158 ζητήσωμεν,
3502 1087 3603 1158 εἰη
3634 1086 3750 1158 ζωὴ

2169 1172 2237 1251 ἦν
2252 1180 2426 1251 μόνων
2446 1178 2747 1250 ἀνθρώπων
2766 1178 2904 1248 φῶς,
2923 1180 3017 1232 καὶ
3035 1177 3109 1250 μὴ
3134 1178 3338 1242 παντὸς
3366 1178 3675 1233 οὑτινοσοῦν
3690 1181 3752 1234 ὲν

2176 1273 2535 1345 μακαριότητι
2551 1273 2929 1342 τυγχάνοντος.
2973 1272 3098 1326 Ἐὰν
3113 1273 3222 1344 γὰρ
3244 1270 3442 1328 tab-rh
3479 1268 3547 1345 ἦν
3590 1292 3609 1326 ι
3640 1271 3755 1345 ζωὴ

2174 1368 2267 1420 καὶ
2298 1364 2414 1435 φῶς
2451 1362 2773 1435 ἀνθρώπων,
2822 1383 2840 1415 ι
2878 1365 2973 1418 καὶ
3017 1364 3193 1435 μόνων
3235 1364 3538 1436 ἀνθρώπων
3577 1365 3663 1437 εῐη
3694 1366 3756 1419 τὸ

2172 1458 2268 1513 τοῦ
2284 1456 2521 1529 Χριστοῦ
2551 1454 2688 1525 φῶς,
2714 1455 2889 1526 μόνων
2912 1455 3213 1529 ἀνθρώπων
3250 1458 3345 1511 καὶ
3375 1458 3408 1528 ἡ
3435 1457 3569 1529 (mir
3599 1457 3757 1512 τοῦτο

2175 1547 2642 1619 δ’ύπολαμϐάνειν
2668 1549 2817 1602 ἐστὶν
2837 1548 3040 1617 ἠλίθιον
3075 1548 3192 1619 ἅμα
3236 1549 3330 1602 καὶ
3359 1549 3575 1613 ἀσεϐὲς,
3614 1550 3758 1603 ἀντι-

2181 1639 2572 1713 μαρωρουσῶν
2615 1638 2724 1693 τῶν
2758 1638 2936 1711 ἄλλων
2960 1639 3189 1710 Γραφῶν
3222 1639 3392 1712 ταύτῃ
3427 1643 3494 1713 τῇ
3534 1640 3743 1711 έκδοχῇ’

2179 1736 2233 1790 εῐ
2249 1753 2334 1806 γε,
2358 1737 2488 1790 ὅταν
2515 1735 2899 1807 προκόψωμεν,
2933 1734 3204 1804 ἰσάγγελοι
3232 1734 3489 1806 ἐσόμεθα.
3522 1734 3679 1789 Οὕτω
3699 1735 3758 1788 δὲ

509 1843 599 1882 res
630 1827 836 1897 angelis
867 1827 935 1879 ⁸³.
970 1824 1078 1880 Sed
1121 1825 1201 1879 sic
1238 1823 1555 1878 solvendum
1606 1830 1690 1877 est
1735 1822 1959 1878 dubium
1986 1861 2003 1887 ,
2031 1822 2077 1876 si

2191 1827 2368 1880 λυτέον
2390 1826 2451 1880 τὸ
2471 1826 2767 1897 ἀπορηθὲν,
2793 1825 2912 1896 οὐχὶ
2940 1823 3057 1878 εῐτι
3079 1825 3297 1894 λέγεταί
3323 1843 3506 1889 τινων,
3533 1827 3758 1880 ἐκείνων

508 1920 638 1992 quid
667 1922 969 1989 aliquorum
1011 1933 1132 1974 esse
1157 1917 1394 1983 dicatur,
1422 1931 1529 1970 non
1558 1915 1816 1970 continuo
1850 1914 1980 1969 illud
2010 1913 2079 1969 ad

509 2027 603 2067 eos
629 2010 772 2066 solos
801 2010 865 2065 de
887 2009 1081 2079 quibus
1112 2007 1165 2061 id
1200 2007 1424 2073 dicitur,
1448 2005 1746 2074 pertinere.
1780 2002 1874 2061 Sic
1910 2003 2082 2073 igitur

510 2121 617 2159 non
652 2105 697 2159 si
729 2104 836 2157 vita
873 2102 963 2157 lux
995 2101 1272 2156 hominum
1302 2100 1525 2165 dicitur,
1560 2098 1841 2153 hominum
1873 2107 2081 2152 tantum

510 2206 595 2250 est
648 2196 759 2251 lux.
812 2179 1037 2249 Poterat
1077 2193 1223 2247 enim
1275 2191 1437 2254 addi,
1485 2192 1595 2244 vita
1647 2197 1768 2245 erat
1804 2190 2081 2245 lanuuinum

513 2300 722 2342 tantum
759 2288 847 2341 lux
886 2304 901 2342 :
939 2286 1056 2340 ﬁeri
1102 2285 1248 2339 enim
1298 2292 1476 2352 potest
1522 2288 1580 2337 ut
1627 2283 1719 2337 lux
1762 2282 2039 2337 hominum
2065 2321 2081 2345 ,

515 2382 740 2436 aliorum
791 2393 1049 2449 quoque,
1102 2388 1463 2449 praeterquam
1516 2374 1793 2431 hominum
1848 2378 1919 2431 sit
1966 2377 2079 2442 lux,

513 2474 737 2543 perinde
759 2480 922 2542 atque
954 2487 1074 2527 cum
1104 2470 1357 2525 animalia
1396 2470 1642 2539 quedam
1676 2478 1732 2524 et
1760 2470 1958 2539 plantae
1988 2471 2086 2527 ho-

518 2550 755 2619 minibus
792 2563 1143 2633 suppeditant
1171 2564 1313 2618 unde
1339 2562 1574 2629 alantur,
1606 2572 1784 2616 tamen
1817 2562 1924 2616 alia
1951 2577 2086 2631 quo-

515 2668 622 2723 que
678 2661 876 2723 praeter
930 2651 1179 2708 homines
1234 2652 1381 2707 alere
1429 2659 1674 2722 possunt.
1729 2650 1843 2709 Hoc
1904 2661 2085 2707 autem

517 2745 821 2814 exemplum
857 2759 926 2798 ex
959 2743 1352 2800 consuetudine
1405 2751 1681 2813 sumptum
1737 2752 1841 2800 est.
1886 2743 2087 2799 Verum

519 2839 799 2894 enimvero
826 2837 1045 2907 dignum
1078 2844 1162 2891 est
1206 2844 1266 2887 ut
1319 2849 1351 2890 e
1400 2832 1704 2904 Scripturis
1736 2832 1830 2889 Dei
1878 2833 2086 2905 Spiritu

518 2927 746 2995 proditis
769 2926 948 2981 simile
969 2924 1339 2981 conferamus.
1367 2921 1604 2978 Proinde
1634 2923 1741 2978 hoc
1775 2923 1827 2978 in
1858 2923 1975 2979 loco
2001 2925 2087 2979 ln-

519 3015 789 3081 quirimus
816 3029 942 3068 num
983 3012 1278 3084 quidquam
1327 3013 1657 3084 prohibeat,
1702 3013 1876 3069 lucem
1910 3014 2090 3070 homi—

2186 1919 2361 1991 μόνων
2392 1919 2510 1973 ἐστὶ
2537 1918 2598 1972 τὸ
2635 1918 2945 1989 λεγόμενον.
2980 1916 3168 1982 Οὕτως
3202 1913 3295 1973 οὖν
3326 1919 3447 1989 οὐχὶ
3542 1919 3758 1988 λέγεται

2184 2011 2301 2080 φῶς
2349 2009 2671 2082 ἀνθρώπων,
2694 2009 2869 2081 μόνων
2892 2008 3194 2082 ἀνθρώπων
3219 2011 3336 2063 ἐστὶ
3368 2010 3502 2079 φῶς·
3538 2011 3759 2065 ἐδύνατο

2184 2102 2293 2173 γὰρ
2326 2100 2702 2172 προσκεῖσθαι,
2725 2102 2759 2171 ἡ
2796 2100 2908 2172 ζωὴ
2932 2096 2999 2172 ἦν
3029 2102 3089 2154 τὸ
3106 2101 3215 2154 τῶν
3254 2100 3558 2172 ἀνθρώπων
3584 2103 3759 2171 μόνων

2185 2193 2320 2262 φῶς.
2355 2192 2572 2260 Ἔξεστι
2597 2192 2707 2264 γὰρ
2737 2192 2798 2246 τὸ
2828 2192 2944 2261 φῶς
2973 2190 3081 2246 τῶν
3098 2192 3421 2264 ἀνθρώπιον,
3450 2195 3544 2247 καὶ
3559 2194 3762 2265 ἐτέρων

2185 2285 2337 2358 παρὰ
2364 2285 2491 2349 τοὺς
2518 2283 2836 2356 ἀνθρώπους
2878 2280 3017 2338 εἶναι
3052 2284 3185 2354 φῶςθ
3219 2284 3295 2348 ὡς
3323 2283 3499 2349 ἔξεστι
3536 2284 3661 2338 τάδε
3693 2284 3764 2338 τὰ

2185 2375 2320 2442 ζῶα,
2356 2377 2451 2431 καὶ
2476 2375 2603 2430 τάδε
2627 2374 2695 2429 τὰ
2725 2375 2867 2445 φυτὰ
2898 2373 3199 2448 ἀνθρώπιον
3235 2375 3367 2429 ὄντα
3393 2376 3620 2447 τροφὴν,
3668 2376 3765 2429 καὶ

2186 2467 2387 2539 ἐτέρων
2417 2468 2568 2541 παρὰ
2597 2469 2724 2532 τοὺς
2755 2465 3075 2538 ἀνθρώπους
3103 2467 3171 2521 τὰ
3199 2466 3337 2521 αὐτὰ
3366 2462 3504 2521 εἶναι
3534 2468 3759 2539 τροφήν.

2187 2563 2297 2617 Kal.
2324 2560 2482 2614 τοῦτο
2528 2560 2624 2631 μὲν
2658 2560 2766 2614 ἀπὸ
2810 2559 2911 2630 τῆς
2952 2557 3239 2630 συνηθείας
3284 2559 3346 2612 τὸ
3394 2558 3762 2631 παράδειγμα·

2186 2650 2333 2716 ἄξιον
2351 2651 2408 2706 δὲ
2434 2650 2541 2705 ἀπὸ
2567 2650 2676 2704 τῶν
2707 2648 3082 2704 θεοπνεύστων
3109 2647 3282 2717 λόγων
3319 2648 3505 2717 ὅμοιον
3534 2649 3765 2702 ἀντιπα-

2192 2743 2460 2814 ραϐαλεῖν.
2509 2741 2724 2797 Ἐνθάδε
2757 2742 2936 2796 τοίνυν
2978 2740 3247 2812 ζητοῦμεν
3292 2743 3339 2795 εἰ
3374 2741 3538 2811 μηδὲν
3568 2739 3767 2794 κωλύει

2187 2836 2248 2890 τὸ
2276 2836 2391 2905 φῶς
2420 2835 2528 2888 τῶν
2557 2833 2858 2904 ἀνθρώπων
2894 2834 2986 2887 καὶ
3021 2833 3224 2905 ἐτέρων
3247 2827 3386 2887 εἶναι
3413 2831 3549 2901 φῶς·
3584 2832 3768 2900 λέγον-

2188 2944 2301 2991 τες,
2326 2927 2408 2980 ὅτι
2451 2927 2592 2997 οὐχὶ,
2623 2925 2746 2979 ἐπεὶ
2791 2925 3008 2995 λέγεται
3047 2943 3066 2977 ι
3109 2924 3221 2995 φῶς
3257 2922 3582 2997 ἀνθρώπων,
3611 2942 3630 2977 ι
3666 2923 3766 2994 ήδη

2189 3020 2612 3074 ἀποκέκλεισται
2658 3019 2752 3073 καὶ
2793 3018 2997 3091 ἑτέρων
3050 3017 3204 3086 παρὰ
3257 3017 3384 3080 τοὺς
3448 3014 3770 3087 ἀνθρώπους

521 3121 649 3162 num
680 3123 798 3164 esse
830 3108 993 3162 etiam
1028 3107 1203 3161 lucem
1237 3105 1489 3171 aliorum,
1538 3105 1803 3171 dicentes,
1839 3115 2086 3175 propter-

2191 3111 2537 3182 κρειττόνων,
2580 3108 2614 3180 ἦ
2660 3108 2935 3180 ἄνθρωποι
2972 3106 3085 3179 (69)
3122 3106 3322 3178 ὁμοίων
3362 3101 3501 3159 εἶναι
3531 3104 3641 3175 (70)
3694 3104 3772 3167 ὡς

522 3215 584 3254 ea
627 3199 769 3267 quod
818 3199 1047 3254 dicatur'
1075 3217 1093 3250 ι
1145 3197 1235 3251 lux
1289 3196 1593 3261 hominum,
1629 3215 1648 3249 ι
1676 3212 1782 3253 non
1820 3197 1932 3268 jam
1969 3197 2090 3253 ideo

523 3291 735 3345 excludi
780 3291 1009 3346 aliorum
1047 3304 1264 3362 quoque
1295 3290 1606 3345 hominibus
1630 3291 2092 3357 praestantiorum,

524 3385 608 3438 vel
660 3383 971 3438 hominibus
1016 3383 1309 3448 similium,
1351 3382 1518 3436 veluti
1569 3382 1742 3439 lucem
1777 3397 1922 3440 esse.
1959 3382 2091 3438 Nam

524 3491 647 3529 cum
687 3476 759 3530 sit
781 3476 1071 3545 scriptum,
1099 3477 1266 3532 Deum
1301 3491 1421 3533 esse
1451 3477 1619 3532 Deum
1668 3475 1942 3533 Abraham
1970 3516 1986 3543 ,
2036 3486 2093 3531 et

526 3561 692 3621 Deum
729 3566 912 3633 Isaac,
944 3578 999 3623 et
1023 3567 1189 3623 Deum
1228 3568 1399 3625 Jacob
1431 3570 1496 3635 “,
1530 3569 1622 3638 qui
1657 3568 1933 3635 voluerit,
1965 3569 2091 3637 quia

526 3660 731 3713 dictum
761 3663 852 3724 sit,
889 3678 910 3711 ι
949 3661 1057 3713 vita
1088 3671 1207 3714 erat
1255 3661 1344 3716 lux
1385 3662 1666 3717 hominum
1701 3661 1992 3730 ",alucem
2025 3663 2095 3717 ad

529 3748 734 3803 nullum
769 3749 936 3803 alium
969 3759 1332 3820 praeterquam
1366 3752 1434 3808 ad
1480 3752 1732 3808 homines
1776 3753 2052 3823 pertinere
2077 3791 2094 3816 ,

528 3842 804 3897 existimet
846 3851 1058 3911 oportet
1086 3844 1134 3898 is
1181 3844 1300 3912 pari
1348 3847 1547 3912 modo,
1587 3845 1754 3900 Deum
1790 3844 1991 3900 nullius
2019 3843 2098 3899 al-

532 3934 704 3985 terius
754 3931 921 3985 Deum
968 3948 1092 3987 esse
1116 3973 1131 3997 ,
1190 3933 1292 3986 nisi
1323 3942 1531 3988 tantum
1582 3935 1771 3989 horum
1804 3936 1964 3991 trium
1998 3951 2094 4007 pa-

534 4036 697 4079 trttltt.
716 4023 912 4079 Verum
936 4024 1063 4080 Elia-
1092 4024 1336 4095 profecto
1358 4027 1519 4081 etiam
1536 4027 1641 4097 75
1662 4039 1744 4083 est
1763 4028 1905 4084 Deus
1924 4030 2004 4095 ⁵⁶;
2026 4038 2100 4097 et,

533 4124 592 4169 nt
619 4115 798 4185 inquit
822 4113 1008 4171 Judith
1037 4115 1107 4180 ⁵⁷,
1137 4117 1309 4186 patris
1337 4118 1419 4173 sui
1448 4117 1680 4189 Symeon
1703 4158 1718 4184 ,
1749 4128 1913 4190 atque
1937 4121 2100 4176 etiam

536 4207 885 4263 llehraaorum
910 4219 996 4262 est
1025 4207 1168 4264 Deus
1200 4207 1266 4263 ⁸⁸.
1296 4208 1660 4275 Quamobrem
1714 4213 1760 4265 si
1813 4210 1947 4265 nihil
1979 4227 2103 4282 pro-

2194 3203 2328 3273 φῶς.
2373 3201 2814 3272 Ἀναγέγραπται
2846 3198 2903 3253 δὲ
2925 3201 2954 3254 ὁ
2978 3198 3110 3262 Θεὸς
3148 3198 3281 3262 Θεὸς
3312 3192 3452 3251 εἶναι
3499 3195 3770 3268 Ἀϐραὰμ,

2194 3294 2288 3349 καὶ
2317 3292 2450 3358 Θεὸς
2492 3291 2699 3358 Ἰσαὰκ,
2722 3291 2817 3345 καὶ
2842 3290 2977 3355 Θεὸς
3015 3288 3231 3345 Ἰακώὸο
3264 3291 3293 3344 ό
3316 3289 3381 3361 δὴ
3425 3286 3770 3361 βουλόμενος,

2194 3386 2387 3459 ἐπειδὴ
2414 3387 2650 3459 εἴρηται,
2690 3404 2710 3438 ι
2733 3386 2766 3456 ἡ
2802 3383 2915 3457 ζωὴ
2935 3380 3005 3455 ἦν
3031 3384 3091 3439 τὸ
3121 3383 3238 3454 φῶς
3258 3382 3367 3437 τῶν
3397 3380 3719 3455 ἀνθρώπων,
3747 3400 3768 3432 ο

2195 3480 2257 3534 τὸ
2281 3480 2397 3549 φῶς
2432 3478 2656 3551 μηδενὸς
2689 3479 2878 3550 ἐτέρου
2911 3472 3110 3549 εἷναιῆ
3149 3476 3259 3531 τῶν
3284 3474 3606 3547 ἀνθρώπων,
3632 3474 3775 3529 κατὰ

2196 3572 2258 3626 τὸ
2308 3572 2493 3642 ὅμοιον
2535 3570 2781 3641 οἰήσεται
2826 3570 2921 3623 τὸν
2975 3568 3109 3624 Θεὸν
3181 3568 3450 3640 ’Δσραὰμ
3496 3566 3593 3623 καὶ
3640 3565 3776 3620 Θεὸν

2209 3663 2415 3728 Ἰσαὰκ,
2448 3662 2543 3716 καὶ
2584 3660 2716 3716 Θεὸν
2757 3659 2973 3727 Ἰακὼσ,
3013 3660 3242 3731 μηδενὸς
3265 3653 3404 3713 εἶναι
3435 3657 3571 3712 Θεὸν
3605 3656 3640 3727 ἢ
3665 3656 3775 3710 τῶν

2198 3753 2361 3826 τριῶν
2391 3753 2565 3825 μόνων
2593 3751 2796 3806 τούτων
2836 3751 3109 3824 πατέρων.
3148 3751 3305 3804 Ἔστι
3331 3750 3443 3821 (71)
3477 3747 3536 3802 δέ
3563 3764 3626 3817 γε
3681 3746 3778 3800 καὶ

2212 3845 2389 3900 Ἠλίου
2419 3843 2572 3909 Θεὸς,
2604 3844 2720 3906 καὶ,
2749 3842 2826 3907 ὣς
2852 3860 3016 3915 φησιν
3062 3841 3271 3905 Ἰουδὶθ,
3307 3839 3403 3894 τοῦ
3434 3838 3639 3911 πατρὸς
3675 3838 3776 3893 αύ-

2200 3937 2300 4009 τῆς
2339 3934 2585 4008 Συμεὼν,
2615 3936 2709 3989 καὶ
2748 3934 2881 4001 Θεὸς
2917 3934 3024 3987 τῶν
3067 3933 3357 4005 Ἐϐραίων.
3395 3931 3594 4002 Διόπερ
3635 3929 3787 3983 κατὰ

2207 4032 2268 4088 τὸ
2315 4035 2520 4105 ὅμοιον,
2549 4035 2597 4086 εἰ
2646 4031 2813 4103 μηδὲν
2849 4029 3047 4084 κωλύει
3087 4024 3225 4083 εῖναι
3262 4028 3425 4082 αὐτὸν
3452 4027 3547 4082 καὶ
3576 4024 3778 4095 ἑτέρων

2207 4125 2360 4189 Θεὸν,
2394 4125 2543 4179 οὐδὲν
2576 4123 2773 4178 κωλύει
2817 4116 2956 4177 εἶναι
2984 4121 3046 4174 τὸ
3073 4121 3190 4191 φῶς
3223 4120 3331 4176 τῶν
3353 4117 3655 4190 ἀνθρώπων
3684 4116 3781 4170 καὶ

2210 4218 2411 4289 ἑτέρων
2432 4216 2584 4289 παρὰ
2615 4216 2742 4279 τοὺς
2777 4212 3095 4287 ἀνθρώπους
3112 4213 3248 4284 φῶς.

537 4304 685 4358 hibet
712 4302 878 4357 Deum
903 4302 1128 4359 aliorum
1160 4314 1376 4369 quoque
1402 4314 1523 4356 esse
1551 4301 1739 4366 Deum,
1775 4301 1965 4358 eodem
2007 4306 2167 4362 modo
2201 4307 2334 4364 nihil
2360 4307 2650 4377 prohibeat
2677 4313 2914 4375 oportet,
2944 4305 3120 4361 lucem
3152 4303 3431 4361 hominum
3464 4314 3586 4357 esse
3615 4298 3780 4356 etiam

538 4397 788 4462 aliorum,
827 4404 1189 4466 prmterquam
1227 4390 1534 4456 hominum,
1568 4391 1764 4446 lucem.

608 4488 697 4544 l7.
745 4487 915 4543 Porro
954 4486 1094 4541 alius
1139 4485 1406 4556 quispiam
1441 4482 1609 4539 etiam
1649 4484 1958 4541 testimonio
2012 4486 2104 4542 illo
2133 4491 2182 4552 υ

539 4590 698 4636 utens
733 4602 745 4635 :
786 4598 805 4631 ι
852 4576 1136 4634 Faciamus
1173 4575 1446 4633 hominem
1476 4574 1544 4629 ad
1592 4574 1881 4644 imaginem
1926 4584 1983 4632 et
2025 4577 2103 4633 si-

540 4670 900 4727 militudinem
932 4677 1175 4724 nostram
1203 4664 1571 4732 ",ihominem
1613 4679 1735 4720 esse
1758 4665 1907 4729 dicit,
1941 4666 2106 4736 quid-

540 4766 669 4835 quid
702 4766 768 4818 ad
800 4762 1090 4832 imaginem
1121 4768 1178 4816 et
1212 4756 1744 4813 similitudinemDei
1775 4758 1848 4811 sit
1875 4756 2107 4822 factum,

414 4911 423 4929 ,
541 4856 844 4913 innumeris
883 4856 986 4911 hac
1012 4856 1066 4908 iu
1100 4868 1159 4909 re
1201 4862 1359 4907 utens
1407 4850 1695 4921 exemplis,
1724 4849 1860 4903 nihil
1900 4851 2105 4905 referre

544 4950 855 5019 Scripturae,
893 4948 1165 5002 hominem
1212 4945 1361 4998 dicat
1388 4959 1456 4997 an
1490 4942 1740 5011 angelum
1775 4958 1789 4994 :
1817 4940 1883 4994 de
1913 4940 2105 4995 eodem

543 5041 689 5098 enim
739 5038 982 5110 subjecto
1006 5036 1205 5093 alicubi
1237 5036 1362 5105 poni
1404 5034 1578 5106 angeli
1610 5044 1663 5091 et
1690 5032 1924 5088 hominis
1948 5048 2107 5088 voca-

544 5132 769 5198 bulum,
824 5130 1279 5201 quemadmodum
1336 5129 1389 5182 in
1445 5127 1621 5181 tribus
1670 5125 1775 5181 illis
1818 5124 1909 5190 qui
1966 5123 2106 5194 apud

2284 4482 2477 4546 Ἀλλος
2524 4480 2584 4535 δέ
2633 4497 2754 4545 τις,
2822 4478 3310 4549 προσχρησάμενος
3366 4474 3473 4546 τῷ’
3543 4492 3563 4525 ι
3617 4472 3782 4542 Ποιή-

2214 4590 2396 4646 σωμεν
2440 4570 2726 4643 ἄνθρωπον
2771 4569 2890 4623 κατ’
2930 4568 3113 4621 εἰκόνα
3162 4567 3258 4621 καὶ
3287 4563 3546 4637 ὁμοίωσιν
3586 4563 3784 4633 ἡμετέ-

2216 4685 2335 4742 ραν,
2389 4686 2407 4718 ι
2447 4666 2556 4720 πᾶν
2593 4662 2653 4716 τὸ
2690 4662 2809 4715 κατ’
2851 4661 3035 4714 εἰκόνα
3080 4659 3175 4714 καὶ
3204 4658 3461 4729 ὁμοίωσιν
3495 4654 3785 4726 γενόμενον

2213 4758 2349 4813 Θεοῦ
2401 4755 2685 4828 ἄνθρωπον
2740 4749 2879 4807 εἶναί
2913 4768 3078 4823 φησι,
3131 4751 3345 4823 μυρίοις
3390 4747 3668 4820 χρώμενος
3703 4747 3785 4809 εἰς

2212 4848 2371 4904 τοῦτο
2415 4845 2872 4919 παραδείγμασιν,
2916 4844 2998 4896 ὅτι
3029 4843 3181 4897 οὐδὲν
3212 4839 3454 4915 διαφέρει
3490 4841 3557 4911 τῇ
3592 4838 3782 4910 Γραφῇ

2212 4941 2494 5012 ἄνθρωπον
2525 4940 2558 5011 ἢ
2590 4937 2818 5009 ἄγγελον
2848 4936 3041 5005 φάναι·
3075 4934 3168 4987 ἐπὶ
3194 4932 3303 5005 γὰρ
3330 4931 3423 4985 τοῦ
3455 4928 3623 4984 αὐτοῦ
3652 4928 3784 4983 ὑπο-

2214 5033 2466 5104 κειμένου
2488 5033 2549 5085 οὐ
2568 5033 2743 5085 κεῖται
2764 5028 2876 5100 (72)
2898 5030 2932 5100 ὴ
2955 5029 3183 5096 ἄγγελος
3208 5025 3303 5079 καὶ
3317 5023 3411 5080 ἄνθ
3417 5039 3599 5094 ρωπος
3616 5036 3782 5093 προσ-

2212 5124 2443 5197 ηγορία·
2507 5123 2695 5195 ὥσπερ
2772 5122 2865 5176 ἐπὶ
2922 5119 3031 5173 τῶν
3088 5116 3435 5185 ξενισθέντων
3499 5113 3649 5188 παρᾶ
3703 5110 3783 5180 τῷ

615 5298 661 5330 ⁸³
693 5293 882 5349 Matth.
916 5306 1048 5354 xxu,
1077 5288 1167 5347 30.
1238 5289 1286 5324 ”
1316 5290 1483 5346 Exod.
1512 5304 1594 5349 Ill,
1633 5287 1686 5350 6,
1729 5285 1817 5349 15,
1848 5272 1944 5348 l6;
1993 5300 2061 5341 ιν.

2215 5287 2261 5319 ⁵⁸
2286 5286 2445 5343 Joan.
2482 5303 2529 5353 ι,
2562 5285 2616 5341 4.
2696 5285 2742 5318 ⁸⁸
2766 5281 2829 5338 IV
2863 5281 2996 5353 Reg.
3037 5296 3099 5347 ιι,
3132 5280 3221 5337 14.
3310 5278 3355 5311 ⁸⁷
3381 5276 3589 5333 Judith.
3622 5271 3780 5340 n,2.

546 5368 592 5400 ³⁸
617 5366 787 5421 Exod.
818 5380 900 5429 ιιι,
935 5363 1023 5427 18;
1060 5376 1110 5429 ν,
1143 5363 1207 5427 '5;
1236 5377 1333 5426 vn,
1360 5361 1448 5429 16;
1481 5377 1554 5427 Ix,
1584 5360 1635 5423 Ι,
1677 5357 1778 5423 l3;
1808 5373 1860 5422 ιι,
1893 5356 1947 5409 '5.
2026 5355 2073 5387 ”
2099 5354 2235 5411 Gen.
2261 5374 2300 5423 ι,
2325 5358 2415 5412 26.

621 5497 731 5567 (68)
764 5492 1011 5552 Τούτων.
1053 5494 1128 5550 lla
1162 5495 1331 5550 codex
1362 5491 1684 5548 Bodleianus
1710 5506 1724 5554 ;
1751 5487 1970 5559 Regius,
2004 5498 2116 5541 ma-

548 5568 619 5630 le,
644 5567 849 5620 τοῦτον.

621 5638 732 5701 (69)
763 5640 1107 5704 Ἄνθρωποι.
1148 5634 1290 5700 Lege
1318 5631 1641 5704 ἀνθρώποις.

2285 5488 2400 5570 (71)
2428 5488 2625 5570 Ἕρντι.
2660 5485 2737 5541 Ita
2765 5485 2933 5542 codex
2959 5483 3320 5550 Bodleianus;
3351 5479 3551 5552 Regius
3570 5484 3627 5532 et
3651 5474 3785 5529 Bar-

2214 5560 2458 5616 bcrinus.
2492 5558 2593 5610 ἔτι.

2288 5629 2398 5698 (72)
2436 5630 2517 5681 Οὐ
2549 5625 2751 5698 κεῒζαι.
2795 5624 2892 5698 Vel
2924 5624 3208 5681 delendum
3254 5622 3338 5689 οὐ,
3384 5618 3467 5677 vel
3503 5614 3784 5688 legendum

625 5695 734 5773 (70)
774 5695 969 5773 Eirdz.
1023 5707 1115 5760 Sic
1171 5695 1341 5759 codex
1394 5695 1750 5766 Bodleianus;
1815 5696 2016 5767 Regius
2062 5703 2117 5751 et
2220 5697 2344 5764 ποῦ,
2376 5695 2944 5769 utilcgitFerrarius.

554 5777 896 5843 Bat‘bei‘inus,
934 5772 1063 5845 εἷεν,
1094 5774 1252 5831 male.
