4174 6436
372 371 477 422 133

1468 369 1838 456 (ιοιιιιΕΝΤε
1868 371 1933 426 ιιι
1969 370 2160 428 ιοΑιι.
2199 369 2438 426 'rouus
2477 369 2539 423 ιι.

3530 376 3548 424 1
3564 376 3632 428 54

380 475 636 547 Ἀϐραὰμ
666 477 857 548 τριῶν,
897 476 990 532 καὶ
1025 477 1329 549 γενομένων
1353 476 1411 538 ὲν
1442 479 1696 550 Σοδόμοις
1723 479 1836 543 δύο,
1867 481 1944 534 κα

2063 480 2338 534 Abraham
2385 481 2620 548 hospitio
2667 481 2819 535 fuere
2871 482 3082 550 excepti
3129 483 3196 547 ⁶⁰,
3231 483 3372 536 etin
3421 486 3634 542 duobus

367 571 425 620 ὲν
451 568 559 636 ὅλῳ
581 566 662 637 τῷ
689 567 870 640 εἱρμῷ
902 569 1002 640 τῆς
1035 569 1256 641 Γραφῆς
1282 569 1369 622 ότὲ
1398 572 1495 638 μὲν
1519 569 1712 640 ἄνδρες
1729 609 1746 634 ,
1789 571 1876 623 ότὲ
1899 571 1955 623 δὲ

365 659 591 728 ἄγγελοι
627 657 766 714 εἶναι
800 661 1066 728 λέγονται.
1115 660 1260 731 Πλὴν
1286 661 1314 712 6
1350 659 1507 713 τοῦτο
1538 661 1774 731 νομίζων
1819 665 1954 734 ὲρεῖ,

362 753 468 813 ὅτι,
496 750 691 824 ὥσπερ
715 751 868 823 παρὰ
899 756 1011 815 τοῖς
1035 750 1483 821 ὁμολογουμένοις
1509 750 1620 822 (75)
1648 752 1956 824 ἀνθρώπως

364 840 507 896 εἰσὶν
555 843 799 912 ἄγγελοι,
842 843 918 906 ὡς
952 844 980 894 6
1025 843 1300 914 Ζαχαρίας
1338 842 1542 910 λέγων·
1605 863 1623 895 ι
1690 845 1956 913 Ἀγγελος

363 931 503 986 Θεοῦ
541 934 652 1004 ἐγὼ
701 934 818 1006 μεθ’
853 933 1005 1005 ὑμῶν
1050 937 1188 1005 είμι,
1231 934 1380 1002 λέγει
1410 934 1611 1006 Κύριος
1655 937 1957 1008 παντοκρά-

369 1043 517 1097 τωρ·
560 1047 578 1078 ι
617 1027 711 1080 καὶ
739 1028 768 1079 ό
811 1027 1079 1096 Ἰωάννης,
1120 1027 1248 1097 περὶ
1277 1019 1338 1079 οῦ
1368 1029 1709 1098 γέγραπται⁸
1751 1047 1770 1079 r
1823 1029 1952 1082 Ἰδοὺ

369 1118 482 1185 ἐγὼ
501 1118 819 1171 ἀποστέλλω
843 1119 932 1171 τὸν
956 1118 1183 1186 ἄγγελόν
1207 1135 1308 1188 μου
1337 1119 1443 1190 πρὸ
1467 1119 1759 1190 προσώπου
1782 1137 1896 1183 σου,
1927 1140 1946 1172 ι

365 1211 544 1275 οὕτως
571 1213 665 1265 καὶ
696 1213 744 1265 oi
782 1211 875 1264 τοῦ
905 1211 1038 1263 Θεοῦ
1071 1209 1289 1280 ἄγγελοι
1322 1210 1472 1280 παρὰ
1507 1211 1568 1264 τὸ
1607 1211 1768 1282 ἔργον
1797 1211 1953 1265 τοῦτο

367 1303 790 1376 χρηματίζουσι,
836 1303 930 1356 καὶ
970 1304 1032 1355 οὐ
1072 1302 1225 1373 παρὰ
1264 1302 1364 1372 τὴν
1393 1301 1555 1370 φύσιν
1584 1302 1776 1374 ἄνδρες
1821 1304 1951 1374 κλη-

366 1395 572 1458 θέντες.
617 1396 727 1448 Καὶ
765 1395 847 1447 ἔτι
889 1393 1088 1465 μᾶλλον
1118 1393 1589 1464 παραμυθήσεται,
1614 1396 1696 1448 ὅτι
1721 1395 1814 1448 ἐπὶ
1843 1395 1951 1450 τῶν

365 1487 698 1556 κρειττόνων
723 1487 1002 1556 δυνάμεων
1037 1485 1106 1538 τὰ
1134 1485 1372 1556 ὀνόματα
1401 1486 1519 1555 οὐχὶ
1551 1485 1763 1554 φύσεων
1797 1485 1950 1550 ζώων

365 1575 518 1626 ἐστὶν
554 1575 811 1644 ὀνόματα,
847 1573 980 1627 ἀλλὰ
1021 1574 1246 1641 τάξεων,
1276 1567 1351 1627 ὧν
1375 1574 1470 1644 ἥδε
1508 1591 1592 1634 τις
1623 1575 1717 1628 καὶ
1743 1575 1835 1645 ἥδε
1866 1574 1951 1627 λο-

363 1667 496 1738 γικὴ
534 1667 693 1735 φύσις
719 1667 969 1736 τέτευχεν
1004 1666 1112 1719 ἀπὸ
1133 1665 1268 1719 Θεοῦ
1291 1683 1304 1697 ·
1341 1666 1528 1738 θρόνος
1557 1665 1665 1737 γὰρ
1685 1668 1786 1720 οὐκ
1810 1662 1950 1731 εἶδος

365 1757 512 1820 ζώου
555 1759 689 1828 (74),
723 1759 842 1811 οὐδὲ
886 1759 1050 1829 ἀρχὴ,
1081 1758 1200 1810 οὐδὲ
1231 1758 1511 1828 κυριότης,
1547 1757 1669 1811 οὐδὲ
1708 1757 1945 1824 ἐξουσία,

2063 569 2154 638 qui
2192 569 2443 640 Sodomis
2477 569 2695 623 fuerunt
2729 569 2794 633 ⁸⁸,
2825 581 2880 628 et
2904 571 2958 624 in
2993 580 3105 625 tota
3141 571 3438 640 Scriptura:
3464 575 3629 641 serie,

2061 662 2358 731 aliquando
2386 662 2605 730 quidem
2638 662 2812 732 angeli
2840 703 2856 729 ,
2888 664 3180 732 aliquando
3210 679 3339 719 vero
3381 664 3633 721 homines

2057 768 2180 808 esse
2209 754 2485 807 dicuntur.
2518 753 2657 820 Quin
2689 757 2877 817 etiam,
2912 756 3006 824 qui
3040 757 3146 811 hoc
3174 756 3494 819 existimat,
3547 758 3631 811 di-

2056 854 2143 898 cet
2172 843 2314 912 quod
2347 854 2404 897 ut
2451 846 2696 902 homines
2725 848 2900 900 vocati
2933 858 3056 902 sunt
3087 848 3301 916 angeli,
3353 849 3492 916 apud
3522 864 3620 903 eos

2055 951 2189 1004 quos
2217 935 2391 1004 palam
2429 950 2655 991 cernere
2684 947 2765 992 est
2807 954 2930 993 esse
2959 939 3226 1002 homines,
3263 941 3621 1007 quemadmo-

2054 1027 2182 1082 dum
2241 1027 2540 1082 Zacharias
2571 1029 2756 1083 dicens
2789 1047 2802 1083 :
2845 1048 2863 1081 ι
2900 1030 3137 1099 Angelus
3187 1030 3280 1084 Dei
3318 1047 3418 1101 ego
3451 1032 3630 1085 vobis-

2053 1135 2178 1173 cum
2226 1135 2368 1187 sum,
2398 1120 2530 1174 dicit
2554 1120 2810 1176 Dominus
2833 1124 3176 1191 omnipotens
3203 1125 3248 1155 θ’
3285 1139 3299 1177 :
3343 1142 3364 1177 ι
3398 1123 3632 1179 etJoan-

2061 1225 2183 1274 nes,
2211 1211 2278 1265 de
2303 1225 2411 1278 quo
2443 1212 2703 1280 scriptum
2731 1221 2814 1265 est
2841 1212 2886 1243 ⁸⁵
2923 1229 2938 1266 :
2977 1232 2994 1265 ι
3029 1213 3166 1268 Ecce
3196 1228 3298 1284 ego
3343 1215 3498 1269 mitto
3524 1231 3625 1267 an-

2052 1300 2231 1370 gelum
2283 1316 2460 1354 meum
2497 1312 2622 1354 ante
2653 1301 2848 1356 faciem
2889 1311 3059 1368 tuam,
3104 1321 3124 1354 ι
3183 1303 3263 1358 sic
3313 1302 3476 1357 etiam
3531 1305 3624 1358 Dei

2051 1393 2226 1462 angeli
2259 1394 2364 1447 hoc
2395 1393 2662 1448 vocabulo
2695 1408 3090 1462 nuncupantur,
3116 1405 3338 1464 propter
3364 1395 3624 1461 ollicium,

2050 1495 2104 1538 et
2127 1499 2230 1538 non
2264 1491 2488 1553 propter
2512 1495 2764 1538 naturam
2797 1486 2969 1539 vocati
3001 1486 3123 1538 viri.
3153 1485 3421 1540 Praeterea
3453 1488 3625 1557 magis

2049 1576 2212 1630 etiam
2237 1575 2339 1630 hoc
2355 1575 2730 1629 corroborabit
2747 1579 3000 1644 quoniam
3023 1579 3237 1632 nomina
3259 1578 3310 1631 in
3329 1579 3622 1633 virtutibus

2049 1667 2523 1736 praestantioribus
2574 1683 2680 1720 non
2738 1682 3058 1722 naturarum
3119 1671 3436 1723 animaliqu
3493 1683 3622 1725 sunt

2049 1759 2293 1825 nomina,
2342 1761 2437 1816 sed
2487 1759 2760 1823 ordinum,
2795 1776 2930 1830 quos
2959 1761 3074 1814 haec
3123 1771 3176 1815 et
3219 1762 3335 1818 haec
3385 1765 3621 1821 rationis

371 1849 512 1904 ἀλλὰ
552 1850 792 1920 ὀνόματα
853 1850 1231 1920 πραγμάτων,
1283 1851 1369 1917 ἐφ’
1414 1843 1488 1902 ὧν
1536 1848 1844 1920 ἐτάχθησαν
1906 1852 1944 1903 oi

2057 1865 2282 1921 compos
2331 1861 2523 1905 natura
2575 1850 2768 1905 sortita
2821 1851 2957 1904 sita
3009 1851 3162 1905 Deo:
3198 1854 3426 1909 thronus
3473 1855 3620 1910 enim

361 1942 506 1994 οὕτω
535 1942 1089 2013 προσαγορευόμενοι,
1116 1935 1192 1994 ὧν
1224 1941 1284 1994 τὸ
1312 1941 1667 2012 ὑποκείμενον
1693 1941 1793 1993 οὐκ
1822 1939 1950 1993 ἄλλο

361 2033 413 2084 τί
434 2035 585 2086 ἐστιν
616 2033 650 2103 ἢ
678 2033 987 2104 ἄνθρωπος,
1017 2035 1112 2087 καὶ
1140 2032 1218 2103 τῷ
1260 2031 1604 2102 ὑποκειμένῳ
1636 2029 1949 2100 συμϐέϐηκε

361 2122 421 2174 τὸ
452 2122 628 2194 θρόνῳ
656 2118 818 2188 εἶναι,
855 2124 888 2194 ἢ
921 2124 1222 2194 κυριότητι,
1243 2122 1287 2193 ιῆ
1313 2122 1480 2192 ἀρχῇ,
1575 2121 1810 2193 ἐξουσίᾳ..
1841 2119 1951 2174 Καὶ

361 2213 420 2264 ὲν
455 2213 538 2284 τῷ
591 2215 767 2286 Ἰησοῦ
802 2216 858 2269 δὲ
886 2215 961 2286 τῷ
995 2215 1089 2268 τοῦ
1121 2216 1279 2287 Ναυῆ
1319 2219 1492 2270 κεῖται
1524 2215 1616 2268 τό·
1662 2213 1840 2284 Ὠφθη
1873 2212 1950 2284 τῷ

374 2304 553 2376 Ἰησοῦ
582 2306 868 2378 ἄνθρωπος
909 2310 965 2360 ἐν
1007 2307 1238 2378 Ἰεριχὼ,
1276 2307 1334 2370 ὃς
1365 2323 1556 2378 φησιν’
1599 2325 1617 2358 ι
1675 2304 1817 2374 Ἐγὼ
1847 2305 1948 2378 ἀρ-

362 2396 729 2467 χιστράτηγος
772 2399 975 2470 Κυρίου
1019 2399 1301 2469 δυνάμεως
1341 2399 1459 2451 νυνὶ
1498 2397 1868 2468 παραγέγονα.
1923 2415 1942 2448 ι

363 2486 523 2539 Κατὰ
562 2487 722 2540 τοῦτο
761 2484 875 2553 οῦν,
922 2489 998 2552 ὡς
1047 2490 1160 2543 ἴσον
1196 2489 1523 2560 δυνάμενον,
1559 2490 1855 2560 ὲκλήψεται
1888 2489 1951 2544 τὸ

362 2577 478 2645 φῶς
501 2577 609 2631 τῶν
637 2578 735 2632 ἀνθ
746 2579 940 2651 ρώπων
973 2581 1065 2634 καὶ
1099 2581 1213 2649 φῶς
1249 2581 1446 2644 παντὸς
1479 2580 1718 2650 λογικοῦ,
1751 2582 1949 2646 παντὸς

360 2668 580 2736 λογικοῦ
620 2670 700 2741 τῷ
730 2673 850 2724 κατ’
880 2672 1064 2725 είκόνα
1091 2672 1185 2726 καὶ
1222 2673 1481 2743 ὁμοίωσιν
1510 2669 1649 2726 εἶναι
1687 2673 1822 2727 Θεοῦ
1851 2676 1948 2729 άν-

360 2760 583 2830 θρώπου
615 2764 992 2834 τυγχάνοντος.
1042 2765 1114 2816 Τὸ
1151 2765 1280 2816 αὐτὸ
1313 2765 1562 2835 μέντοιγέ
1601 2767 1716 2819 ἐστι
1744 2767 1949 2838 τριχῶς

356 2854 782 2927 ὀνομαζόμενον,
812 2856 938 2923 Φῶς
963 2857 1081 2911 τῶν
1109 2858 1456 2926 ἀνθρώπων,
1488 2861 1583 2913 καὶ
1608 2859 1946 2926 ἁπαξαπλῶς

359 2945 514 3013 Φῶς,
547 2948 641 3000 καὶ
672 2947 800 3014 Φῶς
844 2950 1166 3016 ἀληθινόν·
1202 2949 1317 3019 φῶς
1358 2950 1455 3021 μὲν
1483 2945 1578 3004 οὖν
1621 2951 1944 3022 ἀνθρώπων,

362 3036 505 3104 ἤτοι,
535 3039 610 3103 ὡς
642 3039 1145 3112 προαποδέδεικται,
1183 3041 1391 3106 οὐδενὸς
1423 3042 1724 3106 κωλύοντος
1752 3044 1812 3096 τὸ
1853 3045 1947 3097 ὲκ-

360 3128 659 3200 λαμόάνειν
695 3133 788 3186 καὶ
831 3134 1034 3206 ἑτέρων
1068 3134 1218 3206 παρὰ
1254 3133 1346 3189 τὸν
1386 3134 1671 3206 ἄνθρωπον
1700 3131 1841 3188 εἶναι
1886 3133 1944 3188 τὸ

359 3223 499 3290 φῶς,
525 3223 558 3294 ἢ
590 3225 808 3278 πάντων
837 3225 943 3278 τῶν
972 3226 1223 3295 λογικῶν,
1247 3226 1334 3280 διὰ
1358 3227 1420 3281 τὸ
1451 3229 1572 3280 κατ’
1599 3227 1783 3282 εἰκόνα
1809 3226 1943 3280 Θεοῦ

357 3314 641 3381 γεγονέναι
669 3315 972 3387 ἀνθρώπων
1002 3318 1372 3388 καλουμένων.

2054 1958 2160 1996 non
2187 1942 2398 2011 species
2437 1941 2688 1996 animalis
2713 1953 2817 2008 est,
2855 1958 3030 2014 neque
3057 1943 3414 2014 principatus,
3444 1959 3624 2014 neque

2052 2033 2368 2098 dominatio,
2420 2048 2595 2102 neque
2623 2044 2862 2102 potestas
2895 2034 3104 2103 Species
3149 2045 3276 2090 sunt
3325 2038 3575 2092 animalis
3605 2079 3622 2104 ,

2051 2124 2149 2178 sed
2189 2138 2369 2177 rerum
2415 2123 2633 2177 nomina
2662 2161 2678 2188 ,
2727 2125 2779 2177 in
2827 2125 3024 2192 quibus
3054 2123 3288 2178 ordinati
3324 2135 3490 2190 sunt,
3527 2128 3621 2196 qui

2051 2216 2131 2270 sic
2165 2213 2514 2285 appellantur
2542 2253 2558 2278 ,
2588 2231 2820 2286 quorum
2852 2217 3152 2285 subjectum
3188 2216 3321 2270 nihil
3357 2217 3502 2281 aliud
3527 2220 3621 2285 sit,

2050 2322 2211 2376 quam
2249 2308 2443 2371 homo,
2467 2306 3106 2377 cuisubjectocontingat
3139 2323 3261 2364 esse
3284 2310 3366 2365 vel
3398 2312 3621 2377 throno,

2049 2398 2135 2452 vel
2181 2399 2564 2464 dominationi,
2594 2397 2678 2453 vel
2709 2399 3039 2468 principatui
3063 2441 3078 2466 ,
3117 2403 3198 2456 vel
3245 2403 3520 2470 potestati.
3553 2403 3621 2458 Et

2053 2491 2105 2545 in
2135 2488 2263 2546 Jesu
2291 2491 2445 2545 Nave
2471 2491 2690 2560 ponitur
2733 2491 2891 2556 illud,
2921 2492 3079 2547 Visus
3112 2503 3193 2547 est
3228 2492 3356 2548 Jesu
3387 2494 3489 2563 ipsi
3520 2496 3621 2548 ho-

2050 2595 2140 2635 mo
2177 2580 2232 2635 in
2267 2579 2526 2645 Jericho,
2579 2581 2673 2650 qui
2724 2581 2942 2650 inquit:
2983 2599 3001 2632 ι
3039 2581 3151 2651 Ego
3201 2596 3320 2636 smn
3368 2585 3622 2653 princeps

2050 2673 2325 2728 exercitus
2350 2671 2608 2741 potentia:
2639 2671 2874 2736 Domini,
2925 2688 3064 2726 nunc
3089 2675 3295 2728 accessi
3339 2672 3406 2726 οδ.
3458 2691 3477 2725 ι
3521 2673 3623 2728 Se-

2051 2763 2286 2820 cundum
2329 2761 2433 2816 hoc
2461 2774 2590 2830 ergo
2619 2799 2636 2826 ,
2666 2771 2722 2814 ut
2752 2776 2907 2830 teque
2931 2762 3135 2826 valens,
3167 2764 3621 2833 interpretabitur

2049 2855 2223 2910 lucem
2273 2854 2554 2909 hominum
2608 2853 2786 2907 lucem
2840 2855 3002 2908 etiam
3034 2869 3155 2910 esse
3185 2855 3481 2923 cujuslibet
3528 2856 3619 2925 qui

2050 2946 2278 3001 rationis
2307 2947 2378 3000 sit
2413 2959 2656 3014 compos,
2684 2946 2887 3014 quippe
2911 2947 3036 3014 quia
3066 2946 3135 2999 sit
3159 2946 3344 3012 homo,
3372 2947 3439 3000 ad
3473 2947 3614 3000 ima-

2047 3040 2225 3110 ginem
2263 3049 2319 3093 et
2374 3037 2792 3094 similitudinem
2849 3041 2967 3094 Dei.
3019 3038 3161 3094 Sane
3190 3041 3279 3092 lux
3313 3041 3426 3108 ipsa
3460 3039 3622 3092 trifa-

2049 3131 2185 3184 riam
2221 3129 2553 3194 nominatur,
2600 3129 2693 3182 lux
2721 3130 3028 3195 hominum,
3061 3139 3115 3184 et
3155 3129 3474 3200 sim-pliciter
3502 3129 3619 3199 lux,

2051 3232 2106 3276 et
2131 3223 2225 3275 tua:
2263 3238 2405 3275 vera.
2441 3223 2619 3292 Atque
2667 3221 2760 3275 lux
2799 3223 3017 3291 quidem
3064 3233 3147 3276 est
3184 3222 3486 3286 hominum,
3536 3222 3619 3276 vcl

2050 3313 2194 3383 quod
2221 3353 2237 3380 ,
2271 3320 2332 3366 ut
2368 3321 2495 3367 ante
2543 3319 2817 3369 ostensum
2861 3323 2944 3370 est
2968 3353 2983 3378 ,
3016 3313 3148 3367 nihil
3182 3313 3465 3383 prohibeat
3495 3327 3615 3366 eam

360 3406 665 3476 intelligere
693 3408 866 3464 lucem
915 3412 1078 3465 etiam
1111 3410 1340 3467 aliorum
1371 3420 1567 3481 praeter
1595 3411 1868 3466 hominem
1898 3423 2041 3475 esse,
2077 3407 2158 3461 vel
2193 3406 2337 3474 quod
2362 3419 2551 3461 omnes
2581 3406 2675 3477 qui
2706 3407 2932 3462 rationis
2955 3414 3079 3461 sunt
3113 3415 3410 3475 compotes,
3437 3405 3618 3460 homi-

370 3517 468 3558 nes
495 3513 778 3568 vocentur,
813 3504 934 3571 quia
972 3504 1096 3558 facti
1128 3506 1241 3559 sint
1266 3506 1334 3559 ad
1359 3506 1648 3577 imaginem
1681 3514 1735 3560 et
1763 3503 2172 3560 similitudinem
2205 3501 2319 3555 Dei.

441 3596 597 3649 Ἐπεὶ
649 3594 707 3647 δὲ
765 3594 881 3664 φῶς
942 3594 1279 3660 ἁπαξαπλῶς
1329 3596 1560 3651 ἐνταῦθα
1618 3597 1716 3668 μὲν
1750 3599 1778 3651 ό
1818 3598 1934 3650 Σω-

359 3687 483 3759 τὴρ,
519 3689 577 3740 ἐν
598 3687 655 3740 δὲ
677 3689 742 3757 τῇ
773 3686 1046 3759 Καθολικῇ
1074 3687 1164 3741 τοῦ
1190 3687 1355 3742 αὑτοῦ
1385 3688 1629 3742 Ἰωάννου
1647 3688 1932 3760 Ἐπιστολῇ

355 3776 580 3847 λέγεται
619 3780 648 3830 6
680 3779 810 3843 Θεὸς
837 3775 975 3832 εἶναι
1007 3779 1142 3848 φῶς,
1177 3782 1206 3832 ό
1247 3780 1343 3850 μέν
1382 3797 1464 3844 τις
1489 3779 1657 3833 οἴεται
1695 3779 1806 3850 (75)
1840 3780 1935 3832 καὶ

356 3871 606 3924 ἐντεῦθεν
650 3870 1151 3933 κατασκευάζεσθαι
1183 3875 1248 3942 τῇ
1290 3873 1448 3943 οὐσίᾳ
1480 3871 1553 3943 μὴ
1595 3871 1933 3942 διεστηκέναι

353 3961 447 4015 τοῦ
484 3962 612 4014 Υἱοῦ
641 3961 732 4014 τὸν
759 3963 1012 4033 Πατέρα·
1055 3963 1082 4014 6
1127 3961 1185 4015 δέ
1221 3980 1305 4026 τις
1343 3963 1732 4034 ἀκριϐέστερον
1770 3964 1940 4034 τηρή-

355 4069 474 4116 σας,
503 4055 532 4104 ὁ
568 4054 664 4106 καὶ
690 4053 1005 4123 ὑγιέστερον
1045 4053 1238 4121 λέγων,
1283 4055 1444 4124 φήσει
1475 4053 1536 4106 οὐ
1572 4053 1768 4106 ταύτὸν
1799 4048 1939 4107 εἶναι

351 4144 417 4198 τὸ
442 4148 632 4213 φαῖνον
665 4148 724 4198 έν
760 4148 824 4216 τῇ
861 4146 1052 4216 σκοτίᾳ
1089 4145 1224 4214 φῶς,
1259 4146 1354 4198 καὶ
1405 4146 1480 4216 μὴ
1524 4145 1939 4216 καταλαμϐανό-

356 4254 517 4307 μενον
565 4237 658 4290 ὑπ⁹
691 4237 882 4308 αὐτῆς,
930 4237 1023 4290 καὶ
1059 4237 1121 4290 τὸ
1166 4237 1301 4306 φῶς,
1341 4239 1399 4291 ὲν
1442 4232 1486 4305 ᾧ
1523 4236 1774 4308 οὐδαμῶς
1819 4239 1936 4290 ἐστι

354 4328 567 4382 σκοτία.
603 4329 677 4381 Τὸ
718 4329 816 4398 μὲν
843 4329 951 4400 γὰρ
991 4331 1178 4396 φαῖνον
1205 4330 1262 4381 ὲν
1286 4330 1353 4400 τῇ
1381 4329 1569 4400 σκοτίᾳ
1600 4328 1735 4398 φῶς,
1769 4329 1933 4382 οἱονεὶ

353 4419 647 4490 ἐπέρχεται
701 4423 766 4490 τῇ
822 4418 1028 4490 σκοτίᾳ·
1075 4419 1170 4472 καὶ
1224 4418 1550 4490 διωκόμενον
1594 4421 1687 4473 ὑπ’
1733 4419 1927 4489 αὐτῆς,

356 4511 473 4574 καὶ,
537 4512 602 4565 ἵν’
657 4511 832 4575 οὕτως
889 4511 1050 4577 εἴπω,
1110 4510 1588 4582 ἐπιϐουλευόμενον
1650 4512 1710 4564 οὐ
1761 4528 1930 4564 κατα-

353 4601 720 4673 λαμϐάνεται·
763 4605 825 4658 τὸ
859 4606 915 4659 δὲ
975 4606 1110 4675 φῶς,
1164 4607 1222 4659 ἐν
1273 4598 1318 4673 ᾧ
1362 4603 1588 4674 οὐδεμία
1646 4603 1763 4656 ἐστὶ
1803 4620 1931 4656 σκο-

352 4696 466 4760 τία,
493 4695 618 4750 οὕτε
652 4699 831 4767 φαίνει
861 4700 919 4754 ὲν
950 4701 1016 4770 τῇ
1061 4699 1271 4769 σκοτία,
1303 4697 1425 4751 οὗτε
1463 4696 1561 4767 τὴν
1600 4695 1775 4766 ἀρχὴν
1808 4695 1932 4749 διώ-

354 4805 512 4842 κεται
556 4791 647 4843 ὑπ’
696 4791 888 4860 αὐτῆς,
939 4791 1026 4844 ἵνα
1068 4791 1164 4843 καὶ
1214 4791 1290 4853 ὡς
1337 4787 1504 4842 νικῶν
1543 4788 1930 4858 ἀναγράφηται

428 4912 474 4942 ⁶⁰
493 4909 630 4965 Gen.
661 4928 815 4979 mn,
837 4911 873 4964 2
895 4920 950 4965 et
972 4927 1088 4981 seq.

355 4980 490 5035 Luc.
523 4998 614 5045 vn,
643 4983 730 5035 27.
802 4977 870 5014 ⁷⁵⁸
900 4981 1015 5036 Jos.
1048 4977 1102 5046 v,
1136 4983 1226 5046 15,
1258 4983 1345 5037 Η.
1429 4982 1473 5012 ⁸⁸
1503 4979 1522 5034 1
1551 4978 1708 5035 Joan.
1743 4995 1783 5042 ι.
1827 4977 1882 5032 5.

425 5077 538 5146 (7'5)
569 5078 791 5146 Ὥσπερ
852 5079 1010 5146 παρὰ
1057 5077 1180 5143 τοῖς
1232 5075 1783 5146 ὁμολογουμένοιςε-
1816 5085 1922 5130 etc.

356 5143 776 5202 Observavimus
803 5143 963 5215 supra
993 5150 1058 5201 ad
1091 5143 1347 5216 Origenis
1373 5143 1498 5200 toin.
1527 5143 1604 5200 ιιιι
1637 5146 1694 5198 in
1729 5143 1923 5216 Matth.

2116 3594 2348 3664 7618.
2384 3594 2521 3661 Quia
2569 3606 2700 3646 vero
2728 3590 2818 3644 lux
2865 3589 3188 3658 simpliciter
3236 3589 3341 3644 hoc
3385 3587 3440 3642 in
3494 3585 3616 3641 loco

2047 3683 2309 3740 Servatur
2332 3725 2347 3748 ,
2381 3686 2435 3739 in
2473 3684 2641 3752 ipsius
2670 3697 2800 3736 vero
2829 3681 3055 3736 Joannis
3077 3680 3366 3748 Catholica
3395 3678 3614 3748 Episto-

2043 3781 2094 3835 la
2122 3782 2190 3848 ⁸⁵,
2226 3782 2364 3835 Deus
2387 3781 2476 3834 lux
2510 3793 2630 3834 esse
2660 3778 2880 3841 dicitur,
2913 3776 3052 3829 alius
3078 3775 3294 3845 quidem
3326 3774 3610 3828 existimat

2041 3873 2206 3927 etiam
2233 3873 2359 3927 hinc
2391 3872 2569 3942 colligi
2599 3911 2614 3936 ,
2656 3871 2870 3925 Patrem
2903 3885 2932 3922 a
2973 3867 3114 3922 Filio
3144 3867 3448 3922 substantia
3497 3881 3605 3920 non

2035 3965 2274 4020 dill'erre.
2307 3964 2409 4032 Qui
2450 3979 2580 4018 vero
2611 3974 2666 4019 et
2713 3961 3028 4032 diligentius
3069 3959 3376 4015 observarit
3420 3969 3477 4015 et
3524 3974 3612 4013 re-

2039 4059 2178 4114 ctius
2226 4057 2437 4111 locutus
2483 4054 2666 4119 fuerit,
2697 4055 2840 4108 dicet
2867 4070 2972 4107 non
3006 4053 3144 4106 idem
3181 4067 3320 4116 esse,
3373 4050 3463 4105 lux
3493 4067 3616 4120 qua:

2034 4151 2088 4203 iu
2121 4147 2360 4202 tenebris
2394 4147 2610 4212 luceat,
2644 4146 2710 4199 ab
2738 4144 2846 4198 illis
2883 4159 2989 4197 non
3015 4143 3383 4212 apprehensa,
3418 4149 3473 4193 et
3516 4139 3607 4193 lux

2034 4241 2089 4294 in
2123 4257 2228 4309 qua
2281 4239 2700 4307 haudquaquam
2754 4237 2865 4290 sint
2918 4236 3176 4289 tenebrae.
3229 4232 3506 4300 Siquidem
3543 4245 3609 4283 ea

2037 4333 2129 4388 lux
2157 4349 2276 4402 quae
2311 4333 2364 4386 in
2401 4331 2644 4386 tenebris
2675 4331 2818 4384 lucet
2847 4369 2862 4395 ,
2893 4337 3151 4398 tanquatn
3181 4325 3495 4397 supervenit
3527 4335 3609 4378 te-

2040 4425 2226 4480 nebris
2253 4443 2269 4491 ;
2309 4437 2542 4492 cumque
2575 4423 2642 4477 ab
2667 4423 2801 4490 ipsis
2823 4421 3250 4490 persecutionem
3275 4418 3609 4487 patitur,et,

2039 4523 2096 4569 ut
2119 4515 2192 4568 ita
2232 4517 2433 4579 dicam,
2471 4512 2684 4567 insidiis
2716 4513 2942 4581 petitur,
2969 4527 3074 4566 non
3106 4509 3606 4580 comprehenditur.

2035 4607 2106 4660 At
2140 4606 2231 4659 lux
2264 4605 2317 4660 in
2351 4621 2454 4675 qua
2490 4605 2650 4660 nulla:
2682 4613 2810 4660 sunt
2841 4605 3099 4666 tenebrze,
3133 4615 3312 4672 neque
3355 4601 3501 4654 lucet
3548 4601 3603 4654 iu

2037 4697 2295 4761 tenebris,
2339 4711 2514 4766 neque
2559 4697 2667 4751 ullo
2699 4696 2860 4750 modo
2889 4696 2959 4749 ab
2991 4693 3122 4762 ipsis
3165 4691 3601 4762 persecutionem

2033 4789 2261 4857 patitur,
2285 4799 2343 4844 ut
2364 4804 2464 4845 ceu
2496 4789 2724 4845 vincens
2748 4787 2962 4859 publice
2993 4785 3324 4850 declaretur,
3355 4783 3500 4854 quod
3534 4787 3604 4838 ab

1181 4912 1224 4944 σί
1261 4910 1392 4966 ibid.
1426 4910 1622 4980 ιιιξᾼ.
1705 4909 1749 4942 ⁶¹
1782 4909 1943 4980 Aggte

2069 4909 2153 4965 l5.
2235 4910 2280 4943 ⁸³
2311 4909 2542 4966 Malach.
2572 4925 2655 4976 ιιι,
2689 4910 2750 4976 1;
2786 4907 2978 4963 Matth.
3004 4922 3082 4974 ιι,
3116 4906 3220 4971 1ος
3259 4904 3428 4960 Marc.
3460 4918 3503 4969 ι,
3531 4901 3601 4962 2;

2032 5090 2094 5128 ac
2125 5074 2323 5128 Filium
2378 5087 2580 5144 negare
2632 5072 2722 5127 hic
2765 5065 3364 5144 Adamantiurn,__quod
3414 5065 3604 5144 multis

2033 5145 2150 5213 ipse
2185 5143 2384 5214 alioqui
2414 5136 2546 5198 locis
2579 5151 2766 5214 aperte
2787 5143 2975 5214 docet:
3010 5140 3103 5194 sed
3129 5136 3461 5214 Inliciari_ex
3497 5137 3600 5214 hoc

356 5232 516 5271 unum
577 5219 680 5270 hoc
736 5205 910 5272 fuisse
961 5205 1220 5288 exﬁejusv
1250 5217 1614 5288 dogmatibus,
1673 5215 1926 5270 homines
2030 5205 2233 5288 l6'co_id
2266 5205 2646 5288 colligiposse'.
2705 5211 3181 5288 Atlucem_tamen
3217 5223 3341 5288 quae
3371 5205 3598 5288 lucetjn

350 5299 572 5341 sanctos
609 5287 832 5353 angelos
858 5304 1000 5342 esse.
1041 5287 1307 5342 Hunnus.

422 5357 533 5427 (74)
565 5359 788 5425 Θρόνος
811 5357 921 5426 τὰρ
939 5360 1052 5413 οὐκ
1085 5354 1244 5424 εἶδος
1274 5354 1440 5427 ζώου,
1465 5363 1571 5427 etc.
1588 5353 1689 5427 ⁸Ει
1712 5355 1816 5415 hoc
1844 5354 1924 5410 lo-

2031 5285 2290 5348 tenebris,
2341 5277 2618 5351 Christum
2654 5297 2850 5351 nempe
2896 5279 2998 5351 qui
3027 5281 3079 5332 in
3131 5278 3392 5351 mundum
3427 5277 3598 5351 venit,

2027 5363 2080 5409 et
2108 5347 2356 5408 naturam
2384 5347 2672 5407 humanam
2706 5347 2898 5415 induit,
2927 5364 2955 5402 a
2986 5349 3102 5403 luce
3132 5349 3218 5402 illa
3247 5361 3368 5415 quae
3396 5360 3503 5399 non
3541 5349 3594 5402 iu

351 5415 530 5480 co'et"
563 5415 991 5497 praecedentibus
1031 5415 1238 5498 angelis
1284 5415 1374 5498 ει-
1401 5415 1919 5498 liominibus__unam
2030 5425 2266 5479 tenebris
2293 5424 2472 5498 l_ucet,_
2504 5423 2667 5498 Patre
2697 5419 2983 5498 videlicet,
3028 5425 3328 5498 δοροῖσι-ει
3371 5415 3598 5498 inferio-

353 5495 704 5564 eamdemque
757 5507 1010 5552 naturam
1080 5495 1294 5552 videtur
1341 5496 1612 5564 Origenes,
1655 5495 1916 5550 tribuere.

353 5637 724 5702 expendimus.
764 5636 840 5690 In.

425 5705 534 5777 (75)
577 5706 630 5758 '0
664 5707 780 5776 μέν
807 5725 896 5772 τις
919 5709 1124 5769 οἴεται,
1154 5715 1262 5763 etc.
1318 5704 1453 5759 llinc
1488 5716 1674 5756 ansam
1707 5702 1912 5777 calum-

357 5772 534 5831 niandi
569 5772 817 5843 Orikeuis
850 5779 1014 5845 arripi
1049 5779 1269 5830 minime
1315 5790 1470 5843 posse
1500 5782 1682 5845 monet
1717 5772 1909 5826 Ferra-

357 5849 504 5913 rius;
555 5865 662 5904 non
714 5849 856 5903 cnim
904 5843 1116 5904 l’atrcm
1163 5846 1394 5916 ejusdem
1445 5857 1566 5900 esse
1593 5843 1909 5899 substantiae

2024 5509 2136 5547 rem
2161 5494 2388 5559 statuit;
2424 5492 2501 5546 ait
2524 5493 2667 5547 enim
2694 5509 2709 5545 :
2743 5485 2813 5560 ᾯ
2839 5489 2896 5543 δὲ
2921 5487 3064 5556 λόγῳ
3084 5490 3113 5540 ό
3138 5485 3323 5606 Πατὶὸρ

2024 5563 2170 5606 Heinr
2199 5562 2332 5606 “sit:
2379 5562 2576 5606 πλείων
2603 5563 2719 5606 ἐστὶ
2748 5562 2840 5606 καὶ
2876 5556 3075 5606 μείζων
3098 5556 3132 5606 ἢ
3158 5555 3258 5606 ἀλή
3299 5571 3323 5605 ε

356 5562 520 5632 Hujus
550 5555 712 5635 super
751 5582 812 5619 ea
856 5584 912 5622 re
943 5567 1246 5622 doctrinam
1298 5567 1416 5621 l‘use
1440 5555 1522 5619 vin
1577 5563 1914 5634 Origenianis

2044 5564 2170 5628 leta;
2199 5562 2332 5635 Θεὸς
2376 5555 2576 5635 πλείων
2603 5563 2719 5635 ἐστὶ
2748 5555 2840 5614 καὶ
2861 5555 3224 5635 ’μείζωνῆμω

2020 5624 2206 5708 Πατῆρ
2235 5624 2323 5708 an
2336 5633 2527 5708 σοφίας
2553 5632 2822 5708 ⁸κρείττων
2855 5624 2971 5708 ἐστὶ
3000 5627 3094 5708 ira}
3119 5624 3389 5708 διαφέρων
3429 5626 3590 5708 ﬁnge-

2020 5704 2136 5772 φία,
2160 5693 2358 5774 ”τούτῳ
2398 5693 2654 5778 ὕπερέχει
2691 5700 2788 5778 τοῦ
2829 5694 2967 5778 εἶναι
3003 5693 3590 5778 φῶς.ἁληθινόν.ι.’νιι1ει

2017 5765 2071 5830 et
2099 5765 2217 5846 qua:
2240 5765 2706 5846 scq'uuntur."Sed
2740 5773 2805 5827 de
2835 5771 2919 5825 his
2947 5765 3387 5837 in’OriLeniauir.
3423 5765 3502 5821 ln.

3229 5485 3323 5606 τηῦρ
3346 5485 3445 5583 της
3471 5484 3598 5558 άλη-

3229 5556 3260 5624 ή
3299 5571 3384 5606 sta.
3443 5557 3537 5608 καὶ
3565 5559 3595 5610 ό
