4174 6414
533 379 638 436 155

1993 373 2318 434 ORIGENIS

3679 363 3777 418 156

530 496 663 566 ipsis
687 492 1139 566 persequentibus
1165 506 1270 548 non
1307 489 1379 546 sit
1408 489 1765 560 apprehensa.
1799 483 1986 542 Tertio
2017 485 2098 540 di-

2208 480 2280 552 τῷ
2323 479 2399 552 μὴ
2437 475 2948 550 καταλαμϐάνεσθαι
2974 475 3064 528 ὑπ’
3094 473 3266 544 αὐτῆς
3290 469 3610 542 διωκούσης.
3642 469 3779 543 Τρί-

530 592 677 644 citur
703 589 818 642 haec
841 587 952 650 lux,
981 603 1000 638 ι
1033 584 1126 639 lux
1153 597 1280 638 vera
1323 582 1389 634 “.
1431 601 1451 635 ι
1493 580 1610 648 Qua
1642 579 1895 649 portione
1917 586 2101 633 autem

532 680 696 734 Pater
732 678 1000 741 veritatis,
1046 673 1188 731 Deus
1225 673 1457 745 amplior
1501 684 1560 728 et
1605 673 1780 742 major
1814 680 1896 728 est
1937 685 2102 740 quam

531 771 768 837 veritas;
795 777 849 824 et
882 767 1045 822 Pater
1074 781 1197 821 cum
1219 765 1289 819 sit
1315 766 1619 834 sapientiae,
1648 764 1844 819 melior
1882 771 1938 817 et
1966 777 2104 830 pm-

531 862 764 915 stantior
813 869 897 914 est
923 857 1214 928 sapientia,
1253 856 1352 910 hac
1397 855 1560 910 etiam
1603 855 1855 924 portione
1883 859 2106 922 superat

532 954 707 1008 lucem
745 965 867 1006 esse
891 965 1099 1004 veram.
1147 947 1402 1017 Apertius
1439 957 1619 1002 autem
1661 945 1883 999 Patrem
1934 952 1989 997 et
2021 941 2106 997 Fi-

531 1047 664 1101 lium
689 1045 824 1100 duas
851 1042 1118 1098 exsistere
1143 1041 1292 1096 luces
1341 1057 1438 1110 per
1462 1041 1581 1095 hare
1606 1079 1622 1101 ,
1665 1056 1693 1092 a
1723 1038 1924 1092 Davide
1964 1039 2104 1093 scie—

534 1152 655 1192 mus
701 1136 909 1206 psalmo
954 1134 1147 1203 quinto
1190 1142 1246 1186 et
1295 1134 1576 1202 trigesimo
1604 1132 1671 1196 ‘7,
1705 1132 1918 1185 dicente
1949 1148 1962 1183 :
1993 1150 2010 1180 ι
2049 1130 2103 1183 In

533 1229 738 1283 lumine
789 1237 884 1282 tuo
925 1225 1231 1281 videbimus
1281 1225 1482 1279 lumen.
1536 1243 1555 1276 ι
1606 1223 1806 1277 Eadem
1840 1237 1975 1277 sane
2013 1221 2105 1275 lux

534 1319 816 1374 hominum
850 1317 902 1370 in
948 1315 1186 1372 tenebris
1219 1316 1402 1370 lucens
1425 1355 1440 1380 ,
1483 1333 1502 1367 ι
1541 1315 1630 1369 lux
1660 1328 1785 1366 vera
1814 1353 1830 1377 ,
1870 1331 1887 1363 I
1923 1313 1976 1366 in
2019 1327 2106 1366 se-

532 1409 829 1478 quentibus
857 1407 1135 1477 Evangelii
1171 1407 1257 1460 lux
1280 1421 1400 1460 esse
1438 1406 1620 1460 mundi
1646 1405 1866 1467 dicitur,
1893 1403 2108 1458 dicente

531 1502 660 1559 Jesu
691 1500 736 1533 ⁸⁸
764 1516 779 1555 :
809 1519 827 1551 ι
868 1499 978 1571 Ego
1014 1513 1134 1554 sum
1169 1499 1256 1551 lux
1286 1497 1495 1551 mundi.
1531 1516 1550 1549 ι
1579 1495 1760 1562 Quare
1790 1510 1964 1564 neque
2001 1496 2106 1550 hoc

533 1599 777 1646 sinamus
806 1605 911 1644 non
956 1591 1392 1644 animadversum
1425 1628 1440 1652 ,
1474 1601 1572 1641 cur
1597 1628 1611 1650 ,
1665 1601 1788 1640 cum
1839 1587 2108 1655 potuisset

533 1683 778 1737 scribere
808 1680 1000 1748 :Quod
1048 1681 1245 1734 factum
1282 1689 1364 1734 est
1414 1679 1467 1733 in
1502 1680 1620 1749 ipso
1651 1677 1743 1732 lux
1781 1689 1902 1732 erat
1932 1679 2108 1734 homi-

539 1788 695 1840 num,
723 1781 778 1828 et
805 1771 895 1826 lux
945 1772 1226 1826 hominum
1271 1772 1381 1824 vita
1411 1780 1550 1834 erat,
1590 1769 1922 1824 contrarium
1955 1772 2105 1825 fece-

532 1865 628 1931 rit,
680 1877 998 1934 pracponens
1066 1865 1232 1918 vitam
1281 1861 1393 1917 luci
1471 1861 1798 1924 hominum,
1856 1861 2107 1930 quamvis

533 1956 674 2010 idem
698 1955 770 2009 sit
805 1971 826 2006 ι
850 1953 959 2009 vita
985 1971 1004 2005 ι
1037 1962 1092 2009 et
1117 1971 1136 2006 ‹
1162 1953 1253 2007 lux
1278 1952 1558 2007 hominum
1586 1952 1653 2016 ",
1687 1970 1705 2004 ι
1725 1963 1783 2008 et
1813 1951 2104 2006 dicendum

532 2045 677 2114 quod
713 2046 766 2099 in
801 2045 886 2100 his
929 2045 1022 2114 qui
1067 2043 1362 2114 participes
1389 2054 1515 2098 sunt
1543 2044 1692 2108 vitae,
1723 2057 1843 2113 quae
1889 2053 1977 2098 est
2016 2043 2107 2098 lux

529 2137 835 2200 hominum,
871 2136 1103 2206 primum
1140 2137 1297 2191 nobis
1321 2145 1580 2191 occurrat
1604 2136 1753 2206 ipsos
1776 2137 1958 2192 vivere
1989 2136 2105 2190 vita

530 2226 694 2282 beata
741 2235 798 2284 et
841 2237 1000 2282 antea
1040 2229 1221 2292 dicta;
1271 2229 1467 2282 deinde
1507 2241 1602 2282 eos
1638 2227 1902 2282 illustrari
1937 2243 2108 2297 :sup-

529 2329 770 2390 ponatur
793 2321 939 2376 enim
964 2319 1149 2374 vivere
1174 2328 1422 2389 oportet,
1451 2328 1508 2372 ut
1539 2319 1729 2374 vivens
1774 2319 2108 2375 illuminatus

531 2411 669 2478 ﬁat;
716 2427 821 2468 nee
862 2426 1204 2484 consequens
1258 2411 1426 2468 fuisse
1471 2413 1762 2467 illuminari
1793 2429 1915 2468 eum
1945 2453 1962 2478 ,
2014 2415 2105 2484 qui

531 2503 770 2559 nondum
811 2505 1119 2560 intellectus
1163 2503 1356 2560 fuisset
1402 2506 1610 2571 vivere,
1655 2515 1712 2561 et
1756 2507 2105 2578 superinduci

531 2594 916 2651 illuminationi
947 2598 1122 2668 ipsum
1154 2597 1357 2652 vivere.
1393 2596 1654 2665 Quamvis
1683 2599 1829 2653 enim
1865 2599 2007 2654 idem
2036 2601 2108 2656 sit

537 2703 557 2737 ι
598 2685 706 2742 vita
735 2705 755 2738 ι
797 2696 852 2743 et
884 2707 904 2740 ι
931 2687 1022 2742 lux
1054 2687 1359 2752 hominum,
1387 2707 1406 2739 ι
1435 2689 1902 2745 considerationes
1925 2700 2106 2745 tamen

532 2779 826 2832 secundum
862 2777 1011 2833 aliud
1038 2787 1092 2834 et
1114 2779 1261 2832 aliud
1289 2788 1602 2832 sumuntur.
1645 2777 1772 2835 Haec
1803 2781 1987 2849 itaque
2014 2782 2106 2836 lux

533 2868 814 2923 hominum
856 2870 1054 2925 dicitur
1081 2872 1246 2924 etiam
1295 2869 1388 2923 lux
1427 2871 1671 2940 gentium
1701 2872 1840 2940 apud
1869 2874 2107 2943 prophe-

537 2971 650 3014 tam
685 2959 876 3016 lsaiam
906 2962 972 3026 ⁷ο,
1000 2961 1156 3031 juxta
1209 2959 1338 3015 illud
1372 2980 1386 3013 :
1427 2979 1445 3012 ι
1476 2960 1614 3014 Ecce
1639 2962 1792 3028 posui
1825 2973 1876 3016 te
1930 2965 1983 3016 in
2026 2973 2108 3018 te-

532 3062 861 3108 stamentum
912 3053 1018 3124 77
1047 3051 1301 3124 generis,
1346 3051 1398 3107 in
1447 3051 1624 3108 lucem
1653 3055 1894 3124 gentium
1934 3069 1951 3108 :
1988 3074 2007 3108 ι
2055 3065 2110 3110 et

535 3147 662 3200 huic
683 3145 786 3200 luci
815 3147 1052 3200 conlisus
1085 3146 1250 3201 David
1282 3147 1334 3201 in
1381 3158 1538 3202 sexto
1570 3155 1625 3202 et
1656 3148 1917 3218 vigesimo
1967 3149 2108 3218 psal-
2135 3183 2178 3240 ε

535 3241 627 3290 m‘o
647 3235 692 3266 "
720 3235 936 3305 inquit:
979 3253 998 3288 ι
1045 3237 1306 3294 Dominus
1333 3237 1661 3294 illuminatio
1701 3252 1822 3295 mea
1875 3248 1932 3296 et
1961 3239 2108 3296 salus

534 3343 673 3395 mea,
697 3344 857 3401 quem
894 3329 1137 3388 timebo?
1166 3353 1186 3386 ι

605 3491 693 3547 l9.
722 3490 870 3547 Sane
885 3491 952 3547 ad
969 3506 1063 3547 eos
1078 3493 1168 3563 qui
1194 3491 1402 3564 ﬁngunt
1419 3491 1724 3548 fabulosum
1740 3493 1808 3549 de
1819 3493 2037 3550 seculis
2054 3494 2108 3550 in

535 3583 1010 3654 conjugationibus
1032 3594 1419 3649 commentum,
1438 3596 1494 3641 et
1523 3586 1845 3642 existimant
1863 3602 1894 3641 a
1927 3597 2110 3644 mente

535 3684 592 3730 et
628 3675 860 3730 veritate
894 3690 1232 3743 sermonem,
1257 3680 1536 3748 vitamque
1560 3677 1674 3748 jam
1707 3685 1837 3733 ante
1875 3679 2111 3734 emissos

536 3775 591 3820 et
614 3767 912 3835 productos
948 3766 1142 3833 fuisse,
1174 3768 1320 3822 haud
1368 3769 1664 3824 absurdum
1695 3777 1778 3824 est
1817 3769 1947 3824 talia
1993 3785 2112 3825 mo-

536 3871 666 3911 vere
712 3857 897 3912 dubia.
933 3857 1217 3924 Quomodo
1251 3861 1396 3916 enim
1432 3862 1542 3917 vita
1594 3863 1889 3930 sermonis,
1920 3871 1978 3918 ut
2009 3863 2110 3933 ipsi

539 3948 783 4016 tradunt,
815 3949 1014 4020 conjux
1043 3964 1165 4006 esse
1193 3953 1360 4007 sumit
1391 3953 1444 4007 in
1479 3953 1677 4009 marito
1703 3953 1727 4007 ?
1753 3973 1773 4007 ι
1803 3954 1960 4021 Quod
1990 3955 2109 4010 fac-

537 4049 653 4094 tum
694 4050 779 4096 est
809 4061 829 4095 ›
868 4043 1038 4110 enim,
1081 4045 1277 4115 inquit,
1328 4063 1349 4096 ι
1383 4046 1437 4100 in
1469 4048 1590 4118 ipso
1629 4066 1648 4101 ι
1698 4047 1933 4119 (scilicet
1975 4065 2114 4119 pras-

537 4133 685 4187 dicto
707 4134 984 4203 sermone)
1022 4154 1040 4188 ι
1075 4137 1191 4191 vita
1227 4148 1346 4193 erat
1377 4140 1445 4194 ".
1485 4159 1504 4192 ι
1544 4138 1737 4195 Dicant
1777 4156 1907 4212 ergo
1957 4144 2113 4198 nobis

537 4227 809 4293 quomodo
828 4225 1026 4296 conqu
1046 4229 1318 4283 sermonis
1346 4228 1455 4283 vita
1482 4228 1622 4284 facta
1658 4231 1732 4286 sit
1755 4231 1808 4285 in
1835 4246 2112 4298 sermone,

2201 591 2293 626 τον
2339 567 2408 645 ἦν
2453 571 2515 624 τὺ
2569 569 2860 640 λεγόμενον
2891 566 3049 621 τοῦτο
3093 567 3155 620 τὸ
3188 565 3325 636 φῶς,
3380 583 3398 616 ι
3442 563 3560 632 φῶς
3595 564 3780 635 ἀληθι-

2203 667 2312 722 νόν.
2353 685 2371 718 ι
2397 659 2468 737 ’ᾩ
2499 664 2554 718 δὲ
2576 663 2721 733 λόγῳ
2747 663 2776 714 ό
2801 660 2992 732 Πατὴρ
3025 659 3125 728 τῆς
3151 657 3407 729 ἀληθείας
3425 655 3558 719 Θεὸς
3581 655 3780 708 πλείων

2204 757 2321 810 ἐστὶ
2358 755 2452 809 καὶ
2498 753 2698 826 μείζων
2747 751 2779 823 ἢ
2823 749 3050 822 ἀλήθεια
3087 748 3232 820 (76)’
3271 749 3366 802 καὶ
3405 750 3436 801 ὁ
3475 746 3665 818 Πατὴρ
3705 745 3780 799 ῶν

2205 847 2397 917 σοφίας
2430 845 2693 918 κρείττων
2738 844 2856 897 ἐστὶ
2893 841 2991 897 καὶ
3035 840 3309 911 διαφέρων
3354 839 3388 910 ἢ
3438 837 3599 908 σοφία
3644 837 3778 906 (77),

2202 938 2377 1008 τούτῳ
2409 937 2665 1007 ὑπερέχει
2687 935 2784 988 τοῦ
2815 929 2956 987 εἶναι
2985 932 3102 1002 φῶς
3134 930 3402 1002 ἀληθινόν.
3436 930 3783 1002 Παραστατι-

2205 1027 2443 1098 κώτερον
2474 1027 2531 1079 δὲ
2563 1025 2658 1079 δύο
2698 1025 2852 1094 φῶτα
2881 1024 2974 1078 τὸν
3007 1023 3229 1094 Πατέρα
3259 1021 3354 1074 καὶ
3381 1021 3474 1074 τὸν
3508 1021 3635 1074 Υἰδν
3671 1020 3782 1075 ἀπὸ

2204 1117 2298 1170 τοῦ
2327 1116 2490 1170 Δαυῗδ
2512 1115 2799 1186 τυγχάνειν
2829 1113 2917 1166 διά
2943 1112 3147 1165 τούτων
3184 1109 3463 1180 εἰσόμεθα,
3500 1111 3590 1163 ὅτε
3616 1111 3772 1181 φησὶι

2205 1209 2262 1261 ὲν
2294 1205 2598 1278 τριακοστῷ
2630 1205 2865 1276 πέμπτῳ
2887 1202 3088 1274 ψαλμῷ
3113 1219 3127 1233 θ
3177 1221 3196 1254 ι
3247 1203 3336 1255 Ἐν
3363 1202 3501 1272 φωτί
3530 1219 3622 1254 σου
3658 1200 3788 1271 ὀψό-

2209 1300 2347 1372 μεθα
2378 1299 2513 1369 φῶς.
2549 1319 2567 1350 ι
2594 1298 2772 1352 Ταύτὸ
2794 1297 2850 1350 δὲ
2882 1297 3013 1351 αὐτὸ
3035 1296 3096 1349 τὸ
3118 1295 3233 1365 φῶς
3258 1294 3366 1348 τῶν
3398 1293 3699 1366 ἀνθρώπων
3723 1292 3788 1348 τδ

2206 1394 2265 1445 έν
2307 1395 2374 1463 τῇ
2429 1390 2618 1462 σκοτίᾳ
2651 1393 2857 1460 φαῖνον,
2895 1408 2912 1440 ι
2954 1389 3015 1441 τὸ
3046 1388 3298 1459 ἀληθινὸν
3330 1386 3465 1458 φῶς,
3509 1406 3526 1439 ι
3574 1387 3631 1439 ἐν
3670 1387 3785 1449 τοῖς

2205 1483 2332 1554 ἑξῆς
2365 1483 2457 1536 τοῦ
2490 1481 2819 1551 Εὑαγγελίου
2854 1481 2968 1549 φῶς
2995 1479 3087 1534 τοῦ
3131 1479 3336 1550 κόσμου
3371 1478 3784 1548 ἀναγορεύεται,

2207 1576 2508 1644 φάσκοντος
2550 1573 2745 1645 Ἰησοῦ·
2781 1593 2800 1624 ι
2843 1571 2984 1640 Ἐγὼ
3007 1573 3123 1642 εἰμι
3149 1571 3210 1624 τὸ
3237 1571 3354 1640 φῶς
3377 1570 3470 1624 τοῦ
3498 1571 3728 1641 κόσμου.

2207 1667 2341 1720 Οὐδὲ
2372 1666 2530 1719 τοὶτο
2553 1667 2610 1720 δὲ
2638 1665 3097 1736 ἀπαρασήμαντον
3130 1663 3400 1734 ἐάσωμεν,
3438 1664 3542 1726 ὅτι,
3572 1663 3762 1733 ὲνδεχο

2211 1757 2372 1828 μένου
2405 1756 2735 1829 γεγράφθαν
2779 1758 2844 1809 Ὃ
2873 1756 3094 1824 γέγονεν
3133 1755 3192 1806 ὲν
3235 1754 3384 1825 αὐτῷ
3427 1755 3543 1823 φῶς
3579 1750 3646 1826 ἦν
3677 1754 3788 1808 τῶν

2140 1831 2182 1886 Β
2208 1847 2530 1919 ἀνθρώπιον,
2585 1849 2680 1901 καὶ
2722 1847 2782 1900 τὸ
2816 1846 2930 1917 φῶς
2969 1848 3079 1900 τῶν
3126 1845 3427 1918 ἀνθρώπων
3459 1846 3572 1917 ζωὴ
3605 1842 3694 1916 ἦν,
3729 1846 3792 1898 τὺ

2207 1941 2474 2010 ἀνάπαλιν
2507 1940 2806 2011 πεποίηκε’
2865 1939 3160 2008 προτάσσει
3206 1939 3314 2010 γὰρ
3357 1938 3456 2010 τὴν
3489 1939 3634 2009 ζωὴν
3673 1938 3789 2008 (78)

2207 2030 2300 2085 τοῦ
2320 2031 2428 2084 τῶν
2445 2029 2746 2101 ἀνθρώπων
2767 2032 2966 2100 φωτὸς.
2989 2034 3038 2084 εἰ
3060 2033 3154 2085 καὶ
3186 2031 3382 2084 ταύτόν
3412 2033 3528 2083 ἐστι
3558 2031 3671 2102 ζωὴ
3695 2031 3793 2084 καὶ

2208 2121 2510 2194 ἀνθρώπων
2543 2121 2678 2192 φῶς,
2704 2123 2782 2194 τῷ
2811 2125 3164 2196 προαπαντᾷν
3191 2125 3338 2193 ἡμᾶς
3367 2123 3459 2174 ἐπὶ
3485 2122 3592 2174 τῶν
3632 2139 3795 2192 μετε-

2208 2215 2410 2286 χόντων
2436 2215 2534 2286 τῆς
2568 2215 2712 2286 ζωῆς
2745 2216 3118 2286 τυγχανούσης
3151 2216 3244 2268 καὶ
3277 2215 3453 2284 φωτὸς
3487 2213 3794 2285 ἀνθρώπων

2207 2306 2268 2359 τὸ
2293 2309 2392 2378 ζῇν
2417 2307 2614 2370 αὐτοὺς
2640 2309 2738 2378 τὴν
2765 2307 3173 2379 προειρημένην
3200 2308 3350 2360 θείαν
3381 2305 3526 2378 ζωὴν
3556 2307 3706 2378 παρά
3731 2306 3796 2361 τὸ

2209 2400 2576 2468 πεφωτίσθαιο
2605 2399 2924 2452 ὑποκεῖσθαι
2954 2400 3063 2471 γὰρ
3091 2400 3252 2452 δεῖτὸ
3278 2397 3396 2470 ζῇν,
3423 2401 3489 2452 ἵν’
3512 2402 3540 2453 ό
3561 2397 3670 2462 ζῶν
3694 2416 3796 2452 πε-

2209 2489 2548 2559 φωτισμένος
2580 2489 2829 2560 γένηται⁸
2864 2491 2964 2543 οὐκ
3003 2486 3073 2560 ἦν
3121 2489 3178 2542 δὲ
3209 2488 3502 2542 ἀκόλουθον
3552 2489 3796 2558 πεφωτί-

2211 2581 2335 2634 σθαι
2362 2580 2452 2633 τὸν
2483 2581 2707 2653 μηδέπω
2737 2582 2834 2652 ζῇν
2865 2581 3208 2652 νενοημένον.
3233 2582 3325 2633 καὶ
3347 2579 3682 2647 ἐπιγίνεσθαι
3712 2581 3794 2651 τῷ

2209 2671 2548 2742 πεφωτίσθαι
2571 2672 2631 2725 τὸ
2654 2670 2773 2742 ζῇν.
2796 2673 2860 2724 Εἰ
2881 2673 2988 2743 γὰρ
3011 2673 3104 2725 καὶ
3123 2672 3318 2725 ταύτόν
3338 2672 3484 2724 εστιν
3514 2691 3533 2722 ι
3569 2674 3601 2741 ή
3628 2670 3742 2741 ζωὴ
3770 2691 3788 2722 ι

2209 2763 2302 2816 καὶ
2352 2783 2370 2815 ι
2411 2763 2472 2816 τὸ
2499 2763 2615 2833 φῶς
2643 2763 2751 2816 τῶν
2783 2763 3103 2836 ἀνθρώπων,
3157 2783 3175 2816 ι
3212 2764 3325 2816 ἀλλ’
3358 2765 3417 2817 αῖ
3445 2781 3508 2832 γε
3555 2764 3794 2816 ἐπίνοιαι

2211 2854 2333 2908 καθ’
2367 2854 2553 2926 ἓτερον
2601 2855 2694 2908 καὶ
2725 2855 2911 2924 ἕτερον
2955 2854 3067 2925 (79)
3099 2855 3486 2926 λαμϐάνονται.
3527 2853 3697 2906 Τοῦτο
3736 2853 3794 2906 δὲ

2210 2947 2271 2999 τὸ
2297 2946 2413 3016 φῶς
2445 2947 2553 2999 τῶν
2581 2945 2886 3018 ἀνθρώπων
2917 2947 3010 2999 καὶ
3040 2945 3156 3015 φῶς
3179 2946 3347 2999 ἐθνῶν
3379 2945 3531 3016 παρά
3557 2945 3635 3016 τῷ
3665 2962 3796 3016 προ-

2212 3039 2359 3112 φήτῃ
2399 3039 2595 3108 Ἡσαΐᾳ
2619 3038 2835 3106 λέγεται
2861 3039 3001 3092 κατά
3025 3040 3104 3092 τό·
3145 3057 3163 3089 ι
3213 3039 3343 3092 Ἰδοὺ
3374 3037 3593 3092 τέθεικά
3624 3054 3682 3090 σε
3712 3039 3793 3102 εἰς

2212 3130 2478 3200 διαθήκην
2523 3129 2747 3198 γένους,
2787 3131 2866 3193 εἰς
2915 3129 3032 3199 φῶς
3084 3129 3286 3183 ἐθνῶν·
3332 3150 3350 3181 ι
3383 3130 3478 3183 καὶ
3511 3129 3684 3199 τούτῳ
3713 3129 3796 3200 τῷ

2211 3223 2351 3294 φωτί
2368 3221 2642 3286 πεποιθὼς
2658 3222 2686 3274 6
2710 3222 2871 3276 Δαυῖδ
2887 3239 3051 3294 φησιν
3077 3223 3134 3276 ὲν
3157 3221 3386 3292 εἰκοστῷ
3406 3221 3550 3292 ’ἐκτῳ
3566 3221 3791 3292 (papr-

2215 3334 2234 3367 ι
2277 3313 2479 3385 Κύριος
2509 3313 2787 3386 φωτισμός
2820 3331 2943 3385 μου,
2975 3313 3070 3367 καὶ
3098 3314 3283 3386 σωτήρ
3316 3331 3439 3385 μου,
3473 3313 3595 3367 τίνα
3624 3314 3797 3388 φοϐη-

2212 3407 2448 3478 θήσομαι
2470 3423 2485 3471 ;
2535 3425 2554 3458 ι

2279 3499 2422 3570 Πρὸς
2455 3498 2512 3552 δὲ
2551 3498 2676 3562 τοὺς
2727 3498 2827 3569 τὴν
2875 3497 3003 3568 περὶ
3044 3494 3256 3550 αἰώνων
3299 3496 3406 3566 (80)
3455 3496 3801 3551 ἀναπλάσαν-

2209 3608 2310 3652 τας
2337 3592 2394 3643 ὲν
2434 3587 2716 3657 συζυγίαις
2753 3587 3098 3660 μυθολογίαν,
3127 3587 3221 3640 καὶ
3251 3587 3525 3658 οἰομένους
3562 3587 3667 3641 ὑπὸ
3701 3586 3797 3641 νοῦ

2210 3682 2306 3737 καὶ
2355 3680 2610 3752 ἀληθείας
2657 3679 3053 3752 προϐεϐλῆσθαι
3111 3678 3268 3746 λόγον
3322 3679 3417 3732 καὶ
3480 3677 3648 3751 ζωὴν,
3694 3681 3798 3732 οὐκ

2211 3775 2474 3830 ἀπίθανον
2506 3774 2599 3828 καὶ
2627 3772 2800 3827 ταῦτα
2829 3770 3128 3842 ἀπορῆσαι.
3175 3771 3298 3836 Πῶς
3329 3773 3439 3842 γὰρ
3474 3773 3508 3842 ἠ
3543 3772 3664 3824 κατ’
3698 3773 3798 3825 αὑ-

2212 3869 2339 3932 τοὺς
2381 3868 2612 3936 σύζυγος
2639 3866 2732 3920 τοῦ
2761 3865 2920 3932 λόγου
2963 3863 3077 3934 ζωὴ
3103 3863 3164 3916 τὸ
3191 3863 3470 3933 γεγονέναι
3497 3865 3554 3915 ὲν
3581 3862 3659 3933 τῷ
3699 3879 3796 3916 συ-

2213 3960 2363 4032 ζύγῳ
2413 3959 2717 4030 λαμϐάνει;
2768 3978 2786 4009 ι
2843 3961 2907 4011 ὐ
2949 3958 3141 4027 γέγονε
3191 3975 3210 4008 ι
3254 3956 3383 4026 γὰρ,
3431 3955 3616 4026 φησιν,
3676 3973 3696 4005 ι
3737 3957 3798 4007 ὲν

2212 4053 2363 4124 αὑτῷ
2393 4074 2410 4103 ι
2437 4051 2701 4123 (δηλονότι
2725 4050 2804 4122 τῷ
2835 4049 3220 4123 προειρημένῳ
3247 4047 3422 4118 λόγῳ)
3460 4065 3478 4098 ι
3511 4045 3624 4118 ζωὴ
3648 4042 3737 4127 ἦν.
3772 4065 3792 4098 ι

2213 4143 2539 4211 Δεγέτωσαν
2566 4138 2658 4194 οὖν
2693 4143 2824 4212 ἡμῖν
2863 4141 2980 4203 πῶς
3015 4142 3048 4211 ἡ
3098 4139 3330 4207 σύζυγος
3361 4137 3454 4192 τοῦ
3486 4137 3646 4206 λόγου
3681 4135 3798 4209 ξωὴ

2213 4235 2434 4304 γέγονεν
2467 4235 2526 4286 ὲν
2566 4231 2642 4302 τῷ
2685 4232 2848 4302 λόγῳ,
2900 4234 2994 4285 καὶ
3033 4232 3149 4296 πῶς
3193 4230 3390 4301 μᾶλλον
3422 4229 3516 4283 τοῦ
3551 4230 3710 4298 λόγου
3758 4231 3794 4302 ή

540 4327 600 4373 et
633 4318 906 4387 quomodo
946 4320 1059 4388 ipsa
1111 4319 1217 4374 vita
1263 4320 1445 4390 potius
1471 4335 1636 4390 quam
1681 4336 1862 4377 sermo
1909 4322 1998 4376 lux
2041 4323 2109 4378 sit

2216 4324 2330 4396 ζωὴ
2365 4324 2480 4393 φῶς
2510 4326 2625 4377 ἐστι
2655 4322 2765 4376 τῶν
2799 4322 3122 4394 ἀνθρώπων.
3154 4323 3316 4387 Εἰκὸς
3347 4323 3403 4375 δὲ
3434 4323 3561 4386 τοὺς
3593 4323 3800 4391 εὐγνω-

539 4409 840 4466 hominum.
868 4411 1067 4468 Verum
1105 4412 1384 4467 enimvero
1428 4413 1712 4483 probabile
1764 4422 1868 4481 est,
1905 4424 1963 4468 ut
2006 4413 2109 4468 viri

2220 4415 2576 4487 μονεστέρους
2644 4415 2702 4468 ὲν
2765 4416 2882 4478 ταῖς
2950 4413 3238 4485 ζητήσεσιν
3303 4413 3797 4485 ἀνατρεπομένους,

539 4501 764 4558 meliore
807 4512 986 4558 mente
1016 4504 1258 4574 praediti,
1309 4505 1400 4574 qui
1447 4505 1838 4574 quaestionibus
1886 4521 2105 4576 permo-

2217 4507 2523 4578 πληγέντας
2550 4505 2655 4559 ὑπὸ
2683 4504 2776 4558 τοῦ
2807 4506 3233 4577 ὲπαπορήματος
3259 4506 3369 4578 (8|)
3399 4507 3799 4577 ἀντερωτήσειν

536 4605 730 4650 ventur
783 4595 1125 4652 dubitatione
1161 4598 1264 4651 hac
1309 4598 1566 4669 perculsi,
1617 4613 1684 4653 ex
1738 4598 1970 4654 adverso
2009 4615 2106 4655 uos

2216 4601 2386 4671 ἡμᾶς,
2413 4601 2505 4653 καὶ
2534 4599 2728 4662 αὐτοὺς
2761 4597 3130 4670 θλιϐομένους,
3176 4598 3271 4652 ὲάν
3316 4599 3391 4670 μὴ
3423 4597 3674 4669 εὕρωμεν
3711 4599 3800 4651 αἰ-

537 4687 900 4759 interrogent,
952 4699 1309 4760 urgeantque,
1359 4690 1413 4745 ni
1469 4691 1840 4747 invenerimus
1887 4707 2109 4747 causam

2215 4693 2356 4759 τίαν,
2385 4694 2452 4748 δι’
2479 4694 2546 4764 ήν
2593 4693 2715 4763 οὐχὶ
2749 4692 2906 4760 λόγος
2942 4691 3157 4763 εἴρηται
3184 4692 3246 4745 τὸ
3291 4692 3405 4762 φῶς
3446 4692 3559 4745 τῶν
3585 4689 3798 4762 ἀνθρὼ-

536 4795 635 4851 per
667 4797 832 4851 quam
864 4797 1045 4837 sermo
1087 4798 1196 4838 non
1229 4784 1300 4839 sit
1342 4785 1525 4840 dictus
1554 4784 1646 4838 lux
1682 4785 1983 4848 hominum,
2017 4784 2112 4837 sed

537 4878 645 4932 vita
671 4893 792 4947 qua:
823 4879 964 4933 facta
1008 4889 1091 4934 est
1130 4879 1183 4933 in
1221 4894 1472 4936 sermone
1515 4879 1637 4948 ipso
1675 4897 1690 4945 ;
1726 4877 1924 4947 quibus
1986 4877 2110 4932 talia

537 4969 1034 5038 respondebimus:
1062 4971 1228 5026 vitam
1273 4976 1376 5028 hoc
1423 4973 1476 5026 in
1504 4971 1625 5026 loco
1655 4986 1760 5026 non
1792 4985 1912 5025 eam
1947 4969 2109 5025 intel-

537 5059 626 5130 ligi
659 5076 820 5132 quam
847 5063 1216 5118 communiter
1256 5067 1586 5138 participant
1606 5076 1661 5122 et
1685 5065 1917 5120 rationis
1945 5080 2110 5136 capa-

2217 4802 2354 4849 πων,
2416 4785 2529 4839 ἀλλ’
2563 4786 2596 4855 ή
2638 4783 2901 4854 γενομένη
2945 4783 3005 4835 ὲν
3043 4781 3121 4852 τῷ
3169 4782 3311 4852 λόγῳ
3354 4783 3496 4854 ζωήο
3537 4782 3672 4855 πρὸς
3703 4781 3798 4846 οὓς

2215 4876 2442 4933 τοιαῦτα
2492 4874 2966 4948 ἀποκρινούμεθαο
3017 4875 3139 4927 Ὀτι
3188 4872 3302 4946 ζωὴ
3348 4875 3580 4928 ἐνταῦθα
3630 4877 3727 4946 οὐχ
3760 4878 3794 4946 ἡ

2218 4967 2371 5040 κοινὴ
2411 4965 2644 5036 λογικῶν
2675 4966 2767 5019 καὶ
2801 4963 3011 5031 ἀλόγων
3052 4961 3292 5030 λέγεται,
3327 4962 3440 5016 ἀλλ’
3474 4965 3508 5034 ή
3558 4965 3797 5032 ἐπιγινο-

2219 5062 2356 5133 μένη
2383 5060 2460 5131 τῷ
2493 5061 2552 5112 ὲν
2584 5059 2716 5129 ἡμῖν
2742 5052 3222 5126 συμπληρουμένῳ
3250 5053 3394 5125 λόγῳ
3418 5055 3518 5124 τῆς
3562 5053 3796 5125 μετοχῆς

611 5154 657 5186 ⁸⁸
679 5151 838 5210 Joan.
873 5172 914 5224 ι,
941 5156 996 5212 9.
1070 5157 1112 5189 ⁸⁷
1142 5157 1298 5216 Vers.
1329 5161 1417 5218 10.
1493 5160 1538 5192 ⁸⁸
1568 5159 1700 5216 ibid.
1731 5174 1849 5224 vm,
1876 5158 1964 5215 12.
2026 5154 2109 5212 ⁸³]

2208 5175 2246 5212 i.
2277 5173 2317 5223 i,
2345 5156 2400 5210 4.
2464 5153 2510 5185 το
2537 5152 2669 5221 Cap.
2698 5163 2830 5212 xui,
2856 5161 3001 5202 vers.
3031 5143 3088 5201 6.
3163 5146 3206 5176 ⁷¹
3241 5142 3395 5201 Vers.
3434 5149 3480 5200 Ι.
3560 5146 3604 5177 ⁷¹
3635 5144 3793 5200 Joau.

539 5241 579 5292 ι,
606 5226 660 5290 3,
686 5225 742 5280 4.

608 5317 720 5390 (76)
747 5315 1037 5390 Μείζωνᾼῆ
1067 5293 1362 5390 ἀλήθεια-ξ
1406 5317 1500 5390 Sic
1531 5315 1722 5390 codex
1766 5315 2114 5382 Bodleianus,

542 5387 723 5455 recte;
760 5391 932 5443 codex
961 5387 1182 5460 Regius,
1216 5387 1418 5461 μείζων
1446 5387 1696 5459 ἀλήθεια.

613 5479 726 5550 (77)
757 5478 1058 5549 Διαφέρων
1082 5479 1363 5550 ἣ-σοφία.
1415 5479 1492 5534 Ita
1537 5479 1706 5534 codex
1755 5476 2117 5543 Bodleianus;

544 5545 766 5620 Regius,
793 5545 1091 5622 διαφέρων,
1186 5545 1369 5620 σοφία.

618 5641 731 5712 (78)
759 5642 929 5710 Ζωήν
984 5645 1135 5697 deest
1177 5643 1231 5697 in
1280 5641 1522 5697 editione
1555 5639 1844 5707 Huetiana,
1889 5641 1984 5696 sed
2026 5654 2124 5696 ex-

551 5719 660 5765 stat
692 5713 744 5777 i_n
769 5716 929 5768 codd.
962 5712 1259 5769 Bodleiano
1285 5723 1339 5768 et
1368 5712 1687 5768 Bariierino.

620 5801 732 5875 (79)
767 5803 877 5858 Kal
907 5802 1128 5872 ἕτερον.
1172 5804 1288 5861 Non
1326 5817 1601 5878 comparet
1630 5805 1684 5861 in
1711 5805 1947 5863 editione
1980 5803 2122 5860 lluc—

2219 5312 2386 5374 tiana,
2408 5309 2500 5364 sed
2527 5309 2833 5364 restituitur
2854 5323 2885 5363 e
2908 5307 3063 5362 codd.
3084 5307 3378 5362 Bodleiano
3406 5317 3459 5362 et
3476 5307 3793 5363 Barberino.

2287 5380 2400 5454 (80)
2438 5378 2588 5448 Πρὸς
2630 5378 2700 5432 δὲ
2732 5378 2874 5445 τοὺς
2919 5377 3035 5447 τὴν
3079 5379 3212 5446 περί
3243 5379 3633 5454 αιάηςωνηςω.
3685 5377 3794 5454 Va:

2216 5449 2542 5520 leutiuianos
2590 5464 2906 5520 eorumque
2935 5462 3323 5520 consectaneos
3378 5449 3658 5520 intellige,
3704 5449 3794 5517 qui

2220 5525 2334 5578 hanc
2385 5519 2622 5576 Eonum
2682 5517 3065 5591 τερατεύματα
3113 5535 3148 5591 _e
3199 5519 3494 5573 Piatonicis
3558 5517 3695 5591 ideis
3741 5527 3798 5572 et

2221 5603 2505 5660 poetarum
2543 5589 2849 5647 Graecorum
2892 5589 3158 5661 theologia
3203 5591 3603 5644 conﬁnxerunt.
3653 5589 3796 5646 Hus-

2224 5678 2365 5718 'I'IUS.

2447 5727 2946 5803 Ἐπαπορήματος.
2976 5727 3069 5784 Sic
3099 5729 3270 5786 codex
3303 5728 3654 5796 Bodleianus;
3687 5728 3787 5785 edi-

2229 5801 2313 5860 tio
2340 5801 2622 5870 iluctiauu,
2657 5801 3104 5874 ὑπαπορήματος.
