4174 6454
357 409 461 463 157

1463 405 1819 466 COMMENT.
1857 406 1928 462 ΙΝ
1957 405 2155 463 ιοΑΝ.
2183 402 2424 462 TOMUS
2445 402 2511 458 ll.

3522 391 3623 449 158

351 520 460 576 ἀπὸ
489 518 582 574 τοῦ
615 520 832 592 πρώτου
867 520 1284 596 λαμϐανομένης
1311 521 1471 592 λόγου
1491 539 1507 556 ·
1539 523 1634 577 καὶ
1667 522 1807 578 κατὰ
1837 521 1914 594 μὲ·

2040 537 2133 579 ces
2161 531 2218 578 et
2261 523 2444 582 bruta.
2493 517 2588 574 sed
2631 530 2753 574 eam
2788 530 2908 588 quae
2936 517 3220 588 completa:
3249 517 3303 571 in
3333 517 3490 573 nobis
3529 534 3616 572 ra-

350 610 411 662 τδ
441 610 862 682 ἀποστραφῆναι
895 612 1291 684 τὴν⁶δοκοῦσαν
1336 612 1501 684 ζωὴν,
1542 613 1644 667 οὐκ
1683 609 1849 668 οὖσαν
1878 612 1935 666 δὲ

350 704 587 777 ἀληθῶς,
619 705 713 758 καὶ
745 706 931 760 ποθεῖν
964 709 1209 780 χωρῆσαι
1241 707 1340 778 τὴν
1363 706 1578 779 άληθῶς
1607 705 1751 778 ζωὴν
1783 706 1936 778 πρῶ-

349 814 439 849 τον
493 798 855 870 κοινωνοῦμεν
906 801 1066 871 αὐτῇ,
1099 800 1222 871 ἥτις
1267 799 1534 870 γενομένη
1580 799 1640 852 ἐν
1673 800 1806 870 ἡμῖν
1839 799 1936 852 καὶ

349 889 526 956 φωτὸς
556 887 811 958 γνώσεως
852 891 1148 955 ὑπόστασις
1187 892 1419 960 γίνεται.
1458 891 1571 946 Καὶ
1615 889 1756 961 τάχα
1794 889 1932 962 αὕτη

348 981 381 1050 ἡ
415 979 702 1052 ζωὴ-παρ’
748 977 830 1046 οἷς
877 982 974 1054 μὲν
1009 984 1234 1055 δυνάμει
1279 985 1373 1037 καὶ⁴
1401 983 1501 1037 οὐκ
1537 983 1787 1056 ἐνεργείᾳ
1818 984 1935 1052 φῶς

348 1072 483 1136 ἐστι,
513 1075 626 1136 τοῖς
648 1073 716 1128 τὰ
758 1074 859 1144 τῆς
897 1066 1154 1144 γνώσεως
1188 1075 1464 1141 ἐξετάζειν
1508 1076 1582 1148 μὴ
1616 1075 1932 1147 φιλοτιμου-

351 1165 552 1234 μένοις,
581 1168 711 1237 παρ’
736 1167 942 1238 ἑτέροις
966 1167 1023 1221 δὲ
1049 1168 1144 1221 καὶ
1177 1169 1426 1241 ἐνεργείᾳ
1446 1168 1759 1240 γενομένοις
1793 1169 1928 1238 φῶς·

344 1259 500 1330 δῆλον
530 1261 609 1327 δὲ,
644 1262 724 1316 ὅτι
755 1263 884 1334 παρ’
925 1260 1006 1328 οἷς
1035 1263 1397 1336 κατορθοῦται
1426 1264 1486 1316 τὸ
1514 1264 1620 1317 ὑπὸ
1658 1263 1754 1317 τοῦ
1787 1262 1934 1316 Παύ-

344 1349 436 1404 λου
462 1354 958 1426 προστεταγμένον·
993 1374 1011 1407 ι
1045 1355 1282 1426 Ζηλοῦτε
1305 1355 1376 1409 τὰ
1403 1357 1716 1428 χαρίσματα
1745 1355 1930 1427 κρείτ-

343 1458 492 1505 τονα,
522 1461 542 1493 ι
582 1443 804 1514 μείζονα
845 1445 902 1498 δὲ
936 1446 1044 1500 τῶν
1087 1447 1448 1519 χαρισμάτων
1483 1446 1545 1500 τὸ
1583 1447 1678 1500 καὶ
1713 1447 1930 1501 πάντων

344 1537 789 1606 προτεταγμένον
806 1579 821 1602 ,
859 1538 1031 1606 ὅσπερ
1054 1538 1172 1590 ἐστὶ
1201 1537 1360 1606 λόγος
1394 1539 1615 1607 σοφίας·
1641 1537 1734 1592 xa‘t
1756 1535 1931 1608 τούτῳ

340 1619 533 1676 ἕπεται
578 1623 738 1694 λόγος
788 1625 1062 1695 γνώσεως.
1113 1626 1250 1698 Περὶ
1289 1627 1347 1680 δὲ
1391 1629 1491 1700 τῆς
1532 1627 1795 1698 διαφορᾶς
1833 1627 1930 1679 αὐ·-

338 1714 466 1780 τῶν,
497 1719 923 1790 παρακειμένων
959 1720 1208 1791 ἀλλήλοις
1245 1721 1356 1774 τῶν
1392 1719 1808 1792 σημαινομένων
1842 1735 1930 1772 σο-

340 1805 468 1876 φίας
493 1811 592 1863 καὶ
611 1809 886 1879 γνώσεως,
909 1811 969 1865 οὐ
1003 1811 1098 1866 τοῦ
1128 1812 1395 1885 παρόντος
1427 1812 1574 1865 ἐστὶν
1603 1813 1780 1865 εἰπεῖν
1807 1827 1930 1864 και-

341 1915 454 1970 ρου.

2039 615 2175 672 tioni
2226 611 2578 682 supervenit,
2631 619 2848 680 sumpta
2901 611 3326 680 participatione
3371 610 3480 664 άπὸ
3517 611 3615 665 τοῦ

2037 707 2253 780 πρώτου
2288 705 2448 775 λόγου
2497 703 2633 776 μιοο
2670 709 2754 757 est
2787 716 2817 755 a
2864 702 3077 758 ratione
3111 701 3333 774 prima],
3372 702 3529 770 cuius
3561 703 3614 757 in

2035 799 2231 871 primis
2268 797 2394 852 vita
2446 794 2744 867 participes
2784 790 3073 861 efficimur,
3115 802 3173 848 ut
3207 795 3276 848 ab
3316 804 3617 864 appareute

2035 903 2138 944 nec
2185 903 2316 943 vere
2365 887 2665 942 exsistente
2701 883 2810 937 vita
2859 883 3215 952 abducamur,
3257 885 3423 938 vitam
3467 885 3614 941 illam

2035 995 2166 1037 vere
2193 979 2553 1034 exsistentem
2583 988 2779 1044 capere
2803 975 3201 1041 desiderantes,
3228 992 3334 1047 qua
3357 989 3613 1049 percepta

2035 1090 2161 1130 mox
2195 1075 2250 1128 in
2279 1073 2440 1129 nobis
2470 1070 2602 1128 oriri
2633 1070 2800 1125 etiam
2826 1067 3058 1125 dicimus
3086 1070 3498 1126 fundamentum
3531 1072 3613 1127 lu-

2033 1167 2115 1222 cis
2159 1163 2509 1235 cognitionis.
2565 1161 2631 1216 Et
2681 1159 2932 1215 fortassis
2977 1159 3091 1228 ipsa
3139 1161 3258 1215 haec
3301 1165 3413 1215 vita
3445 1175 3614 1232 penes

2033 1255 2296 1326 quosdam
2359 1255 2577 1325 quidem
2627 1255 2897 1324 potentia,
2953 1269 3063 1309 non
3115 1265 3261 1318 actu,
3318 1253 3409 1308 lux
3477 1263 3612 1318 est;

2031 1363 2229 1418 nempe
2251 1363 2418 1417 penes
2460 1362 2558 1403 eos
2596 1349 2688 1416 qui
2731 1347 2955 1402 minime
2984 1361 3108 1418 qua:
3146 1348 3214 1401 ad
3243 1346 3612 1417 cognitionem

2041 1442 2322 1511 pertinent
2378 1440 2660 1510 inquirere
2703 1439 3043 1496 contendunt
3089 1456 3107 1507 ;
3160 1438 3304 1508 apud
3342 1437 3612 1508 quosdam

2030 1547 2164 1589 vero
2193 1541 2320 1588 actu
2351 1531 2518 1587 etiam
2549 1530 2726 1588 factos
2773 1532 2887 1602 jam
2925 1532 3103 1588 lucem
3133 1546 3150 1597 ;
3190 1545 3329 1601 quos
3356 1544 3453 1584 eos
3487 1542 3614 1583 esse

2030 1626 2374 1697 perspicuum
2411 1633 2496 1681 est
2523 1625 2616 1694 qui
2640 1624 2792 1680 Pauli
2815 1632 3145 1696 praceptum
3169 1638 3293 1678 cum
3323 1622 3481 1676 laude
3510 1621 3613 1675 im-

2030 1719 2314 1790 pleverint,
2388 1717 2642 1773 nimirum
2697 1734 2712 1771 :
2767 1734 2788 1769 ι
2849 1715 3211 1772 ιΕηιυΙαιιιίηἰ
3269 1715 3607 1770 charismata

2034 1809 2249 1865 utiliora
2274 1810 2344 1876 ⁷³,
2379 1828 2396 1860 ι
2427 1809 2623 1879 quibus
2649 1806 3080 1862 charismatibus
3111 1806 3301 1861 utilius
3329 1804 3460 1859 illud
3501 1812 3608 1870 est,

1960 1879 2002 1938 Β
2029 1902 2173 1971 quod
2201 1901 2454 1954 omnibus
2487 1899 2651 1955 etiam
2689 1897 3051 1967 praeponitur,
3093 1909 3291 1965 nempe
3325 1893 3609 1964 sapientiae

337 2009 539 2058 sermo,
577 2010 740 2065 quem
788 2011 916 2051 mox
955 1997 1284 2068 cognitionis
1313 2011 1496 2053 sermo
1525 1996 1790 2065 sequitur.
1829 1994 1950 2051 Jatn
1993 2010 2124 2050 vero
2153 1993 2284 2062 quid
2324 1991 2579 2047 diﬂ'erant
2608 1991 2751 2044 inter
2780 2002 2840 2044 se
2865 1987 3150 2058 sapientia:
3189 1995 3243 2044 et
3284 1985 3613 2057 cognitionis

337 2084 642 2156 significata
693 2087 809 2155 ipsa
865 2097 1053 2142 mutuo
1103 2088 1244 2141 inter
1273 2103 1338 2150 se
1375 2086 1594 2150 collata,
1636 2102 1743 2140 non
1793 2095 1880 2140 est
1918 2085 2202 2154 praesentis
2238 2084 2496 2153 temporis
2525 2083 2828 2138 disserere.

401 2180 493 2234 20.
523 2180 630 2233 Kal
661 2179 729 2232 τὸ
761 2179 886 2249 φῶς
910 2181 979 2232 ἑν
1004 2177 1080 2247 τῇ
1105 2181 1317 2244 σκοτίᾳ
1343 2178 1560 2246 φαίνει,
1583 2176 1682 2229 καὶ
1707 2177 1745 2244 ἠ
1776 2191 1914 2228 σκο-

336 2271 428 2325 τία
452 2269 602 2325 αὐτὸ
627 2273 700 2326 οὐ
739 2270 1085 2324 κατέλαϐεν.
1119 2271 1236 2323 Ἔτι
1267 2270 1395 2340 περὶ
1430 2267 1524 2321 τοῦ
1553 2267 1661 2320 τῶν
1699 2267 1913 2338 ἀνθρώ-

335 2379 469 2430 πων,
497 2363 623 2415 ἐπεὶ
645 2362 1029 2433 προτέτακται,
1057 2359 1326 2432 ζητοῦμεν
1358 2359 1554 2428 φωτὸς,
1589 2354 1742 2430 οἶμαι
1767 2358 1812 2411 δ’
1833 2360 1914 2412 ὅτι

335 2457 428 2510 καὶ
453 2454 548 2508 τοῦ
572 2453 819 2508 ἐναντίου
841 2454 1002 2507 καλου
1012 2453 1173 2522 μένου
1201 2452 1439 2515 σκοτίας·
1465 2450 1530 2506 ἂν
1553 2451 1610 2504 δὲ
1637 2449 1747 2516 (82)
1771 2449 1914 2504 οὕτω

334 2536 751 2610 δοκιμασθείσης
798 2539 907 2593 τῶν
944 2539 1247 2610 ἀνθρώπων
1279 2541 1445 2612 φημὶ,
1481 2541 1560 2594 ὅτι
1595 2541 1737 2612 τάχα
1765 2558 1915 2610 γενι-

335 2629 424 2683 κόν
455 2633 573 2684 ἐστι
601 2631 663 2684 τὸ
694 2629 811 2700 φῶς
849 2629 959 2683 τῶν
987 2630 1290 2704 ἀνθρώπων
1321 2630 1414 2685 δύο
1441 2630 1623 2686 ίδικῶν
1656 2632 1917 2704 πραγμά-

333 2737 435 2774 των
455 2739 470 2751 ·
503 2722 707 2793 ὁμοίως
738 2721 796 2774 δὲ
829 2723 920 2775 καὶ
949 2725 981 2794 ἡ
1019 2724 1208 2777 σκοτία
1240 2723 1441 2780 αὐτῶν.
1475 2725 1630 2778 Ἐστι
1671 2718 1780 2796 γὰρ
1823 2725 1915 2779 τὸν

331 2813 388 2866 τὸ
417 2812 533 2884 φῶς
561 2813 672 2869 τῶν
701 2813 1005 2886 ἀνθρώπων
1038 2816 1395 2888 κεκτημένον,
1427 2818 1520 2872 κα)⁵
1553 2817 1913 2872 κοινωνοῦντα

329 2907 433 2960 τῶν
468 2907 655 2976 αὐγῶν
693 2906 883 2970 αὐτοῦ,
920 2907 1058 2978 ἔργα
1091 2909 1268 2978 φωτὸς
1319 2909 1587 2964 ἐπιτελεῖν
1620 2911 1715 2965 καὶ
1746 2910 1912 2978 γινώ-

329 3013 479 3050 σκειν
535 2995 910 3068 φωτιζόμενον
955 2996 1071 3067 φῶς
1116 2997 1405 3066 γνώσεως·
1438 2998 1501 3052 τὸ
1539 2998 1596 3052 δὲ
1648 2998 1914 3069 ἀνάλογον

327 3087 420 3141 καὶ
443 3089 508 3142 ἐκ
532 3088 643 3142 τῶν
671 3087 931 3143 ἐναντίων
959 3088 1197 3161 νοητέον,
1228 3088 1338 3143 τῶν
1362 3107 1422 3142 τε
1459 3089 1748 3161 μοχθηρῶν
1776 3090 1916 3162 πρά-

2098 2175 2188 2230 20.
2222 2173 2290 2228 Et
2319 2175 2416 2229 tua:
2443 2176 2495 2227 in
2524 2174 2754 2228 tenebris
2792 2173 2957 2239 lucet,
2998 2182 3051 2230 et
3090 2173 3318 2229 tenebrae
3356 2189 3473 2229 eam
3502 2191 3612 2234 non

2027 2268 2485 2338 apprehenderunt
2531 2267 2600 2322 7".
2649 2268 2846 2324 Adhuc
2887 2269 2954 2324 de
2983 2268 3266 2324 hominum
3297 2267 3441 2334 luce,
3471 2283 3610 2338 quo-

2027 2359 2170 2414 niam
2209 2361 2263 2413 in
2294 2358 2487 2413 ordine
2511 2359 2684 2428 prima
2715 2370 2822 2424 est,
2844 2359 3196 2430 inquirimus,
3225 2368 3390 2428 atque
3418 2363 3606 2428 etiam,

2024 2448 2241 2518 Opinor,
2272 2447 2338 2502 de
2363 2445 2478 2516 ejus
2516 2450 2816 2513 contrario,
2849 2462 3041 2517 nempe
3067 2447 3339 2512 tenebris,
3387 2449 3453 2504 de
3484 2449 3608 2516 qui-

2026 2541 2129 2596 bus
2192 2540 2428 2595 nondum
2477 2539 2887 2608 inquisivimus.
2950 2538 3028 2595 De
3081 2539 3366 2594 hominum
3425 2549 3605 2594 autem

2022 2630 2168 2697 luce,
2217 2631 2460 2701 inquam,
2501 2632 2758 2701 quoniam
2795 2630 3028 2686 fortasse
3069 2631 3160 2686 lux
3201 2631 3482 2686 hominum
3514 2647 3608 2702 ge-

2022 2740 2126 2780 nus
2171 2732 2257 2780 est
2300 2723 2533 2778 duarum
2588 2723 2912 2794 specialium
2970 2739 3153 2780 rerum
3195 2742 3212 2792 ;
3262 2734 3427 2794 atque
3482 2725 3598 2795 7s

2021 2817 2183 2872 etiam
2237 2815 2484 2870 similiter
2534 2815 2795 2870 tenebrze.
2857 2815 3142 2887 Contingit
3181 2816 3353 2881 enim,
3403 2825 3462 2870 ut
3505 2817 3600 2886 qui

2019 2909 2194 2965 lucem
2256 2909 2532 2962 hominum
2585 2908 2922 2978 possederit,
2972 2917 3028 2965 et
3081 2907 3433 2978 splendorum
3481 2908 3600 2977 ejus

2021 3002 2295 3072 particeps
2322 3001 2512 3065 fuerit,
2543 3013 2708 3070 opera
2744 2999 2884 3056 lucis
2907 3001 3187 3074 perficiat,
3210 3011 3266 3055 et
3301 2999 3604 3055 illustratus

2022 3094 2266 3150 scientiae.
2307 3093 2482 3148 lucem
2529 3103 2824 3163 cognoscat
2867 3112 2880 3148 :
2919 3092 3062 3148 idem
3111 3093 3228 3163 pari
3277 3094 3488 3148 ratione
3534 3108 3600 3148 ex

329 3181 460 3266 ξεων
485 3183 583 3236 καὶ
610 3182 710 3254 τῆς
741 3179 1104 3253 νομιζομένης
1140 3181 1414 3251 γνώσεως,
1447 3184 1546 3236 οὐκ
1579 3181 1746 3254 οὔσης
1775 3183 1914 3238 κατὰ

2019 3187 2306 3242 contrariis
2350 3187 2771 3242 existimandum
2822 3194 2932 3253 est,
2978 3187 3168 3256 pravis
3195 3186 3450 3242 videlicet
3495 3201 3598 3241 ac-

327 3265 621 3343 ἀΧήθειαν,
670 3272 762 3325 τὸν
794 3271 950 3342 λόγον
975 3273 1074 3344 τῆς
1116 3274 1337 3338 σκοτίας
1379 3274 1631 3345 ἐχόντων.
1673 3275 1784 3328 Καὶ
1830 3277 1913 3329 ὅτι

2019 3277 2278 3340 tionibus,
2318 3285 2373 3331 et
2401 3276 2634 3331 scientia
2679 3290 2802 3346 qua:
2850 3277 3112 3346 opinione
3147 3277 3369 3346 quidem
3402 3276 3482 3341 lit,
3516 3291 3605 3332 red

333 3365 429 3434 μὲν
482 3366 552 3419 τὰ
592 3365 873 3436 πρακτικὰ
908 3365 1023 3435 φῶς
1054 3369 1083 3420 ὁ
1117 3367 1261 3438 ἱερὸς
1305 3363 1414 3421 οἶδε
1461 3368 1640 3437 λόγος,
1677 3368 1840 3440 φησὶν
1884 3370 1914 3422 ὁ

339 3455 561 3520 Ἡσαΐας
582 3473 596 3486 ·
641 3475 660 3508 ι
697 3456 842 3510 Διότι
882 3458 998 3526 φῶς
1028 3458 1098 3512 τὰ
1134 3458 1534 3530 προστάγματά
1561 3477 1654 3512 σου
1687 3460 1779 3513 ἐπὶ
1811 3460 1913 3531 τῆς

326 3547 456 3618 γῆς·
493 3568 512 3600 ι
561 3549 660 3603 καὶ
691 3549 720 3602 ὁ
745 3548 908 3604 Δαυῖδ
940 3553 998 3603 ὲν
1033 3547 1104 3624 ιη’
1133 3551 1364 3623 ψαλμῷ·
1399 3571 1417 3604 ι
1476 3551 1542 3606 Ἦ
1572 3552 1762 3624 ἐντολὴ
1794 3555 1910 3607 Κυ-

327 3639 438 3710 ρίου
470 3640 770 3712 τηλαυγὴς,
806 3641 1118 3712 φωτίζουσα
1157 3641 1497 3714 ὀφθαλμούς·
1539 3663 1559 3697 ι
1594 3645 1677 3697 ὅτι
1705 3643 1763 3697 δὲ
1795 3643 1924 3713 φῶς⁹

323 3730 471 3803 παρὰ
498 3733 569 3787 τὰ
602 3734 1004 3806 προστάγματα
1039 3736 1134 3789 καὶ
1161 3734 1262 3798 τὰς
1299 3735 1521 3799 ἐντολάς
1549 3735 1666 3789 ἐστί
1692 3753 1744 3789 τι
1765 3737 1908 3806 γνὼ-

325 3835 458 3884 σεως
494 3820 651 3893 παρά
689 3838 795 3875 τινι
830 3821 938 3876 τῶν
980 3821 1202 3878 Δώδεκα
1256 3822 1524 3896 εὕρομεν·
1562 3844 1582 3877 ι
1638 3825 1908 3898 Σπείρατε

324 3910 532 3976 ἑαυτοῖς
555 3915 639 3976 είς
661 3913 1027 3985 δικαιοσύνην,
1049 3917 1358 3988 τρυγήσατε
1385 3919 1466 3981 εἰς
1495 3919 1708 3990 καρπὸν
1738 3918 1904 3990 ζωῆς,

323 4004 595 4071 φωτίσατε
642 4006 854 4071 ἑαυτοῖς
904 4007 1022 4076 φῶς
1067 4008 1337 4078 γνώσεως.
1400 4029 1418 4063 ι
1480 4011 1568 4076 Ὡς
1609 4011 1718 4083 γὰρ
1757 4011 1907 4077 ὄντος

321 4094 411 4147 καὶ
452 4097 643 4168 ἐτέρου
685 4097 864 4168 φωτὸς
897 4097 1049 4172 παρὰ
1091 4099 1192 4164 τὰς
1225 4100 1448 4166 ἐντολὰς
1481 4103 1582 4173 τῆς
1625 4102 1904 4173 γνώσεως,

321 4183 534 4256 λέγεται
581 4189 666 4253 τὸ,
714 4208 734 4240 ι
766 4189 1040 4244 Φωτίσατε
1074 4193 1289 4256 ἑαυτοῖς
1319 4192 1455 4263 φῶς,
1506 4215 1526 4246 ο
1573 4194 1671 4266 οὐχ
1717 4195 1907 4260 ἁπλῶς

321 4277 452 4346 φῶς,
488 4278 630 4332 ἀλλὰ
659 4281 812 4334 ποῖον
847 4281 996 4350 φῶς;
1031 4282 1113 4336 ὅτι
1154 4283 1216 4336 τὸ
1256 4283 1356 4354 τῆς
1387 4285 1660 4353 γνώσεως.
1693 4286 1757 4338 Εἰ
1795 4283 1903 4358 γὰρ

320 4372 428 4423 πᾶν
454 4373 594 4441 φῶς,
625 4372 654 4425 ὂ
689 4373 915 4442 φωτίζει
946 4373 1231 4447 ἄνθρωπος
1271 4375 1469 4446 ἐαυτῷ,
1506 4377 1623 4446 φῶς
1649 4376 1905 4446 γνώσεως

318 4454 404 4533 ἦν,
446 4463 626 4534 μάτην
661 4464 985 4535 προσέκειτο
1011 4466 1093 4534 τὸ,
1152 4485 1173 4518 ι
1225 4466 1500 4521 Φωτίσατε
1539 4469 1750 4532 ἑαυτοῖς
1785 4467 1904 4539 φῶς

2015 3383 2145 3422 vera
2177 3382 2286 3422 non
2323 3368 2403 3435 lit,
2445 3367 2714 3421 rationem
2763 3366 3094 3422 habentibus
3135 3368 3501 3423 tenebrarum.
3533 3367 3600 3422 Et

2013 3458 2159 3527 quod
2191 3456 2411 3527 quidem
2453 3471 2542 3512 res
2575 3457 2645 3510 ad
2676 3458 2945 3526 agendum
2986 3466 3146 3526 aptas
3195 3457 3374 3513 lucem
3419 3457 3598 3513 soleat

2014 3549 2301 3619 Scriptura
2333 3563 2495 3605 sacra
2523 3547 2730 3615 dicere,
2764 3549 2946 3619 inquit
2971 3547 3142 3605 Isaias
3162 3549 3252 3604 7':
3288 3566 3308 3602 ι
3342 3549 3422 3604 Εο
3449 3551 3597 3618 quod

2011 3643 2105 3696 lux
2155 3641 2267 3697 sint
2298 3643 2554 3698 mandata
2589 3654 2679 3698 tua
2711 3659 2876 3714 super
2910 3652 3136 3708 terram,
3173 3661 3192 3694 ι
3240 3652 3296 3697 et
3325 3641 3496 3697 David
3537 3644 3592 3698 in

2011 3735 2225 3792 decimo
2254 3745 2452 3791 octavo
2483 3735 2694 3806 psalmo
2720 3735 2768 3768 ⁷⁸
2799 3751 2813 3788 :
2852 3752 2874 3788 α
2909 3734 3222 3789 Mandatum
3261 3735 3472 3789 Domini
3511 3735 3595 3790 lu-

2009 3828 2191 3884 cidum
2245 3827 2567 3883 illuminans
2631 3828 2844 3883 oculos.
2909 3846 2929 3880 ι
3000 3826 3156 3894 Quod
3218 3841 3346 3882 vero
3397 3838 3594 3898 praeter

2009 3919 2269 3974 mandata
2295 3928 2352 3974 et
2378 3928 2650 3990 praecepta
2691 3917 2784 3972 lux
2817 3919 2888 3972 sit
2919 3919 3166 3987 quaedam
3203 3920 3464 3983 scientiae,
3503 3920 3590 3975 in-

2009 4010 2256 4065 venimus
2299 4011 2440 4079 apud
2465 4010 2754 4080 quemdam
2783 4025 2851 4064 ex
2882 4009 3170 4065 Duodecim
3201 4032 3212 4066 :
3251 4029 3270 4062 ι
3313 4010 3592 4068 Seminate

2007 4104 2162 4158 vobis
2184 4103 2312 4173 ipsis
2329 4103 2396 4158 ad
2413 4101 2709 4172 justitiam,
2729 4103 3060 4158 vindemiate
3079 4105 3146 4158 ad
3165 4105 3401 4158 fructum
3434 4106 3581 4171 vitae,

2009 4192 2318 4249 illuminate
2364 4194 2519 4249 vobis
2559 4193 2694 4264 ipsis
2736 4193 2918 4250 lucem
2971 4194 3213 4250 scientiae
3238 4195 3304 4249 ⁷⁷.
3338 4215 3358 4250 ι
3411 4196 3590 4252 Veluti

2005 4288 2150 4341 enim
2189 4287 2497 4342 exsistenle
2525 4286 2636 4340 alia
2668 4287 2788 4343 luce
2817 4287 3060 4342 scientiae
3081 4297 3278 4355 praeter
3306 4290 3587 4355 mandata,

2007 4379 2257 4435 dicitur:
2299 4396 2320 4431 ι
2355 4379 2664 4435 llluminate
2686 4381 2844 4437 vobis
2870 4381 2998 4451 ipsis
3029 4381 3228 4445 lucem,
3268 4399 3290 4435 ι
3326 4395 3431 4435 non
3455 4382 3589 4436 sim-

2008 4472 2226 4543 pliciter
2249 4471 2448 4539 lueem,
2473 4473 2568 4528 sed
2589 4473 2807 4543 qualem
2833 4473 2856 4527 ?
2883 4489 3079 4544 nempe
3107 4473 3285 4528 lucem
3316 4473 3582 4528 scientiae.

319 4551 590 4619 γνώσεως.
632 4573 651 4606 ι
690 4554 860 4610 Πάλιν
893 4555 976 4608 ὅτι
1016 4558 1050 4628 ἡ
1100 4555 1289 4609 σκοτία
1320 4557 1413 4610 ἐπὶ
1453 4557 1562 4612 τῶν
1611 4556 1901 4629 μοχθηρῶν

2016 4565 2140 4621 Nam
2170 4567 2214 4621 si
2244 4567 2451 4636 quaevis
2480 4565 2592 4629 lux,
2629 4580 2796 4635 quam
2831 4565 2935 4620 sibi
2965 4565 3128 4622 homo
3156 4564 3446 4627 illuminat,
3495 4565 3583 4618 lux

320 4643 493 4716 ἔργων
519 4645 1038 4717 παραλαμϐάνεται,
1087 4647 1329 4701 διδάσκει
1353 4649 1382 4701 ὁ
1408 4649 1569 4714 αὐτὸς
1591 4652 1650 4705 ἐν
1661 4653 1725 4723 τῇ
1750 4653 1898 4706 Ἐπι-

321 4737 477 4809 στολῇ
521 4740 774 4811 Ἰωάννης
804 4739 1053 4809 φάσκων,
1081 4741 1163 4794 ὅτι
1185 4758 1205 4792 ‹
1247 4741 1373 4795 Ἐὰν
1393 4741 1657 4812 εἴπωμεν,
1673 4743 1754 4795 ὅτι
1779 4760 1896 4796 κοι-

317 4827 513 4881 νωνίαν
539 4829 737 4900 ἔχομεν
788 4830 906 4902 μετ’
952 4831 1142 4895 αὐτοῦ,
1177 4832 1273 4885 καὶ
1315 4833 1374 4885 ἐν
1408 4832 1485 4904 τῷ
1515 4833 1695 4887 σκότει
1737 4851 1896 4907 περιο

260 4918 272 4962 ἴ
318 4919 618 4990 πατοῦμεν,
666 4919 999 4991 ψευδόμεθα,
1055 4921 1150 4974 καὶ
1197 4921 1257 4975 οὐ
1307 4922 1568 4992 ποιοῦμεν
1619 4924 1717 4996 τὴν
1765 4926 1898 4997 ἀλή-

318 5007 494 5062 θειαν·
535 5030 553 5062 ι
593 5013 685 5065 καὶ
720 5012 914 5066 πάλιν·
966 5031 986 5064 ι
1040 5013 1099 5066 '0
1131 5012 1304 5082 λέγων
1344 5015 1402 5066 ἐν
1441 5015 1522 5086 τῷ
1560 5016 1700 5084 φωτὶ
1738 5011 1899 5081 εἶναι,

318 5104 410 5157 καὶ
455 5106 548 5158 τὸν
603 5107 831 5176 ἀδελφὸν
872 5107 1039 5162 αὑτοῦ
1084 5109 1281 5179 μισῶν,
1324 5111 1382 5164 ἐν
1409 5113 1476 5182 τῇ
1523 5112 1714 5186 σκοτίᾳ
1750 5113 1899 5169 ἐστὶν

260 5209 275 5273 ί
317 5194 417 5259 ἕως
444 5197 572 5268 ἄρτι
595 5215 608 5228 ·
648 5218 667 5250 ι
700 5199 796 5252 καὶ
832 5198 944 5254 ἔτι·
982 5218 1002 5251 ι
1053 5201 1113 5254 '0
1145 5200 1202 5254 δὲ
1231 5201 1407 5273 μισῶν
1437 5202 1526 5258 τὸν
1551 5203 1780 5273 ἀδελφὸν
1806 5207 1898 5260 αὐ-

267 5276 278 5337 ξ
315 5274 428 5350 τοῦ,
453 5291 510 5342 ἐν
543 5293 609 5362 τῇ
654 5292 847 5362 σκοτίᾳ
873 5291 1010 5356 ἐστὶ,
1049 5293 1144 5346 καὶ
1170 5296 1228 5346 ἐν
1267 5296 1334 5364 τῇ
1367 5295 1556 5366 σκοτίᾳ
1582 5300 1892 5368 περιπατεῖ,

319 5381 408 5432 καὶ
449 5383 551 5437 οὐκ
590 5380 698 5437 οἶδε
753 5383 859 5437 ποῦ
899 5384 1122 5454 ὑπάγει,
1171 5387 1255 5440 ὅτι
1298 5390 1332 5458 ἡ
1367 5388 1557 5442 σκοτία
1616 5389 1893 5460 ἐτύφλωσε

317 5473 438 5536 τοὺς
463 5474 771 5547 ὀφθαλμοὺς
796 5475 984 5532 αὐτοῦ.
1031 5497 1051 5530 ι
1093 5478 1167 5532 Τὸ
1197 5477 1303 5550 γὰρ
1341 5482 1400 5533 ἐν
1426 5480 1505 5551 τῷ
1535 5483 1711 5552 σκότῳ
1738 5501 1894 5556 περι-

2005 4658 2254 4716 scientiae
2291 4668 2461 4728 esset,
2500 4659 2702 4713 frustra
2744 4658 2989 4713 additum
3039 4657 3270 4712 fuisset:
3321 4675 3342 4708 ι
3374 4657 3583 4711 lllumi-

2005 4763 2135 4807 nate
2192 4751 2346 4808 vobis
2391 4751 2528 4822 ipsis
2577 4751 2752 4808 lucem
2804 4745 3066 4806 scientiaa'.
3109 4767 3129 4803 ›
3182 4747 3393 4803 Rursus
3436 4749 3583 4818 quod

2006 4846 2246 4900 tenebrae
2274 4846 2340 4901 de
2371 4847 2553 4916 pravis
2579 4845 2838 4915 operibus
2863 4850 3171 4906 sumantur,
3210 4841 3324 4911 ipse
3345 4839 3582 4896 Joannes

2007 4936 2060 4991 in
2093 4951 2191 4992 sua
2235 4937 2393 4993 docet
2437 4935 2674 5006 Epistula
2730 4936 2918 4990 dicens
2958 4933 3006 4965 ⁷⁸
3047 4950 3064 4988 :
3109 4949 3128 4984 ι
3177 4931 3235 4986 Si
3275 4931 3580 4986 dixerimus

2004 5029 2149 5097 quod
2181 5027 2730 5082 communicationem
2755 5039 2880 5080 cum
2912 5025 3032 5093 ipso
3059 5023 3342 5088 habemus,
3371 5031 3426 5076 et
3455 5037 3578 5076 am-

2003 5115 2260 5172 bulamus
2308 5115 2363 5170 in
2422 5115 2684 5179 tenebris,
2723 5113 3043 5177 mentimur,
3085 5121 3140 5165 et
3187 5127 3292 5166 non
3341 5110 3578 5166 facimus

2001 5209 2329 5274 veritatem;
2362 5227 2382 5261 ι
2430 5216 2487 5262 et
2530 5221 2722 5262 rursus
2763 5205 2849 5260 ἠε
2903 5222 2926 5257 ι
2960 5203 3066 5270 Qui
3111 5203 3248 5258 dicit
3285 5217 3345 5259 se
3374 5204 3428 5258 in
3457 5203 3578 5258 luce

1999 5314 2142 5365 esse,
2172 5306 2230 5355 et
2263 5298 2493 5354 fratrem
2524 5311 2685 5351 suum
2724 5295 2862 5360 odit,
2897 5295 2952 5348 in
2991 5293 3229 5348 tenebris
3270 5302 3354 5348 est
3402 5309 3575 5365 usque

2001 5391 2162 5447 modo
2192 5408 2206 5446 :
2247 5410 2267 5444 ι
2303 5399 2360 5447 et
2389 5389 2571 5445 adhuc
2607 5388 2656 5421 ⁸⁸
2696 5405 2711 5443 :
2758 5406 2778 5440 ι
2815 5386 2918 5454 Qui
2959 5387 3100 5442 odit,
3125 5386 3348 5440 fratrem
3385 5401 3568 5449 suum,

1999 5483 2054 5537 in
2084 5481 2325 5538 tenebris
2366 5492 2472 5551 est,
2509 5491 2568 5537 et
2597 5482 2650 5536 in
2679 5480 2921 5536 tenebris
2947 5478 3214 5544 ambulat,
3262 5492 3367 5533 nec
3421 5480 3575 5534 novit

386 5565 623 5646 _l_Cor.
653 5587 754 5646 δη,
780 5571 999 5646 §-1,___"
1027 5570 1184 5646 .loan.
1213 5587 1254 5640 ι,
1279 5573 1336 5630 5.
1428 5577 1476 5608 ⁷³
1507 5577 1638 5646 Cap.
1687 5593 1836 5644 xxvi,
1887 5592 2032 5634 vers.
2075 5579 2131 5635 9.
2207 5579 2256 5611 ⁷⁸
2310 5578 2468 5634 Vers.
2503 5576 2558 5632 9.
2646 5575 2694 5608 '"
2720 5573 2848 5632 Ose.
2881 5570 3050 5638 1,12.
3135 5569 3185 5603 ⁷⁸
3211 5567 3412 5628 lJoan.
3443 5586 3486 5639 ι,
3509 5570 3568 5627 6.

319 5632 366 5667 "
389 5635 526 5705 ibid.
556 5654 615 5705 ιι,
647 5641 701 5696 9.
740 5632 748 5635 ⁷
778 5641 824 5673 ⁸⁸
854 5642 987 5698 ibid.
1023 5643 1110 5698 H.

389 5704 538 5799 (82).
563 5731 675 5806 Τοῦ
723 5733 1004 5790 ἐναντίου
1061 5736 1437 5806 καλουμένου
1482 5737 1760 5802 σκοτίας·
1808 5735 1885 5790 ἂν

325 5795 407 5854 δέζ
435 5795 744 5874 ειὰηιξιειιιθ
767 5872 775 5874 Α
799 5816 1051 5874 corrupta
1097 5809 1209 5860 haec
1241 5795 1402 5867 sunt.
1447 5822 1565 5873 qua:
1604 5809 1681 5861 sic
1706 5795 1880 5860 testi-

326 5876 458 5937 tuas,
484 5870 576 5926 τοῦ
599 5872 837 5929 ἐναντίου
872 5870 1204 5945 καλουμένου
1237 5870 1630 5943 σκοτίαςόῦπω
1655 5877 1881 5949 δοκιμα-

1991 5735 2394 5809 σθείσης-Τῶν
2444 5735 2768 5809 ἀνθρώπιον,
2812 5746 2920 5809 etc.
2953 5735 3170 5792 Prativit
3220 5735 3344 5809 huic
3381 5751 3567 5809 emen-

1991 5806 2197 5861 dationi
2241 5806 2562 5880 Ferrarius,
2576 5823 2736 5876 quem
2762 5809 2843 5880 sic
2873 5808 3066 5876 legisse
3095 5822 3162 5862 ex
3193 5808 3361 5880 ipsius
3392 5808 3561 5863 iuter~

1990 5879 2298 5948 prolatione
2326 5875 2608 5948 conjicere
2623 5888 2727 5937 est.
2760 5875 3026 5936 Hunnus.
