4194 6402
552 373 656 430 159

1997 373 2320 430 οηιοΕΝιδ

3700 375 3804 430 160

550 503 661 556 quo
690 490 873 549 vadat,
906 485 1031 554 quia
1068 483 1306 538 tenebrat
1332 493 1749 538 excaecaverunt
1791 483 1964 552 ipsius
1992 501 2119 541 ocu-

2230 487 2421 539 πατεῖν
2455 484 2711 555 ἐμφαίνει
2740 483 2840 554 τὴν
2877 478 3083 554 ψεκτὴν
3127 481 3357 552 πρᾶξιν·
3391 482 3486 536 καὶ
3527 480 3589 536 τὸ
3629 489 3804 554 μισεῖν

555 583 660 643 los,
695 597 714 631 ι
751 579 1017 646 siquidem
1059 592 1156 647 per
1184 577 1611 631 ambulationem
1665 577 1717 630 in
1769 579 2009 633 tenebris
2042 580 2126 633 in-

551 673 699 726 dicat
763 670 1039 725 actionem
1098 668 1535 738 vituperabilem.
1586 669 1726 736 Quin
1779 670 1946 722 etiam
1997 671 2124 725 odio

553 761 810 830 prosequi
857 758 1085 813 fratrem
1129 775 1313 823 suum,
1361 774 1544 814 nonne
1596 759 1777 828 lapsus
1817 768 1899 814 est
1947 761 2015 816 ab
2058 777 2124 817 ea

552 867 673 920 qua:
721 851 936 920 proprie
985 859 1208 904 vocatur
1253 848 1543 904 scientia?
1592 850 1746 916 Quod
1798 861 1980 905 autem
2028 853 2121 922 qui

554 945 769 1012 ignorat
799 942 1002 1006 divina,
1031 950 1254 1010 propter
1281 941 1456 1008 ipsum
1501 942 1752 1010 ignorare
1784 942 1836 994 in
1883 945 2124 999 tenebris

551 1033 811 1097 ambulet,
850 1033 1026 1102 inquit
1054 1033 1220 1086 David
1248 1032 1331 1086 ἰε
1393 1052 1411 1084 ι
1449 1031 1564 1085 Non
1600 1043 1990 1101 cognoverunt.
2031 1049 2122 1088 ne-

551 1140 661 1191 que
716 1124 1124 1190 intellexerunt,
1172 1124 1224 1178 in
1262 1125 1503 1178 tenebris
1557 1124 1860 1177 ambulant.
1910 1143 1927 1174 ι
1987 1123 2121 1179 Illud

552 1229 680 1269 vero
711 1215 966 1276 observa,
991 1229 1060 1268 an
1093 1214 1298 1268 idcirco
1319 1213 1640 1269 dicatur“:
1675 1231 1693 1266 ι
1731 1215 1870 1269 Deus
1892 1215 1980 1268 In:
2013 1224 2121 1279 est,

549 1315 602 1359 et
634 1305 868 1360 tenebrat
898 1307 950 1358 in
986 1320 1053 1360 eo
1084 1321 1149 1360 ne
1177 1321 1297 1360 una:
1324 1305 1544 1374 quidem
1583 1315 1730 1368 sunt,
1783 1326 1801 1358 ι
1847 1321 1952 1360 non
1993 1307 2122 1376 quia

551 1411 672 1449 una:
694 1396 802 1450 sint
828 1396 1085 1458 tenebrae,
1111 1396 1210 1451 sed
1239 1395 1321 1450 vel
1349 1406 1572 1466 propter
1609 1412 1778 1466 genus
1802 1397 1996 1467 duplex
2041 1407 2124 1454 te-

551 1488 867 1549 nebrarum,
905 1491 987 1541 vel
1017 1489 1183 1541 etiam
1213 1504 1338 1556 quia
1364 1503 1701 1558 unaquaeque
1723 1491 1939 1559 species
1972 1501 2122 1546 tene-

549 1577 774 1630 Itrarum
820 1577 1018 1632 multas
1059 1579 1256 1633 habeat
1305 1594 1504 1647 pravas
1545 1583 1811 1646 actiones,
1858 1592 1914 1637 et
1955 1583 2121 1637 multa

550 1667 685 1720 l'alsa
715 1669 987 1739 dogmata,
1022 1669 1206 1738 plures
1239 1680 1367 1724 sunt
1404 1672 1659 1734 tenebrae.
1701 1689 1933 1742 quarum
1975 1674 2120 1728 nulla

548 1760 601 1813 in
635 1760 744 1816 Deo
775 1772 878 1815 est.
915 1762 1102 1830 Neque
1146 1762 1293 1816 enim
1339 1764 1542 1818 dictum
1592 1763 1785 1820 fuisset
1826 1767 1893 1818 de
1936 1774 2124 1821 sancto

2226 577 2282 630 6t
2308 578 2397 631 τὸν
2419 577 2646 644 ἀδελφὸν
2671 575 2859 638 αὑτοῦ,
2879 575 2942 628 οὐ
2964 576 3062 646 τῆς
3089 574 3288 644 κυρίως
3305 575 3640 647 καλουμένης
3667 577 3802 645 γνὼ-

2226 672 2365 735 σεώς
2387 672 2532 723 ἐστιν
2564 669 2909 739 ἀπόπτωμα;
2941 670 3062 720 ’Ότι
3081 668 3138 720 δὲ
3168 670 3262 722 καὶ¹
3290 671 3318 721 6
3345 667 3555 737 ἀγνοῶν
3585 669 3653 722 τά
3686 669 3804 724 θεῖα

2226 763 2346 814 κατ’
2381 759 2513 813 αὐτὸ
2537 760 2598 812 τὸ
2629 760 2845 827 ἀγνοεῖν
2889 761 2947 812 tv
2980 759 3160 812 σκότει
3190 758 3591 829 διαπορεύεται,
3640 761 3803 830 φησὶν

2224 857 2252 908 6
2285 853 2478 907 Δαυῖδ·
2526 871 2546 905 ι
2601 854 2716 906 Οὐκ
2760 853 3026 920 ἔγνωσαν,
3063 853 3183 906 οὐδὲ
3230 853 3491 922 συνῆκαν,
3534 853 3591 905 tv
3624 853 3804 906 σκότει

2223 944 2651 1014 διαπορεύονται.
2697 961 2716 994 t
2764 942 3086 1012 Ἐπίστησον
3117 941 3172 994 δὲ
3209 941 3318 1012 τῷ·
3372 963 3390 993 ι
3438 942 3496 995 ’0
3524 942 3803 1012 Θεὸςφῶς

2225 1039 2362 1099 ἐστι,
2397 1037 2488 1089 καὶ
2518 1035 2706 1088 σκοτία
2732 1036 2788 1088 ἐν
2820 1034 2970 1104 αὐτῷ
2991 1035 3090 1088 οὐκ
3128 1034 3273 1088 ἐστιν
3311 1035 3556 1105 οὐδεμία,
3591 1055 3610 1087 ι
3642 1037 3690 1088 εἰ
3728 1035 3802 1107 μὴ

2223 1126 2314 1179 διὰ
2347 1126 2502 1180 τοῦτο
2537 1127 2750 1194 λέγεται
2794 1124 2873 1194 τῷ
2917 1122 3056 1177 εἶναι
3109 1123 3186 1194 μὴ
3234 1125 3361 1193 μίαν
3415 1123 3651 1188 σκοτίαν,
3688 1122 3802 1176 ἀλλ’

2224 1221 2342 1290 ἦτοι
2375 1220 2463 1272 διὰ
2496 1219 2557 1272 τὸ
2596 1218 2812 1287 γενικὸν
2850 1217 2961 1279 δύο,
3005 1218 3038 1287 ἢ
3072 1218 3167 1270 καὶ
3207 1216 3293 1270 διά
3321 1217 3382 1270 τὸ
3413 1215 3533 1268 καθ’
3573 1216 3799 1268 ἕκαστον

2221 1311 2332 1364 τῶν
2393 1310 2574 1364 ίδικῶν
2632 1310 2832 1374 πολλὰς
2871 1306 3014 1363 εἶναι
3065 1309 3295 1380 πράξεις
3352 1309 3653 1380 μοχθηρὰς,
3707 1310 3801 1362 καὶ

2226 1403 2393 1456 πολλά
2431 1403 2675 1473 δόγματα
2700 1402 2891 1472 ψευδῆ,
2917 1401 3108 1454 πολλαί
3140 1405 3244 1454 είσι
3274 1402 3504 1463 σκοτίαι,
3540 1395 3614 1454 ὦν
3654 1401 3800 1453 οὐδε-

2227 1493 2325 1564 μία
2352 1495 2410 1546 tv
2442 1493 2519 1563 τῷ
2541 1493 2661 1564 Θεῷ
2693 1495 2860 1556 ἐστιν,
2891 1493 2992 1545 οὐκ
3016 1493 3082 1546 ἂν
3106 1490 3386 1562 λεχθέντος
3416 1492 3506 1545 ἐπὶ
3529 1491 3622 1544 τοῦ
3645 1492 3801 1559 ἁγίου

2222 1583 2251 1636 6
2283 1600 2444 1654 φησιν
2489 1584 2518 1635 6
2562 1584 2771 1655 Σωτὴρ,
2821 1584 2916 1636 τό·
2968 1603 2988 1634 ι
3037 1583 3225 1652 Ὑμεῖς
3278 1585 3399 1635 ὲστε
3443 1583 3502 1635 τὸ
3547 1583 3660 1652 φῶς
3710 1583 3802 1636 τοῦ

2226 1676 2452 1746 κόσμου,
2511 1677 2647 1730 δ’ὅτι
2691 1677 2807 1747 φῶς
2847 1677 2964 1728 ἐστι
3016 1675 3110 1728 τοῦ
3165 1675 3368 1745 κόσμου
3419 1675 3448 1727 6
3493 1676 3668 1744 ἀγιος,
3709 1693 3779 1730 κα

2228 1767 2416 1820 σκοτία
2450 1767 2550 1820 οὐκ
2578 1766 2723 1820 ἐστιν
2755 1769 2813 1819 tv
2843 1766 2990 1837 αὐτῴ
3016 1767 3258 1837 οὐδεμία.

546 1853 690 1923 quod
720 1852 800 1906 ait‘
825 1853 1074 1908 Salvator
1110 1855 1197 1910 l":
1237 1873 1256 1906 ι
1290 1855 1399 1910 Vos
1431 1856 1566 1911 estis
1609 1857 1701 1910 lux
1749 1857 1959 1923 mundi,
1993 1876 2012 1909 ι
2052 1860 2305 1927 quoniam
2337 1859 2422 1913 lux
2466 1860 2649 1914 mundi
2699 1869 2782 1915 est
2817 1873 3060 1924 sanctus,
3095 1877 3114 1909 ι
3149 1869 3202 1914 et
3225 1861 3462 1914 tenebrat
3497 1860 3550 1914 in
3585 1875 3650 1915 eo
3696 1875 3802 1917 non

545 1957 674 2002 sunt
709 1946 828 2000 ulla:
855 1947 922 2002 “.
956 1965 976 2000 ι

616 2039 709 2094 21.
745 2039 978 2096 Proinde
1007 2051 1215 2111 quaeret
1242 2043 1442 2111 aliquis
1470 2058 1485 2096 :
1516 2041 1573 2097 Si
1603 2041 1670 2096 de
1697 2041 1857 2096 Patre
1887 2043 2119 2112 positum

2294 2042 2526 2112 Ζητήσει
2549 2040 2605 2093 δέ
2640 2057 2755 2104 τις·
2794 2041 2856 2094 El
2895 2041 2987 2094 ἐπὶ
3022 2040 3116 2094 τοῦ
3156 2038 3368 2112 Πατρδς
3418 2039 3673 2092 τέτακται
3706 2037 3799 2091 τό·

545 2143 630 2188 est
665 2135 812 2203 quod
867 2134 1106 2190 tenebrae
1148 2135 1310 2188 nullae
1336 2136 1446 2188 sint
1484 2134 1538 2188 in
1575 2149 1663 2198 eo,
1708 2135 1981 2205 quomodo
2020 2150 2119 2190 ceu

548 2241 660 2278 rem
685 2225 945 2279 eximiam
978 2234 1034 2280 et
1059 2227 1388 2295 pmcipuam
1421 2225 1532 2295 79
1581 2226 1683 2280 hoc
1723 2227 1777 2280 in
1824 2225 1942 2296 ipso
1972 2226 2120 2279 dice—

551 2332 671 2370 mus
704 2332 849 2380 esse,
882 2331 1006 2370 cum
1036 2319 1104 2369 de
1136 2317 1426 2371 Servatore
1471 2330 1688 2385 quoque
1726 2317 1937 2371 dicatur
1975 2317 2118 2386 quod

548 2404 774 2460 omnino
803 2406 873 2460 sit
896 2406 1260 2474 impeccabilis
1281 2406 1344 2471 ⁸⁸,
1379 2406 1451 2460 ita
1475 2414 1536 2460 ut
1563 2419 1689 2459 eum
1720 2407 1963 2460 dicamus
1993 2421 2115 2460 csse

550 2495 726 2550 lucem
757 2497 810 2550 in
847 2513 951 2564 qua
999 2499 1161 2550 nulla:
1205 2497 1314 2552 sint
1368 2497 1645 2553 tenebrae?
1688 2500 1766 2553 Ex
1811 2509 1962 2567 parte
2009 2498 2113 2552 ita-

547 2597 655 2651 que
700 2581 1060 2637 dill'erentiam
1115 2582 1169 2635 itt
1208 2583 1582 2652 superioribus
1625 2586 1980 2641 ostendimus.
2023 2587 2118 2640 At-

550 2688 656 2741 qne
688 2674 986 2727 etiamnum
1021 2673 1130 2728 illis
1161 2673 1426 2729 audacius
1450 2675 1736 2740 addemus,
1762 2676 1808 2732 si
1838 2675 2119 2732 Christum

549 2779 657 2817 non
712 2775 1101 2833 agnoscentem
1143 2777 1426 2832 peccatum
1469 2767 1600 2822 fecit
1635 2766 1799 2822 Pater
1835 2782 1934 2836 pro
1966 2768 2122 2823 nobis

545 2865 854 2922 peccatum,
883 2855 926 2909 si
955 2854 1104 2920 fecit,
1131 2861 1374 2925 inquam,
1406 2858 1549 2912 Deus
1594 2858 1681 2913 ille
1715 2857 1992 2914 Christum
2023 2873 2122 2930 pro

549 2947 706 3002 nobis
737 2957 1038 3017 peccatum,
1071 2950 1176 3004 dici
1209 2967 1318 3005 non
1359 2967 1516 3021 posse
1551 2953 1619 3007 de
1655 2966 1746 3016 eo,
1789 2970 1809 3004 ι
1855 2951 2122 3008 Tenebras

547 3037 602 3090 in
636 3053 702 3092 eo
730 3053 834 3092 non
866 3049 993 3094 sunt
1021 3040 1144 3094 ullae
1178 3039 1247 3094 ⁸⁵.
1283 3060 1301 3092 ι
1347 3043 1606 3108 Quamvis
1629 3041 1773 3096 enim
1809 3058 1829 3091 ι
1879 3042 1934 3094 in
1969 3041 2122 3095 simi-

545 3127 828 3183 litudinem
858 3133 1045 3187 carnis
1084 3133 1292 3202 peccati
1331 3132 1443 3203 (85)
1487 3131 1590 3204 [de
1632 3143 1858 3202 peccato
1894 3132 2124 3186 damna-

547 3223 626 3274 Vit
673 3219 832 3277 Jesus
873 3235 1177 3293 peccatum,
1230 3244 1249 3279 t
1294 3227 1436 3295 quod
1478 3225 1896 3279 similitudinem
1939 3224 2123 3279 carnis

548 3319 752 3386 peccati
787 3321 1074 3391 assumpsit
1100 3319 1195 3392 ⁸⁷,]
1240 3321 1384 3375 haud
1424 3331 1601 3374 tamen
1645 3319 1871 3374 omnino
1912 3319 2028 3373 haec
2055 3317 2122 3371 de

2224 2129 2420 2182 Σκοτία
2448 2130 2547 2181 οὐκ
2578 2128 2722 2182 ἐστιν
2751 2129 2808 2182 tv
2833 2129 2984 2199 αὐτῷ
3013 2129 3258 2200 οὐδεμία,
3297 2129 3414 2193 πῶς
3439 2129 3498 2182 τὸ
3525 2129 3805 2200 ἐξαίρετον

2222 2220 2451 2292 ἐροῦμεν
2471 2215 2609 2274 εἶναι
2629 2222 2688 2274 tv
2706 2220 2874 2292 αὐτῷ,
2895 2222 3071 2291 πάντη
3089 2222 3469 2292 ἀναμάρτητον
3483 2222 3577 2274 καὶ
3596 2221 3685 2274 τὸν
3699 2221 3806 2273 Σω-

2220 2313 2364 2383 τῆρα
2380 2313 2645 2376 νοοῦντες,
2670 2312 2808 2366 ὥστε
2833 2315 2926 2367 καὶ
2948 2315 3076 2385 περὶ
3100 2313 3263 2367 αὐτοῦ
3281 2313 3344 2366 ἂν
3363 2315 3554 2375 εἰπεῖν,
3579 2313 3660 2366 ὅτι
3689 2314 3803 2382 φῶς

2223 2404 2358 2466 ἐστι,
2377 2404 2471 2456 καὶ
2485 2403 2669 2456 σκοτία
2685 2405 2784 2456 οὐκ
2797 2404 2940 2456 ἐστιν
2955 2406 3011 2457 tv
3029 2404 3176 2474 αὐτῴ
3191 2404 3435 2474 οὐδεμία;
3453 2403 3584 2456 Ἀπὸ
3604 2404 3802 2476 μέρους

2225 2495 2323 2565 μὲν
2348 2491 2440 2549 οῦν
2465 2497 2523 2550 tv
2547 2499 2657 2560 τοῖς
2681 2497 2939 2568 ἀνωτέρω
2953 2497 3050 2568 τὴν
3067 2497 3328 2568 διαφορὰν
3349 2498 3771 2568 παρεστήσαμεν
3789 2513 3804 2526 ·

2220 2586 2616 2659 τολμηρότερόν
2647 2605 2707 2641 τε
2745 2587 2826 2641 ἔτι
2859 2589 3092 2652 ἐκείνοις
3136 2590 3229 2641 καὶ
3259 2588 3355 2642 νῦν
3403 2589 3802 2659 προσθήσομεν,

2223 2678 2324 2742 ὅτι,
2355 2681 2402 2731 εἰ
2435 2679 2525 2732 τὸν
2557 2679 2630 2749 μὴ
2666 2680 2861 2747 γνόντα
2908 2680 3184 2752 ἁμαρτίαν
3229 2681 3370 2752 ὑπὲρ
3416 2680 3571 2752 ἡμῶν
3627 2681 3804 2752 ἀμαρ-

2223 2769 2343 2822 τίαν
2368 2769 2590 2840 ἐποίησε
2635 2769 2728 2824 τὸν
2772 2770 3027 2839 Χριστὸν,
3058 2772 3106 2823 εί
3154 2770 3408 2841 ἐποίησεν
3454 2770 3615 2824 αὐτὸν
3665 2771 3806 2842 ὑπὲρ

2225 2859 2381 2932 ἡμῶν
2402 2861 2674 2932 ἁμαρτίαν
2695 2863 2723 2914 ὁ
2751 2861 2904 2926 Θεὸς,
2941 2861 3042 2914 οὐκ
3074 2861 3140 2914 ἂν
3166 2861 3378 2914 δύναιτο
3398 2861 3650 2931 λέγεσθαι
3676 2859 3805 2932 περὶ

2225 2950 2389 3005 αὐτοῦ
2413 2969 2425 2981 ·
2457 2971 2474 3002 ι
2519 2953 2716 3006 Σκοτία
2751 2953 2807 3006 tv
2847 2951 2993 3022 αὐτῷ
3051 2953 3151 3004 οὐκ
3182 2952 3326 3005 ἐστιν
3353 2953 3598 3024 οὐδεμία.
3634 2973 3653 3004 ι
3681 2954 3804 3008 Κᾶν

2223 3046 2333 3116 γὰρ
2369 3064 2387 3096 ι
2431 3047 2488 3098 tv
2510 3044 2814 3116 ὁμοιώματι
2843 3045 3042 3117 σαρκὸς
3073 3045 3346 3117 ἁμαρτίας
3376 3045 3504 3118 περὶ
3533 3046 3804 3118 ἁμαρτίας

2225 3137 2562 3207 κατακρίνας
2588 3139 2832 3211 τυγχάνῃ
2862 3157 2879 3189 t
2909 3137 2939 3189 6
2974 3136 3180 3208 Ἰησοῦς
3219 3157 3236 3189 ι
3263 3139 3361 3209 τὴν
3385 3139 3655 3209 ἁμαρτίαν
3681 3159 3698 3190 ι
3725 3138 3805 3209 τῷ

2223 3229 2283 3283 τὸ
2311 3229 2566 3301 ὁμοίωμα
2582 3230 2679 3301 τῆς
2704 3231 2906 3302 σαρκὸς
2932 3231 3205 3301 ἁμαρτίας
3223 3229 3593 3300 ἀνειληφέναι,
3621 3231 3805 3284 οὐκέτι

2224 3322 2335 3388 ’ἐξει
2365 3323 2543 3393 πάντη
2579 3324 2748 3391 ὑγιῶς
2790 3323 3057 3394 λεγόμενα
3094 3324 3222 3394 περὶ
3259 3323 3444 3387 αὐτοῦ,
3493 3324 3574 3376 ὅτι
3617 3323 3806 3376 σκοτία

544 3423 611 3463 eo
647 3419 796 3464 recte
840 3413 1113 3478 dicentur,
1154 3391 1365 3468 scilicet
1395 3411 1540 3482 quod
1571 3410 1730 3464 nulla:
1768 3409 2004 3462 tenebrae
2036 3407 2119 3460 in-

2223 3416 2282 3469 tv
2315 3415 2461 3486 αὐτῷ
2487 3416 2587 3469 οὐκ
2614 3415 2760 3470 ἔστιν
2785 3415 3029 3486 οὐδεμία.
3055 3415 3444 3486 Προσθήσομεν
3467 3415 3510 3467 δ’
3539 3417 3619 3469 δτι
3645 3416 3806 3479 αὐτὸς

544 3503 654 3557 sint
694 3504 745 3557 in
771 3518 856 3558 eo.
899 3504 1176 3560 Addetnus
1217 3514 1397 3559 autem
1446 3518 1569 3556 eum
1617 3501 1966 3556 infirmitates
2021 3514 2121 3554 no-

545 3607 688 3652 stras
717 3607 767 3652 et
802 3599 1022 3652 morbos
1043 3597 1425 3665 assumpsisse,
1451 3606 1504 3650 et
1548 3596 1743 3649 anima:
1769 3593 2121 3649 inﬁrmitates

543 3699 595 3744 et
623 3690 842 3744 morbos
871 3689 1068 3745 occulti
1102 3689 1283 3744 cordis
1317 3689 1487 3742 nostri
1514 3687 1770 3752 hominis,
1803 3701 1941 3755 quas
1967 3685 2120 3740 inlir—

545 3781 764 3836 tnitates
795 3782 1122 3852 morbosque
1156 3784 1282 3850 quia
1313 3798 1344 3835 a
1377 3782 1532 3836 nobis
1581 3780 1886 3844 sustulerit,
1919 3779 2121 3834 dicitur

543 3873 684 3940 apud
705 3872 1028 3928 Zachariam
1060 3875 1300 3928 animam
1335 3872 1679 3942 pertristem,
1714 3871 2122 3940 perturbatam-

546 3980 656 4032 que
710 3965 916 4020 habere
963 3973 1127 4034 atque
1174 3966 1420 4020 vestibus
1461 3963 1697 4018 sordidis
1748 3963 1968 4019 indutus
2013 3963 2116 4030 ⁸⁸ς

542 4055 746 4123 quibus
773 4055 1033 4123 quoniam
1065 4057 1347 4110 exuendus
1369 4063 1506 4117 erat,
1543 4054 1798 4109 dicuntur
1825 4070 1948 4110 esse
1988 4069 2118 4124 pec-

542 4156 690 4199 cata.
717 4143 1011 4217 Subjungit
1034 4161 1166 4217 ergo
1197 4147 1387 4202 eodem
1421 4147 1474 4200 in
1510 4145 1631 4200 loco
1669 4146 1754 4200 ⁸ος
1793 4166 1812 4198 ι
1841 4147 1980 4202 Ecce
2019 4160 2120 4215 ego

542 4236 742 4290 abstuli
780 4248 1008 4306 peccata
1039 4245 1130 4290 tua
1161 4252 1178 4302 ;
1217 4255 1235 4289 I
1272 4250 1338 4292 eo
1357 4237 1502 4292 enim
1533 4235 1676 4304 quod
1711 4236 1826 4306 ipse
1851 4239 2122 4306 receperit

542 4329 596 4381 in
639 4328 873 4398 seipsum
906 4328 1090 4398 populi
1127 4328 1466 4384 credentium
1504 4338 1753 4400 peccata,
1799 4327 2121 4398 frequenter

542 4420 761 4490 inquit:
815 4439 834 4472 ι
876 4419 1057 4492 Longe
1104 4435 1137 4475 ι
1184 4419 1363 4476 salute
1412 4436 1532 4476 mea
1575 4420 1742 4476 verba
1791 4421 2116 4475 delictorum

544 4527 789 4566 meorum
836 4513 924 4578 ’°;
988 4531 1007 4566 ι
1067 4521 1167 4569 et:
1200 4530 1221 4566 ι
1271 4511 1352 4567 Tu
1396 4513 1698 4583 cognovisti
1749 4512 2118 4582 insipientiam

542 4620 740 4670 meam,
774 4615 828 4661 et
855 4607 1053 4661 delicta
1085 4621 1207 4661 mea
1236 4621 1267 4662 ι
1307 4617 1361 4662 te
1393 4621 1498 4661 non
1531 4616 1660 4660 sunt
1691 4605 2116 4661 abscondita“.t

539 4697 650 4752 Nec
676 4713 801 4751 vero
829 4699 1135 4767 suspicetur
1170 4714 1268 4753 nos
1302 4697 1592 4768 quisquam
1621 4699 1736 4755 haec
1760 4698 1966 4766 dicere,
2005 4697 2110 4752 mi-

541 4804 642 4842 nus
673 4789 761 4858 pie
791 4787 1066 4843 Christum
1109 4787 1202 4842 Dei
1249 4786 1514 4843 colentes.
1563 4785 1699 4840 Nam
1748 4801 1855 4854 qua
1900 4786 2114 4840 ratione

541 4880 688 4934 solus
723 4879 888 4934 Pater
935 4880 1099 4934 habet
1138 4878 1631 4944 immortalitatem,
1675 4877 1806 4948 quia
1852 4878 2115 4931 Dominus

541 4981 728 5026 noster
779 4970 1074 5043 [omnium
1135 4983 1384 5024 nostrum
1435 4967 1700 5038 nomine]
1753 4979 1984 5022 mortem
2043 4967 2114 5021 ob

537 5079 783 5119 amorem
806 5079 932 5134 erga
965 5078 1134 5131 genus
1159 5063 1458 5117 humanum
1488 5061 1796 5130 pertulerit,
1822 5059 1924 5114 hac
1947 5059 2113 5114 Pater

537 5157 687 5211 solus
738 5157 900 5212 habet
939 5167 998 5210 ut
1033 5156 1086 5210 in
1132 5156 1253 5224 ipso
1295 5153 1455 5209 nulla:
1501 5154 1610 5210 sint
1663 5154 1942 5208 tenebrat:
1987 5168 2112 5206 cum

537 5251 810 5315 Christus,
861 5260 919 5305 ut
967 5250 1220 5304 homines
1250 5245 1519 5303 benellcio
1556 5246 1822 5313 alliceret,
1857 5244 2112 5301 tenebras

541 5355 758 5399 nostras
791 5344 844 5398 in
877 5343 1118 5411 seipsum
1151 5341 1440 5411 receperit,
1469 5348 1530 5394 ut
1560 5343 1801 5410 potentia
1832 5352 1930 5392 sua
1963 5353 2111 5392 mor-

541 5448 648 5490 tem
685 5447 931 5491 nostratn
959 5435 1189 5500 deleret,
1214 5434 1620 5504 expelleretqtte
1663 5432 1968 5487 animarum
2012 5447 2109 5486 no-

609 5550 652 5581 "
688 5551 830 5606 Psal.
865 5568 1051 5614 Luxu,
1089 5549 1143 5608 5.
1244 5549 1290 5581 ⁸¹
1323 5548 1339 5603 l
1367 5546 1526 5604 Joan.
1561 5564 1598 5610 t,
1626 5549 1679 5604 5.

541 5607 560 5688 ξ
600 5619 753 5677 ιοςιιι.
789 5639 828 5688 ι,
867 5607 928 5676 ⁷5.
1041 5607 1089 5653 δι
1147 5620 1276 5675 ibid.
1321 5637 1361 5684 l,
1412 5621 1464 5675 5.

541 5679 586 5716 "
619 5693 750 5749 ibid.
772 5679 835 5748 ι’.
913 5695 958 5726 ³ο
989 5692 1130 5749 Psal.
1168 5708 1282 5759 ut,
1315 5679 1371 5748 2⁷.
1449 5692 1491 5724 θ’
1525 5679 1668 5746 Psal.
1703 5679 1965 5756 stimuli.

1781 5548 1826 5580 ⁸³
1851 5547 2038 5602 Matth.
2081 5563 2135 5611 ν,
2174 5549 2262 5605 14.

1574 5620 1811 5682 ",Rom.
1849 5635 1965 5681 vm,
1994 5617 2058 5683 5;
2109 5621 2208 5674 lsa.
2255 5638 2370 5688 LIII,
2423 5632 2476 5686 4,
2515 5623 2585 5686 5;
2631 5621 2816 5675 Matth.
2871 5635 2988 5686 Vttt,
3042 5619 3128 5672 l7.

2221 3505 2320 3570 τὰς
2350 3505 2629 3569 ἀσθενείας
2659 3506 2817 3576 ήμῶν
2836 3505 3018 3568 ἔλαϐε,
3053 3506 3144 3559 καὶ
3179 3506 3278 3569 τὰς
3307 3506 3496 3568 νόσους
3511 3505 3803 3568 ὲὸἀστασε,

2221 3599 2313 3651 καὶ
2346 3597 2633 3661 ἀσθενείας
2683 3598 2782 3660 τάς
2814 3598 2914 3667 τῆς
2961 3596 3161 3667 ψυχῆς,
3206 3598 3298 3650 καὶ
3324 3597 3510 3660 νόσους
3565 3597 3663 3659 τὰς
3709 3595 3805 3648 τοῦ

2220 3685 2464 3758 κρυπτοῦ
2510 3688 2610 3758 τῆς
2644 3687 2869 3758 καρδίας
2905 3687 3062 3757 ἡμῶν
3111 3687 3424 3758 ἀνθρώπου,
3449 3687 3516 3740 δι’
3548 3686 3615 3750 ἃς
3643 3685 3806 3740 ἀσθε-

2220 3778 2368 3842 νείας
2395 3779 2490 3832 καὶ
2523 3779 2711 3843 νόσους
2736 3779 3015 3850 βαστάσας
3040 3781 3210 3844 αὐτάς
3243 3781 3335 3848 ἀφ’
3373 3779 3550 3850 ἡμῶν,
3583 3778 3806 3850 περίλυ-

2223 3888 2325 3924 πον
2361 3869 2506 3941 ἔχειν
2536 3871 2633 3942 τὴν
2666 3871 2843 3943 ψυχὴν
2864 3871 3117 3942 ὁμολογεῖ
3139 3871 3233 3924 καὶ
3253 3870 3687 3942 τεταραγμένην,
3713 3869 3807 3922 καὶ

2222 3962 2441 4033 ῥυπαρὰ
2462 3961 2652 4032 ἱμάτια
2676 3962 2985 4016 ἐνδεδύσθαι
3014 3963 3163 4033 παρὰ
3190 3961 3267 4032 τῷ
3311 3960 3557 4031 Ζαχαρία
3608 3959 3806 4028 ἀναγέο

2219 4068 2459 4122 γραπται
2484 4070 2496 4082 ·
2532 4053 2676 4124 ἅπερ
2720 4054 2802 4106 ὅτι
2838 4053 3125 4106 ἐκδύεσθαι
3169 4051 3382 4122 ἔμελλε,
3415 4051 3632 4119 λέγεται
3663 4045 3804 4103 εἶναι

2221 4145 2611 4216 ἁμαρτήματα.
2662 4144 2941 4216 Ἐπιφέρει
2973 4144 3104 4212 γοῦν
3130 4146 3276 4197 ἐκεῖ·
3315 4162 3332 4194 ι
3390 4142 3518 4196 Ἰδοὺ
3544 4143 3804 4214 ἀφῄρηκα

2219 4237 2315 4300 τὰς
2351 4236 2625 4307 ἁμαρτίας
2649 4253 2740 4288 σου
2763 4254 2775 4265 ·
2823 4256 2840 4287 ι
2870 4236 2958 4290 διὰ
2987 4236 3095 4308 γάρ
3118 4235 3176 4288 τὸ
3207 4234 3500 4288 ἀναλαϐεῖν
3544 4235 3704 4288 αὐτὸν
3736 4235 3805 4288 τὰ

2217 4325 2313 4378 τοῦ
2347 4324 2476 4378 λαοῦ
2521 4326 2629 4378 τῶν
2660 4326 3021 4379 πιστευόντων
3063 4326 3142 4388 είς
3189 4325 3360 4380 αὐτὸν
3405 4325 3801 4396 ἁμαρτήματα,

2222 4416 2490 4488 πολλαχοῦ
2532 4435 2693 4488 φησι·
2735 4437 2752 4468 ι
2788 4417 3024 4489 Μακράν
3054 4417 3162 4471 ἀπὸ
3183 4418 3283 4488 τῆς
3314 4419 3587 4490 σωτηρίας
3619 4435 3719 4489 μου
3752 4419 3802 4471 οἱ

2219 4507 2366 4577 λόγοι
2399 4509 2506 4561 τῶν
2545 4510 3006 4580 παραπτωμάτων
3037 4527 3174 4580 μουο
3227 4530 3245 4562 ι
3286 4510 3410 4563 καί·
3449 4529 3467 4560 ι
3517 4511 3587 4562 Σὺ
3623 4510 3797 4578 ἔγνως

2219 4599 2315 4670 τὴν
2354 4599 2665 4671 ἀφροσύνην
2705 4617 2829 4671 μου,
2881 4602 2974 4655 καὶ
3021 4604 3076 4654 αἱ
3124 4600 3491 4672 πλημμέλειαί
3541 4619 3644 4671 μου
3691 4601 3802 4654 ἀπὸ

2223 4691 2315 4745 σοῦ
2339 4693 2437 4744 οὐκ
2469 4691 2799 4764 ὲκρύϐησαν.
2838 4711 2860 4746 ι
2896 4695 3096 4764 Μηδεὶς
3124 4694 3168 4747 δ’
3199 4696 3345 4765 ἡμᾶς
3374 4694 3804 4764 ὑπολαμϐανέτω

2220 4785 2394 4840 ταῦτα
2425 4786 2608 4854 λέγειν
2637 4787 2971 4852 ἀσεϐοῦντας
3002 4789 3080 4851 εἰς
3114 4788 3204 4840 τὸν
3246 4787 3484 4859 Χριστὸν
3509 4787 3600 4841 τοῦ
3639 4786 3798 4840 Θεοῦ.

2221 4875 2291 4951 ᾯ
2319 4879 2428 4952 γὰρ
2452 4881 2639 4952 λόγψὸ
2660 4881 2848 4953 Πατὴρ
2885 4882 3042 4952 μόνος
3072 4881 3184 4951 ἔχει
3217 4879 3535 4943 ἀθανασίαν,
3566 4878 3660 4931 τοῦ
3692 4879 3803 4930 Κυ-

2222 4974 2338 5046 ρίου
2363 4973 2519 5044 ἡμῶν
2539 4973 2628 5026 διὰ
2659 4973 3066 5045 φιλανθρωπίαν
3095 4973 3323 5027 θάνατον
3349 4971 3438 5024 τὸν
3469 4972 3610 5044 ὑπὲρ
3641 4970 3801 5042 ἡμῶν

2219 5063 2590 5133 ἀνειληφότος,
2626 5063 2800 5133 τούτῳ
2838 5065 2866 5116 6
2908 5063 3097 5133 Πατὴρ
3134 5061 3246 5132 ἔχει
3281 5061 3439 5132 μόνος
3471 5061 3560 5113 τό·
3604 5060 3800 5113 Σκοτία

2221 5159 2277 5210 tv
2301 5155 2447 5226 αὐτῷ
2467 5157 2568 5208 οὐκ
2597 5155 2740 5208 ἔστιν
2765 5154 3011 5226 οὐδεμία,
3035 5153 3127 5206 τοῦ
3154 5153 3386 5226 Χριστοῦ
3417 5152 3502 5205 διὰ
3527 5153 3625 5223 τὴν
3662 5153 3799 5222 πρὸς

2219 5247 2538 5319 ἀνθρώπους
2567 5247 2882 5320 εὐεργεσίαν
2911 5248 2995 5315 ἐφ’
3029 5247 3192 5299 αὐτὸν
3241 5245 3338 5310 τὰς
3370 5243 3528 5316 ἡμῶν
3574 5245 3796 5306 σκοτίας

2216 5341 2663 5411 ἀναδεδεγμένου,
2725 5341 2812 5394 ἵνα
2860 5342 2926 5411 τῇ
2964 5339 3188 5408 δυνάμει
3246 5337 3410 5391 αὐτοῦ
3470 5337 3794 5407 καταργήσῃ

2217 5433 2370 5504 ἡμῶν
2398 5434 2487 5487 τὸν
2518 5433 2768 5496 θάνατον,
2824 5435 2918 5486 καλ⁸
2970 5433 3268 5503 ὲξαφανίσῃ
3317 5431 3378 5482 τὸ
3421 5431 3478 5482 tv
3525 5432 3591 5498 τῇ
3646 5428 3791 5498 ψυχῇ

2371 5551 2641 5604 “Uttan.
2683 5566 2720 5612 ι,
2750 5549 2802 5604 5.
2911 5549 2955 5580 ⁸⁸
2987 5547 3087 5600 lsa.
3127 5553 3244 5602 Lttt.
3287 5545 3350 5607 9;
3385 5542 3543 5596 lPetr
3598 5557 3659 5604 :t,
3688 5541 3790 5606 22;

2423 5632 2475 5670 4-
2515 5623 2584 5670 εἱς
2631 5621 2816 5670 Matth.
2871 5635 2988 5670 vm.
3042 5619 3128 5670 17.
3223 5616 3269 5648 ³⁸
3314 5615 3478 5670 Zach.
3527 5626 3611 5670 Ill.
3644 5615 3700 5670 5,
3737 5611 3790 5666 ι.

3465 5653 3478 5667 ο
3527 5648 3611 5682 ιιι,
3644 5648 3700 5677 υ,
3737 5648 3790 5666 πο

614 5807 726 5879 (85)
768 5807 889 5864 llmc
920 5825 946 5863 a
976 5808 1228 5868 Ferrat'io
1257 5812 1619 5882 praetenuissa
1650 5825 1679 5866 e
1715 5806 1966 5865 Perionio
2005 5805 2388 5878 supplet/imus.
