4194 6402
378 299 477 354 161

1468 298 1826 356 (ἹΟΜΜΕΝΤ.
1870 299 1936 352 ΙΝ
1975 298 2167 353 JOAN.
2209 297 2452 354 TUMUS
2489 298 2550 354 ll.

3539 309 3643 363 102

371 421 404 490 ὴ
415 417 531 488 μῶν
558 414 769 478 σκότος,
801 415 889 468 ἵνα
917 415 1176 488 πληρωθῇ
1207 417 1267 469 τὸ
1291 417 1438 490 παρὰ
1471 419 1548 490 τῷ
1590 421 1788 490 Ἡσαΐᾳ
1809 437 1820 448 ·
1855 439 1873 470 ι
1897 421 1940 474 't‘

2058 432 2294 472 Strarunt
2337 422 2624 484 tenebras,
2678 420 2941 475 nimirum
2998 430 3061 476 ut
3121 422 3445 494 impleretur
3509 427 3639 482 illud

371 510 502 574 λαὸς
532 511 560 562 ό
593 508 904 580 καθήμενος
936 511 994 563 ὲν
1027 511 1217 583 σκοτίᾳ
1251 511 1364 579 φῶς
1388 508 1495 565 εἶδε
1521 513 1684 583 μέγα.
1726 533 1743 564 ι
1782 512 1954 567 Τοῦτο

369 604 427 657 δὲ
456 603 518 656 τὸ
541 601 677 670 φῶς,
704 602 732 655 ὃ
759 604 982 672 γέγονεν
1008 606 1066 657 ὲν
1106 605 1184 675 τῷ
1210 606 1372 676 λόγῳ.
1397 608 1665 677 τυγχάνον
1693 609 1788 661 καὶ
1815 605 1955 680 ζωὴ,

371 697 553 765 φαίνει
583 696 642 747 ὲν
672 698 738 766 τῇ
778 696 968 768 σκοτίᾳ
993 696 1101 749 τῶν
1144 697 1329 768 ψυχῶν
1361 698 1538 768 ἡμῶν,
1581 700 1674 752 καὶ
1710 701 1956 773 ἐπιδεδή-

373 802 548 856 μηκεν
587 786 720 839 ὅπου
760 786 810 838 οἱ
844 787 1285 859 κοσμοκράτορες
1328 789 1422 842 τοῦ
1464 790 1689 854 σκότους
1727 790 1950 858 τούτου,

369 879 566 942 οἵτινες
591 878 679 931 διὰ
703 878 795 931 τοῦ
833 878 1084 933 παλαίειν
1115 879 1191 952 τῷ
1222 881 1330 936 τῶν
1370 881 1673 954 ἀνθρώπων
1701 884 1950 956 γένειτῷ

370 970 544 1039 σκότῳ
583 971 815 1038 ὑπάγειν
865 971 1224 1040 ἀγωνίζονται
1278 974 1404 1037 τοὺς
1452 976 1528 1046 μὴ
1570 977 1735 1029 παντὶ
1763 978 1951 1048 τρόπῳ

371 1063 715 1133 ἱσταμένους,
753 1064 893 1134 ὑπὲρ
924 1063 1018 1116 τοῦ
1047 1065 1244 1130 αὐτοὺς
1289 1068 1734 1138 πεφωτισμένους
1769 1070 1949 1137 φωτὸς

368 1154 708 1225 χρηματίσαι
743 1154 912 1218 υἱούς.
948 1157 1056 1209 Καὶ
1089 1160 1274 1226 φαῖνον
1309 1159 1366 1211 ἐν
1395 1162 1460 1230 τῇ
1496 1160 1692 1231 σκοτίᾳ,
1709 1160 1867 1214 τοῦτο
1887 1162 1947 1214 τὸ

367 1245 486 1314 φῶς
511 1244 766 1299 διώκεται
801 1247 898 1317 μὲν
921 1247 1012 1300 ὑπ’
1045 1248 1236 1318 αὐτῆς,
1262 1250 1323 1302 ού
1357 1250 1834 1322 καταλαμϐάνεται
1863 1251 1940 1305 δέ.

2059 510 2210 565 Isaia:
2241 511 2330 562 9':
2367 530 2385 560 ι
2439 510 2680 581 P0pulus
2721 513 2812 580 qui
2859 513 3088 568 sedebat
3127 515 3180 569 in
3229 518 3468 573 tenebris
3510 521 3644 575 vidit

2057 602 2232 656 lucem
2269 616 2540 668 magnam.
2579 623 2597 656 ι
2636 603 2763 660 llaec
2798 607 2980 676 itaque
3013 606 3101 660 lux
3131 623 3252 676 quae
3284 609 3427 663 facta
3459 621 3546 665 est
3586 613 3639 666 in

2057 709 2330 759 sermone,
2384 694 2660 752 exsistens
2701 700 2866 752 etiam
2917 700 3050 765 vita,
3099 698 3246 754 lucet
3296 700 3348 754 in
3399 702 3641 756 tenebris

2057 789 2363 842 animarum
2411 799 2721 844 nnstrarutn
2776 809 2790 844 :
2843 802 2897 845 et
2943 806 3009 846 eo
3048 795 3288 847 accessit
3339 793 3430 848 ubi
3481 803 3640 849 erant

2060 880 2248 934 mundi
2277 889 2521 936 rectores
2563 883 2912 938 tenebrarum
2947 882 3212 956 [saeculi]
3250 885 3410 956 hujus
3437 885 3504 952 ⁸³,
3541 887 3637 956 qui

2057 971 2189 1041 quia
2229 987 2352 1026 cum
2399 987 2600 1042 genere
2646 974 2886 1029 humano
2927 975 3227 1042 luctentur,
3275 977 3328 1031 in
3382 979 3637 1035 tenebras

2057 1063 2329 1117 adducere
2357 1077 2451 1119 eos
2479 1065 2812 1119 contendunt
2846 1065 2940 1136 qui
2973 1082 3076 1135 pro
3104 1067 3248 1122 virili
3283 1085 3388 1124 non
3422 1070 3636 1126 instant

2055 1165 2114 1208 ut
2141 1154 2426 1210 illuminati
2461 1158 2512 1210 in
2546 1157 2779 1212 filiorum
2829 1159 2966 1214 lucis
3010 1174 3241 1215 numero
3282 1171 3629 1220 censeantur.

2052 1243 2172 1299 Jam
2199 1262 2330 1302 vero
2360 1249 2524 1303 etiam
2566 1248 2681 1304 ha:c
2728 1248 2821 1303 lux
2859 1249 3050 1306 lucens
3082 1251 3138 1305 in
3179 1253 3420 1307 tenebris
3449 1269 3636 1324 perse-

366 1341 644 1394 cutionem
677 1341 878 1408 patitur
905 1342 1122 1410 quidem
1159 1359 1186 1393 a
1231 1345 1487 1405 tenebris,
1526 1345 1620 1398 sed
1663 1362 1768 1400 non
1813 1340 2261 1412 apprehenditur.

449 1431 577 1484 Ἐάν
637 1431 694 1485 δέ
749 1450 832 1496 τις
887 1435 1084 1508 νομίσῃ
1123 1434 1186 1488 τὸ
1241 1435 1316 1507 μὴ
1360 1437 1742 1508 γεγραμμένον
1793 1439 1942 1508 ἡμᾶς

373 1522 748 1594 προστιθέναι,
779 1525 841 1578 τὸ
869 1526 1160 1580 διώκεσθαι
1186 1528 1246 1581 τὸ
1283 1529 1397 1598 φῶς
1425 1531 1530 1583 ύπὸ
1557 1530 1654 1600 τῆς
1699 1529 1941 1594 σκοτίας,

2121 1435 2234 1504 80
2261 1434 2354 1488 22.
2381 1434 2535 1500 Quod
2586 1435 2632 1490 si
2675 1435 2796 1504 quis
2819 1445 2971 1504 putet
3001 1450 3100 1491 nos
3127 1436 3328 1492 addere
3355 1439 3495 1507 quod
3524 1453 3630 1494 non

2051 1525 2122 1581 sit
2155 1526 2444 1596 scriptum,
2477 1540 2671 1596 nempe
2695 1527 2836 1595 quod
2871 1527 3109 1583 tenebrae
3137 1528 3313 1584 lucem
3347 1530 3634 1600 insequan-

364 1613 629 1677 ἀκουέτω,
665 1615 745 1667 ὅτι
773 1615 833 1668 τό
857 1633 870 1645 ·
910 1636 928 1666 ¢
971 1617 1035 1669 Ἥ
1065 1617 1252 1670 σκοτία
1299 1619 1431 1672 αὐτὸ
1475 1621 1534 1672 ού
1588 1618 1875 1682 κατέλαϐε,
1920 1637 1940 1671 ι

2055 1628 2164 1682 tur,
2201 1620 2388 1674 audiat
2425 1619 2628 1673 frustra
2662 1618 2792 1674 illud
2826 1620 2954 1686 dici,
2998 1624 3140 1692 quod
3183 1641 3202 1674 ι
3243 1625 3478 1679 tenebrae
3509 1639 3631 1678 eam

367 1703 621 1774 μηδαμοῦ
654 1706 755 1776 τῆς
785 1707 1004 1770 σκοτίας
1025 1707 1294 1779 διωξάσης
1326 1711 1386 1763 τὸ
1417 1711 1550 1779 φῶς,
1587 1713 1762 1784 μάτην
1791 1711 1946 1782 λέγε-

363 1812 472 1853 ται.
518 1799 607 1861 Ὠς
645 1799 702 1852 δὲ
743 1800 926 1870 ἔχουσι
978 1800 1102 1854 νοῦν
1135 1801 1452 1866 ἐκδέξασθαι
1489 1803 1782 1876 δυνάμενον
1814 1806 1943 1860 ἀκο-

362 1886 569 1952 λούθως
594 1891 708 1952 τοῖς
729 1891 1138 1962 γεγραμμένοις
1163 1889 1233 1945 τὰ
1256 1892 1586 1964 νομιζόμενα
1620 1896 1942 1965 παραλελεῖ-

364 1979 518 2051 φθαι,
568 1980 804 2052 ἔγραψεν
847 1983 877 2034 ό
913 1983 1166 2054 Ἰωάννης
1213 1983 1274 2036 τό
1301 1986 1437 2039 οιἮ
1470 1985 1659 2040 σκοτία
1705 1987 1838 2039 αὐτὸ
1877 1988 1937 2040 οὐ

363 2071 786 2128 κατέλαϐεν.ιΕί
815 2072 924 2145 γὰρ
947 2074 1007 2127 οὐ
1035 2074 1325 2137 κατέλαϐε,
1377 2073 1614 2141 διώξασα
1666 2076 1726 2129 ού
1775 2077 1939 2130 κατέ-

361 2152 522 2216 λαϐελ
549 2163 644 2215 καὶ
671 2163 752 2215 ὅτι
783 2163 1000 2230 ἐδίωξεν
1027 2165 1060 2234 ἡ
1093 2164 1283 2218 σκοτία
1311 2166 1372 2218 τὸ
1410 2165 1548 2235 φῶς,
1571 2166 1732 2236 δῆλον
1778 2167 1849 2220 ἐκ
1877 2186 1938 2222 τε

361 2253 435 2313 ὧν
466 2261 738 2315 πέπονθεν
772 2264 800 2316 ὁ
824 2263 1039 2334 Σωτὴρ,
1074 2263 1168 2316 καὶ
1209 2265 1257 2316 οἱ
1310 2265 1745 2337 παραδεξάμενοι
1773 2257 1938 2322 αὑτοῦ

359 2350 425 2402 τὰ
461 2350 783 2421 μαθήματα,
812 2352 882 2405 τὰ
898 2353 1004 2406 ἴδια
1029 2352 1213 2415 τέκνα,
1240 2355 1337 2424 τῆς
1370 2355 1587 2419 σκοτίας
1611 2357 1940 2430 ἐνεργούσης

360 2443 500 2496 κατὰ
524 2441 634 2496 τῶν
674 2445 806 2497 υἱῶν
833 2444 925 2497 τοῦ
967 2445 1164 2513 φωτὸς,
1197 2447 1290 2498 καὶ
1325 2445 1678 2518 βουληθείσης
1703 2450 1938 2504 ἀποδιῶ-

360 2533 440 2599 ξαι
467 2533 578 2589 ἀπὸ
610 2534 718 2589 τῶν
751 2535 1053 2608 ἀνθρώπων
1096 2537 1190 2590 τοῦ
1229 2540 1425 2607 φωτός.
1468 2539 1607 2592 Ἀλλ’
1652 2543 1794 2607 ἐπεὶ,
1843 2543 1939 2598 ἐὰν

359 2627 490 2690 Θεὸς
523 2627 666 2697 ὑπὲρ
707 2627 888 2699 ἡμῶν,
941 2629 1135 2694 οὐδεὶς,
1173 2629 1277 2684 κᾶν
1323 2630 1598 2703 βούληται,
1649 2634 1939 2708 δυνήσεται

359 2716 480 2770 καθ’
504 2715 682 2787 ἡμῶν,
711 2718 819 2789 ὅσῳ
835 2720 1058 2782 ἑαυτοὺς
1082 2720 1420 2785 ὲταπείνουν,
1452 2723 1690 2795 τοσούτῳ
1721 2726 1940 2792 πλείους

357 2808 619 2880 ῑγίνοντο,
645 2813 740 2865 καὶ
769 2813 1064 2883 κατίσχυον
1096 2814 1302 2886 σφόδρα
1336 2815 1561 2888 σφόδρα.
1601 2819 1776 2891 Διχῶς
1805 2820 1862 2873 δὲ
1903 2823 1936 2892 ἡ

361 2902 549 2956 σκοτία
579 2902 640 2955 τὸ
671 2902 786 2972 φῶς
815 2904 876 2956 οὐ
914 2905 1272 2975 κατείληφεν·
1304 2907 1338 2977 ἢ
1369 2908 1575 2980 σφόδρα
1597 2911 1764 2964 αὐτοῦ
1801 2913 1939 2967 ἀποο

2053 1726 2160 1765 non
2209 1711 2691 1782 apprehenderunt
2739 1713 2808 1773 “.
2845 1731 2864 1764 ι
2915 1713 2961 1767 si
3004 1729 3347 1792 nequaquam
3393 1715 3634 1773 tenebras

2055 1801 2233 1856 lucem
2256 1809 2721 1870 suntpersecntze.
2750 1801 2927 1856 Veluti
2954 1813 3132 1858 autem
3159 1813 3339 1860 mente
3365 1807 3629 1876 praeditis,

2048 1908 2146 1963 per
2185 1908 2347 1963 quam
2397 1891 2700 1962 intelligere
2750 1903 2976 1962 possent
3019 1898 3407 1966 consequentia
3443 1913 3625 1954 rerum

2048 1986 2381 2056 scriptarum
2415 2000 2534 2054 quae
2567 1993 2889 2054 putarentur
2916 1987 3136 2050 omissa,
3167 1989 3361 2043 scribit
3382 1987 3622 2046 Joannes

2051 2077 2304 2133 tenebras
2349 2076 2524 2131 lucem
2566 2092 2672 2130 non
2724 2077 3170 2147 apprehendisse.
3220 2078 3355 2134 Nam
3412 2080 3458 2135 si
3513 2096 3621 2136 non

2047 2168 2547 2239 apprehenderunt,
2578 2177 2884 2238 persecutae
2933 2185 3039 2224 non
3088 2171 3568 2240 apprehenderunt
3607 2191 3624 2240 ;
3728 2179 3733 2186 '

2047 2261 2306 2331 quodque
2335 2259 2510 2318 lucem
2549 2261 2790 2316 tenebrae
2817 2271 3122 2330 persecutae
3151 2263 3380 2330 fuerint,
3409 2266 3624 2336 perspi-

2047 2370 2206 2409 cuum
2233 2361 2336 2414 est,
2376 2362 2486 2408 tum
2517 2369 2583 2408 ex
2624 2355 2712 2409 his
2746 2369 2869 2423 quae
2903 2354 3170 2409 Servator
3199 2370 3492 2426 perpessus
3519 2370 3622 2420 e5t.

2051 2455 2162 2500 tum
2201 2445 2366 2501 etiam
2406 2446 2480 2500 illi
2519 2447 2611 2515 qui
2644 2446 2787 2500 illius
2818 2446 3157 2515 disciplinam
3182 2460 3535 2518 exceperunt,
3572 2460 3627 2504 ct

2047 2537 2219 2590 secuti
2255 2545 2408 2602 sunt,
2439 2534 2661 2605 genuini
2696 2534 2868 2603 ipsius
2898 2534 3020 2599 lilii,
3060 2536 3301 2589 tenebris
3347 2538 3622 2604 operanti-

2048 2629 2148 2682 bus
2203 2627 2463 2681 adversus
2509 2626 2646 2681 lucis
2693 2625 2832 2681 ﬁlios
2873 2635 2929 2680 et
2965 2626 3152 2697 fugare
3195 2627 3498 2682 volentibus
3544 2629 3620 2681 lu-

2046 2735 2164 2775 cem
2183 2718 2252 2773 ab
2281 2719 2612 2772 hominibus.
2636 2717 2707 2772 At
2725 2717 2982 2786 quoniam
3005 2719 3050 2772 si
3077 2717 3218 2773 Deus
3241 2733 3339 2787 pro
3365 2717 3524 2773 nobis
3545 2718 3616 2782 “,

2048 2811 2246 2877 nullus,
2280 2811 2495 2865 etiamsi
2532 2809 2684 2875 velit,
2717 2810 2914 2879 poterit
2944 2809 3152 2879 aliquid
3181 2811 3469 2865 adversum
3501 2825 3621 2876 nos,

2047 2914 2254 2974 quanto
2304 2902 2478 2972 magis
2522 2901 2732 2970 seipsos
2798 2901 3186 2967 lmmiliabant,
3233 2910 3387 2956 tanto
3439 2900 3622 2970 plures

359 2991 676 3064 λειπομένη,
703 2995 803 3051 καὶ
833 2995 921 3048 διὰ
953 2995 1052 3066 τὴν
1085 2996 1222 3051 ἰδίαν
1249 2997 1561 3070 βραδύτητα
1608 3005 1674 3073 τῇ
1718 3004 1936 3076 ὀξύτητι

2047 2997 2387 3050 cxsistebant
2414 2993 2896 3064 praevalebantque
2925 2997 3213 3050 admodum
3246 2995 3420 3050 valde.
3450 2995 3622 3050 Porro

358 3086 450 3138 καὶ
483 3085 750 3156 ταχύτητι
790 3087 884 3139 τοῦ
929 3086 1132 3158 δρόμου
1179 3087 1273 3140 τοῦ
1321 3089 1517 3158 φωτὸς,
1550 3092 1668 3144 οὐδὲ
1712 3095 1850 3148 κατὰ
1877 3096 1938 3148 τὸ

357 3178 523 3230 ποσὸν
547 3177 1024 3248 παρακολουθῆσαι
1043 3178 1314 3252 δυναμένη
1333 3198 1346 3211 ·
1374 3181 1406 3252 ἦ
1435 3181 1606 3236 εἵπου
1628 3186 1940 3258 ἐνεδρεῦσαι

359 3267 680 3338 βεϐούληται
713 3269 774 3322 τὸ
818 3270 932 3338 φῶς
966 3270 1064 3341 τὴν
1089 3272 1332 3335 σκοτίαν,
1358 3275 1450 3326 καὶ
1478 3277 1597 3328 κατ’
1627 3277 1938 3350 οἰκονομίαν

359 3359 694 3430 παρέμεινεν
723 3361 1098 3432 ἐπερχομένην
1141 3361 1311 3434 αὐτὴν
1350 3364 1619 3433 ὲγγίσασα
1664 3369 1696 3439 ή
1749 3371 1938 3424 σκοτία

357 3451 448 3504 τοῦ
476 3453 656 3520 φωτὸς
677 3451 986 3522 ἠφανίζετο.
1019 3451 1166 3524 Πλὴν
1196 3454 1472 3526 ἑκατέρως
1511 3457 1621 3529 (84)
1667 3460 1700 3530 ὴ
1749 3463 1937 3516 σκοτία

358 3537 417 3591 ού
449 3540 717 3594 κατέλαϐε
741 3541 800 3594 τὸ
823 3541 958 3611 φῶς.

2046 3089 2258 3143 duobus
2289 3086 2463 3140 modis
2492 3087 2730 3141 tenebra:
2753 3100 2860 3141 non
2888 3087 3365 3156 apprehendernnt
3393 3087 3572 3142 lucem
3603 3105 3618 3142 :

2047 3179 2131 3234 vel
2168 3179 2294 3248 quia
2325 3177 2416 3232 lux
2442 3191 2540 3232 eas
2572 3177 2733 3248 longo
2778 3177 3065 3233 intervallo
3097 3187 3219 3248 post
3255 3193 3315 3234 se
3351 3180 3622 3250 relinque-

2049 3281 2150 3337 ret,
2180 3279 2237 3324 ut
2275 3285 2438 3341 quam
2472 3268 2756 3323 celeritate
2791 3270 3219 3340 pernicitateque
3247 3283 3443 3325 cursus
3483 3286 3623 3339 pra

2048 3371 2308 3430 Stantem,
2337 3363 2406 3418 ob
2440 3363 2716 3433 propriam
2749 3361 3062 3415 tarditatem
3090 3361 3220 3430 ipsa:
3247 3361 3510 3428 tenebrae,
3552 3377 3622 3415 ne

2039 3455 2196 3524 juxta
2250 3453 2613 3524 quantitatem
2664 3453 2904 3522 quidem,
2963 3453 3181 3521 assequi
3241 3463 3484 3522 possent,
3532 3455 3621 3508 vel

2044 3549 2173 3618 quia
2197 3545 2371 3600 sicubi
2397 3546 2633 3601 tenebrae
2664 3545 2769 3600 luci
2805 3545 3028 3600 insidias
3065 3554 3280 3600 struere
3321 3545 3618 3610 voluerint,

357 3641 522 3700 atque
545 3643 699 3688 certo
720 3637 953 3702 quodam
981 3635 1235 3702 consilio,
1257 3645 1312 3691 et
1334 3653 1430 3707 per
1452 3640 1908 3709 dispensationem
1939 3639 2386 3714 supervenientes
2415 3637 2561 3707 ipsas
2591 3636 2681 3690 lux
2717 3637 3138 3705 exspectaverit,
3177 3652 3299 3691 mox
3333 3647 3496 3706 atque
3515 3637 3620 3692 luci

359 3730 939 3798 appropinquaverint,
971 3741 1328 3786 evanescunt.
1358 3733 1611 3789 Attamen
1637 3747 1870 3806 utroque
1900 3737 2058 3791 modo
2093 3732 2335 3788 tenebrat
2367 3732 2544 3786 lucem
2575 3745 2683 3786 non
2717 3732 3216 3799 apprehendcrunt.

439 3825 763 3890 Ἀναγκαῖον
790 3823 847 3875 δὲ
870 3825 928 3891 έν
959 3825 1169 3890 τούτοις
1195 3828 1345 3897 ἡμᾶς
1377 3827 1703 3898 γενομένους
1746 3831 1940 3900 ἐπιση-

359 3914 592 3986 μειῶσαι
617 3913 749 3984 (85),
772 3916 856 3969 ὃτι
883 3917 944 3969 ού
975 3918 1212 3981 πάντως,
1244 3919 1421 3972 εἵπου
1453 3919 1776 3990 ὀνομάζεται
1811 3922 1938 3975 σκό-

357 4023 466 4070 τος,
498 4008 597 4063 ὲπὶ
624 4007 701 4078 τῷ
729 4007 932 4078 χείρονι
965 4009 1332 4080 λαμϐάνεται·
1370 4011 1483 4064 ἔσθ’
1518 4013 1605 4066 ὅτε
1638 4013 1694 4066 δὲ
1722 4014 1816 4068 καὶ
1846 4015 1940 4068 ἐπὶ

357 4098 434 4168 τῷ
466 4100 736 4170 κρείττονι
769 4101 1183 4173 ἀναγέγραπται
1205 4121 1218 4134 ο
1251 4105 1389 4174 ὅπερ
1414 4105 1463 4156 oi
1486 4105 1783 4176 ἑτερόδοξοι
1824 4106 1938 4180 (86)

361 4189 433 4260 μὴ
462 4191 916 4262 διαστειλάμενοι,
950 4193 1338 4265 δυσφημότατα
1367 4196 1496 4267 περὶ
1539 4197 1631 4250 τοῦ
1664 4201 1935 4270 Δημιουρ-

357 4281 452 4348 γοῦ
496 4283 744 4353 δόγματα
762 4284 1216 4357 παραδεξάμενοι,
1244 4287 1560 4359 ἀπέστησαν
1587 4290 1774 4355 αὐτοῦ,
1805 4294 1935 4345 ἀνα-

357 4374 641 4445 πλλσμασι
696 4374 880 4446 μύθων
930 4378 1156 4441 ἑαυτοὺς
1206 4379 1613 4445 έπιδεδωκότες.
1651 4383 1775 4447 Πῶς
1817 4381 1932 4447 οὖν,

2114 3829 2207 3882 23.
2238 3827 2472 3883 Necesse
2502 3835 2684 3880 autem
2713 3836 2797 3880 est
2831 3840 2928 3879 nos
2968 3825 3022 3879 in
3067 3825 3153 3880 his
3183 3836 3470 3881 versantes
3519 3825 3620 3881 ad-

2042 3928 2258 3984 notare,
2290 3935 2420 3984 non,
2447 3918 2623 3973 sicubi
2655 3920 2895 3972 tenebrae
2934 3918 3311 3981 nominentur,
3356 3933 3480 3972 mox
3523 3931 3622 3974 eas

2042 4014 2097 4069 in
2128 4013 2368 4084 pejorem
2401 4020 2610 4083 partem
2649 4010 2815 4075 sumi,
2857 4024 3045 4065 verum
3081 4009 3426 4080 Scripturam
3454 4009 3620 4065 etiam

2039 4103 2092 4159 in
2142 4105 2340 4159 bonam
2375 4110 2583 4174 partem
2626 4099 2917 4170 aliquoties
2970 4099 3070 4154 bas
3117 4099 3416 4169 accipere:
3469 4101 3616 4168 quod

2038 4197 2129 4266 qui
2176 4197 2391 4252 diversa
2442 4211 2472 4250 a
2505 4194 2664 4249 nobis
2698 4193 2961 4258 sentiunt,
3000 4207 3104 4246 non
3135 4191 3456 4255 dividentes,
3493 4191 3618 4246 bor-

2041 4289 2209 4344 renda
2257 4289 2325 4343 de
2371 4287 2558 4342 mundi
2589 4285 2798 4357 Opiﬁce
2849 4287 3096 4354 dogmata
3133 4285 3505 4352 admittentes,
3547 4284 3620 4339 ab

2042 4383 2162 4453 ipso
2197 4391 2563 4445 recesserunt,
2595 4381 2807 4451 seipsos
2849 4379 3119 4448 figmentis
3158 4377 3462 4434 fabularum
3517 4380 3622 4434 ad-

359 4468 450 4518 κα“ι
480 4467 633 4530 πότε,
671 4468 765 4520 καὶ
797 4468 890 4519 ἐπὶ
921 4469 1016 4522 τοῦ
1046 4469 1354 4540 κρείττονος
1378 4473 1438 4525 τὸ
1461 4473 1632 4545 ὄνομα
1666 4476 1761 4530 τοῦ
1806 4479 1934 4532 5x6-

2047 4450 2309 4531 dicentes.
2366 4473 2654 4541 Quomodo
2705 4489 2863 4546 ergo,
2908 4480 2965 4525 et
3006 4472 3247 4541 quando,
3287 4480 3346 4528 et
3381 4486 3507 4526 num
3559 4471 3616 4525 in

358 4573 480 4621 τους
534 4559 1048 4630 παραλαμϐάνεται,
1112 4563 1504 4632 παραδεικτέον
1541 4567 1664 4638 ἤδη.
1715 4569 1933 4635 Σκότος,

357 4651 576 4720 γνόφος,
614 4651 810 4705 θύελλα
852 4654 912 4705 ὲν
957 4656 1022 4723 τῇ
1064 4653 1258 4725 Ἐξόόῳ
1312 4657 1443 4727 περὶ
1488 4658 1580 4711 τὸν
1617 4660 1749 4713 Θεὸν
1795 4658 1934 4718 εἶναι

290 4791 298 4801 ,
342 4739 597 4809 λέγεται,
630 4743 724 4795 καὶ
745 4743 803 4796 ὲν
827 4742 905 4814 τῷ
941 4744 1002 4808 ιζ’
1031 4742 1262 4815 ψαλμῶ·
1303 4764 1322 4797 ε
1367 4747 1425 4800 'U
1452 4747 1584 4812 Θεὸς
1622 4750 1772 4805 ἔθετο
1804 4755 1930 4807 σκό-

359 4848 447 4895 τος
472 4835 798 4907 ὰποκρυφὴν
822 4836 1009 4900 αὑτοῦ,
1042 4836 1226 4908 κύκλῳ
1255 4839 1420 4892 αὑτοῦ
1452 4843 1485 4912 ή
1525 4845 1698 4914 σκηνὴ
1733 4845 1898 4900 αὐτοῦ
1917 4864 1930 4878 ·

361 4926 633 4980 σκοτεινὸν
683 4926 828 4998 ὕδωρ
859 4929 918 4980 ὲν
947 4928 1199 4998 νεφέλαις
1231 4930 1442 5001 ἀέρων·
1493 4952 1511 4984 ο
1559 4934 1653 4988 ἐὰν
1699 4935 1808 5006 γάρ
1848 4955 1934 5002 τις

361 5020 668 5090 κατανοήσῃ
717 5018 778 5071 τὸ
832 5019 1035 5088 πλῆθος
1079 5020 1187 5074 τῶν
1216 5021 1346 5091 περὶ
1389 5022 1522 5076 Θεοῦ
1566 5024 1935 5098 θεωρημάτων

362 5109 454 5161 καὶ
480 5109 752 5176 γνώσεως,
804 5110 1044 5180 ἄληπτον
1078 5112 1346 5182 τυγχάνον
1393 5114 1716 5190 ἀνθρωπίνῃ
1749 5118 1931 5188 φύσει,

363 5200 501 5269 τάχα
546 5201 602 5254 δὲ
646 5202 742 5254 καὶ
784 5202 990 5275 ἑτέροις
1041 5204 1193 5276 παρὰ
1239 5207 1473 5277 Χριστὸν
1523 5211 1618 5265 καὶ
1662 5211 1724 5264 τὸ
1778 5212 1934 5281 ἅγιον

364 5290 585 5361 Πνεῦμα
623 5295 888 5362 γενητοῖς,
937 5295 1140 5347 εἴσεται
1186 5296 1304 5360 πῶς
1344 5299 1474 5370 περὶ
1523 5298 1614 5352 τὸν
1646 5299 1780 5353 Θεόν
1815 5301 1933 5355 ἐστι

482 5428 528 5458 ⁹¹
558 5430 658 5485 lsa.
689 5447 768 5492 ix.
797 5432 851 5486 2.

381 5492 426 5528 "
463 5496 613 5557 Vers.
654 5503 741 5557 12.

433 5641 563 5708 (84)
604 5640 775 5708 Πλὴν
819 5637 1128 5704 ἑκατέρως.
1181 5637 1271 5708 Sic
1327 5636 1496 5689 codex
1554 5632 1922 5698 Bodleianus;

367 5707 525 5762 editio
564 5707 844 5764 IIuntiLina.
873 5709 1016 5778 Πλὴν
1042 5707 1308 5778 ἑκατέρῳ.

437 5782 545 5843 (85)
597 5772 1071 5847 ’Emmyzuééat.
1113 5772 1390 5831 lla-codex
1424 5773 1780 5837 Bodleianus;
1811 5772 1926 5825 edi-

959 5435 1007 5466 ’³
1030 5436 1234 5505 Ephes.
1266 5452 1318 5490 vt
1339 5475 1353 5500 ,
1389 5439 1473 5494 12.
1580 5437 1627 5469 ’⁸
1651 5437 1802 5492 Ioan.
1836 5453 1881 5499 ι,
1911 5437 1962 5492 5.

2044 4569 2324 4623 meliorem
2356 4578 2571 4638 partem
2602 4567 2952 4624 tenebrarum
2981 4580 3180 4621 nomen
3208 4572 3478 4630 sumatur,
3502 4564 3616 4632 jam

2041 4672 2127 4716 est
2169 4661 2589 4715 ostendendum.
2642 4658 2923 4725 Tenebrae,
2971 4659 3144 4714 nubes
3194 4657 3518 4726 nimbusque
3560 4658 3615 4711 in

2040 4754 2233 4808 Exodo
2274 4753 2322 4784 ⁹⁶
2357 4753 2505 4806 circa
2539 4750 2708 4805 Deum
2749 4765 2873 4806 esse
2901 4750 3180 4815 dicuntur,
3222 4759 3278 4804 et
3313 4749 3366 4803 in
3405 4747 3617 4816 psalmo

2045 4847 2256 4901 decimo
2285 4845 2519 4914 septimo
2541 4844 2589 4881 9"
2617 4860 2632 4896 :
2669 4843 2815 4898 Deus
2852 4861 2871 4894 ι
2907 4841 3090 4911 posuit
3123 4841 3384 4897 tenebras
3414 4840 3615 4896 latibu-

2041 4936 2151 4989 lum
2190 4951 2373 5001 suum,
2407 4935 2460 4990 in
2485 4935 2721 4993 circuitu
2753 4935 2871 5004 ejus
2904 4933 3319 4989 tabernaculum
3349 4931 3510 5002 ejus:
3538 4942 3615 4988 te-

2043 5030 2272 5083 nebrosa
2309 5044 2448 5100 aqua
2481 5029 2536 5083 in
2566 5029 2804 5084 nubibus
2827 5027 3011 5084 aeris:
3044 5045 3063 5079 »
3095 5027 3142 5082 si
3164 5027 3312 5082 enim
3335 5027 3461 5096 quis
3483 5040 3615 5084 con~

2039 5117 2366 5173 sideraverit
2409 5117 2815 5174 multitudinem
2871 5115 3388 5188 contemplationum
3424 5122 3480 5170 et
3515 5129 3615 5168 co-

2041 5209 2300 5280 gnitionis
2329 5208 2397 5263 de
2431 5208 2564 5274 Deo,
2599 5225 2776 5284 quam.
2801 5209 3039 5264 humana
3091 5213 3289 5262 natura
3329 5206 3614 5276 percipere

2041 5310 2296 5370 nequeat,
2332 5301 2567 5356 fortasse
2609 5310 2793 5355 autem
2845 5314 2944 5356 nec
2978 5299 3075 5354 alii
3104 5299 3199 5371 qui
3247 5297 3420 5368 geniti
3460 5305 3611 5362 sunt,

2072 5436 2119 5468 "
2145 5435 2304 5491 Rom.
2340 5451 2472 5502 vm,
2507 5435 2594 5490 '5l.
2705 5439 2751 5471 “
2784 5436 2951 5493 Exod.
2998 5449 3120 5502 ιιι,
3158 5433 3222 5496 9,
3253 5429 3350 5496 16;
3381 5445 3483 5501 XX,
3513 5435 3607 5495 21.

2043 5631 2120 5686 ιίο
2139 5630 2350 5702 11ιιθιίἰ,
2378 5631 2831 5702 ὲπισημειῶσθαι.

2104 5701 2219 5767 (86)
2262 5701 2439 5772 ’ρπερ
2486 5701 2559 5772 οἵ
2585 5703 2940 5772 ἑτερόδοξοι,
2967 5713 3076 5758 etc.
3109 5705 3467 5763 Valentiniani
3521 5707 3608 5772 ni-

2034 5772 2256 5838 mirum,
2286 5771 2612 5826 Cerdoniani
2641 5783 2696 5827 et
2727 5771 3076 5831 Marcioniue.
