  <div class='ocr_page' id='page_1' title='image "/cluster/home/n/w/nwhite01/storage/ocr_20150623/14:no.4/coo.31924054872928/091.png"; bbox 0 0 4194 6412; ppageno 0'>
   <div class='ocr_carea' id='block_1_1' title="bbox 618 307 722 363">
    <p class='ocr_par' dir='ltr' id='par_1_1' title="bbox 618 307 722 363">
     <span class='ocr_line' id='line_1_1' title="bbox 618 307 722 363; baseline 0.01 -1"><span class='ocrx_word' id='word_1_1' title='bbox 618 307 722 363; x_wconf 80' lang='grc'><strong>165</strong></span> 
     </span>
    </p>
   </div>
   <div class='ocr_carea' id='block_1_2' title="bbox 2088 308 2408 366">
    <p class='ocr_par' dir='ltr' id='par_1_2' title="bbox 2088 308 2408 366">
     <span class='ocr_line' id='line_1_2' title="bbox 2088 308 2408 366; baseline -0.003 -1"><span class='ocrx_word' id='word_1_2' title='bbox 2088 308 2408 366; x_wconf 81' lang='lat' dir='ltr'><strong>ORICENIS</strong></span> 
     </span>
    </p>
   </div>
   <div class='ocr_carea' id='block_1_3' title="bbox 3781 317 3882 372">
    <p class='ocr_par' dir='ltr' id='par_1_3' title="bbox 3781 317 3882 372">
     <span class='ocr_line' id='line_1_3' title="bbox 3781 317 3882 372; baseline 0.01 -1"><span class='ocrx_word' id='word_1_3' title='bbox 3781 317 3882 372; x_wconf 66' lang='grc'><strong>164</strong></span> 
     </span>
    </p>
   </div>
   <div class='ocr_carea' id='block_1_4' title="bbox 623 424 2191 506">
    <p class='ocr_par' dir='ltr' id='par_1_4' title="bbox 623 424 2191 497">
     <span class='ocr_line' id='line_1_4' title="bbox 623 424 2191 497; baseline 0.001 -16"><span class='ocrx_word' id='word_1_4' title='bbox 623 433 822 496; x_wconf 58' lang='lat' dir='ltr'><strong>prater</strong></span> <span class='ocrx_word' id='word_1_5' title='bbox 850 425 1130 482; x_wconf 87' lang='lat' dir='ltr'><strong>Christum</strong></span> <span class='ocrx_word' id='word_1_6' title='bbox 1173 433 1228 479; x_wconf 92' lang='lat' dir='ltr'><strong>et</strong></span> <span class='ocrx_word' id='word_1_7' title='bbox 1274 424 1539 496; x_wconf 83' lang='lat' dir='ltr'><strong>Spiritum</strong></span> <span class='ocrx_word' id='word_1_8' title='bbox 1574 435 1850 492; x_wconf 86' lang='lat' dir='ltr'><strong>sanctum,</strong></span> <span class='ocrx_word' id='word_1_9' title='bbox 1884 427 2022 482; x_wconf 77' lang='lat' dir='ltr'><strong>sciet</strong></span> <span class='ocrx_word' id='word_1_10' title='bbox 2061 443 2191 497; x_wconf 89' lang='lat' dir='ltr'><strong>quo-</strong></span> 
     </span>
    </p>
   </div>
   <div class='ocr_carea' id='block_1_5' title="bbox 2294 424 3880 506">
    <p class='ocr_par' dir='ltr' id='par_1_5' title="bbox 2312 427 3880 506">
     <span class='ocr_line' id='line_1_5' title="bbox 2312 427 3880 506; baseline 0.006 -25"><span class='ocrx_word' id='word_1_11' title='bbox 2312 431 2521 494; x_wconf 81' lang='grc' dir='ltr'><strong>σκότος,</strong></span> <span class='ocrx_word' id='word_1_12' title='bbox 2541 429 2680 484; x_wconf 87' lang='grc' dir='ltr'><strong>κατά</strong></span> <span class='ocrx_word' id='word_1_13' title='bbox 2703 428 2763 482; x_wconf 83' lang='grc' dir='ltr'>τὸ</span> <span class='ocrx_word' id='word_1_14' title='bbox 2784 427 3093 497; x_wconf 79' lang='grc' dir='ltr'><strong>ἀγνοεῖσθαι</strong></span> <span class='ocrx_word' id='word_1_15' title='bbox 3117 429 3207 483; x_wconf 78' lang='grc' dir='ltr'>τὸν</span> <span class='ocrx_word' id='word_1_16' title='bbox 3231 432 3352 484; x_wconf 84' lang='grc' dir='ltr'>κατ’</span> <span class='ocrx_word' id='word_1_17' title='bbox 3378 429 3536 496; x_wconf 85' lang='grc' dir='ltr'>ἀξίαν</span> <span class='ocrx_word' id='word_1_18' title='bbox 3563 434 3691 506; x_wconf 82' lang='grc' dir='ltr'><strong>περὶ</strong></span> <span class='ocrx_word' id='word_1_19' title='bbox 3716 437 3880 491; x_wconf 77' lang='grc' dir='ltr'>αὐτοῦ</span> 
     </span>
    </p>
   </div>
   <div class='ocr_carea' id='block_1_6' title="bbox 619 518 2204 590">
    <p class='ocr_par' dir='ltr' id='par_1_6' title="bbox 619 518 2204 590">
     <span class='ocr_line' id='line_1_6' title="bbox 619 518 2204 590; baseline 0.002 -16"><span class='ocrx_word' id='word_1_20' title='bbox 619 535 746 574; x_wconf 87' lang='lat' dir='ltr'><strong>nam</strong></span> <span class='ocrx_word' id='word_1_21' title='bbox 773 528 936 589; x_wconf 86' lang='lat' dir='ltr'><strong>pacto</strong></span> <span class='ocrx_word' id='word_1_22' title='bbox 986 519 1130 575; x_wconf 91' lang='lat' dir='ltr'><strong>circa</strong></span> <span class='ocrx_word' id='word_1_23' title='bbox 1193 519 1360 574; x_wconf 91' lang='lat' dir='ltr'><strong>Deum</strong></span> <span class='ocrx_word' id='word_1_24' title='bbox 1413 518 1524 573; x_wconf 85' lang='lat' dir='ltr'><strong>sint</strong></span> <span class='ocrx_word' id='word_1_25' title='bbox 1567 521 1808 575; x_wconf 73' lang='lat' dir='ltr'><strong>tenebrae</strong></span> <span class='ocrx_word' id='word_1_26' title='bbox 1849 536 1865 583; x_wconf 89' lang='lat'><strong>;</strong></span> <span class='ocrx_word' id='word_1_27' title='bbox 1912 529 2204 590; x_wconf 76' lang='lat' dir='ltr'><strong>propterea</strong></span> 
     </span>
    </p>
   </div>
   <div class='ocr_carea' id='block_1_7' title="bbox 619 611 2200 684">
    <p class='ocr_par' dir='ltr' id='par_1_7' title="bbox 619 611 2200 684">
     <span class='ocr_line' id='line_1_7' title="bbox 619 611 2200 684; baseline 0.004 -22"><span class='ocrx_word' id='word_1_28' title='bbox 619 611 766 682; x_wconf 87' lang='lat' dir='ltr'><strong>quod</strong></span> <span class='ocrx_word' id='word_1_29' title='bbox 825 611 971 666; x_wconf 85' lang='lat' dir='ltr'><strong>nulla</strong></span> <span class='ocrx_word' id='word_1_30' title='bbox 1039 614 1437 681; x_wconf 84' lang='lat' dir='ltr'><strong>quantumlibet</strong></span> <span class='ocrx_word' id='word_1_31' title='bbox 1485 614 1739 684; x_wconf 87' lang='lat' dir='ltr'><strong>copiosa,</strong></span> <span class='ocrx_word' id='word_1_32' title='bbox 1797 622 1964 681; x_wconf 85' lang='lat' dir='ltr'><strong>atque</strong></span> <span class='ocrx_word' id='word_1_33' title='bbox 2008 623 2200 668; x_wconf 82' lang='lat' dir='ltr'><strong>ornata</strong></span> 
     </span>
    </p>
   </div>
   <div class='ocr_carea' id='block_1_8' title="bbox 618 702 2196 773">
    <p class='ocr_par' dir='ltr' id='par_1_8' title="bbox 618 702 2196 773">
     <span class='ocr_line' id='line_1_8' title="bbox 618 702 2196 773; baseline 0.001 -18"><span class='ocrx_word' id='word_1_34' title='bbox 618 703 801 757; x_wconf 84' lang='lat' dir='ltr'><strong>oratio</strong></span> <span class='ocrx_word' id='word_1_35' title='bbox 831 702 1107 772; x_wconf 75' lang='lat' dir='ltr'><strong>explicare</strong></span> <span class='ocrx_word' id='word_1_36' title='bbox 1139 704 1346 770; x_wconf 80' lang='lat' dir='ltr'><strong>valeat,</strong></span> <span class='ocrx_word' id='word_1_37' title='bbox 1377 717 1440 760; x_wconf 87' lang='lat' dir='ltr'><strong>ac</strong></span> <span class='ocrx_word' id='word_1_38' title='bbox 1474 718 1542 758; x_wconf 93' lang='lat' dir='ltr'><strong>ne</strong></span> <span class='ocrx_word' id='word_1_39' title='bbox 1579 705 1718 758; x_wconf 81' lang='lat' dir='ltr'><strong>sciat</strong></span> <span class='ocrx_word' id='word_1_40' title='bbox 1761 703 1976 773; x_wconf 88' lang='lat' dir='ltr'><strong>quidem</strong></span> <span class='ocrx_word' id='word_1_41' title='bbox 2007 718 2073 756; x_wconf 83' lang='lat' dir='ltr'><strong>ex</strong></span> <span class='ocrx_word' id='word_1_42' title='bbox 2113 703 2196 758; x_wconf 89' lang='lat' dir='ltr'><strong>di-</strong></span> 
     </span>
    </p>
   </div>
   <div class='ocr_carea' id='block_1_9' title="bbox 620 794 2198 865">
    <p class='ocr_par' dir='ltr' id='par_1_9' title="bbox 620 794 2198 865">
     <span class='ocr_line' id='line_1_9' title="bbox 620 794 2198 865; baseline 0.001 -18"><span class='ocrx_word' id='word_1_43' title='bbox 620 795 826 862; x_wconf 79' lang='lat' dir='ltr'><strong>gnitate</strong></span> <span class='ocrx_word' id='word_1_44' title='bbox 856 794 1026 863; x_wconf 84' lang='lat' dir='ltr'><strong>ipsius</strong></span> <span class='ocrx_word' id='word_1_45' title='bbox 1057 795 1172 858; x_wconf 88' lang='lat' dir='ltr'><strong>Dei,</strong></span> <span class='ocrx_word' id='word_1_46' title='bbox 1205 797 1256 849; x_wconf 91' lang='lat' dir='ltr'><strong>in</strong></span> <span class='ocrx_word' id='word_1_47' title='bbox 1289 797 1486 865; x_wconf 85' lang='lat' dir='ltr'><strong>quibus</strong></span> <span class='ocrx_word' id='word_1_48' title='bbox 1523 795 1764 850; x_wconf 87' lang='lat' dir='ltr'><strong>tenebris</strong></span> <span class='ocrx_word' id='word_1_49' title='bbox 1798 796 2044 865; x_wconf 86' lang='lat' dir='ltr'><strong>posuerit</strong></span> <span class='ocrx_word' id='word_1_50' title='bbox 2076 794 2198 848; x_wconf 85' lang='lat' dir='ltr'><strong>lati-</strong></span> 
     </span>
    </p>
   </div>
   <div class='ocr_carea' id='block_1_10' title="bbox 619 884 2201 956">
    <p class='ocr_par' dir='ltr' id='par_1_10' title="bbox 619 884 2201 956">
     <span class='ocr_line' id='line_1_10' title="bbox 619 884 2201 956; baseline 0.001 -16"><span class='ocrx_word' id='word_1_51' title='bbox 619 884 803 940; x_wconf 87' lang='lat' dir='ltr'><strong>bulum</strong></span> <span class='ocrx_word' id='word_1_52' title='bbox 842 902 1021 950; x_wconf 87' lang='lat' dir='ltr'><strong>suum,</strong></span> <span class='ocrx_word' id='word_1_53' title='bbox 1070 887 1162 956; x_wconf 89' lang='lat' dir='ltr'><strong>qui</strong></span> <span class='ocrx_word' id='word_1_54' title='bbox 1203 887 1304 940; x_wconf 88' lang='lat' dir='ltr'><strong>hoc</strong></span> <span class='ocrx_word' id='word_1_55' title='bbox 1350 885 1502 950; x_wconf 81' lang='lat' dir='ltr'><strong>fecit,</strong></span> <span class='ocrx_word' id='word_1_56' title='bbox 1533 900 1598 939; x_wconf 89' lang='lat' dir='ltr'><strong>eo</strong></span> <span class='ocrx_word' id='word_1_57' title='bbox 1625 886 1730 956; x_wconf 76' lang='lat'><strong>81</strong></span> <span class='ocrx_word' id='word_1_58' title='bbox 1781 886 1924 955; x_wconf 82' lang='lat' dir='ltr'><strong>quod</strong></span> <span class='ocrx_word' id='word_1_59' title='bbox 1971 901 2090 956; x_wconf 73' lang='lat' dir='ltr'><strong>qua:</strong></span> <span class='ocrx_word' id='word_1_60' title='bbox 2134 885 2201 942; x_wconf 88' lang='lat' dir='ltr'><strong>de</strong></span> 
     </span>
    </p>
   </div>
   <div class='ocr_carea' id='block_1_11' title="bbox 617 977 2194 1048">
    <p class='ocr_par' dir='ltr' id='par_1_11' title="bbox 617 977 2194 1048">
     <span class='ocr_line' id='line_1_11' title="bbox 617 977 2194 1048; baseline 0.001 -17"><span class='ocrx_word' id='word_1_61' title='bbox 617 978 740 1048; x_wconf 82' lang='lat' dir='ltr'><strong>ipso</strong></span> <span class='ocrx_word' id='word_1_62' title='bbox 789 988 934 1042; x_wconf 89' lang='lat' dir='ltr'><strong>sunt,</strong></span> <span class='ocrx_word' id='word_1_63' title='bbox 994 977 1338 1047; x_wconf 77' lang='lat' dir='ltr'><strong>ignorentur,</strong></span> <span class='ocrx_word' id='word_1_64' title='bbox 1384 977 1836 1048; x_wconf 88' lang='lat' dir='ltr'><strong>imperceptibilia</strong></span> <span class='ocrx_word' id='word_1_65' title='bbox 1885 993 2007 1032; x_wconf 91' lang='lat' dir='ltr'><strong>cum</strong></span> <span class='ocrx_word' id='word_1_66' title='bbox 2062 978 2194 1032; x_wconf 88' lang='lat' dir='ltr'><strong>sint.</strong></span> 
     </span>
    </p>
   </div>
   <div class='ocr_carea' id='block_1_12' title="bbox 615 1067 2199 1137">
    <p class='ocr_par' dir='ltr' id='par_1_12' title="bbox 615 1067 2199 1137">
     <span class='ocr_line' id='line_1_12' title="bbox 615 1067 2199 1137; baseline 0.002 -16"><span class='ocrx_word' id='word_1_67' title='bbox 615 1067 770 1134; x_wconf 83' lang='lat' dir='ltr'><strong>Quod</strong></span> <span class='ocrx_word' id='word_1_68' title='bbox 805 1067 848 1121; x_wconf 93' lang='lat' dir='ltr'><strong>si</strong></span> <span class='ocrx_word' id='word_1_69' title='bbox 881 1067 1006 1136; x_wconf 86' lang='lat' dir='ltr'><strong>quis</strong></span> <span class='ocrx_word' id='word_1_70' title='bbox 1038 1068 1414 1135; x_wconf 88' lang='lat' dir='ltr'><strong>hujuscemodi</strong></span> <span class='ocrx_word' id='word_1_71' title='bbox 1463 1069 1906 1137; x_wconf 77' lang='lat' dir='ltr'><strong>expositionibus</strong></span> <span class='ocrx_word' id='word_1_72' title='bbox 1950 1067 2199 1124; x_wconf 72' lang='lat' dir='ltr'><strong>ollende-</strong></span> 
     </span>
    </p>
   </div>
   <div class='ocr_carea' id='block_1_13' title="bbox 617 1159 2198 1224">
    <p class='ocr_par' dir='ltr' id='par_1_13' title="bbox 617 1159 2198 1224">
     <span class='ocr_line' id='line_1_13' title="bbox 617 1159 2198 1224; baseline 0.003 -11"><span class='ocrx_word' id='word_1_73' title='bbox 617 1171 728 1224; x_wconf 90' lang='lat' dir='ltr'><strong>tur,</strong></span> <span class='ocrx_word' id='word_1_74' title='bbox 776 1159 822 1213; x_wconf 90' lang='lat' dir='ltr'><strong>is</strong></span> <span class='ocrx_word' id='word_1_75' title='bbox 876 1160 929 1212; x_wconf 93' lang='lat' dir='ltr'><strong>in</strong></span> <span class='ocrx_word' id='word_1_76' title='bbox 990 1161 1321 1214; x_wconf 82' lang='lat' dir='ltr'><strong>sententiam</strong></span> <span class='ocrx_word' id='word_1_77' title='bbox 1379 1170 1624 1214; x_wconf 91' lang='lat' dir='ltr'><strong>nostram</strong></span> <span class='ocrx_word' id='word_1_78' title='bbox 1678 1161 1882 1223; x_wconf 85' lang='lat' dir='ltr'><strong>veniat,</strong></span> <span class='ocrx_word' id='word_1_79' title='bbox 1930 1161 2198 1218; x_wconf 87' lang='lat' dir='ltr'><strong>adductus</strong></span> 
     </span>
    </p>
   </div>
   <div class='ocr_carea' id='block_1_14' title="bbox 616 1249 2196 1318">
    <p class='ocr_par' dir='ltr' id='par_1_14' title="bbox 616 1249 2196 1318">
     <span class='ocr_line' id='line_1_14' title="bbox 616 1249 2196 1318; baseline 0.004 -15"><span class='ocrx_word' id='word_1_80' title='bbox 616 1261 729 1304; x_wconf 87' lang='lat' dir='ltr'><strong>tum</strong></span> <span class='ocrx_word' id='word_1_81' title='bbox 785 1265 815 1304; x_wconf 88' lang='lat' dir='ltr'><strong>a</strong></span> <span class='ocrx_word' id='word_1_82' title='bbox 869 1249 1176 1305; x_wconf 87' lang='lat' dir='ltr'><strong>tenebrosis</strong></span> <span class='ocrx_word' id='word_1_83' title='bbox 1231 1250 1613 1318; x_wconf 87' lang='lat' dir='ltr'><strong>sermonibus,</strong></span> <span class='ocrx_word' id='word_1_84' title='bbox 1672 1261 1783 1305; x_wconf 91' lang='lat' dir='ltr'><strong>tum</strong></span> <span class='ocrx_word' id='word_1_85' title='bbox 1840 1268 1868 1305; x_wconf 89' lang='lat' dir='ltr'><strong>a</strong></span> <span class='ocrx_word' id='word_1_86' title='bbox 1926 1253 2196 1310; x_wconf 82' lang='lat' dir='ltr'><strong>thesauris</strong></span> 
     </span>
    </p>
   </div>
   <div class='ocr_carea' id='block_1_15' title="bbox 615 1344 2195 1410">
    <p class='ocr_par' dir='ltr' id='par_1_15' title="bbox 615 1344 2195 1410">
     <span class='ocr_line' id='line_1_15' title="bbox 615 1344 2195 1410; baseline 0.002 -11"><span class='ocrx_word' id='word_1_87' title='bbox 615 1344 834 1399; x_wconf 82' lang='lat' dir='ltr'><strong>Christo</strong></span> <span class='ocrx_word' id='word_1_88' title='bbox 858 1345 998 1400; x_wconf 87' lang='lat' dir='ltr'><strong>datis</strong></span> <span class='ocrx_word' id='word_1_89' title='bbox 1040 1361 1069 1399; x_wconf 89' lang='lat' dir='ltr'><strong>a</strong></span> <span class='ocrx_word' id='word_1_90' title='bbox 1105 1347 1234 1409; x_wconf 85' lang='lat' dir='ltr'><strong>Deo,</strong></span> <span class='ocrx_word' id='word_1_91' title='bbox 1278 1346 1606 1410; x_wconf 88' lang='lat' dir='ltr'><strong>tenebrosis,</strong></span> <span class='ocrx_word' id='word_1_92' title='bbox 1644 1346 1877 1400; x_wconf 88' lang='lat' dir='ltr'><strong>occultis</strong></span> <span class='ocrx_word' id='word_1_93' title='bbox 1921 1357 1974 1400; x_wconf 90' lang='lat' dir='ltr'><strong>et</strong></span> <span class='ocrx_word' id='word_1_94' title='bbox 2009 1347 2195 1402; x_wconf 88' lang='lat' dir='ltr'><strong>invisi-</strong></span> 
     </span>
    </p>
   </div>
   <div class='ocr_carea' id='block_1_16' title="bbox 616 1437 2194 1508">
    <p class='ocr_par' dir='ltr' id='par_1_16' title="bbox 616 1437 2194 1508">
     <span class='ocr_line' id='line_1_16' title="bbox 616 1437 2194 1508; baseline 0.005 -19"><span class='ocrx_word' id='word_1_95' title='bbox 616 1437 863 1491; x_wconf 90' lang='lat' dir='ltr'><strong>bilibus:</strong></span> <span class='ocrx_word' id='word_1_96' title='bbox 911 1453 1013 1492; x_wconf 88' lang='lat' dir='ltr'><strong>nec</strong></span> <span class='ocrx_word' id='word_1_97' title='bbox 1071 1438 1216 1490; x_wconf 88' lang='lat' dir='ltr'><strong>enim</strong></span> <span class='ocrx_word' id='word_1_98' title='bbox 1275 1438 1419 1491; x_wconf 84' lang='lat' dir='ltr'><strong>aliud</strong></span> <span class='ocrx_word' id='word_1_99' title='bbox 1465 1437 1659 1508; x_wconf 81' lang='lat' dir='ltr'><strong>Opinor</strong></span> <span class='ocrx_word' id='word_1_100' title='bbox 1703 1453 1827 1494; x_wconf 87' lang='lat' dir='ltr'><strong>esse</strong></span> <span class='ocrx_word' id='word_1_101' title='bbox 1878 1443 2194 1497; x_wconf 77' lang='lat' dir='ltr'><strong>tenebrosus</strong></span> 
     </span>
    </p>
   </div>
   <div class='ocr_carea' id='block_1_17' title="bbox 619 1529 2192 1600">
    <p class='ocr_par' dir='ltr' id='par_1_17' title="bbox 619 1529 2192 1600">
     <span class='ocr_line' id='line_1_17' title="bbox 619 1529 2192 1600; baseline 0.004 -17"><span class='ocrx_word' id='word_1_102' title='bbox 619 1531 907 1584; x_wconf 85' lang='lat' dir='ltr'><strong>thesauros</strong></span> <span class='ocrx_word' id='word_1_103' title='bbox 933 1545 1029 1600; x_wconf 90' lang='lat' dir='ltr'><strong>per</strong></span> <span class='ocrx_word' id='word_1_104' title='bbox 1052 1529 1330 1584; x_wconf 85' lang='lat' dir='ltr'><strong>Christum</strong></span> <span class='ocrx_word' id='word_1_105' title='bbox 1379 1531 1760 1586; x_wconf 80' lang='lat' dir='ltr'><strong>manifestatos</strong></span> <span class='ocrx_word' id='word_1_106' title='bbox 1802 1549 1815 1586; x_wconf 93' lang='lat'><strong>:</strong></span> <span class='ocrx_word' id='word_1_107' title='bbox 1857 1551 1875 1583; x_wconf 78' lang='grc' dir='ltr'><strong>ι</strong></span> <span class='ocrx_word' id='word_1_108' title='bbox 1915 1533 2192 1590; x_wconf 81' lang='lat' dir='ltr'><strong>Tenebras</strong></span> 
     </span>
    </p>
   </div>
   <div class='ocr_carea' id='block_1_18' title="bbox 615 1619 2194 1689">
    <p class='ocr_par' dir='ltr' id='par_1_18' title="bbox 615 1619 2194 1689">
     <span class='ocr_line' id='line_1_18' title="bbox 615 1619 2194 1689; baseline 0 -15"><span class='ocrx_word' id='word_1_109' title='bbox 615 1621 796 1689; x_wconf 86' lang='lat' dir='ltr'><strong>posuit</strong></span> <span class='ocrx_word' id='word_1_110' title='bbox 829 1619 970 1673; x_wconf 86' lang='lat' dir='ltr'><strong>Deus</strong></span> <span class='ocrx_word' id='word_1_111' title='bbox 1007 1619 1290 1674; x_wconf 86' lang='lat' dir='ltr'><strong>latibulum</strong></span> <span class='ocrx_word' id='word_1_112' title='bbox 1324 1634 1480 1674; x_wconf 91' lang='lat' dir='ltr'><strong>suum</strong></span> <span class='ocrx_word' id='word_1_113' title='bbox 1505 1619 1576 1682; x_wconf 81' lang='lat'><strong>&quot;,</strong></span> <span class='ocrx_word' id='word_1_114' title='bbox 1612 1637 1630 1670; x_wconf 79' lang='grc' dir='ltr'><strong>ι</strong></span> <span class='ocrx_word' id='word_1_115' title='bbox 1661 1629 1716 1674; x_wconf 91' lang='lat' dir='ltr'><strong>et</strong></span> <span class='ocrx_word' id='word_1_116' title='bbox 1744 1633 1760 1672; x_wconf 91' lang='lat'><strong>:</strong></span> <span class='ocrx_word' id='word_1_117' title='bbox 1802 1638 1821 1670; x_wconf 75' lang='grc' dir='ltr'><strong>ι</strong></span> <span class='ocrx_word' id='word_1_118' title='bbox 1859 1619 2093 1676; x_wconf 89' lang='lat' dir='ltr'><strong>Sanctus</strong></span> <span class='ocrx_word' id='word_1_119' title='bbox 2119 1622 2194 1674; x_wconf 89' lang='lat' dir='ltr'><strong>in-</strong></span> 
     </span>
    </p>
   </div>
   <div class='ocr_carea' id='block_1_19' title="bbox 613 1711 2184 1782">
    <p class='ocr_par' dir='ltr' id='par_1_19' title="bbox 613 1711 2184 1782">
     <span class='ocr_line' id='line_1_19' title="bbox 613 1711 2184 1782; baseline -0.001 -15"><span class='ocrx_word' id='word_1_120' title='bbox 613 1713 821 1782; x_wconf 73' lang='lat' dir='ltr'><strong>telliget</strong></span> <span class='ocrx_word' id='word_1_121' title='bbox 865 1712 1204 1782; x_wconf 88' lang='lat' dir='ltr'><strong>parabolam,</strong></span> <span class='ocrx_word' id='word_1_122' title='bbox 1253 1720 1309 1766; x_wconf 92' lang='lat' dir='ltr'><strong>et</strong></span> <span class='ocrx_word' id='word_1_123' title='bbox 1357 1711 1653 1766; x_wconf 84' lang='lat' dir='ltr'><strong>obscurum</strong></span> <span class='ocrx_word' id='word_1_124' title='bbox 1701 1726 2008 1768; x_wconf 78' lang='lat' dir='ltr'><strong>sermonem</strong></span> <span class='ocrx_word' id='word_1_125' title='bbox 2043 1713 2115 1766; x_wconf 84' lang='lat'><strong>”.</strong></span> <span class='ocrx_word' id='word_1_126' title='bbox 2165 1731 2184 1765; x_wconf 73' lang='grc' dir='ltr'><strong>ι</strong></span> 
     </span>
    </p>
   </div>
   <div class='ocr_carea' id='block_1_20' title="bbox 619 1784 2266 1862">
    <p class='ocr_par' dir='ltr' id='par_1_20' title="bbox 619 1784 2266 1862">
     <span class='ocr_line' id='line_1_20' title="bbox 619 1784 2266 1862; baseline 0 -1"><span class='ocrx_word' id='word_1_127' title='bbox 619 1805 822 1862; x_wconf 70' lang='lat' dir='ltr'><strong>Verum</strong></span> <span class='ocrx_word' id='word_1_128' title='bbox 850 1806 1132 1860; x_wconf 80' lang='lat' dir='ltr'><strong>considera</strong></span> <span class='ocrx_word' id='word_1_129' title='bbox 1164 1821 1290 1859; x_wconf 90' lang='lat' dir='ltr'><strong>num</strong></span> <span class='ocrx_word' id='word_1_130' title='bbox 1323 1806 1392 1859; x_wconf 87' lang='lat' dir='ltr'><strong>ob</strong></span> <span class='ocrx_word' id='word_1_131' title='bbox 1421 1805 1524 1859; x_wconf 89' lang='lat' dir='ltr'><strong>hoc</strong></span> <span class='ocrx_word' id='word_1_132' title='bbox 1563 1804 1709 1859; x_wconf 85' lang='lat' dir='ltr'><strong>dicat</strong></span> <span class='ocrx_word' id='word_1_133' title='bbox 1737 1805 2002 1860; x_wconf 84' lang='lat' dir='ltr'><strong>Servator</strong></span> <span class='ocrx_word' id='word_1_134' title='bbox 2029 1805 2193 1861; x_wconf 88' lang='lat' dir='ltr'><strong>disci-</strong></span> <span class='ocrx_word' id='word_1_135' title='bbox 2225 1784 2266 1839; x_wconf 74' lang='grc' dir='ltr'><strong><em>Β</em></strong></span> 
     </span>
    </p>
   </div>
   <div class='ocr_carea' id='block_1_21' title="bbox 613 1919 2193 1990">
    <p class='ocr_par' dir='ltr' id='par_1_21' title="bbox 613 1919 2193 1990">
     <span class='ocr_line' id='line_1_21' title="bbox 613 1919 2193 1990; baseline 0.002 -19"><span class='ocrx_word' id='word_1_136' title='bbox 613 1920 756 1990; x_wconf 91' lang='lat' dir='ltr'><strong>pulis</strong></span> <span class='ocrx_word' id='word_1_137' title='bbox 786 1921 897 1974; x_wconf 88' lang='lat' dir='ltr'><strong>suis</strong></span> <span class='ocrx_word' id='word_1_138' title='bbox 927 1921 944 1951; x_wconf 88' lang='grc'>¹</span> <span class='ocrx_word' id='word_1_139' title='bbox 974 1938 988 1974; x_wconf 88' lang='lat'><strong>:</strong></span> <span class='ocrx_word' id='word_1_140' title='bbox 1029 1939 1048 1972; x_wconf 78' lang='grc' dir='ltr'><strong>ι</strong></span> <span class='ocrx_word' id='word_1_141' title='bbox 1081 1919 1290 1974; x_wconf 87' lang='lat' dir='ltr'><strong>Idcirco</strong></span> <span class='ocrx_word' id='word_1_142' title='bbox 1314 1935 1434 1990; x_wconf 74' lang='lat' dir='ltr'><strong>qua:</strong></span> <span class='ocrx_word' id='word_1_143' title='bbox 1461 1919 1514 1974; x_wconf 91' lang='lat' dir='ltr'><strong>in</strong></span> <span class='ocrx_word' id='word_1_144' title='bbox 1544 1919 1789 1975; x_wconf 87' lang='lat' dir='ltr'><strong>tenebris</strong></span> <span class='ocrx_word' id='word_1_145' title='bbox 1822 1920 2079 1982; x_wconf 88' lang='lat' dir='ltr'><strong>audistis,</strong></span> <span class='ocrx_word' id='word_1_146' title='bbox 2109 1921 2193 1974; x_wconf 86' lang='lat' dir='ltr'><strong>di-</strong></span> 
     </span>
    </p>
   </div>
   <div class='ocr_carea' id='block_1_22' title="bbox 613 2008 2193 2080">
    <p class='ocr_par' dir='ltr' id='par_1_22' title="bbox 613 2008 2193 2080">
     <span class='ocr_line' id='line_1_22' title="bbox 613 2008 2193 2080; baseline -0.004 -14"><span class='ocrx_word' id='word_1_147' title='bbox 613 2012 721 2067; x_wconf 92' lang='lat' dir='ltr'><strong>cite</strong></span> <span class='ocrx_word' id='word_1_148' title='bbox 748 2012 802 2065; x_wconf 89' lang='lat' dir='ltr'><strong>in</strong></span> <span class='ocrx_word' id='word_1_149' title='bbox 833 2011 970 2066; x_wconf 89' lang='lat' dir='ltr'><strong>luce.</strong></span> <span class='ocrx_word' id='word_1_150' title='bbox 1008 2029 1026 2062; x_wconf 76' lang='grc' dir='ltr'><strong>ι</strong></span> <span class='ocrx_word' id='word_1_151' title='bbox 1069 2009 1288 2065; x_wconf 86' lang='lat' dir='ltr'><strong>Tradita</strong></span> <span class='ocrx_word' id='word_1_152' title='bbox 1319 2010 1462 2064; x_wconf 89' lang='lat' dir='ltr'><strong>enim</strong></span> <span class='ocrx_word' id='word_1_153' title='bbox 1505 2008 1639 2080; x_wconf 89' lang='lat' dir='ltr'><strong>ipsis</strong></span> <span class='ocrx_word' id='word_1_154' title='bbox 1671 2008 1951 2079; x_wconf 87' lang='lat' dir='ltr'><strong>mysteria,</strong></span> <span class='ocrx_word' id='word_1_155' title='bbox 1976 2009 2193 2078; x_wconf 77' lang='lat' dir='ltr'><strong>cognitu</strong></span> 
     </span>
    </p>
   </div>
   <div class='ocr_carea' id='block_1_23' title="bbox 610 2099 2191 2166">
    <p class='ocr_par' dir='ltr' id='par_1_23' title="bbox 610 2099 2191 2166">
     <span class='ocr_line' id='line_1_23' title="bbox 610 2099 2191 2166; baseline -0.003 -7"><span class='ocrx_word' id='word_1_156' title='bbox 610 2103 848 2159; x_wconf 83' lang='lat' dir='ltr'><strong>dilIicilia</strong></span> <span class='ocrx_word' id='word_1_157' title='bbox 881 2115 936 2157; x_wconf 93' lang='lat' dir='ltr'><strong>et</strong></span> <span class='ocrx_word' id='word_1_158' title='bbox 963 2103 1220 2164; x_wconf 83' lang='lat' dir='ltr'><strong>obscura,</strong></span> <span class='ocrx_word' id='word_1_159' title='bbox 1249 2102 1302 2156; x_wconf 92' lang='lat' dir='ltr'><strong>in</strong></span> <span class='ocrx_word' id='word_1_160' title='bbox 1336 2102 1458 2156; x_wconf 71' lang='lat' dir='ltr'><strong>loco</strong></span> <span class='ocrx_word' id='word_1_161' title='bbox 1490 2110 1729 2166; x_wconf 88' lang='lat' dir='ltr'><strong>secreto,</strong></span> <span class='ocrx_word' id='word_1_162' title='bbox 1759 2110 1814 2155; x_wconf 90' lang='lat' dir='ltr'><strong>et</strong></span> <span class='ocrx_word' id='word_1_163' title='bbox 1842 2117 1948 2154; x_wconf 88' lang='lat' dir='ltr'><strong>non</strong></span> <span class='ocrx_word' id='word_1_164' title='bbox 1985 2100 2037 2154; x_wconf 93' lang='lat' dir='ltr'><strong>in</strong></span> <span class='ocrx_word' id='word_1_165' title='bbox 2080 2099 2191 2154; x_wconf 86' lang='lat' dir='ltr'><strong>l&#39;re-</strong></span> 
     </span>
    </p>
   </div>
   <div class='ocr_carea' id='block_1_24' title="bbox 611 2191 2191 2264">
    <p class='ocr_par' dir='ltr' id='par_1_24' title="bbox 611 2191 2191 2264">
     <span class='ocr_line' id='line_1_24' title="bbox 611 2191 2191 2264; baseline 0 -18"><span class='ocrx_word' id='word_1_166' title='bbox 611 2195 798 2264; x_wconf 86' lang='lat' dir='ltr'><strong>quenti</strong></span> <span class='ocrx_word' id='word_1_167' title='bbox 838 2194 1134 2258; x_wconf 87' lang='lat' dir='ltr'><strong>auditorio,</strong></span> <span class='ocrx_word' id='word_1_168' title='bbox 1175 2192 1331 2261; x_wconf 86' lang='lat' dir='ltr'><strong>jubet</strong></span> <span class='ocrx_word' id='word_1_169' title='bbox 1366 2209 1461 2247; x_wconf 92' lang='lat' dir='ltr'><strong>eos</strong></span> <span class='ocrx_word' id='word_1_170' title='bbox 1493 2192 1852 2256; x_wconf 90' lang='lat' dir='ltr'><strong>illuminatos,</strong></span> <span class='ocrx_word' id='word_1_171' title='bbox 1893 2200 1950 2245; x_wconf 90' lang='lat' dir='ltr'><strong>et</strong></span> <span class='ocrx_word' id='word_1_172' title='bbox 1984 2191 2054 2246; x_wconf 91' lang='lat' dir='ltr'><strong>ob</strong></span> <span class='ocrx_word' id='word_1_173' title='bbox 2089 2191 2191 2246; x_wconf 90' lang='lat' dir='ltr'><strong>hoc</strong></span> 
     </span>
    </p>
   </div>
   <div class='ocr_carea' id='block_1_25' title="bbox 610 2281 2192 2353">
    <p class='ocr_par' dir='ltr' id='par_1_25' title="bbox 610 2281 2192 2353">
     <span class='ocr_line' id='line_1_25' title="bbox 610 2281 2192 2353; baseline -0.003 -12"><span class='ocrx_word' id='word_1_174' title='bbox 610 2287 784 2342; x_wconf 88' lang='lat' dir='ltr'><strong>dictos</strong></span> <span class='ocrx_word' id='word_1_175' title='bbox 816 2300 937 2341; x_wconf 88' lang='lat' dir='ltr'><strong>esse</strong></span> <span class='ocrx_word' id='word_1_176' title='bbox 969 2285 1022 2338; x_wconf 94' lang='lat' dir='ltr'><strong>in</strong></span> <span class='ocrx_word' id='word_1_177' title='bbox 1056 2286 1200 2349; x_wconf 90' lang='lat' dir='ltr'><strong>luce,</strong></span> <span class='ocrx_word' id='word_1_178' title='bbox 1224 2285 1478 2340; x_wconf 88' lang='lat' dir='ltr'><strong>omnibus</strong></span> <span class='ocrx_word' id='word_1_179' title='bbox 1507 2283 1598 2353; x_wconf 90' lang='lat' dir='ltr'><strong>qui</strong></span> <span class='ocrx_word' id='word_1_180' title='bbox 1650 2283 1739 2337; x_wconf 82' lang='lat' dir='ltr'><strong>lux</strong></span> <span class='ocrx_word' id='word_1_181' title='bbox 1793 2281 2019 2344; x_wconf 82' lang='lat' dir='ltr'><strong>fuerint,</strong></span> <span class='ocrx_word' id='word_1_182' title='bbox 2053 2298 2192 2336; x_wconf 84' lang='lat' dir='ltr'><strong>nun-</strong></span> 
     </span>
    </p>
   </div>
   <div class='ocr_carea' id='block_1_26' title="bbox 610 2375 2193 2445">
    <p class='ocr_par' dir='ltr' id='par_1_26' title="bbox 610 2375 2193 2445">
     <span class='ocr_line' id='line_1_26' title="bbox 610 2375 2193 2445; baseline -0.003 -11"><span class='ocrx_word' id='word_1_183' title='bbox 610 2379 772 2434; x_wconf 88' lang='lat' dir='ltr'><strong>tiare.</strong></span> <span class='ocrx_word' id='word_1_184' title='bbox 809 2376 1208 2433; x_wconf 77' lang='lat' dir='ltr'><strong>Admirabilius</strong></span> <span class='ocrx_word' id='word_1_185' title='bbox 1231 2387 1411 2430; x_wconf 90' lang='lat' dir='ltr'><strong>autem</strong></span> <span class='ocrx_word' id='word_1_186' title='bbox 1436 2376 1692 2445; x_wconf 84' lang='lat' dir='ltr'><strong>quiddam</strong></span> <span class='ocrx_word' id='word_1_187' title='bbox 1716 2375 1911 2429; x_wconf 86' lang='lat' dir='ltr'><strong>addam</strong></span> <span class='ocrx_word' id='word_1_188' title='bbox 1945 2375 2010 2429; x_wconf 89' lang='lat' dir='ltr'><strong>de</strong></span> <span class='ocrx_word' id='word_1_189' title='bbox 2043 2384 2193 2430; x_wconf 89' lang='lat' dir='ltr'><strong>tene-</strong></span> 
     </span>
    </p>
   </div>
   <div class='ocr_carea' id='block_1_27' title="bbox 611 2466 2192 2539">
    <p class='ocr_par' dir='ltr' id='par_1_27' title="bbox 611 2466 2192 2539">
     <span class='ocr_line' id='line_1_27' title="bbox 611 2466 2192 2539; baseline -0.003 -14"><span class='ocrx_word' id='word_1_190' title='bbox 611 2471 728 2525; x_wconf 88' lang='lat' dir='ltr'><strong>bris</strong></span> <span class='ocrx_word' id='word_1_191' title='bbox 758 2470 1024 2535; x_wconf 84' lang='lat' dir='ltr'><strong>laudatis,</strong></span> <span class='ocrx_word' id='word_1_192' title='bbox 1057 2485 1251 2539; x_wconf 85' lang='lat' dir='ltr'><strong>nempe</strong></span> <span class='ocrx_word' id='word_1_193' title='bbox 1292 2469 1391 2523; x_wconf 77' lang='lat' dir='ltr'><strong>lias</strong></span> <span class='ocrx_word' id='word_1_194' title='bbox 1419 2467 1682 2522; x_wconf 81' lang='lat' dir='ltr'><strong>festinare</strong></span> <span class='ocrx_word' id='word_1_195' title='bbox 1709 2466 1774 2520; x_wconf 92' lang='lat' dir='ltr'><strong>ad</strong></span> <span class='ocrx_word' id='word_1_196' title='bbox 1814 2467 2008 2530; x_wconf 90' lang='lat' dir='ltr'><strong>lucem,</strong></span> <span class='ocrx_word' id='word_1_197' title='bbox 2039 2481 2192 2521; x_wconf 84' lang='lat' dir='ltr'><strong>eam-</strong></span> 
     </span>
    </p>
   </div>
   <div class='ocr_carea' id='block_1_28' title="bbox 2307 513 3883 597">
    <p class='ocr_par' dir='ltr' id='par_1_28' title="bbox 2307 513 3883 597">
     <span class='ocr_line' id='line_1_28' title="bbox 2307 513 3883 597; baseline 0.005 -25"><span class='ocrx_word' id='word_1_198' title='bbox 2307 520 2561 574; x_wconf 89' lang='grc' dir='ltr'>πλούσιον</span> <span class='ocrx_word' id='word_1_199' title='bbox 2582 520 2760 588; x_wconf 91' lang='grc' dir='ltr'>λόγον,</span> <span class='ocrx_word' id='word_1_200' title='bbox 2793 522 2850 573; x_wconf 81' lang='grc' dir='ltr'>ὲν</span> <span class='ocrx_word' id='word_1_201' title='bbox 2870 513 2914 588; x_wconf 81' lang='grc' dir='ltr'>ᾧ</span> <span class='ocrx_word' id='word_1_202' title='bbox 2939 520 3115 590; x_wconf 83' lang='grc' dir='ltr'><strong>σκότῳ</strong></span> <span class='ocrx_word' id='word_1_203' title='bbox 3145 520 3296 574; x_wconf 81' lang='grc' dir='ltr'>ἔθετο</span> <span class='ocrx_word' id='word_1_204' title='bbox 3324 522 3488 575; x_wconf 81' lang='grc' dir='ltr'>αὐτοῦ</span> <span class='ocrx_word' id='word_1_205' title='bbox 3521 525 3616 595; x_wconf 83' lang='grc' dir='ltr'>τὴν</span> <span class='ocrx_word' id='word_1_206' title='bbox 3639 526 3883 597; x_wconf 89' lang='grc' dir='ltr'>ἀποκρυ-</span> 
     </span>
    </p>
   </div>
   <div class='ocr_carea' id='block_1_29' title="bbox 2305 608 3878 684">
    <p class='ocr_par' dir='ltr' id='par_1_29' title="bbox 2305 608 3878 684">
     <span class='ocr_line' id='line_1_29' title="bbox 2305 608 3878 684; baseline 0.005 -21"><span class='ocrx_word' id='word_1_207' title='bbox 2305 608 2412 680; x_wconf 77' lang='grc' dir='ltr'><strong>φὴν</strong></span> <span class='ocrx_word' id='word_1_208' title='bbox 2462 609 2541 681; x_wconf 83' lang='grc' dir='ltr'>τῷ</span> <span class='ocrx_word' id='word_1_209' title='bbox 2588 609 2658 664; x_wconf 88' lang='grc' dir='ltr'><strong>τά</strong></span> <span class='ocrx_word' id='word_1_210' title='bbox 2706 610 2835 682; x_wconf 79' lang='grc' dir='ltr'>περὶ</span> <span class='ocrx_word' id='word_1_211' title='bbox 2883 609 3045 662; x_wconf 82' lang='grc' dir='ltr'>αὑτοῦ</span> <span class='ocrx_word' id='word_1_212' title='bbox 3081 611 3413 678; x_wconf 80' lang='grc' dir='ltr'><strong>ἀγνοεῖσθαι,</strong></span> <span class='ocrx_word' id='word_1_213' title='bbox 3436 612 3695 684; x_wconf 86' lang='grc' dir='ltr'>ἀχὼρητα</span> <span class='ocrx_word' id='word_1_214' title='bbox 3729 615 3878 682; x_wconf 70' lang='grc' dir='ltr'>ὄντα,</span> 
     </span>
    </p>
   </div>
   <div class='ocr_carea' id='block_1_30' title="bbox 2300 701 3882 779">
    <p class='ocr_par' dir='ltr' id='par_1_30' title="bbox 2300 701 3882 779">
     <span class='ocr_line' id='line_1_30' title="bbox 2300 701 3882 779; baseline 0.006 -26"><span class='ocrx_word' id='word_1_215' title='bbox 2300 701 2457 754; x_wconf 84' lang='grc' dir='ltr'>τοῦτο</span> <span class='ocrx_word' id='word_1_216' title='bbox 2480 701 2815 775; x_wconf 83' lang='grc' dir='ltr'>πεποιηκώς.</span> <span class='ocrx_word' id='word_1_217' title='bbox 2854 702 2979 756; x_wconf 83' lang='grc' dir='ltr'><strong>Ἐάν</strong></span> <span class='ocrx_word' id='word_1_218' title='bbox 3011 703 3068 756; x_wconf 84' lang='grc' dir='ltr'><strong>δέ</strong></span> <span class='ocrx_word' id='word_1_219' title='bbox 3091 721 3172 767; x_wconf 87' lang='grc' dir='ltr'><strong>τις</strong></span> <span class='ocrx_word' id='word_1_220' title='bbox 3205 706 3323 767; x_wconf 82' lang='grc' dir='ltr'>ταῖς</span> <span class='ocrx_word' id='word_1_221' title='bbox 3349 705 3624 770; x_wconf 80' lang='grc' dir='ltr'>τοιαύταις</span> <span class='ocrx_word' id='word_1_222' title='bbox 3645 707 3882 779; x_wconf 85' lang='grc' dir='ltr'>προσκό-</span> 
     </span>
    </p>
   </div>
   <div class='ocr_carea' id='block_1_31' title="bbox 2302 793 3882 866">
    <p class='ocr_par' dir='ltr' id='par_1_31' title="bbox 2302 793 3882 866">
     <span class='ocr_line' id='line_1_31' title="bbox 2302 793 3882 866; baseline 0.003 -18"><span class='ocrx_word' id='word_1_223' title='bbox 2302 813 2410 866; x_wconf 79' lang='grc' dir='ltr'><strong>πτῃ</strong></span> <span class='ocrx_word' id='word_1_224' title='bbox 2440 794 2709 864; x_wconf 76' lang='grc' dir='ltr'>ὲκδοχαῖς,</span> <span class='ocrx_word' id='word_1_225' title='bbox 2747 793 3110 866; x_wconf 80' lang='grc' dir='ltr'>προσαγέσθω</span> <span class='ocrx_word' id='word_1_226' title='bbox 3126 795 3234 848; x_wconf 88' lang='grc' dir='ltr'><strong>ἀπό</strong></span> <span class='ocrx_word' id='word_1_227' title='bbox 3263 811 3321 848; x_wconf 91' lang='grc' dir='ltr'><strong>τε</strong></span> <span class='ocrx_word' id='word_1_228' title='bbox 3355 795 3462 848; x_wconf 90' lang='grc' dir='ltr'><strong>τῶν</strong></span> <span class='ocrx_word' id='word_1_229' title='bbox 3487 797 3775 850; x_wconf 82' lang='grc' dir='ltr'>σκοτεινῶν</span> <span class='ocrx_word' id='word_1_230' title='bbox 3793 797 3882 852; x_wconf 87' lang='grc' dir='ltr'>λό-</span> 
     </span>
    </p>
   </div>
   <div class='ocr_carea' id='block_1_32' title="bbox 2300 887 3880 961">
    <p class='ocr_par' dir='ltr' id='par_1_32' title="bbox 2300 887 3880 961">
     <span class='ocr_line' id='line_1_32' title="bbox 2300 887 3880 961; baseline 0.001 -19"><span class='ocrx_word' id='word_1_231' title='bbox 2300 906 2412 958; x_wconf 89' lang='grc' dir='ltr'><strong>γων</strong></span> <span class='ocrx_word' id='word_1_232' title='bbox 2452 889 2543 942; x_wconf 79' lang='grc' dir='ltr'>καὶ</span> <span class='ocrx_word' id='word_1_233' title='bbox 2572 888 2680 942; x_wconf 90' lang='grc' dir='ltr'><strong>τῶν</strong></span> <span class='ocrx_word' id='word_1_234' title='bbox 2700 888 2994 959; x_wconf 81' lang='grc' dir='ltr'>διδομένων</span> <span class='ocrx_word' id='word_1_235' title='bbox 3031 887 3136 941; x_wconf 80' lang='grc' dir='ltr'>ὑπὸ</span> <span class='ocrx_word' id='word_1_236' title='bbox 3168 887 3304 941; x_wconf 81' lang='grc' dir='ltr'>Θεοῦ</span> <span class='ocrx_word' id='word_1_237' title='bbox 3331 889 3554 961; x_wconf 85' lang='grc' dir='ltr'>Χριστῷ</span> <span class='ocrx_word' id='word_1_238' title='bbox 3590 889 3880 960; x_wconf 85' lang='grc' dir='ltr'>θησαυρῶν</span> 
     </span>
    </p>
   </div>
   <div class='ocr_carea' id='block_1_33' title="bbox 2302 980 3880 1055">
    <p class='ocr_par' dir='ltr' id='par_1_33' title="bbox 2302 980 3880 1055">
     <span class='ocr_line' id='line_1_33' title="bbox 2302 980 3880 1055; baseline 0.001 -20"><span class='ocrx_word' id='word_1_239' title='bbox 2302 981 2616 1045; x_wconf 86' lang='grc' dir='ltr'>σκοτεινῶν,</span> <span class='ocrx_word' id='word_1_240' title='bbox 2649 981 3003 1053; x_wconf 79' lang='grc' dir='ltr'>ἀποκρύφων,</span> <span class='ocrx_word' id='word_1_241' title='bbox 3031 980 3312 1051; x_wconf 80' lang='grc' dir='ltr'>ἀοράτων·</span> <span class='ocrx_word' id='word_1_242' title='bbox 3357 983 3458 1035; x_wconf 89' lang='grc' dir='ltr'><strong>ούκ</strong></span> <span class='ocrx_word' id='word_1_243' title='bbox 3497 982 3624 1035; x_wconf 81' lang='grc' dir='ltr'>ἄλλο</span> <span class='ocrx_word' id='word_1_244' title='bbox 3681 983 3787 1055; x_wconf 87' lang='grc' dir='ltr'><strong>γάρ</strong></span> <span class='ocrx_word' id='word_1_245' title='bbox 3827 1000 3880 1037; x_wconf 84' lang='grc' dir='ltr'><strong>τι</strong></span> 
     </span>
    </p>
   </div>
   <div class='ocr_carea' id='block_1_34' title="bbox 2299 1069 3879 1146">
    <p class='ocr_par' dir='ltr' id='par_1_34' title="bbox 2299 1069 3879 1146">
     <span class='ocr_line' id='line_1_34' title="bbox 2299 1069 3879 1146; baseline 0.001 -20"><span class='ocrx_word' id='word_1_246' title='bbox 2299 1073 2540 1144; x_wconf 82' lang='grc' dir='ltr'>ἡγοῦμαι</span> <span class='ocrx_word' id='word_1_247' title='bbox 2570 1069 2705 1126; x_wconf 75' lang='grc' dir='ltr'>εἶναι</span> <span class='ocrx_word' id='word_1_248' title='bbox 2731 1073 2859 1136; x_wconf 82' lang='grc' dir='ltr'>τοὺς</span> <span class='ocrx_word' id='word_1_249' title='bbox 2889 1073 3195 1136; x_wconf 81' lang='grc' dir='ltr'>σκοτεινοὺς</span> <span class='ocrx_word' id='word_1_250' title='bbox 3237 1071 3544 1146; x_wconf 78' lang='grc' dir='ltr'>θησαυροὺς</span> <span class='ocrx_word' id='word_1_251' title='bbox 3575 1075 3631 1127; x_wconf 82' lang='grc' dir='ltr'>ὲν</span> <span class='ocrx_word' id='word_1_252' title='bbox 3661 1073 3879 1146; x_wconf 85' lang='grc' dir='ltr'>Χριστῷ</span> 
     </span>
    </p>
   </div>
   <div class='ocr_carea' id='block_1_35' title="bbox 2298 1163 3877 1236">
    <p class='ocr_par' dir='ltr' id='par_1_35' title="bbox 2298 1163 3877 1236">
     <span class='ocr_line' id='line_1_35' title="bbox 2298 1163 3877 1236; baseline -0.001 -17"><span class='ocrx_word' id='word_1_253' title='bbox 2298 1165 2851 1236; x_wconf 82' lang='grc' dir='ltr'>ἀποκαλυπτομένους</span> <span class='ocrx_word' id='word_1_254' title='bbox 2875 1181 2889 1195; x_wconf 81' lang='grc'><em>’</em></span> <span class='ocrx_word' id='word_1_255' title='bbox 2926 1183 2944 1216; x_wconf 76' lang='grc' dir='ltr'><strong>ι</strong></span> <span class='ocrx_word' id='word_1_256' title='bbox 3004 1163 3078 1216; x_wconf 84' lang='lat' dir='ltr'><em>T6</em></span> <span class='ocrx_word' id='word_1_257' title='bbox 3111 1164 3301 1227; x_wconf 83' lang='grc' dir='ltr'>σκότος</span> <span class='ocrx_word' id='word_1_258' title='bbox 3326 1164 3477 1218; x_wconf 77' lang='grc' dir='ltr'>ἔθετο</span> <span class='ocrx_word' id='word_1_259' title='bbox 3507 1167 3537 1219; x_wconf 98' lang='lat'><strong>6</strong></span> <span class='ocrx_word' id='word_1_260' title='bbox 3577 1166 3708 1229; x_wconf 73' lang='grc' dir='ltr'>Θεὸς</span> <span class='ocrx_word' id='word_1_261' title='bbox 3741 1168 3877 1220; x_wconf 89' lang='grc' dir='ltr'>ἀπο-</span> 
     </span>
    </p>
   </div>
   <div class='ocr_carea' id='block_1_36' title="bbox 2298 1254 3878 1328">
    <p class='ocr_par' dir='ltr' id='par_1_36' title="bbox 2298 1254 3878 1328">
     <span class='ocr_line' id='line_1_36' title="bbox 2298 1254 3878 1328; baseline 0 -18"><span class='ocrx_word' id='word_1_262' title='bbox 2298 1258 2509 1328; x_wconf 80' lang='grc' dir='ltr'>κρυφὴν</span> <span class='ocrx_word' id='word_1_263' title='bbox 2537 1255 2751 1320; x_wconf 76' lang='grc' dir='ltr'>ἑαυτοῦ,</span> <span class='ocrx_word' id='word_1_264' title='bbox 2796 1276 2814 1308; x_wconf 74' lang='grc' dir='ltr'><strong>ι</strong></span> <span class='ocrx_word' id='word_1_265' title='bbox 2855 1254 2981 1308; x_wconf 83' lang='grc' dir='ltr'><strong>καί·</strong></span> <span class='ocrx_word' id='word_1_266' title='bbox 3028 1273 3047 1305; x_wconf 78' lang='grc' dir='ltr'><strong>ι</strong></span> <span class='ocrx_word' id='word_1_267' title='bbox 3095 1255 3154 1307; x_wconf 86' lang='lat' dir='ltr'><strong>&#39;O</strong></span> <span class='ocrx_word' id='word_1_268' title='bbox 3188 1255 3340 1322; x_wconf 80' lang='grc' dir='ltr'>ἆγιος</span> <span class='ocrx_word' id='word_1_269' title='bbox 3362 1258 3542 1327; x_wconf 77' lang='grc' dir='ltr'>νοήσει</span> <span class='ocrx_word' id='word_1_270' title='bbox 3568 1256 3878 1328; x_wconf 79' lang='grc' dir='ltr'>παραϐολὴν</span> 
     </span>
    </p>
   </div>
   <div class='ocr_carea' id='block_1_37' title="bbox 2295 1348 3877 1418">
    <p class='ocr_par' dir='ltr' id='par_1_37' title="bbox 2295 1348 3877 1418">
     <span class='ocr_line' id='line_1_37' title="bbox 2295 1348 3877 1418; baseline 0.002 -17"><span class='ocrx_word' id='word_1_271' title='bbox 2295 1349 2391 1402; x_wconf 72' lang='grc' dir='ltr'><strong>καὶ</strong></span> <span class='ocrx_word' id='word_1_272' title='bbox 2429 1350 2700 1402; x_wconf 82' lang='grc' dir='ltr'>σκοτεινὸν</span> <span class='ocrx_word' id='word_1_273' title='bbox 2746 1350 2924 1418; x_wconf 92' lang='grc' dir='ltr'>λόγον.</span> <span class='ocrx_word' id='word_1_274' title='bbox 2965 1369 2984 1402; x_wconf 72' lang='grc' dir='ltr'><strong>ι</strong></span> <span class='ocrx_word' id='word_1_275' title='bbox 3027 1349 3352 1418; x_wconf 75' lang='grc' dir='ltr'>Ἐπίσκεψαι</span> <span class='ocrx_word' id='word_1_276' title='bbox 3396 1348 3452 1400; x_wconf 84' lang='grc' dir='ltr'><strong>δὲ</strong></span> <span class='ocrx_word' id='word_1_277' title='bbox 3499 1348 3666 1402; x_wconf 82' lang='grc' dir='ltr'>είδιά</span> <span class='ocrx_word' id='word_1_278' title='bbox 3715 1349 3877 1404; x_wconf 77' lang='grc' dir='ltr'>τοῦτό</span> 
     </span>
    </p>
   </div>
   <div class='ocr_carea' id='block_1_38' title="bbox 2296 1434 3875 1514">
    <p class='ocr_par' dir='ltr' id='par_1_38' title="bbox 2296 1434 3875 1514">
     <span class='ocr_line' id='line_1_38' title="bbox 2296 1434 3875 1514; baseline -0.001 -20"><span class='ocrx_word' id='word_1_279' title='bbox 2296 1459 2460 1512; x_wconf 81' lang='grc' dir='ltr'>φησιν</span> <span class='ocrx_word' id='word_1_280' title='bbox 2482 1444 2511 1495; x_wconf 90' lang='grc' dir='ltr'>ὁ</span> <span class='ocrx_word' id='word_1_281' title='bbox 2541 1442 2729 1514; x_wconf 80' lang='grc' dir='ltr'>Σωτὴρ</span> <span class='ocrx_word' id='word_1_282' title='bbox 2752 1443 2862 1505; x_wconf 81' lang='grc' dir='ltr'>τοῖς</span> <span class='ocrx_word' id='word_1_283' title='bbox 2889 1441 3156 1512; x_wconf 83' lang='grc' dir='ltr'>μαθηταῖς</span> <span class='ocrx_word' id='word_1_284' title='bbox 3171 1459 3214 1492; x_wconf 79' lang='grc' dir='ltr'><strong>ἰ</strong></span> <span class='ocrx_word' id='word_1_285' title='bbox 3240 1441 3378 1495; x_wconf 79' lang='grc' dir='ltr'>Ἀνθ’</span> <span class='ocrx_word' id='word_1_286' title='bbox 3393 1434 3467 1495; x_wconf 83' lang='grc' dir='ltr'>ὧν</span> <span class='ocrx_word' id='word_1_287' title='bbox 3490 1443 3589 1494; x_wconf 81' lang='grc' dir='ltr'><strong>ὅσα</strong></span> <span class='ocrx_word' id='word_1_288' title='bbox 3605 1440 3875 1512; x_wconf 75' lang='grc' dir='ltr'>ἠκούσατε</span> 
     </span>
    </p>
   </div>
   <div class='ocr_carea' id='block_1_39' title="bbox 2295 1532 3876 1604">
    <p class='ocr_par' dir='ltr' id='par_1_39' title="bbox 2295 1532 3876 1604">
     <span class='ocr_line' id='line_1_39' title="bbox 2295 1532 3876 1604; baseline -0.002 -17"><span class='ocrx_word' id='word_1_289' title='bbox 2295 1535 2353 1587; x_wconf 84' lang='grc' dir='ltr'><strong>ἐν</strong></span> <span class='ocrx_word' id='word_1_290' title='bbox 2375 1535 2441 1604; x_wconf 85' lang='grc' dir='ltr'>τῇ</span> <span class='ocrx_word' id='word_1_291' title='bbox 2466 1533 2676 1604; x_wconf 72' lang='grc' dir='ltr'>σκοτίᾳ,</span> <span class='ocrx_word' id='word_1_292' title='bbox 2701 1532 2890 1585; x_wconf 73' lang='grc' dir='ltr'>εἴπατε</span> <span class='ocrx_word' id='word_1_293' title='bbox 2915 1536 2971 1585; x_wconf 79' lang='grc' dir='ltr'><strong>έν</strong></span> <span class='ocrx_word' id='word_1_294' title='bbox 2998 1532 3074 1602; x_wconf 81' lang='grc' dir='ltr'>τῷ</span> <span class='ocrx_word' id='word_1_295' title='bbox 3108 1534 3266 1602; x_wconf 83' lang='grc' dir='ltr'>φωτί.</span> <span class='ocrx_word' id='word_1_296' title='bbox 3307 1553 3323 1584; x_wconf 81' lang='grc' dir='ltr'><strong>ι</strong></span> <span class='ocrx_word' id='word_1_297' title='bbox 3359 1533 3440 1586; x_wconf 83' lang='grc' dir='ltr'><strong>Τά</strong></span> <span class='ocrx_word' id='word_1_298' title='bbox 3476 1533 3582 1604; x_wconf 78' lang='grc' dir='ltr'><strong>γάρ</strong></span> <span class='ocrx_word' id='word_1_299' title='bbox 3613 1535 3670 1585; x_wconf 80' lang='grc' dir='ltr'><strong>ἐν</strong></span> <span class='ocrx_word' id='word_1_300' title='bbox 3704 1534 3876 1603; x_wconf 80' lang='grc' dir='ltr'>ἀποῤ-</span> 
     </span>
    </p>
   </div>
   <div class='ocr_carea' id='block_1_40' title="bbox 2303 1625 3875 1697">
    <p class='ocr_par' dir='ltr' id='par_1_40' title="bbox 2303 1625 3875 1697">
     <span class='ocr_line' id='line_1_40' title="bbox 2303 1625 3875 1697; baseline 0.001 -20"><span class='ocrx_word' id='word_1_301' title='bbox 2303 1627 2452 1697; x_wconf 78' lang='grc' dir='ltr'>ρήτῳ</span> <span class='ocrx_word' id='word_1_302' title='bbox 2485 1625 2580 1678; x_wconf 74' lang='grc' dir='ltr'><strong>καὶ</strong></span> <span class='ocrx_word' id='word_1_303' title='bbox 2617 1625 2690 1695; x_wconf 78' lang='grc' dir='ltr'><strong>μὴ</strong></span> <span class='ocrx_word' id='word_1_304' title='bbox 2723 1625 2943 1696; x_wconf 79' lang='grc' dir='ltr'>ἐπηκόῳ</span> <span class='ocrx_word' id='word_1_305' title='bbox 2974 1625 3182 1678; x_wconf 85' lang='grc' dir='ltr'>πολλῶν</span> <span class='ocrx_word' id='word_1_306' title='bbox 3210 1626 3526 1694; x_wconf 77' lang='grc' dir='ltr'>δύσγνωστα</span> <span class='ocrx_word' id='word_1_307' title='bbox 3569 1625 3666 1678; x_wconf 67' lang='grc' dir='ltr'><strong>καὶ</strong></span> <span class='ocrx_word' id='word_1_308' title='bbox 3692 1626 3875 1695; x_wconf 79' lang='grc' dir='ltr'>ἀσαφῆ</span> 
     </span>
    </p>
   </div>
   <div class='ocr_carea' id='block_1_41' title="bbox 2295 1713 3878 1786">
    <p class='ocr_par' dir='ltr' id='par_1_41' title="bbox 2295 1713 3878 1786">
     <span class='ocr_line' id='line_1_41' title="bbox 2295 1713 3878 1786; baseline -0.002 -18"><span class='ocrx_word' id='word_1_309' title='bbox 2295 1716 2477 1780; x_wconf 82' lang='grc' dir='ltr'>αὐτοῖς</span> <span class='ocrx_word' id='word_1_310' title='bbox 2521 1713 2932 1784; x_wconf 83' lang='grc' dir='ltr'>παραδεδομένα</span> <span class='ocrx_word' id='word_1_311' title='bbox 2979 1716 3264 1786; x_wconf 74' lang='grc' dir='ltr'>’μυστήρια</span> <span class='ocrx_word' id='word_1_312' title='bbox 3307 1714 3638 1786; x_wconf 81' lang='grc' dir='ltr'>προστάσσει</span> <span class='ocrx_word' id='word_1_313' title='bbox 3683 1715 3878 1776; x_wconf 73' lang='grc' dir='ltr'>αὐτοὺς</span> 
     </span>
    </p>
   </div>
   <div class='ocr_carea' id='block_1_42' title="bbox 2295 1804 3877 1881">
    <p class='ocr_par' dir='ltr' id='par_1_42' title="bbox 2295 1804 3877 1881">
     <span class='ocr_line' id='line_1_42' title="bbox 2295 1804 3877 1881; baseline -0.001 -18"><span class='ocrx_word' id='word_1_314' title='bbox 2295 1810 2715 1881; x_wconf 73' lang='grc' dir='ltr'>φωτιζομένους,</span> <span class='ocrx_word' id='word_1_315' title='bbox 2755 1810 2850 1863; x_wconf 76' lang='grc' dir='ltr'>καὶ</span> <span class='ocrx_word' id='word_1_316' title='bbox 2907 1809 2994 1863; x_wconf 79' lang='grc' dir='ltr'>διὰ</span> <span class='ocrx_word' id='word_1_317' title='bbox 3051 1810 3209 1862; x_wconf 84' lang='grc' dir='ltr'>τούτο</span> <span class='ocrx_word' id='word_1_318' title='bbox 3262 1808 3587 1880; x_wconf 79' lang='grc' dir='ltr'>λεγομένους</span> <span class='ocrx_word' id='word_1_319' title='bbox 3635 1804 3776 1861; x_wconf 74' lang='grc' dir='ltr'>εἶναι</span> <span class='ocrx_word' id='word_1_320' title='bbox 3820 1810 3877 1862; x_wconf 84' lang='grc' dir='ltr'>ὲν</span> 
     </span>
    </p>
   </div>
   <div class='ocr_carea' id='block_1_43' title="bbox 2297 1901 3876 1974">
    <p class='ocr_par' dir='ltr' id='par_1_43' title="bbox 2297 1901 3876 1974">
     <span class='ocr_line' id='line_1_43' title="bbox 2297 1901 3876 1974; baseline -0.003 -18"><span class='ocrx_word' id='word_1_321' title='bbox 2297 1903 2437 1974; x_wconf 73' lang='grc' dir='ltr'>φωτὶ</span> <span class='ocrx_word' id='word_1_322' title='bbox 2469 1903 2837 1972; x_wconf 84' lang='grc' dir='ltr'>ἀπαγγέλλειν</span> <span class='ocrx_word' id='word_1_323' title='bbox 2873 1903 3037 1956; x_wconf 77' lang='grc' dir='ltr'>παντὶ</span> <span class='ocrx_word' id='word_1_324' title='bbox 3062 1901 3140 1972; x_wconf 82' lang='grc' dir='ltr'>τῷ</span> <span class='ocrx_word' id='word_1_325' title='bbox 3173 1902 3444 1972; x_wconf 82' lang='grc' dir='ltr'>γινομένῳ</span> <span class='ocrx_word' id='word_1_326' title='bbox 3477 1901 3633 1970; x_wconf 72' lang='grc' dir='ltr'>φωτί.</span> <span class='ocrx_word' id='word_1_327' title='bbox 3690 1901 3876 1970; x_wconf 88' lang='grc' dir='ltr'>Παρα-</span> 
     </span>
    </p>
   </div>
   <div class='ocr_carea' id='block_1_44' title="bbox 2295 1991 3880 2066">
    <p class='ocr_par' dir='ltr' id='par_1_44' title="bbox 2295 1991 3880 2066">
     <span class='ocr_line' id='line_1_44' title="bbox 2295 1991 3880 2066; baseline -0.003 -19"><span class='ocrx_word' id='word_1_328' title='bbox 2295 1994 2570 2066; x_wconf 81' lang='grc' dir='ltr'>δοξότερον</span> <span class='ocrx_word' id='word_1_329' title='bbox 2595 1995 2640 2048; x_wconf 84' lang='grc' dir='ltr'>δ’</span> <span class='ocrx_word' id='word_1_330' title='bbox 2673 1993 2738 2049; x_wconf 82' lang='grc' dir='ltr'><strong>ἂν</strong></span> <span class='ocrx_word' id='word_1_331' title='bbox 2763 1994 2855 2046; x_wconf 75' lang='grc' dir='ltr'><strong>ἐπὶ</strong></span> <span class='ocrx_word' id='word_1_332' title='bbox 2891 1992 2986 2046; x_wconf 82' lang='grc' dir='ltr'>τοῦ</span> <span class='ocrx_word' id='word_1_333' title='bbox 3021 1992 3412 2063; x_wconf 73' lang='grc' dir='ltr'>ἐπαινουμένου</span> <span class='ocrx_word' id='word_1_334' title='bbox 3449 1991 3675 2054; x_wconf 89' lang='grc' dir='ltr'>σκότους</span> <span class='ocrx_word' id='word_1_335' title='bbox 3709 1992 3880 2043; x_wconf 73' lang='grc' dir='ltr'>εἴποι-</span> 
     </span>
    </p>
   </div>
   <div class='ocr_carea' id='block_1_45' title="bbox 2300 2079 3878 2156">
    <p class='ocr_par' dir='ltr' id='par_1_45' title="bbox 2300 2079 3878 2156">
     <span class='ocr_line' id='line_1_45' title="bbox 2300 2079 3878 2156; baseline -0.006 -17"><span class='ocrx_word' id='word_1_336' title='bbox 2300 2103 2383 2156; x_wconf 88' lang='grc' dir='ltr'><strong>μι,</strong></span> <span class='ocrx_word' id='word_1_337' title='bbox 2417 2086 2498 2138; x_wconf 84' lang='grc' dir='ltr'><strong>ὅτι</strong></span> <span class='ocrx_word' id='word_1_338' title='bbox 2524 2084 2683 2138; x_wconf 81' lang='grc' dir='ltr'>τοῦτο</span> <span class='ocrx_word' id='word_1_339' title='bbox 2714 2083 2933 2138; x_wconf 86' lang='grc' dir='ltr'>σπεύδει</span> <span class='ocrx_word' id='word_1_340' title='bbox 2966 2083 3060 2136; x_wconf 72' lang='grc' dir='ltr'>ἐπὶ</span> <span class='ocrx_word' id='word_1_341' title='bbox 3093 2082 3153 2134; x_wconf 85' lang='grc' dir='ltr'><strong>τὸ</strong></span> <span class='ocrx_word' id='word_1_342' title='bbox 3180 2082 3316 2150; x_wconf 84' lang='grc' dir='ltr'>φῶς,</span> <span class='ocrx_word' id='word_1_343' title='bbox 3341 2081 3436 2133; x_wconf 69' lang='grc' dir='ltr'><strong>καὶ</strong></span> <span class='ocrx_word' id='word_1_344' title='bbox 3469 2079 3878 2150; x_wconf 85' lang='grc' dir='ltr'>καταλαμϐάνει</span> 
     </span>
    </p>
   </div>
   <div class='ocr_carea' id='block_1_46' title="bbox 2299 2172 3877 2247">
    <p class='ocr_par' dir='ltr' id='par_1_46' title="bbox 2299 2172 3877 2247">
     <span class='ocr_line' id='line_1_46' title="bbox 2299 2172 3877 2247; baseline -0.006 -14"><span class='ocrx_word' id='word_1_345' title='bbox 2299 2179 2452 2241; x_wconf 82' lang='grc' dir='ltr'>αὐτὸ,</span> <span class='ocrx_word' id='word_1_346' title='bbox 2480 2179 2574 2232; x_wconf 77' lang='grc' dir='ltr'><strong>καὶ</strong></span> <span class='ocrx_word' id='word_1_347' title='bbox 2599 2176 2807 2247; x_wconf 81' lang='grc' dir='ltr'>γίνεταί</span> <span class='ocrx_word' id='word_1_348' title='bbox 2835 2193 2988 2241; x_wconf 88' lang='grc' dir='ltr'>ποτε,</span> <span class='ocrx_word' id='word_1_349' title='bbox 3021 2175 3109 2228; x_wconf 75' lang='grc' dir='ltr'>διὰ</span> <span class='ocrx_word' id='word_1_350' title='bbox 3132 2175 3191 2228; x_wconf 82' lang='grc' dir='ltr'><strong>τὸ</strong></span> <span class='ocrx_word' id='word_1_351' title='bbox 3221 2173 3531 2244; x_wconf 80' lang='grc' dir='ltr'>ἀγνοεῖσθαι</span> <span class='ocrx_word' id='word_1_352' title='bbox 3560 2174 3771 2236; x_wconf 79' lang='grc' dir='ltr'>σκότος,</span> <span class='ocrx_word' id='word_1_353' title='bbox 3799 2172 3877 2243; x_wconf 85' lang='grc' dir='ltr'>τῷ</span> 
     </span>
    </p>
   </div>
   <div class='ocr_carea' id='block_1_47' title="bbox 2302 2265 3869 2344">
    <p class='ocr_par' dir='ltr' id='par_1_47' title="bbox 2302 2265 3869 2344">
     <span class='ocr_line' id='line_1_47' title="bbox 2302 2265 3869 2344; baseline -0.005 -19"><span class='ocrx_word' id='word_1_354' title='bbox 2302 2271 2376 2344; x_wconf 83' lang='grc' dir='ltr'>μὴ</span> <span class='ocrx_word' id='word_1_355' title='bbox 2401 2273 2598 2343; x_wconf 84' lang='grc' dir='ltr'>ὁρῶντι</span> <span class='ocrx_word' id='word_1_356' title='bbox 2620 2272 2729 2341; x_wconf 86' lang='grc'>(87)</span> <span class='ocrx_word' id='word_1_357' title='bbox 2759 2270 2856 2340; x_wconf 81' lang='grc' dir='ltr'><strong>τὴν</strong></span> <span class='ocrx_word' id='word_1_358' title='bbox 2889 2267 3115 2339; x_wconf 87' lang='grc' dir='ltr'>δύναμιν</span> <span class='ocrx_word' id='word_1_359' title='bbox 3142 2267 3328 2330; x_wconf 77' lang='grc' dir='ltr'>αὐτοῦ,</span> <span class='ocrx_word' id='word_1_360' title='bbox 3357 2265 3498 2320; x_wconf 76' lang='grc' dir='ltr'>οὕτω</span> <span class='ocrx_word' id='word_1_361' title='bbox 3530 2265 3869 2337; x_wconf 88' lang='grc' dir='ltr'>μεταϐάλλον</span> 
     </span>
    </p>
   </div>
   <div class='ocr_carea' id='block_1_48' title="bbox 2298 2355 3877 2436">
    <p class='ocr_par' dir='ltr' id='par_1_48' title="bbox 2298 2355 3877 2436">
     <span class='ocr_line' id='line_1_48' title="bbox 2298 2355 3877 2436; baseline -0.008 -16"><span class='ocrx_word' id='word_1_362' title='bbox 2298 2367 2439 2423; x_wconf 77' lang='grc' dir='ltr'>ῶττε</span> <span class='ocrx_word' id='word_1_363' title='bbox 2470 2367 2559 2419; x_wconf 82' lang='grc' dir='ltr'><strong>τὸν</strong></span> <span class='ocrx_word' id='word_1_364' title='bbox 2603 2363 2958 2436; x_wconf 80' lang='grc' dir='ltr'>μεμαθηκότα</span> <span class='ocrx_word' id='word_1_365' title='bbox 2989 2359 3390 2430; x_wconf 79' lang='grc' dir='ltr'>ἀποφαίνεσθαι</span> <span class='ocrx_word' id='word_1_366' title='bbox 3433 2359 3716 2428; x_wconf 87' lang='grc' dir='ltr'>γεγονέναι</span> <span class='ocrx_word' id='word_1_367' title='bbox 3762 2355 3877 2427; x_wconf 86' lang='grc' dir='ltr'><strong>φῶς</strong></span> 
     </span>
    </p>
   </div>
   <div class='ocr_carea' id='block_1_49' title="bbox 2296 2451 3460 2529">
    <p class='ocr_par' dir='ltr' id='par_1_49' title="bbox 2296 2451 3460 2529">
     <span class='ocr_line' id='line_1_49' title="bbox 2296 2451 3460 2529; baseline -0.012 -13"><span class='ocrx_word' id='word_1_368' title='bbox 2296 2464 2356 2516; x_wconf 77' lang='grc' dir='ltr'><strong>τὸ</strong></span> <span class='ocrx_word' id='word_1_369' title='bbox 2379 2457 2619 2529; x_wconf 87' lang='grc' dir='ltr'>γνωσθέν</span> <span class='ocrx_word' id='word_1_370' title='bbox 2646 2473 2776 2509; x_wconf 91' lang='grc' dir='ltr'>ποτε</span> <span class='ocrx_word' id='word_1_371' title='bbox 2809 2455 3052 2524; x_wconf 84' lang='grc' dir='ltr'>ὑπάρχον</span> <span class='ocrx_word' id='word_1_372' title='bbox 3075 2451 3222 2522; x_wconf 81' lang='grc' dir='ltr'>αὐτῷ</span> <span class='ocrx_word' id='word_1_373' title='bbox 3254 2451 3460 2511; x_wconf 81' lang='grc' dir='ltr'>σκότος.</span> 
     </span>
    </p>
   </div>
   <div class='ocr_carea' id='block_1_50' title="bbox 608 2542 3874 2632">
    <p class='ocr_par' dir='ltr' id='par_1_50' title="bbox 608 2542 3874 2632">
     <span class='ocr_line' id='line_1_50' title="bbox 608 2542 3874 2632; baseline -0.006 -18"><span class='ocrx_word' id='word_1_374' title='bbox 608 2577 714 2630; x_wconf 87' lang='lat' dir='ltr'><strong>que</strong></span> <span class='ocrx_word' id='word_1_375' title='bbox 747 2561 1173 2632; x_wconf 85' lang='lat' dir='ltr'><strong>apprehendere,</strong></span> <span class='ocrx_word' id='word_1_376' title='bbox 1207 2571 1372 2630; x_wconf 92' lang='lat' dir='ltr'><strong>atque</strong></span> <span class='ocrx_word' id='word_1_377' title='bbox 1418 2577 1540 2631; x_wconf 64' lang='lat' dir='ltr'><strong>qua:</strong></span> <span class='ocrx_word' id='word_1_378' title='bbox 1572 2561 1697 2616; x_wconf 92' lang='lat' dir='ltr'><strong>olim</strong></span> <span class='ocrx_word' id='word_1_379' title='bbox 1745 2559 1981 2615; x_wconf 75' lang='lat' dir='ltr'><strong>fuissent</strong></span> <span class='ocrx_word' id='word_1_380' title='bbox 2027 2562 2286 2622; x_wconf 62' lang='lat' dir='ltr'><strong>tenebras,</strong></span> <span class='ocrx_word' id='word_1_381' title='bbox 2320 2572 2427 2610; x_wconf 84' lang='lat' dir='ltr'><strong>non</strong></span> <span class='ocrx_word' id='word_1_382' title='bbox 2461 2550 2768 2620; x_wconf 87' lang='lat' dir='ltr'><strong>dispirienti</strong></span> <span class='ocrx_word' id='word_1_383' title='bbox 2809 2549 2916 2601; x_wconf 85' lang='lat' dir='ltr'><strong>vim</strong></span> <span class='ocrx_word' id='word_1_384' title='bbox 2943 2548 3208 2617; x_wconf 88' lang='lat' dir='ltr'><strong>ipsarum,</strong></span> <span class='ocrx_word' id='word_1_385' title='bbox 3242 2558 3308 2598; x_wconf 90' lang='lat' dir='ltr'><strong>eo</strong></span> <span class='ocrx_word' id='word_1_386' title='bbox 3329 2544 3474 2612; x_wconf 91' lang='lat' dir='ltr'><strong>quod</strong></span> <span class='ocrx_word' id='word_1_387' title='bbox 3511 2542 3874 2632; x_wconf 70' lang='lat' dir='ltr'><strong>ignoraretur,</strong></span> 
     </span>
    </p>
   </div>
   <div class='ocr_carea' id='block_1_51' title="bbox 608 2626 3874 2721">
    <p class='ocr_par' dir='ltr' id='par_1_51' title="bbox 608 2626 3874 2721">
     <span class='ocr_line' id='line_1_51' title="bbox 608 2626 3874 2721; baseline -0.007 -14"><span class='ocrx_word' id='word_1_388' title='bbox 608 2626 691 2707; x_wconf 70' lang='lat' dir='ltr'><strong>sic</strong></span> <span class='ocrx_word' id='word_1_389' title='bbox 717 2626 1018 2716; x_wconf 78' lang='lat' dir='ltr'><strong>immutari,</strong></span> <span class='ocrx_word' id='word_1_390' title='bbox 1052 2660 1112 2705; x_wconf 89' lang='lat' dir='ltr'><strong>ut</strong></span> <span class='ocrx_word' id='word_1_391' title='bbox 1133 2666 1256 2705; x_wconf 90' lang='lat' dir='ltr'><strong>cum</strong></span> <span class='ocrx_word' id='word_1_392' title='bbox 1285 2626 1330 2706; x_wconf 83' lang='lat' dir='ltr'><strong>is</strong></span> <span class='ocrx_word' id='word_1_393' title='bbox 1364 2626 1643 2705; x_wconf 46' lang='lat' dir='ltr'><strong>ad—corum</strong></span> <span class='ocrx_word' id='word_1_394' title='bbox 1687 2650 1968 2705; x_wconf 88' lang='lat' dir='ltr'><strong>scientiam</strong></span> <span class='ocrx_word' id='word_1_395' title='bbox 2001 2649 2310 2721; x_wconf 87' lang='lat' dir='ltr'><strong>pervenerit</strong></span> <span class='ocrx_word' id='word_1_396' title='bbox 2339 2662 2457 2717; x_wconf 67' lang='lat' dir='ltr'><strong>qum</strong></span> <span class='ocrx_word' id='word_1_397' title='bbox 2486 2641 2772 2714; x_wconf 80' lang='lat' dir='ltr'><strong>ignorabat</strong></span> <span class='ocrx_word' id='word_1_398' title='bbox 2799 2639 3066 2702; x_wconf 90' lang='lat' dir='ltr'><strong>enuntiet,</strong></span> <span class='ocrx_word' id='word_1_399' title='bbox 3095 2651 3216 2706; x_wconf 70' lang='lat' dir='ltr'><strong>qua:</strong></span> <span class='ocrx_word' id='word_1_400' title='bbox 3257 2633 3510 2689; x_wconf 89' lang='lat' dir='ltr'><strong>didicerit</strong></span> <span class='ocrx_word' id='word_1_401' title='bbox 3563 2630 3736 2687; x_wconf 68' lang='lat' dir='ltr'><strong>luisse</strong></span> <span class='ocrx_word' id='word_1_402' title='bbox 3770 2626 3874 2685; x_wconf 85' lang='lat' dir='ltr'><strong>sibi</strong></span> 
     </span>
    </p>
   </div>
   <div class='ocr_carea' id='block_1_52' title="bbox 607 2739 1822 2811">
    <p class='ocr_par' dir='ltr' id='par_1_52' title="bbox 607 2739 1822 2811">
     <span class='ocr_line' id='line_1_52' title="bbox 607 2739 1822 2811; baseline 0.002 -17"><span class='ocrx_word' id='word_1_403' title='bbox 607 2741 900 2811; x_wconf 86' lang='lat' dir='ltr'><strong>aliquando</strong></span> <span class='ocrx_word' id='word_1_404' title='bbox 933 2742 1206 2804; x_wconf 85' lang='lat' dir='ltr'><strong>tenebras,</strong></span> <span class='ocrx_word' id='word_1_405' title='bbox 1242 2755 1386 2795; x_wconf 88' lang='lat' dir='ltr'><strong>nunc</strong></span> <span class='ocrx_word' id='word_1_406' title='bbox 1417 2750 1597 2794; x_wconf 89' lang='lat' dir='ltr'><strong>autem</strong></span> <span class='ocrx_word' id='word_1_407' title='bbox 1629 2739 1822 2796; x_wconf 88' lang='lat' dir='ltr'><strong>lucem.</strong></span> 
     </span>
    </p>
   </div>
   <div class='ocr_carea' id='block_1_53' title="bbox 676 2828 2180 2896">
    <p class='ocr_par' dir='ltr' id='par_1_53' title="bbox 676 2828 2180 2896">
     <span class='ocr_line' id='line_1_53' title="bbox 676 2828 2180 2896; baseline 0 -10"><span class='ocrx_word' id='word_1_408' title='bbox 676 2831 767 2886; x_wconf 68' lang='grc'><strong>24.</strong></span> <span class='ocrx_word' id='word_1_409' title='bbox 796 2828 927 2884; x_wconf 81' lang='lat' dir='ltr'><strong>Fuit</strong></span> <span class='ocrx_word' id='word_1_410' title='bbox 952 2830 1104 2884; x_wconf 83' lang='lat' dir='ltr'><strong>homo</strong></span> <span class='ocrx_word' id='word_1_411' title='bbox 1125 2831 1313 2885; x_wconf 77' lang='lat' dir='ltr'><strong>missus</strong></span> <span class='ocrx_word' id='word_1_412' title='bbox 1341 2849 1372 2884; x_wconf 90' lang='lat' dir='ltr'><strong>a</strong></span> <span class='ocrx_word' id='word_1_413' title='bbox 1403 2829 1536 2896; x_wconf 80' lang='lat' dir='ltr'><strong>Deo,</strong></span> <span class='ocrx_word' id='word_1_414' title='bbox 1560 2847 1749 2884; x_wconf 82' lang='lat' dir='ltr'><strong>nomen</strong></span> <span class='ocrx_word' id='word_1_415' title='bbox 1777 2830 1857 2884; x_wconf 84' lang='lat' dir='ltr'><strong>illi</strong></span> <span class='ocrx_word' id='word_1_416' title='bbox 1877 2829 2115 2884; x_wconf 79' lang='lat' dir='ltr'><strong>Ioannes</strong></span> <span class='ocrx_word' id='word_1_417' title='bbox 2137 2831 2180 2886; x_wconf 80' lang='lat'><strong>’.</strong></span> 
     </span>
    </p>
   </div>
   <div class='ocr_carea' id='block_1_54' title="bbox 605 2921 2185 2993">
    <p class='ocr_par' dir='ltr' id='par_1_54' title="bbox 605 2921 2185 2993">
     <span class='ocr_line' id='line_1_54' title="bbox 605 2921 2185 2993; baseline -0.002 -13"><span class='ocrx_word' id='word_1_418' title='bbox 605 2923 930 2980; x_wconf 79' lang='lat' dir='ltr'><strong>Accuratius</strong></span> <span class='ocrx_word' id='word_1_419' title='bbox 967 2922 1164 2992; x_wconf 88' lang='lat' dir='ltr'><strong>aliquis</strong></span> <span class='ocrx_word' id='word_1_420' title='bbox 1211 2923 1524 2993; x_wconf 82' lang='lat' dir='ltr'><strong>intelligens</strong></span> <span class='ocrx_word' id='word_1_421' title='bbox 1569 2938 1756 2976; x_wconf 82' lang='lat' dir='ltr'><strong>vocem</strong></span> <span class='ocrx_word' id='word_1_422' title='bbox 1804 2926 1995 2977; x_wconf 78' lang='lat' dir='ltr'><strong>missus</strong></span> <span class='ocrx_word' id='word_1_423' title='bbox 2021 2921 2185 2992; x_wconf 87' lang='lat' dir='ltr'><strong>(quo-</strong></span> 
     </span>
    </p>
   </div>
   <div class='ocr_carea' id='block_1_55' title="bbox 2373 2811 3873 2897">
    <p class='ocr_par' dir='ltr' id='par_1_55' title="bbox 2373 2811 3873 2897">
     <span class='ocr_line' id='line_1_55' title="bbox 2373 2811 3873 2897; baseline -0.009 -16"><span class='ocrx_word' id='word_1_424' title='bbox 2373 2825 2633 2897; x_wconf 75' lang='grc' dir='ltr'>Ἐγένετο</span> <span class='ocrx_word' id='word_1_425' title='bbox 2682 2822 2991 2890; x_wconf 80' lang='grc' dir='ltr'>ἄνθρωπος</span> <span class='ocrx_word' id='word_1_426' title='bbox 3031 2813 3486 2885; x_wconf 73' lang='grc' dir='ltr'>ἀπεσταλμένος</span> <span class='ocrx_word' id='word_1_427' title='bbox 3514 2814 3673 2882; x_wconf 82' lang='grc' dir='ltr'>παρὰ</span> <span class='ocrx_word' id='word_1_428' title='bbox 3701 2811 3873 2869; x_wconf 61' lang='grc' dir='ltr'>Θεοῦ.</span> 
     </span>
    </p>
   </div>
   <div class='ocr_carea' id='block_1_56' title="bbox 2292 2905 3874 2989">
    <p class='ocr_par' dir='ltr' id='par_1_56' title="bbox 2292 2905 3874 2989">
     <span class='ocr_line' id='line_1_56' title="bbox 2292 2905 3874 2989; baseline -0.011 -15"><span class='ocrx_word' id='word_1_429' title='bbox 2292 2921 2477 2989; x_wconf 74' lang='grc' dir='ltr'>ὄνομα</span> <span class='ocrx_word' id='word_1_430' title='bbox 2519 2915 2680 2982; x_wconf 86' lang='grc' dir='ltr'><strong>αὑτῷ</strong></span> <span class='ocrx_word' id='word_1_431' title='bbox 2734 2913 3029 2978; x_wconf 72' lang='grc' dir='ltr'>Ἰωάννης.</span> <span class='ocrx_word' id='word_1_432' title='bbox 3073 2907 3483 2981; x_wconf 84' lang='grc' dir='ltr'>Ἀκριϐέστερόν</span> <span class='ocrx_word' id='word_1_433' title='bbox 3539 2923 3622 2969; x_wconf 90' lang='grc' dir='ltr'><strong>τις</strong></span> <span class='ocrx_word' id='word_1_434' title='bbox 3658 2905 3874 2958; x_wconf 87' lang='grc' dir='ltr'>ἀκούων</span> 
     </span>
    </p>
   </div>
   <div class='ocr_carea' id='block_1_57' title="bbox 607 2996 2191 3088">
    <p class='ocr_par' dir='ltr' id='par_1_57' title="bbox 607 3014 2183 3088">
     <span class='ocr_line' id='line_1_57' title="bbox 607 3014 2183 3088; baseline 0 -18"><span class='ocrx_word' id='word_1_435' title='bbox 607 3016 755 3070; x_wconf 87' lang='lat' dir='ltr'><strong>niam</strong></span> <span class='ocrx_word' id='word_1_436' title='bbox 781 3015 872 3084; x_wconf 91' lang='lat' dir='ltr'><strong>qui</strong></span> <span class='ocrx_word' id='word_1_437' title='bbox 904 3014 1160 3078; x_wconf 92' lang='lat' dir='ltr'><strong>mittitur,</strong></span> <span class='ocrx_word' id='word_1_438' title='bbox 1189 3015 1440 3070; x_wconf 86' lang='lat' dir='ltr'><strong>alicunde</strong></span> <span class='ocrx_word' id='word_1_439' title='bbox 1461 3024 1515 3069; x_wconf 90' lang='lat' dir='ltr'><strong>et</strong></span> <span class='ocrx_word' id='word_1_440' title='bbox 1538 3015 1721 3084; x_wconf 85' lang='lat' dir='ltr'><strong>aliquo</strong></span> <span class='ocrx_word' id='word_1_441' title='bbox 1753 3015 2007 3088; x_wconf 74' lang='lat' dir='ltr'><strong>mittitur)</strong></span> <span class='ocrx_word' id='word_1_442' title='bbox 2035 3032 2183 3086; x_wconf 65' lang='lat' dir='ltr'><strong>quae-</strong></span> 
     </span>
    </p>
   </div>
   <div class='ocr_carea' id='block_1_58' title="bbox 2294 2996 3869 3088">
    <p class='ocr_par' dir='ltr' id='par_1_58' title="bbox 2294 2996 3869 3088">
     <span class='ocr_line' id='line_1_58' title="bbox 2294 2996 3869 3088; baseline -0.015 -21"><span class='ocrx_word' id='word_1_443' title='bbox 2294 3011 2378 3067; x_wconf 79' lang='grc' dir='ltr'><strong>τοῢ</strong></span> <span class='ocrx_word' id='word_1_444' title='bbox 2402 3051 2416 3075; x_wconf 94' lang='grc'><strong>,</strong></span> <span class='ocrx_word' id='word_1_445' title='bbox 2469 3003 2926 3075; x_wconf 78' lang='grc' dir='ltr'>ἀπεσταλμένος</span> <span class='ocrx_word' id='word_1_446' title='bbox 2982 3000 3192 3072; x_wconf 80' lang='grc' dir='ltr'>(ἐπειδὴ</span> <span class='ocrx_word' id='word_1_447' title='bbox 3225 3002 3254 3053; x_wconf 89' lang='lat'><strong>6</strong></span> <span class='ocrx_word' id='word_1_448' title='bbox 3298 2996 3709 3069; x_wconf 85' lang='grc' dir='ltr'>ἀπεσταλμένος</span> <span class='ocrx_word' id='word_1_449' title='bbox 3769 3014 3869 3088; x_wconf 87' lang='grc' dir='ltr'>πο-</span> 
     </span>
    </p>
   </div>
   <div class='ocr_carea' id='block_1_59' title="bbox 606 3105 2182 3177">
    <p class='ocr_par' dir='ltr' id='par_1_59' title="bbox 606 3105 2182 3177">
     <span class='ocr_line' id='line_1_59' title="bbox 606 3105 2182 3177; baseline 0 -15"><span class='ocrx_word' id='word_1_450' title='bbox 606 3115 690 3162; x_wconf 84' lang='lat' dir='ltr'><strong>ret</strong></span> <span class='ocrx_word' id='word_1_451' title='bbox 723 3107 864 3161; x_wconf 81' lang='lat' dir='ltr'><strong>unde</strong></span> <span class='ocrx_word' id='word_1_452' title='bbox 898 3105 1140 3161; x_wconf 81' lang='lat' dir='ltr'><strong>Joannes</strong></span> <span class='ocrx_word' id='word_1_453' title='bbox 1176 3108 1247 3161; x_wconf 93' lang='lat' dir='ltr'><strong>sit</strong></span> <span class='ocrx_word' id='word_1_454' title='bbox 1276 3108 1476 3162; x_wconf 87' lang='lat' dir='ltr'><strong>missus</strong></span> <span class='ocrx_word' id='word_1_455' title='bbox 1516 3117 1572 3161; x_wconf 89' lang='lat' dir='ltr'><strong>et</strong></span> <span class='ocrx_word' id='word_1_456' title='bbox 1605 3123 1734 3177; x_wconf 89' lang='lat' dir='ltr'><strong>quo.</strong></span> <span class='ocrx_word' id='word_1_457' title='bbox 1781 3107 1914 3162; x_wconf 89' lang='lat' dir='ltr'><strong>Cum</strong></span> <span class='ocrx_word' id='word_1_458' title='bbox 1951 3123 2082 3162; x_wconf 85' lang='lat' dir='ltr'><strong>vero</strong></span> <span class='ocrx_word' id='word_1_459' title='bbox 2115 3108 2182 3162; x_wconf 92' lang='lat' dir='ltr'><strong>li-</strong></span> 
     </span>
    </p>
   </div>
   <div class='ocr_carea' id='block_1_60' title="bbox 605 3197 2181 3268">
    <p class='ocr_par' dir='ltr' id='par_1_60' title="bbox 605 3197 2181 3268">
     <span class='ocr_line' id='line_1_60' title="bbox 605 3197 2181 3268; baseline 0.003 -18"><span class='ocrx_word' id='word_1_460' title='bbox 605 3208 771 3266; x_wconf 89' lang='lat' dir='ltr'><strong>queat</strong></span> <span class='ocrx_word' id='word_1_461' title='bbox 817 3212 947 3268; x_wconf 89' lang='lat' dir='ltr'><strong>quo,</strong></span> <span class='ocrx_word' id='word_1_462' title='bbox 1004 3198 1262 3252; x_wconf 90' lang='lat' dir='ltr'><strong>nimirum</strong></span> <span class='ocrx_word' id='word_1_463' title='bbox 1323 3197 1474 3265; x_wconf 81' lang='lat' dir='ltr'><strong>juxta</strong></span> <span class='ocrx_word' id='word_1_464' title='bbox 1536 3199 1866 3264; x_wconf 86' lang='lat' dir='ltr'><strong>historiam,</strong></span> <span class='ocrx_word' id='word_1_465' title='bbox 1920 3200 2063 3268; x_wconf 86' lang='lat' dir='ltr'><strong>quod</strong></span> <span class='ocrx_word' id='word_1_466' title='bbox 2115 3201 2181 3254; x_wconf 88' lang='lat' dir='ltr'><strong>ad</strong></span> 
     </span>
    </p>
   </div>
   <div class='ocr_carea' id='block_1_61' title="bbox 604 3286 2184 3342">
    <p class='ocr_par' dir='ltr' id='par_1_61' title="bbox 604 3286 2184 3342">
     <span class='ocr_line' id='line_1_61' title="bbox 604 3286 2184 3342; baseline 0 0"><span class='ocrx_word' id='word_1_467' title='bbox 604 3287 770 3342; x_wconf 87' lang='lat' dir='ltr'><strong>Israel</strong></span> <span class='ocrx_word' id='word_1_468' title='bbox 799 3299 855 3341; x_wconf 89' lang='lat' dir='ltr'><strong>et</strong></span> <span class='ocrx_word' id='word_1_469' title='bbox 881 3288 949 3342; x_wconf 90' lang='lat' dir='ltr'><strong>ad</strong></span> <span class='ocrx_word' id='word_1_470' title='bbox 981 3288 1226 3342; x_wconf 89' lang='lat' dir='ltr'><strong>volentes</strong></span> <span class='ocrx_word' id='word_1_471' title='bbox 1259 3302 1383 3342; x_wconf 88' lang='lat' dir='ltr'><strong>eum</strong></span> <span class='ocrx_word' id='word_1_472' title='bbox 1415 3287 1615 3342; x_wconf 82' lang='lat' dir='ltr'><strong>audire</strong></span> <span class='ocrx_word' id='word_1_473' title='bbox 1653 3289 1704 3340; x_wconf 89' lang='lat' dir='ltr'><strong>iu</strong></span> <span class='ocrx_word' id='word_1_474' title='bbox 1755 3302 1941 3342; x_wconf 87' lang='lat' dir='ltr'><strong>eremo</strong></span> <span class='ocrx_word' id='word_1_475' title='bbox 1985 3286 2184 3342; x_wconf 60' lang='lat' dir='ltr'><strong>Judma:</strong></span> 
     </span>
    </p>
   </div>
   <div class='ocr_carea' id='block_1_62' title="bbox 605 3376 2184 3447">
    <p class='ocr_par' dir='ltr' id='par_1_62' title="bbox 605 3376 2184 3447">
     <span class='ocr_line' id='line_1_62' title="bbox 605 3376 2184 3447; baseline -0.001 -14"><span class='ocrx_word' id='word_1_476' title='bbox 605 3389 1062 3444; x_wconf 88' lang='lat' dir='ltr'><strong>commorautem,</strong></span> <span class='ocrx_word' id='word_1_477' title='bbox 1112 3390 1167 3432; x_wconf 90' lang='lat' dir='ltr'><strong>et</strong></span> <span class='ocrx_word' id='word_1_478' title='bbox 1207 3378 1348 3447; x_wconf 87' lang='lat' dir='ltr'><strong>apud</strong></span> <span class='ocrx_word' id='word_1_479' title='bbox 1397 3376 1687 3433; x_wconf 74' lang='lat' dir='ltr'><strong>Iordanem</strong></span> <span class='ocrx_word' id='word_1_480' title='bbox 1745 3377 1964 3431; x_wconf 84' lang='lat' dir='ltr'><strong>ﬂuvium</strong></span> <span class='ocrx_word' id='word_1_481' title='bbox 2009 3378 2184 3447; x_wconf 89' lang='lat' dir='ltr'><strong>bapti-</strong></span> 
     </span>
    </p>
   </div>
   <div class='ocr_carea' id='block_1_63' title="bbox 604 3467 2184 3541">
    <p class='ocr_par' dir='ltr' id='par_1_63' title="bbox 604 3467 2184 3541">
     <span class='ocr_line' id='line_1_63' title="bbox 604 3467 2184 3541; baseline -0.001 -16"><span class='ocrx_word' id='word_1_482' title='bbox 604 3477 819 3525; x_wconf 80' lang='lat' dir='ltr'><strong>zautem</strong></span> <span class='ocrx_word' id='word_1_483' title='bbox 845 3469 1016 3541; x_wconf 80' lang='lat' dir='ltr'><strong>(juxta</strong></span> <span class='ocrx_word' id='word_1_484' title='bbox 1042 3485 1171 3524; x_wconf 87' lang='lat' dir='ltr'><strong>vero</strong></span> <span class='ocrx_word' id='word_1_485' title='bbox 1198 3471 1464 3525; x_wconf 89' lang='lat' dir='ltr'><strong>rationem</strong></span> <span class='ocrx_word' id='word_1_486' title='bbox 1491 3467 1928 3539; x_wconf 78' lang='lat' dir='ltr'><strong>profundiorem,</strong></span> <span class='ocrx_word' id='word_1_487' title='bbox 1957 3471 2008 3524; x_wconf 93' lang='lat' dir='ltr'><strong>in</strong></span> <span class='ocrx_word' id='word_1_488' title='bbox 2037 3486 2184 3524; x_wconf 79' lang='lat' dir='ltr'><strong>ruun-</strong></span> 
     </span>
    </p>
   </div>
   <div class='ocr_carea' id='block_1_64' title="bbox 603 3562 2182 3633">
    <p class='ocr_par' dir='ltr' id='par_1_64' title="bbox 603 3562 2182 3633">
     <span class='ocr_line' id='line_1_64' title="bbox 603 3562 2182 3633; baseline 0.001 -15"><span class='ocrx_word' id='word_1_489' title='bbox 603 3564 753 3626; x_wconf 92' lang='lat' dir='ltr'><strong>dum,</strong></span> <span class='ocrx_word' id='word_1_490' title='bbox 782 3563 1137 3633; x_wconf 80' lang='lat' dir='ltr'><strong>intelligendo</strong></span> <span class='ocrx_word' id='word_1_491' title='bbox 1170 3579 1265 3633; x_wconf 90' lang='lat' dir='ltr'><strong>per</strong></span> <span class='ocrx_word' id='word_1_492' title='bbox 1298 3562 1560 3616; x_wconf 91' lang='lat' dir='ltr'><strong>mundum</strong></span> <span class='ocrx_word' id='word_1_493' title='bbox 1620 3562 1797 3616; x_wconf 90' lang='lat' dir='ltr'><strong>locum</strong></span> <span class='ocrx_word' id='word_1_494' title='bbox 1839 3563 1982 3618; x_wconf 89' lang='lat' dir='ltr'><strong>hunc</strong></span> <span class='ocrx_word' id='word_1_495' title='bbox 2011 3573 2182 3619; x_wconf 87' lang='lat' dir='ltr'><strong>terre-</strong></span> 
     </span>
    </p>
   </div>
   <div class='ocr_carea' id='block_1_65' title="bbox 605 3655 2182 3727">
    <p class='ocr_par' dir='ltr' id='par_1_65' title="bbox 605 3655 2182 3727">
     <span class='ocr_line' id='line_1_65' title="bbox 605 3655 2182 3727; baseline 0.001 -17"><span class='ocrx_word' id='word_1_496' title='bbox 605 3665 777 3710; x_wconf 81' lang='lat' dir='ltr'><strong>strem</strong></span> <span class='ocrx_word' id='word_1_497' title='bbox 827 3655 919 3709; x_wconf 91' lang='lat' dir='ltr'><strong>ubi</strong></span> <span class='ocrx_word' id='word_1_498' title='bbox 976 3665 1105 3710; x_wconf 92' lang='lat' dir='ltr'><strong>sunt</strong></span> <span class='ocrx_word' id='word_1_499' title='bbox 1152 3655 1447 3725; x_wconf 85' lang='lat' dir='ltr'><strong>homines),</strong></span> <span class='ocrx_word' id='word_1_500' title='bbox 1477 3656 1716 3724; x_wconf 89' lang='lat' dir='ltr'><strong>inquiret</strong></span> <span class='ocrx_word' id='word_1_501' title='bbox 1755 3671 1992 3727; x_wconf 90' lang='lat' dir='ltr'><strong>quonam</strong></span> <span class='ocrx_word' id='word_1_502' title='bbox 2024 3667 2182 3726; x_wconf 90' lang='lat' dir='ltr'><strong>pacto</strong></span> 
     </span>
    </p>
   </div>
   <div class='ocr_carea' id='block_1_66' title="bbox 603 3747 2182 3818">
    <p class='ocr_par' dir='ltr' id='par_1_66' title="bbox 603 3747 2182 3818">
     <span class='ocr_line' id='line_1_66' title="bbox 603 3747 2182 3818; baseline 0.003 -17"><span class='ocrx_word' id='word_1_503' title='bbox 603 3747 866 3818; x_wconf 88' lang='lat' dir='ltr'><strong>particula</strong></span> <span class='ocrx_word' id='word_1_504' title='bbox 911 3749 1052 3802; x_wconf 82' lang='lat' dir='ltr'><strong>unde</strong></span> <span class='ocrx_word' id='word_1_505' title='bbox 1086 3749 1225 3803; x_wconf 89' lang='lat' dir='ltr'><strong>sumi</strong></span> <span class='ocrx_word' id='word_1_506' title='bbox 1253 3749 1472 3805; x_wconf 85' lang='lat' dir='ltr'><strong>debeat.</strong></span> <span class='ocrx_word' id='word_1_507' title='bbox 1517 3749 1703 3818; x_wconf 80' lang='lat' dir='ltr'><strong>Itaque</strong></span> <span class='ocrx_word' id='word_1_508' title='bbox 1743 3751 1946 3804; x_wconf 90' lang='lat' dir='ltr'><strong>diutius</strong></span> <span class='ocrx_word' id='word_1_509' title='bbox 1985 3751 2182 3806; x_wconf 83' lang='lat' dir='ltr'><strong>dictio-</strong></span> 
     </span>
    </p>
   </div>
   <div class='ocr_carea' id='block_1_67' title="bbox 603 3840 2182 3912">
    <p class='ocr_par' dir='ltr' id='par_1_67' title="bbox 603 3840 2182 3912">
     <span class='ocr_line' id='line_1_67' title="bbox 603 3840 2182 3912; baseline 0.001 -16"><span class='ocrx_word' id='word_1_510' title='bbox 603 3855 725 3896; x_wconf 87' lang='lat' dir='ltr'><strong>nem</strong></span> <span class='ocrx_word' id='word_1_511' title='bbox 756 3840 1100 3903; x_wconf 79' lang='lat' dir='ltr'><strong>examinans,</strong></span> <span class='ocrx_word' id='word_1_512' title='bbox 1145 3840 1289 3896; x_wconf 77' lang='lat' dir='ltr'><strong>forte</strong></span> <span class='ocrx_word' id='word_1_513' title='bbox 1319 3843 1484 3896; x_wconf 89' lang='lat' dir='ltr'><strong>etiam</strong></span> <span class='ocrx_word' id='word_1_514' title='bbox 1509 3843 1972 3912; x_wconf 77' lang='lat' dir='ltr'><strong>eutintiabitquod</strong></span> <span class='ocrx_word' id='word_1_515' title='bbox 1992 3859 2182 3912; x_wconf 87' lang='lat' dir='ltr'><strong>quem-</strong></span> 
     </span>
    </p>
   </div>
   <div class='ocr_carea' id='block_1_68' title="bbox 600 3933 2182 4006">
    <p class='ocr_par' dir='ltr' id='par_1_68' title="bbox 600 3933 2182 4006">
     <span class='ocr_line' id='line_1_68' title="bbox 600 3933 2182 4006; baseline 0.003 -21"><span class='ocrx_word' id='word_1_516' title='bbox 600 3933 894 3987; x_wconf 88' lang='lat' dir='ltr'><strong>admodum</strong></span> <span class='ocrx_word' id='word_1_517' title='bbox 944 3933 1011 3986; x_wconf 88' lang='lat' dir='ltr'><strong>de</strong></span> <span class='ocrx_word' id='word_1_518' title='bbox 1054 3933 1226 3988; x_wconf 82' lang='lat' dir='ltr'><strong>Adam</strong></span> <span class='ocrx_word' id='word_1_519' title='bbox 1258 3934 1519 4003; x_wconf 88' lang='lat' dir='ltr'><strong>scriptum</strong></span> <span class='ocrx_word' id='word_1_520' title='bbox 1566 3945 1672 3998; x_wconf 90' lang='lat' dir='ltr'><strong>est,</strong></span> <span class='ocrx_word' id='word_1_521' title='bbox 1702 3937 1843 4006; x_wconf 86' lang='lat' dir='ltr'><strong>quod</strong></span> <span class='ocrx_word' id='word_1_522' title='bbox 1888 3953 1907 3986; x_wconf 79' lang='grc' dir='ltr'><strong>ι</strong></span> <span class='ocrx_word' id='word_1_523' title='bbox 1939 3935 2182 3990; x_wconf 82' lang='lat' dir='ltr'><strong>emiserit</strong></span> 
     </span>
    </p>
   </div>
   <div class='ocr_carea' id='block_1_69' title="bbox 601 4022 2182 4094">
    <p class='ocr_par' dir='ltr' id='par_1_69' title="bbox 601 4022 2182 4094">
     <span class='ocr_line' id='line_1_69' title="bbox 601 4022 2182 4094; baseline 0.001 -18"><span class='ocrx_word' id='word_1_524' title='bbox 601 4037 724 4076; x_wconf 90' lang='lat' dir='ltr'><strong>eum</strong></span> <span class='ocrx_word' id='word_1_525' title='bbox 761 4022 1023 4078; x_wconf 87' lang='lat' dir='ltr'><strong>Dominus</strong></span> <span class='ocrx_word' id='word_1_526' title='bbox 1075 4024 1220 4078; x_wconf 88' lang='lat' dir='ltr'><strong>Deus</strong></span> <span class='ocrx_word' id='word_1_527' title='bbox 1264 4038 1295 4077; x_wconf 89' lang='lat' dir='ltr'><strong>e</strong></span> <span class='ocrx_word' id='word_1_528' title='bbox 1342 4024 1594 4092; x_wconf 84' lang='lat' dir='ltr'><strong>paradiso</strong></span> <span class='ocrx_word' id='word_1_529' title='bbox 1623 4025 1938 4094; x_wconf 87' lang='lat' dir='ltr'><strong>voluptatis,</strong></span> <span class='ocrx_word' id='word_1_530' title='bbox 1983 4034 2038 4077; x_wconf 91' lang='lat' dir='ltr'><strong>ut</strong></span> <span class='ocrx_word' id='word_1_531' title='bbox 2087 4039 2182 4077; x_wconf 90' lang='lat' dir='ltr'><strong>co-</strong></span> 
     </span>
    </p>
   </div>
   <div class='ocr_carea' id='block_1_70' title="bbox 602 4113 2180 4184">
    <p class='ocr_par' dir='ltr' id='par_1_70' title="bbox 602 4113 2180 4184">
     <span class='ocr_line' id='line_1_70' title="bbox 602 4113 2180 4184; baseline 0.001 -15"><span class='ocrx_word' id='word_1_532' title='bbox 602 4115 738 4169; x_wconf 90' lang='lat' dir='ltr'><strong>leret</strong></span> <span class='ocrx_word' id='word_1_533' title='bbox 766 4123 995 4179; x_wconf 89' lang='lat' dir='ltr'><strong>terram,</strong></span> <span class='ocrx_word' id='word_1_534' title='bbox 1021 4129 1051 4169; x_wconf 89' lang='lat' dir='ltr'><strong>e</strong></span> <span class='ocrx_word' id='word_1_535' title='bbox 1086 4130 1193 4184; x_wconf 87' lang='lat' dir='ltr'><strong>qua</strong></span> <span class='ocrx_word' id='word_1_536' title='bbox 1223 4125 1473 4184; x_wconf 87' lang='lat' dir='ltr'><strong>sumptus</strong></span> <span class='ocrx_word' id='word_1_537' title='bbox 1507 4115 1750 4180; x_wconf 69' lang='lat' dir='ltr'><strong>fuerat’,</strong></span> <span class='ocrx_word' id='word_1_538' title='bbox 1789 4136 1809 4170; x_wconf 76' lang='grc' dir='ltr'><strong>ι</strong></span> <span class='ocrx_word' id='word_1_539' title='bbox 1851 4116 1921 4169; x_wconf 88' lang='lat' dir='ltr'><strong>ita</strong></span> <span class='ocrx_word' id='word_1_540' title='bbox 1943 4113 2180 4170; x_wconf 82' lang='lat' dir='ltr'><strong>Joannes</strong></span> 
     </span>
    </p>
   </div>
   <div class='ocr_carea' id='block_1_71' title="bbox 608 4205 2178 4274">
    <p class='ocr_par' dir='ltr' id='par_1_71' title="bbox 608 4205 2178 4274">
     <span class='ocr_line' id='line_1_71' title="bbox 608 4205 2178 4274; baseline 0.001 -15"><span class='ocrx_word' id='word_1_541' title='bbox 608 4207 807 4260; x_wconf 89' lang='lat' dir='ltr'><strong>mlssus</strong></span> <span class='ocrx_word' id='word_1_542' title='bbox 841 4205 1008 4259; x_wconf 81' lang='lat' dir='ltr'><strong>fuerit</strong></span> <span class='ocrx_word' id='word_1_543' title='bbox 1034 4205 1118 4259; x_wconf 89' lang='lat' dir='ltr'><strong>vel</strong></span> <span class='ocrx_word' id='word_1_544' title='bbox 1149 4221 1178 4259; x_wconf 93' lang='lat' dir='ltr'><strong>e</strong></span> <span class='ocrx_word' id='word_1_545' title='bbox 1205 4205 1365 4274; x_wconf 69' lang='lat' dir='ltr'><strong>coelo,</strong></span> <span class='ocrx_word' id='word_1_546' title='bbox 1394 4206 1476 4259; x_wconf 78' lang='lat' dir='ltr'><strong>vel</strong></span> <span class='ocrx_word' id='word_1_547' title='bbox 1505 4221 1535 4259; x_wconf 90' lang='lat' dir='ltr'><strong>e</strong></span> <span class='ocrx_word' id='word_1_548' title='bbox 1565 4206 1843 4274; x_wconf 83' lang='lat' dir='ltr'><strong>paradiso,</strong></span> <span class='ocrx_word' id='word_1_549' title='bbox 1871 4207 1955 4260; x_wconf 89' lang='lat' dir='ltr'><strong>vel</strong></span> <span class='ocrx_word' id='word_1_550' title='bbox 1978 4224 2042 4259; x_wconf 80' lang='lat' dir='ltr'><strong>ex</strong></span> <span class='ocrx_word' id='word_1_551' title='bbox 2074 4207 2178 4260; x_wconf 85' lang='lat' dir='ltr'><strong>alia</strong></span> 
     </span>
    </p>
   </div>
   <div class='ocr_carea' id='block_1_72' title="bbox 601 4291 2182 4363">
    <p class='ocr_par' dir='ltr' id='par_1_72' title="bbox 601 4291 2182 4363">
     <span class='ocr_line' id='line_1_72' title="bbox 601 4291 2182 4363; baseline 0.001 -19"><span class='ocrx_word' id='word_1_552' title='bbox 601 4300 775 4360; x_wconf 86' lang='lat' dir='ltr'><strong>parte,</strong></span> <span class='ocrx_word' id='word_1_553' title='bbox 813 4291 1066 4347; x_wconf 86' lang='lat' dir='ltr'><strong>alicunde</strong></span> <span class='ocrx_word' id='word_1_554' title='bbox 1093 4293 1337 4357; x_wconf 85' lang='lat' dir='ltr'><strong>tandem,</strong></span> <span class='ocrx_word' id='word_1_555' title='bbox 1377 4292 1443 4347; x_wconf 89' lang='lat' dir='ltr'><strong>ad</strong></span> <span class='ocrx_word' id='word_1_556' title='bbox 1485 4294 1628 4347; x_wconf 86' lang='lat' dir='ltr'><strong>hunc</strong></span> <span class='ocrx_word' id='word_1_557' title='bbox 1673 4309 1836 4363; x_wconf 84' lang='lat' dir='ltr'><strong>super</strong></span> <span class='ocrx_word' id='word_1_558' title='bbox 1861 4305 2056 4349; x_wconf 87' lang='lat' dir='ltr'><strong>terram</strong></span> <span class='ocrx_word' id='word_1_559' title='bbox 2102 4295 2182 4348; x_wconf 87' lang='lat' dir='ltr'><strong>lo-</strong></span> 
     </span>
    </p>
   </div>
   <div class='ocr_carea' id='block_1_73' title="bbox 2290 3087 3872 3165">
    <p class='ocr_par' dir='ltr' id='par_1_73' title="bbox 2290 3087 3872 3165">
     <span class='ocr_line' id='line_1_73' title="bbox 2290 3087 3872 3165; baseline -0.012 -7"><span class='ocrx_word' id='word_1_560' title='bbox 2290 3104 2383 3158; x_wconf 82' lang='grc' dir='ltr'>θὲν</span> <span class='ocrx_word' id='word_1_561' title='bbox 2435 3102 2539 3154; x_wconf 80' lang='grc' dir='ltr'><strong>ποὺ</strong></span> <span class='ocrx_word' id='word_1_562' title='bbox 2594 3094 3058 3165; x_wconf 89' lang='grc' dir='ltr'>ἀποστέλλεται),</span> <span class='ocrx_word' id='word_1_563' title='bbox 3108 3092 3332 3162; x_wconf 83' lang='grc' dir='ltr'>ζητήσει</span> <span class='ocrx_word' id='word_1_564' title='bbox 3390 3088 3553 3144; x_wconf 89' lang='grc' dir='ltr'>πόθεν</span> <span class='ocrx_word' id='word_1_565' title='bbox 3606 3089 3634 3141; x_wconf 87' lang='grc' dir='ltr'><strong>ό</strong></span> <span class='ocrx_word' id='word_1_566' title='bbox 3691 3087 3872 3141; x_wconf 83' lang='grc' dir='ltr'>Ἰωάν-</span> 
     </span>
    </p>
   </div>
   <div class='ocr_carea' id='block_1_74' title="bbox 2290 3178 3868 3270">
    <p class='ocr_par' dir='ltr' id='par_1_74' title="bbox 2290 3178 3868 3270">
     <span class='ocr_line' id='line_1_74' title="bbox 2290 3178 3868 3270; baseline -0.014 -18"><span class='ocrx_word' id='word_1_567' title='bbox 2290 3215 2387 3270; x_wconf 85' lang='grc' dir='ltr'><strong>νης</strong></span> <span class='ocrx_word' id='word_1_568' title='bbox 2443 3192 2720 3261; x_wconf 80' lang='grc' dir='ltr'>ἀπεστάλη</span> <span class='ocrx_word' id='word_1_569' title='bbox 2774 3190 2868 3244; x_wconf 70' lang='grc' dir='ltr'>καὶ</span> <span class='ocrx_word' id='word_1_570' title='bbox 2918 3186 3042 3240; x_wconf 81' lang='grc' dir='ltr'>ποῦ.</span> <span class='ocrx_word' id='word_1_571' title='bbox 3092 3183 3306 3253; x_wconf 81' lang='grc' dir='ltr'>Σαφοῦς</span> <span class='ocrx_word' id='word_1_572' title='bbox 3357 3182 3403 3236; x_wconf 89' lang='grc' dir='ltr'>δ’</span> <span class='ocrx_word' id='word_1_573' title='bbox 3431 3182 3584 3244; x_wconf 74' lang='grc' dir='ltr'>ὄντος</span> <span class='ocrx_word' id='word_1_574' title='bbox 3605 3179 3702 3232; x_wconf 79' lang='grc' dir='ltr'>τοῦ</span> <span class='ocrx_word' id='word_1_575' title='bbox 3743 3178 3868 3244; x_wconf 79' lang='grc' dir='ltr'>ποῦ,</span> 
     </span>
    </p>
   </div>
   <div class='ocr_carea' id='block_1_75' title="bbox 2290 3271 3872 3354">
    <p class='ocr_par' dir='ltr' id='par_1_75' title="bbox 2290 3271 3872 3354">
     <span class='ocr_line' id='line_1_75' title="bbox 2290 3271 3872 3354; baseline -0.011 -15"><span class='ocrx_word' id='word_1_576' title='bbox 2290 3285 2430 3339; x_wconf 86' lang='grc' dir='ltr'><strong>κατά</strong></span> <span class='ocrx_word' id='word_1_577' title='bbox 2478 3282 2576 3354; x_wconf 82' lang='grc' dir='ltr'><strong>μὲν</strong></span> <span class='ocrx_word' id='word_1_578' title='bbox 2610 3281 2708 3352; x_wconf 85' lang='grc' dir='ltr'><strong>τὴν</strong></span> <span class='ocrx_word' id='word_1_579' title='bbox 2758 3278 3022 3349; x_wconf 78' lang='grc' dir='ltr'>ἱστορίαν,</span> <span class='ocrx_word' id='word_1_580' title='bbox 3055 3276 3138 3329; x_wconf 83' lang='grc' dir='ltr'><strong>ὅτι</strong></span> <span class='ocrx_word' id='word_1_581' title='bbox 3191 3273 3331 3344; x_wconf 83' lang='grc' dir='ltr'>πρὸς</span> <span class='ocrx_word' id='word_1_582' title='bbox 3371 3272 3462 3326; x_wconf 76' lang='grc' dir='ltr'>τὸν</span> <span class='ocrx_word' id='word_1_583' title='bbox 3503 3271 3743 3342; x_wconf 79' lang='grc' dir='ltr'>Ἰσραὴλ,</span> <span class='ocrx_word' id='word_1_584' title='bbox 3778 3271 3872 3324; x_wconf 72' lang='grc' dir='ltr'><strong>καὶ</strong></span> 
     </span>
    </p>
   </div>
   <div class='ocr_carea' id='block_1_76' title="bbox 2288 3363 3872 3445">
    <p class='ocr_par' dir='ltr' id='par_1_76' title="bbox 2288 3363 3872 3445">
     <span class='ocr_line' id='line_1_76' title="bbox 2288 3363 3872 3445; baseline -0.012 -15"><span class='ocrx_word' id='word_1_585' title='bbox 2288 3379 2414 3440; x_wconf 78' lang='grc' dir='ltr'>τοὺς</span> <span class='ocrx_word' id='word_1_586' title='bbox 2452 3373 2808 3445; x_wconf 85' lang='grc' dir='ltr'>βουλομένους</span> <span class='ocrx_word' id='word_1_587' title='bbox 2847 3368 3011 3424; x_wconf 79' lang='grc' dir='ltr'>αὐτοῦ</span> <span class='ocrx_word' id='word_1_588' title='bbox 3062 3366 3280 3422; x_wconf 84' lang='grc' dir='ltr'>ἀκούειν</span> <span class='ocrx_word' id='word_1_589' title='bbox 3327 3367 3385 3418; x_wconf 87' lang='grc' dir='ltr'>ὲν</span> <span class='ocrx_word' id='word_1_590' title='bbox 3433 3366 3498 3434; x_wconf 83' lang='grc' dir='ltr'>τῇ</span> <span class='ocrx_word' id='word_1_591' title='bbox 3542 3364 3736 3434; x_wconf 76' lang='grc' dir='ltr'>ἐρήμῳ</span> <span class='ocrx_word' id='word_1_592' title='bbox 3770 3363 3872 3434; x_wconf 78' lang='grc' dir='ltr'>τῆς</span> 
     </span>
    </p>
   </div>
   <div class='ocr_carea' id='block_1_77' title="bbox 2301 3453 3871 3531">
    <p class='ocr_par' dir='ltr' id='par_1_77' title="bbox 2301 3453 3871 3531">
     <span class='ocr_line' id='line_1_77' title="bbox 2301 3453 3871 3531; baseline -0.01 -10"><span class='ocrx_word' id='word_1_593' title='bbox 2301 3464 2558 3527; x_wconf 85' lang='grc' dir='ltr'>Ἰουδαίας</span> <span class='ocrx_word' id='word_1_594' title='bbox 2583 3459 2968 3531; x_wconf 84' lang='grc' dir='ltr'>διατρίϐοντος,</span> <span class='ocrx_word' id='word_1_595' title='bbox 2994 3457 3088 3512; x_wconf 76' lang='grc' dir='ltr'><strong>καὶ</strong></span> <span class='ocrx_word' id='word_1_596' title='bbox 3122 3455 3271 3527; x_wconf 82' lang='grc' dir='ltr'><strong>παρά</strong></span> <span class='ocrx_word' id='word_1_597' title='bbox 3304 3453 3382 3524; x_wconf 85' lang='grc' dir='ltr'>τῷ</span> <span class='ocrx_word' id='word_1_598' title='bbox 3420 3453 3659 3524; x_wconf 79' lang='grc' dir='ltr'>Ἰορδάνῃ</span> <span class='ocrx_word' id='word_1_599' title='bbox 3701 3469 3871 3506; x_wconf 86' lang='grc' dir='ltr'>ποτα-</span> 
     </span>
    </p>
   </div>
   <div class='ocr_carea' id='block_1_78' title="bbox 2292 3542 3871 3628">
    <p class='ocr_par' dir='ltr' id='par_1_78' title="bbox 2292 3542 3871 3628">
     <span class='ocr_line' id='line_1_78' title="bbox 2292 3542 3871 3628; baseline -0.011 -18"><span class='ocrx_word' id='word_1_600' title='bbox 2292 3557 2378 3628; x_wconf 86' lang='grc' dir='ltr'>μῷ</span> <span class='ocrx_word' id='word_1_601' title='bbox 2411 3554 2764 3627; x_wconf 80' lang='grc' dir='ltr'>βαπτίζοντος</span> <span class='ocrx_word' id='word_1_602' title='bbox 2801 3549 2963 3620; x_wconf 89' lang='grc' dir='ltr'>(κατά</span> <span class='ocrx_word' id='word_1_603' title='bbox 3001 3547 3057 3601; x_wconf 82' lang='grc' dir='ltr'>δὲ</span> <span class='ocrx_word' id='word_1_604' title='bbox 3108 3545 3402 3616; x_wconf 86' lang='grc' dir='ltr'>βαθύτερον</span> <span class='ocrx_word' id='word_1_605' title='bbox 3450 3542 3627 3610; x_wconf 91' lang='grc' dir='ltr'>λόγον,</span> <span class='ocrx_word' id='word_1_606' title='bbox 3655 3543 3738 3596; x_wconf 87' lang='grc' dir='ltr'><strong>ὅτι</strong></span> <span class='ocrx_word' id='word_1_607' title='bbox 3791 3543 3871 3605; x_wconf 88' lang='grc' dir='ltr'><strong>είς</strong></span> 
     </span>
    </p>
   </div>
   <div class='ocr_carea' id='block_1_79' title="bbox 2287 3633 3869 3717">
    <p class='ocr_par' dir='ltr' id='par_1_79' title="bbox 2287 3633 3869 3717">
     <span class='ocr_line' id='line_1_79' title="bbox 2287 3633 3869 3717; baseline -0.011 -14"><span class='ocrx_word' id='word_1_608' title='bbox 2287 3650 2377 3703; x_wconf 86' lang='grc' dir='ltr'><strong>τὸν</strong></span> <span class='ocrx_word' id='word_1_609' title='bbox 2411 3649 2634 3717; x_wconf 82' lang='grc' dir='ltr'>κόσμον,</span> <span class='ocrx_word' id='word_1_610' title='bbox 2661 3645 2866 3714; x_wconf 86' lang='grc' dir='ltr'>κόσμου</span> <span class='ocrx_word' id='word_1_611' title='bbox 2893 3637 3304 3710; x_wconf 86' lang='grc' dir='ltr'>λαμϐανομένου</span> <span class='ocrx_word' id='word_1_612' title='bbox 3331 3634 3424 3688; x_wconf 78' lang='grc' dir='ltr'>τοῦ</span> <span class='ocrx_word' id='word_1_613' title='bbox 3448 3633 3729 3706; x_wconf 90' lang='grc' dir='ltr'>περιγείου</span> <span class='ocrx_word' id='word_1_614' title='bbox 3775 3633 3869 3686; x_wconf 83' lang='grc' dir='ltr'>τό·</span> 
     </span>
    </p>
   </div>
   <div class='ocr_carea' id='block_1_80' title="bbox 2289 3723 3870 3805">
    <p class='ocr_par' dir='ltr' id='par_1_80' title="bbox 2289 3723 3870 3805">
     <span class='ocr_line' id='line_1_80' title="bbox 2289 3723 3870 3805; baseline -0.012 -11"><span class='ocrx_word' id='word_1_615' title='bbox 2289 3758 2411 3805; x_wconf 83' lang='grc' dir='ltr'>που,</span> <span class='ocrx_word' id='word_1_616' title='bbox 2469 3737 2597 3792; x_wconf 73' lang='grc' dir='ltr'>ἔνθα</span> <span class='ocrx_word' id='word_1_617' title='bbox 2648 3735 2786 3788; x_wconf 70' lang='grc' dir='ltr'>εἰσὶν</span> <span class='ocrx_word' id='word_1_618' title='bbox 2817 3732 2926 3804; x_wconf 88' lang='grc'><strong>(88)</strong></span> <span class='ocrx_word' id='word_1_619' title='bbox 2969 3726 3289 3800; x_wconf 75' lang='grc' dir='ltr'>ἄνθρωποι),</span> <span class='ocrx_word' id='word_1_620' title='bbox 3340 3725 3586 3790; x_wconf 67' lang='grc' dir='ltr'>ἐξετάσει</span> <span class='ocrx_word' id='word_1_621' title='bbox 3622 3723 3739 3786; x_wconf 87' lang='grc' dir='ltr'><strong>πῶς</strong></span> <span class='ocrx_word' id='word_1_622' title='bbox 3787 3723 3870 3776; x_wconf 89' lang='grc' dir='ltr'><strong>δεῖ</strong></span> 
     </span>
    </p>
   </div>
   <div class='ocr_carea' id='block_1_81' title="bbox 2286 3812 3868 3902">
    <p class='ocr_par' dir='ltr' id='par_1_81' title="bbox 2286 3812 3868 3902">
     <span class='ocr_line' id='line_1_81' title="bbox 2286 3812 3868 3902; baseline -0.011 -19"><span class='ocrx_word' id='word_1_623' title='bbox 2286 3828 2582 3902; x_wconf 88' lang='grc' dir='ltr'>λαμϐάνειν</span> <span class='ocrx_word' id='word_1_624' title='bbox 2615 3824 2695 3890; x_wconf 81' lang='grc' dir='ltr'><strong>τὸ,</strong></span> <span class='ocrx_word' id='word_1_625' title='bbox 2729 3825 2933 3877; x_wconf 76' lang='grc' dir='ltr'>πόθεν.</span> <span class='ocrx_word' id='word_1_626' title='bbox 2985 3818 3294 3872; x_wconf 87' lang='grc' dir='ltr'>Ἐπιπλεῖον</span> <span class='ocrx_word' id='word_1_627' title='bbox 3330 3817 3386 3870; x_wconf 87' lang='grc' dir='ltr'>δὲ</span> <span class='ocrx_word' id='word_1_628' title='bbox 3418 3813 3724 3885; x_wconf 76' lang='grc' dir='ltr'>βασανίζων</span> <span class='ocrx_word' id='word_1_629' title='bbox 3768 3812 3868 3902; x_wconf 72' lang='grc' dir='ltr'><strong>τὴν</strong></span> 
     </span>
    </p>
   </div>
   <div class='ocr_carea' id='block_1_82' title="bbox 2288 3900 3866 3986">
    <p class='ocr_par' dir='ltr' id='par_1_82' title="bbox 2288 3900 3866 3986">
     <span class='ocr_line' id='line_1_82' title="bbox 2288 3900 3866 3986; baseline -0.013 -13"><span class='ocrx_word' id='word_1_630' title='bbox 2288 3900 2454 3986; x_wconf 76' lang='grc' dir='ltr'>λέξιν,</span> <span class='ocrx_word' id='word_1_631' title='bbox 2499 3917 2638 3986; x_wconf 82' lang='grc' dir='ltr'>τάχα</span> <span class='ocrx_word' id='word_1_632' title='bbox 2676 3913 2771 3967; x_wconf 75' lang='grc' dir='ltr'><strong>καὶ</strong></span> <span class='ocrx_word' id='word_1_633' title='bbox 2808 3907 3190 3979; x_wconf 79' lang='grc' dir='ltr'>ἀποφαίνεται,</span> <span class='ocrx_word' id='word_1_634' title='bbox 3242 3907 3346 3970; x_wconf 84' lang='grc' dir='ltr'>ὅτι,</span> <span class='ocrx_word' id='word_1_635' title='bbox 3403 3904 3593 3974; x_wconf 83' lang='grc' dir='ltr'>ὥσπερ</span> <span class='ocrx_word' id='word_1_636' title='bbox 3635 3905 3727 3955; x_wconf 79' lang='grc' dir='ltr'>ἐπὶ</span> <span class='ocrx_word' id='word_1_637' title='bbox 3771 3900 3866 3955; x_wconf 80' lang='grc' dir='ltr'>τοῦ</span> 
     </span>
    </p>
   </div>
   <div class='ocr_carea' id='block_1_83' title="bbox 2298 3993 3865 4080">
    <p class='ocr_par' dir='ltr' id='par_1_83' title="bbox 2298 3993 3865 4080">
     <span class='ocr_line' id='line_1_83' title="bbox 2298 3993 3865 4080; baseline -0.013 -15"><span class='ocrx_word' id='word_1_638' title='bbox 2298 4011 2470 4080; x_wconf 77' lang='grc' dir='ltr'>Ἀδάμ</span> <span class='ocrx_word' id='word_1_639' title='bbox 2495 4009 2802 4078; x_wconf 87' lang='grc' dir='ltr'>γέγραπται</span> <span class='ocrx_word' id='word_1_640' title='bbox 2821 4020 2834 4034; x_wconf 73' lang='grc' dir='ltr'><strong>ο</strong></span> <span class='ocrx_word' id='word_1_641' title='bbox 2871 4021 2888 4054; x_wconf 79' lang='grc' dir='ltr'><strong>ι</strong></span> <span class='ocrx_word' id='word_1_642' title='bbox 2931 4001 3040 4054; x_wconf 79' lang='grc' dir='ltr'><strong>Καὶ</strong></span> <span class='ocrx_word' id='word_1_643' title='bbox 3068 3995 3442 4065; x_wconf 78' lang='grc' dir='ltr'>ἐξαπέστειλεν</span> <span class='ocrx_word' id='word_1_644' title='bbox 3469 3994 3631 4048; x_wconf 83' lang='grc' dir='ltr'>αὐτὸν</span> <span class='ocrx_word' id='word_1_645' title='bbox 3662 3993 3865 4066; x_wconf 83' lang='grc' dir='ltr'>Κύριος</span> 
     </span>
    </p>
   </div>
   <div class='ocr_carea' id='block_1_84' title="bbox 2287 4083 3864 4164">
    <p class='ocr_par' dir='ltr' id='par_1_84' title="bbox 2287 4083 3864 4164">
     <span class='ocr_line' id='line_1_84' title="bbox 2287 4083 3864 4164; baseline -0.014 -8"><span class='ocrx_word' id='word_1_646' title='bbox 2287 4106 2316 4157; x_wconf 89' lang='grc' dir='ltr'>ὁ</span> <span class='ocrx_word' id='word_1_647' title='bbox 2340 4101 2472 4164; x_wconf 81' lang='grc' dir='ltr'>Θεὸς</span> <span class='ocrx_word' id='word_1_648' title='bbox 2503 4101 2567 4152; x_wconf 82' lang='grc' dir='ltr'>ὲκ</span> <span class='ocrx_word' id='word_1_649' title='bbox 2605 4096 2700 4150; x_wconf 83' lang='grc' dir='ltr'>τοῦ</span> <span class='ocrx_word' id='word_1_650' title='bbox 2739 4091 3070 4164; x_wconf 89' lang='grc' dir='ltr'>παραδείσου</span> <span class='ocrx_word' id='word_1_651' title='bbox 3106 4088 3208 4159; x_wconf 82' lang='grc' dir='ltr'>τῆς</span> <span class='ocrx_word' id='word_1_652' title='bbox 3257 4087 3488 4158; x_wconf 80' lang='grc' dir='ltr'>τρυφῆς,</span> <span class='ocrx_word' id='word_1_653' title='bbox 3533 4083 3864 4156; x_wconf 74' lang='grc' dir='ltr'>ἐργάζεσθαι</span> 
     </span>
    </p>
   </div>
   <div class='ocr_carea' id='block_1_85' title="bbox 2285 4169 3862 4264">
    <p class='ocr_par' dir='ltr' id='par_1_85' title="bbox 2285 4169 3862 4264">
     <span class='ocr_line' id='line_1_85' title="bbox 2285 4169 3862 4264; baseline -0.006 -27"><span class='ocrx_word' id='word_1_654' title='bbox 2285 4194 2384 4264; x_wconf 72' lang='grc' dir='ltr'>τὴν</span> <span class='ocrx_word' id='word_1_655' title='bbox 2419 4191 2545 4261; x_wconf 75' lang='grc' dir='ltr'>γῆν,</span> <span class='ocrx_word' id='word_1_656' title='bbox 2584 4187 2644 4252; x_wconf 70' lang='grc' dir='ltr'>ἐξ</span> <span class='ocrx_word' id='word_1_657' title='bbox 2679 4180 2747 4256; x_wconf 86' lang='grc' dir='ltr'>ἦς</span> <span class='ocrx_word' id='word_1_658' title='bbox 2777 4169 3004 4254; x_wconf 61' lang='grc' dir='ltr'>ὲλῗήφθη,</span> <span class='ocrx_word' id='word_1_659' title='bbox 3051 4199 3071 4232; x_wconf 76' lang='grc' dir='ltr'><strong>ι</strong></span> <span class='ocrx_word' id='word_1_660' title='bbox 3106 4178 3248 4232; x_wconf 76' lang='grc' dir='ltr'>οὕτω</span> <span class='ocrx_word' id='word_1_661' title='bbox 3280 4176 3375 4230; x_wconf 78' lang='grc' dir='ltr'>καὶ</span> <span class='ocrx_word' id='word_1_662' title='bbox 3405 4179 3434 4228; x_wconf 90' lang='lat'><strong>6</strong></span> <span class='ocrx_word' id='word_1_663' title='bbox 3474 4175 3725 4246; x_wconf 85' lang='grc' dir='ltr'>Ἰωάννης</span> <span class='ocrx_word' id='word_1_664' title='bbox 3753 4173 3862 4245; x_wconf 91' lang='lat'><strong>(89)</strong></span> 
     </span>
    </p>
   </div>
   <div class='ocr_carea' id='block_1_86' title="bbox 2288 4266 3858 4352">
    <p class='ocr_par' dir='ltr' id='par_1_86' title="bbox 2288 4266 3858 4352">
     <span class='ocr_line' id='line_1_86' title="bbox 2288 4266 3858 4352; baseline -0.013 -13"><span class='ocrx_word' id='word_1_665' title='bbox 2288 4282 2566 4352; x_wconf 87' lang='grc' dir='ltr'>ἀπεστάλη</span> <span class='ocrx_word' id='word_1_666' title='bbox 2596 4279 2629 4350; x_wconf 81' lang='grc' dir='ltr'><strong>ἢ</strong></span> <span class='ocrx_word' id='word_1_667' title='bbox 2663 4276 2722 4342; x_wconf 81' lang='grc' dir='ltr'>ἐξ</span> <span class='ocrx_word' id='word_1_668' title='bbox 2753 4273 2980 4346; x_wconf 80' lang='grc' dir='ltr'>οὐρανοῦ</span> <span class='ocrx_word' id='word_1_669' title='bbox 3016 4271 3148 4344; x_wconf 87' lang='grc'>(90),</span> <span class='ocrx_word' id='word_1_670' title='bbox 3183 4271 3216 4342; x_wconf 80' lang='grc' dir='ltr'><strong>ἢ</strong></span> <span class='ocrx_word' id='word_1_671' title='bbox 3262 4271 3327 4322; x_wconf 76' lang='grc' dir='ltr'>ἐκ</span> <span class='ocrx_word' id='word_1_672' title='bbox 3358 4266 3452 4320; x_wconf 82' lang='grc' dir='ltr'>τοῦ</span> <span class='ocrx_word' id='word_1_673' title='bbox 3504 4266 3858 4338; x_wconf 81' lang='grc' dir='ltr'>παραδείσου,</span> 
     </span>
    </p>
   </div>
   <div class='ocr_carea' id='block_1_87' title="bbox 597 4358 2191 4448">
    <p class='ocr_par' dir='ltr' id='par_1_87' title="bbox 597 4381 2172 4448">
     <span class='ocr_line' id='line_1_87' title="bbox 597 4381 2172 4448; baseline 0.001 -13"><span class='ocrx_word' id='word_1_674' title='bbox 597 4396 720 4435; x_wconf 89' lang='lat' dir='ltr'><strong>cum</strong></span> <span class='ocrx_word' id='word_1_675' title='bbox 748 4399 763 4448; x_wconf 86' lang='lat'><strong>;</strong></span> <span class='ocrx_word' id='word_1_676' title='bbox 797 4390 854 4436; x_wconf 86' lang='lat' dir='ltr'><strong>et</strong></span> <span class='ocrx_word' id='word_1_677' title='bbox 899 4383 1102 4437; x_wconf 86' lang='lat' dir='ltr'><strong>missus</strong></span> <span class='ocrx_word' id='word_1_678' title='bbox 1147 4381 1339 4448; x_wconf 80' lang='lat' dir='ltr'><strong>fuerit,</strong></span> <span class='ocrx_word' id='word_1_679' title='bbox 1387 4399 1406 4434; x_wconf 77' lang='grc' dir='ltr'><strong>ι</strong></span> <span class='ocrx_word' id='word_1_680' title='bbox 1439 4392 1497 4436; x_wconf 92' lang='lat' dir='ltr'><strong>ut</strong></span> <span class='ocrx_word' id='word_1_681' title='bbox 1527 4391 1821 4438; x_wconf 87' lang='lat' dir='ltr'><strong>testaretur</strong></span> <span class='ocrx_word' id='word_1_682' title='bbox 1857 4386 1920 4437; x_wconf 87' lang='lat' dir='ltr'><strong>de</strong></span> <span class='ocrx_word' id='word_1_683' title='bbox 1946 4385 2062 4438; x_wconf 75' lang='lat' dir='ltr'><strong>lure</strong></span> <span class='ocrx_word' id='word_1_684' title='bbox 2083 4383 2127 4436; x_wconf 74' lang='grc'><strong>⁸.</strong></span> <span class='ocrx_word' id='word_1_685' title='bbox 2153 4403 2172 4436; x_wconf 73' lang='grc' dir='ltr'><strong>ι</strong></span> 
     </span>
    </p>
   </div>
   <div class='ocr_carea' id='block_1_88' title="bbox 2294 4358 3860 4448">
    <p class='ocr_par' dir='ltr' id='par_1_88' title="bbox 2294 4358 3860 4448">
     <span class='ocr_line' id='line_1_88' title="bbox 2294 4358 3860 4448; baseline -0.014 -18"><span class='ocrx_word' id='word_1_686' title='bbox 2294 4378 2316 4448; x_wconf 76' lang='grc' dir='ltr'>ἢ</span> <span class='ocrx_word' id='word_1_687' title='bbox 2347 4377 2470 4429; x_wconf 83' lang='grc' dir='ltr'>ὅθεν</span> <span class='ocrx_word' id='word_1_688' title='bbox 2502 4375 2700 4445; x_wconf 88' lang='grc' dir='ltr'>δήποτε</span> <span class='ocrx_word' id='word_1_689' title='bbox 2728 4366 2992 4439; x_wconf 78' lang='grc' dir='ltr'>ἑτέρωθεν</span> <span class='ocrx_word' id='word_1_690' title='bbox 3023 4363 3176 4435; x_wconf 88' lang='grc' dir='ltr'><strong>παρά</strong></span> <span class='ocrx_word' id='word_1_691' title='bbox 3200 4362 3310 4432; x_wconf 83' lang='lat' dir='ltr'><strong>(9i)</strong></span> <span class='ocrx_word' id='word_1_692' title='bbox 3338 4360 3432 4413; x_wconf 80' lang='grc' dir='ltr'><strong>τὸν</strong></span> <span class='ocrx_word' id='word_1_693' title='bbox 3465 4359 3559 4412; x_wconf 76' lang='grc' dir='ltr'>ἐπὶ</span> <span class='ocrx_word' id='word_1_694' title='bbox 3587 4359 3692 4428; x_wconf 80' lang='grc' dir='ltr'><strong>γῆς</strong></span> <span class='ocrx_word' id='word_1_695' title='bbox 3732 4358 3860 4411; x_wconf 82' lang='grc' dir='ltr'><strong>τοῦ-</strong></span> 
     </span>
    </p>
   </div>
   <div class='ocr_carea' id='block_1_89' title="bbox 602 4448 2191 4540">
    <p class='ocr_par' dir='ltr' id='par_1_89' title="bbox 602 4469 2173 4540">
     <span class='ocr_line' id='line_1_89' title="bbox 602 4469 2173 4540; baseline 0.003 -18"><span class='ocrx_word' id='word_1_696' title='bbox 602 4469 775 4525; x_wconf 80' lang='lat' dir='ltr'><strong>liabet</strong></span> <span class='ocrx_word' id='word_1_697' title='bbox 845 4480 1025 4526; x_wconf 86' lang='lat' dir='ltr'><strong>autem</strong></span> <span class='ocrx_word' id='word_1_698' title='bbox 1090 4487 1196 4526; x_wconf 88' lang='lat' dir='ltr'><strong>non</strong></span> <span class='ocrx_word' id='word_1_699' title='bbox 1289 4474 1743 4528; x_wconf 89' lang='lat' dir='ltr'><strong>contemnendam</strong></span> <span class='ocrx_word' id='word_1_700' title='bbox 1815 4472 2173 4540; x_wconf 88' lang='lat' dir='ltr'><strong>objectionem</strong></span> 
     </span>
    </p>
   </div>
   <div class='ocr_carea' id='block_1_90' title="bbox 2294 4448 3863 4540">
    <p class='ocr_par' dir='ltr' id='par_1_90' title="bbox 2294 4448 3863 4526">
     <span class='ocr_line' id='line_1_90' title="bbox 2294 4448 3863 4526; baseline -0.013 -6"><span class='ocrx_word' id='word_1_701' title='bbox 2294 4485 2368 4521; x_wconf 75' lang='grc' dir='ltr'><strong>τον</strong></span> <span class='ocrx_word' id='word_1_702' title='bbox 2416 4465 2610 4518; x_wconf 72' lang='grc' dir='ltr'>τόπονσ</span> <span class='ocrx_word' id='word_1_703' title='bbox 2658 4461 2753 4515; x_wconf 64' lang='grc' dir='ltr'>καὶ</span> <span class='ocrx_word' id='word_1_704' title='bbox 2804 4455 3106 4526; x_wconf 87' lang='grc' dir='ltr'>ἀπεστάλη,</span> <span class='ocrx_word' id='word_1_705' title='bbox 3144 4471 3163 4501; x_wconf 71' lang='grc' dir='ltr'><strong>ι</strong></span> <span class='ocrx_word' id='word_1_706' title='bbox 3220 4454 3309 4506; x_wconf 80' lang='grc' dir='ltr'>ἵνα</span> <span class='ocrx_word' id='word_1_707' title='bbox 3364 4450 3686 4522; x_wconf 79' lang='grc' dir='ltr'>μαρτυρήσῃ</span> <span class='ocrx_word' id='word_1_708' title='bbox 3731 4448 3863 4518; x_wconf 75' lang='grc' dir='ltr'>περὶ</span> 
     </span>
    </p>
   </div>
   <div class='ocr_carea' id='block_1_91' title="bbox 596 4539 2191 4636">
    <p class='ocr_par' dir='ltr' id='par_1_91' title="bbox 596 4539 2172 4636">
     <span class='ocr_line' id='line_1_91' title="bbox 596 4539 2172 4636; baseline 0.001 -17"><span class='ocrx_word' id='word_1_709' title='bbox 596 4579 776 4619; x_wconf 86' lang='lat' dir='ltr'><strong>sermo</strong></span> <span class='ocrx_word' id='word_1_710' title='bbox 819 4563 931 4629; x_wconf 86' lang='lat' dir='ltr'><strong>hic,</strong></span> <span class='ocrx_word' id='word_1_711' title='bbox 977 4565 1233 4634; x_wconf 89' lang='lat' dir='ltr'><strong>quoniam</strong></span> <span class='ocrx_word' id='word_1_712' title='bbox 1262 4566 1527 4636; x_wconf 87' lang='lat' dir='ltr'><strong>scriptum</strong></span> <span class='ocrx_word' id='word_1_713' title='bbox 1578 4566 1649 4621; x_wconf 90' lang='lat' dir='ltr'><strong>sit</strong></span> <span class='ocrx_word' id='word_1_714' title='bbox 1693 4567 1834 4636; x_wconf 92' lang='lat' dir='ltr'><strong>apud</strong></span> <span class='ocrx_word' id='word_1_715' title='bbox 1881 4539 2072 4620; x_wconf 84' lang='lat' dir='ltr'><strong>lsaiam</strong></span> <span class='ocrx_word' id='word_1_716' title='bbox 2103 4568 2172 4621; x_wconf 78' lang='grc' dir='ltr'><strong>ἰ</strong></span> 
     </span>
    </p>
   </div>
   <div class='ocr_carea' id='block_1_92' title="bbox 2294 4539 3862 4636">
    <p class='ocr_par' dir='ltr' id='par_1_92' title="bbox 2294 4539 3862 4626">
     <span class='ocr_line' id='line_1_92' title="bbox 2294 4539 3862 4626; baseline -0.015 -13"><span class='ocrx_word' id='word_1_717' title='bbox 2294 4558 2372 4613; x_wconf 69' lang='grc' dir='ltr'>πού</span> <span class='ocrx_word' id='word_1_718' title='bbox 2400 4555 2595 4626; x_wconf 81' lang='grc' dir='ltr'>φωτός.</span> <span class='ocrx_word' id='word_1_719' title='bbox 2635 4571 2655 4606; x_wconf 74' lang='grc' dir='ltr'><strong>ι</strong></span> <span class='ocrx_word' id='word_1_720' title='bbox 2702 4552 2856 4621; x_wconf 88' lang='grc' dir='ltr'>Ἔχει</span> <span class='ocrx_word' id='word_1_721' title='bbox 2888 4548 2944 4602; x_wconf 80' lang='grc' dir='ltr'><strong>δὲ</strong></span> <span class='ocrx_word' id='word_1_722' title='bbox 2971 4543 3352 4615; x_wconf 81' lang='grc' dir='ltr'>ἀνθυποφοράν</span> <span class='ocrx_word' id='word_1_723' title='bbox 3375 4543 3474 4595; x_wconf 82' lang='grc' dir='ltr'><strong>οὐκ</strong></span> <span class='ocrx_word' id='word_1_724' title='bbox 3521 4539 3862 4610; x_wconf 74' lang='grc' dir='ltr'>εὐκαταφρόο</span> 
     </span>
    </p>
   </div>
   <div class='ocr_carea' id='block_1_93' title="bbox 601 4633 2191 4730">
    <p class='ocr_par' dir='ltr' id='par_1_93' title="bbox 601 4633 2166 4730">
     <span class='ocr_line' id='line_1_93' title="bbox 601 4633 2166 4730; baseline 0.003 -24"><span class='ocrx_word' id='word_1_725' title='bbox 601 4674 622 4706; x_wconf 89' lang='grc'><em>‹</em></span> <span class='ocrx_word' id='word_1_726' title='bbox 653 4656 825 4724; x_wconf 85' lang='lat' dir='ltr'><strong>Quem</strong></span> <span class='ocrx_word' id='word_1_727' title='bbox 861 4633 1097 4723; x_wconf 84' lang='lat' dir='ltr'><strong>mittam,</strong></span> <span class='ocrx_word' id='word_1_728' title='bbox 1143 4667 1199 4713; x_wconf 89' lang='lat' dir='ltr'><strong>et</strong></span> <span class='ocrx_word' id='word_1_729' title='bbox 1235 4658 1357 4728; x_wconf 84' lang='lat' dir='ltr'><strong>quis</strong></span> <span class='ocrx_word' id='word_1_730' title='bbox 1376 4633 1496 4715; x_wconf 26' lang='lat' dir='ltr'><strong>iibit</strong></span> <span class='ocrx_word' id='word_1_731' title='bbox 1537 4659 1608 4714; x_wconf 90' lang='lat' dir='ltr'><strong>ad</strong></span> <span class='ocrx_word' id='word_1_732' title='bbox 1643 4633 1898 4730; x_wconf 84' lang='lat' dir='ltr'><strong>populum</strong></span> <span class='ocrx_word' id='word_1_733' title='bbox 1931 4659 2076 4714; x_wconf 85' lang='lat' dir='ltr'><strong>hunc</strong></span> <span class='ocrx_word' id='word_1_734' title='bbox 2102 4659 2166 4712; x_wconf 77' lang='grc' dir='ltr'>ῖ»</span> 
     </span>
    </p>
   </div>
   <div class='ocr_carea' id='block_1_94' title="bbox 2294 4633 3857 4730">
    <p class='ocr_par' dir='ltr' id='par_1_94' title="bbox 2294 4633 3857 4730">
     <span class='ocr_line' id='line_1_94' title="bbox 2294 4633 3857 4730; baseline -0.015 -25"><span class='ocrx_word' id='word_1_735' title='bbox 2294 4666 2435 4722; x_wconf 70' lang='grc' dir='ltr'>ιητον</span> <span class='ocrx_word' id='word_1_736' title='bbox 2463 4651 2491 4703; x_wconf 88' lang='lat'><strong>6</strong></span> <span class='ocrx_word' id='word_1_737' title='bbox 2524 4648 2704 4716; x_wconf 84' lang='grc' dir='ltr'>λόγος,</span> <span class='ocrx_word' id='word_1_738' title='bbox 2743 4643 2868 4697; x_wconf 72' lang='grc' dir='ltr'>ἐπεὶ</span> <span class='ocrx_word' id='word_1_739' title='bbox 2919 4640 3014 4694; x_wconf 77' lang='grc' dir='ltr'><strong>καὶ</strong></span> <span class='ocrx_word' id='word_1_740' title='bbox 3069 4637 3220 4710; x_wconf 88' lang='grc' dir='ltr'><strong>παρά</strong></span> <span class='ocrx_word' id='word_1_741' title='bbox 3278 4635 3475 4704; x_wconf 72' lang='grc' dir='ltr'>Ἡσαΐᾳ</span> <span class='ocrx_word' id='word_1_742' title='bbox 3513 4633 3823 4730; x_wconf 71' lang='grc' dir='ltr'>γέγραπται</span> <span class='ocrx_word' id='word_1_743' title='bbox 3843 4647 3857 4660; x_wconf 87' lang='grc'><strong>·</strong></span> 
     </span>
    </p>
   </div>
   <div class='ocr_carea' id='block_1_95' title="bbox 596 4723 2191 4821">
    <p class='ocr_par' dir='ltr' id='par_1_95' title="bbox 596 4723 2170 4821">
     <span class='ocr_line' id='line_1_95' title="bbox 596 4723 2170 4821; baseline 0.001 -19"><span class='ocrx_word' id='word_1_744' title='bbox 596 4758 652 4802; x_wconf 89' lang='lat' dir='ltr'><strong>et</strong></span> <span class='ocrx_word' id='word_1_745' title='bbox 683 4723 1022 4817; x_wconf 85' lang='lat' dir='ltr'><strong>respondens</strong></span> <span class='ocrx_word' id='word_1_746' title='bbox 1055 4723 1320 4819; x_wconf 76' lang='lat' dir='ltr'><strong>propheta</strong></span> <span class='ocrx_word' id='word_1_747' title='bbox 1349 4749 1532 4819; x_wconf 90' lang='lat' dir='ltr'><strong>inquit</strong></span> <span class='ocrx_word' id='word_1_748' title='bbox 1567 4751 1589 4782; x_wconf 81' lang='grc'>⁸</span> <span class='ocrx_word' id='word_1_749' title='bbox 1633 4723 1658 4805; x_wconf 53' lang='grc' dir='ltr'><strong>ε’</strong></span> <span class='ocrx_word' id='word_1_750' title='bbox 1685 4723 1884 4806; x_wconf 68' lang='grc' dir='ltr'><strong>«Ἐρυε</strong></span> <span class='ocrx_word' id='word_1_751' title='bbox 1913 4767 2032 4820; x_wconf 70' lang='lat' dir='ltr'><strong>ego,</strong></span> <span class='ocrx_word' id='word_1_752' title='bbox 2060 4751 2170 4821; x_wconf 78' lang='lat'><strong>82</strong></span> 
     </span>
    </p>
   </div>
   <div class='ocr_carea' id='block_1_96' title="bbox 2294 4723 3861 4821">
    <p class='ocr_par' dir='ltr' id='par_1_96' title="bbox 2294 4723 3861 4802">
     <span class='ocr_line' id='line_1_96' title="bbox 2294 4723 3861 4802; baseline -0.011 -7"><span class='ocrx_word' id='word_1_753' title='bbox 2294 4764 2298 4795; x_wconf 88' lang='lat' dir='ltr'><strong>l</strong></span> <span class='ocrx_word' id='word_1_754' title='bbox 2329 4742 2464 4796; x_wconf 87' lang='grc' dir='ltr'>Τίνα</span> <span class='ocrx_word' id='word_1_755' title='bbox 2499 4737 2824 4801; x_wconf 85' lang='grc' dir='ltr'>ἀποστείλω,</span> <span class='ocrx_word' id='word_1_756' title='bbox 2862 4735 2955 4788; x_wconf 76' lang='grc' dir='ltr'>καὶ</span> <span class='ocrx_word' id='word_1_757' title='bbox 2975 4732 3058 4795; x_wconf 87' lang='grc' dir='ltr'><strong>τίς</strong></span> <span class='ocrx_word' id='word_1_758' title='bbox 3090 4727 3419 4802; x_wconf 87' lang='grc' dir='ltr'>πορεύσεται</span> <span class='ocrx_word' id='word_1_759' title='bbox 3449 4726 3586 4796; x_wconf 84' lang='grc' dir='ltr'>πρὸς</span> <span class='ocrx_word' id='word_1_760' title='bbox 3611 4724 3702 4777; x_wconf 78' lang='grc' dir='ltr'><strong>τὸν</strong></span> <span class='ocrx_word' id='word_1_761' title='bbox 3731 4723 3861 4778; x_wconf 82' lang='grc' dir='ltr'>λαὸν</span> 
     </span>
    </p>
   </div>
   <div class='ocr_carea' id='block_1_97' title="bbox 596 4816 2191 4912">
    <p class='ocr_par' dir='ltr' id='par_1_97' title="bbox 596 4816 2172 4912">
     <span class='ocr_line' id='line_1_97' title="bbox 596 4816 2172 4912; baseline 0.002 -19"><span class='ocrx_word' id='word_1_762' title='bbox 596 4842 753 4896; x_wconf 84' lang='lat' dir='ltr'><strong>mitte</strong></span> <span class='ocrx_word' id='word_1_763' title='bbox 781 4816 887 4895; x_wconf 81' lang='lat' dir='ltr'><strong>me.</strong></span> <span class='ocrx_word' id='word_1_764' title='bbox 933 4858 953 4892; x_wconf 72' lang='grc' dir='ltr'><strong>ι</strong></span> <span class='ocrx_word' id='word_1_765' title='bbox 991 4816 1146 4896; x_wconf 76' lang='lat' dir='ltr'><strong>Dicet</strong></span> <span class='ocrx_word' id='word_1_766' title='bbox 1177 4843 1324 4896; x_wconf 91' lang='lat' dir='ltr'><strong>enim</strong></span> <span class='ocrx_word' id='word_1_767' title='bbox 1361 4816 1451 4912; x_wconf 79' lang='lat' dir='ltr'><strong>qui</strong></span> <span class='ocrx_word' id='word_1_768' title='bbox 1489 4842 1870 4898; x_wconf 83' lang='lat' dir='ltr'><strong>adversabitur</strong></span> <span class='ocrx_word' id='word_1_769' title='bbox 1897 4816 2023 4898; x_wconf 73' lang='lat' dir='ltr'><strong>huic</strong></span> 
     </span>
    </p>
   </div>
   <div class='ocr_carea' id='block_1_98' title="bbox 2294 4816 3856 4912">
    <p class='ocr_par' dir='ltr' id='par_1_98' title="bbox 2294 4816 3856 4912">
     <span class='ocr_line' id='line_1_98' title="bbox 2294 4816 3856 4912; baseline -0.015 -22"><span class='ocrx_word' id='word_1_770' title='bbox 2294 4834 2497 4899; x_wconf 75' lang='grc' dir='ltr'>ιοῦτον;</span> <span class='ocrx_word' id='word_1_771' title='bbox 2548 4851 2567 4885; x_wconf 75' lang='grc' dir='ltr'><strong>ι</strong></span> <span class='ocrx_word' id='word_1_772' title='bbox 2611 4834 2701 4885; x_wconf 82' lang='grc' dir='ltr'>ὅτε</span> <span class='ocrx_word' id='word_1_773' title='bbox 2753 4826 3185 4898; x_wconf 83' lang='grc' dir='ltr'>ἀποκρινόμενος</span> <span class='ocrx_word' id='word_1_774' title='bbox 3235 4823 3264 4874; x_wconf 90' lang='grc' dir='ltr'><strong>ό</strong></span> <span class='ocrx_word' id='word_1_775' title='bbox 3309 4819 3609 4912; x_wconf 28' lang='grc' dir='ltr'>προφήτης-</span> <span class='ocrx_word' id='word_1_776' title='bbox 3653 4816 3856 4886; x_wconf 79' lang='grc' dir='ltr'>φησίν·</span> 
     </span>
    </p>
   </div>
   <div class='ocr_carea' id='block_1_99' title="bbox 596 4909 2191 5004">
    <p class='ocr_par' dir='ltr' id='par_1_99' title="bbox 596 4909 2167 5004">
     <span class='ocr_line' id='line_1_99' title="bbox 596 4909 2167 5004; baseline 0.001 -18"><span class='ocrx_word' id='word_1_777' title='bbox 596 4932 770 4998; x_wconf 87' lang='lat' dir='ltr'><strong>nioui,</strong></span> <span class='ocrx_word' id='word_1_778' title='bbox 825 4947 945 5001; x_wconf 75' lang='lat' dir='ltr'><strong>qua:</strong></span> <span class='ocrx_word' id='word_1_779' title='bbox 1001 4934 1320 5002; x_wconf 80' lang='lat' dir='ltr'><strong>profundior</strong></span> <span class='ocrx_word' id='word_1_780' title='bbox 1377 4909 1648 5004; x_wconf 74' lang='lat' dir='ltr'><strong>apparet,</strong></span> <span class='ocrx_word' id='word_1_781' title='bbox 1707 4909 2167 5004; x_wconf 78' lang='lat' dir='ltr'><strong>quemadmodum</strong></span> 
     </span>
    </p>
   </div>
   <div class='ocr_carea' id='block_1_100' title="bbox 2294 4909 3858 5004">
    <p class='ocr_par' dir='ltr' id='par_1_100' title="bbox 2294 4909 3858 5004">
     <span class='ocr_line' id='line_1_100' title="bbox 2294 4909 3858 5004; baseline -0.016 -20"><span class='ocrx_word' id='word_1_782' title='bbox 2294 4947 2304 4984; x_wconf 80' lang='grc' dir='ltr'><strong>ι</strong></span> <span class='ocrx_word' id='word_1_783' title='bbox 2349 4929 2502 4992; x_wconf 83' lang='grc' dir='ltr'>Ἰδοὺ,</span> <span class='ocrx_word' id='word_1_784' title='bbox 2537 4927 2654 4997; x_wconf 72' lang='grc' dir='ltr'>εἰμὶ</span> <span class='ocrx_word' id='word_1_785' title='bbox 2684 4922 2815 4992; x_wconf 77' lang='grc' dir='ltr'>ἐγὼ,</span> <span class='ocrx_word' id='word_1_786' title='bbox 2840 4916 3158 4974; x_wconf 86' lang='grc' dir='ltr'>ἀπόστειλόν</span> <span class='ocrx_word' id='word_1_787' title='bbox 3187 4930 3275 4985; x_wconf 91' lang='grc' dir='ltr'>με.</span> <span class='ocrx_word' id='word_1_788' title='bbox 3311 4931 3330 4964; x_wconf 74' lang='grc' dir='ltr'><strong>ι</strong></span> <span class='ocrx_word' id='word_1_789' title='bbox 3383 4912 3527 5004; x_wconf 73' lang='grc' dir='ltr'>Ἐρεῖ</span> <span class='ocrx_word' id='word_1_790' title='bbox 3553 4909 3663 5004; x_wconf 82' lang='grc' dir='ltr'>γὰρ</span> <span class='ocrx_word' id='word_1_791' title='bbox 3687 4911 3715 4961; x_wconf 83' lang='grc' dir='ltr'><strong>ό</strong></span> <span class='ocrx_word' id='word_1_792' title='bbox 3747 4911 3858 5004; x_wconf 60' lang='grc' dir='ltr'>ενι-</span> 
     </span>
    </p>
   </div>
   <div class='ocr_carea' id='block_1_101' title="bbox 593 5000 2191 5093">
    <p class='ocr_par' dir='ltr' id='par_1_101' title="bbox 593 5024 2170 5089">
     <span class='ocr_line' id='line_1_101' title="bbox 593 5024 2170 5089; baseline 0.001 -12"><span class='ocrx_word' id='word_1_793' title='bbox 593 5024 760 5078; x_wconf 79' lang='lat' dir='ltr'><strong>Isaias</strong></span> <span class='ocrx_word' id='word_1_794' title='bbox 790 5026 988 5080; x_wconf 90' lang='lat' dir='ltr'><strong>missus</strong></span> <span class='ocrx_word' id='word_1_795' title='bbox 1018 5035 1121 5089; x_wconf 87' lang='lat' dir='ltr'><strong>est,</strong></span> <span class='ocrx_word' id='word_1_796' title='bbox 1157 5041 1264 5080; x_wconf 89' lang='lat' dir='ltr'><strong>non</strong></span> <span class='ocrx_word' id='word_1_797' title='bbox 1298 5025 1367 5081; x_wconf 87' lang='lat' dir='ltr'><strong>ab</strong></span> <span class='ocrx_word' id='word_1_798' title='bbox 1395 5026 1503 5081; x_wconf 88' lang='lat' dir='ltr'><strong>alio</strong></span> <span class='ocrx_word' id='word_1_799' title='bbox 1546 5027 1667 5083; x_wconf 89' lang='lat' dir='ltr'><strong>loco</strong></span> <span class='ocrx_word' id='word_1_800' title='bbox 1703 5027 1779 5081; x_wconf 85' lang='lat' dir='ltr'><strong>ad</strong></span> <span class='ocrx_word' id='word_1_801' title='bbox 1827 5028 1975 5082; x_wconf 90' lang='lat' dir='ltr'><strong>hunc</strong></span> <span class='ocrx_word' id='word_1_802' title='bbox 2012 5043 2170 5080; x_wconf 85' lang='lat' dir='ltr'><strong>mun-</strong></span> 
     </span>
    </p>
   </div>
   <div class='ocr_carea' id='block_1_102' title="bbox 2294 5000 3854 5093">
    <p class='ocr_par' dir='ltr' id='par_1_102' title="bbox 2294 5000 3854 5093">
     <span class='ocr_line' id='line_1_102' title="bbox 2294 5000 3854 5093; baseline -0.018 -15"><span class='ocrx_word' id='word_1_803' title='bbox 2294 5024 2542 5093; x_wconf 72' lang='grc' dir='ltr'>πτάμενος</span> <span class='ocrx_word' id='word_1_804' title='bbox 2595 5021 2662 5089; x_wconf 81' lang='grc' dir='ltr'>τῇ</span> <span class='ocrx_word' id='word_1_805' title='bbox 2718 5011 2992 5087; x_wconf 79' lang='grc' dir='ltr'>βαθυτέρᾳ</span> <span class='ocrx_word' id='word_1_806' title='bbox 3040 5004 3416 5079; x_wconf 84' lang='grc' dir='ltr'>ὲμφαινομένῃ</span> <span class='ocrx_word' id='word_1_807' title='bbox 3474 5000 3718 5072; x_wconf 78' lang='grc' dir='ltr'>ὑπονοίᾳ,</span> <span class='ocrx_word' id='word_1_808' title='bbox 3751 5001 3854 5063; x_wconf 88' lang='grc' dir='ltr'>ὅτι,</span> 
     </span>
    </p>
   </div>
   <div class='ocr_carea' id='block_1_103' title="bbox 593 5095 2191 5188">
    <p class='ocr_par' dir='ltr' id='par_1_103' title="bbox 593 5117 2166 5188">
     <span class='ocr_line' id='line_1_103' title="bbox 593 5117 2166 5188; baseline 0 -16"><span class='ocrx_word' id='word_1_809' title='bbox 593 5119 742 5181; x_wconf 78' lang='lat' dir='ltr'><strong>dum,</strong></span> <span class='ocrx_word' id='word_1_810' title='bbox 789 5117 884 5170; x_wconf 88' lang='lat' dir='ltr'><strong>sed</strong></span> <span class='ocrx_word' id='word_1_811' title='bbox 939 5127 1227 5188; x_wconf 87' lang='lat' dir='ltr'><strong>postquam</strong></span> <span class='ocrx_word' id='word_1_812' title='bbox 1277 5118 1415 5173; x_wconf 87' lang='lat' dir='ltr'><strong>vidit</strong></span> <span class='ocrx_word' id='word_1_813' title='bbox 1459 5118 1744 5174; x_wconf 89' lang='lat' dir='ltr'><strong>Dominum</strong></span> <span class='ocrx_word' id='word_1_814' title='bbox 1791 5120 2066 5174; x_wconf 86' lang='lat' dir='ltr'><strong>sedentem</strong></span> <span class='ocrx_word' id='word_1_815' title='bbox 2112 5118 2166 5172; x_wconf 93' lang='lat' dir='ltr'><strong>in</strong></span> 
     </span>
    </p>
   </div>
   <div class='ocr_carea' id='block_1_104' title="bbox 2294 5095 3856 5188">
    <p class='ocr_par' dir='ltr' id='par_1_104' title="bbox 2294 5095 3856 5186">
     <span class='ocr_line' id='line_1_104' title="bbox 2294 5095 3856 5186; baseline -0.015 -16"><span class='ocrx_word' id='word_1_816' title='bbox 2294 5117 2464 5186; x_wconf 77' lang='grc' dir='ltr'>ὒσπερ</span> <span class='ocrx_word' id='word_1_817' title='bbox 2511 5115 2540 5166; x_wconf 90' lang='lat'><strong>6</strong></span> <span class='ocrx_word' id='word_1_818' title='bbox 2578 5111 2807 5171; x_wconf 79' lang='grc' dir='ltr'>Ἡσαΐας</span> <span class='ocrx_word' id='word_1_819' title='bbox 2842 5102 3144 5172; x_wconf 86' lang='grc' dir='ltr'>ἀπεστάλη,</span> <span class='ocrx_word' id='word_1_820' title='bbox 3177 5099 3298 5169; x_wconf 77' lang='grc' dir='ltr'>οὐχὶ</span> <span class='ocrx_word' id='word_1_821' title='bbox 3336 5099 3430 5167; x_wconf 78' lang='grc' dir='ltr'>ἀφ’</span> <span class='ocrx_word' id='word_1_822' title='bbox 3467 5097 3656 5166; x_wconf 78' lang='grc' dir='ltr'>ἑτέρου</span> <span class='ocrx_word' id='word_1_823' title='bbox 3689 5095 3856 5148; x_wconf 87' lang='grc' dir='ltr'>τόπου</span> 
     </span>
    </p>
   </div>
   <div class='ocr_carea' id='block_1_105' title="bbox 658 5210 2191 5358">
    <p class='ocr_par' dir='ltr' id='par_1_105' title="bbox 658 5232 2128 5358">
     <span class='ocr_line' id='line_1_105' title="bbox 658 5232 2128 5303; baseline 0 -18"><span class='ocrx_word' id='word_1_824' title='bbox 658 5236 702 5266; x_wconf 73' lang='grc'><strong>’⁸</strong></span> <span class='ocrx_word' id='word_1_825' title='bbox 734 5232 876 5286; x_wconf 86' lang='lat' dir='ltr'><strong>Psal.</strong></span> <span class='ocrx_word' id='word_1_826' title='bbox 905 5249 1036 5298; x_wconf 79' lang='lat' dir='ltr'><strong>xvu,</strong></span> <span class='ocrx_word' id='word_1_827' title='bbox 1066 5234 1154 5289; x_wconf 73' lang='grc'><strong>12.</strong></span> <span class='ocrx_word' id='word_1_828' title='bbox 1220 5233 1266 5266; x_wconf 84' lang='lat'><strong>”</strong></span> <span class='ocrx_word' id='word_1_829' title='bbox 1289 5233 1450 5290; x_wconf 86' lang='lat' dir='ltr'><strong>Prov.</strong></span> <span class='ocrx_word' id='word_1_830' title='bbox 1486 5251 1527 5303; x_wconf 90' lang='lat' dir='ltr'><strong>t,</strong></span> <span class='ocrx_word' id='word_1_831' title='bbox 1550 5235 1606 5291; x_wconf 88' lang='lat'><em>6.</em></span> <span class='ocrx_word' id='word_1_832' title='bbox 1687 5235 1704 5265; x_wconf 77' lang='grc'>⁸</span> <span class='ocrx_word' id='word_1_833' title='bbox 1734 5233 1922 5289; x_wconf 81' lang='lat' dir='ltr'><strong>Matth.</strong></span> <span class='ocrx_word' id='word_1_834' title='bbox 1955 5249 2010 5298; x_wconf 70' lang='grc' dir='ltr'>ι,</span> <span class='ocrx_word' id='word_1_835' title='bbox 2037 5232 2128 5286; x_wconf 72' lang='lat'><strong>27.</strong></span> 
     </span>
     <span class='ocr_line' id='line_1_106' title="bbox 658 5303 1074 5358; baseline 0 0"><span class='ocrx_word' id='word_1_836' title='bbox 658 5322 729 5358; x_wconf 86' lang='lat' dir='ltr'><strong>rs.</strong></span> <span class='ocrx_word' id='word_1_837' title='bbox 763 5303 816 5357; x_wconf 92' lang='lat'><strong>8.</strong></span> <span class='ocrx_word' id='word_1_838' title='bbox 892 5304 916 5335; x_wconf 80' lang='lat'><strong>&#39;</strong></span> <span class='ocrx_word' id='word_1_839' title='bbox 943 5304 1074 5358; x_wconf 86' lang='lat' dir='ltr'><strong>ibid.</strong></span> 
     </span>
    </p>
   </div>
   <div class='ocr_carea' id='block_1_106' title="bbox 2294 5210 3851 5358">
    <p class='ocr_par' dir='ltr' id='par_1_106' title="bbox 2294 5210 3851 5295">
     <span class='ocr_line' id='line_1_107' title="bbox 2294 5210 3851 5295; baseline -0.017 -8"><span class='ocrx_word' id='word_1_840' title='bbox 2294 5247 2408 5287; x_wconf 64' lang='lat' dir='ltr'><strong>san.</strong></span> <span class='ocrx_word' id='word_1_841' title='bbox 2440 5246 2478 5295; x_wconf 84' lang='grc' dir='ltr'><strong>ι,</strong></span> <span class='ocrx_word' id='word_1_842' title='bbox 2502 5229 2555 5284; x_wconf 89' lang='grc'><strong>6.</strong></span> <span class='ocrx_word' id='word_1_843' title='bbox 2633 5227 2654 5260; x_wconf 90' lang='grc'><em>³</em></span> <span class='ocrx_word' id='word_1_844' title='bbox 2681 5226 2816 5282; x_wconf 85' lang='lat' dir='ltr'><strong>Gen.</strong></span> <span class='ocrx_word' id='word_1_845' title='bbox 2848 5239 2932 5288; x_wconf 89' lang='grc' dir='ltr'>ιιι,</span> <span class='ocrx_word' id='word_1_846' title='bbox 2959 5217 3054 5272; x_wconf 74' lang='grc'><strong>25.</strong></span> <span class='ocrx_word' id='word_1_847' title='bbox 3127 5216 3150 5247; x_wconf 76' lang='grc'><strong>⁸</strong></span> <span class='ocrx_word' id='word_1_848' title='bbox 3173 5214 3331 5270; x_wconf 84' lang='lat' dir='ltr'><strong>Joan.</strong></span> <span class='ocrx_word' id='word_1_849' title='bbox 3362 5229 3404 5282; x_wconf 89' lang='grc' dir='ltr'><strong>ι,</strong></span> <span class='ocrx_word' id='word_1_850' title='bbox 3432 5211 3479 5266; x_wconf 85' lang='lat'><strong>7.</strong></span> <span class='ocrx_word' id='word_1_851' title='bbox 3563 5210 3736 5279; x_wconf 84' lang='lat' dir='ltr'><strong>&#39;Cap.</strong></span> <span class='ocrx_word' id='word_1_852' title='bbox 3775 5226 3851 5275; x_wconf 85' lang='lat' dir='ltr'><strong>vr,</strong></span> 
     </span>
    </p>
   </div>
   <div class='ocr_carea' id='block_1_107' title="bbox 593 5319 3852 5472">
    <p class='ocr_par' dir='ltr' id='par_1_107' title="bbox 593 5319 3852 5472">
     <span class='ocr_line' id='line_1_108' title="bbox 593 5319 3852 5472; baseline -0.009 -16"><span class='ocrx_word' id='word_1_853' title='bbox 593 5319 905 5472; x_wconf 51' lang='lat' dir='ltr'><strong>vei;.7)6.Té-)</strong></span> <span class='ocrx_word' id='word_1_854' title='bbox 922 5319 1299 5472; x_wconf 36' lang='lat' dir='ltr'><strong>:tlzudpém&#39;t:</strong></span> <span class='ocrx_word' id='word_1_855' title='bbox 1317 5398 1409 5452; x_wconf 89' lang='lat' dir='ltr'><strong>Sic</strong></span> <span class='ocrx_word' id='word_1_856' title='bbox 1457 5397 1628 5453; x_wconf 78' lang='lat' dir='ltr'><strong>codex</strong></span> <span class='ocrx_word' id='word_1_857' title='bbox 1657 5394 2016 5458; x_wconf 82' lang='lat' dir='ltr'><strong>Bodleianus;</strong></span> <span class='ocrx_word' id='word_1_858' title='bbox 2050 5391 2166 5446; x_wconf 89' lang='lat' dir='ltr'><strong>edi-</strong></span> <span class='ocrx_word' id='word_1_859' title='bbox 2273 5392 2479 5472; x_wconf 73' lang='lat' dir='ltr'><strong>minam</strong></span> <span class='ocrx_word' id='word_1_860' title='bbox 2511 5385 2811 5472; x_wconf 74' lang='lat' dir='ltr'><strong>sanctitate</strong></span> <span class='ocrx_word' id='word_1_861' title='bbox 2826 5381 3291 5472; x_wconf 14' lang='lat' dir='ltr'><strong>‘nobi‘litun‘ipsos</strong></span> <span class='ocrx_word' id='word_1_862' title='bbox 3313 5373 3740 5472; x_wconf 48' lang='lat' dir='ltr'><strong>lffﬁtijglgCIOS,</strong></span> <span class='ocrx_word' id='word_1_863' title='bbox 3791 5383 3852 5428; x_wconf 91' lang='lat' dir='ltr'><strong>ut</strong></span> 
     </span>
    </p>
   </div>
   <div class='ocr_carea' id='block_1_108' title="bbox 592 5447 3574 5541">
    <p class='ocr_par' dir='ltr' id='par_1_108' title="bbox 592 5447 3574 5541">
     <span class='ocr_line' id='line_1_109' title="bbox 592 5447 3574 5541; baseline 0 0"><span class='ocrx_word' id='word_1_864' title='bbox 592 5447 1416 5541; x_wconf 52' lang='grc' dir='ltr'><strong>ιίοἽιῖίεῦιῖιῖῗτῖμᾛὀρἱῦηἷτὲἱ</strong></span> <span class='ocrx_word' id='word_1_865' title='bbox 1709 5447 1777 5541; x_wconf 62' lang='grc' dir='ltr'><strong>’ζ</strong></span> <span class='ocrx_word' id='word_1_866' title='bbox 1948 5447 2015 5540; x_wconf 88' lang='grc'><strong>.’</strong></span> <span class='ocrx_word' id='word_1_867' title='bbox 2148 5537 2160 5541; x_wconf 91' lang='lat'>_</span> <span class='ocrx_word' id='word_1_868' title='bbox 2271 5447 3283 5541; x_wconf 42' lang='lat' dir='ltr'><strong>“sis-1329319“?“bservilr‘ﬁ&#39;lﬁefh</strong></span> <span class='ocrx_word' id='word_1_869' title='bbox 3311 5447 3574 5541; x_wconf 65' lang='lat' dir='ltr'><strong>&quot;.&quot;EEE&#39;EE:</strong></span> 
     </span>
    </p>
   </div>
   <div class='ocr_carea' id='block_1_109' title="bbox 659 5513 2191 5613">
    <p class='ocr_par' dir='ltr' id='par_1_109' title="bbox 659 5513 2168 5613">
     <span class='ocr_line' id='line_1_110' title="bbox 659 5513 2168 5613; baseline -0.011 -16"><span class='ocrx_word' id='word_1_870' title='bbox 1446 5534 1709 5613; x_wconf 74' lang='lat' dir='ltr'><strong>lta_cod_d.</strong></span> <span class='ocrx_word' id='word_1_871' title='bbox 1740 5529 2069 5613; x_wconf 79' lang='lat' dir='ltr'><strong>Barberinus</strong></span> <span class='ocrx_word' id='word_1_872' title='bbox 2111 5537 2168 5613; x_wconf 66' lang='lat' dir='ltr'><strong>et</strong></span> 
     </span>
    </p>
   </div>
   <div class='ocr_carea' id='block_1_110' title="bbox 2294 5513 3847 5613">
    <p class='ocr_par' dir='ltr' id='par_1_110' title="bbox 2307 5513 3847 5613">
     <span class='ocr_line' id='line_1_111' title="bbox 2307 5513 3847 5613; baseline -0.012 -29"><span class='ocrx_word' id='word_1_873' title='bbox 2307 5529 2455 5610; x_wconf 81' lang='lat'><strong>_(90)</strong></span> <span class='ocrx_word' id='word_1_874' title='bbox 2588 5527 2658 5613; x_wconf 59' lang='grc' dir='ltr'>εξ</span> <span class='ocrx_word' id='word_1_875' title='bbox 2684 5522 2966 5613; x_wconf 38' lang='lat' dir='ltr'><strong>caepas-of).</strong></span> <span class='ocrx_word' id='word_1_876' title='bbox 2999 5522 3090 5613; x_wconf 50' lang='lat' dir='ltr'><strong>Sis</strong></span> <span class='ocrx_word' id='word_1_877' title='bbox 3119 5520 3285 5606; x_wconf 76' lang='lat' dir='ltr'><strong>codex</strong></span> <span class='ocrx_word' id='word_1_878' title='bbox 3311 5519 3698 5599; x_wconf 78' lang='lat' dir='ltr'><strong>_Bodleianus;</strong></span> <span class='ocrx_word' id='word_1_879' title='bbox 3743 5513 3847 5567; x_wconf 80' lang='lat' dir='ltr'><strong>Re-</strong></span> 
     </span>
    </p>
   </div>
   <div class='ocr_carea' id='block_1_111' title="bbox 591 5590 2191 5680">
    <p class='ocr_par' dir='ltr' id='par_1_111' title="bbox 591 5590 2167 5680">
     <span class='ocr_line' id='line_1_112' title="bbox 591 5590 2167 5680; baseline -0.007 -17"><span class='ocrx_word' id='word_1_880' title='bbox 591 5590 958 5680; x_wconf 49' lang='lat' dir='ltr'><strong>u.‘.lté’iaﬁd§;&#39;</strong></span> <span class='ocrx_word' id='word_1_881' title='bbox 975 5590 1115 5666; x_wconf 66' lang='lat' dir='ltr'><strong>itiaie</strong></span> <span class='ocrx_word' id='word_1_882' title='bbox 1134 5590 1471 5667; x_wconf 30' lang='lat' dir='ltr'><strong>vero-Veditio</strong></span> <span class='ocrx_word' id='word_1_883' title='bbox 1502 5604 1762 5659; x_wconf 83' lang='lat' dir='ltr'><strong>Huetiaua</strong></span> <span class='ocrx_word' id='word_1_884' title='bbox 1797 5605 1848 5656; x_wconf 88' lang='lat' dir='ltr'><strong>iu</strong></span> <span class='ocrx_word' id='word_1_885' title='bbox 1893 5611 2039 5655; x_wconf 72' lang='lat' dir='ltr'><strong>textu</strong></span> <span class='ocrx_word' id='word_1_886' title='bbox 2060 5640 2074 5664; x_wconf 93' lang='lat'><strong>,</strong></span> <span class='ocrx_word' id='word_1_887' title='bbox 2106 5599 2167 5652; x_wconf 86' lang='grc' dir='ltr'>τὺ</span> 
     </span>
    </p>
   </div>
   <div class='ocr_carea' id='block_1_112' title="bbox 2294 5590 3532 5680">
    <p class='ocr_par' dir='ltr' id='par_1_112' title="bbox 2294 5590 3532 5680">
     <span class='ocr_line' id='line_1_113' title="bbox 2294 5590 3532 5680; baseline -0.011 -28"><span class='ocrx_word' id='word_1_888' title='bbox 2294 5590 2472 5680; x_wconf 44' lang='lat' dir='ltr'><strong>{ius‘et</strong></span> <span class='ocrx_word' id='word_1_889' title='bbox 2501 5590 2849 5680; x_wconf 51' lang='lat' dir='ltr'><strong>Esirberiit&#39;tts,</strong></span> <span class='ocrx_word' id='word_1_890' title='bbox 2879 5597 2988 5680; x_wconf 65' lang='grc' dir='ltr'>εςτε</span> <span class='ocrx_word' id='word_1_891' title='bbox 3017 5592 3084 5680; x_wconf 54' lang='grc' dir='ltr'>ἐξ</span> <span class='ocrx_word' id='word_1_892' title='bbox 3110 5590 3359 5680; x_wconf 56' lang='grc' dir='ltr'>ούρανοῦ.</span> <span class='ocrx_word' id='word_1_893' title='bbox 3403 5657 3440 5680; x_wconf 56' lang='grc' dir='ltr'><strong><em>η</em></strong></span> <span class='ocrx_word' id='word_1_894' title='bbox 3520 5658 3532 5670; x_wconf 49' lang='lat'><strong><em>.</em></strong></span> 
     </span>
    </p>
   </div>
   <div class='ocr_carea' id='block_1_113' title="bbox 592 5654 2191 5738">
    <p class='ocr_par' dir='ltr' id='par_1_113' title="bbox 592 5654 940 5736">
     <span class='ocr_line' id='line_1_114' title="bbox 592 5654 940 5736; baseline 0.011 -4"><span class='ocrx_word' id='word_1_895' title='bbox 592 5681 693 5732; x_wconf 71' lang='grc' dir='ltr'>ποῦ</span> <span class='ocrx_word' id='word_1_896' title='bbox 732 5684 888 5736; x_wconf 86' lang='grc' dir='ltr'>είσίν.</span> <span class='ocrx_word' id='word_1_897' title='bbox 924 5654 940 5680; x_wconf 44' lang='grc' dir='ltr'><strong>ν</strong></span> 
     </span>
    </p>
   </div>
   <div class='ocr_carea' id='block_1_114' title="bbox 2294 5654 3838 5738">
    <p class='ocr_par' dir='ltr' id='par_1_114' title="bbox 2294 5654 3838 5738">
     <span class='ocr_line' id='line_1_115' title="bbox 2294 5654 3838 5738; baseline -0.011 -14"><span class='ocrx_word' id='word_1_898' title='bbox 2294 5654 2300 5667; x_wconf 71' lang='grc'><em>’</em></span> <span class='ocrx_word' id='word_1_899' title='bbox 2341 5670 2453 5738; x_wconf 86' lang='grc'><strong>(91)</strong></span> <span class='ocrx_word' id='word_1_900' title='bbox 2492 5665 2676 5738; x_wconf 67' lang='grc' dir='ltr'>Παρὰ,</span> <span class='ocrx_word' id='word_1_901' title='bbox 2705 5665 2797 5722; x_wconf 85' lang='lat' dir='ltr'><strong>Sic</strong></span> <span class='ocrx_word' id='word_1_902' title='bbox 2821 5654 2991 5724; x_wconf 64' lang='lat' dir='ltr'><strong>codex</strong></span> <span class='ocrx_word' id='word_1_903' title='bbox 3017 5654 3371 5728; x_wconf 74' lang='lat' dir='ltr'><strong>Bodleiauus;</strong></span> <span class='ocrx_word' id='word_1_904' title='bbox 3401 5657 3603 5729; x_wconf 77' lang='lat' dir='ltr'><strong>Regius</strong></span> <span class='ocrx_word' id='word_1_905' title='bbox 3627 5663 3683 5712; x_wconf 78' lang='lat' dir='ltr'><strong>et</strong></span> <span class='ocrx_word' id='word_1_906' title='bbox 3711 5654 3838 5709; x_wconf 81' lang='lat' dir='ltr'><strong>Bar-</strong></span> 
     </span>
    </p>
   </div>
   <div class='ocr_carea' id='block_1_115' title="bbox 666 5737 2191 5821">
    <p class='ocr_par' dir='ltr' id='par_1_115' title="bbox 666 5739 2164 5821">
     <span class='ocr_line' id='line_1_116' title="bbox 666 5739 2164 5821; baseline -0.006 -19"><span class='ocrx_word' id='word_1_907' title='bbox 666 5752 777 5821; x_wconf 65' lang='lat' dir='ltr'><strong>t89)</strong></span> <span class='ocrx_word' id='word_1_908' title='bbox 822 5753 985 5804; x_wconf 83' lang='grc' dir='ltr'>Οὕτω</span> <span class='ocrx_word' id='word_1_909' title='bbox 1019 5751 1117 5803; x_wconf 78' lang='grc' dir='ltr'>καὶ</span> <span class='ocrx_word' id='word_1_910' title='bbox 1149 5753 1182 5803; x_wconf 84' lang='grc' dir='ltr'><strong>ό</strong></span> <span class='ocrx_word' id='word_1_911' title='bbox 1219 5747 1526 5821; x_wconf 57' lang='grc' dir='ltr'>Ἰωάκκῃς,</span> <span class='ocrx_word' id='word_1_912' title='bbox 1541 5756 1646 5821; x_wconf 82' lang='lat' dir='ltr'><strong>etc.</strong></span> <span class='ocrx_word' id='word_1_913' title='bbox 1682 5741 1969 5821; x_wconf 65' lang='lat' dir='ltr'><strong>&quot;ominum</strong></span> <span class='ocrx_word' id='word_1_914' title='bbox 2020 5739 2164 5821; x_wconf 78' lang='lat' dir='ltr'><strong>enim</strong></span> 
     </span>
    </p>
   </div>
   <div class='ocr_carea' id='block_1_116' title="bbox 2294 5737 2693 5821">
    <p class='ocr_par' dir='ltr' id='par_1_116' title="bbox 2294 5737 2693 5808">
     <span class='ocr_line' id='line_1_117' title="bbox 2294 5737 2693 5808; baseline -0.015 -12"><span class='ocrx_word' id='word_1_915' title='bbox 2294 5737 2514 5808; x_wconf 71' lang='lat' dir='ltr'><strong>tct&#39;inus,</strong></span> <span class='ocrx_word' id='word_1_916' title='bbox 2547 5737 2693 5808; x_wconf 90' lang='grc' dir='ltr'>περί.</span> 
     </span>
    </p>
   </div>
   <div class='ocr_carea' id='block_1_117' title="bbox 591 5810 2167 5888">
    <p class='ocr_par' dir='ltr' id='par_1_117' title="bbox 591 5810 2167 5888">
     <span class='ocr_line' id='line_1_118' title="bbox 591 5810 2167 5888; baseline -0.006 -13"><span class='ocrx_word' id='word_1_917' title='bbox 591 5810 799 5876; x_wconf 73' lang='lat' dir='ltr'><strong>animas</strong></span> <span class='ocrx_word' id='word_1_918' title='bbox 829 5825 896 5877; x_wconf 87' lang='lat' dir='ltr'><strong>de</strong></span> <span class='ocrx_word' id='word_1_919' title='bbox 924 5821 1064 5876; x_wconf 83' lang='lat' dir='ltr'><strong>coelo</strong></span> <span class='ocrx_word' id='word_1_920' title='bbox 1101 5821 1207 5888; x_wconf 86' lang='lat' dir='ltr'><strong>peti</strong></span> <span class='ocrx_word' id='word_1_921' title='bbox 1237 5810 1788 5886; x_wconf 72' lang='lat' dir='ltr'><strong>crediditOrigenes;</strong></span> <span class='ocrx_word' id='word_1_922' title='bbox 1829 5821 1883 5868; x_wconf 89' lang='lat' dir='ltr'><strong>at</strong></span> <span class='ocrx_word' id='word_1_923' title='bbox 1916 5811 2036 5868; x_wconf 84' lang='lat' dir='ltr'><strong>illas</strong></span> <span class='ocrx_word' id='word_1_924' title='bbox 2066 5810 2167 5866; x_wconf 89' lang='lat' dir='ltr'><strong>ho-</strong></span> 
     </span>
    </p>
   </div>
  </div>
