4194 6394
410 283 511 339 165

1495 282 1851 342 COIIW.
1891 285 1958 341 IN
1995 286 2185 343 JOAN.
2226 287 2464 344 TOMUS
2505 287 2570 344 ll.

3559 297 3662 352 166

405 404 554 476 παρά
579 402 670 458 τὸν
694 404 902 477 κόσμον
925 407 1134 471 τοῦτον,
1156 407 1294 462 ἀλλὰ
1315 409 1452 478 μετὰ
1483 410 1543 461 τὸ
1571 411 1873 478 ἑωρακέναι
1893 411 1973 464 τὸν

2091 411 2286 466 throno
2313 411 2532 467 excelso
2563 420 2620 467 et
2656 410 2802 468 elato
2827 413 2871 478 ⁷,
2901 423 2961 468 ut
3006 413 3074 468 ad
3122 414 3376 485 populum
3406 417 3656 474 diceret:

403 494 607 566 Κύριον
639 496 948 567 καθήμενον
976 499 1072 552 ἐπὶ
1103 498 1292 570 θρόνου
1335 500 1539 572 ὑψηλοῦ
1586 501 1680 552 καὶ
1726 501 1976 572 ἐπῃρμέ-

401 603 514 651 νου,
555 585 690 656 πρὸς
716 586 812 638 τὸν
830 585 978 651 λαὸν,
1012 587 1100 641 ἴνα
1121 590 1247 659 εἴπῃ
1267 605 1280 618 ·
1305 607 1322 638 ι
1367 589 1528 658 Ἀκοῇ
1559 587 1848 650 ἀκούσετε,
1881 588 1976 642 καὶ

406 677 466 730 οὐ
497 679 580 747 μὴ
615 677 835 748 συνῆτε,
863 699 882 732 ι
917 680 1012 732 καὶ
1039 680 1106 733 τά
1141 679 1300 750 ἐξῆς·
1333 679 1475 733 οὕτω
1503 682 1596 733 καὶ
1629 683 1657 734 6
1697 681 1973 752 Ἰωάννης,

403 769 766 840 σιωπωμένης
813 771 914 840 τῆς
945 770 1118 842 ἀρχῆς
1166 771 1265 841 τῆς
1303 771 1632 841 ἀποστολῆς,
1682 771 1976 841 ἀναλογίαν

400 862 629 933 ἐχούσης
663 861 802 932 πρὸς
829 862 926 932 τὴν
953 861 1256 932 ἀποστολὴν
1284 861 1378 915 τοῦ
1419 863 1662 928 Ἡσαΐου,
1713 867 1976 920 ἀποστέλ-

398 950 545 1004 λεται
578 951 866 1020 βαπτίζειν
901 951 1005 1016 ,καὶ
1047 951 1356 1022 ἑτοιμάζειν
1401 952 1591 1023 Κυρίῳ
1639 953 1765 1008 λαὸν
1809 973 1974 1009 κατε-

401 1045 789 1114 σκευασμένον,
824 1045 917 1096 καὶ
951 1047 1244 1114 μαρτυρεῖν
1300 1045 1552 1116 περὶτοῦ
1597 1047 1792 1116 φωτός.
1837 1048 1974 1100 Τού-

397 1151 503 1186 των
523 1135 566 1187 δ’
592 1135 764 1198 οῦτως
786 1135 1082 1205 λεχθέντων
1117 1137 1182 1188 ἂν
1224 1138 1360 1208 πρὸς
1410 1137 1500 1192 τὸν
1547 1140 1762 1210 πρῶτον
1815 1141 1973 1210 λόγον

398 1224 579 1288 λύσεις
615 1225 862 1279 τοιαῦται
893 1227 1254 1296 προσάγονται
1289 1228 1403 1298 (9‘2)
1435 1229 1827 1297 συγκατάθεσιν
1851 1233 1972 1285 ἐπι-

399 1315 684 1386 σπώμεναι
721 1317 856 1386 πρὸς
881 1317 942 1368 τὸ
975 1319 1102 1388 περὶ
1143 1320 1386 1372 Ἰωάννου
1429 1319 1724 1393 βαθύτερον
1779 1323 1971 1376 ὑπονο-

392 1407 657 1478 ούμενον·
710 1409 933 1462 αὐτόθεν
982 1411 1082 1480 μὲν
1127 1411 1482 1483 ἐπιφέρεται·
1538 1433 1554 1464 ι
1603 1409 1768 1478 Οὗτος
1811 1411 1973 1486 ἦλθεν

395 1503 474 1564 είς
500 1502 829 1574 μαρτυρίαν,
869 1505 952 1557 ἵνα
978 1506 1303 1576 μαρτυρήσῃ
1326 1506 1455 1577 περὶ
1489 1505 1582 1558 τοῦ
1610 1507 1787 1576 φωτός
1810 1523 1822 1536 ·
1871 1527 1889 1558 ι
1925 1509 1973 1560 εί

394 1593 501 1664 γὰρ
523 1591 678 1665 ἦλθε,
713 1596 874 1650 ποθὲν
899 1593 1048 1668 ἦλθε.
1079 1597 1189 1650 Καὶ
1235 1597 1453 1651 λεκτέον
1487 1598 1623 1668 πρὸς
1651 1599 1741 1652 τὸν
1769 1600 1974 1654 δυσπα-

397 1685 762 1755 ραδεκτοῦντα
783 1688 845 1740 τὸ
876 1691 932 1741 ἐν
965 1692 1076 1752 τοῖς
1109 1689 1234 1759 ἐξῆς
1261 1689 1365 1743 ὑπὸ
1403 1690 1648 1744 Ἰωάννου
1681 1690 1972 1762 λεγόμενον

394 1777 484 1829 ἐπὶ
507 1776 586 1847 τῷ
619 1779 919 1849 ἑωρακέναι
947 1779 1007 1832 τὸ
1036 1779 1260 1850 Πνεῦμα
1287 1781 1347 1833 τὸ
1372 1780 1525 1849 ἆγιον
1541 1781 1616 1845 ὼς
1644 1759 1972 1853 περιστερὰν
2005 1759 2046 1812 Β

392 1869 791 1941 κατερχόμενον
819 1872 910 1924 ἐπὶ
939 1870 1028 1924 τὸν
1060 1872 1287 1943 Σωτῆρα
1308 1889 1321 1901 ·
1359 1873 1492 1942 φησὶ
1515 1873 1653 1944 γάρ·
1681 1891 1700 1924 ι
1741 1872 1803 1925 ‘0
1832 1873 1972 1943 πέμ-

386 1963 498 2034 ψας
531 1983 599 2036 με
635 1964 916 2034 βαπτίζειν
948 1965 1058 2035 (95)
1086 1969 1143 2019 ἐν
1171 1965 1248 2036 τῷ
1284 1965 1460 2030 ῦδατι,
1499 1968 1705 2032 ἐκεῖνός
1749 1985 1837 2039 μοι
1891 1963 1969 2021 εἷ-

392 2074 520 2110 πεν·
570 2058 683 2126 Ἐφ’
736 2057 795 2112 ὃν
854 2058 920 2111 ἂν
974 2057 1089 2130 ἴδῃς
1141 2057 1202 2110 τὸ
1239 2057 1465 2130 Πνεῦμα
1510 2060 1835 2113 καταϐαῖνον
1876 2061 1970 2114 καὶ

393 2149 553 2220 μένον
581 2149 669 2202 ἐπ’
687 2149 871 2214 αὐτὸν,
903 2142 1058 2212 οὗτός
1091 2151 1239 2203 ἐστιν
1261 2151 1290 2202 6
1311 2150 1588 2220 βαπτίζων
1613 2153 1671 2204 ἐν
1691 2152 1970 2222 Πνεύματι

390 2243 533 2314 ἁγίῳ
584 2243 680 2298 καὶ
718 2243 870 2315 πυρί.
912 2263 930 2295 ι
967 2244 1105 2297 Πότε
1159 2244 1268 2316 γὰρ
1311 2227 1532 2316 πέμψας
1579 2245 1722 2298 τοῦτ’
1772 2245 1971 2299 ἐνετεί-

391 2333 558 2400 λατο;
631 2335 768 2389 Ἀλλ’
821 2335 970 2398 εἰκὸς
1039 2335 1429 2407 ἀποκρίνεσθαι
1481 2337 1617 2411 πρὸς
1658 2337 1720 2391 τὸ
1778 2339 1969 2408 πύσμα

390 2425 569 2490 τοῦτο,
615 2427 698 2480 ὅτι
745 2427 834 2480 ὅτε
891 2427 1090 2499 δήποτε
1146 2427 1390 2499 ἔπεμπεν
1440 2429 1534 2482 ἐπὶ⁵
1587 2428 1648 2482 τὸ
1701 2428 1968 2502 ἄρξασθαι

393 2514 698 2586 βαπτίζειν,
725 2518 848 2572 τότε
879 2518 1066 2573 τοῦτον
1087 2519 1178 2573 τὸν
1199 2519 1352 2589 λόγον
1376 2516 1529 2575 εἶπεν
1551 2522 1580 2574 6
1611 2520 1967 2593 χρηματίζων

391 2607 527 2680 πρὸς
553 2609 738 2665 αὐτόν.
775 2611 895 2664 Ἔτι
921 2611 977 2664 δὲ
1025 2611 1533 2684 ἐκπληκτικώτερον
1576 2614 1713 2684 πρὸς
1749 2613 1810 2666 τὸ
1854 2613 1970 2667 ἐτέ-

391 2699 570 2771 ρωθέν
622 2701 787 2756 ποθεν
818 2703 1168 2777 ἀπεστάλθαιΔ
1193 2705 1286 2758 τὸν
1334 2705 1585 2776 Ἰωάννην
1620 2705 1968 2777 ἐνσωματού-

391 2806 578 2860 μενον,
603 2792 861 2847 ὑπόθεσιν
893 2795 991 2847 οὐκ
1013 2774 1181 2864 ἄλλην
1202 2795 1303 2866 τῆς
1324 2796 1403 2860 είς
1423 2795 1514 2849 τὸν
1535 2774 1648 2866 βίον
1675 2774 1969 2869 ἐπιδημίας

391 2881 610 2954 ἔχοντος
636 2886 812 2958 (94)ῆ
851 2904 870 2938 ι
915 2886 1012 2958 τὴν
1046 2887 1175 2959 περὶ
1207 2888 1302 2942 τοῦ
1341 2888 1519 2958 φωτὸς
1570 2890 1896 2962 μαρτυρίαν,
1943 2909 1962 2943 ι

387 2975 448 3028 τὸ
470 2975 792 3046 Πνεύματος
813 2977 967 3046 ἁγίου
999 2977 1303 3049 πλησθῆναι
1334 2979 1412 3032 ἐτι
1443 2981 1508 3032 ἐκ
1535 2979 1742 3044 κοιλίας
1763 2981 1968 3053 μητρὸς

387 3067 582 3161 αύτοῦ,
613 3069 906 3161 λεγόμενον
933 3069 1039 3122 ὑπὸ
1075 3069 1334 3142 Γαϐριὴλ,
1367 3070 1855 3142 εὐαγγελιζομένου
1888 3071 1967 3144 τῷ
1993 3100 2039 3161 c

389 3159 486 3230 μὲν
508 3161 760 3233 Ζαχαρία
797 3159 895 3232 τὴν
931 3161 1177 3215 Ἰωάννου
1227 3163 1459 3231 γένεσιν,
1517 3166 1581 3234 τῇ
1631 3163 1689 3216 δέ
1735 3165 1968 3236 Μαριὰμ

385 3251 482 3323 τὴν
504 3253 606 3307 τοῦ
644 3254 893 3326 Σωτῆρος
920 3255 1076 3326 ἡμῶν
1107 3255 1498 3327 ἐνάνθρώποις
1515 3256 1836 3328 ἐπιδημίαν·
1874 3260 1969 3314 καὶ

384 3344 478 3399 τό·
522 3364 542 3397 ι
598 3345 729 3398 Ἰδοὺ
768 3346 876 3418 γὰρ
901 3347 977 3410 ὼς
1010 3347 1225 3415 ἐγένετο
1267 3349 1300 3419 ἡ
1336 3347 1486 3418 φωνὴ
1533 3346 1628 3400 τοῦ
1677 3349 1967 3419 ἀσπασμοῦ

385 3439 464 3501 είς
491 3435 566 3490 τὰ
592 3430 708 3492 ὦτά
730 3455 855 3511 μου,
885 3437 1209 3509 ἐσκίρτησεν
1241 3440 1299 3492 ἐν
1326 3439 1643 3508 ἀγαλλιάσει
1671 3441 1732 3493 τὸ
1772 3441 1967 3512 βρέφος

384 3528 444 3581 ἐν
471 3531 536 3600 τῇ
567 3528 746 3600 κοιλίᾳ.
784 3546 906 3600 μου.
950 3547 970 3580 ι
1003 3528 1092 3600 Τῷ
1120 3529 1230 3601 γὰρ
1259 3529 1514 3601 τηροῦντι
1558 3531 1621 3583 τὸ
1651 3531 1815 3602 μηδὲν
1855 3531 1970 3585 ἀδί-

386 3637 517 3686 κως,
564 3621 700 3692 μηδὲ
735 3621 878 3676 κατά
911 3621 1223 3693 συντυχίαν,
1271 3623 1304 3694 ἢ
1357 3623 1740 3695 ἀποκλήρωσιν
1773 3627 1965 3688 ποιεῖν,

381 3713 685 3782 ἀναγκαῖον
743 3711 1148 3785 παραδέξασθαι
1221 3715 1600 3788 πρεσὸυτέραν
1649 3710 1814 3769 οὖσαν
1868 3715 1968 3786 τὴν

397 3803 650 3859 Ἰωάννου
681 3804 857 3875 ψυχὴν
883 3804 976 3857 τοῦ
1013 3803 1282 3876 σώματος,
1315 3807 1408 3860 καὶ
1435 3806 1699 3881 πρότερον
1724 3805 1968 3876 ὑφεστῶ-

389 3912 488 3950 σαν
537 3895 865 3965 πεπέμφθαι
913 3895 1006 3947 ἐπὶ⁵
1037 3895 1315 3952 διακονίαν
1359 3897 1459 3968 τῆς
1505 3897 1632 3970 περὶ
1666 3897 1760 3951 τοῦ
1791 3899 1968 3969 φωτὸς

387 3985 718 4059 μαρτυρίας.
769 3985 912 4058 Πρὸς
956 3986 1167 4052 τούτοις
1194 3988 1251 4042 δὲ
1292 3988 1353 4041 οὐ
1389 3990 1826 4061 καταφρονητέον
1873 3990 1968 4043 καὶ

383 4080 501 4144 τοῦ,
529 4099 548 4132 ι
597 4071 769 4143 Οὗτός
805 4082 955 4133 ἐστιν
1000 4081 1187 4146 Ἠλίας
1213 4083 1241 4135 6
1278 4081 1484 4152 μέλλων
1515 4082 1625 4152 (95)
1654 4080 1960 4152 ἔρχεσθαι.»

397 4171 524 4226 Ἐἀν
564 4171 624 4224 δὲ
666 4175 844 4244 κρατῇ
895 4174 923 4226 6
975 4173 1204 4228 καθόλου
1255 4176 1386 4246 περὶ
1439 4175 1616 4245 ψυχῆς
1682 4176 1859 4245 λόγος,
1891 4177 1968 4240 ὡς

380 4262 442 4316 οὐ
478 4263 928 4334 συνεσπαρμένης
957 4264 1036 4336 τῷ
1068 4263 1298 4336 σώματι,
1340 4265 1474 4318 ἀλλά
1505 4266 1612 4338 πρὸ
1645 4266 1810 4320 αὐτοῦ
1835 4285 1967 4335 τυγ-

383 4353 678 4425 χανούσης,
713 4354 808 4408 καὶ
833 4354 922 4408 διὰ
954 4355 1202 4420 ποικίλας
1228 4356 1406 4420 αἰτίας
1447 4358 1771 4428 ἐνδυομένης
1805 4358 1967 4431 σαρκὶ

2084 521 2103 553 ι
2138 502 2340 556 Auditu
2371 503 2629 568 audietis,
2650 512 2705 558 et
2741 519 2848 559 non
2877 505 3194 576 intelligetis
3221 507 3265 570 ⁸,
3293 526 3312 560 ι
3341 517 3395 562 et
3423 523 3543 578 qua:
3572 524 3659 566 se-

2077 601 2362 663 quuntur;
2397 595 2470 649 ita
2510 596 2675 650 etiam
2717 594 2982 652 Joannem
3015 597 3345 667 (suppresso
3385 601 3656 671 principio

2078 686 2382 753 missionis,
2419 685 2730 758 analogiam
2762 698 2818 744 et
2855 689 3120 744 rationem
3153 691 3405 746 habentis
3430 694 3498 747 ad
3527 693 3657 748 mis-

2076 777 2288 832 sionem
2324 775 2517 849 Isaiae)
2555 779 2699 832 mitti
2732 779 2798 834 ad
2833 780 3222 850 baptizandum
3251 791 3307 836 et
3338 797 3652 852 praeparan-

2077 869 2204 923 dum
2231 869 2460 925 Domino
2491 870 2748 941 populum
2781 872 3128 938 instructum,
3163 885 3216 929 et
3247 873 3315 928 ad
3355 875 3656 942 testi-fican-
3687 881 3698 894 ‘

2077 960 2211 1014 dum
2249 960 2317 1016 de
2349 960 2471 1016 luce
2498 962 2539 1016 ’.
2573 961 2670 1017 His
2704 965 2779 1017 ita
2811 963 2975 1020 dictis
3001 964 3068 1017 ad
3107 963 3335 1034 primam
3385 966 3654 1021 rationem
3713 947 3720 952 ί

2076 1051 2375 1108 solutiones
2425 1053 2560 1108 tales
2590 1053 2956 1120 adducuntur,
2990 1070 3274 1110 assensum
3310 1058 3654 1114 attrahentes

2075 1145 2143 1196 ad
2179 1144 2230 1197 id
2264 1145 2406 1213 quod
2439 1145 2506 1198 de
2537 1143 2746 1201 Joanne
2783 1146 3104 1215 profundius
3136 1150 3506 1218 excogitatum
3536 1161 3648 1215 est;

2075 1251 2138 1291 ex
2167 1237 2360 1291 eodem
2397 1237 2542 1291 enim
2595 1237 2715 1294 loco
2767 1239 3108 1312 subiungitur
3147 1258 3160 1294 :
3217 1260 3236 1293 σ
3275 1240 3374 1296 llic
3409 1241 3553 1297 venit
3583 1244 3653 1297 ad

2079 1330 2500 1396 testificandum,
2535 1343 2593 1387 ut
2627 1342 2922 1388 testaretur
2965 1335 3033 1388 de
3061 1334 3180 1389 luce
3231 1335 3310 1398 ¹⁰;
3358 1353 3378 1386 ι
3427 1335 3471 1388 si
3503 1335 3650 1390 enim

2074 1425 2244 1488 venit,
2270 1424 2520 1483 alicunde
2567 1427 2736 1480 venit.
2783 1425 3077 1480 Dicendum
3123 1427 3286 1480 etiam
3323 1435 3404 1480 est
3441 1426 3518 1480 illi
3553 1425 3649 1496 qui

2074 1525 2297 1583 gravate
2325 1515 2567 1568 admittit
2618 1515 2670 1568 id
2713 1517 2858 1584 quod
2891 1516 2944 1569 in
2979 1516 3332 1584 sequentibus
3378 1532 3408 1570 a
3439 1514 3650 1572 Joanne

2076 1606 2298 1669 dicitur,
2331 1616 2621 1673 postquam
2657 1606 2792 1659 vidit
2821 1606 3084 1674 Spiritum
3141 1615 3390 1661 sanctum
3423 1607 3654 1662 descen-

2074 1701 2291 1753 dentem
2322 1713 2422 1753 ceu
2453 1698 2758 1752 columbam
2804 1712 2969 1767 super
3007 1697 3302 1754 Servatore
3343 1699 3426 1764 “;
3474 1698 3654 1768 inquit

2073 1789 2220 1842 enim
2250 1787 2329 1841 “:
2368 1805 2387 1838 ι
2425 1787 2528 1854 Qui
2558 1787 2707 1842 misit
2734 1802 2820 1842 me
2860 1788 2927 1842 ad
2965 1789 3356 1858 baptizandum
3392 1788 3446 1843 in
3483 1803 3648 1858 aqua,

2073 1878 2168 1934 ille
2195 1879 2324 1934 mihi
2354 1879 2489 1933 dixit
2520 1896 2533 1932 :
2566 1877 2743 1948 Super
2784 1895 2947 1949 quem
2995 1880 3200 1936 videris
3238 1879 3507 1948 Spiritum
3554 1881 3652 1935 de-

2073 1970 2422 2024 scendentem
2472 1979 2528 2022 et
2580 1978 2888 2024 manentem
2938 1984 3102 2040 super
3144 1985 3291 2034 eum,
3325 1970 3412 2025 liic
3440 1970 3651 2040 estqui

2071 2060 2311 2128 baptizat
2340 2061 2390 2113 in
2425 2059 2630 2129 Spiritu
2663 2071 2856 2116 sancto
2890 2070 2946 2116 et
2994 2061 3127 2132 igni.
3170 2080 3189 2113 ι
3225 2060 3455 2128 Quando
3501 2063 3648 2116 enim

2071 2151 2162 2206 ille
2196 2153 2287 2221 qui
2321 2153 2468 2206 misit
2496 2152 2602 2207 hoc
2647 2153 2953 2223 praecepit?
2993 2156 3064 2208 At
3104 2153 3382 2224 probabile
3427 2167 3512 2210 est
3556 2169 3646 2208 re-

2071 2259 2395 2312 sponsurum
2427 2243 2495 2299 ad
2531 2244 3013 2314 interrogationem
3062 2245 3226 2309 hanc,
3273 2259 3397 2300 eum
3445 2247 3536 2316 qui
3580 2245 3648 2300 ad

2070 2333 2334 2391 Joannem
2364 2335 2711 2405 loquebatur,
2733 2345 2846 2388 tum
2883 2335 3000 2389 haec
3026 2336 3192 2390 verba
3224 2335 3424 2390 dixisse
3446 2337 3493 2389 ei
3520 2349 3646 2390 cum

2065 2442 2192 2480 eum
2227 2427 2466 2481 mitteret
2491 2434 2550 2480 ut
2582 2426 2862 2497 baptizare
2886 2426 3172 2496 inciperet.
3201 2426 3395 2482 Adliue
3423 2427 3488 2480 ad
3522 2441 3649 2497 pro-

2071 2517 2306 2572 bandqu
2362 2519 2508 2588 quod
2561 2517 2816 2572 alicunde
2865 2532 2933 2572 ex
2987 2517 3098 2571 alio
3149 2516 3268 2572 loco
3317 2517 3522 2571 missus
3576 2517 3651 2572 sit

2070 2608 2331 2676 Joannes,
2362 2609 2454 2680 qui
2482 2624 2680 2678 corpus
2709 2608 2958 2676 assumit,
2989 2623 3208 2663 causam
3235 2622 3339 2662 non
3367 2608 3526 2662 aliain
3554 2608 3651 2662 ad-

2070 2712 2264 2758 ventus
2307 2703 2390 2756 sui
2424 2702 2477 2757 in
2519 2701 2685 2754 vitam
2718 2700 2945 2765 habens,
2979 2715 3140 2770 quam
3191 2718 3209 2752 ι
3248 2709 3306 2753 ut
3351 2709 3650 2754 testaretur

2069 2797 2138 2850 de
2158 2794 2278 2850 luce
2304 2793 2370 2858 ¹³,
2397 2811 2416 2845 ι
2442 2791 2667 2860 majoris
2690 2791 2948 2862 ponderis
2971 2800 3053 2847 est
3083 2791 3230 2862 quod
3264 2791 3505 2862 repletus
3533 2791 3649 2861 Spi-

2071 2887 2179 2941 ritu
2220 2895 2406 2941 saneto
2455 2885 2635 2940 adhuc
2686 2900 2752 2939 ex
2806 2893 2962 2938 utero
3009 2883 3200 2938 matris
3230 2897 3342 2938 sua:
3391 2883 3588 2939 dicitur
3616 2899 3646 2937 a

2068 2979 2348 3045 Gabriele,
2399 2977 2492 3048 qui
2534 2976 2808 3032 nuntiavit
2854 2976 3132 3032 Zacharia:
3181 2976 3402 3046 quidem
3461 2985 3646 3031 ortum

2069 3069 2314 3138 Joannis,
2343 3069 2524 3125 Mariae
2556 3078 2738 3124 autem
2759 3067 3071 3123 Servatoris
3100 3067 3271 3123 nostri
3299 3069 3442 3122 inter
3471 3067 3647 3122 homi-

2071 3177 2167 3219 nes
2203 3162 2494 3218 adventum
2526 3161 2610 3226 “;
2641 3171 2696 3215 et
2728 3159 2856 3214 illud
2893 3159 3061 3214 etiam
3099 3176 3115 3214 :
3164 3178 3183 3212 ι
3237 3160 3377 3214 Ecce
3409 3159 3555 3214 enim
3589 3167 3648 3214 ut

2069 3254 2208 3310 facta
2243 3265 2330 3310 est
2353 3269 2455 3310 vox
2495 3253 2848 3310 salutationis
2878 3260 2983 3306 tute
3015 3253 3066 3306 in
3097 3251 3322 3306 auribus
3351 3253 3506 3315 meis,
3547 3267 3646 3307 ex-

2067 3347 2290 3402 sultavit
2319 3347 2372 3402 in
2405 3345 2606 3418 gaudio
2640 3345 2826 3400 infans
2848 3345 2901 3399 in
2933 3353 3092 3398 utero
3119 3357 3242 3398 meo
3270 3342 3333 3396 ".
3365 3361 3384 3395 ι
3415 3341 3646 3397 Proinde

2068 3439 2159 3509 qui
2191 3449 2349 3493 cavet
2399 3453 2468 3492 ne
2499 3437 2803 3507 quidquam
2852 3434 2938 3489 vel
2989 3435 3210 3503 injuste,
3246 3434 3330 3487 vel
3360 3449 3512 3502 casu,
3562 3431 3644 3486 vel

2068 3531 2280 3601 privata
2314 3531 2590 3586 electione
2619 3529 2817 3595 faciat,
2852 3527 3215 3595 antiquiorem
3250 3540 3372 3581 esse
3419 3525 3645 3581 Jonnnis

2067 3623 2308 3679 animam
2327 3637 2489 3692 quam
2515 3635 2712 3690 corpus
2741 3619 2998 3674 admittat
3025 3631 3248 3672 necesse
3269 3627 3374 3681 est,
3401 3628 3454 3672 et
3482 3625 3644 3672 antea

2067 3716 2452 3774 subsistentem
2483 3715 2704 3768 missam
2730 3711 2898 3767 fuisse
2923 3711 2990 3765 ad
3008 3710 3372 3764 ministerium
3406 3711 3643 3766 testandi

2067 3808 2132 3862 de
2157 3808 2298 3864 luce.
2325 3807 2404 3862 Ad
2433 3812 2548 3861 lizec
2581 3807 2723 3859 haud
2772 3805 2844 3858 ita
2877 3802 3336 3859 contemnendum
3370 3812 3455 3857 est
3476 3802 3644 3858 etiam

2068 3899 2198 3954 illud
2225 3917 2240 3954 :
2278 3916 2297 3948 ι
2336 3898 2433 3953 Hic
2469 3907 2553 3952 est
2586 3897 2730 3951 Elias
2758 3894 2850 3965 qui
2879 3905 3144 3949 venturus
3173 3903 3258 3948 est
3282 3893 3348 3947 “.
3375 3911 3396 3946 ι
3422 3893 3574 3961 Quod
3597 3893 3644 3949 si

2067 3991 2418 4062 praevaluerit
2457 3989 2784 4044 universalis
2814 3988 2880 4043 de
2911 3989 3092 4042 anima
3133 3985 3342 4054 opinio,
3387 3995 3644 4056 tanquam

2063 4083 2172 4155 83
2201 4098 2320 4152 qua:
2354 4096 2478 4137 cum
2529 4095 2759 4150 corpore
2809 4080 3016 4148 pariter
3060 4093 3164 4134 non
3194 4079 3516 4140 seminatur,
3545 4077 3641 4132 sed

2064 4185 2188 4229 ante
2219 4177 2391 4244 ipsum
2429 4173 2681 4238 exsistat,
2706 4173 2776 4228 ob
2812 4173 3101 4240 variasque
3123 4184 3315 4225 causas
3342 4183 3562 4224 carnem
3587 4176 3646 4223 et

2064 4267 2379 4334 sanguinem
2425 4265 2634 4332 induat,
2680 4263 2981 4334 particula,
3014 4281 3033 4315 ι
3068 4261 3268 4317 missus
3295 4275 3327 4315 a
3361 4261 3470 4316 Deo
3511 4258 3576 4324 ι’,
3617 4279 3640 4314 ι

2065 4374 2170 4414 non
2201 4357 2469 4412 videbitur
2514 4357 2747 4426 amplius
2785 4355 2952 4418 dicta,
2995 4368 3094 4410 ceu
3127 4368 3215 4408 res
3252 4353 3497 4423 quazdam
3528 4351 3646 4406 exi-

387 4445 480 4498 καὶ
520 4446 734 4516 αἵματι,
749 4446 848 4515 Ιτό·
880 4464 899 4498 ι
938 4447 1348 4519 ἀπεσταλμένος
1381 4448 1487 4502 ὑπὸ
1516 4448 1672 4514 Θεοῦ,
1712 4468 1730 4500 ι
1783 4451 1964 4504 οὐκέτι

2072 4451 2178 4505 mia
2221 4450 2288 4503 de
2322 4447 2549 4504 Joanne.
2589 4448 2778 4518 Itaque
2829 4446 3074 4502 omnium
3127 4444 3437 4516 pessimus,
3482 4443 3645 4497 homo

383 4537 527 4603 δόξει
573 4539 847 4610 ἐξαίρετον
896 4536 1034 4594 εἶναι
1081 4541 1210 4612 περὶ
1250 4542 1495 4596 Ἰωάννου
1540 4542 1846 4613 λεγόμενον.
1909 4543 1967 4597 Ὀ

385 4629 516 4701 γοῦν
545 4632 764 4685 πάντων
795 4632 1071 4694 κάκιστος.
1103 4633 1132 4684 6
1168 4630 1451 4703 ἄνθρωπος
1481 4632 1580 4701 τῆς
1609 4632 1900 4702 ἁμαρτίας,
1939 4633 1968 4686 6

385 4721 500 4785 υίὺς
532 4722 634 4792 τῆς
671 4720 968 4786 ἀπωλείας,
1015 4721 1234 4790 λέγεται
1278 4721 1428 4793 παρὰ
1477 4721 1556 4792 τῷ
1602 4721 1797 4792 Παύλῳ
1829 4723 1970 4793 πέμ-

387 4815 586 4870 πεσθαι
609 4815 714 4869 ὑπὸ
736 4814 830 4869 τοῦ
853 4815 988 4869 Θεοῦ
1008 4833 1022 4847 ·
1056 4835 1075 4866 ι
1099 4815 1198 4869 Διά
1219 4815 1374 4869 τοῦτο
1393 4816 1522 4887 γὰρ,
1553 4835 1572 4866 ι
1601 4816 1755 4887 φησὶ,
1786 4833 1804 4866 ι
1826 4815 1968 4887 πέμ⁴

388 4923 480 4959 πει
501 4907 687 4971 αὐτοῖς
713 4909 742 4962 6
769 4908 902 4971 Θεὸς
930 4907 1208 4980 ἐνέργειαν
1239 4907 1448 4976 πλάνης
1482 4908 1559 4970 εἰς
1592 4906 1652 4960 τὸ
1679 4905 1967 4960 πιστεῦσαι

384 4997 580 5061 αὐτοὺς
607 4998 688 5068 τῷ
710 4996 914 5068 ψεύδει,
946 4999 1032 5052 ἵνα
1066 4998 1295 5070 κριθῶσι
1329 4999 1528 5061 πάντες
1553 4999 1601 5051 οἱ
1643 4997 1716 5070 μὴ
1740 4999 1963 5054 πιστεύ-

389 5105 583 5154 σαντες
612 5094 680 5163 τῇ
733 5091 979 5165 ἀληθείᾳ,
1029 5091 1145 5145 ἀλλ’
1174 5091 1563 5162 εὐδοκήσαντες
1607 5094 1673 5162 τῇ
1703 5091 1906 5162 ἀδικίᾳ.
1936 5109 1956 5142 ι

386 5179 459 5233 T6
486 5179 544 5233 δὲ
573 5181 803 5253 ζητηθὲν
834 5183 937 5255 ὅρα
975 5183 1025 5236 εί
1073 5181 1244 5246 οῦτως
1274 5181 1432 5235 λῦσαι
1473 5181 1831 5254 δυνησόμεθα,
1856 5181 1958 5247 ὅτι,

2068 4539 2302 4611 peccati,
2345 4539 2486 4594 filius
2538 4537 2859 4609 perditionis
2907 4536 3109 4592 dicitur
3157 4532 3298 4604 apud
3345 4530 3572 4586 Paulum
3599 4529 3644 4562 ¹⁸

2069 4632 2210 4687 mitti
2244 4648 2274 4686 a
2301 4631 2413 4685 Deo
2447 4648 2462 4686 :
2503 4648 2522 4682 ι
2560 4629 2789 4700 Propter
2835 4630 2938 4684 hoc
2965 4628 3132 4694 enim,
3162 4646 3182 4680 ι
3212 4625 3408 4696 inquit,
3457 4643 3476 4676 ‹
3523 4624 3644 4679 mit»-

2068 4724 2136 4779 tit
2169 4723 2274 4778 illis
2302 4723 2444 4778 Deus
2469 4722 2739 4777 actionem
2787 4719 3016 4787 erroris,
3056 4728 3118 4774 ut
3163 4718 3389 4774 credant
3419 4717 3643 4772 menda-

2068 4817 2154 4872 cio
2187 4824 2285 4872 :ut
2316 4812 2628 4883 iudicentur
2667 4821 2932 4884 quotquot
2985 4811 3204 4867 veritati
3248 4824 3358 4865 non
3387 4807 3640 4875 credunt,

2068 4905 2163 4961 sed
2193 4904 2295 4962 sibi
2344 4904 2685 4973 complacent
2736 4903 2790 4958 in
2854 4902 3144 4973 iniustitia.
3179 4919 3200 4954 ι
3236 4902 3307 4955 At
3360 4897 3486 4954 vide
3509 4913 3638 4954 num

2069 4998 2211 5054 hanc
2261 4997 2614 5068 quaestionem
2675 4996 2756 5053 sic
2823 4997 3037 5055 solvere
3077 4994 3380 5066 possimus.
3445 5005 3640 5061 nempe

2070 5089 2238 5160 quod,
2263 5089 2721 5160 quemadmodum
2768 5077 3091 5159 simpliciter
3141 5088 3322 5143 omnis
3350 5086 3534 5150 homo,
3571 5099 3639 5139 eo

2070 5184 2214 5252 quod
2238 5192 2453 5238 creatus
2481 5182 2606 5239 sita
2647 5182 2779 5249 Deo,
2811 5182 2974 5238 homo
3019 5189 3103 5236 est
3131 5179 3226 5235 Dei
3241 5195 3268 5254 5
3322 5179 3415 5234 sed
3457 5176 3638 5232 nullus

457 5319 477 5351 "
503 5317 626 5373 lszti.
655 5337 727 5384 vt,
764 5321 817 5375 1.
905 5319 926 5352 ³
959 5321 1088 5374 ibid.
1121 5320 1171 5376 9.
1250 5320 1272 5352 ⁸
1304 5320 1432 5376 Luc.
1470 5337 1506 5384 I,
1540 5321 1628 5375 17.
1711 5319 1754 5350 ⁸⁸
1776 5317 1973 5374 Juan.l

2072 5355 2086 5370 .
2159 5316 2200 5348 “
2229 5315 2357 5371 ibid.
2393 5314 2482 5370 52.
2564 5315 2607 5348 η
2632 5314 2767 5370 ibid.
2804 5313 2894 5369 55.
2976 5315 3020 5347 ³³
3052 5311 3185 5370 ibid.
3217 5310 3270 5366 7.
3348 5307 3394 5342 ³⁸
3420 5307 3554 5364 Luc.
3591 5321 3632 5372 I,

388 5387 476 5453 i3,
511 5391 593 5454 l5,
620 5392 710 5445 32.
790 5393 834 5428 "
863 5391 996 5446 ibid.
1031 5391 1121 5444 M.
1198 5391 1241 5424 ³⁸
1264 5391 1456 5446 Mztttli.
1492 5407 1572 5454 XI,
1600 5390 1688 5445 14.
1766 5390 1808 5421 ³⁷
1837 5387 1970 5444 Joan

2087 5385 2141 5443 6.
2220 5384 2551 5442 ⁸⁸11Τ1ιθεε.
2588 5401 2651 5453 ll,
2691 5385 2780 5452 10,
2805 5386 2892 5440 11.

457 5533 571 5606 (92)
644 5533 1270 5606 Hpoo'drormt._Deest
1296 5535 1356 5606 in
1395 5533 1637 5606 editione
1663 5531 1951 5606 Huetiana,

388 5603 478 5658 sed
506 5603 811 5660 restituitur
836 5603 868 5659 e
897 5605 1054 5660 codd.
1086 5603 1382 5658 Barberino
1406 5617 1460 5658 et
1491 5604 1806 5658 Bodleiano.

459 5675 570 5744 (93)
609 5675 934 5736 Βαπτίζειν.
969 5672 1063 5730 Sic
1090 5676 1258 5730 codex
1287 5674 1640 5738 Bodleianus;
1673 5671 1874 5742 Regius
1897 5679 1953 5731 et

390 5743 732 5814 Barberinus,
762 5745 1042 5816 βαπτίσαι.

2136 5530 2250 5602 (94)
2294 5533 2596 5602 Ἕκαστος.
2628 5529 2934 5602 Legendum
2969 5528 3182 5602 videtur
3204 5527 3416 5602 έχοντα.

2129 5594 2246 5675 (95)
2285 5594 2475 5667 οὗὶός
2519 5594 2693 5675 digner
2707 5594 2764 5675 id
2803 5594 3364 5675 Ἠλίας-ό.
3415 5594 3527 5675 Sic__
3554 5600 3630 5650 Ie-

2096 5665 2290 5728 it‘ur'in
2325 5665 2514 5740 codice
2547 5671 2868 5740 Bodleiano;
2910 5671 2963 5724 in
2991 5665 3160 5740 Regio
3196 5676 3375 5725 autent
3405 5677 3458 5723 et
3490 5665 3625 5722 Bar-

2131 5744 2270 5814 rino,
2293 5737 2461 5806 Οὗτός
2489 5743 2636 5796 ἐστιν
2663 5742 2692 5794 6
2719 5738 2892 5809 λόγος.
