  <div class='ocr_page' id='page_1' title='image "/cluster/home/n/w/nwhite01/storage/ocr_20150623/14:no.4/coo.31924054872928/093.png"; bbox 0 0 4194 6408; ppageno 0'>
   <div class='ocr_carea' id='block_1_1' title="bbox 625 303 728 357">
    <p class='ocr_par' dir='ltr' id='par_1_1' title="bbox 625 303 728 357">
     <span class='ocr_line' id='line_1_1' title="bbox 625 303 728 357; baseline -0.01 0"><span class='ocrx_word' id='word_1_1' title='bbox 625 303 728 357; x_wconf 74' lang='grc'><strong>167</strong></span> 
     </span>
    </p>
   </div>
   <div class='ocr_carea' id='block_1_2' title="bbox 2090 295 2412 354">
    <p class='ocr_par' dir='ltr' id='par_1_2' title="bbox 2090 295 2412 354">
     <span class='ocr_line' id='line_1_2' title="bbox 2090 295 2412 354; baseline -0.006 -1"><span class='ocrx_word' id='word_1_2' title='bbox 2090 296 2249 354; x_wconf 76' lang='lat' dir='ltr'><strong>ORIG</strong></span> <span class='ocrx_word' id='word_1_3' title='bbox 2258 295 2412 351; x_wconf 77' lang='lat' dir='ltr'><strong>ENIS</strong></span> 
     </span>
    </p>
   </div>
   <div class='ocr_carea' id='block_1_3' title="bbox 3770 311 3869 366">
    <p class='ocr_par' dir='ltr' id='par_1_3' title="bbox 3770 311 3869 366">
     <span class='ocr_line' id='line_1_3' title="bbox 3770 311 3869 366; baseline 0.02 -2"><span class='ocrx_word' id='word_1_4' title='bbox 3770 311 3792 364; x_wconf 73' lang='grc'><strong>1</strong></span> <span class='ocrx_word' id='word_1_5' title='bbox 3805 315 3869 366; x_wconf 76' lang='grc'><strong>68</strong></span> 
     </span>
    </p>
   </div>
   <div class='ocr_carea' id='block_1_4' title="bbox 621 413 2174 493">
    <p class='ocr_par' dir='ltr' id='par_1_4' title="bbox 621 413 2174 485">
     <span class='ocr_line' id='line_1_4' title="bbox 621 413 2174 485; baseline -0.001 -15"><span class='ocrx_word' id='word_1_6' title='bbox 621 417 783 470; x_wconf 82' lang='grc' dir='ltr'>Ιιοιιιο</span> <span class='ocrx_word' id='word_1_7' title='bbox 809 423 894 469; x_wconf 90' lang='lat' dir='ltr'><strong>est</strong></span> <span class='ocrx_word' id='word_1_8' title='bbox 921 414 1042 482; x_wconf 85' lang='lat' dir='ltr'><strong>Dei,</strong></span> <span class='ocrx_word' id='word_1_9' title='bbox 1081 413 1184 470; x_wconf 83' lang='lat' dir='ltr'><strong>nisi</strong></span> <span class='ocrx_word' id='word_1_10' title='bbox 1217 416 1308 484; x_wconf 90' lang='lat' dir='ltr'><strong>qui</strong></span> <span class='ocrx_word' id='word_1_11' title='bbox 1337 417 1446 470; x_wconf 81' lang='lat' dir='ltr'><strong>Deo</strong></span> <span class='ocrx_word' id='word_1_12' title='bbox 1484 413 1643 470; x_wconf 91' lang='lat' dir='ltr'><strong>fuerit</strong></span> <span class='ocrx_word' id='word_1_13' title='bbox 1679 415 1928 470; x_wconf 77' lang='lat' dir='ltr'><strong>addictus</strong></span> <span class='ocrx_word' id='word_1_14' title='bbox 1949 456 1963 480; x_wconf 93' lang='lat'><strong>,</strong></span> <span class='ocrx_word' id='word_1_15' title='bbox 1995 431 2174 485; x_wconf 88' lang='lat' dir='ltr'><strong>quem-</strong></span> 
     </span>
    </p>
   </div>
   <div class='ocr_carea' id='block_1_5' title="bbox 2278 413 3869 493">
    <p class='ocr_par' dir='ltr' id='par_1_5' title="bbox 2298 413 3869 493">
     <span class='ocr_line' id='line_1_5' title="bbox 2298 413 3869 493; baseline 0.008 -28"><span class='ocrx_word' id='word_1_16' title='bbox 2298 413 2484 486; x_wconf 84' lang='grc' dir='ltr'>ῶσπερ</span> <span class='ocrx_word' id='word_1_17' title='bbox 2546 414 2908 486; x_wconf 75' lang='grc' dir='ltr'><strong>ἁπλούστερον</strong></span> <span class='ocrx_word' id='word_1_18' title='bbox 2965 419 3073 481; x_wconf 81' lang='grc' dir='ltr'><strong>πᾶς</strong></span> <span class='ocrx_word' id='word_1_19' title='bbox 3124 419 3405 490; x_wconf 74' lang='grc' dir='ltr'>ἄνθρωπος</span> <span class='ocrx_word' id='word_1_20' title='bbox 3450 422 3527 493; x_wconf 84' lang='grc' dir='ltr'>τῷ</span> <span class='ocrx_word' id='word_1_21' title='bbox 3576 423 3680 477; x_wconf 82' lang='grc' dir='ltr'>ὑπό</span> <span class='ocrx_word' id='word_1_22' title='bbox 3733 427 3869 480; x_wconf 75' lang='grc' dir='ltr'>Θεοῦ</span> 
     </span>
    </p>
   </div>
   <div class='ocr_carea' id='block_1_6' title="bbox 618 506 2194 577">
    <p class='ocr_par' dir='ltr' id='par_1_6' title="bbox 618 506 2194 577">
     <span class='ocr_line' id='line_1_6' title="bbox 618 506 2194 577; baseline 0.001 -17"><span class='ocrx_word' id='word_1_23' title='bbox 618 506 908 560; x_wconf 84' lang='lat' dir='ltr'><strong>admodum</strong></span> <span class='ocrx_word' id='word_1_24' title='bbox 942 507 1088 562; x_wconf 87' lang='lat' dir='ltr'><strong>Elias</strong></span> <span class='ocrx_word' id='word_1_25' title='bbox 1126 517 1181 562; x_wconf 91' lang='lat' dir='ltr'><strong>et</strong></span> <span class='ocrx_word' id='word_1_26' title='bbox 1229 509 1321 577; x_wconf 93' lang='lat' dir='ltr'><strong>qui</strong></span> <span class='ocrx_word' id='word_1_27' title='bbox 1377 509 1430 562; x_wconf 92' lang='lat' dir='ltr'><strong>in</strong></span> <span class='ocrx_word' id='word_1_28' title='bbox 1477 507 1774 576; x_wconf 91' lang='lat' dir='ltr'><strong>Scripturis</strong></span> <span class='ocrx_word' id='word_1_29' title='bbox 1822 507 2194 563; x_wconf 80' lang='lat' dir='ltr'><strong>inscribuntur</strong></span> 
     </span>
    </p>
   </div>
   <div class='ocr_carea' id='block_1_7' title="bbox 617 597 2190 668">
    <p class='ocr_par' dir='ltr' id='par_1_7' title="bbox 617 597 2190 668">
     <span class='ocr_line' id='line_1_7' title="bbox 617 597 2190 668; baseline 0 -16"><span class='ocrx_word' id='word_1_30' title='bbox 617 597 866 652; x_wconf 82' lang='lat' dir='ltr'><strong>homines</strong></span> <span class='ocrx_word' id='word_1_31' title='bbox 920 597 1046 664; x_wconf 87' lang='lat' dir='ltr'><strong>Dei;</strong></span> <span class='ocrx_word' id='word_1_32' title='bbox 1101 599 1176 652; x_wconf 86' lang='lat' dir='ltr'><strong>ita</strong></span> <span class='ocrx_word' id='word_1_33' title='bbox 1217 600 1320 654; x_wconf 92' lang='lat' dir='ltr'><strong>dici</strong></span> <span class='ocrx_word' id='word_1_34' title='bbox 1368 614 1524 668; x_wconf 88' lang='lat' dir='ltr'><strong>posse</strong></span> <span class='ocrx_word' id='word_1_35' title='bbox 1571 601 1934 654; x_wconf 88' lang='lat' dir='ltr'><strong>communiter</strong></span> <span class='ocrx_word' id='word_1_36' title='bbox 1975 614 2190 653; x_wconf 91' lang='lat' dir='ltr'><strong>omnem</strong></span> 
     </span>
    </p>
   </div>
   <div class='ocr_carea' id='block_1_8' title="bbox 617 689 2190 760">
    <p class='ocr_par' dir='ltr' id='par_1_8' title="bbox 617 689 2190 760">
     <span class='ocr_line' id='line_1_8' title="bbox 617 689 2190 760; baseline 0.001 -18"><span class='ocrx_word' id='word_1_37' title='bbox 617 689 892 743; x_wconf 84' lang='lat' dir='ltr'><strong>hominem</strong></span> <span class='ocrx_word' id='word_1_38' title='bbox 923 705 952 743; x_wconf 91' lang='lat' dir='ltr'><strong>a</strong></span> <span class='ocrx_word' id='word_1_39' title='bbox 982 692 1089 744; x_wconf 88' lang='lat' dir='ltr'><strong>Deo</strong></span> <span class='ocrx_word' id='word_1_40' title='bbox 1127 691 1347 744; x_wconf 92' lang='lat' dir='ltr'><strong>missum</strong></span> <span class='ocrx_word' id='word_1_41' title='bbox 1399 706 1550 754; x_wconf 88' lang='lat' dir='ltr'><strong>esse;</strong></span> <span class='ocrx_word' id='word_1_42' title='bbox 1598 691 1814 760; x_wconf 87' lang='lat' dir='ltr'><strong>proprie</strong></span> <span class='ocrx_word' id='word_1_43' title='bbox 1859 701 2040 744; x_wconf 88' lang='lat' dir='ltr'><strong>autem</strong></span> <span class='ocrx_word' id='word_1_44' title='bbox 2085 705 2190 744; x_wconf 92' lang='lat' dir='ltr'><strong>non</strong></span> 
     </span>
    </p>
   </div>
   <div class='ocr_carea' id='block_1_9' title="bbox 617 779 2191 850">
    <p class='ocr_par' dir='ltr' id='par_1_9' title="bbox 617 779 2191 850">
     <span class='ocr_line' id='line_1_9' title="bbox 617 779 2191 850; baseline 0.002 -19"><span class='ocrx_word' id='word_1_45' title='bbox 617 779 781 833; x_wconf 89' lang='lat' dir='ltr'><strong>alium</strong></span> <span class='ocrx_word' id='word_1_46' title='bbox 816 794 845 833; x_wconf 92' lang='lat' dir='ltr'><strong>a</strong></span> <span class='ocrx_word' id='word_1_47' title='bbox 881 780 989 834; x_wconf 88' lang='lat' dir='ltr'><strong>Deo</strong></span> <span class='ocrx_word' id='word_1_48' title='bbox 1015 780 1151 834; x_wconf 91' lang='lat' dir='ltr'><strong>mitti</strong></span> <span class='ocrx_word' id='word_1_49' title='bbox 1201 795 1361 848; x_wconf 90' lang='lat' dir='ltr'><strong>quam</strong></span> <span class='ocrx_word' id='word_1_50' title='bbox 1412 781 1504 850; x_wconf 91' lang='lat' dir='ltr'><strong>qui</strong></span> <span class='ocrx_word' id='word_1_51' title='bbox 1547 781 1614 833; x_wconf 86' lang='lat' dir='ltr'><strong>ad</strong></span> <span class='ocrx_word' id='word_1_52' title='bbox 1668 781 2025 835; x_wconf 78' lang='lat' dir='ltr'><strong>ministerium</strong></span> <span class='ocrx_word' id='word_1_53' title='bbox 2051 779 2191 834; x_wconf 84' lang='lat' dir='ltr'><strong>divi-</strong></span> 
     </span>
    </p>
   </div>
   <div class='ocr_carea' id='block_1_10' title="bbox 620 872 2188 942">
    <p class='ocr_par' dir='ltr' id='par_1_10' title="bbox 620 872 2188 942">
     <span class='ocr_line' id='line_1_10' title="bbox 620 872 2188 942; baseline 0.001 -17"><span class='ocrx_word' id='word_1_54' title='bbox 620 888 749 926; x_wconf 91' lang='lat' dir='ltr'><strong>num</strong></span> <span class='ocrx_word' id='word_1_55' title='bbox 790 881 846 927; x_wconf 87' lang='lat' dir='ltr'><strong>et</strong></span> <span class='ocrx_word' id='word_1_56' title='bbox 888 873 954 926; x_wconf 89' lang='lat' dir='ltr'><strong>ad</strong></span> <span class='ocrx_word' id='word_1_57' title='bbox 1005 873 1312 926; x_wconf 88' lang='lat' dir='ltr'><strong>obeundam</strong></span> <span class='ocrx_word' id='word_1_58' title='bbox 1366 873 1588 927; x_wconf 80' lang='lat' dir='ltr'><strong>humani</strong></span> <span class='ocrx_word' id='word_1_59' title='bbox 1639 872 1852 942; x_wconf 78' lang='lat' dir='ltr'><strong>generis</strong></span> <span class='ocrx_word' id='word_1_60' title='bbox 1878 873 2104 926; x_wconf 88' lang='lat' dir='ltr'><strong>salutem</strong></span> <span class='ocrx_word' id='word_1_61' title='bbox 2137 873 2188 926; x_wconf 93' lang='lat' dir='ltr'><strong>in</strong></span> 
     </span>
    </p>
   </div>
   <div class='ocr_carea' id='block_1_11' title="bbox 618 961 2190 1030">
    <p class='ocr_par' dir='ltr' id='par_1_11' title="bbox 618 961 2190 1030">
     <span class='ocr_line' id='line_1_11' title="bbox 618 961 2190 1030; baseline -0.001 -14"><span class='ocrx_word' id='word_1_62' title='bbox 618 963 788 1016; x_wconf 86' lang='lat' dir='ltr'><strong>vitam</strong></span> <span class='ocrx_word' id='word_1_63' title='bbox 813 961 1110 1016; x_wconf 85' lang='lat' dir='ltr'><strong>advenerit.</strong></span> <span class='ocrx_word' id='word_1_64' title='bbox 1155 961 1518 1028; x_wconf 84' lang='lat' dir='ltr'><strong>Quamobrem</strong></span> <span class='ocrx_word' id='word_1_65' title='bbox 1568 977 1674 1015; x_wconf 87' lang='lat' dir='ltr'><strong>non</strong></span> <span class='ocrx_word' id='word_1_66' title='bbox 1700 961 2008 1016; x_wconf 83' lang='lat' dir='ltr'><strong>invenimus</strong></span> <span class='ocrx_word' id='word_1_67' title='bbox 2046 963 2190 1030; x_wconf 91' lang='lat' dir='ltr'><strong>quod</strong></span> 
     </span>
    </p>
   </div>
   <div class='ocr_carea' id='block_1_12' title="bbox 616 1053 2186 1124">
    <p class='ocr_par' dir='ltr' id='par_1_12' title="bbox 616 1053 2186 1124">
     <span class='ocr_line' id='line_1_12' title="bbox 616 1053 2186 1124; baseline 0 -18"><span class='ocrx_word' id='word_1_68' title='bbox 616 1055 902 1124; x_wconf 83' lang='lat' dir='ltr'><strong>quisquam</strong></span> <span class='ocrx_word' id='word_1_69' title='bbox 938 1053 1188 1107; x_wconf 85' lang='lat' dir='ltr'><strong>mittatur</strong></span> <span class='ocrx_word' id='word_1_70' title='bbox 1217 1069 1246 1108; x_wconf 89' lang='lat' dir='ltr'><strong>a</strong></span> <span class='ocrx_word' id='word_1_71' title='bbox 1270 1053 1400 1116; x_wconf 81' lang='lat' dir='ltr'><strong>Deo,</strong></span> <span class='ocrx_word' id='word_1_72' title='bbox 1431 1054 1690 1124; x_wconf 88' lang='lat' dir='ltr'><strong>positum,</strong></span> <span class='ocrx_word' id='word_1_73' title='bbox 1723 1054 1823 1108; x_wconf 89' lang='lat' dir='ltr'><strong>nisi</strong></span> <span class='ocrx_word' id='word_1_74' title='bbox 1853 1055 1920 1108; x_wconf 90' lang='lat' dir='ltr'><strong>de</strong></span> <span class='ocrx_word' id='word_1_75' title='bbox 1946 1054 2148 1108; x_wconf 84' lang='lat' dir='ltr'><strong>sanctis</strong></span> <span class='ocrx_word' id='word_1_76' title='bbox 2173 1070 2186 1106; x_wconf 88' lang='lat'><strong>:</strong></span> 
     </span>
    </p>
   </div>
   <div class='ocr_carea' id='block_1_13' title="bbox 613 1144 2189 1217">
    <p class='ocr_par' dir='ltr' id='par_1_13' title="bbox 613 1144 2189 1217">
     <span class='ocr_line' id='line_1_13' title="bbox 613 1144 2189 1217; baseline 0 -17"><span class='ocrx_word' id='word_1_77' title='bbox 613 1145 683 1200; x_wconf 88' lang='lat' dir='ltr'><strong>de</strong></span> <span class='ocrx_word' id='word_1_78' title='bbox 712 1146 848 1199; x_wconf 85' lang='lat' dir='ltr'><strong>Isaia</strong></span> <span class='ocrx_word' id='word_1_79' title='bbox 898 1148 1140 1217; x_wconf 89' lang='lat' dir='ltr'><strong>quidem,</strong></span> <span class='ocrx_word' id='word_1_80' title='bbox 1179 1157 1238 1201; x_wconf 87' lang='lat' dir='ltr'><strong>ut</strong></span> <span class='ocrx_word' id='word_1_81' title='bbox 1268 1158 1426 1202; x_wconf 88' lang='lat' dir='ltr'><strong>antea</strong></span> <span class='ocrx_word' id='word_1_82' title='bbox 1473 1148 1882 1217; x_wconf 85' lang='lat' dir='ltr'><strong>proposuimus;</strong></span> <span class='ocrx_word' id='word_1_83' title='bbox 1942 1147 2008 1199; x_wconf 88' lang='lat' dir='ltr'><strong>de</strong></span> <span class='ocrx_word' id='word_1_84' title='bbox 2032 1144 2189 1200; x_wconf 83' lang='lat' dir='ltr'><strong>Jere-</strong></span> 
     </span>
    </p>
   </div>
   <div class='ocr_carea' id='block_1_14' title="bbox 617 1237 2182 1307">
    <p class='ocr_par' dir='ltr' id='par_1_14' title="bbox 617 1237 2182 1307">
     <span class='ocr_line' id='line_1_14' title="bbox 617 1237 2182 1307; baseline -0.001 -17"><span class='ocrx_word' id='word_1_85' title='bbox 617 1237 722 1290; x_wconf 87' lang='lat' dir='ltr'><strong>rnia</strong></span> <span class='ocrx_word' id='word_1_86' title='bbox 747 1253 878 1292; x_wconf 80' lang='lat' dir='ltr'><strong>vero</strong></span> <span class='ocrx_word' id='word_1_87' title='bbox 904 1255 915 1288; x_wconf 95' lang='lat'>:</span> <span class='ocrx_word' id='word_1_88' title='bbox 950 1257 969 1288; x_wconf 73' lang='grc' dir='ltr'><strong>ι</strong></span> <span class='ocrx_word' id='word_1_89' title='bbox 999 1239 1078 1291; x_wconf 82' lang='lat' dir='ltr'><strong>Ad</strong></span> <span class='ocrx_word' id='word_1_90' title='bbox 1111 1253 1322 1300; x_wconf 89' lang='lat' dir='ltr'><strong>omnes,</strong></span> <span class='ocrx_word' id='word_1_91' title='bbox 1349 1239 1414 1292; x_wconf 93' lang='lat' dir='ltr'><strong>ad</strong></span> <span class='ocrx_word' id='word_1_92' title='bbox 1436 1253 1570 1307; x_wconf 91' lang='lat' dir='ltr'><strong>quos</strong></span> <span class='ocrx_word' id='word_1_93' title='bbox 1600 1237 1799 1292; x_wconf 90' lang='lat' dir='ltr'><strong>misero</strong></span> <span class='ocrx_word' id='word_1_94' title='bbox 1827 1247 1896 1299; x_wconf 89' lang='lat' dir='ltr'><strong>te.</strong></span> <span class='ocrx_word' id='word_1_95' title='bbox 1917 1237 2019 1292; x_wconf 86' lang='lat' dir='ltr'><strong>ibis</strong></span> <span class='ocrx_word' id='word_1_96' title='bbox 2047 1237 2135 1296; x_wconf 81' lang='grc'><strong>¹⁸⁶;</strong></span> <span class='ocrx_word' id='word_1_97' title='bbox 2164 1255 2182 1288; x_wconf 78' lang='grc' dir='ltr'><strong>ι</strong></span> 
     </span>
    </p>
   </div>
   <div class='ocr_carea' id='block_1_15' title="bbox 615 1329 2188 1401">
    <p class='ocr_par' dir='ltr' id='par_1_15' title="bbox 615 1329 2188 1401">
     <span class='ocr_line' id='line_1_15' title="bbox 615 1329 2188 1401; baseline 0 -18"><span class='ocrx_word' id='word_1_98' title='bbox 615 1331 682 1383; x_wconf 90' lang='lat' dir='ltr'><strong>de</strong></span> <span class='ocrx_word' id='word_1_99' title='bbox 715 1329 965 1384; x_wconf 81' lang='lat' dir='ltr'><strong>Ezechiel</strong></span> <span class='ocrx_word' id='word_1_100' title='bbox 995 1330 1158 1384; x_wconf 86' lang='lat' dir='ltr'><strong>etiam</strong></span> <span class='ocrx_word' id='word_1_101' title='bbox 1191 1346 1204 1382; x_wconf 92' lang='lat'><strong>:</strong></span> <span class='ocrx_word' id='word_1_102' title='bbox 1245 1349 1263 1381; x_wconf 81' lang='grc' dir='ltr'><strong>ι</strong></span> <span class='ocrx_word' id='word_1_103' title='bbox 1305 1331 1447 1384; x_wconf 87' lang='lat' dir='ltr'><strong>Ecce</strong></span> <span class='ocrx_word' id='word_1_104' title='bbox 1486 1345 1587 1401; x_wconf 86' lang='lat' dir='ltr'><strong>ego</strong></span> <span class='ocrx_word' id='word_1_105' title='bbox 1619 1331 1774 1384; x_wconf 91' lang='lat' dir='ltr'><strong>mitto</strong></span> <span class='ocrx_word' id='word_1_106' title='bbox 1819 1339 1870 1383; x_wconf 89' lang='lat' dir='ltr'><strong>te</strong></span> <span class='ocrx_word' id='word_1_107' title='bbox 1903 1331 1966 1383; x_wconf 89' lang='lat' dir='ltr'><strong>ad</strong></span> <span class='ocrx_word' id='word_1_108' title='bbox 2002 1338 2188 1400; x_wconf 78' lang='lat' dir='ltr'><strong>gentes</strong></span> 
     </span>
    </p>
   </div>
   <div class='ocr_carea' id='block_1_16' title="bbox 617 1421 2186 1484">
    <p class='ocr_par' dir='ltr' id='par_1_16' title="bbox 617 1421 2186 1484">
     <span class='ocr_line' id='line_1_16' title="bbox 617 1421 2186 1484; baseline -0.001 -10"><span class='ocrx_word' id='word_1_109' title='bbox 617 1421 870 1484; x_wconf 85' lang='lat' dir='ltr'><strong>rebelles,</strong></span> <span class='ocrx_word' id='word_1_110' title='bbox 907 1432 962 1474; x_wconf 90' lang='lat' dir='ltr'><strong>et</strong></span> <span class='ocrx_word' id='word_1_111' title='bbox 987 1422 1292 1476; x_wconf 87' lang='lat' dir='ltr'><strong>incredulas</strong></span> <span class='ocrx_word' id='word_1_112' title='bbox 1326 1422 1454 1475; x_wconf 89' lang='lat' dir='ltr'><strong>tnihi</strong></span> <span class='ocrx_word' id='word_1_113' title='bbox 1486 1423 1548 1476; x_wconf 83' lang='lat'><strong>&quot;.</strong></span> <span class='ocrx_word' id='word_1_114' title='bbox 1590 1441 1608 1473; x_wconf 75' lang='grc' dir='ltr'><strong>ι</strong></span> <span class='ocrx_word' id='word_1_115' title='bbox 1641 1422 1908 1476; x_wconf 62' lang='lat' dir='ltr'><strong>cancrum</strong></span> <span class='ocrx_word' id='word_1_116' title='bbox 1943 1423 2082 1476; x_wconf 85' lang='lat' dir='ltr'><strong>haud</strong></span> <span class='ocrx_word' id='word_1_117' title='bbox 2115 1421 2186 1474; x_wconf 90' lang='lat' dir='ltr'><strong>ita</strong></span> 
     </span>
    </p>
   </div>
   <div class='ocr_carea' id='block_1_17' title="bbox 615 1511 2183 1581">
    <p class='ocr_par' dir='ltr' id='par_1_17' title="bbox 615 1511 2183 1581">
     <span class='ocr_line' id='line_1_17' title="bbox 615 1511 2183 1581; baseline 0.001 -18"><span class='ocrx_word' id='word_1_118' title='bbox 615 1511 682 1564; x_wconf 90' lang='lat' dir='ltr'><strong>ad</strong></span> <span class='ocrx_word' id='word_1_119' title='bbox 709 1513 1042 1580; x_wconf 86' lang='lat' dir='ltr'><strong>propositum</strong></span> <span class='ocrx_word' id='word_1_120' title='bbox 1094 1522 1306 1581; x_wconf 89' lang='lat' dir='ltr'><strong>sumpta</strong></span> <span class='ocrx_word' id='word_1_121' title='bbox 1359 1513 1526 1566; x_wconf 91' lang='lat' dir='ltr'><strong>fuisse</strong></span> <span class='ocrx_word' id='word_1_122' title='bbox 1570 1511 1896 1565; x_wconf 85' lang='lat' dir='ltr'><strong>videbuntur</strong></span> <span class='ocrx_word' id='word_1_123' title='bbox 1941 1511 2183 1580; x_wconf 80' lang='lat' dir='ltr'><strong>exempla</strong></span> 
     </span>
    </p>
   </div>
   <div class='ocr_carea' id='block_1_18' title="bbox 617 1601 2186 1672">
    <p class='ocr_par' dir='ltr' id='par_1_18' title="bbox 617 1601 2186 1672">
     <span class='ocr_line' id='line_1_18' title="bbox 617 1601 2186 1672; baseline 0.001 -18"><span class='ocrx_word' id='word_1_124' title='bbox 617 1602 916 1664; x_wconf 86' lang='lat' dir='ltr'><strong>missionis,</strong></span> <span class='ocrx_word' id='word_1_125' title='bbox 952 1618 1075 1656; x_wconf 92' lang='lat' dir='ltr'><strong>cum</strong></span> <span class='ocrx_word' id='word_1_126' title='bbox 1102 1618 1200 1656; x_wconf 93' lang='lat' dir='ltr'><strong>nos</strong></span> <span class='ocrx_word' id='word_1_127' title='bbox 1240 1618 1549 1672; x_wconf 68' lang='lat' dir='ltr'><strong>quaeramus</strong></span> <span class='ocrx_word' id='word_1_128' title='bbox 1581 1602 1648 1656; x_wconf 91' lang='lat' dir='ltr'><strong>de</strong></span> <span class='ocrx_word' id='word_1_129' title='bbox 1688 1601 1943 1655; x_wconf 88' lang='lat' dir='ltr'><strong>missione</strong></span> <span class='ocrx_word' id='word_1_130' title='bbox 1968 1617 2088 1669; x_wconf 75' lang='lat' dir='ltr'><strong>qua:</strong></span> <span class='ocrx_word' id='word_1_131' title='bbox 2127 1602 2186 1656; x_wconf 89' lang='lat' dir='ltr'><strong>fit</strong></span> 
     </span>
    </p>
   </div>
   <div class='ocr_carea' id='block_1_19' title="bbox 611 1691 2179 1762">
    <p class='ocr_par' dir='ltr' id='par_1_19' title="bbox 611 1691 2179 1762">
     <span class='ocr_line' id='line_1_19' title="bbox 611 1691 2179 1762; baseline 0.001 -18"><span class='ocrx_word' id='word_1_132' title='bbox 611 1693 678 1744; x_wconf 82' lang='lat' dir='ltr'><strong>ad</strong></span> <span class='ocrx_word' id='word_1_133' title='bbox 711 1691 851 1745; x_wconf 89' lang='lat' dir='ltr'><strong>hanc</strong></span> <span class='ocrx_word' id='word_1_134' title='bbox 884 1693 1075 1756; x_wconf 90' lang='lat' dir='ltr'><strong>vitam,</strong></span> <span class='ocrx_word' id='word_1_135' title='bbox 1127 1702 1182 1748; x_wconf 86' lang='lat' dir='ltr'><strong>et</strong></span> <span class='ocrx_word' id='word_1_136' title='bbox 1217 1693 1306 1746; x_wconf 86' lang='lat' dir='ltr'><strong>illa</strong></span> <span class='ocrx_word' id='word_1_137' title='bbox 1341 1707 1444 1746; x_wconf 92' lang='lat' dir='ltr'><strong>non</strong></span> <span class='ocrx_word' id='word_1_138' title='bbox 1493 1704 1681 1762; x_wconf 91' lang='lat' dir='ltr'><strong>aperte</strong></span> <span class='ocrx_word' id='word_1_139' title='bbox 1729 1693 1915 1747; x_wconf 88' lang='lat' dir='ltr'><strong>dicant</strong></span> <span class='ocrx_word' id='word_1_140' title='bbox 1944 1694 2179 1762; x_wconf 89' lang='lat' dir='ltr'><strong>aliquem</strong></span> 
     </span>
    </p>
   </div>
   <div class='ocr_carea' id='block_1_20' title="bbox 2293 504 3871 584">
    <p class='ocr_par' dir='ltr' id='par_1_20' title="bbox 2293 504 3871 584">
     <span class='ocr_line' id='line_1_20' title="bbox 2293 504 3871 584; baseline 0.01 -29"><span class='ocrx_word' id='word_1_141' title='bbox 2293 505 2538 558; x_wconf 80' lang='grc' dir='ltr'><strong>ἐκτίσθαι</strong></span> <span class='ocrx_word' id='word_1_142' title='bbox 2564 505 2847 575; x_wconf 75' lang='grc' dir='ltr'>ἄνθρωπός</span> <span class='ocrx_word' id='word_1_143' title='bbox 2872 507 2985 559; x_wconf 86' lang='grc' dir='ltr'>έστι</span> <span class='ocrx_word' id='word_1_144' title='bbox 3010 504 3102 560; x_wconf 88' lang='grc' dir='ltr'><strong>τοῦ</strong></span> <span class='ocrx_word' id='word_1_145' title='bbox 3131 508 3285 571; x_wconf 90' lang='grc' dir='ltr'>Θεοῦ,</span> <span class='ocrx_word' id='word_1_146' title='bbox 3310 511 3426 562; x_wconf 83' lang='grc' dir='ltr'>ἀλλ’</span> <span class='ocrx_word' id='word_1_147' title='bbox 3448 512 3508 564; x_wconf 81' lang='grc' dir='ltr'><strong>οῦ</strong></span> <span class='ocrx_word' id='word_1_148' title='bbox 3543 513 3871 584; x_wconf 77' lang='grc' dir='ltr'><strong>χρηματίζει</strong></span> 
     </span>
    </p>
   </div>
   <div class='ocr_carea' id='block_1_21' title="bbox 2293 596 3873 672">
    <p class='ocr_par' dir='ltr' id='par_1_21' title="bbox 2293 596 3873 672">
     <span class='ocr_line' id='line_1_21' title="bbox 2293 596 3873 672; baseline 0.009 -25"><span class='ocrx_word' id='word_1_149' title='bbox 2293 598 2401 659; x_wconf 80' lang='grc' dir='ltr'><strong>πᾶς</strong></span> <span class='ocrx_word' id='word_1_150' title='bbox 2430 596 2714 667; x_wconf 77' lang='grc' dir='ltr'>ἄνθρωπος</span> <span class='ocrx_word' id='word_1_151' title='bbox 2739 597 2896 659; x_wconf 83' lang='grc' dir='ltr'>Θεοῦ,</span> <span class='ocrx_word' id='word_1_152' title='bbox 2929 597 2961 668; x_wconf 80' lang='grc' dir='ltr'>ἢ</span> <span class='ocrx_word' id='word_1_153' title='bbox 2992 599 3150 668; x_wconf 86' lang='grc' dir='ltr'><strong>μόνος</strong></span> <span class='ocrx_word' id='word_1_154' title='bbox 3199 601 3227 652; x_wconf 90' lang='grc' dir='ltr'><strong>ό</strong></span> <span class='ocrx_word' id='word_1_155' title='bbox 3254 601 3372 672; x_wconf 84' lang='grc' dir='ltr'>Θεῷ</span> <span class='ocrx_word' id='word_1_156' title='bbox 3406 603 3780 672; x_wconf 79' lang='grc' dir='ltr'><strong>ἀνακείμενος,</strong></span> <span class='ocrx_word' id='word_1_157' title='bbox 3813 607 3873 661; x_wconf 78' lang='grc' dir='ltr'>ὃν</span> 
     </span>
    </p>
   </div>
   <div class='ocr_carea' id='block_1_22' title="bbox 2289 687 3874 770">
    <p class='ocr_par' dir='ltr' id='par_1_22' title="bbox 2289 687 3874 770">
     <span class='ocr_line' id='line_1_22' title="bbox 2289 687 3874 770; baseline 0.006 -29"><span class='ocrx_word' id='word_1_158' title='bbox 2289 687 2713 758; x_wconf 81' lang='grc' dir='ltr'>τρόπον-Ἠλίας</span> <span class='ocrx_word' id='word_1_159' title='bbox 2761 689 2854 742; x_wconf 72' lang='grc' dir='ltr'>καὶ</span> <span class='ocrx_word' id='word_1_160' title='bbox 2897 691 2944 742; x_wconf 89' lang='grc' dir='ltr'><strong>οί</strong></span> <span class='ocrx_word' id='word_1_161' title='bbox 2989 691 3044 742; x_wconf 83' lang='grc' dir='ltr'>ὲν</span> <span class='ocrx_word' id='word_1_162' title='bbox 3079 694 3198 754; x_wconf 86' lang='grc' dir='ltr'>ταῖς</span> <span class='ocrx_word' id='word_1_163' title='bbox 3242 693 3479 764; x_wconf 85' lang='grc' dir='ltr'>Γραφαῖς</span> <span class='ocrx_word' id='word_1_164' title='bbox 3525 695 3874 770; x_wconf 74' lang='grc' dir='ltr'>ἀναγεγραμ-</span> 
     </span>
    </p>
   </div>
   <div class='ocr_carea' id='block_1_23' title="bbox 2296 779 3870 860">
    <p class='ocr_par' dir='ltr' id='par_1_23' title="bbox 2296 779 3870 860">
     <span class='ocr_line' id='line_1_23' title="bbox 2296 779 3870 860; baseline 0.008 -27"><span class='ocrx_word' id='word_1_165' title='bbox 2296 782 2449 852; x_wconf 84' lang='grc' dir='ltr'>μένοι</span> <span class='ocrx_word' id='word_1_166' title='bbox 2499 779 2774 851; x_wconf 85' lang='grc' dir='ltr'>άνθρωποι</span> <span class='ocrx_word' id='word_1_167' title='bbox 2817 781 2972 844; x_wconf 90' lang='grc' dir='ltr'>Θεοῦ,</span> <span class='ocrx_word' id='word_1_168' title='bbox 3023 782 3195 847; x_wconf 76' lang='grc' dir='ltr'>οὕτως</span> <span class='ocrx_word' id='word_1_169' title='bbox 3237 784 3460 839; x_wconf 79' lang='grc' dir='ltr'>δύναται</span> <span class='ocrx_word' id='word_1_170' title='bbox 3493 787 3634 853; x_wconf 72' lang='grc' dir='ltr'>κατὰ</span> <span class='ocrx_word' id='word_1_171' title='bbox 3669 791 3768 860; x_wconf 85' lang='grc' dir='ltr'>μὲν</span> <span class='ocrx_word' id='word_1_172' title='bbox 3808 793 3870 846; x_wconf 80' lang='grc' dir='ltr'>τὸ</span> 
     </span>
    </p>
   </div>
   <div class='ocr_carea' id='block_1_24' title="bbox 2291 872 3867 951">
    <p class='ocr_par' dir='ltr' id='par_1_24' title="bbox 2291 872 3867 951">
     <span class='ocr_line' id='line_1_24' title="bbox 2291 872 3867 951; baseline 0.007 -26"><span class='ocrx_word' id='word_1_173' title='bbox 2291 873 2598 942; x_wconf 89' lang='grc' dir='ltr'>κοινότερον</span> <span class='ocrx_word' id='word_1_174' title='bbox 2644 873 2752 935; x_wconf 78' lang='grc' dir='ltr'>πᾶς</span> <span class='ocrx_word' id='word_1_175' title='bbox 2798 872 3084 943; x_wconf 78' lang='grc' dir='ltr'>ἄνθρωπος</span> <span class='ocrx_word' id='word_1_176' title='bbox 3133 875 3471 930; x_wconf 80' lang='grc' dir='ltr'><strong>ἀπεστάλθαι</strong></span> <span class='ocrx_word' id='word_1_177' title='bbox 3529 880 3677 951; x_wconf 79' lang='grc' dir='ltr'>παρὰ</span> <span class='ocrx_word' id='word_1_178' title='bbox 3730 883 3867 936; x_wconf 89' lang='grc' dir='ltr'>Θεοῦ</span> 
     </span>
    </p>
   </div>
   <div class='ocr_carea' id='block_1_25' title="bbox 2289 962 3867 1045">
    <p class='ocr_par' dir='ltr' id='par_1_25' title="bbox 2289 962 3867 1045">
     <span class='ocr_line' id='line_1_25' title="bbox 2289 962 3867 1045; baseline 0.006 -27"><span class='ocrx_word' id='word_1_179' title='bbox 2289 962 2440 1032; x_wconf 86' lang='grc'><strong>(96)·</strong></span> <span class='ocrx_word' id='word_1_180' title='bbox 2477 963 2681 1035; x_wconf 79' lang='grc' dir='ltr'>κυρίως</span> <span class='ocrx_word' id='word_1_181' title='bbox 2704 963 2760 1016; x_wconf 82' lang='grc' dir='ltr'>δὲ</span> <span class='ocrx_word' id='word_1_182' title='bbox 2790 963 3040 1032; x_wconf 87' lang='grc' dir='ltr'>λέγεσθαι</span> <span class='ocrx_word' id='word_1_183' title='bbox 3073 967 3407 1022; x_wconf 74' lang='grc' dir='ltr'><strong>ἀπεστάλθαι</strong></span> <span class='ocrx_word' id='word_1_184' title='bbox 3441 971 3544 1024; x_wconf 85' lang='grc' dir='ltr'><strong>ὑπὸ</strong></span> <span class='ocrx_word' id='word_1_185' title='bbox 3586 971 3720 1026; x_wconf 89' lang='grc' dir='ltr'>Θεοῦ</span> <span class='ocrx_word' id='word_1_186' title='bbox 3757 976 3867 1045; x_wconf 87' lang='lat'><strong>(97)</strong></span> 
     </span>
    </p>
   </div>
   <div class='ocr_carea' id='block_1_26' title="bbox 2288 1054 3870 1136">
    <p class='ocr_par' dir='ltr' id='par_1_26' title="bbox 2288 1054 3870 1136">
     <span class='ocr_line' id='line_1_26' title="bbox 2288 1054 3870 1136; baseline 0.007 -28"><span class='ocrx_word' id='word_1_187' title='bbox 2288 1056 2388 1108; x_wconf 84' lang='grc' dir='ltr'>οὐκ</span> <span class='ocrx_word' id='word_1_188' title='bbox 2423 1054 2578 1118; x_wconf 81' lang='grc' dir='ltr'>ἀλλος</span> <span class='ocrx_word' id='word_1_189' title='bbox 2608 1055 2641 1124; x_wconf 85' lang='grc' dir='ltr'><strong>ἦ</strong></span> <span class='ocrx_word' id='word_1_190' title='bbox 2683 1057 2711 1108; x_wconf 90' lang='grc' dir='ltr'><strong>ό</strong></span> <span class='ocrx_word' id='word_1_191' title='bbox 2743 1056 2834 1108; x_wconf 76' lang='grc' dir='ltr'><strong>ἐπὶ</strong></span> <span class='ocrx_word' id='word_1_192' title='bbox 2864 1055 3108 1129; x_wconf 76' lang='grc' dir='ltr'>διακονίᾳ</span> <span class='ocrx_word' id='word_1_193' title='bbox 3147 1059 3268 1132; x_wconf 70' lang='grc' dir='ltr'>θείᾳ</span> <span class='ocrx_word' id='word_1_194' title='bbox 3297 1062 3390 1115; x_wconf 73' lang='grc' dir='ltr'>καὶ</span> <span class='ocrx_word' id='word_1_195' title='bbox 3427 1061 3736 1136; x_wconf 83' lang='grc' dir='ltr'>λειτουργίᾳ</span> <span class='ocrx_word' id='word_1_196' title='bbox 3767 1083 3870 1119; x_wconf 86' lang='grc' dir='ltr'>σω-</span> 
     </span>
    </p>
   </div>
   <div class='ocr_carea' id='block_1_27' title="bbox 2288 1145 3868 1224">
    <p class='ocr_par' dir='ltr' id='par_1_27' title="bbox 2288 1145 3868 1224">
     <span class='ocr_line' id='line_1_27' title="bbox 2288 1145 3868 1224; baseline 0.007 -27"><span class='ocrx_word' id='word_1_197' title='bbox 2288 1147 2482 1218; x_wconf 87' lang='grc' dir='ltr'>τηρίας</span> <span class='ocrx_word' id='word_1_198' title='bbox 2511 1147 2701 1214; x_wconf 80' lang='grc' dir='ltr'>γένους</span> <span class='ocrx_word' id='word_1_199' title='bbox 2738 1145 3038 1218; x_wconf 84' lang='grc' dir='ltr'>ἀνθρώπων</span> <span class='ocrx_word' id='word_1_200' title='bbox 3065 1151 3344 1222; x_wconf 78' lang='grc' dir='ltr'><strong>ἐπιδημῶν</strong></span> <span class='ocrx_word' id='word_1_201' title='bbox 3371 1153 3449 1222; x_wconf 81' lang='grc' dir='ltr'><strong>τῷ</strong></span> <span class='ocrx_word' id='word_1_202' title='bbox 3483 1154 3598 1224; x_wconf 85' lang='grc' dir='ltr'>βίῳ.</span> <span class='ocrx_word' id='word_1_203' title='bbox 3645 1157 3756 1224; x_wconf 82' lang='grc' dir='ltr'><strong>Οὐχ</strong></span> <span class='ocrx_word' id='word_1_204' title='bbox 3786 1156 3868 1208; x_wconf 78' lang='grc' dir='ltr'>εῦο</span> 
     </span>
    </p>
   </div>
   <div class='ocr_carea' id='block_1_28' title="bbox 2291 1236 3863 1306">
    <p class='ocr_par' dir='ltr' id='par_1_28' title="bbox 2291 1236 3863 1306">
     <span class='ocr_line' id='line_1_28' title="bbox 2291 1236 3863 1306; baseline 0.007 -17"><span class='ocrx_word' id='word_1_205' title='bbox 2291 1252 2454 1306; x_wconf 85' lang='grc' dir='ltr'>ρομεν</span> <span class='ocrx_word' id='word_1_206' title='bbox 2503 1236 2634 1304; x_wconf 89' lang='grc' dir='ltr'>γοῦν</span> <span class='ocrx_word' id='word_1_207' title='bbox 2682 1236 2744 1289; x_wconf 82' lang='grc' dir='ltr'>τὸ</span> <span class='ocrx_word' id='word_1_208' title='bbox 2789 1238 3210 1294; x_wconf 77' lang='grc' dir='ltr'>ἀποστέλλεσθαι</span> <span class='ocrx_word' id='word_1_209' title='bbox 3250 1243 3357 1296; x_wconf 81' lang='grc' dir='ltr'>ἀπὸ</span> <span class='ocrx_word' id='word_1_210' title='bbox 3405 1244 3538 1297; x_wconf 88' lang='grc' dir='ltr'>Θεοῦ</span> <span class='ocrx_word' id='word_1_211' title='bbox 3583 1247 3670 1298; x_wconf 75' lang='grc' dir='ltr'><strong>ἐπ’</strong></span> <span class='ocrx_word' id='word_1_212' title='bbox 3704 1247 3863 1300; x_wconf 80' lang='grc' dir='ltr'>ἄλλου</span> 
     </span>
    </p>
   </div>
   <div class='ocr_carea' id='block_1_29' title="bbox 2285 1325 3865 1402">
    <p class='ocr_par' dir='ltr' id='par_1_29' title="bbox 2285 1325 3865 1402">
     <span class='ocr_line' id='line_1_29' title="bbox 2285 1325 3865 1402; baseline 0.01 -26"><span class='ocrx_word' id='word_1_213' title='bbox 2285 1341 2379 1376; x_wconf 89' lang='grc' dir='ltr'><strong>του</strong></span> <span class='ocrx_word' id='word_1_214' title='bbox 2413 1325 2447 1395; x_wconf 79' lang='grc' dir='ltr'>ἢ</span> <span class='ocrx_word' id='word_1_215' title='bbox 2481 1326 2587 1378; x_wconf 90' lang='grc' dir='ltr'><strong>τῶν</strong></span> <span class='ocrx_word' id='word_1_216' title='bbox 2611 1327 2780 1394; x_wconf 88' lang='grc' dir='ltr'>ἀγίων</span> <span class='ocrx_word' id='word_1_217' title='bbox 2814 1329 3064 1399; x_wconf 88' lang='grc' dir='ltr'>κείμενον</span> <span class='ocrx_word' id='word_1_218' title='bbox 3088 1349 3100 1360; x_wconf 92' lang='grc'><strong>·</strong></span> <span class='ocrx_word' id='word_1_219' title='bbox 3130 1333 3222 1384; x_wconf 76' lang='grc' dir='ltr'><strong>ἐπὶ</strong></span> <span class='ocrx_word' id='word_1_220' title='bbox 3253 1334 3351 1402; x_wconf 81' lang='grc' dir='ltr'>μὲν</span> <span class='ocrx_word' id='word_1_221' title='bbox 3380 1335 3472 1388; x_wconf 87' lang='grc' dir='ltr'><strong>τοῦ</strong></span> <span class='ocrx_word' id='word_1_222' title='bbox 3519 1337 3759 1402; x_wconf 72' lang='grc' dir='ltr'>Ἡσαΐου,</span> <span class='ocrx_word' id='word_1_223' title='bbox 3789 1339 3865 1402; x_wconf 85' lang='grc' dir='ltr'>ὡς</span> 
     </span>
    </p>
   </div>
   <div class='ocr_carea' id='block_1_30' title="bbox 2286 1417 3862 1501">
    <p class='ocr_par' dir='ltr' id='par_1_30' title="bbox 2286 1417 3862 1501">
     <span class='ocr_line' id='line_1_30' title="bbox 2286 1417 3862 1501; baseline 0.011 -33"><span class='ocrx_word' id='word_1_224' title='bbox 2286 1417 2740 1490; x_wconf 86' lang='grc' dir='ltr'>προπαρεθέμεθα</span> <span class='ocrx_word' id='word_1_225' title='bbox 2767 1437 2781 1450; x_wconf 87' lang='grc'><strong>·</strong></span> <span class='ocrx_word' id='word_1_226' title='bbox 2811 1421 2902 1473; x_wconf 78' lang='grc' dir='ltr'><strong>ἐπὶ</strong></span> <span class='ocrx_word' id='word_1_227' title='bbox 2938 1421 2992 1474; x_wconf 85' lang='grc' dir='ltr'>δὲ</span> <span class='ocrx_word' id='word_1_228' title='bbox 3026 1424 3117 1475; x_wconf 86' lang='grc' dir='ltr'><strong>τοῦ</strong></span> <span class='ocrx_word' id='word_1_229' title='bbox 3160 1425 3422 1496; x_wconf 86' lang='grc' dir='ltr'>Ἱερεμίου</span> <span class='ocrx_word' id='word_1_230' title='bbox 3447 1446 3460 1457; x_wconf 91' lang='grc'><strong>·</strong></span> <span class='ocrx_word' id='word_1_231' title='bbox 3505 1449 3522 1480; x_wconf 77' lang='grc' dir='ltr'><strong>ι</strong></span> <span class='ocrx_word' id='word_1_232' title='bbox 3545 1430 3686 1501; x_wconf 76' lang='grc' dir='ltr'>Πρὸς</span> <span class='ocrx_word' id='word_1_233' title='bbox 3727 1433 3862 1485; x_wconf 84' lang='grc' dir='ltr'>πάν-</span> 
     </span>
    </p>
   </div>
   <div class='ocr_carea' id='block_1_31' title="bbox 2283 1509 3861 1593">
    <p class='ocr_par' dir='ltr' id='par_1_31' title="bbox 2283 1509 3861 1593">
     <span class='ocr_line' id='line_1_31' title="bbox 2283 1509 3861 1593; baseline 0.01 -30"><span class='ocrx_word' id='word_1_234' title='bbox 2283 1527 2382 1573; x_wconf 88' lang='grc' dir='ltr'><strong>τας</strong></span> <span class='ocrx_word' id='word_1_235' title='bbox 2409 1509 2500 1574; x_wconf 81' lang='grc' dir='ltr'><strong>οὒς</strong></span> <span class='ocrx_word' id='word_1_236' title='bbox 2531 1512 2626 1563; x_wconf 79' lang='grc' dir='ltr'><strong>ἐὰν</strong></span> <span class='ocrx_word' id='word_1_237' title='bbox 2661 1511 3026 1575; x_wconf 82' lang='grc' dir='ltr'>ὲξαποστείλω</span> <span class='ocrx_word' id='word_1_238' title='bbox 3060 1532 3141 1579; x_wconf 86' lang='grc' dir='ltr'><strong>σε,</strong></span> <span class='ocrx_word' id='word_1_239' title='bbox 3186 1519 3458 1593; x_wconf 79' lang='grc' dir='ltr'>πορεύσῃ·</span> <span class='ocrx_word' id='word_1_240' title='bbox 3489 1540 3506 1572; x_wconf 80' lang='grc' dir='ltr'><strong>ι</strong></span> <span class='ocrx_word' id='word_1_241' title='bbox 3557 1523 3648 1576; x_wconf 75' lang='grc' dir='ltr'><strong>ἐπὶ</strong></span> <span class='ocrx_word' id='word_1_242' title='bbox 3679 1523 3736 1576; x_wconf 84' lang='grc' dir='ltr'>δὲ</span> <span class='ocrx_word' id='word_1_243' title='bbox 3769 1526 3861 1580; x_wconf 88' lang='grc' dir='ltr'><strong>τοῦ</strong></span> 
     </span>
    </p>
   </div>
   <div class='ocr_carea' id='block_1_32' title="bbox 2295 1601 3860 1685">
    <p class='ocr_par' dir='ltr' id='par_1_32' title="bbox 2295 1601 3860 1685">
     <span class='ocr_line' id='line_1_32' title="bbox 2295 1601 3860 1685; baseline 0.01 -31"><span class='ocrx_word' id='word_1_244' title='bbox 2295 1601 2552 1674; x_wconf 74' lang='grc' dir='ltr'>Ἰεζεκιήλ</span> <span class='ocrx_word' id='word_1_245' title='bbox 2575 1619 2588 1632; x_wconf 90' lang='grc'><strong>·</strong></span> <span class='ocrx_word' id='word_1_246' title='bbox 2652 1621 2670 1654; x_wconf 81' lang='grc' dir='ltr'><strong>ι</strong></span> <span class='ocrx_word' id='word_1_247' title='bbox 2696 1603 2825 1656; x_wconf 82' lang='grc' dir='ltr'>Ἰδοὺ</span> <span class='ocrx_word' id='word_1_248' title='bbox 2871 1604 2980 1673; x_wconf 79' lang='grc' dir='ltr'><strong>ἐγὼ</strong></span> <span class='ocrx_word' id='word_1_249' title='bbox 3009 1605 3320 1662; x_wconf 81' lang='grc' dir='ltr'>ἀποστέλλω</span> <span class='ocrx_word' id='word_1_250' title='bbox 3356 1628 3415 1664; x_wconf 91' lang='grc' dir='ltr'><strong>σε</strong></span> <span class='ocrx_word' id='word_1_251' title='bbox 3447 1613 3582 1683; x_wconf 84' lang='grc' dir='ltr'>πρὸς</span> <span class='ocrx_word' id='word_1_252' title='bbox 3626 1614 3755 1685; x_wconf 83' lang='grc' dir='ltr'>ἔθνη</span> <span class='ocrx_word' id='word_1_253' title='bbox 3791 1617 3860 1672; x_wconf 77' lang='grc' dir='ltr'><strong>τὰ</strong></span> 
     </span>
    </p>
   </div>
   <div class='ocr_carea' id='block_1_33' title="bbox 2283 1691 3858 1770">
    <p class='ocr_par' dir='ltr' id='par_1_33' title="bbox 2283 1691 3858 1770">
     <span class='ocr_line' id='line_1_33' title="bbox 2283 1691 3858 1770; baseline 0.01 -27"><span class='ocrx_word' id='word_1_254' title='bbox 2283 1691 2650 1762; x_wconf 80' lang='grc' dir='ltr'>ἀφεστηκότα,</span> <span class='ocrx_word' id='word_1_255' title='bbox 2679 1692 2771 1744; x_wconf 82' lang='grc' dir='ltr'><strong>καὶ</strong></span> <span class='ocrx_word' id='word_1_256' title='bbox 2798 1693 3174 1765; x_wconf 74' lang='grc' dir='ltr'>ἀπιστήσαντά</span> <span class='ocrx_word' id='word_1_257' title='bbox 3200 1699 3308 1768; x_wconf 84' lang='grc'><strong>(98)</strong></span> <span class='ocrx_word' id='word_1_258' title='bbox 3339 1718 3446 1770; x_wconf 88' lang='grc' dir='ltr'>μοι.</span> <span class='ocrx_word' id='word_1_259' title='bbox 3475 1721 3493 1752; x_wconf 78' lang='grc' dir='ltr'><strong>ι</strong></span> <span class='ocrx_word' id='word_1_260' title='bbox 3534 1703 3684 1769; x_wconf 80' lang='grc' dir='ltr'>Δόξει</span> <span class='ocrx_word' id='word_1_261' title='bbox 3715 1705 3771 1758; x_wconf 85' lang='grc' dir='ltr'>δὲ</span> <span class='ocrx_word' id='word_1_262' title='bbox 3797 1707 3858 1758; x_wconf 81' lang='grc' dir='ltr'>οὐ</span> 
     </span>
    </p>
   </div>
   <div class='ocr_carea' id='block_1_34' title="bbox 611 1764 2174 1866">
    <p class='ocr_par' dir='ltr' id='par_1_34' title="bbox 611 1783 2174 1838">
     <span class='ocr_line' id='line_1_34' title="bbox 611 1783 2174 1838; baseline 0 -2"><span class='ocrx_word' id='word_1_263' title='bbox 611 1783 966 1836; x_wconf 90' lang='lat' dir='ltr'><strong>exsisteutem</strong></span> <span class='ocrx_word' id='word_1_264' title='bbox 1020 1792 1172 1837; x_wconf 80' lang='lat' dir='ltr'><strong>extra</strong></span> <span class='ocrx_word' id='word_1_265' title='bbox 1230 1784 1370 1838; x_wconf 88' lang='lat' dir='ltr'><strong>hanc</strong></span> <span class='ocrx_word' id='word_1_266' title='bbox 1419 1783 1584 1837; x_wconf 91' lang='lat' dir='ltr'><strong>vitam</strong></span> <span class='ocrx_word' id='word_1_267' title='bbox 1644 1784 1868 1838; x_wconf 90' lang='lat' dir='ltr'><strong>missum</strong></span> <span class='ocrx_word' id='word_1_268' title='bbox 1918 1783 2085 1838; x_wconf 84' lang='lat' dir='ltr'><strong>fuisse</strong></span> <span class='ocrx_word' id='word_1_269' title='bbox 2127 1785 2174 1836; x_wconf 92' lang='lat' dir='ltr'><strong>iu</strong></span> 
     </span>
    </p>
   </div>
   <div class='ocr_carea' id='block_1_35' title="bbox 2278 1764 3863 1866">
    <p class='ocr_par' dir='ltr' id='par_1_35' title="bbox 2284 1764 3863 1866">
     <span class='ocr_line' id='line_1_35' title="bbox 2284 1764 3863 1866; baseline 0.011 -33"><span class='ocrx_word' id='word_1_270' title='bbox 2284 1782 2420 1852; x_wconf 80' lang='grc' dir='ltr'>πρὸς</span> <span class='ocrx_word' id='word_1_271' title='bbox 2449 1782 2510 1835; x_wconf 79' lang='grc' dir='ltr'>τὸ</span> <span class='ocrx_word' id='word_1_272' title='bbox 2541 1783 2900 1854; x_wconf 88' lang='grc' dir='ltr'>προκείμενον</span> <span class='ocrx_word' id='word_1_273' title='bbox 2947 1764 3313 1857; x_wconf 64' lang='grc' dir='ltr'>πάρειλῆιρθαί</span> <span class='ocrx_word' id='word_1_274' title='bbox 3339 1764 3408 1844; x_wconf 76' lang='grc' dir='ltr'><strong>τά</strong></span> <span class='ocrx_word' id='word_1_275' title='bbox 3442 1764 3863 1866; x_wconf 72' lang='grc' dir='ltr'>παραδείγματα</span> 
     </span>
    </p>
   </div>
   <div class='ocr_carea' id='block_1_36' title="bbox 610 1874 2174 1956">
    <p class='ocr_par' dir='ltr' id='par_1_36' title="bbox 610 1875 2174 1934">
     <span class='ocr_line' id='line_1_36' title="bbox 610 1875 2174 1934; baseline 0.001 -5"><span class='ocrx_word' id='word_1_276' title='bbox 610 1875 753 1930; x_wconf 86' lang='lat' dir='ltr'><strong>hanc</strong></span> <span class='ocrx_word' id='word_1_277' title='bbox 803 1876 990 1934; x_wconf 89' lang='lat' dir='ltr'><strong>vitam.</strong></span> <span class='ocrx_word' id='word_1_278' title='bbox 1036 1879 1292 1930; x_wconf 81' lang='lat' dir='ltr'><strong>Attamen</strong></span> <span class='ocrx_word' id='word_1_279' title='bbox 1339 1877 1419 1932; x_wconf 86' lang='lat' dir='ltr'><strong>sic</strong></span> <span class='ocrx_word' id='word_1_280' title='bbox 1461 1879 1627 1931; x_wconf 87' lang='lat' dir='ltr'><strong>etiam</strong></span> <span class='ocrx_word' id='word_1_281' title='bbox 1678 1876 1810 1930; x_wconf 86' lang='lat' dir='ltr'><strong>nihil</strong></span> <span class='ocrx_word' id='word_1_282' title='bbox 1851 1886 1934 1930; x_wconf 87' lang='lat' dir='ltr'><strong>est</strong></span> <span class='ocrx_word' id='word_1_283' title='bbox 1957 1875 2174 1930; x_wconf 90' lang='lat' dir='ltr'><strong>absurdi</strong></span> 
     </span>
    </p>
   </div>
   <div class='ocr_carea' id='block_1_37' title="bbox 2278 1874 3860 1956">
    <p class='ocr_par' dir='ltr' id='par_1_37' title="bbox 2281 1874 3860 1956">
     <span class='ocr_line' id='line_1_37' title="bbox 2281 1874 3860 1956; baseline 0.011 -32"><span class='ocrx_word' id='word_1_284' title='bbox 2281 1874 2377 1944; x_wconf 84' lang='grc' dir='ltr'><strong>τῆς</strong></span> <span class='ocrx_word' id='word_1_285' title='bbox 2409 1874 2712 1945; x_wconf 82' lang='grc' dir='ltr'>ἀποστολῆς</span> <span class='ocrx_word' id='word_1_286' title='bbox 2739 1877 2838 1947; x_wconf 86' lang='grc' dir='ltr'>τῆς</span> <span class='ocrx_word' id='word_1_287' title='bbox 2860 1878 2939 1939; x_wconf 90' lang='grc' dir='ltr'><strong>είς</strong></span> <span class='ocrx_word' id='word_1_288' title='bbox 2963 1877 3053 1930; x_wconf 85' lang='grc' dir='ltr'>τὸν</span> <span class='ocrx_word' id='word_1_289' title='bbox 3082 1879 3193 1948; x_wconf 86' lang='grc' dir='ltr'>βίον</span> <span class='ocrx_word' id='word_1_290' title='bbox 3220 1883 3575 1956; x_wconf 76' lang='grc' dir='ltr'>ζητουμένης,</span> <span class='ocrx_word' id='word_1_291' title='bbox 3628 1888 3860 1942; x_wconf 85' lang='grc' dir='ltr'>ἀποστο-</span> 
     </span>
    </p>
   </div>
   <div class='ocr_carea' id='block_1_38' title="bbox 605 1963 2174 2047">
    <p class='ocr_par' dir='ltr' id='par_1_38' title="bbox 605 1967 2174 2038">
     <span class='ocr_line' id='line_1_38' title="bbox 605 1967 2174 2038; baseline 0 -16"><span class='ocrx_word' id='word_1_292' title='bbox 605 1969 912 2024; x_wconf 82' lang='lat' dir='ltr'><strong>orationem</strong></span> <span class='ocrx_word' id='word_1_293' title='bbox 963 1970 1262 2024; x_wconf 89' lang='lat' dir='ltr'><strong>transferre</strong></span> <span class='ocrx_word' id='word_1_294' title='bbox 1300 1971 1368 2023; x_wconf 91' lang='lat' dir='ltr'><strong>ad</strong></span> <span class='ocrx_word' id='word_1_295' title='bbox 1414 1970 1466 2024; x_wconf 85' lang='lat' dir='ltr'><strong>id</strong></span> <span class='ocrx_word' id='word_1_296' title='bbox 1507 1971 1574 2023; x_wconf 89' lang='lat' dir='ltr'><strong>de</strong></span> <span class='ocrx_word' id='word_1_297' title='bbox 1620 1983 1726 2038; x_wconf 94' lang='lat' dir='ltr'><strong>quo</strong></span> <span class='ocrx_word' id='word_1_298' title='bbox 1771 1969 2094 2037; x_wconf 78' lang='lat' dir='ltr'><strong>qtuerimus,</strong></span> <span class='ocrx_word' id='word_1_299' title='bbox 2135 1967 2174 2022; x_wconf 77' lang='lat' dir='ltr'><strong>si</strong></span> 
     </span>
    </p>
   </div>
   <div class='ocr_carea' id='block_1_39' title="bbox 2278 1963 3861 2047">
    <p class='ocr_par' dir='ltr' id='par_1_39' title="bbox 2278 1963 3861 2047">
     <span class='ocr_line' id='line_1_39' title="bbox 2278 1963 3861 2047; baseline 0.011 -30"><span class='ocrx_word' id='word_1_300' title='bbox 2278 1963 2375 2036; x_wconf 83' lang='grc' dir='ltr'>λὴν</span> <span class='ocrx_word' id='word_1_301' title='bbox 2399 1965 2624 2035; x_wconf 88' lang='grc' dir='ltr'>λέγοντα</span> <span class='ocrx_word' id='word_1_302' title='bbox 2651 1969 2714 2020; x_wconf 85' lang='grc' dir='ltr'>οὑ</span> <span class='ocrx_word' id='word_1_303' title='bbox 2739 1970 2961 2039; x_wconf 88' lang='grc' dir='ltr'>γυμνῶς</span> <span class='ocrx_word' id='word_1_304' title='bbox 2998 1973 3094 2042; x_wconf 77' lang='grc' dir='ltr'>τὴν</span> <span class='ocrx_word' id='word_1_305' title='bbox 3126 1972 3322 2037; x_wconf 78' lang='grc' dir='ltr'>ἔξωθεν</span> <span class='ocrx_word' id='word_1_306' title='bbox 3346 1978 3439 2030; x_wconf 89' lang='grc' dir='ltr'><strong>τοῦ</strong></span> <span class='ocrx_word' id='word_1_307' title='bbox 3469 1978 3583 2047; x_wconf 87' lang='grc' dir='ltr'>βίου</span> <span class='ocrx_word' id='word_1_308' title='bbox 3636 1981 3732 2033; x_wconf 77' lang='grc' dir='ltr'><strong>ἐπὶ</strong></span> <span class='ocrx_word' id='word_1_309' title='bbox 3770 1982 3861 2035; x_wconf 73' lang='grc' dir='ltr'>τὸν</span> 
     </span>
    </p>
   </div>
   <div class='ocr_carea' id='block_1_40' title="bbox 606 2058 2177 2137">
    <p class='ocr_par' dir='ltr' id='par_1_40' title="bbox 606 2058 2177 2137">
     <span class='ocr_line' id='line_1_40' title="bbox 606 2058 2177 2137; baseline 0 -25"><span class='ocrx_word' id='word_1_310' title='bbox 606 2059 854 2114; x_wconf 87' lang='lat' dir='ltr'><strong>dicamus</strong></span> <span class='ocrx_word' id='word_1_311' title='bbox 902 2061 1046 2130; x_wconf 92' lang='lat' dir='ltr'><strong>quod</strong></span> <span class='ocrx_word' id='word_1_312' title='bbox 1087 2070 1146 2115; x_wconf 95' lang='lat' dir='ltr'><strong>ut</strong></span> <span class='ocrx_word' id='word_1_313' title='bbox 1189 2061 1335 2114; x_wconf 88' lang='lat' dir='ltr'><strong>solos</strong></span> <span class='ocrx_word' id='word_1_314' title='bbox 1365 2061 1714 2137; x_wconf 84' lang='lat' dir='ltr'><strong>sanctos,_de</strong></span> <span class='ocrx_word' id='word_1_315' title='bbox 1767 2059 1966 2128; x_wconf 86' lang='lat' dir='ltr'><strong>quibus</strong></span> <span class='ocrx_word' id='word_1_316' title='bbox 2013 2058 2177 2112; x_wconf 91' lang='lat' dir='ltr'><strong>locuti</strong></span> 
     </span>
    </p>
   </div>
   <div class='ocr_carea' id='block_1_41' title="bbox 605 2151 2183 2218">
    <p class='ocr_par' dir='ltr' id='par_1_41' title="bbox 605 2151 2183 2218">
     <span class='ocr_line' id='line_1_41' title="bbox 605 2151 2183 2218; baseline 0 -14"><span class='ocrx_word' id='word_1_317' title='bbox 605 2166 812 2218; x_wconf 88' lang='lat' dir='ltr'><strong>sumus,</strong></span> <span class='ocrx_word' id='word_1_318' title='bbox 863 2156 1080 2208; x_wconf 87' lang='lat' dir='ltr'><strong>mittere</strong></span> <span class='ocrx_word' id='word_1_319' title='bbox 1130 2152 1328 2206; x_wconf 90' lang='lat' dir='ltr'><strong>dicitur</strong></span> <span class='ocrx_word' id='word_1_320' title='bbox 1371 2151 1531 2214; x_wconf 88' lang='lat' dir='ltr'><strong>Deus,</strong></span> <span class='ocrx_word' id='word_1_321' title='bbox 1585 2152 1665 2206; x_wconf 89' lang='lat' dir='ltr'><strong>sic</strong></span> <span class='ocrx_word' id='word_1_322' title='bbox 1709 2151 1872 2206; x_wconf 90' lang='lat' dir='ltr'><strong>etiam</strong></span> <span class='ocrx_word' id='word_1_323' title='bbox 1909 2151 1974 2206; x_wconf 92' lang='lat' dir='ltr'><strong>de</strong></span> <span class='ocrx_word' id='word_1_324' title='bbox 1997 2151 2183 2206; x_wconf 81' lang='lat' dir='ltr'><strong>bisin—</strong></span> 
     </span>
    </p>
   </div>
   <div class='ocr_carea' id='block_1_42' title="bbox 606 2242 1871 2312">
    <p class='ocr_par' dir='ltr' id='par_1_42' title="bbox 606 2242 1871 2312">
     <span class='ocr_line' id='line_1_42' title="bbox 606 2242 1871 2312; baseline -0.001 -17"><span class='ocrx_word' id='word_1_325' title='bbox 606 2242 960 2312; x_wconf 85' lang='lat' dir='ltr'><strong>telligeudum</strong></span> <span class='ocrx_word' id='word_1_326' title='bbox 996 2258 1116 2298; x_wconf 89' lang='lat' dir='ltr'><strong>esse</strong></span> <span class='ocrx_word' id='word_1_327' title='bbox 1144 2243 1234 2312; x_wconf 94' lang='lat' dir='ltr'><strong>qui</strong></span> <span class='ocrx_word' id='word_1_328' title='bbox 1263 2245 1332 2297; x_wconf 90' lang='lat' dir='ltr'><strong>ad</strong></span> <span class='ocrx_word' id='word_1_329' title='bbox 1364 2243 1530 2296; x_wconf 86' lang='lat' dir='ltr'><strong>vitam</strong></span> <span class='ocrx_word' id='word_1_330' title='bbox 1563 2245 1871 2296; x_wconf 88' lang='lat' dir='ltr'><strong>mittuntur.</strong></span> 
     </span>
    </p>
   </div>
   <div class='ocr_carea' id='block_1_43' title="bbox 2280 2056 3860 2140">
    <p class='ocr_par' dir='ltr' id='par_1_43' title="bbox 2280 2056 3860 2140">
     <span class='ocr_line' id='line_1_43' title="bbox 2280 2056 3860 2140; baseline 0.011 -31"><span class='ocrx_word' id='word_1_331' title='bbox 2280 2056 2416 2126; x_wconf 78' lang='grc' dir='ltr'>βίον.</span> <span class='ocrx_word' id='word_1_332' title='bbox 2475 2057 2622 2130; x_wconf 82' lang='grc' dir='ltr'>Πλὴν</span> <span class='ocrx_word' id='word_1_333' title='bbox 2652 2061 2747 2113; x_wconf 78' lang='grc' dir='ltr'><strong>καὶ</strong></span> <span class='ocrx_word' id='word_1_334' title='bbox 2788 2060 2961 2124; x_wconf 73' lang='grc' dir='ltr'>οὕτως</span> <span class='ocrx_word' id='word_1_335' title='bbox 3007 2064 3106 2116; x_wconf 77' lang='grc' dir='ltr'>οὐκ</span> <span class='ocrx_word' id='word_1_336' title='bbox 3151 2066 3411 2121; x_wconf 85' lang='grc' dir='ltr'>ἀπίθανον</span> <span class='ocrx_word' id='word_1_337' title='bbox 3461 2070 3720 2140; x_wconf 82' lang='grc' dir='ltr'>μετάγειν</span> <span class='ocrx_word' id='word_1_338' title='bbox 3768 2073 3860 2126; x_wconf 77' lang='grc' dir='ltr'><strong>τὸν</strong></span> 
     </span>
    </p>
   </div>
   <div class='ocr_carea' id='block_1_44' title="bbox 2278 2149 3862 2232">
    <p class='ocr_par' dir='ltr' id='par_1_44' title="bbox 2278 2149 3862 2232">
     <span class='ocr_line' id='line_1_44' title="bbox 2278 2149 3862 2232; baseline 0.009 -31"><span class='ocrx_word' id='word_1_339' title='bbox 2278 2149 2434 2217; x_wconf 85' lang='grc' dir='ltr'>λόγον</span> <span class='ocrx_word' id='word_1_340' title='bbox 2463 2149 2556 2202; x_wconf 77' lang='grc' dir='ltr'><strong>ἐπὶ</strong></span> <span class='ocrx_word' id='word_1_341' title='bbox 2587 2151 2646 2204; x_wconf 83' lang='grc' dir='ltr'>τὸ</span> <span class='ocrx_word' id='word_1_342' title='bbox 2692 2150 2945 2222; x_wconf 81' lang='grc' dir='ltr'>ζητηθὲν,</span> <span class='ocrx_word' id='word_1_343' title='bbox 2982 2155 3276 2222; x_wconf 79' lang='grc' dir='ltr'>φάσκοντα,</span> <span class='ocrx_word' id='word_1_344' title='bbox 3315 2158 3416 2222; x_wconf 84' lang='grc' dir='ltr'>ὅτι,</span> <span class='ocrx_word' id='word_1_345' title='bbox 3445 2158 3632 2231; x_wconf 87' lang='grc' dir='ltr'>ὥσπερ</span> <span class='ocrx_word' id='word_1_346' title='bbox 3665 2163 3862 2232; x_wconf 82' lang='grc' dir='ltr'>μόνους</span> 
     </span>
    </p>
   </div>
   <div class='ocr_carea' id='block_1_45' title="bbox 2278 2237 3860 2322">
    <p class='ocr_par' dir='ltr' id='par_1_45' title="bbox 2278 2237 3860 2322">
     <span class='ocr_line' id='line_1_45' title="bbox 2278 2237 3860 2322; baseline 0.008 -28"><span class='ocrx_word' id='word_1_347' title='bbox 2278 2242 2405 2305; x_wconf 81' lang='grc' dir='ltr'>τοὺς</span> <span class='ocrx_word' id='word_1_348' title='bbox 2450 2241 2658 2309; x_wconf 82' lang='grc' dir='ltr'>ἁγίους,</span> <span class='ocrx_word' id='word_1_349' title='bbox 2689 2243 2774 2312; x_wconf 80' lang='grc' dir='ltr'><strong>ἐφ’</strong></span> <span class='ocrx_word' id='word_1_350' title='bbox 2801 2237 2877 2297; x_wconf 84' lang='grc' dir='ltr'>ὧν</span> <span class='ocrx_word' id='word_1_351' title='bbox 2926 2245 3294 2316; x_wconf 87' lang='grc' dir='ltr'>παρεθέμεθα,</span> <span class='ocrx_word' id='word_1_352' title='bbox 3324 2249 3676 2305; x_wconf 87' lang='grc' dir='ltr'>ἀποστέλλειν</span> <span class='ocrx_word' id='word_1_353' title='bbox 3707 2252 3860 2322; x_wconf 81' lang='grc' dir='ltr'>λέγε-</span> 
     </span>
    </p>
   </div>
   <div class='ocr_carea' id='block_1_46' title="bbox 603 2334 2736 2406">
    <p class='ocr_par' dir='ltr' id='par_1_46' title="bbox 603 2334 2736 2406">
     <span class='ocr_line' id='line_1_46' title="bbox 603 2334 2736 2406; baseline 0 -17"><span class='ocrx_word' id='word_1_354' title='bbox 603 2352 698 2389; x_wconf 81' lang='grc' dir='ltr'><strong>ται</strong></span> <span class='ocrx_word' id='word_1_355' title='bbox 723 2337 751 2388; x_wconf 90' lang='grc' dir='ltr'><strong>ό</strong></span> <span class='ocrx_word' id='word_1_356' title='bbox 773 2335 930 2398; x_wconf 82' lang='grc' dir='ltr'>Θεὸς,</span> <span class='ocrx_word' id='word_1_357' title='bbox 960 2334 1133 2398; x_wconf 84' lang='grc' dir='ltr'>οὓτως</span> <span class='ocrx_word' id='word_1_358' title='bbox 1163 2335 1258 2388; x_wconf 74' lang='grc' dir='ltr'>καὶ</span> <span class='ocrx_word' id='word_1_359' title='bbox 1291 2335 1382 2386; x_wconf 74' lang='grc' dir='ltr'><strong>ἐπὶ</strong></span> <span class='ocrx_word' id='word_1_360' title='bbox 1411 2334 1522 2388; x_wconf 88' lang='grc' dir='ltr'><strong>τῶν</strong></span> <span class='ocrx_word' id='word_1_361' title='bbox 1565 2337 1644 2398; x_wconf 82' lang='grc' dir='ltr'><strong>είς</strong></span> <span class='ocrx_word' id='word_1_362' title='bbox 1667 2335 1758 2388; x_wconf 80' lang='grc' dir='ltr'>τὸν</span> <span class='ocrx_word' id='word_1_363' title='bbox 1785 2334 1898 2404; x_wconf 88' lang='grc' dir='ltr'>βίον</span> <span class='ocrx_word' id='word_1_364' title='bbox 1932 2334 2409 2406; x_wconf 84' lang='grc' dir='ltr'>ἀποστελλομένων</span> <span class='ocrx_word' id='word_1_365' title='bbox 2433 2335 2736 2392; x_wconf 77' lang='grc' dir='ltr'>ἐκδεκτέον.</span> 
     </span>
    </p>
   </div>
   <div class='ocr_carea' id='block_1_47' title="bbox 669 2425 2172 2495">
    <p class='ocr_par' dir='ltr' id='par_1_47' title="bbox 669 2425 2172 2495">
     <span class='ocr_line' id='line_1_47' title="bbox 669 2425 2172 2495; baseline 0.001 -16"><span class='ocrx_word' id='word_1_366' title='bbox 669 2427 761 2479; x_wconf 75' lang='lat'><strong>9.5.</strong></span> <span class='ocrx_word' id='word_1_367' title='bbox 792 2427 858 2480; x_wconf 89' lang='lat' dir='ltr'><strong>Et</strong></span> <span class='ocrx_word' id='word_1_368' title='bbox 885 2428 1139 2495; x_wconf 86' lang='lat' dir='ltr'><strong>quoniam</strong></span> <span class='ocrx_word' id='word_1_369' title='bbox 1167 2427 1392 2481; x_wconf 92' lang='lat' dir='ltr'><strong>omnino</strong></span> <span class='ocrx_word' id='word_1_370' title='bbox 1425 2428 1475 2479; x_wconf 91' lang='lat' dir='ltr'><strong>in</strong></span> <span class='ocrx_word' id='word_1_371' title='bbox 1504 2425 1731 2481; x_wconf 82' lang='lat' dir='ltr'><strong>Joannis</strong></span> <span class='ocrx_word' id='word_1_372' title='bbox 1770 2442 2020 2481; x_wconf 89' lang='lat' dir='ltr'><strong>sermone</strong></span> <span class='ocrx_word' id='word_1_373' title='bbox 2051 2441 2172 2480; x_wconf 81' lang='lat' dir='ltr'><strong>ver-</strong></span> 
     </span>
    </p>
   </div>
   <div class='ocr_carea' id='block_1_48' title="bbox 599 2517 2175 2587">
    <p class='ocr_par' dir='ltr' id='par_1_48' title="bbox 599 2517 2175 2587">
     <span class='ocr_line' id='line_1_48' title="bbox 599 2517 2175 2587; baseline -0.001 -16"><span class='ocrx_word' id='word_1_374' title='bbox 599 2531 809 2582; x_wconf 84' lang='lat' dir='ltr'><strong>samur,</strong></span> <span class='ocrx_word' id='word_1_375' title='bbox 853 2517 1022 2587; x_wconf 87' lang='lat' dir='ltr'><strong>ipsius</strong></span> <span class='ocrx_word' id='word_1_376' title='bbox 1076 2518 1390 2572; x_wconf 86' lang='lat' dir='ltr'><strong>missionem</strong></span> <span class='ocrx_word' id='word_1_377' title='bbox 1446 2517 1854 2587; x_wconf 86' lang='lat' dir='ltr'><strong>investigantes,</strong></span> <span class='ocrx_word' id='word_1_378' title='bbox 1915 2533 2019 2570; x_wconf 86' lang='lat' dir='ltr'><strong>non</strong></span> <span class='ocrx_word' id='word_1_379' title='bbox 2073 2517 2175 2570; x_wconf 72' lang='lat' dir='ltr'><strong>im~</strong></span> 
     </span>
    </p>
   </div>
   <div class='ocr_carea' id='block_1_49' title="bbox 599 2609 2171 2678">
    <p class='ocr_par' dir='ltr' id='par_1_49' title="bbox 599 2609 2171 2678">
     <span class='ocr_line' id='line_1_49' title="bbox 599 2609 2171 2678; baseline 0 -15"><span class='ocrx_word' id='word_1_380' title='bbox 599 2618 831 2678; x_wconf 87' lang='lat' dir='ltr'><strong>portune</strong></span> <span class='ocrx_word' id='word_1_381' title='bbox 871 2609 1177 2676; x_wconf 87' lang='lat' dir='ltr'><strong>opinionem</strong></span> <span class='ocrx_word' id='word_1_382' title='bbox 1233 2618 1492 2674; x_wconf 81' lang='lat' dir='ltr'><strong>nostram,</strong></span> <span class='ocrx_word' id='word_1_383' title='bbox 1533 2624 1690 2678; x_wconf 89' lang='lat' dir='ltr'><strong>quam</strong></span> <span class='ocrx_word' id='word_1_384' title='bbox 1734 2610 1801 2662; x_wconf 91' lang='lat' dir='ltr'><strong>de</strong></span> <span class='ocrx_word' id='word_1_385' title='bbox 1847 2609 1963 2678; x_wconf 89' lang='lat' dir='ltr'><strong>ipso</strong></span> <span class='ocrx_word' id='word_1_386' title='bbox 2001 2609 2171 2663; x_wconf 88' lang='lat' dir='ltr'><strong>habe-</strong></span> 
     </span>
    </p>
   </div>
   <div class='ocr_carea' id='block_1_50' title="bbox 600 2702 2167 2772">
    <p class='ocr_par' dir='ltr' id='par_1_50' title="bbox 600 2702 2167 2772">
     <span class='ocr_line' id='line_1_50' title="bbox 600 2702 2167 2772; baseline 0 -15"><span class='ocrx_word' id='word_1_387' title='bbox 600 2718 744 2770; x_wconf 88' lang='lat' dir='ltr'><strong>mus,</strong></span> <span class='ocrx_word' id='word_1_388' title='bbox 769 2717 1154 2772; x_wconf 86' lang='lat' dir='ltr'><strong>proponemus.</strong></span> <span class='ocrx_word' id='word_1_389' title='bbox 1185 2702 1447 2769; x_wconf 87' lang='lat' dir='ltr'><strong>Quoniam</strong></span> <span class='ocrx_word' id='word_1_390' title='bbox 1488 2704 1636 2756; x_wconf 90' lang='lat' dir='ltr'><strong>enim</strong></span> <span class='ocrx_word' id='word_1_391' title='bbox 1676 2702 1902 2772; x_wconf 89' lang='lat' dir='ltr'><strong>legimus</strong></span> <span class='ocrx_word' id='word_1_392' title='bbox 1935 2703 2167 2771; x_wconf 81' lang='lat' dir='ltr'><strong>prophe-</strong></span> 
     </span>
    </p>
   </div>
   <div class='ocr_carea' id='block_1_51' title="bbox 600 2793 2173 2864">
    <p class='ocr_par' dir='ltr' id='par_1_51' title="bbox 600 2793 2173 2864">
     <span class='ocr_line' id='line_1_51' title="bbox 600 2793 2173 2864; baseline -0.001 -17"><span class='ocrx_word' id='word_1_393' title='bbox 600 2793 729 2848; x_wconf 87' lang='lat' dir='ltr'><strong>tiam</strong></span> <span class='ocrx_word' id='word_1_394' title='bbox 760 2795 828 2849; x_wconf 90' lang='lat' dir='ltr'><strong>de</strong></span> <span class='ocrx_word' id='word_1_395' title='bbox 870 2796 988 2864; x_wconf 92' lang='lat' dir='ltr'><strong>ipso</strong></span> <span class='ocrx_word' id='word_1_396' title='bbox 1016 2795 1062 2827; x_wconf 81' lang='lat'><strong>&#39;°</strong></span> <span class='ocrx_word' id='word_1_397' title='bbox 1091 2810 1106 2848; x_wconf 89' lang='lat'><strong>:</strong></span> <span class='ocrx_word' id='word_1_398' title='bbox 1136 2812 1155 2846; x_wconf 75' lang='grc' dir='ltr'><strong>ι</strong></span> <span class='ocrx_word' id='word_1_399' title='bbox 1195 2797 1333 2849; x_wconf 78' lang='lat' dir='ltr'><strong>Ecce</strong></span> <span class='ocrx_word' id='word_1_400' title='bbox 1360 2809 1461 2864; x_wconf 86' lang='lat' dir='ltr'><strong>ego</strong></span> <span class='ocrx_word' id='word_1_401' title='bbox 1499 2793 1654 2848; x_wconf 90' lang='lat' dir='ltr'><strong>mitto</strong></span> <span class='ocrx_word' id='word_1_402' title='bbox 1699 2793 1948 2862; x_wconf 83' lang='lat' dir='ltr'><strong>angelum</strong></span> <span class='ocrx_word' id='word_1_403' title='bbox 1994 2805 2173 2846; x_wconf 86' lang='lat' dir='ltr'><strong>meum</strong></span> 
     </span>
    </p>
   </div>
   <div class='ocr_carea' id='block_1_52' title="bbox 597 2884 2176 2955">
    <p class='ocr_par' dir='ltr' id='par_1_52' title="bbox 597 2884 2176 2955">
     <span class='ocr_line' id='line_1_52' title="bbox 597 2884 2176 2955; baseline -0.001 -16"><span class='ocrx_word' id='word_1_404' title='bbox 597 2894 723 2940; x_wconf 86' lang='lat' dir='ltr'><strong>ante</strong></span> <span class='ocrx_word' id='word_1_405' title='bbox 763 2884 959 2940; x_wconf 80' lang='lat' dir='ltr'><strong>faciem</strong></span> <span class='ocrx_word' id='word_1_406' title='bbox 1013 2897 1180 2949; x_wconf 84' lang='lat' dir='ltr'><strong>tuam,</strong></span> <span class='ocrx_word' id='word_1_407' title='bbox 1214 2885 1307 2955; x_wconf 84' lang='lat' dir='ltr'><strong>qui</strong></span> <span class='ocrx_word' id='word_1_408' title='bbox 1339 2884 1667 2954; x_wconf 67' lang='lat' dir='ltr'><strong>praeparabit</strong></span> <span class='ocrx_word' id='word_1_409' title='bbox 1705 2885 1850 2938; x_wconf 81' lang='lat' dir='ltr'><strong>viam</strong></span> <span class='ocrx_word' id='word_1_410' title='bbox 1879 2894 2023 2937; x_wconf 86' lang='lat' dir='ltr'><strong>tuam</strong></span> <span class='ocrx_word' id='word_1_411' title='bbox 2049 2893 2176 2938; x_wconf 82' lang='lat' dir='ltr'><strong>ante</strong></span> 
     </span>
    </p>
   </div>
   <div class='ocr_carea' id='block_1_53' title="bbox 596 2977 2176 3045">
    <p class='ocr_par' dir='ltr' id='par_1_53' title="bbox 596 2977 2176 3045">
     <span class='ocr_line' id='line_1_53' title="bbox 596 2977 2176 3045; baseline -0.001 -15"><span class='ocrx_word' id='word_1_412' title='bbox 596 2988 670 3044; x_wconf 84' lang='lat' dir='ltr'><strong>te,</strong></span> <span class='ocrx_word' id='word_1_413' title='bbox 715 2996 735 3030; x_wconf 72' lang='grc' dir='ltr'><strong>ι</strong></span> <span class='ocrx_word' id='word_1_414' title='bbox 774 2979 1097 3034; x_wconf 89' lang='lat' dir='ltr'><strong>adnotamus</strong></span> <span class='ocrx_word' id='word_1_415' title='bbox 1128 2993 1253 3031; x_wconf 94' lang='lat' dir='ltr'><strong>num</strong></span> <span class='ocrx_word' id='word_1_416' title='bbox 1289 2977 1428 3032; x_wconf 88' lang='lat' dir='ltr'><strong>forte</strong></span> <span class='ocrx_word' id='word_1_417' title='bbox 1467 2989 1605 3030; x_wconf 92' lang='lat' dir='ltr'><strong>unus</strong></span> <span class='ocrx_word' id='word_1_418' title='bbox 1638 2985 1949 3030; x_wconf 89' lang='lat' dir='ltr'><strong>sanctorum</strong></span> <span class='ocrx_word' id='word_1_419' title='bbox 2009 2989 2176 3045; x_wconf 85' lang='lat' dir='ltr'><strong>ange-</strong></span> 
     </span>
    </p>
   </div>
   <div class='ocr_carea' id='block_1_54' title="bbox 2352 2427 3858 2502">
    <p class='ocr_par' dir='ltr' id='par_1_54' title="bbox 2352 2427 3858 2502">
     <span class='ocr_line' id='line_1_54' title="bbox 2352 2427 3858 2502; baseline 0.007 -22"><span class='ocrx_word' id='word_1_420' title='bbox 2352 2427 2462 2480; x_wconf 73' lang='grc' dir='ltr'><strong>Καὶ</strong></span> <span class='ocrx_word' id='word_1_421' title='bbox 2503 2427 2627 2479; x_wconf 75' lang='grc' dir='ltr'>ἐπεὶ</span> <span class='ocrx_word' id='word_1_422' title='bbox 2674 2427 3009 2494; x_wconf 78' lang='grc' dir='ltr'>ἁπαξαπλῶς</span> <span class='ocrx_word' id='word_1_423' title='bbox 3054 2432 3111 2484; x_wconf 83' lang='grc' dir='ltr'>ὲν</span> <span class='ocrx_word' id='word_1_424' title='bbox 3159 2430 3237 2502; x_wconf 82' lang='grc' dir='ltr'>τῷ</span> <span class='ocrx_word' id='word_1_425' title='bbox 3285 2434 3413 2502; x_wconf 76' lang='grc' dir='ltr'>περὶ</span> <span class='ocrx_word' id='word_1_426' title='bbox 3455 2433 3547 2486; x_wconf 90' lang='grc' dir='ltr'><strong>τοῦ</strong></span> <span class='ocrx_word' id='word_1_427' title='bbox 3611 2435 3858 2490; x_wconf 87' lang='grc' dir='ltr'>Ἰωάννου</span> 
     </span>
    </p>
   </div>
   <div class='ocr_carea' id='block_1_55' title="bbox 2281 2518 3856 2597">
    <p class='ocr_par' dir='ltr' id='par_1_55' title="bbox 2281 2518 3856 2597">
     <span class='ocr_line' id='line_1_55' title="bbox 2281 2518 3856 2597; baseline 0.006 -27"><span class='ocrx_word' id='word_1_428' title='bbox 2281 2518 2447 2588; x_wconf 73' lang='grc' dir='ltr'>ἐσμὲν</span> <span class='ocrx_word' id='word_1_429' title='bbox 2505 2518 2666 2589; x_wconf 88' lang='grc' dir='ltr'>λόγῳ,</span> <span class='ocrx_word' id='word_1_430' title='bbox 2713 2519 2998 2592; x_wconf 80' lang='grc' dir='ltr'>ζητοῦντες</span> <span class='ocrx_word' id='word_1_431' title='bbox 3041 2522 3204 2576; x_wconf 83' lang='grc' dir='ltr'>αὑτοῦ</span> <span class='ocrx_word' id='word_1_432' title='bbox 3252 2523 3348 2596; x_wconf 75' lang='grc' dir='ltr'>τὴν</span> <span class='ocrx_word' id='word_1_433' title='bbox 3397 2525 3723 2597; x_wconf 81' lang='grc' dir='ltr'>ἀποστολὴν,</span> <span class='ocrx_word' id='word_1_434' title='bbox 3755 2528 3856 2580; x_wconf 86' lang='grc' dir='ltr'>οὐκ</span> 
     </span>
    </p>
   </div>
   <div class='ocr_carea' id='block_1_56' title="bbox 2281 2610 3856 2689">
    <p class='ocr_par' dir='ltr' id='par_1_56' title="bbox 2281 2610 3856 2689">
     <span class='ocr_line' id='line_1_56' title="bbox 2281 2610 3856 2689; baseline 0.005 -25"><span class='ocrx_word' id='word_1_435' title='bbox 2281 2610 2525 2681; x_wconf 87' lang='grc' dir='ltr'>ἀκαίρως</span> <span class='ocrx_word' id='word_1_436' title='bbox 2566 2611 2820 2666; x_wconf 85' lang='grc' dir='ltr'>ὑπόνοιαν</span> <span class='ocrx_word' id='word_1_437' title='bbox 2869 2613 3162 2684; x_wconf 79' lang='grc' dir='ltr'>ἡμετέραν,</span> <span class='ocrx_word' id='word_1_438' title='bbox 3194 2615 3259 2684; x_wconf 83' lang='grc' dir='ltr'>ῆν</span> <span class='ocrx_word' id='word_1_439' title='bbox 3290 2616 3417 2687; x_wconf 50' lang='grc' dir='ltr'><strong>περι¹</strong></span> <span class='ocrx_word' id='word_1_440' title='bbox 3446 2617 3610 2670; x_wconf 82' lang='grc' dir='ltr'>αὐτοῦ</span> <span class='ocrx_word' id='word_1_441' title='bbox 3642 2618 3856 2689; x_wconf 81' lang='grc' dir='ltr'>ἔχομεν,</span> 
     </span>
    </p>
   </div>
   <div class='ocr_carea' id='block_1_57' title="bbox 2278 2702 3853 2782">
    <p class='ocr_par' dir='ltr' id='par_1_57' title="bbox 2278 2702 3853 2782">
     <span class='ocr_line' id='line_1_57' title="bbox 2278 2702 3853 2782; baseline 0.006 -28"><span class='ocrx_word' id='word_1_442' title='bbox 2278 2702 2679 2774; x_wconf 84' lang='grc' dir='ltr'>προσθήσομεν.</span> <span class='ocrx_word' id='word_1_443' title='bbox 2729 2705 2876 2756; x_wconf 82' lang='grc' dir='ltr'>Ἐπεὶ</span> <span class='ocrx_word' id='word_1_444' title='bbox 2897 2705 3006 2776; x_wconf 80' lang='grc' dir='ltr'><strong>γάρ</strong></span> <span class='ocrx_word' id='word_1_445' title='bbox 3033 2705 3344 2776; x_wconf 87' lang='grc' dir='ltr'>ἀνέγνωμεν</span> <span class='ocrx_word' id='word_1_446' title='bbox 3374 2709 3498 2779; x_wconf 77' lang='grc' dir='ltr'>περὶ</span> <span class='ocrx_word' id='word_1_447' title='bbox 3525 2709 3691 2762; x_wconf 83' lang='grc' dir='ltr'>αὑτοῦ</span> <span class='ocrx_word' id='word_1_448' title='bbox 3722 2707 3853 2782; x_wconf 72' lang='grc' dir='ltr'>προσ</span> 
     </span>
    </p>
   </div>
   <div class='ocr_carea' id='block_1_58' title="bbox 2275 2794 3855 2873">
    <p class='ocr_par' dir='ltr' id='par_1_58' title="bbox 2275 2794 3855 2873">
     <span class='ocr_line' id='line_1_58' title="bbox 2275 2794 3855 2873; baseline 0.007 -28"><span class='ocrx_word' id='word_1_449' title='bbox 2275 2794 2540 2864; x_wconf 83' lang='grc' dir='ltr'>φητείαν·</span> <span class='ocrx_word' id='word_1_450' title='bbox 2591 2812 2610 2844; x_wconf 81' lang='lat' dir='ltr'><strong>t</strong></span> <span class='ocrx_word' id='word_1_451' title='bbox 2634 2795 2764 2848; x_wconf 77' lang='grc' dir='ltr'>Ἰδοὺ</span> <span class='ocrx_word' id='word_1_452' title='bbox 2811 2795 2924 2864; x_wconf 76' lang='grc' dir='ltr'><strong>ἐγὼ</strong></span> <span class='ocrx_word' id='word_1_453' title='bbox 2965 2798 3277 2850; x_wconf 82' lang='grc' dir='ltr'>ἀποστέλλω</span> <span class='ocrx_word' id='word_1_454' title='bbox 3323 2799 3414 2852; x_wconf 83' lang='grc' dir='ltr'>τὸν</span> <span class='ocrx_word' id='word_1_455' title='bbox 3471 2799 3704 2868; x_wconf 78' lang='grc' dir='ltr'>ἄγγελόν</span> <span class='ocrx_word' id='word_1_456' title='bbox 3757 2821 3855 2873; x_wconf 84' lang='grc' dir='ltr'><strong>μου</strong></span> 
     </span>
    </p>
   </div>
   <div class='ocr_carea' id='block_1_59' title="bbox 2275 2885 3854 2967">
    <p class='ocr_par' dir='ltr' id='par_1_59' title="bbox 2275 2885 3854 2967">
     <span class='ocr_line' id='line_1_59' title="bbox 2275 2885 3854 2967; baseline 0.007 -31"><span class='ocrx_word' id='word_1_457' title='bbox 2275 2885 2380 2956; x_wconf 87' lang='grc' dir='ltr'>πρὸ</span> <span class='ocrx_word' id='word_1_458' title='bbox 2425 2885 2723 2967; x_wconf 28' lang='grc' dir='ltr'>προσώπου,</span> <span class='ocrx_word' id='word_1_459' title='bbox 2766 2905 2882 2952; x_wconf 89' lang='grc' dir='ltr'>σου,</span> <span class='ocrx_word' id='word_1_460' title='bbox 2932 2889 2991 2952; x_wconf 80' lang='grc' dir='ltr'>ὃς</span> <span class='ocrx_word' id='word_1_461' title='bbox 3039 2892 3436 2944; x_wconf 77' lang='grc' dir='ltr'>κατασκευάσει</span> <span class='ocrx_word' id='word_1_462' title='bbox 3477 2893 3577 2963; x_wconf 80' lang='grc' dir='ltr'>τὴν</span> <span class='ocrx_word' id='word_1_463' title='bbox 3616 2894 3736 2946; x_wconf 83' lang='grc' dir='ltr'>ὁδόν</span> <span class='ocrx_word' id='word_1_464' title='bbox 3762 2912 3854 2948; x_wconf 90' lang='grc' dir='ltr'><strong>σου</strong></span> 
     </span>
    </p>
   </div>
   <div class='ocr_carea' id='block_1_60' title="bbox 2273 2977 3854 3055">
    <p class='ocr_par' dir='ltr' id='par_1_60' title="bbox 2273 2977 3854 3055">
     <span class='ocr_line' id='line_1_60' title="bbox 2273 2977 3854 3055; baseline 0.006 -25"><span class='ocrx_word' id='word_1_465' title='bbox 2273 2977 2581 3049; x_wconf 78' lang='grc' dir='ltr'>ἔμπροσθέν</span> <span class='ocrx_word' id='word_1_466' title='bbox 2640 2997 2754 3044; x_wconf 90' lang='grc' dir='ltr'>σου,</span> <span class='ocrx_word' id='word_1_467' title='bbox 2782 2999 2800 3032; x_wconf 77' lang='grc' dir='ltr'><strong>ι</strong></span> <span class='ocrx_word' id='word_1_468' title='bbox 2855 2981 3155 3052; x_wconf 80' lang='grc' dir='ltr'>ὲφίσταμεν</span> <span class='ocrx_word' id='word_1_469' title='bbox 3206 2983 3415 3052; x_wconf 75' lang='grc' dir='ltr'>μήποτε</span> <span class='ocrx_word' id='word_1_470' title='bbox 3457 2978 3538 3047; x_wconf 78' lang='grc' dir='ltr'><strong>εἷς</strong></span> <span class='ocrx_word' id='word_1_471' title='bbox 3583 2984 3696 3037; x_wconf 91' lang='grc' dir='ltr'><strong>τῶν</strong></span> <span class='ocrx_word' id='word_1_472' title='bbox 3744 2983 3854 3055; x_wconf 83' lang='lat'><strong>(99)</strong></span> 
     </span>
    </p>
   </div>
   <div class='ocr_carea' id='block_1_61' title="bbox 595 3067 2174 3146">
    <p class='ocr_par' dir='ltr' id='par_1_61' title="bbox 595 3067 2174 3140">
     <span class='ocr_line' id='line_1_61' title="bbox 595 3067 2174 3140; baseline -0.001 -18"><span class='ocrx_word' id='word_1_473' title='bbox 595 3069 769 3124; x_wconf 87' lang='lat' dir='ltr'><strong>lorum</strong></span> <span class='ocrx_word' id='word_1_474' title='bbox 803 3071 1092 3134; x_wconf 87' lang='lat' dir='ltr'><strong>exsistens,</strong></span> <span class='ocrx_word' id='word_1_475' title='bbox 1120 3084 1427 3140; x_wconf 66' lang='lat' dir='ltr'><strong>praecursor</strong></span> <span class='ocrx_word' id='word_1_476' title='bbox 1460 3069 1526 3123; x_wconf 90' lang='lat' dir='ltr'><strong>ad</strong></span> <span class='ocrx_word' id='word_1_477' title='bbox 1577 3068 1940 3123; x_wconf 84' lang='lat' dir='ltr'><strong>ministerium</strong></span> <span class='ocrx_word' id='word_1_478' title='bbox 1982 3067 2174 3121; x_wconf 90' lang='lat' dir='ltr'><strong>demit-</strong></span> 
     </span>
    </p>
   </div>
   <div class='ocr_carea' id='block_1_62' title="bbox 2278 3067 3853 3146">
    <p class='ocr_par' dir='ltr' id='par_1_62' title="bbox 2278 3070 3853 3146">
     <span class='ocr_line' id='line_1_62' title="bbox 2278 3070 3853 3146; baseline 0.005 -24"><span class='ocrx_word' id='word_1_479' title='bbox 2278 3070 2450 3138; x_wconf 86' lang='grc' dir='ltr'>ἁγίων</span> <span class='ocrx_word' id='word_1_480' title='bbox 2496 3071 2740 3138; x_wconf 88' lang='grc' dir='ltr'>ἀγγέλων</span> <span class='ocrx_word' id='word_1_481' title='bbox 2785 3072 3066 3142; x_wconf 83' lang='grc' dir='ltr'>τυγχάνων</span> <span class='ocrx_word' id='word_1_482' title='bbox 3094 3074 3185 3126; x_wconf 76' lang='grc' dir='ltr'><strong>ἐπὶ</strong></span> <span class='ocrx_word' id='word_1_483' title='bbox 3219 3073 3528 3146; x_wconf 74' lang='grc' dir='ltr'>λειτουργίᾳ</span> <span class='ocrx_word' id='word_1_484' title='bbox 3567 3077 3853 3146; x_wconf 75' lang='grc' dir='ltr'>καταπέμ-</span> 
     </span>
    </p>
   </div>
   <div class='ocr_carea' id='block_1_63' title="bbox 596 3150 2170 3230">
    <p class='ocr_par' dir='ltr' id='par_1_63' title="bbox 596 3150 2170 3230">
     <span class='ocr_line' id='line_1_63' title="bbox 596 3150 2170 3230; baseline 0 -14"><span class='ocrx_word' id='word_1_485' title='bbox 596 3173 741 3218; x_wconf 88' lang='lat' dir='ltr'><strong>tatur</strong></span> <span class='ocrx_word' id='word_1_486' title='bbox 773 3163 1088 3219; x_wconf 82' lang='lat' dir='ltr'><strong>Servatoris</strong></span> <span class='ocrx_word' id='word_1_487' title='bbox 1117 3164 1310 3219; x_wconf 91' lang='lat' dir='ltr'><strong>nostri.</strong></span> <span class='ocrx_word' id='word_1_488' title='bbox 1344 3165 1409 3218; x_wconf 88' lang='lat' dir='ltr'><strong>Et</strong></span> <span class='ocrx_word' id='word_1_489' title='bbox 1453 3163 1648 3217; x_wconf 91' lang='lat' dir='ltr'><strong>mirum</strong></span> <span class='ocrx_word' id='word_1_490' title='bbox 1681 3150 1926 3230; x_wconf 75' lang='lat' dir='ltr'><strong>profecto</strong></span> <span class='ocrx_word' id='word_1_491' title='bbox 1954 3170 2037 3216; x_wconf 89' lang='lat' dir='ltr'><strong>est</strong></span> <span class='ocrx_word' id='word_1_492' title='bbox 2086 3161 2170 3216; x_wconf 92' lang='lat' dir='ltr'><strong>ni-</strong></span> 
     </span>
    </p>
   </div>
   <div class='ocr_carea' id='block_1_64' title="bbox 595 3253 2169 3325">
    <p class='ocr_par' dir='ltr' id='par_1_64' title="bbox 595 3253 2169 3325">
     <span class='ocr_line' id='line_1_64' title="bbox 595 3253 2169 3325; baseline -0.001 -16"><span class='ocrx_word' id='word_1_493' title='bbox 595 3255 693 3321; x_wconf 86' lang='lat' dir='ltr'><strong>hil,</strong></span> <span class='ocrx_word' id='word_1_494' title='bbox 743 3255 950 3310; x_wconf 84' lang='lat' dir='ltr'><strong>Christi</strong></span> <span class='ocrx_word' id='word_1_495' title='bbox 1005 3255 1356 3324; x_wconf 80' lang='lat' dir='ltr'><strong>Pritnogeniti</strong></span> <span class='ocrx_word' id='word_1_496' title='bbox 1404 3253 1517 3325; x_wconf 63' lang='grc'><strong>84</strong></span> <span class='ocrx_word' id='word_1_497' title='bbox 1558 3255 1737 3308; x_wconf 88' lang='lat' dir='ltr'><strong>omnis</strong></span> <span class='ocrx_word' id='word_1_498' title='bbox 1772 3263 2066 3316; x_wconf 69' lang='lat' dir='ltr'><strong>creatum,</strong></span> <span class='ocrx_word' id='word_1_499' title='bbox 2099 3256 2169 3307; x_wconf 89' lang='lat' dir='ltr'><strong>ob</strong></span> 
     </span>
    </p>
   </div>
   <div class='ocr_carea' id='block_1_65' title="bbox 569 3347 2169 3421">
    <p class='ocr_par' dir='ltr' id='par_1_65' title="bbox 569 3347 2169 3421">
     <span class='ocr_line' id='line_1_65' title="bbox 569 3347 2169 3421; baseline -0.001 -19"><span class='ocrx_word' id='word_1_500' title='bbox 569 3363 832 3421; x_wconf 8' lang='lat' dir='ltr'><strong>(amorem</strong></span> <span class='ocrx_word' id='word_1_501' title='bbox 867 3365 991 3418; x_wconf 80' lang='lat' dir='ltr'><strong>erga</strong></span> <span class='ocrx_word' id='word_1_502' title='bbox 1046 3349 1293 3404; x_wconf 88' lang='lat' dir='ltr'><strong>homines</strong></span> <span class='ocrx_word' id='word_1_503' title='bbox 1320 3350 1614 3414; x_wconf 89' lang='lat' dir='ltr'><strong>incarnati,</strong></span> <span class='ocrx_word' id='word_1_504' title='bbox 1663 3348 2007 3402; x_wconf 66' lang='lat' dir='ltr'><strong>aemulatores</strong></span> <span class='ocrx_word' id='word_1_505' title='bbox 2051 3347 2169 3401; x_wconf 83' lang='lat' dir='ltr'><strong>inti-</strong></span> 
     </span>
    </p>
   </div>
   <div class='ocr_carea' id='block_1_66' title="bbox 589 3439 2169 3510">
    <p class='ocr_par' dir='ltr' id='par_1_66' title="bbox 589 3439 2169 3510">
     <span class='ocr_line' id='line_1_66' title="bbox 589 3439 2169 3510; baseline -0.003 -16"><span class='ocrx_word' id='word_1_506' title='bbox 589 3449 906 3510; x_wconf 84' lang='lat' dir='ltr'><strong>tatoresque</strong></span> <span class='ocrx_word' id='word_1_507' title='bbox 952 3441 1162 3508; x_wconf 84' lang='lat' dir='ltr'><strong>aliquos</strong></span> <span class='ocrx_word' id='word_1_508' title='bbox 1204 3441 1505 3504; x_wconf 78' lang='lat' dir='ltr'><strong>exstitisse,</strong></span> <span class='ocrx_word' id='word_1_509' title='bbox 1564 3439 1765 3508; x_wconf 89' lang='lat' dir='ltr'><strong>quibus</strong></span> <span class='ocrx_word' id='word_1_510' title='bbox 1800 3440 1955 3494; x_wconf 89' lang='lat' dir='ltr'><strong>dulce</strong></span> <span class='ocrx_word' id='word_1_511' title='bbox 2005 3440 2169 3493; x_wconf 89' lang='lat' dir='ltr'><strong>fuerit</strong></span> 
     </span>
    </p>
   </div>
   <div class='ocr_carea' id='block_1_67' title="bbox 588 3533 2162 3604">
    <p class='ocr_par' dir='ltr' id='par_1_67' title="bbox 588 3533 2162 3604">
     <span class='ocr_line' id='line_1_67' title="bbox 588 3533 2162 3604; baseline -0.002 -15"><span class='ocrx_word' id='word_1_512' title='bbox 588 3537 636 3589; x_wconf 89' lang='lat' dir='ltr'><strong>ei</strong></span> <span class='ocrx_word' id='word_1_513' title='bbox 671 3535 986 3602; x_wconf 86' lang='lat' dir='ltr'><strong>benignitati</strong></span> <span class='ocrx_word' id='word_1_514' title='bbox 1020 3549 1182 3604; x_wconf 87' lang='lat' dir='ltr'><strong>quam</strong></span> <span class='ocrx_word' id='word_1_515' title='bbox 1215 3535 1268 3588; x_wconf 92' lang='lat' dir='ltr'><strong>in</strong></span> <span class='ocrx_word' id='word_1_516' title='bbox 1301 3534 1449 3603; x_wconf 91' lang='lat' dir='ltr'><strong>ipsos</strong></span> <span class='ocrx_word' id='word_1_517' title='bbox 1479 3534 1834 3597; x_wconf 87' lang='lat' dir='ltr'><strong>ostendisset,</strong></span> <span class='ocrx_word' id='word_1_518' title='bbox 1880 3533 2162 3599; x_wconf 86' lang='lat' dir='ltr'><strong>inservire,</strong></span> 
     </span>
    </p>
   </div>
   <div class='ocr_carea' id='block_1_68' title="bbox 586 3625 2164 3696">
    <p class='ocr_par' dir='ltr' id='par_1_68' title="bbox 586 3625 2164 3696">
     <span class='ocr_line' id='line_1_68' title="bbox 586 3625 2164 3696; baseline -0.001 -15"><span class='ocrx_word' id='word_1_519' title='bbox 586 3628 777 3681; x_wconf 84' lang='lat' dir='ltr'><strong>eadem</strong></span> <span class='ocrx_word' id='word_1_520' title='bbox 834 3628 1080 3696; x_wconf 88' lang='lat' dir='ltr'><strong>corporis</strong></span> <span class='ocrx_word' id='word_1_521' title='bbox 1131 3626 1508 3682; x_wconf 90' lang='lat' dir='ltr'><strong>similitudine.</strong></span> <span class='ocrx_word' id='word_1_522' title='bbox 1560 3625 1666 3681; x_wconf 89' lang='lat' dir='ltr'><strong>Sed</strong></span> <span class='ocrx_word' id='word_1_523' title='bbox 1722 3641 2010 3694; x_wconf 85' lang='lat' dir='ltr'><strong>quemnam</strong></span> <span class='ocrx_word' id='word_1_524' title='bbox 2057 3640 2164 3679; x_wconf 92' lang='lat' dir='ltr'><strong>non</strong></span> 
     </span>
    </p>
   </div>
   <div class='ocr_carea' id='block_1_69' title="bbox 589 3716 2161 3786">
    <p class='ocr_par' dir='ltr' id='par_1_69' title="bbox 589 3716 2161 3786">
     <span class='ocr_line' id='line_1_69' title="bbox 589 3716 2161 3786; baseline -0.002 -15"><span class='ocrx_word' id='word_1_525' title='bbox 589 3729 829 3772; x_wconf 84' lang='lat' dir='ltr'><strong>moveret</strong></span> <span class='ocrx_word' id='word_1_526' title='bbox 891 3718 1173 3773; x_wconf 81' lang='lat' dir='ltr'><strong>exsultans</strong></span> <span class='ocrx_word' id='word_1_527' title='bbox 1216 3717 1269 3770; x_wconf 92' lang='lat' dir='ltr'><strong>in</strong></span> <span class='ocrx_word' id='word_1_528' title='bbox 1313 3718 1511 3786; x_wconf 89' lang='lat' dir='ltr'><strong>gaudio</strong></span> <span class='ocrx_word' id='word_1_529' title='bbox 1567 3717 1746 3772; x_wconf 89' lang='lat' dir='ltr'><strong>adhuc</strong></span> <span class='ocrx_word' id='word_1_530' title='bbox 1793 3717 2062 3772; x_wconf 82' lang='lat' dir='ltr'><strong>exsisteus</strong></span> <span class='ocrx_word' id='word_1_531' title='bbox 2108 3716 2161 3769; x_wconf 92' lang='lat' dir='ltr'><strong>in</strong></span> 
     </span>
    </p>
   </div>
   <div class='ocr_carea' id='block_1_70' title="bbox 589 3807 2164 3880">
    <p class='ocr_par' dir='ltr' id='par_1_70' title="bbox 589 3807 2164 3880">
     <span class='ocr_line' id='line_1_70' title="bbox 589 3807 2164 3880; baseline -0.002 -16"><span class='ocrx_word' id='word_1_532' title='bbox 589 3821 742 3865; x_wconf 91' lang='lat' dir='ltr'><strong>utero</strong></span> <span class='ocrx_word' id='word_1_533' title='bbox 783 3808 999 3880; x_wconf 88' lang='lat' dir='ltr'><strong>[matris</strong></span> <span class='ocrx_word' id='word_1_534' title='bbox 1053 3809 1188 3880; x_wconf 66' lang='lat' dir='ltr'><strong>suae]</strong></span> <span class='ocrx_word' id='word_1_535' title='bbox 1232 3810 1457 3878; x_wconf 87' lang='lat' dir='ltr'><strong>perinde</strong></span> <span class='ocrx_word' id='word_1_536' title='bbox 1497 3823 1563 3863; x_wconf 89' lang='lat' dir='ltr'><strong>ac</strong></span> <span class='ocrx_word' id='word_1_537' title='bbox 1605 3824 1945 3862; x_wconf 90' lang='lat' dir='ltr'><strong>communem</strong></span> <span class='ocrx_word' id='word_1_538' title='bbox 1992 3807 2164 3862; x_wconf 92' lang='lat' dir='ltr'><strong>homi-</strong></span> 
     </span>
    </p>
   </div>
   <div class='ocr_carea' id='block_1_71' title="bbox 589 3900 2163 3970">
    <p class='ocr_par' dir='ltr' id='par_1_71' title="bbox 589 3900 2163 3970">
     <span class='ocr_line' id='line_1_71' title="bbox 589 3900 2163 3970; baseline -0.001 -15"><span class='ocrx_word' id='word_1_539' title='bbox 589 3916 718 3955; x_wconf 92' lang='lat' dir='ltr'><strong>num</strong></span> <span class='ocrx_word' id='word_1_540' title='bbox 752 3913 1000 3954; x_wconf 85' lang='lat' dir='ltr'><strong>naturam</strong></span> <span class='ocrx_word' id='word_1_541' title='bbox 1035 3900 1345 3955; x_wconf 81' lang='lat' dir='ltr'><strong>excellens?</strong></span> <span class='ocrx_word' id='word_1_542' title='bbox 1371 3900 1522 3968; x_wconf 83' lang='lat' dir='ltr'><strong>Quod</strong></span> <span class='ocrx_word' id='word_1_543' title='bbox 1548 3900 1591 3954; x_wconf 90' lang='lat' dir='ltr'><strong>si</strong></span> <span class='ocrx_word' id='word_1_544' title='bbox 1618 3901 1740 3970; x_wconf 89' lang='lat' dir='ltr'><strong>quis</strong></span> <span class='ocrx_word' id='word_1_545' title='bbox 1773 3900 2020 3954; x_wconf 87' lang='lat' dir='ltr'><strong>admittat</strong></span> <span class='ocrx_word' id='word_1_546' title='bbox 2044 3915 2163 3967; x_wconf 87' lang='lat' dir='ltr'><strong>pre-</strong></span> 
     </span>
    </p>
   </div>
   <div class='ocr_carea' id='block_1_72' title="bbox 591 3991 2162 4063">
    <p class='ocr_par' dir='ltr' id='par_1_72' title="bbox 591 3991 2162 4063">
     <span class='ocr_line' id='line_1_72' title="bbox 591 3991 2162 4063; baseline -0.001 -16"><span class='ocrx_word' id='word_1_547' title='bbox 591 3993 858 4048; x_wconf 90' lang='lat' dir='ltr'><strong>cationem</strong></span> <span class='ocrx_word' id='word_1_548' title='bbox 907 3991 1102 4062; x_wconf 76' lang='lat' dir='ltr'><strong>Joseph</strong></span> <span class='ocrx_word' id='word_1_549' title='bbox 1151 3994 1469 4063; x_wconf 88' lang='lat' dir='ltr'><strong>inscriptam</strong></span> <span class='ocrx_word' id='word_1_550' title='bbox 1512 3994 1564 4047; x_wconf 92' lang='lat' dir='ltr'><strong>in</strong></span> <span class='ocrx_word' id='word_1_551' title='bbox 1593 3994 1676 4047; x_wconf 87' lang='lat' dir='ltr'><strong>his</strong></span> <span class='ocrx_word' id='word_1_552' title='bbox 1706 3992 1859 4048; x_wconf 89' lang='lat' dir='ltr'><strong>libris</strong></span> <span class='ocrx_word' id='word_1_553' title='bbox 1891 3991 1984 4062; x_wconf 92' lang='lat' dir='ltr'><strong>qui</strong></span> <span class='ocrx_word' id='word_1_554' title='bbox 2021 3991 2162 4060; x_wconf 89' lang='lat' dir='ltr'><strong>apud</strong></span> 
     </span>
    </p>
   </div>
   <div class='ocr_carea' id='block_1_73' title="bbox 589 4082 2160 4156">
    <p class='ocr_par' dir='ltr' id='par_1_73' title="bbox 589 4082 2160 4156">
     <span class='ocr_line' id='line_1_73' title="bbox 589 4082 2160 4156; baseline -0.002 -17"><span class='ocrx_word' id='word_1_555' title='bbox 589 4085 845 4141; x_wconf 73' lang='lat' dir='ltr'><strong>Hebrmos</strong></span> <span class='ocrx_word' id='word_1_556' title='bbox 876 4086 1130 4140; x_wconf 80' lang='lat' dir='ltr'><strong>dicuntur</strong></span> <span class='ocrx_word' id='word_1_557' title='bbox 1157 4085 1473 4156; x_wconf 83' lang='lat' dir='ltr'><strong>apocryphi,</strong></span> <span class='ocrx_word' id='word_1_558' title='bbox 1498 4098 1622 4138; x_wconf 90' lang='lat' dir='ltr'><strong>mox</strong></span> <span class='ocrx_word' id='word_1_559' title='bbox 1649 4085 1752 4138; x_wconf 92' lang='lat' dir='ltr'><strong>hoc</strong></span> <span class='ocrx_word' id='word_1_560' title='bbox 1774 4083 1969 4154; x_wconf 85' lang='lat' dir='ltr'><strong>dogma</strong></span> <span class='ocrx_word' id='word_1_561' title='bbox 1997 4082 2160 4137; x_wconf 86' lang='lat' dir='ltr'><strong>etiam</strong></span> 
     </span>
    </p>
   </div>
   <div class='ocr_carea' id='block_1_74' title="bbox 589 4175 2158 4248">
    <p class='ocr_par' dir='ltr' id='par_1_74' title="bbox 589 4175 2158 4248">
     <span class='ocr_line' id='line_1_74' title="bbox 589 4175 2158 4248; baseline -0.004 -15"><span class='ocrx_word' id='word_1_562' title='bbox 589 4188 772 4248; x_wconf 86' lang='lat' dir='ltr'><strong>aperte</strong></span> <span class='ocrx_word' id='word_1_563' title='bbox 807 4180 1008 4232; x_wconf 90' lang='lat' dir='ltr'><strong>dictum</strong></span> <span class='ocrx_word' id='word_1_564' title='bbox 1061 4179 1184 4232; x_wconf 90' lang='lat' dir='ltr'><strong>inde</strong></span> <span class='ocrx_word' id='word_1_565' title='bbox 1223 4189 1542 4247; x_wconf 88' lang='lat' dir='ltr'><strong>sumpturus</strong></span> <span class='ocrx_word' id='word_1_566' title='bbox 1595 4186 1718 4232; x_wconf 85' lang='lat' dir='ltr'><strong>est:</strong></span> <span class='ocrx_word' id='word_1_567' title='bbox 1751 4177 1976 4246; x_wconf 87' lang='lat' dir='ltr'><strong>perinde</strong></span> <span class='ocrx_word' id='word_1_568' title='bbox 2004 4175 2158 4244; x_wconf 89' lang='lat' dir='ltr'><strong>quasi</strong></span> 
     </span>
    </p>
   </div>
   <div class='ocr_carea' id='block_1_75' title="bbox 588 4265 2160 4339">
    <p class='ocr_par' dir='ltr' id='par_1_75' title="bbox 588 4265 2160 4339">
     <span class='ocr_line' id='line_1_75' title="bbox 588 4265 2160 4339; baseline -0.003 -17"><span class='ocrx_word' id='word_1_569' title='bbox 588 4271 676 4338; x_wconf 85' lang='lat' dir='ltr'><strong>qui</strong></span> <span class='ocrx_word' id='word_1_570' title='bbox 727 4286 756 4323; x_wconf 91' lang='lat' dir='ltr'><strong>a</strong></span> <span class='ocrx_word' id='word_1_571' title='bbox 809 4269 1076 4339; x_wconf 87' lang='lat' dir='ltr'><strong>principio</strong></span> <span class='ocrx_word' id='word_1_572' title='bbox 1121 4268 1380 4323; x_wconf 81' lang='lat' dir='ltr'><strong>eximium</strong></span> <span class='ocrx_word' id='word_1_573' title='bbox 1427 4266 1630 4337; x_wconf 89' lang='lat' dir='ltr'><strong>aliquid</strong></span> <span class='ocrx_word' id='word_1_574' title='bbox 1682 4281 1796 4337; x_wconf 71' lang='lat' dir='ltr'><strong>pra:</strong></span> <span class='ocrx_word' id='word_1_575' title='bbox 1848 4265 2160 4321; x_wconf 87' lang='lat' dir='ltr'><strong>hominibus</strong></span> 
     </span>
    </p>
   </div>
   <div class='ocr_carea' id='block_1_76' title="bbox 587 4356 2158 4430">
    <p class='ocr_par' dir='ltr' id='par_1_76' title="bbox 587 4356 2158 4430">
     <span class='ocr_line' id='line_1_76' title="bbox 587 4356 2158 4430; baseline -0.003 -15"><span class='ocrx_word' id='word_1_576' title='bbox 587 4361 910 4423; x_wconf 83' lang='lat' dir='ltr'><strong>habuerunt,</strong></span> <span class='ocrx_word' id='word_1_577' title='bbox 938 4361 1096 4430; x_wconf 87' lang='lat' dir='ltr'><strong>longe</strong></span> <span class='ocrx_word' id='word_1_578' title='bbox 1130 4361 1386 4414; x_wconf 89' lang='lat' dir='ltr'><strong>meliores</strong></span> <span class='ocrx_word' id='word_1_579' title='bbox 1419 4360 1634 4416; x_wconf 65' lang='lat' dir='ltr'><strong>caeteris</strong></span> <span class='ocrx_word' id='word_1_580' title='bbox 1663 4356 1984 4420; x_wconf 86' lang='lat' dir='ltr'><strong>animabus,</strong></span> <span class='ocrx_word' id='word_1_581' title='bbox 2033 4371 2158 4410; x_wconf 93' lang='lat' dir='ltr'><strong>cum</strong></span> 
     </span>
    </p>
   </div>
   <div class='ocr_carea' id='block_1_77' title="bbox 2277 3163 3854 3237">
    <p class='ocr_par' dir='ltr' id='par_1_77' title="bbox 2277 3163 3854 3237">
     <span class='ocr_line' id='line_1_77' title="bbox 2277 3163 3854 3237; baseline 0.006 -22"><span class='ocrx_word' id='word_1_582' title='bbox 2277 3181 2433 3216; x_wconf 89' lang='grc' dir='ltr'>πεται</span> <span class='ocrx_word' id='word_1_583' title='bbox 2460 3163 2556 3216; x_wconf 88' lang='grc' dir='ltr'><strong>τοῦ</strong></span> <span class='ocrx_word' id='word_1_584' title='bbox 2583 3164 2831 3235; x_wconf 82' lang='grc' dir='ltr'>Σωτῆρος</span> <span class='ocrx_word' id='word_1_585' title='bbox 2859 3165 3014 3235; x_wconf 81' lang='grc' dir='ltr'>ἡμῶν</span> <span class='ocrx_word' id='word_1_586' title='bbox 3040 3166 3366 3237; x_wconf 86' lang='grc' dir='ltr'>πρόδρομος.</span> <span class='ocrx_word' id='word_1_587' title='bbox 3409 3168 3517 3220; x_wconf 73' lang='grc' dir='ltr'>Καὶ</span> <span class='ocrx_word' id='word_1_588' title='bbox 3545 3169 3698 3222; x_wconf 78' lang='grc' dir='ltr'>οὐδὲν</span> <span class='ocrx_word' id='word_1_589' title='bbox 3728 3169 3854 3223; x_wconf 75' lang='grc' dir='ltr'>θαυ-</span> 
     </span>
    </p>
   </div>
   <div class='ocr_carea' id='block_1_78' title="bbox 2279 3257 3852 3330">
    <p class='ocr_par' dir='ltr' id='par_1_78' title="bbox 2279 3257 3852 3330">
     <span class='ocr_line' id='line_1_78' title="bbox 2279 3257 3852 3330; baseline 0.002 -19"><span class='ocrx_word' id='word_1_590' title='bbox 2279 3257 2501 3328; x_wconf 81' lang='grc' dir='ltr'>μαστὸν,</span> <span class='ocrx_word' id='word_1_591' title='bbox 2531 3257 2626 3310; x_wconf 88' lang='grc' dir='ltr'><strong>τοῦ</strong></span> <span class='ocrx_word' id='word_1_592' title='bbox 2669 3257 3018 3327; x_wconf 86' lang='grc' dir='ltr'>Πρωτοτόκου</span> <span class='ocrx_word' id='word_1_593' title='bbox 3051 3258 3228 3328; x_wconf 81' lang='grc' dir='ltr'>πάσης</span> <span class='ocrx_word' id='word_1_594' title='bbox 3251 3259 3478 3324; x_wconf 86' lang='grc' dir='ltr'>κτίσεως</span> <span class='ocrx_word' id='word_1_595' title='bbox 3505 3261 3852 3330; x_wconf 81' lang='grc' dir='ltr'>ένσωματου-</span> 
     </span>
    </p>
   </div>
   <div class='ocr_carea' id='block_1_79' title="bbox 2279 3347 3853 3425">
    <p class='ocr_par' dir='ltr' id='par_1_79' title="bbox 2279 3347 3853 3425">
     <span class='ocr_line' id='line_1_79' title="bbox 2279 3347 3853 3425; baseline 0.002 -23"><span class='ocrx_word' id='word_1_596' title='bbox 2279 3349 2439 3420; x_wconf 86' lang='grc' dir='ltr'>μένου</span> <span class='ocrx_word' id='word_1_597' title='bbox 2467 3347 2610 3402; x_wconf 85' lang='grc' dir='ltr'><strong>κατά</strong></span> <span class='ocrx_word' id='word_1_598' title='bbox 2642 3348 3068 3420; x_wconf 79' lang='grc' dir='ltr'>φιλανθρωπίαν,</span> <span class='ocrx_word' id='word_1_599' title='bbox 3111 3349 3356 3421; x_wconf 77' lang='grc' dir='ltr'>ζηλωτάς</span> <span class='ocrx_word' id='word_1_600' title='bbox 3387 3367 3538 3414; x_wconf 84' lang='grc' dir='ltr'>τινας</span> <span class='ocrx_word' id='word_1_601' title='bbox 3565 3352 3658 3404; x_wconf 76' lang='grc' dir='ltr'>καὶ</span> <span class='ocrx_word' id='word_1_602' title='bbox 3690 3371 3853 3425; x_wconf 88' lang='grc' dir='ltr'>μιμη-</span> 
     </span>
    </p>
   </div>
   <div class='ocr_carea' id='block_1_80' title="bbox 2273 3439 3852 3512">
    <p class='ocr_par' dir='ltr' id='par_1_80' title="bbox 2273 3439 3852 3512">
     <span class='ocr_line' id='line_1_80' title="bbox 2273 3439 3852 3512; baseline 0.004 -21"><span class='ocrx_word' id='word_1_603' title='bbox 2273 3441 2372 3503; x_wconf 88' lang='grc' dir='ltr'>τὰς</span> <span class='ocrx_word' id='word_1_604' title='bbox 2419 3439 2702 3508; x_wconf 89' lang='grc' dir='ltr'>γεγονέναι</span> <span class='ocrx_word' id='word_1_605' title='bbox 2751 3439 3004 3510; x_wconf 77' lang='grc' dir='ltr'>Χριστοῦ,</span> <span class='ocrx_word' id='word_1_606' title='bbox 3065 3441 3454 3512; x_wconf 85' lang='grc' dir='ltr'>ἀγαπήσαντας</span> <span class='ocrx_word' id='word_1_607' title='bbox 3495 3441 3556 3494; x_wconf 82' lang='grc' dir='ltr'>τὸ</span> <span class='ocrx_word' id='word_1_608' title='bbox 3613 3441 3703 3495; x_wconf 84' lang='grc' dir='ltr'><strong>διὰ</strong></span> <span class='ocrx_word' id='word_1_609' title='bbox 3759 3443 3852 3497; x_wconf 84' lang='grc' dir='ltr'><strong>τοῦ</strong></span> 
     </span>
    </p>
   </div>
   <div class='ocr_carea' id='block_1_81' title="bbox 2272 3530 3852 3606">
    <p class='ocr_par' dir='ltr' id='par_1_81' title="bbox 2272 3530 3852 3606">
     <span class='ocr_line' id='line_1_81' title="bbox 2272 3530 3852 3606; baseline 0.001 -22"><span class='ocrx_word' id='word_1_610' title='bbox 2272 3531 2456 3600; x_wconf 81' lang='grc' dir='ltr'>ὁμοίου</span> <span class='ocrx_word' id='word_1_611' title='bbox 2485 3530 2577 3584; x_wconf 89' lang='grc' dir='ltr'><strong>τοῦ</strong></span> <span class='ocrx_word' id='word_1_612' title='bbox 2619 3530 2866 3600; x_wconf 88' lang='grc' dir='ltr'>σώματος</span> <span class='ocrx_word' id='word_1_613' title='bbox 2905 3530 3247 3602; x_wconf 80' lang='grc' dir='ltr'>ὑπηρετῆσαι</span> <span class='ocrx_word' id='word_1_614' title='bbox 3279 3536 3342 3603; x_wconf 83' lang='grc' dir='ltr'>τῇ</span> <span class='ocrx_word' id='word_1_615' title='bbox 3378 3535 3457 3597; x_wconf 83' lang='grc' dir='ltr'><strong>είς</strong></span> <span class='ocrx_word' id='word_1_616' title='bbox 3485 3534 3679 3596; x_wconf 77' lang='grc' dir='ltr'>αὐτοὺς</span> <span class='ocrx_word' id='word_1_617' title='bbox 3711 3551 3852 3606; x_wconf 77' lang='grc' dir='ltr'>χρηο</span> 
     </span>
    </p>
   </div>
   <div class='ocr_carea' id='block_1_82' title="bbox 2274 3621 3849 3695">
    <p class='ocr_par' dir='ltr' id='par_1_82' title="bbox 2274 3621 3849 3695">
     <span class='ocr_line' id='line_1_82' title="bbox 2274 3621 3849 3695; baseline 0.003 -21"><span class='ocrx_word' id='word_1_618' title='bbox 2274 3623 2488 3693; x_wconf 87' lang='grc' dir='ltr'>στότητι</span> <span class='ocrx_word' id='word_1_619' title='bbox 2522 3621 2621 3693; x_wconf 87' lang='grc'><strong>(1).</strong></span> <span class='ocrx_word' id='word_1_620' title='bbox 2663 3623 2796 3675; x_wconf 88' lang='grc' dir='ltr'>Τίνα</span> <span class='ocrx_word' id='word_1_621' title='bbox 2823 3623 2865 3675; x_wconf 83' lang='grc' dir='ltr'>δ’</span> <span class='ocrx_word' id='word_1_622' title='bbox 2890 3623 2989 3676; x_wconf 80' lang='grc' dir='ltr'>οὐκ</span> <span class='ocrx_word' id='word_1_623' title='bbox 3013 3623 3077 3676; x_wconf 84' lang='grc' dir='ltr'>ἂν</span> <span class='ocrx_word' id='word_1_624' title='bbox 3097 3625 3312 3694; x_wconf 87' lang='grc' dir='ltr'>κινήσαι</span> <span class='ocrx_word' id='word_1_625' title='bbox 3339 3624 3573 3695; x_wconf 85' lang='grc' dir='ltr'>σκιρτῶν</span> <span class='ocrx_word' id='word_1_626' title='bbox 3600 3625 3658 3676; x_wconf 82' lang='grc' dir='ltr'>ὲν</span> <span class='ocrx_word' id='word_1_627' title='bbox 3680 3625 3849 3694; x_wconf 79' lang='grc' dir='ltr'>ἀγαλ-</span> 
     </span>
    </p>
   </div>
   <div class='ocr_carea' id='block_1_83' title="bbox 2271 3713 3850 3788">
    <p class='ocr_par' dir='ltr' id='par_1_83' title="bbox 2271 3713 3850 3788">
     <span class='ocr_line' id='line_1_83' title="bbox 2271 3713 3850 3788; baseline 0.003 -22"><span class='ocrx_word' id='word_1_628' title='bbox 2271 3713 2444 3768; x_wconf 90' lang='grc' dir='ltr'>λιάσει</span> <span class='ocrx_word' id='word_1_629' title='bbox 2469 3714 2548 3768; x_wconf 80' lang='grc' dir='ltr'>ἔτι</span> <span class='ocrx_word' id='word_1_630' title='bbox 2583 3716 2642 3768; x_wconf 76' lang='grc' dir='ltr'>ὲν</span> <span class='ocrx_word' id='word_1_631' title='bbox 2675 3716 2739 3785; x_wconf 77' lang='grc' dir='ltr'><strong>τῇ</strong></span> <span class='ocrx_word' id='word_1_632' title='bbox 2769 3714 2942 3786; x_wconf 79' lang='grc' dir='ltr'>κοιλία</span> <span class='ocrx_word' id='word_1_633' title='bbox 2969 3715 3268 3785; x_wconf 86' lang='grc' dir='ltr'>τυγχάνων,</span> <span class='ocrx_word' id='word_1_634' title='bbox 3301 3716 3376 3780; x_wconf 85' lang='grc' dir='ltr'>ὡς</span> <span class='ocrx_word' id='word_1_635' title='bbox 3404 3717 3501 3787; x_wconf 79' lang='grc' dir='ltr'>τὴν</span> <span class='ocrx_word' id='word_1_636' title='bbox 3527 3717 3709 3788; x_wconf 82' lang='grc' dir='ltr'>κοινὴν</span> <span class='ocrx_word' id='word_1_637' title='bbox 3741 3719 3850 3772; x_wconf 82' lang='grc' dir='ltr'><strong>τῶν</strong></span> 
     </span>
    </p>
   </div>
   <div class='ocr_carea' id='block_1_84' title="bbox 2269 3804 3848 3877">
    <p class='ocr_par' dir='ltr' id='par_1_84' title="bbox 2269 3804 3848 3877">
     <span class='ocr_line' id='line_1_84' title="bbox 2269 3804 3848 3877; baseline 0.003 -19"><span class='ocrx_word' id='word_1_638' title='bbox 2269 3804 2569 3877; x_wconf 87' lang='grc' dir='ltr'>ἀνθρώπων</span> <span class='ocrx_word' id='word_1_639' title='bbox 2593 3805 2910 3876; x_wconf 86' lang='grc' dir='ltr'>ὑπερπαίων</span> <span class='ocrx_word' id='word_1_640' title='bbox 2938 3805 3130 3873; x_wconf 85' lang='grc' dir='ltr'>φύσιν;</span> <span class='ocrx_word' id='word_1_641' title='bbox 3164 3807 3226 3858; x_wconf 80' lang='lat' dir='ltr'><strong>Ei</strong></span> <span class='ocrx_word' id='word_1_642' title='bbox 3255 3806 3311 3859; x_wconf 85' lang='grc' dir='ltr'><strong>δέ</strong></span> <span class='ocrx_word' id='word_1_643' title='bbox 3330 3823 3413 3869; x_wconf 91' lang='grc' dir='ltr'><strong>τις</strong></span> <span class='ocrx_word' id='word_1_644' title='bbox 3448 3808 3729 3876; x_wconf 89' lang='grc' dir='ltr'>προσίεται</span> <span class='ocrx_word' id='word_1_645' title='bbox 3758 3811 3848 3862; x_wconf 78' lang='grc' dir='ltr'>καὶ</span> 
     </span>
    </p>
   </div>
   <div class='ocr_carea' id='block_1_85' title="bbox 2267 3896 3846 3970">
    <p class='ocr_par' dir='ltr' id='par_1_85' title="bbox 2267 3896 3846 3970">
     <span class='ocr_line' id='line_1_85' title="bbox 2267 3896 3846 3970; baseline 0.004 -22"><span class='ocrx_word' id='word_1_646' title='bbox 2267 3897 2376 3949; x_wconf 88' lang='grc' dir='ltr'><strong>τῶν</strong></span> <span class='ocrx_word' id='word_1_647' title='bbox 2405 3899 2534 3969; x_wconf 84' lang='grc' dir='ltr'>παρ’</span> <span class='ocrx_word' id='word_1_648' title='bbox 2579 3896 2851 3968; x_wconf 81' lang='grc' dir='ltr'>Ἑϐραίοις</span> <span class='ocrx_word' id='word_1_649' title='bbox 2891 3899 3205 3968; x_wconf 84' lang='grc' dir='ltr'>φερομένων</span> <span class='ocrx_word' id='word_1_650' title='bbox 3231 3899 3562 3970; x_wconf 85' lang='grc' dir='ltr'>ἀποκρύφων</span> <span class='ocrx_word' id='word_1_651' title='bbox 3594 3900 3692 3970; x_wconf 79' lang='grc' dir='ltr'>τὴν</span> <span class='ocrx_word' id='word_1_652' title='bbox 3724 3903 3846 3954; x_wconf 83' lang='grc' dir='ltr'>ὲπι-</span> 
     </span>
    </p>
   </div>
   <div class='ocr_carea' id='block_1_86' title="bbox 2268 3989 3846 4062">
    <p class='ocr_par' dir='ltr' id='par_1_86' title="bbox 2268 3989 3846 4062">
     <span class='ocr_line' id='line_1_86' title="bbox 2268 3989 3846 4062; baseline 0.002 -21"><span class='ocrx_word' id='word_1_653' title='bbox 2268 3990 2619 4060; x_wconf 81' lang='grc' dir='ltr'>γραφομένην</span> <span class='ocrx_word' id='word_1_654' title='bbox 2663 3989 2859 4061; x_wconf 84' lang='grc' dir='ltr'>Ἰωσὴφ</span> <span class='ocrx_word' id='word_1_655' title='bbox 2909 3989 3233 4061; x_wconf 80' lang='grc' dir='ltr'>προσευχὴν,</span> <span class='ocrx_word' id='word_1_656' title='bbox 3278 3991 3534 4062; x_wconf 78' lang='grc' dir='ltr'>ἄντικρυς</span> <span class='ocrx_word' id='word_1_657' title='bbox 3582 3991 3742 4044; x_wconf 88' lang='grc' dir='ltr'>τοῦτο</span> <span class='ocrx_word' id='word_1_658' title='bbox 3785 3992 3846 4044; x_wconf 74' lang='grc' dir='ltr'>τὸ</span> 
     </span>
    </p>
   </div>
   <div class='ocr_carea' id='block_1_87' title="bbox 2267 4080 3843 4153">
    <p class='ocr_par' dir='ltr' id='par_1_87' title="bbox 2267 4080 3843 4153">
     <span class='ocr_line' id='line_1_87' title="bbox 2267 4080 3843 4153; baseline 0 -18"><span class='ocrx_word' id='word_1_659' title='bbox 2267 4080 2443 4152; x_wconf 84' lang='grc' dir='ltr'>δόγμα</span> <span class='ocrx_word' id='word_1_660' title='bbox 2475 4083 2569 4135; x_wconf 72' lang='grc' dir='ltr'><strong>καὶ</strong></span> <span class='ocrx_word' id='word_1_661' title='bbox 2597 4081 2781 4151; x_wconf 85' lang='grc' dir='ltr'>σαφῶς</span> <span class='ocrx_word' id='word_1_662' title='bbox 2800 4080 3086 4152; x_wconf 84' lang='grc' dir='ltr'>είρημένον</span> <span class='ocrx_word' id='word_1_663' title='bbox 3115 4081 3319 4134; x_wconf 74' lang='grc' dir='ltr'>ἐκεῖθεν</span> <span class='ocrx_word' id='word_1_664' title='bbox 3346 4081 3601 4153; x_wconf 83' lang='grc' dir='ltr'>λήψεται·</span> <span class='ocrx_word' id='word_1_665' title='bbox 3629 4082 3704 4146; x_wconf 84' lang='grc' dir='ltr'>ὡς</span> <span class='ocrx_word' id='word_1_666' title='bbox 3733 4083 3843 4153; x_wconf 84' lang='grc' dir='ltr'><strong>ἀρα</strong></span> 
     </span>
    </p>
   </div>
   <div class='ocr_carea' id='block_1_88' title="bbox 2267 4173 3840 4245">
    <p class='ocr_par' dir='ltr' id='par_1_88' title="bbox 2267 4173 3840 4245">
     <span class='ocr_line' id='line_1_88' title="bbox 2267 4173 3840 4245; baseline 0.002 -20"><span class='ocrx_word' id='word_1_667' title='bbox 2267 4174 2318 4225; x_wconf 80' lang='grc' dir='ltr'>οἱ</span> <span class='ocrx_word' id='word_1_668' title='bbox 2347 4173 2583 4244; x_wconf 84' lang='grc' dir='ltr'>ἀρχῆθεν</span> <span class='ocrx_word' id='word_1_669' title='bbox 2615 4173 2891 4244; x_wconf 78' lang='grc' dir='ltr'>ἐξαίρετόν</span> <span class='ocrx_word' id='word_1_670' title='bbox 2913 4190 2966 4226; x_wconf 90' lang='grc' dir='ltr'><strong>τι</strong></span> <span class='ocrx_word' id='word_1_671' title='bbox 3003 4174 3292 4244; x_wconf 77' lang='grc' dir='ltr'>ἐσχηκότες</span> <span class='ocrx_word' id='word_1_672' title='bbox 3320 4173 3468 4245; x_wconf 76' lang='grc' dir='ltr'>παρὰ</span> <span class='ocrx_word' id='word_1_673' title='bbox 3500 4173 3840 4245; x_wconf 83' lang='grc' dir='ltr'>ἀνθρώπους,</span> 
     </span>
    </p>
   </div>
   <div class='ocr_carea' id='block_1_89' title="bbox 2268 4263 3843 4337">
    <p class='ocr_par' dir='ltr' id='par_1_89' title="bbox 2268 4263 3843 4337">
     <span class='ocr_line' id='line_1_89' title="bbox 2268 4263 3843 4337; baseline 0.002 -20"><span class='ocrx_word' id='word_1_674' title='bbox 2268 4263 2448 4336; x_wconf 89' lang='grc' dir='ltr'>πολλῷ</span> <span class='ocrx_word' id='word_1_675' title='bbox 2478 4266 2759 4337; x_wconf 87' lang='grc' dir='ltr'>κρείττους</span> <span class='ocrx_word' id='word_1_676' title='bbox 2792 4266 3148 4336; x_wconf 84' lang='grc' dir='ltr'>τυγχάνοντες</span> <span class='ocrx_word' id='word_1_677' title='bbox 3171 4266 3278 4327; x_wconf 74' lang='grc' dir='ltr'><strong>τῶν</strong></span> <span class='ocrx_word' id='word_1_678' title='bbox 3299 4265 3498 4318; x_wconf 88' lang='grc' dir='ltr'>λοιπῶν</span> <span class='ocrx_word' id='word_1_679' title='bbox 3519 4265 3706 4335; x_wconf 83' lang='grc' dir='ltr'>ψυχῶν</span> <span class='ocrx_word' id='word_1_680' title='bbox 3736 4267 3843 4320; x_wconf 81' lang='grc' dir='ltr'>ἀπὸ</span> 
     </span>
    </p>
   </div>
   <div class='ocr_carea' id='block_1_90' title="bbox 2267 4345 3842 4430">
    <p class='ocr_par' dir='ltr' id='par_1_90' title="bbox 2267 4345 3842 4430">
     <span class='ocr_line' id='line_1_90' title="bbox 2267 4345 3842 4430; baseline 0 -20"><span class='ocrx_word' id='word_1_681' title='bbox 2267 4356 2361 4410; x_wconf 90' lang='grc' dir='ltr'><strong>τοῦ</strong></span> <span class='ocrx_word' id='word_1_682' title='bbox 2392 4353 2531 4410; x_wconf 80' lang='grc' dir='ltr'>εἶναι</span> <span class='ocrx_word' id='word_1_683' title='bbox 2563 4357 2782 4426; x_wconf 86' lang='grc' dir='ltr'>ἀγγελοι</span> <span class='ocrx_word' id='word_1_684' title='bbox 2807 4359 2899 4411; x_wconf 77' lang='grc' dir='ltr'><strong>ἐπὶ</strong></span> <span class='ocrx_word' id='word_1_685' title='bbox 2925 4345 3034 4430; x_wconf 71' lang='grc' dir='ltr'>τῆν’</span> <span class='ocrx_word' id='word_1_686' title='bbox 3057 4357 3402 4428; x_wconf 85' lang='grc' dir='ltr'>ἀνθρωπίνην</span> <span class='ocrx_word' id='word_1_687' title='bbox 3433 4359 3842 4429; x_wconf 79' lang='grc' dir='ltr'>καταϐεϐήκασι</span> 
     </span>
    </p>
   </div>
   <div class='ocr_carea' id='block_1_91' title="bbox 587 4449 2174 4524">
    <p class='ocr_par' dir='ltr' id='par_1_91' title="bbox 587 4451 2160 4524">
     <span class='ocr_line' id='line_1_91' title="bbox 587 4451 2160 4524; baseline -0.004 -18"><span class='ocrx_word' id='word_1_688' title='bbox 587 4453 761 4524; x_wconf 81' lang='lat' dir='ltr'><strong>angeli</strong></span> <span class='ocrx_word' id='word_1_689' title='bbox 802 4463 1004 4520; x_wconf 89' lang='lat' dir='ltr'><strong>essent,</strong></span> <span class='ocrx_word' id='word_1_690' title='bbox 1029 4453 1094 4506; x_wconf 89' lang='lat' dir='ltr'><strong>ad</strong></span> <span class='ocrx_word' id='word_1_691' title='bbox 1120 4454 1418 4507; x_wconf 87' lang='lat' dir='ltr'><strong>humanam</strong></span> <span class='ocrx_word' id='word_1_692' title='bbox 1473 4451 1860 4507; x_wconf 88' lang='lat' dir='ltr'><strong>descenderint</strong></span> <span class='ocrx_word' id='word_1_693' title='bbox 1890 4457 2160 4501; x_wconf 85' lang='lat' dir='ltr'><strong>naturam.</strong></span> 
     </span>
    </p>
   </div>
   <div class='ocr_carea' id='block_1_92' title="bbox 2278 4449 3842 4524">
    <p class='ocr_par' dir='ltr' id='par_1_92' title="bbox 2278 4449 3842 4522">
     <span class='ocr_line' id='line_1_92' title="bbox 2278 4449 3842 4522; baseline 0.001 -20"><span class='ocrx_word' id='word_1_694' title='bbox 2278 4449 2446 4518; x_wconf 62' lang='grc' dir='ltr'>φύσιν.</span> <span class='ocrx_word' id='word_1_695' title='bbox 2486 4449 2624 4521; x_wconf 72' lang='grc' dir='ltr'>Φησὶ</span> <span class='ocrx_word' id='word_1_696' title='bbox 2670 4449 2801 4518; x_wconf 89' lang='grc' dir='ltr'>γοῦν</span> <span class='ocrx_word' id='word_1_697' title='bbox 2851 4450 2880 4502; x_wconf 87' lang='grc' dir='ltr'>ὁ</span> <span class='ocrx_word' id='word_1_698' title='bbox 2921 4449 3111 4503; x_wconf 77' lang='grc' dir='ltr'>Ἰακώϐ</span> <span class='ocrx_word' id='word_1_699' title='bbox 3138 4467 3151 4481; x_wconf 91' lang='grc'>·</span> <span class='ocrx_word' id='word_1_700' title='bbox 3213 4469 3231 4501; x_wconf 79' lang='grc' dir='ltr'><strong>ι</strong></span> <span class='ocrx_word' id='word_1_701' title='bbox 3255 4451 3312 4503; x_wconf 90' lang='grc' dir='ltr'>Ὀ</span> <span class='ocrx_word' id='word_1_702' title='bbox 3340 4451 3446 4520; x_wconf 81' lang='grc' dir='ltr'><strong>γάρ</strong></span> <span class='ocrx_word' id='word_1_703' title='bbox 3485 4450 3660 4504; x_wconf 74' lang='grc' dir='ltr'>λαλῶν</span> <span class='ocrx_word' id='word_1_704' title='bbox 3705 4451 3842 4522; x_wconf 80' lang='grc' dir='ltr'>πρὸς</span> 
     </span>
    </p>
   </div>
   <div class='ocr_carea' id='block_1_93' title="bbox 587 4537 2158 4615">
    <p class='ocr_par' dir='ltr' id='par_1_93' title="bbox 587 4537 2158 4615">
     <span class='ocr_line' id='line_1_93' title="bbox 587 4537 2158 4615; baseline -0.004 -17"><span class='ocrx_word' id='word_1_705' title='bbox 587 4543 763 4615; x_wconf 89' lang='lat' dir='ltr'><strong>lnquit</strong></span> <span class='ocrx_word' id='word_1_706' title='bbox 791 4560 920 4615; x_wconf 81' lang='lat' dir='ltr'><strong>ergo</strong></span> <span class='ocrx_word' id='word_1_707' title='bbox 944 4543 1110 4600; x_wconf 83' lang='lat' dir='ltr'><strong>Jacob</strong></span> <span class='ocrx_word' id='word_1_708' title='bbox 1146 4562 1161 4599; x_wconf 94' lang='lat'><strong>:</strong></span> <span class='ocrx_word' id='word_1_709' title='bbox 1197 4563 1215 4596; x_wconf 79' lang='grc' dir='ltr'><strong>ι</strong></span> <span class='ocrx_word' id='word_1_710' title='bbox 1247 4544 1358 4613; x_wconf 85' lang='lat' dir='ltr'><strong>Ego</strong></span> <span class='ocrx_word' id='word_1_711' title='bbox 1395 4545 1487 4613; x_wconf 89' lang='lat' dir='ltr'><strong>qui</strong></span> <span class='ocrx_word' id='word_1_712' title='bbox 1526 4543 1593 4597; x_wconf 90' lang='lat' dir='ltr'><strong>ad</strong></span> <span class='ocrx_word' id='word_1_713' title='bbox 1625 4557 1722 4596; x_wconf 87' lang='lat' dir='ltr'><strong>vos</strong></span> <span class='ocrx_word' id='word_1_714' title='bbox 1745 4540 1959 4610; x_wconf 87' lang='lat' dir='ltr'><strong>loquor,</strong></span> <span class='ocrx_word' id='word_1_715' title='bbox 1990 4537 2158 4593; x_wconf 86' lang='lat' dir='ltr'><strong>Jacob</strong></span> 
     </span>
    </p>
   </div>
   <div class='ocr_carea' id='block_1_94' title="bbox 586 4627 2160 4702">
    <p class='ocr_par' dir='ltr' id='par_1_94' title="bbox 586 4627 2160 4702">
     <span class='ocr_line' id='line_1_94' title="bbox 586 4627 2160 4702; baseline -0.006 -13"><span class='ocrx_word' id='word_1_716' title='bbox 586 4651 726 4702; x_wconf 90' lang='lat' dir='ltr'><strong>sum,</strong></span> <span class='ocrx_word' id='word_1_717' title='bbox 761 4645 817 4690; x_wconf 89' lang='lat' dir='ltr'><strong>et</strong></span> <span class='ocrx_word' id='word_1_718' title='bbox 837 4634 1028 4698; x_wconf 85' lang='lat' dir='ltr'><strong>Israel,</strong></span> <span class='ocrx_word' id='word_1_719' title='bbox 1059 4634 1286 4702; x_wconf 86' lang='lat' dir='ltr'><strong>angelus</strong></span> <span class='ocrx_word' id='word_1_720' title='bbox 1311 4633 1402 4686; x_wconf 90' lang='lat' dir='ltr'><strong>Dei</strong></span> <span class='ocrx_word' id='word_1_721' title='bbox 1425 4647 1546 4687; x_wconf 89' lang='lat' dir='ltr'><strong>sum</strong></span> <span class='ocrx_word' id='word_1_722' title='bbox 1571 4646 1691 4702; x_wconf 88' lang='lat' dir='ltr'><strong>ego,</strong></span> <span class='ocrx_word' id='word_1_723' title='bbox 1719 4637 1774 4684; x_wconf 92' lang='lat' dir='ltr'><strong>et</strong></span> <span class='ocrx_word' id='word_1_724' title='bbox 1794 4628 2020 4698; x_wconf 86' lang='lat' dir='ltr'><strong>spiritus</strong></span> <span class='ocrx_word' id='word_1_725' title='bbox 2049 4627 2160 4696; x_wconf 90' lang='lat' dir='ltr'><strong>pri-</strong></span> 
     </span>
    </p>
   </div>
   <div class='ocr_carea' id='block_1_95' title="bbox 585 4721 2159 4793">
    <p class='ocr_par' dir='ltr' id='par_1_95' title="bbox 585 4721 2159 4793">
     <span class='ocr_line' id='line_1_95' title="bbox 585 4721 2159 4793; baseline -0.005 -14"><span class='ocrx_word' id='word_1_726' title='bbox 585 4727 811 4793; x_wconf 88' lang='lat' dir='ltr'><strong>marius,</strong></span> <span class='ocrx_word' id='word_1_727' title='bbox 864 4734 921 4781; x_wconf 89' lang='lat' dir='ltr'><strong>et</strong></span> <span class='ocrx_word' id='word_1_728' title='bbox 968 4726 1279 4788; x_wconf 85' lang='lat' dir='ltr'><strong>Abraham,</strong></span> <span class='ocrx_word' id='word_1_729' title='bbox 1333 4733 1390 4778; x_wconf 89' lang='lat' dir='ltr'><strong>et</strong></span> <span class='ocrx_word' id='word_1_730' title='bbox 1438 4721 1590 4778; x_wconf 89' lang='lat' dir='ltr'><strong>Isaae</strong></span> <span class='ocrx_word' id='word_1_731' title='bbox 1632 4731 1760 4776; x_wconf 87' lang='lat' dir='ltr'><strong>aute</strong></span> <span class='ocrx_word' id='word_1_732' title='bbox 1802 4735 1967 4776; x_wconf 91' lang='lat' dir='ltr'><strong>omne</strong></span> <span class='ocrx_word' id='word_1_733' title='bbox 2020 4733 2159 4788; x_wconf 88' lang='lat' dir='ltr'><strong>opus</strong></span> 
     </span>
    </p>
   </div>
   <div class='ocr_carea' id='block_1_96' title="bbox 657 4925 2141 4996">
    <p class='ocr_par' dir='ltr' id='par_1_96' title="bbox 657 4925 2141 4996">
     <span class='ocr_line' id='line_1_96' title="bbox 657 4925 2141 4996; baseline -0.006 -11"><span class='ocrx_word' id='word_1_734' title='bbox 657 4930 723 4964; x_wconf 77' lang='grc' dir='ltr'><strong>η·</strong></span> <span class='ocrx_word' id='word_1_735' title='bbox 751 4929 860 4986; x_wconf 81' lang='lat' dir='ltr'><strong>Jer.</strong></span> <span class='ocrx_word' id='word_1_736' title='bbox 891 4946 932 4996; x_wconf 93' lang='grc' dir='ltr'><strong>ι,</strong></span> <span class='ocrx_word' id='word_1_737' title='bbox 967 4929 1020 4984; x_wconf 87' lang='lat'><strong>7.</strong></span> <span class='ocrx_word' id='word_1_738' title='bbox 1097 4930 1141 4962; x_wconf 81' lang='grc'><strong>¹’</strong></span> <span class='ocrx_word' id='word_1_739' title='bbox 1174 4928 1372 4987; x_wconf 83' lang='lat' dir='ltr'><strong>Ezech.</strong></span> <span class='ocrx_word' id='word_1_740' title='bbox 1405 4943 1466 4994; x_wconf 85' lang='grc' dir='ltr'><strong>ιι,</strong></span> <span class='ocrx_word' id='word_1_741' title='bbox 1502 4927 1559 4982; x_wconf 80' lang='grc'>5.</span> <span class='ocrx_word' id='word_1_742' title='bbox 1635 4926 1681 4958; x_wconf 77' lang='grc' dir='ltr'><strong><em>ὀ</em></strong></span> <span class='ocrx_word' id='word_1_743' title='bbox 1715 4925 1938 4979; x_wconf 81' lang='lat' dir='ltr'><strong>Malach.</strong></span> <span class='ocrx_word' id='word_1_744' title='bbox 1974 4939 2057 4989; x_wconf 89' lang='grc' dir='ltr'>ιιι,</span> <span class='ocrx_word' id='word_1_745' title='bbox 2091 4926 2141 4977; x_wconf 86' lang='grc'>1.</span> 
     </span>
    </p>
   </div>
   <div class='ocr_carea' id='block_1_97' title="bbox 659 5128 2155 5203">
    <p class='ocr_par' dir='ltr' id='par_1_97' title="bbox 659 5128 2155 5203">
     <span class='ocr_line' id='line_1_97' title="bbox 659 5128 2155 5203; baseline -0.007 -9"><span class='ocrx_word' id='word_1_746' title='bbox 659 5134 771 5197; x_wconf 82' lang='grc'><strong>(96)</strong></span> <span class='ocrx_word' id='word_1_747' title='bbox 813 5135 978 5203; x_wconf 82' lang='grc' dir='ltr'>Παρὰ</span> <span class='ocrx_word' id='word_1_748' title='bbox 1006 5133 1173 5188; x_wconf 84' lang='grc' dir='ltr'>Θεοῦ.</span> <span class='ocrx_word' id='word_1_749' title='bbox 1204 5132 1317 5203; x_wconf 53' lang='grc' dir='ltr'><strong>εἰς</strong></span> <span class='ocrx_word' id='word_1_750' title='bbox 1341 5132 1511 5188; x_wconf 88' lang='lat' dir='ltr'><strong>codex</strong></span> <span class='ocrx_word' id='word_1_751' title='bbox 1550 5128 1912 5195; x_wconf 84' lang='lat' dir='ltr'><strong>Bodleianus;</strong></span> <span class='ocrx_word' id='word_1_752' title='bbox 1957 5129 2155 5198; x_wconf 76' lang='lat' dir='ltr'><strong>Regius</strong></span> 
     </span>
    </p>
   </div>
   <div class='ocr_carea' id='block_1_98' title="bbox 583 5199 1341 5262">
    <p class='ocr_par' dir='ltr' id='par_1_98' title="bbox 583 5199 1341 5262">
     <span class='ocr_line' id='line_1_98' title="bbox 583 5199 1341 5262; baseline -0.009 -1"><span class='ocrx_word' id='word_1_753' title='bbox 583 5219 638 5261; x_wconf 89' lang='lat' dir='ltr'><strong>et</strong></span> <span class='ocrx_word' id='word_1_754' title='bbox 669 5199 1013 5262; x_wconf 71' lang='lat' dir='ltr'><strong>Barberittus.</strong></span> <span class='ocrx_word' id='word_1_755' title='bbox 1045 5205 1153 5258; x_wconf 81' lang='grc' dir='ltr'>ἀπὸ</span> <span class='ocrx_word' id='word_1_756' title='bbox 1183 5199 1341 5261; x_wconf 87' lang='grc' dir='ltr'>Θεοῦ.</span> 
     </span>
    </p>
   </div>
   <div class='ocr_carea' id='block_1_99' title="bbox 652 5267 2153 5340">
    <p class='ocr_par' dir='ltr' id='par_1_99' title="bbox 652 5267 2153 5340">
     <span class='ocr_line' id='line_1_99' title="bbox 652 5267 2153 5340; baseline -0.003 -9"><span class='ocrx_word' id='word_1_757' title='bbox 652 5277 766 5340; x_wconf 71' lang='grc' dir='ltr'><strong>(νῖ)</strong></span> <span class='ocrx_word' id='word_1_758' title='bbox 817 5275 954 5332; x_wconf 75' lang='grc' dir='ltr'><strong>Ὑπὸ</strong></span> <span class='ocrx_word' id='word_1_759' title='bbox 988 5274 1156 5328; x_wconf 85' lang='grc' dir='ltr'>Θεοῦ.</span> <span class='ocrx_word' id='word_1_760' title='bbox 1200 5274 1276 5326; x_wconf 87' lang='lat' dir='ltr'><strong>Ita</strong></span> <span class='ocrx_word' id='word_1_761' title='bbox 1322 5273 1493 5328; x_wconf 87' lang='lat' dir='ltr'><strong>codex</strong></span> <span class='ocrx_word' id='word_1_762' title='bbox 1545 5269 1908 5330; x_wconf 82' lang='lat' dir='ltr'><strong>Bodleianus;</strong></span> <span class='ocrx_word' id='word_1_763' title='bbox 1955 5267 2153 5338; x_wconf 81' lang='lat' dir='ltr'><strong>Regius</strong></span> 
     </span>
    </p>
   </div>
   <div class='ocr_carea' id='block_1_100' title="bbox 585 5341 1336 5404">
    <p class='ocr_par' dir='ltr' id='par_1_100' title="bbox 585 5341 1336 5404">
     <span class='ocr_line' id='line_1_100' title="bbox 585 5341 1336 5404; baseline -0.005 -4"><span class='ocrx_word' id='word_1_764' title='bbox 585 5357 637 5400; x_wconf 91' lang='lat' dir='ltr'><strong>et</strong></span> <span class='ocrx_word' id='word_1_765' title='bbox 667 5347 1016 5404; x_wconf 65' lang='lat' dir='ltr'><strong>B-ll‘iMN‘lllllS.</strong></span> <span class='ocrx_word' id='word_1_766' title='bbox 1042 5345 1150 5398; x_wconf 73' lang='grc' dir='ltr'><strong>ἀπὸ</strong></span> <span class='ocrx_word' id='word_1_767' title='bbox 1178 5341 1336 5396; x_wconf 89' lang='grc' dir='ltr'>Θεοῦ.</span> 
     </span>
    </p>
   </div>
   <div class='ocr_carea' id='block_1_101' title="bbox 658 5408 2151 5487">
    <p class='ocr_par' dir='ltr' id='par_1_101' title="bbox 658 5408 2151 5487">
     <span class='ocr_line' id='line_1_101' title="bbox 658 5408 2151 5487; baseline -0.001 -21"><span class='ocrx_word' id='word_1_768' title='bbox 658 5418 769 5487; x_wconf 71' lang='lat' dir='ltr'><strong>(tt8)</strong></span> <span class='ocrx_word' id='word_1_769' title='bbox 821 5415 1276 5487; x_wconf 63' lang='grc' dir='ltr'>ζΑπιστήσαντα.</span> <span class='ocrx_word' id='word_1_770' title='bbox 1321 5413 1395 5487; x_wconf 78' lang='lat' dir='ltr'><strong>Ita</strong></span> <span class='ocrx_word' id='word_1_771' title='bbox 1441 5412 1612 5466; x_wconf 89' lang='lat' dir='ltr'><strong>codex</strong></span> <span class='ocrx_word' id='word_1_772' title='bbox 1656 5408 2008 5475; x_wconf 87' lang='lat' dir='ltr'><strong>Bodleianus;</strong></span> <span class='ocrx_word' id='word_1_773' title='bbox 2045 5409 2151 5465; x_wconf 76' lang='lat' dir='ltr'><strong>lle-</strong></span> 
     </span>
    </p>
   </div>
   <div class='ocr_carea' id='block_1_102' title="bbox 590 5484 1602 5555">
    <p class='ocr_par' dir='ltr' id='par_1_102' title="bbox 590 5484 1602 5555">
     <span class='ocr_line' id='line_1_102' title="bbox 590 5484 1602 5555; baseline -0.003 -19"><span class='ocrx_word' id='word_1_774' title='bbox 590 5484 707 5555; x_wconf 77' lang='lat' dir='ltr'><strong>gius</strong></span> <span class='ocrx_word' id='word_1_775' title='bbox 731 5497 784 5536; x_wconf 67' lang='lat' dir='ltr'><strong>et</strong></span> <span class='ocrx_word' id='word_1_776' title='bbox 820 5484 1168 5545; x_wconf 71' lang='lat' dir='ltr'><strong>liurberiuus,</strong></span> <span class='ocrx_word' id='word_1_777' title='bbox 1196 5484 1602 5555; x_wconf 69' lang='grc' dir='ltr'>ἀποστήσαντα.</span> 
     </span>
    </p>
   </div>
   <div class='ocr_carea' id='block_1_103' title="bbox 656 5547 2152 5624">
    <p class='ocr_par' dir='ltr' id='par_1_103' title="bbox 656 5547 2152 5624">
     <span class='ocr_line' id='line_1_103' title="bbox 656 5547 2152 5624; baseline -0.005 -16"><span class='ocrx_word' id='word_1_778' title='bbox 656 5555 769 5624; x_wconf 84' lang='lat'><strong>(99)</strong></span> <span class='ocrx_word' id='word_1_779' title='bbox 815 5555 1176 5624; x_wconf 59' lang='grc' dir='ltr'>Ἐρίσταμεν</span> <span class='ocrx_word' id='word_1_780' title='bbox 1201 5547 1434 5624; x_wconf 47' lang='lat' dir='ltr'><strong>printer}:</strong></span> <span class='ocrx_word' id='word_1_781' title='bbox 1459 5547 1546 5618; x_wconf 81' lang='grc' dir='ltr'>εἷς</span> <span class='ocrx_word' id='word_1_782' title='bbox 1583 5548 1718 5616; x_wconf 77' lang='grc' dir='ltr'>τῶν,</span> <span class='ocrx_word' id='word_1_783' title='bbox 1746 5557 1850 5604; x_wconf 83' lang='lat' dir='ltr'><strong>etc.</strong></span> <span class='ocrx_word' id='word_1_784' title='bbox 1878 5548 1996 5604; x_wconf 80' lang='lat' dir='ltr'><strong>Jam</strong></span> <span class='ocrx_word' id='word_1_785' title='bbox 2027 5557 2152 5624; x_wconf 78' lang='lat' dir='ltr'><strong>ante</strong></span> 
     </span>
    </p>
   </div>
   <div class='ocr_carea' id='block_1_104' title="bbox 591 5619 2149 5693">
    <p class='ocr_par' dir='ltr' id='par_1_104' title="bbox 591 5619 2149 5693">
     <span class='ocr_line' id='line_1_104' title="bbox 591 5619 2149 5693; baseline -0.004 -14"><span class='ocrx_word' id='word_1_786' title='bbox 591 5619 893 5693; x_wconf 37' lang='lat' dir='ltr'><strong>Origenem‘</strong></span> <span class='ocrx_word' id='word_1_787' title='bbox 926 5635 980 5676; x_wconf 92' lang='lat' dir='ltr'><strong>et</strong></span> <span class='ocrx_word' id='word_1_788' title='bbox 1033 5619 1324 5679; x_wconf 73' lang='lat' dir='ltr'><strong>vetustiora</strong></span> <span class='ocrx_word' id='word_1_789' title='bbox 1391 5623 1622 5692; x_wconf 82' lang='lat' dir='ltr'><strong>Origene</strong></span> <span class='ocrx_word' id='word_1_790' title='bbox 1674 5632 1916 5693; x_wconf 86' lang='lat' dir='ltr'><strong>tempora</strong></span> <span class='ocrx_word' id='word_1_791' title='bbox 1968 5619 2149 5693; x_wconf 83' lang='lat' dir='ltr'><strong>multis</strong></span> 
     </span>
    </p>
   </div>
   <div class='ocr_carea' id='block_1_105' title="bbox 595 5691 2149 5764">
    <p class='ocr_par' dir='ltr' id='par_1_105' title="bbox 595 5691 2149 5764">
     <span class='ocr_line' id='line_1_105' title="bbox 595 5691 2149 5764; baseline -0.004 -15"><span class='ocrx_word' id='word_1_792' title='bbox 595 5691 907 5764; x_wconf 81' lang='lat' dir='ltr'><strong>persuasum</strong></span> <span class='ocrx_word' id='word_1_793' title='bbox 956 5693 1122 5751; x_wconf 84' lang='lat' dir='ltr'><strong>fuisse</strong></span> <span class='ocrx_word' id='word_1_794' title='bbox 1173 5695 1360 5750; x_wconf 89' lang='lat' dir='ltr'><strong>scribit</strong></span> <span class='ocrx_word' id='word_1_795' title='bbox 1414 5691 1645 5763; x_wconf 71' lang='lat' dir='ltr'><strong>Cyr-illus</strong></span> <span class='ocrx_word' id='word_1_796' title='bbox 1713 5707 1820 5748; x_wconf 85' lang='lat' dir='ltr'><strong>non</strong></span> <span class='ocrx_word' id='word_1_797' title='bbox 1875 5691 2149 5747; x_wconf 88' lang='lat' dir='ltr'><strong>hominem</strong></span> 
     </span>
    </p>
   </div>
   <div class='ocr_carea' id='block_1_106' title="bbox 2269 4540 3840 4614">
    <p class='ocr_par' dir='ltr' id='par_1_106' title="bbox 2269 4540 3840 4614">
     <span class='ocr_line' id='line_1_106' title="bbox 2269 4540 3840 4614; baseline 0.001 -20"><span class='ocrx_word' id='word_1_798' title='bbox 2269 4543 2433 4612; x_wconf 77' lang='grc' dir='ltr'>ὑμᾶς,</span> <span class='ocrx_word' id='word_1_799' title='bbox 2468 4540 2579 4611; x_wconf 82' lang='grc' dir='ltr'><strong>ἐγὼ</strong></span> <span class='ocrx_word' id='word_1_800' title='bbox 2619 4541 2833 4605; x_wconf 79' lang='grc' dir='ltr'>Ἰακὼὸ,</span> <span class='ocrx_word' id='word_1_801' title='bbox 2867 4542 2962 4595; x_wconf 71' lang='grc' dir='ltr'>καὶ</span> <span class='ocrx_word' id='word_1_802' title='bbox 3007 4541 3240 4614; x_wconf 86' lang='grc' dir='ltr'>Ἰσραὴλ,</span> <span class='ocrx_word' id='word_1_803' title='bbox 3286 4542 3513 4610; x_wconf 78' lang='grc' dir='ltr'>ἄγγελος</span> <span class='ocrx_word' id='word_1_804' title='bbox 3548 4542 3691 4596; x_wconf 86' lang='grc' dir='ltr'>Θεοῦ</span> <span class='ocrx_word' id='word_1_805' title='bbox 3725 4545 3840 4614; x_wconf 79' lang='grc' dir='ltr'>εἰμι</span> 
     </span>
    </p>
   </div>
   <div class='ocr_carea' id='block_1_107' title="bbox 2267 4634 3842 4706">
    <p class='ocr_par' dir='ltr' id='par_1_107' title="bbox 2267 4634 3842 4706">
     <span class='ocr_line' id='line_1_107' title="bbox 2267 4634 3842 4706; baseline -0.001 -16"><span class='ocrx_word' id='word_1_806' title='bbox 2267 4635 2396 4704; x_wconf 77' lang='grc' dir='ltr'>ἐγὼ,</span> <span class='ocrx_word' id='word_1_807' title='bbox 2426 4636 2519 4688; x_wconf 81' lang='grc' dir='ltr'>καὶ</span> <span class='ocrx_word' id='word_1_808' title='bbox 2549 4634 2765 4705; x_wconf 86' lang='grc' dir='ltr'>πνεῦμα</span> <span class='ocrx_word' id='word_1_809' title='bbox 2790 4635 3032 4706; x_wconf 84' lang='grc' dir='ltr'>ἀρχικὸν,</span> <span class='ocrx_word' id='word_1_810' title='bbox 3071 4635 3164 4688; x_wconf 76' lang='grc' dir='ltr'>καὶ</span> <span class='ocrx_word' id='word_1_811' title='bbox 3205 4635 3473 4706; x_wconf 78' lang='grc' dir='ltr'>Ἀϐραάμ,</span> <span class='ocrx_word' id='word_1_812' title='bbox 3518 4634 3612 4688; x_wconf 75' lang='grc' dir='ltr'>καὶ</span> <span class='ocrx_word' id='word_1_813' title='bbox 3657 4635 3842 4693; x_wconf 80' lang='grc' dir='ltr'>Ἰσαὰκ</span> 
     </span>
    </p>
   </div>
   <div class='ocr_carea' id='block_1_108' title="bbox 2266 4723 3834 4798">
    <p class='ocr_par' dir='ltr' id='par_1_108' title="bbox 2266 4723 3834 4798">
     <span class='ocr_line' id='line_1_108' title="bbox 2266 4723 3834 4798; baseline 0.004 -22"><span class='ocrx_word' id='word_1_814' title='bbox 2266 4723 2698 4796; x_wconf 89' lang='grc' dir='ltr'>προεκτίσθησαν</span> <span class='ocrx_word' id='word_1_815' title='bbox 2744 4723 2850 4795; x_wconf 88' lang='grc' dir='ltr'>πρὸ</span> <span class='ocrx_word' id='word_1_816' title='bbox 2879 4725 3076 4788; x_wconf 85' lang='grc' dir='ltr'>παντὸς</span> <span class='ocrx_word' id='word_1_817' title='bbox 3103 4724 3286 4798; x_wconf 76' lang='grc' dir='ltr'>ἔργου.</span> <span class='ocrx_word' id='word_1_818' title='bbox 3340 4724 3480 4795; x_wconf 86' lang='grc' dir='ltr'><strong>Ἐγὼ</strong></span> <span class='ocrx_word' id='word_1_819' title='bbox 3508 4725 3566 4779; x_wconf 77' lang='grc' dir='ltr'>δὲ</span> <span class='ocrx_word' id='word_1_820' title='bbox 3606 4725 3800 4780; x_wconf 81' lang='grc' dir='ltr'>Ἰακώὸ</span> <span class='ocrx_word' id='word_1_821' title='bbox 3818 4760 3834 4784; x_wconf 73' lang='grc' dir='ltr'><strong><em>ο</em></strong></span> 
     </span>
    </p>
   </div>
   <div class='ocr_carea' id='block_1_109' title="bbox 2263 5121 3835 5193">
    <p class='ocr_par' dir='ltr' id='par_1_109' title="bbox 2263 5121 3835 5193">
     <span class='ocr_line' id='line_1_109' title="bbox 2263 5121 3835 5193; baseline -0.004 -12"><span class='ocrx_word' id='word_1_822' title='bbox 2263 5127 2434 5182; x_wconf 88' lang='lat' dir='ltr'><strong>fuisse</strong></span> <span class='ocrx_word' id='word_1_823' title='bbox 2473 5125 2733 5180; x_wconf 81' lang='lat' dir='ltr'><strong>Joannem</strong></span> <span class='ocrx_word' id='word_1_824' title='bbox 2768 5123 3090 5193; x_wconf 85' lang='lat' dir='ltr'><strong>Baptistam,</strong></span> <span class='ocrx_word' id='word_1_825' title='bbox 3134 5123 3229 5177; x_wconf 91' lang='lat' dir='ltr'><strong>sed</strong></span> <span class='ocrx_word' id='word_1_826' title='bbox 3259 5123 3532 5193; x_wconf 86' lang='lat' dir='ltr'><strong>angelum.</strong></span> <span class='ocrx_word' id='word_1_827' title='bbox 3563 5121 3699 5177; x_wconf 88' lang='lat' dir='ltr'><strong>lluic</strong></span> <span class='ocrx_word' id='word_1_828' title='bbox 3741 5139 3835 5177; x_wconf 87' lang='lat' dir='ltr'><strong>an-</strong></span> 
     </span>
    </p>
   </div>
   <div class='ocr_carea' id='block_1_110' title="bbox 2264 5194 3834 5265">
    <p class='ocr_par' dir='ltr' id='par_1_110' title="bbox 2264 5194 3834 5265">
     <span class='ocr_line' id='line_1_110' title="bbox 2264 5194 3834 5265; baseline -0.004 -13"><span class='ocrx_word' id='word_1_829' title='bbox 2264 5208 2370 5252; x_wconf 90' lang='lat' dir='ltr'><strong>tem</strong></span> <span class='ocrx_word' id='word_1_830' title='bbox 2411 5196 2812 5265; x_wconf 13' lang='lat' dir='ltr'><strong>Origenisiloco</strong></span> <span class='ocrx_word' id='word_1_831' title='bbox 2857 5202 3284 5265; x_wconf 83' lang='lat' dir='ltr'><strong>consentaneum</strong></span> <span class='ocrx_word' id='word_1_832' title='bbox 3326 5196 3552 5247; x_wconf 88' lang='lat' dir='ltr'><strong>alterum</strong></span> <span class='ocrx_word' id='word_1_833' title='bbox 3602 5194 3834 5265; x_wconf 80' lang='lat' dir='ltr'><strong>vidiums</strong></span> 
     </span>
    </p>
   </div>
   <div class='ocr_carea' id='block_1_111' title="bbox 2263 5263 3833 5332">
    <p class='ocr_par' dir='ltr' id='par_1_111' title="bbox 2263 5263 3833 5332">
     <span class='ocr_line' id='line_1_111' title="bbox 2263 5263 3833 5332; baseline -0.003 -10"><span class='ocrx_word' id='word_1_834' title='bbox 2263 5278 2409 5322; x_wconf 91' lang='lat' dir='ltr'><strong>tomo</strong></span> <span class='ocrx_word' id='word_1_835' title='bbox 2454 5263 2526 5319; x_wconf 79' lang='grc' dir='ltr'>ιιιί</span> <span class='ocrx_word' id='word_1_836' title='bbox 2571 5268 2623 5318; x_wconf 84' lang='lat' dir='ltr'><strong>in</strong></span> <span class='ocrx_word' id='word_1_837' title='bbox 2658 5264 2992 5318; x_wconf 76' lang='lat' dir='ltr'><strong>Matthwum.</strong></span> <span class='ocrx_word' id='word_1_838' title='bbox 3043 5263 3268 5318; x_wconf 83' lang='lat' dir='ltr'><strong>llomilia</strong></span> <span class='ocrx_word' id='word_1_839' title='bbox 3308 5279 3522 5332; x_wconf 90' lang='lat' dir='ltr'><strong>quoque</strong></span> <span class='ocrx_word' id='word_1_840' title='bbox 3566 5264 3734 5330; x_wconf 82' lang='lat' dir='ltr'><strong>prima</strong></span> <span class='ocrx_word' id='word_1_841' title='bbox 3779 5267 3833 5318; x_wconf 70' lang='grc' dir='ltr'><strong>ιιι</strong></span> 
     </span>
    </p>
   </div>
   <div class='ocr_carea' id='block_1_112' title="bbox 2262 5333 3830 5404">
    <p class='ocr_par' dir='ltr' id='par_1_112' title="bbox 2262 5333 3830 5404">
     <span class='ocr_line' id='line_1_112' title="bbox 2262 5333 3830 5404; baseline -0.002 -15"><span class='ocrx_word' id='word_1_842' title='bbox 2262 5337 2588 5390; x_wconf 75' lang='lat' dir='ltr'><strong>Ezecltt&#39;elem</strong></span> <span class='ocrx_word' id='word_1_843' title='bbox 2643 5335 2865 5404; x_wconf 89' lang='lat' dir='ltr'><strong>angelos</strong></span> <span class='ocrx_word' id='word_1_844' title='bbox 2918 5333 3108 5404; x_wconf 7' lang='lat' dir='ltr'><strong>tradit,</strong></span> <span class='ocrx_word' id='word_1_845' title='bbox 3141 5333 3495 5404; x_wconf 78' lang='lat' dir='ltr'><strong>Adamantius</strong></span> <span class='ocrx_word' id='word_1_846' title='bbox 3557 5333 3830 5404; x_wconf 80' lang='lat' dir='ltr'><strong>Christum</strong></span> 
     </span>
    </p>
   </div>
   <div class='ocr_carea' id='block_1_113' title="bbox 2261 5402 3834 5472">
    <p class='ocr_par' dir='ltr' id='par_1_113' title="bbox 2261 5402 3834 5472">
     <span class='ocr_line' id='line_1_113' title="bbox 2261 5402 3834 5472; baseline -0.002 -11"><span class='ocrx_word' id='word_1_847' title='bbox 2261 5407 2536 5461; x_wconf 90' lang='lat' dir='ltr'><strong>imitantes</strong></span> <span class='ocrx_word' id='word_1_848' title='bbox 2569 5406 2634 5458; x_wconf 90' lang='lat' dir='ltr'><strong>ad</strong></span> <span class='ocrx_word' id='word_1_849' title='bbox 2680 5402 2838 5472; x_wconf 85' lang='lat' dir='ltr'><strong>opem</strong></span> <span class='ocrx_word' id='word_1_850' title='bbox 2888 5403 3202 5457; x_wconf 85' lang='lat' dir='ltr'><strong>hominibus</strong></span> <span class='ocrx_word' id='word_1_851' title='bbox 3247 5403 3522 5458; x_wconf 83' lang='lat' dir='ltr'><strong>ferendam</strong></span> <span class='ocrx_word' id='word_1_852' title='bbox 3578 5403 3644 5456; x_wconf 90' lang='lat' dir='ltr'><strong>de</strong></span> <span class='ocrx_word' id='word_1_853' title='bbox 3692 5402 3834 5458; x_wconf 76' lang='lat' dir='ltr'><strong>ctelo</strong></span> 
     </span>
    </p>
   </div>
   <div class='ocr_carea' id='block_1_114' title="bbox 2257 5474 2899 5531">
    <p class='ocr_par' dir='ltr' id='par_1_114' title="bbox 2257 5474 2899 5531">
     <span class='ocr_line' id='line_1_114' title="bbox 2257 5474 2899 5531; baseline -0.008 0"><span class='ocrx_word' id='word_1_854' title='bbox 2257 5477 2604 5531; x_wconf 86' lang='lat' dir='ltr'><strong>descendere.</strong></span> <span class='ocrx_word' id='word_1_855' title='bbox 2639 5474 2899 5530; x_wconf 77' lang='lat' dir='ltr'><strong>HUETIUS.</strong></span> 
     </span>
    </p>
   </div>
   <div class='ocr_carea' id='block_1_115' title="bbox 2333 5541 3828 5622">
    <p class='ocr_par' dir='ltr' id='par_1_115' title="bbox 2333 5541 3828 5622">
     <span class='ocr_line' id='line_1_115' title="bbox 2333 5541 3828 5622; baseline -0.002 -24"><span class='ocrx_word' id='word_1_856' title='bbox 2333 5546 2558 5622; x_wconf 49' lang='grc' dir='ltr'><strong>(1)“Εὶς⁸</strong></span> <span class='ocrx_word' id='word_1_857' title='bbox 2591 5544 2817 5622; x_wconf 57' lang='grc' dir='ltr'>αὐτοὺς</span> <span class='ocrx_word' id='word_1_858' title='bbox 2851 5544 3228 5622; x_wconf 43' lang='grc' dir='ltr'>χρηστότητι,</span> <span class='ocrx_word' id='word_1_859' title='bbox 3265 5542 3354 5622; x_wconf 79' lang='lat' dir='ltr'><strong>Sic</strong></span> <span class='ocrx_word' id='word_1_860' title='bbox 3381 5543 3550 5622; x_wconf 67' lang='lat' dir='ltr'><strong>codex</strong></span> <span class='ocrx_word' id='word_1_861' title='bbox 3587 5541 3828 5622; x_wconf 71' lang='lat' dir='ltr'><strong>Bodleia:</strong></span> 
     </span>
    </p>
   </div>
   <div class='ocr_carea' id='block_1_116' title="bbox 2259 5609 3822 5684">
    <p class='ocr_par' dir='ltr' id='par_1_116' title="bbox 2259 5609 3822 5684">
     <span class='ocr_line' id='line_1_116' title="bbox 2259 5609 3822 5684; baseline 0 -14"><span class='ocrx_word' id='word_1_862' title='bbox 2259 5609 2400 5678; x_wconf 55' lang='lat' dir='ltr'><strong>nus;&#39;</strong></span> <span class='ocrx_word' id='word_1_863' title='bbox 2432 5609 2631 5684; x_wconf 69' lang='lat' dir='ltr'><strong>Regius</strong></span> <span class='ocrx_word' id='word_1_864' title='bbox 2675 5625 2730 5670; x_wconf 89' lang='lat' dir='ltr'><strong>et</strong></span> <span class='ocrx_word' id='word_1_865' title='bbox 2779 5609 3148 5680; x_wconf 14' lang='lat' dir='ltr'><strong>Ba&#39;rbe’rittus.</strong></span> <span class='ocrx_word' id='word_1_866' title='bbox 3182 5616 3261 5677; x_wconf 84' lang='grc' dir='ltr'>εἰς</span> <span class='ocrx_word' id='word_1_867' title='bbox 3311 5613 3627 5684; x_wconf 86' lang='grc' dir='ltr'>ἀνθρώπους</span> <span class='ocrx_word' id='word_1_868' title='bbox 3659 5609 3822 5670; x_wconf 74' lang='grc' dir='ltr'>αὑτοῦ</span> 
     </span>
    </p>
   </div>
   <div class='ocr_carea' id='block_1_117' title="bbox 2259 5685 2603 5764">
    <p class='ocr_par' dir='ltr' id='par_1_117' title="bbox 2259 5685 2603 5764">
     <span class='ocr_line' id='line_1_117' title="bbox 2259 5685 2603 5764; baseline 0.006 -27"><span class='ocrx_word' id='word_1_869' title='bbox 2259 5703 2364 5764; x_wconf 85' lang='grc' dir='ltr'><strong>χρη</strong></span> <span class='ocrx_word' id='word_1_870' title='bbox 2372 5685 2603 5756; x_wconf 72' lang='grc' dir='ltr'>στάτητι.</span> 
     </span>
    </p>
   </div>
  </div>
