4194 6400
391 376 490 434 169

1476 370 1832 428 COMMENT.
1869 368 1937 424 IN
1973 367 2165 426 JOAN.
2202 368 2441 428 TOMUS
2474 371 2537 425 ll.

3528 374 3638 430 170

385 502 415 552 6
458 495 677 568 κληθεὶς
710 496 786 563 (‘2)
816 496 919 550 ὑπὸ
964 494 1265 568 ἀνθρώπων
1310 495 1526 562 Ἰακὼϐ,
1578 497 1641 550 τὸ
1689 496 1746 550 δὲ
1795 494 1964 566 δνομά

2072 494 2239 550 creati
2270 495 2506 550 fuerunt.
2541 495 2655 567 Ego
2678 503 2855 549 autem
2884 493 3051 550 Jacob
3070 534 3086 560 ,
3119 504 3343 551 vocatus
3368 496 3436 551 ab
3461 497 3645 552 homi-

388 605 485 659 μου
526 586 764 659 Ἰσραὴλ,
795 590 824 641 ό
847 588 1065 659 κληθεὶς
1094 589 1199 642 ὑπὸ
1221 586 1357 641 Θεοῦ
1396 585 1630 658 Ἰσραὴλ,
1661 587 1802 659 ἀνὴρ
1826 586 1967 657 ὁρῶν

383 679 533 744 Θεὸν,
569 680 650 733 ὅτι
684 679 795 749 ἐγὼ
847 681 1188 752 πρωτόγονος
1215 679 1415 743 παντὸς
1467 678 1607 744 ζώου
1658 679 1966 750 ζωουμένου

385 771 486 825 ὑπὸ
531 769 687 824 Θεοῦ.
715 790 733 822 ι
785 772 895 825 Καὶ
929 772 1213 843 ἐπιφέρει·
1256 770 1438 838 «Ἐγὼ
1485 771 1543 824 δὲ
1585 773 1674 825 ὅτε
1716 774 1968 843 ὴρχόμην

383 864 488 918 ἀπὸ
520 864 945 934 Μεσοποταμίας
962 865 1059 934 τῆς
1088 863 1305 935 Συρίας,
1339 863 1562 933 ἐξῆλθεν
1587 864 1792 935 Οὐριὴλ
1816 867 1845 917 ὁ
1869 866 1969 933 ἄγ-

383 954 533 1022 γελος
559 953 652 1006 τοῦ
683 954 842 1019 Θεοῦ,
871 955 966 1008 καὶ
996 950 1170 1017 εἶπεν,
1206 955 1562 1027 ὄτι-Κατέϐην
1595 958 1688 1009 ἐπὶ
1717 957 1815 1027 τὴν
1840 955 1964 1025 γῆν,

382 1048 473 1101 καὶ
500 1048 894 1117 κατεσκήνωσα
926 1049 984 1100 ἐν
1028 1045 1368 1120 ἀνθρὼποις’
1420 1048 1514 1101 καὶ
1545 1048 1626 1101 ὅτι
1654 1046 1855 1118 ἐκλήθη
1890 1047 1966 1116 (5)

382 1126 605 1214 ὀνόματι
640 1141 858 1205 Ἰακὼϐ,
899 1140 1160 1211 ἐζήλωσε,
1217 1142 1314 1196 καὶ
1363 1143 1670 1214 ἐμαχέσατο
1716 1161 1826 1215 μοι,
1875 1146 1970 1199 καὶ

383 1234 607 1288 ἐπάλαιε
639 1232 776 1304 πρὸς
812 1233 901 1303 μὲ,
928 1232 1103 1303 λέγων
1130 1234 1489 1305 προτερήσειν
1520 1235 1705 1289 ἐπάνω
1727 1234 1822 1288 τοῦ
1850 1235 1967 1290 δνό-

386 1340 551 1395 ματος
581 1344 685 1392 μου
719 1322 779 1375 τὸ
811 1322 984 1393 ὄνομα
1025 1322 1212 1389 αὑτοῦ,
1247 1324 1342 1378 καὶ
1373 1324 1468 1379 τοῦ
1502 1324 1609 1398 πρὸ
1634 1324 1835 1389 παντὸς
1864 1328 1968 1395 ἀγ-

380 1414 562 1483 γέλου.
596 1416 707 1470 Καὶ
734 1411 864 1469 εἶπα
895 1414 1043 1486 αὑτῷ
1064 1416 1124 1470 τὸ
1154 1416 1329 1487 ὄνομα
1353 1417 1541 1481 αὐτοῦ,
1575 1419 1671 1472 καὶ
1703 1419 1866 1483 πόσος
1890 1419 1966 1485 (4)

379 1505 525 1558 ἐστὶν
558 1506 616 1558 ἐν
662 1508 800 1568 υἱοῖς
830 1504 988 1560 Θεοῦ.
1043 1507 1179 1578 Οὐχὶ
1228 1508 1292 1561 σὺ
1337 1507 1544 1581 οὑριὴλ
1583 1507 1770 1576 ὄγδοος
1808 1508 1964 1579 ἐμοῦ,

378 1596 535 1665 κάγὼ
598 1598 816 1669 Ἰσραὴλ
877 1599 1218 1671 ἀρχάγγελος
1274 1600 1559 1671 δυνάμεως
1603 1600 1809 1671 Κυρίου
1866 1601 1963 1672 (5).

377 1689 473 1744 καὶ
504 1690 917 1762 ἀρχιχιλίαρχός
948 1693 1063 1762 είμι
1097 1693 1158 1745 ἐν
1198 1694 1335 1757 υίοίς
1364 1693 1535 1759 Θεοῦ;
1561 1693 1697 1764 Οὐχὶ
1720 1692 1831 1763 ἐγὼ
1869 1694 1968 1748 Ἰσ-

378 1783 517 1855 ραὴλ
545 1785 576 1837 ό
617 1785 677 1839 ἐν
724 1784 1000 1855 προσώπῳ
1051 1783 1187 1839 Θεοῦ
1239 1785 1553 1859 λειτουργὸς
1601 1787 1836 1858 πρῶτος,
1872 1787 1968 1841 κα).

377 1873 798 1945 ἐπεκὼσάμην
830 1876 888 1928 ἐν
917 1874 1143 1946 ὀνόματι
1170 1875 1422 1948 ἀσϐέστῳ
1452 1877 1542 1930 τὸν
1586 1876 1719 1931 Θεόν
1772 1894 1909 1947 μου;
1937 1897 1955 1928 ι

375 1967 534 2031 Εἰκὸς
554 1967 665 2039 γάρ
690 1967 896 2021 τούτων
922 1967 1138 2039 ἀληθῶς
1159 1968 1265 2021 ὑπὸ
1283 1968 1380 2022 τοῦ
1416 1967 1610 2023 Ἰακὼϐ
1633 1968 1960 2040 λεγομένων,

377 2061 469 2113 καὶ
497 2059 588 2114 διά
614 2060 771 2114 τοῦτο
800 2061 1330 2133 ἀναγεγραμμένων,
1378 2061 1471 2115 καὶ
1494 2061 1556 2114 τό
1575 2077 1588 2090 °
1626 2080 1643 2112 ι
1668 2062 1754 2114 Ἐν
1785 2062 1962 2133 κοιλίᾳ

375 2152 659 2223 ἐπτέρνισε
691 2151 783 2206 τὸν
827 2151 1056 2222 ἀδελφὸν
1087 2151 1275 2217 αὑτοῦ,
1304 2171 1324 2203 ι
1373 2152 1608 2216 συνετῶς
1657 2155 1954 2222 γεγονέναι.

388 2246 710 2317 Ἐπίστησον
757 2245 815 2299 δὲ
842 2247 891 2299 εί
921 2246 984 2298 τὸ
1008 2245 1294 2317 διαϐόητον
1338 2247 1466 2317 περὶ
1511 2245 1704 2299 Ἰακὼϐ
1736 2248 1832 2300 καὶ
1869 2247 1962 2300 Ἢ-

377 2338 475 2393 σαῦ
502 2337 726 2409 ζήτημα
754 2337 906 2391 λύσιν
939 2336 1073 2407 ἔχει’
1116 2339 1237 2392 ἐπεὶ
1275 2358 1294 2389 ι
1318 2339 1542 2410 μηδέπω
1571 2339 1959 2409 γεννηθέντων,

377 2430 509 2502 μηδέ
532 2431 858 2504 πραξάντων
901 2447 954 2484 τι
982 2430 1187 2499 ἀγαθὸν
1215 2432 1247 2503 ἢ
1278 2430 1502 2501 φαῦλον,
1532 2431 1619 2485 ἵνα
1662 2433 1696 2502 ἡ
1731 2431 1850 2486 κατ’
1873 2434 1963 2485 ἐκ-

374 2524 536 2595 λογὴν
569 2524 827 2597 πρόθεσις
858 2523 954 2577 τοῦ
986 2523 1120 2577 Θεοῦ
1180 2524 1338 2597 μένῃ,
1382 2524 1482 2578 οὐκ
1509 2523 1570 2588 ἐξ
1614 2524 1812 2595 ἔργων,
1845 2525 1961 2578 ἀλλ’

356 2619 437 2670 ἐκ
460 2616 556 2670 τοῦ
604 2615 897 2679 καλοῦντος
930 2615 1159 2687 ἐρρήθη,
1207 2616 1387 2675 am'o
1442 2614 1641 2687 μείζων
1685 2617 1961 2670 δουλεύσει

372 2710 449 2780 τῷ
471 2710 745 2773 ἐλάσσονι,
793 2708 1046 2779 καθάπερ
1072 2708 1383 2780 γέγραπται
1402 2724 1416 2738 ο
1460 2706 1563 2762 Τὸν
1607 2708 1800 2761 Ἰακὼϐ
1827 2710 1964 2778 ἠγά-

371 2818 546 2872 πησα,
580 2800 670 2853 τὸν
697 2799 754 2852 δὲ
814 2798 985 2853 Ἦσαῦ
1026 2799 1285 2871 ἐμίσησα.
1325 2799 1391 2852 Τί
1414 2794 1508 2853 οῦν
1557 2799 1825 2869 ἐροῦμεν;
1870 2799 1962 2870 Μὴ

374 2892 560 2948 ἀδικία
592 2890 744 2963 παρά
763 2890 841 2962 τῷ
865 2889 1018 2961 Θεῷ;
1052 2890 1146 2962 Μὴ
1175 2891 1383 2960 γένοιτο
1402 2892 1414 2944 l
1435 2912 1455 2943 ι
1480 2892 1662 2962 Μήπω
1691 2890 1748 2943 δὲ
1778 2908 1963 2962 γεννη-

373 2984 599 3050 θέντων,
640 2983 774 3056 μηδὲ
822 2982 1144 3055 πραξάντων
1176 3000 1228 3036 τι
1260 2982 1463 3051 ἀγαθὸν
1509 2982 1542 3054 ἦ
1577 2981 1801 3051 φαῦλον,
1831 2982 1897 3036 ἵν’
1924 2983 1962 3053 ἡ

373 3080 491 3132 κατ’
515 3077 749 3147 ἐκλογὴν
773 3076 1032 3147 πρόθεσις
1060 3074 1155 3129 τοῦ
1183 3073 1319 3128 Θεοῦ
1355 3075 1511 3146 μένῃ,
1545 3075 1644 3129 οὐκ
1673 3074 1736 3139 ἐξ
1762 3074 1959 3147 ἔργων,

373 3169 483 3223 ἀλλ’
517 3173 588 3224 ἐκ
609 3168 705 3222 τοῦ
731 3168 867 3223 Θεοῦ
902 3166 1192 3231 καλοῦντος
1238 3166 1479 3239 ἐρρήθηο
1510 3167 1571 3219 οὐ
1600 3167 1962 3238 κατατρεχόν-
1988 3196 2033 3255 c

371 3280 479 3317 των
506 3259 605 3317 οῦν
627 3261 786 3333 ήμῶν
838 3259 913 3331 (6)
960 3260 1052 3312 ἐπὶ
1078 3259 1147 3314 τά
1179 3259 1288 3330 πρὸ
1310 3258 1404 3313 τοῦ
1435 3258 1549 3329 βίου
1579 3259 1769 3313 τούτου
1796 3260 1954 3329 ἔργα,

372 3356 488 3419 πῶς
518 3353 724 3424 ἀληθὲς
754 3353 815 3406 τὸ
845 3352 919 3423 μὴ
943 3349 1083 3406 εἶναι
1108 3351 1292 3406 ἄδικον
1322 3352 1474 3423 παρά
1499 3350 1640 3422 Θεῷ,
1658 3350 1752 3405 τοῦ
1776 3350 1959 3423 μείζο-

372 3466 458 3513 νος
501 3447 848 3511 δουλεύοντος
890 3446 969 3517 τῷ
1015 3446 1259 3500 ἐλάττονι
1310 3445 1406 3498 καὶ
1452 3446 1777 3516 μισουμένου
1829 3447 1957 3519 πρὶν

372 3540 599 3612 ποιῆσαι
625 3538 695 3592 τά
727 3539 854 3605 ἄξια
881 3537 977 3591 τοῦ
1003 3535 1273 3591 δουλεύειν
1299 3535 1396 3589 καὶ
1419 3534 1489 3590 τά
1512 3535 1638 3601 ἀξια
1659 3534 1755 3589 τοῦ
1790 3538 1961 3607 μισεῖ-

374 3631 533 3697 σθαι;
603 3631 725 3684 Ἐπὶ
758 3631 941 3685 πλεῖον
994 3628 1054 3682 δὲ
1120 3625 1501 3699 παρεξέϐημεν
1547 3627 1957 3699 παραλαϐόντες

368 3724 458 3778 τὸν
501 3723 634 3793 περὶ
668 3720 860 3776 Ἰακὼϐ
907 3720 1086 3788 λόγον,
1134 3720 1229 3774 καὶ
1259 3717 1667 3789 μαρτυράμενοι
1703 3720 1833 3789 ἡμῖν
1857 3718 1958 3772 οὐκ

369 3816 846 3888 εὐκαταφρόνητον
899 3812 1139 3884 Γραφὴν,
1190 3811 1278 3865 ἵνα
1333 3810 1724 3881 πιστικὼτερον
1761 3813 1791 3864 ὁ
1828 3810 1957 3882 περὶ

382 3909 631 3965 Ἰωάννου
664 3907 891 3978 γένηται
917 3905 1092 3975 λόγος,
1126 3901 1554 3967 κατασκευάζων
1584 3901 1767 3966 αὐτὸν,
1811 3900 1954 3956 κατά

2075 587 2233 640 nibus
2256 585 2442 651 Jacoh,
2483 600 2677 640 nomen
2709 599 2843 641 vero
2892 600 3068 640 meum
3114 585 3304 652 Israel,
3341 587 3432 657 qui
3477 602 3646 644 vocor

2070 678 2235 734 Israel
2261 694 2290 732 a
2328 678 2456 742 Deo,
2487 679 2569 732 vir
2624 678 2813 734 videns
2866 679 3055 743 Deum,
3098 678 3358 747 quoniam
3403 694 3503 749 ego
3532 679 3647 749 pri-

2072 771 2382 840 mogenitus
2431 772 2610 827 omnis
2655 772 2947 826 animantis
2992 787 3021 825 a
3066 771 3175 827 Deo
3220 772 3467 826 animati.
3530 792 3552 825 ι
3579 772 3648 828 Ει

2070 862 2344 934 snbjnngit
2378 881 2393 918 :
2427 883 2445 916 ι
2479 863 2613 918 Cum
2662 879 2789 918 vero
2814 880 2917 934 ego
2959 866 3233 919 venissem
3267 880 3297 917 a
3335 863 3646 935 Mesopota-

2070 955 2179 1008 mia
2203 956 2396 1025 Syriae,
2431 956 2600 1010 exivit
2628 955 2778 1012 Uriel
2803 956 3032 1025 angelus
3068 956 3160 1009 Dei
3181 996 3195 1017 ,
3225 966 3280 1011 et
3308 956 3439 1011 dicit
3470 973 3529 1014 se
3551 960 3645 1014 de-

2071 1047 2348 1101 scendisse
2380 1047 2447 1100 ad
2481 1057 2708 1109 terram,
2731 1057 2785 1101 et
2822 1047 3096 1103 habitasse
3119 1047 3260 1103 inter
3283 1048 3549 1111 homines.
3589 1060 3646 1104 et

2069 1139 2215 1207 quod
2242 1147 2464 1193 vocatus
2511 1138 2706 1193 fuisset
2752 1139 2972 1193 nomine
3014 1137 3216 1202 Jacob,
3249 1141 3648 1209 mmulatusqnc

2068 1238 2175 1290 eSt,
2204 1236 2258 1282 et
2302 1229 2570 1296 pugnavit
2609 1244 2843 1291 mecum.
2895 1240 2949 1284 et
2987 1230 3230 1284 luctatus
3255 1242 3360 1297 est,
3393 1234 3525 1286 mibi
3561 1234 3647 1287 di-

2068 1333 2232 1384 cens,
2273 1336 2430 1376 suum
2479 1336 2680 1377 nomen
2727 1322 2932 1390 primas
2978 1323 3184 1379 habere
3228 1339 3394 1393 supra
3446 1342 3645 1382 nomen

2068 1425 2271 1474 meum,
2316 1419 2370 1465 et
2409 1421 2535 1465 ante
2577 1426 2798 1465 onmem
2848 1413 3122 1483 angelum.
3196 1414 3647 1486 lnterrogaviqne

2067 1516 2190 1556 eum
2222 1503 2289 1558 de
2322 1504 2540 1558 nomine
2569 1516 2765 1567 suo,et
2795 1517 2994 1574 quouis
3022 1517 3167 1562 esset
3191 1509 3334 1563 inter
3366 1508 3503 1564 filios
3524 1511 3642 1568 Dei.

2067 1594 2255 1651 Nonne
2287 1605 2342 1650 tu
2386 1610 2446 1650 es
2479 1594 2625 1651 Uriel
2668 1606 2901 1653 octavus
2926 1614 2956 1653 a
2991 1614 3095 1662 me,
3144 1611 3200 1654 et
3221 1617 3323 1671 ego
3351 1600 3521 1659 lsrael
3552 1620 3641 1657 ar-

2068 1684 2361 1753 changelus
2407 1684 2664 1752 potentia:
2707 1685 2944 1753 Domini,
2993 1698 3048 1744 et
3091 1665 3348 1760 princeps
3391 1693 3646 1750 tribunus
3711 1665 3722 1686 Ι

2069 1776 2297 1830 militum
2336 1776 2481 1830 inter
2516 1776 2653 1829 ﬁlios
2692 1776 2822 1830 Dei?
2861 1776 3056 1835 Nonne
3101 1794 3201 1850 ego
3253 1782 3418 1838 lsraei
3445 1784 3497 1839 in
3519 1800 3646 1854 per-

2069 1879 2205 1920 sona
2272 1863 2368 1919 Dei
2432 1864 2683 1919 minister
2723 1865 2954 1933 primus,
3005 1879 3061 1925 et
3126 1871 3376 1929 invocavi
3422 1877 3646 1931 nomine

2070 1955 2500 2027 inexstinguibili
2547 1957 2715 2011 Deum
2742 1961 2961 2015 meum?
3000 1981 3020 2013 ι
3053 1962 3342 2020 Probabile
3383 1966 3529 2021 enim
3560 1979 3648 2024 est

2071 2047 2156 2101 bis
2196 2062 2225 2099 a
2259 2044 2426 2103 Jacob
2471 2062 2594 2103 rere
2637 2050 2823 2116 dictis,
2854 2060 2911 2106 et
2951 2051 3024 2107 ob
3073 2052 3177 2109 hoc
3206 2054 3446 2124 scriptis,
3478 2057 3645 2113 etiam

2071 2137 2246 2191 illud:
2283 2157 2302 2190 ‹
2334 2138 2392 2192 ln
2439 2148 2597 2194 utero
2638 2142 3010 2210 supplantavit
3057 2142 3282 2201 fratrem
3324 2160 3482 2201 suum
3506 2147 3573 2215 “,
3618 2168 3641 2203 ι

2072 2230 2369 2298 prudenter
2393 2229 2596 2284 factum
2630 2230 2815 2287 fuisse.
2844 2231 3057 2303 Inspice
3085 2240 3213 2291 vero
3245 2253 3370 2291 num
3401 2238 3648 2295 celeber-

2072 2322 2208 2375 rima
2233 2321 2460 2390 quaesnio
2484 2324 2551 2376 de
2583 2321 2754 2379 Iacob
2782 2336 2839 2380 et
2873 2324 3016 2380 Esau
3071 2327 3393 2383 solutionem
3425 2330 3645 2399 habeat,

2071 2416 2505 2485 quandoquidem
2550 2435 2569 2468 ι
2601 2419 2839 2472 nondum
2881 2420 3023 2475 natis
3052 2421 3254 2489 pueris,
3287 2436 3413 2476 cum
3469 2439 3647 2495 neque

2069 2504 2195 2558 boni
2239 2505 2514 2574 quidpiam
2547 2504 2806 2561 fecissent
2852 2523 3029 2579 neque
3054 2509 3207 2573 mali,
3260 2515 3644 2570 utsecundum

2070 2597 2394 2653 electionem
2421 2598 2759 2668 propositum
2792 2600 2884 2653 Dei
2913 2611 3180 2667 maneret,
3211 2619 3318 2657 nun
3366 2620 3435 2659 ex
3464 2611 3648 2675 operi-

2071 2688 2194 2753 bns,
2219 2688 2316 2742 sed
2338 2703 2406 2742 ex
2442 2698 2671 2743 vocante
2706 2689 2913 2745 dictum
2956 2700 3040 2746 est
3087 2692 3166 2746 illi
3198 2691 3408 2762 :Major
3444 2699 3650 2754 serviet

2072 2780 2289 2845 minori,
2313 2780 2455 2834 sicut
2485 2780 2748 2849 scriptum
2788 2792 2871 2836 est
2897 2801 2909 2835 :
2935 2782 3107 2838 Jacob
3138 2785 3323 2852 dilexi,
3350 2789 3494 2843 Esau
3515 2806 3648 2847 vero

2071 2871 2195 2925 odio
2224 2870 2411 2927 habui.
2460 2871 2600 2939 Quid
2652 2873 2822 2943 igitur
2868 2873 3150 2929 dicemus?
3208 2874 3346 2930 Num
3382 2878 3646 2949 injustitia

2071 2963 2318 3031 est‘apud
2343 2962 2555 3018 Deum?
2580 2964 2737 3020 Absit
2768 2965 2849 3018 ιιι
2909 2984 2930 3016 ι
2962 2963 3071 3037 [(9)
3089 2965 3200 3038 85
3230 2967 3287 3023 Si
3310 2980 3489 3025 autem
3517 2987 3644 3029 cum

2072 3057 2306 3109 nonduin
2330 3057 2441 3109 nati
2472 3055 2726 3119 fuissent,
2746 3056 3070 3126 autaliquid
3103 3060 3230 3113 boni
3255 3062 3517 3133 egissent,
3550 3077 3646 3122 aut

2073 3148 2199 3203 mali
2220 3189 2235 3212 ,
2265 3160 2324 3203 ut
2353 3150 2650 3205 secundum
2680 3148 3003 3205 electionem
3036 3154 3370 3222 propositum
3406 3156 3498 3213 Dei
3529 3175 3648 3214 ma-

2067 3254 2244 3307 neret,
2269 3258 2374 3298 non
2414 3257 2484 3297 ex
2512 3241 2789 3312 operibus,
2825 3244 2920 3298 sed
2945 3260 3010 3297 ex
3036 3256 3267 3301 vocante
3294 3246 3406 3304 Deo
3434 3250 3639 3305 dictum

2066 3347 2146 3391 est
2165 3334 2207 3407 ;]
2243 3351 2349 3390 non
2381 3334 2792 3394 recurrentibus
2824 3350 2955 3405 ergo
2994 3337 3153 3392 nobis
3189 3340 3258 3393 ad
3297 3354 3460 3409 opera
3494 3343 3639 3398 hanc

2065 3432 2237 3486 vitam
2280 3427 2664 3498 praecedentia,
2707 3429 2978 3496 quomodo
3023 3444 3211 3485 verum
3239 3431 3368 3499 erit,
3417 3428 3635 3501 injustié

2071 3524 2201 3577 tiam
2238 3536 2343 3575 non
2368 3535 2487 3575 esse
2516 3522 2657 3590 apud
2695 3517 2888 3581 Deum,
2908 3520 2953 3573 si
2983 3521 3156 3591 major
3185 3524 3384 3577 minori
3406 3525 3641 3590 serviat.

2067 3616 2192 3683 odio
2234 3614 2482 3677 habitus,
2521 3622 2814 3681 antequam
2857 3612 3021 3684 digna
3059 3614 3146 3669 vel
3198 3616 3495 3684 servitute,
3556 3619 3643 3672 vel

2065 3708 2192 3773 odio
2218 3706 2419 3760 faciat?
2470 3703 2576 3760 Sed
2604 3704 2767 3760 latius
2812 3705 3047 3776 digressi
3094 3722 3282 3763 sumus
3327 3724 3636 3765 sermonem

2063 3796 2232 3853 Jacob
2259 3806 2619 3861 assumentes,
2654 3804 2709 3850 et
2738 3796 3077 3853 adducentes
3111 3797 3271 3853 nobis
3303 3800 3356 3853 in
3392 3801 3637 3855 testimo-

2064 3890 2213 3943 nium
2240 3889 2574 3959 Scripturam
2598 3891 2742 3945 haud
2776 3888 2850 3943 ita
2891 3887 3049 3944 facile
3071 3891 3552 3957 contemnendam,
3576 3903 3640 3947 ut

370 4000 467 4071 τὴν
498 3998 596 4053 τοῦ
638 4000 863 4052 Ἡσαΐου
891 3996 1073 4068 φωνὴν
1107 3994 1209 4067 (7),
1238 3993 1468 4063 ἄγγελον
1493 3994 1622 4047 ὄντα
1649 3995 1706 4046 ἐν
1739 3994 1953 4064 σώματι

2067 3980 2438 4039 wnlirmatior
2466 3982 2534 4037 de
2553 3979 2765 4036 Joanne
2792 3982 2971 4036 oratio
3008 3996 3069 4036 ea
3104 3992 3270 4046 esset,
3292 3998 3415 4051 qua:
3437 3986 3640 4038 astruit

370 4093 654 4162 γεγονέναι
677 4093 819 4163 ὑπὲρ
848 4090 945 4144 τοῦ
970 4088 1316 4162 μαρτυρῆσαι
1340 4085 1420 4158 τῷ
1443 4086 1602 4157 φωτί.
1640 4087 1752 4142 Καὶ
1780 4086 1954 4140 ταῦτα

2067 4087 2183 4128 eunt
2237 4073 2489 4142 angelum
2516 4075 2895 4139 exsistentem,
2927 4073 3084 4144 juxta
3124 4074 3277 4128 Isaia:
3306 4089 3527 4139 vocem,
3579 4076 3636 4130 in

374 4190 471 4260 μὶν
502 4189 635 4260 περὶ
674 4187 920 4241 Ἰωάννου
957 4185 1052 4239 τοῦ
1079 4183 1390 4256 ἀνθρώπου.

2067 4179 2294 4235 corpore
2321 4166 2610 4222 advenisse
2661 4166 3076 4223 testificaturum
3107 4168 3176 4221 de
3200 4166 3339 4222 luce.
3364 4165 3472 4221 Sed
3508 4168 3643 4223 bac-

1988 4262 2032 4317 D
2065 4265 2225 4325 tenus
2263 4256 2330 4311 de
2354 4255 2563 4312 Joanne
2590 4259 2828 4312 nomine.

439 4376 531 4432 26.
575 4374 847 4444 Ἠγοῦμαι
876 4372 954 4437 δὲ,
978 4373 1081 4435 ὅτι,
1114 4369 1304 4440 ὥσπερ
1328 4371 1389 4423 ἐν
1410 4370 1543 4439 ἡμῖν
1568 4367 1719 4439 φωνὴ
1749 4367 1845 4422 καὶ
1870 4366 1956 4420 λό-

2134 4348 2225 4403 26.
2263 4348 2517 4403 Arbitror
2563 4364 2693 4404 vero
2742 4365 2881 4419 ego,
2937 4349 3389 4419 quemadmodum
3436 4365 3539 4406 vox
3581 4362 3655 4408 et.

368 4487 463 4539 γος
490 4440 830 4538 διαφέρουσι,
861 4463 1163 4535 δυναμένης
1202 4460 1450 4533 μέντοιγέ
1481 4476 1613 4514 ποτε
1640 4459 1826 4530 φωνῆς
1855 4460 1956 4531 τῆς

2067 4455 2243 4496 sermo
2271 4441 2412 4513 apud
2461 4457 2564 4496 nos
2601 4440 2881 4507 differunt,
2916 4458 3037 4496 cum
3080 4442 3351 4496 interdum
3395 4441 3634 4513 proferri

373 4533 542 4633 μηδὲν
594 4533 967 4631 σημαινούσης
1001 4533 1097 4626 ⁷(8)
1120 4533 1516 4625 προφέρεσθαι
1561 4553 1732 4623 χωρὶς
1771 4551 1952 4619 λόγου,

2067 4533 2235 4603 possit
2262 4548 2361 4587 vox
2389 4533 2525 4587 nihil
2553 4533 2868 4604 significans
2889 4535 3095 4603 absque
3120 4548 3398 4597 sermone,
3424 4535 3636 4590 itidem-

368 4602 576 4709 ἕίἓῑτε
605 4602 850 4714 δέῖντος
999 4602 1158 4716 λόγου
1190 4602 1356 4718 inibit;
1386 4643 1466 4714 τῷ
1508 4602 1596 4714 vi;
1617 4602 1956 4712 ἀῖιταγγέλλε-

2067 4602 2165 4692 que
2213 4640 2394 4680 sermo
2445 4602 2653 4696 absque
2688 4640 2823 4679 voce
2871 4602 3175 4681 renuntiari
3235 4625 3407 4694 possit
3463 4630 3632 4682 menti

372 4705 497 4800 σθαι
522 4705 727 4814 ιρωνῆς,
753 4705 849 4813 (ὡς
867 4740 1003 4795 ἐπάν
1023 4705 1083 4793 ἐν
1115 4705 1795 4806 ἐαῦτοίς-διεὲοδεύωμενδ.
1812 4734 1954 4789 οὕτω

2067 4718 2247 4788 [veluti
2275 4733 2400 4773 cum
2427 4718 2565 4772 intra
2598 4734 2696 4773 nos
2723 4718 2870 4789 ipsos
2902 4716 3305 4789 discurrimus).
3353 4719 3424 4772 ita
3464 4715 3635 4773 Joan-

367 4838 463 4893 τοῦ
493 4839 766 4909 Σωτῆρος,
799 4836 941 4891 κατά
988 4851 1109 4888 τινα
1135 4830 1396 4895 ἐπίνοιαν,
1433 4830 1585 4893 ὄντος
1613 4828 1794 4896 λόγου,
1837 4829 1954 4882 δια-

404 4955 409 4961 ’
441 4980 486 5011 ³⁸
513 4978 644 5035 Ose.
671 4992 771 5040 xu,
801 4976 856 5031 ὅ.
932 4976 976 5007 ²¹
1011 4974 1170 5029 nom.
1211 4987 1288 5038 Ix,
1312 4972 1370 5025 ll
1399 4978 1453 5026 et
1481 4984 1596 5025 sea.

440 5091 522 5160 (2)
576 5091 630 5144 Ὀ
669 5089 936 5160 κληθείς.
963 5087 1070 5160 Sic
1104 5086 1286 5160 codex
1329 5084 1694 5151 Bodleianus;
1742 5082 1944 5156 Regius

369 5173 424 5218 et
452 5158 803 5216 Barherinus.
831 5158 1164 5230 οὑίκληθείς.

443 5230 523 5304 (5)
579 5229 972 5304 Indomita
1016 5221 1187 5283 'codex
1236 5225 1590 5292 Bodleianus;
1637 5221 1841 5295 Regius
1887 5233 1944 5279 et

371 5298 730 5375 Βοῇίειῄιιιε,
756 5298 1015 5375 ἐκλήθην.
1081 5367 1092 5375 _
1228 5365 1266 5375 _
1323 5366 1357 5375 __
1394 5366 1409 5375 _
1639 5362 1677 5375 _
1756 5364 1768 5375 .

441 5372 520 5444 (4)
572 5362 793 5444 Πόσος.
846 5362 961 5444 _Sic'
993 5367 1167 5424 codex
1228 5365 1588 5431 Bodleianus;
1639 5362 1841 5436 Regius
1890 5374 1945 5418 et

371 5440 1022 5516 Βειῇξειιίίλιιιιξςηπρῷτος.Δ
1129 5506 1140 5516 _
1332 5509 1378 5516 __
1462 5505 1474 5516 .
1598 5504 1613 5516 _
1703 5504 1744 5516 ﬁ
1803 5504 1834 5516 __
1873 5505 1884 5516 ο

442 5512 521 5583 (5)
573 5504 960 5583 ᾈρχὰγγῖελος
989 5506 1296 5583 δυνᾴμεως
1324 5504 1672 5583 Κυρίουηιιο
1692 5504 1945 5583 Bodleia-

374 5575 476 5637 nus
501 5575 564 5637 ct
604 5575 964 5647 Bahierinus;
1000 5575 1168 5632 editio
1218 5578 1519 5640 Huetiana,
1568 5575 1939 5647 ἀρχάγγελος,

370 5650 667 5725 δυνάμενος
695 5650 926 5723 Κυρίου.
1012 5720 1021 5725 _
1259 5711 1288 5725 ο
1380 5717 1393 5725 _
1457 5713 1483 5725 ,

441 5711 520 5792 (δ)
565 5711 1178 5794 (λύ’-καὶατρεχόντωγ
1217 5711 1331 5794 οὖν
1360 5713 1548 5794 ἡμῶν,
1590 5727 1695 5794 etc:
1741 5716 1941 5770 Eadem

377 5787 561 5862 docet
584 5790 842 5862 Origenes
877 5787 978 5862 lib;
998 5804 1055 5843 ιιι
1096 5787 1236 5862 Περὶ
1268 5787 1488 5862 ἀρχῶτί,
1509 5799 1641 5862 cap.
1672 5788 1724 5850 1,
1757 5795 1812 5840 et
1841 5800 1939 5839 ca-

375 5861 485 5929 pite
513 5855 751 5930 ejusde'm
779 5860 902 5915 libri
933 5862 1118 5914 tertio.
1151 5857 1306 5911 Ilunc
1336 5858 1389 5911 in
1429 5855 1663 5926 Origene
1692 5869 1939 5913 errorem

693 5955 859 6019 Pus
882 5969 966 6015 τι.
1004 5953 1123 6016 Gn.
1158 5953 1323 6014 XIV.

2056 4825 2180 4865 nem
2212 4813 2400 4877 etiam,
2432 4811 2594 4867 veluti
2625 4826 2817 4868 vocem
2849 4812 3206 4867 exsistentem
3238 4810 3305 4864 ad
3338 4825 3628 4881 compara-

2048 5085 2266 5140 damnat
2309 5085 2643 5155 Epiphanius
2675 5087 2872 5141 heres.
2901 5097 3047 5148 ιιιν,
3080 5098 3200 5153 cap.
3230 5082 3286 5150 9,
3311 5092 3366 5138 et
3397 5084 3530 5141 alii:
3560 5085 3627 5141 de

2050 5169 2223 5224 eaque
2252 5157 2429 5224 agitur
2454 5158 2505 5209 in
2543 5156 2907 5224 Origeniauis.

2120 5215 2196 5296 ('7)
2224 5215 2386 5280 Κᾶτὰ
2413 5225 2528 5293 τὴν
2544 5215 2919 5281 τοῦ-Ἡσαΐου
2941 5223 3167 5294 φωνήν.
3195 5223 3355 5296 Juxta
3375 5224 3550 5296 Marci
3587 5243 3626 5296 ι,

2047 5294 2104 5363 2,
2130 5293 2290 5364 quasi
2342 5297 2493 5351 locus
2538 5298 2642 5352 iste
2689 5297 2781 5363 qni
2830 5293 3108 5364 Malacltia:
3148 5309 3231 5349 εει
3268 5311 3282 5347 :
3327 5293 3461 5348 Ἰδοὺ
3511 5293 3626 5364 ἐγὼ

2049 5363 2364 5419 ἀποστέλλω
2395 5365 2486 5420 τὸν
2517 5366 2746 5435 ἄγγελόν
2782 5383 2905 5437 μου,
2932 5363 2999 5417 ad
3029 5364 3279 5437 ls_aia_m_a
3322 5364 3505 5437 Marco
3540 5363 3629 5437 re:

2050 5439 2447 5509 feratur,__non
2502 5432 2737 5507 sequens
2777 5432 2895 5503 ille,
2947 5434 3100 5505 φωνὴ
3158 5432 3391 5504 βοῶντος
3440 5436 3502 5488 ἐν
3553 5436 3624 5509 τῇ

2050 5508 2263 5578 ἐρήμῳ.
2300 5505 2561 5561 ΙΙυετιιῑε.

2123 5524 2263 5631 riguo.
2300 5524 2561 5561 IIUETIUS.
2754 5576 2766 5586 .
3198 5573 3211 5585 .
3540 5573 3552 5585 .

2123 5589 2139 5646 (
2183 5581 2201 5645 )
2236 5578 2677 5646 Σημαινούσης.
2710 5573 2995 5646 διονοοάοι
3030 5572 3388 5639 Bodleranus;
3426 5574 3625 5645 Regius

2048 5657 2100 5700 et
2134 5645 2488 5714 Barberinus,
2517 5645 2944 5715 συμϐαινούσης.

2120 5719 2196 5787 (9)
2237 5716 2360 5771 llaec
2400 5731 2433 5771 a
2487 5713 2740 5787 Ferrario
2775 5713 3136 5785 przetermissa
3187 5729 3253 5770 ex
3293 5713 3623 5786 interpretao

2052 5786 2200 5843 tione
2225 5786 2463 5843 Perionii
2502 5786 2889 5857 supplevimus.

3303 5941 3343 6002 6
