4194 6454
526 390 625 447 171

2004 392 2164 449 OlllC
2174 391 2325 448 ENIS

3694 398 3801 455 ηε

520 514 724 569 tionem
745 509 975 577 Christi,
1007 510 1099 580 qui
1138 525 1317 565 sermo
1349 519 1453 578 est,
1479 509 1704 569 diﬂ'erre
1724 527 1753 567 a
1780 510 2093 577 Servatore,

2208 519 2363 588 φέρει
2388 515 2482 569 καὶ
2512 514 2698 566 τούτου
2725 514 2753 567 6
2800 512 3069 582 Ἰωάννης,
3104 511 3180 576 ὡς
3212 513 3347 585 πρὸς
3379 514 3479 586 τὴν
3504 514 3800 587 ἀναλογίαν

518 610 609 679 qui
643 610 801 677 juxta
834 605 1128 676 quamdam
1156 603 1649 659 considerationem
1683 621 1864 662 sermo
1898 618 2001 663 est.
2024 610 2100 663 Ad

517 702 623 756 hoc
658 708 839 754 autem
880 711 967 752 me
995 698 1192 752 invitat
1231 700 1345 767 ipse
1377 696 1642 762 Joannes,
1687 700 1943 768 quisnam
1984 710 2103 753 tau-

515 791 639 844 dem
669 798 817 845 esset
852 789 921 844 ad
953 790 1354 859 interrogantes
1387 792 1728 860 respondens
1760 809 1774 845 :
1809 809 1829 843 t
1861 792 1971 865 Ego
1995 809 2100 848 vox

510 874 808 932 'clamantis
840 877 893 931 in
928 877 1188 933 deserto:
1233 876 1430 934 Parate
1457 881 1603 934 viam
1643 880 1881 947 Domini,
1921 893 2101 939 rectas

518 969 683 1027 facile
735 970 960 1027 semitas
1004 969 1121 1039 ejus
1162 970 1228 1023 ”.
1269 989 1289 1023 ι
1328 972 1395 1025 Et
1439 973 1676 1029 fortasse
1721 985 1944 1045 prapter
1997 975 2100 1032 hoc

2207 612 2298 667 τοῦ
2334 607 2569 682 Χριστοῦ
2604 608 2964 677 τυγχάνοντος
2996 605 3155 674 λόγου
3194 608 3345 679 φωνὴ
3375 607 3470 661 ὢν.
3524 610 3645 663 Ἐπὶ
3673 611 3790 666 τοῦ·

2203 721 2266 757 το
2290 703 2347 757 δέ
2382 720 2447 774 με
2478 700 2831 774 προκαλεῖται
2863 697 3026 761 αὐτὸς
3074 700 3103 751 6
3148 697 3421 769 Ἰωάννης,
3474 700 3623 764 ὅστις
3667 702 3800 755 ποτὶ

2207 796 2290 867 εῖη
2317 795 2452 867 πρὸς
2480 792 2608 854 τοὺς
2641 788 3077 860 πυνθανομένους
3110 789 3542 860 ἀποκρινόμενος
3560 806 3573 820 ⁸
3609 810 3627 841 ι
3653 790 3796 859 Ἐγὼ

2204 886 2356 958 φωνὴ
2394 884 2627 956 βοῶντος
2668 883 2725 935 ὲν
2758 885 2824 953 τῇ
2881 882 3106 953 ὲρήμῳο
3149 882 3507 952 Ἑτοιμάσατε
3548 881 3647 953 τὴν
3677 882 3799 937 ὁδὸν

2203 981 2432 1051 Κυρίου,
2467 976 2684 1040 εὐθείας
2729 978 2934 1029 ποιεῖτε
2987 976 3084 1040 τὰς
3135 974 3359 1048 τρίϐους
3411 974 3641 1029 αὐτοῦ.»
3684 977 3799 1032 Καὶ

517 1066 829 1124 incredulus
857 1064 1149 1120 Zacharias
1177 1066 1231 1120 in
1262 1078 1385 1120 ortu
1423 1067 1571 1122 vocis
1608 1081 1731 1137 quae
1763 1070 2093 1123 demonstrat

2201 1073 2342 1142 τάχα
2388 1070 2477 1123 διὰ
2517 1069 2677 1123 τοῦτο
2727 1070 3039 1142 ἀπιστήσας
3075 1070 3105 1121 6
3157 1069 3435 1139 Ζαχαρίας
3476 1072 3544 1140 τῇ
3579 1068 3797 1138 γενέσει

517 1175 827 1220 sermonem
880 1158 996 1220 Dei,
1041 1158 1244 1211 amittit
1292 1172 1507 1223 vocem,
1562 1174 1785 1215 sumens
1824 1174 1971 1225 eam,
2010 1175 2100 1213 na-

517 1265 703 1313 scente
736 1269 892 1321 voce,
917 1270 1037 1326 qua:
1059 1264 1142 1310 est
1167 1267 1474 1325 praecursor
1496 1253 1786 1309 sermonis.
1810 1252 1926 1308 Vox
1949 1253 2095 1308 enim

516 1351 743 1405 auribus
784 1348 1125 1419 percipiatur
1162 1355 1417 1417 oportet.
1463 1353 1521 1400 ut
1566 1354 1750 1415 postea
1798 1359 1951 1399 mens
1995 1347 2095 1401 de-

513 1454 878 1501 monstratum
934 1459 963 1497 a
1024 1456 1158 1496 voce
1226 1453 1533 1494 sermonem
1596 1439 1849 1507 excipere
1896 1438 2094 1491 valeat.

514 1538 724 1595 Idcirco
752 1539 915 1593 etiam
947 1536 1109 1606 paulo
1135 1535 1412 1604 antiquior
1464 1532 1685 1587 Christo
1711 1541 1794 1587 est
1827 1530 2091 1595 Joannes,

514 1634 658 1704 quod
688 1632 755 1686 ad
789 1641 969 1685 ortum
1003 1630 1241 1700 pertinet
1276 1643 1290 1678 :
1323 1642 1512 1683 vocem
1544 1627 1691 1681 enim
1724 1634 1854 1681 ante
1878 1640 2092 1681 sermo-

516 1744 639 1784 nem
669 1727 981 1796 recipimus.
1040 1724 1389 1779 Demonstrat
1416 1722 1582 1775 etiam
1611 1720 1891 1775 Christum
1926 1718 2093 1773 Joan-

2198 1166 2297 1237 τῆς
2320 1161 2670 1232 δεικνυούσης
2697 1162 2788 1215 τὸν
2818 1161 2975 1230 λόγον
3002 1160 3096 1215 τοῦ
3125 1160 3260 1215 Θεοῦ
3298 1162 3503 1232 φωνῆς,
3531 1154 3799 1216 άπόλλῦσι

2197 1258 2296 1330 τὴν
2327 1256 2532 1327 φωνὴν,
2565 1253 2859 1325 λαμϐάνων
2901 1254 3073 1325 αὐτὴν
3103 1255 3191 1307 ὅτε
3222 1256 3477 1322 γεννᾶται
3509 1256 3538 1308 6
3566 1254 3797 1328 πρόδρο-

2202 1365 2301 1420 μος
2333 1347 2426 1401 τοῦ
2479 1347 2637 1415 λόγου
2672 1347 2846 1416 φωνή.
2898 1345 3289 1400 Ἐνωτίσασθαι
3322 1345 3432 1419 γάρ
3474 1346 3555 1399 δεῖ
3586 1348 3796 1418 φωνὴν,

2197 1444 2286 1497 ἵνα
2316 1442 2453 1513 μετά
2484 1440 2655 1495 ταῦτα
2683 1442 2711 1493 6
2738 1438 2864 1503 νοῦς
2906 1439 2996 1492 τὸν
3028 1439 3380 1510 δεικνύμενον
3412 1438 3517 1492 ὑπὸ
3547 1441 3650 1511 τῆς
3683 1457 3797 1509 φω-

2196 1537 2292 1607 νῆς
2319 1536 2475 1604 λόγον
2505 1532 2759 1598 δέξασθαι
2791 1530 3016 1602 δυνηθῇ.
3070 1531 3272 1601 Διόπερ
3301 1531 3396 1584 καὶ
3437 1530 3602 1600 ὀλίγῳ
3657 1547 3795 1603 πρε-

2199 1628 2459 1699 σϐύτερος
2491 1625 2638 1679 κατά
2664 1624 2727 1677 τὸ
2751 1622 3005 1692 γενέσθαι
3036 1624 3066 1675 6
3108 1621 3361 1692 Ἰωάννης
3389 1621 3508 1675 ἐστὶ
3536 1620 3631 1674 τοῦ
3656 1621 3797 1692 Χρι-

2197 1720 2323 1774 στοῦ
2345 1738 2358 1751 -
2394 1718 2580 1789 φωνῆς
2608 1717 2718 1788 γάρ
2745 1716 2852 1788 πρὸ
2872 1714 3032 1784 λόγου
3058 1712 3588 1785 ἀντιλαμϐανόμεθα.
3628 1711 3795 1766 Ἀλλά

517 1835 632 1887 nes,
664 1820 788 1889 quia
825 1830 959 1872 voce
988 1816 1396 1871 demonstratur
1443 1828 1660 1875 sermo;
1709 1822 1873 1881 atque
1924 1812 2090 1867 etiam

2194 1813 2290 1866 καὶ
2313 1812 2553 1866 δείκνυσι
2578 1809 2670 1863 τὸν
2698 1808 2933 1881 Χριστὸν
2958 1809 2987 1861 6
3013 1807 3289 1876 Ἰωάννης·
3319 1809 3470 1877 φωνῇ
3503 1805 3613 1875 γὰρ
3643 1822 3790 1877 παρ-

517 1886 827 1980 ὺιψιῑὶειιιι·
855 1907 1106 1964 Christus
1133 1920 1161 1960 a
1189 1904 1418 1969 Joanne,
1452 1905 1661 1959 fatente
1703 1920 1764 1959 se
1803 1918 1940 1972 opus
1990 1905 2090 1958 ha-

2199 1908 2410 1960 ίσταται
2460 1907 2490 1958 6
2529 1903 2686 1972 λόγος
2709 1919 2724 1932 ο
2775 1899 2911 1955 ἀλλά
2953 1900 3050 1953 καὶ
3093 1896 3415 1970 βαπτίζεται
3453 1899 3560 1952 ὑπὸ
3600 1897 3789 1951 Ἰωάν-

514 2004 644 2058 bere
675 2009 736 2056 ut
767 1999 833 2054 ab
863 1999 981 2067 ipso
1019 1996 1351 2067 baptizetur,
1396 1996 1522 2065 quia
1558 2009 1738 2049 sermo
1775 1994 2094 2062 puriﬁcatur

514 2110 543 2148 a
570 2105 702 2148 voce
732 2093 880 2146 inter
925 2088 1198 2150 homines,
1232 2102 1356 2142 cum
1402 2095 1594 2141 natura
1645 2100 1832 2140 vocem
1872 2101 2090 2141 omnem

514 2180 907 2252 signiﬁcantem
968 2176 1219 2247 puriﬁcet
1301 2190 1507 2230 sermo.
1578 2174 1917 2246 Prorsusque
1965 2191 2091 2231 cum

510 2273 745 2331 Joannes
773 2270 1053 2327 Christum
1094 2269 1355 2333 ostendit,
1393 2268 1556 2323 homo
1609 2268 1779 2323 Deum
1824 2267 2090 2333 ostendit,

513 2378 566 2424 et
596 2368 945 2422 Servatorem
982 2363 1380 2433 incorporeum,
1417 2372 1473 2417 et
1516 2377 1617 2417 vox
1649 2375 1981 2416 sermonem.

495 2598 501 2611 ,
581 2544 695 2615 86
707 2544 796 2598 27.
809 2542 879 2598 Ut
889 2550 1069 2597 autem
1098 2539 1155 2595 in
1166 2541 1332 2597 rebus
1355 2539 1540 2594 multis
1555 2538 1835 2592 nominum
1853 2536 2079 2591 eviden-

514 2640 587 2694 tia
613 2646 709 2693 est
725 2636 891 2701 utilis,
926 2636 1004 2691 sic
1032 2636 1134 2690 hoc
1153 2649 1369 2704 quoque
1398 2634 1454 2687 in
1482 2631 1603 2687 loco
1618 2630 1749 2686 utile
1766 2628 1871 2684 erit
1894 2627 2081 2683 videre

500 2730 644 2801 quid
686 2728 973 2784 Zacharias
1001 2728 1199 2798 quidve
1226 2727 1460 2782 Joannes
1489 2723 1818 2795 signiﬁcent.
1860 2718 2077 2776 Etenim

512 2822 739 2893 perinde
760 2838 824 2877 ac
851 2823 895 2876 si
922 2831 1066 2877 esset
1093 2820 1285 2891 aliquis
1314 2835 1421 2873 non
1443 2818 1899 2878 contemnendus,
1931 2811 2081 2886 quod

514 2916 582 2970 ad
597 2915 831 2969 nominis
845 2915 1169 2985 positionem
1183 2913 1396 2975 attinet,
1415 2911 1628 2983 cognati
1646 2909 1864 2979 quidem
1881 2908 2084 2962 Zacha-

514 3008 647 3062 riam
661 3006 1038 3077 appellandum
1052 3014 1277 3059 censent
1292 3004 1356 3069 “,
1374 3004 1450 3058 rei
1468 3003 1707 3058 novitate
1721 3001 1939 3063 turbati,
1954 2999 2080 3070 quia

513 3100 679 3154 vellet
703 3107 829 3150 cum
851 3097 1127 3152 Elisabeth
1155 3097 1416 3152 Joannem
1442 3094 1715 3165 appellare
1737 3113 1749 3147 :
1771 3109 1892 3148 cum
1917 3107 2077 3147 vero:

522 3210 541 3243 ι
578 3190 816 3245 Joannes
837 3189 941 3242 erit
972 3189 1046 3242 illi
1081 3204 1306 3247 nomen.
1334 3208 1350 3237 ι
1380 3185 1663 3241 Zacharias
1693 3186 2023 3255 scripsisset,
2045 3200 2079 3239 a
2113 3227 2156 3286 ε

514 3284 744 3338 molesto
772 3280 986 3334 silentio
1023 3276 1301 3338 liberatur.
1323 3281 1639 3336 Invenimus
1659 3295 1788 3349 ergo
1820 3282 1872 3335 in
1904 3281 2080 3336 Inter-

506 3376 813 3446 pretatione
829 3374 1107 3427 nominum
1119 3372 1427 3436 Joannes,et
1439 3374 1745 3429 invenimus
1758 3373 2079 3449 particulam

511 3469 631 3534 Joa,
663 3482 907 3523 seorsum
938 3476 1231 3537 sumptam,
1264 3466 1381 3519 sine
1422 3481 1530 3530 nes,
1558 3464 1702 3535 quod
1731 3464 1873 3519 idem
1897 3466 2081 3519 valere

507 3569 764 3629 putamus
782 3569 947 3631 atque
959 3559 1211 3624 Joannes;
1233 3559 1488 3629 quoniam
1516 3559 1618 3613 alia
1633 3573 1849 3628 quoque
1866 3558 2078 3612 Novum

512 3653 937 3710 Instrumentutn
956 3652 1304 3709 Hebraeorum
1324 3652 1547 3709 nomina
1562 3650 1746 3707 Graece
1760 3650 2076 3716 reddiderit,

514 3746 686 3802 forma
736 3747 922 3804 Crxeca
972 3747 1336 3817 pronuntians
1382 3746 1519 3817 ipsa,
1552 3745 1723 3801 veluti
1754 3759 1853 3814 pro
1887 3742 2076 3808 Jacob,

512 3840 804 3905 Jacohum;
842 3857 942 3911 pro
969 3840 1223 3911 Symeon,
1266 3837 1562 3895 Simonem.
1597 3839 1765 3893 Porro
1791 3838 2079 3893 Zacharias

513 3933 766 3987 memoria
796 3947 917 3986 esse
941 3931 1171 3985 dicitur:
1199 3930 1479 3985 Elisabeth
1500 3944 1630 3985 vero
1658 3929 1756 3983 Dei
1780 3929 1882 3983 mei
1893 3928 2079 3999 jusju-

514 4025 756 4088 randum,
788 4023 873 4076 vel
902 4023 996 4076 Dei
1043 4024 1145 4075 mei
1172 4023 1470 4089 septimum.
1508 4021 1587 4075 Ex
1623 4022 1880 4076 memoria
1918 4020 2080 4093 igitur

513 4116 580 4170 de
620 4116 747 4178 Deo,
778 4115 928 4183 juxta
955 4114 1337 4183 jusjurandum
1387 4114 1484 4167 Dei
1527 4113 1722 4178 nostri,
1749 4112 1894 4182 quod
1920 4113 2099 4183 jura-‘

512 4205 590 4260 vit
623 4205 691 4259 ad
729 4215 912 4274 patres
935 4204 1001 4268 ",
1026 4205 1240 4275 genitus
1287 4211 1371 4259 est
1414 4203 1652 4259 Joannes
1681 4204 1805 4275 (hoc
1836 4211 1919 4258 est
1949 4218 2079 4272 gra-

512 4298 586 4351 tia
602 4314 635 4351 a
661 4298 785 4367 Deo)
802 4312 1112 4367 praeparans
1137 4297 1364 4352 Domino
1379 4295 1639 4368 populum
1666 4295 1989 4350 instructum
2006 4296 2072 4358 ",

511 4403 635 4443 cum
677 4388 849 4445 Vetus
894 4390 1362 4454 Instrumentum,
1424 4389 1568 4461 quod
1622 4397 1707 4444 est
1760 4388 2075 4444 sabbatismi

515 4481 845 4546 extremitas,
879 4482 1221 4552 pervenisset
1249 4483 1317 4538 ad
1347 4481 1530 4537 ﬁnem.
1564 4481 1747 4548 Quare
1776 4480 1921 4551 gigni
1960 4494 2075 4534 non

578 4676 625 4710 ’³
647 4674 802 4733 Joan.
841 4690 882 4741 ι,
909 4673 999 4728 25.
1071 4670 1119 4703 “
1146 4669 1278 4726 Luc.
1314 4682 1356 4736 ι,
1382 4667 1450 4724 59
1481 4676 1537 4724 et
1566 4682 1683 4737 seq.

578 4864 622 4933 (Ι
635 4862 688 4933 0)
714 4857 1198 4933 Ὁμολογοῦνζος.
1223 4853 1531 4933 [tegendum
1549 4851 1763 4933 videtur
1781 4847 2076 4933 ὁμολογῶν.

578 4864 668 4933 (l0
714 4862 1198 4930 Ὁμολογοῦντος.
1223 4862 1531 4926 Legendum
1549 4862 1763 4906 videtur
1781 4862 2076 4920 ομολογων.

578 4862 688 5005 (il;
726 4932 1002 5005 Εὕρομξῂ
1019 4929 1227 5005 τοίνυγ
1250 4927 1321 4980 ἐν
1360 4921 1783 5005 τῇ-Ὲρμηνείᾳ
1808 4919 2080 5005 ζῶε-λοξο-

501 4989 726 5077 priami»,
769 4989 901 5077 εἷος
925 5001 1149 5077 Librum
1183 4998 1292 5077 _l_t_oc
1337 4989 1495 5077 titulo
1529 4989 1875 5077 scripseras
1898 4989 2075 5077 Philo.

507 5060 662 5143 Quod
687 5060 862 5127 autem
890 5072 940 5143 in
971 5066 1530 5143 veteri_Testamento
1558 5064 1672 5132 ipse
1696 5071 1901 5143 egerat,
1936 5060 2077 5143 idem

506 5128 562 5201 iit
605 5144 753 5198 Novo
786 5139 1052 5195 factitavit
1082 5136 1362 5206 Origenes,
1396 5128 1660 5206 suumque
1696 5128 1914 5206 librum
1936 5128 2079 5206 libro

507 5199 753 5270 Philonis
796 5209 1073 5279 adjunxit,
1121 5199 1284 5277 atque
1319 5205 1478 5274 hujus
1508 5199 1691 5275 operis
1738 5199 1829 5254 hic
1865 5199 2080 5254 videtur

508 5283 841 5341 meminisse.
875 5279 1138 5333 HUETIUS.

576 5353 687 5425 (12)
731 5351 823 5416 Τὸ,
844 5369 863 5401 ι
902 5349 1050 5425 Ἰωᾲ,
1078 5367 1095 5400 t
1118 5345 1294 5416 χωρὶς
1309 5342 1436 5425 τοῦ,
1462 5361 1481 5391 ς
1510 5359 1642 5425 τρηῇ
1667 5340 2077 5425 {ﬁnalem-6:4-

505 5410 784 5496 νόὶιεῷον,
811 5410 936 5496 etc._
960 5410 1075 5496 [νοίι
1118 5410 1292 5496 ilum:
1325 5417 1558 5496 primum
1599 5410 1849 5496 Dirigenis
1889 5410 1941 5463 in
1970 5410 2077 5496 lle:

508 5480 707 5550 braicis
745 5480 1074 5559 imperitiam
1112 5480 1585 5559 deprehendimus.
1632 5481 1892 5559 Joannes,
1933 5480 2077 5559 quod

507 5549 589 5619 est
628 5569 782 5649 pm,
816 5549 876 5615 iit
907 5575 935 5613 a
979 5567 1088 5645 ἰιι-ι.
1122 5549 1375 5624 Pictique
1423 5568 1490 5609 ex
1526 5559 1648 5613 mm
1684 5549 1913 5649 ι)ηωῦξο
1958 5550 2070 5603 for-

509 5639 711 5710 matum
746 5639 1072 5721 putant,'ut
1108 5647 1212 5701 alia
1261 5646 1522 5721 pleraque
1559 5657 1675 5711 per,
1723 5639 1814 5705 lo,
1838 5639 2072 5721 incepta

507 5712 807 5777 vocabula:
846 5723 899 5772 iu
935 5733 1043 5785 quo
1090 5733 1221 5772 sane
1262 5712 1548 5785 falluntur;
1599 5721 1723 5766 sunt
1748 5712 1907 5785 βηίιιι
1953 5726 2074 5764 scr-

504 5794 662 5856 viles,
707 5803 761 5847 et
807 5781 1047 5843 nominis
1089 5786 1428 5856 fortuatrices
1475 5784 1688 5856 litterae.
1737 5781 1891 5847 Quod
1938 5795 2067 5856 vero

503 5865 617 5929 hic,
650 5849 913 5922 Joannes,
957 5856 1099 5912 idem
1131 5873 1250 5913 esse
1283 5854 1472 5913 scribit
1511 5853 1772 5925 Origenes
1818 5866 1881 5908 ac
1922 5849 2056 5909 Jaa.

2195 2012 2284 2050 νου
2329 1998 2358 2049 6
2410 1994 2665 2066 Χριστὸς,
2698 1990 3088 2064 ὁμολογοῦντος
3118 1989 3234 2061 (10)
3280 1990 3472 2063 χρείαν
3500 1990 3645 2060 ἔχειν
3694 1990 3789 2043 ὑπ’

2194 2088 2361 2141 αὐτοῦ
2391 2086 2782 2158 βαπτισθῆναι·
2836 2082 3145 2155 ἀνθρώποις
3179 2081 3292 2154 γάρ
3329 2081 3435 2135 ὑπὸ
3466 2080 3652 2151 φωνῆς
3687 2097 3793 2135 κα-

2195 2177 2442 2250 θαίρεται
2471 2176 2651 2245 λόγος,
2685 2178 2752 2247 τῇ
2789 2173 2953 2244 φύσει
2985 2172 3271 2241 τοῦλόγου
3297 2172 3651 2243 καθαίροντος
3677 2171 3790 2225 πᾶ-

2196 2288 2294 2324 σαν
2338 2269 2437 2340 τὴν
2491 2267 2858 2339 σημαίνουσαν
2905 2266 3109 2336 φωνήν.
3174 2265 3286 2317 Καὶ
3320 2262 3663 2331 ἁπαξαπλῶς
3694 2264 3792 2318 ὅτε

2207 2363 2458 2430 Ἰωάννης
2489 2362 2581 2413 τὸν
2606 2359 2844 2431 Χριστὸν
2883 2357 3179 2419 δείκνυσιν,
3204 2356 3489 2427 ἄνθρωπος
3516 2355 3649 2409 Θεὸν
3673 2355 3793 2410 δεί-

2194 2475 2370 2519 κνυσι,
2388 2458 2483 2511 καὶ
2503 2457 2734 2527 Σωτῆρα
2751 2456 2843 2509 τὸν
2862 2454 3175 2525 ἀσώματον,
3198 2453 3293 2506 καὶ
3316 2452 3470 2523 φωνὴ
3488 2452 3581 2506 τὸν
3600 2451 3789 2521 λόγον.
3896 2485 3903 2491 -

2262 2549 2353 2603 27.
2388 2548 2674 2619 Χρήσιμον
2716 2546 2761 2599 δ’
2796 2545 2863 2601 ἂν
2907 2542 2995 2618 ἦν,
3025 2545 3215 2617 ὥσπερ
3243 2546 3336 2598 ἐπὶ
3363 2543 3574 2599 πολλῶν
3607 2547 3642 2616 ή
3672 2545 3793 2600 τῶν

2191 2642 2470 2714 ὀνομάτων
2512 2641 2781 2712 ἐνέργεια,
2806 2639 2950 2694 οὕτω
2976 2640 3094 2704 καὶ,
3140 2640 3235 2693 ἐπὶ
3265 2637 3362 2693 τοῦ
3390 2640 3562 2693 τόπου
3588 2637 3790 2693 τούτου
3820 2687 3831 2698 ,

2191 2735 2251 2788 τὸ
2298 2734 2425 2787 ἰδεῖν
2456 2734 2486 2786 ὃ
2530 2750 2582 2786 τι
2618 2732 2871 2803 σημαίνει
2922 2734 2953 2785 6
2997 2731 3251 2802 Ἰωάννης
3284 2731 3380 2784 καὶ
3419 2731 3450 2783 6
3483 2729 3787 2802 Ζαχαρίας.

2190 2828 2303 2881 Καὶ
2331 2827 2440 2898 γὰρ
2486 2825 2562 2889 ὼς
2594 2825 2747 2889 ὄντος
2775 2824 2919 2888 τινὸς
2959 2824 3062 2878 οὐκ
3105 2822 3606 2894 εὐκαταφρονήτου,
3638 2821 3792 2879 κατὰ

2187 2920 2289 2990 τὴν
2318 2917 2409 2970 τοῦ
2456 2917 2719 2988 ὀνόματος
2750 2915 2919 2982 θέσιν,
2937 2917 2987 2967 οί
3037 2914 3137 2986 μὲν
3189 2917 3474 2984 συγγενεῖς
3503 2913 3789 2986 Ζαχαρίαν

2190 3011 2352 3064 αὑτὸν
2377 3009 2658 3064 καλεῖσθαι
2717 3008 3016 3078 βούλονται,
3067 3006 3397 3078 ξενιζόμενοι
3422 3007 3515 3060 ἐπὶ
3544 3006 3624 3077 τῷ
3657 3005 3791 3077 βού-

2190 3104 2376 3159 λεσθαι
2418 3103 2517 3175 τὴν
2560 3102 2841 3156 Ἐλισάϐετ
2886 3101 3140 3169 Ἰωάννην
3189 3100 3351 3154 αὐτὸν
3392 3100 3682 3171 ὀνομάζειν
3702 3116 3718 3130 ⁸
3756 3102 3790 3155 6

2189 3198 2247 3251 δὲ
2273 3196 2546 3267 Ζαχαρίας
2579 3193 2796 3267 γράψας
2831 3193 2926 3247 τόο
2962 3211 2983 3244 ι
3006 3192 3260 3263 Ἰωάννης
3288 3190 3443 3246 ἔσται
3475 3192 3646 3263 δνομα
3678 3193 3790 3246 αῦ-

2190 3289 2287 3360 τῷ,
2314 3308 2333 3340 ι
2383 3287 2676 3341 ἀπολύεται
2720 3286 2820 3357 τῆς
2849 3285 3111 3339 ἐπιπόνου
3143 3287 3371 3356 σιωπῆς.
3408 3284 3657 3355 Εὖρομεν
3679 3284 3790 3337 τοί-

2191 3399 2285 3436 νυν
2315 3382 2374 3434 ὲν
2403 3382 2468 3451 τῇ
2506 3378 2804 3450 Ἐρμηνείᾳ
2833 3377 2941 3432 τῶν
2957 3376 3235 3449 ὀνομάτων
3252 3375 3386 3448 (ll),
3412 3394 3432 3427 ι
3455 3376 3729 3448 Ἰωάννης,
3753 3393 3780 3431 ι

2189 3477 2314 3540 τὸ,‹
2363 3474 2516 3538 Ἰωὰ,
2564 3492 2583 3525 r
2630 3474 2800 3544 χωρὶς
2838 3471 2957 3537 τοῦ,
3011 3491 3030 3523 ι
3080 3489 3201 3542 νης,
3231 3491 3250 3524 ι
3299 3471 3788 3543 μεταλαμϐανόμε-

2190 3586 2278 3622 νον
2307 3567 2441 3639 (12),
2475 3567 2613 3639 ὅπερ
2630 3566 2826 3621 ταύτὸν
2851 3565 3076 3637 οίόμεθα
3105 3560 3242 3619 εἶναι
3263 3565 3360 3636 τῷ,
3392 3583 3410 3617 ι
3434 3565 3687 3637 Ἰωάννης
3705 3582 3721 3597 ·
3755 3585 3779 3619 ι

2188 3662 2310 3714 ἐπεὶ
2355 3662 2450 3714 καὶ
2493 3658 2628 3714 ἄλλα
2658 3662 2693 3729 ἠ
2740 3657 2917 3729 Καινὴ
2950 3657 3195 3729 Διαθήκη
3240 3655 3508 3730 Ἐϐραίων
3535 3656 3783 3727 ὀνόματα

2189 3752 2516 3824 ὲξελλήνισε,
2548 3752 2856 3824 χαρακτῆρι
2884 3750 3024 3805 αὒτά
3055 3749 3285 3804 εἰποῦσα
3328 3749 3646 3822 Ἑλληνικῷ,
3675 3749 3783 3804 ὤσ-

2188 3862 2295 3916 περ
2337 3845 2429 3898 ὲπὶ
2474 3843 2690 3909 Ἰακὼϐ,
2760 3842 3037 3907 Ἰάκωϐον,
3095 3844 3190 3897 καὶ
3238 3841 3333 3896 ἐπὶ
3381 3841 3625 3912 Συμεὼν,
3681 3843 3779 3895 Σί-

2191 3953 2346 4005 μωνα
2373 3935 2503 4008 (15).
2529 3935 2804 4006 Ζαχαρίας
2825 3933 2883 3988 δὲ
2911 3953 2929 3985 ι
2959 3935 3147 4005 μνήμη
3179 3952 3197 3984 ι
3220 3927 3360 3986 εἶναι
3380 3931 3632 4001 λέγεται·
3657 3934 3691 4003 ή
3717 3933 3780 3988 δὲ

2200 4028 2479 4083 Ἐλισάϐετ
2532 4048 2550 4079 ι
2581 4028 2716 4083 Θεοῦ
2754 4045 2855 4099 μου
2902 4030 3084 4098 ὅρκος,
3109 4045 3128 4078 ι
3167 4026 3200 4097 ἢ
3258 4044 3276 4076 ι
3299 4023 3437 4079 Θεοῦ
3487 4043 3589 4096 μου
3622 4026 3777 4079 ἕϐδο-

2190 4137 2308 4190 μον.
2340 4140 2358 4171 ι
2411 4120 2543 4173 Ἀπὸ
2570 4119 2706 4173 Θεοῦ
2739 4119 2797 4173 δὲ
2826 4119 2985 4191 χάρις
3015 4122 3079 4174 ὲκ
3111 4118 3212 4188 τῆς
3237 4118 3366 4189 περὶ
3387 4119 3521 4173 Θεοῦ
3552 4121 3775 4193 μνήμης

2187 4212 2329 4287 κατά
2357 4211 2449 4264 τὸν
2479 4210 2575 4263 τοῦ
2613 4210 2751 4264 Θεοῦ
2785 4210 2941 4281 ἡμῶν
2966 4212 3128 4281 ὅρκον
3160 4211 3249 4264 τὸν
3284 4212 3414 4283 περὶ
3445 4213 3571 4275 τοὺς
3604 4213 3776 4268 πατὲ-

2189 4320 2287 4374 ρας
2308 4302 2537 4374 ἐγενήθη
2565 4304 2595 4355 6
2626 4303 2896 4372 Ἰωάννης,
2922 4300 3226 4373 ἐτοιμάζων
3258 4304 3451 4375 Κυρίῳ
3482 4302 3609 4357 λαὸν
3638 4320 3773 4359 κατ-

2186 4395 2607 4465 εσκευασμένον,
2666 4394 2759 4447 ἐπὶ
2818 4394 2961 4447 τέλει
3024 4396 3123 4465 τῆς
3175 4396 3420 4460 Παλαιᾶς
3470 4395 3772 4468 γενομένης

2185 4484 2481 4556 Διαθήκης,
2516 4487 2551 4557 ἥ
2603 4488 2722 4541 ἐστι
2770 4487 2881 4557 (Η)
2922 4488 3295 4561 σαϐϐατισμοῦ
3344 4491 3608 4561 κορωνίςο
3634 4490 3703 4545 δι’
3734 4488 3773 4547 ὃ

1761 4666 1806 4697 ⁸⁸
1837 4664 1969 4721 ibid.
2023 4665 2111 4718 75.
2191 4665 2238 4698 ’⁸
2281 4664 2413 4721 ibid.
2464 4666 2553 4721 17.

2187 4850 2240 4905 id
2269 4860 2352 4905 est
2394 4859 2540 4918 την,
2581 4851 2701 4907 sine
2733 4866 2843 4916 nes,
2877 4852 3175 4910 addidisset
3215 4852 3435 4917 saltem,
3473 4852 3592 4908 sine
3630 4862 3755 4939 ἴδη,

2185 4940 2522 4994 tolerabilius
2557 4950 2723 5004 esset,
2761 4944 3011 5009 quamvis
3053 4956 3208 5010 aeque
3255 4958 3285 4995 a
3319 4956 3449 5011 vero
3479 4942 3756 5011 alienum;

2188 5011 2239 5064 id
2287 5013 2428 5083 cuitu
2485 5011 2740 5065 dixerunt
2764 5012 2914 5083 __alii,
2968 5012 3351 5083 itemudoctig
3396 5010 3759 5083 Hieronymus

2186 5091 2336 5168 puta,
2366 5080 2439 5133 De
2459 5083 2723 5168 lmminib.
2751 5081 2913 5168 ﬂeor.
2937 5091 2992 5134 et
3010 5083 3070 5168 in
3097 5080 3290 5168 Matth.
3316 5081 3450 5135 Cum
3479 5080 3759 5168 subjungit

2184 5166 2424 5220 quoque,
2457 5151 2732 5230 Ζαχαρίας
2765 5154 2949 5223 μνήμη
2984 5149 3121 5204 εἶναι
3162 5149 3400 5218 λέγεται,
3437 5149 3636 5207 addere
3663 5149 3757 5206 de-

2186 5220 2381 5301 bebat.
2425 5219 2583 5276 Θεου.
2616 5222 2775 5301 Quae
2806 5223 3109 5301 tarracinah‘
3151 5221 3273 5301 aliis
3338 5223 3753 5301 a_ccep_ta“i_ulra

2187 5292 2389 5345 rectius
2432 5292 2683 5358 exposuit
2707 5309 2721 5343 :
2752 5290 2859 5344 ἀπὸ
2886 5290 3022 5343 Θεοῦ
3065 5290 3122 5343 δὲ
3150 5290 3329 5363 χάρις,
3364 5290 3538 5359 inquit
3566 5291 3643 5361 (id
3670 5301 3757 5347 est

2183 5360 2440 5415 Joanucsl
2485 5362 2548 5412 ὲκ
2579 5360 2678 5415 τῆς
2706 5361 2834 5415 περὶ
2867 5360 3001 5413 Θεοῦ
3037 5362 3256 5415 μνήμης
3307 5362 3382 5415 (id
3414 5371 3496 5415 est
3540 5359 3751 5415 Zacha-

2183 5360 2440 5442 Joanucs)
2485 5362 2548 5412 ὲκ
2579 5360 2678 5430 τῆς
2706 5361 2834 5440 περὶ
2867 5360 3001 5440 Θεοῦ
3037 5359 3256 5441 μνήμης
3307 5362 3382 5430 (i'd
3414 5371 3496 5416 est
3540 5359 3751 5415 Zacha-
3785 5388 3819 5413 ι.

2180 5429 2505 5556 ἱὲᾓ).κριῖἓά
2672 5447 2765 5484 του
2799 5432 2933 5484 Θεου
2968 5432 3125 5502 ἡμων
3160 5432 3320 5500 ὅρκον
3350 5430 3425 5502 (id
3461 5439 3545 5486 est
3574 5430 3750 5487 Elisa-

2180 5498 2365 5638 Νξῗῶ
2705 5570 2883 5626 Codex
2913 5570 3240 5627 Bodleianus
3265 5568 3519 5641 Σιμῶνας
3548 5568 3751 5641 Regius

2179 5652 2231 5696 et
2254 5641 2603 5701 Bnrberinus,
2637 5640 2839 5701 Σιμὼν.

2253 5710 2367 5783 (14)
2414 5711 2482 5765 Ἦ
2521 5710 2671 5764 ἐστι.
2703 5709 2778 5765 lia
2827 5710 2999 5769 codex
3045 5710 3406 5779 Bodleianus;
3448 5709 3649 5781 Regius
3690 5716 3751 5768 ει

2178 5783 2530 5849 Barberiuus,
2567 5781 2601 5853 ἢ
2643 5780 2742 5835 ἔτι.
