4194 6400
425 365 528 424 175

1510 366 1869 424 COMMENT.
1911 367 1975 421 IN
2009 365 2205 424 JOAN.
2245 366 2483 424 TOMUS
2514 367 2577 423 ll.

3579 369 3684 424 174

420 492 482 546 οὐ
511 488 732 546 δύναται
774 492 1103 563 γεγενῆσθαι
1149 493 1258 546 ἀπὸ
1299 493 1399 562 τῆς
1432 490 1720 562 ἑϐδομάδος
1744 491 1836 542 τοῦ
1865 489 1990 542 Θεοῐ

2106 488 2276 558 potuit
2326 488 2395 543 ab
2427 486 2767 544 hebdomade
2814 489 2908 544 Dei
2946 488 3117 544 nostri
3171 489 3406 560 requies,
3437 504 3558 560 qua:
3598 503 3687 547 est

420 581 596 653 ἡμῶν,
632 583 728 654 τὴν
780 585 919 655 μετὰ
943 586 1005 638 τὸ
1052 585 1317 639 σάϐϐατον
1350 583 1659 638 ἀνάπαυσιν
1690 581 1782 634 τοῦ
1815 582 1999 652 Σωτῆ-

424 692 514 746 ρος
558 675 716 746 ἡμῶν
767 676 910 730 κατὰ
957 675 1056 747 τὴν
1089 675 1393 729 ἀνάπαυσιν
1441 671 1606 726 αὑτοῦ
1649 671 2004 743 ἐμποιοῦντος

417 771 530 831 τοῖς
563 767 910 839 συμμόρφοις
935 769 1013 839 τῷ
1042 768 1256 839 Θανάτῳ
1283 765 1448 820 αὑτοῦ
1469 764 1872 836 γεγενημένοις,
1908 765 2003 817 καὶ

416 860 504 915 διὰ
533 860 690 913 τοῦτο
721 860 833 932 (15)
861 862 954 914 καὶ
983 861 1082 931 τῆς
1114 860 1482 922 ἀναστάσεως.

485 947 574 1000 28.
596 943 786 1013 Οὗτος
813 944 1000 1017 ἦλθεν
1027 951 1114 1013 εὶς
1134 949 1610 1018 μαρτυρίαν-,ἵνα
1631 950 1992 1022 μαρτυρήσῃ

413 1043 546 1110 περὶ
572 1042 679 1096 τοῦ
706 1042 920 1111 φωτὸς,
943 1043 1044 1094 ἵνα
1061 1040 1284 1106 πάντες
1302 1042 1672 1095 πιστεύσωσι
1694 1042 1768 1096 δι’
1787 1044 1973 1100 αὐτοῦ
1988 1086 2000 1098 .

410 1138 532 1190 Τῶν
563 1136 886 1208 ἑτεροδόξων
921 1134 1032 1206 (16)
1062 1135 1208 1198 τινὲς
1251 1134 1528 1188 πιστεύειν
1577 1135 1880 1205 φάσκοντες
1916 1139 1996 1201 είς

408 1229 502 1282 τὸν
548 1230 810 1301 Χριστὸν,
844 1230 939 1282 καὶ
970 1227 1058 1282 διὰ
1098 1228 1160 1280 τὸ
1204 1227 1572 1281 ἁναπλάσσειν
1613 1227 1801 1299 ἕτερον
1845 1229 1994 1302 παρὰ

407 1321 503 1376 τὸν
531 1321 894 1393 Δημιουργὸν,
917 1319 993 1383 ὡς
1017 1319 1306 1373 ἀκόλουθον
1333 1319 1536 1383 αὐτοῖς,
1564 1321 1626 1374 ού
1651 1322 1995 1391 προσιέμενοι

409 1409 510 1478 τὴν
552 1407 848 1480 ἐπιδημίαν
893 1408 1058 1462 αὐτοῦ
1117 1407 1222 1462 ὑπὸ
1255 1408 1364 1462 τῶν
1403 1409 1699 1480 προφητῶν
1757 1427 2000 1480 προκατ-

412 1497 681 1569 ηγγέλθαι
720 1537 742 1562 ,
812 1497 1140 1567 ἀνατρέπειν
1218 1495 1517 1566 πειρῶνται
1583 1495 1684 1560 τὰς
1746 1497 1834 1551 διὰ
1891 1498 2000 1551 τῶν

409 1587 709 1659 προφητῶν
751 1589 884 1659 περὶ⁸
933 1585 1173 1658 Χριστοῦ
1221 1587 1552 1659 μαρτυρίας,
1595 1588 1896 1658 φάσκοντες
1924 1589 1999 1659 μὴ

406 1681 616 1734 δεῖσθαι
675 1680 968 1752 μαρτύρων
1014 1679 1108 1734 τὸν
1163 1679 1292 1736 Υίὸν
1332 1679 1426 1734 τοῦ
1477 1679 1636 1745 Θεοῦ,
1691 1680 1882 1752 ἔχοντα
1939 1681 2000 1733 τὸ

407 1771 504 1826 τοῦ
596 1769 950 1824 πιστεύεσθαι
1034 1769 1182 1837 ἄξιον
1238 1772 1297 1826 ἕν
1372 1790 1432 1828 τε
1507 1767 1588 1837 οἷς
1671 1773 1998 1844 κατήγγειλε

2107 588 2228 650 post
2273 579 2558 633 sabbatum
2608 592 2624 631 :
2666 579 2920 632 nimirum
2991 579 3103 633 Deo
3161 577 3453 634 Servatore
3496 589 3684 634 nostro

2106 687 2226 726 eam
2256 671 2608 739 ingenerante
2635 671 2930 726 secundum
2961 671 3202 739 requiem
3235 685 3388 726 suam
3428 670 3481 724 in
3503 670 3682 736 nobis,

2106 763 2198 833 qui
2238 761 2368 819 facti
2408 779 2596 819 sumus
2628 766 2788 819 morti
2819 765 2990 834 ipsius
3023 763 3356 829 conlormes.
3387 772 3444 820 et
3475 763 3683 820 idcirco

2107 853 2270 908 etiam
2304 855 2692 910 resurrectioni
2721 855 2787 909 ’⁷.

2175 947 2267 1001 28.
2299 947 2405 1000 Hic
2435 950 2574 1002 venit
2609 948 2664 1002 in
2696 948 3073 1011 testimonium,
3117 959 3174 1001 ut
3223 947 3596 1017 testiﬁcaretur
3620 947 3686 1003 de

2104 1040 2240 1105 luce,
2273 1049 2329 1093 ut
2380 1057 2558 1095 omnes
2599 1042 2864 1095 crederent
2909 1057 3002 1111 per
3053 1042 3225 1110 ipsum
3249 1040 3317 1095 ".
3352 1040 3580 1108 Quidam
3614 1055 3684 1095 ex

2106 1131 2192 1186 his
2229 1132 2319 1200 qui
2367 1132 2436 1187 ab
2480 1132 2738 1188 Ecclesiae
2789 1133 3024 1188 decretis
3054 1134 3406 1201 dissentiunt,
3457 1121 3684 1189 credere

2106 1237 2165 1276 se
2193 1223 2437 1278 dicentes
2461 1225 2513 1278 in
2545 1223 2844 1292 Christum,
2872 1234 2928 1280 et
2961 1239 3027 1279 eo
3066 1225 3209 1294 quod
3259 1226 3466 1295 ﬁngant
3513 1226 3682 1280 Deum

2105 1315 2271 1370 alium
2325 1316 2601 1373 diversum
2639 1331 2670 1373 ιι
2708 1318 2892 1373 mundi
2919 1318 3297 1385 Fabricatore,
3330 1331 3390 1374 ut
3435 1329 3520 1374 est
3551 1318 3684 1387 ipsis

2104 1421 2466 1475 consequens,
2520 1423 2628 1461 non
2671 1407 3024 1462 admittentes
3077 1411 3372 1463 adventum
3427 1409 3600 1479 ipsius
3649 1426 3680 1462 a

2105 1498 2381 1568 prophetis
2421 1500 2844 1568 praenuntiatum
2877 1499 3068 1566 fuisse,
3119 1501 3440 1556 subvertere
3471 1516 3681 1556 conan-

2107 1599 2195 1645 tur
2223 1593 2614 1663 prophetarum
2672 1594 2986 1651 testimonia
3039 1596 3106 1650 de
3161 1595 3401 1664 Christo,
3443 1595 3684 1650 dicentes

2103 1699 2244 1754 Opus
2293 1700 2399 1742 non
2453 1701 2576 1742 esse
2635 1687 2868 1742 testibus
2927 1688 3067 1744 Filio
3101 1690 3244 1746 Dei:
3303 1699 3363 1745 ut
3399 1692 3490 1761 qui
3521 1691 3680 1746 tidem

2103 1777 2206 1831 sibi
2261 1778 2604 1842 conciliaret.
2660 1789 2773 1833 tum
2811 1795 2877 1834 ex
2924 1781 3264 1837 salutaribus
3311 1784 3680 1848 sermonibus,

406 1862 702 1933 σωτηρίοις
759 1861 961 1930 λόγοις,
1025 1861 1306 1934 δυνάμεως
1365 1864 1836 1935 πεπληρωμένοις,
1902 1867 1990 1919 καὶ

2099 1884 2236 1938 quos
2283 1871 2658 1936 denuntiabat,
2698 1874 2939 1942 potentia
2997 1875 3193 1945 plenis,
3248 1885 3361 1930 tum
3394 1891 3462 1932 ex
3492 1876 3680 1947 prodi-

403 1957 463 2008 ἐν
552 1954 858 2024 τεραστίοις
945 1954 1149 2027 ἔργοις,
1230 1956 1456 2011 αὐτόθεν
1549 1957 1996 2029 καταπλήξασθαι

403 2048 566 2102 πάνθ’
605 2047 846 2102 ὁντινοῦν
893 2049 1239 2120 δυναμένοιςο
1288 2051 1384 2104 καί
1431 2067 1615 2119 φασιν·
1652 2052 1716 2104 Εἰ
1753 2051 1995 2120 Μωῠσῆς

402 2142 765 2195 πεπίστευται
812 2140 903 2196 διὰ
955 2142 1048 2196 τὸν
1084 2141 1242 2212 λόγον
1298 2143 1392 2197 καὶ
1440 2144 1543 2207 τὰς
1595 2143 1890 2215 δυνάμεις,
1932 2147 1994 2197 οὐ

398 2233 612 2303 δεηθεὶς
666 2232 958 2306 μαρτύρων
991 2233 1099 2304 πρὸ
1151 2235 1319 2289 αὐτοῦ
1369 2252 1531 2288 τινων
1571 2237 1734 2290 αὑτὸν
1785 2253 1992 2304 καταγ-

399 2327 722 2396 γειλάντων,
760 2327 897 2380 ἀλλὰ
939 2327 1034 2380 καὶ¹
1069 2328 1301 2393 ἕκαστος
1341 2328 1453 2382 τῶν
1493 2331 1792 2402 προφητῶν
1823 2347 1996 2400 παρε-

397 2419 572 2490 δέχθη
597 2419 704 2473 ὑπὸ
729 2419 832 2473 τοῦ
864 2420 1022 2485 λαοῦ,
1047 2420 1124 2484 ὡς
1150 2421 1262 2474 ἀπὸ
1288 2421 1425 2474 Θεοῦ
1469 2422 1801 2486 ἀποσταλείς
1820 2440 1834 2453 ο
1867 2422 1990 2486 πῶς

397 2513 522 2583 οὐχὶ
556 2513 760 2583 μᾶλλον
789 2513 1069 2577 Μωῡσέως
1100 2514 1195 2567 καὶ
1233 2514 1340 2567 τῶν
1393 2515 1690 2586 προφητῶν
1719 2515 1992 2588 διαφέρων

396 2605 625 2658 δύναται
683 2607 854 2678 χωρὶς
906 2605 1202 2678 προφητῶν
1260 2607 1683 2678 μαρτυρούντων
1740 2607 1809 2660 τὰ
1862 2611 1992 2678 περὶ

394 2697 564 2752 αὑτοῦ
607 2697 802 2750 ἁνῦσαι
835 2697 864 2749 δ
900 2695 1170 2768 βούλεται,
1204 2699 1298 2752 καὶ
1331 2698 1608 2769 ὠφελῆσαι
1647 2699 1709 2754 τὸ
1747 2699 1858 2753 τῶν
1897 2701 1993 2753 ἁν-

395 2788 638 2861 θρώπων
684 2790 872 2858 γένος;
919 2789 1222 2861 Παρέλκειν
1251 2785 1342 2844 οῦν
1373 2790 1573 2844 οἴονται
1606 2792 1666 2845 τὸ
1707 2793 1813 2845 ὑπὸ
1854 2811 1988 2865 προ-

395 2884 589 2953 φητῶν
645 2884 810 2938 αὐτὸν
869 2882 1185 2954 νομίζεσθαι
1258 2885 1772 2954 προκατηγγέλθαι,
1829 2885 1989 2940 τοῦτο

395 2976 1004 3049 πραγματευσαμένων,
1044 2975 1118 3040 ὼς
1149 2976 1355 3029 εἴποιεν
1389 2975 1454 3029 ἂν
1489 2978 1708 3043 ἐκεῖνοι,
1741 2975 1850 3031 τῶν
1888 2977 1988 3049 τὴν

395 3069 694 3140 καινότητα
725 3069 824 3138 τῆς
859 3067 1111 3139 θεότητος
1141 3067 1548 3140 παραδέξασθαι
1577 3069 1704 3132 τοὺς
1745 3071 1826 3133 εἰς
1854 3071 1988 3140 Χρι-

395 3162 519 3216 στὸν
567 3160 922 3225 πιστεύοντας
959 3162 1018 3214 οὐ
1057 3161 1412 3232 βουλομένων,
1450 3160 1586 3215 ἀλλὰ
1618 3160 1712 3252 ἐπὶ
1745 3161 1837 3214 τὸν
1887 3164 1987 3214 αύ-
2014 3196 2057 3252 c

393 3255 481 3308 τὸν
514 3253 860 3323 καταντῆσαι
917 3253 1071 3316 Θεὸν,
1102 3252 1162 3306 δν
1209 3254 1305 3307 καὶ
1357 3251 1466 3323 πρὸ
1508 3250 1686 3322 Ἰησοῦ
1747 3254 1988 3326 Μωῦσῆς

393 3347 488 3399 καὶ
511 3348 568 3399 oi
598 3347 872 3416 προφῆται
911 3343 1177 3409 ἐδίδαξαν.
1203 3344 1435 3398 Λεκτέον
1463 3339 1556 3396 οῦν
1598 3344 1733 3415 πρὸς
1765 3345 1986 3408 αὐτοὺς,

393 3437 494 3500 ὅτι,
543 3436 758 3490 πολλῶν
797 3437 986 3491 αίτίων
1031 3436 1343 3507 δυναμένων
1396 3434 1650 3504 γενέσθαι
1687 3436 1988 3506 προκαλου-

397 3531 580 3600 μένων
605 3530 684 3591 εἰς
709 3528 769 3582 τὸ
809 3527 1110 3591 πιστεύειν,
1139 3524 1311 3580 ἐνίοτέ
1345 3542 1506 3578 τινων
1545 3525 1653 3578 ἀπὸ
1686 3525 1845 3595 τῆσδε
1884 3524 1984 3596 μὲν

393 3623 492 3693 τῆς
541 3620 878 3686 ἀποδείξεως
922 3620 982 3674 οὐ
1030 3617 1448 3690 πληττομένων,
1497 3617 1606 3669 άπὸ
1657 3617 1850 3688 ἐτέρας
1905 3617 1985 3680 δὲ,

393 3714 539 3785 ἐχειν
581 3713 673 3765 τὸν
715 3712 848 3766 Θεὸν
878 3711 1130 3774 πλείονας
1174 3710 1432 3782 ἀφορμὰς
1484 3707 1792 3780 ἀνθρώποις
1847 3725 1987 3780 παρ-

393 3813 565 3884 έχειν,
620 3815 708 3867 ἵνα
755 3811 1102 3883 παραδεχθῇ,
1147 3811 1397 3874 ὅτιθεὸς
1428 3812 1457 3863 ό
1498 3809 1639 3880 ὑπὲρ
1689 3809 1869 3862 πάντα
1918 3807 1986 3860 τὰ

393 3905 603 3976 γενητὰ
667 3902 1108 3975 ἐνηνθρὼπησεν.
1161 3901 1439 3973 Ἐναργῶς
1492 3900 1621 3970 γοῦν
1655 3899 1800 3953 ἔστιν
1859 3900 1986 3952 ίδεῖν

394 4015 549 4062 τινας
577 3999 640 4050 ἐκ
660 3997 769 4049 τῶν
797 3994 1150 4067 προφητικῶν
1173 3995 1531 4065 προρρήσεων
1559 3993 1639 4056 είς
1667 3991 1986 4062 θαυμασμὸν

391 4091 487 4144 τοῦ
515 4088 758 4161 Χριστοῦ
793 4087 904 4159 (17)
935 4088 1284 4160 ἐρχομένους,
1318 4085 1861 4158 καταπληττομένους
1886 4086 1984 4155 τὴν

392 4183 503 4236 τῶν
537 4181 813 4236 τοσούτων
863 4181 972 4252 πρὸ
1025 4179 1192 4234 αὐτοῦ
1239 4177 1536 4250 προφητῶν
1588 4177 1792 4249 φωνὴν,
1834 4194 1982 4230 συνι-

395 4276 602 4329 στᾶσαν
631 4273 796 4326 τόπον
821 4272 1085 4341 γενέσεως
1107 4269 1294 4335 αὑτοῦ,
1320 4269 1415 4325 κα)⁸
1443 4269 1628 4342 χώραν
1652 4269 1979 4340 ἀνατροφῆς,

394 4369 488 4420 καὶ
544 4367 702 4436 ἰσχὺν
771 4363 1156 4426 διδασκαλίας,
1204 4360 1487 4432 δυνάμεων
1553 4377 1613 4414 τε
1665 4360 1982 4432 θαυμασίων

395 4459 618 4530 ποίησιν
657 4457 752 4512 καὶ
784 4455 953 4520 πάθος
994 4453 1331 4526 ἀνθρώπινον
1365 4451 1470 4504 ὑπὸ
1499 4452 1850 4516 ἀναστάσεως
1884 4469 1982 4505 κα-

2097 1962 2262 2030 giosis
2299 1971 2354 2016 et
2407 1962 2746 2020 admirandis
2797 1966 3074 2034 operibus,
3137 1982 3256 2036 quae
3297 1967 3382 2022 vel
3445 1967 3682 2037 quemli-
3749 1962 3762 2015 ς

2097 2052 2186 2105 bet
2212 2066 2278 2104 ex
2311 2066 2371 2106 se
2416 2062 2720 2121 perterrere
2747 2064 3029 2123 poterant;
3064 2065 3120 2110 et
3141 2057 3328 2112 dicunt
3359 2073 3372 2110 :
3411 2057 3469 2113 Si
3501 2058 3676 2130 Moysi

2095 2143 2207 2213 87
2245 2145 2436 2199 habita
2506 2144 2610 2200 fuit
2656 2145 2809 2211 ﬁdes,
2856 2149 3125 2221 sermonis
3178 2149 3509 2220 virtutisque
3557 2166 3682 2222 gra-

2099 2237 2194 2299 tia,
2225 2237 2392 2290 nullis
2422 2237 2640 2305 praeviis
2687 2239 2919 2294 testibus
2944 2243 3036 2310 qui
3069 2241 3245 2310 ipsum
3279 2244 3676 2297 annuntiarent

2094 2329 2300 2397 egenti,
2333 2340 2500 2396 atque
2531 2332 2696 2383 etiam
2743 2332 3132 2400 prophetarum
3181 2335 3558 2404 unusquisque
3588 2349 3680 2388 re-

2095 2430 2285 2489 ceptus
2319 2435 2347 2474 a
2385 2421 2582 2490 populo
2607 2421 2731 2487 fuit,
2761 2423 2926 2477 veluti
2951 2439 2981 2478 a
3021 2425 3129 2480 Deo
3150 2426 3369 2490 missus,
3403 2430 3680 2498 quomodo

2094 2509 2279 2581 Moyse
2331 2522 2493 2580 atque
2542 2513 2824 2582 prophetis
2881 2515 3228 2584 praestantior
3288 2532 3397 2571 non
3477 2523 3678 2588 poterit

2094 2602 2298 2670 absque
2310 2601 2589 2672 prophetis
2602 2602 2667 2657 de
2681 2603 2858 2670 seipse
2879 2604 3296 2661 testiﬁcantibus
3313 2607 3524 2664 facilius
3535 2611 3680 2679 quod

2093 2691 2221 2746 velit
2258 2693 2521 2763 perlicere
2553 2703 2610 2749 et.
2643 2695 2923 2750 hominum
2959 2699 3145 2768 generi
3174 2699 3490 2770 adjutnento
3517 2701 3680 2757 esse?

2094 2783 2438 2854 Superﬂuum
2461 2800 2594 2854 ergo
2623 2801 2746 2842 esse
2777 2788 2930 2843 aiunt
2966 2789 3310 2855 existimare,
3341 2805 3370 2844 a
3393 2793 3674 2862 prophetis

2092 2892 2213 2932 eum
2267 2880 2692 2946 praenuntiatum
2751 2881 2942 2948 fuisse,
2977 2883 3070 2952 qui
3105 2886 3172 2938 de
3223 2885 3326 2939 hoc
3352 2883 3501 2939 anxii
3535 2884 3675 2941 fuis-

2091 2979 2238 3034 sent,
2263 2970 2338 3035 si,
2372 2979 2428 3024 ut
2456 2971 2530 3025 illi
2564 2971 2833 3038 dicerent,
2879 2973 3190 3030 noluissent
3227 2976 3532 3033 divinitatis
3573 2994 3676 3033 no-

2090 3063 2310 3118 vitatem
2337 3063 2548 3119 admitti
2578 3080 2606 3119 a
2635 3067 2989 3122 credentibus
3017 3068 3070 3122 in
3103 3067 3409 3136 Christum,
3451 3073 3546 3127 sed
3579 3088 3678 3130 eos

2091 3156 2379 3224 pervenire
2409 3157 2476 3211 ad
2508 3157 2682 3224 ipsum
2715 3157 2884 3213 Deum
2906 3199 2922 3222 ,
2945 3175 3107 3228 quem
3141 3161 3304 3216 etiam
3334 3171 3462 3218 ante
3481 3163 3670 3220 Jesum

2092 3246 2307 3318 Moyses
2328 3257 2384 3302 et
2407 3251 2681 3320 prophetae
2708 3250 3041 3307 docuissent.
3067 3252 3428 3320 Quamobrem
3457 3271 3678 3325 respou-

2090 3339 2327 3397 dendum
2355 3352 2439 3398 est
2463 3343 2568 3398 illis
2587 3343 2729 3412 quod
2763 3345 2944 3400 multa:
2971 3360 3150 3402 causa:
3169 3361 3291 3402 esse
3313 3362 3437 3402 cum
3454 3359 3675 3418 possent

2091 3445 2213 3500 qua:
2242 3432 2309 3488 ad
2344 3434 2675 3489 credendum
2725 3435 3038 3502 invitarent,
3081 3447 3138 3494 et
3161 3437 3432 3494 interdum
3456 3440 3674 3511 aliquos

2097 3525 2187 3593 qui
2229 3525 2297 3580 ab
2328 3541 2434 3580 una
2472 3526 2864 3582 miraculorum
2907 3529 3374 3585 demonstratione
3403 3547 3508 3586 non
3547 3549 3671 3602 per-

2091 3614 2324 3671 celleren
2338 3625 2442 3681 tur,
2455 3618 2525 3673 ab
2543 3619 2648 3672 alia
2669 3619 3134 3676 demonstratione
3157 3624 3486 3692 permoveri,
3509 3639 3674 3694 posse

2093 3709 2260 3762 Deum
2296 3709 2608 3779 complures
2635 3725 2830 3765 causas
2858 3712 3172 3768 hominibus
3202 3716 3444 3783 praebere
3481 3727 3539 3772 ut
3567 3722 3669 3772 ad-

2091 3800 2314 3855 mittant
2339 3799 2534 3868 Deum,
2583 3804 2676 3873 qui
2718 3814 2800 3859 est
2835 3819 3000 3874 super
3029 3807 3211 3862 omnia
3246 3810 3452 3878 genita,
3479 3811 3674 3866 huma-

2091 3908 2214 3946 nam
2260 3895 2626 3964 assumpsisse
2667 3907 2946 3952 naturam.
2996 3897 3153 3954 Unde
3196 3901 3359 3954 etiam
3387 3902 3672 3958 evidenter
3710 3937 3714 3940 -

2087 3999 2313 4041 cernere
2353 3999 2440 4041 est
2483 3989 2774 4045 nonnullos
2817 4005 2885 4044 ex
2926 3993 3261 4062 propheticis
3298 3995 3579 4051 vaticiniis
3612 3999 3666 4052 in

2087 4077 2505 4134 admirationem
2539 4080 2744 4137 Christi
2785 4083 2990 4148 venire,
3027 4093 3105 4138 tot
3133 4088 3543 4156 prophetarum,
3571 4091 3666 4160 qui

2087 4177 2216 4223 ante
2242 4169 2415 4238 ipsum
2440 4171 2680 4236 luerunt,
2709 4175 2990 4243 perculsos
3011 4190 3143 4231 voce
3169 4178 3482 4233 stabiliente
3509 4183 3668 4250 quid-

2087 4257 2214 4326 quid
2245 4261 2312 4312 ad
2347 4259 2522 4314 locum
2555 4263 2791 4331 pertinet
2821 4263 2874 4318 in
2903 4278 3013 4334 quo
3044 4267 3261 4335 genitus
3289 4267 3423 4332 fuit,
3457 4280 3513 4324 et
3543 4286 3663 4326 eam

2087 4353 2254 4407 etiam
2285 4353 2562 4424 regionem
2591 4355 2645 4409 in
2677 4371 2782 4426 qua
2807 4357 3082 4413 enutritus
3108 4359 3231 4424 fuit,
3263 4369 3318 4413 et
3343 4361 3453 4414 vim
3494 4361 3666 4432 ipsius

2087 4447 2372 4514 doctrinae,
2403 4457 2458 4500 et
2491 4461 2674 4502 rerum
2721 4449 3118 4504 admirabilium
3167 4453 3563 4520 operationem,
3598 4471 3664 4511 ac

392 4547 746 4616 ταλυόμενον.
792 4545 901 4598 Καὶ
944 4543 1102 4597 τοῦτο
1132 4543 1188 4596 δὲ
1222 4541 1601 4604 ἐπισκεπτέον,
1650 4542 1732 4595 δτι
1780 4543 1835 4594 αἱ
1883 4542 1981 4611 μὲν

2095 4537 2327 4607 denique
2375 4538 2680 4607 passionem
2730 4540 3019 4594 humanam
3061 4555 3090 4593 a
3138 4544 3541 4600 resurrectione
3571 4548 3664 4601 de-

393 4639 673 4709 τεράστιοι
716 4637 972 4706 δυνάμεις
1001 4637 1128 4698 τοὺς
1175 4635 1316 4688 κατὰ
1359 4634 1451 4686 τὸν
1483 4632 1670 4705 χρόνον
1709 4632 1803 4684 τοῦ
1851 4633 1983 4703 Χρι-

397 4727 527 4782 στοῦ
590 4725 916 4797 γενομένους
982 4721 1372 4796 προκαλεῖσθαι
1437 4721 1526 4772 ἐπὶ
1592 4717 1654 4771 τὸ
1707 4717 1982 4772 πιστεύειν

395 4819 683 4876 ἐδύναντο’
715 4818 816 4872 οὐκ
849 4817 1051 4882 ἔσωζον
1079 4815 1135 4869 δὲ
1165 4814 1228 4868 τὸ
1257 4811 1557 4885 ὲμφατικὸν
1587 4809 1724 4882 μετὰ
1757 4809 1982 4880 χρόνους

395 4911 673 4975 πλείονας,
708 4910 808 4981 ἤδη
852 4909 949 4964 καὶ
1001 4907 1201 4979 μύθους
1242 4901 1383 4959 εἶναι
1425 4902 1814 4974 ὑπονοηθείσας
1846 4901 1981 4971 (18).

395 5004 592 5058 Πλεῖον
618 5002 726 5075 γὰρ
751 5003 860 5056 τῶν
885 5001 1005 5054 τότε
1026 4998 1336 5070 γενομένων
1359 4995 1638 5066 δυνάμεων
1670 4995 1844 5065 ἰσχύει
1866 4992 1978 5064 (19)

397 5097 538 5168 πρὸς
583 5095 754 5149 πειθὼ
803 5097 836 5166 ἡ
879 5094 975 5147 νῦν
1027 5087 1489 5159 συνεξεταζομένη
1547 5089 1667 5150 ταῖς
1717 5084 1976 5154 δυνάμεσι

397 5188 726 5261 προφητεία,
769 5185 1026 5248 κάκείνας
1060 5180 1401 5238 ἀπιστεῖσθαι
1431 5179 1537 5232 ὑπὸ
1580 5177 1686 5230 τῶν
1718 5174 1978 5248 ἐρευνών-

395 5295 506 5332 των
539 5278 707 5340 αὑτὰς
750 5276 1051 5330 κωλύουσα.
1093 5275 1246 5346 Τάχα
1281 5273 1339 5326 δὲ
1373 5273 1428 5325 αἱ
1461 5268 1792 5341 προφητικαὶ¹
1838 5284 1978 5337 μαρο

397 5373 581 5444 τυρίαι
625 5373 684 5426 οὐ
739 5373 898 5444 μόνον
937 5369 1272 5443 κηρύσσουσι
1328 5363 1560 5438 Χριστὸν
1605 5361 1974 5433 ἐλευσόμενον,

467 5468 513 5499 ³³
539 5466 694 5523 Rom.
729 5484 802 5531 vr,
834 5468 889 5523 5.
964 5467 1010 5500 ⁸⁸
1033 5465 1189 5521 Joan.
1219 5483 1257 5528 ι,
1290 5463 1343 5517 7.

473 5561 588 5632 (15)
624 5560 734 5615 Καὶ
761 5559 860 5632 διὰ
897 5557 1097 5632 τοῦτο.
1143 5557 1236 5632 lta_
1261 5557 1430 5612 codex
1464 5553 1822 5618 Bodleianus;
1871 5549 1974 5604 Be—

400 5627 520 5704 gitts
540 5627 606 5704 et
636 5631 1112 5704 Barliet'ittus._§ta\
1145 5627 1323 5704 τοῦτο.
1386 5697 1426 5704 __
1465 5696 1479 5704 _
1581 5695 1593 5704 _
1641 5692 1652 5704 _
1731 5691 1742 5704 ι

471 5699 586 5773 (ίρ)
630 5701 753 5755 Τῶν
775 5699 1136 5773 ἑτεροδόξων
1159 5697 1348 5773 τινες.
1386 5695 1769 5773 Valentiniani.

471 5762 586 5840 (Π)
622 5762 900 5840 Χριστοῦ.
932 5762 1113 5825 Codex
1156 5762 1500 5840 Bodleiantts,
1527 5762 1755 5840 Ιςυρίου.

471 5830 588 5914 (lsi
637 5830 1115 5913 'i'xoronOeloaq.
1173 5838 1484 5910 Legendum
1551 5830 1969 5906 ὑπονοηθεῖσαι,

2091 4639 2379 4683 structam.
2398 4628 2538 4696 Quin
2567 4631 2670 4685 hoc
2687 4644 2902 4701 quoque
2931 4631 3380 4689 considerandum
3408 4645 3490 4690 est
3517 4640 3662 4708 quod

2087 4722 2408 4790 prodigiosae
2437 4733 2492 4778 et
2533 4723 2864 4778 admiranda:
2892 4725 3168 4792 potentiae,
3197 4740 3293 4781 eus
3315 4728 3535 4796 quidem
3569 4731 3663 4798 qui

2086 4815 2300 4870 Domini
2346 4825 2508 4870 aetate
2559 4816 2934 4882 exstitissent,
2995 4817 3231 4872 invitare
3292 4829 3546 4889 poterant
3592 4825 3660 4877 ad

2086 4906 2442 4972 credendum,
2481 4914 2538 4960 at
2579 4921 2685 4960 non
2715 4917 3031 4961 servassent
3059 4917 3179 4976 post
3206 4909 3375 4962 multa
3417 4919 3660 4980 tempora

2087 4999 2394 5054 evidentem
2422 4997 2968 5064 demonstrationem,
3018 5013 3140 5053 eum
3179 5015 3260 5054 ea:
3302 5015 3517 5071 quoque
3540 5003 3653 5073 jam

2087 5104 2186 5158 pro
2212 5087 2414 5144 fabulis
2443 5103 2582 5159 pene
2609 5087 2933 5144 habeantur.
2972 5089 3100 5145 Plus
3124 5092 3269 5145 enim
3288 5094 3560 5161 .potentiis
3591 5110 3658 5150 ac

2091 5178 2369 5234 miraculis
2421 5179 2570 5233 illius
2619 5179 2880 5247 temporis
2921 5181 3094 5249 potuit
3125 5182 3191 5234 ad
3223 5183 3652 5248 persuadendum

2086 5270 2368 5338 prophetia
2391 5307 2407 5334 ,
2441 5284 2561 5340 qua:
2589 5285 2734 5326 nunc
2761 5284 2882 5324 cum
2912 5272 3176 5340 potentiis
3221 5272 3353 5341 ipsis
3393 5283 3448 5326 et
3485 5275 3655 5329 mira-

2083 5361 2222 5417 culis
2267 5363 2589 5434 expenditur
2627 5371 2683 5417 et
2721 5372 3093 5434 comparatur,
3151 5363 3483 5420 conﬁrmans
3527 5381 3655 5437 prn-

2085 5563 2211 5602 nam
2247 5545 2299 5618 id
2342 5545 2586 5618 postulat
2640 5546 3006 5618 grammaticae
3051 5546 3209 5610 ratio,
3255 5563 3420 5618 quam
3468 5557 3648 5604 tamen

2086 5617 2306 5685 negligit
2337 5615 2626 5683 aliquando
2660 5616 2938 5685 Origenes.

2183 5686 2555 5758 19))1σχιξει.
2593 5686 2685 5743 Sic
2729 5685 2897 5744 codex
2938 5686 3294 5755 Bodleianus;
3340 5687 3544 5758 Regius
3595 5702 3650 5746 et

2081 5757 2252 5813 Barhe
2262 5757 2430 5826 riuus,
2461 5755 2622 5827 ι’σχει.
