  <div class='ocr_page' id='page_1' title='image "/cluster/home/n/w/nwhite01/storage/ocr_20150623/14:no.4/coo.31924054872928/097.png"; bbox 0 0 4194 6416; ppageno 0'>
   <div class='ocr_carea' id='block_1_1' title="bbox 491 353 2092 442">
    <p class='ocr_par' dir='ltr' id='par_1_1' title="bbox 491 361 2092 442">
     <span class='ocr_line' id='line_1_1' title="bbox 491 361 2092 442; baseline -0.004 -18"><span class='ocrx_word' id='word_1_1' title='bbox 491 384 596 442; x_wconf 71' lang='lat' dir='ltr'><strong>ns</strong></span> <span class='ocrx_word' id='word_1_2' title='bbox 1949 361 2092 419; x_wconf 76' lang='grc' dir='ltr'><strong>ΟΒΙ(</strong></span> 
     </span>
    </p>
   </div>
   <div class='ocr_carea' id='block_1_2' title="bbox 2192 353 3772 442">
    <p class='ocr_par' dir='ltr' id='par_1_2' title="bbox 2192 353 3772 415">
     <span class='ocr_line' id='line_1_2' title="bbox 2192 353 3772 415; baseline -0.003 -1"><span class='ocrx_word' id='word_1_3' title='bbox 2192 359 2274 415; x_wconf 78' lang='grc' dir='ltr'><strong>ί15</strong></span> <span class='ocrx_word' id='word_1_4' title='bbox 3667 353 3772 410; x_wconf 73' lang='grc' dir='ltr'><strong>ιτσ</strong></span> 
     </span>
    </p>
   </div>
   <div class='ocr_carea' id='block_1_3' title="bbox 487 470 2092 576">
    <p class='ocr_par' dir='ltr' id='par_1_3' title="bbox 487 481 2077 576">
     <span class='ocr_line' id='line_1_3' title="bbox 487 481 2077 576; baseline -0.018 -15"><span class='ocrx_word' id='word_1_5' title='bbox 487 505 689 576; x_wconf 73' lang='lat' dir='ltr'><strong>phetize</strong></span> <span class='ocrx_word' id='word_1_6' title='bbox 723 499 1091 570; x_wconf 79' lang='lat' dir='ltr'><strong>indagatores,</strong></span> <span class='ocrx_word' id='word_1_7' title='bbox 1133 501 1192 548; x_wconf 93' lang='lat' dir='ltr'><strong>ut</strong></span> <span class='ocrx_word' id='word_1_8' title='bbox 1225 491 1386 546; x_wconf 88' lang='lat' dir='ltr'><strong>ﬁdem</strong></span> <span class='ocrx_word' id='word_1_9' title='bbox 1414 487 1649 544; x_wconf 79' lang='lat' dir='ltr'><strong>habeam</strong></span> <span class='ocrx_word' id='word_1_10' title='bbox 1685 481 1794 539; x_wconf 89' lang='lat' dir='ltr'><strong>illis</strong></span> <span class='ocrx_word' id='word_1_11' title='bbox 1819 481 2077 576; x_wconf 79' lang='lat' dir='ltr'><strong>potentiis</strong></span> 
     </span>
    </p>
   </div>
   <div class='ocr_carea' id='block_1_4' title="bbox 2192 470 3774 576">
    <p class='ocr_par' dir='ltr' id='par_1_4' title="bbox 2192 470 3774 545">
     <span class='ocr_line' id='line_1_4' title="bbox 2192 470 3774 545; baseline -0.004 -14"><span class='ocrx_word' id='word_1_12' title='bbox 2192 476 2303 531; x_wconf 65' lang='grc' dir='ltr'>οὖδέ</span> <span class='ocrx_word' id='word_1_13' title='bbox 2369 473 2515 528; x_wconf 88' lang='grc' dir='ltr'>τοῦθ’</span> <span class='ocrx_word' id='word_1_14' title='bbox 2581 473 2729 545; x_wconf 76' lang='grc' dir='ltr'>ἡμᾶς</span> <span class='ocrx_word' id='word_1_15' title='bbox 2799 471 3153 534; x_wconf 74' lang='grc' dir='ltr'>διδάσκουσι,</span> <span class='ocrx_word' id='word_1_16' title='bbox 3217 470 3310 524; x_wconf 75' lang='grc' dir='ltr'><strong>καὶ</strong></span> <span class='ocrx_word' id='word_1_17' title='bbox 3372 470 3501 524; x_wconf 82' lang='grc' dir='ltr'>ἄλλο</span> <span class='ocrx_word' id='word_1_18' title='bbox 3579 471 3774 533; x_wconf 79' lang='grc' dir='ltr'>οὐδὲν,</span> 
     </span>
    </p>
   </div>
   <div class='ocr_carea' id='block_1_5' title="bbox 492 563 2092 666">
    <p class='ocr_par' dir='ltr' id='par_1_5' title="bbox 492 563 2073 666">
     <span class='ocr_line' id='line_1_5' title="bbox 492 563 2073 666; baseline -0.018 -15"><span class='ocrx_word' id='word_1_19' title='bbox 492 563 820 666; x_wconf 68' lang='lat' dir='ltr'><strong>prodigiosis</strong></span> <span class='ocrx_word' id='word_1_20' title='bbox 845 563 900 644; x_wconf 69' lang='lat' dir='ltr'><strong>et</strong></span> <span class='ocrx_word' id='word_1_21' title='bbox 930 584 1284 643; x_wconf 83' lang='lat' dir='ltr'><strong>admirandis.</strong></span> <span class='ocrx_word' id='word_1_22' title='bbox 1308 581 1566 636; x_wconf 88' lang='lat' dir='ltr'><strong>Fortasse</strong></span> <span class='ocrx_word' id='word_1_23' title='bbox 1588 590 1722 631; x_wconf 79' lang='lat' dir='ltr'><strong>vero</strong></span> <span class='ocrx_word' id='word_1_24' title='bbox 1755 573 2073 643; x_wconf 89' lang='lat' dir='ltr'><strong>prophetica</strong></span> 
     </span>
    </p>
   </div>
   <div class='ocr_carea' id='block_1_6' title="bbox 2192 563 3776 666">
    <p class='ocr_par' dir='ltr' id='par_1_6' title="bbox 2192 563 3776 640">
     <span class='ocr_line' id='line_1_6' title="bbox 2192 563 3776 640; baseline -0.003 -17"><span class='ocrx_word' id='word_1_25' title='bbox 2192 569 2318 624; x_wconf 65' lang='grc' dir='ltr'>ἀλλὰ</span> <span class='ocrx_word' id='word_1_26' title='bbox 2351 568 2464 640; x_wconf 71' lang='grc'>(20)</span> <span class='ocrx_word' id='word_1_27' title='bbox 2510 567 2711 638; x_wconf 82' lang='grc' dir='ltr'>πολλὴν</span> <span class='ocrx_word' id='word_1_28' title='bbox 2749 565 3050 635; x_wconf 78' lang='grc' dir='ltr'><strong>θεολογίαν,</strong></span> <span class='ocrx_word' id='word_1_29' title='bbox 3080 564 3262 635; x_wconf 80' lang='grc' dir='ltr'><strong>σχέσιν</strong></span> <span class='ocrx_word' id='word_1_30' title='bbox 3291 582 3350 618; x_wconf 87' lang='grc' dir='ltr'><strong>τε</strong></span> <span class='ocrx_word' id='word_1_31' title='bbox 3385 563 3594 635; x_wconf 80' lang='grc' dir='ltr'>Πατρδς</span> <span class='ocrx_word' id='word_1_32' title='bbox 3637 565 3776 636; x_wconf 65' lang='grc' dir='ltr'>προς</span> 
     </span>
    </p>
   </div>
   <div class='ocr_carea' id='block_1_7' title="bbox 491 668 2078 746">
    <p class='ocr_par' dir='ltr' id='par_1_7' title="bbox 491 668 2078 746">
     <span class='ocr_line' id='line_1_7' title="bbox 491 668 2078 746; baseline -0.018 -1"><span class='ocrx_word' id='word_1_33' title='bbox 491 687 804 745; x_wconf 80' lang='lat' dir='ltr'><strong>testimonia</strong></span> <span class='ocrx_word' id='word_1_34' title='bbox 838 699 948 738; x_wconf 90' lang='lat' dir='ltr'><strong>non</strong></span> <span class='ocrx_word' id='word_1_35' title='bbox 985 688 1196 737; x_wconf 83' lang='lat' dir='ltr'><strong>tantum</strong></span> <span class='ocrx_word' id='word_1_36' title='bbox 1233 674 1536 746; x_wconf 68' lang='lat' dir='ltr'><strong>praedicant</strong></span> <span class='ocrx_word' id='word_1_37' title='bbox 1571 668 1853 724; x_wconf 79' lang='lat' dir='ltr'><strong>Christum</strong></span> <span class='ocrx_word' id='word_1_38' title='bbox 1889 674 2078 719; x_wconf 78' lang='lat' dir='ltr'><strong>ventu-</strong></span> 
     </span>
    </p>
   </div>
   <div class='ocr_carea' id='block_1_8' title="bbox 491 759 2075 843">
    <p class='ocr_par' dir='ltr' id='par_1_8' title="bbox 491 759 2075 843">
     <span class='ocr_line' id='line_1_8' title="bbox 491 759 2075 843; baseline -0.013 -9"><span class='ocrx_word' id='word_1_39' title='bbox 491 791 638 843; x_wconf 83' lang='lat' dir='ltr'><strong>rum,</strong></span> <span class='ocrx_word' id='word_1_40' title='bbox 688 778 790 832; x_wconf 90' lang='lat' dir='ltr'><strong>hoc</strong></span> <span class='ocrx_word' id='word_1_41' title='bbox 839 789 938 829; x_wconf 91' lang='lat' dir='ltr'><strong>nos</strong></span> <span class='ocrx_word' id='word_1_42' title='bbox 1020 773 1302 832; x_wconf 87' lang='lat' dir='ltr'><strong>docentes,</strong></span> <span class='ocrx_word' id='word_1_43' title='bbox 1355 775 1412 820; x_wconf 90' lang='lat' dir='ltr'><strong>et</strong></span> <span class='ocrx_word' id='word_1_44' title='bbox 1445 761 1587 818; x_wconf 90' lang='lat' dir='ltr'><strong>nihil</strong></span> <span class='ocrx_word' id='word_1_45' title='bbox 1633 769 1936 830; x_wconf 71' lang='lat' dir='ltr'><strong>pratterea,</strong></span> <span class='ocrx_word' id='word_1_46' title='bbox 1982 759 2075 813; x_wconf 87' lang='lat' dir='ltr'><strong>sed</strong></span> 
     </span>
    </p>
   </div>
   <div class='ocr_carea' id='block_1_9' title="bbox 494 850 2080 935">
    <p class='ocr_par' dir='ltr' id='par_1_9' title="bbox 494 850 2080 935">
     <span class='ocr_line' id='line_1_9' title="bbox 494 850 2080 935; baseline -0.016 -9"><span class='ocrx_word' id='word_1_47' title='bbox 494 870 722 926; x_wconf 89' lang='lat' dir='ltr'><strong>multam</strong></span> <span class='ocrx_word' id='word_1_48' title='bbox 753 864 1104 935; x_wconf 77' lang='lat' dir='ltr'><strong>theologiam,</strong></span> <span class='ocrx_word' id='word_1_49' title='bbox 1134 869 1190 915; x_wconf 89' lang='lat' dir='ltr'><strong>et</strong></span> <span class='ocrx_word' id='word_1_50' title='bbox 1217 854 1491 928; x_wconf 89' lang='lat' dir='ltr'><strong>quomodo</strong></span> <span class='ocrx_word' id='word_1_51' title='bbox 1527 866 1648 909; x_wconf 85' lang='lat' dir='ltr'><strong>sese</strong></span> <span class='ocrx_word' id='word_1_52' title='bbox 1685 851 1888 904; x_wconf 86' lang='lat' dir='ltr'><strong>habeat</strong></span> <span class='ocrx_word' id='word_1_53' title='bbox 1918 850 2080 902; x_wconf 82' lang='lat' dir='ltr'><strong>Pater</strong></span> 
     </span>
    </p>
   </div>
   <div class='ocr_carea' id='block_1_10' title="bbox 495 942 2076 1025">
    <p class='ocr_par' dir='ltr' id='par_1_10' title="bbox 495 942 2076 1025">
     <span class='ocr_line' id='line_1_10' title="bbox 495 942 2076 1025; baseline -0.015 -9"><span class='ocrx_word' id='word_1_54' title='bbox 495 963 562 1017; x_wconf 90' lang='lat' dir='ltr'><strong>ad</strong></span> <span class='ocrx_word' id='word_1_55' title='bbox 588 960 811 1020; x_wconf 86' lang='lat' dir='ltr'><strong>Filium,</strong></span> <span class='ocrx_word' id='word_1_56' title='bbox 859 957 1142 1025; x_wconf 88' lang='lat' dir='ltr'><strong>Filiusque</strong></span> <span class='ocrx_word' id='word_1_57' title='bbox 1175 951 1243 1006; x_wconf 89' lang='lat' dir='ltr'><strong>ad</strong></span> <span class='ocrx_word' id='word_1_58' title='bbox 1267 949 1490 1004; x_wconf 84' lang='lat' dir='ltr'><strong>Patrem</strong></span> <span class='ocrx_word' id='word_1_59' title='bbox 1511 987 1528 1012; x_wconf 83' lang='lat'><strong>,</strong></span> <span class='ocrx_word' id='word_1_60' title='bbox 1555 945 1769 1000; x_wconf 78' lang='lat' dir='ltr'><strong>discere</strong></span> <span class='ocrx_word' id='word_1_61' title='bbox 1809 942 1936 996; x_wconf 88' lang='lat' dir='ltr'><strong>licet</strong></span> <span class='ocrx_word' id='word_1_62' title='bbox 1970 955 2076 994; x_wconf 88' lang='lat' dir='ltr'><strong>non</strong></span> 
     </span>
    </p>
   </div>
   <div class='ocr_carea' id='block_1_11' title="bbox 493 1036 2081 1119">
    <p class='ocr_par' dir='ltr' id='par_1_11' title="bbox 493 1036 2081 1119">
     <span class='ocr_line' id='line_1_11' title="bbox 493 1036 2081 1119; baseline -0.014 -7"><span class='ocrx_word' id='word_1_63' title='bbox 493 1058 677 1112; x_wconf 89' lang='lat' dir='ltr'><strong>minus</strong></span> <span class='ocrx_word' id='word_1_64' title='bbox 726 1068 794 1108; x_wconf 81' lang='lat' dir='ltr'><strong>ex</strong></span> <span class='ocrx_word' id='word_1_65' title='bbox 827 1051 913 1106; x_wconf 87' lang='lat' dir='ltr'><strong>his</strong></span> <span class='ocrx_word' id='word_1_66' title='bbox 941 1062 1064 1119; x_wconf 65' lang='lat' dir='ltr'><strong>quae</strong></span> <span class='ocrx_word' id='word_1_67' title='bbox 1116 1047 1397 1116; x_wconf 68' lang='lat' dir='ltr'><strong>prophetae</strong></span> <span class='ocrx_word' id='word_1_68' title='bbox 1424 1043 1492 1097; x_wconf 88' lang='lat' dir='ltr'><strong>de</strong></span> <span class='ocrx_word' id='word_1_69' title='bbox 1525 1041 1646 1110; x_wconf 88' lang='lat' dir='ltr'><strong>ipso</strong></span> <span class='ocrx_word' id='word_1_70' title='bbox 1681 1036 2081 1092; x_wconf 84' lang='lat' dir='ltr'><strong>annnntiaruut</strong></span> 
     </span>
    </p>
   </div>
   <div class='ocr_carea' id='block_1_12' title="bbox 495 1129 2083 1220">
    <p class='ocr_par' dir='ltr' id='par_1_12' title="bbox 495 1129 2083 1220">
     <span class='ocr_line' id='line_1_12' title="bbox 495 1129 2083 1220; baseline -0.014 -19"><span class='ocrx_word' id='word_1_71' title='bbox 495 1161 660 1220; x_wconf 86' lang='lat' dir='ltr'><strong>quam</strong></span> <span class='ocrx_word' id='word_1_72' title='bbox 685 1145 754 1200; x_wconf 88' lang='lat' dir='ltr'><strong>ab</strong></span> <span class='ocrx_word' id='word_1_73' title='bbox 786 1139 1050 1214; x_wconf 76' lang='lat' dir='ltr'><strong>apostolis</strong></span> <span class='ocrx_word' id='word_1_74' title='bbox 1072 1133 1544 1208; x_wconf 80' lang='lat' dir='ltr'><strong>magniﬁcentiam</strong></span> <span class='ocrx_word' id='word_1_75' title='bbox 1577 1129 1702 1184; x_wconf 86' lang='lat' dir='ltr'><strong>Filii</strong></span> <span class='ocrx_word' id='word_1_76' title='bbox 1737 1129 1830 1183; x_wconf 89' lang='lat' dir='ltr'><strong>Dei</strong></span> <span class='ocrx_word' id='word_1_77' title='bbox 1857 1142 2083 1182; x_wconf 90' lang='lat' dir='ltr'><strong>narran-</strong></span> 
     </span>
    </p>
   </div>
   <div class='ocr_carea' id='block_1_13' title="bbox 497 1219 2081 1298">
    <p class='ocr_par' dir='ltr' id='par_1_13' title="bbox 497 1219 2081 1298">
     <span class='ocr_line' id='line_1_13' title="bbox 497 1219 2081 1298; baseline -0.015 -4"><span class='ocrx_word' id='word_1_78' title='bbox 497 1219 666 1295; x_wconf 88' lang='lat' dir='ltr'><strong>tibus.</strong></span> <span class='ocrx_word' id='word_1_79' title='bbox 700 1235 820 1292; x_wconf 80' lang='lat' dir='ltr'><strong>Jam</strong></span> <span class='ocrx_word' id='word_1_80' title='bbox 853 1249 986 1289; x_wconf 82' lang='lat' dir='ltr'><strong>vero</strong></span> <span class='ocrx_word' id='word_1_81' title='bbox 1018 1231 1185 1288; x_wconf 89' lang='lat' dir='ltr'><strong>etiam</strong></span> <span class='ocrx_word' id='word_1_82' title='bbox 1221 1227 1313 1298; x_wconf 89' lang='lat' dir='ltr'><strong>qui</strong></span> <span class='ocrx_word' id='word_1_83' title='bbox 1355 1241 1522 1281; x_wconf 90' lang='lat' dir='ltr'><strong>ausus</strong></span> <span class='ocrx_word' id='word_1_84' title='bbox 1554 1222 1745 1286; x_wconf 84' lang='lat' dir='ltr'><strong>fuerit.</strong></span> <span class='ocrx_word' id='word_1_85' title='bbox 1779 1221 1888 1276; x_wconf 89' lang='lat' dir='ltr'><strong>tale</strong></span> <span class='ocrx_word' id='word_1_86' title='bbox 1915 1219 2081 1289; x_wconf 90' lang='lat' dir='ltr'><strong>quid-</strong></span> 
     </span>
    </p>
   </div>
   <div class='ocr_carea' id='block_1_14' title="bbox 496 1311 2084 1402">
    <p class='ocr_par' dir='ltr' id='par_1_14' title="bbox 496 1311 2084 1402">
     <span class='ocr_line' id='line_1_14' title="bbox 496 1311 2084 1402; baseline -0.011 -17"><span class='ocrx_word' id='word_1_87' title='bbox 496 1335 622 1388; x_wconf 87' lang='lat' dir='ltr'><strong>dam</strong></span> <span class='ocrx_word' id='word_1_88' title='bbox 646 1338 827 1402; x_wconf 87' lang='lat' dir='ltr'><strong>potest</strong></span> <span class='ocrx_word' id='word_1_89' title='bbox 857 1335 1061 1398; x_wconf 66' lang='lat' dir='ltr'><strong>prreter</strong></span> <span class='ocrx_word' id='word_1_90' title='bbox 1099 1326 1218 1380; x_wconf 64' lang='lat' dir='ltr'><strong>haec</strong></span> <span class='ocrx_word' id='word_1_91' title='bbox 1246 1323 1462 1388; x_wconf 87' lang='lat' dir='ltr'><strong>dicere,</strong></span> <span class='ocrx_word' id='word_1_92' title='bbox 1504 1333 1701 1389; x_wconf 84' lang='lat' dir='ltr'><strong>nempe</strong></span> <span class='ocrx_word' id='word_1_93' title='bbox 1731 1315 1944 1385; x_wconf 84' lang='lat' dir='ltr'><strong>aliquos</strong></span> <span class='ocrx_word' id='word_1_94' title='bbox 1967 1311 2084 1383; x_wconf 76' lang='lat'><strong>88</strong></span> 
     </span>
    </p>
   </div>
   <div class='ocr_carea' id='block_1_15' title="bbox 493 1405 2084 1495">
    <p class='ocr_par' dir='ltr' id='par_1_15' title="bbox 493 1405 2084 1495">
     <span class='ocr_line' id='line_1_15' title="bbox 493 1405 2084 1495; baseline -0.016 -13"><span class='ocrx_word' id='word_1_95' title='bbox 493 1424 698 1482; x_wconf 87' lang='lat' dir='ltr'><strong>Christi</strong></span> <span class='ocrx_word' id='word_1_96' title='bbox 741 1422 1024 1495; x_wconf 84' lang='grc' dir='ltr'>μάρτυρας</span> <span class='ocrx_word' id='word_1_97' title='bbox 1059 1418 1187 1492; x_wconf 90' lang='lat' dir='ltr'><strong>[hoc</strong></span> <span class='ocrx_word' id='word_1_98' title='bbox 1225 1426 1309 1471; x_wconf 91' lang='lat' dir='ltr'><strong>est</strong></span> <span class='ocrx_word' id='word_1_99' title='bbox 1352 1411 1570 1484; x_wconf 82' lang='lat' dir='ltr'><strong>testes],</strong></span> <span class='ocrx_word' id='word_1_100' title='bbox 1623 1425 1688 1465; x_wconf 93' lang='lat' dir='ltr'><strong>eo</strong></span> <span class='ocrx_word' id='word_1_101' title='bbox 1732 1407 1876 1480; x_wconf 89' lang='lat' dir='ltr'><strong>quod</strong></span> <span class='ocrx_word' id='word_1_102' title='bbox 1927 1405 2084 1460; x_wconf 88' lang='lat' dir='ltr'><strong>testi-</strong></span> 
     </span>
    </p>
   </div>
   <div class='ocr_carea' id='block_1_16' title="bbox 499 1499 2084 1581">
    <p class='ocr_par' dir='ltr' id='par_1_16' title="bbox 499 1499 2084 1581">
     <span class='ocr_line' id='line_1_16' title="bbox 499 1499 2084 1581; baseline -0.015 -5"><span class='ocrx_word' id='word_1_103' title='bbox 499 1522 734 1578; x_wconf 84' lang='lat' dir='ltr'><strong>ﬁcentur</strong></span> <span class='ocrx_word' id='word_1_104' title='bbox 763 1521 829 1574; x_wconf 87' lang='lat' dir='ltr'><strong>de</strong></span> <span class='ocrx_word' id='word_1_105' title='bbox 862 1517 980 1581; x_wconf 91' lang='lat' dir='ltr'><strong>illo,</strong></span> <span class='ocrx_word' id='word_1_106' title='bbox 1024 1517 1234 1570; x_wconf 88' lang='lat' dir='ltr'><strong>honore</strong></span> <span class='ocrx_word' id='word_1_107' title='bbox 1271 1510 1576 1574; x_wconf 90' lang='lat' dir='ltr'><strong>honestari,</strong></span> <span class='ocrx_word' id='word_1_108' title='bbox 1619 1507 1707 1562; x_wconf 91' lang='lat' dir='ltr'><strong>cui</strong></span> <span class='ocrx_word' id='word_1_109' title='bbox 1735 1515 1915 1559; x_wconf 90' lang='lat' dir='ltr'><strong>tamen</strong></span> <span class='ocrx_word' id='word_1_110' title='bbox 1947 1499 2084 1556; x_wconf 90' lang='lat' dir='ltr'><strong>nihil</strong></span> 
     </span>
    </p>
   </div>
   <div class='ocr_carea' id='block_1_17' title="bbox 501 1595 2082 1682">
    <p class='ocr_par' dir='ltr' id='par_1_17' title="bbox 501 1595 2082 1682">
     <span class='ocr_line' id='line_1_17' title="bbox 501 1595 2082 1682; baseline -0.015 -15"><span class='ocrx_word' id='word_1_111' title='bbox 501 1621 724 1682; x_wconf 86' lang='lat' dir='ltr'><strong>prorsus</strong></span> <span class='ocrx_word' id='word_1_112' title='bbox 761 1609 1142 1682; x_wconf 86' lang='lat' dir='ltr'><strong>gratiﬁcentur</strong></span> <span class='ocrx_word' id='word_1_113' title='bbox 1173 1612 1398 1674; x_wconf 88' lang='lat' dir='ltr'><strong>propter</strong></span> <span class='ocrx_word' id='word_1_114' title='bbox 1427 1603 1600 1670; x_wconf 85' lang='lat' dir='ltr'><strong>ipsam</strong></span> <span class='ocrx_word' id='word_1_115' title='bbox 1638 1595 2082 1656; x_wconf 81' lang='lat' dir='ltr'><strong>testiﬁcationem</strong></span> 
     </span>
    </p>
   </div>
   <div class='ocr_carea' id='block_1_18' title="bbox 499 1679 2083 1762">
    <p class='ocr_par' dir='ltr' id='par_1_18' title="bbox 499 1679 2083 1762">
     <span class='ocr_line' id='line_1_18' title="bbox 499 1679 2083 1762; baseline -0.016 -4"><span class='ocrx_word' id='word_1_116' title='bbox 499 1679 566 1759; x_wconf 86' lang='lat' dir='ltr'><strong>de</strong></span> <span class='ocrx_word' id='word_1_117' title='bbox 609 1679 912 1762; x_wconf 27' lang='lat' dir='ltr'><strong>FilioVDei,</strong></span> <span class='ocrx_word' id='word_1_118' title='bbox 964 1707 1024 1751; x_wconf 91' lang='lat' dir='ltr'><strong>ut</strong></span> <span class='ocrx_word' id='word_1_119' title='bbox 1086 1708 1280 1750; x_wconf 90' lang='lat' dir='ltr'><strong>omnes</strong></span> <span class='ocrx_word' id='word_1_120' title='bbox 1331 1691 1534 1746; x_wconf 81' lang='lat' dir='ltr'><strong>fassuri</strong></span> <span class='ocrx_word' id='word_1_121' title='bbox 1580 1697 1707 1743; x_wconf 88' lang='lat' dir='ltr'><strong>sunt</strong></span> <span class='ocrx_word' id='word_1_122' title='bbox 1763 1688 1831 1740; x_wconf 88' lang='lat' dir='ltr'><strong>de</strong></span> <span class='ocrx_word' id='word_1_123' title='bbox 1873 1683 1962 1738; x_wconf 81' lang='lat' dir='ltr'><strong>his</strong></span> <span class='ocrx_word' id='word_1_124' title='bbox 1990 1679 2083 1750; x_wconf 86' lang='lat' dir='ltr'><strong>qui</strong></span> 
     </span>
    </p>
   </div>
   <div class='ocr_carea' id='block_1_19' title="bbox 503 1774 2082 1866">
    <p class='ocr_par' dir='ltr' id='par_1_19' title="bbox 503 1774 2082 1866">
     <span class='ocr_line' id='line_1_19' title="bbox 503 1774 2082 1866; baseline -0.015 -17"><span class='ocrx_word' id='word_1_125' title='bbox 503 1795 724 1866; x_wconf 84' lang='lat' dir='ltr'><strong>pr0prie</strong></span> <span class='ocrx_word' id='word_1_126' title='bbox 749 1791 952 1848; x_wconf 84' lang='lat' dir='ltr'><strong>Christi</strong></span> <span class='ocrx_word' id='word_1_127' title='bbox 988 1788 1343 1843; x_wconf 88' lang='lat' dir='ltr'><strong>nominantur</strong></span> <span class='ocrx_word' id='word_1_128' title='bbox 1369 1791 1660 1851; x_wconf 82' lang='lat' dir='ltr'><strong>martyres.</strong></span> <span class='ocrx_word' id='word_1_129' title='bbox 1691 1776 1832 1846; x_wconf 86' lang='lat' dir='ltr'><strong>Quid</strong></span> <span class='ocrx_word' id='word_1_130' title='bbox 1883 1774 2082 1829; x_wconf 89' lang='lat' dir='ltr'><strong>mirum</strong></span> 
     </span>
    </p>
   </div>
   <div class='ocr_carea' id='block_1_20' title="bbox 502 1847 2160 1956">
    <p class='ocr_par' dir='ltr' id='par_1_20' title="bbox 502 1847 2160 1956">
     <span class='ocr_line' id='line_1_20' title="bbox 502 1847 2160 1956; baseline -0.017 -14"><span class='ocrx_word' id='word_1_131' title='bbox 502 1847 744 1956; x_wconf 65' lang='lat' dir='ltr'><strong>igitursi</strong></span> <span class='ocrx_word' id='word_1_132' title='bbox 767 1878 1226 1951; x_wconf 80' lang='lat' dir='ltr'><strong>quemadmodum</strong></span> <span class='ocrx_word' id='word_1_133' title='bbox 1264 1873 1420 1928; x_wconf 88' lang='lat' dir='ltr'><strong>multi</strong></span> <span class='ocrx_word' id='word_1_134' title='bbox 1447 1847 1651 1927; x_wconf 77' lang='lat' dir='ltr'><strong>Christi</strong></span> <span class='ocrx_word' id='word_1_135' title='bbox 1707 1865 1956 1939; x_wconf 78' lang='lat' dir='ltr'><strong>germani</strong></span> <span class='ocrx_word' id='word_1_136' title='bbox 1999 1862 2083 1916; x_wconf 90' lang='lat' dir='ltr'><strong>di-</strong></span> <span class='ocrx_word' id='word_1_137' title='bbox 2116 1847 2160 1902; x_wconf 78' lang='grc' dir='ltr'><strong>Β</strong></span> 
     </span>
    </p>
   </div>
   <div class='ocr_carea' id='block_1_21' title="bbox 500 1956 2083 2047">
    <p class='ocr_par' dir='ltr' id='par_1_21' title="bbox 500 1956 2083 2047">
     <span class='ocr_line' id='line_1_21' title="bbox 500 1956 2083 2047; baseline -0.016 -14"><span class='ocrx_word' id='word_1_138' title='bbox 500 1977 690 2047; x_wconf 85' lang='lat' dir='ltr'><strong>seipuli</strong></span> <span class='ocrx_word' id='word_1_139' title='bbox 723 1971 1068 2029; x_wconf 87' lang='lat' dir='ltr'><strong>cohonestati</strong></span> <span class='ocrx_word' id='word_1_140' title='bbox 1132 1969 1321 2032; x_wconf 82' lang='lat' dir='ltr'><strong>fuere,</strong></span> <span class='ocrx_word' id='word_1_141' title='bbox 1361 1980 1429 2020; x_wconf 85' lang='lat' dir='ltr'><strong>eo</strong></span> <span class='ocrx_word' id='word_1_142' title='bbox 1459 1964 1606 2032; x_wconf 89' lang='lat' dir='ltr'><strong>quod</strong></span> <span class='ocrx_word' id='word_1_143' title='bbox 1640 1968 1827 2015; x_wconf 83' lang='lat' dir='ltr'><strong>essent</strong></span> <span class='ocrx_word' id='word_1_144' title='bbox 1877 1956 2083 2013; x_wconf 85' lang='lat' dir='ltr'><strong>Christi</strong></span> 
     </span>
    </p>
   </div>
   <div class='ocr_carea' id='block_1_22' title="bbox 501 2051 2081 2138">
    <p class='ocr_par' dir='ltr' id='par_1_22' title="bbox 501 2051 2081 2138">
     <span class='ocr_line' id='line_1_22' title="bbox 501 2051 2081 2138; baseline -0.013 -17"><span class='ocrx_word' id='word_1_145' title='bbox 501 2068 802 2138; x_wconf 80' lang='grc' dir='ltr'>μάρτυρες,</span> <span class='ocrx_word' id='word_1_146' title='bbox 834 2065 905 2118; x_wconf 86' lang='lat' dir='ltr'><strong>ita</strong></span> <span class='ocrx_word' id='word_1_147' title='bbox 945 2061 1113 2115; x_wconf 84' lang='lat' dir='ltr'><strong>etiam</strong></span> <span class='ocrx_word' id='word_1_148' title='bbox 1160 2059 1443 2128; x_wconf 67' lang='lat' dir='ltr'><strong>prophetae</strong></span> <span class='ocrx_word' id='word_1_149' title='bbox 1469 2064 1833 2128; x_wconf 78' lang='lat' dir='ltr'><strong>agnoscentes</strong></span> <span class='ocrx_word' id='word_1_150' title='bbox 1883 2051 2081 2121; x_wconf 90' lang='lat' dir='ltr'><strong>ipsum,</strong></span> 
     </span>
    </p>
   </div>
   <div class='ocr_carea' id='block_1_23' title="bbox 498 2142 2080 2218">
    <p class='ocr_par' dir='ltr' id='par_1_23' title="bbox 498 2142 2080 2218">
     <span class='ocr_line' id='line_1_23' title="bbox 498 2142 2080 2218; baseline -0.011 -7"><span class='ocrx_word' id='word_1_151' title='bbox 498 2159 556 2212; x_wconf 81' lang='lat' dir='ltr'><strong>id</strong></span> <span class='ocrx_word' id='word_1_152' title='bbox 595 2154 840 2210; x_wconf 88' lang='lat' dir='ltr'><strong>muneris</strong></span> <span class='ocrx_word' id='word_1_153' title='bbox 871 2166 902 2206; x_wconf 82' lang='lat' dir='ltr'><strong>a</strong></span> <span class='ocrx_word' id='word_1_154' title='bbox 946 2152 1056 2206; x_wconf 89' lang='lat' dir='ltr'><strong>Deo</strong></span> <span class='ocrx_word' id='word_1_155' title='bbox 1096 2148 1413 2218; x_wconf 83' lang='lat' dir='ltr'><strong>acceperint</strong></span> <span class='ocrx_word' id='word_1_156' title='bbox 1442 2157 1503 2198; x_wconf 90' lang='lat' dir='ltr'><strong>ut</strong></span> <span class='ocrx_word' id='word_1_157' title='bbox 1533 2159 1658 2199; x_wconf 88' lang='lat' dir='ltr'><strong>eum</strong></span> <span class='ocrx_word' id='word_1_158' title='bbox 1691 2142 2080 2213; x_wconf 62' lang='lat' dir='ltr'><strong>prmeiuereut,</strong></span> 
     </span>
    </p>
   </div>
   <div class='ocr_carea' id='block_1_24' title="bbox 501 2229 2086 2308">
    <p class='ocr_par' dir='ltr' id='par_1_24' title="bbox 501 2229 2086 2308">
     <span class='ocr_line' id='line_1_24' title="bbox 501 2229 2086 2308; baseline -0.011 -7"><span class='ocrx_word' id='word_1_159' title='bbox 501 2248 765 2301; x_wconf 87' lang='lat' dir='ltr'><strong>docentes</strong></span> <span class='ocrx_word' id='word_1_160' title='bbox 798 2257 906 2296; x_wconf 91' lang='lat' dir='ltr'><strong>non</strong></span> <span class='ocrx_word' id='word_1_161' title='bbox 937 2240 1112 2296; x_wconf 90' lang='lat' dir='ltr'><strong>solum</strong></span> <span class='ocrx_word' id='word_1_162' title='bbox 1153 2238 1282 2308; x_wconf 90' lang='lat' dir='ltr'><strong>quid</strong></span> <span class='ocrx_word' id='word_1_163' title='bbox 1323 2235 1430 2290; x_wconf 87' lang='lat' dir='ltr'><strong>illis</strong></span> <span class='ocrx_word' id='word_1_164' title='bbox 1458 2235 1546 2304; x_wconf 89' lang='lat' dir='ltr'><strong>qui</strong></span> <span class='ocrx_word' id='word_1_165' title='bbox 1580 2245 1703 2303; x_wconf 90' lang='lat' dir='ltr'><strong>post</strong></span> <span class='ocrx_word' id='word_1_166' title='bbox 1733 2232 1937 2287; x_wconf 82' lang='lat' dir='ltr'><strong>Christi</strong></span> <span class='ocrx_word' id='word_1_167' title='bbox 1989 2229 2086 2284; x_wconf 85' lang='lat' dir='ltr'><strong>ad-</strong></span> 
     </span>
    </p>
   </div>
   <div class='ocr_carea' id='block_1_25' title="bbox 502 2321 2085 2394">
    <p class='ocr_par' dir='ltr' id='par_1_25' title="bbox 502 2321 2085 2394">
     <span class='ocr_line' id='line_1_25' title="bbox 502 2321 2085 2394; baseline -0.01 -4"><span class='ocrx_word' id='word_1_168' title='bbox 502 2347 724 2394; x_wconf 74' lang='lat' dir='ltr'><strong>ventum</strong></span> <span class='ocrx_word' id='word_1_169' title='bbox 759 2333 926 2388; x_wconf 79' lang='lat' dir='ltr'><strong>futuri</strong></span> <span class='ocrx_word' id='word_1_170' title='bbox 958 2340 1118 2386; x_wconf 85' lang='lat' dir='ltr'><strong>erant</strong></span> <span class='ocrx_word' id='word_1_171' title='bbox 1146 2326 1490 2384; x_wconf 89' lang='lat' dir='ltr'><strong>sentiendum</strong></span> <span class='ocrx_word' id='word_1_172' title='bbox 1523 2324 1666 2381; x_wconf 79' lang='lat' dir='ltr'><strong>foret</strong></span> <span class='ocrx_word' id='word_1_173' title='bbox 1697 2325 1764 2378; x_wconf 90' lang='lat' dir='ltr'><strong>de</strong></span> <span class='ocrx_word' id='word_1_174' title='bbox 1795 2322 1935 2377; x_wconf 86' lang='lat' dir='ltr'><strong>Filio</strong></span> <span class='ocrx_word' id='word_1_175' title='bbox 1969 2321 2085 2386; x_wconf 80' lang='lat' dir='ltr'><strong>Dei,</strong></span> 
     </span>
    </p>
   </div>
   <div class='ocr_carea' id='block_1_26' title="bbox 500 2413 2087 2493">
    <p class='ocr_par' dir='ltr' id='par_1_26' title="bbox 500 2413 2087 2493">
     <span class='ocr_line' id='line_1_26' title="bbox 500 2413 2087 2493; baseline -0.011 -7"><span class='ocrx_word' id='word_1_176' title='bbox 500 2445 694 2486; x_wconf 63' lang='lat' dir='ltr'><strong>verum</strong></span> <span class='ocrx_word' id='word_1_177' title='bbox 738 2427 902 2482; x_wconf 79' lang='lat' dir='ltr'><strong>etiam</strong></span> <span class='ocrx_word' id='word_1_178' title='bbox 955 2423 1085 2493; x_wconf 86' lang='lat' dir='ltr'><strong>quid</strong></span> <span class='ocrx_word' id='word_1_179' title='bbox 1142 2421 1249 2476; x_wconf 85' lang='lat' dir='ltr'><strong>illis</strong></span> <span class='ocrx_word' id='word_1_180' title='bbox 1299 2418 1392 2488; x_wconf 91' lang='lat' dir='ltr'><strong>qui</strong></span> <span class='ocrx_word' id='word_1_181' title='bbox 1442 2415 1820 2488; x_wconf 83' lang='lat' dir='ltr'><strong>superioribus</strong></span> <span class='ocrx_word' id='word_1_182' title='bbox 1867 2413 2087 2468; x_wconf 72' lang='lat' dir='ltr'><strong>smculis</strong></span> 
     </span>
    </p>
   </div>
   <div class='ocr_carea' id='block_1_27' title="bbox 504 2509 2088 2586">
    <p class='ocr_par' dir='ltr' id='par_1_27' title="bbox 504 2509 2088 2586">
     <span class='ocr_line' id='line_1_27' title="bbox 504 2509 2088 2586; baseline -0.009 -9"><span class='ocrx_word' id='word_1_183' title='bbox 504 2520 698 2578; x_wconf 76' lang='lat' dir='ltr'><strong>erant?</strong></span> <span class='ocrx_word' id='word_1_184' title='bbox 727 2515 1193 2586; x_wconf 87' lang='lat' dir='ltr'><strong>Quemadmodum</strong></span> <span class='ocrx_word' id='word_1_185' title='bbox 1227 2513 1374 2568; x_wconf 89' lang='lat' dir='ltr'><strong>enim</strong></span> <span class='ocrx_word' id='word_1_186' title='bbox 1398 2513 1527 2580; x_wconf 69' lang='lat' dir='ltr'><strong>«qui</strong></span> <span class='ocrx_word' id='word_1_187' title='bbox 1563 2525 1669 2565; x_wconf 93' lang='lat' dir='ltr'><strong>non</strong></span> <span class='ocrx_word' id='word_1_188' title='bbox 1701 2509 1925 2580; x_wconf 75' lang='lat' dir='ltr'><strong>agnovit</strong></span> <span class='ocrx_word' id='word_1_189' title='bbox 1947 2522 2088 2562; x_wconf 89' lang='lat' dir='ltr'><strong>nunc</strong></span> 
     </span>
    </p>
   </div>
   <div class='ocr_carea' id='block_1_28' title="bbox 505 2601 2090 2678">
    <p class='ocr_par' dir='ltr' id='par_1_28' title="bbox 505 2601 2090 2678">
     <span class='ocr_line' id='line_1_28' title="bbox 505 2601 2090 2678; baseline -0.009 -10"><span class='ocrx_word' id='word_1_190' title='bbox 505 2612 728 2676; x_wconf 73' lang='lat' dir='ltr'><strong>Filium,</strong></span> <span class='ocrx_word' id='word_1_191' title='bbox 763 2623 940 2678; x_wconf 89' lang='lat' dir='ltr'><strong>neque</strong></span> <span class='ocrx_word' id='word_1_192' title='bbox 968 2607 1185 2662; x_wconf 84' lang='lat' dir='ltr'><strong>Patrem</strong></span> <span class='ocrx_word' id='word_1_193' title='bbox 1218 2605 1388 2660; x_wconf 88' lang='lat' dir='ltr'><strong>habet</strong></span> <span class='ocrx_word' id='word_1_194' title='bbox 1416 2603 1488 2670; x_wconf 75' lang='lat'><strong>&quot;,</strong></span> <span class='ocrx_word' id='word_1_195' title='bbox 1525 2622 1544 2655; x_wconf 71' lang='grc' dir='ltr'><strong>ι</strong></span> <span class='ocrx_word' id='word_1_196' title='bbox 1576 2603 1657 2658; x_wconf 88' lang='lat' dir='ltr'><strong>sic</strong></span> <span class='ocrx_word' id='word_1_197' title='bbox 1690 2604 1858 2658; x_wconf 86' lang='lat' dir='ltr'><strong>etiam</strong></span> <span class='ocrx_word' id='word_1_198' title='bbox 1891 2601 1959 2654; x_wconf 92' lang='lat' dir='ltr'><strong>de</strong></span> <span class='ocrx_word' id='word_1_199' title='bbox 1994 2616 2090 2655; x_wconf 85' lang='lat' dir='ltr'><strong>su-</strong></span> 
     </span>
    </p>
   </div>
   <div class='ocr_carea' id='block_1_29' title="bbox 507 2692 2086 2762">
    <p class='ocr_par' dir='ltr' id='par_1_29' title="bbox 507 2692 2086 2762">
     <span class='ocr_line' id='line_1_29' title="bbox 507 2692 2086 2762; baseline -0.01 1"><span class='ocrx_word' id='word_1_200' title='bbox 507 2705 818 2762; x_wconf 70' lang='lat' dir='ltr'><strong>perioribus</strong></span> <span class='ocrx_word' id='word_1_201' title='bbox 847 2699 1062 2756; x_wconf 63' lang='lat' dir='ltr'><strong>saeculis</strong></span> <span class='ocrx_word' id='word_1_202' title='bbox 1086 2696 1546 2754; x_wconf 89' lang='lat' dir='ltr'><strong>considerandum</strong></span> <span class='ocrx_word' id='word_1_203' title='bbox 1577 2702 1684 2749; x_wconf 86' lang='lat' dir='ltr'><strong>est.</strong></span> <span class='ocrx_word' id='word_1_204' title='bbox 1724 2692 2086 2760; x_wconf 66' lang='lat' dir='ltr'><strong>Quamobrem</strong></span> 
     </span>
    </p>
   </div>
   <div class='ocr_carea' id='block_1_30' title="bbox 509 2786 2092 2853">
    <p class='ocr_par' dir='ltr' id='par_1_30' title="bbox 509 2786 2092 2853">
     <span class='ocr_line' id='line_1_30' title="bbox 509 2786 2092 2853; baseline -0.006 -2"><span class='ocrx_word' id='word_1_205' title='bbox 509 2817 534 2851; x_wconf 66' lang='grc' dir='ltr'><strong>ι</strong></span> <span class='ocrx_word' id='word_1_206' title='bbox 569 2797 844 2851; x_wconf 85' lang='lat' dir='ltr'><strong>Abraham</strong></span> <span class='ocrx_word' id='word_1_207' title='bbox 880 2789 1202 2853; x_wconf 79' lang='lat' dir='ltr'><strong>exsultavit,</strong></span> <span class='ocrx_word' id='word_1_208' title='bbox 1247 2796 1307 2842; x_wconf 87' lang='lat' dir='ltr'><strong>ut</strong></span> <span class='ocrx_word' id='word_1_209' title='bbox 1343 2787 1555 2842; x_wconf 78' lang='lat' dir='ltr'><strong>videret</strong></span> <span class='ocrx_word' id='word_1_210' title='bbox 1595 2787 1736 2841; x_wconf 87' lang='lat' dir='ltr'><strong>diem</strong></span> <span class='ocrx_word' id='word_1_211' title='bbox 1766 2786 1990 2850; x_wconf 89' lang='lat' dir='ltr'><strong>Christi,</strong></span> <span class='ocrx_word' id='word_1_212' title='bbox 2033 2795 2092 2841; x_wconf 91' lang='lat' dir='ltr'><strong>ct</strong></span> 
     </span>
    </p>
   </div>
   <div class='ocr_carea' id='block_1_31' title="bbox 507 2879 2088 2956">
    <p class='ocr_par' dir='ltr' id='par_1_31' title="bbox 507 2879 2088 2956">
     <span class='ocr_line' id='line_1_31' title="bbox 507 2879 2088 2956; baseline -0.009 -11"><span class='ocrx_word' id='word_1_213' title='bbox 507 2890 666 2954; x_wconf 72' lang='lat' dir='ltr'><strong>vidit,</strong></span> <span class='ocrx_word' id='word_1_214' title='bbox 690 2897 744 2942; x_wconf 91' lang='lat' dir='ltr'><strong>ct</strong></span> <span class='ocrx_word' id='word_1_215' title='bbox 776 2887 996 2956; x_wconf 75' lang='lat' dir='ltr'><strong>gavisus</strong></span> <span class='ocrx_word' id='word_1_216' title='bbox 1026 2893 1110 2937; x_wconf 86' lang='lat' dir='ltr'><strong>est</strong></span> <span class='ocrx_word' id='word_1_217' title='bbox 1133 2882 1200 2937; x_wconf 77' lang='lat'><strong>&quot;.</strong></span> <span class='ocrx_word' id='word_1_218' title='bbox 1227 2901 1245 2932; x_wconf 75' lang='grc' dir='ltr'><strong>ι</strong></span> <span class='ocrx_word' id='word_1_219' title='bbox 1275 2881 1514 2936; x_wconf 88' lang='lat' dir='ltr'><strong>Chorum</strong></span> <span class='ocrx_word' id='word_1_220' title='bbox 1539 2893 1670 2948; x_wconf 77' lang='lat' dir='ltr'><strong>ergo</strong></span> <span class='ocrx_word' id='word_1_221' title='bbox 1699 2879 2088 2948; x_wconf 86' lang='lat' dir='ltr'><strong>prophetarum</strong></span> 
     </span>
    </p>
   </div>
   <div class='ocr_carea' id='block_1_32' title="bbox 511 2971 2092 3044">
    <p class='ocr_par' dir='ltr' id='par_1_32' title="bbox 511 2971 2092 3044">
     <span class='ocr_line' id='line_1_32' title="bbox 511 2971 2092 3044; baseline -0.009 -10"><span class='ocrx_word' id='word_1_222' title='bbox 511 2983 747 3035; x_wconf 76' lang='lat' dir='ltr'><strong>maxima</strong></span> <span class='ocrx_word' id='word_1_223' title='bbox 779 2975 1089 3044; x_wconf 76' lang='lat' dir='ltr'><strong>vultgratia</strong></span> <span class='ocrx_word' id='word_1_224' title='bbox 1117 2974 1354 3044; x_wconf 80' lang='lat' dir='ltr'><strong>privare,</strong></span> <span class='ocrx_word' id='word_1_225' title='bbox 1385 2971 1638 3041; x_wconf 84' lang='lat' dir='ltr'><strong>quisquis</strong></span> <span class='ocrx_word' id='word_1_226' title='bbox 1672 2971 2092 3037; x_wconf 88' lang='lat' dir='ltr'><strong>uolueritopor-</strong></span> 
     </span>
    </p>
   </div>
   <div class='ocr_carea' id='block_1_33' title="bbox 513 3061 2093 3132">
    <p class='ocr_par' dir='ltr' id='par_1_33' title="bbox 513 3061 2093 3132">
     <span class='ocr_line' id='line_1_33' title="bbox 513 3061 2093 3132; baseline -0.009 -3"><span class='ocrx_word' id='word_1_227' title='bbox 513 3087 632 3130; x_wconf 78' lang='lat' dir='ltr'><strong>tere</strong></span> <span class='ocrx_word' id='word_1_228' title='bbox 676 3086 772 3126; x_wconf 86' lang='lat' dir='ltr'><strong>cos</strong></span> <span class='ocrx_word' id='word_1_229' title='bbox 799 3071 866 3124; x_wconf 89' lang='lat' dir='ltr'><strong>de</strong></span> <span class='ocrx_word' id='word_1_230' title='bbox 897 3067 1120 3122; x_wconf 83' lang='lat' dir='ltr'><strong>Christo</strong></span> <span class='ocrx_word' id='word_1_231' title='bbox 1153 3066 1366 3120; x_wconf 87' lang='lat' dir='ltr'><strong>testari.</strong></span> <span class='ocrx_word' id='word_1_232' title='bbox 1399 3064 1540 3132; x_wconf 79' lang='lat' dir='ltr'><strong>Quid</strong></span> <span class='ocrx_word' id='word_1_233' title='bbox 1582 3063 1729 3116; x_wconf 91' lang='lat' dir='ltr'><strong>enim</strong></span> <span class='ocrx_word' id='word_1_234' title='bbox 1761 3061 1908 3115; x_wconf 88' lang='lat' dir='ltr'><strong>aliud</strong></span> <span class='ocrx_word' id='word_1_235' title='bbox 1939 3074 2093 3130; x_wconf 71' lang='lat' dir='ltr'><strong>neque</strong></span> 
     </span>
    </p>
   </div>
   <div class='ocr_carea' id='block_1_34' title="bbox 2183 659 3780 732">
    <p class='ocr_par' dir='ltr' id='par_1_34' title="bbox 2183 659 3780 732">
     <span class='ocr_line' id='line_1_34' title="bbox 2183 659 3780 732; baseline -0.001 -16"><span class='ocrx_word' id='word_1_236' title='bbox 2183 663 2332 726; x_wconf 85' lang='grc' dir='ltr'>Υἱὸν,</span> <span class='ocrx_word' id='word_1_237' title='bbox 2361 661 2458 715; x_wconf 75' lang='grc' dir='ltr'><strong>καὶ</strong></span> <span class='ocrx_word' id='word_1_238' title='bbox 2487 660 2618 714; x_wconf 84' lang='grc' dir='ltr'>Υίοῦ</span> <span class='ocrx_word' id='word_1_239' title='bbox 2646 659 2784 732; x_wconf 75' lang='grc' dir='ltr'>πρὸς</span> <span class='ocrx_word' id='word_1_240' title='bbox 2823 660 3048 730; x_wconf 79' lang='grc' dir='ltr'><strong>Πατέρα</strong></span> <span class='ocrx_word' id='word_1_241' title='bbox 3071 659 3189 712; x_wconf 82' lang='grc' dir='ltr'>ἐστι</span> <span class='ocrx_word' id='word_1_242' title='bbox 3221 659 3436 730; x_wconf 82' lang='grc' dir='ltr'><strong>μαθεῖν,</strong></span> <span class='ocrx_word' id='word_1_243' title='bbox 3483 660 3584 713; x_wconf 82' lang='grc' dir='ltr'>οὐκ</span> <span class='ocrx_word' id='word_1_244' title='bbox 3628 661 3780 716; x_wconf 80' lang='grc' dir='ltr'>ἔλατ-</span> 
     </span>
    </p>
   </div>
   <div class='ocr_carea' id='block_1_35' title="bbox 2179 745 3777 827">
    <p class='ocr_par' dir='ltr' id='par_1_35' title="bbox 2179 745 3777 827">
     <span class='ocr_line' id='line_1_35' title="bbox 2179 745 3777 827; baseline 0 -18"><span class='ocrx_word' id='word_1_245' title='bbox 2179 773 2272 809; x_wconf 91' lang='grc' dir='ltr'><strong>τον</strong></span> <span class='ocrx_word' id='word_1_246' title='bbox 2303 753 2412 808; x_wconf 72' lang='grc' dir='ltr'><strong>ἀπὸ</strong></span> <span class='ocrx_word' id='word_1_247' title='bbox 2439 753 2551 807; x_wconf 92' lang='grc' dir='ltr'><strong>τῶν</strong></span> <span class='ocrx_word' id='word_1_248' title='bbox 2579 751 2876 824; x_wconf 81' lang='grc' dir='ltr'><strong>προφητῶν</strong></span> <span class='ocrx_word' id='word_1_249' title='bbox 2902 751 2968 804; x_wconf 88' lang='grc' dir='ltr'>δι’</span> <span class='ocrx_word' id='word_1_250' title='bbox 2991 745 3068 804; x_wconf 82' lang='grc' dir='ltr'>ὧν</span> <span class='ocrx_word' id='word_1_251' title='bbox 3108 751 3511 820; x_wconf 86' lang='grc' dir='ltr'>ἀπαγγέλλουσι</span> <span class='ocrx_word' id='word_1_252' title='bbox 3539 752 3609 804; x_wconf 88' lang='grc' dir='ltr'><strong>τά</strong></span> <span class='ocrx_word' id='word_1_253' title='bbox 3644 755 3777 827; x_wconf 77' lang='grc' dir='ltr'>περὶ</span> 
     </span>
    </p>
   </div>
   <div class='ocr_carea' id='block_1_36' title="bbox 2180 845 3779 918">
    <p class='ocr_par' dir='ltr' id='par_1_36' title="bbox 2180 845 3779 918">
     <span class='ocr_line' id='line_1_36' title="bbox 2180 845 3779 918; baseline -0.002 -15"><span class='ocrx_word' id='word_1_254' title='bbox 2180 848 2367 912; x_wconf 84' lang='grc' dir='ltr'>αὑτοῦ,</span> <span class='ocrx_word' id='word_1_255' title='bbox 2399 847 2433 918; x_wconf 81' lang='grc' dir='ltr'>ἢ</span> <span class='ocrx_word' id='word_1_256' title='bbox 2474 847 2584 901; x_wconf 80' lang='grc' dir='ltr'><strong>ἀπὸ</strong></span> <span class='ocrx_word' id='word_1_257' title='bbox 2625 845 2733 900; x_wconf 92' lang='grc' dir='ltr'><strong>τῶν</strong></span> <span class='ocrx_word' id='word_1_258' title='bbox 2777 845 3090 898; x_wconf 77' lang='grc' dir='ltr'><strong>ἀποστόλων</strong></span> <span class='ocrx_word' id='word_1_259' title='bbox 3130 845 3504 916; x_wconf 78' lang='grc' dir='ltr'><strong>διηγουμένων</strong></span> <span class='ocrx_word' id='word_1_260' title='bbox 3535 847 3636 917; x_wconf 74' lang='grc' dir='ltr'><strong>τὴν</strong></span> <span class='ocrx_word' id='word_1_261' title='bbox 3684 863 3779 917; x_wconf 82' lang='grc' dir='ltr'>με·-</span> 
     </span>
    </p>
   </div>
   <div class='ocr_carea' id='block_1_37' title="bbox 2180 934 3780 1010">
    <p class='ocr_par' dir='ltr' id='par_1_37' title="bbox 2180 934 3780 1010">
     <span class='ocr_line' id='line_1_37' title="bbox 2180 934 3780 1010; baseline -0.004 -15"><span class='ocrx_word' id='word_1_262' title='bbox 2180 940 2510 1010; x_wconf 77' lang='grc' dir='ltr'>γαλειότητα</span> <span class='ocrx_word' id='word_1_263' title='bbox 2540 937 2634 991; x_wconf 87' lang='grc' dir='ltr'><strong>τοῦ</strong></span> <span class='ocrx_word' id='word_1_264' title='bbox 2667 934 2797 990; x_wconf 88' lang='grc' dir='ltr'>Υἱοῦ</span> <span class='ocrx_word' id='word_1_265' title='bbox 2837 937 2932 990; x_wconf 89' lang='grc' dir='ltr'><strong>τοῦ</strong></span> <span class='ocrx_word' id='word_1_266' title='bbox 2975 935 3135 991; x_wconf 91' lang='grc' dir='ltr'>Θεοῦ.</span> <span class='ocrx_word' id='word_1_267' title='bbox 3165 938 3290 990; x_wconf 83' lang='grc' dir='ltr'>Ἔτι</span> <span class='ocrx_word' id='word_1_268' title='bbox 3331 937 3443 1007; x_wconf 73' lang='grc'>(21)</span> <span class='ocrx_word' id='word_1_269' title='bbox 3479 938 3536 992; x_wconf 86' lang='grc' dir='ltr'>δὲ</span> <span class='ocrx_word' id='word_1_270' title='bbox 3575 938 3780 1010; x_wconf 75' lang='grc' dir='ltr'>τολμή-</span> 
     </span>
    </p>
   </div>
   <div class='ocr_carea' id='block_1_38' title="bbox 2184 1030 3784 1104">
    <p class='ocr_par' dir='ltr' id='par_1_38' title="bbox 2184 1030 3784 1104">
     <span class='ocr_line' id='line_1_38' title="bbox 2184 1030 3784 1104; baseline -0.001 -18"><span class='ocrx_word' id='word_1_271' title='bbox 2184 1051 2354 1088; x_wconf 82' lang='grc' dir='ltr'><strong>σαντα</strong></span> <span class='ocrx_word' id='word_1_272' title='bbox 2388 1035 2481 1088; x_wconf 81' lang='grc' dir='ltr'>καὶ</span> <span class='ocrx_word' id='word_1_273' title='bbox 2513 1032 2682 1104; x_wconf 75' lang='grc' dir='ltr'>χωρὶς</span> <span class='ocrx_word' id='word_1_274' title='bbox 2715 1030 2924 1085; x_wconf 79' lang='grc' dir='ltr'>τούτων</span> <span class='ocrx_word' id='word_1_275' title='bbox 2953 1030 3197 1084; x_wconf 88' lang='grc' dir='ltr'>τοιοῦτόν</span> <span class='ocrx_word' id='word_1_276' title='bbox 3222 1049 3275 1084; x_wconf 90' lang='grc' dir='ltr'><strong>τι</strong></span> <span class='ocrx_word' id='word_1_277' title='bbox 3311 1033 3509 1094; x_wconf 82' lang='grc' dir='ltr'>εἰπεῖν,</span> <span class='ocrx_word' id='word_1_278' title='bbox 3543 1033 3624 1086; x_wconf 85' lang='grc' dir='ltr'>ὃτι</span> <span class='ocrx_word' id='word_1_279' title='bbox 3669 1033 3784 1085; x_wconf 70' lang='grc' dir='ltr'>εἰσὶ</span> 
     </span>
    </p>
   </div>
   <div class='ocr_carea' id='block_1_39' title="bbox 2186 1123 3779 1197">
    <p class='ocr_par' dir='ltr' id='par_1_39' title="bbox 2186 1123 3779 1197">
     <span class='ocr_line' id='line_1_39' title="bbox 2186 1123 3779 1197; baseline -0.001 -18"><span class='ocrx_word' id='word_1_280' title='bbox 2186 1125 2428 1197; x_wconf 80' lang='grc' dir='ltr'><strong>Χριστοῦ</strong></span> <span class='ocrx_word' id='word_1_281' title='bbox 2470 1125 2749 1196; x_wconf 86' lang='grc' dir='ltr'>μάρτυρες</span> <span class='ocrx_word' id='word_1_282' title='bbox 2789 1123 2868 1194; x_wconf 83' lang='grc' dir='ltr'>τῷ</span> <span class='ocrx_word' id='word_1_283' title='bbox 2929 1126 3225 1194; x_wconf 75' lang='grc' dir='ltr'><strong>μαρτυρεῖν</strong></span> <span class='ocrx_word' id='word_1_284' title='bbox 3289 1125 3418 1196; x_wconf 71' lang='grc' dir='ltr'>περὶ</span> <span class='ocrx_word' id='word_1_285' title='bbox 3471 1125 3636 1178; x_wconf 79' lang='grc' dir='ltr'>αὑτοῦ</span> <span class='ocrx_word' id='word_1_286' title='bbox 3687 1141 3779 1178; x_wconf 85' lang='grc' dir='ltr'>κο-</span> 
     </span>
    </p>
   </div>
   <div class='ocr_carea' id='block_1_40' title="bbox 2188 1215 3784 1288">
    <p class='ocr_par' dir='ltr' id='par_1_40' title="bbox 2188 1215 3784 1288">
     <span class='ocr_line' id='line_1_40' title="bbox 2188 1215 3784 1288; baseline 0 -18"><span class='ocrx_word' id='word_1_287' title='bbox 2188 1217 2512 1288; x_wconf 82' lang='grc' dir='ltr'>σμούμενοι,</span> <span class='ocrx_word' id='word_1_288' title='bbox 2537 1215 2634 1271; x_wconf 74' lang='grc' dir='ltr'><strong>καὶ</strong></span> <span class='ocrx_word' id='word_1_289' title='bbox 2657 1215 2720 1268; x_wconf 81' lang='grc' dir='ltr'><strong>οῦ</strong></span> <span class='ocrx_word' id='word_1_290' title='bbox 2746 1215 2965 1278; x_wconf 90' lang='grc' dir='ltr'>πάντως</span> <span class='ocrx_word' id='word_1_291' title='bbox 2999 1217 3194 1287; x_wconf 84' lang='grc' dir='ltr'>ἐκείνῳ</span> <span class='ocrx_word' id='word_1_292' title='bbox 3237 1233 3288 1268; x_wconf 90' lang='grc' dir='ltr'><strong>τι</strong></span> <span class='ocrx_word' id='word_1_293' title='bbox 3317 1215 3405 1268; x_wconf 78' lang='grc' dir='ltr'>διὰ</span> <span class='ocrx_word' id='word_1_294' title='bbox 3441 1215 3537 1270; x_wconf 89' lang='grc' dir='ltr'><strong>τοῦ</strong></span> <span class='ocrx_word' id='word_1_295' title='bbox 3578 1234 3784 1288; x_wconf 73' lang='grc' dir='ltr'>μαρτυσ</span> 
     </span>
    </p>
   </div>
   <div class='ocr_carea' id='block_1_41' title="bbox 2189 1308 3784 1384">
    <p class='ocr_par' dir='ltr' id='par_1_41' title="bbox 2189 1308 3784 1384">
     <span class='ocr_line' id='line_1_41' title="bbox 2189 1308 3784 1384; baseline -0.001 -20"><span class='ocrx_word' id='word_1_296' title='bbox 2189 1313 2300 1383; x_wconf 81' lang='grc' dir='ltr'>ρεῖν</span> <span class='ocrx_word' id='word_1_297' title='bbox 2349 1312 2478 1384; x_wconf 67' lang='grc' dir='ltr'>περὶ</span> <span class='ocrx_word' id='word_1_298' title='bbox 2521 1310 2616 1363; x_wconf 89' lang='grc' dir='ltr'><strong>τοῦ</strong></span> <span class='ocrx_word' id='word_1_299' title='bbox 2652 1309 2786 1363; x_wconf 82' lang='grc' dir='ltr'>Υἱοῦ</span> <span class='ocrx_word' id='word_1_300' title='bbox 2835 1308 2929 1363; x_wconf 89' lang='grc' dir='ltr'><strong>τοῦ</strong></span> <span class='ocrx_word' id='word_1_301' title='bbox 2973 1308 3113 1363; x_wconf 88' lang='grc' dir='ltr'>Θεοῦ</span> <span class='ocrx_word' id='word_1_302' title='bbox 3159 1309 3672 1382; x_wconf 74' lang='grc' dir='ltr'><strong>καταχαριζόμενοι,</strong></span> <span class='ocrx_word' id='word_1_303' title='bbox 3703 1310 3784 1374; x_wconf 81' lang='grc' dir='ltr'><strong>ῶς</strong></span> 
     </span>
    </p>
   </div>
   <div class='ocr_carea' id='block_1_42' title="bbox 2183 1400 3784 1475">
    <p class='ocr_par' dir='ltr' id='par_1_42' title="bbox 2183 1400 3784 1475">
     <span class='ocr_line' id='line_1_42' title="bbox 2183 1400 3784 1475; baseline -0.002 -18"><span class='ocrx_word' id='word_1_304' title='bbox 2183 1403 2578 1475; x_wconf 82' lang='grc' dir='ltr'><strong>ὁμολογήσαιεν</strong></span> <span class='ocrx_word' id='word_1_305' title='bbox 2632 1401 2700 1456; x_wconf 79' lang='grc' dir='ltr'>ἂν</span> <span class='ocrx_word' id='word_1_306' title='bbox 2747 1401 2949 1464; x_wconf 87' lang='grc' dir='ltr'>πάντες</span> <span class='ocrx_word' id='word_1_307' title='bbox 2997 1401 3130 1473; x_wconf 68' lang='grc' dir='ltr'>περὶ</span> <span class='ocrx_word' id='word_1_308' title='bbox 3167 1401 3279 1454; x_wconf 90' lang='grc' dir='ltr'><strong>τῶν</strong></span> <span class='ocrx_word' id='word_1_309' title='bbox 3329 1401 3476 1466; x_wconf 76' lang='grc' dir='ltr'>ἰδίως</span> <span class='ocrx_word' id='word_1_310' title='bbox 3515 1400 3784 1472; x_wconf 78' lang='grc' dir='ltr'>ὀνομαζο-</span> 
     </span>
    </p>
   </div>
   <div class='ocr_carea' id='block_1_43' title="bbox 2190 1488 3784 1567">
    <p class='ocr_par' dir='ltr' id='par_1_43' title="bbox 2190 1488 3784 1567">
     <span class='ocr_line' id='line_1_43' title="bbox 2190 1488 3784 1567; baseline -0.002 -19"><span class='ocrx_word' id='word_1_311' title='bbox 2190 1495 2368 1567; x_wconf 83' lang='grc' dir='ltr'>μένων</span> <span class='ocrx_word' id='word_1_312' title='bbox 2429 1493 2724 1567; x_wconf 87' lang='grc' dir='ltr'>μαρτύρων</span> <span class='ocrx_word' id='word_1_313' title='bbox 2763 1491 3026 1566; x_wconf 91' lang='grc' dir='ltr'>Χριστοῦ.</span> <span class='ocrx_word' id='word_1_314' title='bbox 3074 1493 3141 1546; x_wconf 88' lang='grc' dir='ltr'>Τί</span> <span class='ocrx_word' id='word_1_315' title='bbox 3184 1488 3279 1547; x_wconf 79' lang='grc' dir='ltr'><strong>οὖν</strong></span> <span class='ocrx_word' id='word_1_316' title='bbox 3330 1493 3668 1564; x_wconf 78' lang='grc' dir='ltr'>θαυμαστὸν,</span> <span class='ocrx_word' id='word_1_317' title='bbox 3702 1493 3784 1558; x_wconf 87' lang='grc' dir='ltr'><strong>εί,</strong></span> 
     </span>
    </p>
   </div>
   <div class='ocr_carea' id='block_1_44' title="bbox 2185 1581 3783 1659">
    <p class='ocr_par' dir='ltr' id='par_1_44' title="bbox 2185 1581 3783 1659">
     <span class='ocr_line' id='line_1_44' title="bbox 2185 1581 3783 1659; baseline -0.001 -17"><span class='ocrx_word' id='word_1_318' title='bbox 2185 1588 2376 1659; x_wconf 84' lang='grc' dir='ltr'>ὥσπερ</span> <span class='ocrx_word' id='word_1_319' title='bbox 2429 1586 2819 1658; x_wconf 84' lang='grc' dir='ltr'>ἐκοσμήθησαν</span> <span class='ocrx_word' id='word_1_320' title='bbox 2865 1585 2944 1656; x_wconf 84' lang='grc' dir='ltr'>τῷ</span> <span class='ocrx_word' id='word_1_321' title='bbox 3006 1585 3284 1658; x_wconf 85' lang='grc' dir='ltr'>μάρτυρες</span> <span class='ocrx_word' id='word_1_322' title='bbox 3341 1581 3482 1641; x_wconf 76' lang='grc' dir='ltr'>εἶναι</span> <span class='ocrx_word' id='word_1_323' title='bbox 3541 1586 3783 1658; x_wconf 84' lang='grc' dir='ltr'>Χριστοῦ</span> 
     </span>
    </p>
   </div>
   <div class='ocr_carea' id='block_1_45' title="bbox 2187 1679 3789 1752">
    <p class='ocr_par' dir='ltr' id='par_1_45' title="bbox 2187 1679 3789 1752">
     <span class='ocr_line' id='line_1_45' title="bbox 2187 1679 3789 1752; baseline -0.001 -16"><span class='ocrx_word' id='word_1_324' title='bbox 2187 1682 2374 1736; x_wconf 73' lang='grc' dir='ltr'>πολλοὶ</span> <span class='ocrx_word' id='word_1_325' title='bbox 2419 1681 2530 1736; x_wconf 91' lang='grc' dir='ltr'><strong>τῶν</strong></span> <span class='ocrx_word' id='word_1_326' title='bbox 2577 1680 2817 1751; x_wconf 75' lang='grc' dir='ltr'>γνησίων</span> <span class='ocrx_word' id='word_1_327' title='bbox 2880 1679 3122 1752; x_wconf 81' lang='grc' dir='ltr'>Χριστοῦ</span> <span class='ocrx_word' id='word_1_328' title='bbox 3177 1680 3462 1752; x_wconf 77' lang='grc' dir='ltr'>μαθητῶν,</span> <span class='ocrx_word' id='word_1_329' title='bbox 3512 1681 3689 1746; x_wconf 77' lang='grc' dir='ltr'>οὕτως</span> <span class='ocrx_word' id='word_1_330' title='bbox 3732 1681 3789 1734; x_wconf 70' lang='grc' dir='ltr'>οἱ</span> 
     </span>
    </p>
   </div>
   <div class='ocr_carea' id='block_1_46' title="bbox 2189 1770 3787 1846">
    <p class='ocr_par' dir='ltr' id='par_1_46' title="bbox 2189 1770 3787 1846">
     <span class='ocr_line' id='line_1_46' title="bbox 2189 1770 3787 1846; baseline -0.002 -20"><span class='ocrx_word' id='word_1_331' title='bbox 2189 1776 2466 1846; x_wconf 76' lang='grc' dir='ltr'>προφῆται</span> <span class='ocrx_word' id='word_1_332' title='bbox 2521 1773 2582 1825; x_wconf 83' lang='grc' dir='ltr'><strong>τὸ</strong></span> <span class='ocrx_word' id='word_1_333' title='bbox 2645 1771 3111 1841; x_wconf 82' lang='grc' dir='ltr'>προκαταγγεῖλαι</span> <span class='ocrx_word' id='word_1_334' title='bbox 3168 1770 3433 1842; x_wconf 75' lang='grc' dir='ltr'>Χριστὸν,</span> <span class='ocrx_word' id='word_1_335' title='bbox 3490 1771 3787 1840; x_wconf 79' lang='grc' dir='ltr'>νοήσαντες</span> 
     </span>
    </p>
   </div>
   <div class='ocr_carea' id='block_1_47' title="bbox 2194 1863 3788 1939">
    <p class='ocr_par' dir='ltr' id='par_1_47' title="bbox 2194 1863 3788 1939">
     <span class='ocr_line' id='line_1_47' title="bbox 2194 1863 3788 1939; baseline -0.003 -18"><span class='ocrx_word' id='word_1_336' title='bbox 2194 1867 2382 1931; x_wconf 81' lang='grc' dir='ltr'>αὑτὸν,</span> <span class='ocrx_word' id='word_1_337' title='bbox 2409 1866 2582 1939; x_wconf 88' lang='grc' dir='ltr'>δῶρον</span> <span class='ocrx_word' id='word_1_338' title='bbox 2611 1867 2718 1920; x_wconf 84' lang='grc' dir='ltr'><strong>ὑπὸ</strong></span> <span class='ocrx_word' id='word_1_339' title='bbox 2739 1865 2876 1918; x_wconf 88' lang='grc' dir='ltr'>Θεοῦ</span> <span class='ocrx_word' id='word_1_340' title='bbox 2912 1864 3190 1935; x_wconf 79' lang='grc' dir='ltr'>εἰλήφασι,</span> <span class='ocrx_word' id='word_1_341' title='bbox 3217 1863 3563 1928; x_wconf 71' lang='grc' dir='ltr'>διδάσκοντες</span> <span class='ocrx_word' id='word_1_342' title='bbox 3589 1864 3652 1916; x_wconf 88' lang='grc' dir='ltr'>οὺ</span> <span class='ocrx_word' id='word_1_343' title='bbox 3689 1863 3788 1934; x_wconf 90' lang='grc' dir='ltr'>μό-</span> 
     </span>
    </p>
   </div>
   <div class='ocr_carea' id='block_1_48' title="bbox 2187 1956 3791 2030">
    <p class='ocr_par' dir='ltr' id='par_1_48' title="bbox 2187 1956 3791 2030">
     <span class='ocr_line' id='line_1_48' title="bbox 2187 1956 3791 2030; baseline -0.001 -19"><span class='ocrx_word' id='word_1_344' title='bbox 2187 1976 2276 2011; x_wconf 92' lang='grc' dir='ltr'><strong>νον</strong></span> <span class='ocrx_word' id='word_1_345' title='bbox 2305 1959 2432 2022; x_wconf 83' lang='grc' dir='ltr'>τοὺς</span> <span class='ocrx_word' id='word_1_346' title='bbox 2465 1959 2605 2029; x_wconf 84' lang='grc' dir='ltr'><strong>μετά</strong></span> <span class='ocrx_word' id='word_1_347' title='bbox 2632 1959 2732 2030; x_wconf 81' lang='grc' dir='ltr'>τὴν</span> <span class='ocrx_word' id='word_1_348' title='bbox 2762 1957 3000 2030; x_wconf 83' lang='grc' dir='ltr'>Χριστοῦ</span> <span class='ocrx_word' id='word_1_349' title='bbox 3046 1957 3344 2028; x_wconf 70' lang='grc' dir='ltr'>ἐπιδημίαν</span> <span class='ocrx_word' id='word_1_350' title='bbox 3372 1957 3408 2010; x_wconf 78' lang='grc' dir='ltr'>ἃ</span> <span class='ocrx_word' id='word_1_351' title='bbox 3443 1956 3525 2009; x_wconf 88' lang='grc' dir='ltr'><strong>δεῖ</strong></span> <span class='ocrx_word' id='word_1_352' title='bbox 3565 1958 3791 2028; x_wconf 82' lang='grc' dir='ltr'>φρονεῖν</span> 
     </span>
    </p>
   </div>
   <div class='ocr_carea' id='block_1_49' title="bbox 2189 2049 3788 2124">
    <p class='ocr_par' dir='ltr' id='par_1_49' title="bbox 2189 2049 3788 2124">
     <span class='ocr_line' id='line_1_49' title="bbox 2189 2049 3788 2124; baseline -0.003 -18"><span class='ocrx_word' id='word_1_353' title='bbox 2189 2053 2318 2124; x_wconf 77' lang='grc' dir='ltr'>περὶ</span> <span class='ocrx_word' id='word_1_354' title='bbox 2348 2051 2441 2105; x_wconf 87' lang='grc' dir='ltr'><strong>τοῦ</strong></span> <span class='ocrx_word' id='word_1_355' title='bbox 2471 2051 2602 2104; x_wconf 84' lang='grc' dir='ltr'>Υίοῦ</span> <span class='ocrx_word' id='word_1_356' title='bbox 2625 2051 2720 2104; x_wconf 88' lang='grc' dir='ltr'><strong>τοῦ</strong></span> <span class='ocrx_word' id='word_1_357' title='bbox 2760 2050 2919 2113; x_wconf 86' lang='grc' dir='ltr'>Θεοῦ,</span> <span class='ocrx_word' id='word_1_358' title='bbox 2949 2049 3084 2103; x_wconf 88' lang='grc' dir='ltr'><strong>ἀλλά</strong></span> <span class='ocrx_word' id='word_1_359' title='bbox 3126 2049 3223 2102; x_wconf 79' lang='grc' dir='ltr'><strong>καὶ</strong></span> <span class='ocrx_word' id='word_1_360' title='bbox 3253 2049 3383 2112; x_wconf 77' lang='grc' dir='ltr'>τοὺς</span> <span class='ocrx_word' id='word_1_361' title='bbox 3403 2049 3462 2101; x_wconf 90' lang='grc' dir='ltr'><strong>ἐν</strong></span> <span class='ocrx_word' id='word_1_362' title='bbox 3489 2049 3788 2121; x_wconf 81' lang='grc' dir='ltr'>προτέραις</span> 
     </span>
    </p>
   </div>
   <div class='ocr_carea' id='block_1_50' title="bbox 2189 2141 3790 2214">
    <p class='ocr_par' dir='ltr' id='par_1_50' title="bbox 2189 2141 3790 2214">
     <span class='ocr_line' id='line_1_50' title="bbox 2189 2141 3790 2214; baseline -0.003 -15"><span class='ocrx_word' id='word_1_363' title='bbox 2189 2145 2412 2199; x_wconf 77' lang='grc' dir='ltr'>ἐκείνων</span> <span class='ocrx_word' id='word_1_364' title='bbox 2437 2146 2688 2214; x_wconf 84' lang='grc' dir='ltr'>γενεαῖς;</span> <span class='ocrx_word' id='word_1_365' title='bbox 2717 2144 2926 2214; x_wconf 82' lang='grc' dir='ltr'>Ὥσπερ</span> <span class='ocrx_word' id='word_1_366' title='bbox 2963 2161 2982 2194; x_wconf 79' lang='grc' dir='ltr'><strong>ι</strong></span> <span class='ocrx_word' id='word_1_367' title='bbox 3019 2143 3048 2196; x_wconf 84' lang='grc' dir='ltr'>ὁ</span> <span class='ocrx_word' id='word_1_368' title='bbox 3099 2143 3174 2214; x_wconf 80' lang='grc' dir='ltr'>μὴ</span> <span class='ocrx_word' id='word_1_369' title='bbox 3219 2141 3480 2212; x_wconf 85' lang='grc' dir='ltr'>ἐγνωκὼς</span> <span class='ocrx_word' id='word_1_370' title='bbox 3524 2141 3616 2196; x_wconf 84' lang='grc' dir='ltr'><strong>τὸν</strong></span> <span class='ocrx_word' id='word_1_371' title='bbox 3656 2142 3790 2196; x_wconf 83' lang='grc' dir='ltr'>Υἱὺν</span> 
     </span>
    </p>
   </div>
   <div class='ocr_carea' id='block_1_51' title="bbox 2187 2234 3794 2310">
    <p class='ocr_par' dir='ltr' id='par_1_51' title="bbox 2187 2234 3794 2310">
     <span class='ocr_line' id='line_1_51' title="bbox 2187 2234 3794 2310; baseline -0.002 -18"><span class='ocrx_word' id='word_1_372' title='bbox 2187 2239 2304 2303; x_wconf 85' lang='grc' dir='ltr'>νῦν,</span> <span class='ocrx_word' id='word_1_373' title='bbox 2327 2239 2446 2294; x_wconf 83' lang='grc' dir='ltr'><strong>οὑδέ</strong></span> <span class='ocrx_word' id='word_1_374' title='bbox 2472 2238 2563 2292; x_wconf 82' lang='grc' dir='ltr'>τὸν</span> <span class='ocrx_word' id='word_1_375' title='bbox 2591 2239 2807 2310; x_wconf 85' lang='grc' dir='ltr'>Πατέρα</span> <span class='ocrx_word' id='word_1_376' title='bbox 2839 2237 2974 2308; x_wconf 79' lang='grc' dir='ltr'>ἔχει,</span> <span class='ocrx_word' id='word_1_377' title='bbox 3005 2255 3024 2289; x_wconf 68' lang='grc' dir='ltr'><strong>ι</strong></span> <span class='ocrx_word' id='word_1_378' title='bbox 3050 2234 3195 2290; x_wconf 79' lang='grc' dir='ltr'>οὕτω</span> <span class='ocrx_word' id='word_1_379' title='bbox 3229 2235 3328 2290; x_wconf 80' lang='grc' dir='ltr'><strong>καὶ</strong></span> <span class='ocrx_word' id='word_1_380' title='bbox 3362 2235 3632 2308; x_wconf 88' lang='grc' dir='ltr'>πρότερον</span> <span class='ocrx_word' id='word_1_381' title='bbox 3664 2251 3794 2306; x_wconf 79' lang='grc' dir='ltr'>νοη-</span> 
     </span>
    </p>
   </div>
   <div class='ocr_carea' id='block_1_52' title="bbox 2187 2327 3791 2404">
    <p class='ocr_par' dir='ltr' id='par_1_52' title="bbox 2187 2327 3791 2404">
     <span class='ocr_line' id='line_1_52' title="bbox 2187 2327 3791 2404; baseline -0.003 -17"><span class='ocrx_word' id='word_1_382' title='bbox 2187 2333 2330 2388; x_wconf 86' lang='grc' dir='ltr'>τέον.</span> <span class='ocrx_word' id='word_1_383' title='bbox 2371 2332 2573 2403; x_wconf 78' lang='grc' dir='ltr'>Διόπερ</span> <span class='ocrx_word' id='word_1_384' title='bbox 2601 2350 2618 2382; x_wconf 83' lang='grc' dir='ltr'><strong>ι</strong></span> <span class='ocrx_word' id='word_1_385' title='bbox 2661 2330 2913 2404; x_wconf 79' lang='grc' dir='ltr'>’Λϐραὰμ</span> <span class='ocrx_word' id='word_1_386' title='bbox 2964 2327 3360 2399; x_wconf 68' lang='grc' dir='ltr'>ἠγαλλιάσατο,</span> <span class='ocrx_word' id='word_1_387' title='bbox 3413 2329 3502 2382; x_wconf 83' lang='grc' dir='ltr'><strong>ῐνα</strong></span> <span class='ocrx_word' id='word_1_388' title='bbox 3559 2328 3646 2402; x_wconf 83' lang='grc' dir='ltr'>ῐδῃ</span> <span class='ocrx_word' id='word_1_389' title='bbox 3688 2329 3791 2400; x_wconf 81' lang='grc' dir='ltr'>τὴν</span> 
     </span>
    </p>
   </div>
   <div class='ocr_carea' id='block_1_53' title="bbox 2196 2419 3794 2498">
    <p class='ocr_par' dir='ltr' id='par_1_53' title="bbox 2196 2419 3794 2498">
     <span class='ocr_line' id='line_1_53' title="bbox 2196 2419 3794 2498; baseline -0.002 -19"><span class='ocrx_word' id='word_1_390' title='bbox 2196 2445 2214 2479; x_wconf 84' lang='grc' dir='ltr'><strong>ι</strong></span> <span class='ocrx_word' id='word_1_391' title='bbox 2242 2426 2456 2498; x_wconf 83' lang='grc' dir='ltr'>ἡμέραν</span> <span class='ocrx_word' id='word_1_392' title='bbox 2476 2445 2494 2478; x_wconf 75' lang='grc' dir='ltr'><strong>ι</strong></span> <span class='ocrx_word' id='word_1_393' title='bbox 2528 2425 2789 2497; x_wconf 83' lang='grc' dir='ltr'>Χρισιοῦ,</span> <span class='ocrx_word' id='word_1_394' title='bbox 2814 2444 2832 2476; x_wconf 79' lang='grc' dir='ltr'><strong>ι</strong></span> <span class='ocrx_word' id='word_1_395' title='bbox 2856 2424 2950 2478; x_wconf 73' lang='grc' dir='ltr'>καὶ</span> <span class='ocrx_word' id='word_1_396' title='bbox 2984 2419 3113 2489; x_wconf 75' lang='grc' dir='ltr'>εἶδε,</span> <span class='ocrx_word' id='word_1_397' title='bbox 3144 2423 3241 2476; x_wconf 75' lang='grc' dir='ltr'>καὶ</span> <span class='ocrx_word' id='word_1_398' title='bbox 3268 2422 3497 2494; x_wconf 76' lang='grc' dir='ltr'>ἐχάρη.»</span> <span class='ocrx_word' id='word_1_399' title='bbox 3535 2422 3794 2476; x_wconf 84' lang='grc' dir='ltr'>’Δποστε-</span> 
     </span>
    </p>
   </div>
   <div class='ocr_carea' id='block_1_54' title="bbox 2193 2515 3792 2588">
    <p class='ocr_par' dir='ltr' id='par_1_54' title="bbox 2193 2515 3792 2588">
     <span class='ocr_line' id='line_1_54' title="bbox 2193 2515 3792 2588; baseline -0.003 -18"><span class='ocrx_word' id='word_1_400' title='bbox 2193 2521 2306 2588; x_wconf 90' lang='grc' dir='ltr'>ρεῖν</span> <span class='ocrx_word' id='word_1_401' title='bbox 2337 2519 2516 2572; x_wconf 82' lang='grc' dir='ltr'>τοίνυν</span> <span class='ocrx_word' id='word_1_402' title='bbox 2564 2516 2812 2586; x_wconf 78' lang='grc' dir='ltr'>βούλεται</span> <span class='ocrx_word' id='word_1_403' title='bbox 2841 2516 2933 2570; x_wconf 79' lang='grc' dir='ltr'><strong>τὸν</strong></span> <span class='ocrx_word' id='word_1_404' title='bbox 2966 2516 3126 2586; x_wconf 83' lang='grc' dir='ltr'>χορὸν</span> <span class='ocrx_word' id='word_1_405' title='bbox 3158 2515 3268 2569; x_wconf 89' lang='grc' dir='ltr'><strong>τῶν</strong></span> <span class='ocrx_word' id='word_1_406' title='bbox 3302 2515 3599 2586; x_wconf 76' lang='grc' dir='ltr'>προφητῶν</span> <span class='ocrx_word' id='word_1_407' title='bbox 3625 2515 3792 2587; x_wconf 81' lang='grc' dir='ltr'>χάριν</span> 
     </span>
    </p>
   </div>
   <div class='ocr_carea' id='block_1_55' title="bbox 2188 2608 3794 2683">
    <p class='ocr_par' dir='ltr' id='par_1_55' title="bbox 2188 2608 3794 2683">
     <span class='ocr_line' id='line_1_55' title="bbox 2188 2608 3794 2683; baseline 0.001 -19"><span class='ocrx_word' id='word_1_408' title='bbox 2188 2611 2288 2683; x_wconf 83' lang='grc' dir='ltr'><strong>τὴν</strong></span> <span class='ocrx_word' id='word_1_409' title='bbox 2316 2610 2580 2682; x_wconf 88' lang='grc' dir='ltr'>μεγίστην</span> <span class='ocrx_word' id='word_1_410' title='bbox 2605 2612 2635 2662; x_wconf 84' lang='grc' dir='ltr'>ὁ</span> <span class='ocrx_word' id='word_1_411' title='bbox 2661 2608 2983 2679; x_wconf 84' lang='grc' dir='ltr'>βουλόμενος</span> <span class='ocrx_word' id='word_1_412' title='bbox 3007 2609 3206 2674; x_wconf 78' lang='grc' dir='ltr'>αὐτοὺς</span> <span class='ocrx_word' id='word_1_413' title='bbox 3237 2609 3314 2680; x_wconf 79' lang='grc' dir='ltr'>μὴ</span> <span class='ocrx_word' id='word_1_414' title='bbox 3347 2609 3457 2662; x_wconf 81' lang='grc' dir='ltr'>δεῖν</span> <span class='ocrx_word' id='word_1_415' title='bbox 3488 2610 3794 2682; x_wconf 72' lang='grc' dir='ltr'>μαρτυρεῖν</span> 
     </span>
    </p>
   </div>
   <div class='ocr_carea' id='block_1_56' title="bbox 2192 2701 3796 2776">
    <p class='ocr_par' dir='ltr' id='par_1_56' title="bbox 2192 2701 3796 2776">
     <span class='ocr_line' id='line_1_56' title="bbox 2192 2701 3796 2776; baseline -0.001 -18"><span class='ocrx_word' id='word_1_416' title='bbox 2192 2707 2320 2776; x_wconf 71' lang='grc' dir='ltr'>περὶ</span> <span class='ocrx_word' id='word_1_417' title='bbox 2368 2701 2638 2776; x_wconf 75' lang='grc' dir='ltr'>Χριστοῦο</span> <span class='ocrx_word' id='word_1_418' title='bbox 2686 2702 2740 2756; x_wconf 90' lang='grc' dir='ltr'><strong>τί</strong></span> <span class='ocrx_word' id='word_1_419' title='bbox 2796 2703 2907 2774; x_wconf 79' lang='grc' dir='ltr'>γὰρ</span> <span class='ocrx_word' id='word_1_420' title='bbox 2944 2701 3012 2756; x_wconf 84' lang='grc' dir='ltr'><strong>ἂν</strong></span> <span class='ocrx_word' id='word_1_421' title='bbox 3064 2703 3160 2756; x_wconf 75' lang='grc' dir='ltr'><strong>καὶ</strong></span> <span class='ocrx_word' id='word_1_422' title='bbox 3205 2704 3240 2774; x_wconf 75' lang='grc' dir='ltr'><strong>ὴ</strong></span> <span class='ocrx_word' id='word_1_423' title='bbox 3285 2703 3593 2774; x_wconf 80' lang='grc' dir='ltr'>προφητεία</span> <span class='ocrx_word' id='word_1_424' title='bbox 3639 2706 3676 2775; x_wconf 79' lang='grc' dir='ltr'><strong>ὴ</strong></span> <span class='ocrx_word' id='word_1_425' title='bbox 3731 2703 3796 2770; x_wconf 79' lang='grc' dir='ltr'>ἐξ</span> 
     </span>
    </p>
   </div>
   <div class='ocr_carea' id='block_1_57' title="bbox 2193 2790 3793 2868">
    <p class='ocr_par' dir='ltr' id='par_1_57' title="bbox 2193 2790 3793 2868">
     <span class='ocr_line' id='line_1_57' title="bbox 2193 2790 3793 2868; baseline -0.002 -15"><span class='ocrx_word' id='word_1_426' title='bbox 2193 2798 2480 2861; x_wconf 79' lang='grc' dir='ltr'>ἐπιπνοίας</span> <span class='ocrx_word' id='word_1_427' title='bbox 2541 2795 2700 2865; x_wconf 81' lang='grc' dir='ltr'>ἁγίου</span> <span class='ocrx_word' id='word_1_428' title='bbox 2767 2793 3089 2864; x_wconf 82' lang='grc' dir='ltr'>Πνεύματος</span> <span class='ocrx_word' id='word_1_429' title='bbox 3147 2790 3263 2867; x_wconf 80' lang='grc' dir='ltr'>εἶχε</span> <span class='ocrx_word' id='word_1_430' title='bbox 3329 2794 3676 2868; x_wconf 87' lang='grc' dir='ltr'>τηλικοῦτον,</span> <span class='ocrx_word' id='word_1_431' title='bbox 3741 2798 3793 2850; x_wconf 89' lang='grc' dir='ltr'><strong>εί</strong></span> 
     </span>
    </p>
   </div>
   <div class='ocr_carea' id='block_1_58' title="bbox 2193 2887 3794 2961">
    <p class='ocr_par' dir='ltr' id='par_1_58' title="bbox 2193 2887 3794 2961">
     <span class='ocr_line' id='line_1_58' title="bbox 2193 2887 3794 2961; baseline -0.001 -18"><span class='ocrx_word' id='word_1_432' title='bbox 2193 2887 2504 2961; x_wconf 79' lang='grc' dir='ltr'>ὑπεξῄρητο</span> <span class='ocrx_word' id='word_1_433' title='bbox 2551 2888 2720 2959; x_wconf 80' lang='grc' dir='ltr'>αὐτῆς</span> <span class='ocrx_word' id='word_1_434' title='bbox 2761 2889 2831 2943; x_wconf 87' lang='grc' dir='ltr'><strong>τά</strong></span> <span class='ocrx_word' id='word_1_435' title='bbox 2880 2889 3010 2959; x_wconf 77' lang='grc' dir='ltr'>περὶ</span> <span class='ocrx_word' id='word_1_436' title='bbox 3050 2887 3150 2958; x_wconf 82' lang='grc' dir='ltr'>τῆς</span> <span class='ocrx_word' id='word_1_437' title='bbox 3195 2887 3404 2960; x_wconf 83' lang='grc' dir='ltr'>Κυρίου</span> <span class='ocrx_word' id='word_1_438' title='bbox 3439 2887 3598 2959; x_wconf 74' lang='grc' dir='ltr'>ἡμῶν</span> <span class='ocrx_word' id='word_1_439' title='bbox 3643 2891 3794 2942; x_wconf 80' lang='grc' dir='ltr'>οἰκο-</span> 
     </span>
    </p>
   </div>
   <div class='ocr_carea' id='block_1_59' title="bbox 2193 2979 3796 3052">
    <p class='ocr_par' dir='ltr' id='par_1_59' title="bbox 2193 2979 3796 3052">
     <span class='ocr_line' id='line_1_59' title="bbox 2193 2979 3796 3052; baseline 0.001 -18"><span class='ocrx_word' id='word_1_440' title='bbox 2193 2982 2416 3052; x_wconf 88' lang='grc' dir='ltr'>νομίας;</span> <span class='ocrx_word' id='word_1_441' title='bbox 2457 2981 2544 3042; x_wconf 83' lang='grc' dir='ltr'>Ὠς</span> <span class='ocrx_word' id='word_1_442' title='bbox 2588 2979 2700 3050; x_wconf 83' lang='grc' dir='ltr'>γὰρ</span> <span class='ocrx_word' id='word_1_443' title='bbox 2745 2981 2780 3050; x_wconf 80' lang='grc' dir='ltr'>ἡ</span> <span class='ocrx_word' id='word_1_444' title='bbox 2823 2979 3106 3032; x_wconf 79' lang='grc' dir='ltr'>θεοσέϐεια</span> <span class='ocrx_word' id='word_1_445' title='bbox 3160 2979 3499 3052; x_wconf 86' lang='grc' dir='ltr'>κεκόσμηται</span> <span class='ocrx_word' id='word_1_446' title='bbox 3549 2979 3660 3033; x_wconf 87' lang='grc' dir='ltr'><strong>τῶν</strong></span> <span class='ocrx_word' id='word_1_447' title='bbox 3704 2981 3796 3035; x_wconf 79' lang='grc' dir='ltr'>διὰ</span> 
     </span>
    </p>
   </div>
   <div class='ocr_carea' id='block_1_60' title="bbox 2199 3071 3794 3144">
    <p class='ocr_par' dir='ltr' id='par_1_60' title="bbox 2199 3071 3794 3144">
     <span class='ocr_line' id='line_1_60' title="bbox 2199 3071 3794 3144; baseline -0.001 -18"><span class='ocrx_word' id='word_1_448' title='bbox 2199 3073 2416 3144; x_wconf 82' lang='grc' dir='ltr'>μεσίτου</span> <span class='ocrx_word' id='word_1_449' title='bbox 2443 3073 2538 3126; x_wconf 75' lang='grc' dir='ltr'><strong>καὶ</strong></span> <span class='ocrx_word' id='word_1_450' title='bbox 2575 3071 2880 3144; x_wconf 80' lang='grc' dir='ltr'>ἀρχιερέως</span> <span class='ocrx_word' id='word_1_451' title='bbox 2913 3071 3008 3124; x_wconf 73' lang='grc' dir='ltr'>καὶ</span> <span class='ocrx_word' id='word_1_452' title='bbox 3041 3073 3401 3144; x_wconf 80' lang='grc' dir='ltr'>Παρακλήτου</span> <span class='ocrx_word' id='word_1_453' title='bbox 3435 3073 3531 3126; x_wconf 79' lang='grc' dir='ltr'><strong>καὶ</strong></span> <span class='ocrx_word' id='word_1_454' title='bbox 3561 3073 3794 3142; x_wconf 83' lang='grc' dir='ltr'>ἐπιστη-</span> 
     </span>
    </p>
   </div>
   <div class='ocr_carea' id='block_1_61' title="bbox 514 3153 2092 3247">
    <p class='ocr_par' dir='ltr' id='par_1_61' title="bbox 514 3153 2088 3230">
     <span class='ocr_line' id='line_1_61' title="bbox 514 3153 2088 3230; baseline -0.01 -9"><span class='ocrx_word' id='word_1_455' title='bbox 514 3166 791 3221; x_wconf 72' lang='lat' dir='ltr'><strong>excellens</strong></span> <span class='ocrx_word' id='word_1_456' title='bbox 826 3161 1054 3217; x_wconf 85' lang='lat' dir='ltr'><strong>habebit</strong></span> <span class='ocrx_word' id='word_1_457' title='bbox 1084 3157 1370 3230; x_wconf 84' lang='lat' dir='ltr'><strong>prophetia</strong></span> <span class='ocrx_word' id='word_1_458' title='bbox 1415 3171 1480 3210; x_wconf 76' lang='lat' dir='ltr'><strong>ex</strong></span> <span class='ocrx_word' id='word_1_459' title='bbox 1528 3155 1886 3224; x_wconf 83' lang='lat' dir='ltr'><strong>inspiratione</strong></span> <span class='ocrx_word' id='word_1_460' title='bbox 1919 3153 2088 3224; x_wconf 79' lang='lat' dir='ltr'><strong>Spiri-</strong></span> 
     </span>
    </p>
   </div>
   <div class='ocr_carea' id='block_1_62' title="bbox 2192 3153 3797 3247">
    <p class='ocr_par' dir='ltr' id='par_1_62' title="bbox 2206 3162 3797 3237">
     <span class='ocr_line' id='line_1_62' title="bbox 2206 3162 3797 3237; baseline 0 -19"><span class='ocrx_word' id='word_1_461' title='bbox 2206 3165 2442 3237; x_wconf 90' lang='grc' dir='ltr'>μονικῶς</span> <span class='ocrx_word' id='word_1_462' title='bbox 2494 3163 2950 3236; x_wconf 86' lang='grc' dir='ltr'>προσερχομένων</span> <span class='ocrx_word' id='word_1_463' title='bbox 3002 3162 3082 3235; x_wconf 87' lang='grc' dir='ltr'>τῷ</span> <span class='ocrx_word' id='word_1_464' title='bbox 3136 3164 3246 3218; x_wconf 92' lang='grc' dir='ltr'><strong>τῶν</strong></span> <span class='ocrx_word' id='word_1_465' title='bbox 3296 3164 3432 3218; x_wconf 82' lang='grc' dir='ltr'>ὅλων</span> <span class='ocrx_word' id='word_1_466' title='bbox 3478 3162 3618 3234; x_wconf 81' lang='grc' dir='ltr'>Θεῷ,</span> <span class='ocrx_word' id='word_1_467' title='bbox 3653 3165 3797 3218; x_wconf 73' lang='grc' dir='ltr'>σκάο</span> 
     </span>
    </p>
   </div>
   <div class='ocr_carea' id='block_1_63' title="bbox 513 3245 2094 3319">
    <p class='ocr_par' dir='ltr' id='par_1_63' title="bbox 513 3245 2094 3319">
     <span class='ocr_line' id='line_1_63' title="bbox 513 3245 2094 3319; baseline -0.01 -5"><span class='ocrx_word' id='word_1_468' title='bbox 513 3269 602 3314; x_wconf 73' lang='lat' dir='ltr'><strong>‘us</strong></span> <span class='ocrx_word' id='word_1_469' title='bbox 651 3257 851 3319; x_wconf 85' lang='lat' dir='ltr'><strong>sancti,</strong></span> <span class='ocrx_word' id='word_1_470' title='bbox 887 3257 932 3308; x_wconf 89' lang='lat' dir='ltr'><strong>si</strong></span> <span class='ocrx_word' id='word_1_471' title='bbox 989 3251 1060 3307; x_wconf 85' lang='lat' dir='ltr'><strong>ab</strong></span> <span class='ocrx_word' id='word_1_472' title='bbox 1105 3266 1168 3306; x_wconf 88' lang='lat' dir='ltr'><strong>ea</strong></span> <span class='ocrx_word' id='word_1_473' title='bbox 1220 3250 1580 3304; x_wconf 84' lang='lat' dir='ltr'><strong>detrahantur</strong></span> <span class='ocrx_word' id='word_1_474' title='bbox 1627 3263 1750 3317; x_wconf 66' lang='lat' dir='ltr'><strong>quae</strong></span> <span class='ocrx_word' id='word_1_475' title='bbox 1779 3247 1848 3301; x_wconf 81' lang='lat' dir='ltr'><strong>ad</strong></span> <span class='ocrx_word' id='word_1_476' title='bbox 1882 3245 2094 3300; x_wconf 86' lang='lat' dir='ltr'><strong>Domini</strong></span> 
     </span>
    </p>
   </div>
   <div class='ocr_carea' id='block_1_64' title="bbox 513 3339 2098 3418">
    <p class='ocr_par' dir='ltr' id='par_1_64' title="bbox 513 3339 2098 3418">
     <span class='ocr_line' id='line_1_64' title="bbox 513 3339 2098 3418; baseline -0.009 -12"><span class='ocrx_word' id='word_1_477' title='bbox 513 3351 685 3406; x_wconf 83' lang='lat' dir='ltr'><strong>nostri</strong></span> <span class='ocrx_word' id='word_1_478' title='bbox 720 3347 1186 3418; x_wconf 80' lang='lat' dir='ltr'><strong>dispensationem</strong></span> <span class='ocrx_word' id='word_1_479' title='bbox 1213 3339 1485 3395; x_wconf 78' lang='lat' dir='ltr'><strong>attinent?</strong></span> <span class='ocrx_word' id='word_1_480' title='bbox 1521 3339 1593 3396; x_wconf 88' lang='lat' dir='ltr'><strong>Ut</strong></span> <span class='ocrx_word' id='word_1_481' title='bbox 1619 3345 1766 3394; x_wconf 82' lang='lat' dir='ltr'><strong>enim</strong></span> <span class='ocrx_word' id='word_1_482' title='bbox 1794 3354 1980 3394; x_wconf 78' lang='lat' dir='ltr'><strong>eorum</strong></span> <span class='ocrx_word' id='word_1_483' title='bbox 2005 3340 2098 3408; x_wconf 86' lang='lat' dir='ltr'><strong>qui</strong></span> 
     </span>
    </p>
   </div>
   <div class='ocr_carea' id='block_1_65' title="bbox 513 3435 2100 3516">
    <p class='ocr_par' dir='ltr' id='par_1_65' title="bbox 513 3435 2100 3516">
     <span class='ocr_line' id='line_1_65' title="bbox 513 3435 2100 3516; baseline -0.008 -17"><span class='ocrx_word' id='word_1_484' title='bbox 513 3447 691 3516; x_wconf 87' lang='lat' dir='ltr'><strong>perite</strong></span> <span class='ocrx_word' id='word_1_485' title='bbox 744 3445 812 3497; x_wconf 89' lang='lat' dir='ltr'><strong>ad</strong></span> <span class='ocrx_word' id='word_1_486' title='bbox 869 3442 1036 3494; x_wconf 88' lang='lat' dir='ltr'><strong>Deum</strong></span> <span class='ocrx_word' id='word_1_487' title='bbox 1089 3438 1471 3493; x_wconf 79' lang='lat' dir='ltr'><strong>universorum</strong></span> <span class='ocrx_word' id='word_1_488' title='bbox 1516 3451 1614 3506; x_wconf 88' lang='lat' dir='ltr'><strong>per</strong></span> <span class='ocrx_word' id='word_1_489' title='bbox 1659 3435 2015 3489; x_wconf 88' lang='lat' dir='ltr'><strong>mediatorcm</strong></span> <span class='ocrx_word' id='word_1_490' title='bbox 2044 3443 2100 3488; x_wconf 89' lang='lat' dir='ltr'><strong>et</strong></span> 
     </span>
    </p>
   </div>
   <div class='ocr_carea' id='block_1_66' title="bbox 512 3527 2098 3594">
    <p class='ocr_par' dir='ltr' id='par_1_66' title="bbox 512 3527 2098 3594">
     <span class='ocr_line' id='line_1_66' title="bbox 512 3527 2098 3594; baseline -0.008 0"><span class='ocrx_word' id='word_1_491' title='bbox 512 3552 784 3594; x_wconf 84' lang='lat' dir='ltr'><strong>summum</strong></span> <span class='ocrx_word' id='word_1_492' title='bbox 839 3535 1179 3592; x_wconf 85' lang='lat' dir='ltr'><strong>sacerdotem</strong></span> <span class='ocrx_word' id='word_1_493' title='bbox 1230 3544 1287 3587; x_wconf 84' lang='lat' dir='ltr'><strong>et</strong></span> <span class='ocrx_word' id='word_1_494' title='bbox 1337 3529 1682 3586; x_wconf 82' lang='lat' dir='ltr'><strong>Paracletum</strong></span> <span class='ocrx_word' id='word_1_495' title='bbox 1733 3527 2098 3590; x_wconf 85' lang='lat' dir='ltr'><strong>accesserint,</strong></span> 
     </span>
    </p>
   </div>
   <div class='ocr_carea' id='block_1_67' title="bbox 514 3619 2099 3704">
    <p class='ocr_par' dir='ltr' id='par_1_67' title="bbox 514 3619 2099 3704">
     <span class='ocr_line' id='line_1_67' title="bbox 514 3619 2099 3704; baseline -0.009 -16"><span class='ocrx_word' id='word_1_496' title='bbox 514 3635 686 3704; x_wconf 87' lang='lat' dir='ltr'><strong>pietas</strong></span> <span class='ocrx_word' id='word_1_497' title='bbox 735 3634 875 3687; x_wconf 89' lang='lat' dir='ltr'><strong>bene</strong></span> <span class='ocrx_word' id='word_1_498' title='bbox 917 3632 1171 3686; x_wconf 87' lang='lat' dir='ltr'><strong>ordinata</strong></span> <span class='ocrx_word' id='word_1_499' title='bbox 1208 3638 1315 3693; x_wconf 88' lang='lat' dir='ltr'><strong>cst,</strong></span> <span class='ocrx_word' id='word_1_500' title='bbox 1347 3625 1691 3682; x_wconf 83' lang='lat' dir='ltr'><strong>decliuatura</strong></span> <span class='ocrx_word' id='word_1_501' title='bbox 1728 3621 1957 3691; x_wconf 87' lang='lat' dir='ltr'><strong>alioqui,</strong></span> <span class='ocrx_word' id='word_1_502' title='bbox 1991 3619 2099 3674; x_wconf 89' lang='lat' dir='ltr'><strong>nisi</strong></span> 
     </span>
    </p>
   </div>
   <div class='ocr_carea' id='block_1_68' title="bbox 514 3713 2102 3798">
    <p class='ocr_par' dir='ltr' id='par_1_68' title="bbox 514 3713 2102 3798">
     <span class='ocr_line' id='line_1_68' title="bbox 514 3713 2102 3798; baseline -0.008 -16"><span class='ocrx_word' id='word_1_503' title='bbox 514 3743 611 3798; x_wconf 88' lang='lat' dir='ltr'><strong>per</strong></span> <span class='ocrx_word' id='word_1_504' title='bbox 661 3727 864 3780; x_wconf 84' lang='lat' dir='ltr'><strong>ostium</strong></span> <span class='ocrx_word' id='word_1_505' title='bbox 908 3725 1034 3793; x_wconf 81' lang='lat' dir='ltr'><strong>quis</strong></span> <span class='ocrx_word' id='word_1_506' title='bbox 1081 3724 1363 3792; x_wconf 52' lang='lat' dir='ltr'><strong>ingressus</strong></span> <span class='ocrx_word' id='word_1_507' title='bbox 1406 3718 1574 3774; x_wconf 80' lang='lat' dir='ltr'><strong>fuerit</strong></span> <span class='ocrx_word' id='word_1_508' title='bbox 1621 3717 1690 3771; x_wconf 86' lang='lat' dir='ltr'><strong>ad</strong></span> <span class='ocrx_word' id='word_1_509' title='bbox 1740 3715 1982 3778; x_wconf 87' lang='lat' dir='ltr'><strong>Patrem,</strong></span> <span class='ocrx_word' id='word_1_510' title='bbox 2020 3713 2102 3769; x_wconf 94' lang='lat' dir='ltr'><strong>sic</strong></span> 
     </span>
    </p>
   </div>
   <div class='ocr_carea' id='block_1_69' title="bbox 513 3806 2101 3883">
    <p class='ocr_par' dir='ltr' id='par_1_69' title="bbox 513 3806 2101 3883">
     <span class='ocr_line' id='line_1_69' title="bbox 513 3806 2101 3883; baseline -0.008 -9"><span class='ocrx_word' id='word_1_511' title='bbox 513 3819 681 3875; x_wconf 83' lang='lat' dir='ltr'><strong>etiam</strong></span> <span class='ocrx_word' id='word_1_512' title='bbox 718 3817 900 3872; x_wconf 82' lang='lat' dir='ltr'><strong>cultus</strong></span> <span class='ocrx_word' id='word_1_513' title='bbox 933 3817 1286 3883; x_wconf 83' lang='lat' dir='ltr'><strong>antiqoorum</strong></span> <span class='ocrx_word' id='word_1_514' title='bbox 1325 3819 1543 3881; x_wconf 86' lang='lat' dir='ltr'><strong>patrum</strong></span> <span class='ocrx_word' id='word_1_515' title='bbox 1592 3810 1832 3873; x_wconf 84' lang='lat' dir='ltr'><strong>divinus,</strong></span> <span class='ocrx_word' id='word_1_516' title='bbox 1865 3817 1978 3861; x_wconf 86' lang='lat' dir='ltr'><strong>tum</strong></span> <span class='ocrx_word' id='word_1_517' title='bbox 2014 3806 2101 3862; x_wconf 87' lang='lat' dir='ltr'><strong>in-</strong></span> 
     </span>
    </p>
   </div>
   <div class='ocr_carea' id='block_1_70' title="bbox 517 3902 2100 3981">
    <p class='ocr_par' dir='ltr' id='par_1_70' title="bbox 517 3902 2100 3981">
     <span class='ocr_line' id='line_1_70' title="bbox 517 3902 2100 3981; baseline -0.008 -14"><span class='ocrx_word' id='word_1_518' title='bbox 517 3911 838 3981; x_wconf 81' lang='lat' dir='ltr'><strong>telligentia,</strong></span> <span class='ocrx_word' id='word_1_519' title='bbox 869 3919 981 3962; x_wconf 89' lang='lat' dir='ltr'><strong>tum</strong></span> <span class='ocrx_word' id='word_1_520' title='bbox 1014 3909 1139 3972; x_wconf 87' lang='lat' dir='ltr'><strong>ﬁde,</strong></span> <span class='ocrx_word' id='word_1_521' title='bbox 1169 3917 1282 3961; x_wconf 90' lang='lat' dir='ltr'><strong>tum</strong></span> <span class='ocrx_word' id='word_1_522' title='bbox 1309 3905 1545 3974; x_wconf 86' lang='lat' dir='ltr'><strong>denique</strong></span> <span class='ocrx_word' id='word_1_523' title='bbox 1577 3902 1783 3958; x_wconf 87' lang='lat' dir='ltr'><strong>Christi</strong></span> <span class='ocrx_word' id='word_1_524' title='bbox 1811 3909 2100 3970; x_wconf 82' lang='lat' dir='ltr'><strong>exspecta-</strong></span> 
     </span>
    </p>
   </div>
   <div class='ocr_carea' id='block_1_71' title="bbox 517 3993 2101 4068">
    <p class='ocr_par' dir='ltr' id='par_1_71' title="bbox 517 3993 2101 4068">
     <span class='ocr_line' id='line_1_71' title="bbox 517 3993 2101 4068; baseline -0.008 -8"><span class='ocrx_word' id='word_1_525' title='bbox 517 4007 668 4060; x_wconf 88' lang='lat' dir='ltr'><strong>tione</strong></span> <span class='ocrx_word' id='word_1_526' title='bbox 695 4018 855 4058; x_wconf 87' lang='lat' dir='ltr'><strong>sacer</strong></span> <span class='ocrx_word' id='word_1_527' title='bbox 882 4011 1006 4056; x_wconf 87' lang='lat' dir='ltr'><strong>erat</strong></span> <span class='ocrx_word' id='word_1_528' title='bbox 1035 4012 1091 4055; x_wconf 92' lang='lat' dir='ltr'><strong>et</strong></span> <span class='ocrx_word' id='word_1_529' title='bbox 1120 3999 1258 4068; x_wconf 85' lang='lat' dir='ltr'><strong>apud</strong></span> <span class='ocrx_word' id='word_1_530' title='bbox 1281 3997 1452 4052; x_wconf 89' lang='lat' dir='ltr'><strong>Deum</strong></span> <span class='ocrx_word' id='word_1_531' title='bbox 1485 3996 1686 4050; x_wconf 87' lang='lat' dir='ltr'><strong>charus</strong></span> <span class='ocrx_word' id='word_1_532' title='bbox 1710 4011 1724 4048; x_wconf 90' lang='lat'><strong>:</strong></span> <span class='ocrx_word' id='word_1_533' title='bbox 1754 3993 2101 4065; x_wconf 85' lang='lat' dir='ltr'><strong>quandoqui-</strong></span> 
     </span>
    </p>
   </div>
   <div class='ocr_carea' id='block_1_72' title="bbox 519 4085 2097 4159">
    <p class='ocr_par' dir='ltr' id='par_1_72' title="bbox 519 4085 2097 4159">
     <span class='ocr_line' id='line_1_72' title="bbox 519 4085 2097 4159; baseline -0.007 -8"><span class='ocrx_word' id='word_1_534' title='bbox 519 4098 643 4151; x_wconf 89' lang='lat' dir='ltr'><strong>dem</strong></span> <span class='ocrx_word' id='word_1_535' title='bbox 677 4093 1094 4150; x_wconf 82' lang='lat' dir='ltr'><strong>observavimus</strong></span> <span class='ocrx_word' id='word_1_536' title='bbox 1114 4091 1279 4145; x_wconf 90' lang='lat' dir='ltr'><strong>etiam</strong></span> <span class='ocrx_word' id='word_1_537' title='bbox 1315 4090 1484 4146; x_wconf 88' lang='lat' dir='ltr'><strong>Deum</strong></span> <span class='ocrx_word' id='word_1_538' title='bbox 1525 4103 1584 4143; x_wconf 89' lang='lat' dir='ltr'><strong>se</strong></span> <span class='ocrx_word' id='word_1_539' title='bbox 1619 4086 1877 4159; x_wconf 84' lang='grc' dir='ltr'>μάρτυρα</span> <span class='ocrx_word' id='word_1_540' title='bbox 1915 4085 2097 4152; x_wconf 81' lang='lat' dir='ltr'><strong>fateri,</strong></span> 
     </span>
    </p>
   </div>
   <div class='ocr_carea' id='block_1_73' title="bbox 517 4181 2103 4251">
    <p class='ocr_par' dir='ltr' id='par_1_73' title="bbox 517 4181 2103 4251">
     <span class='ocr_line' id='line_1_73' title="bbox 517 4181 2103 4251; baseline -0.008 -5"><span class='ocrx_word' id='word_1_541' title='bbox 517 4192 816 4246; x_wconf 83' lang='lat' dir='ltr'><strong>obsecrans</strong></span> <span class='ocrx_word' id='word_1_542' title='bbox 847 4199 1038 4240; x_wconf 91' lang='lat' dir='ltr'><strong>omnes</strong></span> <span class='ocrx_word' id='word_1_543' title='bbox 1069 4193 1130 4238; x_wconf 89' lang='lat' dir='ltr'><strong>ut</strong></span> <span class='ocrx_word' id='word_1_544' title='bbox 1159 4183 1396 4251; x_wconf 86' lang='lat' dir='ltr'><strong>idipsum</strong></span> <span class='ocrx_word' id='word_1_545' title='bbox 1421 4184 1488 4236; x_wconf 91' lang='lat' dir='ltr'><strong>de</strong></span> <span class='ocrx_word' id='word_1_546' title='bbox 1503 4181 1720 4238; x_wconf 83' lang='lat' dir='ltr'><strong>Christo</strong></span> <span class='ocrx_word' id='word_1_547' title='bbox 1743 4181 1908 4236; x_wconf 90' lang='lat' dir='ltr'><strong>etiam</strong></span> <span class='ocrx_word' id='word_1_548' title='bbox 1934 4193 2103 4234; x_wconf 86' lang='lat' dir='ltr'><strong>euuu-</strong></span> 
     </span>
    </p>
   </div>
   <div class='ocr_carea' id='block_1_74' title="bbox 2203 3257 3798 3331">
    <p class='ocr_par' dir='ltr' id='par_1_74' title="bbox 2203 3257 3798 3331">
     <span class='ocr_line' id='line_1_74' title="bbox 2203 3257 3798 3331; baseline 0.001 -20"><span class='ocrx_word' id='word_1_549' title='bbox 2203 3257 2373 3323; x_wconf 80' lang='grc' dir='ltr'>ζουσα</span> <span class='ocrx_word' id='word_1_550' title='bbox 2416 3257 2484 3312; x_wconf 81' lang='grc' dir='ltr'><strong>ἂν</strong></span> <span class='ocrx_word' id='word_1_551' title='bbox 2516 3258 2672 3330; x_wconf 80' lang='grc' dir='ltr'>εἰμὴ</span> <span class='ocrx_word' id='word_1_552' title='bbox 2715 3259 2804 3314; x_wconf 80' lang='grc' dir='ltr'>διὰ</span> <span class='ocrx_word' id='word_1_553' title='bbox 2848 3259 2949 3330; x_wconf 76' lang='grc' dir='ltr'>τῆς</span> <span class='ocrx_word' id='word_1_554' title='bbox 2995 3257 3167 3330; x_wconf 84' lang='grc' dir='ltr'>θύρας</span> <span class='ocrx_word' id='word_1_555' title='bbox 3212 3275 3298 3322; x_wconf 92' lang='grc' dir='ltr'><strong>τις</strong></span> <span class='ocrx_word' id='word_1_556' title='bbox 3334 3258 3478 3331; x_wconf 82' lang='grc' dir='ltr'>είσίῃ</span> <span class='ocrx_word' id='word_1_557' title='bbox 3521 3257 3658 3330; x_wconf 85' lang='grc' dir='ltr'>πρὸς</span> <span class='ocrx_word' id='word_1_558' title='bbox 3701 3258 3798 3313; x_wconf 85' lang='grc' dir='ltr'><strong>τδν</strong></span> 
     </span>
    </p>
   </div>
   <div class='ocr_carea' id='block_1_75' title="bbox 2202 3348 3801 3421">
    <p class='ocr_par' dir='ltr' id='par_1_75' title="bbox 2202 3348 3801 3421">
     <span class='ocr_line' id='line_1_75' title="bbox 2202 3348 3801 3421; baseline 0.001 -19"><span class='ocrx_word' id='word_1_559' title='bbox 2202 3349 2443 3421; x_wconf 87' lang='grc' dir='ltr'>Πατέρα·</span> <span class='ocrx_word' id='word_1_560' title='bbox 2477 3348 2652 3414; x_wconf 76' lang='grc' dir='ltr'>οὕτως</span> <span class='ocrx_word' id='word_1_561' title='bbox 2677 3351 2775 3403; x_wconf 81' lang='grc' dir='ltr'><strong>καὶ</strong></span> <span class='ocrx_word' id='word_1_562' title='bbox 2803 3351 2838 3419; x_wconf 84' lang='grc' dir='ltr'><strong>ή</strong></span> <span class='ocrx_word' id='word_1_563' title='bbox 2861 3349 2973 3403; x_wconf 91' lang='grc' dir='ltr'><strong>τῶν</strong></span> <span class='ocrx_word' id='word_1_564' title='bbox 3008 3349 3178 3405; x_wconf 87' lang='grc' dir='ltr'>πάλαι</span> <span class='ocrx_word' id='word_1_565' title='bbox 3205 3348 3484 3402; x_wconf 74' lang='grc' dir='ltr'>θεοσέϐεια</span> <span class='ocrx_word' id='word_1_566' title='bbox 3513 3351 3581 3420; x_wconf 78' lang='grc' dir='ltr'>τῇ</span> <span class='ocrx_word' id='word_1_567' title='bbox 3610 3349 3801 3419; x_wconf 71' lang='grc' dir='ltr'>νοήσει</span> 
     </span>
    </p>
   </div>
   <div class='ocr_carea' id='block_1_76' title="bbox 2201 3437 3802 3514">
    <p class='ocr_par' dir='ltr' id='par_1_76' title="bbox 2201 3437 3802 3514">
     <span class='ocr_line' id='line_1_76' title="bbox 2201 3437 3802 3514; baseline -0.001 -18"><span class='ocrx_word' id='word_1_568' title='bbox 2201 3443 2298 3496; x_wconf 77' lang='grc' dir='ltr'><strong>καὶ</strong></span> <span class='ocrx_word' id='word_1_569' title='bbox 2331 3442 2510 3496; x_wconf 83' lang='grc' dir='ltr'>πίστει</span> <span class='ocrx_word' id='word_1_570' title='bbox 2543 3443 2639 3496; x_wconf 75' lang='grc' dir='ltr'><strong>καὶ</strong></span> <span class='ocrx_word' id='word_1_571' title='bbox 2661 3443 2961 3514; x_wconf 76' lang='grc' dir='ltr'>προσδοκίᾳ</span> <span class='ocrx_word' id='word_1_572' title='bbox 2989 3441 3226 3511; x_wconf 86' lang='grc' dir='ltr'>Χριστοῦ</span> <span class='ocrx_word' id='word_1_573' title='bbox 3257 3441 3378 3513; x_wconf 88' lang='grc' dir='ltr'><strong>ίερά</strong></span> <span class='ocrx_word' id='word_1_574' title='bbox 3399 3437 3490 3513; x_wconf 79' lang='grc' dir='ltr'>ἦν,</span> <span class='ocrx_word' id='word_1_575' title='bbox 3524 3443 3620 3496; x_wconf 78' lang='grc' dir='ltr'><strong>καὶ</strong></span> <span class='ocrx_word' id='word_1_576' title='bbox 3641 3441 3802 3514; x_wconf 88' lang='grc' dir='ltr'><strong>παρά</strong></span> 
     </span>
    </p>
   </div>
   <div class='ocr_carea' id='block_1_77' title="bbox 2201 3534 3800 3608">
    <p class='ocr_par' dir='ltr' id='par_1_77' title="bbox 2201 3534 3800 3608">
     <span class='ocr_line' id='line_1_77' title="bbox 2201 3534 3800 3608; baseline 0 -20"><span class='ocrx_word' id='word_1_577' title='bbox 2201 3534 2322 3606; x_wconf 83' lang='grc' dir='ltr'>Θεῷ</span> <span class='ocrx_word' id='word_1_578' title='bbox 2341 3534 2635 3606; x_wconf 76' lang='grc' dir='ltr'>ἀποδεκτήο</span> <span class='ocrx_word' id='word_1_579' title='bbox 2657 3537 2780 3589; x_wconf 72' lang='grc' dir='ltr'>ἐπεὶ</span> <span class='ocrx_word' id='word_1_580' title='bbox 2800 3537 3213 3608; x_wconf 75' lang='grc' dir='ltr'>τετηρήκαμεν,</span> <span class='ocrx_word' id='word_1_581' title='bbox 3241 3535 3325 3588; x_wconf 83' lang='grc' dir='ltr'>ὅτι</span> <span class='ocrx_word' id='word_1_582' title='bbox 3353 3537 3384 3589; x_wconf 85' lang='grc' dir='ltr'><strong>ὁ</strong></span> <span class='ocrx_word' id='word_1_583' title='bbox 3411 3534 3542 3599; x_wconf 84' lang='grc' dir='ltr'>Θεὸς</span> <span class='ocrx_word' id='word_1_584' title='bbox 3581 3534 3800 3605; x_wconf 82' lang='grc' dir='ltr'>μάρτυς</span> 
     </span>
    </p>
   </div>
   <div class='ocr_carea' id='block_1_78' title="bbox 2202 3623 3803 3700">
    <p class='ocr_par' dir='ltr' id='par_1_78' title="bbox 2202 3623 3803 3700">
     <span class='ocr_line' id='line_1_78' title="bbox 2202 3623 3803 3700; baseline -0.001 -19"><span class='ocrx_word' id='word_1_585' title='bbox 2202 3623 2342 3682; x_wconf 75' lang='grc' dir='ltr'>εἶναι</span> <span class='ocrx_word' id='word_1_586' title='bbox 2383 3627 2657 3699; x_wconf 84' lang='grc' dir='ltr'>ὁμολογεῖ,</span> <span class='ocrx_word' id='word_1_587' title='bbox 2691 3629 2785 3681; x_wconf 74' lang='grc' dir='ltr'><strong>καὶ</strong></span> <span class='ocrx_word' id='word_1_588' title='bbox 2819 3627 3068 3700; x_wconf 72' lang='grc' dir='ltr'>περὶτοῦ</span> <span class='ocrx_word' id='word_1_589' title='bbox 3104 3625 3342 3698; x_wconf 84' lang='grc' dir='ltr'>Χριστοῦ</span> <span class='ocrx_word' id='word_1_590' title='bbox 3385 3627 3448 3680; x_wconf 82' lang='grc' dir='ltr'>τὸ</span> <span class='ocrx_word' id='word_1_591' title='bbox 3496 3627 3628 3680; x_wconf 72' lang='grc' dir='ltr'>αὐτὸ</span> <span class='ocrx_word' id='word_1_592' title='bbox 3661 3627 3803 3681; x_wconf 90' lang='grc' dir='ltr'>ἀπο-</span> 
     </span>
    </p>
   </div>
   <div class='ocr_carea' id='block_1_79' title="bbox 2203 3719 3800 3792">
    <p class='ocr_par' dir='ltr' id='par_1_79' title="bbox 2203 3719 3800 3792">
     <span class='ocr_line' id='line_1_79' title="bbox 2203 3719 3800 3792; baseline -0.001 -18"><span class='ocrx_word' id='word_1_593' title='bbox 2203 3721 2492 3792; x_wconf 85' lang='grc' dir='ltr'>φαίνεσθαι</span> <span class='ocrx_word' id='word_1_594' title='bbox 2509 3721 2719 3785; x_wconf 86' lang='grc' dir='ltr'>πάντας</span> <span class='ocrx_word' id='word_1_595' title='bbox 2735 3721 2830 3774; x_wconf 76' lang='grc' dir='ltr'>ἐπὶ</span> <span class='ocrx_word' id='word_1_596' title='bbox 2855 3721 2918 3774; x_wconf 86' lang='grc' dir='ltr'><strong>τὸ</strong></span> <span class='ocrx_word' id='word_1_597' title='bbox 2943 3720 3188 3792; x_wconf 82' lang='grc' dir='ltr'>μιμητὰς</span> <span class='ocrx_word' id='word_1_598' title='bbox 3213 3720 3411 3784; x_wconf 80' lang='grc' dir='ltr'>αὐτοὺς</span> <span class='ocrx_word' id='word_1_599' title='bbox 3427 3720 3562 3791; x_wconf 73' lang='grc'><strong>(21⁸)</strong></span> <span class='ocrx_word' id='word_1_600' title='bbox 3587 3719 3800 3774; x_wconf 78' lang='grc' dir='ltr'>καὶτοῦ</span> 
     </span>
    </p>
   </div>
   <div class='ocr_carea' id='block_1_80' title="bbox 2201 3811 3800 3887">
    <p class='ocr_par' dir='ltr' id='par_1_80' title="bbox 2201 3811 3800 3887">
     <span class='ocr_line' id='line_1_80' title="bbox 2201 3811 3800 3887; baseline -0.001 -19"><span class='ocrx_word' id='word_1_601' title='bbox 2201 3816 2248 3868; x_wconf 90' lang='grc' dir='ltr'><strong>Χ</strong></span> <span class='ocrx_word' id='word_1_602' title='bbox 2257 3815 2440 3887; x_wconf 87' lang='grc' dir='ltr'>ριστοῦ</span> <span class='ocrx_word' id='word_1_603' title='bbox 2453 3813 2708 3884; x_wconf 83' lang='grc' dir='ltr'>γενέσθαι</span> <span class='ocrx_word' id='word_1_604' title='bbox 2720 3833 2796 3868; x_wconf 90' lang='grc' dir='ltr'><strong>πα</strong></span> <span class='ocrx_word' id='word_1_605' title='bbox 2804 3813 3072 3886; x_wconf 89' lang='grc' dir='ltr'>ρακαλῶν,</span> <span class='ocrx_word' id='word_1_606' title='bbox 3088 3815 3229 3868; x_wconf 83' lang='grc' dir='ltr'><strong>κατά</strong></span> <span class='ocrx_word' id='word_1_607' title='bbox 3239 3813 3302 3868; x_wconf 77' lang='grc' dir='ltr'><strong>τὸ</strong></span> <span class='ocrx_word' id='word_1_608' title='bbox 3318 3815 3614 3885; x_wconf 80' lang='grc' dir='ltr'>μαρτυρεῖν</span> <span class='ocrx_word' id='word_1_609' title='bbox 3627 3811 3800 3868; x_wconf 85' lang='grc' dir='ltr'>αὐτοῦ</span> 
     </span>
    </p>
   </div>
   <div class='ocr_carea' id='block_1_81' title="bbox 2201 3902 3801 3980">
    <p class='ocr_par' dir='ltr' id='par_1_81' title="bbox 2201 3902 3801 3980">
     <span class='ocr_line' id='line_1_81' title="bbox 2201 3902 3801 3980; baseline -0.003 -20"><span class='ocrx_word' id='word_1_610' title='bbox 2201 3902 2284 3970; x_wconf 80' lang='grc' dir='ltr'>οἷς</span> <span class='ocrx_word' id='word_1_611' title='bbox 2303 3907 2410 3980; x_wconf 81' lang='grc' dir='ltr'><strong>χρὴ</strong></span> <span class='ocrx_word' id='word_1_612' title='bbox 2440 3909 2737 3979; x_wconf 80' lang='grc' dir='ltr'>μαρτυρεῖν</span> <span class='ocrx_word' id='word_1_613' title='bbox 2752 3923 2764 3935; x_wconf 92' lang='grc'>·</span> <span class='ocrx_word' id='word_1_614' title='bbox 2785 3906 2918 3978; x_wconf 79' lang='grc' dir='ltr'>φησὶ</span> <span class='ocrx_word' id='word_1_615' title='bbox 2940 3906 3067 3978; x_wconf 89' lang='grc' dir='ltr'>γάρ·</span> <span class='ocrx_word' id='word_1_616' title='bbox 3092 3925 3108 3957; x_wconf 84' lang='grc' dir='ltr'><strong>ι</strong></span> <span class='ocrx_word' id='word_1_617' title='bbox 3136 3905 3364 3960; x_wconf 83' lang='grc' dir='ltr'>Γένεσθὲ</span> <span class='ocrx_word' id='word_1_618' title='bbox 3389 3921 3478 3976; x_wconf 87' lang='grc' dir='ltr'><strong>μοι</strong></span> <span class='ocrx_word' id='word_1_619' title='bbox 3498 3904 3801 3975; x_wconf 83' lang='grc' dir='ltr'>μάρτυρες,</span> 
     </span>
    </p>
   </div>
   <div class='ocr_carea' id='block_1_82' title="bbox 2203 3997 3802 4072">
    <p class='ocr_par' dir='ltr' id='par_1_82' title="bbox 2203 3997 3802 4072">
     <span class='ocr_line' id='line_1_82' title="bbox 2203 3997 3802 4072; baseline 0 -20"><span class='ocrx_word' id='word_1_620' title='bbox 2203 3999 2361 4068; x_wconf 84' lang='grc' dir='ltr'><strong>κάγὼ</strong></span> <span class='ocrx_word' id='word_1_621' title='bbox 2387 3999 2618 4072; x_wconf 84' lang='grc' dir='ltr'>μάρτυς,</span> <span class='ocrx_word' id='word_1_622' title='bbox 2646 3999 2797 4067; x_wconf 74' lang='grc' dir='ltr'>λέγει</span> <span class='ocrx_word' id='word_1_623' title='bbox 2821 3999 3025 4069; x_wconf 82' lang='grc' dir='ltr'>Κύριος</span> <span class='ocrx_word' id='word_1_624' title='bbox 3045 4001 3073 4052; x_wconf 85' lang='grc' dir='ltr'><strong>ό</strong></span> <span class='ocrx_word' id='word_1_625' title='bbox 3091 3997 3250 4062; x_wconf 82' lang='grc' dir='ltr'>Θεός·</span> <span class='ocrx_word' id='word_1_626' title='bbox 3274 3999 3368 4051; x_wconf 68' lang='grc' dir='ltr'><strong>κα)⁵</strong></span> <span class='ocrx_word' id='word_1_627' title='bbox 3411 3998 3440 4050; x_wconf 88' lang='grc' dir='ltr'>ὁ</span> <span class='ocrx_word' id='word_1_628' title='bbox 3465 4001 3594 4062; x_wconf 84' lang='grc' dir='ltr'>παῖς</span> <span class='ocrx_word' id='word_1_629' title='bbox 3612 4015 3714 4068; x_wconf 87' lang='grc' dir='ltr'><strong>μου</strong></span> <span class='ocrx_word' id='word_1_630' title='bbox 3735 3998 3802 4052; x_wconf 87' lang='grc' dir='ltr'>ὃν</span> 
     </span>
    </p>
   </div>
   <div class='ocr_carea' id='block_1_83' title="bbox 2203 4087 3802 4162">
    <p class='ocr_par' dir='ltr' id='par_1_83' title="bbox 2203 4087 3802 4162">
     <span class='ocr_line' id='line_1_83' title="bbox 2203 4087 3802 4162; baseline -0.001 -18"><span class='ocrx_word' id='word_1_631' title='bbox 2203 4090 2558 4162; x_wconf 83' lang='grc' dir='ltr'>ἐξελεξάμην.</span> <span class='ocrx_word' id='word_1_632' title='bbox 2573 4092 2717 4154; x_wconf 73' lang='grc' dir='ltr'>»Πᾶς</span> <span class='ocrx_word' id='word_1_633' title='bbox 2736 4091 2793 4144; x_wconf 83' lang='grc' dir='ltr'>δὲ</span> <span class='ocrx_word' id='word_1_634' title='bbox 2813 4090 2842 4142; x_wconf 85' lang='grc' dir='ltr'><strong>ό</strong></span> <span class='ocrx_word' id='word_1_635' title='bbox 2865 4087 3162 4161; x_wconf 85' lang='grc' dir='ltr'>μαρτυρῶν</span> <span class='ocrx_word' id='word_1_636' title='bbox 3179 4088 3292 4158; x_wconf 71' lang='lat'><strong>(2‘2)</strong></span> <span class='ocrx_word' id='word_1_637' title='bbox 3317 4092 3382 4160; x_wconf 79' lang='grc' dir='ltr'>τῇ</span> <span class='ocrx_word' id='word_1_638' title='bbox 3403 4089 3652 4160; x_wconf 76' lang='grc' dir='ltr'>ἀληθείᾳ,</span> <span class='ocrx_word' id='word_1_639' title='bbox 3685 4089 3802 4142; x_wconf 73' lang='grc' dir='ltr'>εἴτε</span> 
     </span>
    </p>
   </div>
   <div class='ocr_carea' id='block_1_84' title="bbox 2203 4183 3800 4256">
    <p class='ocr_par' dir='ltr' id='par_1_84' title="bbox 2203 4183 3800 4256">
     <span class='ocr_line' id='line_1_84' title="bbox 2203 4183 3800 4256; baseline 0 -20"><span class='ocrx_word' id='word_1_640' title='bbox 2203 4183 2382 4252; x_wconf 89' lang='grc' dir='ltr'>λόγοις</span> <span class='ocrx_word' id='word_1_641' title='bbox 2406 4185 2515 4238; x_wconf 83' lang='grc' dir='ltr'>εῐτε</span> <span class='ocrx_word' id='word_1_642' title='bbox 2539 4184 2744 4256; x_wconf 73' lang='grc' dir='ltr'>ἔργοις,</span> <span class='ocrx_word' id='word_1_643' title='bbox 2769 4185 2879 4237; x_wconf 77' lang='grc' dir='ltr'>εἴτε</span> <span class='ocrx_word' id='word_1_644' title='bbox 2906 4184 3054 4242; x_wconf 74' lang='grc' dir='ltr'>ὅπως</span> <span class='ocrx_word' id='word_1_645' title='bbox 3085 4183 3215 4236; x_wconf 86' lang='grc' dir='ltr'><strong>ποτέ</strong></span> <span class='ocrx_word' id='word_1_646' title='bbox 3241 4183 3411 4255; x_wconf 76' lang='grc' dir='ltr'>ταύτῃ</span> <span class='ocrx_word' id='word_1_647' title='bbox 3453 4183 3800 4254; x_wconf 85' lang='grc' dir='ltr'>παριστάμε-</span> 
     </span>
    </p>
   </div>
   <div class='ocr_carea' id='block_1_85' title="bbox 520 4273 2092 4348">
    <p class='ocr_par' dir='ltr' id='par_1_85' title="bbox 520 4273 2092 4346">
     <span class='ocr_line' id='line_1_85' title="bbox 520 4273 2092 4346; baseline -0.008 -7"><span class='ocrx_word' id='word_1_648' title='bbox 520 4284 658 4340; x_wconf 88' lang='lat' dir='ltr'><strong>tieut</strong></span> <span class='ocrx_word' id='word_1_649' title='bbox 696 4303 707 4336; x_wconf 91' lang='lat'><strong>:</strong></span> <span class='ocrx_word' id='word_1_650' title='bbox 746 4293 941 4346; x_wconf 85' lang='lat' dir='ltr'><strong>nempe</strong></span> <span class='ocrx_word' id='word_1_651' title='bbox 969 4287 1028 4331; x_wconf 90' lang='lat' dir='ltr'><strong>ut</strong></span> <span class='ocrx_word' id='word_1_652' title='bbox 1058 4277 1169 4331; x_wconf 89' lang='lat' dir='ltr'><strong>sint</strong></span> <span class='ocrx_word' id='word_1_653' title='bbox 1189 4275 1274 4328; x_wconf 87' lang='lat' dir='ltr'><strong>sui</strong></span> <span class='ocrx_word' id='word_1_654' title='bbox 1305 4284 1362 4328; x_wconf 88' lang='lat' dir='ltr'><strong>et</strong></span> <span class='ocrx_word' id='word_1_655' title='bbox 1385 4274 1586 4328; x_wconf 88' lang='lat' dir='ltr'><strong>Christi</strong></span> <span class='ocrx_word' id='word_1_656' title='bbox 1615 4275 1942 4339; x_wconf 81' lang='lat' dir='ltr'><strong>imitatores,</strong></span> <span class='ocrx_word' id='word_1_657' title='bbox 1975 4273 2092 4328; x_wconf 89' lang='lat' dir='ltr'><strong>dum</strong></span> 
     </span>
    </p>
   </div>
   <div class='ocr_carea' id='block_1_86' title="bbox 2192 4273 3800 4348">
    <p class='ocr_par' dir='ltr' id='par_1_86' title="bbox 2205 4275 3800 4348">
     <span class='ocr_line' id='line_1_86' title="bbox 2205 4275 3800 4348; baseline -0.001 -18"><span class='ocrx_word' id='word_1_658' title='bbox 2205 4293 2294 4340; x_wconf 89' lang='grc' dir='ltr'><strong>νος</strong></span> <span class='ocrx_word' id='word_1_659' title='bbox 2315 4316 2331 4342; x_wconf 93' lang='grc'><strong>,</strong></span> <span class='ocrx_word' id='word_1_660' title='bbox 2381 4277 2592 4348; x_wconf 86' lang='grc' dir='ltr'>μάρτυς</span> <span class='ocrx_word' id='word_1_661' title='bbox 2625 4277 2866 4346; x_wconf 85' lang='grc' dir='ltr'>εὐλόγως</span> <span class='ocrx_word' id='word_1_662' title='bbox 2909 4277 2978 4330; x_wconf 80' lang='grc' dir='ltr'>ἂν</span> <span class='ocrx_word' id='word_1_663' title='bbox 3017 4275 3378 4348; x_wconf 72' lang='grc' dir='ltr'>χρηματίζοιο</span> <span class='ocrx_word' id='word_1_664' title='bbox 3415 4275 3530 4329; x_wconf 86' lang='grc' dir='ltr'>ἀλλ’</span> <span class='ocrx_word' id='word_1_665' title='bbox 3564 4276 3664 4348; x_wconf 76' lang='grc' dir='ltr'>ήδη</span> <span class='ocrx_word' id='word_1_666' title='bbox 3699 4293 3800 4329; x_wconf 81' lang='grc' dir='ltr'>κυ-</span> 
     </span>
    </p>
   </div>
   <div class='ocr_carea' id='block_1_87' title="bbox 522 4363 2092 4444">
    <p class='ocr_par' dir='ltr' id='par_1_87' title="bbox 522 4363 2092 4436">
     <span class='ocr_line' id='line_1_87' title="bbox 522 4363 2092 4436; baseline -0.008 -5"><span class='ocrx_word' id='word_1_667' title='bbox 522 4369 891 4430; x_wconf 89' lang='lat' dir='ltr'><strong>testimouium</strong></span> <span class='ocrx_word' id='word_1_668' title='bbox 942 4369 1012 4423; x_wconf 90' lang='lat' dir='ltr'><strong>de</strong></span> <span class='ocrx_word' id='word_1_669' title='bbox 1041 4381 1108 4422; x_wconf 87' lang='lat' dir='ltr'><strong>eo</strong></span> <span class='ocrx_word' id='word_1_670' title='bbox 1143 4365 1391 4436; x_wconf 72' lang='lat' dir='ltr'><strong>praebent</strong></span> <span class='ocrx_word' id='word_1_671' title='bbox 1431 4363 1634 4435; x_wconf 90' lang='lat' dir='ltr'><strong>quibus</strong></span> <span class='ocrx_word' id='word_1_672' title='bbox 1690 4366 1978 4421; x_wconf 89' lang='lat' dir='ltr'><strong>testatione</strong></span> <span class='ocrx_word' id='word_1_673' title='bbox 2020 4376 2092 4420; x_wconf 82' lang='lat' dir='ltr'><strong>est</strong></span> 
     </span>
    </p>
   </div>
   <div class='ocr_carea' id='block_1_88' title="bbox 2192 4363 3799 4444">
    <p class='ocr_par' dir='ltr' id='par_1_88' title="bbox 2209 4369 3799 4444">
     <span class='ocr_line' id='line_1_88' title="bbox 2209 4369 3799 4444; baseline 0 -20"><span class='ocrx_word' id='word_1_674' title='bbox 2209 4371 2342 4444; x_wconf 88' lang='grc' dir='ltr'>ρίως</span> <span class='ocrx_word' id='word_1_675' title='bbox 2366 4371 2477 4442; x_wconf 75' lang='grc'>(25)</span> <span class='ocrx_word' id='word_1_676' title='bbox 2495 4369 2558 4424; x_wconf 80' lang='grc' dir='ltr'><strong>τὸ</strong></span> <span class='ocrx_word' id='word_1_677' title='bbox 2579 4371 2678 4442; x_wconf 85' lang='grc' dir='ltr'>τῆς</span> <span class='ocrx_word' id='word_1_678' title='bbox 2704 4370 3065 4442; x_wconf 86' lang='grc' dir='ltr'>ἀδελφότητος</span> <span class='ocrx_word' id='word_1_679' title='bbox 3100 4370 3241 4435; x_wconf 79' lang='grc' dir='ltr'>ἔθος,</span> <span class='ocrx_word' id='word_1_680' title='bbox 3275 4370 3644 4438; x_wconf 78' lang='grc' dir='ltr'>ἐκπλαγέντες</span> <span class='ocrx_word' id='word_1_681' title='bbox 3677 4370 3799 4424; x_wconf 79' lang='grc' dir='ltr'><strong>διὰ-</strong></span> 
     </span>
    </p>
   </div>
   <div class='ocr_carea' id='block_1_89' title="bbox 519 4459 2092 4537">
    <p class='ocr_par' dir='ltr' id='par_1_89' title="bbox 519 4459 2092 4537">
     <span class='ocr_line' id='line_1_89' title="bbox 519 4459 2092 4537; baseline -0.004 -16"><span class='ocrx_word' id='word_1_682' title='bbox 519 4481 690 4537; x_wconf 88' lang='lat' dir='ltr'><strong>opus;</strong></span> <span class='ocrx_word' id='word_1_683' title='bbox 721 4464 899 4532; x_wconf 88' lang='lat' dir='ltr'><strong>inquit</strong></span> <span class='ocrx_word' id='word_1_684' title='bbox 923 4461 1068 4514; x_wconf 88' lang='lat' dir='ltr'><strong>enim</strong></span> <span class='ocrx_word' id='word_1_685' title='bbox 1099 4475 1155 4514; x_wconf 75' lang='grc' dir='ltr'><strong>ει</strong></span> <span class='ocrx_word' id='word_1_686' title='bbox 1191 4459 1380 4515; x_wconf 86' lang='lat' dir='ltr'><strong>Estote</strong></span> <span class='ocrx_word' id='word_1_687' title='bbox 1410 4459 1542 4514; x_wconf 92' lang='lat' dir='ltr'><strong>mihi</strong></span> <span class='ocrx_word' id='word_1_688' title='bbox 1576 4467 1782 4525; x_wconf 88' lang='lat' dir='ltr'><strong>testes;</strong></span> <span class='ocrx_word' id='word_1_689' title='bbox 1812 4469 1868 4514; x_wconf 92' lang='lat' dir='ltr'><strong>ct</strong></span> <span class='ocrx_word' id='word_1_690' title='bbox 1897 4473 2001 4529; x_wconf 81' lang='lat' dir='ltr'><strong>ego</strong></span> <span class='ocrx_word' id='word_1_691' title='bbox 2027 4468 2092 4515; x_wconf 74' lang='lat' dir='ltr'><strong>te«</strong></span> 
     </span>
    </p>
   </div>
   <div class='ocr_carea' id='block_1_90' title="bbox 2192 4459 3797 4537">
    <p class='ocr_par' dir='ltr' id='par_1_90' title="bbox 2207 4461 3797 4536">
     <span class='ocr_line' id='line_1_90' title="bbox 2207 4461 3797 4536; baseline 0.001 -20"><span class='ocrx_word' id='word_1_692' title='bbox 2207 4462 2359 4516; x_wconf 86' lang='grc' dir='ltr'>θεσιν</span> <span class='ocrx_word' id='word_1_693' title='bbox 2399 4461 2509 4516; x_wconf 87' lang='grc' dir='ltr'><strong>τῶν</strong></span> <span class='ocrx_word' id='word_1_694' title='bbox 2559 4462 2666 4526; x_wconf 73' lang='grc' dir='ltr'>ἕως</span> <span class='ocrx_word' id='word_1_695' title='bbox 2718 4461 2948 4517; x_wconf 90' lang='grc' dir='ltr'>θανάτου</span> <span class='ocrx_word' id='word_1_696' title='bbox 2991 4463 3419 4535; x_wconf 80' lang='grc' dir='ltr'>ἀγωνισαμένων</span> <span class='ocrx_word' id='word_1_697' title='bbox 3470 4463 3612 4536; x_wconf 86' lang='grc' dir='ltr'>ὑπὲρ</span> <span class='ocrx_word' id='word_1_698' title='bbox 3658 4465 3797 4534; x_wconf 85' lang='grc' dir='ltr'>ἀλη-</span> 
     </span>
    </p>
   </div>
   <div class='ocr_carea' id='block_1_91' title="bbox 519 4541 2092 4628">
    <p class='ocr_par' dir='ltr' id='par_1_91' title="bbox 519 4553 2092 4624">
     <span class='ocr_line' id='line_1_91' title="bbox 519 4553 2092 4624; baseline -0.006 -9"><span class='ocrx_word' id='word_1_699' title='bbox 519 4561 643 4624; x_wconf 82' lang='lat' dir='ltr'><strong>stis,</strong></span> <span class='ocrx_word' id='word_1_700' title='bbox 691 4556 822 4611; x_wconf 91' lang='lat' dir='ltr'><strong>dicit</strong></span> <span class='ocrx_word' id='word_1_701' title='bbox 849 4553 1110 4608; x_wconf 86' lang='lat' dir='ltr'><strong>Dominus</strong></span> <span class='ocrx_word' id='word_1_702' title='bbox 1139 4553 1300 4620; x_wconf 86' lang='lat' dir='ltr'><strong>Deus,</strong></span> <span class='ocrx_word' id='word_1_703' title='bbox 1342 4561 1398 4607; x_wconf 88' lang='lat' dir='ltr'><strong>et</strong></span> <span class='ocrx_word' id='word_1_704' title='bbox 1428 4565 1617 4607; x_wconf 72' lang='lat' dir='ltr'><strong>servus</strong></span> <span class='ocrx_word' id='word_1_705' title='bbox 1641 4566 1804 4622; x_wconf 90' lang='lat' dir='ltr'><strong>quem</strong></span> <span class='ocrx_word' id='word_1_706' title='bbox 1831 4553 1968 4622; x_wconf 73' lang='lat' dir='ltr'><strong>elegi</strong></span> <span class='ocrx_word' id='word_1_707' title='bbox 1997 4553 2092 4606; x_wconf 83' lang='grc' dir='ltr'>³¹.ι</span> 
     </span>
    </p>
   </div>
   <div class='ocr_carea' id='block_1_92' title="bbox 2192 4541 3798 4628">
    <p class='ocr_par' dir='ltr' id='par_1_92' title="bbox 2209 4553 3798 4628">
     <span class='ocr_line' id='line_1_92' title="bbox 2209 4553 3798 4628; baseline 0.001 -21"><span class='ocrx_word' id='word_1_708' title='bbox 2209 4553 2363 4616; x_wconf 88' lang='grc' dir='ltr'>θείας</span> <span class='ocrx_word' id='word_1_709' title='bbox 2411 4555 2446 4625; x_wconf 84' lang='grc' dir='ltr'><strong>ἢ</strong></span> <span class='ocrx_word' id='word_1_710' title='bbox 2498 4553 2781 4625; x_wconf 85' lang='grc' dir='ltr'>ἀνδρείας,</span> <span class='ocrx_word' id='word_1_711' title='bbox 2834 4555 3040 4627; x_wconf 86' lang='grc' dir='ltr'>κυρίως</span> <span class='ocrx_word' id='word_1_712' title='bbox 3080 4555 3274 4626; x_wconf 83' lang='grc' dir='ltr'>μόνους</span> <span class='ocrx_word' id='word_1_713' title='bbox 3326 4555 3608 4628; x_wconf 88' lang='grc' dir='ltr'>μάρτυρας</span> <span class='ocrx_word' id='word_1_714' title='bbox 3656 4555 3798 4609; x_wconf 85' lang='grc' dir='ltr'>ὠνό-</span> 
     </span>
    </p>
   </div>
   <div class='ocr_carea' id='block_1_93' title="bbox 521 4641 2092 4720">
    <p class='ocr_par' dir='ltr' id='par_1_93' title="bbox 521 4641 2092 4720">
     <span class='ocr_line' id='line_1_93' title="bbox 521 4641 2092 4720; baseline -0.005 -16"><span class='ocrx_word' id='word_1_715' title='bbox 521 4647 785 4720; x_wconf 84' lang='lat' dir='ltr'><strong>Quisquis</strong></span> <span class='ocrx_word' id='word_1_716' title='bbox 807 4651 985 4698; x_wconf 89' lang='lat' dir='ltr'><strong>autem</strong></span> <span class='ocrx_word' id='word_1_717' title='bbox 1023 4641 1352 4697; x_wconf 88' lang='lat' dir='ltr'><strong>testiﬁcatur</strong></span> <span class='ocrx_word' id='word_1_718' title='bbox 1389 4643 1458 4696; x_wconf 92' lang='lat' dir='ltr'><strong>de</strong></span> <span class='ocrx_word' id='word_1_719' title='bbox 1483 4642 1732 4708; x_wconf 76' lang='lat' dir='ltr'><strong>veritate,</strong></span> <span class='ocrx_word' id='word_1_720' title='bbox 1760 4651 1876 4695; x_wconf 88' lang='lat' dir='ltr'><strong>tmn</strong></span> <span class='ocrx_word' id='word_1_721' title='bbox 1917 4641 2092 4698; x_wconf 78' lang='lat' dir='ltr'><strong>verbis</strong></span> 
     </span>
    </p>
   </div>
   <div class='ocr_carea' id='block_1_94' title="bbox 2192 4641 3800 4720">
    <p class='ocr_par' dir='ltr' id='par_1_94' title="bbox 2215 4646 3800 4720">
     <span class='ocr_line' id='line_1_94' title="bbox 2215 4646 3800 4720; baseline 0.002 -21"><span class='ocrx_word' id='word_1_722' title='bbox 2215 4659 2395 4718; x_wconf 87' lang='grc' dir='ltr'>μασαν</span> <span class='ocrx_word' id='word_1_723' title='bbox 2437 4646 2566 4710; x_wconf 78' lang='grc' dir='ltr'>τοὺς</span> <span class='ocrx_word' id='word_1_724' title='bbox 2597 4650 2664 4719; x_wconf 82' lang='grc' dir='ltr'>τῇ</span> <span class='ocrx_word' id='word_1_725' title='bbox 2696 4646 2919 4718; x_wconf 81' lang='grc' dir='ltr'>ἐκχύσει</span> <span class='ocrx_word' id='word_1_726' title='bbox 2951 4646 3045 4701; x_wconf 92' lang='grc' dir='ltr'><strong>τοῦ</strong></span> <span class='ocrx_word' id='word_1_727' title='bbox 3085 4648 3295 4702; x_wconf 82' lang='grc' dir='ltr'>ἑαυτῶν</span> <span class='ocrx_word' id='word_1_728' title='bbox 3323 4649 3554 4718; x_wconf 83' lang='grc' dir='ltr'>αἵματος</span> <span class='ocrx_word' id='word_1_729' title='bbox 3589 4665 3800 4720; x_wconf 88' lang='grc' dir='ltr'>μαρτυ-</span> 
     </span>
    </p>
   </div>
   <div class='ocr_carea' id='block_1_95' title="bbox 525 4733 2092 4812">
    <p class='ocr_par' dir='ltr' id='par_1_95' title="bbox 525 4733 2092 4808">
     <span class='ocr_line' id='line_1_95' title="bbox 525 4733 2092 4808; baseline -0.004 -11"><span class='ocrx_word' id='word_1_730' title='bbox 525 4751 640 4797; x_wconf 88' lang='lat' dir='ltr'><strong>tum</strong></span> <span class='ocrx_word' id='word_1_731' title='bbox 689 4735 971 4808; x_wconf 84' lang='lat' dir='ltr'><strong>operibus,</strong></span> <span class='ocrx_word' id='word_1_732' title='bbox 1009 4734 1507 4804; x_wconf 85' lang='lat' dir='ltr'><strong>quomodocunque</strong></span> <span class='ocrx_word' id='word_1_733' title='bbox 1538 4733 1735 4788; x_wconf 82' lang='lat' dir='ltr'><strong>favens</strong></span> <span class='ocrx_word' id='word_1_734' title='bbox 1765 4733 1864 4800; x_wconf 90' lang='lat' dir='ltr'><strong>illi,</strong></span> <span class='ocrx_word' id='word_1_735' title='bbox 1906 4734 1952 4790; x_wconf 90' lang='lat' dir='ltr'><strong>is</strong></span> <span class='ocrx_word' id='word_1_736' title='bbox 1977 4735 2092 4804; x_wconf 71' lang='lat' dir='ltr'><strong>jure</strong></span> 
     </span>
    </p>
   </div>
   <div class='ocr_carea' id='block_1_96' title="bbox 2192 4733 3802 4812">
    <p class='ocr_par' dir='ltr' id='par_1_96' title="bbox 2213 4737 3802 4812">
     <span class='ocr_line' id='line_1_96' title="bbox 2213 4737 3802 4812; baseline 0.002 -20"><span class='ocrx_word' id='word_1_737' title='bbox 2213 4740 2490 4810; x_wconf 80' lang='grc' dir='ltr'>ρήσαντας</span> <span class='ocrx_word' id='word_1_738' title='bbox 2531 4737 2612 4811; x_wconf 80' lang='grc' dir='ltr'><strong>τῷ</strong></span> <span class='ocrx_word' id='word_1_739' title='bbox 2659 4740 2759 4812; x_wconf 83' lang='grc' dir='ltr'><strong>τῆς</strong></span> <span class='ocrx_word' id='word_1_740' title='bbox 2812 4740 3122 4804; x_wconf 78' lang='grc' dir='ltr'>θεοσεϐείας</span> <span class='ocrx_word' id='word_1_741' title='bbox 3178 4739 3495 4812; x_wconf 75' lang='grc' dir='ltr'>μυστηρίῳ’</span> <span class='ocrx_word' id='word_1_742' title='bbox 3545 4741 3641 4794; x_wconf 91' lang='grc' dir='ltr'><strong>τοῦ</strong></span> <span class='ocrx_word' id='word_1_743' title='bbox 3687 4741 3802 4795; x_wconf 64' lang='lat' dir='ltr'><strong>Do-</strong></span> 
     </span>
    </p>
   </div>
   <div class='ocr_carea' id='block_1_97' title="bbox 524 4826 2092 4907">
    <p class='ocr_par' dir='ltr' id='par_1_97' title="bbox 524 4826 2092 4898">
     <span class='ocr_line' id='line_1_97' title="bbox 524 4826 2092 4898; baseline -0.004 -9"><span class='ocrx_word' id='word_1_744' title='bbox 524 4833 683 4891; x_wconf 86' lang='lat' dir='ltr'><strong>testis</strong></span> <span class='ocrx_word' id='word_1_745' title='bbox 720 4831 984 4888; x_wconf 79' lang='lat' dir='ltr'><strong>dicendus</strong></span> <span class='ocrx_word' id='word_1_746' title='bbox 1028 4838 1144 4893; x_wconf 84' lang='lat' dir='ltr'><strong>est;</strong></span> <span class='ocrx_word' id='word_1_747' title='bbox 1182 4829 1278 4884; x_wconf 87' lang='lat' dir='ltr'><strong>sed</strong></span> <span class='ocrx_word' id='word_1_748' title='bbox 1313 4829 1427 4898; x_wconf 83' lang='lat' dir='ltr'><strong>jam</strong></span> <span class='ocrx_word' id='word_1_749' title='bbox 1466 4827 1687 4896; x_wconf 88' lang='lat' dir='ltr'><strong>proprie</strong></span> <span class='ocrx_word' id='word_1_750' title='bbox 1726 4827 1866 4896; x_wconf 89' lang='lat' dir='ltr'><strong>apud</strong></span> <span class='ocrx_word' id='word_1_751' title='bbox 1905 4826 2092 4882; x_wconf 70' lang='lat' dir='ltr'><strong>fratres</strong></span> 
     </span>
    </p>
   </div>
   <div class='ocr_carea' id='block_1_98' title="bbox 2192 4826 3800 4907">
    <p class='ocr_par' dir='ltr' id='par_1_98' title="bbox 2210 4833 3800 4907">
     <span class='ocr_line' id='line_1_98' title="bbox 2210 4833 3800 4907; baseline 0.004 -22"><span class='ocrx_word' id='word_1_752' title='bbox 2210 4833 2374 4904; x_wconf 82' lang='grc' dir='ltr'>τῆρος</span> <span class='ocrx_word' id='word_1_753' title='bbox 2417 4833 2594 4906; x_wconf 81' lang='grc' dir='ltr'>πάντᾳ</span> <span class='ocrx_word' id='word_1_754' title='bbox 2625 4834 2716 4888; x_wconf 83' lang='grc' dir='ltr'><strong>τὸν</strong></span> <span class='ocrx_word' id='word_1_755' title='bbox 2753 4833 3133 4907; x_wconf 87' lang='grc' dir='ltr'>μαρτυροῦντα</span> <span class='ocrx_word' id='word_1_756' title='bbox 3162 4837 3276 4898; x_wconf 81' lang='grc' dir='ltr'>τοῖς</span> <span class='ocrx_word' id='word_1_757' title='bbox 3300 4835 3430 4906; x_wconf 71' lang='grc' dir='ltr'>περὶ</span> <span class='ocrx_word' id='word_1_758' title='bbox 3465 4834 3630 4890; x_wconf 84' lang='grc' dir='ltr'>αὑτοῦ</span> <span class='ocrx_word' id='word_1_759' title='bbox 3663 4853 3800 4890; x_wconf 80' lang='grc' dir='ltr'>κατ-</span> 
     </span>
    </p>
   </div>
   <div class='ocr_carea' id='block_1_99' title="bbox 521 4921 2092 5002">
    <p class='ocr_par' dir='ltr' id='par_1_99' title="bbox 521 4921 2092 4994">
     <span class='ocr_line' id='line_1_99' title="bbox 521 4921 2092 4994; baseline -0.006 -11"><span class='ocrx_word' id='word_1_760' title='bbox 521 4941 711 4984; x_wconf 89' lang='lat' dir='ltr'><strong>eorum</strong></span> <span class='ocrx_word' id='word_1_761' title='bbox 735 4924 933 4980; x_wconf 80' lang='lat' dir='ltr'><strong>aﬂ‘ectu</strong></span> <span class='ocrx_word' id='word_1_762' title='bbox 959 4922 1265 4994; x_wconf 88' lang='lat' dir='ltr'><strong>perculsos,</strong></span> <span class='ocrx_word' id='word_1_763' title='bbox 1305 4921 1397 4990; x_wconf 93' lang='lat' dir='ltr'><strong>qui</strong></span> <span class='ocrx_word' id='word_1_764' title='bbox 1424 4921 1491 4974; x_wconf 89' lang='lat' dir='ltr'><strong>ad</strong></span> <span class='ocrx_word' id='word_1_765' title='bbox 1525 4929 1758 4974; x_wconf 90' lang='lat' dir='ltr'><strong>mortem</strong></span> <span class='ocrx_word' id='word_1_766' title='bbox 1789 4935 1964 4990; x_wconf 83' lang='lat' dir='ltr'><strong>usque</strong></span> <span class='ocrx_word' id='word_1_767' title='bbox 2003 4935 2092 4988; x_wconf 79' lang='lat' dir='ltr'><strong>pro</strong></span> 
     </span>
    </p>
   </div>
   <div class='ocr_carea' id='block_1_100' title="bbox 2192 4921 3800 5002">
    <p class='ocr_par' dir='ltr' id='par_1_100' title="bbox 2207 4925 3800 5002">
     <span class='ocr_line' id='line_1_100' title="bbox 2207 4925 3800 5002; baseline 0.006 -24"><span class='ocrx_word' id='word_1_768' title='bbox 2207 4925 2662 4997; x_wconf 80' lang='grc' dir='ltr'>αγγελλομένοις,</span> <span class='ocrx_word' id='word_1_769' title='bbox 2711 4931 2995 5000; x_wconf 77' lang='grc' dir='ltr'>μάρτυρας</span> <span class='ocrx_word' id='word_1_770' title='bbox 3049 4927 3406 5000; x_wconf 75' lang='grc' dir='ltr'>ὀνομάζοντος</span> <span class='ocrx_word' id='word_1_771' title='bbox 3431 4945 3444 4960; x_wconf 82' lang='grc'><em>’</em></span> <span class='ocrx_word' id='word_1_772' title='bbox 3496 4931 3630 5001; x_wconf 81' lang='grc' dir='ltr'>φησὶ</span> <span class='ocrx_word' id='word_1_773' title='bbox 3665 4931 3800 5002; x_wconf 86' lang='grc' dir='ltr'>γοῦν</span> 
     </span>
    </p>
   </div>
   <div class='ocr_carea' id='block_1_101' title="bbox 520 5013 2092 5096">
    <p class='ocr_par' dir='ltr' id='par_1_101' title="bbox 520 5013 2092 5078">
     <span class='ocr_line' id='line_1_101' title="bbox 520 5013 2092 5078; baseline -0.005 -5"><span class='ocrx_word' id='word_1_774' title='bbox 520 5021 761 5076; x_wconf 71' lang='lat' dir='ltr'><strong>veritate</strong></span> <span class='ocrx_word' id='word_1_775' title='bbox 789 5027 844 5073; x_wconf 90' lang='lat' dir='ltr'><strong>et</strong></span> <span class='ocrx_word' id='word_1_776' title='bbox 870 5015 1188 5072; x_wconf 82' lang='lat' dir='ltr'><strong>fortitudine</strong></span> <span class='ocrx_word' id='word_1_777' title='bbox 1211 5015 1560 5070; x_wconf 84' lang='lat' dir='ltr'><strong>decertaruut</strong></span> <span class='ocrx_word' id='word_1_778' title='bbox 1580 5052 1596 5078; x_wconf 91' lang='lat'><strong>,</strong></span> <span class='ocrx_word' id='word_1_779' title='bbox 1645 5013 1984 5068; x_wconf 79' lang='lat' dir='ltr'><strong>consuetudo</strong></span> <span class='ocrx_word' id='word_1_780' title='bbox 2021 5014 2092 5066; x_wconf 85' lang='lat' dir='ltr'><strong>in-</strong></span> 
     </span>
    </p>
   </div>
   <div class='ocr_carea' id='block_1_102' title="bbox 2192 5013 3800 5096">
    <p class='ocr_par' dir='ltr' id='par_1_102' title="bbox 2209 5017 3800 5096">
     <span class='ocr_line' id='line_1_102' title="bbox 2209 5017 3800 5096; baseline 0.006 -26"><span class='ocrx_word' id='word_1_781' title='bbox 2209 5017 2728 5090; x_wconf 76' lang='grc' dir='ltr'>ἀναλαμὸανόμενος</span> <span class='ocrx_word' id='word_1_782' title='bbox 2779 5023 2892 5084; x_wconf 89' lang='grc' dir='ltr'>τοῖς</span> <span class='ocrx_word' id='word_1_783' title='bbox 2955 5020 3275 5085; x_wconf 82' lang='grc' dir='ltr'>ἀποστόλοις</span> <span class='ocrx_word' id='word_1_784' title='bbox 3301 5038 3313 5050; x_wconf 77' lang='grc' dir='ltr'><strong>ο</strong></span> <span class='ocrx_word' id='word_1_785' title='bbox 3367 5041 3386 5073; x_wconf 82' lang='grc' dir='ltr'><strong>ι</strong></span> <span class='ocrx_word' id='word_1_786' title='bbox 3417 5022 3647 5077; x_wconf 83' lang='grc' dir='ltr'>Ἔσεσθέ</span> <span class='ocrx_word' id='word_1_787' title='bbox 3695 5042 3800 5096; x_wconf 86' lang='grc' dir='ltr'><strong>μου</strong></span> 
     </span>
    </p>
   </div>
   <div class='ocr_carea' id='block_1_103' title="bbox 522 5103 2092 5194">
    <p class='ocr_par' dir='ltr' id='par_1_103' title="bbox 522 5103 2092 5178">
     <span class='ocr_line' id='line_1_103' title="bbox 522 5103 2092 5178; baseline -0.009 -6"><span class='ocrx_word' id='word_1_788' title='bbox 522 5115 694 5172; x_wconf 77' lang='lat' dir='ltr'><strong>valuit</strong></span> <span class='ocrx_word' id='word_1_789' title='bbox 718 5122 781 5170; x_wconf 90' lang='lat' dir='ltr'><strong>ut</strong></span> <span class='ocrx_word' id='word_1_790' title='bbox 803 5111 949 5168; x_wconf 87' lang='lat' dir='ltr'><strong>solos</strong></span> <span class='ocrx_word' id='word_1_791' title='bbox 973 5126 1068 5166; x_wconf 88' lang='lat' dir='ltr'><strong>eos</strong></span> <span class='ocrx_word' id='word_1_792' title='bbox 1091 5117 1365 5178; x_wconf 84' lang='lat' dir='ltr'><strong>martyres</strong></span> <span class='ocrx_word' id='word_1_793' title='bbox 1397 5105 1751 5174; x_wconf 86' lang='lat' dir='ltr'><strong>appellarent,</strong></span> <span class='ocrx_word' id='word_1_794' title='bbox 1775 5103 1864 5173; x_wconf 90' lang='lat' dir='ltr'><strong>qui</strong></span> <span class='ocrx_word' id='word_1_795' title='bbox 1888 5105 2092 5175; x_wconf 39' lang='lat' dir='ltr'><strong>sangui‘</strong></span> 
     </span>
    </p>
   </div>
   <div class='ocr_carea' id='block_1_104' title="bbox 2192 5103 3801 5194">
    <p class='ocr_par' dir='ltr' id='par_1_104' title="bbox 2213 5113 3801 5194">
     <span class='ocr_line' id='line_1_104' title="bbox 2213 5113 3801 5194; baseline 0.007 -28"><span class='ocrx_word' id='word_1_796' title='bbox 2213 5113 2494 5187; x_wconf 86' lang='grc' dir='ltr'>μάρτυρες</span> <span class='ocrx_word' id='word_1_797' title='bbox 2535 5115 2592 5169; x_wconf 82' lang='grc' dir='ltr'>εν</span> <span class='ocrx_word' id='word_1_798' title='bbox 2621 5133 2682 5171; x_wconf 91' lang='grc' dir='ltr'><strong>τε</strong></span> <span class='ocrx_word' id='word_1_799' title='bbox 2717 5117 3103 5190; x_wconf 83' lang='grc' dir='ltr'>Ἰερουσαλὴμ,</span> <span class='ocrx_word' id='word_1_800' title='bbox 3136 5119 3231 5173; x_wconf 77' lang='grc' dir='ltr'>καὶ</span> <span class='ocrx_word' id='word_1_801' title='bbox 3275 5122 3333 5174; x_wconf 87' lang='grc' dir='ltr'><strong>ἐν</strong></span> <span class='ocrx_word' id='word_1_802' title='bbox 3371 5121 3522 5194; x_wconf 81' lang='grc' dir='ltr'>πάσῃ</span> <span class='ocrx_word' id='word_1_803' title='bbox 3562 5125 3631 5194; x_wconf 75' lang='grc' dir='ltr'>τῇ</span> <span class='ocrx_word' id='word_1_804' title='bbox 3672 5123 3801 5177; x_wconf 85' lang='grc' dir='ltr'>Ἰου-</span> 
     </span>
    </p>
   </div>
   <div class='ocr_carea' id='block_1_105' title="bbox 593 5201 2185 5273">
    <p class='ocr_par' dir='ltr' id='par_1_105' title="bbox 593 5201 2185 5273">
     <span class='ocr_line' id='line_1_105' title="bbox 593 5201 2185 5273; baseline -0.003 -7"><span class='ocrx_word' id='word_1_805' title='bbox 593 5211 642 5246; x_wconf 78' lang='grc'><strong>²¹</strong></span> <span class='ocrx_word' id='word_1_806' title='bbox 667 5211 686 5266; x_wconf 88' lang='grc'><strong>1</strong></span> <span class='ocrx_word' id='word_1_807' title='bbox 710 5209 866 5266; x_wconf 83' lang='lat' dir='ltr'><strong>Joan.</strong></span> <span class='ocrx_word' id='word_1_808' title='bbox 901 5226 964 5273; x_wconf 83' lang='lat' dir='ltr'><strong>ll,</strong></span> <span class='ocrx_word' id='word_1_809' title='bbox 993 5206 1088 5262; x_wconf 71' lang='lat'><strong>2&#39;5.</strong></span> <span class='ocrx_word' id='word_1_810' title='bbox 1150 5205 1195 5236; x_wconf 83' lang='grc'><strong>³⁰</strong></span> <span class='ocrx_word' id='word_1_811' title='bbox 1217 5202 1374 5260; x_wconf 80' lang='lat' dir='ltr'><strong>Jonn.</strong></span> <span class='ocrx_word' id='word_1_812' title='bbox 1400 5219 1521 5268; x_wconf 81' lang='lat' dir='ltr'><strong>vru,</strong></span> <span class='ocrx_word' id='word_1_813' title='bbox 1543 5201 1634 5258; x_wconf 76' lang='grc'><strong>56.</strong></span> <span class='ocrx_word' id='word_1_814' title='bbox 1699 5201 1742 5233; x_wconf 73' lang='grc'><strong>³⁸</strong></span> <span class='ocrx_word' id='word_1_815' title='bbox 1773 5202 1880 5257; x_wconf 85' lang='lat' dir='ltr'><strong>lsa.</strong></span> <span class='ocrx_word' id='word_1_816' title='bbox 1911 5217 2067 5270; x_wconf 77' lang='lat' dir='ltr'><strong>xu”,</strong></span> <span class='ocrx_word' id='word_1_817' title='bbox 2097 5204 2185 5261; x_wconf 76' lang='grc'>10.</span> 
     </span>
    </p>
   </div>
   <div class='ocr_carea' id='block_1_106' title="bbox 541 5319 2092 5414">
    <p class='ocr_par' dir='ltr' id='par_1_106' title="bbox 541 5319 2092 5414">
     <span class='ocr_line' id='line_1_106' title="bbox 541 5319 2092 5414; baseline -0.008 -25"><span class='ocrx_word' id='word_1_818' title='bbox 541 5393 548 5400; x_wconf 28' lang='grc' dir='ltr'><strong>λ</strong></span> <span class='ocrx_word' id='word_1_819' title='bbox 595 5329 710 5414; x_wconf 66' lang='grc' dir='ltr'>(ἓθ)</span> <span class='ocrx_word' id='word_1_820' title='bbox 739 5328 858 5414; x_wconf 42' lang='grc' dir='ltr'><strong>’Κᾳὶ</strong></span> <span class='ocrx_word' id='word_1_821' title='bbox 904 5327 1061 5414; x_wconf 49' lang='grc' dir='ltr'>ἀλλο</span> <span class='ocrx_word' id='word_1_822' title='bbox 1106 5321 1308 5388; x_wconf 77' lang='grc' dir='ltr'>οὐδὲν,</span> <span class='ocrx_word' id='word_1_823' title='bbox 1359 5321 1551 5387; x_wconf 73' lang='grc' dir='ltr'>ἀλλά,</span> <span class='ocrx_word' id='word_1_824' title='bbox 1580 5333 1688 5378; x_wconf 87' lang='lat' dir='ltr'><strong>etc.</strong></span> <span class='ocrx_word' id='word_1_825' title='bbox 1733 5319 1871 5377; x_wconf 85' lang='lat' dir='ltr'><strong>Cod.</strong></span> <span class='ocrx_word' id='word_1_826' title='bbox 1909 5321 2092 5391; x_wconf 73' lang='lat' dir='ltr'><strong>Regius</strong></span> 
     </span>
    </p>
   </div>
   <div class='ocr_carea' id='block_1_107' title="bbox 2192 5319 3853 5414">
    <p class='ocr_par' dir='ltr' id='par_1_107' title="bbox 2219 5326 3853 5414">
     <span class='ocr_line' id='line_1_107' title="bbox 2219 5326 3853 5414; baseline 0.009 -35"><span class='ocrx_word' id='word_1_827' title='bbox 2219 5335 2337 5414; x_wconf 41' lang='lat' dir='ltr'><strong>tem-</strong></span> <span class='ocrx_word' id='word_1_828' title='bbox 2387 5343 2452 5382; x_wconf 90' lang='lat' dir='ltr'><strong>ac</strong></span> <span class='ocrx_word' id='word_1_829' title='bbox 2513 5326 2894 5414; x_wconf 50' lang='lat' dir='ltr'><strong>voluntariam.</strong></span> <span class='ocrx_word' id='word_1_830' title='bbox 2937 5330 3254 5414; x_wconf 46' lang='lat' dir='ltr'><strong>martyrium</strong></span> <span class='ocrx_word' id='word_1_831' title='bbox 3303 5331 3690 5400; x_wconf 84' lang='lat' dir='ltr'><strong>appellabant;</strong></span> <span class='ocrx_word' id='word_1_832' title='bbox 3737 5327 3853 5394; x_wconf 70' lang='lat' dir='ltr'><strong>et“</strong></span> 
     </span>
    </p>
   </div>
   <div class='ocr_carea' id='block_1_108' title="bbox 525 5397 3771 5484">
    <p class='ocr_par' dir='ltr' id='par_1_108' title="bbox 525 5397 3771 5484">
     <span class='ocr_line' id='line_1_108' title="bbox 525 5397 3771 5484; baseline -0.011 2"><span class='ocrx_word' id='word_1_833' title='bbox 525 5397 829 5484; x_wconf 50' lang='grc' dir='ltr'><strong>ἡθέὶείδιῖίῖξ</strong></span> <span class='ocrx_word' id='word_1_834' title='bbox 865 5397 1038 5484; x_wconf 51' lang='grc' dir='ltr'><strong>οὐξέν’</strong></span> <span class='ocrx_word' id='word_1_835' title='bbox 1140 5466 1245 5484; x_wconf 45' lang='grc' dir='ltr'><strong>,μμ</strong></span> <span class='ocrx_word' id='word_1_836' title='bbox 1288 5463 1441 5484; x_wconf 67' lang='lat' dir='ltr'><strong>m___</strong></span> <span class='ocrx_word' id='word_1_837' title='bbox 2219 5407 2510 5484; x_wconf 53' lang='lat' dir='ltr'><strong>postquam</strong></span> <span class='ocrx_word' id='word_1_838' title='bbox 2542 5398 2795 5484; x_wconf 43' lang='lat' dir='ltr'><strong>saginati.-</strong></span> <span class='ocrx_word' id='word_1_839' title='bbox 2812 5399 2895 5452; x_wconf 77' lang='lat' dir='ltr'><strong>vel</strong></span> <span class='ocrx_word' id='word_1_840' title='bbox 2929 5400 3033 5453; x_wconf 88' lang='lat' dir='ltr'><strong>sibi</strong></span> <span class='ocrx_word' id='word_1_841' title='bbox 3078 5397 3224 5484; x_wconf 76' lang='lat' dir='ltr'><strong>latus</strong></span> <span class='ocrx_word' id='word_1_842' title='bbox 3271 5397 3403 5456; x_wconf 82' lang='lat' dir='ltr'><strong>ense</strong></span> <span class='ocrx_word' id='word_1_843' title='bbox 3434 5397 3771 5484; x_wconf 63' lang='lat' dir='ltr'><strong>perc-gem&quot;</strong></span> 
     </span>
    </p>
   </div>
   <div class='ocr_carea' id='block_1_109' title="bbox 602 5447 3795 5554">
    <p class='ocr_par' dir='ltr' id='par_1_109' title="bbox 602 5447 3795 5554">
     <span class='ocr_line' id='line_1_109' title="bbox 602 5447 3795 5554; baseline 0.003 -34"><span class='ocrx_word' id='word_1_844' title='bbox 757 5472 902 5554; x_wconf 54' lang='lat' dir='ltr'><strong>&quot;En.</strong></span> <span class='ocrx_word' id='word_1_845' title='bbox 940 5466 1250 5554; x_wconf 73' lang='lat' dir='ltr'><strong>Legendum</strong></span> <span class='ocrx_word' id='word_1_846' title='bbox 1288 5463 1466 5554; x_wconf 57' lang='lat' dir='ltr'><strong>:Es&#39;rt.</strong></span> <span class='ocrx_word' id='word_1_847' title='bbox 1803 5541 1815 5554; x_wconf 41' lang='grc' dir='ltr'>ι</span> <span class='ocrx_word' id='word_1_848' title='bbox 1855 5527 1882 5554; x_wconf 65' lang='lat'>__</span> <span class='ocrx_word' id='word_1_849' title='bbox 2217 5447 2301 5520; x_wconf 56' lang='lat' dir='ltr'><strong>i&#39;el</strong></span> <span class='ocrx_word' id='word_1_850' title='bbox 2338 5447 2533 5549; x_wconf 60' lang='lat' dir='ltr'><strong>laqueo</strong></span> <span class='ocrx_word' id='word_1_851' title='bbox 2561 5447 2737 5535; x_wconf 65' lang='grc' dir='ltr'>ειῗιοιιι</span> <span class='ocrx_word' id='word_1_852' title='bbox 2770 5447 3795 5538; x_wconf 42' lang='lat' dir='ltr'><strong>ingeniam,&#39;iéise&#39;é&#39;ﬂui&#39;éagmini}:</strong></span> 
     </span>
    </p>
   </div>
   <div class='ocr_carea' id='block_1_110' title="bbox 597 5538 3790 5628">
    <p class='ocr_par' dir='ltr' id='par_1_110' title="bbox 597 5538 3790 5628">
     <span class='ocr_line' id='line_1_110' title="bbox 597 5538 3790 5628; baseline 0.001 -31"><span class='ocrx_word' id='word_1_853' title='bbox 597 5538 754 5628; x_wconf 45' lang='lat'><strong>£21“).</strong></span> <span class='ocrx_word' id='word_1_854' title='bbox 790 5540 1104 5628; x_wconf 36' lang='lat' dir='ltr'><strong>Fortchl-eq.</strong></span> <span class='ocrx_word' id='word_1_855' title='bbox 1157 5538 1342 5599; x_wconf 84' lang='grc' dir='ltr'>αὐτοῦ,</span> <span class='ocrx_word' id='word_1_856' title='bbox 1391 5545 1448 5589; x_wconf 84' lang='lat' dir='ltr'><strong>et</strong></span> <span class='ocrx_word' id='word_1_857' title='bbox 1504 5548 1646 5598; x_wconf 80' lang='lat' dir='ltr'><strong>mox,</strong></span> <span class='ocrx_word' id='word_1_858' title='bbox 1699 5541 1821 5603; x_wconf 88' lang='lat' dir='ltr'><strong>post</strong></span> <span class='ocrx_word' id='word_1_859' title='bbox 1867 5543 2107 5605; x_wconf 77' lang='grc' dir='ltr'>’μαρτυ-</span> <span class='ocrx_word' id='word_1_860' title='bbox 2218 5538 2720 5628; x_wconf 60' lang='lat' dir='ltr'><strong>praecipitaverant,</strong></span> <span class='ocrx_word' id='word_1_861' title='bbox 2754 5547 2866 5628; x_wconf 66' lang='lat' dir='ltr'><strong>tum</strong></span> <span class='ocrx_word' id='word_1_862' title='bbox 2903 5555 3034 5628; x_wconf 53' lang='lat' dir='ltr'><strong>fero</strong></span> <span class='ocrx_word' id='word_1_863' title='bbox 3083 5543 3194 5628; x_wconf 69' lang='lat' dir='ltr'><strong>sibi</strong></span> <span class='ocrx_word' id='word_1_864' title='bbox 3228 5558 3491 5598; x_wconf 85' lang='lat' dir='ltr'><strong>coronam</strong></span> <span class='ocrx_word' id='word_1_865' title='bbox 3541 5548 3790 5616; x_wconf 86' lang='lat' dir='ltr'><strong>martyrii</strong></span> 
     </span>
    </p>
   </div>
   <div class='ocr_carea' id='block_1_111' title="bbox 521 5608 2092 5689">
    <p class='ocr_par' dir='ltr' id='par_1_111' title="bbox 521 5608 1993 5689">
     <span class='ocr_line' id='line_1_111' title="bbox 521 5608 1993 5689; baseline 0.002 -3"><span class='ocrx_word' id='word_1_866' title='bbox 521 5608 1119 5689; x_wconf 46' lang='lat' dir='ltr'><strong>pﬁtzﬁioﬁs-ENF-</strong></span> <span class='ocrx_word' id='word_1_867' title='bbox 1363 5675 1386 5684; x_wconf 88' lang='lat'><strong>-</strong></span> <span class='ocrx_word' id='word_1_868' title='bbox 1652 5673 1691 5689; x_wconf 95' lang='lat'><strong>..</strong></span> <span class='ocrx_word' id='word_1_869' title='bbox 1980 5677 1993 5689; x_wconf 93' lang='lat'><strong>.</strong></span> 
     </span>
    </p>
   </div>
   <div class='ocr_carea' id='block_1_112' title="bbox 2192 5608 3793 5689">
    <p class='ocr_par' dir='ltr' id='par_1_112' title="bbox 2219 5608 3793 5689">
     <span class='ocr_line' id='line_1_112' title="bbox 2219 5608 3793 5689; baseline 0.005 -29"><span class='ocrx_word' id='word_1_870' title='bbox 2219 5608 2529 5689; x_wconf 78' lang='lat' dir='ltr'><strong>impositum</strong></span> <span class='ocrx_word' id='word_1_871' title='bbox 2571 5608 2657 5689; x_wconf 81' lang='lat' dir='ltr'><strong>ir_i_</strong></span> <span class='ocrx_word' id='word_1_872' title='bbox 2694 5608 3122 5689; x_wconf 67' lang='lat' dir='ltr'><strong>arbitrabantur.</strong></span> <span class='ocrx_word' id='word_1_873' title='bbox 3165 5613 3374 5689; x_wconf 68' lang='lat' dir='ltr'><strong>Auctor</strong></span> <span class='ocrx_word' id='word_1_874' title='bbox 3417 5626 3500 5669; x_wconf 88' lang='lat' dir='ltr'><strong>est</strong></span> <span class='ocrx_word' id='word_1_875' title='bbox 3543 5608 3793 5672; x_wconf 56' lang='lat' dir='ltr'><strong>Theu&#39;do-</strong></span> 
     </span>
    </p>
   </div>
   <div class='ocr_carea' id='block_1_113' title="bbox 603 5673 2092 5753">
    <p class='ocr_par' dir='ltr' id='par_1_113' title="bbox 603 5673 2092 5753">
     <span class='ocr_line' id='line_1_113' title="bbox 603 5673 2092 5753; baseline -0.003 -17"><span class='ocrx_word' id='word_1_876' title='bbox 603 5682 714 5753; x_wconf 63' lang='grc' dir='ltr'>(ει)</span> <span class='ocrx_word' id='word_1_877' title='bbox 747 5680 878 5753; x_wconf 79' lang='grc' dir='ltr'>Πᾶς</span> <span class='ocrx_word' id='word_1_878' title='bbox 925 5680 993 5732; x_wconf 73' lang='grc' dir='ltr'>δὲ</span> <span class='ocrx_word' id='word_1_879' title='bbox 1041 5683 1072 5733; x_wconf 83' lang='grc' dir='ltr'><em>ὸ</em></span> <span class='ocrx_word' id='word_1_880' title='bbox 1115 5675 1457 5753; x_wconf 59' lang='grc' dir='ltr'>μορε-ιερῶν,</span> <span class='ocrx_word' id='word_1_881' title='bbox 1495 5684 1601 5728; x_wconf 77' lang='lat' dir='ltr'><strong>etc.</strong></span> <span class='ocrx_word' id='word_1_882' title='bbox 1652 5673 1763 5753; x_wconf 73' lang='lat' dir='ltr'><strong>l_l_.ic</strong></span> <span class='ocrx_word' id='word_1_883' title='bbox 1810 5677 2092 5753; x_wconf 66' lang='lat' dir='ltr'><strong>notatione</strong></span> 
     </span>
    </p>
   </div>
   <div class='ocr_carea' id='block_1_114' title="bbox 2192 5673 3541 5753">
    <p class='ocr_par' dir='ltr' id='par_1_114' title="bbox 2214 5673 3541 5753">
     <span class='ocr_line' id='line_1_114' title="bbox 2214 5673 3541 5753; baseline 0.008 -22"><span class='ocrx_word' id='word_1_884' title='bbox 2214 5673 2370 5753; x_wconf 57' lang='lat' dir='ltr'><strong>retiis</strong></span> <span class='ocrx_word' id='word_1_885' title='bbox 2399 5678 2492 5753; x_wconf 81' lang='lat' dir='ltr'><strong>lih.</strong></span> <span class='ocrx_word' id='word_1_886' title='bbox 2521 5677 2811 5753; x_wconf 37' lang='lat' dir='ltr'><strong>tellajret.</strong></span> <span class='ocrx_word' id='word_1_887' title='bbox 2844 5677 3000 5753; x_wconf 63' lang='lat' dir='ltr'><strong>l&quot;a_b..</strong></span> <span class='ocrx_word' id='word_1_888' title='bbox 3041 5696 3161 5750; x_wconf 91' lang='lat' dir='ltr'><strong>cap.</strong></span> <span class='ocrx_word' id='word_1_889' title='bbox 3183 5684 3236 5736; x_wconf 80' lang='lat' dir='ltr'><strong>ti.</strong></span> <span class='ocrx_word' id='word_1_890' title='bbox 3275 5684 3541 5741; x_wconf 74' lang='lat' dir='ltr'><strong>lluenus.</strong></span> 
     </span>
    </p>
   </div>
   <div class='ocr_carea' id='block_1_115' title="bbox 530 5746 3787 5828">
    <p class='ocr_par' dir='ltr' id='par_1_115' title="bbox 530 5746 3787 5828">
     <span class='ocr_line' id='line_1_115' title="bbox 530 5746 3787 5828; baseline -0.003 -21"><span class='ocrx_word' id='word_1_891' title='bbox 530 5746 864 5808; x_wconf 68' lang='lat' dir='ltr'><strong>vocabulum</strong></span> <span class='ocrx_word' id='word_1_892' title='bbox 887 5762 1088 5819; x_wconf 82' lang='lat' dir='ltr'><strong>martyr</strong></span> <span class='ocrx_word' id='word_1_893' title='bbox 1118 5746 1518 5828; x_wconf 50' lang='lat' dir='ltr'><strong>ah&#39;l‘ertulhano</strong></span> <span class='ocrx_word' id='word_1_894' title='bbox 1565 5755 1619 5798; x_wconf 84' lang='lat' dir='ltr'><strong>et</strong></span> <span class='ocrx_word' id='word_1_895' title='bbox 1659 5746 1932 5828; x_wconf 53' lang='lat' dir='ltr'><strong>Cxpriano</strong></span> <span class='ocrx_word' id='word_1_896' title='bbox 1991 5747 2102 5802; x_wconf 76' lang='lat' dir='ltr'><strong>fre-</strong></span> <span class='ocrx_word' id='word_1_897' title='bbox 2216 5815 2252 5828; x_wconf 59' lang='grc' dir='ltr'><strong>Λ</strong></span> <span class='ocrx_word' id='word_1_898' title='bbox 2281 5747 2398 5828; x_wconf 36' lang='grc' dir='ltr'><strong>(ιὲὃ)</strong></span> <span class='ocrx_word' id='word_1_899' title='bbox 2442 5747 2748 5828; x_wconf 37' lang='grc' dir='ltr'>,Ἀνίλχῆίῖη</span> <span class='ocrx_word' id='word_1_900' title='bbox 2799 5750 3036 5828; x_wconf 61' lang='lat' dir='ltr'><strong>xmin</strong></span> <span class='ocrx_word' id='word_1_901' title='bbox 3077 5746 3183 5809; x_wconf 68' lang='grc' dir='ltr'>θὶς,</span> <span class='ocrx_word' id='word_1_902' title='bbox 3229 5753 3372 5810; x_wconf 68' lang='lat' dir='ltr'><strong>Idem</strong></span> <span class='ocrx_word' id='word_1_903' title='bbox 3428 5757 3592 5813; x_wconf 63' lang='lat' dir='ltr'><strong>habe;</strong></span> <span class='ocrx_word' id='word_1_904' title='bbox 3645 5757 3787 5813; x_wconf 72' lang='grc' dir='ltr'><strong>ίηίη</strong></span> 
     </span>
    </p>
   </div>
   <div class='ocr_carea' id='block_1_116' title="bbox 533 5815 3061 5896">
    <p class='ocr_par' dir='ltr' id='par_1_116' title="bbox 533 5815 3061 5896">
     <span class='ocr_line' id='line_1_116' title="bbox 533 5815 3061 5896; baseline 0 -20"><span class='ocrx_word' id='word_1_905' title='bbox 533 5831 763 5896; x_wconf 87' lang='lat' dir='ltr'><strong>quenter</strong></span> <span class='ocrx_word' id='word_1_906' title='bbox 795 5815 1108 5889; x_wconf 74' lang='lat' dir='ltr'><strong>usurpatur.</strong></span> <span class='ocrx_word' id='word_1_907' title='bbox 1135 5818 1434 5874; x_wconf 69' lang='lat' dir='ltr'><strong>Donatistae</strong></span> <span class='ocrx_word' id='word_1_908' title='bbox 1470 5829 1601 5872; x_wconf 76' lang='lat' dir='ltr'><strong>vero</strong></span> <span class='ocrx_word' id='word_1_909' title='bbox 1633 5815 1921 5874; x_wconf 83' lang='lat' dir='ltr'><strong>violentam</strong></span> <span class='ocrx_word' id='word_1_910' title='bbox 1961 5833 2105 5874; x_wconf 84' lang='lat' dir='ltr'><strong>mor-</strong></span> <span class='ocrx_word' id='word_1_911' title='bbox 2211 5815 2477 5888; x_wconf 78' lang='lat' dir='ltr'><strong>Origenes</strong></span> <span class='ocrx_word' id='word_1_912' title='bbox 2510 5821 2565 5874; x_wconf 79' lang='lat' dir='ltr'><strong>in</strong></span> <span class='ocrx_word' id='word_1_913' title='bbox 2596 5815 2793 5875; x_wconf 58' lang='lat' dir='ltr'><strong>lo&#39;au&#39;n.</strong></span> <span class='ocrx_word' id='word_1_914' title='bbox 2824 5815 2941 5887; x_wconf 74' lang='lat' dir='ltr'><strong>xm,</strong></span> <span class='ocrx_word' id='word_1_915' title='bbox 2969 5821 3061 5878; x_wconf 77' lang='lat' dir='ltr'><strong>2t.</strong></span> 
     </span>
    </p>
   </div>
  </div>
