4194 6426
452 417 558 472 177

1556 414 1917 473 COMMENT.
1956 414 2023 470 IN
2057 413 2251 469 JOAN.
2290 414 2529 471 TOMUS
2562 414 2628 470 ll.

3633 414 3737 471 178

442 538 606 604 δαίᾳ,
652 537 748 590 καὶ
802 536 1087 610 Σαμαρείᾳ
1138 540 1230 593 καὶ
1262 538 1367 603 ἕως
1417 541 1646 611 ἐσχάτου
1708 542 1807 613 τῆς
1859 542 2029 612 γῆς.»

2142 542 2227 596 nis
2279 542 2361 597 sui
2424 540 2690 599 effusione
2756 538 2979 608 pietatis
3033 537 3297 608 mysterio
3358 530 3732 594 testimonium

338 629 361 694 Β.
452 633 609 683 Ἐστι
655 629 713 682 δὲ
751 629 945 703 ὥσπερ
992 634 1020 684 6
1054 631 1349 703 καθαρθεὶς
1410 633 1610 704 λεπρὸς
1640 635 1703 687 τὸ
1746 652 2044 706 προστετα-

344 712 351 723 τ
445 725 649 795 γμένον
666 725 773 778 ὑπὸ
800 726 1080 790 Μωῦσέως
1101 727 1392 799 προσάγων
1416 727 1610 799 δῶρον,
1635 731 1714 790 εἰς
1738 728 2040 801 μαρτύριον

445 816 607 871 τοῦτο
637 817 807 869 ποιῶν
854 820 966 881 τοῖς
999 818 1073 889 μὴ
1122 818 1475 873 πιστεύσασιν
1519 821 1600 884 είς
1645 820 1736 872 τὸν
1782 820 2037 892 Χριστὸν,

442 909 620 974 οὕτως
649 912 730 974 εἰς
762 911 1062 983 μαρτύριον
1088 915 1204 977 τοῖς
1230 912 1481 977 ἀπίστοις
1506 916 1555 967 οἱ
1590 914 1868 987 μάρτυρες
1907 931 2043 985 μαρ-

444 1003 693 1074 τυροῦσι,
742 1006 836 1058 καὶ
871 1004 1072 1069 πάντες
1113 1007 1162 1058 οἱ
1204 1006 1372 1077 ἅγιοι,
1412 1000 1487 1062 ὧν
1524 1007 1730 1079 λάμπει
1782 1007 1851 1061 τὰ
1902 1007 2040 1078 ἔργα

443 1093 756 1166 ἔμπροσθεν
784 1095 892 1149 τῶν
922 1097 1226 1168 ἀνθρώπων
1246 1116 1259 1129 ·
1288 1099 1659 1154 πολιτεύονται
1684 1100 1795 1173 γάρ
1826 1103 2040 1174 παρρη-

448 1188 763 1256 σιαζόμενοι
802 1190 861 1243 ἐν
896 1189 975 1261 τῷ
1017 1192 1238 1263 σταυρῷ
1270 1193 1365 1246 τοῦ
1394 1194 1655 1266 Χριστοῦ,
1691 1196 1785 1248 καὶ
1828 1211 2037 1266 μαρτυ-

443 1278 673 1351 ροῦντες
701 1282 830 1352 περὶ
855 1281 951 1335 τοῦ
981 1283 1239 1353 ἀληθινοῦ
1268 1287 1468 1356 φωτός.

2152 635 2527 705 perhiberent.
2565 632 2832 687 Servator
2856 631 3009 686 enim
3036 633 3203 685 etiam
3252 630 3499 684 nominat
3541 645 3735 685 omnes

2152 727 2525 781 tesﬁmonium
2576 728 2883 794 pra~bentes
2916 723 3003 790 iis,
3032 738 3152 793 quae
3197 723 3265 777 de
3305 737 3365 777 se
3404 724 3735 777 annuntian-

2150 829 2260 883 tur,
2302 820 2614 891 μάρτυρας,
2650 834 2771 873 cum
2811 818 2863 872 in
2901 818 3097 875 caelum
3140 818 3475 888 reciperetur
3503 818 3734 873 dicendo

2150 913 2412 983 apostolis
2447 912 2492 943 ³¹
2522 931 2539 967 τ
2576 929 2594 962 ι
2627 910 2796 965 Erilis
2821 910 2953 963 mihi
2980 919 3147 964 testes
3171 918 3284 962 tum
3311 910 3366 963 in
3401 907 3731 973 Jerusalem,

2150 1013 2263 1059 tum
2302 1004 2355 1058 in
2388 1003 2535 1057 omni
2560 1001 2742 1057 Judaea
2762 1041 2778 1067 ,
2807 1010 2862 1055 et
2905 998 3020 1071 89
3065 998 3346 1063 Samaria,
3375 1008 3431 1054 et
3458 1012 3631 1069 usque
3660 1000 3731 1056 ad

2148 1098 2396 1151 ultimum
2424 1106 2604 1150 terrae.
2632 1115 2651 1145 ι
2687 1094 2955 1151 Utauteu.
2979 1096 3222 1163 leprosus
3254 1093 3344 1147 ille
3364 1092 3411 1124 ³³
3436 1093 3735 1147 mundatus

2147 1205 2346 1244 munus
2381 1188 2545 1242 oﬁ‘ert
2575 1203 2604 1242 a
2641 1187 2828 1258 Moyse
2857 1197 3212 1256 prazceptum,
3251 1186 3316 1239 ad
3357 1184 3730 1240 testimonium

2145 1284 2251 1339 hoc
2300 1283 2512 1336 faciens
2556 1282 2623 1335 iis
2652 1282 2744 1349 qui
2790 1280 2843 1333 in
2884 1278 3161 1333 Christum
3199 1280 3439 1333 nondum
3477 1276 3730 1331 credide-

447 1380 608 1437 runt,
657 1372 739 1427 sic
777 1373 846 1426 ad
894 1374 1267 1429 testimonium
1309 1376 1643 1433 afferendum
1690 1377 2035 1443 inﬁdelibus,
2081 1385 2191 1432 tttm
2236 1385 2542 1445 martyres,
2585 1385 2697 1427 tum
2744 1372 2919 1427 sancti
2957 1371 3139 1425 caeleri
3183 1371 3564 1433 testiﬁcantur,
3594 1378 3731 1438 quo-

447 1478 567 1515 rum
598 1479 763 1533 opera
799 1480 987 1520 coram
1018 1467 1332 1524 hominibus
1366 1471 1543 1527 lucem
1578 1473 1643 1527 ³³.
1702 1474 1878 1528 Vitam
1917 1471 2063 1528 enim
2111 1473 2334 1542 degunt,
2377 1471 2428 1524 iu
2471 1469 2878 1525 Christi’cruce
2923 1482 3189 1523 summam
3233 1465 3487 1521 ﬁduciam
3527 1466 3730 1521 haben-

444 1563 531 1609 tes
564 1565 618 1609 et
647 1555 1013 1612 testiﬁcantes
1036 1560 1103 1614 de
1130 1575 1254 1613 vera
1292 1562 1434 1616 luce.

517 1647 606 1703 29.
627 1649 739 1703 Kal
762 1650 1017 1723 Ἰωάννης
1040 1654 1221 1708 τοίνυν
1241 1651 1423 1726 ἦλθεν,
1445 1657 1531 1710 ἴνα
1561 1660 1886 1732 μαρτυρήσῃ
1910 1658 2040 1729 περὶ

442 1739 540 1793 τοῦ
572 1744 771 1809 φωτὸς,
801 1743 860 1808 ὃς
895 1746 1185 1817 μαρτυρῶν
1219 1749 1459 1818 κέκραγε
1492 1750 1663 1819 λέγων
1683 1768 1696 1781 ·
1732 1770 1749 1801 ι
1774 1752 1831 1805 Ὁ
1861 1750 2039 1804 ὀπίσω

446 1849 551 1903 μου
595 1835 891 1905 ἐρχόμενος
937 1837 1250 1909 ἔμπροσθέν
1285 1858 1385 1911 μου
1428 1842 1672 1911 γέγονεν,
1702 1843 1783 1896 ὅτι
1826 1844 2040 1913 πρῶτός

2215 1653 2308 1708 9.9.
2352 1651 2419 1705 Et
2460 1648 2699 1704 Joannes
2739 1662 2869 1719 ergo
2918 1647 3087 1713 venit,
3129 1653 3189 1701 ut
3245 1645 3634 1701 testiﬁcaretur
3663 1646 3731 1701 de

2122 1745 2267 1800 'luce
2293 1744 2407 1804 illa,
2434 1743 2524 1812 qui
2560 1742 2860 1795 testiﬁcans
2905 1739 3166 1794 clamavit
3218 1741 3406 1794 dicens
3438 1740 3482 1772 ³⁸
3518 1758 3533 1796 :
3569 1758 3588 1791 ι
3623 1740 3729 1807 Qui

2147 1846 2266 1906 post
2309 1850 2393 1888 me
2427 1833 2598 1896 venit,
2643 1841 2777 1885 ante
2828 1847 2913 1885 me
2960 1830 3146 1885 factus
3183 1841 3288 1894 est,
3331 1831 3458 1898 quia
3488 1847 3573 1887 me
3610 1846 3731 1887 erat

452 1940 553 1993 μου
580 1920 674 1996 ἦν’
716 1926 797 1979 ὅτι
823 1930 887 1981 ἐκ
920 1929 1012 1981 τοῦ
1046 1929 1411 2002 πληρώματος
1434 1934 1598 1987 αὑτοῦ
1639 1936 1800 2005 ἡμεῖς
1841 1936 2029 2000 πάντες

2146 1927 2505 1987 honoratior,
2546 1924 2808 1994 quoniam
2845 1938 2911 1977 ex
2954 1921 3294 1993 plenitudine
3328 1923 3445 1991 ejus
3479 1938 3578 1977 nos
3611 1938 3732 1977 OlI|-~

444 2014 735 2088 ἐλάϐομεν,
785 2020 878 2073 καὶ
910 2022 1071 2092 χάριν
1108 2022 1229 2075 ἀντὶ
1268 2025 1489 2097 χάριτος
1512 2043 1525 2053 ·
1575 2026 1656 2079 ὅτι
1686 2029 1714 2079 6
1757 2026 1921 2097 νόμος
1950 2026 2029 2081 διὰ

2142 2035 2240 2075 nes
2271 2019 2607 2088 aceepims,
2641 2026 2694 2069 et
2719 2016 2952 2086 gratiam
2983 2030 3083 2086 pro
3114 2016 3325 2083 gratia:
3350 2015 3607 2085 quoniam
3642 2015 3728 2070 lex

445 2108 726 2173 Μωῦσέως
775 2111 1018 2184 ὲδόθη,ή
1065 2114 1225 2185 χάρις
1273 2117 1367 2169 καὶ
1400 2119 1432 2186 ἡ
1466 2116 1695 2187 ἀλήθεια
1737 2116 1824 2170 διὰ
1863 2117 2036 2187 Ἰησοῦ

447 2199 686 2270 Χριστοῦ
734 2203 971 2271 ἐγένετο.
1015 2206 1149 2260 Θεὸν
1205 2207 1381 2272 οὐδεὶς
1439 2208 1652 2280 ἑώρακε
1707 2207 1956 2262 πώποτε“
2010 2211 2039 2262 6

441 2292 755 2365 Μονογενὴς
786 2294 919 2360 Θεὸς
962 2298 991 2351 6
1038 2297 1114 2351 ὢν
1156 2300 1237 2363 εἰς
1280 2299 1372 2353 τὸν
1424 2301 1622 2354 κόλπον
1664 2300 1758 2354 τοῦ
1792 2301 2035 2373 Πατρὸς,

440 2384 651 2448 ἐκεῖνος
700 2386 1029 2458 ἐξηγήσατο.
1060 2409 1080 2443 ι
1127 2392 1242 2455 Πᾶς
1303 2392 1436 2461 γοῦν
1487 2389 1641 2456 οὗτος
1684 2393 1714 2446 ὀ
1761 2391 1917 2462 λόγος
1974 2396 2040 2447 ὲκ

442 2475 737 2547 προσώπου
769 2480 865 2533 τοῦ
902 2481 1211 2538 Βαπτιστοῦ
1263 2484 1670 2558 μαρτυροῦντος
1706 2488 1785 2560 τῷ
1813 2487 2037 2561 Χριστῷ

442 2570 687 2641 εἴρηται,
737 2573 874 2646 ὅπερ
921 2574 1174 2631 λανθάνει
1219 2580 1371 2644 τινάς
1425 2582 1706 2652 οίομένους
1751 2582 1860 2637 ἀπὸ
1900 2582 2031 2635 τοῦ’

449 2681 467 2711 ι
510 2663 606 2717 Ἐκ
640 2664 735 2718 τοῦ
771 2666 1142 2739 πληρώματος
1186 2672 1354 2726 αὑτοῦ
1401 2675 1563 2744 ἡμεῖς
1600 2676 1802 2739 πάντες
1844 2674 2036 2729 ἐλάϐο-

445 2772 565 2825 μεν,
589 2775 607 2806 ι
636 2756 743 2820 ἕως
772 2756 896 2811 τοῦ⁸
939 2779 958 2811 ε
983 2761 1221 2825 Ἐκεῖνος
1248 2762 1575 2836 ἐξηγήσατο,
1603 2785 1621 2816 ι
1648 2766 1712 2820 ἐκ
1742 2764 1838 2819 τοῦ
1876 2783 2039 2838 προσ·

440 2846 594 2900 ώπου
646 2848 897 2905 Ἰωάννου
940 2852 1036 2905 τοῦ
1091 2854 1391 2909 ἀποστόλου
1443 2857 1720 2926 λέγεσθαι.
1770 2859 1915 2928 Πρὸς
1969 2861 2034 2930 τῇ

442 2942 819 3014 προειρημένῃ
850 2944 906 2997 δὲ
939 2943 1033 2998 τοῦ
1067 2944 1375 3000 Βαπτιστοῦ
1413 2949 1689 3021 μαρτυρίᾳ
1735 2949 2037 3023 (άρχομένῃ

440 3030 551 3085 ἀπὸ
582 3032 707 3085 τοῦ·
752 3053 770 3085 ι
806 3034 865 3087 ’0
901 3036 1076 3090 ὀπίσω
1108 3055 1209 3104 μου
1241 3041 1535 3112 ἐρχόμενος
1581 3042 1888 3114 ἔμπροσθέν
1933 3059 2035 3113 μου

438 3124 651 3193 γέγονε,
674 3148 692 3177 ι
725 3128 818 3181 καὶ
846 3127 1088 3204 ληγούσῃ
1117 3132 1197 3195 είς
1221 3133 1281 3185 τό
1300 3150 1313 3161 ·
1338 3152 1357 3183 ι
1382 3136 1618 3199 Ἐκεῖνος
1646 3136 1972 3208 ἐξηγήσατο,
1988 3140 2034 3211 ι)

440 3217 538 3272 καὶ
587 3218 729 3290 αὕτη
773 3221 806 3291 ή
843 3222 1119 3292 μαρτυρία
1149 3224 1296 3277 ἐστὶν
1348 3224 1596 3280 Ἰωάννου
1650 3230 1766 3299 μετ’
1814 3230 2031 3303 ἐκείνην

2141 2128 2245 2182 per
2278 2111 2519 2183 Moysen)
2557 2112 2682 2165 data
2715 2121 2831 2174 est;
2865 2111 3039 2178 gratia
3073 2118 3257 2162 autem
3303 2118 3358 2162 et
3400 2109 3602 2162 veritas
3632 2121 3730 2176 per

2138 2202 2324 2258 Jesum
2361 2204 2639 2257 Christum
2685 2201 2831 2255 facta
2883 2210 2987 2256 est.
3029 2202 3195 2255 Deum
3239 2214 3401 2255 nemo
3445 2199 3583 2252 vidit
3627 2212 3728 2251 un-

2141 2311 2305 2368 quam
2337 2318 2349 2351 :
2384 2294 2709 2365 Unigeuitus
2731 2294 2822 2362 qui
2854 2301 2939 2347 est
2974 2293 3026 2346 in
3066 2292 3186 2346 sinu
3219 2291 3416 2355 Patris,
3443 2291 3535 2345 ille
3563 2305 3730 2346 enar-

2143 2390 2304 2445 ravit.
2341 2410 2360 2444 ι
2396 2390 2533 2444 Tota
2580 2404 2715 2456 ergo
2759 2389 2874 2441 ha‘c
2903 2387 3080 2441 oratio
3106 2400 3170 2440 ex
3207 2385 3466 2456 Baptista:
3492 2400 3728 2455 persona

2143 2483 2400 2537 testantis
2433 2483 2498 2535 de
2527 2482 2753 2537 Christo
2783 2481 2928 2534 dicta
2960 2489 3064 2543 est,
3097 2479 3149 2533 id
3184 2480 3327 2548 quod
3363 2478 3562 2532 multos
3597 2478 3731 2534 latet
3784 2504 3789 2508 σ

2141 2576 2435 2645 opinantes
2467 2576 2534 2629 ah
2563 2575 2671 2628 illis
2703 2575 2903 2638 verbis,
2942 2591 2961 2624 ι
3002 2587 3069 2637 ex
3102 2571 3439 2640 plenitudine
3483 2571 3601 2640 ejus
3629 2583 3729 2625 nos

2139 2684 2329 2722 omnes
2359 2667 2687 2736 accepimus,
2711 2682 2729 2715 ι
2754 2678 2925 2731 usque
2956 2662 3022 2716 ad
3066 2661 3178 2722 illa,
3211 2680 3229 2712 ι
3267 2660 3356 2717 ille
3388 2662 3720 2725 enarravit,»

2140 2773 2203 2812 ex
2229 2758 2459 2814 Joannis
2480 2757 2706 2826 apostoli
2725 2771 2956 2825 persona
2977 2755 3119 2809 dicta
3143 2754 3331 2808 fuisse.
3357 2753 3564 2807 Praeter
3592 2763 3725 2806 ante

2138 2849 2342 2905 dictum
2377 2864 2504 2904 vero
2530 2848 2785 2916 Baptista:
2839 2844 3211 2901 testimonium
3244 2842 3410 2917 (quod
3444 2843 3632 2910 incipit
3655 2843 3725 2895 ab

2140 2943 2246 2999 illis
2277 2944 2498 2998 verbis:
2526 2962 2545 2993 ‹
2576 2943 2675 3011 Qui
2694 2951 2920 3012 postmc
2936 2942 3246 3006 venit,ante
3265 2956 3349 2994 me
3370 2940 3546 2993 factus
3568 2948 3671 3001 est,
3699 2955 3718 2988 ι

2137 3046 2191 3092 et
2219 3038 2416 3091 desiuit
2453 3038 2506 3091 in
2538 3037 2626 3091 illa
2659 3036 2855 3100 verba,
2881 3052 2901 3086 ι
2931 3035 3023 3091 ille
3054 3037 3337 3092 enarravit
3360 3032 3585 3106 i)etiam
3620 3035 3724 3087 hoc

2137 3139 2222 3185 est
2277 3129 2647 3184 testimonium
2705 3129 2931 3185 Joannis
3002 3138 3130 3200 post
3186 3128 3316 3183 illud
3374 3126 3718 3189 secundum,

2137 3225 2357 3293 quando
2388 3224 2455 3291 ad
2487 3239 2582 3278 eos
2608 3222 2697 3293 qui
2728 3223 2998 3277 miserunt
3023 3237 3091 3276 ex
3120 3220 3511 3290 Hierosolymis
3531 3232 3718 3273 sacer-

439 3308 698 3383 δευτέρα,
730 3314 819 3365 ὅτε
868 3312 1007 3385 πρὸς
1053 3314 1181 3379 τοὺς
1229 3317 1659 3384 ἀποστείλαντας
1705 3320 1766 3385 ἐξ
1810 3322 2029 3395 Ἱεροσο-

2139 3317 2295 3371 dotes
2348 3324 2398 3369 et
2428 3315 2641 3370 Levitas
2674 3314 2868 3387 (Judaei
2907 3329 3100 3384 nempe
3132 3314 3398 3368 miserunt
3428 3311 3592 3380 illos),
3635 3309 3720 3364 fa-

438 3399 627 3470 λύμων
662 3402 827 3471 ἱερεῖς
873 3403 970 3456 καὶ
1019 3404 1281 3474 Λευῖτας,
1331 3408 1599 3462 Ἰουδαίων
1646 3410 1846 3475 αὐτοὺς
1895 3413 2031 3467 ἀπο-

440 3493 788 3561 στειλάντων,
823 3498 1078 3568 ὀμολογεῖ
1107 3501 1209 3553 οὐκ
1251 3502 1585 3575 ἀρνούμενος
1616 3504 1676 3558 τὸ
1706 3505 1923 3577 ἀληθὲς,
1953 3507 2030 3572 ὡς

433 3585 545 3655 ἄρα
582 3587 683 3640 οὐκ
732 3589 896 3653 αὐτὸς
947 3590 1032 3662 εἴη
1065 3592 1093 3643 6
1124 3594 1380 3666 Χριστὸς,
1432 3596 1552 3649 οὐδὲ
1590 3596 1794 3663 Ἠλίας,
1829 3599 1952 3652 οὐδὲ
1996 3601 2025 3653 6

439 3680 748 3751 προφήτης,
788 3681 926 3735 ἀλλά
961 3701 980 3733 t
1007 3684 1158 3757 φωνὴ
1202 3685 1434 3756 βοῶντος
1466 3689 1525 3742 ἐν
1553 3691 1619 3760 τῇ
1666 3690 1895 3761 ἐρήμῳ·
1932 3691 2031 3745 Εὑ-

434 3768 634 3824 θύνατε
676 3772 776 3837 τὴν
825 3773 945 3828 ὁδὸν
1001 3777 1240 3848 Κυρίου,
1296 3778 1480 3844 καθὼς
1528 3778 1678 3834 εἶπεν
1725 3783 1955 3848 Ἡσαΐας
1999 3788 2029 3839 6

436 3868 744 3933 προφήτης.
770 3884 787 3916 ι
822 3865 980 3919 Μετὰ
1010 3867 1067 3921 δὲ
1098 3869 1271 3923 ταῦτα
1305 3871 1438 3941 άλλη
1481 3874 1757 3945 μαρτυρία
1796 3875 1890 3928 τοῦ
1932 3877 2030 3931 αύ-

432 3954 529 4007 τοῦ
562 3956 867 4010 Βαπτιστοῦ
891 3961 1020 4030 περὶ
1050 3961 1284 4033 Χριστοῦ
1312 3964 1449 4027 ἐστι,
1479 3965 1579 4035 τήν
1611 3969 2028 4039 προηγουμένην

433 4046 604 4100 αὑτοῦ
637 4049 935 4104 ὑπόστασιν
965 4052 1077 4123 (⁸24)
1118 4053 1199 4107 ἔτι
1227 4054 1571 4123 διδάσκουσα,
1605 4057 1900 4131 διήκουσαν
1935 4062 2027 4114 ἐπὶ

434 4142 615 4196 πάντα
647 4143 738 4197 τὸν
751 4136 992 4215 ’κόσμον,
1028 4147 1170 4200 κατὰ
1197 4147 1294 4211 τὰς
1325 4148 1506 4220 ψυχάς
1535 4150 1635 4215 τὰς
1666 4151 1912 4220 λογικάς,
1937 4153 2027 4207 ὅτε

434 4236 601 4307 φησί’
644 4235 876 4301 ι-Μέσος
908 4236 1062 4308 ὑμῶν
1102 4238 1355 4310 ἕστηκεν,
1392 4241 1450 4294 ὃν
1490 4243 1648 4313 ὑμεῖς
1680 4244 1781 4297 οὐκ
1823 4243 2022 4310 οἴδατε,

430 4327 611 4382 ὀπίσω
665 4344 768 4399 μου
813 4328 1128 4401 ἐρχόμενος,
1174 4325 1235 4385 οῦ
1280 4334 1381 4391 οὐκ
1421 4334 1545 4405 εἰμὶ
1582 4334 1731 4402 ἄξιος
1778 4334 1889 4406 ἐγὼ
1939 4337 2027 4392 ἵνα

429 4418 580 4474 λύσω
616 4419 786 4474 αὑτοῦ
814 4420 903 4473 τὸν
935 4422 1136 4492 ἱμάντα
1170 4421 1266 4476 τοῦ
1310 4424 1674 4497 ὑποδήματος.
1709 4447 1726 4479 ι
1762 4429 1874 4481 Καὶ
1906 4429 2026 4483 ἐπί-

432 4510 635 4580 σκεψαι
666 4512 716 4563 εί
742 4510 829 4565 διὰ
862 4510 924 4564 τὸ
959 4513 1018 4565 ὲν
1056 4512 1208 4584 μέσῳ
1240 4513 1333 4567 τοῦ
1369 4515 1572 4579 παντὸς
1606 4511 1745 4569 εἶναι
1773 4516 2025 4588 σώματος

430 4604 532 4674 τήν
574 4604 824 4676 καρδίαν,
863 4604 921 4656 ὲν
961 4603 1018 4657 δὲ
1050 4607 1116 4677 τῇ
1163 4607 1360 4678 καρδίᾳ
1390 4606 1453 4661 τὸ
1497 4608 1821 4680 ἡγεμονικὸν
1873 4609 2018 4678 (‘25),

2136 3416 2307 3475 tetur,
2343 3422 2448 3461 non
2488 3423 2695 3477 negans
2727 3422 2917 3462 verum
2948 3407 3094 3475 quod
3143 3406 3257 3474 ipse
3291 3422 3398 3460 non
3435 3415 3583 3460 esset
3629 3403 3720 3458 ille

2131 3497 2407 3566 Christus,
2436 3515 2609 3570 neque
2638 3499 2806 3565 Elias,
2837 3514 3015 3568 neque
3037 3501 3296 3569 propheta
3328 3498 3552 3561 ille,sed
3573 3516 3591 3550 ι
3612 3512 3717 3552 vox

2132 3592 2424 3646 clamantis
2454 3593 2506 3646 iu
2543 3595 2762 3648 dtSBI'lO
2792 3611 2806 3647 :
2840 3592 3068 3663 Dirigite
3115 3593 3257 3645 viam
3298 3591 3538 3653 Domini,
3573 3591 3720 3646 sicut

2131 3685 2268 3739 dixit
2293 3684 2458 3741 Isaias
2485 3687 2749 3754 propheta
2785 3685 2884 3741 ³⁸.»
2911 3684 3038 3740 Post
3061 3685 3177 3739 lucc
3204 3690 3332 3737 Vero
3364 3683 3509 3737 aliud
3544 3683 3716 3753 ipsius

2130 3776 2388 3845 Baptista:
2425 3780 2493 3831 de
2536 3776 2753 3832 Christo
2798 3777 3172 3832 testimonium
3216 3787 3335 3841 est,
3379 3776 3520 3846 quod
3555 3776 3716 3830 docet

2129 3868 2295 3925 etiam
2320 3869 2488 3939 ipsius
2511 3869 2840 3938 praecipuam
2867 3868 3202 3941 Itypostasim
3240 3869 3629 3940 pervadentem
3656 3870 3711 3923 in

2129 3974 2346 4013 omnem
2378 3959 2635 4012 mundum
2668 3972 2892 4029 propter
2925 3959 3138 4012 animas
3173 3960 3399 4014 rationis
3452 3974 3711 4029 capaces,

2103 4066 2253 4129 .cum
2299 4051 2475 4121 inquit
2500 4052 2545 4084 ³⁷
2574 4066 2590 4105 :
2622 4069 2641 4103 ι
2674 4053 2728 4105 In
2783 4052 2966 4107 medio
3015 4052 3182 4108 vestri
3221 4062 3350 4116 stat,
3401 4068 3563 4123 quem
3615 4068 3715 4108 vos

2132 4143 2376 4207 nescitis,
2416 4143 2507 4212 qtti
2544 4153 2666 4212 post
2701 4158 2786 4198 me
2817 4145 2992 4210 venit,
3017 4143 3172 4214 cujus
3201 4160 3306 4198 non
3345 4161 3464 4200 sum
3495 4160 3598 4215 ego
3627 4146 3713 4200 di-

2115 4236 2292 4303 ’guus,
2323 4245 2382 4287 ut
2411 4235 2617 4290 solvam
2664 4235 2958 4304 corrigiam
2992 4235 3350 4290 calceamenti
3408 4237 3550 4307 ejus.
3591 4256 3612 4290 ι
3643 4239 3712 4290 At

2127 4328 2432 4393 considera,
2465 4344 2593 4381 num
2621 4328 2747 4398 quia
2771 4341 2869 4382 cor
2895 4327 2949 4381 in
2984 4327 3163 4405 medio
3203 4329 3370 4385 totius
3410 4331 3483 4385 sit
3522 4343 3711 4399 corpo-

2128 4421 2227 4484 ris,
2258 4420 2423 4489 inque
2445 4420 2611 4474 corde
2632 4419 2826 4474 anima:
2861 4420 3229 4489 principatus,
3256 4420 3389 4475 illud
3420 4422 3566 4493 quod
3594 4423 3705 4476 ait:

2132 4530 2151 4561 ι
2187 4510 2242 4564 In
2277 4511 2456 4566 medio
2487 4513 2656 4566 vestri
2691 4522 2836 4576 stat,
2880 4527 3041 4581 quem
3072 4527 3168 4568 vos
3195 4515 3438 4581 nescitis,
3485 4537 3509 4570 ι
3542 4516 3708 4570 intel-

2127 4605 2216 4674 ligi
2242 4606 2411 4674 possit
2438 4607 2577 4659 ratio
2599 4620 2718 4673 qua:
2740 4605 2793 4660 in
2820 4620 3148 4676 unoquoque
3173 4615 3277 4663 est.
3302 4606 3561 4674 Quartum
3579 4623 3708 4662 vero

430 4696 529 4749 καὶ
559 4696 653 4749 τὸν
686 4698 744 4749 ὲν
774 4696 991 4767 ἑκάστῳ
1024 4697 1201 4766 λόγον,
1235 4697 1457 4754 δύναται
1486 4700 1721 4755 νοεῖσθαι
1747 4702 1809 4755 τό
1830 4719 1844 4732 ’
1873 4722 1891 4752 ι
1914 4703 2023 4757 Μέ-

2132 4695 2351 4752 Joannis
2381 4698 2447 4751 de
2469 4696 2689 4752 Christo
2709 4708 2792 4753 est
2823 4701 3191 4755 testimonium
3219 4702 3512 4755 humanam
3532 4701 3707 4770 ipsius

428 4805 525 4851 σος
568 4789 723 4860 ὑμῶν
756 4789 1009 4860 ἔστηκεν,
1050 4789 1110 4843 ὃν
1145 4791 1301 4862 ὑμεῖς
1333 4793 1434 4846 οὐκ
1476 4793 1676 4848 οἴδατε.
1703 4814 1722 4845 ι
1775 4795 2022 4867 Τετάρτη

2132 4790 2288 4842 etiam
2360 4790 2671 4858 passionem
2725 4790 2839 4859 jam
2903 4793 3259 4859 describens,
3322 4810 3447 4849 cum
3500 4796 3636 4851 dicit
3686 4816 3701 4851 :

424 4879 487 4932 δὲ
519 4880 657 4951 πρὸς
704 4882 917 4946 τούτοις
966 4884 1241 4957 μαρτυρία
1290 4884 1540 4939 Ἰωάννου
1596 4886 1724 4957 περὶ
1779 4886 2019 4958 Χριστοῦ

424 4964 532 5035 ἥδη
579 4966 761 5021 καὶτὸ
809 4969 1153 5042 ἀνθρώπινον
1196 4972 1362 5026 αὐτοῦ
1398 4972 1569 5036 πάθος
1599 4974 2016 5045 ὑπογράφουσα,

423 5060 518 5112 ὅτε
551 5059 728 5129 λέγει’
765 5080 785 5113 ι
819 5062 925 5115 Ἴδε
969 5065 999 5116 6
1037 5063 1234 5135 ῗΑμνὸς
1280 5063 1377 5118 τοῦ
1426 5065 1585 5129 Θεοῦ,
1627 5067 1656 5118 6
1691 5065 1862 5138 αἴρων
1916 5066 2016 5139 τὴν

424 5153 705 5224 ἁμαρτίαν
758 5154 855 5209 τοῦ
911 5157 1138 5229 κόσμου.
1191 5153 1357 5224 Οὗτός
1410 5161 1558 5212 ἐστιν
1614 5159 1744 5231 περὶ
1785 5153 1846 5214 οὗ
1900 5159 2015 5228 ἐγὼ

423 5240 600 5308 εἷπον,
647 5247 729 5299 ὅτι
774 5246 978 5301 Ὀπίσω
1013 5267 1114 5320 μου
1168 5248 1386 5319 ἔρχεται
1419 5248 1577 5322 ἀνὴρ,
1610 5249 1669 5313 ὃς
1700 5249 2012 5321 ἔμπροσθέν

428 5352 533 5405 μου
575 5333 825 5404 γέγονεν.
864 5336 946 5390 ὅτι
995 5336 1212 5409 πρῶτός
1262 5354 1364 5409 μου
1389 5332 1479 5407 ἦν·
1523 5336 1681 5407 κάγὼ
1722 5339 1823 5391 οὐκ
1864 5337 2012 5410 ⁴ᾔδειν

2125 4898 2145 4932 σ
2179 4880 2322 4935 Ecce
2354 4882 2544 4951 Agnus
2577 4883 2671 4937 ille
2707 4884 2826 4950 Dei,
2860 4887 2952 4954 qui
2984 4885 3124 4942 tollit
3173 4897 3458 4956 peccatum
3489 4888 3701 4944 tnuudi.

2114 4970 2227 5042 9o
2275 4970 2376 5027 Hic
2407 4982 2492 5026 est
2518 4973 2585 5028 de
2617 4989 2723 5043 quo
2752 4976 3001 5031 dicebam
3043 4994 3061 5034 :
3108 4977 3243 5034 Post
3287 4993 3375 5032 tne
3415 4978 3566 5033 venit
3594 4978 3700 5043 vir,

2114 5068 2206 5134 qui
2242 5074 2369 5118 ante
2402 5079 2489 5119 me
2528 5065 2760 5130 exstitit,
2791 5067 2919 5136 quia
2960 5068 3286 5125 honoratior
3320 5086 3411 5126 me
3442 5080 3604 5125 erat:
3646 5080 3704 5126 et

2117 5171 2220 5227 ego
2240 5157 2547 5211 nesciebam
2568 5172 2692 5212 eum
2716 5160 2841 5214 :sed
2874 5169 2931 5214 ttt
2950 5162 3274 5218 manifestus
3305 5164 3462 5218 ﬁeret
3487 5161 3697 5227 lsraeli,

2118 5250 2406 5318 propterea
2448 5249 2571 5302 Vetti
2618 5264 2744 5318 ego,
2789 5252 2840 5305 in
2886 5268 3027 5324 aqua
3071 5239 3375 5324 'baptizans
3402 5254 3470 5307 ³⁸.
3513 5272 3533 5306 ι
3571 5252 3693 5309 Jam

2120 5340 2368 5410 quintum
2404 5340 2777 5395 testimonium
2810 5342 3127 5415 inscriptum
3154 5347 3313 5401 estin
3334 5346 3520 5401 verbis
3543 5345 3684 5401 illis:

496 5428 685 5482 "Act.
714 5444 754 5494 ι,
773 5430 827 5485 8.
869 5429 915 5462 ³³
937 5430 1129 5488 Matth.
1157 5447 1272 5491 vnt.
1292 5432 1349 5487 Δ,
1390 5432 1437 5464 ⁸⁵
1465 5433 1657 5488 Matth.
1678 5433 1846 5501 v,16.
1904 5435 1951 5466 ³⁸
1966 5433 2029 5490 Jo

2148 5434 2403 5503 1,5548.
2442 5435 2749 5491 "ibid.25.
2789 5438 3209 5505 "’ibid.26,27.
3251 5441 3296 5474 ³⁸
3319 5441 3452 5498 ibid.
3483 5442 3679 5501 εει-δι.

494 5519 608 5592 (24)
654 5520 774 5589 Τὴν
803 5523 1264 5596 προηγουμένην
1287 5523 1475 5580 αὐτοῦ
1493 5527 1859 5596 ὑπόστασιν,
1884 5538 1993 5587 etc.

420 5590 552 5645 Ihec
588 5606 697 5659 quo
726 5606 889 5663 sensu
921 5590 1239 5663 accipienda
1284 5596 1417 5663 sint,
1453 5597 1718 5653 tradimus
1765 5590 1997 5656 in’Ori-

420 5663 684 5733 geniqnis,
720 5662 824 5733 lib.
842 5678 904 5733 tt.
932 5662 1210 5720 ‘HUETIUS.

493 5731 610 5799 (9.5)
663 5732 763 5785 Ἐν
798 5732 870 5787 δὲ
911 5732 989 5802 τῇ
1018 5735 1235 5809 καρδίᾳ
1276 5735 1343 5790 τὸ
1388 5737 1764 5809 ἡγεμονικόν.
1803 5739 1928 5795 Haec
1965 5755 1998 5797 θ

421 5808 609 5865 Stoica
661 5809 848 5865 schola
881 5811 1115 5881 arripuit
1134 5808 1735 5881 pri_genes.'pLaertit_ts
1784 5810 1839 5864 in
1888 5811 1993 5866 Ze-

418 5896 563 5938 none
587 5899 603 5937 :
641 5876 1079 5954 Ἦγεμονικὸεῐδὲ
1106 5876 1407 5951 εἶναίὴφασι
1438 5879 1499 5935 τὸ
1528 5877 1863 5952 κυριώτατον
1892 5881 1995 5954 τῆς

2116 5528 2301 5605 ρυχῆς,
2486 5529 2543 5583 αἱ
2566 5531 2866 5605 Διραντςισίαι
2898 5531 2993 5584 xui.
3014 5534 3073 5605 αἱ
3098 5534 3268 5605 ὁρμαὶ
3296 5533 3558 5602 γίνονται,
3587 5538 3684 5593 καὶ

2138 5599 2250 5680 θξνζ
2276 5600 2307 5653 6
2327 5599 2506 5680 ,λόγος
2553 5600 2972 5680 ἀναπέμπεται,
3009 5599 3335 5680 ὅπερέῐναί
3369 5607 3428 5661 ἐν
3460 5599 3681 5680 καρδίᾳ.

2111 5690 2130 5725 ι
2159 5669 2529 5745 Principatum
2555 5669 2748 5745 autem
2764 5686 2884 5745 esse
2915 5669 3458 5745 dicunt'pracipuam
3489 5669 3689 5735 animat

2104 5752 2350 5811 partem,
2402 5741 2458 5795 in
2505 5755 2612 5815 qua
2663 5741 3077 5815 imaginationes
3110 5741 3177 5815 et
3235 5741 3507 5815 appetitus
3563 5747 3686 5804 for-

2104 5820 2345 5941 mantus.
2391 5821 2447 5869 et
2481 5812 2625 5871 unde
2663 5812 2806 5870 ratio
2847 5813 3213 5884 proﬁciscitur
3232 5812 3524 5891 {eumque
3561 5832 3684 5877 esse

2104 5898 2162 5940 ut
2189 5895 2284 5940 cor
2321 5899 2419 5940 ει»
