  <div class='ocr_page' id='page_1' title='image "/cluster/home/n/w/nwhite01/storage/ocr_20150623/14:no.4/coo.31924054872928/099.png"; bbox 0 0 4194 6404; ppageno 0'>
   <div class='ocr_carea' id='block_1_1' title="bbox 579 360 686 420">
    <p class='ocr_par' dir='ltr' id='par_1_1' title="bbox 579 360 686 420">
     <span class='ocr_line' id='line_1_1' title="bbox 579 360 686 420; baseline 0 -1"><span class='ocrx_word' id='word_1_1' title='bbox 579 360 686 420; x_wconf 77' lang='grc'><strong>179</strong></span> 
     </span>
    </p>
   </div>
   <div class='ocr_carea' id='block_1_2' title="bbox 2042 367 2362 426">
    <p class='ocr_par' dir='ltr' id='par_1_2' title="bbox 2042 367 2362 426">
     <span class='ocr_line' id='line_1_2' title="bbox 2042 367 2362 426; baseline 0 0"><span class='ocrx_word' id='word_1_2' title='bbox 2042 367 2362 426; x_wconf 74' lang='lat' dir='ltr'><strong>ORIGENIS</strong></span> 
     </span>
    </p>
   </div>
   <div class='ocr_carea' id='block_1_3' title="bbox 3739 380 3847 435">
    <p class='ocr_par' dir='ltr' id='par_1_3' title="bbox 3739 380 3847 435">
     <span class='ocr_line' id='line_1_3' title="bbox 3739 380 3847 435; baseline 0.019 -1"><span class='ocrx_word' id='word_1_3' title='bbox 3739 380 3847 435; x_wconf 76' lang='grc'><strong>180</strong></span> 
     </span>
    </p>
   </div>
   <div class='ocr_carea' id='block_1_4' title="bbox 583 479 2131 568">
    <p class='ocr_par' dir='ltr' id='par_1_4' title="bbox 583 479 2131 554">
     <span class='ocr_line' id='line_1_4' title="bbox 583 479 2131 554; baseline 0.008 -18"><span class='ocrx_word' id='word_1_4' title='bbox 583 497 609 536; x_wconf 71' lang='grc' dir='ltr'>ι</span> <span class='ocrx_word' id='word_1_5' title='bbox 655 479 773 538; x_wconf 82' lang='lat' dir='ltr'><strong>Vidi</strong></span> <span class='ocrx_word' id='word_1_6' title='bbox 807 481 1070 554; x_wconf 75' lang='lat' dir='ltr'><strong>Spiritum</strong></span> <span class='ocrx_word' id='word_1_7' title='bbox 1121 486 1542 544; x_wconf 87' lang='lat' dir='ltr'><strong>descendentem</strong></span> <span class='ocrx_word' id='word_1_8' title='bbox 1596 489 1738 546; x_wconf 90' lang='lat' dir='ltr'><strong>sicut</strong></span> <span class='ocrx_word' id='word_1_9' title='bbox 1785 491 2131 548; x_wconf 63' lang='lat' dir='ltr'><strong>columhamc</strong></span> 
     </span>
    </p>
   </div>
   <div class='ocr_carea' id='block_1_5' title="bbox 2233 479 3842 568">
    <p class='ocr_par' dir='ltr' id='par_1_5' title="bbox 2254 493 3842 568">
     <span class='ocr_line' id='line_1_5' title="bbox 2254 493 3842 568; baseline 0.003 -21"><span class='ocrx_word' id='word_1_10' title='bbox 2254 493 2449 547; x_wconf 72' lang='grc' dir='ltr'><strong>αὐτόν⁸</strong></span> <span class='ocrx_word' id='word_1_11' title='bbox 2505 493 2621 547; x_wconf 87' lang='grc' dir='ltr'>ἀλλ’</span> <span class='ocrx_word' id='word_1_12' title='bbox 2671 493 2757 547; x_wconf 82' lang='grc' dir='ltr'>ἵνα</span> <span class='ocrx_word' id='word_1_13' title='bbox 2811 494 3101 566; x_wconf 76' lang='grc' dir='ltr'><strong>φανερωθῇ</strong></span> <span class='ocrx_word' id='word_1_14' title='bbox 3137 495 3216 566; x_wconf 80' lang='grc' dir='ltr'><strong>τῷ</strong></span> <span class='ocrx_word' id='word_1_15' title='bbox 3261 495 3496 568; x_wconf 77' lang='grc' dir='ltr'>Ἰσραὴλ,</span> <span class='ocrx_word' id='word_1_16' title='bbox 3544 496 3631 552; x_wconf 76' lang='grc' dir='ltr'><strong>διὰ</strong></span> <span class='ocrx_word' id='word_1_17' title='bbox 3679 499 3842 552; x_wconf 88' lang='grc' dir='ltr'>τοῦτο</span> 
     </span>
    </p>
   </div>
   <div class='ocr_carea' id='block_1_6' title="bbox 579 572 2150 650">
    <p class='ocr_par' dir='ltr' id='par_1_6' title="bbox 579 572 2150 650">
     <span class='ocr_line' id='line_1_6' title="bbox 579 572 2150 650; baseline 0.01 -26"><span class='ocrx_word' id='word_1_18' title='bbox 579 572 745 638; x_wconf 63' lang='lat' dir='ltr'><strong>coelo,</strong></span> <span class='ocrx_word' id='word_1_19' title='bbox 797 584 854 629; x_wconf 88' lang='lat' dir='ltr'><strong>et</strong></span> <span class='ocrx_word' id='word_1_20' title='bbox 902 576 1106 630; x_wconf 89' lang='lat' dir='ltr'><strong>mansit</strong></span> <span class='ocrx_word' id='word_1_21' title='bbox 1152 591 1316 647; x_wconf 82' lang='lat' dir='ltr'><strong>super</strong></span> <span class='ocrx_word' id='word_1_22' title='bbox 1342 594 1489 637; x_wconf 88' lang='lat' dir='ltr'><strong>eum.</strong></span> <span class='ocrx_word' id='word_1_23' title='bbox 1522 581 1588 636; x_wconf 86' lang='lat' dir='ltr'><strong>Et</strong></span> <span class='ocrx_word' id='word_1_24' title='bbox 1617 597 1719 650; x_wconf 83' lang='lat' dir='ltr'><strong>ego</strong></span> <span class='ocrx_word' id='word_1_25' title='bbox 1757 599 1859 638; x_wconf 92' lang='lat' dir='ltr'><strong>non</strong></span> <span class='ocrx_word' id='word_1_26' title='bbox 1891 600 2150 640; x_wconf 83' lang='lat' dir='ltr'><strong>noveram</strong></span> 
     </span>
    </p>
   </div>
   <div class='ocr_carea' id='block_1_7' title="bbox 584 667 2151 746">
    <p class='ocr_par' dir='ltr' id='par_1_7' title="bbox 584 667 2151 746">
     <span class='ocr_line' id='line_1_7' title="bbox 584 667 2151 746; baseline 0.009 -30"><span class='ocrx_word' id='word_1_27' title='bbox 584 678 708 718; x_wconf 87' lang='lat' dir='ltr'><strong>eum</strong></span> <span class='ocrx_word' id='word_1_28' title='bbox 741 684 756 720; x_wconf 89' lang='lat'>:</span> <span class='ocrx_word' id='word_1_29' title='bbox 787 667 882 721; x_wconf 87' lang='lat' dir='ltr'><strong>sed</strong></span> <span class='ocrx_word' id='word_1_30' title='bbox 921 669 1014 736; x_wconf 90' lang='lat' dir='ltr'><strong>qui</strong></span> <span class='ocrx_word' id='word_1_31' title='bbox 1053 669 1205 724; x_wconf 89' lang='lat' dir='ltr'><strong>misit</strong></span> <span class='ocrx_word' id='word_1_32' title='bbox 1247 686 1332 724; x_wconf 90' lang='lat' dir='ltr'><strong>me</strong></span> <span class='ocrx_word' id='word_1_33' title='bbox 1379 674 1446 727; x_wconf 89' lang='lat' dir='ltr'><strong>ad</strong></span> <span class='ocrx_word' id='word_1_34' title='bbox 1490 674 1872 744; x_wconf 82' lang='lat' dir='ltr'><strong>baptizandum</strong></span> <span class='ocrx_word' id='word_1_35' title='bbox 1908 677 1960 730; x_wconf 92' lang='lat' dir='ltr'><strong>in</strong></span> <span class='ocrx_word' id='word_1_36' title='bbox 1991 692 2151 746; x_wconf 89' lang='lat' dir='ltr'><strong>aqua,</strong></span> 
     </span>
    </p>
   </div>
   <div class='ocr_carea' id='block_1_8' title="bbox 576 756 2150 838">
    <p class='ocr_par' dir='ltr' id='par_1_8' title="bbox 576 756 2150 838">
     <span class='ocr_line' id='line_1_8' title="bbox 576 756 2150 838; baseline 0.008 -27"><span class='ocrx_word' id='word_1_37' title='bbox 576 756 670 812; x_wconf 90' lang='lat' dir='ltr'><strong>ille</strong></span> <span class='ocrx_word' id='word_1_38' title='bbox 715 761 846 814; x_wconf 89' lang='lat' dir='ltr'><strong>mihi</strong></span> <span class='ocrx_word' id='word_1_39' title='bbox 893 762 1031 815; x_wconf 92' lang='lat' dir='ltr'><strong>dixit</strong></span> <span class='ocrx_word' id='word_1_40' title='bbox 1062 781 1077 817; x_wconf 91' lang='lat'><strong>:</strong></span> <span class='ocrx_word' id='word_1_41' title='bbox 1111 763 1290 833; x_wconf 75' lang='lat' dir='ltr'><strong>Super</strong></span> <span class='ocrx_word' id='word_1_42' title='bbox 1316 780 1475 833; x_wconf 89' lang='lat' dir='ltr'><strong>quem</strong></span> <span class='ocrx_word' id='word_1_43' title='bbox 1517 767 1723 822; x_wconf 87' lang='lat' dir='ltr'><strong>videris</strong></span> <span class='ocrx_word' id='word_1_44' title='bbox 1759 769 2016 838; x_wconf 86' lang='lat' dir='ltr'><strong>Spiritum</strong></span> <span class='ocrx_word' id='word_1_45' title='bbox 2056 773 2150 824; x_wconf 88' lang='lat' dir='ltr'><strong>de-</strong></span> 
     </span>
    </p>
   </div>
   <div class='ocr_carea' id='block_1_9' title="bbox 572 849 2148 932">
    <p class='ocr_par' dir='ltr' id='par_1_9' title="bbox 572 849 2148 932">
     <span class='ocr_line' id='line_1_9' title="bbox 572 849 2148 932; baseline 0.01 -31"><span class='ocrx_word' id='word_1_46' title='bbox 572 849 922 904; x_wconf 89' lang='lat' dir='ltr'><strong>scendentem</strong></span> <span class='ocrx_word' id='word_1_47' title='bbox 958 862 1013 905; x_wconf 91' lang='lat' dir='ltr'><strong>et</strong></span> <span class='ocrx_word' id='word_1_48' title='bbox 1050 864 1360 930; x_wconf 86' lang='lat' dir='ltr'><strong>manentem</strong></span> <span class='ocrx_word' id='word_1_49' title='bbox 1402 872 1568 926; x_wconf 81' lang='lat' dir='ltr'><strong>super</strong></span> <span class='ocrx_word' id='word_1_50' title='bbox 1609 875 1755 924; x_wconf 92' lang='lat' dir='ltr'><strong>eum,</strong></span> <span class='ocrx_word' id='word_1_51' title='bbox 1805 862 1894 916; x_wconf 91' lang='lat' dir='ltr'><strong>hic</strong></span> <span class='ocrx_word' id='word_1_52' title='bbox 1931 872 2014 916; x_wconf 81' lang='lat' dir='ltr'><strong>est</strong></span> <span class='ocrx_word' id='word_1_53' title='bbox 2056 864 2148 932; x_wconf 88' lang='lat' dir='ltr'><strong>qui</strong></span> 
     </span>
    </p>
   </div>
   <div class='ocr_carea' id='block_1_10' title="bbox 574 939 2152 1020">
    <p class='ocr_par' dir='ltr' id='par_1_10' title="bbox 574 939 2152 1020">
     <span class='ocr_line' id='line_1_10' title="bbox 574 939 2152 1020; baseline 0.011 -28"><span class='ocrx_word' id='word_1_54' title='bbox 574 939 812 1006; x_wconf 83' lang='lat' dir='ltr'><strong>baptizat</strong></span> <span class='ocrx_word' id='word_1_55' title='bbox 843 943 894 996; x_wconf 93' lang='lat' dir='ltr'><strong>in</strong></span> <span class='ocrx_word' id='word_1_56' title='bbox 927 944 1134 1013; x_wconf 89' lang='lat' dir='ltr'><strong>Spiritu</strong></span> <span class='ocrx_word' id='word_1_57' title='bbox 1172 957 1386 1003; x_wconf 88' lang='lat' dir='ltr'><strong>sancto.</strong></span> <span class='ocrx_word' id='word_1_58' title='bbox 1427 949 1491 1002; x_wconf 84' lang='lat' dir='ltr'><strong>Et</strong></span> <span class='ocrx_word' id='word_1_59' title='bbox 1529 965 1629 1020; x_wconf 78' lang='lat' dir='ltr'><strong>ego</strong></span> <span class='ocrx_word' id='word_1_60' title='bbox 1656 953 1788 1017; x_wconf 90' lang='lat' dir='ltr'><strong>vidi,</strong></span> <span class='ocrx_word' id='word_1_61' title='bbox 1817 961 1869 1006; x_wconf 88' lang='lat' dir='ltr'><strong>et</strong></span> <span class='ocrx_word' id='word_1_62' title='bbox 1899 955 2152 1010; x_wconf 87' lang='lat' dir='ltr'><strong>testifica-</strong></span> 
     </span>
    </p>
   </div>
   <div class='ocr_carea' id='block_1_11' title="bbox 576 1034 2148 1113">
    <p class='ocr_par' dir='ltr' id='par_1_11' title="bbox 576 1034 2148 1113">
     <span class='ocr_line' id='line_1_11' title="bbox 576 1034 2148 1113; baseline 0.011 -32"><span class='ocrx_word' id='word_1_63' title='bbox 576 1036 661 1084; x_wconf 93' lang='lat' dir='ltr'><strong>tus</strong></span> <span class='ocrx_word' id='word_1_64' title='bbox 683 1047 824 1098; x_wconf 89' lang='lat' dir='ltr'><strong>smn,</strong></span> <span class='ocrx_word' id='word_1_65' title='bbox 855 1034 998 1089; x_wconf 88' lang='lat' dir='ltr'><strong>hunc</strong></span> <span class='ocrx_word' id='word_1_66' title='bbox 1018 1050 1138 1090; x_wconf 86' lang='lat' dir='ltr'><strong>esse</strong></span> <span class='ocrx_word' id='word_1_67' title='bbox 1167 1035 1363 1091; x_wconf 86' lang='lat' dir='ltr'><strong>Filium</strong></span> <span class='ocrx_word' id='word_1_68' title='bbox 1400 1039 1493 1093; x_wconf 89' lang='lat' dir='ltr'><strong>Dei</strong></span> <span class='ocrx_word' id='word_1_69' title='bbox 1514 1040 1579 1095; x_wconf 84' lang='grc'><strong>³⁹.</strong></span> <span class='ocrx_word' id='word_1_70' title='bbox 1617 1060 1636 1094; x_wconf 74' lang='grc' dir='ltr'><strong>ι</strong></span> <span class='ocrx_word' id='word_1_71' title='bbox 1671 1041 1841 1096; x_wconf 90' lang='lat' dir='ltr'><strong>Porro</strong></span> <span class='ocrx_word' id='word_1_72' title='bbox 1869 1048 2148 1113; x_wconf 88' lang='lat' dir='ltr'><strong>sexlajam</strong></span> 
     </span>
    </p>
   </div>
   <div class='ocr_carea' id='block_1_12' title="bbox 575 1125 2148 1200">
    <p class='ocr_par' dir='ltr' id='par_1_12' title="bbox 575 1125 2148 1200">
     <span class='ocr_line' id='line_1_12' title="bbox 575 1125 2148 1200; baseline 0.011 -25"><span class='ocrx_word' id='word_1_73' title='bbox 575 1125 696 1177; x_wconf 84' lang='lat' dir='ltr'><strong>vice</strong></span> <span class='ocrx_word' id='word_1_74' title='bbox 727 1125 1097 1181; x_wconf 83' lang='lat' dir='ltr'><strong>testimonium</strong></span> <span class='ocrx_word' id='word_1_75' title='bbox 1128 1129 1377 1200; x_wconf 86' lang='lat' dir='ltr'><strong>perhibet</strong></span> <span class='ocrx_word' id='word_1_76' title='bbox 1407 1129 1626 1186; x_wconf 86' lang='lat' dir='ltr'><strong>Christo</strong></span> <span class='ocrx_word' id='word_1_77' title='bbox 1662 1134 1713 1188; x_wconf 94' lang='lat' dir='ltr'><strong>in</strong></span> <span class='ocrx_word' id='word_1_78' title='bbox 1745 1134 1954 1191; x_wconf 88' lang='lat' dir='ltr'><strong>duobus</strong></span> <span class='ocrx_word' id='word_1_79' title='bbox 1983 1137 2148 1192; x_wconf 90' lang='lat' dir='ltr'><strong>disci-</strong></span> 
     </span>
    </p>
   </div>
   <div class='ocr_carea' id='block_1_13' title="bbox 573 1214 2146 1293">
    <p class='ocr_par' dir='ltr' id='par_1_13' title="bbox 573 1214 2146 1293">
     <span class='ocr_line' id='line_1_13' title="bbox 573 1214 2146 1293; baseline 0.013 -31"><span class='ocrx_word' id='word_1_80' title='bbox 573 1214 712 1280; x_wconf 91' lang='lat' dir='ltr'><strong>pulis</strong></span> <span class='ocrx_word' id='word_1_81' title='bbox 735 1215 1014 1283; x_wconf 79' lang='lat' dir='ltr'><strong>Joannes,</strong></span> <span class='ocrx_word' id='word_1_82' title='bbox 1055 1235 1178 1274; x_wconf 89' lang='lat' dir='ltr'><strong>cum</strong></span> <span class='ocrx_word' id='word_1_83' title='bbox 1218 1241 1237 1273; x_wconf 74' lang='grc' dir='ltr'><strong>ι</strong></span> <span class='ocrx_word' id='word_1_84' title='bbox 1273 1222 1500 1277; x_wconf 90' lang='lat' dir='ltr'><strong>intuitus</strong></span> <span class='ocrx_word' id='word_1_85' title='bbox 1531 1223 1714 1279; x_wconf 88' lang='lat' dir='ltr'><strong>Jesum</strong></span> <span class='ocrx_word' id='word_1_86' title='bbox 1755 1226 2146 1293; x_wconf 83' lang='lat' dir='ltr'><strong>ambulantem,</strong></span> 
     </span>
    </p>
   </div>
   <div class='ocr_carea' id='block_1_14' title="bbox 573 1306 2149 1388">
    <p class='ocr_par' dir='ltr' id='par_1_14' title="bbox 573 1306 2149 1388">
     <span class='ocr_line' id='line_1_14' title="bbox 573 1306 2149 1388; baseline 0.011 -31"><span class='ocrx_word' id='word_1_87' title='bbox 573 1306 754 1374; x_wconf 84' lang='lat' dir='ltr'><strong>inquit</strong></span> <span class='ocrx_word' id='word_1_88' title='bbox 786 1327 800 1363; x_wconf 89' lang='lat'><strong>:</strong></span> <span class='ocrx_word' id='word_1_89' title='bbox 833 1309 974 1366; x_wconf 86' lang='lat' dir='ltr'><strong>Ecce</strong></span> <span class='ocrx_word' id='word_1_90' title='bbox 999 1311 1191 1382; x_wconf 79' lang='lat' dir='ltr'><strong>Agnus</strong></span> <span class='ocrx_word' id='word_1_91' title='bbox 1216 1315 1303 1370; x_wconf 87' lang='lat' dir='ltr'><strong>ille</strong></span> <span class='ocrx_word' id='word_1_92' title='bbox 1332 1316 1425 1371; x_wconf 92' lang='lat' dir='ltr'><strong>Dei</strong></span> <span class='ocrx_word' id='word_1_93' title='bbox 1444 1317 1541 1372; x_wconf 72' lang='lat' dir='ltr'><strong>“.i</strong></span> <span class='ocrx_word' id='word_1_94' title='bbox 1567 1318 1692 1373; x_wconf 89' lang='lat' dir='ltr'><strong>Post</strong></span> <span class='ocrx_word' id='word_1_95' title='bbox 1726 1321 1869 1388; x_wconf 91' lang='lat' dir='ltr'><strong>quod</strong></span> <span class='ocrx_word' id='word_1_96' title='bbox 1903 1321 2149 1375; x_wconf 83' lang='lat' dir='ltr'><strong>testimo-</strong></span> 
     </span>
    </p>
   </div>
   <div class='ocr_carea' id='block_1_15' title="bbox 579 1399 2147 1480">
    <p class='ocr_par' dir='ltr' id='par_1_15' title="bbox 579 1399 2147 1480">
     <span class='ocr_line' id='line_1_15' title="bbox 579 1399 2147 1480; baseline 0.013 -30"><span class='ocrx_word' id='word_1_97' title='bbox 579 1399 731 1452; x_wconf 88' lang='lat' dir='ltr'><strong>nium</strong></span> <span class='ocrx_word' id='word_1_98' title='bbox 769 1415 892 1455; x_wconf 85' lang='lat' dir='ltr'><strong>cum</strong></span> <span class='ocrx_word' id='word_1_99' title='bbox 919 1407 1202 1460; x_wconf 82' lang='lat' dir='ltr'><strong>audissent</strong></span> <span class='ocrx_word' id='word_1_100' title='bbox 1233 1411 1342 1463; x_wconf 89' lang='lat' dir='ltr'><strong>duo</strong></span> <span class='ocrx_word' id='word_1_101' title='bbox 1384 1409 1632 1479; x_wconf 83' lang='lat' dir='ltr'><strong>discipuli</strong></span> <span class='ocrx_word' id='word_1_102' title='bbox 1663 1411 1951 1480; x_wconf 83' lang='lat' dir='ltr'><strong>Joannem,</strong></span> <span class='ocrx_word' id='word_1_103' title='bbox 1993 1431 2147 1470; x_wconf 87' lang='lat' dir='ltr'><strong>secu-</strong></span> 
     </span>
    </p>
   </div>
   <div class='ocr_carea' id='block_1_16' title="bbox 571 1490 2148 1578">
    <p class='ocr_par' dir='ltr' id='par_1_16' title="bbox 571 1490 2148 1578">
     <span class='ocr_line' id='line_1_16' title="bbox 571 1490 2148 1578; baseline 0.013 -37"><span class='ocrx_word' id='word_1_104' title='bbox 571 1490 721 1558; x_wconf 84' lang='lat' dir='ltr'><strong>tique</strong></span> <span class='ocrx_word' id='word_1_105' title='bbox 759 1491 988 1549; x_wconf 80' lang='lat' dir='ltr'><strong>fuissent</strong></span> <span class='ocrx_word' id='word_1_106' title='bbox 1027 1495 1236 1563; x_wconf 88' lang='lat' dir='ltr'><strong>Jesum,</strong></span> <span class='ocrx_word' id='word_1_107' title='bbox 1268 1518 1286 1551; x_wconf 74' lang='grc' dir='ltr'><strong>ι</strong></span> <span class='ocrx_word' id='word_1_108' title='bbox 1319 1516 1616 1557; x_wconf 90' lang='lat' dir='ltr'><strong>conversus</strong></span> <span class='ocrx_word' id='word_1_109' title='bbox 1637 1502 1813 1568; x_wconf 83' lang='lat' dir='ltr'><strong>Jesus,</strong></span> <span class='ocrx_word' id='word_1_110' title='bbox 1850 1517 1902 1560; x_wconf 88' lang='lat' dir='ltr'><strong>et</strong></span> <span class='ocrx_word' id='word_1_111' title='bbox 1931 1509 2148 1578; x_wconf 84' lang='lat' dir='ltr'><strong>conspi-</strong></span> 
     </span>
    </p>
   </div>
   <div class='ocr_carea' id='block_1_17' title="bbox 567 1585 2146 1668">
    <p class='ocr_par' dir='ltr' id='par_1_17' title="bbox 567 1585 2146 1668">
     <span class='ocr_line' id='line_1_17' title="bbox 567 1585 2146 1668; baseline 0.013 -34"><span class='ocrx_word' id='word_1_112' title='bbox 567 1592 722 1636; x_wconf 80' lang='lat' dir='ltr'><strong>catus</strong></span> <span class='ocrx_word' id='word_1_113' title='bbox 751 1585 886 1641; x_wconf 92' lang='lat' dir='ltr'><strong>duos</strong></span> <span class='ocrx_word' id='word_1_114' title='bbox 923 1601 1232 1658; x_wconf 83' lang='lat' dir='ltr'><strong>sequentes,</strong></span> <span class='ocrx_word' id='word_1_115' title='bbox 1256 1594 1548 1664; x_wconf 87' lang='lat' dir='ltr'><strong>respondet</strong></span> <span class='ocrx_word' id='word_1_116' title='bbox 1568 1595 1792 1652; x_wconf 91' lang='lat' dir='ltr'><strong>dicens:</strong></span> <span class='ocrx_word' id='word_1_117' title='bbox 1821 1597 1959 1664; x_wconf 84' lang='lat' dir='ltr'><strong>Quid</strong></span> <span class='ocrx_word' id='word_1_118' title='bbox 1992 1615 2146 1668; x_wconf 73' lang='lat' dir='ltr'><strong>qua:-</strong></span> 
     </span>
    </p>
   </div>
   <div class='ocr_carea' id='block_1_18' title="bbox 567 1672 2146 1758">
    <p class='ocr_par' dir='ltr' id='par_1_18' title="bbox 567 1672 2146 1758">
     <span class='ocr_line' id='line_1_18' title="bbox 567 1672 2146 1758; baseline 0.013 -32"><span class='ocrx_word' id='word_1_119' title='bbox 567 1672 690 1728; x_wconf 89' lang='lat' dir='ltr'><strong>ritis</strong></span> <span class='ocrx_word' id='word_1_120' title='bbox 707 1675 788 1729; x_wconf 71' lang='lat'><strong>“7</strong></span> <span class='ocrx_word' id='word_1_121' title='bbox 825 1695 844 1729; x_wconf 77' lang='grc' dir='ltr'><strong>ι</strong></span> <span class='ocrx_word' id='word_1_122' title='bbox 877 1678 943 1733; x_wconf 85' lang='grc' dir='ltr'>Ει</span> <span class='ocrx_word' id='word_1_123' title='bbox 970 1681 1222 1739; x_wconf 81' lang='lat' dir='ltr'><strong>fortassis</strong></span> <span class='ocrx_word' id='word_1_124' title='bbox 1253 1701 1364 1739; x_wconf 93' lang='lat' dir='ltr'><strong>non</strong></span> <span class='ocrx_word' id='word_1_125' title='bbox 1400 1685 1602 1741; x_wconf 79' lang='lat' dir='ltr'><strong>frustra</strong></span> <span class='ocrx_word' id='word_1_126' title='bbox 1627 1699 1749 1758; x_wconf 90' lang='lat' dir='ltr'><strong>post</strong></span> <span class='ocrx_word' id='word_1_127' title='bbox 1782 1705 1873 1744; x_wconf 88' lang='lat' dir='ltr'><strong>sex</strong></span> <span class='ocrx_word' id='word_1_128' title='bbox 1901 1693 2146 1746; x_wconf 88' lang='lat' dir='ltr'><strong>testimo-</strong></span> 
     </span>
    </p>
   </div>
   <div class='ocr_carea' id='block_1_19' title="bbox 566 1767 2140 1850">
    <p class='ocr_par' dir='ltr' id='par_1_19' title="bbox 566 1767 2140 1850">
     <span class='ocr_line' id='line_1_19' title="bbox 566 1767 2140 1850; baseline 0.011 -31"><span class='ocrx_word' id='word_1_129' title='bbox 566 1767 657 1821; x_wconf 87' lang='lat' dir='ltr'><strong>nia</strong></span> <span class='ocrx_word' id='word_1_130' title='bbox 710 1780 891 1825; x_wconf 84' lang='lat' dir='ltr'><strong>cessat</strong></span> <span class='ocrx_word' id='word_1_131' title='bbox 927 1772 1168 1832; x_wconf 85' lang='lat' dir='ltr'><strong>Joannes</strong></span> <span class='ocrx_word' id='word_1_132' title='bbox 1215 1779 1523 1843; x_wconf 87' lang='lat' dir='ltr'><strong>testificari,</strong></span> <span class='ocrx_word' id='word_1_133' title='bbox 1576 1790 1630 1836; x_wconf 81' lang='lat' dir='ltr'><strong>et</strong></span> <span class='ocrx_word' id='word_1_134' title='bbox 1670 1779 1827 1836; x_wconf 81' lang='lat' dir='ltr'><strong>Jesus</strong></span> <span class='ocrx_word' id='word_1_135' title='bbox 1859 1783 2065 1850; x_wconf 87' lang='lat' dir='ltr'><strong>profert</strong></span> <span class='ocrx_word' id='word_1_136' title='bbox 2089 1785 2140 1837; x_wconf 93' lang='lat' dir='ltr'><strong>in</strong></span> 
     </span>
    </p>
   </div>
   <div class='ocr_carea' id='block_1_20' title="bbox 567 1861 2142 1942">
    <p class='ocr_par' dir='ltr' id='par_1_20' title="bbox 567 1861 2142 1942">
     <span class='ocr_line' id='line_1_20' title="bbox 567 1861 2142 1942; baseline 0.011 -29"><span class='ocrx_word' id='word_1_137' title='bbox 567 1861 836 1929; x_wconf 87' lang='lat' dir='ltr'><strong>septimo:</strong></span> <span class='ocrx_word' id='word_1_138' title='bbox 864 1883 882 1916; x_wconf 75' lang='grc' dir='ltr'><strong>ι</strong></span> <span class='ocrx_word' id='word_1_139' title='bbox 911 1865 1052 1934; x_wconf 85' lang='lat' dir='ltr'><strong>Quid</strong></span> <span class='ocrx_word' id='word_1_140' title='bbox 1074 1870 1349 1938; x_wconf 71' lang='lat' dir='ltr'><strong>qureritis?</strong></span> <span class='ocrx_word' id='word_1_141' title='bbox 1369 1889 1388 1924; x_wconf 72' lang='grc' dir='ltr'><strong>ι</strong></span> <span class='ocrx_word' id='word_1_142' title='bbox 1413 1871 1508 1928; x_wconf 82' lang='lat' dir='ltr'><strong>llis</strong></span> <span class='ocrx_word' id='word_1_143' title='bbox 1541 1872 1763 1942; x_wconf 91' lang='lat' dir='ltr'><strong>insuper</strong></span> <span class='ocrx_word' id='word_1_144' title='bbox 1793 1876 1882 1942; x_wconf 91' lang='lat' dir='ltr'><strong>qui</strong></span> <span class='ocrx_word' id='word_1_145' title='bbox 1917 1873 2142 1931; x_wconf 83' lang='lat' dir='ltr'><strong>Joannis</strong></span> 
     </span>
    </p>
   </div>
   <div class='ocr_carea' id='block_1_21' title="bbox 562 1952 2142 2036">
    <p class='ocr_par' dir='ltr' id='par_1_21' title="bbox 562 1952 2142 2036">
     <span class='ocr_line' id='line_1_21' title="bbox 562 1952 2142 2036; baseline 0.012 -33"><span class='ocrx_word' id='word_1_146' title='bbox 562 1952 877 2008; x_wconf 73' lang='lat' dir='ltr'><strong>testimonio</strong></span> <span class='ocrx_word' id='word_1_147' title='bbox 916 1957 1082 2024; x_wconf 76' lang='lat' dir='ltr'><strong>adjuti</strong></span> <span class='ocrx_word' id='word_1_148' title='bbox 1123 1959 1348 2026; x_wconf 89' lang='lat' dir='ltr'><strong>fuerint,</strong></span> <span class='ocrx_word' id='word_1_149' title='bbox 1383 1977 1488 2016; x_wconf 91' lang='lat' dir='ltr'><strong>vox</strong></span> <span class='ocrx_word' id='word_1_150' title='bbox 1518 1974 1602 2018; x_wconf 90' lang='lat' dir='ltr'><strong>est</strong></span> <span class='ocrx_word' id='word_1_151' title='bbox 1632 1965 1722 2018; x_wconf 88' lang='lat' dir='ltr'><strong>illa</strong></span> <span class='ocrx_word' id='word_1_152' title='bbox 1757 1967 1986 2025; x_wconf 88' lang='lat' dir='ltr'><strong>decens.</strong></span> <span class='ocrx_word' id='word_1_153' title='bbox 2021 1983 2142 2036; x_wconf 72' lang='lat' dir='ltr'><strong>qua:</strong></span> 
     </span>
    </p>
   </div>
   <div class='ocr_carea' id='block_1_22' title="bbox 559 2043 2138 2120">
    <p class='ocr_par' dir='ltr' id='par_1_22' title="bbox 559 2043 2138 2120">
     <span class='ocr_line' id='line_1_22' title="bbox 559 2043 2138 2120; baseline 0.013 -31"><span class='ocrx_word' id='word_1_154' title='bbox 559 2043 826 2108; x_wconf 67' lang='lat' dir='ltr'><strong>praedicat</strong></span> <span class='ocrx_word' id='word_1_155' title='bbox 876 2045 1152 2104; x_wconf 88' lang='lat' dir='ltr'><strong>Christum</strong></span> <span class='ocrx_word' id='word_1_156' title='bbox 1189 2053 1536 2120; x_wconf 81' lang='lat' dir='ltr'><strong>magistrum,</strong></span> <span class='ocrx_word' id='word_1_157' title='bbox 1557 2063 1617 2109; x_wconf 81' lang='lat' dir='ltr'><strong>et~</strong></span> <span class='ocrx_word' id='word_1_158' title='bbox 1645 2054 1846 2109; x_wconf 79' lang='lat' dir='ltr'><strong>fatetur</strong></span> <span class='ocrx_word' id='word_1_159' title='bbox 1875 2057 1993 2110; x_wconf 85' lang='lat' dir='ltr'><strong>Filii</strong></span> <span class='ocrx_word' id='word_1_160' title='bbox 2046 2058 2138 2112; x_wconf 84' lang='lat' dir='ltr'><strong>Dei</strong></span> 
     </span>
    </p>
   </div>
   <div class='ocr_carea' id='block_1_23' title="bbox 559 2135 2136 2210">
    <p class='ocr_par' dir='ltr' id='par_1_23' title="bbox 559 2135 2136 2210">
     <span class='ocr_line' id='line_1_23' title="bbox 559 2135 2136 2210; baseline 0.009 -24"><span class='ocrx_word' id='word_1_161' title='bbox 559 2135 944 2192; x_wconf 89' lang='lat' dir='ltr'><strong>domunculam</strong></span> <span class='ocrx_word' id='word_1_162' title='bbox 1002 2157 1199 2210; x_wconf 87' lang='lat' dir='ltr'><strong>cupere</strong></span> <span class='ocrx_word' id='word_1_163' title='bbox 1241 2159 1299 2198; x_wconf 92' lang='lat' dir='ltr'><strong>se</strong></span> <span class='ocrx_word' id='word_1_164' title='bbox 1353 2145 1577 2200; x_wconf 90' lang='lat' dir='ltr'><strong>intueri.</strong></span> <span class='ocrx_word' id='word_1_165' title='bbox 1623 2146 1756 2200; x_wconf 87' lang='lat' dir='ltr'><strong>Nam</strong></span> <span class='ocrx_word' id='word_1_166' title='bbox 1794 2149 1980 2204; x_wconf 87' lang='lat' dir='ltr'><strong>dicunt</strong></span> <span class='ocrx_word' id='word_1_167' title='bbox 2012 2150 2086 2204; x_wconf 93' lang='lat' dir='ltr'><strong>illi</strong></span> <span class='ocrx_word' id='word_1_168' title='bbox 2123 2166 2136 2200; x_wconf 92' lang='lat'><strong>:</strong></span> 
     </span>
    </p>
   </div>
   <div class='ocr_carea' id='block_1_24' title="bbox 562 2224 2136 2312">
    <p class='ocr_par' dir='ltr' id='par_1_24' title="bbox 562 2224 2136 2312">
     <span class='ocr_line' id='line_1_24' title="bbox 562 2224 2136 2312; baseline 0.011 -35"><span class='ocrx_word' id='word_1_169' title='bbox 562 2245 583 2277; x_wconf 76' lang='grc' dir='ltr'><strong>σ</strong></span> <span class='ocrx_word' id='word_1_170' title='bbox 621 2224 815 2291; x_wconf 81' lang='lat' dir='ltr'><strong>Rabbi,</strong></span> <span class='ocrx_word' id='word_1_171' title='bbox 838 2231 985 2299; x_wconf 86' lang='lat' dir='ltr'><strong>quod</strong></span> <span class='ocrx_word' id='word_1_172' title='bbox 1013 2233 1218 2288; x_wconf 90' lang='lat' dir='ltr'><strong>dicitur</strong></span> <span class='ocrx_word' id='word_1_173' title='bbox 1239 2251 1302 2290; x_wconf 90' lang='lat' dir='ltr'><strong>ex</strong></span> <span class='ocrx_word' id='word_1_174' title='bbox 1337 2237 1813 2307; x_wconf 86' lang='lat' dir='ltr'><strong>interpretatione,</strong></span> <span class='ocrx_word' id='word_1_175' title='bbox 1849 2240 2136 2312; x_wconf 74' lang='lat' dir='ltr'><strong>Magister,</strong></span> 
     </span>
    </p>
   </div>
   <div class='ocr_carea' id='block_1_25' title="bbox 557 2319 2140 2401">
    <p class='ocr_par' dir='ltr' id='par_1_25' title="bbox 557 2319 2140 2401">
     <span class='ocr_line' id='line_1_25' title="bbox 557 2319 2140 2401; baseline 0.012 -30"><span class='ocrx_word' id='word_1_176' title='bbox 557 2319 649 2372; x_wconf 91' lang='lat' dir='ltr'><strong>ubi</strong></span> <span class='ocrx_word' id='word_1_177' title='bbox 681 2335 872 2377; x_wconf 85' lang='lat' dir='ltr'><strong>manes</strong></span> <span class='ocrx_word' id='word_1_178' title='bbox 888 2323 1001 2377; x_wconf 71' lang='lat' dir='ltr'><strong>“‘h</strong></span> <span class='ocrx_word' id='word_1_179' title='bbox 1022 2325 1084 2379; x_wconf 89' lang='lat' dir='ltr'><strong>Et</strong></span> <span class='ocrx_word' id='word_1_180' title='bbox 1102 2327 1358 2396; x_wconf 85' lang='lat' dir='ltr'><strong>quoniam</strong></span> <span class='ocrx_word' id='word_1_181' title='bbox 1383 2327 1602 2385; x_wconf 69' lang='lat' dir='ltr'><strong>«Omnis</strong></span> <span class='ocrx_word' id='word_1_182' title='bbox 1634 2331 1725 2398; x_wconf 90' lang='lat' dir='ltr'><strong>qui</strong></span> <span class='ocrx_word' id='word_1_183' title='bbox 1755 2337 1968 2401; x_wconf 69' lang='lat' dir='ltr'><strong>quaerit,</strong></span> <span class='ocrx_word' id='word_1_184' title='bbox 1993 2333 2140 2390; x_wconf 86' lang='lat' dir='ltr'><strong>inve-</strong></span> 
     </span>
    </p>
   </div>
   <div class='ocr_carea' id='block_1_26' title="bbox 559 2409 2132 2490">
    <p class='ocr_par' dir='ltr' id='par_1_26' title="bbox 559 2409 2132 2490">
     <span class='ocr_line' id='line_1_26' title="bbox 559 2409 2132 2490; baseline 0.01 -26"><span class='ocrx_word' id='word_1_185' title='bbox 559 2411 644 2464; x_wconf 86' lang='lat' dir='ltr'><strong>nit</strong></span> <span class='ocrx_word' id='word_1_186' title='bbox 667 2409 734 2477; x_wconf 76' lang='lat'><strong>“,</strong></span> <span class='ocrx_word' id='word_1_187' title='bbox 765 2431 786 2464; x_wconf 76' lang='grc' dir='ltr'><strong>ι</strong></span> <span class='ocrx_word' id='word_1_188' title='bbox 818 2416 1186 2483; x_wconf 70' lang='lat' dir='ltr'><strong>quaerentibus</strong></span> <span class='ocrx_word' id='word_1_189' title='bbox 1204 2416 1428 2474; x_wconf 87' lang='lat' dir='ltr'><strong>Joannis</strong></span> <span class='ocrx_word' id='word_1_190' title='bbox 1444 2420 1728 2490; x_wconf 80' lang='lat' dir='ltr'><strong>discipulis</strong></span> <span class='ocrx_word' id='word_1_191' title='bbox 1749 2421 1874 2478; x_wconf 81' lang='lat' dir='ltr'><strong>Jesu</strong></span> <span class='ocrx_word' id='word_1_192' title='bbox 1903 2428 2132 2480; x_wconf 89' lang='lat' dir='ltr'><strong>mansio-</strong></span> 
     </span>
    </p>
   </div>
   <div class='ocr_carea' id='block_1_27' title="bbox 555 2511 2136 2580">
    <p class='ocr_par' dir='ltr' id='par_1_27' title="bbox 555 2511 2136 2580">
     <span class='ocr_line' id='line_1_27' title="bbox 555 2511 2136 2580; baseline 0.011 -24"><span class='ocrx_word' id='word_1_193' title='bbox 555 2516 708 2570; x_wconf 88' lang='lat' dir='ltr'><strong>nem,</strong></span> <span class='ocrx_word' id='word_1_194' title='bbox 740 2520 860 2560; x_wconf 81' lang='lat' dir='ltr'><strong>eam</strong></span> <span class='ocrx_word' id='word_1_195' title='bbox 892 2511 1131 2563; x_wconf 84' lang='lat' dir='ltr'><strong>ostendit</strong></span> <span class='ocrx_word' id='word_1_196' title='bbox 1177 2512 1310 2580; x_wconf 91' lang='lat' dir='ltr'><strong>ipsis</strong></span> <span class='ocrx_word' id='word_1_197' title='bbox 1351 2511 1510 2568; x_wconf 89' lang='lat' dir='ltr'><strong>Jesus</strong></span> <span class='ocrx_word' id='word_1_198' title='bbox 1542 2517 1768 2572; x_wconf 91' lang='lat' dir='ltr'><strong>dicens:</strong></span> <span class='ocrx_word' id='word_1_199' title='bbox 1814 2538 1831 2570; x_wconf 79' lang='grc' dir='ltr'><strong>ι</strong></span> <span class='ocrx_word' id='word_1_200' title='bbox 1872 2519 2062 2576; x_wconf 80' lang='lat' dir='ltr'><strong>Venite</strong></span> <span class='ocrx_word' id='word_1_201' title='bbox 2080 2529 2136 2575; x_wconf 89' lang='lat' dir='ltr'><strong>et</strong></span> 
     </span>
    </p>
   </div>
   <div class='ocr_carea' id='block_1_28' title="bbox 553 2595 2135 2674">
    <p class='ocr_par' dir='ltr' id='par_1_28' title="bbox 553 2595 2135 2674">
     <span class='ocr_line' id='line_1_28' title="bbox 553 2595 2135 2674; baseline 0.012 -24"><span class='ocrx_word' id='word_1_202' title='bbox 553 2595 836 2666; x_wconf 74' lang='lat' dir='ltr'><strong>videte“;</strong></span> <span class='ocrx_word' id='word_1_203' title='bbox 878 2618 901 2652; x_wconf 70' lang='grc' dir='ltr'><strong>ι</strong></span> <span class='ocrx_word' id='word_1_204' title='bbox 927 2600 1176 2657; x_wconf 82' lang='lat' dir='ltr'><strong>fortassis</strong></span> <span class='ocrx_word' id='word_1_205' title='bbox 1201 2621 1299 2674; x_wconf 91' lang='lat' dir='ltr'><strong>per</strong></span> <span class='ocrx_word' id='word_1_206' title='bbox 1330 2621 1539 2672; x_wconf 85' lang='lat' dir='ltr'><strong>vocem,</strong></span> <span class='ocrx_word' id='word_1_207' title='bbox 1571 2627 1589 2660; x_wconf 78' lang='grc' dir='ltr'><strong>ι</strong></span> <span class='ocrx_word' id='word_1_208' title='bbox 1617 2612 1817 2673; x_wconf 88' lang='lat' dir='ltr'><strong>venite.</strong></span> <span class='ocrx_word' id='word_1_209' title='bbox 1849 2632 1867 2666; x_wconf 76' lang='grc' dir='ltr'><strong>ι</strong></span> <span class='ocrx_word' id='word_1_210' title='bbox 1901 2614 2135 2669; x_wconf 88' lang='lat' dir='ltr'><strong>invitans</strong></span> 
     </span>
    </p>
   </div>
   <div class='ocr_carea' id='block_1_29' title="bbox 551 2691 2135 2770">
    <p class='ocr_par' dir='ltr' id='par_1_29' title="bbox 551 2691 2135 2770">
     <span class='ocr_line' id='line_1_29' title="bbox 551 2691 2135 2770; baseline 0.013 -27"><span class='ocrx_word' id='word_1_211' title='bbox 551 2704 650 2744; x_wconf 86' lang='lat' dir='ltr'><strong>eos</strong></span> <span class='ocrx_word' id='word_1_212' title='bbox 665 2691 732 2745; x_wconf 82' lang='lat' dir='ltr'><strong>ad</strong></span> <span class='ocrx_word' id='word_1_213' title='bbox 755 2706 874 2746; x_wconf 84' lang='lat' dir='ltr'><strong>eam</strong></span> <span class='ocrx_word' id='word_1_214' title='bbox 894 2694 1246 2764; x_wconf 67' lang='lat' dir='ltr'><strong>philosophiae</strong></span> <span class='ocrx_word' id='word_1_215' title='bbox 1271 2710 1478 2768; x_wconf 88' lang='lat' dir='ltr'><strong>partem</strong></span> <span class='ocrx_word' id='word_1_216' title='bbox 1496 2718 1616 2770; x_wconf 66' lang='lat' dir='ltr'><strong>qua!</strong></span> <span class='ocrx_word' id='word_1_217' title='bbox 1639 2705 1690 2756; x_wconf 91' lang='lat' dir='ltr'><strong>in</strong></span> <span class='ocrx_word' id='word_1_218' title='bbox 1715 2720 1895 2759; x_wconf 90' lang='lat' dir='ltr'><strong>rerum</strong></span> <span class='ocrx_word' id='word_1_219' title='bbox 1918 2708 2135 2763; x_wconf 86' lang='lat' dir='ltr'><strong>actione</strong></span> 
     </span>
    </p>
   </div>
   <div class='ocr_carea' id='block_1_30' title="bbox 551 2794 2132 2868">
    <p class='ocr_par' dir='ltr' id='par_1_30' title="bbox 551 2794 2132 2868">
     <span class='ocr_line' id='line_1_30' title="bbox 551 2794 2132 2868; baseline 0.011 -30"><span class='ocrx_word' id='word_1_220' title='bbox 551 2794 841 2852; x_wconf 76' lang='lat' dir='ltr'><strong>versatur;</strong></span> <span class='ocrx_word' id='word_1_221' title='bbox 879 2803 976 2856; x_wconf 90' lang='lat' dir='ltr'><strong>per</strong></span> <span class='ocrx_word' id='word_1_222' title='bbox 1011 2805 1196 2844; x_wconf 88' lang='lat' dir='ltr'><strong>vocem</strong></span> <span class='ocrx_word' id='word_1_223' title='bbox 1230 2807 1361 2847; x_wconf 86' lang='lat' dir='ltr'><strong>vero</strong></span> <span class='ocrx_word' id='word_1_224' title='bbox 1389 2812 1406 2845; x_wconf 77' lang='grc' dir='ltr'><strong>ι</strong></span> <span class='ocrx_word' id='word_1_225' title='bbox 1444 2795 1644 2859; x_wconf 88' lang='lat' dir='ltr'><strong>videte,</strong></span> <span class='ocrx_word' id='word_1_226' title='bbox 1673 2815 1692 2847; x_wconf 72' lang='grc' dir='ltr'><strong>ι</strong></span> <span class='ocrx_word' id='word_1_227' title='bbox 1718 2801 2132 2868; x_wconf 86' lang='lat' dir='ltr'><strong>contemplatio-</strong></span> 
     </span>
    </p>
   </div>
   <div class='ocr_carea' id='block_1_31' title="bbox 553 2877 2132 2949">
    <p class='ocr_par' dir='ltr' id='par_1_31' title="bbox 553 2877 2132 2949">
     <span class='ocr_line' id='line_1_31' title="bbox 553 2877 2132 2949; baseline 0.011 -22"><span class='ocrx_word' id='word_1_228' title='bbox 553 2887 680 2928; x_wconf 89' lang='lat' dir='ltr'><strong>nem</strong></span> <span class='ocrx_word' id='word_1_229' title='bbox 722 2877 984 2943; x_wconf 71' lang='lat' dir='ltr'><strong>prarclare</strong></span> <span class='ocrx_word' id='word_1_230' title='bbox 1019 2878 1164 2934; x_wconf 84' lang='lat' dir='ltr'><strong>facta</strong></span> <span class='ocrx_word' id='word_1_231' title='bbox 1208 2893 1552 2949; x_wconf 89' lang='lat' dir='ltr'><strong>sequentem,</strong></span> <span class='ocrx_word' id='word_1_232' title='bbox 1605 2888 1828 2942; x_wconf 88' lang='lat' dir='ltr'><strong>omnino</strong></span> <span class='ocrx_word' id='word_1_233' title='bbox 1857 2889 1942 2944; x_wconf 90' lang='lat' dir='ltr'><strong>his</strong></span> <span class='ocrx_word' id='word_1_234' title='bbox 1991 2891 2132 2946; x_wconf 90' lang='lat' dir='ltr'><strong>futu-</strong></span> 
     </span>
    </p>
   </div>
   <div class='ocr_carea' id='block_1_32' title="bbox 552 2971 2128 3045">
    <p class='ocr_par' dir='ltr' id='par_1_32' title="bbox 552 2971 2128 3045">
     <span class='ocr_line' id='line_1_32' title="bbox 552 2971 2128 3045; baseline 0.011 -24"><span class='ocrx_word' id='word_1_235' title='bbox 552 2983 668 3022; x_wconf 86' lang='lat' dir='ltr'><strong>ram</strong></span> <span class='ocrx_word' id='word_1_236' title='bbox 700 2971 790 3039; x_wconf 92' lang='lat' dir='ltr'><strong>qni</strong></span> <span class='ocrx_word' id='word_1_237' title='bbox 824 2971 1116 3038; x_wconf 90' lang='lat' dir='ltr'><strong>voluerint,</strong></span> <span class='ocrx_word' id='word_1_238' title='bbox 1158 2975 1475 3045; x_wconf 65' lang='lat' dir='ltr'><strong>designans,</strong></span> <span class='ocrx_word' id='word_1_239' title='bbox 1505 2979 1858 3034; x_wconf 79' lang='lat' dir='ltr'><strong>exsistentem</strong></span> <span class='ocrx_word' id='word_1_240' title='bbox 1899 2983 1950 3036; x_wconf 93' lang='lat' dir='ltr'><strong>in</strong></span> <span class='ocrx_word' id='word_1_241' title='bbox 1997 2982 2128 3038; x_wconf 88' lang='lat' dir='ltr'><strong>Jesu</strong></span> 
     </span>
    </p>
   </div>
   <div class='ocr_carea' id='block_1_33' title="bbox 554 3061 2126 3144">
    <p class='ocr_par' dir='ltr' id='par_1_33' title="bbox 554 3061 2126 3144">
     <span class='ocr_line' id='line_1_33' title="bbox 554 3061 2126 3144; baseline 0.012 -32"><span class='ocrx_word' id='word_1_242' title='bbox 554 3061 863 3118; x_wconf 82' lang='lat' dir='ltr'><strong>mansione.</strong></span> <span class='ocrx_word' id='word_1_243' title='bbox 911 3067 984 3119; x_wconf 86' lang='lat' dir='ltr'><strong>At</strong></span> <span class='ocrx_word' id='word_1_244' title='bbox 1025 3070 1116 3136; x_wconf 92' lang='lat' dir='ltr'><strong>qni</strong></span> <span class='ocrx_word' id='word_1_245' title='bbox 1161 3071 1494 3138; x_wconf 65' lang='lat' dir='ltr'><strong>quaesieram</strong></span> <span class='ocrx_word' id='word_1_246' title='bbox 1536 3071 1627 3125; x_wconf 88' lang='lat' dir='ltr'><strong>ubi</strong></span> <span class='ocrx_word' id='word_1_247' title='bbox 1663 3086 1906 3129; x_wconf 89' lang='lat' dir='ltr'><strong>maneret</strong></span> <span class='ocrx_word' id='word_1_248' title='bbox 1947 3074 2126 3144; x_wconf 84' lang='lat' dir='ltr'><strong>Jesus,</strong></span> 
     </span>
    </p>
   </div>
   <div class='ocr_carea' id='block_1_34' title="bbox 2254 582 3840 664">
    <p class='ocr_par' dir='ltr' id='par_1_34' title="bbox 2254 582 3840 664">
     <span class='ocr_line' id='line_1_34' title="bbox 2254 582 3840 664; baseline 0.005 -28"><span class='ocrx_word' id='word_1_249' title='bbox 2254 582 2415 656; x_wconf 78' lang='grc' dir='ltr'>ἦλθον</span> <span class='ocrx_word' id='word_1_250' title='bbox 2449 586 2558 654; x_wconf 82' lang='grc' dir='ltr'>ἐγὼ</span> <span class='ocrx_word' id='word_1_251' title='bbox 2600 588 2658 640; x_wconf 86' lang='grc' dir='ltr'>ὲν</span> <span class='ocrx_word' id='word_1_252' title='bbox 2693 587 2843 640; x_wconf 79' lang='grc' dir='ltr'>ὕδατι</span> <span class='ocrx_word' id='word_1_253' title='bbox 2887 588 3230 658; x_wconf 74' lang='grc' dir='ltr'>βαπτίζων.»</span> <span class='ocrx_word' id='word_1_254' title='bbox 3276 591 3382 644; x_wconf 77' lang='lat' dir='ltr'><strong>Kal</strong></span> <span class='ocrx_word' id='word_1_255' title='bbox 3433 590 3654 662; x_wconf 82' lang='grc' dir='ltr'>πέμπτη</span> <span class='ocrx_word' id='word_1_256' title='bbox 3695 609 3840 664; x_wconf 86' lang='grc' dir='ltr'>μαρ-</span> 
     </span>
    </p>
   </div>
   <div class='ocr_carea' id='block_1_35' title="bbox 2252 679 3841 754">
    <p class='ocr_par' dir='ltr' id='par_1_35' title="bbox 2252 679 3841 754">
     <span class='ocr_line' id='line_1_35' title="bbox 2252 679 3841 754; baseline 0.006 -26"><span class='ocrx_word' id='word_1_257' title='bbox 2252 679 2412 749; x_wconf 71' lang='grc' dir='ltr'>τυρία</span> <span class='ocrx_word' id='word_1_258' title='bbox 2439 679 2856 750; x_wconf 83' lang='grc' dir='ltr'>ἀναγέγραπται</span> <span class='ocrx_word' id='word_1_259' title='bbox 2890 682 3029 734; x_wconf 84' lang='grc' dir='ltr'><strong>κατά</strong></span> <span class='ocrx_word' id='word_1_260' title='bbox 3055 683 3116 735; x_wconf 88' lang='grc' dir='ltr'><strong>τό</strong></span> <span class='ocrx_word' id='word_1_261' title='bbox 3135 700 3148 712; x_wconf 92' lang='grc'><strong>·</strong></span> <span class='ocrx_word' id='word_1_262' title='bbox 3181 702 3197 732; x_wconf 74' lang='grc' dir='ltr'><strong>ι</strong></span> <span class='ocrx_word' id='word_1_263' title='bbox 3226 683 3501 754; x_wconf 86' lang='grc' dir='ltr'>Τεθέαμαι</span> <span class='ocrx_word' id='word_1_264' title='bbox 3527 683 3585 736; x_wconf 83' lang='grc' dir='ltr'>τὸ</span> <span class='ocrx_word' id='word_1_265' title='bbox 3613 684 3841 753; x_wconf 85' lang='grc' dir='ltr'>Πνεῦμα</span> 
     </span>
    </p>
   </div>
   <div class='ocr_carea' id='block_1_36' title="bbox 2261 769 3842 844">
    <p class='ocr_par' dir='ltr' id='par_1_36' title="bbox 2261 769 3842 844">
     <span class='ocr_line' id='line_1_36' title="bbox 2261 769 3842 844; baseline 0.003 -24"><span class='ocrx_word' id='word_1_266' title='bbox 2261 769 2583 821; x_wconf 81' lang='grc' dir='ltr'>καταϐαῖνον</span> <span class='ocrx_word' id='word_1_267' title='bbox 2617 770 2691 832; x_wconf 84' lang='grc' dir='ltr'>ὡς</span> <span class='ocrx_word' id='word_1_268' title='bbox 2726 771 3053 842; x_wconf 77' lang='grc' dir='ltr'>περιστερὰν</span> <span class='ocrx_word' id='word_1_269' title='bbox 3099 771 3158 837; x_wconf 81' lang='grc' dir='ltr'>ἐξ</span> <span class='ocrx_word' id='word_1_270' title='bbox 3203 772 3457 844; x_wconf 80' lang='grc' dir='ltr'>οὐρανοῦ,</span> <span class='ocrx_word' id='word_1_271' title='bbox 3499 775 3592 825; x_wconf 70' lang='grc' dir='ltr'><strong>καὶ</strong></span> <span class='ocrx_word' id='word_1_272' title='bbox 3625 773 3842 842; x_wconf 74' lang='grc' dir='ltr'>ἔμεινεν</span> 
     </span>
    </p>
   </div>
   <div class='ocr_carea' id='block_1_37' title="bbox 2254 859 3840 934">
    <p class='ocr_par' dir='ltr' id='par_1_37' title="bbox 2254 859 3840 934">
     <span class='ocr_line' id='line_1_37' title="bbox 2254 859 3840 934; baseline 0.006 -25"><span class='ocrx_word' id='word_1_273' title='bbox 2254 859 2338 910; x_wconf 75' lang='grc' dir='ltr'><strong>ἐπ’</strong></span> <span class='ocrx_word' id='word_1_274' title='bbox 2374 859 2554 913; x_wconf 71' lang='grc' dir='ltr'>αὐτόν.</span> <span class='ocrx_word' id='word_1_275' title='bbox 2593 859 2763 927; x_wconf 84' lang='grc' dir='ltr'>Κάγὼ</span> <span class='ocrx_word' id='word_1_276' title='bbox 2807 862 2907 914; x_wconf 78' lang='grc' dir='ltr'>οὑκ</span> <span class='ocrx_word' id='word_1_277' title='bbox 2954 861 3100 933; x_wconf 75' lang='grc' dir='ltr'>ᾔδειν</span> <span class='ocrx_word' id='word_1_278' title='bbox 3142 863 3342 916; x_wconf 79' lang='grc' dir='ltr'>αὐτόν·</span> <span class='ocrx_word' id='word_1_279' title='bbox 3382 863 3556 916; x_wconf 76' lang='grc' dir='ltr'>ἀλλ“ό</span> <span class='ocrx_word' id='word_1_280' title='bbox 3613 864 3840 934; x_wconf 67' lang='grc' dir='ltr'>πέμψας</span> 
     </span>
    </p>
   </div>
   <div class='ocr_carea' id='block_1_38' title="bbox 2255 949 3837 1026">
    <p class='ocr_par' dir='ltr' id='par_1_38' title="bbox 2255 949 3837 1026">
     <span class='ocr_line' id='line_1_38' title="bbox 2255 949 3837 1026; baseline 0.005 -24"><span class='ocrx_word' id='word_1_281' title='bbox 2255 967 2323 1020; x_wconf 91' lang='grc' dir='ltr'><strong>με</strong></span> <span class='ocrx_word' id='word_1_282' title='bbox 2357 949 2636 1019; x_wconf 72' lang='grc' dir='ltr'><strong>βαπτίζειν</strong></span> <span class='ocrx_word' id='word_1_283' title='bbox 2680 955 2736 1004; x_wconf 84' lang='grc' dir='ltr'>ἐν</span> <span class='ocrx_word' id='word_1_284' title='bbox 2771 952 2956 1016; x_wconf 76' lang='grc' dir='ltr'>ὕδατι,</span> <span class='ocrx_word' id='word_1_285' title='bbox 3004 955 3207 1017; x_wconf 79' lang='grc' dir='ltr'>ἐκεῖνός</span> <span class='ocrx_word' id='word_1_286' title='bbox 3271 972 3359 1024; x_wconf 89' lang='grc' dir='ltr'><strong>μοι</strong></span> <span class='ocrx_word' id='word_1_287' title='bbox 3409 950 3587 1007; x_wconf 78' lang='grc' dir='ltr'>εἶπεν·</span> <span class='ocrx_word' id='word_1_288' title='bbox 3631 956 3745 1026; x_wconf 79' lang='grc' dir='ltr'><strong>Ἐφ’</strong></span> <span class='ocrx_word' id='word_1_289' title='bbox 3777 959 3837 1011; x_wconf 81' lang='grc' dir='ltr'>ὃν</span> 
     </span>
    </p>
   </div>
   <div class='ocr_carea' id='block_1_39' title="bbox 2251 1040 3834 1117">
    <p class='ocr_par' dir='ltr' id='par_1_39' title="bbox 2251 1040 3834 1117">
     <span class='ocr_line' id='line_1_39' title="bbox 2251 1040 3834 1117; baseline 0.004 -24"><span class='ocrx_word' id='word_1_290' title='bbox 2251 1040 2317 1093; x_wconf 84' lang='grc' dir='ltr'>ἂν</span> <span class='ocrx_word' id='word_1_291' title='bbox 2348 1043 2463 1115; x_wconf 75' lang='grc' dir='ltr'>ἴδῃς</span> <span class='ocrx_word' id='word_1_292' title='bbox 2495 1043 2556 1095; x_wconf 75' lang='grc' dir='ltr'><strong>τὸ</strong></span> <span class='ocrx_word' id='word_1_293' title='bbox 2584 1044 2804 1114; x_wconf 81' lang='grc' dir='ltr'>Ηνεῦμα</span> <span class='ocrx_word' id='word_1_294' title='bbox 2840 1045 3186 1108; x_wconf 83' lang='grc' dir='ltr'>καταϐαῖνον,</span> <span class='ocrx_word' id='word_1_295' title='bbox 3218 1047 3310 1098; x_wconf 75' lang='grc' dir='ltr'>καὶ</span> <span class='ocrx_word' id='word_1_296' title='bbox 3342 1046 3502 1117; x_wconf 87' lang='grc' dir='ltr'>μένον</span> <span class='ocrx_word' id='word_1_297' title='bbox 3537 1049 3622 1100; x_wconf 79' lang='grc' dir='ltr'><strong>ἐπ’</strong></span> <span class='ocrx_word' id='word_1_298' title='bbox 3647 1049 3834 1111; x_wconf 78' lang='grc' dir='ltr'>αὑτὸν,</span> 
     </span>
    </p>
   </div>
   <div class='ocr_carea' id='block_1_40' title="bbox 2250 1128 3838 1209">
    <p class='ocr_par' dir='ltr' id='par_1_40' title="bbox 2250 1128 3838 1209">
     <span class='ocr_line' id='line_1_40' title="bbox 2250 1128 3838 1209; baseline 0.005 -25"><span class='ocrx_word' id='word_1_299' title='bbox 2250 1128 2404 1196; x_wconf 79' lang='grc' dir='ltr'>οῦτός</span> <span class='ocrx_word' id='word_1_300' title='bbox 2453 1137 2599 1188; x_wconf 77' lang='grc' dir='ltr'>ἐστιν</span> <span class='ocrx_word' id='word_1_301' title='bbox 2630 1137 2659 1187; x_wconf 97' lang='lat'><strong>6</strong></span> <span class='ocrx_word' id='word_1_302' title='bbox 2705 1136 2979 1206; x_wconf 77' lang='grc' dir='ltr'><strong>βαπτίζων</strong></span> <span class='ocrx_word' id='word_1_303' title='bbox 3024 1140 3080 1190; x_wconf 84' lang='grc' dir='ltr'>ὲν</span> <span class='ocrx_word' id='word_1_304' title='bbox 3129 1138 3404 1208; x_wconf 82' lang='grc' dir='ltr'>Πνεύματι</span> <span class='ocrx_word' id='word_1_305' title='bbox 3462 1139 3622 1209; x_wconf 81' lang='grc' dir='ltr'>ἁγίῳ.</span> <span class='ocrx_word' id='word_1_306' title='bbox 3662 1140 3838 1207; x_wconf 79' lang='grc' dir='ltr'>Κάγὼ</span> 
     </span>
    </p>
   </div>
   <div class='ocr_carea' id='block_1_41' title="bbox 2252 1221 3837 1298">
    <p class='ocr_par' dir='ltr' id='par_1_41' title="bbox 2252 1221 3837 1298">
     <span class='ocr_line' id='line_1_41' title="bbox 2252 1221 3837 1298; baseline 0.003 -22"><span class='ocrx_word' id='word_1_307' title='bbox 2252 1223 2494 1294; x_wconf 79' lang='grc' dir='ltr'><strong>ἑώρακα,</strong></span> <span class='ocrx_word' id='word_1_308' title='bbox 2536 1227 2630 1278; x_wconf 69' lang='grc' dir='ltr'>καὶ</span> <span class='ocrx_word' id='word_1_309' title='bbox 2667 1227 3104 1298; x_wconf 74' lang='grc' dir='ltr'><strong>μεμαρτύρηκα,</strong></span> <span class='ocrx_word' id='word_1_310' title='bbox 3156 1228 3237 1279; x_wconf 83' lang='grc' dir='ltr'>ὅτι</span> <span class='ocrx_word' id='word_1_311' title='bbox 3283 1221 3436 1291; x_wconf 80' lang='grc' dir='ltr'>οῦτός</span> <span class='ocrx_word' id='word_1_312' title='bbox 3470 1232 3614 1281; x_wconf 78' lang='grc' dir='ltr'>ἐστιν</span> <span class='ocrx_word' id='word_1_313' title='bbox 3643 1231 3671 1282; x_wconf 83' lang='lat'><strong>6</strong></span> <span class='ocrx_word' id='word_1_314' title='bbox 3707 1231 3837 1293; x_wconf 81' lang='grc' dir='ltr'>Υἱὸς</span> 
     </span>
    </p>
   </div>
   <div class='ocr_carea' id='block_1_42' title="bbox 2249 1315 3834 1388">
    <p class='ocr_par' dir='ltr' id='par_1_42' title="bbox 2249 1315 3834 1388">
     <span class='ocr_line' id='line_1_42' title="bbox 2249 1315 3834 1388; baseline 0.004 -22"><span class='ocrx_word' id='word_1_315' title='bbox 2249 1315 2340 1367; x_wconf 92' lang='grc' dir='ltr'><strong>τοῦ</strong></span> <span class='ocrx_word' id='word_1_316' title='bbox 2376 1315 2531 1370; x_wconf 55' lang='lat' dir='ltr'><strong>Quoi.</strong></span> <span class='ocrx_word' id='word_1_317' title='bbox 2555 1335 2573 1366; x_wconf 71' lang='grc' dir='ltr'><strong>ι</strong></span> <span class='ocrx_word' id='word_1_318' title='bbox 2615 1317 2811 1370; x_wconf 84' lang='grc' dir='ltr'>Ἕκτον</span> <span class='ocrx_word' id='word_1_319' title='bbox 2849 1317 2905 1370; x_wconf 81' lang='grc' dir='ltr'>δὲ</span> <span class='ocrx_word' id='word_1_320' title='bbox 2950 1320 3216 1388; x_wconf 88' lang='grc' dir='ltr'>μαρτυρεῖ</span> <span class='ocrx_word' id='word_1_321' title='bbox 3247 1317 3325 1387; x_wconf 81' lang='grc' dir='ltr'>τῷ</span> <span class='ocrx_word' id='word_1_322' title='bbox 3361 1317 3580 1388; x_wconf 81' lang='grc' dir='ltr'>Χριστῷ</span> <span class='ocrx_word' id='word_1_323' title='bbox 3613 1319 3705 1372; x_wconf 74' lang='grc' dir='ltr'><strong>ἐπὶ</strong></span> <span class='ocrx_word' id='word_1_324' title='bbox 3739 1321 3834 1372; x_wconf 74' lang='grc' dir='ltr'>δύο</span> 
     </span>
    </p>
   </div>
   <div class='ocr_carea' id='block_1_43' title="bbox 2251 1407 3830 1480">
    <p class='ocr_par' dir='ltr' id='par_1_43' title="bbox 2251 1407 3830 1480">
     <span class='ocr_line' id='line_1_43' title="bbox 2251 1407 3830 1480; baseline 0.003 -22"><span class='ocrx_word' id='word_1_325' title='bbox 2251 1407 2508 1477; x_wconf 78' lang='grc' dir='ltr'>μαθητῶν</span> <span class='ocrx_word' id='word_1_326' title='bbox 2559 1410 2588 1461; x_wconf 88' lang='lat'><strong>6</strong></span> <span class='ocrx_word' id='word_1_327' title='bbox 2625 1409 2910 1480; x_wconf 87' lang='grc' dir='ltr'>Ἰωάννης,</span> <span class='ocrx_word' id='word_1_328' title='bbox 2959 1410 3077 1471; x_wconf 82' lang='grc' dir='ltr'>ὅτε,</span> <span class='ocrx_word' id='word_1_329' title='bbox 3133 1427 3152 1458; x_wconf 80' lang='grc' dir='ltr'><strong>ι</strong></span> <span class='ocrx_word' id='word_1_330' title='bbox 3193 1409 3469 1479; x_wconf 62' lang='grc' dir='ltr'>ἐμϐλέψας</span> <span class='ocrx_word' id='word_1_331' title='bbox 3527 1410 3604 1480; x_wconf 83' lang='grc' dir='ltr'>τῷ</span> <span class='ocrx_word' id='word_1_332' title='bbox 3654 1411 3830 1480; x_wconf 84' lang='grc' dir='ltr'>Ἰησοῦ</span> 
     </span>
    </p>
   </div>
   <div class='ocr_carea' id='block_1_44' title="bbox 2248 1500 3830 1572">
    <p class='ocr_par' dir='ltr' id='par_1_44' title="bbox 2248 1500 3830 1572">
     <span class='ocr_line' id='line_1_44' title="bbox 2248 1500 3830 1572; baseline 0.001 -20"><span class='ocrx_word' id='word_1_333' title='bbox 2248 1500 2658 1571; x_wconf 72' lang='grc' dir='ltr'>περιπατοῦντι,</span> <span class='ocrx_word' id='word_1_334' title='bbox 2690 1502 2863 1569; x_wconf 89' lang='grc' dir='ltr'>λέγει·</span> <span class='ocrx_word' id='word_1_335' title='bbox 2893 1503 2999 1556; x_wconf 86' lang='grc' dir='ltr'>Ἴδε</span> <span class='ocrx_word' id='word_1_336' title='bbox 3032 1505 3060 1555; x_wconf 89' lang='lat'><strong>6</strong></span> <span class='ocrx_word' id='word_1_337' title='bbox 3093 1502 3286 1572; x_wconf 84' lang='grc' dir='ltr'>Ἀμνὸς</span> <span class='ocrx_word' id='word_1_338' title='bbox 3322 1501 3416 1554; x_wconf 93' lang='grc' dir='ltr'><strong>τοῦ</strong></span> <span class='ocrx_word' id='word_1_339' title='bbox 3450 1502 3604 1556; x_wconf 81' lang='grc' dir='ltr'>Θεοῦ.</span> <span class='ocrx_word' id='word_1_340' title='bbox 3630 1523 3648 1554; x_wconf 74' lang='grc' dir='ltr'><strong>ι</strong></span> <span class='ocrx_word' id='word_1_341' title='bbox 3691 1503 3830 1557; x_wconf 82' lang='grc' dir='ltr'>Μεθ’</span> 
     </span>
    </p>
   </div>
   <div class='ocr_carea' id='block_1_45' title="bbox 2247 1591 3832 1664">
    <p class='ocr_par' dir='ltr' id='par_1_45' title="bbox 2247 1591 3832 1664">
     <span class='ocr_line' id='line_1_45' title="bbox 2247 1591 3832 1664; baseline 0.003 -22"><span class='ocrx_word' id='word_1_342' title='bbox 2247 1592 2312 1661; x_wconf 83' lang='grc' dir='ltr'>ῆν</span> <span class='ocrx_word' id='word_1_343' title='bbox 2357 1595 2663 1664; x_wconf 80' lang='grc' dir='ltr'>μαρτυρίαν</span> <span class='ocrx_word' id='word_1_344' title='bbox 2716 1593 3063 1646; x_wconf 74' lang='grc' dir='ltr'>ἀκουσάντων</span> <span class='ocrx_word' id='word_1_345' title='bbox 3121 1593 3228 1646; x_wconf 90' lang='grc' dir='ltr'><strong>τῶν</strong></span> <span class='ocrx_word' id='word_1_346' title='bbox 3276 1591 3370 1644; x_wconf 76' lang='grc' dir='ltr'>δύο</span> <span class='ocrx_word' id='word_1_347' title='bbox 3423 1592 3681 1664; x_wconf 83' lang='grc' dir='ltr'>μαθητῶν</span> <span class='ocrx_word' id='word_1_348' title='bbox 3737 1592 3832 1646; x_wconf 87' lang='grc' dir='ltr'><strong>τοῦ</strong></span> 
     </span>
    </p>
   </div>
   <div class='ocr_carea' id='block_1_46' title="bbox 2261 1684 3833 1756">
    <p class='ocr_par' dir='ltr' id='par_1_46' title="bbox 2261 1684 3833 1756">
     <span class='ocr_line' id='line_1_46' title="bbox 2261 1684 3833 1756; baseline -0.001 -16"><span class='ocrx_word' id='word_1_349' title='bbox 2261 1688 2529 1749; x_wconf 80' lang='grc' dir='ltr'>Ἰωάννου,</span> <span class='ocrx_word' id='word_1_350' title='bbox 2557 1686 2649 1738; x_wconf 72' lang='grc' dir='ltr'>καὶ</span> <span class='ocrx_word' id='word_1_351' title='bbox 2680 1685 3157 1756; x_wconf 75' lang='grc' dir='ltr'>ἀκολουθησάντων</span> <span class='ocrx_word' id='word_1_352' title='bbox 3182 1685 3260 1754; x_wconf 84' lang='grc' dir='ltr'>τῷ</span> <span class='ocrx_word' id='word_1_353' title='bbox 3288 1684 3485 1755; x_wconf 80' lang='grc' dir='ltr'>Ἰησοῦ,</span> <span class='ocrx_word' id='word_1_354' title='bbox 3523 1704 3540 1735; x_wconf 73' lang='grc' dir='ltr'><strong>ι</strong></span> <span class='ocrx_word' id='word_1_355' title='bbox 3567 1689 3833 1756; x_wconf 65' lang='grc' dir='ltr'>στραφεὶς</span> 
     </span>
    </p>
   </div>
   <div class='ocr_carea' id='block_1_47' title="bbox 2245 1776 3828 1847">
    <p class='ocr_par' dir='ltr' id='par_1_47' title="bbox 2245 1776 3828 1847">
     <span class='ocr_line' id='line_1_47' title="bbox 2245 1776 3828 1847; baseline 0 -15"><span class='ocrx_word' id='word_1_356' title='bbox 2245 1780 2273 1832; x_wconf 88' lang='lat'><strong>6</strong></span> <span class='ocrx_word' id='word_1_357' title='bbox 2312 1777 2518 1847; x_wconf 84' lang='grc' dir='ltr'>Ἰησοῦς</span> <span class='ocrx_word' id='word_1_358' title='bbox 2539 1817 2552 1838; x_wconf 88' lang='grc'><strong>,</strong></span> <span class='ocrx_word' id='word_1_359' title='bbox 2585 1780 2679 1829; x_wconf 78' lang='grc' dir='ltr'>καὶ</span> <span class='ocrx_word' id='word_1_360' title='bbox 2727 1778 3060 1847; x_wconf 87' lang='grc' dir='ltr'>θεασάμενος</span> <span class='ocrx_word' id='word_1_361' title='bbox 3087 1779 3212 1840; x_wconf 71' lang='grc' dir='ltr'>τοὺς</span> <span class='ocrx_word' id='word_1_362' title='bbox 3240 1777 3333 1830; x_wconf 74' lang='grc' dir='ltr'>δύο</span> <span class='ocrx_word' id='word_1_363' title='bbox 3365 1776 3792 1842; x_wconf 88' lang='grc' dir='ltr'>ἀκολουθοῦντας</span> <span class='ocrx_word' id='word_1_364' title='bbox 3811 1820 3828 1841; x_wconf 93' lang='grc'><strong>,</strong></span> 
     </span>
    </p>
   </div>
   <div class='ocr_carea' id='block_1_48' title="bbox 2248 1869 3828 1942">
    <p class='ocr_par' dir='ltr' id='par_1_48' title="bbox 2248 1869 3828 1942">
     <span class='ocr_line' id='line_1_48' title="bbox 2248 1869 3828 1942; baseline 0.001 -19"><span class='ocrx_word' id='word_1_365' title='bbox 2248 1870 2595 1942; x_wconf 79' lang='grc' dir='ltr'>ἀποκρίνεται</span> <span class='ocrx_word' id='word_1_366' title='bbox 2659 1869 2866 1937; x_wconf 88' lang='grc' dir='ltr'>λέγων·</span> <span class='ocrx_word' id='word_1_367' title='bbox 2924 1870 2988 1921; x_wconf 84' lang='grc' dir='ltr'>Τί</span> <span class='ocrx_word' id='word_1_368' title='bbox 3049 1869 3344 1940; x_wconf 79' lang='grc' dir='ltr'>ζητεῖτε;›</span> <span class='ocrx_word' id='word_1_369' title='bbox 3402 1871 3511 1922; x_wconf 79' lang='lat' dir='ltr'><strong>Kal</strong></span> <span class='ocrx_word' id='word_1_370' title='bbox 3565 1871 3707 1940; x_wconf 83' lang='grc' dir='ltr'>τάχα</span> <span class='ocrx_word' id='word_1_371' title='bbox 3763 1872 3828 1924; x_wconf 72' lang='grc' dir='ltr'>οὐ</span> 
     </span>
    </p>
   </div>
   <div class='ocr_carea' id='block_1_49' title="bbox 2247 1959 3828 2034">
    <p class='ocr_par' dir='ltr' id='par_1_49' title="bbox 2247 1959 3828 2034">
     <span class='ocr_line' id='line_1_49' title="bbox 2247 1959 3828 2034; baseline 0.004 -25"><span class='ocrx_word' id='word_1_372' title='bbox 2247 1963 2424 2030; x_wconf 76' lang='grc' dir='ltr'>μάτην</span> <span class='ocrx_word' id='word_1_373' title='bbox 2456 1962 2592 2030; x_wconf 87' lang='grc' dir='ltr'>μετὰ</span> <span class='ocrx_word' id='word_1_374' title='bbox 2623 1959 2682 2025; x_wconf 79' lang='grc' dir='ltr'><strong>ἒξ</strong></span> <span class='ocrx_word' id='word_1_375' title='bbox 2729 1963 3033 2034; x_wconf 87' lang='grc' dir='ltr'>μαρτυρίας</span> <span class='ocrx_word' id='word_1_376' title='bbox 3086 1961 3316 2015; x_wconf 73' lang='grc' dir='ltr'>παύεται</span> <span class='ocrx_word' id='word_1_377' title='bbox 3365 1963 3464 2032; x_wconf 82' lang='grc' dir='ltr'>μὲν</span> <span class='ocrx_word' id='word_1_378' title='bbox 3503 1965 3531 2015; x_wconf 89' lang='lat'><strong>6</strong></span> <span class='ocrx_word' id='word_1_379' title='bbox 3567 1962 3828 2032; x_wconf 83' lang='grc' dir='ltr'>Ἰωάννης</span> 
     </span>
    </p>
   </div>
   <div class='ocr_carea' id='block_1_50' title="bbox 2247 2054 3829 2126">
    <p class='ocr_par' dir='ltr' id='par_1_50' title="bbox 2247 2054 3829 2126">
     <span class='ocr_line' id='line_1_50' title="bbox 2247 2054 3829 2126; baseline 0.002 -22"><span class='ocrx_word' id='word_1_380' title='bbox 2247 2055 2571 2124; x_wconf 87' lang='grc' dir='ltr'>μαρτυρῶν·</span> <span class='ocrx_word' id='word_1_381' title='bbox 2622 2055 2828 2125; x_wconf 88' lang='grc' dir='ltr'>Ἰησοῦς</span> <span class='ocrx_word' id='word_1_382' title='bbox 2878 2057 2934 2108; x_wconf 86' lang='grc' dir='ltr'>δὲ</span> <span class='ocrx_word' id='word_1_383' title='bbox 2987 2056 3126 2108; x_wconf 85' lang='grc' dir='ltr'><strong>κατά</strong></span> <span class='ocrx_word' id='word_1_384' title='bbox 3172 2056 3232 2107; x_wconf 84' lang='grc' dir='ltr'>τὸ</span> <span class='ocrx_word' id='word_1_385' title='bbox 3278 2055 3506 2125; x_wconf 77' lang='grc' dir='ltr'>ἕϐδομον</span> <span class='ocrx_word' id='word_1_386' title='bbox 3552 2054 3829 2126; x_wconf 82' lang='grc' dir='ltr'>προτείνει</span> 
     </span>
    </p>
   </div>
   <div class='ocr_carea' id='block_1_51' title="bbox 2241 2144 3828 2217">
    <p class='ocr_par' dir='ltr' id='par_1_51' title="bbox 2241 2144 3828 2217">
     <span class='ocr_line' id='line_1_51' title="bbox 2241 2144 3828 2217; baseline 0 -21"><span class='ocrx_word' id='word_1_387' title='bbox 2241 2145 2330 2196; x_wconf 89' lang='grc' dir='ltr'>τό·</span> <span class='ocrx_word' id='word_1_388' title='bbox 2372 2163 2390 2195; x_wconf 70' lang='grc' dir='ltr'><strong>ε</strong></span> <span class='ocrx_word' id='word_1_389' title='bbox 2417 2145 2480 2196; x_wconf 89' lang='grc' dir='ltr'>Τί</span> <span class='ocrx_word' id='word_1_390' title='bbox 2524 2146 2770 2215; x_wconf 80' lang='grc' dir='ltr'>ζητεῖτε;</span> <span class='ocrx_word' id='word_1_391' title='bbox 2799 2166 2817 2198; x_wconf 71' lang='grc' dir='ltr'><strong>ι</strong></span> <span class='ocrx_word' id='word_1_392' title='bbox 2863 2147 3155 2217; x_wconf 87' lang='grc' dir='ltr'>Πρέπουσα</span> <span class='ocrx_word' id='word_1_393' title='bbox 3201 2145 3257 2198; x_wconf 80' lang='grc' dir='ltr'>δὲ</span> <span class='ocrx_word' id='word_1_394' title='bbox 3309 2145 3682 2215; x_wconf 73' lang='grc' dir='ltr'>ὠφελημένοις</span> <span class='ocrx_word' id='word_1_395' title='bbox 3720 2144 3828 2197; x_wconf 78' lang='grc' dir='ltr'><strong>ὑπὸ</strong></span> 
     </span>
    </p>
   </div>
   <div class='ocr_carea' id='block_1_52' title="bbox 2239 2234 3826 2309">
    <p class='ocr_par' dir='ltr' id='par_1_52' title="bbox 2239 2234 3826 2309">
     <span class='ocr_line' id='line_1_52' title="bbox 2239 2234 3826 2309; baseline -0.002 -21"><span class='ocrx_word' id='word_1_396' title='bbox 2239 2236 2340 2305; x_wconf 78' lang='grc' dir='ltr'>τῆς</span> <span class='ocrx_word' id='word_1_397' title='bbox 2384 2237 2631 2290; x_wconf 86' lang='grc' dir='ltr'>Ἰωάννου</span> <span class='ocrx_word' id='word_1_398' title='bbox 2667 2239 2971 2309; x_wconf 88' lang='grc' dir='ltr'>μαρτυρίας</span> <span class='ocrx_word' id='word_1_399' title='bbox 3010 2237 3042 2306; x_wconf 84' lang='grc' dir='ltr'>ὴ</span> <span class='ocrx_word' id='word_1_400' title='bbox 3079 2235 3230 2307; x_wconf 79' lang='grc' dir='ltr'>φωνὴ</span> <span class='ocrx_word' id='word_1_401' title='bbox 3274 2234 3685 2306; x_wconf 79' lang='grc' dir='ltr'>ἀναγορεῦουσα</span> <span class='ocrx_word' id='word_1_402' title='bbox 3731 2234 3826 2286; x_wconf 76' lang='grc' dir='ltr'>τὸν</span> 
     </span>
    </p>
   </div>
   <div class='ocr_carea' id='block_1_53' title="bbox 2240 2327 3824 2399">
    <p class='ocr_par' dir='ltr' id='par_1_53' title="bbox 2240 2327 3824 2399">
     <span class='ocr_line' id='line_1_53' title="bbox 2240 2327 3824 2399; baseline -0.001 -19"><span class='ocrx_word' id='word_1_403' title='bbox 2240 2330 2473 2399; x_wconf 81' lang='grc' dir='ltr'>Χριστὸν</span> <span class='ocrx_word' id='word_1_404' title='bbox 2513 2328 2847 2395; x_wconf 86' lang='grc' dir='ltr'>διδάσκαλον,</span> <span class='ocrx_word' id='word_1_405' title='bbox 2891 2330 2986 2383; x_wconf 75' lang='grc' dir='ltr'>καὶ</span> <span class='ocrx_word' id='word_1_406' title='bbox 3022 2327 3358 2399; x_wconf 78' lang='grc' dir='ltr'>ὁμολογοῦσα</span> <span class='ocrx_word' id='word_1_407' title='bbox 3397 2327 3458 2379; x_wconf 73' lang='grc' dir='ltr'><strong>τὸ</strong></span> <span class='ocrx_word' id='word_1_408' title='bbox 3503 2327 3824 2397; x_wconf 72' lang='grc' dir='ltr'>οίκητήριον</span> 
     </span>
    </p>
   </div>
   <div class='ocr_carea' id='block_1_54' title="bbox 2241 2419 3822 2490">
    <p class='ocr_par' dir='ltr' id='par_1_54' title="bbox 2241 2419 3822 2490">
     <span class='ocr_line' id='line_1_54' title="bbox 2241 2419 3822 2490; baseline -0.001 -17"><span class='ocrx_word' id='word_1_409' title='bbox 2241 2421 2424 2474; x_wconf 78' lang='grc' dir='ltr'>ποθεῖν</span> <span class='ocrx_word' id='word_1_410' title='bbox 2469 2421 2766 2475; x_wconf 84' lang='grc' dir='ltr'>θεάσασθαι</span> <span class='ocrx_word' id='word_1_411' title='bbox 2815 2422 2909 2474; x_wconf 89' lang='grc' dir='ltr'><strong>τοῦ</strong></span> <span class='ocrx_word' id='word_1_412' title='bbox 2971 2421 3098 2474; x_wconf 77' lang='grc' dir='ltr'>Υίοῦ</span> <span class='ocrx_word' id='word_1_413' title='bbox 3155 2420 3250 2474; x_wconf 91' lang='grc' dir='ltr'><strong>τοῦ</strong></span> <span class='ocrx_word' id='word_1_414' title='bbox 3309 2419 3481 2472; x_wconf 75' lang='grc' dir='ltr'>Θεοῦο</span> <span class='ocrx_word' id='word_1_415' title='bbox 3531 2420 3666 2488; x_wconf 78' lang='grc' dir='ltr'>φασὶ</span> <span class='ocrx_word' id='word_1_416' title='bbox 3713 2420 3822 2490; x_wconf 77' lang='grc' dir='ltr'><strong>γάρ</strong></span> 
     </span>
    </p>
   </div>
   <div class='ocr_carea' id='block_1_55' title="bbox 2237 2511 3822 2585">
    <p class='ocr_par' dir='ltr' id='par_1_55' title="bbox 2237 2511 3822 2585">
     <span class='ocr_line' id='line_1_55' title="bbox 2237 2511 3822 2585; baseline -0.001 -20"><span class='ocrx_word' id='word_1_417' title='bbox 2237 2511 2418 2582; x_wconf 76' lang='grc' dir='ltr'>αὐτῷ’</span> <span class='ocrx_word' id='word_1_418' title='bbox 2473 2532 2492 2564; x_wconf 74' lang='grc' dir='ltr'><strong>ι</strong></span> <span class='ocrx_word' id='word_1_419' title='bbox 2527 2513 2746 2574; x_wconf 70' lang='grc' dir='ltr'>Ῥαϐϐὶ,</span> <span class='ocrx_word' id='word_1_420' title='bbox 2781 2514 2808 2566; x_wconf 85' lang='grc' dir='ltr'><strong>ὃ</strong></span> <span class='ocrx_word' id='word_1_421' title='bbox 2858 2515 3075 2583; x_wconf 86' lang='grc' dir='ltr'>λέγεται</span> <span class='ocrx_word' id='word_1_422' title='bbox 3134 2513 3695 2585; x_wconf 76' lang='grc' dir='ltr'>μεθερμηνευόμενον,</span> <span class='ocrx_word' id='word_1_423' title='bbox 3743 2511 3822 2563; x_wconf 86' lang='grc' dir='ltr'>δι-</span> 
     </span>
    </p>
   </div>
   <div class='ocr_carea' id='block_1_56' title="bbox 2235 2604 3820 2678">
    <p class='ocr_par' dir='ltr' id='par_1_56' title="bbox 2235 2604 3820 2678">
     <span class='ocr_line' id='line_1_56' title="bbox 2235 2604 3820 2678; baseline -0.003 -19"><span class='ocrx_word' id='word_1_424' title='bbox 2235 2605 2490 2668; x_wconf 79' lang='grc' dir='ltr'>δάσκαλε,</span> <span class='ocrx_word' id='word_1_425' title='bbox 2538 2605 2639 2658; x_wconf 87' lang='grc' dir='ltr'><strong>ποῦ</strong></span> <span class='ocrx_word' id='word_1_426' title='bbox 2696 2608 2909 2678; x_wconf 81' lang='grc' dir='ltr'>μένεις;</span> <span class='ocrx_word' id='word_1_427' title='bbox 2956 2627 2974 2658; x_wconf 68' lang='grc' dir='ltr'><strong>ι</strong></span> <span class='ocrx_word' id='word_1_428' title='bbox 3023 2609 3132 2662; x_wconf 82' lang='lat' dir='ltr'><strong>Kal</strong></span> <span class='ocrx_word' id='word_1_429' title='bbox 3185 2608 3304 2659; x_wconf 75' lang='grc' dir='ltr'>ἐπεὶ</span> <span class='ocrx_word' id='word_1_430' title='bbox 3356 2625 3373 2657; x_wconf 77' lang='grc' dir='ltr'><strong>ι</strong></span> <span class='ocrx_word' id='word_1_431' title='bbox 3405 2607 3517 2668; x_wconf 75' lang='lat' dir='ltr'><strong>lli;</strong></span> <span class='ocrx_word' id='word_1_432' title='bbox 3557 2604 3584 2654; x_wconf 90' lang='lat'><strong>6</strong></span> <span class='ocrx_word' id='word_1_433' title='bbox 3635 2604 3820 2674; x_wconf 80' lang='grc' dir='ltr'>ζητῶν</span> 
     </span>
    </p>
   </div>
   <div class='ocr_carea' id='block_1_57' title="bbox 2235 2697 3819 2769">
    <p class='ocr_par' dir='ltr' id='par_1_57' title="bbox 2235 2697 3819 2769">
     <span class='ocr_line' id='line_1_57' title="bbox 2235 2697 3819 2769; baseline 0 -21"><span class='ocrx_word' id='word_1_434' title='bbox 2235 2698 2494 2769; x_wconf 78' lang='grc' dir='ltr'>εὑρῖσκει,</span> <span class='ocrx_word' id='word_1_435' title='bbox 2524 2717 2541 2748; x_wconf 71' lang='grc' dir='ltr'><strong>ι</strong></span> <span class='ocrx_word' id='word_1_436' title='bbox 2578 2699 2844 2768; x_wconf 79' lang='grc' dir='ltr'>ζητήσασι</span> <span class='ocrx_word' id='word_1_437' title='bbox 2876 2701 2972 2769; x_wconf 73' lang='grc' dir='ltr'>τὴν</span> <span class='ocrx_word' id='word_1_438' title='bbox 3014 2698 3186 2769; x_wconf 83' lang='grc' dir='ltr'>Ἰησοῦ</span> <span class='ocrx_word' id='word_1_439' title='bbox 3224 2698 3388 2768; x_wconf 77' lang='grc' dir='ltr'>μονὴν</span> <span class='ocrx_word' id='word_1_440' title='bbox 3417 2699 3527 2760; x_wconf 89' lang='grc' dir='ltr'>τοῖς</span> <span class='ocrx_word' id='word_1_441' title='bbox 3565 2697 3819 2750; x_wconf 81' lang='grc' dir='ltr'>Ἰωάννου</span> 
     </span>
    </p>
   </div>
   <div class='ocr_carea' id='block_1_58' title="bbox 2238 2788 3818 2860">
    <p class='ocr_par' dir='ltr' id='par_1_58' title="bbox 2238 2788 3818 2860">
     <span class='ocr_line' id='line_1_58' title="bbox 2238 2788 3818 2860; baseline -0.001 -19"><span class='ocrx_word' id='word_1_442' title='bbox 2238 2789 2504 2860; x_wconf 85' lang='grc' dir='ltr'>μαθηταῖς</span> <span class='ocrx_word' id='word_1_443' title='bbox 2532 2790 2874 2844; x_wconf 81' lang='grc' dir='ltr'>ὑποδείκνυσι</span> <span class='ocrx_word' id='word_1_444' title='bbox 2902 2791 3072 2858; x_wconf 74' lang='grc' dir='ltr'>λέγων</span> <span class='ocrx_word' id='word_1_445' title='bbox 3106 2790 3285 2851; x_wconf 68' lang='grc' dir='ltr'>αὐτοῖς</span> <span class='ocrx_word' id='word_1_446' title='bbox 3305 2807 3316 2818; x_wconf 91' lang='grc'><strong>·</strong></span> <span class='ocrx_word' id='word_1_447' title='bbox 3346 2809 3362 2840; x_wconf 74' lang='grc' dir='ltr'><strong>ε</strong></span> <span class='ocrx_word' id='word_1_448' title='bbox 3396 2788 3685 2860; x_wconf 79' lang='grc' dir='ltr'>Ἔρχεσθε,</span> <span class='ocrx_word' id='word_1_449' title='bbox 3723 2789 3818 2840; x_wconf 68' lang='grc' dir='ltr'><strong>κα)⁸</strong></span> 
     </span>
    </p>
   </div>
   <div class='ocr_carea' id='block_1_59' title="bbox 2231 2877 3820 2954">
    <p class='ocr_par' dir='ltr' id='par_1_59' title="bbox 2231 2877 3820 2954">
     <span class='ocr_line' id='line_1_59' title="bbox 2231 2877 3820 2954; baseline -0.001 -21"><span class='ocrx_word' id='word_1_450' title='bbox 2231 2881 2506 2950; x_wconf 71' lang='grc' dir='ltr'>ὄψεσθεοι</span> <span class='ocrx_word' id='word_1_451' title='bbox 2564 2883 2706 2953; x_wconf 84' lang='grc' dir='ltr'>τάχα</span> <span class='ocrx_word' id='word_1_452' title='bbox 2756 2883 2842 2936; x_wconf 76' lang='grc' dir='ltr'><strong>διὰ</strong></span> <span class='ocrx_word' id='word_1_453' title='bbox 2893 2883 2985 2936; x_wconf 86' lang='grc' dir='ltr'><strong>τοῦ</strong></span> <span class='ocrx_word' id='word_1_454' title='bbox 3048 2882 3167 2954; x_wconf 78' lang='grc' dir='ltr'>μὲν,</span> <span class='ocrx_word' id='word_1_455' title='bbox 3234 2881 3522 2954; x_wconf 76' lang='grc' dir='ltr'>«ἔρχεσθε,</span> <span class='ocrx_word' id='word_1_456' title='bbox 3552 2899 3569 2930; x_wconf 75' lang='grc' dir='ltr'><strong>ι</strong></span> <span class='ocrx_word' id='word_1_457' title='bbox 3617 2879 3714 2932; x_wconf 70' lang='grc' dir='ltr'><strong>ἐπὶ</strong></span> <span class='ocrx_word' id='word_1_458' title='bbox 3756 2877 3820 2931; x_wconf 80' lang='grc' dir='ltr'><strong>τδ</strong></span> 
     </span>
    </p>
   </div>
   <div class='ocr_carea' id='block_1_60' title="bbox 2233 2971 3808 3048">
    <p class='ocr_par' dir='ltr' id='par_1_60' title="bbox 2233 2971 3808 3048">
     <span class='ocr_line' id='line_1_60' title="bbox 2233 2971 3808 3048; baseline -0.003 -22"><span class='ocrx_word' id='word_1_459' title='bbox 2233 2975 2533 3045; x_wconf 79' lang='grc' dir='ltr'>πρακτικὸν</span> <span class='ocrx_word' id='word_1_460' title='bbox 2557 2977 2752 3040; x_wconf 83' lang='grc' dir='ltr'>αὐτοὺς</span> <span class='ocrx_word' id='word_1_461' title='bbox 2776 2975 3130 3048; x_wconf 76' lang='grc' dir='ltr'>παρακαλῶψ</span> <span class='ocrx_word' id='word_1_462' title='bbox 3159 2974 3248 3027; x_wconf 78' lang='grc' dir='ltr'><strong>διὰ</strong></span> <span class='ocrx_word' id='word_1_463' title='bbox 3276 2974 3333 3027; x_wconf 78' lang='grc' dir='ltr'>δὲ</span> <span class='ocrx_word' id='word_1_464' title='bbox 3363 2972 3476 3036; x_wconf 89' lang='grc' dir='ltr'>τοῦ,</span> <span class='ocrx_word' id='word_1_465' title='bbox 3507 2991 3524 3022; x_wconf 78' lang='grc' dir='ltr'><strong>ι</strong></span> <span class='ocrx_word' id='word_1_466' title='bbox 3553 2971 3808 3041; x_wconf 70' lang='grc' dir='ltr'>ϐψεσθε,›</span> 
     </span>
    </p>
   </div>
   <div class='ocr_carea' id='block_1_61' title="bbox 2231 3063 3815 3140">
    <p class='ocr_par' dir='ltr' id='par_1_61' title="bbox 2231 3063 3815 3140">
     <span class='ocr_line' id='line_1_61' title="bbox 2231 3063 3815 3140; baseline -0.003 -21"><span class='ocrx_word' id='word_1_467' title='bbox 2231 3067 2328 3137; x_wconf 80' lang='grc' dir='ltr'>τὴν</span> <span class='ocrx_word' id='word_1_468' title='bbox 2361 3068 2757 3121; x_wconf 85' lang='grc' dir='ltr'>ἀκολουθοῦσαν</span> <span class='ocrx_word' id='word_1_469' title='bbox 2788 3071 2854 3140; x_wconf 79' lang='grc' dir='ltr'>τῇ</span> <span class='ocrx_word' id='word_1_470' title='bbox 2885 3068 3218 3140; x_wconf 79' lang='grc' dir='ltr'>κατορθώσει</span> <span class='ocrx_word' id='word_1_471' title='bbox 3254 3067 3363 3120; x_wconf 82' lang='grc' dir='ltr'><strong>τῶν</strong></span> <span class='ocrx_word' id='word_1_472' title='bbox 3394 3064 3646 3138; x_wconf 77' lang='grc' dir='ltr'>πράξεων</span> <span class='ocrx_word' id='word_1_473' title='bbox 3679 3063 3815 3116; x_wconf 85' lang='grc' dir='ltr'>θεω-</span> 
     </span>
    </p>
   </div>
   <div class='ocr_carea' id='block_1_62' title="bbox 550 3153 2131 3237">
    <p class='ocr_par' dir='ltr' id='par_1_62' title="bbox 550 3155 2130 3235">
     <span class='ocr_line' id='line_1_62' title="bbox 550 3155 2130 3235; baseline 0.009 -26"><span class='ocrx_word' id='word_1_474' title='bbox 550 3155 753 3223; x_wconf 67' lang='lat' dir='ltr'><strong>quiquo</strong></span> <span class='ocrx_word' id='word_1_475' title='bbox 780 3159 953 3212; x_wconf 83' lang='lat' dir='ltr'><strong>secuti</strong></span> <span class='ocrx_word' id='word_1_476' title='bbox 990 3175 1053 3213; x_wconf 90' lang='lat' dir='ltr'><strong>ac</strong></span> <span class='ocrx_word' id='word_1_477' title='bbox 1078 3163 1383 3230; x_wconf 88' lang='lat' dir='ltr'><strong>conspicati</strong></span> <span class='ocrx_word' id='word_1_478' title='bbox 1426 3165 1744 3235; x_wconf 80' lang='lat' dir='ltr'><strong>magistrum</strong></span> <span class='ocrx_word' id='word_1_479' title='bbox 1774 3165 2012 3231; x_wconf 88' lang='lat' dir='ltr'><strong>fuerant,</strong></span> <span class='ocrx_word' id='word_1_480' title='bbox 2043 3170 2130 3224; x_wconf 84' lang='lat' dir='ltr'><strong>de-</strong></span> 
     </span>
    </p>
   </div>
   <div class='ocr_carea' id='block_1_63' title="bbox 2233 3153 3809 3237">
    <p class='ocr_par' dir='ltr' id='par_1_63' title="bbox 2233 3153 3809 3228">
     <span class='ocr_line' id='line_1_63' title="bbox 2233 3153 3809 3228; baseline 0.003 -18"><span class='ocrx_word' id='word_1_481' title='bbox 2233 3159 2358 3228; x_wconf 90' lang='grc' dir='ltr'>ρίαν</span> <span class='ocrx_word' id='word_1_482' title='bbox 2399 3159 2616 3222; x_wconf 86' lang='grc' dir='ltr'>πάντως</span> <span class='ocrx_word' id='word_1_483' title='bbox 2648 3157 2867 3211; x_wconf 79' lang='grc' dir='ltr'>ἔσεσθαι</span> <span class='ocrx_word' id='word_1_484' title='bbox 2904 3161 3016 3222; x_wconf 85' lang='grc' dir='ltr'>τοῖς</span> <span class='ocrx_word' id='word_1_485' title='bbox 3064 3157 3407 3228; x_wconf 85' lang='grc' dir='ltr'>βουλομένοις</span> <span class='ocrx_word' id='word_1_486' title='bbox 3449 3153 3809 3225; x_wconf 71' lang='grc' dir='ltr'>ὑπογράφων.</span> 
     </span>
    </p>
   </div>
   <div class='ocr_carea' id='block_1_64' title="bbox 551 3245 2131 3324">
    <p class='ocr_par' dir='ltr' id='par_1_64' title="bbox 551 3245 2124 3324">
     <span class='ocr_line' id='line_1_64' title="bbox 551 3245 2124 3324; baseline 0.01 -26"><span class='ocrx_word' id='word_1_487' title='bbox 551 3245 927 3304; x_wconf 84' lang='lat' dir='ltr'><strong>liberaverunt</strong></span> <span class='ocrx_word' id='word_1_488' title='bbox 973 3252 1116 3320; x_wconf 87' lang='lat' dir='ltr'><strong>apud</strong></span> <span class='ocrx_word' id='word_1_489' title='bbox 1166 3251 1350 3307; x_wconf 88' lang='lat' dir='ltr'><strong>Jesum</strong></span> <span class='ocrx_word' id='word_1_490' title='bbox 1402 3270 1723 3324; x_wconf 91' lang='lat' dir='ltr'><strong>permanere</strong></span> <span class='ocrx_word' id='word_1_491' title='bbox 1766 3268 1932 3313; x_wconf 86' lang='lat' dir='ltr'><strong>totam</strong></span> <span class='ocrx_word' id='word_1_492' title='bbox 1977 3261 2124 3314; x_wconf 89' lang='lat' dir='ltr'><strong>illam</strong></span> 
     </span>
    </p>
   </div>
   <div class='ocr_carea' id='block_1_65' title="bbox 2233 3245 3812 3324">
    <p class='ocr_par' dir='ltr' id='par_1_65' title="bbox 2233 3246 3812 3321">
     <span class='ocr_line' id='line_1_65' title="bbox 2233 3246 3812 3321; baseline -0.003 -19"><span class='ocrx_word' id='word_1_493' title='bbox 2233 3251 2519 3320; x_wconf 84' lang='grc' dir='ltr'>γινομένην</span> <span class='ocrx_word' id='word_1_494' title='bbox 2550 3252 2608 3303; x_wconf 79' lang='grc' dir='ltr'>ὲν</span> <span class='ocrx_word' id='word_1_495' title='bbox 2640 3253 2706 3321; x_wconf 86' lang='grc' dir='ltr'>τῇ</span> <span class='ocrx_word' id='word_1_496' title='bbox 2736 3249 2830 3304; x_wconf 84' lang='grc' dir='ltr'><strong>τοῦ</strong></span> <span class='ocrx_word' id='word_1_497' title='bbox 2876 3250 3050 3320; x_wconf 84' lang='grc' dir='ltr'>Ἰησοῦ</span> <span class='ocrx_word' id='word_1_498' title='bbox 3085 3253 3239 3320; x_wconf 78' lang='grc' dir='ltr'>μονῇ.</span> <span class='ocrx_word' id='word_1_499' title='bbox 3284 3247 3581 3321; x_wconf 83' lang='grc' dir='ltr'>Προῦκειτο</span> <span class='ocrx_word' id='word_1_500' title='bbox 3611 3246 3670 3298; x_wconf 85' lang='grc' dir='ltr'>δὲ</span> <span class='ocrx_word' id='word_1_501' title='bbox 3699 3248 3812 3306; x_wconf 87' lang='grc' dir='ltr'>τοῖς</span> 
     </span>
    </p>
   </div>
   <div class='ocr_carea' id='block_1_66' title="bbox 548 3340 2124 3412">
    <p class='ocr_par' dir='ltr' id='par_1_66' title="bbox 548 3340 2124 3412">
     <span class='ocr_line' id='line_1_66' title="bbox 548 3340 2124 3412; baseline 0.012 -23"><span class='ocrx_word' id='word_1_502' title='bbox 548 3340 716 3406; x_wconf 90' lang='lat' dir='ltr'><strong>diem,</strong></span> <span class='ocrx_word' id='word_1_503' title='bbox 749 3357 988 3412; x_wconf 84' lang='lat' dir='ltr'><strong>cumque</strong></span> <span class='ocrx_word' id='word_1_504' title='bbox 1043 3343 1189 3400; x_wconf 84' lang='lat' dir='ltr'><strong>Filio.</strong></span> <span class='ocrx_word' id='word_1_505' title='bbox 1223 3345 1314 3400; x_wconf 89' lang='lat' dir='ltr'><strong>Dei</strong></span> <span class='ocrx_word' id='word_1_506' title='bbox 1354 3350 1580 3402; x_wconf 80' lang='lat' dir='ltr'><strong>morari.</strong></span> <span class='ocrx_word' id='word_1_507' title='bbox 1612 3351 1812 3404; x_wconf 85' lang='lat' dir='ltr'><strong>Verum</strong></span> <span class='ocrx_word' id='word_1_508' title='bbox 1845 3353 2124 3408; x_wconf 87' lang='lat' dir='ltr'><strong>enimvero</strong></span> 
     </span>
    </p>
   </div>
   <div class='ocr_carea' id='block_1_67' title="bbox 543 3434 2124 3511">
    <p class='ocr_par' dir='ltr' id='par_1_67' title="bbox 543 3434 2124 3511">
     <span class='ocr_line' id='line_1_67' title="bbox 543 3434 2124 3511; baseline 0.009 -25"><span class='ocrx_word' id='word_1_509' title='bbox 543 3445 671 3486; x_wconf 88' lang='lat' dir='ltr'><strong>cum</strong></span> <span class='ocrx_word' id='word_1_510' title='bbox 695 3434 1055 3492; x_wconf 80' lang='lat' dir='ltr'><strong>decennarius</strong></span> <span class='ocrx_word' id='word_1_511' title='bbox 1087 3455 1348 3496; x_wconf 90' lang='lat' dir='ltr'><strong>numerus</strong></span> <span class='ocrx_word' id='word_1_512' title='bbox 1375 3441 1700 3498; x_wconf 89' lang='lat' dir='ltr'><strong>observatus</strong></span> <span class='ocrx_word' id='word_1_513' title='bbox 1717 3445 1788 3497; x_wconf 91' lang='lat' dir='ltr'><strong>sit</strong></span> <span class='ocrx_word' id='word_1_514' title='bbox 1810 3454 2124 3511; x_wconf 78' lang='lat' dir='ltr'><strong>utsanctus,</strong></span> 
     </span>
    </p>
   </div>
   <div class='ocr_carea' id='block_1_68' title="bbox 547 3527 2126 3600">
    <p class='ocr_par' dir='ltr' id='par_1_68' title="bbox 547 3527 2126 3600">
     <span class='ocr_line' id='line_1_68' title="bbox 547 3527 2126 3600; baseline 0.01 -24"><span class='ocrx_word' id='word_1_515' title='bbox 547 3538 672 3576; x_wconf 90' lang='lat' dir='ltr'><strong>cum</strong></span> <span class='ocrx_word' id='word_1_516' title='bbox 705 3527 962 3596; x_wconf 85' lang='lat' dir='ltr'><strong>mysteria</strong></span> <span class='ocrx_word' id='word_1_517' title='bbox 1001 3544 1107 3582; x_wconf 93' lang='lat' dir='ltr'><strong>non</strong></span> <span class='ocrx_word' id='word_1_518' title='bbox 1135 3546 1302 3600; x_wconf 90' lang='lat' dir='ltr'><strong>parva</strong></span> <span class='ocrx_word' id='word_1_519' title='bbox 1337 3531 1508 3588; x_wconf 86' lang='lat' dir='ltr'><strong>fuisse</strong></span> <span class='ocrx_word' id='word_1_520' title='bbox 1547 3533 1688 3588; x_wconf 63' lang='lat' dir='ltr'><strong>tincta</strong></span> <span class='ocrx_word' id='word_1_521' title='bbox 1715 3535 1769 3588; x_wconf 92' lang='lat' dir='ltr'><strong>in</strong></span> <span class='ocrx_word' id='word_1_522' title='bbox 1797 3536 2126 3592; x_wconf 90' lang='lat' dir='ltr'><strong>decennario</strong></span> 
     </span>
    </p>
   </div>
   <div class='ocr_carea' id='block_1_69' title="bbox 545 3618 2122 3698">
    <p class='ocr_par' dir='ltr' id='par_1_69' title="bbox 545 3618 2122 3698">
     <span class='ocr_line' id='line_1_69' title="bbox 545 3618 2122 3698; baseline 0.011 -32"><span class='ocrx_word' id='word_1_523' title='bbox 545 3629 776 3670; x_wconf 90' lang='lat' dir='ltr'><strong>numero</strong></span> <span class='ocrx_word' id='word_1_524' title='bbox 820 3618 1218 3687; x_wconf 86' lang='lat' dir='ltr'><strong>inscribantur,</strong></span> <span class='ocrx_word' id='word_1_525' title='bbox 1269 3624 1682 3698; x_wconf 81' lang='lat' dir='ltr'><strong>intelligendum</strong></span> <span class='ocrx_word' id='word_1_526' title='bbox 1731 3637 1814 3684; x_wconf 87' lang='lat' dir='ltr'><strong>est</strong></span> <span class='ocrx_word' id='word_1_527' title='bbox 1861 3646 1967 3684; x_wconf 90' lang='lat' dir='ltr'><strong>non</strong></span> <span class='ocrx_word' id='word_1_528' title='bbox 2005 3629 2122 3684; x_wconf 87' lang='lat' dir='ltr'><strong>fru-</strong></span> 
     </span>
    </p>
   </div>
   <div class='ocr_carea' id='block_1_70' title="bbox 543 3709 2121 3788">
    <p class='ocr_par' dir='ltr' id='par_1_70' title="bbox 543 3709 2121 3788">
     <span class='ocr_line' id='line_1_70' title="bbox 543 3709 2121 3788; baseline 0.009 -28"><span class='ocrx_word' id='word_1_529' title='bbox 543 3716 658 3761; x_wconf 87' lang='lat' dir='ltr'><strong>stra</strong></span> <span class='ocrx_word' id='word_1_530' title='bbox 695 3709 746 3762; x_wconf 93' lang='lat' dir='ltr'><strong>in</strong></span> <span class='ocrx_word' id='word_1_531' title='bbox 778 3710 1070 3782; x_wconf 72' lang='lat' dir='ltr'><strong>Evangelia</strong></span> <span class='ocrx_word' id='word_1_532' title='bbox 1101 3715 1365 3770; x_wconf 88' lang='lat' dir='ltr'><strong>decimam</strong></span> <span class='ocrx_word' id='word_1_533' title='bbox 1409 3717 1632 3774; x_wconf 90' lang='lat' dir='ltr'><strong>inscribi</strong></span> <span class='ocrx_word' id='word_1_534' title='bbox 1681 3719 1870 3774; x_wconf 88' lang='lat' dir='ltr'><strong>horam</strong></span> <span class='ocrx_word' id='word_1_535' title='bbox 1899 3721 1965 3788; x_wconf 77' lang='lat'><strong>“&#39;,</strong></span> <span class='ocrx_word' id='word_1_536' title='bbox 1996 3736 2121 3776; x_wconf 89' lang='lat' dir='ltr'><strong>cum</strong></span> 
     </span>
    </p>
   </div>
   <div class='ocr_carea' id='block_1_71' title="bbox 543 3797 2120 3881">
    <p class='ocr_par' dir='ltr' id='par_1_71' title="bbox 543 3797 2120 3881">
     <span class='ocr_line' id='line_1_71' title="bbox 543 3797 2120 3881; baseline 0.01 -29"><span class='ocrx_word' id='word_1_537' title='bbox 543 3797 797 3881; x_wconf 79' lang='lat' dir='ltr'><strong>discipuli</strong></span> <span class='ocrx_word' id='word_1_538' title='bbox 821 3799 1050 3858; x_wconf 87' lang='lat' dir='ltr'><strong>Joannis</strong></span> <span class='ocrx_word' id='word_1_539' title='bbox 1077 3806 1218 3875; x_wconf 89' lang='lat' dir='ltr'><strong>apud</strong></span> <span class='ocrx_word' id='word_1_540' title='bbox 1247 3805 1428 3863; x_wconf 91' lang='lat' dir='ltr'><strong>Jesum</strong></span> <span class='ocrx_word' id='word_1_541' title='bbox 1462 3811 1758 3877; x_wconf 84' lang='lat' dir='ltr'><strong>divertunt,</strong></span> <span class='ocrx_word' id='word_1_542' title='bbox 1791 3827 1857 3867; x_wconf 81' lang='lat' dir='ltr'><strong>ex</strong></span> <span class='ocrx_word' id='word_1_543' title='bbox 1889 3828 2120 3881; x_wconf 86' lang='lat' dir='ltr'><strong>quorum</strong></span> 
     </span>
    </p>
   </div>
   <div class='ocr_carea' id='block_1_72' title="bbox 545 3877 2118 3972">
    <p class='ocr_par' dir='ltr' id='par_1_72' title="bbox 545 3877 2118 3972">
     <span class='ocr_line' id='line_1_72' title="bbox 545 3877 2118 3972; baseline 0.01 -30"><span class='ocrx_word' id='word_1_544' title='bbox 545 3877 776 3945; x_wconf 75' lang='lat' dir='ltr'><strong>numero</strong></span> <span class='ocrx_word' id='word_1_545' title='bbox 811 3902 929 3947; x_wconf 87' lang='lat' dir='ltr'><strong>erat</strong></span> <span class='ocrx_word' id='word_1_546' title='bbox 967 3893 1212 3952; x_wconf 77' lang='lat' dir='ltr'><strong>Andreas</strong></span> <span class='ocrx_word' id='word_1_547' title='bbox 1255 3898 1424 3954; x_wconf 88' lang='lat' dir='ltr'><strong>frater</strong></span> <span class='ocrx_word' id='word_1_548' title='bbox 1467 3900 1708 3955; x_wconf 90' lang='lat' dir='ltr'><strong>Simonis</strong></span> <span class='ocrx_word' id='word_1_549' title='bbox 1755 3901 1996 3969; x_wconf 78' lang='lat' dir='ltr'><strong>Petri“,</strong></span> <span class='ocrx_word' id='word_1_550' title='bbox 2027 3904 2118 3972; x_wconf 94' lang='lat' dir='ltr'><strong>qui</strong></span> 
     </span>
    </p>
   </div>
   <div class='ocr_carea' id='block_1_73' title="bbox 545 3983 2122 4060">
    <p class='ocr_par' dir='ltr' id='par_1_73' title="bbox 545 3983 2122 4060">
     <span class='ocr_line' id='line_1_73' title="bbox 545 3983 2122 4060; baseline 0.011 -26"><span class='ocrx_word' id='word_1_551' title='bbox 545 3983 673 4036; x_wconf 91' lang='lat' dir='ltr'><strong>dum</strong></span> <span class='ocrx_word' id='word_1_552' title='bbox 718 3995 960 4038; x_wconf 87' lang='lat' dir='ltr'><strong>maneret</strong></span> <span class='ocrx_word' id='word_1_553' title='bbox 995 3988 1135 4056; x_wconf 80' lang='lat' dir='ltr'><strong>apud</strong></span> <span class='ocrx_word' id='word_1_554' title='bbox 1171 3989 1380 4055; x_wconf 86' lang='lat' dir='ltr'><strong>Jesum,</strong></span> <span class='ocrx_word' id='word_1_555' title='bbox 1421 3993 1664 4060; x_wconf 88' lang='lat' dir='ltr'><strong>adjutus,</strong></span> <span class='ocrx_word' id='word_1_556' title='bbox 1702 3995 1928 4050; x_wconf 85' lang='lat' dir='ltr'><strong>invento</strong></span> <span class='ocrx_word' id='word_1_557' title='bbox 1952 3995 2122 4051; x_wconf 86' lang='lat' dir='ltr'><strong>fratre</strong></span> 
     </span>
    </p>
   </div>
   <div class='ocr_carea' id='block_1_74' title="bbox 541 4076 2120 4159">
    <p class='ocr_par' dir='ltr' id='par_1_74' title="bbox 541 4076 2120 4159">
     <span class='ocr_line' id='line_1_74' title="bbox 541 4076 2120 4159; baseline 0.009 -32"><span class='ocrx_word' id='word_1_558' title='bbox 541 4089 644 4132; x_wconf 79' lang='lat' dir='ltr'><strong>suo</strong></span> <span class='ocrx_word' id='word_1_559' title='bbox 689 4076 913 4132; x_wconf 88' lang='lat' dir='ltr'><strong>Simone</strong></span> <span class='ocrx_word' id='word_1_560' title='bbox 938 4079 982 4110; x_wconf 68' lang='grc'>⁸⁷</span> <span class='ocrx_word' id='word_1_561' title='bbox 1027 4079 1203 4149; x_wconf 88' lang='lat' dir='ltr'><strong>(forte</strong></span> <span class='ocrx_word' id='word_1_562' title='bbox 1251 4084 1396 4137; x_wconf 90' lang='lat' dir='ltr'><strong>enim</strong></span> <span class='ocrx_word' id='word_1_563' title='bbox 1449 4097 1603 4139; x_wconf 84' lang='lat' dir='ltr'><strong>antea</strong></span> <span class='ocrx_word' id='word_1_564' title='bbox 1647 4103 1754 4141; x_wconf 90' lang='lat' dir='ltr'><strong>non</strong></span> <span class='ocrx_word' id='word_1_565' title='bbox 1802 4088 2120 4159; x_wconf 76' lang='lat' dir='ltr'><strong>invenerat)</strong></span> 
     </span>
    </p>
   </div>
   <div class='ocr_carea' id='block_1_75' title="bbox 541 4167 2120 4248">
    <p class='ocr_par' dir='ltr' id='par_1_75' title="bbox 541 4167 2120 4248">
     <span class='ocr_line' id='line_1_75' title="bbox 541 4167 2120 4248; baseline 0.004 -26"><span class='ocrx_word' id='word_1_566' title='bbox 541 4167 796 4225; x_wconf 80' lang='lat' dir='ltr'><strong>Messiam</strong></span> <span class='ocrx_word' id='word_1_567' title='bbox 820 4187 880 4228; x_wconf 90' lang='lat' dir='ltr'><strong>se</strong></span> <span class='ocrx_word' id='word_1_568' title='bbox 912 4174 1188 4230; x_wconf 89' lang='lat' dir='ltr'><strong>invenisse</strong></span> <span class='ocrx_word' id='word_1_569' title='bbox 1231 4177 1402 4244; x_wconf 91' lang='lat' dir='ltr'><strong>inquit</strong></span> <span class='ocrx_word' id='word_1_570' title='bbox 1438 4195 1452 4234; x_wconf 90' lang='lat'><strong>:</strong></span> <span class='ocrx_word' id='word_1_571' title='bbox 1484 4198 1503 4230; x_wconf 73' lang='grc' dir='ltr'>α</span> <span class='ocrx_word' id='word_1_572' title='bbox 1538 4179 1682 4248; x_wconf 89' lang='lat' dir='ltr'><strong>quod</strong></span> <span class='ocrx_word' id='word_1_573' title='bbox 1724 4188 1828 4244; x_wconf 83' lang='lat' dir='ltr'><strong>est,</strong></span> <span class='ocrx_word' id='word_1_574' title='bbox 1861 4180 1905 4234; x_wconf 92' lang='lat' dir='ltr'><strong>si</strong></span> <span class='ocrx_word' id='word_1_575' title='bbox 1952 4180 2120 4235; x_wconf 83' lang='lat' dir='ltr'><strong>inter-</strong></span> 
     </span>
    </p>
   </div>
   <div class='ocr_carea' id='block_1_76' title="bbox 539 4261 2122 4341">
    <p class='ocr_par' dir='ltr' id='par_1_76' title="bbox 539 4261 2122 4341">
     <span class='ocr_line' id='line_1_76' title="bbox 539 4261 2122 4341; baseline 0.007 -26"><span class='ocrx_word' id='word_1_576' title='bbox 539 4261 797 4328; x_wconf 81' lang='lat' dir='ltr'><strong>preteris,</strong></span> <span class='ocrx_word' id='word_1_577' title='bbox 849 4264 1123 4322; x_wconf 87' lang='lat' dir='ltr'><strong>Christus.</strong></span> <span class='ocrx_word' id='word_1_578' title='bbox 1167 4287 1185 4320; x_wconf 82' lang='lat' dir='ltr'><strong>I</strong></span> <span class='ocrx_word' id='word_1_579' title='bbox 1226 4268 1492 4334; x_wconf 88' lang='lat' dir='ltr'><strong>Quoniam</strong></span> <span class='ocrx_word' id='word_1_580' title='bbox 1529 4271 1678 4324; x_wconf 85' lang='lat' dir='ltr'><strong>enim</strong></span> <span class='ocrx_word' id='word_1_581' title='bbox 1729 4289 1748 4321; x_wconf 77' lang='grc' dir='ltr'><strong>ι</strong></span> <span class='ocrx_word' id='word_1_582' title='bbox 1785 4273 1876 4340; x_wconf 90' lang='lat' dir='ltr'><strong>qui</strong></span> <span class='ocrx_word' id='word_1_583' title='bbox 1926 4273 2122 4341; x_wconf 81' lang='lat' dir='ltr'><strong>qua:rit</strong></span> 
     </span>
    </p>
   </div>
   <div class='ocr_carea' id='block_1_77' title="bbox 543 4353 2119 4427">
    <p class='ocr_par' dir='ltr' id='par_1_77' title="bbox 543 4353 2119 4427">
     <span class='ocr_line' id='line_1_77' title="bbox 543 4353 2119 4427; baseline 0.008 -21"><span class='ocrx_word' id='word_1_584' title='bbox 543 4353 754 4408; x_wconf 89' lang='lat' dir='ltr'><strong>invenit</strong></span> <span class='ocrx_word' id='word_1_585' title='bbox 772 4353 845 4420; x_wconf 76' lang='grc'><strong>⁸⁸,</strong></span> <span class='ocrx_word' id='word_1_586' title='bbox 875 4374 895 4409; x_wconf 73' lang='grc' dir='ltr'><strong>ι</strong></span> <span class='ocrx_word' id='word_1_587' title='bbox 919 4359 1212 4426; x_wconf 65' lang='grc' dir='ltr'>ψιωείεηι</span> <span class='ocrx_word' id='word_1_588' title='bbox 1243 4369 1425 4414; x_wconf 87' lang='lat' dir='ltr'><strong>autem</strong></span> <span class='ocrx_word' id='word_1_589' title='bbox 1459 4361 1548 4415; x_wconf 92' lang='lat' dir='ltr'><strong>ubi</strong></span> <span class='ocrx_word' id='word_1_590' title='bbox 1569 4372 1814 4416; x_wconf 85' lang='lat' dir='ltr'><strong>maneret</strong></span> <span class='ocrx_word' id='word_1_591' title='bbox 1844 4360 2032 4427; x_wconf 87' lang='lat' dir='ltr'><strong>Jesus;</strong></span> <span class='ocrx_word' id='word_1_592' title='bbox 2065 4372 2119 4418; x_wconf 86' lang='lat' dir='ltr'><strong>et</strong></span> 
     </span>
    </p>
   </div>
   <div class='ocr_carea' id='block_1_78' title="bbox 541 4452 2120 4520">
    <p class='ocr_par' dir='ltr' id='par_1_78' title="bbox 541 4452 2120 4520">
     <span class='ocr_line' id='line_1_78' title="bbox 541 4452 2120 4520; baseline 0.006 -20"><span class='ocrx_word' id='word_1_593' title='bbox 541 4457 785 4510; x_wconf 84' lang='lat' dir='ltr'><strong>secutus,</strong></span> <span class='ocrx_word' id='word_1_594' title='bbox 813 4464 937 4502; x_wconf 91' lang='lat' dir='ltr'><strong>cum</strong></span> <span class='ocrx_word' id='word_1_595' title='bbox 975 4452 1341 4520; x_wconf 82' lang='lat' dir='ltr'><strong>perspexisset</strong></span> <span class='ocrx_word' id='word_1_596' title='bbox 1376 4453 1493 4520; x_wconf 85' lang='lat' dir='ltr'><strong>ejus</strong></span> <span class='ocrx_word' id='word_1_597' title='bbox 1527 4456 1888 4518; x_wconf 86' lang='lat' dir='ltr'><strong>mansionem,</strong></span> <span class='ocrx_word' id='word_1_598' title='bbox 1934 4465 2120 4510; x_wconf 89' lang='lat' dir='ltr'><strong>manet</strong></span> 
     </span>
    </p>
   </div>
   <div class='ocr_carea' id='block_1_79' title="bbox 2229 3334 3810 3412">
    <p class='ocr_par' dir='ltr' id='par_1_79' title="bbox 2229 3334 3810 3412">
     <span class='ocr_line' id='line_1_79' title="bbox 2229 3334 3810 3412; baseline -0.005 -19"><span class='ocrx_word' id='word_1_599' title='bbox 2229 3339 2493 3410; x_wconf 79' lang='grc' dir='ltr'>ζητήσασι</span> <span class='ocrx_word' id='word_1_600' title='bbox 2526 3339 2628 3393; x_wconf 80' lang='grc' dir='ltr'><strong>ποῦ</strong></span> <span class='ocrx_word' id='word_1_601' title='bbox 2665 3344 2813 3412; x_wconf 82' lang='grc' dir='ltr'>μένει</span> <span class='ocrx_word' id='word_1_602' title='bbox 2845 3342 2873 3394; x_wconf 90' lang='grc' dir='ltr'>ὁ</span> <span class='ocrx_word' id='word_1_603' title='bbox 2917 3339 3144 3412; x_wconf 88' lang='grc' dir='ltr'>Ἰησοῦς,</span> <span class='ocrx_word' id='word_1_604' title='bbox 3187 3338 3584 3408; x_wconf 81' lang='grc' dir='ltr'>ἀκολουθήσασι</span> <span class='ocrx_word' id='word_1_605' title='bbox 3617 3335 3698 3405; x_wconf 83' lang='grc' dir='ltr'><strong>τῷ</strong></span> <span class='ocrx_word' id='word_1_606' title='bbox 3729 3334 3810 3386; x_wconf 78' lang='grc' dir='ltr'><strong>διο</strong></span> 
     </span>
    </p>
   </div>
   <div class='ocr_carea' id='block_1_80' title="bbox 2225 3428 3808 3504">
    <p class='ocr_par' dir='ltr' id='par_1_80' title="bbox 2225 3428 3808 3504">
     <span class='ocr_line' id='line_1_80' title="bbox 2225 3428 3808 3504; baseline -0.003 -20"><span class='ocrx_word' id='word_1_607' title='bbox 2225 3431 2501 3502; x_wconf 84' lang='grc' dir='ltr'>δασκάλῳ,</span> <span class='ocrx_word' id='word_1_608' title='bbox 2537 3434 2631 3486; x_wconf 71' lang='grc' dir='ltr'>καὶ</span> <span class='ocrx_word' id='word_1_609' title='bbox 2681 3433 3070 3499; x_wconf 81' lang='grc' dir='ltr'>θεασαμένοις,</span> <span class='ocrx_word' id='word_1_610' title='bbox 3106 3436 3441 3504; x_wconf 88' lang='grc' dir='ltr'>παραμεῖναι</span> <span class='ocrx_word' id='word_1_611' title='bbox 3474 3429 3551 3501; x_wconf 85' lang='grc' dir='ltr'>τῷ</span> <span class='ocrx_word' id='word_1_612' title='bbox 3605 3428 3808 3500; x_wconf 86' lang='grc' dir='ltr'>Ἰησοῦ,</span> 
     </span>
    </p>
   </div>
   <div class='ocr_carea' id='block_1_81' title="bbox 2227 3521 3809 3596">
    <p class='ocr_par' dir='ltr' id='par_1_81' title="bbox 2227 3521 3809 3596">
     <span class='ocr_line' id='line_1_81' title="bbox 2227 3521 3809 3596; baseline -0.003 -20"><span class='ocrx_word' id='word_1_613' title='bbox 2227 3526 2321 3577; x_wconf 72' lang='grc' dir='ltr'>καὶ</span> <span class='ocrx_word' id='word_1_614' title='bbox 2366 3525 2464 3595; x_wconf 86' lang='grc' dir='ltr'>τὴν</span> <span class='ocrx_word' id='word_1_615' title='bbox 2495 3525 2707 3596; x_wconf 81' lang='grc' dir='ltr'>ἡμέραν</span> <span class='ocrx_word' id='word_1_616' title='bbox 2757 3527 2968 3595; x_wconf 78' lang='grc' dir='ltr'>ἐκείνην</span> <span class='ocrx_word' id='word_1_617' title='bbox 3011 3526 3384 3596; x_wconf 78' lang='grc' dir='ltr'>συνδιατρῖψαι</span> <span class='ocrx_word' id='word_1_618' title='bbox 3426 3523 3503 3594; x_wconf 82' lang='grc' dir='ltr'>τῷ</span> <span class='ocrx_word' id='word_1_619' title='bbox 3553 3521 3668 3592; x_wconf 81' lang='grc' dir='ltr'><strong>Υἱῷ</strong></span> <span class='ocrx_word' id='word_1_620' title='bbox 3715 3521 3809 3572; x_wconf 84' lang='grc' dir='ltr'><strong>τοῦ</strong></span> 
     </span>
    </p>
   </div>
   <div class='ocr_carea' id='block_1_82' title="bbox 2225 3614 3808 3690">
    <p class='ocr_par' dir='ltr' id='par_1_82' title="bbox 2225 3614 3808 3690">
     <span class='ocr_line' id='line_1_82' title="bbox 2225 3614 3808 3690; baseline -0.002 -22"><span class='ocrx_word' id='word_1_621' title='bbox 2225 3615 2380 3670; x_wconf 90' lang='grc' dir='ltr'>Θεοῦ.</span> <span class='ocrx_word' id='word_1_622' title='bbox 2422 3618 2573 3671; x_wconf 75' lang='grc' dir='ltr'>Ἐπεὶ</span> <span class='ocrx_word' id='word_1_623' title='bbox 2617 3617 2674 3670; x_wconf 84' lang='grc' dir='ltr'>δὲ</span> <span class='ocrx_word' id='word_1_624' title='bbox 2720 3619 2748 3670; x_wconf 90' lang='lat'><strong>6</strong></span> <span class='ocrx_word' id='word_1_625' title='bbox 2805 3619 3028 3682; x_wconf 83' lang='grc' dir='ltr'>δέκατος</span> <span class='ocrx_word' id='word_1_626' title='bbox 3081 3618 3314 3690; x_wconf 82' lang='grc' dir='ltr'>ἀριθμὸς</span> <span class='ocrx_word' id='word_1_627' title='bbox 3378 3617 3677 3686; x_wconf 79' lang='grc' dir='ltr'>τετήρηται</span> <span class='ocrx_word' id='word_1_628' title='bbox 3732 3614 3808 3676; x_wconf 88' lang='grc' dir='ltr'>ὼς</span> 
     </span>
    </p>
   </div>
   <div class='ocr_carea' id='block_1_83' title="bbox 2226 3704 3809 3781">
    <p class='ocr_par' dir='ltr' id='par_1_83' title="bbox 2226 3704 3809 3781">
     <span class='ocr_line' id='line_1_83' title="bbox 2226 3704 3809 3781; baseline -0.011 -8"><span class='ocrx_word' id='word_1_629' title='bbox 2226 3707 2380 3776; x_wconf 74' lang='grc' dir='ltr'>ἅγιος</span> <span class='ocrx_word' id='word_1_630' title='bbox 2435 3709 2570 3779; x_wconf 73' lang='grc'>(26),</span> <span class='ocrx_word' id='word_1_631' title='bbox 2618 3711 2719 3763; x_wconf 79' lang='grc' dir='ltr'>οὐκ</span> <span class='ocrx_word' id='word_1_632' title='bbox 2775 3711 2970 3776; x_wconf 80' lang='grc' dir='ltr'>ὀλίγων</span> <span class='ocrx_word' id='word_1_633' title='bbox 3037 3708 3352 3781; x_wconf 75' lang='grc' dir='ltr'>μυστηρίων</span> <span class='ocrx_word' id='word_1_634' title='bbox 3397 3711 3456 3762; x_wconf 84' lang='grc' dir='ltr'>ὲν</span> <span class='ocrx_word' id='word_1_635' title='bbox 3506 3711 3572 3777; x_wconf 81' lang='grc' dir='ltr'><strong>τῇ</strong></span> <span class='ocrx_word' id='word_1_636' title='bbox 3622 3704 3809 3758; x_wconf 77' lang='grc' dir='ltr'>δεκάδι</span> 
     </span>
    </p>
   </div>
   <div class='ocr_carea' id='block_1_84' title="bbox 2224 3799 3811 3871">
    <p class='ocr_par' dir='ltr' id='par_1_84' title="bbox 2224 3799 3811 3871">
     <span class='ocr_line' id='line_1_84' title="bbox 2224 3799 3811 3871; baseline -0.001 -20"><span class='ocrx_word' id='word_1_637' title='bbox 2224 3799 2710 3870; x_wconf 82' lang='grc' dir='ltr'>ἀναγραφομένων,</span> <span class='ocrx_word' id='word_1_638' title='bbox 2745 3802 3026 3870; x_wconf 88' lang='grc' dir='ltr'>γεγονέναι</span> <span class='ocrx_word' id='word_1_639' title='bbox 3055 3801 3272 3870; x_wconf 87' lang='grc' dir='ltr'>νοητέον</span> <span class='ocrx_word' id='word_1_640' title='bbox 3302 3801 3363 3853; x_wconf 84' lang='grc' dir='ltr'>οὺ</span> <span class='ocrx_word' id='word_1_641' title='bbox 3405 3799 3582 3871; x_wconf 82' lang='grc' dir='ltr'>μάτην</span> <span class='ocrx_word' id='word_1_642' title='bbox 3613 3799 3707 3852; x_wconf 81' lang='grc' dir='ltr'><strong>καὶ</strong></span> <span class='ocrx_word' id='word_1_643' title='bbox 3751 3799 3811 3850; x_wconf 86' lang='grc' dir='ltr'>ἐν</span> 
     </span>
    </p>
   </div>
   <div class='ocr_carea' id='block_1_85' title="bbox 2222 3890 3811 3965">
    <p class='ocr_par' dir='ltr' id='par_1_85' title="bbox 2222 3890 3811 3965">
     <span class='ocr_line' id='line_1_85' title="bbox 2222 3890 3811 3965; baseline 0 -22"><span class='ocrx_word' id='word_1_644' title='bbox 2222 3892 2301 3961; x_wconf 81' lang='grc' dir='ltr'>τῷ</span> <span class='ocrx_word' id='word_1_645' title='bbox 2342 3893 2657 3964; x_wconf 78' lang='grc' dir='ltr'>Εὑαγγελίῳ</span> <span class='ocrx_word' id='word_1_646' title='bbox 2687 3894 2781 3965; x_wconf 80' lang='grc' dir='ltr'>τὴν</span> <span class='ocrx_word' id='word_1_647' title='bbox 2815 3893 3048 3965; x_wconf 86' lang='grc' dir='ltr'>δεκάτην</span> <span class='ocrx_word' id='word_1_648' title='bbox 3080 3892 3489 3964; x_wconf 80' lang='grc' dir='ltr'>ἀναγράφεσθαι</span> <span class='ocrx_word' id='word_1_649' title='bbox 3529 3890 3679 3962; x_wconf 89' lang='grc' dir='ltr'>ῶραν</span> <span class='ocrx_word' id='word_1_650' title='bbox 3709 3891 3811 3960; x_wconf 76' lang='grc' dir='ltr'>τῆς</span> 
     </span>
    </p>
   </div>
   <div class='ocr_carea' id='block_1_86' title="bbox 2222 3981 3807 4056">
    <p class='ocr_par' dir='ltr' id='par_1_86' title="bbox 2222 3981 3807 4056">
     <span class='ocr_line' id='line_1_86' title="bbox 2222 3981 3807 4056; baseline -0.001 -22"><span class='ocrx_word' id='word_1_651' title='bbox 2222 3981 2331 4034; x_wconf 86' lang='grc' dir='ltr'><strong>τῶν</strong></span> <span class='ocrx_word' id='word_1_652' title='bbox 2366 3983 2612 4036; x_wconf 86' lang='grc' dir='ltr'>Ἰωάννου</span> <span class='ocrx_word' id='word_1_653' title='bbox 2646 3985 2903 4055; x_wconf 86' lang='grc' dir='ltr'>μαθητῶν</span> <span class='ocrx_word' id='word_1_654' title='bbox 2945 3983 3094 4056; x_wconf 72' lang='grc' dir='ltr'>παρὰ</span> <span class='ocrx_word' id='word_1_655' title='bbox 3136 3983 3214 4054; x_wconf 83' lang='grc' dir='ltr'>τῷ</span> <span class='ocrx_word' id='word_1_656' title='bbox 3248 3982 3423 4052; x_wconf 87' lang='grc' dir='ltr'>Ἰησοῦ</span> <span class='ocrx_word' id='word_1_657' title='bbox 3453 3981 3807 4050; x_wconf 81' lang='grc' dir='ltr'>καταγωγῆς,</span> 
     </span>
    </p>
   </div>
   <div class='ocr_carea' id='block_1_87' title="bbox 2220 4069 3802 4148">
    <p class='ocr_par' dir='ltr' id='par_1_87' title="bbox 2220 4069 3802 4148">
     <span class='ocr_line' id='line_1_87' title="bbox 2220 4069 3802 4148; baseline -0.001 -21"><span class='ocrx_word' id='word_1_658' title='bbox 2220 4069 2296 4127; x_wconf 81' lang='grc' dir='ltr'>ὧν</span> <span class='ocrx_word' id='word_1_659' title='bbox 2340 4076 2594 4147; x_wconf 83' lang='grc' dir='ltr'>Ἀνδρέας</span> <span class='ocrx_word' id='word_1_660' title='bbox 2624 4079 2652 4130; x_wconf 90' lang='lat'><strong>6</strong></span> <span class='ocrx_word' id='word_1_661' title='bbox 2691 4077 2915 4146; x_wconf 79' lang='grc' dir='ltr'>ἀδελφὸς</span> <span class='ocrx_word' id='word_1_662' title='bbox 2951 4077 3191 4148; x_wconf 88' lang='grc' dir='ltr'>Σίμωνος</span> <span class='ocrx_word' id='word_1_663' title='bbox 3236 4076 3446 4148; x_wconf 87' lang='grc' dir='ltr'>Πέτρου</span> <span class='ocrx_word' id='word_1_664' title='bbox 3494 4071 3584 4146; x_wconf 77' lang='grc' dir='ltr'>ἦν,</span> <span class='ocrx_word' id='word_1_665' title='bbox 3620 4076 3802 4136; x_wconf 87' lang='grc' dir='ltr'>ὅστις,</span> 
     </span>
    </p>
   </div>
   <div class='ocr_carea' id='block_1_88' title="bbox 2221 4166 3805 4242">
    <p class='ocr_par' dir='ltr' id='par_1_88' title="bbox 2221 4166 3805 4242">
     <span class='ocr_line' id='line_1_88' title="bbox 2221 4166 3805 4242; baseline -0.011 -8"><span class='ocrx_word' id='word_1_666' title='bbox 2221 4166 2524 4236; x_wconf 68' lang='grc' dir='ltr'>ὠφεληθεὶς</span> <span class='ocrx_word' id='word_1_667' title='bbox 2549 4169 2608 4220; x_wconf 78' lang='grc' dir='ltr'>ὲν</span> <span class='ocrx_word' id='word_1_668' title='bbox 2634 4169 2709 4238; x_wconf 81' lang='grc' dir='ltr'>τῷ</span> <span class='ocrx_word' id='word_1_669' title='bbox 2742 4169 3262 4242; x_wconf 84' lang='grc' dir='ltr'>παραμεμενηκέναι</span> <span class='ocrx_word' id='word_1_670' title='bbox 3287 4168 3364 4239; x_wconf 83' lang='grc' dir='ltr'>τῷ</span> <span class='ocrx_word' id='word_1_671' title='bbox 3401 4167 3596 4238; x_wconf 87' lang='grc' dir='ltr'>Ἰησοῦ,</span> <span class='ocrx_word' id='word_1_672' title='bbox 3628 4166 3805 4237; x_wconf 77' lang='grc' dir='ltr'>εὑρὼν</span> 
     </span>
    </p>
   </div>
   <div class='ocr_carea' id='block_1_89' title="bbox 2221 4258 3804 4332">
    <p class='ocr_par' dir='ltr' id='par_1_89' title="bbox 2221 4258 3804 4332">
     <span class='ocr_line' id='line_1_89' title="bbox 2221 4258 3804 4332; baseline -0.001 -22"><span class='ocrx_word' id='word_1_673' title='bbox 2221 4258 2310 4310; x_wconf 80' lang='grc' dir='ltr'>τὸν</span> <span class='ocrx_word' id='word_1_674' title='bbox 2341 4259 2567 4328; x_wconf 81' lang='grc' dir='ltr'>ἀδελφὸν</span> <span class='ocrx_word' id='word_1_675' title='bbox 2607 4259 2697 4313; x_wconf 82' lang='grc' dir='ltr'>τὸν</span> <span class='ocrx_word' id='word_1_676' title='bbox 2742 4260 2870 4314; x_wconf 71' lang='grc' dir='ltr'>ἴδιον</span> <span class='ocrx_word' id='word_1_677' title='bbox 2905 4262 3144 4331; x_wconf 78' lang='grc' dir='ltr'>Σίμωνα,</span> <span class='ocrx_word' id='word_1_678' title='bbox 3179 4261 3339 4332; x_wconf 84' lang='grc' dir='ltr'>(τάχα</span> <span class='ocrx_word' id='word_1_679' title='bbox 3387 4260 3496 4330; x_wconf 77' lang='grc' dir='ltr'><strong>γάρ</strong></span> <span class='ocrx_word' id='word_1_680' title='bbox 3538 4259 3804 4331; x_wconf 65' lang='grc' dir='ltr'>πρότερον</span> 
     </span>
    </p>
   </div>
   <div class='ocr_carea' id='block_1_90' title="bbox 2220 4348 3802 4423">
    <p class='ocr_par' dir='ltr' id='par_1_90' title="bbox 2220 4348 3802 4423">
     <span class='ocr_line' id='line_1_90' title="bbox 2220 4348 3802 4423; baseline 0 -20"><span class='ocrx_word' id='word_1_681' title='bbox 2220 4351 2318 4420; x_wconf 83' lang='grc' dir='ltr'>οὐχ</span> <span class='ocrx_word' id='word_1_682' title='bbox 2359 4348 2620 4421; x_wconf 75' lang='grc' dir='ltr'>εὓρητοο)</span> <span class='ocrx_word' id='word_1_683' title='bbox 2680 4351 2842 4422; x_wconf 77' lang='grc' dir='ltr'>φησὶν</span> <span class='ocrx_word' id='word_1_684' title='bbox 2890 4353 3184 4423; x_wconf 78' lang='grc' dir='ltr'>εὑρηκέναι</span> <span class='ocrx_word' id='word_1_685' title='bbox 3235 4355 3326 4405; x_wconf 85' lang='grc' dir='ltr'>τὸν</span> <span class='ocrx_word' id='word_1_686' title='bbox 3384 4352 3662 4416; x_wconf 85' lang='grc' dir='ltr'>Μεσσίαν,</span> <span class='ocrx_word' id='word_1_687' title='bbox 3722 4371 3740 4401; x_wconf 73' lang='grc' dir='ltr'><strong>ι</strong></span> <span class='ocrx_word' id='word_1_688' title='bbox 3773 4352 3802 4403; x_wconf 83' lang='grc' dir='ltr'><strong>ὅ</strong></span> 
     </span>
    </p>
   </div>
   <div class='ocr_carea' id='block_1_91' title="bbox 2221 4441 3801 4515">
    <p class='ocr_par' dir='ltr' id='par_1_91' title="bbox 2221 4441 3801 4515">
     <span class='ocr_line' id='line_1_91' title="bbox 2221 4441 3801 4515; baseline 0.001 -21"><span class='ocrx_word' id='word_1_689' title='bbox 2221 4444 2336 4494; x_wconf 79' lang='grc' dir='ltr'>ἐστι</span> <span class='ocrx_word' id='word_1_690' title='bbox 2391 4441 2928 4513; x_wconf 82' lang='grc' dir='ltr'>μεθερμηνευόμενον</span> <span class='ocrx_word' id='word_1_691' title='bbox 2985 4445 3237 4515; x_wconf 89' lang='grc' dir='ltr'>Χριστός.</span> <span class='ocrx_word' id='word_1_692' title='bbox 3267 4463 3285 4495; x_wconf 73' lang='grc' dir='ltr'><strong>ι</strong></span> <span class='ocrx_word' id='word_1_693' title='bbox 3330 4444 3482 4496; x_wconf 77' lang='grc' dir='ltr'>Ἐπεὶ</span> <span class='ocrx_word' id='word_1_694' title='bbox 3529 4443 3674 4513; x_wconf 78' lang='grc' dir='ltr'>γὰρ,</span> <span class='ocrx_word' id='word_1_695' title='bbox 3726 4462 3745 4494; x_wconf 75' lang='grc' dir='ltr'><strong>ι</strong></span> <span class='ocrx_word' id='word_1_696' title='bbox 3773 4445 3801 4495; x_wconf 88' lang='lat'><strong>6</strong></span> 
     </span>
    </p>
   </div>
   <div class='ocr_carea' id='block_1_92' title="bbox 538 4533 2131 4618">
    <p class='ocr_par' dir='ltr' id='par_1_92' title="bbox 538 4535 2116 4608">
     <span class='ocr_line' id='line_1_92' title="bbox 538 4535 2116 4608; baseline 0.008 -19"><span class='ocrx_word' id='word_1_697' title='bbox 538 4535 684 4604; x_wconf 81' lang='lat' dir='ltr'><strong>apud</strong></span> <span class='ocrx_word' id='word_1_698' title='bbox 720 4535 1008 4594; x_wconf 90' lang='lat' dir='ltr'><strong>Dominum</strong></span> <span class='ocrx_word' id='word_1_699' title='bbox 1047 4559 1066 4592; x_wconf 77' lang='grc' dir='ltr'><strong><em>ο</em></strong></span> <span class='ocrx_word' id='word_1_700' title='bbox 1106 4542 1317 4596; x_wconf 88' lang='lat' dir='ltr'><strong>decima</strong></span> <span class='ocrx_word' id='word_1_701' title='bbox 1361 4544 1490 4598; x_wconf 88' lang='lat' dir='ltr'><strong>hora</strong></span> <span class='ocrx_word' id='word_1_702' title='bbox 1522 4543 1593 4608; x_wconf 68' lang='grc' dir='ltr'><strong>δ’,</strong></span> <span class='ocrx_word' id='word_1_703' title='bbox 1635 4563 1654 4597; x_wconf 77' lang='grc' dir='ltr'><strong>ι</strong></span> <span class='ocrx_word' id='word_1_704' title='bbox 1699 4553 1753 4598; x_wconf 88' lang='lat' dir='ltr'><strong>et</strong></span> <span class='ocrx_word' id='word_1_705' title='bbox 1787 4544 1995 4598; x_wconf 89' lang='lat' dir='ltr'><strong>invenit</strong></span> <span class='ocrx_word' id='word_1_706' title='bbox 2025 4545 2116 4601; x_wconf 88' lang='lat' dir='ltr'><strong>Dei</strong></span> 
     </span>
    </p>
   </div>
   <div class='ocr_carea' id='block_1_93' title="bbox 2233 4533 3799 4618">
    <p class='ocr_par' dir='ltr' id='par_1_93' title="bbox 2233 4533 3799 4607">
     <span class='ocr_line' id='line_1_93' title="bbox 2233 4533 3799 4607; baseline 0 -21"><span class='ocrx_word' id='word_1_707' title='bbox 2233 4533 2400 4604; x_wconf 74' lang='grc' dir='ltr'>ζητῶν</span> <span class='ocrx_word' id='word_1_708' title='bbox 2433 4535 2698 4606; x_wconf 80' lang='grc' dir='ltr'>εὑρίσκει,</span> <span class='ocrx_word' id='word_1_709' title='bbox 2727 4555 2744 4586; x_wconf 71' lang='grc' dir='ltr'><strong>ι</strong></span> <span class='ocrx_word' id='word_1_710' title='bbox 2789 4535 3022 4606; x_wconf 76' lang='grc' dir='ltr'>ἐζήτησε</span> <span class='ocrx_word' id='word_1_711' title='bbox 3065 4535 3121 4590; x_wconf 70' lang='grc' dir='ltr'>δὲ</span> <span class='ocrx_word' id='word_1_712' title='bbox 3170 4536 3270 4588; x_wconf 84' lang='grc' dir='ltr'><strong>ποῦ</strong></span> <span class='ocrx_word' id='word_1_713' title='bbox 3305 4536 3455 4607; x_wconf 85' lang='grc' dir='ltr'>μένει</span> <span class='ocrx_word' id='word_1_714' title='bbox 3497 4536 3525 4588; x_wconf 89' lang='lat'><strong>6</strong></span> <span class='ocrx_word' id='word_1_715' title='bbox 3562 4533 3799 4606; x_wconf 89' lang='grc' dir='ltr'>Ἰησοῦς,</span> 
     </span>
    </p>
   </div>
   <div class='ocr_carea' id='block_1_94' title="bbox 535 4626 2131 4707">
    <p class='ocr_par' dir='ltr' id='par_1_94' title="bbox 535 4626 2120 4707">
     <span class='ocr_line' id='line_1_94' title="bbox 535 4626 2120 4707; baseline 0.006 -25"><span class='ocrx_word' id='word_1_716' title='bbox 535 4626 758 4694; x_wconf 87' lang='lat' dir='ltr'><strong>Filium,</strong></span> <span class='ocrx_word' id='word_1_717' title='bbox 789 4629 1110 4686; x_wconf 80' lang='lat' dir='ltr'><strong>Sermonem</strong></span> <span class='ocrx_word' id='word_1_718' title='bbox 1143 4633 1374 4701; x_wconf 87' lang='lat' dir='ltr'><strong>scilicet,</strong></span> <span class='ocrx_word' id='word_1_719' title='bbox 1401 4645 1457 4690; x_wconf 89' lang='lat' dir='ltr'><strong>et</strong></span> <span class='ocrx_word' id='word_1_720' title='bbox 1501 4636 1607 4706; x_wconf 78' lang='lat'><strong>91</strong></span> <span class='ocrx_word' id='word_1_721' title='bbox 1667 4637 2012 4707; x_wconf 82' lang='lat' dir='ltr'><strong>sapientiam,</strong></span> <span class='ocrx_word' id='word_1_722' title='bbox 2065 4648 2120 4692; x_wconf 90' lang='lat' dir='ltr'><strong>et</strong></span> 
     </span>
    </p>
   </div>
   <div class='ocr_carea' id='block_1_95' title="bbox 2233 4626 3802 4707">
    <p class='ocr_par' dir='ltr' id='par_1_95' title="bbox 2233 4626 3802 4700">
     <span class='ocr_line' id='line_1_95' title="bbox 2233 4626 3802 4700; baseline -0.004 -18"><span class='ocrx_word' id='word_1_723' title='bbox 2233 4629 2318 4682; x_wconf 82' lang='grc' dir='ltr'>καὶ</span> <span class='ocrx_word' id='word_1_724' title='bbox 2352 4628 2744 4700; x_wconf 84' lang='grc' dir='ltr'>ἀκολουθήσας,</span> <span class='ocrx_word' id='word_1_725' title='bbox 2773 4629 3055 4699; x_wconf 80' lang='grc' dir='ltr'>θεωρήσας</span> <span class='ocrx_word' id='word_1_726' title='bbox 3092 4627 3258 4680; x_wconf 83' lang='grc' dir='ltr'>αὑτοῦ</span> <span class='ocrx_word' id='word_1_727' title='bbox 3287 4627 3384 4700; x_wconf 82' lang='grc' dir='ltr'>τὴν</span> <span class='ocrx_word' id='word_1_728' title='bbox 3419 4626 3605 4697; x_wconf 83' lang='grc' dir='ltr'>μονὴν,</span> <span class='ocrx_word' id='word_1_729' title='bbox 3633 4643 3802 4696; x_wconf 87' lang='grc' dir='ltr'>παρα-</span> 
     </span>
    </p>
   </div>
   <div class='ocr_carea' id='block_1_96' title="bbox 536 4721 2118 4798">
    <p class='ocr_par' dir='ltr' id='par_1_96' title="bbox 536 4721 2118 4798">
     <span class='ocr_line' id='line_1_96' title="bbox 536 4721 2118 4798; baseline 0.008 -25"><span class='ocrx_word' id='word_1_730' title='bbox 536 4721 750 4791; x_wconf 76' lang='lat' dir='ltr'><strong>regitur</strong></span> <span class='ocrx_word' id='word_1_731' title='bbox 780 4723 850 4777; x_wconf 86' lang='lat' dir='ltr'><strong>ab</strong></span> <span class='ocrx_word' id='word_1_732' title='bbox 879 4721 1036 4790; x_wconf 88' lang='lat' dir='ltr'><strong>ipso;</strong></span> <span class='ocrx_word' id='word_1_733' title='bbox 1071 4725 1211 4781; x_wconf 87' lang='lat' dir='ltr'><strong>hanc</strong></span> <span class='ocrx_word' id='word_1_734' title='bbox 1239 4725 1308 4781; x_wconf 93' lang='lat' dir='ltr'><strong>ob</strong></span> <span class='ocrx_word' id='word_1_735' title='bbox 1336 4743 1557 4784; x_wconf 88' lang='lat' dir='ltr'><strong>causam</strong></span> <span class='ocrx_word' id='word_1_736' title='bbox 1599 4729 1815 4798; x_wconf 88' lang='lat' dir='ltr'><strong>inquit:</strong></span> <span class='ocrx_word' id='word_1_737' title='bbox 1852 4747 1872 4781; x_wconf 72' lang='grc' dir='ltr'><strong>ι</strong></span> <span class='ocrx_word' id='word_1_738' title='bbox 1913 4731 2118 4786; x_wconf 90' lang='lat' dir='ltr'><strong>Iuveni-</strong></span> 
     </span>
    </p>
   </div>
   <div class='ocr_carea' id='block_1_97' title="bbox 539 4813 2118 4893">
    <p class='ocr_par' dir='ltr' id='par_1_97' title="bbox 539 4813 2118 4893">
     <span class='ocr_line' id='line_1_97' title="bbox 539 4813 2118 4893; baseline 0.009 -29"><span class='ocrx_word' id='word_1_739' title='bbox 539 4828 660 4867; x_wconf 81' lang='lat' dir='ltr'><strong>mus</strong></span> <span class='ocrx_word' id='word_1_740' title='bbox 687 4813 941 4869; x_wconf 80' lang='lat' dir='ltr'><strong>Messiam</strong></span> <span class='ocrx_word' id='word_1_741' title='bbox 984 4817 1030 4848; x_wconf 82' lang='lat'><strong>&#39;°</strong></span> <span class='ocrx_word' id='word_1_742' title='bbox 1066 4832 1081 4870; x_wconf 89' lang='lat'><strong>:</strong></span> <span class='ocrx_word' id='word_1_743' title='bbox 1121 4840 1142 4869; x_wconf 76' lang='grc' dir='ltr'><strong>ι</strong></span> <span class='ocrx_word' id='word_1_744' title='bbox 1177 4834 1296 4888; x_wconf 65' lang='lat' dir='ltr'><strong>quae</strong></span> <span class='ocrx_word' id='word_1_745' title='bbox 1321 4835 1421 4874; x_wconf 86' lang='lat' dir='ltr'><strong>vox</strong></span> <span class='ocrx_word' id='word_1_746' title='bbox 1472 4837 1506 4876; x_wconf 77' lang='grc' dir='ltr'><strong>α</strong></span> <span class='ocrx_word' id='word_1_747' title='bbox 1549 4824 1745 4892; x_wconf 89' lang='lat' dir='ltr'><strong>quovis</strong></span> <span class='ocrx_word' id='word_1_748' title='bbox 1775 4824 1878 4879; x_wconf 89' lang='lat' dir='ltr'><strong>dici</strong></span> <span class='ocrx_word' id='word_1_749' title='bbox 1917 4825 2118 4893; x_wconf 89' lang='lat' dir='ltr'><strong>poterit</strong></span> 
     </span>
    </p>
   </div>
   <div class='ocr_carea' id='block_1_98' title="bbox 537 4906 2114 4986">
    <p class='ocr_par' dir='ltr' id='par_1_98' title="bbox 537 4906 2114 4986">
     <span class='ocr_line' id='line_1_98' title="bbox 537 4906 2114 4986; baseline 0.008 -29"><span class='ocrx_word' id='word_1_750' title='bbox 537 4906 631 4975; x_wconf 85' lang='lat' dir='ltr'><strong>qui</strong></span> <span class='ocrx_word' id='word_1_751' title='bbox 666 4907 939 4964; x_wconf 87' lang='lat' dir='ltr'><strong>invenerit</strong></span> <span class='ocrx_word' id='word_1_752' title='bbox 971 4909 1067 4964; x_wconf 90' lang='lat' dir='ltr'><strong>Dei</strong></span> <span class='ocrx_word' id='word_1_753' title='bbox 1097 4910 1418 4968; x_wconf 89' lang='lat' dir='ltr'><strong>Sermonem</strong></span> <span class='ocrx_word' id='word_1_754' title='bbox 1455 4927 1510 4970; x_wconf 91' lang='lat' dir='ltr'><strong>et</strong></span> <span class='ocrx_word' id='word_1_755' title='bbox 1543 4916 1638 4986; x_wconf 91' lang='lat' dir='ltr'><strong>qui</strong></span> <span class='ocrx_word' id='word_1_756' title='bbox 1683 4916 1750 4969; x_wconf 91' lang='lat' dir='ltr'><strong>ah</strong></span> <span class='ocrx_word' id='word_1_757' title='bbox 1784 4916 1954 4986; x_wconf 89' lang='lat' dir='ltr'><strong>ipsius</strong></span> <span class='ocrx_word' id='word_1_758' title='bbox 1980 4917 2114 4970; x_wconf 90' lang='lat' dir='ltr'><strong>divi-</strong></span> 
     </span>
    </p>
   </div>
   <div class='ocr_carea' id='block_1_99' title="bbox 533 4998 2112 5065">
    <p class='ocr_par' dir='ltr' id='par_1_99' title="bbox 533 4998 2112 5065">
     <span class='ocr_line' id='line_1_99' title="bbox 533 4998 2112 5065; baseline 0.004 -12"><span class='ocrx_word' id='word_1_759' title='bbox 533 4998 710 5053; x_wconf 86' lang='lat' dir='ltr'><strong>nitate</strong></span> <span class='ocrx_word' id='word_1_760' title='bbox 742 5000 968 5065; x_wconf 72' lang='lat' dir='ltr'><strong>regitur.</strong></span> <span class='ocrx_word' id='word_1_761' title='bbox 1027 5000 1284 5056; x_wconf 87' lang='lat' dir='ltr'><strong>Fructum</strong></span> <span class='ocrx_word' id='word_1_762' title='bbox 1336 5019 1465 5060; x_wconf 92' lang='lat' dir='ltr'><strong>vero</strong></span> <span class='ocrx_word' id='word_1_763' title='bbox 1514 5021 1637 5060; x_wconf 88' lang='lat' dir='ltr'><strong>mox</strong></span> <span class='ocrx_word' id='word_1_764' title='bbox 1685 5005 1844 5059; x_wconf 82' lang='lat' dir='ltr'><strong>olIert</strong></span> <span class='ocrx_word' id='word_1_765' title='bbox 1895 5004 2112 5060; x_wconf 90' lang='lat' dir='ltr'><strong>Christo</strong></span> 
     </span>
    </p>
   </div>
   <div class='ocr_carea' id='block_1_100' title="bbox 534 5091 2112 5165">
    <p class='ocr_par' dir='ltr' id='par_1_100' title="bbox 534 5091 2112 5165">
     <span class='ocr_line' id='line_1_100' title="bbox 534 5091 2112 5165; baseline 0.004 -22"><span class='ocrx_word' id='word_1_766' title='bbox 534 5091 764 5144; x_wconf 90' lang='lat' dir='ltr'><strong>fratrem</strong></span> <span class='ocrx_word' id='word_1_767' title='bbox 804 5091 1085 5148; x_wconf 82' lang='lat' dir='ltr'><strong>Simonem</strong></span> <span class='ocrx_word' id='word_1_768' title='bbox 1122 5095 1165 5126; x_wconf 80' lang='grc'><strong>⁵¹</strong></span> <span class='ocrx_word' id='word_1_769' title='bbox 1194 5109 1206 5144; x_wconf 93' lang='lat'>:</span> <span class='ocrx_word' id='word_1_770' title='bbox 1236 5109 1397 5165; x_wconf 90' lang='lat' dir='ltr'><strong>quem</strong></span> <span class='ocrx_word' id='word_1_771' title='bbox 1432 5107 1492 5150; x_wconf 90' lang='lat' dir='ltr'><strong>ut</strong></span> <span class='ocrx_word' id='word_1_772' title='bbox 1539 5112 1764 5151; x_wconf 89' lang='lat' dir='ltr'><strong>munere</strong></span> <span class='ocrx_word' id='word_1_773' title='bbox 1809 5095 1966 5150; x_wconf 82' lang='lat' dir='ltr'><strong>Jesus</strong></span> <span class='ocrx_word' id='word_1_774' title='bbox 1998 5099 2112 5150; x_wconf 87' lang='lat' dir='ltr'><strong>siu-</strong></span> 
     </span>
    </p>
   </div>
   <div class='ocr_carea' id='block_1_101' title="bbox 535 5182 2113 5258">
    <p class='ocr_par' dir='ltr' id='par_1_101' title="bbox 535 5182 2113 5258">
     <span class='ocr_line' id='line_1_101' title="bbox 535 5182 2113 5258; baseline 0.003 -22"><span class='ocrx_word' id='word_1_775' title='bbox 535 5182 1224 5253; x_wconf 70' lang='lat' dir='ltr'><strong>gularLremuueraretur,</strong></span> <span class='ocrx_word' id='word_1_776' title='bbox 1262 5187 1315 5241; x_wconf 91' lang='lat' dir='ltr'><strong>in</strong></span> <span class='ocrx_word' id='word_1_777' title='bbox 1361 5190 1536 5258; x_wconf 90' lang='lat' dir='ltr'><strong>ipsum</strong></span> <span class='ocrx_word' id='word_1_778' title='bbox 1593 5189 1824 5242; x_wconf 84' lang='lat' dir='ltr'><strong>intuitus</strong></span> <span class='ocrx_word' id='word_1_779' title='bbox 1852 5197 1958 5251; x_wconf 86' lang='lat' dir='ltr'><strong>est,</strong></span> <span class='ocrx_word' id='word_1_780' title='bbox 2016 5201 2113 5257; x_wconf 89' lang='lat' dir='ltr'><strong>per</strong></span> 
     </span>
    </p>
   </div>
   <div class='ocr_carea' id='block_1_102' title="bbox 2225 4719 3801 4796">
    <p class='ocr_par' dir='ltr' id='par_1_102' title="bbox 2225 4719 3801 4796">
     <span class='ocr_line' id='line_1_102' title="bbox 2225 4719 3801 4796; baseline -0.003 -23"><span class='ocrx_word' id='word_1_781' title='bbox 2225 4721 2377 4791; x_wconf 83' lang='grc' dir='ltr'>μένει</span> <span class='ocrx_word' id='word_1_782' title='bbox 2415 4721 2493 4792; x_wconf 87' lang='grc' dir='ltr'>τῷ</span> <span class='ocrx_word' id='word_1_783' title='bbox 2525 4723 2714 4793; x_wconf 82' lang='grc' dir='ltr'>Κυρίῳ</span> <span class='ocrx_word' id='word_1_784' title='bbox 2747 4741 2764 4773; x_wconf 73' lang='grc' dir='ltr'><strong>ι</strong></span> <span class='ocrx_word' id='word_1_785' title='bbox 2787 4723 2842 4774; x_wconf 82' lang='grc' dir='ltr'>ὲν</span> <span class='ocrx_word' id='word_1_786' title='bbox 2877 4726 2944 4794; x_wconf 82' lang='grc' dir='ltr'><strong>τῇ</strong></span> <span class='ocrx_word' id='word_1_787' title='bbox 2975 4721 3178 4796; x_wconf 79' lang='grc' dir='ltr'>δεκάτη</span> <span class='ocrx_word' id='word_1_788' title='bbox 3209 4721 3381 4793; x_wconf 73' lang='grc' dir='ltr'>ῶρᾳ,ι</span> <span class='ocrx_word' id='word_1_789' title='bbox 3421 4720 3514 4773; x_wconf 79' lang='grc' dir='ltr'>καὶ</span> <span class='ocrx_word' id='word_1_790' title='bbox 3559 4719 3801 4790; x_wconf 86' lang='grc' dir='ltr'>εὑρίσκει</span> 
     </span>
    </p>
   </div>
   <div class='ocr_carea' id='block_1_103' title="bbox 2219 4808 3797 4882">
    <p class='ocr_par' dir='ltr' id='par_1_103' title="bbox 2219 4808 3797 4882">
     <span class='ocr_line' id='line_1_103' title="bbox 2219 4808 3797 4882; baseline -0.003 -16"><span class='ocrx_word' id='word_1_791' title='bbox 2219 4813 2310 4867; x_wconf 79' lang='grc' dir='ltr'>τὸν</span> <span class='ocrx_word' id='word_1_792' title='bbox 2337 4813 2464 4867; x_wconf 78' lang='grc' dir='ltr'>Υίὸν</span> <span class='ocrx_word' id='word_1_793' title='bbox 2497 4813 2591 4866; x_wconf 84' lang='grc' dir='ltr'><strong>τοῦ</strong></span> <span class='ocrx_word' id='word_1_794' title='bbox 2623 4813 2783 4876; x_wconf 88' lang='grc' dir='ltr'>Θεοῦ,</span> <span class='ocrx_word' id='word_1_795' title='bbox 2812 4814 2904 4867; x_wconf 75' lang='grc' dir='ltr'>τὸν</span> <span class='ocrx_word' id='word_1_796' title='bbox 2951 4815 3141 4882; x_wconf 82' lang='grc' dir='ltr'>Λόγον,</span> <span class='ocrx_word' id='word_1_797' title='bbox 3183 4814 3276 4866; x_wconf 69' lang='grc' dir='ltr'><strong>καὶ</strong></span> <span class='ocrx_word' id='word_1_798' title='bbox 3308 4811 3405 4880; x_wconf 78' lang='grc' dir='ltr'>τὴν</span> <span class='ocrx_word' id='word_1_799' title='bbox 3450 4811 3662 4878; x_wconf 84' lang='grc' dir='ltr'>σοφίαν,</span> <span class='ocrx_word' id='word_1_800' title='bbox 3701 4808 3797 4878; x_wconf 85' lang='grc' dir='ltr'><strong>βα-</strong></span> 
     </span>
    </p>
   </div>
   <div class='ocr_carea' id='block_1_104' title="bbox 2221 4904 3799 4974">
    <p class='ocr_par' dir='ltr' id='par_1_104' title="bbox 2221 4904 3799 4974">
     <span class='ocr_line' id='line_1_104' title="bbox 2221 4904 3799 4974; baseline -0.003 -14"><span class='ocrx_word' id='word_1_801' title='bbox 2221 4906 2490 4960; x_wconf 86' lang='grc' dir='ltr'>σιλεύεται</span> <span class='ocrx_word' id='word_1_802' title='bbox 2527 4909 2583 4961; x_wconf 85' lang='grc' dir='ltr'>δὲ</span> <span class='ocrx_word' id='word_1_803' title='bbox 2623 4910 2714 4962; x_wconf 77' lang='grc' dir='ltr'><strong>ὑπ’</strong></span> <span class='ocrx_word' id='word_1_804' title='bbox 2737 4908 2900 4962; x_wconf 82' lang='grc' dir='ltr'>αὑτοῦ</span> <span class='ocrx_word' id='word_1_805' title='bbox 2920 4925 2934 4938; x_wconf 78' lang='grc' dir='ltr'><strong>ο</strong></span> <span class='ocrx_word' id='word_1_806' title='bbox 2965 4908 3050 4960; x_wconf 88' lang='grc' dir='ltr'><strong>διά</strong></span> <span class='ocrx_word' id='word_1_807' title='bbox 3079 4907 3234 4960; x_wconf 88' lang='grc' dir='ltr'>τοῦτό</span> <span class='ocrx_word' id='word_1_808' title='bbox 3267 4921 3452 4974; x_wconf 78' lang='grc' dir='ltr'>φησιν’</span> <span class='ocrx_word' id='word_1_809' title='bbox 3489 4923 3506 4954; x_wconf 77' lang='grc' dir='ltr'><strong>ι</strong></span> <span class='ocrx_word' id='word_1_810' title='bbox 3542 4904 3799 4974; x_wconf 82' lang='grc' dir='ltr'>Εὑρήκα-</span> 
     </span>
    </p>
   </div>
   <div class='ocr_carea' id='block_1_105' title="bbox 2223 4998 3798 5072">
    <p class='ocr_par' dir='ltr' id='par_1_105' title="bbox 2223 4998 3798 5072">
     <span class='ocr_line' id='line_1_105' title="bbox 2223 4998 3798 5072; baseline -0.003 -19"><span class='ocrx_word' id='word_1_811' title='bbox 2223 5017 2322 5071; x_wconf 88' lang='grc' dir='ltr'><strong>μεν</strong></span> <span class='ocrx_word' id='word_1_812' title='bbox 2355 4998 2446 5052; x_wconf 84' lang='grc' dir='ltr'><strong>τδν</strong></span> <span class='ocrx_word' id='word_1_813' title='bbox 2479 5000 2742 5054; x_wconf 89' lang='grc' dir='ltr'>Μεσσίαν.</span> <span class='ocrx_word' id='word_1_814' title='bbox 2771 5019 2788 5051; x_wconf 72' lang='grc' dir='ltr'><strong>ι</strong></span> <span class='ocrx_word' id='word_1_815' title='bbox 2827 5000 2974 5070; x_wconf 85' lang='grc' dir='ltr'>Αῦτη</span> <span class='ocrx_word' id='word_1_816' title='bbox 3011 5000 3067 5052; x_wconf 83' lang='grc' dir='ltr'>δὲ</span> <span class='ocrx_word' id='word_1_817' title='bbox 3101 5002 3138 5072; x_wconf 76' lang='grc' dir='ltr'><strong>ἡ</strong></span> <span class='ocrx_word' id='word_1_818' title='bbox 3168 5000 3318 5070; x_wconf 74' lang='grc' dir='ltr'>φωνὴ</span> <span class='ocrx_word' id='word_1_819' title='bbox 3351 4999 3456 5051; x_wconf 76' lang='grc' dir='ltr'><strong>ὑπὸ</strong></span> <span class='ocrx_word' id='word_1_820' title='bbox 3507 5000 3706 5061; x_wconf 81' lang='grc' dir='ltr'>παντὸς</span> <span class='ocrx_word' id='word_1_821' title='bbox 3731 4998 3798 5052; x_wconf 79' lang='grc' dir='ltr'>ἂν</span> 
     </span>
    </p>
   </div>
   <div class='ocr_carea' id='block_1_106' title="bbox 2219 5091 3799 5164">
    <p class='ocr_par' dir='ltr' id='par_1_106' title="bbox 2219 5091 3799 5164">
     <span class='ocr_line' id='line_1_106' title="bbox 2219 5091 3799 5164; baseline 0.001 -21"><span class='ocrx_word' id='word_1_822' title='bbox 2219 5091 2430 5159; x_wconf 86' lang='grc' dir='ltr'>λέγοιτο</span> <span class='ocrx_word' id='word_1_823' title='bbox 2473 5091 2662 5144; x_wconf 88' lang='grc' dir='ltr'>τοῦτον</span> <span class='ocrx_word' id='word_1_824' title='bbox 2693 5092 2786 5144; x_wconf 88' lang='grc' dir='ltr'><strong>τοῦ</strong></span> <span class='ocrx_word' id='word_1_825' title='bbox 2831 5093 2965 5145; x_wconf 85' lang='grc' dir='ltr'>Θεοῦ</span> <span class='ocrx_word' id='word_1_826' title='bbox 3001 5093 3174 5162; x_wconf 82' lang='grc' dir='ltr'>Λόγον</span> <span class='ocrx_word' id='word_1_827' title='bbox 3201 5093 3514 5164; x_wconf 84' lang='grc' dir='ltr'>εὐρηκότος,</span> <span class='ocrx_word' id='word_1_828' title='bbox 3554 5093 3648 5147; x_wconf 79' lang='grc' dir='ltr'>καὶ</span> <span class='ocrx_word' id='word_1_829' title='bbox 3693 5091 3799 5145; x_wconf 83' lang='grc' dir='ltr'><strong>ὑπὸ</strong></span> 
     </span>
    </p>
   </div>
   <div class='ocr_carea' id='block_1_107' title="bbox 2219 5183 3797 5259">
    <p class='ocr_par' dir='ltr' id='par_1_107' title="bbox 2219 5183 3797 5259">
     <span class='ocr_line' id='line_1_107' title="bbox 2219 5183 3797 5259; baseline 0 -21"><span class='ocrx_word' id='word_1_830' title='bbox 2219 5185 2318 5255; x_wconf 83' lang='grc' dir='ltr'>τῆς</span> <span class='ocrx_word' id='word_1_831' title='bbox 2369 5183 2642 5254; x_wconf 87' lang='grc' dir='ltr'>θειότητος</span> <span class='ocrx_word' id='word_1_832' title='bbox 2696 5185 2859 5238; x_wconf 83' lang='grc' dir='ltr'>αὑτοῦ</span> <span class='ocrx_word' id='word_1_833' title='bbox 2932 5185 3372 5256; x_wconf 78' lang='grc' dir='ltr'>βασιλευομένου.</span> <span class='ocrx_word' id='word_1_834' title='bbox 3421 5187 3648 5259; x_wconf 83' lang='grc' dir='ltr'>Καρπὸν</span> <span class='ocrx_word' id='word_1_835' title='bbox 3701 5186 3797 5240; x_wconf 81' lang='grc' dir='ltr'>καὶ</span> 
     </span>
    </p>
   </div>
   <div class='ocr_carea' id='block_1_108' title="bbox 607 5275 2131 5348">
    <p class='ocr_par' dir='ltr' id='par_1_108' title="bbox 607 5275 2110 5347">
     <span class='ocr_line' id='line_1_108' title="bbox 607 5275 2110 5347; baseline 0.003 -18"><span class='ocrx_word' id='word_1_836' title='bbox 607 5275 654 5306; x_wconf 89' lang='grc'><strong>⁸⁹</strong></span> <span class='ocrx_word' id='word_1_837' title='bbox 687 5275 844 5331; x_wconf 81' lang='lat' dir='ltr'><strong>Joan.</strong></span> <span class='ocrx_word' id='word_1_838' title='bbox 883 5278 921 5338; x_wconf 86' lang='grc' dir='ltr'><strong>Ι.</strong></span> <span class='ocrx_word' id='word_1_839' title='bbox 953 5279 1024 5330; x_wconf 70' lang='lat'><strong>52</strong></span> <span class='ocrx_word' id='word_1_840' title='bbox 1058 5279 1146 5334; x_wconf 77' lang='grc'><strong>34.</strong></span> <span class='ocrx_word' id='word_1_841' title='bbox 1221 5281 1267 5313; x_wconf 70' lang='grc' dir='ltr'><strong>⁸ο</strong></span> <span class='ocrx_word' id='word_1_842' title='bbox 1297 5281 1428 5335; x_wconf 82' lang='lat' dir='ltr'><strong>ibid.</strong></span> <span class='ocrx_word' id='word_1_843' title='bbox 1478 5281 1566 5338; x_wconf 77' lang='lat'><strong>55.</strong></span> <span class='ocrx_word' id='word_1_844' title='bbox 1613 5281 1702 5336; x_wconf 79' lang='grc'><strong>56.</strong></span> <span class='ocrx_word' id='word_1_845' title='bbox 1770 5282 1814 5312; x_wconf 70' lang='grc'><strong>⁵¹</strong></span> <span class='ocrx_word' id='word_1_846' title='bbox 1857 5282 1990 5335; x_wconf 86' lang='lat' dir='ltr'><strong>ibid.</strong></span> <span class='ocrx_word' id='word_1_847' title='bbox 2019 5283 2110 5347; x_wconf 80' lang='grc'>57,</span> 
     </span>
    </p>
   </div>
   <div class='ocr_carea' id='block_1_109' title="bbox 2233 5275 3792 5348">
    <p class='ocr_par' dir='ltr' id='par_1_109' title="bbox 2233 5279 3792 5348">
     <span class='ocr_line' id='line_1_109' title="bbox 2233 5279 3792 5348; baseline 0.001 -15"><span class='ocrx_word' id='word_1_848' title='bbox 2233 5321 2240 5333; x_wconf 91' lang='grc'>.</span> <span class='ocrx_word' id='word_1_849' title='bbox 2319 5279 2363 5310; x_wconf 65' lang='grc' dir='ltr'><strong>δ’</strong></span> <span class='ocrx_word' id='word_1_850' title='bbox 2390 5280 2520 5344; x_wconf 86' lang='lat' dir='ltr'><strong>ibid,</strong></span> <span class='ocrx_word' id='word_1_851' title='bbox 2557 5280 2646 5334; x_wconf 81' lang='grc'><strong>58.</strong></span> <span class='ocrx_word' id='word_1_852' title='bbox 2734 5279 2780 5310; x_wconf 73' lang='grc'>⁸³</span> <span class='ocrx_word' id='word_1_853' title='bbox 2828 5280 3018 5334; x_wconf 82' lang='lat' dir='ltr'><strong>Matth.</strong></span> <span class='ocrx_word' id='word_1_854' title='bbox 3063 5297 3160 5341; x_wconf 82' lang='lat' dir='ltr'><strong>vn,</strong></span> <span class='ocrx_word' id='word_1_855' title='bbox 3201 5282 3254 5335; x_wconf 89' lang='lat'><strong>8.</strong></span> <span class='ocrx_word' id='word_1_856' title='bbox 3331 5281 3374 5313; x_wconf 77' lang='lat'><strong>“</strong></span> <span class='ocrx_word' id='word_1_857' title='bbox 3421 5281 3577 5336; x_wconf 74' lang='lat' dir='ltr'><strong>Jonn.</strong></span> <span class='ocrx_word' id='word_1_858' title='bbox 3626 5297 3665 5348; x_wconf 88' lang='lat' dir='ltr'><strong>I,</strong></span> <span class='ocrx_word' id='word_1_859' title='bbox 3701 5281 3792 5336; x_wconf 80' lang='lat'><strong>39.</strong></span> 
     </span>
    </p>
   </div>
   <div class='ocr_carea' id='block_1_110' title="bbox 587 5346 2191 5416">
    <p class='ocr_par' dir='ltr' id='par_1_110' title="bbox 587 5346 2191 5416">
     <span class='ocr_line' id='line_1_110' title="bbox 587 5346 2191 5416; baseline 0.004 -16"><span class='ocrx_word' id='word_1_860' title='bbox 587 5346 636 5379; x_wconf 73' lang='lat'><strong>“</strong></span> <span class='ocrx_word' id='word_1_861' title='bbox 666 5348 796 5402; x_wconf 89' lang='lat' dir='ltr'><strong>ibid.</strong></span> <span class='ocrx_word' id='word_1_862' title='bbox 877 5349 924 5379; x_wconf 79' lang='lat'><strong>“</strong></span> <span class='ocrx_word' id='word_1_863' title='bbox 957 5349 1086 5402; x_wconf 90' lang='lat' dir='ltr'><strong>ibid.</strong></span> <span class='ocrx_word' id='word_1_864' title='bbox 1121 5350 1212 5405; x_wconf 68' lang='grc'><strong>40.</strong></span> <span class='ocrx_word' id='word_1_865' title='bbox 1289 5351 1332 5384; x_wconf 73' lang='grc'><strong>⁸⁷</strong></span> <span class='ocrx_word' id='word_1_866' title='bbox 1373 5352 1506 5406; x_wconf 89' lang='lat' dir='ltr'><strong>ibid.</strong></span> <span class='ocrx_word' id='word_1_867' title='bbox 1541 5353 1632 5407; x_wconf 74' lang='grc'><strong>41.</strong></span> <span class='ocrx_word' id='word_1_868' title='bbox 1708 5351 1754 5383; x_wconf 74' lang='grc'><strong>⁸⁸</strong></span> <span class='ocrx_word' id='word_1_869' title='bbox 1784 5351 1973 5405; x_wconf 81' lang='lat' dir='ltr'><strong>Matth.</strong></span> <span class='ocrx_word' id='word_1_870' title='bbox 2011 5346 2106 5416; x_wconf 88' lang='lat' dir='ltr'><strong>vn,</strong></span> <span class='ocrx_word' id='word_1_871' title='bbox 2139 5353 2191 5406; x_wconf 88' lang='lat'><strong>8.</strong></span> 
     </span>
    </p>
   </div>
   <div class='ocr_carea' id='block_1_111' title="bbox 610 5439 2107 5512">
    <p class='ocr_par' dir='ltr' id='par_1_111' title="bbox 610 5439 2107 5512">
     <span class='ocr_line' id='line_1_111' title="bbox 610 5439 2107 5512; baseline 0.004 -20"><span class='ocrx_word' id='word_1_872' title='bbox 610 5439 723 5512; x_wconf 75' lang='lat'><strong>(‘26)</strong></span> <span class='ocrx_word' id='word_1_873' title='bbox 761 5440 1025 5510; x_wconf 80' lang='lat' dir='ltr'><strong>Origenes</strong></span> <span class='ocrx_word' id='word_1_874' title='bbox 1055 5443 1190 5496; x_wconf 88' lang='lat' dir='ltr'><strong>infra</strong></span> <span class='ocrx_word' id='word_1_875' title='bbox 1225 5453 1355 5498; x_wconf 85' lang='lat' dir='ltr'><strong>tom.</strong></span> <span class='ocrx_word' id='word_1_876' title='bbox 1403 5462 1458 5500; x_wconf 84' lang='lat' dir='ltr'><strong>x.</strong></span> <span class='ocrx_word' id='word_1_877' title='bbox 1491 5461 1546 5498; x_wconf 90' lang='lat' dir='ltr'><strong>n.</strong></span> <span class='ocrx_word' id='word_1_878' title='bbox 1571 5443 1642 5497; x_wconf 77' lang='lat'><strong>30</strong></span> <span class='ocrx_word' id='word_1_879' title='bbox 1668 5443 1846 5496; x_wconf 91' lang='lat' dir='ltr'><strong>medio</strong></span> <span class='ocrx_word' id='word_1_880' title='bbox 1880 5463 1891 5497; x_wconf 91' lang='lat'>:</span> <span class='ocrx_word' id='word_1_881' title='bbox 1920 5443 2107 5498; x_wconf 88' lang='grc' dir='ltr'>Ταῦτα</span> 
     </span>
    </p>
   </div>
   <div class='ocr_carea' id='block_1_112' title="bbox 533 5509 2106 5598">
    <p class='ocr_par' dir='ltr' id='par_1_112' title="bbox 533 5509 2106 5598">
     <span class='ocr_line' id='line_1_112' title="bbox 533 5509 2106 5598; baseline 0.002 -34"><span class='ocrx_word' id='word_1_882' title='bbox 533 5509 716 5598; x_wconf 28' lang='grc' dir='ltr'>δέκμοι</span> <span class='ocrx_word' id='word_1_883' title='bbox 744 5514 803 5592; x_wconf 71' lang='grc' dir='ltr'>ἐν</span> <span class='ocrx_word' id='word_1_884' title='bbox 830 5509 973 5598; x_wconf 25' lang='grc' dir='ltr'>ἀιίρχῇ</span> <span class='ocrx_word' id='word_1_885' title='bbox 1001 5513 1094 5566; x_wconf 88' lang='grc' dir='ltr'><strong>τοῦ</strong></span> <span class='ocrx_word' id='word_1_886' title='bbox 1123 5514 1359 5598; x_wconf 60' lang='grc' dir='ltr'>δεκάτου</span> <span class='ocrx_word' id='word_1_887' title='bbox 1385 5516 1556 5598; x_wconf 53' lang='lat' dir='ltr'><strong>Enipeu</strong></span> <span class='ocrx_word' id='word_1_888' title='bbox 1588 5513 1804 5598; x_wconf 66' lang='grc' dir='ltr'>λέγετμι</span> <span class='ocrx_word' id='word_1_889' title='bbox 1836 5513 1973 5584; x_wconf 82' lang='grc' dir='ltr'>πρὸς</span> <span class='ocrx_word' id='word_1_890' title='bbox 2024 5515 2106 5576; x_wconf 84' lang='grc' dir='ltr'>σὲ,</span> 
     </span>
    </p>
   </div>
   <div class='ocr_carea' id='block_1_113' title="bbox 537 5580 2106 5710">
    <p class='ocr_par' dir='ltr' id='par_1_113' title="bbox 537 5580 2106 5710">
     <span class='ocr_line' id='line_1_113' title="bbox 537 5580 2106 5705; baseline 0.003 -73"><span class='ocrx_word' id='word_1_891' title='bbox 537 5580 808 5664; x_wconf 75' lang='grc' dir='ltr'>πολλαχοῦ</span> <span class='ocrx_word' id='word_1_892' title='bbox 851 5580 1048 5705; x_wconf 51' lang='grc' dir='ltr'>όέὤντι</span> <span class='ocrx_word' id='word_1_893' title='bbox 1088 5585 1190 5655; x_wconf 80' lang='grc' dir='ltr'>τῆς</span> <span class='ocrx_word' id='word_1_894' title='bbox 1226 5580 1467 5656; x_wconf 68' lang='grc' dir='ltr'>Γραφῆς’</span> <span class='ocrx_word' id='word_1_895' title='bbox 1503 5580 2106 5670; x_wconf 64' lang='grc' dir='ltr'>διαφερούσηςπρονο-</span> 
     </span>
     <span class='ocr_line' id='line_1_114' title="bbox 539 5654 2105 5710; baseline 0.004 -8"><span class='ocrx_word' id='word_1_896' title='bbox 539 5666 676 5710; x_wconf 76' lang='grc' dir='ltr'>μιας</span> <span class='ocrx_word' id='word_1_897' title='bbox 715 5669 874 5710; x_wconf 79' lang='grc' dir='ltr'>τετυγ</span> <span class='ocrx_word' id='word_1_898' title='bbox 908 5671 976 5706; x_wconf 89' lang='grc' dir='ltr'><strong>τα</strong></span> <span class='ocrx_word' id='word_1_899' title='bbox 1017 5655 1106 5707; x_wconf 85' lang='grc' dir='ltr'>τὸν</span> <span class='ocrx_word' id='word_1_900' title='bbox 1150 5655 1282 5710; x_wconf 83' lang='grc' dir='ltr'>δέκα</span> <span class='ocrx_word' id='word_1_901' title='bbox 1326 5655 1578 5710; x_wconf 79' lang='grc' dir='ltr'>ἀριθμόν.</span> <span class='ocrx_word' id='word_1_902' title='bbox 1624 5654 1755 5708; x_wconf 83' lang='lat' dir='ltr'><strong>Item</strong></span> <span class='ocrx_word' id='word_1_903' title='bbox 1806 5669 1859 5707; x_wconf 83' lang='lat' dir='ltr'><strong>In</strong></span> <span class='ocrx_word' id='word_1_904' title='bbox 1903 5657 2105 5710; x_wconf 76' lang='lat' dir='ltr'><strong>Catena</strong></span> 
     </span>
    </p>
   </div>
   <div class='ocr_carea' id='block_1_114' title="bbox 588 5667 2108 5804">
    <p class='ocr_par' dir='ltr' id='par_1_114' title="bbox 588 5667 2108 5804">
     <span class='ocr_line' id='line_1_115' title="bbox 588 5667 2105 5726; baseline 0.005 -24"><span class='ocrx_word' id='word_1_905' title='bbox 588 5667 676 5713; x_wconf 79' lang='grc' dir='ltr'><strong>ιας</strong></span> <span class='ocrx_word' id='word_1_906' title='bbox 715 5667 976 5722; x_wconf 84' lang='grc' dir='ltr'>τετυχοτα</span> <span class='ocrx_word' id='word_1_907' title='bbox 1017 5667 1106 5707; x_wconf 86' lang='grc' dir='ltr'><strong>τον</strong></span> <span class='ocrx_word' id='word_1_908' title='bbox 1150 5667 1282 5710; x_wconf 85' lang='grc' dir='ltr'>οεκα</span> <span class='ocrx_word' id='word_1_909' title='bbox 1326 5667 1578 5726; x_wconf 74' lang='grc' dir='ltr'>αριθμον.</span> <span class='ocrx_word' id='word_1_910' title='bbox 1624 5667 1755 5708; x_wconf 82' lang='lat' dir='ltr'><strong>Item</strong></span> <span class='ocrx_word' id='word_1_911' title='bbox 1806 5669 1859 5707; x_wconf 85' lang='lat' dir='ltr'><strong>In</strong></span> <span class='ocrx_word' id='word_1_912' title='bbox 1903 5667 2105 5710; x_wconf 68' lang='lat' dir='ltr'><strong>Catena</strong></span> 
     </span>
     <span class='ocr_line' id='line_1_116' title="bbox 592 5721 2108 5804; baseline 0.005 -33"><span class='ocrx_word' id='word_1_913' title='bbox 592 5721 878 5800; x_wconf 74' lang='lat' dir='ltr'><strong>hisleriana</strong></span> <span class='ocrx_word' id='word_1_914' title='bbox 911 5725 968 5776; x_wconf 81' lang='lat' dir='ltr'><strong>in</strong></span> <span class='ocrx_word' id='word_1_915' title='bbox 996 5724 1308 5804; x_wconf 33' lang='grc' dir='ltr'><strong>,τέγεοι-...ού</strong></span> <span class='ocrx_word' id='word_1_916' title='bbox 1348 5743 1470 5795; x_wconf 82' lang='lat' dir='ltr'><strong>cap.</strong></span> <span class='ocrx_word' id='word_1_917' title='bbox 1496 5741 1676 5804; x_wconf 53' lang='lat' dir='ltr'><strong>xxxii,</strong></span> <span class='ocrx_word' id='word_1_918' title='bbox 1706 5725 1979 5804; x_wconf 49' lang='lat' dir='ltr'><strong>ve_rs.nl7,_</strong></span> <span class='ocrx_word' id='word_1_919' title='bbox 2011 5729 2108 5804; x_wconf 83' lang='lat' dir='ltr'><strong>de-</strong></span> 
     </span>
    </p>
   </div>
   <div class='ocr_carea' id='block_1_115' title="bbox 539 5790 2105 5866">
    <p class='ocr_par' dir='ltr' id='par_1_115' title="bbox 539 5790 2105 5866">
     <span class='ocr_line' id='line_1_117' title="bbox 539 5790 2105 5866; baseline 0.004 -22"><span class='ocrx_word' id='word_1_920' title='bbox 539 5790 754 5844; x_wconf 66' lang='lat' dir='ltr'><strong>narium</strong></span> <span class='ocrx_word' id='word_1_921' title='bbox 798 5806 1082 5848; x_wconf 87' lang='lat' dir='ltr'><strong>numerum</strong></span> <span class='ocrx_word' id='word_1_922' title='bbox 1135 5790 1659 5866; x_wconf 51' lang='lat' dir='ltr'><strong>Origenes&#39;rélstov</strong></span> <span class='ocrx_word' id='word_1_923' title='bbox 1703 5795 1798 5849; x_wconf 78' lang='grc' dir='ltr'>καὶ</span> <span class='ocrx_word' id='word_1_924' title='bbox 1845 5794 1982 5848; x_wconf 87' lang='grc' dir='ltr'>Θεοῦ</span> <span class='ocrx_word' id='word_1_925' title='bbox 2027 5798 2105 5850; x_wconf 75' lang='lat' dir='ltr'><strong>oi-</strong></span> 
     </span>
    </p>
   </div>
   <div class='ocr_carea' id='block_1_116' title="bbox 2267 5349 3583 5414">
    <p class='ocr_par' dir='ltr' id='par_1_116' title="bbox 2267 5349 3583 5414">
     <span class='ocr_line' id='line_1_118' title="bbox 2267 5349 3583 5414; baseline 0 -8"><span class='ocrx_word' id='word_1_926' title='bbox 2267 5351 2312 5382; x_wconf 75' lang='lat'><strong>“</strong></span> <span class='ocrx_word' id='word_1_927' title='bbox 2341 5349 2500 5406; x_wconf 83' lang='lat' dir='ltr'><strong>Joan.</strong></span> <span class='ocrx_word' id='word_1_928' title='bbox 2545 5364 2584 5414; x_wconf 89' lang='lat' dir='ltr'><strong>I,</strong></span> <span class='ocrx_word' id='word_1_929' title='bbox 2615 5350 2705 5405; x_wconf 76' lang='lat'><strong>39.</strong></span> <span class='ocrx_word' id='word_1_930' title='bbox 2782 5351 2829 5382; x_wconf 81' lang='grc'><strong>⁸⁸</strong></span> <span class='ocrx_word' id='word_1_931' title='bbox 2858 5353 2988 5405; x_wconf 90' lang='lat' dir='ltr'><strong>ibid.</strong></span> <span class='ocrx_word' id='word_1_932' title='bbox 3016 5368 3053 5414; x_wconf 95' lang='lat' dir='ltr'><strong>I,</strong></span> <span class='ocrx_word' id='word_1_933' title='bbox 3093 5354 3180 5406; x_wconf 75' lang='lat' dir='ltr'><strong>M.</strong></span> <span class='ocrx_word' id='word_1_934' title='bbox 3258 5353 3302 5384; x_wconf 78' lang='grc'><strong>⁸³</strong></span> <span class='ocrx_word' id='word_1_935' title='bbox 3332 5354 3462 5407; x_wconf 83' lang='lat' dir='ltr'><strong>ibid.</strong></span> <span class='ocrx_word' id='word_1_936' title='bbox 3489 5354 3583 5406; x_wconf 73' lang='grc'><strong>42.</strong></span> 
     </span>
    </p>
   </div>
   <div class='ocr_carea' id='block_1_117' title="bbox 2215 5441 3792 5512">
    <p class='ocr_par' dir='ltr' id='par_1_117' title="bbox 2215 5441 3792 5512">
     <span class='ocr_line' id='line_1_119' title="bbox 2215 5441 3792 5512; baseline -0.003 -14"><span class='ocrx_word' id='word_1_937' title='bbox 2215 5445 2363 5498; x_wconf 76' lang='grc' dir='ltr'>ιεῖον</span> <span class='ocrx_word' id='word_1_938' title='bbox 2399 5457 2519 5497; x_wconf 90' lang='lat' dir='ltr'><strong>esse</strong></span> <span class='ocrx_word' id='word_1_939' title='bbox 2561 5443 2714 5495; x_wconf 84' lang='lat' dir='ltr'><strong>dicit.</strong></span> <span class='ocrx_word' id='word_1_940' title='bbox 2747 5443 2812 5496; x_wconf 85' lang='lat' dir='ltr'><strong>Et</strong></span> <span class='ocrx_word' id='word_1_941' title='bbox 2850 5443 2904 5496; x_wconf 92' lang='lat' dir='ltr'><strong>in</strong></span> <span class='ocrx_word' id='word_1_942' title='bbox 2947 5443 3047 5496; x_wconf 89' lang='lat' dir='ltr'><strong>alia</strong></span> <span class='ocrx_word' id='word_1_943' title='bbox 3085 5441 3267 5512; x_wconf 72' lang='lat' dir='ltr'><strong>Regia:</strong></span> <span class='ocrx_word' id='word_1_944' title='bbox 3305 5444 3650 5497; x_wconf 61' lang='lat' dir='ltr'><strong>Dildiothecae</strong></span> <span class='ocrx_word' id='word_1_945' title='bbox 3684 5441 3792 5497; x_wconf 82' lang='lat' dir='ltr'><strong>Ca-</strong></span> 
     </span>
    </p>
   </div>
   <div class='ocr_carea' id='block_1_118' title="bbox 2220 5513 3792 5596">
    <p class='ocr_par' dir='ltr' id='par_1_118' title="bbox 2220 5513 3792 5596">
     <span class='ocr_line' id='line_1_120' title="bbox 2220 5513 3792 5596; baseline -0.002 -29"><span class='ocrx_word' id='word_1_946' title='bbox 2220 5526 2338 5596; x_wconf 75' lang='lat' dir='ltr'><strong>tena</strong></span> <span class='ocrx_word' id='word_1_947' title='bbox 2376 5514 2431 5596; x_wconf 54' lang='lat' dir='ltr'><strong>in</strong></span> <span class='ocrx_word' id='word_1_948' title='bbox 2474 5513 2907 5596; x_wconf 44' lang='lat' dir='ltr'><strong>PEOpIietas,&#39;:ad</strong></span> <span class='ocrx_word' id='word_1_949' title='bbox 2957 5515 3155 5596; x_wconf 64' lang='lat' dir='ltr'><strong>Ezech.</strong></span> <span class='ocrx_word' id='word_1_950' title='bbox 3182 5516 3413 5596; x_wconf 23' lang='lat' dir='ltr'><strong>nivali):</strong></span> <span class='ocrx_word' id='word_1_951' title='bbox 3458 5516 3574 5596; x_wconf 64' lang='lat'><strong>063:</strong></span> <span class='ocrx_word' id='word_1_952' title='bbox 3621 5513 3792 5596; x_wconf 75' lang='grc' dir='ltr'>ὲχρῇν</span> 
     </span>
    </p>
   </div>
   <div class='ocr_carea' id='block_1_119' title="bbox 2214 5582 3792 5707">
    <p class='ocr_par' dir='ltr' id='par_1_119' title="bbox 2214 5582 3792 5707">
     <span class='ocr_line' id='line_1_121' title="bbox 2214 5582 3792 5657; baseline -0.001 -21"><span class='ocrx_word' id='word_1_953' title='bbox 2214 5584 2286 5652; x_wconf 86' lang='grc' dir='ltr'><strong>γὰ</strong></span> <span class='ocrx_word' id='word_1_954' title='bbox 2361 5582 2450 5637; x_wconf 82' lang='grc' dir='ltr'>τὸν</span> <span class='ocrx_word' id='word_1_955' title='bbox 2489 5582 2659 5646; x_wconf 79' lang='grc' dir='ltr'>οὕτως</span> <span class='ocrx_word' id='word_1_956' title='bbox 2709 5583 3017 5654; x_wconf 81' lang='grc' dir='ltr'>ἀκάθαρτον</span> <span class='ocrx_word' id='word_1_957' title='bbox 3065 5583 3478 5656; x_wconf 86' lang='grc' dir='ltr'>βρωθησόμενον</span> <span class='ocrx_word' id='word_1_958' title='bbox 3523 5582 3700 5657; x_wconf 65' lang='grc' dir='ltr'>ἄρτον</span> <span class='ocrx_word' id='word_1_959' title='bbox 3733 5584 3792 5634; x_wconf 81' lang='grc' dir='ltr'>ἐν</span> 
     </span>
     <span class='ocr_line' id='line_1_122' title="bbox 2214 5601 3792 5707; baseline 0 0"><span class='ocrx_word' id='word_1_960' title='bbox 2214 5601 2355 5707; x_wconf 62' lang='grc' dir='ltr'>ἀγῗω</span> <span class='ocrx_word' id='word_1_961' title='bbox 2402 5653 2924 5707; x_wconf 78' lang='grc' dir='ltr'>παραλαμϐάνεσθαι</span> <span class='ocrx_word' id='word_1_962' title='bbox 2968 5654 3222 5707; x_wconf 76' lang='grc' dir='ltr'>ἀριθμῶ.</span> <span class='ocrx_word' id='word_1_963' title='bbox 3273 5658 3455 5707; x_wconf 75' lang='grc' dir='ltr'>ὁποῖος</span> <span class='ocrx_word' id='word_1_964' title='bbox 3502 5655 3566 5707; x_wconf 76' lang='grc' dir='ltr'>δὴ</span> <span class='ocrx_word' id='word_1_965' title='bbox 3620 5658 3649 5707; x_wconf 87' lang='lat'><strong>6</strong></span> <span class='ocrx_word' id='word_1_966' title='bbox 3691 5653 3792 5707; x_wconf 72' lang='grc' dir='ltr'>τῆς</span> 
     </span>
    </p>
   </div>
   <div class='ocr_carea' id='block_1_120' title="bbox 2212 5653 3792 5726">
    <p class='ocr_par' dir='ltr' id='par_1_120' title="bbox 2212 5653 3792 5726">
     <span class='ocr_line' id='line_1_123' title="bbox 2212 5653 3792 5726; baseline 0.001 -19"><span class='ocrx_word' id='word_1_967' title='bbox 2212 5653 2355 5724; x_wconf 82' lang='grc' dir='ltr'>ἁγίῳ</span> <span class='ocrx_word' id='word_1_968' title='bbox 2402 5653 2924 5726; x_wconf 74' lang='grc' dir='ltr'>παραλαμϐάνεσθαι</span> <span class='ocrx_word' id='word_1_969' title='bbox 2968 5653 3244 5726; x_wconf 50' lang='grc' dir='ltr'>ἀριθμῷ(</span> <span class='ocrx_word' id='word_1_970' title='bbox 3273 5658 3455 5717; x_wconf 82' lang='grc' dir='ltr'>ὁποῖος</span> <span class='ocrx_word' id='word_1_971' title='bbox 3502 5653 3649 5726; x_wconf 45' lang='grc' dir='ltr'>δὴίό</span> <span class='ocrx_word' id='word_1_972' title='bbox 3687 5653 3792 5726; x_wconf 54' lang='lat' dir='ltr'><strong>si};</strong></span> 
     </span>
    </p>
   </div>
   <div class='ocr_carea' id='block_1_121' title="bbox 2212 5724 3785 5796">
    <p class='ocr_par' dir='ltr' id='par_1_121' title="bbox 2212 5724 3785 5796">
     <span class='ocr_line' id='line_1_124' title="bbox 2212 5724 3785 5796; baseline 0.001 -19"><span class='ocrx_word' id='word_1_973' title='bbox 2212 5726 2452 5788; x_wconf 85' lang='grc' dir='ltr'>δεκάδος,</span> <span class='ocrx_word' id='word_1_974' title='bbox 2481 5724 2575 5796; x_wconf 62' lang='grc' dir='ltr'><strong>καῖ</strong></span> <span class='ocrx_word' id='word_1_975' title='bbox 2604 5725 2916 5795; x_wconf 80' lang='grc' dir='ltr'>ἑϐδομάδος,</span> <span class='ocrx_word' id='word_1_976' title='bbox 2943 5724 3036 5777; x_wconf 60' lang='grc' dir='ltr'><strong>καλ⁵</strong></span> <span class='ocrx_word' id='word_1_977' title='bbox 3058 5724 3373 5796; x_wconf 85' lang='grc' dir='ltr'>τριακάδος,</span> <span class='ocrx_word' id='word_1_978' title='bbox 3396 5727 3490 5780; x_wconf 84' lang='grc' dir='ltr'>καὶ</span> <span class='ocrx_word' id='word_1_979' title='bbox 3515 5724 3785 5795; x_wconf 81' lang='grc' dir='ltr'>ὀγδοάδος,</span> 
     </span>
    </p>
   </div>
   <div class='ocr_carea' id='block_1_122' title="bbox 2223 5795 3142 5868">
    <p class='ocr_par' dir='ltr' id='par_1_122' title="bbox 2223 5795 3142 5868">
     <span class='ocr_line' id='line_1_125' title="bbox 2223 5795 3142 5868; baseline 0.002 -18"><span class='ocrx_word' id='word_1_980' title='bbox 2223 5798 2317 5851; x_wconf 81' lang='grc' dir='ltr'><strong>καί</strong></span> <span class='ocrx_word' id='word_1_981' title='bbox 2344 5813 2488 5860; x_wconf 86' lang='grc' dir='ltr'>τινες</span> <span class='ocrx_word' id='word_1_982' title='bbox 2509 5795 2624 5851; x_wconf 83' lang='grc' dir='ltr'>τῶν·</span> <span class='ocrx_word' id='word_1_983' title='bbox 2643 5797 2842 5868; x_wconf 67' lang='grc' dir='ltr'>ὁμοίω</span> <span class='ocrx_word' id='word_1_984' title='bbox 2873 5795 3142 5868; x_wconf 84' lang='grc' dir='ltr'>ἀριθμῶν.</span> 
     </span>
    </p>
   </div>
  </div>
