  <div class='ocr_page' id='page_1' title='image "/cluster/home/n/w/nwhite01/storage/ocr_20150623/14:no.4/coo.31924054872928/100.png"; bbox 0 0 4194 6394; ppageno 0'>
   <div class='ocr_carea' id='block_1_1' title="bbox 461 333 559 390">
    <p class='ocr_par' dir='ltr' id='par_1_1' title="bbox 461 333 559 390">
     <span class='ocr_line' id='line_1_1' title="bbox 461 333 559 390; baseline 0 -1"><span class='ocrx_word' id='word_1_1' title='bbox 461 333 559 390; x_wconf 75' lang='grc'><strong>181</strong></span> 
     </span>
    </p>
   </div>
   <div class='ocr_carea' id='block_1_2' title="bbox 1553 324 2597 390">
    <p class='ocr_par' dir='ltr' id='par_1_2' title="bbox 1553 324 2597 390">
     <span class='ocr_line' id='line_1_2' title="bbox 1553 324 2597 390; baseline -0.012 0"><span class='ocrx_word' id='word_1_2' title='bbox 1553 332 1905 390; x_wconf 77' lang='lat' dir='ltr'><strong>COMMENT.</strong></span> <span class='ocrx_word' id='word_1_3' title='bbox 1938 331 2005 387; x_wconf 88' lang='lat' dir='ltr'><strong>IN</strong></span> <span class='ocrx_word' id='word_1_4' title='bbox 2035 329 2226 385; x_wconf 74' lang='lat' dir='ltr'><strong>JOAN.</strong></span> <span class='ocrx_word' id='word_1_5' title='bbox 2262 326 2500 384; x_wconf 70' lang='lat' dir='ltr'><strong>TOMUS</strong></span> <span class='ocrx_word' id='word_1_6' title='bbox 2534 324 2597 379; x_wconf 86' lang='lat' dir='ltr'><strong>ll.</strong></span> 
     </span>
    </p>
   </div>
   <div class='ocr_carea' id='block_1_3' title="bbox 3606 314 3710 371">
    <p class='ocr_par' dir='ltr' id='par_1_3' title="bbox 3606 314 3710 371">
     <span class='ocr_line' id='line_1_3' title="bbox 3606 314 3710 371; baseline 0.019 -2"><span class='ocrx_word' id='word_1_7' title='bbox 3606 314 3710 371; x_wconf 74' lang='grc'><strong>182</strong></span> 
     </span>
    </p>
   </div>
   <div class='ocr_carea' id='block_1_4' title="bbox 459 435 2052 520">
    <p class='ocr_par' dir='ltr' id='par_1_4' title="bbox 459 443 2038 520">
     <span class='ocr_line' id='line_1_4' title="bbox 459 443 2038 520; baseline 0 -19"><span class='ocrx_word' id='word_1_8' title='bbox 459 447 659 511; x_wconf 83' lang='grc' dir='ltr'>εὐθέως</span> <span class='ocrx_word' id='word_1_9' title='bbox 698 450 963 520; x_wconf 76' lang='grc' dir='ltr'><strong>προσάγει</strong></span> <span class='ocrx_word' id='word_1_10' title='bbox 995 449 1085 502; x_wconf 79' lang='grc' dir='ltr'><strong>τὸν</strong></span> <span class='ocrx_word' id='word_1_11' title='bbox 1113 448 1338 518; x_wconf 70' lang='grc' dir='ltr'>ἀδελφὺν</span> <span class='ocrx_word' id='word_1_12' title='bbox 1378 448 1453 519; x_wconf 89' lang='grc' dir='ltr'><strong>τῷ</strong></span> <span class='ocrx_word' id='word_1_13' title='bbox 1495 449 1736 520; x_wconf 82' lang='grc' dir='ltr'><strong>Χριστῷ,</strong></span> <span class='ocrx_word' id='word_1_14' title='bbox 1761 443 1805 517; x_wconf 83' lang='grc' dir='ltr'><strong>ᾧ</strong></span> <span class='ocrx_word' id='word_1_15' title='bbox 1834 448 2038 519; x_wconf 81' lang='grc' dir='ltr'><strong>Σίμωνι</strong></span> 
     </span>
    </p>
   </div>
   <div class='ocr_carea' id='block_1_5' title="bbox 2150 435 3704 520">
    <p class='ocr_par' dir='ltr' id='par_1_5' title="bbox 2150 435 3704 502">
     <span class='ocr_line' id='line_1_5' title="bbox 2150 435 3704 502; baseline -0.008 -3"><span class='ocrx_word' id='word_1_16' title='bbox 2150 446 2292 499; x_wconf 86' lang='lat' dir='ltr'><strong>illum</strong></span> <span class='ocrx_word' id='word_1_17' title='bbox 2325 443 2579 497; x_wconf 78' lang='lat' dir='ltr'><strong>intuitum</strong></span> <span class='ocrx_word' id='word_1_18' title='bbox 2610 438 2892 494; x_wconf 78' lang='lat' dir='ltr'><strong>declarans</strong></span> <span class='ocrx_word' id='word_1_19' title='bbox 2921 452 2980 492; x_wconf 91' lang='lat' dir='ltr'><strong>se</strong></span> <span class='ocrx_word' id='word_1_20' title='bbox 3008 435 3246 492; x_wconf 82' lang='lat' dir='ltr'><strong>Simonis</strong></span> <span class='ocrx_word' id='word_1_21' title='bbox 3271 447 3454 488; x_wconf 85' lang='lat' dir='ltr'><strong>curam</strong></span> <span class='ocrx_word' id='word_1_22' title='bbox 3489 446 3704 502; x_wconf 64' lang='lat' dir='ltr'><strong>gerere,</strong></span> 
     </span>
    </p>
   </div>
   <div class='ocr_carea' id='block_1_6' title="bbox 457 537 2037 613">
    <p class='ocr_par' dir='ltr' id='par_1_6' title="bbox 457 537 2037 613">
     <span class='ocr_line' id='line_1_6' title="bbox 457 537 2037 613; baseline -0.001 -22"><span class='ocrx_word' id='word_1_23' title='bbox 457 537 753 609; x_wconf 76' lang='grc' dir='ltr'>ἐχαρίσατο</span> <span class='ocrx_word' id='word_1_24' title='bbox 795 540 824 591; x_wconf 96' lang='lat'><strong>6</strong></span> <span class='ocrx_word' id='word_1_25' title='bbox 874 538 1081 611; x_wconf 89' lang='grc' dir='ltr'>Ἰησοῦς</span> <span class='ocrx_word' id='word_1_26' title='bbox 1120 541 1182 592; x_wconf 84' lang='grc' dir='ltr'><strong>τὸ</strong></span> <span class='ocrx_word' id='word_1_27' title='bbox 1217 539 1481 611; x_wconf 71' lang='grc' dir='ltr'>ἐμϐλέψαι</span> <span class='ocrx_word' id='word_1_28' title='bbox 1520 540 1700 610; x_wconf 87' lang='grc' dir='ltr'>αὐτῷ,</span> <span class='ocrx_word' id='word_1_29' title='bbox 1739 542 1873 613; x_wconf 82' lang='grc' dir='ltr'>ὅπερ</span> <span class='ocrx_word' id='word_1_30' title='bbox 1920 539 2037 594; x_wconf 74' lang='grc' dir='ltr'>ἐστὶ</span> 
     </span>
    </p>
   </div>
   <div class='ocr_carea' id='block_1_7' title="bbox 457 630 2039 703">
    <p class='ocr_par' dir='ltr' id='par_1_7' title="bbox 457 630 2039 703">
     <span class='ocr_line' id='line_1_7' title="bbox 457 630 2039 703; baseline 0 -17"><span class='ocrx_word' id='word_1_31' title='bbox 457 631 547 686; x_wconf 81' lang='grc' dir='ltr'>διὰ</span> <span class='ocrx_word' id='word_1_32' title='bbox 571 630 665 684; x_wconf 89' lang='grc' dir='ltr'><strong>τοῦ</strong></span> <span class='ocrx_word' id='word_1_33' title='bbox 697 631 967 703; x_wconf 75' lang='grc' dir='ltr'>ἐμϐλέψαι</span> <span class='ocrx_word' id='word_1_34' title='bbox 995 633 1364 702; x_wconf 62' lang='grc' dir='ltr'>ἐπιηοπῆσαι</span> <span class='ocrx_word' id='word_1_35' title='bbox 1394 633 1489 685; x_wconf 72' lang='grc' dir='ltr'>καὶ</span> <span class='ocrx_word' id='word_1_36' title='bbox 1520 633 1751 702; x_wconf 80' lang='grc' dir='ltr'><strong>φωτίσαι</strong></span> <span class='ocrx_word' id='word_1_37' title='bbox 1777 632 1943 687; x_wconf 83' lang='grc' dir='ltr'>αὑτοῦ</span> <span class='ocrx_word' id='word_1_38' title='bbox 1980 634 2039 686; x_wconf 81' lang='grc' dir='ltr'><strong>τὸ</strong></span> 
     </span>
    </p>
   </div>
   <div class='ocr_carea' id='block_1_8' title="bbox 460 725 2039 797">
    <p class='ocr_par' dir='ltr' id='par_1_8' title="bbox 460 725 2039 797">
     <span class='ocr_line' id='line_1_8' title="bbox 460 725 2039 797; baseline 0.003 -21"><span class='ocrx_word' id='word_1_39' title='bbox 460 725 788 795; x_wconf 81' lang='grc' dir='ltr'>ἡγεμονικόν</span> <span class='ocrx_word' id='word_1_40' title='bbox 805 741 821 756; x_wconf 85' lang='grc'><strong>·</strong></span> <span class='ocrx_word' id='word_1_41' title='bbox 848 726 941 779; x_wconf 78' lang='grc' dir='ltr'><strong>καὶ</strong></span> <span class='ocrx_word' id='word_1_42' title='bbox 967 726 1247 797; x_wconf 79' lang='grc' dir='ltr'><strong>δεδύνηται</strong></span> <span class='ocrx_word' id='word_1_43' title='bbox 1277 726 1365 779; x_wconf 77' lang='grc' dir='ltr'>διὰ</span> <span class='ocrx_word' id='word_1_44' title='bbox 1390 727 1451 782; x_wconf 81' lang='grc' dir='ltr'><strong>τὸ</strong></span> <span class='ocrx_word' id='word_1_45' title='bbox 1475 726 1864 797; x_wconf 77' lang='grc' dir='ltr'>ἐμὸεόλεφέναι</span> <span class='ocrx_word' id='word_1_46' title='bbox 1892 726 2039 797; x_wconf 86' lang='grc' dir='ltr'>αύτῷ</span> 
     </span>
    </p>
   </div>
   <div class='ocr_carea' id='block_1_9' title="bbox 461 817 2037 891">
    <p class='ocr_par' dir='ltr' id='par_1_9' title="bbox 461 817 2037 891">
     <span class='ocr_line' id='line_1_9' title="bbox 461 817 2037 891; baseline 0.002 -21"><span class='ocrx_word' id='word_1_47' title='bbox 461 817 554 870; x_wconf 79' lang='grc' dir='ltr'>τὸν</span> <span class='ocrx_word' id='word_1_48' title='bbox 589 817 799 888; x_wconf 80' lang='grc' dir='ltr'><strong>Ἰησοῦν</strong></span> <span class='ocrx_word' id='word_1_49' title='bbox 838 820 867 871; x_wconf 98' lang='lat'><strong>6</strong></span> <span class='ocrx_word' id='word_1_50' title='bbox 898 819 1081 888; x_wconf 90' lang='grc' dir='ltr'>Σίμων</span> <span class='ocrx_word' id='word_1_51' title='bbox 1127 818 1515 889; x_wconf 78' lang='grc' dir='ltr'>βεϐαιωθῆναι,</span> <span class='ocrx_word' id='word_1_52' title='bbox 1552 819 1693 873; x_wconf 80' lang='grc' dir='ltr'>ὥστε</span> <span class='ocrx_word' id='word_1_53' title='bbox 1732 819 1825 873; x_wconf 92' lang='grc' dir='ltr'><strong>τοῦ</strong></span> <span class='ocrx_word' id='word_1_54' title='bbox 1876 819 2037 891; x_wconf 79' lang='grc' dir='ltr'>ἔργου</span> 
     </span>
    </p>
   </div>
   <div class='ocr_carea' id='block_1_10' title="bbox 458 907 2043 982">
    <p class='ocr_par' dir='ltr' id='par_1_10' title="bbox 458 907 2043 982">
     <span class='ocr_line' id='line_1_10' title="bbox 458 907 2043 982; baseline 0.003 -21"><span class='ocrx_word' id='word_1_55' title='bbox 458 907 561 977; x_wconf 82' lang='grc' dir='ltr'>τῆς</span> <span class='ocrx_word' id='word_1_56' title='bbox 605 908 954 979; x_wconf 77' lang='grc' dir='ltr'>βεϐαιότητος</span> <span class='ocrx_word' id='word_1_57' title='bbox 984 910 1078 963; x_wconf 78' lang='grc' dir='ltr'><strong>καὶ</strong></span> <span class='ocrx_word' id='word_1_58' title='bbox 1109 910 1210 979; x_wconf 83' lang='grc' dir='ltr'><strong>τῆς</strong></span> <span class='ocrx_word' id='word_1_59' title='bbox 1244 911 1604 981; x_wconf 66' lang='grc' dir='ltr'>στερρότητος</span> <span class='ocrx_word' id='word_1_60' title='bbox 1631 909 1917 982; x_wconf 81' lang='grc' dir='ltr'>ἐπώνυμος</span> <span class='ocrx_word' id='word_1_61' title='bbox 1949 928 2043 980; x_wconf 89' lang='grc' dir='ltr'>γε-</span> 
     </span>
    </p>
   </div>
   <div class='ocr_carea' id='block_1_11' title="bbox 459 997 1347 1072">
    <p class='ocr_par' dir='ltr' id='par_1_11' title="bbox 459 997 1347 1072">
     <span class='ocr_line' id='line_1_11' title="bbox 459 997 1347 1072; baseline 0 -19"><span class='ocrx_word' id='word_1_62' title='bbox 459 997 670 1063; x_wconf 79' lang='grc' dir='ltr'>νέσθαι,</span> <span class='ocrx_word' id='word_1_63' title='bbox 697 1001 794 1052; x_wconf 78' lang='grc' dir='ltr'><strong>καὶ</strong></span> <span class='ocrx_word' id='word_1_64' title='bbox 823 998 1088 1072; x_wconf 81' lang='grc' dir='ltr'>κληθῆναι</span> <span class='ocrx_word' id='word_1_65' title='bbox 1118 1000 1347 1071; x_wconf 82' lang='grc' dir='ltr'><strong>Πέτρος.</strong></span> 
     </span>
    </p>
   </div>
   <div class='ocr_carea' id='block_1_12' title="bbox 532 1089 2043 1163">
    <p class='ocr_par' dir='ltr' id='par_1_12' title="bbox 532 1089 2043 1163">
     <span class='ocr_line' id='line_1_12' title="bbox 532 1089 2043 1163; baseline -0.001 -18"><span class='ocrx_word' id='word_1_66' title='bbox 532 1089 620 1145; x_wconf 79' lang='grc'><strong>⁸50.</strong></span> <span class='ocrx_word' id='word_1_67' title='bbox 668 1089 808 1142; x_wconf 87' lang='grc' dir='ltr'>Ἀλλ’</span> <span class='ocrx_word' id='word_1_68' title='bbox 850 1090 967 1162; x_wconf 85' lang='grc' dir='ltr'>ἐρεῖ</span> <span class='ocrx_word' id='word_1_69' title='bbox 994 1108 1111 1154; x_wconf 88' lang='grc' dir='ltr'>τις,</span> <span class='ocrx_word' id='word_1_70' title='bbox 1140 1091 1192 1144; x_wconf 91' lang='grc' dir='ltr'><strong>τί</strong></span> <span class='ocrx_word' id='word_1_71' title='bbox 1221 1090 1420 1161; x_wconf 84' lang='grc' dir='ltr'>δήποτε</span> <span class='ocrx_word' id='word_1_72' title='bbox 1451 1092 1812 1163; x_wconf 83' lang='grc' dir='ltr'>προκειμένου</span> <span class='ocrx_word' id='word_1_73' title='bbox 1852 1091 2043 1163; x_wconf 90' lang='grc' dir='ltr'>διηγή-</span> 
     </span>
    </p>
   </div>
   <div class='ocr_carea' id='block_1_13' title="bbox 463 1177 2041 1256">
    <p class='ocr_par' dir='ltr' id='par_1_13' title="bbox 463 1177 2041 1256">
     <span class='ocr_line' id='line_1_13' title="bbox 463 1177 2041 1256; baseline 0.002 -21"><span class='ocrx_word' id='word_1_74' title='bbox 463 1181 660 1235; x_wconf 88' lang='grc' dir='ltr'>σασθαι</span> <span class='ocrx_word' id='word_1_75' title='bbox 683 1182 765 1234; x_wconf 71' lang='grc' dir='ltr'><strong>τό⁸</strong></span> <span class='ocrx_word' id='word_1_76' title='bbox 807 1201 825 1234; x_wconf 82' lang='grc' dir='ltr'><strong>ι</strong></span> <span class='ocrx_word' id='word_1_77' title='bbox 861 1177 1028 1246; x_wconf 77' lang='grc' dir='ltr'>Οὗτος</span> <span class='ocrx_word' id='word_1_78' title='bbox 1048 1178 1213 1253; x_wconf 72' lang='grc' dir='ltr'>ἦλθεν</span> <span class='ocrx_word' id='word_1_79' title='bbox 1245 1185 1324 1247; x_wconf 87' lang='grc' dir='ltr'><strong>είς</strong></span> <span class='ocrx_word' id='word_1_80' title='bbox 1353 1185 1677 1256; x_wconf 79' lang='grc' dir='ltr'>μαρτυρίαν,</span> <span class='ocrx_word' id='word_1_81' title='bbox 1710 1186 1798 1238; x_wconf 78' lang='grc' dir='ltr'><strong>ἵνα</strong></span> <span class='ocrx_word' id='word_1_82' title='bbox 1835 1203 2041 1256; x_wconf 88' lang='grc' dir='ltr'>μαρτυ-</span> 
     </span>
    </p>
   </div>
   <div class='ocr_carea' id='block_1_14' title="bbox 466 1274 2039 1349">
    <p class='ocr_par' dir='ltr' id='par_1_14' title="bbox 466 1274 2039 1349">
     <span class='ocr_line' id='line_1_14' title="bbox 466 1274 2039 1349; baseline 0.004 -24"><span class='ocrx_word' id='word_1_83' title='bbox 466 1276 606 1346; x_wconf 79' lang='grc' dir='ltr'>ρήσῃ</span> <span class='ocrx_word' id='word_1_84' title='bbox 635 1274 764 1345; x_wconf 80' lang='grc' dir='ltr'>περὶ</span> <span class='ocrx_word' id='word_1_85' title='bbox 785 1274 879 1329; x_wconf 89' lang='grc' dir='ltr'><strong>τοῦ</strong></span> <span class='ocrx_word' id='word_1_86' title='bbox 910 1275 1104 1344; x_wconf 83' lang='grc' dir='ltr'>φωτὸς,</span> <span class='ocrx_word' id='word_1_87' title='bbox 1139 1294 1157 1327; x_wconf 78' lang='grc' dir='ltr'><strong>ι</strong></span> <span class='ocrx_word' id='word_1_88' title='bbox 1184 1275 1358 1329; x_wconf 85' lang='grc' dir='ltr'>πάντα</span> <span class='ocrx_word' id='word_1_89' title='bbox 1378 1276 1550 1330; x_wconf 89' lang='grc' dir='ltr'>ταῦτα</span> <span class='ocrx_word' id='word_1_90' title='bbox 1569 1277 2039 1349; x_wconf 67' lang='grc' dir='ltr'>διεξεληλύθαμενς</span> 
     </span>
    </p>
   </div>
   <div class='ocr_carea' id='block_1_15' title="bbox 461 1364 2040 1440">
    <p class='ocr_par' dir='ltr' id='par_1_15' title="bbox 461 1364 2040 1440">
     <span class='ocr_line' id='line_1_15' title="bbox 461 1364 2040 1440; baseline 0.002 -23"><span class='ocrx_word' id='word_1_91' title='bbox 461 1365 695 1418; x_wconf 79' lang='grc' dir='ltr'>Λεκτέον</span> <span class='ocrx_word' id='word_1_92' title='bbox 723 1364 812 1430; x_wconf 87' lang='grc' dir='ltr'>δὲ,</span> <span class='ocrx_word' id='word_1_93' title='bbox 841 1365 923 1419; x_wconf 77' lang='grc' dir='ltr'><strong>ὅτι</strong></span> <span class='ocrx_word' id='word_1_94' title='bbox 951 1365 1059 1418; x_wconf 80' lang='grc' dir='ltr'>ἔδει</span> <span class='ocrx_word' id='word_1_95' title='bbox 1102 1366 1451 1437; x_wconf 82' lang='grc' dir='ltr'>παραστῆσαι</span> <span class='ocrx_word' id='word_1_96' title='bbox 1484 1367 1581 1432; x_wconf 86' lang='grc' dir='ltr'><strong>τὰς</strong></span> <span class='ocrx_word' id='word_1_97' title='bbox 1616 1369 1922 1440; x_wconf 78' lang='grc' dir='ltr'>μαρτυρίας</span> <span class='ocrx_word' id='word_1_98' title='bbox 1947 1367 2040 1421; x_wconf 90' lang='grc' dir='ltr'><strong>τοῦ</strong></span> 
     </span>
    </p>
   </div>
   <div class='ocr_carea' id='block_1_16' title="bbox 476 1456 2043 1532">
    <p class='ocr_par' dir='ltr' id='par_1_16' title="bbox 476 1456 2043 1532">
     <span class='ocr_line' id='line_1_16' title="bbox 476 1456 2043 1532; baseline 0.004 -23"><span class='ocrx_word' id='word_1_99' title='bbox 476 1456 721 1510; x_wconf 84' lang='grc' dir='ltr'>Ἰωάννου</span> <span class='ocrx_word' id='word_1_100' title='bbox 750 1457 850 1522; x_wconf 84' lang='grc' dir='ltr'>τὰς</span> <span class='ocrx_word' id='word_1_101' title='bbox 879 1459 1007 1529; x_wconf 76' lang='grc' dir='ltr'>περὶ</span> <span class='ocrx_word' id='word_1_102' title='bbox 1036 1456 1130 1511; x_wconf 89' lang='grc' dir='ltr'><strong>τοῦ</strong></span> <span class='ocrx_word' id='word_1_103' title='bbox 1165 1460 1339 1527; x_wconf 87' lang='grc' dir='ltr'>φωτὸς</span> <span class='ocrx_word' id='word_1_104' title='bbox 1363 1500 1378 1524; x_wconf 92' lang='grc'><strong>,</strong></span> <span class='ocrx_word' id='word_1_105' title='bbox 1410 1461 1506 1513; x_wconf 75' lang='grc' dir='ltr'>καὶ</span> <span class='ocrx_word' id='word_1_106' title='bbox 1548 1461 1646 1532; x_wconf 82' lang='grc' dir='ltr'><strong>τήν</strong></span> <span class='ocrx_word' id='word_1_107' title='bbox 1679 1460 1829 1525; x_wconf 82' lang='grc' dir='ltr'>τάξιν</span> <span class='ocrx_word' id='word_1_108' title='bbox 1864 1461 2043 1515; x_wconf 78' lang='grc' dir='ltr'>αὐτῶν</span> 
     </span>
    </p>
   </div>
   <div class='ocr_carea' id='block_1_17' title="bbox 460 1547 2045 1625">
    <p class='ocr_par' dir='ltr' id='par_1_17' title="bbox 460 1547 2045 1625">
     <span class='ocr_line' id='line_1_17' title="bbox 460 1547 2045 1625; baseline 0.004 -25"><span class='ocrx_word' id='word_1_109' title='bbox 460 1547 756 1613; x_wconf 79' lang='grc' dir='ltr'>ἐκθέσθαι,</span> <span class='ocrx_word' id='word_1_110' title='bbox 805 1550 907 1620; x_wconf 84' lang='grc' dir='ltr'><strong>τήν</strong></span> <span class='ocrx_word' id='word_1_111' title='bbox 946 1567 1007 1602; x_wconf 87' lang='grc' dir='ltr'><strong>τε</strong></span> <span class='ocrx_word' id='word_1_112' title='bbox 1057 1550 1502 1622; x_wconf 85' lang='grc' dir='ltr'>ἀκολουθήσασαν</span> <span class='ocrx_word' id='word_1_113' title='bbox 1541 1547 1620 1617; x_wconf 80' lang='grc' dir='ltr'><strong>οἷς</strong></span> <span class='ocrx_word' id='word_1_114' title='bbox 1666 1554 2045 1625; x_wconf 75' lang='grc' dir='ltr'>ἐμαρτύρησεν</span> 
     </span>
    </p>
   </div>
   <div class='ocr_carea' id='block_1_18' title="bbox 460 1637 2045 1716">
    <p class='ocr_par' dir='ltr' id='par_1_18' title="bbox 460 1637 2045 1716">
     <span class='ocr_line' id='line_1_18' title="bbox 460 1637 2045 1716; baseline 0.004 -25"><span class='ocrx_word' id='word_1_115' title='bbox 460 1637 763 1708; x_wconf 75' lang='grc' dir='ltr'>ὠφέλειαν,</span> <span class='ocrx_word' id='word_1_116' title='bbox 796 1641 1094 1713; x_wconf 81' lang='grc' dir='ltr'>γενομένην</span> <span class='ocrx_word' id='word_1_117' title='bbox 1125 1642 1266 1696; x_wconf 84' lang='grc' dir='ltr'>κατὰ</span> <span class='ocrx_word' id='word_1_118' title='bbox 1310 1643 1409 1713; x_wconf 76' lang='grc' dir='ltr'><strong>τὴν</strong></span> <span class='ocrx_word' id='word_1_119' title='bbox 1450 1644 1694 1697; x_wconf 77' lang='grc' dir='ltr'>Ἰωάννου</span> <span class='ocrx_word' id='word_1_120' title='bbox 1740 1644 2045 1716; x_wconf 78' lang='grc' dir='ltr'>μαρτυρίαν</span> 
     </span>
    </p>
   </div>
   <div class='ocr_carea' id='block_1_19' title="bbox 462 1728 2047 1809">
    <p class='ocr_par' dir='ltr' id='par_1_19' title="bbox 462 1728 2047 1809">
     <span class='ocr_line' id='line_1_19' title="bbox 462 1728 2047 1809; baseline 0.004 -27"><span class='ocrx_word' id='word_1_121' title='bbox 462 1730 571 1782; x_wconf 75' lang='grc' dir='ltr'>ἀπὸ</span> <span class='ocrx_word' id='word_1_122' title='bbox 597 1728 693 1784; x_wconf 88' lang='grc' dir='ltr'><strong>τοῦ</strong></span> <span class='ocrx_word' id='word_1_123' title='bbox 738 1730 915 1802; x_wconf 85' lang='grc' dir='ltr'>Ἰησοῦ</span> <span class='ocrx_word' id='word_1_124' title='bbox 935 1771 950 1797; x_wconf 90' lang='grc'><strong>,</strong></span> <span class='ocrx_word' id='word_1_125' title='bbox 987 1732 1073 1785; x_wconf 77' lang='grc' dir='ltr'><strong>ἵνα</strong></span> <span class='ocrx_word' id='word_1_126' title='bbox 1107 1733 1168 1787; x_wconf 78' lang='grc' dir='ltr'><strong>τὸ</strong></span> <span class='ocrx_word' id='word_1_127' title='bbox 1196 1734 1459 1806; x_wconf 85' lang='grc' dir='ltr'>ἀνύσιμον</span> <span class='ocrx_word' id='word_1_128' title='bbox 1485 1736 1583 1805; x_wconf 84' lang='grc' dir='ltr'>τῆς</span> <span class='ocrx_word' id='word_1_129' title='bbox 1625 1737 1873 1791; x_wconf 78' lang='grc' dir='ltr'>Ἰωάννου</span> <span class='ocrx_word' id='word_1_130' title='bbox 1908 1754 2047 1809; x_wconf 88' lang='grc' dir='ltr'>μαρ-</span> 
     </span>
    </p>
   </div>
   <div class='ocr_carea' id='block_1_20' title="bbox 459 1820 2041 1900">
    <p class='ocr_par' dir='ltr' id='par_1_20' title="bbox 459 1820 2041 1900">
     <span class='ocr_line' id='line_1_20' title="bbox 459 1820 2041 1900; baseline 0.004 -26"><span class='ocrx_word' id='word_1_131' title='bbox 459 1820 653 1892; x_wconf 79' lang='grc' dir='ltr'>τυρίας</span> <span class='ocrx_word' id='word_1_132' title='bbox 683 1820 917 1894; x_wconf 74' lang='grc' dir='ltr'>δηλωθῇ.</span> <span class='ocrx_word' id='word_1_133' title='bbox 955 1824 1068 1877; x_wconf 74' lang='grc' dir='ltr'><strong>Καὶ</strong></span> <span class='ocrx_word' id='word_1_134' title='bbox 1094 1824 1202 1896; x_wconf 82' lang='grc' dir='ltr'><strong>πρὸ</strong></span> <span class='ocrx_word' id='word_1_135' title='bbox 1247 1826 1357 1879; x_wconf 84' lang='grc' dir='ltr'>τῶν</span> <span class='ocrx_word' id='word_1_136' title='bbox 1382 1826 1614 1880; x_wconf 85' lang='grc' dir='ltr'>ἐνταῦθα</span> <span class='ocrx_word' id='word_1_137' title='bbox 1639 1827 1697 1880; x_wconf 84' lang='grc' dir='ltr'>δὲ</span> <span class='ocrx_word' id='word_1_138' title='bbox 1728 1829 2041 1900; x_wconf 71' lang='grc' dir='ltr'>μαρτυριῶν</span> 
     </span>
    </p>
   </div>
   <div class='ocr_carea' id='block_1_21' title="bbox 462 1911 2039 1989">
    <p class='ocr_par' dir='ltr' id='par_1_21' title="bbox 462 1911 2039 1989">
     <span class='ocr_line' id='line_1_21' title="bbox 462 1911 2039 1989; baseline 0.006 -26"><span class='ocrx_word' id='word_1_139' title='bbox 462 1911 498 1980; x_wconf 82' lang='grc' dir='ltr'>ἡ</span> <span class='ocrx_word' id='word_1_140' title='bbox 532 1911 591 1964; x_wconf 81' lang='grc' dir='ltr'><strong>ἐν</strong></span> <span class='ocrx_word' id='word_1_141' title='bbox 615 1912 682 1981; x_wconf 84' lang='grc' dir='ltr'>τῇ</span> <span class='ocrx_word' id='word_1_142' title='bbox 720 1911 1035 1980; x_wconf 82' lang='grc' dir='ltr'>ἀγαλλιάσει</span> <span class='ocrx_word' id='word_1_143' title='bbox 1071 1914 1356 1986; x_wconf 86' lang='grc' dir='ltr'>σκίρτησις</span> <span class='ocrx_word' id='word_1_144' title='bbox 1397 1916 1490 1970; x_wconf 92' lang='grc' dir='ltr'><strong>τοῦ</strong></span> <span class='ocrx_word' id='word_1_145' title='bbox 1532 1917 1838 1970; x_wconf 85' lang='grc' dir='ltr'>Βαπτιστοῦ</span> <span class='ocrx_word' id='word_1_146' title='bbox 1872 1919 1932 1972; x_wconf 86' lang='grc' dir='ltr'><strong>ἐν</strong></span> <span class='ocrx_word' id='word_1_147' title='bbox 1974 1922 2039 1989; x_wconf 83' lang='grc' dir='ltr'>τῇ</span> 
     </span>
    </p>
   </div>
   <div class='ocr_carea' id='block_1_22' title="bbox 448 1999 2042 2080">
    <p class='ocr_par' dir='ltr' id='par_1_22' title="bbox 448 1999 2042 2080">
     <span class='ocr_line' id='line_1_22' title="bbox 448 1999 2042 2080; baseline 0.006 -27"><span class='ocrx_word' id='word_1_148' title='bbox 448 1999 639 2072; x_wconf 54' lang='grc' dir='ltr'>κοιλίᾳ</span> <span class='ocrx_word' id='word_1_149' title='bbox 661 2000 764 2071; x_wconf 84' lang='grc' dir='ltr'><strong>τῆς</strong></span> <span class='ocrx_word' id='word_1_150' title='bbox 806 2002 1083 2057; x_wconf 76' lang='grc' dir='ltr'>Ἐλισάϐετ</span> <span class='ocrx_word' id='word_1_151' title='bbox 1123 2005 1216 2059; x_wconf 77' lang='grc' dir='ltr'><strong>ἐπὶ</strong></span> <span class='ocrx_word' id='word_1_152' title='bbox 1251 2005 1329 2077; x_wconf 85' lang='grc' dir='ltr'><strong>τῷ</strong></span> <span class='ocrx_word' id='word_1_153' title='bbox 1366 2007 1642 2078; x_wconf 83' lang='grc' dir='ltr'>ἀσπασμῷ</span> <span class='ocrx_word' id='word_1_154' title='bbox 1684 2008 1786 2078; x_wconf 83' lang='grc' dir='ltr'><strong>τῆς</strong></span> <span class='ocrx_word' id='word_1_155' title='bbox 1827 2009 2042 2080; x_wconf 84' lang='grc' dir='ltr'>Μαρίας</span> 
     </span>
    </p>
   </div>
   <div class='ocr_carea' id='block_1_23' title="bbox 463 2092 2042 2171">
    <p class='ocr_par' dir='ltr' id='par_1_23' title="bbox 463 2092 2042 2171">
     <span class='ocr_line' id='line_1_23' title="bbox 463 2092 2042 2171; baseline 0.007 -28"><span class='ocrx_word' id='word_1_156' title='bbox 463 2092 739 2163; x_wconf 73' lang='grc' dir='ltr'>μαρτυρία</span> <span class='ocrx_word' id='word_1_157' title='bbox 759 2094 887 2165; x_wconf 77' lang='grc' dir='ltr'>περὶ</span> <span class='ocrx_word' id='word_1_158' title='bbox 915 2094 1151 2166; x_wconf 77' lang='grc' dir='ltr'>Χριστοῦ</span> <span class='ocrx_word' id='word_1_159' title='bbox 1177 2092 1264 2169; x_wconf 81' lang='grc' dir='ltr'>ἦν,</span> <span class='ocrx_word' id='word_1_160' title='bbox 1296 2098 1696 2170; x_wconf 78' lang='grc' dir='ltr'>μαρτυροῦντος</span> <span class='ocrx_word' id='word_1_161' title='bbox 1716 2102 1782 2171; x_wconf 83' lang='grc' dir='ltr'>τῇ</span> <span class='ocrx_word' id='word_1_162' title='bbox 1810 2099 2042 2171; x_wconf 87' lang='grc' dir='ltr'>θειότητι</span> 
     </span>
    </p>
   </div>
   <div class='ocr_carea' id='block_1_24' title="bbox 459 2183 2040 2265">
    <p class='ocr_par' dir='ltr' id='par_1_24' title="bbox 459 2183 2040 2265">
     <span class='ocr_line' id='line_1_24' title="bbox 459 2183 2040 2265; baseline 0.038 -55"><span class='ocrx_word' id='word_1_163' title='bbox 459 2183 563 2254; x_wconf 68' lang='grc' dir='ltr'><strong>τῆς</strong></span> <span class='ocrx_word' id='word_1_164' title='bbox 612 2184 927 2257; x_wconf 74' lang='grc' dir='ltr'>συλλήψεως</span> <span class='ocrx_word' id='word_1_165' title='bbox 960 2188 1056 2241; x_wconf 76' lang='grc' dir='ltr'><strong>καὶ</strong></span> <span class='ocrx_word' id='word_1_166' title='bbox 1097 2189 1364 2258; x_wconf 84' lang='grc' dir='ltr'>γενέσεως</span> <span class='ocrx_word' id='word_1_167' title='bbox 1406 2190 1591 2245; x_wconf 83' lang='grc' dir='ltr'>αὐτοῦ.</span> <span class='ocrx_word' id='word_1_168' title='bbox 1636 2193 1746 2245; x_wconf 73' lang='grc' dir='ltr'><strong>Καὶ</strong></span> <span class='ocrx_word' id='word_1_169' title='bbox 1792 2192 1844 2245; x_wconf 83' lang='grc' dir='ltr'><strong>τί</strong></span> <span class='ocrx_word' id='word_1_170' title='bbox 1891 2195 2040 2265; x_wconf 82' lang='grc' dir='ltr'><strong>γάρ;</strong></span> 
     </span>
    </p>
   </div>
   <div class='ocr_carea' id='block_1_25' title="bbox 461 2273 2042 2354">
    <p class='ocr_par' dir='ltr' id='par_1_25' title="bbox 461 2273 2042 2354">
     <span class='ocr_line' id='line_1_25' title="bbox 461 2273 2042 2354; baseline 0.009 -28"><span class='ocrx_word' id='word_1_171' title='bbox 461 2273 534 2327; x_wconf 85' lang='grc' dir='ltr'><strong><em>Ἦ</em></strong></span> <span class='ocrx_word' id='word_1_172' title='bbox 561 2275 838 2346; x_wconf 87' lang='grc' dir='ltr'>πανταχοῦ</span> <span class='ocrx_word' id='word_1_173' title='bbox 865 2278 1076 2349; x_wconf 77' lang='grc' dir='ltr'>μάρτυς</span> <span class='ocrx_word' id='word_1_174' title='bbox 1103 2279 1198 2333; x_wconf 74' lang='grc' dir='ltr'>καὶ</span> <span class='ocrx_word' id='word_1_175' title='bbox 1229 2281 1531 2353; x_wconf 87' lang='grc' dir='ltr'>πρόδρομος</span> <span class='ocrx_word' id='word_1_176' title='bbox 1558 2284 1651 2337; x_wconf 89' lang='grc' dir='ltr'><strong>τοῦ</strong></span> <span class='ocrx_word' id='word_1_177' title='bbox 1693 2284 1866 2354; x_wconf 92' lang='grc' dir='ltr'>Ἰησοῦ</span> <span class='ocrx_word' id='word_1_178' title='bbox 1897 2289 2042 2340; x_wconf 88' lang='grc' dir='ltr'>ἐστιν</span> 
     </span>
    </p>
   </div>
   <div class='ocr_carea' id='block_1_26' title="bbox 458 2365 2044 2445">
    <p class='ocr_par' dir='ltr' id='par_1_26' title="bbox 458 2365 2044 2445">
     <span class='ocr_line' id='line_1_26' title="bbox 458 2365 2044 2445; baseline 0.009 -26"><span class='ocrx_word' id='word_1_179' title='bbox 458 2365 489 2419; x_wconf 80' lang='grc' dir='ltr'><strong>ό</strong></span> <span class='ocrx_word' id='word_1_180' title='bbox 529 2365 802 2439; x_wconf 87' lang='grc' dir='ltr'>Ἰωάννης.</span> <span class='ocrx_word' id='word_1_181' title='bbox 848 2370 1251 2441; x_wconf 75' lang='grc' dir='ltr'>προλαμϐάνων</span> <span class='ocrx_word' id='word_1_182' title='bbox 1292 2375 1392 2445; x_wconf 84' lang='grc' dir='ltr'>τὴν</span> <span class='ocrx_word' id='word_1_183' title='bbox 1442 2375 1657 2444; x_wconf 89' lang='grc' dir='ltr'>γένεσιν</span> <span class='ocrx_word' id='word_1_184' title='bbox 1700 2378 1864 2432; x_wconf 86' lang='grc' dir='ltr'>αὐτοῦ</span> <span class='ocrx_word' id='word_1_185' title='bbox 1890 2420 1903 2442; x_wconf 94' lang='grc'><strong>,</strong></span> <span class='ocrx_word' id='word_1_186' title='bbox 1948 2382 2044 2433; x_wconf 72' lang='grc' dir='ltr'><strong>καὶ</strong></span> 
     </span>
    </p>
   </div>
   <div class='ocr_carea' id='block_1_27' title="bbox 460 2456 2040 2539">
    <p class='ocr_par' dir='ltr' id='par_1_27' title="bbox 460 2456 2040 2539">
     <span class='ocr_line' id='line_1_27' title="bbox 460 2456 2040 2539; baseline 0.011 -31"><span class='ocrx_word' id='word_1_187' title='bbox 460 2456 570 2527; x_wconf 85' lang='grc' dir='ltr'><strong>πρὸ</strong></span> <span class='ocrx_word' id='word_1_188' title='bbox 607 2457 792 2528; x_wconf 75' lang='grc' dir='ltr'>ὀλίγου</span> <span class='ocrx_word' id='word_1_189' title='bbox 818 2460 922 2514; x_wconf 79' lang='grc' dir='ltr'><strong>τοῦ</strong></span> <span class='ocrx_word' id='word_1_190' title='bbox 957 2461 1187 2517; x_wconf 90' lang='grc' dir='ltr'>θανάτου</span> <span class='ocrx_word' id='word_1_191' title='bbox 1223 2466 1583 2539; x_wconf 82' lang='grc' dir='ltr'>ἀποθνήσκων</span> <span class='ocrx_word' id='word_1_192' title='bbox 1631 2469 1723 2523; x_wconf 86' lang='grc' dir='ltr'><strong>τοῦ</strong></span> <span class='ocrx_word' id='word_1_193' title='bbox 1770 2470 1897 2525; x_wconf 89' lang='grc' dir='ltr'>Υἱοῦ</span> <span class='ocrx_word' id='word_1_194' title='bbox 1947 2473 2040 2527; x_wconf 90' lang='grc' dir='ltr'><strong>τοῦ</strong></span> 
     </span>
    </p>
   </div>
   <div class='ocr_carea' id='block_1_28' title="bbox 459 2548 2043 2629">
    <p class='ocr_par' dir='ltr' id='par_1_28' title="bbox 459 2548 2043 2629">
     <span class='ocr_line' id='line_1_28' title="bbox 459 2548 2043 2629; baseline 0.011 -28"><span class='ocrx_word' id='word_1_195' title='bbox 459 2548 626 2615; x_wconf 85' lang='grc' dir='ltr'>Θεοῦ,</span> <span class='ocrx_word' id='word_1_196' title='bbox 660 2550 747 2606; x_wconf 76' lang='grc' dir='ltr'><strong>ἵνα</strong></span> <span class='ocrx_word' id='word_1_197' title='bbox 781 2552 855 2624; x_wconf 85' lang='grc' dir='ltr'><strong>μὴ</strong></span> <span class='ocrx_word' id='word_1_198' title='bbox 891 2555 1050 2625; x_wconf 76' lang='grc' dir='ltr'>μόνον</span> <span class='ocrx_word' id='word_1_199' title='bbox 1094 2560 1207 2621; x_wconf 86' lang='grc' dir='ltr'>τοῖς</span> <span class='ocrx_word' id='word_1_200' title='bbox 1244 2559 1302 2611; x_wconf 89' lang='grc' dir='ltr'><strong>ἐν</strong></span> <span class='ocrx_word' id='word_1_201' title='bbox 1350 2560 1601 2628; x_wconf 84' lang='grc' dir='ltr'>γενέσει,</span> <span class='ocrx_word' id='word_1_202' title='bbox 1650 2562 1786 2616; x_wconf 85' lang='grc' dir='ltr'>ἀλλὰ</span> <span class='ocrx_word' id='word_1_203' title='bbox 1810 2566 1905 2618; x_wconf 82' lang='grc' dir='ltr'>καὶ</span> <span class='ocrx_word' id='word_1_204' title='bbox 1932 2569 2043 2629; x_wconf 85' lang='grc' dir='ltr'>τοῖς</span> 
     </span>
    </p>
   </div>
   <div class='ocr_carea' id='block_1_29' title="bbox 460 2641 2039 2729">
    <p class='ocr_par' dir='ltr' id='par_1_29' title="bbox 460 2641 2039 2729">
     <span class='ocr_line' id='line_1_29' title="bbox 460 2641 2039 2729; baseline 0.012 -36"><span class='ocrx_word' id='word_1_205' title='bbox 460 2641 806 2711; x_wconf 84' lang='grc' dir='ltr'>προσδοκῶσι</span> <span class='ocrx_word' id='word_1_206' title='bbox 823 2644 922 2717; x_wconf 82' lang='grc' dir='ltr'>τὴν</span> <span class='ocrx_word' id='word_1_207' title='bbox 941 2647 1029 2701; x_wconf 87' lang='grc' dir='ltr'>διὰ</span> <span class='ocrx_word' id='word_1_208' title='bbox 1048 2649 1288 2722; x_wconf 82' lang='grc' dir='ltr'>Χριστοῦ</span> <span class='ocrx_word' id='word_1_209' title='bbox 1310 2652 1419 2706; x_wconf 85' lang='grc' dir='ltr'><strong>ἀπὸ</strong></span> <span class='ocrx_word' id='word_1_210' title='bbox 1443 2652 1674 2708; x_wconf 85' lang='grc' dir='ltr'>θανάτου</span> <span class='ocrx_word' id='word_1_211' title='bbox 1707 2655 2039 2729; x_wconf 88' lang='grc' dir='ltr'>ἐλευθερίαν,</span> 
     </span>
    </p>
   </div>
   <div class='ocr_carea' id='block_1_30' title="bbox 461 2731 2045 2820">
    <p class='ocr_par' dir='ltr' id='par_1_30' title="bbox 461 2731 2045 2820">
     <span class='ocr_line' id='line_1_30' title="bbox 461 2731 2045 2820; baseline 0.011 -37"><span class='ocrx_word' id='word_1_212' title='bbox 461 2731 570 2803; x_wconf 76' lang='grc' dir='ltr'><strong>πρὸ</strong></span> <span class='ocrx_word' id='word_1_213' title='bbox 599 2731 694 2786; x_wconf 91' lang='grc' dir='ltr'><strong>τοῦ</strong></span> <span class='ocrx_word' id='word_1_214' title='bbox 726 2735 965 2807; x_wconf 84' lang='grc' dir='ltr'>Χριστοῦ</span> <span class='ocrx_word' id='word_1_215' title='bbox 996 2739 1302 2812; x_wconf 76' lang='grc' dir='ltr'>ἐπιδημῶν,</span> <span class='ocrx_word' id='word_1_216' title='bbox 1335 2744 1608 2813; x_wconf 86' lang='grc' dir='ltr'>πανταχοῦ</span> <span class='ocrx_word' id='word_1_217' title='bbox 1638 2745 1904 2820; x_wconf 83' lang='grc' dir='ltr'>ἐτοιμάσῃ</span> <span class='ocrx_word' id='word_1_218' title='bbox 1933 2750 2045 2801; x_wconf 84' lang='grc' dir='ltr'><strong>Κυ-</strong></span> 
     </span>
    </p>
   </div>
   <div class='ocr_carea' id='block_1_31' title="bbox 466 2822 2043 2910">
    <p class='ocr_par' dir='ltr' id='par_1_31' title="bbox 466 2822 2043 2910">
     <span class='ocr_line' id='line_1_31' title="bbox 466 2822 2043 2910; baseline 0.011 -36"><span class='ocrx_word' id='word_1_219' title='bbox 466 2822 568 2895; x_wconf 78' lang='grc' dir='ltr'>ρίῳ</span> <span class='ocrx_word' id='word_1_220' title='bbox 613 2823 742 2879; x_wconf 86' lang='grc' dir='ltr'>λαδν</span> <span class='ocrx_word' id='word_1_221' title='bbox 782 2831 1314 2902; x_wconf 69' lang='grc' dir='ltr'><strong>κατεσκευασμένον⁸</strong></span> <span class='ocrx_word' id='word_1_222' title='bbox 1358 2833 1550 2904; x_wconf 84' lang='grc' dir='ltr'>φθάνει</span> <span class='ocrx_word' id='word_1_223' title='bbox 1588 2835 1645 2888; x_wconf 88' lang='grc' dir='ltr'><strong>δέ</strong></span> <span class='ocrx_word' id='word_1_224' title='bbox 1680 2837 1774 2890; x_wconf 76' lang='grc' dir='ltr'><strong>καὶ</strong></span> <span class='ocrx_word' id='word_1_225' title='bbox 1818 2839 1910 2891; x_wconf 84' lang='grc' dir='ltr'>ἐπὶ</span> <span class='ocrx_word' id='word_1_226' title='bbox 1945 2839 2043 2910; x_wconf 79' lang='grc' dir='ltr'><strong>τήν</strong></span> 
     </span>
    </p>
   </div>
   <div class='ocr_carea' id='block_1_32' title="bbox 462 2915 2044 3000">
    <p class='ocr_par' dir='ltr' id='par_1_32' title="bbox 462 2915 2044 3000">
     <span class='ocr_line' id='line_1_32' title="bbox 462 2915 2044 3000; baseline 0.011 -32"><span class='ocrx_word' id='word_1_227' title='bbox 462 2915 720 2989; x_wconf 75' lang='grc' dir='ltr'>δευτέραν</span> <span class='ocrx_word' id='word_1_228' title='bbox 744 2920 982 2992; x_wconf 82' lang='grc' dir='ltr'>Χριστοῦ</span> <span class='ocrx_word' id='word_1_229' title='bbox 1012 2924 1333 2995; x_wconf 88' lang='grc' dir='ltr'>παρουσίαν,</span> <span class='ocrx_word' id='word_1_230' title='bbox 1358 2926 1454 2980; x_wconf 80' lang='grc' dir='ltr'><strong>καὶ</strong></span> <span class='ocrx_word' id='word_1_231' title='bbox 1479 2926 1779 3000; x_wconf 87' lang='grc' dir='ltr'>θειοτέραν,</span> <span class='ocrx_word' id='word_1_232' title='bbox 1797 2932 1830 3000; x_wconf 86' lang='grc' dir='ltr'>ὴ</span> <span class='ocrx_word' id='word_1_233' title='bbox 1867 2931 2044 2985; x_wconf 88' lang='grc' dir='ltr'>Ἰωάν-</span> 
     </span>
    </p>
   </div>
   <div class='ocr_carea' id='block_1_33' title="bbox 463 3012 2045 3092">
    <p class='ocr_par' dir='ltr' id='par_1_33' title="bbox 463 3012 2045 3092">
     <span class='ocr_line' id='line_1_33' title="bbox 463 3012 2045 3092; baseline 0.01 -30"><span class='ocrx_word' id='word_1_234' title='bbox 463 3025 556 3062; x_wconf 88' lang='grc' dir='ltr'><strong>νου</strong></span> <span class='ocrx_word' id='word_1_235' title='bbox 592 3012 888 3084; x_wconf 83' lang='grc' dir='ltr'>μαρτυρία.</span> <span class='ocrx_word' id='word_1_236' title='bbox 927 3033 946 3066; x_wconf 82' lang='grc' dir='ltr'><strong>ι</strong></span> <span class='ocrx_word' id='word_1_237' title='bbox 981 3016 1045 3069; x_wconf 76' lang='lat' dir='ltr'><strong>Et</strong></span> <span class='ocrx_word' id='word_1_238' title='bbox 1069 3016 1177 3089; x_wconf 82' lang='grc' dir='ltr'>γὰρ</span> <span class='ocrx_word' id='word_1_239' title='bbox 1217 3017 1419 3086; x_wconf 87' lang='grc' dir='ltr'>θέλετε,</span> <span class='ocrx_word' id='word_1_240' title='bbox 1449 3021 1602 3092; x_wconf 79' lang='grc' dir='ltr'>φησὶ,</span> <span class='ocrx_word' id='word_1_241' title='bbox 1638 3021 1912 3089; x_wconf 85' lang='grc' dir='ltr'>δέξασθαι,</span> <span class='ocrx_word' id='word_1_242' title='bbox 1947 3024 2045 3077; x_wconf 83' lang='grc' dir='ltr'>αύ-</span> 
     </span>
    </p>
   </div>
   <div class='ocr_carea' id='block_1_34' title="bbox 461 3101 2112 3209">
    <p class='ocr_par' dir='ltr' id='par_1_34' title="bbox 461 3101 2112 3209">
     <span class='ocr_line' id='line_1_34' title="bbox 461 3101 2112 3209; baseline 0.013 -55"><span class='ocrx_word' id='word_1_243' title='bbox 461 3101 557 3209; x_wconf 67' lang='grc' dir='ltr'><strong>τός</strong></span> <span class='ocrx_word' id='word_1_244' title='bbox 582 3103 755 3209; x_wconf 46' lang='grc' dir='ltr'>ἐστιν.</span> <span class='ocrx_word' id='word_1_245' title='bbox 779 3104 964 3209; x_wconf 70' lang='grc' dir='ltr'>Ἠλίας</span> <span class='ocrx_word' id='word_1_246' title='bbox 1002 3110 1031 3162; x_wconf 87' lang='lat'><strong>6</strong></span> <span class='ocrx_word' id='word_1_247' title='bbox 1075 3109 1284 3209; x_wconf 64' lang='grc' dir='ltr'>μέλλων</span> <span class='ocrx_word' id='word_1_248' title='bbox 1320 3111 1595 3185; x_wconf 76' lang='grc' dir='ltr'>ἔρχεσθαι.</span> <span class='ocrx_word' id='word_1_249' title='bbox 1666 3115 1723 3169; x_wconf 82' lang='lat'><strong>&#39;0</strong></span> <span class='ocrx_word' id='word_1_250' title='bbox 1763 3116 1902 3188; x_wconf 76' lang='grc' dir='ltr'>ἔχων</span> <span class='ocrx_word' id='word_1_251' title='bbox 1926 3113 2041 3174; x_wconf 82' lang='grc' dir='ltr'>ὦτα</span> <span class='ocrx_word' id='word_1_252' title='bbox 2069 3150 2112 3209; x_wconf 77' lang='lat' dir='ltr'><strong><em>C</em></strong></span> 
     </span>
    </p>
   </div>
   <div class='ocr_carea' id='block_1_35' title="bbox 463 3193 2038 3283">
    <p class='ocr_par' dir='ltr' id='par_1_35' title="bbox 463 3193 2038 3283">
     <span class='ocr_line' id='line_1_35' title="bbox 463 3193 2038 3283; baseline 0.013 -38"><span class='ocrx_word' id='word_1_253' title='bbox 463 3193 704 3260; x_wconf 80' lang='grc' dir='ltr'>ἀκούειν,</span> <span class='ocrx_word' id='word_1_254' title='bbox 730 3197 997 3252; x_wconf 88' lang='grc' dir='ltr'>ἀκουέτω.</span> <span class='ocrx_word' id='word_1_255' title='bbox 1037 3220 1057 3253; x_wconf 71' lang='grc' dir='ltr'><strong>ι</strong></span> <span class='ocrx_word' id='word_1_256' title='bbox 1092 3200 1272 3277; x_wconf 77' lang='grc' dir='ltr'>Οὔσης</span> <span class='ocrx_word' id='word_1_257' title='bbox 1303 3204 1361 3257; x_wconf 85' lang='grc' dir='ltr'>δὲ</span> <span class='ocrx_word' id='word_1_258' title='bbox 1396 3206 1571 3278; x_wconf 81' lang='grc' dir='ltr'>ἀρχῆς</span> <span class='ocrx_word' id='word_1_259' title='bbox 1612 3208 1668 3262; x_wconf 89' lang='grc' dir='ltr'><strong>ἐν</strong></span> <span class='ocrx_word' id='word_1_260' title='bbox 1786 3211 1814 3263; x_wconf 92' lang='lat'><strong>6</strong></span> <span class='ocrx_word' id='word_1_261' title='bbox 1846 3211 2038 3280; x_wconf 86' lang='grc' dir='ltr'>Λόγος,</span> 
     </span>
    </p>
   </div>
   <div class='ocr_carea' id='block_1_36' title="bbox 464 3284 2042 3370">
    <p class='ocr_par' dir='ltr' id='par_1_36' title="bbox 464 3284 2042 3370">
     <span class='ocr_line' id='line_1_36' title="bbox 464 3284 2042 3370; baseline 0.013 -33"><span class='ocrx_word' id='word_1_262' title='bbox 464 3284 677 3354; x_wconf 77' lang='grc' dir='ltr'>(ἥντινα</span> <span class='ocrx_word' id='word_1_263' title='bbox 709 3287 901 3358; x_wconf 84' lang='grc' dir='ltr'>σοφίαν</span> <span class='ocrx_word' id='word_1_264' title='bbox 927 3288 1067 3345; x_wconf 78' lang='grc' dir='ltr'>εἶναι</span> <span class='ocrx_word' id='word_1_265' title='bbox 1108 3294 1219 3349; x_wconf 77' lang='grc' dir='ltr'><strong>ἀπὸ</strong></span> <span class='ocrx_word' id='word_1_266' title='bbox 1255 3295 1363 3349; x_wconf 82' lang='grc' dir='ltr'><strong>τῶν</strong></span> <span class='ocrx_word' id='word_1_267' title='bbox 1403 3298 1719 3370; x_wconf 85' lang='grc' dir='ltr'>Παροιμιῶν</span> <span class='ocrx_word' id='word_1_268' title='bbox 1758 3302 2042 3368; x_wconf 78' lang='grc' dir='ltr'>ἀπεδείξα-</span> 
     </span>
    </p>
   </div>
   <div class='ocr_carea' id='block_1_37' title="bbox 468 3376 2045 3467">
    <p class='ocr_par' dir='ltr' id='par_1_37' title="bbox 468 3376 2045 3467">
     <span class='ocr_line' id='line_1_37' title="bbox 468 3376 2045 3467; baseline 0.013 -38"><span class='ocrx_word' id='word_1_269' title='bbox 468 3392 568 3467; x_wconf 76' lang='grc' dir='ltr'><strong>μεν</strong></span> <span class='ocrx_word' id='word_1_270' title='bbox 585 3377 623 3446; x_wconf 83' lang='lat'><strong>&#39;)</strong></span> <span class='ocrx_word' id='word_1_271' title='bbox 645 3376 799 3444; x_wconf 73' lang='grc' dir='ltr'>ὄντος</span> <span class='ocrx_word' id='word_1_272' title='bbox 826 3380 885 3435; x_wconf 86' lang='grc' dir='ltr'>δὲ</span> <span class='ocrx_word' id='word_1_273' title='bbox 913 3382 1006 3436; x_wconf 72' lang='grc' dir='ltr'>καὶ</span> <span class='ocrx_word' id='word_1_274' title='bbox 1036 3382 1131 3438; x_wconf 90' lang='grc' dir='ltr'><strong>τοῦ</strong></span> <span class='ocrx_word' id='word_1_275' title='bbox 1158 3386 1353 3456; x_wconf 91' lang='grc' dir='ltr'>Λόγου,</span> <span class='ocrx_word' id='word_1_276' title='bbox 1382 3391 1680 3464; x_wconf 85' lang='grc' dir='ltr'>γενομένης</span> <span class='ocrx_word' id='word_1_277' title='bbox 1701 3410 1760 3447; x_wconf 91' lang='grc' dir='ltr'><strong>τε</strong></span> <span class='ocrx_word' id='word_1_278' title='bbox 1785 3394 1842 3446; x_wconf 88' lang='grc' dir='ltr'><strong>ἐν</strong></span> <span class='ocrx_word' id='word_1_279' title='bbox 1871 3396 2045 3467; x_wconf 89' lang='grc' dir='ltr'>τούτῳ</span> 
     </span>
    </p>
   </div>
   <div class='ocr_carea' id='block_1_38' title="bbox 465 3463 2044 3557">
    <p class='ocr_par' dir='ltr' id='par_1_38' title="bbox 465 3463 2044 3557">
     <span class='ocr_line' id='line_1_38' title="bbox 465 3463 2044 3557; baseline 0.015 -38"><span class='ocrx_word' id='word_1_280' title='bbox 465 3463 630 3557; x_wconf 69' lang='grc' dir='ltr'>ζωῆς,</span> <span class='ocrx_word' id='word_1_281' title='bbox 655 3469 755 3541; x_wconf 86' lang='grc' dir='ltr'>τῆς</span> <span class='ocrx_word' id='word_1_282' title='bbox 802 3488 864 3525; x_wconf 90' lang='grc' dir='ltr'><strong>τε</strong></span> <span class='ocrx_word' id='word_1_283' title='bbox 916 3472 1061 3547; x_wconf 79' lang='grc' dir='ltr'>ζωῆς</span> <span class='ocrx_word' id='word_1_284' title='bbox 1086 3478 1459 3552; x_wconf 86' lang='grc' dir='ltr'>τυγχανούσης</span> <span class='ocrx_word' id='word_1_285' title='bbox 1497 3463 1672 3551; x_wconf 74' lang='grc' dir='ltr'>φωτδς</span> <span class='ocrx_word' id='word_1_286' title='bbox 1721 3463 2044 3557; x_wconf 79' lang='grc' dir='ltr'>ἀνθρώπων,</span> 
     </span>
    </p>
   </div>
   <div class='ocr_carea' id='block_1_39' title="bbox 464 3554 2050 3646">
    <p class='ocr_par' dir='ltr' id='par_1_39' title="bbox 464 3554 2050 3646">
     <span class='ocr_line' id='line_1_39' title="bbox 464 3554 2050 3646; baseline 0.015 -37"><span class='ocrx_word' id='word_1_287' title='bbox 464 3554 616 3629; x_wconf 79' lang='grc' dir='ltr'><strong>ζητῶ</strong></span> <span class='ocrx_word' id='word_1_288' title='bbox 645 3561 699 3614; x_wconf 89' lang='grc' dir='ltr'><strong>τί</strong></span> <span class='ocrx_word' id='word_1_289' title='bbox 730 3560 930 3632; x_wconf 86' lang='grc' dir='ltr'>δήποτε</span> <span class='ocrx_word' id='word_1_290' title='bbox 979 3566 1009 3618; x_wconf 86' lang='grc'>6</span> <span class='ocrx_word' id='word_1_291' title='bbox 1039 3568 1329 3640; x_wconf 87' lang='grc' dir='ltr'>γενόμενος</span> <span class='ocrx_word' id='word_1_292' title='bbox 1382 3591 1400 3621; x_wconf 78' lang='grc' dir='ltr'><strong>ι</strong></span> <span class='ocrx_word' id='word_1_293' title='bbox 1440 3572 1745 3646; x_wconf 84' lang='grc' dir='ltr'>ἄνθρωπος,</span> <span class='ocrx_word' id='word_1_294' title='bbox 1776 3554 2050 3632; x_wconf 77' lang='grc' dir='ltr'>ἀπεσταλ-</span> 
     </span>
    </p>
   </div>
   <div class='ocr_carea' id='block_1_40' title="bbox 468 3650 2049 3743">
    <p class='ocr_par' dir='ltr' id='par_1_40' title="bbox 468 3650 2049 3743">
     <span class='ocr_line' id='line_1_40' title="bbox 468 3650 2049 3743; baseline 0.015 -39"><span class='ocrx_word' id='word_1_295' title='bbox 468 3650 630 3743; x_wconf 68' lang='grc' dir='ltr'>μένος</span> <span class='ocrx_word' id='word_1_296' title='bbox 651 3654 803 3725; x_wconf 87' lang='grc' dir='ltr'><strong>παρά</strong></span> <span class='ocrx_word' id='word_1_297' title='bbox 826 3656 985 3724; x_wconf 85' lang='grc' dir='ltr'>Θεοῦ,</span> <span class='ocrx_word' id='word_1_298' title='bbox 1017 3653 1062 3728; x_wconf 81' lang='grc' dir='ltr'>ᾧ</span> <span class='ocrx_word' id='word_1_299' title='bbox 1100 3660 1271 3734; x_wconf 75' lang='grc' dir='ltr'>ὄνομα</span> <span class='ocrx_word' id='word_1_300' title='bbox 1309 3664 1583 3739; x_wconf 86' lang='grc' dir='ltr'>Ἰωάννης,</span> <span class='ocrx_word' id='word_1_301' title='bbox 1617 3663 1780 3740; x_wconf 82' lang='grc' dir='ltr'>ἦλθεν</span> <span class='ocrx_word' id='word_1_302' title='bbox 1801 3672 1882 3735; x_wconf 85' lang='grc' dir='ltr'><strong>είς</strong></span> <span class='ocrx_word' id='word_1_303' title='bbox 1909 3688 2049 3743; x_wconf 85' lang='grc' dir='ltr'>μαρ-</span> 
     </span>
    </p>
   </div>
   <div class='ocr_carea' id='block_1_41' title="bbox 466 3742 2052 3851">
    <p class='ocr_par' dir='ltr' id='par_1_41' title="bbox 466 3742 2052 3851">
     <span class='ocr_line' id='line_1_41' title="bbox 466 3742 2052 3851; baseline 0.012 -56"><span class='ocrx_word' id='word_1_304' title='bbox 466 3742 690 3851; x_wconf 63' lang='grc' dir='ltr'>τυρίαν,</span> <span class='ocrx_word' id='word_1_305' title='bbox 725 3745 845 3851; x_wconf 44' lang='grc' dir='ltr'>’ἵνα</span> <span class='ocrx_word' id='word_1_306' title='bbox 884 3752 1209 3828; x_wconf 85' lang='grc' dir='ltr'>μαρτυρήσῃ</span> <span class='ocrx_word' id='word_1_307' title='bbox 1251 3757 1382 3827; x_wconf 73' lang='grc' dir='ltr'>περὶ</span> <span class='ocrx_word' id='word_1_308' title='bbox 1424 3757 1518 3810; x_wconf 90' lang='grc' dir='ltr'><strong>τοῦ</strong></span> <span class='ocrx_word' id='word_1_309' title='bbox 1546 3760 1723 3828; x_wconf 83' lang='grc' dir='ltr'>φωτός</span> <span class='ocrx_word' id='word_1_310' title='bbox 1758 3777 1773 3826; x_wconf 85' lang='grc'>;</span> <span class='ocrx_word' id='word_1_311' title='bbox 1812 3779 1831 3813; x_wconf 76' lang='grc' dir='ltr'><strong>ι</strong></span> <span class='ocrx_word' id='word_1_312' title='bbox 1870 3761 1970 3816; x_wconf 86' lang='grc' dir='ltr'>Διά</span> <span class='ocrx_word' id='word_1_313' title='bbox 1999 3761 2052 3814; x_wconf 91' lang='grc' dir='ltr'><strong>τί</strong></span> 
     </span>
    </p>
   </div>
   <div class='ocr_carea' id='block_1_42' title="bbox 469 3836 2051 3925">
    <p class='ocr_par' dir='ltr' id='par_1_42' title="bbox 469 3836 2051 3925">
     <span class='ocr_line' id='line_1_42' title="bbox 469 3836 2051 3925; baseline 0.013 -38"><span class='ocrx_word' id='word_1_314' title='bbox 469 3836 566 3888; x_wconf 82' lang='grc' dir='ltr'>οὖν</span> <span class='ocrx_word' id='word_1_315' title='bbox 596 3836 696 3908; x_wconf 81' lang='grc' dir='ltr'><strong>οὐχ</strong></span> <span class='ocrx_word' id='word_1_316' title='bbox 725 3837 812 3893; x_wconf 78' lang='grc' dir='ltr'><strong>ἵνα</strong></span> <span class='ocrx_word' id='word_1_317' title='bbox 847 3845 1169 3916; x_wconf 83' lang='grc' dir='ltr'>μαρτυρήσῃ</span> <span class='ocrx_word' id='word_1_318' title='bbox 1202 3847 1329 3919; x_wconf 88' lang='grc' dir='ltr'>περί</span> <span class='ocrx_word' id='word_1_319' title='bbox 1360 3849 1458 3919; x_wconf 83' lang='grc' dir='ltr'>τῆς</span> <span class='ocrx_word' id='word_1_320' title='bbox 1481 3848 1648 3920; x_wconf 76' lang='grc' dir='ltr'>ζωῆς,</span> <span class='ocrx_word' id='word_1_321' title='bbox 1672 3850 1706 3922; x_wconf 83' lang='grc' dir='ltr'>ἦ</span> <span class='ocrx_word' id='word_1_322' title='bbox 1731 3851 1817 3905; x_wconf 76' lang='grc' dir='ltr'>ἵνα</span> <span class='ocrx_word' id='word_1_323' title='bbox 1841 3870 2051 3925; x_wconf 90' lang='grc' dir='ltr'>μαρτυ-</span> 
     </span>
    </p>
   </div>
   <div class='ocr_carea' id='block_1_43' title="bbox 474 3927 2054 4015">
    <p class='ocr_par' dir='ltr' id='par_1_43' title="bbox 474 3927 2054 4015">
     <span class='ocr_line' id='line_1_43' title="bbox 474 3927 2054 4015; baseline 0.012 -35"><span class='ocrx_word' id='word_1_324' title='bbox 474 3927 620 4001; x_wconf 79' lang='grc' dir='ltr'>ρήσῃ</span> <span class='ocrx_word' id='word_1_325' title='bbox 652 3930 779 4002; x_wconf 79' lang='grc' dir='ltr'>περὶ</span> <span class='ocrx_word' id='word_1_326' title='bbox 817 3930 913 3985; x_wconf 84' lang='grc' dir='ltr'><strong>τοῦ</strong></span> <span class='ocrx_word' id='word_1_327' title='bbox 945 3933 1120 4002; x_wconf 86' lang='grc' dir='ltr'>Λόγου</span> <span class='ocrx_word' id='word_1_328' title='bbox 1144 3975 1160 4000; x_wconf 92' lang='grc'><strong>,</strong></span> <span class='ocrx_word' id='word_1_329' title='bbox 1199 3936 1233 4008; x_wconf 79' lang='grc' dir='ltr'>ἢ</span> <span class='ocrx_word' id='word_1_330' title='bbox 1277 3939 1406 4010; x_wconf 65' lang='grc' dir='ltr'>περὶ</span> <span class='ocrx_word' id='word_1_331' title='bbox 1435 3939 1535 4010; x_wconf 87' lang='grc' dir='ltr'>τῆς</span> <span class='ocrx_word' id='word_1_332' title='bbox 1571 3940 1765 4012; x_wconf 82' lang='grc' dir='ltr'>ἀρχῆς,</span> <span class='ocrx_word' id='word_1_333' title='bbox 1800 3944 1833 4015; x_wconf 81' lang='grc' dir='ltr'>ἢ</span> <span class='ocrx_word' id='word_1_334' title='bbox 1865 3945 2054 4008; x_wconf 85' lang='grc' dir='ltr'>ὁποίας</span> 
     </span>
    </p>
   </div>
   <div class='ocr_carea' id='block_1_44' title="bbox 468 4020 2055 4107">
    <p class='ocr_par' dir='ltr' id='par_1_44' title="bbox 468 4020 2055 4107">
     <span class='ocr_line' id='line_1_44' title="bbox 468 4020 2055 4107; baseline 0.011 -33"><span class='ocrx_word' id='word_1_335' title='bbox 468 4020 671 4091; x_wconf 81' lang='grc' dir='ltr'>δήποτε</span> <span class='ocrx_word' id='word_1_336' title='bbox 697 4022 864 4095; x_wconf 79' lang='grc' dir='ltr'>ἄλλης</span> <span class='ocrx_word' id='word_1_337' title='bbox 891 4026 1134 4092; x_wconf 80' lang='grc' dir='ltr'>ἐπινοίας</span> <span class='ocrx_word' id='word_1_338' title='bbox 1175 4028 1271 4083; x_wconf 89' lang='grc' dir='ltr'><strong>τοῦ</strong></span> <span class='ocrx_word' id='word_1_339' title='bbox 1302 4032 1539 4103; x_wconf 87' lang='grc' dir='ltr'>Χριστοῦ</span> <span class='ocrx_word' id='word_1_340' title='bbox 1573 4049 1588 4098; x_wconf 89' lang='grc'>;</span> <span class='ocrx_word' id='word_1_341' title='bbox 1636 4035 1961 4107; x_wconf 77' lang='grc' dir='ltr'>Ἐπίσκεψαι</span> <span class='ocrx_word' id='word_1_342' title='bbox 1996 4038 2055 4091; x_wconf 84' lang='grc' dir='ltr'><strong>δέ</strong></span> 
     </span>
    </p>
   </div>
   <div class='ocr_carea' id='block_1_45' title="bbox 466 4112 2071 4199">
    <p class='ocr_par' dir='ltr' id='par_1_45' title="bbox 466 4112 2071 4199">
     <span class='ocr_line' id='line_1_45' title="bbox 466 4112 2071 4199; baseline 0.01 -32"><span class='ocrx_word' id='word_1_343' title='bbox 466 4115 518 4168; x_wconf 81' lang='grc' dir='ltr'><strong>εί</strong></span> <span class='ocrx_word' id='word_1_344' title='bbox 536 4113 755 4188; x_wconf 52' lang='lat' dir='ltr'><strong>pullat?)</strong></span> <span class='ocrx_word' id='word_1_345' title='bbox 775 4131 793 4165; x_wconf 79' lang='grc' dir='ltr'><strong>ι</strong></span> <span class='ocrx_word' id='word_1_346' title='bbox 810 4112 840 4165; x_wconf 90' lang='lat'><strong>6</strong></span> <span class='ocrx_word' id='word_1_347' title='bbox 856 4112 990 4179; x_wconf 81' lang='grc' dir='ltr'>λαὸς</span> <span class='ocrx_word' id='word_1_348' title='bbox 1007 4117 1352 4193; x_wconf 86' lang='grc' dir='ltr'>ὀκαθήμενος</span> <span class='ocrx_word' id='word_1_349' title='bbox 1366 4125 1423 4177; x_wconf 88' lang='grc' dir='ltr'><strong>ἐν</strong></span> <span class='ocrx_word' id='word_1_350' title='bbox 1441 4124 1618 4199; x_wconf 87' lang='grc' dir='ltr'>σκότῳ</span> <span class='ocrx_word' id='word_1_351' title='bbox 1633 4126 1747 4199; x_wconf 81' lang='grc' dir='ltr'>φῶς</span> <span class='ocrx_word' id='word_1_352' title='bbox 1756 4121 1862 4183; x_wconf 72' lang='grc' dir='ltr'>εἶδε</span> <span class='ocrx_word' id='word_1_353' title='bbox 1876 4128 2037 4199; x_wconf 87' lang='grc' dir='ltr'>μέγα,</span> <span class='ocrx_word' id='word_1_354' title='bbox 2052 4148 2071 4183; x_wconf 75' lang='grc' dir='ltr'><strong>ι</strong></span> 
     </span>
    </p>
   </div>
   <div class='ocr_carea' id='block_1_46' title="bbox 467 4205 2054 4294">
    <p class='ocr_par' dir='ltr' id='par_1_46' title="bbox 467 4205 2054 4294">
     <span class='ocr_line' id='line_1_46' title="bbox 467 4205 2054 4294; baseline 0.013 -35"><span class='ocrx_word' id='word_1_355' title='bbox 467 4205 567 4260; x_wconf 78' lang='grc' dir='ltr'>καὶ</span> <span class='ocrx_word' id='word_1_356' title='bbox 583 4208 706 4260; x_wconf 59' lang='grc' dir='ltr'><strong>ἐπεὶ⁹</strong></span> <span class='ocrx_word' id='word_1_357' title='bbox 735 4226 755 4258; x_wconf 76' lang='grc' dir='ltr'><strong>ι</strong></span> <span class='ocrx_word' id='word_1_358' title='bbox 776 4207 839 4262; x_wconf 82' lang='grc' dir='ltr'>τὸ</span> <span class='ocrx_word' id='word_1_359' title='bbox 865 4209 981 4278; x_wconf 85' lang='grc' dir='ltr'><strong>φῶς</strong></span> <span class='ocrx_word' id='word_1_360' title='bbox 1002 4212 1061 4266; x_wconf 86' lang='grc' dir='ltr'><strong>ἐν</strong></span> <span class='ocrx_word' id='word_1_361' title='bbox 1085 4215 1150 4285; x_wconf 79' lang='grc' dir='ltr'>τῇ</span> <span class='ocrx_word' id='word_1_362' title='bbox 1180 4214 1369 4288; x_wconf 77' lang='grc' dir='ltr'>σκοτίᾳ</span> <span class='ocrx_word' id='word_1_363' title='bbox 1401 4218 1602 4287; x_wconf 87' lang='grc' dir='ltr'>φαίνει,</span> <span class='ocrx_word' id='word_1_364' title='bbox 1629 4237 1648 4270; x_wconf 76' lang='grc' dir='ltr'><strong>ι</strong></span> <span class='ocrx_word' id='word_1_365' title='bbox 1672 4219 1746 4292; x_wconf 84' lang='grc' dir='ltr'>μὴ</span> <span class='ocrx_word' id='word_1_366' title='bbox 1773 4223 2054 4294; x_wconf 84' lang='grc' dir='ltr'>καταλαμ-</span> 
     </span>
    </p>
   </div>
   <div class='ocr_carea' id='block_1_47' title="bbox 465 4297 2057 4380">
    <p class='ocr_par' dir='ltr' id='par_1_47' title="bbox 465 4297 2057 4380">
     <span class='ocr_line' id='line_1_47' title="bbox 465 4297 2057 4380; baseline 0.011 -30"><span class='ocrx_word' id='word_1_367' title='bbox 465 4297 766 4370; x_wconf 77' lang='grc' dir='ltr'>ϐανόμενον</span> <span class='ocrx_word' id='word_1_368' title='bbox 797 4300 890 4354; x_wconf 83' lang='grc' dir='ltr'>ὑπ’</span> <span class='ocrx_word' id='word_1_369' title='bbox 921 4301 1114 4374; x_wconf 78' lang='grc' dir='ltr'>αὐτῆς,</span> <span class='ocrx_word' id='word_1_370' title='bbox 1143 4305 1194 4358; x_wconf 88' lang='grc' dir='ltr'>οἱ</span> <span class='ocrx_word' id='word_1_371' title='bbox 1225 4309 1283 4359; x_wconf 89' lang='grc' dir='ltr'><strong>ἐν</strong></span> <span class='ocrx_word' id='word_1_372' title='bbox 1309 4308 1485 4379; x_wconf 85' lang='grc' dir='ltr'>σκότῳ</span> <span class='ocrx_word' id='word_1_373' title='bbox 1522 4311 1881 4380; x_wconf 72' lang='grc' dir='ltr'>τυγχάνοντες</span> <span class='ocrx_word' id='word_1_374' title='bbox 1912 4312 2057 4366; x_wconf 87' lang='grc' dir='ltr'>δέον-</span> 
     </span>
    </p>
   </div>
   <div class='ocr_carea' id='block_1_48' title="bbox 2140 526 3710 601">
    <p class='ocr_par' dir='ltr' id='par_1_48' title="bbox 2140 526 3710 601">
     <span class='ocr_line' id='line_1_48' title="bbox 2140 526 3710 601; baseline -0.01 -9"><span class='ocrx_word' id='word_1_375' title='bbox 2140 538 2338 592; x_wconf 63' lang='lat' dir='ltr'><strong>anima!</strong></span> <span class='ocrx_word' id='word_1_376' title='bbox 2368 536 2514 588; x_wconf 88' lang='lat' dir='ltr'><strong>illius</strong></span> <span class='ocrx_word' id='word_1_377' title='bbox 2557 541 2713 601; x_wconf 90' lang='lat' dir='ltr'><strong>parte</strong></span> <span class='ocrx_word' id='word_1_378' title='bbox 2753 529 3207 599; x_wconf 70' lang='lat' dir='ltr'><strong>praestantissima</strong></span> <span class='ocrx_word' id='word_1_379' title='bbox 3249 526 3520 580; x_wconf 84' lang='lat' dir='ltr'><strong>illustrata</strong></span> <span class='ocrx_word' id='word_1_380' title='bbox 3563 539 3578 576; x_wconf 76' lang='grc' dir='ltr'><strong>ε</strong></span> <span class='ocrx_word' id='word_1_381' title='bbox 3614 537 3710 591; x_wconf 92' lang='lat' dir='ltr'><strong>po-</strong></span> 
     </span>
    </p>
   </div>
   <div class='ocr_carea' id='block_1_49' title="bbox 2139 615 3709 700">
    <p class='ocr_par' dir='ltr' id='par_1_49' title="bbox 2139 615 3709 700">
     <span class='ocr_line' id='line_1_49' title="bbox 2139 615 3709 700; baseline -0.011 -13"><span class='ocrx_word' id='word_1_382' title='bbox 2139 632 2350 700; x_wconf 87' lang='lat' dir='ltr'><strong>tuitque</strong></span> <span class='ocrx_word' id='word_1_383' title='bbox 2382 628 2597 690; x_wconf 90' lang='lat' dir='ltr'><strong>Simon,</strong></span> <span class='ocrx_word' id='word_1_384' title='bbox 2628 639 2697 678; x_wconf 92' lang='lat' dir='ltr'><strong>eo</strong></span> <span class='ocrx_word' id='word_1_385' title='bbox 2730 622 2875 693; x_wconf 90' lang='lat' dir='ltr'><strong>quod</strong></span> <span class='ocrx_word' id='word_1_386' title='bbox 2927 620 3088 676; x_wconf 85' lang='lat' dir='ltr'><strong>Jesus</strong></span> <span class='ocrx_word' id='word_1_387' title='bbox 3143 620 3194 672; x_wconf 92' lang='lat' dir='ltr'><strong>in</strong></span> <span class='ocrx_word' id='word_1_388' title='bbox 3250 619 3425 687; x_wconf 91' lang='lat' dir='ltr'><strong>ipsum</strong></span> <span class='ocrx_word' id='word_1_389' title='bbox 3480 615 3709 670; x_wconf 72' lang='lat' dir='ltr'><strong>intuitus</strong></span> 
     </span>
    </p>
   </div>
   <div class='ocr_carea' id='block_1_50' title="bbox 2140 706 3712 786">
    <p class='ocr_par' dir='ltr' id='par_1_50' title="bbox 2140 706 3712 786">
     <span class='ocr_line' id='line_1_50' title="bbox 2140 706 3712 786; baseline -0.011 -10"><span class='ocrx_word' id='word_1_390' title='bbox 2140 731 2243 783; x_wconf 91' lang='lat' dir='ltr'><strong>est,</strong></span> <span class='ocrx_word' id='word_1_391' title='bbox 2272 730 2513 786; x_wconf 86' lang='lat' dir='ltr'><strong>eousque</strong></span> <span class='ocrx_word' id='word_1_392' title='bbox 2558 712 2814 777; x_wconf 82' lang='lat' dir='ltr'><strong>stabiliri,</strong></span> <span class='ocrx_word' id='word_1_393' title='bbox 2851 722 2911 765; x_wconf 91' lang='lat' dir='ltr'><strong>ut</strong></span> <span class='ocrx_word' id='word_1_394' title='bbox 2945 712 3012 764; x_wconf 85' lang='lat' dir='ltr'><strong>ab</strong></span> <span class='ocrx_word' id='word_1_395' title='bbox 3039 724 3204 778; x_wconf 88' lang='lat' dir='ltr'><strong>opere</strong></span> <span class='ocrx_word' id='word_1_396' title='bbox 3228 706 3408 761; x_wconf 84' lang='lat' dir='ltr'><strong>stabili</strong></span> <span class='ocrx_word' id='word_1_397' title='bbox 3445 706 3712 773; x_wconf 82' lang='lat' dir='ltr'><strong>ﬁrmaque</strong></span> 
     </span>
    </p>
   </div>
   <div class='ocr_carea' id='block_1_51' title="bbox 2141 797 3366 882">
    <p class='ocr_par' dir='ltr' id='par_1_51' title="bbox 2141 797 3366 882">
     <span class='ocr_line' id='line_1_51' title="bbox 2141 797 3366 882; baseline -0.014 -14"><span class='ocrx_word' id='word_1_398' title='bbox 2141 824 2439 882; x_wconf 80' lang='lat' dir='ltr'><strong>cognomen</strong></span> <span class='ocrx_word' id='word_1_399' title='bbox 2477 805 2721 862; x_wconf 82' lang='lat' dir='ltr'><strong>traheret</strong></span> <span class='ocrx_word' id='word_1_400' title='bbox 2745 812 2796 858; x_wconf 91' lang='lat' dir='ltr'><strong>et</strong></span> <span class='ocrx_word' id='word_1_401' title='bbox 2826 811 3121 857; x_wconf 84' lang='lat' dir='ltr'><strong>vocaretur</strong></span> <span class='ocrx_word' id='word_1_402' title='bbox 3150 797 3366 852; x_wconf 73' lang='lat' dir='ltr'><strong>Petrus.</strong></span> 
     </span>
    </p>
   </div>
   <div class='ocr_carea' id='block_1_52' title="bbox 2184 1067 3715 1139">
    <p class='ocr_par' dir='ltr' id='par_1_52' title="bbox 2184 1067 3715 1139">
     <span class='ocr_line' id='line_1_52' title="bbox 2184 1067 3715 1139; baseline -0.012 -6"><span class='ocrx_word' id='word_1_403' title='bbox 2184 1079 2301 1132; x_wconf 64' lang='lat'><strong>~50.</strong></span> <span class='ocrx_word' id='word_1_404' title='bbox 2327 1075 2433 1131; x_wconf 94' lang='lat' dir='ltr'><strong>Sed</strong></span> <span class='ocrx_word' id='word_1_405' title='bbox 2475 1074 2719 1129; x_wconf 87' lang='lat' dir='ltr'><strong>dicturus</strong></span> <span class='ocrx_word' id='word_1_406' title='bbox 2763 1081 2847 1126; x_wconf 90' lang='lat' dir='ltr'><strong>est</strong></span> <span class='ocrx_word' id='word_1_407' title='bbox 2876 1069 3093 1139; x_wconf 76' lang='lat' dir='ltr'><strong>aliquis,</strong></span> <span class='ocrx_word' id='word_1_408' title='bbox 3137 1083 3233 1122; x_wconf 92' lang='lat' dir='ltr'><strong>cur</strong></span> <span class='ocrx_word' id='word_1_409' title='bbox 3265 1067 3480 1120; x_wconf 82' lang='lat' dir='ltr'><strong>tandem</strong></span> <span class='ocrx_word' id='word_1_410' title='bbox 3514 1078 3715 1132; x_wconf 85' lang='lat' dir='ltr'><strong>propu-</strong></span> 
     </span>
    </p>
   </div>
   <div class='ocr_carea' id='block_1_53' title="bbox 2142 1158 3718 1235">
    <p class='ocr_par' dir='ltr' id='par_1_53' title="bbox 2142 1158 3718 1235">
     <span class='ocr_line' id='line_1_53' title="bbox 2142 1158 3718 1235; baseline -0.009 -10"><span class='ocrx_word' id='word_1_411' title='bbox 2142 1170 2245 1225; x_wconf 89' lang='lat' dir='ltr'><strong>sita</strong></span> <span class='ocrx_word' id='word_1_412' title='bbox 2293 1169 2445 1224; x_wconf 90' lang='lat' dir='ltr'><strong>nobis</strong></span> <span class='ocrx_word' id='word_1_413' title='bbox 2485 1164 2932 1235; x_wconf 85' lang='lat' dir='ltr'><strong>interpretatione</strong></span> <span class='ocrx_word' id='word_1_414' title='bbox 2968 1162 3255 1218; x_wconf 82' lang='lat' dir='ltr'><strong>verborum</strong></span> <span class='ocrx_word' id='word_1_415' title='bbox 3294 1174 3521 1214; x_wconf 85' lang='lat' dir='ltr'><strong>eorum:</strong></span> <span class='ocrx_word' id='word_1_416' title='bbox 3558 1176 3577 1210; x_wconf 84' lang='grc' dir='ltr'><strong>ι</strong></span> <span class='ocrx_word' id='word_1_417' title='bbox 3619 1158 3718 1212; x_wconf 87' lang='lat' dir='ltr'><strong>Hie</strong></span> 
     </span>
    </p>
   </div>
   <div class='ocr_carea' id='block_1_54' title="bbox 2143 1239 3749 1321">
    <p class='ocr_par' dir='ltr' id='par_1_54' title="bbox 2143 1239 3749 1321">
     <span class='ocr_line' id='line_1_54' title="bbox 2143 1239 3749 1321; baseline -0.006 -6"><span class='ocrx_word' id='word_1_418' title='bbox 2143 1265 2296 1318; x_wconf 80' lang='lat' dir='ltr'><strong>venit</strong></span> <span class='ocrx_word' id='word_1_419' title='bbox 2348 1261 2415 1315; x_wconf 91' lang='lat' dir='ltr'><strong>ad</strong></span> <span class='ocrx_word' id='word_1_420' title='bbox 2469 1256 2873 1315; x_wconf 90' lang='lat' dir='ltr'><strong>testiﬁcandum</strong></span> <span class='ocrx_word' id='word_1_421' title='bbox 2898 1294 2913 1321; x_wconf 92' lang='lat'><strong>,</strong></span> <span class='ocrx_word' id='word_1_422' title='bbox 2949 1263 3012 1310; x_wconf 91' lang='lat' dir='ltr'><strong>ut</strong></span> <span class='ocrx_word' id='word_1_423' title='bbox 3046 1253 3436 1308; x_wconf 89' lang='lat' dir='ltr'><strong>testiﬁcaretur</strong></span> <span class='ocrx_word' id='word_1_424' title='bbox 3475 1252 3543 1307; x_wconf 92' lang='lat' dir='ltr'><strong>de</strong></span> <span class='ocrx_word' id='word_1_425' title='bbox 3593 1239 3749 1306; x_wconf 67' lang='lat' dir='ltr'><strong>luce&#39;</strong></span> 
     </span>
    </p>
   </div>
   <div class='ocr_carea' id='block_1_55' title="bbox 2144 1343 3715 1417">
    <p class='ocr_par' dir='ltr' id='par_1_55' title="bbox 2144 1343 3715 1417">
     <span class='ocr_line' id='line_1_55' title="bbox 2144 1343 3715 1417; baseline -0.008 -8"><span class='ocrx_word' id='word_1_426' title='bbox 2144 1354 2233 1410; x_wconf 88' lang='lat' dir='ltr'><strong>illa</strong></span> <span class='ocrx_word' id='word_1_427' title='bbox 2262 1355 2363 1417; x_wconf 67' lang='lat' dir='ltr'><strong>&quot;,t</strong></span> <span class='ocrx_word' id='word_1_428' title='bbox 2389 1352 2573 1407; x_wconf 88' lang='lat' dir='ltr'><strong>omnia</strong></span> <span class='ocrx_word' id='word_1_429' title='bbox 2621 1351 2739 1405; x_wconf 66' lang='lat' dir='ltr'><strong>hate</strong></span> <span class='ocrx_word' id='word_1_430' title='bbox 2788 1344 3257 1402; x_wconf 84' lang='lat' dir='ltr'><strong>transcurrimus?</strong></span> <span class='ocrx_word' id='word_1_431' title='bbox 3284 1345 3353 1398; x_wconf 80' lang='lat' dir='ltr'><strong>At</strong></span> <span class='ocrx_word' id='word_1_432' title='bbox 3385 1343 3671 1398; x_wconf 90' lang='lat' dir='ltr'><strong>dicendum</strong></span> <span class='ocrx_word' id='word_1_433' title='bbox 3698 1382 3715 1409; x_wconf 91' lang='lat'><strong>,</strong></span> 
     </span>
    </p>
   </div>
   <div class='ocr_carea' id='block_1_56' title="bbox 2147 1433 3719 1501">
    <p class='ocr_par' dir='ltr' id='par_1_56' title="bbox 2147 1433 3719 1501">
     <span class='ocr_line' id='line_1_56' title="bbox 2147 1433 3719 1501; baseline -0.008 -1"><span class='ocrx_word' id='word_1_434' title='bbox 2147 1459 2372 1501; x_wconf 86' lang='lat' dir='ltr'><strong>necesse</strong></span> <span class='ocrx_word' id='word_1_435' title='bbox 2427 1443 2599 1498; x_wconf 82' lang='lat' dir='ltr'><strong>fuisse</strong></span> <span class='ocrx_word' id='word_1_436' title='bbox 2641 1440 2865 1496; x_wconf 82' lang='lat' dir='ltr'><strong>Joannis</strong></span> <span class='ocrx_word' id='word_1_437' title='bbox 2898 1437 3208 1494; x_wconf 88' lang='lat' dir='ltr'><strong>testimonia</strong></span> <span class='ocrx_word' id='word_1_438' title='bbox 3244 1437 3309 1489; x_wconf 89' lang='lat' dir='ltr'><strong>de</strong></span> <span class='ocrx_word' id='word_1_439' title='bbox 3351 1435 3470 1488; x_wconf 92' lang='lat' dir='ltr'><strong>luce</strong></span> <span class='ocrx_word' id='word_1_440' title='bbox 3500 1433 3590 1487; x_wconf 86' lang='lat' dir='ltr'><strong>illa</strong></span> <span class='ocrx_word' id='word_1_441' title='bbox 3620 1435 3719 1488; x_wconf 86' lang='lat' dir='ltr'><strong>de-</strong></span> 
     </span>
    </p>
   </div>
   <div class='ocr_carea' id='block_1_57' title="bbox 2147 1525 3719 1602">
    <p class='ocr_par' dir='ltr' id='par_1_57' title="bbox 2147 1525 3719 1602">
     <span class='ocr_line' id='line_1_57' title="bbox 2147 1525 3719 1602; baseline -0.008 -13"><span class='ocrx_word' id='word_1_442' title='bbox 2147 1545 2452 1591; x_wconf 87' lang='lat' dir='ltr'><strong>monstrare</strong></span> <span class='ocrx_word' id='word_1_443' title='bbox 2474 1533 2829 1602; x_wconf 85' lang='lat' dir='ltr'><strong>ordinemque</strong></span> <span class='ocrx_word' id='word_1_444' title='bbox 2866 1544 3054 1584; x_wconf 86' lang='lat' dir='ltr'><strong>eorum</strong></span> <span class='ocrx_word' id='word_1_445' title='bbox 3081 1542 3352 1597; x_wconf 80' lang='lat' dir='ltr'><strong>exponere</strong></span> <span class='ocrx_word' id='word_1_446' title='bbox 3383 1545 3397 1579; x_wconf 88' lang='lat'><strong>:</strong></span> <span class='ocrx_word' id='word_1_447' title='bbox 3424 1534 3589 1595; x_wconf 88' lang='lat' dir='ltr'><strong>atque</strong></span> <span class='ocrx_word' id='word_1_448' title='bbox 3619 1525 3719 1579; x_wconf 63' lang='lat' dir='ltr'><strong>uti.</strong></span> 
     </span>
    </p>
   </div>
   <div class='ocr_carea' id='block_1_58' title="bbox 2146 1621 3721 1696">
    <p class='ocr_par' dir='ltr' id='par_1_58' title="bbox 2146 1621 3721 1696">
     <span class='ocr_line' id='line_1_58' title="bbox 2146 1621 3721 1696; baseline -0.006 -15"><span class='ocrx_word' id='word_1_449' title='bbox 2146 1628 2354 1681; x_wconf 91' lang='lat' dir='ltr'><strong>litatem</strong></span> <span class='ocrx_word' id='word_1_450' title='bbox 2378 1640 2499 1696; x_wconf 72' lang='lat' dir='ltr'><strong>qua:</strong></span> <span class='ocrx_word' id='word_1_451' title='bbox 2531 1624 2777 1679; x_wconf 87' lang='lat' dir='ltr'><strong>insecuta</strong></span> <span class='ocrx_word' id='word_1_452' title='bbox 2821 1622 2987 1678; x_wconf 81' lang='lat' dir='ltr'><strong>fuerit</strong></span> <span class='ocrx_word' id='word_1_453' title='bbox 3021 1637 3119 1678; x_wconf 87' lang='lat' dir='ltr'><strong>eos</strong></span> <span class='ocrx_word' id='word_1_454' title='bbox 3146 1621 3284 1689; x_wconf 89' lang='lat' dir='ltr'><strong>apud</strong></span> <span class='ocrx_word' id='word_1_455' title='bbox 3318 1634 3458 1689; x_wconf 82' lang='lat' dir='ltr'><strong>quos</strong></span> <span class='ocrx_word' id='word_1_456' title='bbox 3488 1628 3721 1673; x_wconf 80' lang='lat' dir='ltr'><strong>testatus</strong></span> 
     </span>
    </p>
   </div>
   <div class='ocr_carea' id='block_1_59' title="bbox 2148 1705 3723 1782">
    <p class='ocr_par' dir='ltr' id='par_1_59' title="bbox 2148 1705 3723 1782">
     <span class='ocr_line' id='line_1_59' title="bbox 2148 1705 3723 1782; baseline -0.006 -14"><span class='ocrx_word' id='word_1_457' title='bbox 2148 1714 2362 1778; x_wconf 77' lang='lat' dir='ltr'><strong>fuisset,</strong></span> <span class='ocrx_word' id='word_1_458' title='bbox 2401 1713 2602 1768; x_wconf 73' lang='lat' dir='ltr'><strong>factam</strong></span> <span class='ocrx_word' id='word_1_459' title='bbox 2633 1721 2755 1782; x_wconf 88' lang='lat' dir='ltr'><strong>post</strong></span> <span class='ocrx_word' id='word_1_460' title='bbox 2790 1708 3015 1766; x_wconf 84' lang='lat' dir='ltr'><strong>Joannis</strong></span> <span class='ocrx_word' id='word_1_461' title='bbox 3042 1709 3409 1765; x_wconf 85' lang='lat' dir='ltr'><strong>testimonium</strong></span> <span class='ocrx_word' id='word_1_462' title='bbox 3438 1724 3466 1760; x_wconf 91' lang='lat' dir='ltr'><strong>a</strong></span> <span class='ocrx_word' id='word_1_463' title='bbox 3495 1705 3643 1773; x_wconf 85' lang='lat' dir='ltr'><strong>Jesu,</strong></span> <span class='ocrx_word' id='word_1_464' title='bbox 3665 1714 3723 1759; x_wconf 81' lang='lat' dir='ltr'><strong>ut</strong></span> 
     </span>
    </p>
   </div>
   <div class='ocr_carea' id='block_1_60' title="bbox 2077 1792 3722 1876">
    <p class='ocr_par' dir='ltr' id='par_1_60' title="bbox 2077 1792 3722 1876">
     <span class='ocr_line' id='line_1_60' title="bbox 2077 1792 3722 1876; baseline -0.005 -15"><span class='ocrx_word' id='word_1_465' title='bbox 2077 1792 2120 1848; x_wconf 79' lang='grc' dir='ltr'><strong>Β</strong></span> <span class='ocrx_word' id='word_1_466' title='bbox 2150 1806 2409 1876; x_wconf 79' lang='lat' dir='ltr'><strong>perfectio</strong></span> <span class='ocrx_word' id='word_1_467' title='bbox 2440 1804 2737 1860; x_wconf 88' lang='lat' dir='ltr'><strong>testimonii</strong></span> <span class='ocrx_word' id='word_1_468' title='bbox 2758 1801 2985 1857; x_wconf 84' lang='lat' dir='ltr'><strong>Joannis</strong></span> <span class='ocrx_word' id='word_1_469' title='bbox 3011 1801 3407 1856; x_wconf 87' lang='lat' dir='ltr'><strong>declararetur.</strong></span> <span class='ocrx_word' id='word_1_470' title='bbox 3425 1798 3564 1866; x_wconf 88' lang='lat' dir='ltr'><strong>Quin</strong></span> <span class='ocrx_word' id='word_1_471' title='bbox 3595 1808 3722 1852; x_wconf 88' lang='lat' dir='ltr'><strong>ante</strong></span> 
     </span>
    </p>
   </div>
   <div class='ocr_carea' id='block_1_61' title="bbox 2152 1891 3719 1966">
    <p class='ocr_par' dir='ltr' id='par_1_61' title="bbox 2152 1891 3719 1966">
     <span class='ocr_line' id='line_1_61' title="bbox 2152 1891 3719 1966; baseline -0.008 -10"><span class='ocrx_word' id='word_1_472' title='bbox 2152 1903 2267 1956; x_wconf 70' lang='lat' dir='ltr'><strong>haac</strong></span> <span class='ocrx_word' id='word_1_473' title='bbox 2308 1897 2611 1955; x_wconf 80' lang='lat' dir='ltr'><strong>teStimonia</strong></span> <span class='ocrx_word' id='word_1_474' title='bbox 2645 1896 2898 1966; x_wconf 78' lang='lat' dir='ltr'><strong>Baptista:</strong></span> <span class='ocrx_word' id='word_1_475' title='bbox 2941 1893 3239 1951; x_wconf 84' lang='lat' dir='ltr'><strong>exsultatio</strong></span> <span class='ocrx_word' id='word_1_476' title='bbox 3280 1906 3391 1962; x_wconf 73' lang='lat' dir='ltr'><strong>prae</strong></span> <span class='ocrx_word' id='word_1_477' title='bbox 3437 1891 3634 1960; x_wconf 73' lang='lat' dir='ltr'><strong>gaudio</strong></span> <span class='ocrx_word' id='word_1_478' title='bbox 3667 1892 3719 1944; x_wconf 93' lang='lat' dir='ltr'><strong>in</strong></span> 
     </span>
    </p>
   </div>
   <div class='ocr_carea' id='block_1_62' title="bbox 2152 1983 3722 2058">
    <p class='ocr_par' dir='ltr' id='par_1_62' title="bbox 2152 1983 3722 2058">
     <span class='ocr_line' id='line_1_62' title="bbox 2152 1983 3722 2058; baseline -0.006 -12"><span class='ocrx_word' id='word_1_479' title='bbox 2152 2003 2307 2047; x_wconf 89' lang='lat' dir='ltr'><strong>utero</strong></span> <span class='ocrx_word' id='word_1_480' title='bbox 2346 1991 2621 2046; x_wconf 87' lang='lat' dir='ltr'><strong>Elisabeth</strong></span> <span class='ocrx_word' id='word_1_481' title='bbox 2669 1999 2889 2058; x_wconf 89' lang='lat' dir='ltr'><strong>propter</strong></span> <span class='ocrx_word' id='word_1_482' title='bbox 2914 1987 3098 2041; x_wconf 67' lang='lat' dir='ltr'><strong>Maria:</strong></span> <span class='ocrx_word' id='word_1_483' title='bbox 3130 1985 3536 2047; x_wconf 89' lang='lat' dir='ltr'><strong>salutationem,</strong></span> <span class='ocrx_word' id='word_1_484' title='bbox 3576 1983 3722 2038; x_wconf 86' lang='lat' dir='ltr'><strong>testi-</strong></span> 
     </span>
    </p>
   </div>
   <div class='ocr_carea' id='block_1_63' title="bbox 2153 2075 3723 2145">
    <p class='ocr_par' dir='ltr' id='par_1_63' title="bbox 2153 2075 3723 2145">
     <span class='ocr_line' id='line_1_63' title="bbox 2153 2075 3723 2145; baseline -0.006 -7"><span class='ocrx_word' id='word_1_485' title='bbox 2153 2086 2391 2141; x_wconf 84' lang='lat' dir='ltr'><strong>monium</strong></span> <span class='ocrx_word' id='word_1_486' title='bbox 2422 2084 2522 2138; x_wconf 79' lang='lat' dir='ltr'><strong>fuit</strong></span> <span class='ocrx_word' id='word_1_487' title='bbox 2557 2084 2623 2138; x_wconf 89' lang='lat' dir='ltr'><strong>de</strong></span> <span class='ocrx_word' id='word_1_488' title='bbox 2650 2082 2886 2145; x_wconf 87' lang='lat' dir='ltr'><strong>Christo,</strong></span> <span class='ocrx_word' id='word_1_489' title='bbox 2923 2079 3250 2135; x_wconf 90' lang='lat' dir='ltr'><strong>testiﬁcante</strong></span> <span class='ocrx_word' id='word_1_490' title='bbox 3282 2076 3523 2144; x_wconf 87' lang='lat' dir='ltr'><strong>Baptista</strong></span> <span class='ocrx_word' id='word_1_491' title='bbox 3548 2077 3614 2130; x_wconf 89' lang='lat' dir='ltr'><strong>de</strong></span> <span class='ocrx_word' id='word_1_492' title='bbox 3634 2075 3723 2130; x_wconf 91' lang='lat' dir='ltr'><strong>di-</strong></span> 
     </span>
    </p>
   </div>
   <div class='ocr_carea' id='block_1_64' title="bbox 2148 2160 3725 2244">
    <p class='ocr_par' dir='ltr' id='par_1_64' title="bbox 2148 2160 3725 2244">
     <span class='ocr_line' id='line_1_64' title="bbox 2148 2160 3725 2244; baseline -0.007 -12"><span class='ocrx_word' id='word_1_493' title='bbox 2148 2160 2379 2232; x_wconf 59' lang='lat' dir='ltr'><strong>vinitate</strong></span> <span class='ocrx_word' id='word_1_494' title='bbox 2416 2175 2788 2244; x_wconf 89' lang='lat' dir='ltr'><strong>conceptionis</strong></span> <span class='ocrx_word' id='word_1_495' title='bbox 2825 2183 2879 2228; x_wconf 91' lang='lat' dir='ltr'><strong>et</strong></span> <span class='ocrx_word' id='word_1_496' title='bbox 2912 2180 3065 2228; x_wconf 90' lang='lat' dir='ltr'><strong>ortus</strong></span> <span class='ocrx_word' id='word_1_497' title='bbox 3094 2170 3320 2226; x_wconf 86' lang='lat' dir='ltr'><strong>Christi.</strong></span> <span class='ocrx_word' id='word_1_498' title='bbox 3344 2168 3481 2236; x_wconf 86' lang='lat' dir='ltr'><strong>Quid</strong></span> <span class='ocrx_word' id='word_1_499' title='bbox 3532 2167 3725 2238; x_wconf 80' lang='lat' dir='ltr'><strong>plura?</strong></span> 
     </span>
    </p>
   </div>
   <div class='ocr_carea' id='block_1_65' title="bbox 2154 2259 3726 2337">
    <p class='ocr_par' dir='ltr' id='par_1_65' title="bbox 2154 2259 3726 2337">
     <span class='ocr_line' id='line_1_65' title="bbox 2154 2259 3726 2337; baseline -0.008 -12"><span class='ocrx_word' id='word_1_500' title='bbox 2154 2270 2246 2325; x_wconf 82' lang='lat' dir='ltr'><strong>Vel</strong></span> <span class='ocrx_word' id='word_1_501' title='bbox 2268 2271 2466 2337; x_wconf 86' lang='lat' dir='ltr'><strong>ubique</strong></span> <span class='ocrx_word' id='word_1_502' title='bbox 2491 2266 2645 2323; x_wconf 88' lang='lat' dir='ltr'><strong>testis</strong></span> <span class='ocrx_word' id='word_1_503' title='bbox 2661 2277 2716 2320; x_wconf 89' lang='lat' dir='ltr'><strong>et</strong></span> <span class='ocrx_word' id='word_1_504' title='bbox 2737 2281 2912 2335; x_wconf 70' lang='lat' dir='ltr'><strong>praecu</strong></span> <span class='ocrx_word' id='word_1_505' title='bbox 2922 2279 3040 2320; x_wconf 90' lang='lat' dir='ltr'><strong>rsor</strong></span> <span class='ocrx_word' id='word_1_506' title='bbox 3057 2263 3185 2319; x_wconf 89' lang='lat' dir='ltr'><strong>Jesu</strong></span> <span class='ocrx_word' id='word_1_507' title='bbox 3206 2273 3289 2317; x_wconf 89' lang='lat' dir='ltr'><strong>est</strong></span> <span class='ocrx_word' id='word_1_508' title='bbox 3302 2259 3540 2319; x_wconf 89' lang='lat' dir='ltr'><strong>Joannes</strong></span> <span class='ocrx_word' id='word_1_509' title='bbox 3569 2270 3726 2313; x_wconf 88' lang='lat' dir='ltr'><strong>ante-</strong></span> 
     </span>
    </p>
   </div>
   <div class='ocr_carea' id='block_1_66' title="bbox 2151 2351 3725 2427">
    <p class='ocr_par' dir='ltr' id='par_1_66' title="bbox 2151 2351 3725 2427">
     <span class='ocr_line' id='line_1_66' title="bbox 2151 2351 3725 2427; baseline -0.006 -14"><span class='ocrx_word' id='word_1_510' title='bbox 2151 2371 2369 2417; x_wconf 76' lang='lat' dir='ltr'><strong>vertens</strong></span> <span class='ocrx_word' id='word_1_511' title='bbox 2402 2361 2547 2415; x_wconf 85' lang='lat' dir='ltr'><strong>iltius</strong></span> <span class='ocrx_word' id='word_1_512' title='bbox 2568 2368 2768 2421; x_wconf 89' lang='lat' dir='ltr'><strong>ortum,</strong></span> <span class='ocrx_word' id='word_1_513' title='bbox 2800 2366 2855 2413; x_wconf 89' lang='lat' dir='ltr'><strong>et</strong></span> <span class='ocrx_word' id='word_1_514' title='bbox 2878 2355 3036 2427; x_wconf 81' lang='lat' dir='ltr'><strong>paulo</strong></span> <span class='ocrx_word' id='word_1_515' title='bbox 3062 2365 3188 2411; x_wconf 88' lang='lat' dir='ltr'><strong>ante</strong></span> <span class='ocrx_word' id='word_1_516' title='bbox 3218 2365 3448 2409; x_wconf 89' lang='lat' dir='ltr'><strong>mortem</strong></span> <span class='ocrx_word' id='word_1_517' title='bbox 3473 2351 3593 2407; x_wconf 85' lang='lat' dir='ltr'><strong>Filii</strong></span> <span class='ocrx_word' id='word_1_518' title='bbox 3632 2352 3725 2405; x_wconf 89' lang='lat' dir='ltr'><strong>Dei</strong></span> 
     </span>
    </p>
   </div>
   <div class='ocr_carea' id='block_1_67' title="bbox 2153 2446 3787 2517">
    <p class='ocr_par' dir='ltr' id='par_1_67' title="bbox 2153 2446 3787 2517">
     <span class='ocr_line' id='line_1_67' title="bbox 2153 2446 3787 2517; baseline -0.004 -9"><span class='ocrx_word' id='word_1_519' title='bbox 2153 2455 2487 2517; x_wconf 91' lang='lat' dir='ltr'><strong>moriens,ut</strong></span> <span class='ocrx_word' id='word_1_520' title='bbox 2522 2467 2627 2505; x_wconf 93' lang='lat' dir='ltr'><strong>non</strong></span> <span class='ocrx_word' id='word_1_521' title='bbox 2657 2449 2830 2505; x_wconf 89' lang='lat' dir='ltr'><strong>solum</strong></span> <span class='ocrx_word' id='word_1_522' title='bbox 2860 2449 2926 2503; x_wconf 89' lang='lat' dir='ltr'><strong>ad</strong></span> <span class='ocrx_word' id='word_1_523' title='bbox 2959 2447 3132 2513; x_wconf 89' lang='lat' dir='ltr'><strong>vivos,</strong></span> <span class='ocrx_word' id='word_1_524' title='bbox 3151 2460 3340 2502; x_wconf 86' lang='lat' dir='ltr'><strong>verum</strong></span> <span class='ocrx_word' id='word_1_525' title='bbox 3363 2451 3417 2500; x_wconf 89' lang='lat' dir='ltr'><strong>et</strong></span> <span class='ocrx_word' id='word_1_526' title='bbox 3448 2446 3515 2499; x_wconf 86' lang='lat' dir='ltr'><strong>ad</strong></span> <span class='ocrx_word' id='word_1_527' title='bbox 3540 2458 3731 2513; x_wconf 71' lang='lat' dir='ltr'><strong>eSSpe-</strong></span> <span class='ocrx_word' id='word_1_528' title='bbox 3784 2498 3787 2501; x_wconf 89' lang='lat'><strong>.</strong></span> 
     </span>
    </p>
   </div>
   <div class='ocr_carea' id='block_1_68' title="bbox 2151 2537 3730 2611">
    <p class='ocr_par' dir='ltr' id='par_1_68' title="bbox 2151 2537 3730 2611">
     <span class='ocr_line' id='line_1_68' title="bbox 2151 2537 3730 2611; baseline -0.006 -11"><span class='ocrx_word' id='word_1_529' title='bbox 2151 2555 2360 2601; x_wconf 87' lang='lat' dir='ltr'><strong>ctantes</strong></span> <span class='ocrx_word' id='word_1_530' title='bbox 2376 2545 2678 2600; x_wconf 88' lang='lat' dir='ltr'><strong>libertatem</strong></span> <span class='ocrx_word' id='word_1_531' title='bbox 2697 2559 2724 2595; x_wconf 90' lang='lat' dir='ltr'><strong>a</strong></span> <span class='ocrx_word' id='word_1_532' title='bbox 2746 2551 2917 2597; x_wconf 90' lang='lat' dir='ltr'><strong>morte</strong></span> <span class='ocrx_word' id='word_1_533' title='bbox 2935 2555 3029 2611; x_wconf 91' lang='lat' dir='ltr'><strong>per</strong></span> <span class='ocrx_word' id='word_1_534' title='bbox 3040 2540 3315 2596; x_wconf 88' lang='lat' dir='ltr'><strong>Christum</strong></span> <span class='ocrx_word' id='word_1_535' title='bbox 3329 2537 3585 2603; x_wconf 76' lang='lat' dir='ltr'><strong>futuram,</strong></span> <span class='ocrx_word' id='word_1_536' title='bbox 3602 2543 3730 2591; x_wconf 85' lang='lat' dir='ltr'><strong>ante</strong></span> 
     </span>
    </p>
   </div>
   <div class='ocr_carea' id='block_1_69' title="bbox 2151 2633 3731 2703">
    <p class='ocr_par' dir='ltr' id='par_1_69' title="bbox 2151 2633 3731 2703">
     <span class='ocr_line' id='line_1_69' title="bbox 2151 2633 3731 2703; baseline -0.006 -10"><span class='ocrx_word' id='word_1_537' title='bbox 2151 2637 2426 2693; x_wconf 90' lang='lat' dir='ltr'><strong>Christum</strong></span> <span class='ocrx_word' id='word_1_538' title='bbox 2454 2637 2777 2700; x_wconf 87' lang='lat' dir='ltr'><strong>adveniens,</strong></span> <span class='ocrx_word' id='word_1_539' title='bbox 2809 2634 3009 2703; x_wconf 90' lang='lat' dir='ltr'><strong>ubique</strong></span> <span class='ocrx_word' id='word_1_540' title='bbox 3044 2633 3268 2686; x_wconf 89' lang='lat' dir='ltr'><strong>Domino</strong></span> <span class='ocrx_word' id='word_1_541' title='bbox 3301 2639 3521 2702; x_wconf 84' lang='lat' dir='ltr'><strong>pararet</strong></span> <span class='ocrx_word' id='word_1_542' title='bbox 3561 2644 3731 2701; x_wconf 86' lang='lat' dir='ltr'><strong>popu-</strong></span> 
     </span>
    </p>
   </div>
   <div class='ocr_carea' id='block_1_70' title="bbox 2152 2725 3729 2797">
    <p class='ocr_par' dir='ltr' id='par_1_70' title="bbox 2152 2725 3729 2797">
     <span class='ocr_line' id='line_1_70' title="bbox 2152 2725 3729 2797; baseline -0.006 -11"><span class='ocrx_word' id='word_1_543' title='bbox 2152 2733 2262 2786; x_wconf 88' lang='lat' dir='ltr'><strong>lum</strong></span> <span class='ocrx_word' id='word_1_544' title='bbox 2291 2728 2705 2793; x_wconf 77' lang='lat' dir='ltr'><strong>instructum”;</strong></span> <span class='ocrx_word' id='word_1_545' title='bbox 2733 2727 2990 2797; x_wconf 82' lang='lat' dir='ltr'><strong>pertingit</strong></span> <span class='ocrx_word' id='word_1_546' title='bbox 3019 2736 3200 2780; x_wconf 91' lang='lat' dir='ltr'><strong>autem</strong></span> <span class='ocrx_word' id='word_1_547' title='bbox 3231 2740 3400 2795; x_wconf 89' lang='lat' dir='ltr'><strong>usque</strong></span> <span class='ocrx_word' id='word_1_548' title='bbox 3432 2725 3498 2778; x_wconf 88' lang='lat' dir='ltr'><strong>ad</strong></span> <span class='ocrx_word' id='word_1_549' title='bbox 3527 2739 3729 2778; x_wconf 81' lang='lat' dir='ltr'><strong>secun-</strong></span> 
     </span>
    </p>
   </div>
   <div class='ocr_carea' id='block_1_71' title="bbox 2152 2815 3732 2891">
    <p class='ocr_par' dir='ltr' id='par_1_71' title="bbox 2152 2815 3732 2891">
     <span class='ocr_line' id='line_1_71' title="bbox 2152 2815 3732 2891; baseline -0.008 -10"><span class='ocrx_word' id='word_1_550' title='bbox 2152 2827 2302 2889; x_wconf 90' lang='lat' dir='ltr'><strong>dum,</strong></span> <span class='ocrx_word' id='word_1_551' title='bbox 2333 2837 2565 2891; x_wconf 89' lang='lat' dir='ltr'><strong>eumque</strong></span> <span class='ocrx_word' id='word_1_552' title='bbox 2605 2822 2925 2877; x_wconf 89' lang='lat' dir='ltr'><strong>diviniorem</strong></span> <span class='ocrx_word' id='word_1_553' title='bbox 2948 2861 2964 2885; x_wconf 94' lang='lat'><strong>,</strong></span> <span class='ocrx_word' id='word_1_554' title='bbox 2993 2820 3196 2876; x_wconf 89' lang='lat' dir='ltr'><strong>Christi</strong></span> <span class='ocrx_word' id='word_1_555' title='bbox 3230 2821 3521 2874; x_wconf 71' lang='lat' dir='ltr'><strong>adventrum</strong></span> <span class='ocrx_word' id='word_1_556' title='bbox 3564 2815 3732 2873; x_wconf 86' lang='lat' dir='ltr'><strong>Joan-</strong></span> 
     </span>
    </p>
   </div>
   <div class='ocr_carea' id='block_1_72' title="bbox 2152 2908 3729 2979">
    <p class='ocr_par' dir='ltr' id='par_1_72' title="bbox 2152 2908 3729 2979">
     <span class='ocr_line' id='line_1_72' title="bbox 2152 2908 3729 2979; baseline -0.006 -7"><span class='ocrx_word' id='word_1_557' title='bbox 2152 2919 2236 2973; x_wconf 88' lang='lat' dir='ltr'><strong>nis</strong></span> <span class='ocrx_word' id='word_1_558' title='bbox 2273 2915 2664 2973; x_wconf 89' lang='lat' dir='ltr'><strong>testitnonium.</strong></span> <span class='ocrx_word' id='word_1_559' title='bbox 2703 2933 2729 2967; x_wconf 78' lang='grc' dir='ltr'><strong>ι</strong></span> <span class='ocrx_word' id='word_1_560' title='bbox 2764 2913 2819 2967; x_wconf 92' lang='lat' dir='ltr'><strong>Si</strong></span> <span class='ocrx_word' id='word_1_561' title='bbox 2851 2914 2998 2969; x_wconf 87' lang='lat' dir='ltr'><strong>enim</strong></span> <span class='ocrx_word' id='word_1_562' title='bbox 3041 2911 3225 2977; x_wconf 86' lang='lat' dir='ltr'><strong>vultis,</strong></span> <span class='ocrx_word' id='word_1_563' title='bbox 3265 2911 3440 2979; x_wconf 83' lang='lat' dir='ltr'><strong>inquit</strong></span> <span class='ocrx_word' id='word_1_564' title='bbox 3465 2908 3535 2975; x_wconf 76' lang='lat'><strong>“,</strong></span> <span class='ocrx_word' id='word_1_565' title='bbox 3579 2909 3729 2963; x_wconf 65' lang='lat' dir='ltr'><strong>rech-</strong></span> 
     </span>
    </p>
   </div>
   <div class='ocr_carea' id='block_1_73' title="bbox 2151 3000 3730 3080">
    <p class='ocr_par' dir='ltr' id='par_1_73' title="bbox 2151 3000 3730 3080">
     <span class='ocr_line' id='line_1_73' title="bbox 2151 3000 3730 3080; baseline -0.006 -15"><span class='ocrx_word' id='word_1_566' title='bbox 2151 3025 2318 3080; x_wconf 90' lang='lat' dir='ltr'><strong>pere,</strong></span> <span class='ocrx_word' id='word_1_567' title='bbox 2397 3009 2512 3078; x_wconf 90' lang='lat' dir='ltr'><strong>ipse</strong></span> <span class='ocrx_word' id='word_1_568' title='bbox 2585 3017 2668 3061; x_wconf 90' lang='lat' dir='ltr'><strong>est</strong></span> <span class='ocrx_word' id='word_1_569' title='bbox 2746 3005 2930 3072; x_wconf 84' lang='lat' dir='ltr'><strong>Elias,</strong></span> <span class='ocrx_word' id='word_1_570' title='bbox 2996 3004 3094 3074; x_wconf 89' lang='lat' dir='ltr'><strong>qui</strong></span> <span class='ocrx_word' id='word_1_571' title='bbox 3154 3013 3417 3058; x_wconf 88' lang='lat' dir='ltr'><strong>venturus</strong></span> <span class='ocrx_word' id='word_1_572' title='bbox 3465 3011 3566 3057; x_wconf 90' lang='lat' dir='ltr'><strong>est.</strong></span> <span class='ocrx_word' id='word_1_573' title='bbox 3624 3000 3730 3069; x_wconf 85' lang='lat' dir='ltr'><strong>Qui</strong></span> 
     </span>
    </p>
   </div>
   <div class='ocr_carea' id='block_1_74' title="bbox 2152 3091 3734 3162">
    <p class='ocr_par' dir='ltr' id='par_1_74' title="bbox 2152 3091 3734 3162">
     <span class='ocr_line' id='line_1_74' title="bbox 2152 3091 3734 3162; baseline -0.008 -5"><span class='ocrx_word' id='word_1_574' title='bbox 2152 3103 2313 3159; x_wconf 87' lang='lat' dir='ltr'><strong>habet</strong></span> <span class='ocrx_word' id='word_1_575' title='bbox 2359 3113 2520 3156; x_wconf 81' lang='lat' dir='ltr'><strong>aures</strong></span> <span class='ocrx_word' id='word_1_576' title='bbox 2559 3097 2833 3162; x_wconf 87' lang='lat' dir='ltr'><strong>audiendi,</strong></span> <span class='ocrx_word' id='word_1_577' title='bbox 2877 3097 3077 3152; x_wconf 85' lang='lat' dir='ltr'><strong>audiat.</strong></span> <span class='ocrx_word' id='word_1_578' title='bbox 3122 3093 3441 3149; x_wconf 61' lang='lat' dir='ltr'><strong>tCaeterum</strong></span> <span class='ocrx_word' id='word_1_579' title='bbox 3486 3107 3608 3147; x_wconf 90' lang='lat' dir='ltr'><strong>eum</strong></span> <span class='ocrx_word' id='word_1_580' title='bbox 3661 3091 3734 3146; x_wconf 88' lang='lat' dir='ltr'><strong>sit</strong></span> 
     </span>
    </p>
   </div>
   <div class='ocr_carea' id='block_1_75' title="bbox 2144 3185 3733 3267">
    <p class='ocr_par' dir='ltr' id='par_1_75' title="bbox 2144 3185 3733 3267">
     <span class='ocr_line' id='line_1_75' title="bbox 2144 3185 3733 3267; baseline -0.008 -18"><span class='ocrx_word' id='word_1_581' title='bbox 2144 3194 2467 3267; x_wconf 89' lang='lat' dir='ltr'><strong>principium</strong></span> <span class='ocrx_word' id='word_1_582' title='bbox 2512 3193 2565 3247; x_wconf 92' lang='lat' dir='ltr'><strong>in</strong></span> <span class='ocrx_word' id='word_1_583' title='bbox 2603 3206 2710 3261; x_wconf 90' lang='lat' dir='ltr'><strong>quo</strong></span> <span class='ocrx_word' id='word_1_584' title='bbox 2732 3198 2815 3245; x_wconf 90' lang='lat' dir='ltr'><strong>est</strong></span> <span class='ocrx_word' id='word_1_585' title='bbox 2834 3190 3026 3244; x_wconf 87' lang='lat' dir='ltr'><strong>Sermo</strong></span> <span class='ocrx_word' id='word_1_586' title='bbox 3044 3187 3212 3258; x_wconf 87' lang='lat' dir='ltr'><strong>(quod</strong></span> <span class='ocrx_word' id='word_1_587' title='bbox 3253 3185 3571 3255; x_wconf 88' lang='lat' dir='ltr'><strong>sapientiam</strong></span> <span class='ocrx_word' id='word_1_588' title='bbox 3611 3197 3733 3239; x_wconf 88' lang='lat' dir='ltr'><strong>esse</strong></span> 
     </span>
    </p>
   </div>
   <div class='ocr_carea' id='block_1_76' title="bbox 2146 3275 3732 3348">
    <p class='ocr_par' dir='ltr' id='par_1_76' title="bbox 2146 3275 3732 3348">
     <span class='ocr_line' id='line_1_76' title="bbox 2146 3275 3732 3348; baseline -0.01 -5"><span class='ocrx_word' id='word_1_589' title='bbox 2146 3304 2213 3343; x_wconf 75' lang='lat' dir='ltr'><strong>ex</strong></span> <span class='ocrx_word' id='word_1_590' title='bbox 2242 3287 2660 3343; x_wconf 89' lang='lat' dir='ltr'><strong>Proverbiorum</strong></span> <span class='ocrx_word' id='word_1_591' title='bbox 2707 3283 2843 3338; x_wconf 89' lang='lat' dir='ltr'><strong>libro</strong></span> <span class='ocrx_word' id='word_1_592' title='bbox 2883 3277 3270 3348; x_wconf 89' lang='lat' dir='ltr'><strong>ostendimus),</strong></span> <span class='ocrx_word' id='word_1_593' title='bbox 3298 3290 3530 3345; x_wconf 91' lang='lat' dir='ltr'><strong>eumque</strong></span> <span class='ocrx_word' id='word_1_594' title='bbox 3568 3275 3732 3329; x_wconf 83' lang='lat' dir='ltr'><strong>etiam</strong></span> 
     </span>
    </p>
   </div>
   <div class='ocr_carea' id='block_1_77' title="bbox 2147 3365 3734 3445">
    <p class='ocr_par' dir='ltr' id='par_1_77' title="bbox 2147 3365 3734 3445">
     <span class='ocr_line' id='line_1_77' title="bbox 2147 3365 3734 3445; baseline -0.011 -10"><span class='ocrx_word' id='word_1_595' title='bbox 2147 3382 2220 3437; x_wconf 85' lang='lat' dir='ltr'><strong>sit</strong></span> <span class='ocrx_word' id='word_1_596' title='bbox 2257 3379 2488 3440; x_wconf 87' lang='lat' dir='ltr'><strong>Sermo,</strong></span> <span class='ocrx_word' id='word_1_597' title='bbox 2528 3384 2690 3445; x_wconf 84' lang='lat' dir='ltr'><strong>atque</strong></span> <span class='ocrx_word' id='word_1_598' title='bbox 2740 3373 2855 3427; x_wconf 84' lang='lat' dir='ltr'><strong>vita</strong></span> <span class='ocrx_word' id='word_1_599' title='bbox 2904 3372 2956 3424; x_wconf 92' lang='lat' dir='ltr'><strong>in</strong></span> <span class='ocrx_word' id='word_1_600' title='bbox 3012 3370 3116 3424; x_wconf 89' lang='lat' dir='ltr'><strong>hoc</strong></span> <span class='ocrx_word' id='word_1_601' title='bbox 3173 3368 3360 3432; x_wconf 77' lang='lat' dir='ltr'><strong>facta,</strong></span> <span class='ocrx_word' id='word_1_602' title='bbox 3418 3381 3482 3422; x_wconf 88' lang='lat' dir='ltr'><strong>ac</strong></span> <span class='ocrx_word' id='word_1_603' title='bbox 3537 3365 3734 3420; x_wconf 90' lang='lat' dir='ltr'><strong>deinde</strong></span> 
     </span>
    </p>
   </div>
   <div class='ocr_carea' id='block_1_78' title="bbox 2148 3458 3731 3532">
    <p class='ocr_par' dir='ltr' id='par_1_78' title="bbox 2148 3458 3731 3532">
     <span class='ocr_line' id='line_1_78' title="bbox 2148 3458 3731 3532; baseline -0.008 -7"><span class='ocrx_word' id='word_1_604' title='bbox 2148 3473 2257 3525; x_wconf 86' lang='lat' dir='ltr'><strong>vita</strong></span> <span class='ocrx_word' id='word_1_605' title='bbox 2277 3470 2347 3524; x_wconf 93' lang='lat' dir='ltr'><strong>sit</strong></span> <span class='ocrx_word' id='word_1_606' title='bbox 2370 3469 2458 3522; x_wconf 81' lang='lat' dir='ltr'><strong>lux</strong></span> <span class='ocrx_word' id='word_1_607' title='bbox 2481 3467 2778 3531; x_wconf 80' lang='lat' dir='ltr'><strong>hominum,</strong></span> <span class='ocrx_word' id='word_1_608' title='bbox 2797 3477 2979 3532; x_wconf 71' lang='lat' dir='ltr'><strong>quaero</strong></span> <span class='ocrx_word' id='word_1_609' title='bbox 2995 3476 3094 3515; x_wconf 89' lang='lat' dir='ltr'><strong>cur</strong></span> <span class='ocrx_word' id='word_1_610' title='bbox 3121 3461 3357 3525; x_wconf 80' lang='lat' dir='ltr'><strong>tandem,</strong></span> <span class='ocrx_word' id='word_1_611' title='bbox 3378 3474 3497 3513; x_wconf 90' lang='lat' dir='ltr'><strong>cum</strong></span> <span class='ocrx_word' id='word_1_612' title='bbox 3522 3474 3541 3509; x_wconf 79' lang='grc' dir='ltr'><strong>ι</strong></span> <span class='ocrx_word' id='word_1_613' title='bbox 3566 3458 3731 3512; x_wconf 89' lang='lat' dir='ltr'><strong>homo</strong></span> 
     </span>
    </p>
   </div>
   <div class='ocr_carea' id='block_1_79' title="bbox 2152 3547 3730 3626">
    <p class='ocr_par' dir='ltr' id='par_1_79' title="bbox 2152 3547 3730 3626">
     <span class='ocr_line' id='line_1_79' title="bbox 2152 3547 3730 3626; baseline -0.011 -9"><span class='ocrx_word' id='word_1_614' title='bbox 2152 3563 2348 3617; x_wconf 86' lang='lat' dir='ltr'><strong>missus</strong></span> <span class='ocrx_word' id='word_1_615' title='bbox 2374 3574 2404 3614; x_wconf 86' lang='lat' dir='ltr'><strong>a</strong></span> <span class='ocrx_word' id='word_1_616' title='bbox 2447 3559 2577 3626; x_wconf 70' lang='lat' dir='ltr'><strong>Deo»,</strong></span> <span class='ocrx_word' id='word_1_617' title='bbox 2613 3557 2701 3611; x_wconf 85' lang='lat' dir='ltr'><strong>cui</strong></span> <span class='ocrx_word' id='word_1_618' title='bbox 2747 3570 2945 3610; x_wconf 88' lang='lat' dir='ltr'><strong>nomen</strong></span> <span class='ocrx_word' id='word_1_619' title='bbox 2975 3562 3092 3607; x_wconf 86' lang='lat' dir='ltr'><strong>erat</strong></span> <span class='ocrx_word' id='word_1_620' title='bbox 3119 3549 3379 3614; x_wconf 84' lang='lat' dir='ltr'><strong>Joannes,</strong></span> <span class='ocrx_word' id='word_1_621' title='bbox 3424 3547 3636 3602; x_wconf 85' lang='lat' dir='ltr'><strong>venerit</strong></span> <span class='ocrx_word' id='word_1_622' title='bbox 3662 3549 3730 3601; x_wconf 89' lang='lat' dir='ltr'><strong>ad</strong></span> 
     </span>
    </p>
   </div>
   <div class='ocr_carea' id='block_1_80' title="bbox 2155 3640 3728 3717">
    <p class='ocr_par' dir='ltr' id='par_1_80' title="bbox 2155 3640 3728 3717">
     <span class='ocr_line' id='line_1_80' title="bbox 2155 3640 3728 3717; baseline -0.009 -10"><span class='ocrx_word' id='word_1_623' title='bbox 2155 3651 2574 3717; x_wconf 85' lang='lat' dir='ltr'><strong>testiﬁcandum,</strong></span> <span class='ocrx_word' id='word_1_624' title='bbox 2591 3658 2651 3703; x_wconf 88' lang='lat' dir='ltr'><strong>ut</strong></span> <span class='ocrx_word' id='word_1_625' title='bbox 2673 3646 3056 3703; x_wconf 87' lang='lat' dir='ltr'><strong>testiﬁcaretur</strong></span> <span class='ocrx_word' id='word_1_626' title='bbox 3082 3645 3149 3700; x_wconf 94' lang='lat' dir='ltr'><strong>de</strong></span> <span class='ocrx_word' id='word_1_627' title='bbox 3179 3643 3546 3708; x_wconf 59' lang='lat' dir='ltr'><strong>luce”,rnon</strong></span> <span class='ocrx_word' id='word_1_628' title='bbox 3566 3640 3728 3695; x_wconf 84' lang='lat' dir='ltr'><strong>etiam</strong></span> 
     </span>
    </p>
   </div>
   <div class='ocr_carea' id='block_1_81' title="bbox 2152 3732 3731 3804">
    <p class='ocr_par' dir='ltr' id='par_1_81' title="bbox 2152 3732 3731 3804">
     <span class='ocr_line' id='line_1_81' title="bbox 2152 3732 3731 3804; baseline -0.008 -5"><span class='ocrx_word' id='word_1_629' title='bbox 2152 3747 2364 3802; x_wconf 91' lang='lat' dir='ltr'><strong>venerit</strong></span> <span class='ocrx_word' id='word_1_630' title='bbox 2399 3752 2459 3798; x_wconf 91' lang='lat' dir='ltr'><strong>ut</strong></span> <span class='ocrx_word' id='word_1_631' title='bbox 2496 3742 2884 3798; x_wconf 88' lang='lat' dir='ltr'><strong>testiﬁcaretur</strong></span> <span class='ocrx_word' id='word_1_632' title='bbox 2914 3739 2980 3792; x_wconf 90' lang='lat' dir='ltr'><strong>de</strong></span> <span class='ocrx_word' id='word_1_633' title='bbox 3014 3737 3157 3804; x_wconf 85' lang='lat' dir='ltr'><strong>vita,</strong></span> <span class='ocrx_word' id='word_1_634' title='bbox 3188 3734 3274 3790; x_wconf 91' lang='lat' dir='ltr'><strong>vel</strong></span> <span class='ocrx_word' id='word_1_635' title='bbox 3305 3743 3363 3788; x_wconf 91' lang='lat' dir='ltr'><strong>ut</strong></span> <span class='ocrx_word' id='word_1_636' title='bbox 3408 3732 3731 3788; x_wconf 86' lang='lat' dir='ltr'><strong>testiﬁcare-</strong></span> 
     </span>
    </p>
   </div>
   <div class='ocr_carea' id='block_1_82' title="bbox 2154 3825 3733 3897">
    <p class='ocr_par' dir='ltr' id='par_1_82' title="bbox 2154 3825 3733 3897">
     <span class='ocr_line' id='line_1_82' title="bbox 2154 3825 3733 3897; baseline -0.011 -4"><span class='ocrx_word' id='word_1_637' title='bbox 2154 3846 2246 3893; x_wconf 82' lang='lat' dir='ltr'><strong>tur</strong></span> <span class='ocrx_word' id='word_1_638' title='bbox 2278 3836 2344 3891; x_wconf 87' lang='lat' dir='ltr'><strong>de</strong></span> <span class='ocrx_word' id='word_1_639' title='bbox 2375 3834 2658 3896; x_wconf 87' lang='lat' dir='ltr'><strong>Sermone,</strong></span> <span class='ocrx_word' id='word_1_640' title='bbox 2690 3831 2774 3885; x_wconf 89' lang='lat' dir='ltr'><strong>vel</strong></span> <span class='ocrx_word' id='word_1_641' title='bbox 2803 3832 2870 3883; x_wconf 91' lang='lat' dir='ltr'><strong>de</strong></span> <span class='ocrx_word' id='word_1_642' title='bbox 2898 3828 3187 3897; x_wconf 85' lang='lat' dir='ltr'><strong>principio,</strong></span> <span class='ocrx_word' id='word_1_643' title='bbox 3207 3825 3288 3878; x_wconf 88' lang='lat' dir='ltr'><strong>vel</strong></span> <span class='ocrx_word' id='word_1_644' title='bbox 3317 3827 3385 3879; x_wconf 90' lang='lat' dir='ltr'><strong>de</strong></span> <span class='ocrx_word' id='word_1_645' title='bbox 3407 3837 3733 3892; x_wconf 85' lang='lat' dir='ltr'><strong>quacunque</strong></span> 
     </span>
    </p>
   </div>
   <div class='ocr_carea' id='block_1_83' title="bbox 2154 3900 3732 3984">
    <p class='ocr_par' dir='ltr' id='par_1_83' title="bbox 2154 3900 3732 3984">
     <span class='ocr_line' id='line_1_83' title="bbox 2154 3900 3732 3984; baseline -0.013 0"><span class='ocrx_word' id='word_1_646' title='bbox 2154 3929 2260 3984; x_wconf 87' lang='lat' dir='ltr'><strong>alia</strong></span> <span class='ocrx_word' id='word_1_647' title='bbox 2288 3925 2725 3984; x_wconf 88' lang='lat' dir='ltr'><strong>consideratione</strong></span> <span class='ocrx_word' id='word_1_648' title='bbox 2770 3920 2971 3978; x_wconf 86' lang='lat' dir='ltr'><strong>Christi</strong></span> <span class='ocrx_word' id='word_1_649' title='bbox 3005 3920 3031 3973; x_wconf 70' lang='grc' dir='ltr'><strong>’ὲ</strong></span> <span class='ocrx_word' id='word_1_650' title='bbox 3059 3918 3295 3973; x_wconf 87' lang='lat' dir='ltr'><strong>Proinde</strong></span> <span class='ocrx_word' id='word_1_651' title='bbox 3324 3900 3607 3970; x_wconf 88' lang='lat' dir='ltr'><strong>considera</strong></span> <span class='ocrx_word' id='word_1_652' title='bbox 3639 3928 3732 3980; x_wconf 92' lang='lat' dir='ltr'><strong>an,</strong></span> 
     </span>
    </p>
   </div>
   <div class='ocr_carea' id='block_1_84' title="bbox 2156 4007 3737 4091">
    <p class='ocr_par' dir='ltr' id='par_1_84' title="bbox 2156 4007 3737 4091">
     <span class='ocr_line' id='line_1_84' title="bbox 2156 4007 3737 4091; baseline -0.01 -14"><span class='ocrx_word' id='word_1_653' title='bbox 2156 4021 2413 4091; x_wconf 83' lang='lat' dir='ltr'><strong>quoniam</strong></span> <span class='ocrx_word' id='word_1_654' title='bbox 2450 4038 2470 4071; x_wconf 79' lang='grc' dir='ltr'><strong>ι</strong></span> <span class='ocrx_word' id='word_1_655' title='bbox 2500 4016 2731 4088; x_wconf 89' lang='lat' dir='ltr'><strong>populus</strong></span> <span class='ocrx_word' id='word_1_656' title='bbox 2761 4016 2852 4086; x_wconf 92' lang='lat' dir='ltr'><strong>qui</strong></span> <span class='ocrx_word' id='word_1_657' title='bbox 2896 4013 3120 4069; x_wconf 88' lang='lat' dir='ltr'><strong>sedebat</strong></span> <span class='ocrx_word' id='word_1_658' title='bbox 3147 4012 3199 4067; x_wconf 94' lang='lat' dir='ltr'><strong>in</strong></span> <span class='ocrx_word' id='word_1_659' title='bbox 3250 4009 3513 4074; x_wconf 86' lang='lat' dir='ltr'><strong>tenebris,</strong></span> <span class='ocrx_word' id='word_1_660' title='bbox 3541 4007 3737 4061; x_wconf 91' lang='lat' dir='ltr'><strong>viderit</strong></span> 
     </span>
    </p>
   </div>
   <div class='ocr_carea' id='block_1_85' title="bbox 2155 4100 3734 4183">
    <p class='ocr_par' dir='ltr' id='par_1_85' title="bbox 2155 4100 3734 4183">
     <span class='ocr_line' id='line_1_85' title="bbox 2155 4100 3734 4183; baseline -0.009 -14"><span class='ocrx_word' id='word_1_661' title='bbox 2155 4114 2333 4171; x_wconf 87' lang='lat' dir='ltr'><strong>lucem</strong></span> <span class='ocrx_word' id='word_1_662' title='bbox 2391 4126 2644 4183; x_wconf 79' lang='lat' dir='ltr'><strong>magnam</strong></span> <span class='ocrx_word' id='word_1_663' title='bbox 2671 4109 2741 4175; x_wconf 80' lang='grc'>⁸⁸,</span> <span class='ocrx_word' id='word_1_664' title='bbox 2778 4128 2798 4161; x_wconf 76' lang='grc' dir='ltr'><strong>ι</strong></span> <span class='ocrx_word' id='word_1_665' title='bbox 2831 4117 2888 4163; x_wconf 87' lang='lat' dir='ltr'><strong>et</strong></span> <span class='ocrx_word' id='word_1_666' title='bbox 2918 4107 3178 4177; x_wconf 85' lang='lat' dir='ltr'><strong>quoniam</strong></span> <span class='ocrx_word' id='word_1_667' title='bbox 3214 4123 3233 4156; x_wconf 79' lang='grc' dir='ltr'><strong>ι</strong></span> <span class='ocrx_word' id='word_1_668' title='bbox 3269 4104 3360 4158; x_wconf 81' lang='lat' dir='ltr'><strong>lux</strong></span> <span class='ocrx_word' id='word_1_669' title='bbox 3404 4103 3458 4157; x_wconf 92' lang='lat' dir='ltr'><strong>in</strong></span> <span class='ocrx_word' id='word_1_670' title='bbox 3492 4100 3734 4155; x_wconf 86' lang='lat' dir='ltr'><strong>tenebris</strong></span> 
     </span>
    </p>
   </div>
   <div class='ocr_carea' id='block_1_86' title="bbox 2156 4194 3735 4273">
    <p class='ocr_par' dir='ltr' id='par_1_86' title="bbox 2156 4194 3735 4273">
     <span class='ocr_line' id='line_1_86' title="bbox 2156 4194 3735 4273; baseline -0.008 -13"><span class='ocrx_word' id='word_1_671' title='bbox 2156 4206 2301 4262; x_wconf 90' lang='lat' dir='ltr'><strong>lueet</strong></span> <span class='ocrx_word' id='word_1_672' title='bbox 2332 4224 2352 4258; x_wconf 74' lang='grc' dir='ltr'><strong>ι</strong></span> <span class='ocrx_word' id='word_1_673' title='bbox 2395 4220 2505 4261; x_wconf 93' lang='lat' dir='ltr'><strong>non</strong></span> <span class='ocrx_word' id='word_1_674' title='bbox 2551 4202 2885 4273; x_wconf 83' lang='lat' dir='ltr'><strong>deprehensa</strong></span> <span class='ocrx_word' id='word_1_675' title='bbox 2913 4200 2983 4255; x_wconf 89' lang='lat' dir='ltr'><strong>ab</strong></span> <span class='ocrx_word' id='word_1_676' title='bbox 3011 4200 3144 4270; x_wconf 89' lang='lat' dir='ltr'><strong>ipsis</strong></span> <span class='ocrx_word' id='word_1_677' title='bbox 3178 4196 3416 4253; x_wconf 88' lang='lat' dir='ltr'><strong>tenebris</strong></span> <span class='ocrx_word' id='word_1_678' title='bbox 3433 4195 3503 4262; x_wconf 81' lang='grc'>⁸⁷,</span> <span class='ocrx_word' id='word_1_679' title='bbox 3536 4194 3614 4248; x_wconf 91' lang='lat' dir='ltr'><strong>illi</strong></span> <span class='ocrx_word' id='word_1_680' title='bbox 3638 4194 3735 4263; x_wconf 87' lang='lat' dir='ltr'><strong>qui</strong></span> 
     </span>
    </p>
   </div>
   <div class='ocr_carea' id='block_1_87' title="bbox 2158 4287 3731 4363">
    <p class='ocr_par' dir='ltr' id='par_1_87' title="bbox 2158 4287 3731 4363">
     <span class='ocr_line' id='line_1_87' title="bbox 2158 4287 3731 4363; baseline -0.011 -8"><span class='ocrx_word' id='word_1_681' title='bbox 2158 4309 2286 4355; x_wconf 89' lang='lat' dir='ltr'><strong>sunt</strong></span> <span class='ocrx_word' id='word_1_682' title='bbox 2317 4299 2372 4354; x_wconf 93' lang='lat' dir='ltr'><strong>in</strong></span> <span class='ocrx_word' id='word_1_683' title='bbox 2405 4296 2676 4361; x_wconf 88' lang='lat' dir='ltr'><strong>tenebris,</strong></span> <span class='ocrx_word' id='word_1_684' title='bbox 2708 4309 2903 4363; x_wconf 84' lang='lat' dir='ltr'><strong>nempe</strong></span> <span class='ocrx_word' id='word_1_685' title='bbox 2952 4291 3236 4355; x_wconf 89' lang='lat' dir='ltr'><strong>homines,</strong></span> <span class='ocrx_word' id='word_1_686' title='bbox 3266 4289 3386 4344; x_wconf 90' lang='lat' dir='ltr'><strong>luce</strong></span> <span class='ocrx_word' id='word_1_687' title='bbox 3435 4287 3731 4356; x_wconf 79' lang='lat' dir='ltr'><strong>indigeant.</strong></span> 
     </span>
    </p>
   </div>
   <div class='ocr_carea' id='block_1_88' title="bbox 463 4380 2052 4473">
    <p class='ocr_par' dir='ltr' id='par_1_88' title="bbox 463 4392 2052 4473">
     <span class='ocr_line' id='line_1_88' title="bbox 463 4392 2052 4473; baseline 0.01 -30"><span class='ocrx_word' id='word_1_688' title='bbox 463 4407 559 4445; x_wconf 81' lang='grc' dir='ltr'><strong>ται</strong></span> <span class='ocrx_word' id='word_1_689' title='bbox 583 4392 781 4460; x_wconf 85' lang='grc' dir='ltr'>φωτὸς,</span> <span class='ocrx_word' id='word_1_690' title='bbox 810 4394 1094 4451; x_wconf 84' lang='grc' dir='ltr'>τουτέστιν</span> <span class='ocrx_word' id='word_1_691' title='bbox 1111 4397 1160 4449; x_wconf 73' lang='lat' dir='ltr'><strong>oi</strong></span> <span class='ocrx_word' id='word_1_692' title='bbox 1181 4398 1569 4470; x_wconf 73' lang='grc' dir='ltr'>ἀνθρωποι.Εί</span> <span class='ocrx_word' id='word_1_693' title='bbox 1585 4402 1693 4473; x_wconf 87' lang='grc' dir='ltr'>γὰρ</span> <span class='ocrx_word' id='word_1_694' title='bbox 1719 4402 1780 4456; x_wconf 69' lang='grc' dir='ltr'>τὸ</span> <span class='ocrx_word' id='word_1_695' title='bbox 1809 4404 1924 4472; x_wconf 82' lang='grc' dir='ltr'><strong>φῶς</strong></span> <span class='ocrx_word' id='word_1_696' title='bbox 1947 4404 2052 4460; x_wconf 86' lang='grc' dir='ltr'>τῶν</span> 
     </span>
    </p>
   </div>
   <div class='ocr_carea' id='block_1_89' title="bbox 2150 4380 3735 4473">
    <p class='ocr_par' dir='ltr' id='par_1_89' title="bbox 2160 4380 3735 4451">
     <span class='ocr_line' id='line_1_89' title="bbox 2160 4380 3735 4451; baseline -0.011 -3"><span class='ocrx_word' id='word_1_697' title='bbox 2160 4394 2296 4448; x_wconf 84' lang='lat' dir='ltr'><strong>Nam</strong></span> <span class='ocrx_word' id='word_1_698' title='bbox 2328 4393 2375 4447; x_wconf 91' lang='lat' dir='ltr'><strong>si</strong></span> <span class='ocrx_word' id='word_1_699' title='bbox 2409 4390 2501 4444; x_wconf 78' lang='lat' dir='ltr'><strong>lux</strong></span> <span class='ocrx_word' id='word_1_700' title='bbox 2531 4388 2812 4444; x_wconf 85' lang='lat' dir='ltr'><strong>hominum</strong></span> <span class='ocrx_word' id='word_1_701' title='bbox 2839 4387 2893 4441; x_wconf 89' lang='lat' dir='ltr'><strong>in</strong></span> <span class='ocrx_word' id='word_1_702' title='bbox 2920 4384 3159 4440; x_wconf 86' lang='lat' dir='ltr'><strong>tenebris</strong></span> <span class='ocrx_word' id='word_1_703' title='bbox 3184 4384 3349 4446; x_wconf 89' lang='lat' dir='ltr'><strong>lucet,</strong></span> <span class='ocrx_word' id='word_1_704' title='bbox 3379 4380 3488 4451; x_wconf 77' lang='grc'><strong>92</strong></span> <span class='ocrx_word' id='word_1_705' title='bbox 3518 4380 3735 4449; x_wconf 84' lang='lat' dir='ltr'><strong>quando</strong></span> 
     </span>
    </p>
   </div>
   <div class='ocr_carea' id='block_1_90' title="bbox 465 4471 2052 4570">
    <p class='ocr_par' dir='ltr' id='par_1_90' title="bbox 465 4471 2052 4570">
     <span class='ocr_line' id='line_1_90' title="bbox 465 4471 2052 4570; baseline 0.009 -33"><span class='ocrx_word' id='word_1_706' title='bbox 465 4482 771 4554; x_wconf 73' lang='grc' dir='ltr'>ἀνθρώπων</span> <span class='ocrx_word' id='word_1_707' title='bbox 803 4487 861 4539; x_wconf 92' lang='grc' dir='ltr'><strong>ἐν</strong></span> <span class='ocrx_word' id='word_1_708' title='bbox 891 4489 958 4558; x_wconf 80' lang='grc' dir='ltr'>τῇ</span> <span class='ocrx_word' id='word_1_709' title='bbox 992 4488 1183 4561; x_wconf 67' lang='grc' dir='ltr'>σκοτίᾳ.</span> <span class='ocrx_word' id='word_1_710' title='bbox 1212 4491 1420 4560; x_wconf 87' lang='grc' dir='ltr'>φαίνει,</span> <span class='ocrx_word' id='word_1_711' title='bbox 1466 4491 1593 4547; x_wconf 79' lang='grc' dir='ltr'>ἔνθα</span> <span class='ocrx_word' id='word_1_712' title='bbox 1622 4471 1873 4566; x_wconf 77' lang='grc' dir='ltr'>ούδαμῷς</span> <span class='ocrx_word' id='word_1_713' title='bbox 1900 4498 2052 4570; x_wconf 84' lang='grc' dir='ltr'>ἐνέρ-</span> 
     </span>
    </p>
   </div>
   <div class='ocr_carea' id='block_1_91' title="bbox 2150 4471 3736 4570">
    <p class='ocr_par' dir='ltr' id='par_1_91' title="bbox 2162 4471 3736 4547">
     <span class='ocr_line' id='line_1_91' title="bbox 2162 4471 3736 4547; baseline -0.01 -7"><span class='ocrx_word' id='word_1_714' title='bbox 2162 4484 2307 4540; x_wconf 87' lang='lat' dir='ltr'><strong>nulla</strong></span> <span class='ocrx_word' id='word_1_715' title='bbox 2331 4482 2554 4539; x_wconf 88' lang='lat' dir='ltr'><strong>omnino</strong></span> <span class='ocrx_word' id='word_1_716' title='bbox 2593 4480 2939 4536; x_wconf 89' lang='lat' dir='ltr'><strong>tenebrarum</strong></span> <span class='ocrx_word' id='word_1_717' title='bbox 2984 4474 3229 4547; x_wconf 88' lang='lat' dir='ltr'><strong>operatio</strong></span> <span class='ocrx_word' id='word_1_718' title='bbox 3261 4473 3386 4538; x_wconf 87' lang='lat' dir='ltr'><strong>erit,</strong></span> <span class='ocrx_word' id='word_1_719' title='bbox 3429 4483 3559 4527; x_wconf 89' lang='lat' dir='ltr'><strong>tunc</strong></span> <span class='ocrx_word' id='word_1_720' title='bbox 3598 4471 3736 4525; x_wconf 85' lang='lat' dir='ltr'><strong>alias</strong></span> 
     </span>
    </p>
   </div>
   <div class='ocr_carea' id='block_1_92' title="bbox 466 4563 2052 4663">
    <p class='ocr_par' dir='ltr' id='par_1_92' title="bbox 466 4563 2051 4663">
     <span class='ocr_line' id='line_1_92' title="bbox 466 4563 2051 4663; baseline 0.01 -35"><span class='ocrx_word' id='word_1_721' title='bbox 466 4592 593 4645; x_wconf 79' lang='grc' dir='ltr'>γεια</span> <span class='ocrx_word' id='word_1_722' title='bbox 614 4578 833 4642; x_wconf 84' lang='grc' dir='ltr'>σκοτίας</span> <span class='ocrx_word' id='word_1_723' title='bbox 854 4581 1114 4651; x_wconf 85' lang='grc' dir='ltr'>τυγχάνει</span> <span class='ocrx_word' id='word_1_724' title='bbox 1132 4621 1147 4646; x_wconf 92' lang='grc'><strong>,</strong></span> <span class='ocrx_word' id='word_1_725' title='bbox 1174 4584 1376 4656; x_wconf 86' lang='grc' dir='ltr'>ἐτέρων</span> <span class='ocrx_word' id='word_1_726' title='bbox 1408 4586 1660 4641; x_wconf 80' lang='grc' dir='ltr'>ἐπινοιῶν</span> <span class='ocrx_word' id='word_1_727' title='bbox 1687 4563 1781 4642; x_wconf 86' lang='grc' dir='ltr'><strong>τοῦ</strong></span> <span class='ocrx_word' id='word_1_728' title='bbox 1814 4563 2051 4663; x_wconf 84' lang='grc' dir='ltr'>Χριστοῦ</span> 
     </span>
    </p>
   </div>
   <div class='ocr_carea' id='block_1_93' title="bbox 2150 4563 3734 4663">
    <p class='ocr_par' dir='ltr' id='par_1_93' title="bbox 2162 4563 3734 4637">
     <span class='ocr_line' id='line_1_93' title="bbox 2162 4563 3734 4637; baseline -0.01 -7"><span class='ocrx_word' id='word_1_729' title='bbox 2162 4573 2365 4630; x_wconf 89' lang='lat' dir='ltr'><strong>Christi</strong></span> <span class='ocrx_word' id='word_1_730' title='bbox 2425 4570 2891 4627; x_wconf 85' lang='lat' dir='ltr'><strong>considerationes</strong></span> <span class='ocrx_word' id='word_1_731' title='bbox 2938 4566 3418 4637; x_wconf 83' lang='lat' dir='ltr'><strong>participabimus,</strong></span> <span class='ocrx_word' id='word_1_732' title='bbox 3470 4577 3593 4618; x_wconf 89' lang='lat' dir='ltr'><strong>cum</strong></span> <span class='ocrx_word' id='word_1_733' title='bbox 3627 4563 3734 4616; x_wconf 91' lang='lat' dir='ltr'><strong>mi-</strong></span> 
     </span>
    </p>
   </div>
   <div class='ocr_carea' id='block_1_94' title="bbox 467 4655 2052 4752">
    <p class='ocr_par' dir='ltr' id='par_1_94' title="bbox 467 4655 2050 4752">
     <span class='ocr_line' id='line_1_94' title="bbox 467 4655 2050 4752; baseline 0.008 -29"><span class='ocrx_word' id='word_1_734' title='bbox 467 4671 903 4743; x_wconf 80' lang='grc' dir='ltr'>κοινωνήσομεν,</span> <span class='ocrx_word' id='word_1_735' title='bbox 950 4672 1046 4728; x_wconf 89' lang='grc' dir='ltr'><strong>νῦν</strong></span> <span class='ocrx_word' id='word_1_736' title='bbox 1091 4655 1297 4747; x_wconf 87' lang='grc' dir='ltr'>κυρίως</span> <span class='ocrx_word' id='word_1_737' title='bbox 1338 4677 1432 4731; x_wconf 75' lang='grc' dir='ltr'>καὶ</span> <span class='ocrx_word' id='word_1_738' title='bbox 1472 4678 1614 4733; x_wconf 81' lang='grc' dir='ltr'>κατὰ</span> <span class='ocrx_word' id='word_1_739' title='bbox 1641 4680 1702 4733; x_wconf 85' lang='grc' dir='ltr'><strong>τὸ</strong></span> <span class='ocrx_word' id='word_1_740' title='bbox 1739 4655 1964 4752; x_wconf 74' lang='grc' dir='ltr'>ἀκριϐὲς</span> <span class='ocrx_word' id='word_1_741' title='bbox 1990 4683 2050 4735; x_wconf 88' lang='grc' dir='ltr'><strong>ού</strong></span> 
     </span>
    </p>
   </div>
   <div class='ocr_carea' id='block_1_95' title="bbox 2150 4655 3732 4752">
    <p class='ocr_par' dir='ltr' id='par_1_95' title="bbox 2162 4655 3732 4735">
     <span class='ocr_line' id='line_1_95' title="bbox 2162 4655 3732 4735; baseline -0.01 -13"><span class='ocrx_word' id='word_1_742' title='bbox 2162 4667 2307 4722; x_wconf 89' lang='lat' dir='ltr'><strong>nime</strong></span> <span class='ocrx_word' id='word_1_743' title='bbox 2353 4665 2502 4735; x_wconf 86' lang='lat' dir='ltr'><strong>ipsas</strong></span> <span class='ocrx_word' id='word_1_744' title='bbox 2543 4663 2764 4734; x_wconf 87' lang='lat' dir='ltr'><strong>proprie</strong></span> <span class='ocrx_word' id='word_1_745' title='bbox 2808 4676 2987 4725; x_wconf 90' lang='lat' dir='ltr'><strong>nunc,</strong></span> <span class='ocrx_word' id='word_1_746' title='bbox 3025 4668 3081 4714; x_wconf 90' lang='lat' dir='ltr'><strong>et</strong></span> <span class='ocrx_word' id='word_1_747' title='bbox 3127 4668 3281 4714; x_wconf 90' lang='lat' dir='ltr'><strong>certo</strong></span> <span class='ocrx_word' id='word_1_748' title='bbox 3324 4655 3732 4727; x_wconf 87' lang='lat' dir='ltr'><strong>participemus.</strong></span> 
     </span>
    </p>
   </div>
   <div class='ocr_carea' id='block_1_96' title="bbox 471 4750 2052 4843">
    <p class='ocr_par' dir='ltr' id='par_1_96' title="bbox 471 4750 2052 4843">
     <span class='ocr_line' id='line_1_96' title="bbox 471 4750 2052 4843; baseline 0.008 -29"><span class='ocrx_word' id='word_1_749' title='bbox 471 4763 1020 4833; x_wconf 66' lang='grc' dir='ltr'>μετέχοπεςμύτῶν.</span> <span class='ocrx_word' id='word_1_750' title='bbox 1052 4767 1177 4832; x_wconf 84' lang='grc' dir='ltr'><strong>Πῶς</strong></span> <span class='ocrx_word' id='word_1_751' title='bbox 1212 4768 1321 4841; x_wconf 82' lang='grc' dir='ltr'>γὰρ</span> <span class='ocrx_word' id='word_1_752' title='bbox 1353 4770 1652 4843; x_wconf 87' lang='grc' dir='ltr'>μετέχομεν</span> <span class='ocrx_word' id='word_1_753' title='bbox 1693 4750 1857 4843; x_wconf 77' lang='grc' dir='ltr'>ζωῆς,</span> <span class='ocrx_word' id='word_1_754' title='bbox 1889 4775 1938 4826; x_wconf 87' lang='grc' dir='ltr'><strong>οί</strong></span> <span class='ocrx_word' id='word_1_755' title='bbox 1972 4773 2052 4827; x_wconf 81' lang='grc' dir='ltr'><strong>ἔτι</strong></span> 
     </span>
    </p>
   </div>
   <div class='ocr_carea' id='block_1_97' title="bbox 2150 4750 3737 4843">
    <p class='ocr_par' dir='ltr' id='par_1_97' title="bbox 2161 4750 3737 4829">
     <span class='ocr_line' id='line_1_97' title="bbox 2161 4750 3737 4829; baseline -0.006 -16"><span class='ocrx_word' id='word_1_756' title='bbox 2161 4760 2297 4814; x_wconf 86' lang='lat' dir='ltr'><strong>Nam</strong></span> <span class='ocrx_word' id='word_1_757' title='bbox 2337 4758 2610 4829; x_wconf 91' lang='lat' dir='ltr'><strong>quomodo</strong></span> <span class='ocrx_word' id='word_1_758' title='bbox 2656 4758 2777 4810; x_wconf 86' lang='lat' dir='ltr'><strong>vitae</strong></span> <span class='ocrx_word' id='word_1_759' title='bbox 2814 4755 3108 4825; x_wconf 87' lang='lat' dir='ltr'><strong>participes</strong></span> <span class='ocrx_word' id='word_1_760' title='bbox 3156 4766 3364 4817; x_wconf 87' lang='lat' dir='ltr'><strong>sumus,</strong></span> <span class='ocrx_word' id='word_1_761' title='bbox 3416 4750 3512 4820; x_wconf 90' lang='lat' dir='ltr'><strong>qui</strong></span> <span class='ocrx_word' id='word_1_762' title='bbox 3558 4750 3737 4805; x_wconf 80' lang='lat' dir='ltr'><strong>adhuc</strong></span> 
     </span>
    </p>
   </div>
   <div class='ocr_carea' id='block_1_98' title="bbox 466 4842 2052 4935">
    <p class='ocr_par' dir='ltr' id='par_1_98' title="bbox 466 4842 2051 4935">
     <span class='ocr_line' id='line_1_98' title="bbox 466 4842 2051 4935; baseline 0.008 -29"><span class='ocrx_word' id='word_1_763' title='bbox 466 4853 532 4906; x_wconf 80' lang='grc' dir='ltr'>τὸ</span> <span class='ocrx_word' id='word_1_764' title='bbox 563 4854 722 4926; x_wconf 84' lang='grc' dir='ltr'>σῶμα</span> <span class='ocrx_word' id='word_1_765' title='bbox 742 4855 838 4910; x_wconf 89' lang='grc' dir='ltr'><strong>τοῦ</strong></span> <span class='ocrx_word' id='word_1_766' title='bbox 866 4856 1094 4912; x_wconf 89' lang='grc' dir='ltr'>θανάτου</span> <span class='ocrx_word' id='word_1_767' title='bbox 1123 4863 1496 4932; x_wconf 86' lang='grc' dir='ltr'>περικείμενοι</span> <span class='ocrx_word' id='word_1_768' title='bbox 1534 4842 1565 4927; x_wconf 15' lang='lat'><strong>;7</strong></span> <span class='ocrx_word' id='word_1_769' title='bbox 1584 4882 1602 4914; x_wconf 76' lang='grc' dir='ltr'><strong>ι</strong></span> <span class='ocrx_word' id='word_1_770' title='bbox 1624 4857 1723 4915; x_wconf 80' lang='grc' dir='ltr'>Ὧν</span> <span class='ocrx_word' id='word_1_771' title='bbox 1748 4842 1801 4934; x_wconf 82' lang='grc' dir='ltr'><strong>ή</strong></span> <span class='ocrx_word' id='word_1_772' title='bbox 1818 4862 1931 4935; x_wconf 81' lang='grc' dir='ltr'><strong>ζωὴ</strong></span> <span class='ocrx_word' id='word_1_773' title='bbox 1958 4865 2051 4918; x_wconf 90' lang='grc' dir='ltr'>κέ-</span> 
     </span>
    </p>
   </div>
   <div class='ocr_carea' id='block_1_99' title="bbox 2150 4842 3735 4935">
    <p class='ocr_par' dir='ltr' id='par_1_99' title="bbox 2162 4842 3735 4921">
     <span class='ocr_line' id='line_1_99' title="bbox 2162 4842 3735 4921; baseline -0.008 -13"><span class='ocrx_word' id='word_1_774' title='bbox 2162 4865 2391 4921; x_wconf 85' lang='lat' dir='ltr'><strong>corpore</strong></span> <span class='ocrx_word' id='word_1_775' title='bbox 2421 4850 2526 4905; x_wconf 84' lang='lat' dir='ltr'><strong>hoc</strong></span> <span class='ocrx_word' id='word_1_776' title='bbox 2553 4846 2775 4903; x_wconf 82' lang='lat' dir='ltr'><strong>mortali</strong></span> <span class='ocrx_word' id='word_1_777' title='bbox 2817 4845 3266 4902; x_wconf 74' lang='lat' dir='ltr'><strong>circumdamur?</strong></span> <span class='ocrx_word' id='word_1_778' title='bbox 3301 4860 3319 4894; x_wconf 84' lang='grc' dir='ltr'><strong>ι</strong></span> <span class='ocrx_word' id='word_1_779' title='bbox 3350 4842 3592 4909; x_wconf 86' lang='lat' dir='ltr'><strong>Quorum</strong></span> <span class='ocrx_word' id='word_1_780' title='bbox 3627 4844 3735 4896; x_wconf 87' lang='lat' dir='ltr'><strong>vita</strong></span> 
     </span>
    </p>
   </div>
   <div class='ocr_carea' id='block_1_100' title="bbox 468 4948 2050 5029">
    <p class='ocr_par' dir='ltr' id='par_1_100' title="bbox 468 4948 2050 5029">
     <span class='ocr_line' id='line_1_100' title="bbox 468 4948 2050 5029; baseline 0.007 -30"><span class='ocrx_word' id='word_1_781' title='bbox 468 4962 711 5018; x_wconf 85' lang='grc' dir='ltr'>κρυπται</span> <span class='ocrx_word' id='word_1_782' title='bbox 756 4949 855 5003; x_wconf 84' lang='grc' dir='ltr'><strong>σὺν</strong></span> <span class='ocrx_word' id='word_1_783' title='bbox 904 4948 986 5020; x_wconf 85' lang='grc' dir='ltr'><strong>τῷ</strong></span> <span class='ocrx_word' id='word_1_784' title='bbox 1019 4950 1242 5023; x_wconf 83' lang='grc' dir='ltr'>Χριστῷ</span> <span class='ocrx_word' id='word_1_785' title='bbox 1291 4954 1349 5006; x_wconf 86' lang='grc' dir='ltr'><strong>ἐν</strong></span> <span class='ocrx_word' id='word_1_786' title='bbox 1387 4953 1465 5025; x_wconf 87' lang='grc' dir='ltr'><strong>τῷ</strong></span> <span class='ocrx_word' id='word_1_787' title='bbox 1490 4953 1650 5025; x_wconf 78' lang='grc' dir='ltr'>Θεῷς</span> <span class='ocrx_word' id='word_1_788' title='bbox 1691 4957 1857 5009; x_wconf 89' lang='grc' dir='ltr'>Ὅταν</span> <span class='ocrx_word' id='word_1_789' title='bbox 1888 4956 1997 5029; x_wconf 85' lang='grc' dir='ltr'>γὰρ</span> <span class='ocrx_word' id='word_1_790' title='bbox 2023 4957 2050 5009; x_wconf 89' lang='lat'><strong>6</strong></span> 
     </span>
    </p>
   </div>
   <div class='ocr_carea' id='block_1_101' title="bbox 467 5036 2050 5117">
    <p class='ocr_par' dir='ltr' id='par_1_101' title="bbox 467 5036 2050 5117">
     <span class='ocr_line' id='line_1_101' title="bbox 467 5036 2050 5117; baseline 0.007 -26"><span class='ocrx_word' id='word_1_791' title='bbox 467 5036 704 5109; x_wconf 71' lang='grc' dir='ltr'>Χριστὸς</span> <span class='ocrx_word' id='word_1_792' title='bbox 734 5040 1046 5113; x_wconf 81' lang='grc' dir='ltr'>φανερωθῇ,</span> <span class='ocrx_word' id='word_1_793' title='bbox 1072 5044 1113 5114; x_wconf 75' lang='grc' dir='ltr'><strong>ἡ</strong></span> <span class='ocrx_word' id='word_1_794' title='bbox 1139 5041 1253 5113; x_wconf 79' lang='grc' dir='ltr'><strong>ζωὴ</strong></span> <span class='ocrx_word' id='word_1_795' title='bbox 1278 5044 1456 5116; x_wconf 84' lang='grc' dir='ltr'>ἡμῶν,</span> <span class='ocrx_word' id='word_1_796' title='bbox 1489 5046 1610 5100; x_wconf 87' lang='grc' dir='ltr'>τότε</span> <span class='ocrx_word' id='word_1_797' title='bbox 1638 5046 1734 5101; x_wconf 66' lang='grc' dir='ltr'>καὶι</span> <span class='ocrx_word' id='word_1_798' title='bbox 1760 5049 1924 5117; x_wconf 78' lang='grc' dir='ltr'>ἡμεῖς</span> <span class='ocrx_word' id='word_1_799' title='bbox 1953 5048 2050 5102; x_wconf 85' lang='grc' dir='ltr'><strong>σὺν</strong></span> 
     </span>
    </p>
   </div>
   <div class='ocr_carea' id='block_1_102' title="bbox 469 5133 2051 5213">
    <p class='ocr_par' dir='ltr' id='par_1_102' title="bbox 469 5133 2051 5213">
     <span class='ocr_line' id='line_1_102' title="bbox 469 5133 2051 5213; baseline 0.005 -25"><span class='ocrx_word' id='word_1_800' title='bbox 469 5133 623 5206; x_wconf 85' lang='grc' dir='ltr'>αὐτῷ</span> <span class='ocrx_word' id='word_1_801' title='bbox 644 5137 1145 5209; x_wconf 84' lang='grc' dir='ltr'>φανερωθησόμεθα</span> <span class='ocrx_word' id='word_1_802' title='bbox 1170 5140 1229 5192; x_wconf 93' lang='grc' dir='ltr'><strong>ἐν</strong></span> <span class='ocrx_word' id='word_1_803' title='bbox 1259 5139 1406 5213; x_wconf 79' lang='grc' dir='ltr'>δόξῃ.</span> <span class='ocrx_word' id='word_1_804' title='bbox 1445 5160 1465 5193; x_wconf 69' lang='grc' dir='ltr'><strong>ι</strong></span> <span class='ocrx_word' id='word_1_805' title='bbox 1497 5142 1611 5212; x_wconf 85' lang='grc' dir='ltr'>Οὐχ</span> <span class='ocrx_word' id='word_1_806' title='bbox 1640 5137 1753 5195; x_wconf 77' lang='grc' dir='ltr'>οἶόν</span> <span class='ocrx_word' id='word_1_807' title='bbox 1773 5158 1834 5194; x_wconf 92' lang='grc' dir='ltr'><strong>τε</strong></span> <span class='ocrx_word' id='word_1_808' title='bbox 1866 5136 1959 5195; x_wconf 86' lang='grc' dir='ltr'><strong>οῦν</strong></span> <span class='ocrx_word' id='word_1_809' title='bbox 1983 5136 2051 5213; x_wconf 83' lang='grc' dir='ltr'>ἦν</span> 
     </span>
    </p>
   </div>
   <div class='ocr_carea' id='block_1_103' title="bbox 468 5225 2057 5305">
    <p class='ocr_par' dir='ltr' id='par_1_103' title="bbox 468 5225 2057 5305">
     <span class='ocr_line' id='line_1_103' title="bbox 468 5225 2057 5305; baseline 0.004 -23"><span class='ocrx_word' id='word_1_810' title='bbox 468 5226 564 5282; x_wconf 72' lang='grc' dir='ltr'>τὸν</span> <span class='ocrx_word' id='word_1_811' title='bbox 594 5225 819 5284; x_wconf 80' lang='grc' dir='ltr'>ἐλθόντα</span> <span class='ocrx_word' id='word_1_812' title='bbox 851 5232 1202 5304; x_wconf 82' lang='grc' dir='ltr'>μαρτυρῆσαι</span> <span class='ocrx_word' id='word_1_813' title='bbox 1247 5235 1377 5305; x_wconf 77' lang='grc' dir='ltr'>περὶ</span> <span class='ocrx_word' id='word_1_814' title='bbox 1420 5234 1519 5305; x_wconf 83' lang='grc' dir='ltr'>τῆς</span> <span class='ocrx_word' id='word_1_815' title='bbox 1558 5234 1705 5305; x_wconf 76' lang='grc' dir='ltr'>ζωῆς</span> <span class='ocrx_word' id='word_1_816' title='bbox 1731 5234 1834 5305; x_wconf 81' lang='grc' dir='ltr'>τῆς</span> <span class='ocrx_word' id='word_1_817' title='bbox 1877 5234 1959 5288; x_wconf 82' lang='grc' dir='ltr'><strong>ἐτι</strong></span> <span class='ocrx_word' id='word_1_818' title='bbox 1989 5234 2057 5289; x_wconf 83' lang='grc' dir='ltr'>ἂν</span> 
     </span>
    </p>
   </div>
   <div class='ocr_carea' id='block_1_104' title="bbox 471 5320 2058 5398">
    <p class='ocr_par' dir='ltr' id='par_1_104' title="bbox 471 5320 2058 5398">
     <span class='ocr_line' id='line_1_104' title="bbox 471 5320 2058 5398; baseline 0.005 -26"><span class='ocrx_word' id='word_1_819' title='bbox 471 5320 858 5393; x_wconf 85' lang='grc' dir='ltr'>κρυπτομένης</span> <span class='ocrx_word' id='word_1_820' title='bbox 892 5322 991 5377; x_wconf 83' lang='grc' dir='ltr'><strong>σὺν</strong></span> <span class='ocrx_word' id='word_1_821' title='bbox 1014 5322 1094 5394; x_wconf 86' lang='grc' dir='ltr'><strong>τῷ</strong></span> <span class='ocrx_word' id='word_1_822' title='bbox 1124 5323 1347 5397; x_wconf 83' lang='grc' dir='ltr'>Χριστῷ</span> <span class='ocrx_word' id='word_1_823' title='bbox 1383 5327 1440 5379; x_wconf 92' lang='grc' dir='ltr'><strong>ἐν</strong></span> <span class='ocrx_word' id='word_1_824' title='bbox 1467 5326 1545 5398; x_wconf 85' lang='grc' dir='ltr'><strong>τῷ</strong></span> <span class='ocrx_word' id='word_1_825' title='bbox 1579 5326 1720 5398; x_wconf 88' lang='grc' dir='ltr'>Θεῷ.</span> <span class='ocrx_word' id='word_1_826' title='bbox 1762 5327 1901 5381; x_wconf 87' lang='grc' dir='ltr'>Ἀλλ’</span> <span class='ocrx_word' id='word_1_827' title='bbox 1936 5327 2058 5382; x_wconf 85' lang='grc' dir='ltr'><strong>ούδέ</strong></span> 
     </span>
    </p>
   </div>
   <div class='ocr_carea' id='block_1_105' title="bbox 469 5406 2056 5491">
    <p class='ocr_par' dir='ltr' id='par_1_105' title="bbox 469 5406 2056 5491">
     <span class='ocr_line' id='line_1_105' title="bbox 469 5406 2056 5491; baseline 0.006 -29"><span class='ocrx_word' id='word_1_828' title='bbox 469 5406 636 5482; x_wconf 74' lang='grc' dir='ltr'>ἦλθεν</span> <span class='ocrx_word' id='word_1_829' title='bbox 660 5413 742 5476; x_wconf 84' lang='grc' dir='ltr'><strong>είς</strong></span> <span class='ocrx_word' id='word_1_830' title='bbox 766 5414 1093 5486; x_wconf 85' lang='grc' dir='ltr'>μαρτυρίαν,</span> <span class='ocrx_word' id='word_1_831' title='bbox 1113 5416 1199 5469; x_wconf 82' lang='grc' dir='ltr'><strong>ἵνα</strong></span> <span class='ocrx_word' id='word_1_832' title='bbox 1232 5418 1559 5491; x_wconf 79' lang='grc' dir='ltr'>μαρτυρήσῃ</span> <span class='ocrx_word' id='word_1_833' title='bbox 1586 5418 1716 5489; x_wconf 76' lang='grc' dir='ltr'>περὶ</span> <span class='ocrx_word' id='word_1_834' title='bbox 1738 5416 1834 5471; x_wconf 92' lang='grc' dir='ltr'><strong>τοῦ</strong></span> <span class='ocrx_word' id='word_1_835' title='bbox 1858 5418 2056 5487; x_wconf 91' lang='grc' dir='ltr'>Λόγου,</span> 
     </span>
    </p>
   </div>
   <div class='ocr_carea' id='block_1_106' title="bbox 471 5503 2061 5581">
    <p class='ocr_par' dir='ltr' id='par_1_106' title="bbox 471 5503 2061 5581">
     <span class='ocr_line' id='line_1_106' title="bbox 471 5503 2061 5581; baseline 0.002 -22"><span class='ocrx_word' id='word_1_836' title='bbox 471 5503 646 5574; x_wconf 83' lang='grc' dir='ltr'>Λόγον</span> <span class='ocrx_word' id='word_1_837' title='bbox 668 5506 831 5578; x_wconf 82' lang='grc' dir='ltr'>ήμῶν</span> <span class='ocrx_word' id='word_1_838' title='bbox 852 5505 1115 5563; x_wconf 88' lang='grc' dir='ltr'>νοούντων</span> <span class='ocrx_word' id='word_1_839' title='bbox 1142 5507 1232 5562; x_wconf 84' lang='grc' dir='ltr'><strong>τὸν</strong></span> <span class='ocrx_word' id='word_1_840' title='bbox 1255 5509 1315 5562; x_wconf 83' lang='grc' dir='ltr'><strong>ἐν</strong></span> <span class='ocrx_word' id='word_1_841' title='bbox 1336 5509 1478 5581; x_wconf 80' lang='grc' dir='ltr'>ἀρχῇ</span> <span class='ocrx_word' id='word_1_842' title='bbox 1500 5509 1639 5581; x_wconf 84' lang='grc' dir='ltr'>πρὸς</span> <span class='ocrx_word' id='word_1_843' title='bbox 1660 5509 1752 5562; x_wconf 87' lang='grc' dir='ltr'><strong>τὸν</strong></span> <span class='ocrx_word' id='word_1_844' title='bbox 1782 5510 1936 5576; x_wconf 86' lang='grc' dir='ltr'>Θεὸν,</span> <span class='ocrx_word' id='word_1_845' title='bbox 1966 5510 2061 5564; x_wconf 76' lang='grc' dir='ltr'>καὶ</span> 
     </span>
    </p>
   </div>
   <div class='ocr_carea' id='block_1_107' title="bbox 2159 4935 3738 4999">
    <p class='ocr_par' dir='ltr' id='par_1_107' title="bbox 2159 4935 3738 4999">
     <span class='ocr_line' id='line_1_107' title="bbox 2159 4935 3738 4999; baseline -0.006 0"><span class='ocrx_word' id='word_1_846' title='bbox 2159 4942 2476 4999; x_wconf 84' lang='lat' dir='ltr'><strong>abscondita</strong></span> <span class='ocrx_word' id='word_1_847' title='bbox 2505 4950 2589 4998; x_wconf 91' lang='lat' dir='ltr'><strong>est</strong></span> <span class='ocrx_word' id='word_1_848' title='bbox 2613 4955 2718 4995; x_wconf 89' lang='lat' dir='ltr'><strong>una</strong></span> <span class='ocrx_word' id='word_1_849' title='bbox 2743 4955 2865 4994; x_wconf 90' lang='lat' dir='ltr'><strong>eum</strong></span> <span class='ocrx_word' id='word_1_850' title='bbox 2898 4938 3116 4994; x_wconf 89' lang='lat' dir='ltr'><strong>Christo</strong></span> <span class='ocrx_word' id='word_1_851' title='bbox 3142 4939 3193 4991; x_wconf 88' lang='lat' dir='ltr'><strong>in</strong></span> <span class='ocrx_word' id='word_1_852' title='bbox 3244 4936 3355 4991; x_wconf 87' lang='lat' dir='ltr'><strong>Deo</strong></span> <span class='ocrx_word' id='word_1_853' title='bbox 3382 4937 3406 4990; x_wconf 68' lang='grc' dir='ltr'><strong><em>ἵ</em></strong></span> <span class='ocrx_word' id='word_1_854' title='bbox 3429 4935 3563 4991; x_wconf 90' lang='lat' dir='ltr'><strong>Cum</strong></span> <span class='ocrx_word' id='word_1_855' title='bbox 3591 4936 3738 4990; x_wconf 90' lang='lat' dir='ltr'><strong>enim</strong></span> 
     </span>
    </p>
   </div>
   <div class='ocr_carea' id='block_1_108' title="bbox 2161 5032 3735 5104">
    <p class='ocr_par' dir='ltr' id='par_1_108' title="bbox 2161 5032 3735 5104">
     <span class='ocr_line' id='line_1_108' title="bbox 2161 5032 3735 5104; baseline -0.006 -14"><span class='ocrx_word' id='word_1_856' title='bbox 2161 5034 2413 5091; x_wconf 88' lang='lat' dir='ltr'><strong>Christus</strong></span> <span class='ocrx_word' id='word_1_857' title='bbox 2468 5034 2781 5104; x_wconf 87' lang='lat' dir='ltr'><strong>apparuerit</strong></span> <span class='ocrx_word' id='word_1_858' title='bbox 2828 5032 2936 5085; x_wconf 88' lang='lat' dir='ltr'><strong>vita</strong></span> <span class='ocrx_word' id='word_1_859' title='bbox 2990 5038 3198 5094; x_wconf 87' lang='lat' dir='ltr'><strong>nostra,</strong></span> <span class='ocrx_word' id='word_1_860' title='bbox 3230 5041 3355 5083; x_wconf 90' lang='lat' dir='ltr'><strong>tunc</strong></span> <span class='ocrx_word' id='word_1_861' title='bbox 3380 5038 3437 5083; x_wconf 92' lang='lat' dir='ltr'><strong>et</strong></span> <span class='ocrx_word' id='word_1_862' title='bbox 3478 5041 3575 5081; x_wconf 85' lang='lat' dir='ltr'><strong>nos</strong></span> <span class='ocrx_word' id='word_1_863' title='bbox 3603 5041 3735 5080; x_wconf 73' lang='lat' dir='ltr'><strong>cum</strong></span> 
     </span>
    </p>
   </div>
   <div class='ocr_carea' id='block_1_109' title="bbox 2160 5117 3738 5197">
    <p class='ocr_par' dir='ltr' id='par_1_109' title="bbox 2160 5117 3738 5197">
     <span class='ocr_line' id='line_1_109' title="bbox 2160 5117 3738 5197; baseline -0.004 -16"><span class='ocrx_word' id='word_1_864' title='bbox 2160 5126 2279 5197; x_wconf 87' lang='lat' dir='ltr'><strong>ipso</strong></span> <span class='ocrx_word' id='word_1_865' title='bbox 2323 5124 2708 5196; x_wconf 78' lang='lat' dir='ltr'><strong>apparebimus</strong></span> <span class='ocrx_word' id='word_1_866' title='bbox 2732 5125 2786 5178; x_wconf 92' lang='lat' dir='ltr'><strong>in</strong></span> <span class='ocrx_word' id='word_1_867' title='bbox 2815 5123 2985 5195; x_wconf 76' lang='lat' dir='ltr'><strong>gloria</strong></span> <span class='ocrx_word' id='word_1_868' title='bbox 3021 5122 3089 5176; x_wconf 79' lang='grc'>⁸⁸.</span> <span class='ocrx_word' id='word_1_869' title='bbox 3128 5141 3149 5175; x_wconf 70' lang='grc' dir='ltr'><strong>ι</strong></span> <span class='ocrx_word' id='word_1_870' title='bbox 3188 5119 3361 5175; x_wconf 83' lang='lat' dir='ltr'><strong>Homo</strong></span> <span class='ocrx_word' id='word_1_871' title='bbox 3390 5134 3520 5189; x_wconf 80' lang='lat' dir='ltr'><strong>ergo</strong></span> <span class='ocrx_word' id='word_1_872' title='bbox 3559 5117 3738 5174; x_wconf 87' lang='lat' dir='ltr'><strong>nullus</strong></span> 
     </span>
    </p>
   </div>
   <div class='ocr_carea' id='block_1_110' title="bbox 2158 5213 3737 5289">
    <p class='ocr_par' dir='ltr' id='par_1_110' title="bbox 2158 5213 3737 5289">
     <span class='ocr_line' id='line_1_110' title="bbox 2158 5213 3737 5289; baseline -0.007 -14"><span class='ocrx_word' id='word_1_873' title='bbox 2158 5220 2253 5289; x_wconf 90' lang='lat' dir='ltr'><strong>qui</strong></span> <span class='ocrx_word' id='word_1_874' title='bbox 2302 5219 2565 5284; x_wconf 87' lang='lat' dir='ltr'><strong>venisset,</strong></span> <span class='ocrx_word' id='word_1_875' title='bbox 2602 5217 2881 5274; x_wconf 85' lang='lat' dir='ltr'><strong>testiﬁcari</strong></span> <span class='ocrx_word' id='word_1_876' title='bbox 2932 5224 3146 5286; x_wconf 88' lang='lat' dir='ltr'><strong>poterat</strong></span> <span class='ocrx_word' id='word_1_877' title='bbox 3176 5217 3244 5270; x_wconf 88' lang='lat' dir='ltr'><strong>de</strong></span> <span class='ocrx_word' id='word_1_878' title='bbox 3281 5214 3390 5268; x_wconf 86' lang='lat' dir='ltr'><strong>vita</strong></span> <span class='ocrx_word' id='word_1_879' title='bbox 3436 5213 3737 5269; x_wconf 89' lang='lat' dir='ltr'><strong>etiamnum</strong></span> 
     </span>
    </p>
   </div>
   <div class='ocr_carea' id='block_1_111' title="bbox 2158 5302 3738 5374">
    <p class='ocr_par' dir='ltr' id='par_1_111' title="bbox 2158 5302 3738 5374">
     <span class='ocr_line' id='line_1_111' title="bbox 2158 5302 3738 5374; baseline -0.007 -6"><span class='ocrx_word' id='word_1_880' title='bbox 2158 5322 2281 5368; x_wconf 90' lang='lat' dir='ltr'><strong>cum</strong></span> <span class='ocrx_word' id='word_1_881' title='bbox 2307 5311 2526 5367; x_wconf 87' lang='lat' dir='ltr'><strong>Christo</strong></span> <span class='ocrx_word' id='word_1_882' title='bbox 2549 5311 2869 5367; x_wconf 85' lang='lat' dir='ltr'><strong>abscondita</strong></span> <span class='ocrx_word' id='word_1_883' title='bbox 2895 5308 2949 5364; x_wconf 91' lang='lat' dir='ltr'><strong>in</strong></span> <span class='ocrx_word' id='word_1_884' title='bbox 2983 5308 3112 5364; x_wconf 88' lang='lat' dir='ltr'><strong>Deo.</strong></span> <span class='ocrx_word' id='word_1_885' title='bbox 3153 5307 3260 5362; x_wconf 91' lang='lat' dir='ltr'><strong>Sed</strong></span> <span class='ocrx_word' id='word_1_886' title='bbox 3285 5319 3459 5374; x_wconf 92' lang='lat' dir='ltr'><strong>neque</strong></span> <span class='ocrx_word' id='word_1_887' title='bbox 3490 5303 3637 5358; x_wconf 89' lang='lat' dir='ltr'><strong>venit</strong></span> <span class='ocrx_word' id='word_1_888' title='bbox 3668 5302 3738 5357; x_wconf 85' lang='lat' dir='ltr'><strong>ad</strong></span> 
     </span>
    </p>
   </div>
   <div class='ocr_carea' id='block_1_112' title="bbox 2162 5395 3738 5470">
    <p class='ocr_par' dir='ltr' id='par_1_112' title="bbox 2162 5395 3738 5470">
     <span class='ocr_line' id='line_1_112' title="bbox 2162 5395 3738 5470; baseline -0.008 -10"><span class='ocrx_word' id='word_1_889' title='bbox 2162 5404 2586 5470; x_wconf 72' lang='lat' dir='ltr'><strong>testiﬁcandum,</strong></span> <span class='ocrx_word' id='word_1_890' title='bbox 2617 5413 2675 5458; x_wconf 91' lang='lat' dir='ltr'><strong>ut</strong></span> <span class='ocrx_word' id='word_1_891' title='bbox 2727 5400 3113 5457; x_wconf 88' lang='lat' dir='ltr'><strong>testiﬁcaretur</strong></span> <span class='ocrx_word' id='word_1_892' title='bbox 3171 5399 3240 5453; x_wconf 90' lang='lat' dir='ltr'><strong>de</strong></span> <span class='ocrx_word' id='word_1_893' title='bbox 3279 5397 3584 5452; x_wconf 87' lang='lat' dir='ltr'><strong>Sermone:</strong></span> <span class='ocrx_word' id='word_1_894' title='bbox 3616 5395 3738 5449; x_wconf 45' lang='lat' dir='ltr'><strong>Ser,</strong></span> 
     </span>
    </p>
   </div>
   <div class='ocr_carea' id='block_1_113' title="bbox 2163 5489 3737 5561">
    <p class='ocr_par' dir='ltr' id='par_1_113' title="bbox 2163 5489 3737 5561">
     <span class='ocr_line' id='line_1_113' title="bbox 2163 5489 3737 5561; baseline -0.008 -6"><span class='ocrx_word' id='word_1_895' title='bbox 2163 5515 2380 5556; x_wconf 88' lang='lat' dir='ltr'><strong>moucm</strong></span> <span class='ocrx_word' id='word_1_896' title='bbox 2431 5496 2906 5555; x_wconf 85' lang='lat' dir='ltr'><strong>considerantibus</strong></span> <span class='ocrx_word' id='word_1_897' title='bbox 2959 5492 3114 5547; x_wconf 87' lang='lat' dir='ltr'><strong>nobis</strong></span> <span class='ocrx_word' id='word_1_898' title='bbox 3167 5494 3221 5546; x_wconf 88' lang='lat' dir='ltr'><strong>in</strong></span> <span class='ocrx_word' id='word_1_899' title='bbox 3269 5489 3533 5561; x_wconf 89' lang='lat' dir='ltr'><strong>principio</strong></span> <span class='ocrx_word' id='word_1_900' title='bbox 3592 5489 3737 5558; x_wconf 86' lang='lat' dir='ltr'><strong>apud</strong></span> 
     </span>
    </p>
   </div>
   <div class='ocr_carea' id='block_1_114' title="bbox 545 5605 3739 5687">
    <p class='ocr_par' dir='ltr' id='par_1_114' title="bbox 545 5605 3739 5687">
     <span class='ocr_line' id='line_1_114' title="bbox 545 5605 3739 5687; baseline -0.004 -13"><span class='ocrx_word' id='word_1_901' title='bbox 545 5615 906 5685; x_wconf 64' lang='lat' dir='ltr'><strong>“Joan.l,7.</strong></span> <span class='ocrx_word' id='word_1_902' title='bbox 983 5615 1351 5686; x_wconf 76' lang='lat' dir='ltr'><strong>&quot;Luc.t,l7.</strong></span> <span class='ocrx_word' id='word_1_903' title='bbox 1427 5618 1986 5687; x_wconf 67' lang='lat' dir='ltr'><strong>“Mattli.xt,l«t,l5.</strong></span> <span class='ocrx_word' id='word_1_904' title='bbox 2064 5620 2445 5687; x_wconf 81' lang='lat' dir='ltr'><strong>&quot;Joan.t,6.</strong></span> <span class='ocrx_word' id='word_1_905' title='bbox 2520 5608 3286 5682; x_wconf 70' lang='lat' dir='ltr'><strong>&quot;lsa.tx,2;Matth.|v,16.</strong></span> <span class='ocrx_word' id='word_1_906' title='bbox 3365 5605 3739 5674; x_wconf 75' lang='lat' dir='ltr'><strong>&quot;Joan.t,5.</strong></span> 
     </span>
    </p>
   </div>
   <div class='ocr_carea' id='block_1_115' title="bbox 477 5688 1037 5755">
    <p class='ocr_par' dir='ltr' id='par_1_115' title="bbox 477 5688 1037 5755">
     <span class='ocr_line' id='line_1_115' title="bbox 477 5688 1037 5755; baseline -0.004 -9"><span class='ocrx_word' id='word_1_907' title='bbox 477 5688 728 5746; x_wconf 58' lang='lat' dir='ltr'><strong>“Culus.</strong></span> <span class='ocrx_word' id='word_1_908' title='bbox 765 5705 826 5745; x_wconf 85' lang='lat' dir='ltr'><strong>tu</strong></span> <span class='ocrx_word' id='word_1_909' title='bbox 846 5727 865 5754; x_wconf 83' lang='lat'><strong>,</strong></span> <span class='ocrx_word' id='word_1_910' title='bbox 891 5689 949 5755; x_wconf 83' lang='grc'>5,</span> <span class='ocrx_word' id='word_1_911' title='bbox 978 5688 1037 5744; x_wconf 69' lang='grc' dir='ltr'><strong>ι.</strong></span> 
     </span>
    </p>
   </div>
   <div class='ocr_carea' id='block_1_116' title="bbox 553 5742 2272 5854">
    <p class='ocr_par' dir='ltr' id='par_1_116' title="bbox 553 5742 2272 5854">
     <span class='ocr_line' id='line_1_116' title="bbox 553 5742 2272 5854; baseline -0.002 -18"><span class='ocrx_word' id='word_1_912' title='bbox 553 5742 1184 5854; x_wconf 38' lang='lat' dir='ltr'><strong>(dissentiam...</strong></span> <span class='ocrx_word' id='word_1_913' title='bbox 1207 5775 1260 5829; x_wconf 79' lang='lat' dir='ltr'><strong>st</strong></span> <span class='ocrx_word' id='word_1_914' title='bbox 1280 5773 1389 5846; x_wconf 79' lang='grc' dir='ltr'>μὴ,</span> <span class='ocrx_word' id='word_1_915' title='bbox 1427 5774 1556 5831; x_wconf 80' lang='grc' dir='ltr'>ἐπεὶ</span> <span class='ocrx_word' id='word_1_916' title='bbox 1591 5777 1623 5832; x_wconf 85' lang='grc' dir='ltr'><strong>ό</strong></span> <span class='ocrx_word' id='word_1_917' title='bbox 1647 5777 1815 5846; x_wconf 76' lang='grc' dir='ltr'>λαὸς,</span> <span class='ocrx_word' id='word_1_918' title='bbox 1848 5795 1901 5834; x_wconf 88' lang='grc' dir='ltr'><strong>κ.</strong></span> <span class='ocrx_word' id='word_1_919' title='bbox 1928 5742 1982 5833; x_wconf 66' lang='grc' dir='ltr'><strong>’τ.</strong></span> <span class='ocrx_word' id='word_1_920' title='bbox 2021 5776 2071 5834; x_wconf 85' lang='grc' dir='ltr'>λ.</span> <span class='ocrx_word' id='word_1_921' title='bbox 2109 5788 2272 5847; x_wconf 71' lang='lat' dir='ltr'><strong>Em,</strong></span> 
     </span>
    </p>
   </div>
  </div>
