4194 6424
549 305 646 371 I85

2017 318 2337 376 ORIGENIS

3692 317 3798 376 188

538 431 710 490 Deum
736 435 804 502 ",
835 442 892 492 et
917 433 1087 491 Deum
1127 435 1445 493 Sermonem
1479 453 1497 492 :
1534 451 1698 509 super
1737 447 1938 493 terram
1969 438 2093 492 enin

2217 437 2350 491 Θεὸν
2378 437 2551 507 Λόγον
2568 455 2582 469 ο
2619 437 2711 490 ἐπὶ
2739 437 2840 507 γῆς
2870 435 2978 506 γὰρ
2996 435 3026 488 ό
3049 434 3218 504 Λόγος
3247 432 3384 506 σὰρξ
3412 432 3648 502 ἐγένετο.
3683 434 3799 488 Καὶ

537 529 735 584 Sermo
765 529 944 586 factus
979 539 1065 587 est
1111 546 1241 588 caro
1270 533 1340 586 '°.
1369 532 1432 588 Et
1492 531 1686 588 fuisset
1745 532 2112 586 testimonium

530 621 812 692 (quamvis
861 625 1188 694 quibusdam
1237 627 1519 681 videretur
1565 640 1688 680 esse
1726 627 1792 680 de
1827 625 2110 695 Sermone)

533 715 757 785 proprie
801 715 1088 772 dicendum
1115 719 1182 774 de
1219 717 1482 773 Sermone
1515 719 1606 786 qui
1637 717 1810 772 factus
1839 728 1926 772 est
1957 732 2107 776 caro,
2142 757 2149 763 .

532 821 643 862 non
672 822 850 864 autem
877 810 944 865 de
971 810 1234 866 Sermone
1266 811 1356 864 Dei
1381 829 1398 872 ς
1424 825 1595 882 quare
1621 825 1725 864 non
1758 809 1905 863 venit
1943 819 2000 862 ut
2027 818 2110 863 te-

532 899 865 956 stiﬁcaretur
895 901 962 955 de
999 901 1286 955 Sermone.
1319 899 1604 966 Quomodo
1645 899 1760 953 ﬁeri
1805 914 1933 953 vero
1960 909 2112 968 pote-

529 1001 618 1047 rat
654 991 1022 1047 testimonium
1051 993 1118 1048 de
1148 993 1415 1063 sapientia
1440 1007 1574 1062 pure
1602 992 1891 1061 lucideque
1917 1005 2106 1046 verum

531 1096 642 1138 non
671 1081 1105 1154 dispicientibus,
1131 1083 1346 1138 etiamsi
1364 1083 1744 1138 existimarent
1770 1097 1828 1136 se
1846 1096 2110 1150 agnosce—

526 1189 612 1240 re,
639 1177 732 1231 sed
759 1177 1109 1231 cernentibus
1133 1191 1232 1246 per
1260 1175 1536 1246 speculum
1557 1183 1613 1230 et
1638 1175 1690 1228 in
1715 1175 2002 1244 mnigmate
2021 1173 2107 1228 “1'

490 1300 496 1309 -
527 1265 763 1322 Proinde
792 1266 1077 1336 probabile
1111 1277 1196 1321 est
1228 1265 1490 1330 futurum,
1549 1274 1609 1319 ut
1645 1274 1772 1318 ante
1807 1264 2104 1318 secundum

523 1367 579 1413 et
609 1357 934 1414 diviniorem
965 1357 1163 1413 Christi
1195 1359 1488 1412 adventum
1529 1355 1712 1411 veniat
1737 1354 1976 1410 Joannes
2011 1363 2108 1410 aut

521 1451 670 1510 Elias
723 1453 791 1508 ad
843 1453 1242 1507 testiﬁcandum
1291 1453 1359 1508 de
1403 1451 1558 1516 vita,
1597 1448 1760 1519 paulo
1813 1458 2101 1517 antequam

519 1542 773 1598 Christus
804 1543 1237 1599 manifestandus
1279 1545 1349 1597 sit
1385 1543 1496 1597 vita
1534 1552 1743 1601 nostra,
1779 1555 1844 1596 ac
1885 1550 1998 1596 tum
2036 1543 2103 1597 de

521 1632 787 1690 Sermone
809 1635 1149 1690 testificaturi
1179 1635 1292 1690 sint
1309 1634 1692 1704 ostensurique
1728 1632 2098 1688 testimonium

518 1728 588 1782 de
604 1727 896 1797 sapientia.
915 1726 1266 1798 lndagatione
1297 1735 1477 1782 autem
1489 1730 1758 1800 egetanin
1779 1741 2101 1798 unaquaque

2211 525 2281 601 ἦν
2308 530 2376 584 ἂν
2405 529 2701 602 μαρτυρία,
2729 528 2799 596 (εί
2821 529 2915 581 καὶ
2943 527 3116 580 ἐδόκει
3149 525 3388 594 γίνεσθαι
3413 527 3542 597 περὶ
3570 525 3668 580 τοῦ
3696 526 3801 580 Λό-

2211 623 2357 692 γου.)
2384 622 2589 693 κυρίως
2625 620 2692 674 ἂν
2719 619 3090 690 λεχθησομὲνη
3125 621 3159 688 ἠ
3207 619 3334 689 περὶ
3363 619 3535 687 Λόγου
3574 617 3802 688 γενομέ-

2211 731 2304 768 νου
2335 715 2534 786 σαρκὸς
2557 755 2572 777 ,
2618 711 2738 783 οὐχὶ
2772 712 2829 764 δὲ
2862 711 3036 780 Λόγου
3069 710 3224 764 Θεοῦ·
3275 710 3464 781 διόπερ
3494 712 3595 764 οὐκ
3629 706 3800 782 ἦλθεν

2213 807 2299 860 ἵνα
2345 807 2671 879 μαρτυρήσῃ
2719 805 2847 875 περὶ
2889 803 2982 857 τοῦ
3031 803 3224 873 Λόγου.
3267 801 3390 868 Πῶς
3427 803 3485 856 δὲ
3521 803 3800 875 μαρτυρία

2209 898 2418 968 ἐγίνετο
2447 897 2559 967 (27)
2605 895 2852 966 γίνεσθαι
2883 896 3011 966 περὶ
3037 896 3138 966 τῆς
3170 895 3364 963 σοφίας
3398 897 3534 959 τοῖς,
3582 895 3688 950 κᾶν
3710 895 3800 949 δο-

2209 991 2379 1044 κῶσιν
2405 991 2720 1059 ἐγνωκέναι,
2737 989 2798 1041 οὐ
2829 987 2891 1042 τὸ
2919 988 3174 1058 καθαρῶς
3195 987 3397 1058 ἀληθὲς
3415 987 3796 1057 κατανοοῦσιν,

2207 1080 2344 1135 ἀλλὰ
2379 1080 2632 1150 βλέπουσι
2663 1079 2729 1132 δι’
2756 1079 3022 1150 ἐσόπτρου
3051 1079 3148 1132 κα)⁵
3181 1081 3238 1132 ὲν
3270 1079 3551 1148 αἰνίγματι
3577 1097 3592 1145 ;
3629 1079 3796 1145 Εἰκὸς

2211 1172 2457 1246 μέντοιγε
2492 1172 2597 1243 πρὸ
2620 1171 2718 1235 τῆς
2752 1171 3012 1243 δευτέρας
3043 1171 3155 1241 (28)
3201 1171 3293 1224 καὶ
3334 1169 3611 1242 Θειοτέρας
3659 1173 3798 1244 Χριο

2209 1263 2335 1317 στοῦ
2361 1263 2655 1334 ἐπιδημίας
2682 1263 2997 1317 ἐλεύσεσθαι
3030 1265 3447 1336 μαρτυρήσοντα
3486 1264 3579 1317 τὸν
3613 1265 3800 1318 Ἰωάν-

2205 1373 2322 1428 νην,
2369 1357 2403 1428 ἢ
2447 1358 2631 1411 Ἠλίαν
2676 1359 2805 1429 περὶ
2846 1356 3024 1428 ζωῆς,
3066 1357 3172 1427 πρὸ
3209 1357 3391 1425 ὀλίγου
3433 1357 3524 1410 τὸν
3558 1357 3798 1429 Χριστὸν

2205 1447 2688 1520 φανερωθήσεσθαι
2708 1449 2808 1519 τὴν
2834 1446 2978 1519 ζωὴν
3007 1449 3164 1518 ἡμῶν
3189 1465 3202 1477 ·
3233 1449 3328 1501 καὶ
3354 1447 3473 1501 τότε
3506 1449 3798 1520 μαρτυρή-

2205 1557 2318 1594 σειν
2344 1540 2473 1614 περὶ
2499 1539 2594 1592 τοῦ
2626 1540 2822 1608 Λόγου,
2853 1541 3226 1611 παραστήσειν
3251 1558 3308 1593 τε
3335 1540 3396 1592 τὸ
3421 1541 3548 1611 περὶ
3574 1541 3678 1610 τῆς
3708 1557 3797 1593 σο-

2203 1633 2334 1704 φίας
2365 1633 2684 1708 μαρτύριον.
2720 1632 2962 1686 Βασάνου
2995 1631 3052 1683 δὲ
3078 1631 3251 1683 δεῖται
3286 1633 3334 1684 εί
3363 1631 3568 1686 ἔνεστιν
3601 1625 3717 1684 οἷον
3759 1633 3793 1702 ὴ

2213 1725 2462 1779 Ἰωάννου
2498 1724 2772 1796 μαρτυρία
2803 1719 3108 1794 πρόδρομος
3143 1723 3347 1794 ἑκάστῃ
3387 1723 3496 1776 τῶν
3532 1721 3630 1775 τοῦ
3661 1721 3796 1793 Χρι-

517 1791 954 1874 consideratione
1001 1791 1077 1873 (ιέ
1115 1819 1333 1874 Christo
1377 1791 1690 1874 testificatio
1742 1791 1970 1874 Joannis
2011 1791 2093 1875 sit

2204 1817 2332 1874 στοῦ
2366 1791 2635 1872 ἐπινοιῶν.
2677 1791 2863 1870 ταῦτα
2892 1791 2992 1888 μέν
3011 1791 3105 1880 ἐἰς
3135 1816 3223 1868 τό·
3266 1833 3284 1866 ι
3316 1791 3482 1878 ὀῦτος
3519 1810 3688 1886 ἦλθεν
3715 1791 3796 1879 είς

514 1911 682 1965 veluti
710 1925 1036 1982 praacursor.
1072 1910 1197 1966 Haec
1215 1911 1432 1982 quidem
1461 1911 1516 1966 in
1555 1910 1684 1966 illud
1711 1925 1728 1964 :
1765 1929 1785 1964 ι
1817 1909 1915 1967 Hic
1945 1911 2097 1966 venit

513 2005 582 2058 ad
617 2003 1042 2071 testiﬁcandum,
1076 2013 1134 2059 ut
1163 2004 1551 2059 testiﬁcaretur
1577 2005 1644 2060 de
1663 2004 1907 2061 luce“.s
1931 2005 2094 2060 Dein-

511 2110 641 2164 ceps
667 2111 796 2152 vero
825 2097 1285 2153 considerandum
1314 2108 1399 2154 est
1428 2101 1558 2168 quid
1611 2097 1970 2153 commentari
2000 2097 2096 2174 de:

511 2187 738 2244 beamus
762 2189 814 2244 in
835 2189 964 2244 illud
991 2205 1005 2242 :
1031 2207 1050 2238 ι
1081 2187 1355 2246 Utomnes
1378 2191 1666 2246 crederent
1687 2203 1784 2258 per
1817 2188 1965 2243 illum
1998 2189 2098 2246 ⁸³.»

2206 1911 2532 1985 μαρτυρίαν,
2563 1912 2652 1965 ἴνα
2683 1911 3008 1982 μαρτυρήσῃ
3044 1909 3172 1981 περὶ
3203 1907 3296 1962 τοῦ
3329 1909 3525 1978 φωτός.
3570 1925 3589 1958 ι
3632 1906 3796 1975 Ἑξῆς

2202 2004 2260 2058 δὲ
2289 2003 2650 2058 ἐπισκεπτέον
2679 2003 2734 2055 τί
2772 2003 2854 2056 δεῖ
2893 2005 3034 2056 νοεῖν
3069 2002 3151 2065 είς
3191 2001 3445 2054 τόίἸνα
3471 1999 3676 2063 πάντες
3704 1999 3796 2052 πιι

2205 2096 2470 2150 στεύσωσι
2501 2095 2566 2149 δι’
2591 2095 2777 2150 αὑτοῦ.
2796 2120 2814 2152 ι

618 2442 714 2499 EX
751 2441 987 2502 EODEM
1020 2445 1212 2505 ΤΟΜΟ
1244 2446 1312 2516 Il,
1355 2448 1538 2506 APUD
1563 2448 1973 2508 PAMPHILUM
2011 2451 2402 2510 MARTYREM
2439 2451 2511 2510 IN
2549 2451 2922 2509 APOLOGIA
2960 2451 3104 2508 PRO
3143 2447 3482 2508 ORIGENE
3528 2446 3672 2521 (‘29).

585 2583 918 2656 Unigenitus
935 2603 1067 2658 ergo
1094 2589 1236 2647 Deus
1263 2591 1516 2647 Salvator
1550 2604 1738 2649 noster
1760 2594 1906 2650 solus
1929 2610 1958 2649 a
1991 2595 2092 2650 Pa-

509 2687 600 2736 tre
619 2691 928 2752 generatus,
962 2692 1154 2738 natura
1184 2695 1240 2740 et
1280 2699 1389 2740 non
1435 2686 1727 2755 adoptione
1760 2687 1933 2742 Filius
1975 2700 2088 2750 est:

507 2784 672 2832 natus
714 2786 894 2832 autem
939 2791 1004 2830 ex
1037 2777 1156 2848 ipsa
1199 2777 1382 2833 Patris
1423 2787 1625 2845 mente,
1657 2778 1802 2834 sicut
1844 2779 2094 2838 voluntas

505 2884 575 2924 ex
611 2879 814 2925 mente.
855 2869 975 2925 Non
1020 2871 1166 2925 enim
1197 2871 1493 2928 divisibilis
1527 2883 1610 2928 est
1655 2873 1835 2928 divina
1875 2884 2089 2936 natura,

507 2963 562 3017 id
586 2971 674 3017 est
693 2961 914 3032 ingeniti
933 2961 1132 3027 Patris,
1154 2971 1213 3018 ut
1238 2975 1494 3033 putemus
1517 2965 1601 3020 vel
1617 2965 1884 3023 divisione
1899 2965 1982 3020 vel
1999 2965 2096 3020 im-

507 3053 814 3110 minutione
853 3055 1170 3112 substantiae
1199 3059 1318 3129 ejus
1352 3057 1544 3112 Filium
1573 3074 1694 3114 esse
1725 3060 2090 3133 progenitum.

506 3143 616 3202 Sed
633 3149 748 3203 sive
766 3162 941 3214 mens,
964 3149 1080 3204 sive
1107 3164 1226 3216 cor,
1253 3160 1348 3206 aut
1375 3166 1567 3208 sensus
1594 3153 1660 3208 de
1694 3153 1801 3208 Deo
1831 3151 2094 3208 dicendus

2198 2606 2300 2663 est,
2350 2598 2691 2654 indiscussus
2723 2611 3070 2666 permanens,
3101 2611 3321 2667 germen
3377 2593 3668 2665 proferens
3695 2610 3789 2649 vo-

2199 2691 2444 2756 luntatis,
2475 2692 2652 2748 factus
2679 2703 2764 2748 est
2814 2690 2976 2746 Verbi
3026 2688 3223 2753 Pater;
3259 2689 3404 2759 quod
3457 2687 3699 2743 Verbum
3733 2687 3788 2742 in

2199 2783 2323 2840 sinu
2363 2783 2542 2840 Patris
2582 2784 2965 2853 requiescens,
2997 2782 3288 2838 annuntiat
3323 2799 3344 2832 ι
3382 2779 3572 2844 οειιιιι,
3619 2795 3788 2850 quem

2200 2890 2361 2932 nemo
2385 2875 2518 2930 vidit
2553 2889 2792 2946 unquam
2808 2876 2908 2945 “,s
2927 2884 2982 2929 et
3005 2874 3213 2929 revelat
3239 2872 3481 2936 Patrem,
3503 2886 3664 2942 quem
3695 2886 3793 2927 ne-

2200 2983 2292 3024 mo
2322 2969 2575 3040 cognovit
2597 2969 2699 3022 nisi
2735 2969 2850 3038 ipse
2889 2967 3039 3024 solus
3061 2969 3129 3032 “,
3157 2967 3241 3023 his
3266 2981 3404 3036 quos
3431 2965 3497 3020 ad
3519 2981 3644 3020 cum
3682 2964 3784 3019 Pa-

2196 3071 2279 3116 ter
2305 3061 2544 3117 caelestis
2576 3059 2865 3116 attraxerit
2903 3059 2971 3114 ⁸⁸.

504 3349 555 3404 Ε
585 3348 878 3420 QUARTO
907 3348 1111 3404 TOJIO
1133 3349 1220 3405 ΙΝ
1265 3349 1766 3408 EVANGELIUM
1819 3351 2091 3410 SECUN-

2217 3353 2314 3407 EK
2342 3352 2484 3407 ΤΟΥ
2505 3350 2884 3406 ΊἘΤΑΡΤΟΥ
2911 3347 3158 3401 ΤΟΜΟΥ
3180 3346 3318 3400 ΤΩΝ
3338 3347 3457 3400 ΕΙΣ
3493 3347 3578 3400 ΤΟ
3601 3349 3789 3403 ΚΑΤΑ

938 3441 1103 3498 DUM
1131 3441 1525 3502 JOANNEM.

915 3538 1118 3594 Tribus
1144 3553 1174 3592 a
1209 3537 1481 3608 principio
1505 3539 1670 3596 foliis.

569 3631 680 3703 93
709 3631 759 3686 l.
788 3629 892 3701 Qui
939 3630 1136 3686 dividit
1165 3629 1306 3699 apud
1338 3643 1399 3685 se
1427 3644 1639 3697 vocem,
1675 3641 1730 3688 et
1759 3631 2084 3703 signiﬁcata,

501 3731 557 3780 et
584 3740 690 3788 res,
715 3739 815 3793 pro
851 3722 1050 3794 quibus
1078 3723 1332 3778 notiones
1357 3733 1653 3793 ponuntur,
1679 3739 1787 3778 non
1823 3725 2087 3798 impinget

501 3816 568 3870 ad
602 3815 971 3871 soloecismum
1001 3813 1172 3881 vocis,
1207 3830 1332 3870 cum
1366 3829 1743 3884 perscrutatus
1777 3831 1865 3873 res
1887 3820 2086 3888 quibus

499 3905 872 3976 significandis
900 3920 1062 3960 voces
1088 3907 1440 3971 adhibentur,
1461 3921 1623 3961 sanas
1648 3916 1704 3961 et
1731 3911 1970 3980 integras
1999 3911 2085 3964 in-

497 4001 755 4068 venerit;
797 3997 1034 4052 maxime
1072 4011 1203 4052 vero
1229 4012 1352 4052 cum
1383 4002 1744 4067 proﬁteantur
1775 3999 1877 4054 viri
1905 4001 2082 4056 sancti

499 4106 806 4147 sermonem
855 4104 1013 4145 suum
1044 4105 1066 4140 ι
1111 4096 1166 4143 et
1202 4088 1578 4159 praeconium,
1618 4103 1725 4144 non
1770 4089 1824 4144 in
1859 4106 2083 4161 persua-

498 4184 655 4238 sione
689 4183 970 4254 sapientia:
1006 4179 1320 4241 verborum.
1359 4181 1453 4236 sed
1508 4180 1562 4234 in
1613 4182 2081 4238 demonstratione

497 4275 726 4346 spiritus
753 4285 809 4329 et
835 4273 1120 4344 potestatis
1160 4292 1180 4326 ι
1215 4288 1336 4329 esse
1359 4271 1427 4326 ".

2744 3441 2859 3494 ma
2866 3440 3066 3492 mum
3101 3436 3236 3508 (πο).

2551 3531 2708 3588 Μετὰ
2740 3531 2865 3603 τρία
2895 3529 3069 3601 φύλλα
3096 3529 3195 3600 τῆς
3228 3527 3426 3600 ἀρχῆς.

2268 3631 2321 3686 1.
2353 3631 2412 3686 '0
2435 3629 2657 3702 διαιρῶν
2683 3627 2811 3701 παρ’
2832 3623 3008 3697 ἑαυτῷ
3029 3624 3234 3696 φωνὴν,
3259 3622 3353 3677 καὶ⁹
3386 3621 3785 3695 σημαινόμενα,

2196 3724 2292 3778 καὶ
2321 3723 2622 3795 πράγματα
2642 3761 2658 3786 ,
2701 3719 2825 3774 καθ’
2869 3712 2945 3771 ὧν
2977 3719 3154 3771 κεῖται
3185 3715 3255 3770 τὰ
3282 3715 3687 3787 σημαινόμενα,
3720 3716 3782 3770 οὐ

2194 3816 2494 3890 προσκόψει
2521 3815 2600 3887 τῷ
2631 3814 2743 3869 τῶν
2770 3811 2962 3882 φωνῶν
2996 3809 3345 3880 σολοικισμῷ,
3379 3809 3518 3862 ἐπὰν
3543 3808 3786 3874 ἐρευνῶν

2192 3908 2419 3980 εὑρίσκῃ
2447 3907 2558 3976 (51)
2587 3905 2657 3960 τὰ
2681 3904 3001 3977 πράγματα,
3020 3900 3144 3955 καθ’
3173 3894 3247 3954 ὧν
3269 3903 3476 3953 κεῖνται
3505 3900 3561 3954 αἱ
3581 3901 3781 3968 φωναὶ,

2193 4002 2350 4072 ὑγιῆ·
2383 4001 2477 4056 καὶ⁵
2508 3999 2742 4070 μάλιστα
2769 3996 2908 4050 ἐπὰν
2947 3992 3285 4066 ὁμολογῶσιν
3319 3993 3370 4046 οἱ
3409 3993 3554 4060 ἅγιοι
3585 3990 3782 4063 ἄνδρες

2192 4095 2282 4147 τὸν
2304 4093 2460 4162 λόγον
2487 4091 2665 4147 αὐτῶν
2700 4111 2717 4142 ι
2757 4089 2854 4144 καὶ
2877 4087 2936 4143 τὸ
2968 4089 3250 4160 κήρυγμα,
3268 4084 3370 4138 οὐκ
3401 4085 3460 4136 ὲν
3491 4083 3671 4137 πειθοῖ
3691 4100 3783 4138 σο·

2187 4185 2315 4253 φίας
2342 4183 2451 4236 τῶν
2472 4183 2648 4252 λόγων
2673 4181 2807 4254 (3‘2),
2831 4179 2945 4234 ἀλλ’
2961 4181 3021 4232 ὲν
3048 4175 3322 4244 ἀποδείξει
3351 4175 3663 4247 πνεύματος
3683 4177 3780 4232 καὶ

2191 4275 2494 4344 δυνάμεως.
2512 4298 2530 4330 ι

570 4390 616 4422 ³⁸
639 4387 858 4452 Joan.t,
893 4387 944 4440 l.
1023 4386 1068 4457 9⁸
1093 4386 1228 4457 ibid.
1265 4387 1355 4441 14.
1429 4385 1474 4418 ⁸⁸
1513 4384 1535 4440 I
1570 4385 1698 4443 Cor.
1742 4401 1864 4450 xm,
1898 4388 1986 4442 12.
2077 4387 2093 4420 ⁴

2195 4405 2310 4444 Dan.
2348 4405 2388 4457 ι,
2425 4389 2481 4442 7.
2563 4387 2608 4420 ”
2639 4387 2772 4444 ibid.
2850 4386 2896 4419 “
2931 4385 3064 4440 ibid.
3107 4385 3194 4440 18.
3274 4382 3320 4416 ⁸⁵
3343 4382 3530 4439 Matth.
3563 4399 3642 4452 ιι,
3683 4385 3775 4442 27.

497 4457 819 4522 “Joan.vt,
846 4457 938 4512 44.
1015 4456 1058 4490 "
1091 4455 1109 4510 Ι
1138 4456 1266 4514 Cor.
1300 4473 1364 4521 tt,
1397 4457 1453 4512 4.

570 4579 686 4654 (ει)
724 4580 1010 4654 Ἐγίνετο.
1040 4578 1184 4649 Lege
1204 4578 1446 4654 ἐδύνατο.

565 4647 686 4721 (28)
712 4647 895 4717 masc
932 4647 1206 4721 μέντοιγε
1250 4650 1366 4721 πρὸ
1417 4647 1529 4718 τῆς
1580 4647 1888 4716 δευτέρας.
1948 4648 2080 4705 Vide

496 4719 619 4794 quae
645 4737 809 4791 supra
834 4724 913 4794 ad
938 4719 1157 4774 Comm.
1180 4721 1238 4774 in
1289 4720 1484 4774 Matth.
1514 4734 1624 4774 xvrt
1657 4735 1823 4789 super
1848 4721 1947 4775 hoc
1985 4736 2078 4774 ar-

497 4793 758 4867 gumento
791 4793 1080 4867 observata
1117 4799 1264 4845 sunt.

569 4863 684 4936 (29)
715 4863 892 4916 llocce
921 4860 1332 4936 fragmentum.
1367 4860 1510 4928 quod
1566 4873 1598 4936 ε
1638 4858 1880 4914 secundo
1933 4869 2081 4915 tomo

497 4931 884 5004 depromptum
914 4931 1109 5004 fertur,
1145 4931 1333 4985 nullibi
1372 4943 1549 4984 tamen
1584 4931 1637 4984 in
1685 4946 1752 4984 eo
1799 4941 2080 5004 tomo_re-

493 5000 676 5076 peries
700 5000 894 5076 {unde
927 5001 1009 5056 vel
1028 5003 1422 5076 _detrt_tncat_nm
1450 5016 1572 5053 eum
1602 5015 1721 5076 esse
1749 5000 2080 5076 concluden-

495 5069 624 5128 ilum
643 5082 748 5133 est.
773 5073 857 5126 vel
888 5071 1279 5141 suspicandum
1311 5069 1672 5141 fragmentum
1703 5069 1842 5124 istud
1873 5085 1904 5125 e
1932 5079 2080 5126 tomo

495 5147 692 5216 quinto
723 5157 845 5198 esse
878 5139 1311 5216 (ιερὶοοιιιριιιιιι,Δ
1332 5139 1892 5216 quemad_ntodum_et
1945 5140 2074 5195 illud

495 5209 641 5285 quod
684 5231 750 5268 ex
803 5209 994 5285 eodem
1040 5209 1188 5264 tonio
1231 5209 1369 5264 infra
1395 5209 1723 5285 _a_ﬂ'erimus.
1786 5211 1848 5285 Et
1885 5225 2078 5285 revera

496 5280 644 5341 idem
671 5292 756 5339 est
797 5284 1082 5350 utriusque
1119 5281 1408 5344 fragmenti
1447 5280 1684 5344 initium,
1717 5281 1906 5334 eadem
1961 5280 2075 5335 fere

491 5359 694 5419 verba;
722 5353 818 5410 sed
845 5369 969 5407 cum
1001 5353 1150 5422 prius
1178 5351 1462 5422 Pamphilo
1495 5351 1834 5422 probandum
1864 5350 2074 5403 incum-

494 5424 654 5482 beret
685 5440 754 5479 ex
796 5423 905 5478 Deo
935 5419 1095 5476 Patre
1119 5422 1293 5493 (juxta
1320 5419 1646 5493 Qrigeitem)
1695 5419 1896 5493 Filium
1949 5435 2074 5493 esse

497 5505 714 5560 natum,
748 5505 807 5550 et
840 5495 1002 5549 unius
1029 5485 1156 5548 esse
1183 5507 1307 5547 cum
1341 5485 1507 5546 Pafre
1557 5485 1903 5553 substantiae,
1935 5491 2076 5544 alie-
2117 5526 2120 5530 ι

496 5581 629 5620 ιιιιιιι
679 5579 809 5620 vero
872 5580 902 5618 a
959 5564 1279 5618 substantiis
1332 5571 1732 5621 creaturarum,
1788 5568 2072 5628 postquam

499 5635 640 5688 dixit
669 5653 684 5688 :
725 5654 743 5685 ι
779 5634 1098 5704 Unigenitus
1123 5631 1588 5704 FiliusgSatvator
1620 5641 1830 5690 noster,
1857 5636 1948 5696 qui
1981 5645 2068 5704 so-

499 5705 585 5758 lus
617 5721 682 5758 ex
713 5703 873 5758 Patre
891 5701 1064 5758 'natus
1111 5715 1216 5770 est,
1246 5701 1392 5756 solus
1428 5711 1624 5754 natura
1669 5709 1725 5752 et
1776 5715 1882 5753 non
1941 5702 2075 5757 ado-

500 5776 685 5846 ptione
727 5773 893 5830 Filius
920 5786 1023 5841 est,
1059 5792 1077 5825 ι
1112 5774 1304 5828 relicto
1351 5771 1590 5842 quodam
1645 5770 1958 5837 intervallo,
2007 5773 2074 5828 ad

2116 4583 2160 4638 D
2191 4579 2514 4646 posteriora,
2545 4593 2666 4646 quae
2697 4579 2763 4631 ad
2797 4593 2909 4632 rem
2950 4579 3288 4646 probandam
3331 4580 3626 4649 pertinent,
3665 4591 3778 4636 sta-

2192 4652 2285 4720 tim
2321 4649 2667 4719 progreditur
2701 4650 2787 4704 his
2816 4649 2998 4703 verbis
3029 4665 3043 4701 :
3082 4669 3099 4701 ι
3144 4650 3277 4704 Item
3307 4651 3359 4704 itt
3391 4651 3584 4720 eodem
3613 4653 3775 4708 libro.

2189 4717 2343 4792 Unus
2372 4717 2512 4792 ergo
2561 4730 2669 4792 est,
2719 4739 2738 4770 ι
2775 4731 2883 4792 etc.
2925 4719 3088 4773 Paulo
3111 4731 3234 4789 post
3268 4717 3423 4786 vero,
3460 4732 3519 4775 ιιι
3573 4725 3772 4792 probet

2186 4805 2251 4843 ex
2293 4790 2528 4859 Origene
2565 4789 2760 4843 Filium
2795 4789 2883 4842 [)ci
2920 4805 3016 4858 per
3050 4792 3426 4859 prolationem
3445 4789 3632 4846 natum
3665 4809 3772 4847 non

2184 4874 2328 4923 eSse,
2358 4861 2498 4913 idem
2532 4861 2698 4914 hocce
2733 4860 2946 4912 initium
2982 4863 3227 4922 resumit.
3257 4861 3414 4928 cujus
3431 4871 3774 4926 contextum,

2187 4945 2351 4999 quem
2383 4930 2470 4983 hic
2501 4932 2844 4989 exhilwmns.
2880 4932 2966 4984 ubi
3001 4946 3067 4985 ea
3101 4933 3167 4986 de
3191 4948 3251 4986 re
3276 4935 3477 5000 agitur,
3513 4935 3584 4986 ad
3609 4934 3771 4988 linem

2190 5015 2365 5070 usque
2404 5000 2750 5070 transcribit.
2791 5000 2994 5056 Deinde
3033 5003 3285 5068 quamvis
3335 5003 3480 5057 nulla
3527 5007 3771 5060 auctori-

2189 5069 2295 5135 tas,
2329 5069 2486 5123 nulla»
2515 5072 2790 5125 variantes
2819 5071 3084 5125 lectiones
3114 5075 3447 5127 admoneant
3475 5084 3680 5128 tomum
3725 5090 3768 5130 ιι

2187 5156 2288 5212 pro
2317 5149 2464 5212 tomo
2485 5141 2774 5212 vpositum
2809 5155 2930 5196 esse
2961 5142 3013 5194 in
3030 5142 3300 5212 Apologia
3328 5142 3624 5212 Pamphili,
3656 5145 3771 5199 Ru-

2188 5210 2332 5282 ﬁnus
2361 5211 2480 5282 ipse
2529 5210 2691 5282 huius
2719 5213 2987 5280 interpres
3019 5211 3179 5266 facile
3217 5210 3400 5282 potuit
3433 5210 3632 5282 decipi.
3687 5217 3768 5269 Ex

2184 5279 2366 5354 littera
2394 5281 2541 5354 enim
2565 5281 2630 5354 _l]
2654 5282 2800 5354 unde
2825 5283 3048 5350 quintus
3078 5279 3336 5354 numerus
3365 5285 3508 5354 apud
3537 5279 3763 5341 Graecos

2183 5351 2532 5420 exprimitur,
2559 5348 2723 5406 facile
2755 5354 2815 5404 lit
2841 5348 3128 5425 :numerus
3158 5351 3220 5417 II,
3245 5357 3292 5406 si
3327 5348 3473 5425 lin-ea
3509 5355 3765 5425 superius

2185 5429 2495 5474 transversa
2527 5432 2618 5474 aut
2649 5436 2754 5474 non
2787 5421 3100 5476 advertatur
3130 5433 3225 5477 aut
3254 5424 3525 5479 deleatur.

2251 5489 2364 5561 (30)
2401 5490 2517 5567 Ἐ’κῇ
2535 5490 2974 5567 τρῦῌτετᾴρτου,
3001 5504 3110 5548 etc.
3133 5493 3329 5549 Exstat
3357 5497 3460 5551 hoc
3488 5495 3767 5567 fragmen-

2178 5565 2294 5613 tum
2335 5575 2455 5630 cap.
2491 5561 2526 5614 4
2557 5560 2894 5616 Philocaliaz.

2389 5632 2681 5710 Eripiam".
2708 5632 2800 5686 Sic
2835 5647 2990 5710 mss;
3020 5634 3154 5710 libb.
3186 5634 3340 5710 editi,
3369 5637 3636 5710 εὑρίσκει.

2181 5701 2376 5826 λόξῗὶ).
2421 5701 2548 5757 Τών
2593 5705 2812 5774 λόγων.
2852 5702 3164 5772 chendum
3213 5701 3602 5764 τωρωι-ἐἶναι
3648 5704 3761 5765 τῶν

2199 5789 2376 5843 ιογων.
