4194 6394
399 329 510 388 ηδ

470 443 646 512 Εἶτα,
675 447 860 502 εἰπὼν
890 450 998 503 τὸν
1036 451 1138 505 τοῦ
1172 452 1543 521 Εὐαγγελίου
1574 450 1686 522 (55)
1715 453 1920 505 σολοι-

945 541 1187 608 κισμὸν,
1221 540 1448 611 ἐπάγει.

469 629 525 685 2.
557 630 688 683 "Axs
724 630 783 684 δὲ
819 630 921 683 οὐκ
958 632 1343 701 ἀσυναίσθητοι.
1371 635 1422 686 οἱ
1464 633 1755 688 ἀπόστολοι
1785 631 1990 703 τυγχά-

399 738 589 786 νοντες
613 721 721 775 τῶν
748 722 807 774 ἐν
832 718 913 786 οἷς
937 723 1361 792 προσκόπτουσι,
1380 726 1473 780 καὶ
1496 726 1623 797 περὶ
1648 724 1684 778 ἆ
1707 725 1808 778 οὐκ
1866 724 1990 795 σχό-

396 811 610 887 ὶηνται,
640 814 805 883 φασιν
829 814 1035 868 ἰδιῶται
1057 811 1196 869 εἶναι
1218 815 1295 887 τῷ
1316 816 1480 887 λόγῳ,
1508 817 1622 870 ἀλλ’
1657 818 1718 869 οὐ
1750 819 1817 887 τῇ
1849 813 1989 884 γνὼ-

400 924 522 962 σει·
576 907 863 978 νομιστέον
908 907 1016 980 γὰρ
1056 908 1189 962 αὐτὸ
1237 911 1337 980 οὐχ
1385 910 1490 963 ὑπὸ
1535 910 1751 964 Παύλου
1805 910 1985 980 μόνον,

397 1000 537 1055 ἀλλὰ
591 1001 686 1053 καὶ
733 1000 840 1053 ὑπὸ
885 1000 991 1053 τῶν
1028 1001 1229 1055 λοιπῶν
1259 1002 1571 1056 ἀποστόλων
1597 1003 1851 1071 λέγεσθαι
1889 1002 1985 1057 ἄν’

405 1112 425 1144 α
448 1094 637 1164 Ἡμεῖς
685 1092 774 1146 δέ’
813 1112 834 1145 ι
887 1094 982 1146 καὶ
1022 1093 1083 1146 τό
1107 1111 1121 1125 ο
1162 1113 1181 1144 ι
1223 1094 1462 1165 Ἔχομεν
1494 1093 1552 1147 δέ
1592 1095 1683 1147 τὸν
1719 1095 1989 1165 θησαυρὸν

396 1183 587 1238 τοῦτον
614 1185 675 1238 ἐν
708 1184 1050 1256 ὀστρακίνοις
1078 1184 1326 1238 σκεύεσιν
1346 1226 1362 1250 ,
1394 1186 1483 1240 ἵνα
1522 1187 1556 1255 ἡ
1587 1184 1858 1256 ὑπερϐολὴ
1890 1187 1991 1255 τῆς

397 1276 680 1347 δυνάμεως
806 1276 899 1329 τοῦ
955 1275 1113 1340 Θεοῦ,
1150 1277 1244 1330 καὶ
1295 1277 1368 1348 μὴ
1426 1277 1485 1345 ἐξ
1524 1278 1702 1349 ἡμῶν,
1741 1296 1760 1328 ι
1791 1276 1992 1348 ἐξειλή-

395 1384 601 1438 φαμεν,
630 1369 706 1432 ὡς
738 1388 756 1420 ι
790 1368 1066 1440 θησαυροῦ
1096 1388 1115 1420 ι
1153 1370 1251 1439 μὲν
1279 1369 1573 1440 λεγομένου
1605 1369 1700 1423 τοῦ
1728 1369 1988 1439 ἀλλαχόσε

397 1457 674 1531 θησαυροῦ
719 1460 820 1530 τῆς
852 1460 1107 1529 γνώσεως
1149 1462 1243 1515 καὶ
1288 1462 1479 1529 σοφίας
1510 1462 1608 1531 τῆς
1636 1461 1985 1532 ἀποκρύφου-

403 1570 424 1598 α
461 1553 797 1622 δστρακίνων
823 1553 880 1606 δὲ
918 1555 1150 1617 σκευῶν,
1193 1573 1211 1605 ι
1236 1554 1335 1625 τῆς
1365 1554 1616 1618 εὐτελοῦς
1642 1556 1737 1608 καὶ
1764 1554 1991 1607 εὐκατα-

397 1645 664 1715 φρονήτου
693 1647 823 1715 παρ’
852 1646 1076 1717 Ἕλλησι
1115 1645 1315 1710 λέξεως
1364 1647 1472 1700 τῶν
1503 1647 1735 1718 Γραφῶν
1773 1647 1990 1719 ἀληθῶς

394 1735 704 1807 ὑπερϐολῆς
753 1737 1035 1808 δυνάμεως
1083 1738 1179 1792 τοῦ
1235 1739 1372 1793 Θεοῦ
1408 1738 1850 1812 ἐμφαινομένης·
1904 1742 1986 1795 ὅτι.

396 1827 586 1896 ἴσχυσε
608 1826 676 1881 τὰ
697 1829 795 1899 τῆς
829 1829 1086 1900 ἀληθείας
1115 1831 1409 1901 μυστήρια,
1436 1832 1526 1884 καὶ
1562 1832 1594 1900 ἠ
1625 1830 1853 1902 δύναμις
1881 1833 1990 1886 τῶν

394 1916 701 1987 λεγομένων
734 1921 833 1973 οὐκ
868 1922 1266 1994 ἐμποδιζομένη
1299 1924 1403 1977 ὑπὸ
1431 1924 1531 1994 τῆς
1560 1924 1816 1989 εὐτελοῦς
1847 1929 1989 1998 φράέ-

396 2025 554 2073 σεως,
587 2010 791 2077 φθάσαι
812 2012 917 2076 ἕως
963 2015 1220 2085 περάτων
1263 2015 1386 2084 γῆς,
1432 2017 1526 2068 καὶ
1566 2017 1869 2084 ὑπαγαγεῖν
1911 2017 1990 2089 τῷ

395 2098 635 2169 Χριστοῦ
661 2100 802 2172 λόγῳ
825 2103 886 2154 οὐ
908 2103 1067 2173 μόνον
1085 2104 1151 2158 τὰ
1176 2106 1333 2176 μωρὰ
1348 2106 1442 2159 τοῦ
1461 2106 1692 2177 κόσμου,
1712 2108 1826 2160 ἀλλ’
1842 2109 1989 2162 ἔστιν

391 2187 484 2239 ὅτε
514 2189 701 2243 καὶτά
743 2192 882 2260 σοφὰ
927 2193 1112 2247 αὐτοῦ.
1161 2194 1442 2266 Βλέπομεν
1489 2196 1599 2269 γὰρ
1634 2197 1730 2269 τὴν
1773 2200 1984 2271 κλῆσιν,

392 2278 493 2347 οὐχ
529 2279 610 2332 δτι
635 2279 1007 2352 οὐδεὶςισοφὸς
1045 2284 1190 2338 κατὰ
1217 2287 1418 2359 σάρκα,
1450 2288 1563 2341 ἁλλ’
1599 2309 1617 2339 ι
1656 2290 1738 2344 ὅτι
1770 2292 1830 2344 οὐ
1860 2293 1988 2345 πολ-

393 2369 479 2453 λοὶ
530 2372 682 2440 σοφοὶ
730 2374 875 2426 κατὰ
911 2376 1112 2445 σάρκα.
1156 2396 1174 2429 ι
1233 2378 1391 2433 Ἀλλὰ
1436 2381 1528 2433 καὶ¹
1552 2380 1835 2453 ὀφειλέτης
1869 2385 1986 2437 ἐστὶ

393 2449 604 2524 Παῦλος
647 2465 1033 2533 καταγγέλλων
1072 2466 1134 2519 τὸ
1166 2468 1519 2537 Εὐαγγέλιον,
1549 2449 1608 2523 οὐ
1661 2449 1820 2542 μόνον
1853 2472 1984 2544 βαρ-

391 2553 580 2623 ϐάροις
610 2556 963 2625 παραδιδόναι
990 2558 1083 2612 τὸν
1108 2559 1284 2629 λόγον,
1315 2561 1451 2616 ἀλλά
1480 2564 1575 2616 καὶ
1596 2563 1824 2636 Ἕλλησι.
1845 2582 1858 2595 ο
1890 2566 1984 2618 καὶ

389 2645 454 2697 οὐ
484 2646 643 2715 μόνον
676 2648 925 2718 ἀνοήτοις
955 2652 1067 2714 τοῖς
1095 2652 1481 2726 εὐχερέστερον
1520 2655 1983 2727 συγκατατιθεμέ-

1503 332 1863 389 COMMENT.
1895 331 1962 387 IN
1999 330 2193 387 JOAN.
2234 328 2474 386 TOMUS
2506 328 2574 384 ll.

2018 455 2067 513 Α
2132 449 2372 514 Deinde,
2428 448 2515 501 ubi
2572 445 2875 500 memoravit
2923 444 3196 517 Evangelii
3243 444 3591 501 soloecismum
3622 458 3668 512 ,ἴ

3565 328 3669 387 186

2784 542 2977 610 pergit.

2155 630 2214 685 2.
2252 631 2358 686 Sed
2398 631 2653 700 apostoli,
2682 631 2772 701 qni
2806 647 2913 686 non
2958 632 3284 701 ignorarent
3317 629 3385 683 ad
3419 644 3539 698 qum
3572 631 3675 685 im-

2092 724 2401 792 pingerent,
2424 732 2478 777 et
2522 723 2576 776 in
2618 725 2817 789 quibus
2852 722 3049 776 studiis
3086 737 3191 774 non
3223 729 3411 775 essent
3444 721 3672 786 versati,

2091 816 2412 885 proﬁtentur
2443 816 2712 871 locutione
2745 829 2803 869 se
2837 828 2960 869 esse
2991 813 3207 877 idiotas,
3234 827 3338 866 non
3366 812 3675 882 intelligen-

2091 911 2162 964 tia
2195 928 2209 964 :
2243 910 2664 965 existimandum
2696 908 2841 963 enim
2874 916 2959 962 est
3002 906 3054 960 id
3085 921 3190 960 non
3217 920 3246 959 a
3274 904 3444 959 Paulo
3477 905 3673 971 solum,

2089 1002 2184 1055 sed
2213 1016 2241 1055 a
2287 1003 2509 1069 reliquis
2534 1000 2790 1069 apostolis
2819 999 2921 1054 dici
2951 1014 2966 1052 :
3005 1017 3024 1048 ι
3065 996 3173 1052 Nos
3209 1008 3390 1051 autem
3429 995 3528 1060 ⁸⁸,ι
3561 1006 3671 1052 etc.

2090 1091 2221 1148 Item
2248 1093 2377 1146 illud
2402 1094 2446 1125 ⁶⁹
2476 1109 2490 1146 :
2535 1110 2555 1143 ι
2596 1093 2661 1146 Et
2697 1093 3014 1147 thesaurum
3041 1091 3186 1144 hunc
3211 1091 3477 1144 habemus
3507 1088 3558 1142 in
3591 1101 3672 1142 te-

2091 1185 2290 1240 staceis
2346 1185 2514 1251 vasis,
2549 1194 2609 1239 ut
2664 1185 2736 1239 sit
2767 1183 3114 1252 exsuperatio
3157 1181 3445 1252 potestatis
3474 1180 3593 1245 Dei,
3620 1190 3674 1234 et

2093 1295 2197 1335 non
2231 1294 2259 1332 a
2282 1279 2457 1339 nobis,
2489 1297 2510 1330 ι
2543 1290 2878 1347 acccpunus,
2904 1276 3059 1345 quasi
3097 1293 3116 1325 ι
3147 1276 3432 1329 thesaurus
3467 1293 3486 1325 ι
3519 1272 3672 1327 dica-

2093 1381 2181 1426 tur
2209 1372 2300 1440 qui
2337 1369 2557 1425 aliunde
2588 1371 2911 1438 desumptus
2934 1376 3036 1433 est,
3068 1366 3357 1421 thesaurus
3402 1364 3673 1433 cognitio-

2090 1462 2175 1516 nis
2221 1469 2278 1515 et
2322 1459 2601 1528 sapientia:
2652 1455 2949 1513 reconditae
2986 1471 3002 1509 :
3033 1473 3051 1506 ι
3086 1452 3284 1524 ﬁglinis
3312 1453 3480 1515 vasis,
3523 1468 3541 1500 ι
3574 1449 3674 1502 hu-

2092 1557 2201 1611 mili
2233 1566 2287 1611 et
2313 1556 2452 1625 apud
2477 1553 2727 1609 ethnicos
2761 1552 3017 1619 despecta
3044 1549 3449 1618 Scripturarum
3475 1543 3673 1599 dictio-

2091 1663 2159 1702 ne
2205 1662 2330 1702 vere
2358 1646 2633 1701 declarata
2682 1641 3060 1711 exsuperantia
3111 1640 3306 1693 divinat
3335 1635 3618 1707 potestatis
3654 1650 3668 1686 :

2092 1747 2386 1811 pntuerunt
2429 1739 2573 1792 enim
2612 1736 2860 1790 veritatis
2910 1732 3161 1803 mysteria
3187 1740 3242 1784 et
3269 1731 3437 1783 virtus
3462 1742 3672 1781 sermo-

2096 1848 2223 1886 num
2251 1872 2266 1895 ,
2300 1830 2433 1884 nihil
2467 1830 2722 1882 obstante
2775 1825 3040 1880 tenuitate
3084 1823 3368 1883 dictionis,
3417 1822 3483 1873 ad
3537 1820 3673 1876 lines

2096 1935 2256 1978 terra:
2293 1922 2598 1991 pervenire,
2629 1928 2683 1970 et
2722 1915 2927 1971 Christi
2967 1914 3222 1968 doctrinae
3262 1928 3367 1967 non
3407 1911 3548 1964 fatua
3580 1927 3671 1965 so-

2092 2015 2201 2067 lum
2242 2012 2446 2076 tinnuli,
2473 2010 2566 2064 sed
2595 2019 2649 2062 et
2684 2008 2957 2076 sapientes
2994 2007 3262 2059 interdum
3308 2003 3559 2069 subigere
3598 2002 3668 2059 ⁷ο.

2094 2106 2351 2159 Videmus
2380 2105 2523 2158 enim
2559 2100 2922 2162 vocationem,
2942 2112 3046 2150 non
3081 2097 3224 2164 quod
3252 2096 3430 2147 nullus
3454 2094 3670 2163 sapiens

2089 2197 2383 2252 secundum
2427 2208 2665 2253 carnem,
2694 2190 2786 2243 sed
2820 2208 2838 2239 ι
2873 2188 3015 2256 quod
3044 2203 3149 2240 non
3176 2186 3326 2239 umlti
3372 2188 3668 2240 secumlum

2091 2301 2310 2341 carnem
2364 2284 2642 2353 sapientes
2665 2281 2731 2333 ".
2775 2298 2794 2331 ι
2836 2278 2943 2332 Sed
2976 2287 3029 2330 et
3062 2278 3275 2330 debitor
3304 2290 3369 2328 ac
3401 2274 3670 2342 obligatus

2087 2387 2170 2431 est
2195 2375 2393 2430 Paulus
2429 2374 2734 2444 przcdicans
2771 2367 3123 2436 Evangelium
3147 2407 3164 2432 ,
3198 2382 3302 2420 non
3339 2366 3513 2419 solum
3540 2364 3671 2417 bar-

2086 2467 2235 2521 baris
2273 2464 2389 2534 ejus
2435 2479 2745 2519 sermonem
2804 2462 3042 2521 tradere,
3075 2459 3167 2512 sed
3205 2468 3263 2511 et
3303 2457 3542 2517 Grmcis:
3570 2448 3679 2510 nec'

2085 2560 2260 2615 solum
2298 2559 2580 2628 imperitis,
2623 2557 2714 2626 qui
2758 2555 3008 2625 pratinus
3043 2552 3439 2613 assentiuntur,
3474 2549 3567 2603 sed
3614 2563 3672 2610 et

2084 2652 2275 2723 peritis
2296 2653 2344 2684 ⁷³
2384 2670 2398 2706 :
2434 2650 2611 2705 factus
2639 2649 2784 2702 enim
2819 2663 2848 2701 a
2882 2648 2987 2701 Deo
3015 2655 3132 2699 erat
3164 2646 3392 2699 idoneus
3422 2642 3673 2695 minister

389 2753 524 2801 νοις,
550 2737 686 2791 ἀλλὰ
718 2740 812 2792 καὶ
840 2746 1047 2810 σοφοῖςο
1078 2743 1310 2798 ίκάνωτο
1350 2745 1458 2817 γὰρ
1501 2747 1605 2799 ὑπὸ
1634 2747 1768 2800 Θεοῦ
1802 2748 1982 2801 διάκο-

2087 2743 2213 2799 Novi
2240 2742 2572 2798 Testamenti
2602 2742 2670 2808 ⁷³,
2693 2749 2848 2795 utens
2870 2735 3334 2793 demonstratione
3367 2733 3592 2803 spiritus
3616 2742 3673 2809 et

388 2844 483 2893 νος
515 2825 653 2883 εἶναι
682 2831 783 2901 τῆς
813 2834 1024 2905 Καινῆς
1055 2835 1352 2907 Διαοήκης,
1399 2837 1680 2909 χρώμενος
1709 2840 1980 2907 ἀποδείξει

2087 2838 2374 2906 pmentiae,
2413 2846 2473 2890 ut
2501 2834 2843 2890 credentium
2899 2830 3147 2886 assensio
3180 2844 3284 2882 non
3339 2826 3411 2880 sit
3458 2827 3524 2879 ab
3570 2825 3672 2878 Ιιιι-

389 2919 702 2989 πνεύματος
726 2923 819 2976 καὶ
840 2923 1141 2996 δυνάμεως,
1166 2927 1251 2981 ἵνα
1276 2930 1309 3000 ἡ
1336 2928 1443 2981 τῶν
1472 2932 1834 2984 πιστευόντων
1857 2949 1980 3000 συγ-

2087 2947 2239 2985 mana
2281 2930 2583 3000 sapientia,
2616 2928 2712 2982 sed
2745 2943 2774 2980 a
2826 2933 3093 2996 potestate
3115 2920 3227 2992 94,
3268 2920 3383 2975 Dei.
3427 2918 3483 2972 Si
3521 2918 3667 2971 enim

388 3012 685 3077 κατάθεσις
726 3016 799 3087 μὴ
915 3018 974 3070 ἐν
1018 3018 1181 3088 σοφίᾳ
1208 3018 1534 3093 ἀνθρώπων,
1570 3021 1683 3074 ἀλλ’
1718 3024 1776 3075 ἐν
1815 3023 1977 3077 δυνά-

2087 3023 2398 3093 elegantiam
2449 3030 2505 3074 et
2539 3020 2790 3074 dictionis
2848 3026 3188 3086 apparatum,
3227 3023 3285 3066 ιιι
3338 3011 3541 3078 scripta
3576 3010 3667 3063 illa

392 3120 486 3174 μει
514 3104 672 3159 Θεοῦ.
701 3107 860 3172 Ἴσως
899 3108 1009 3180 γὰρ
1055 3111 1103 3162 εἰ
1146 3110 1341 3175 κάλλος
1380 3112 1475 3165 καὶ
1512 3112 1803 3184 περιϐολὴν
1839 3112 1978 3185 φρά-

2087 3132 2199 3186 ιιυιιι
2245 3114 2451 3169 Grtecis
2491 3109 2841 3165 admirationi
2887 3116 3049 3170 sunt,
3089 3106 3284 3161 divina:
3319 3103 3517 3156 littera:
3567 3102 3668 3154 ha-

389 3210 570 3260 σεως,
614 3196 691 3260 ὼς
740 3197 806 3252 τὰ
852 3202 984 3270 παρ’
1019 3201 1243 3274 Ἕλλησι
1289 3203 1711 3276 θαυμαζόμενα,
1755 3201 1899 3276 εἶχεν
1946 3208 1980 3278 ἡ

2087 3204 2750 3272 buissent,existimasset
2793 3200 2990 3268 aliquis
3028 3212 3133 3252 non
3188 3196 3435 3250 homines
3478 3192 3673 3246 vicisse

388 3286 605 3360 Γραφὴ,
638 3290 935 3364 ὑπενόησεν
965 3293 1031 3346 ἄν
1059 3311 1142 3358 τις
1181 3296 1241 3348 οὐ
1276 3297 1375 3367 τὴν
1408 3296 1667 3369 ἀλήθειαν
1709 3315 1983 3370 κεκρατη-

388 3379 545 3433 κέναι
566 3381 673 3434 τῶν
719 3384 1040 3457 ἀνθρώπων,
1083 3388 1218 3441 ἀλλά
1262 3388 1362 3461 τὴν
1405 3391 1815 3462 ἐμφαινομένην
1853 3391 1984 3445 ἀκο-

387 3468 609 3527 λουθίαν
646 3475 741 3529 καὶ
790 3477 852 3530 τὸ
884 3479 983 3550 τῆς
1035 3480 1288 3552 φράσεως
1325 3481 1523 3545 κάλλος
1561 3481 1987 3553 ἐψυχαγωγηκέ·

2087 3298 2394 3360 veritatem,
2414 3295 2510 3350 sed
2542 3301 2888 3363 apparentem
2919 3287 3360 3343 consecutionem
3391 3292 3446 3337 et
3479 3276 3681 3336 dictio-4

2087 3389 2173 3443 nis
2199 3387 2544 3459 splendorem
2598 3383 2881 3437 audientes
2930 3378 3293 3449 prolectasse,
3320 3383 3374 3428 et
3402 3371 3672 3426 illecebris

2088 3479 2347 3534 delinitos
2375 3472 2824 3533 circumvenisse.

385 3583 476 3620 ναι
517 3569 643 3633 τοὺς
691 3573 1111 3643 ἀκροωμένους,
1150 3576 1245 3629 καὶ
1277 3576 1562 3649 ὴπατηκὸς
1598 3578 1796 3641 αὐτοὺς
1833 3574 2275 3648 προσειληφέναι.

384 3744 495 3797 ΕΚ
527 3744 670 3797 ΤΟΥ
688 3747 1051 3802 ΠΕΜΠΤΟΥ
1086 3750 1335 3803 ΤΟΜΟΥ
1364 3752 1502 3806 ΤΩΝ
1522 3754 1651 3806 ΕΙΣ
1679 3755 1758 3806 T0
1784 3757 1973 3812 ΚΑΤΑ

2087 3754 2134 3809 Ε
2187 3747 2475 3823 QUINTO
2538 3742 2743 3802 T0510
2800 3739 2890 3795 IN
2938 3734 3270 3793 JOANNIS
3334 3729 3671 3789 EVANGE—

1024 3837 1373 3897 ΙΩΑΝΝΗΝ.
2699 3835 2771 3889 LI
2783 3832 2885 3888 UH
2928 3830 3065 3901 (54).

912 3928 1009 3993 Εἰς
1043 3930 1106 3982 τὸ
1143 3930 1449 4002 προοίμιον.
2662 3924 2715 3980 1η
2765 3921 3104 3994 praefatioae.

461 4014 514 4068 1.
553 4014 705 4070 Ἐπεὶ
736 4016 812 4090 μὴ
840 4020 1177 4092 ἀρκούμενος
1190 4021 1301 4091 (55)
1335 4022 1395 4075 τὸ
1429 4023 1602 4094 παρὸν
1627 4023 1975 4096 ἀνειληφέναι

2155 4026 2207 4082 1.
2244 4022 2513 4092 Quoniam
2545 4034 2653 4074 non
2680 4023 2970 4074 contentus
3006 4015 3058 4068 id
3089 4013 3329 4066 absentis
3359 4010 3464 4064 mei
3507 4022 3668 4063 causa

385 4104 526 4177 πρὸς
546 4108 696 4177 ἡμᾶς
719 4108 879 4180 ἔργον
906 4110 1014 4164 τῶν
1044 4112 1139 4166 τοῦ
1157 4112 1291 4166 Θεοῦ
1318 4114 1694 4185 ἐργοδιωκτῶν
1716 4115 1848 4186 (56),
1883 4117 1978 4169 καὶ

2087 4117 2182 4172 tibi
2219 4114 2407 4186 Operis
2446 4111 2766 4179 sumpsisse,
2789 4117 2848 4162 ut
2875 4106 3003 4161 mihi
3030 4102 3325 4159 secundum
3358 4100 3527 4154 Deum
3556 4114 3673 4152 mo-

383 4195 628 4262 ἀπόντας
658 4199 768 4270 (57)
796 4200 866 4254 τὰ
893 4201 1065 4256 πολλά
1097 4221 1179 4257 σοι
1210 4204 1490 4275 σχολάζειν
1520 4207 1610 4260 καὶ
1635 4206 1712 4278 τῷ
1743 4208 1882 4280 πρὸς
1915 4208 1975 4261 σὲ

2087 4210 2229 4264 nitor
2250 4220 2401 4264 esses
2428 4216 2482 4260 et
2510 4202 2712 4258 laboris
2734 4208 2977 4261 exactor,
2998 4194 3242 4265 postulas
3273 4193 3438 4247 etiam
3468 4201 3546 4257 ut,
3573 4206 3672 4260 pro

383 4290 682 4360 καθήκοντι
715 4293 906 4357 ἀξιοῖς,
956 4294 1098 4364 ἐγὼ,
1133 4297 1397 4351 ἐκκλίνων
1430 4299 1523 4353 τὸν
1570 4300 1814 4372 κάματον
1834 4343 1849 4367 ,
1878 4304 1974 4357 καὶ

2087 4315 2203 4356 meo
2232 4299 2285 4353 in
2318 4307 2369 4351 te
2397 4293 2597 4360 oﬂicio,
2629 4291 2799 4347 multa
2835 4286 3106 4343 claborem
3130 4302 3145 4351 ;
3170 4300 3270 4354 ego
3303 4283 3546 4337 laborem
3589 4281 3672 4335 lu.

384 4383 814 4485 περιιστάμενος
838 4385 927 4439 τὸν
950 4387 1102 4458 παρὰ
1128 4388 1265 4441 Θεοῦ
1293 4389 1403 4444 τῶν
1433 4393 1526 4445 ἐπὶ
1548 4392 1608 4446 τὸ
1634 4395 1867 4465 γράφειν
1893 4398 1974 4460 εἰς

2087 4391 2238 4461 giens
2273 4397 2329 4443 et
2359 4401 2425 4441 eo
2458 4382 2702 4455 periculo
2744 4381 3146 4435 circumsessus
3184 4375 3325 4445 quod
3367 4390 3397 4428 a
3429 4374 3538 4428 Deo
3564 4372 3670 4426 im-

381 4470 456 4524 τὰ
484 4470 604 4525 θεῖα
635 4474 863 4540 ἑαυτοὺς
901 4476 1302 4533 ἐπιδεδωκότων
1344 4480 1619 4551 κίνδυνον,
1652 4486 1979 4558 συναγορεύ-

2087 4484 2283 4553 pendet
2322 4479 2389 4535 iis
2434 4478 2528 4548 qui
2581 4475 2647 4529 ad
2695 4473 3048 4530 scribendum
3106 4471 3158 4524 in
3203 4469 3414 4524 divinas
3459 4467 3672 4521 litteras

383 4579 547 4633 σαιμι
572 4562 640 4618 ἂν
674 4567 899 4637 ἐμαυτῷ
929 4568 1037 4622 ἀπὸ
1075 4570 1171 4641 τῆς
1199 4572 1423 4644 Γραφῆς
1451 4576 1885 4647 παραιτούμενος
1908 4578 1977 4632 τὰ

2087 4591 2209 4632 sese
2223 4568 2912 4637 contulerunt,Scriptur:e
2929 4564 3232 4636 patrocinio
3260 4563 3396 4617 tueri
3427 4576 3513 4615 me
3545 4576 3674 4630 pos-

385 4652 562 4706 πολλὰ
609 4658 781 4710 ποιεῖν
824 4656 1024 4739 βιϐλία.
1053 4661 1191 4732 Φησὶ
1231 4663 1339 4734 γὰρ
1367 4665 1426 4715 ἐν
1453 4664 1531 4735 τῷ
1575 4666 1974 4740 Ἐκκλησιαστῇ

2087 4672 2185 4723 sim
2218 4667 2416 4721 nutltos
2464 4662 2634 4717 libros
2680 4662 2926 4716 scribere
2978 4671 3259 4713 recusans.
3300 4656 3393 4711 Sic
3437 4657 3581 4710 enim
3613 4656 3668 4708 in

381 4742 638 4813 Σολομῶν
661 4762 675 4776 ο
708 4766 726 4796 ι
752 4747 848 4801 Υίέ
880 4767 1003 4820 μου,
1031 4751 1262 4822 φύλαξαι
1285 4754 1379 4807 τοῦ
1404 4756 1515 4827 (58)
1542 4757 1766 4828 ποιῆσαι
1799 4757 1979 4827 βιϐλία

2088 4759 2423 4816 Ecclesiaste
2454 4755 2708 4810 Salomon
2733 4753 2780 4785 ⁷⁴
2811 4769 2824 4805 :
2876 4771 2895 4804 ι
2933 4752 3032 4808 Fili
3068 4753 3161 4817 mi,
3198 4766 3332 4806 cave
3387 4759 3445 4803 ιιι
3471 4748 3670 4801 multos

382 4834 561 4889 πολλά
581 4855 595 4867 ο
625 4839 725 4892 οὐκ
752 4840 867 4893 ἔστι
895 4844 1210 4915 περασμὸς,
1242 4847 1338 4899 καὶ
1372 4848 1572 4918 μελέτη
1597 4849 1765 4921 πολλὴ
1795 4851 1977 4905 κόπω-

2087 4853 2256 4907 libros
2294 4848 2651 4911 conscribas;
2691 4860 2793 4900 non
2826 4856 2908 4899 est
2932 4846 3075 4912 linis,
3106 4854 3163 4898 et
3196 4843 3360 4896 multa
3390 4840 3670 4895 meditatio

383 4944 475 4993 σις
505 4932 725 5003 σαρκός.
767 4953 786 4984 ι
826 4934 1018 5006 Ἡμεῖς
1043 4937 1152 5009 γὰρ
1175 4977 1190 5002 ,
1231 4941 1278 4991 εί
1323 4940 1397 5011 μὴ
1429 4940 1541 5011 ἔχει
1576 4941 1701 4995 νοῦν
1726 4960 1848 4996 τινα
1874 4960 1974 4997 κε-

2087 4943 2261 4998 carnis
2287 4937 2598 5008 defatigatiu
2623 4946 2728 4991 est.
2759 4955 2779 4989 ι
2801 4936 2910 4992 Nos
2939 4939 3113 5003 enim,
3145 4936 3248 4989 nisi
3290 4948 3508 4989 sensum
3549 4933 3667 4986 abs-

424 5043 508 5173 11ἶιι
527 5044 698 5169 ἕξοι.
724 5062 791 5112 ll,
820 5048 908 5102 12.
983 5048 1027 5082 ⁸⁸
1059 5051 1098 5105 ΙΙ
1129 5051 1257 5108 Cor.
1297 5068 1373 5119 Iv,
1404 5056 1456 5109 7,
1534 5055 1583 5088 ἰο
1611 5054 1632 5110 ι
1659 5055 1784 5153 οφ..
1807 5058 1960 5124 ιἰῃ.
2034 5056 2079 5089 ἰι
2099 5056 2235 5112 ἰδία.
2259 5054 2349 5110 26.
2422 5053 2471 5086 ἠ
2488 5051 2648 5106 Βοηι⁸
2678 5063 2721 5116 ι,
2743 5049 2831 5104 LL
2904 5050 2953 5083 ιε
2982 5047 3027 5105 η
3055 5048 3187 5105 ευτ’
3212 5063 3296 5115 m’
3321 5047 3377 5103 6'
3428 5038 3674 5099 ιιΕροΙο·

384 5137 485 5179 Ill,
527 5137 613 5169 ‘IZ.
1728 5142 1736 5153 .

482 5208 573 5274 33)
599 5211 995 5274 Εὐαγγελιου.
1023 5209 1203 5264 Codex
1245 5208 1529 5274 Thuanus,
1560 5211 1969 5274 εὐαγγελιστοῦ.
2080 5212 2217 5269 stola
2247 5212 2515 5268 declarat.

481 5277 926 5355 E’E‘S‘ﬂilw
976 5280 1342 5355 ι’·’ῑιιξιηθιιιυηι
1377 5296 1501 5355 (ξθιι)ζ
1530 5283 1564 5337 5
1603 5277 1934 5355 I’Iiilocqliw.
2120 5284 2268 5355 7(37)
2308 5283 2610 5350 Ἀπόντας.
2662 5281 3001 5355 Alexandria
3052 5278 3199 5355 enim
3232 5286 3386 5355 tunc_
3410 5277 3670 5355 temporis

455 5348 573 5430 ($5)
590 5350 842 5430 'Ert‘ely'h
856 5346 1248 5430 ἀρκούμενος,
1264 5362 1368 5430 etc.
1390 5346 1458 5406 In
1472 5352 1973 5430 PetavianoPhilof

2087 5346 2276 5430 aberat
2307 5346 2650 5430 Ambrosius,
2697 5369 2823 5430 cum
2877 5350 3301 5430 brec_scriberet
3348 5346 3614 5430 Origenes
3648 5363 3662 5376 -

383 5414 777 5492 cal‘iw'codice',
801 5414 961 5492 quém
1004 5414 1229 5492 “obuia:
1255 5421 1509 5492 vidimus,
1542 5425 1731 5477 eadem
1764 5425 1877 5478 haec
1901 5424 1968 5478 ad
2077 5426 2159 5478 sic
2188 5424 2334 5476 enim
2364 5424 2479 5491 ipse
2511 5414 2657 5478 torno
2704 5425 2882 5490 primo
2914 5422 2969 5492 in
2989 5420 3218 5492 Jo_ann.,
3256 5433 3408 5492 num.
3442 5416 3499 5479 ι,
3527 5414 3675 5492 alia;

381 5505 538 5561 oram
569 5491 794 5545 adtexta
817 5485 994 5554 erant,
1025 5507 1146 5559 qua:
1176 5491 1228 5561 in
1265 5490 1399 5561 ητις.
1443 5485 1547 5545 ms.
1600 5494 1969 5560 deprehendit

2087 5501 2165 5546 tur
2188 5485 2530 5547 Ambrosium
2559 5510 2574 5545 :
2618 5485 2788 5546 Ποίαν
2816 5491 2985 5561 ἐχρῆν
3015 5485 3153 5561 εἶναι
3183 5486 3321 5561 μετὰ
3348 5485 3408 5539 τὸ
3432 5485 3576 5561 κατὰ
3603 5486 3665 5540 τὸ

384 5509 538 5542 uram
569 5509 794 5545 autexta
817 5509 994 5554 erant,
1025 5509 1146 5559 qua:
1178 5509 1228 5543 ιιι
1266 5509 1399 5561 mg.
1443 5509 1547 5545 tns.
1600 5509 1969 5560 ueprenenutt

384 5560 646 5635 'l'a_rin_ns,
672 5577 763 5635 _ea
801 5563 1011 5635 scilicet
1057 5577 1071 5612 :
1138 5560 1229 5613 τὸν
1274 5562 1595 5635 ’Λμϐρόσιον
1645 5563 1967 5635 αίνίττεται,

2087 5509 2165 5546 tur
2188 5509 2530 5547 ambrosmm
2559 5510 2574 5545 :
2619 5509 2788 5546 ιιοιαν
2816 5509 2985 5613 εχρην
3015 5509 3153 5543 ειναι
3183 5509 3321 5558 μετα
3348 5509 3408 5539 τυ
3433 5509 3576 5539 κατα
3603 5509 3664 5540 το

2087 5562 2252 5635 σῶμαΔ
2279 5563 2877 5635 κεχωρίσθαιήμᾱς-ἀλ
2912 5561 3057 5635 ή-λων
3083 5557 3444 5635 διαφέρουσαν
3471 5556 3664 5629 (ἁπαρο

382 5630 523 5700 πρὸς
538 5630 791 5705 ὃν,πάντα
819 5629 1293 5705 τάῗέξηγηματικά
1324 5626 1509 5701 exe-Gott
1538 5631 1703 5686 αὐτοῦ
1734 5635 1966 5704 πεποίη-
2077 5626 2198 5705 χὴν)
2282 5626 2390 5705 τὴν,
2415 5626 2543 5703 περὶ
2569 5626 2902 5705 Εὐάγγελ-ίου
2933 5626 3184 5705 ἐξέτασιν
3205 5626 3507 5705 ;11ιιιξξι·ιυε.

381 5698 827 5788 ταιηγράμματοι.
864 5698 1140 5788 ΙΙυε-ἰ-ιιέὲ..
1277 5771 1289 5788 1
1359 5698 1391 5701 “
1457 5772 1468 5784 ν
1494 5772 1506 5788 _
1546 5769 1585 5788 Λ
1624 5771 1635 5782 ⁵
1750 5772 1761 5780 η

2300 5698 2392 5755 ἴἾέ
2426 5698 2580 5782 μίξιν,
2623 5698 2899 5788 φύλαξαι.
2932 5698 3076 5780 τοῦ,
3103 5702 3462 5788 [εισ.νᾼηις.ι·
3510 5700 3663 5788 locus

458 5767 571 5842 (36)
613 5767 1068 5840 Ἦργοδιωπτῶν.
1124 5771 1417 5825 Luculcnla
1454 5772 1506 5826 id
1545 5769 1794 5843 Origcnis
1822 5771 1959 5855 'cpi-
2075 5767 2167 5829 hic
2197 5767 2596 5843 interpungitur
2622 5767 2672 5827 in
2699 5769 2934 5841 vulgatis
2964 5768 3071 5824 τῶν
3097 5767 3161 5824 0'
3195 5769 3549 5828 cditionibus.
3580 5768 3659 5825 lo.

737 5211 1000 5282 γγελιου.
1023 5209 1203 5264 Codex
1245 5208 1529 5277 Thuanus,
1560 5211 1969 5282 εὐαγγελιστοῦ.
