4194 6406
559 309 660 368 187
1989 305 2137 363 ΟΒΙ(

2241 304 2312 360 {IS
3736 312 3840 374 188

557 438 766 486 trusum
815 437 872 484 et
926 426 1086 483 nobis
1140 427 1319 483 adhuc
1371 430 1664 482 obscurum
1719 426 2000 496 proposita
2049 427 2137 480 illa

2243 423 2577 494 κρυμμένον,
2601 423 2695 476 καὶ
2722 422 2802 476 ἔτι
2826 426 2956 494 ἡμῖν
2974 424 3158 497 ἀσαφῆ
3181 427 3215 498 ἡ
3247 427 3390 494 λέξις
3414 429 3448 498 ἡ
3478 433 3842 506 προκειμένη,

557 523 868 578 Salomonis
905 522 1072 577 habet
1105 521 1387 575 sententia
1413 561 1428 586 ,
1461 527 1790 591 praeceptum
1843 518 1894 571 id
1930 519 2137 588 penitus

2245 515 2504 585 ἄντικρυς
2532 516 2998 588 παραϐεϐήκαμεν
3027 518 3127 590 τὴν
3156 520 3397 593 ἐντολὴν,
3425 523 3501 594 μὴ
3529 525 3841 597 φυλαξάμε-

555 615 941 686 perfregimus,
961 614 1054 685 qui
1082 629 1187 670 non
1213 613 1458 670 cavimus
1487 630 1554 668 ne
1590 613 1793 668 mullos
1815 611 1986 667 libros
2014 626 2144 667 con-

559 709 867 763 ﬁceremus.

557 796 782 859 Deinde,
817 806 1089 864 postquam
1119 797 1253 850 dixit
1283 793 1594 918 IOrigenu]
1622 811 1676 848 se
1703 793 1971 848 volumina
2009 809 2143 862 qua-

627 879 749 918 tuor
776 868 829 918 in
860 884 1026 918 pauca
1070 867 1277 918 Evanae
1303 868 1342 918 ii
1386 869 1538 918 verba
1582 866 1899 918 absolvisse.
1942 865 2141 918 adiun-

627 879 749 920 tuor
776 868 829 921 in
858 884 1026 936 pauca
1070 866 1342 938 Evangelii
1386 869 1538 920 verba
1582 866 1899 928 absolvisse,
1942 866 2141 932 adjun-

625 940 722 1006 git.

625 1028 679 1082 2.
710 1029 981 1094 Quantum
1010 1028 1154 1079 enim
1187 1041 1250 1082 ex
1278 1028 1394 1096 ipsa
1422 1026 1662 1080 dictione
1698 1027 1974 1098 conjicere
1995 1028 2138 1096 licet,

557 1121 663 1175 dtto
694 1120 1070 1190 signiﬁcantur
1107 1119 1191 1174 his
1225 1120 1404 1174 verbis
1435 1137 1449 1174 :
1475 1138 1493 1170 ι
1527 1118 1627 1172 Fili
1657 1119 1897 1184 mi,cave
1921 1123 2138 1176 utmul-

557 1223 638 1265 tos
665 1210 836 1265 libros
871 1209 1174 1278 conﬁcias;
1221 1228 1240 1262 ι
1279 1211 1512 1280 primum
1570 1211 1824 1280 quidem,
1861 1226 1968 1266 non
2017 1228 2140 1268 esse

557 1302 836 1358 habendos
877 1301 1076 1357 multos
1126 1301 1316 1370 libros,
1343 1302 1598 1368 alterum,
1633 1317 1740 1356 non
1786 1317 1907 1358 esse
1941 1305 2140 1360 multos

553 1397 956 1464 componendas
988 1413 1003 1450 :
1035 1405 1090 1451 et
1114 1397 1213 1451 nisi
1244 1397 1504 1465 primum,
1539 1395 1698 1463 plane
1722 1397 2019 1451 secundum
2051 1415 2065 1459 ;
2093 1399 2138 1453 si

554 1501 685 1539 vero
714 1489 1011 1540 secundum
1063 1502 1168 1540 non
1215 1486 1450 1556 primum
1479 1487 1740 1540 omnino:
1777 1497 2137 1556 praeterquam

555 1578 697 1645 quod
723 1578 978 1648 utrinque
1011 1578 1192 1632 doceri
1228 1578 1478 1632 videmur
1518 1593 1624 1631 non
1672 1592 1794 1632 esse
1827 1579 2138 1648 complures

557 1668 725 1724 libros
762 1670 1146 1725 conficiendos.
1179 1669 1430 1724 Poteram
1466 1680 1645 1723 autem
1674 1670 1739 1723 ad
1773 1670 1825 1724 id
1862 1676 2006 1738 quod
2039 1686 2135 1724 no-

2246 624 2326 659 νοι
2351 607 2572 678 ποιῆσαι
2608 605 2789 676 βιϐλία
2817 608 3008 663 πολλά.

2237 784 2414 850 Εἶτα,
2459 787 2676 853 εἰπὼν,
2701 787 2781 854 ὡς
2817 790 2904 854 εις
2941 790 3114 860 ὀλίγα
3153 791 3260 845 τοῦ
3290 795 3662 864 Εῠαπγελίου
3682 795 3843 864 ῥητὰ

2339 878 2632 947 τέσσαρες
2663 878 2822 945 αὐτῷ
2844 881 3221 951 διηνύθησαν
3243 885 3431 954 τόμοι,
3453 885 3742 956 ἐπιφέρει.

2313 1031 2369 1084 2.
2409 1032 2572 1085 Ὅσον
2603 1031 2711 1103 γάρ
2744 1031 2837 1084 ἐπὶ
2866 1035 2930 1102 τῇ
2960 1031 3102 1097 λέξει
3134 1032 3228 1087 δύο
3260 1035 3586 1106 σημαίνεται
3618 1039 3686 1092 ἐκ
3706 1039 3803 1092 τοῦ
3825 1057 3837 1070 ·

2250 1143 2266 1175 ι
2306 1122 2408 1176 Υίέ
2440 1141 2540 1194 μου
2566 1165 2580 1188 ,
2612 1121 2844 1192 φύλαξαι
2882 1124 2975 1177 τοῦ
3007 1125 3229 1195 ποιῆσαι
3259 1125 3438 1196 βιϐλία
3473 1127 3679 1181 πολλά’
3722 1149 3739 1180 ι
3784 1130 3841 1182 ἓν

2246 1215 2367 1285 μὲν,
2393 1215 2475 1267 ὅτι
2508 1215 2569 1267 οὑ
2603 1215 2683 1267 δεῖ
2725 1214 3032 1283 κεκτῆσθαι
3076 1215 3256 1283 βιϐλία
3291 1216 3461 1270 πολλά
3487 1235 3499 1247 ·
3534 1219 3725 1290 ἕτερον
3756 1219 3834 1283 δὲ,

2241 1307 2403 1360 ὅτιού
2441 1308 2522 1360 δεῖ
2555 1305 2812 1372 συντάξαι
2844 1306 3028 1376 βιϐλία
3061 1307 3262 1360 πολλά·
3301 1308 3394 1360 καὶ
3429 1311 3476 1361 εί
3511 1308 3585 1380 μὴ
3606 1309 3669 1362 τὸ
3698 1309 3839 1380 πρῶ-

2241 1414 2352 1462 τον,
2396 1397 2612 1461 πάντως
2640 1397 2701 1450 τὸ
2734 1396 3014 1468 δεύτερον·
3049 1401 3097 1450 εἰ
3127 1397 3182 1450 δὲ
3215 1399 3276 1451 τὸ
3309 1399 3582 1470 δεύτερον,
3610 1402 3674 1453 οὐ
3705 1402 3840 1454 πάν-

2239 1508 2348 1553 τως
2379 1489 2440 1542 τὸ
2470 1489 2688 1562 πρῶτον
2711 1506 2723 1518 ·
2758 1488 2898 1559 πλὴν
2929 1490 3268 1562 ἑκατέρωθεν
3301 1491 3524 1562 δόξομεν
3556 1493 3667 1562 (59)
3699 1509 3838 1562 μαν-

2242 1581 2425 1635 θάνειν
2455 1582 2530 1652 μὴ
2564 1582 2673 1635 δεῖν
2708 1583 2884 1634 ποιεῖν
2909 1581 3090 1650 βιϐλία
3121 1583 3364 1636 πλείονα.
3411 1584 3726 1654 Ἠδυνάμήν
3757 1584 3836 1648 δὲ,

2243 1675 2377 1747 πρὸς
2423 1676 2485 1728 τὸ
2514 1675 2609 1728 νῦν
2643 1678 2772 1746 ἡμῖν
2815 1675 3211 1739 ὑποπεπτωκδς
3255 1677 3565 1747 ἱστάμενος,
3605 1679 3840 1730 ἐπιστεῖ·

555 1759 639 1812 his
668 1760 768 1813 sub
801 1759 972 1813 aciem
1021 1761 1288 1814 sermonis
1326 1761 1504 1826 venit,
1555 1761 1957 1826 adlucrescens,
1988 1763 2053 1815 ad
2086 1773 2137 1817 te

2241 1767 2324 1820 λαί
2362 1784 2444 1820 σοι
2483 1767 2558 1831 ὡς
2607 1767 2903 1835 ἀπολογίαν
2939 1768 2999 1821 τὸ
3035 1769 3231 1840 ῥητόν·
3281 1769 3375 1822 καὶ
3414 1770 3838 1833 κατασκευάσας

554 1847 850 1920 Scriptura:
882 1853 1083 1906 dictum
1112 1853 1480 1907 excusationis
1508 1853 1626 1908 loco
1659 1854 1899 1920 mittere,
1931 1864 1984 1906 et
2005 1870 2136 1908 con-

555 1941 770 1995 ﬁrmata
800 1956 857 1995 re
877 1957 942 1996 ex
976 1957 1042 1996 eo
1071 1943 1215 2011 quod
1240 1956 1416 2012 neque
1442 1941 1617 1997 sancti
1654 1942 1944 1997 multorum
1975 1945 2137 1997 libro-

552 2049 671 2087 rum
699 2033 1078 2102 compositioni
1101 2035 1430 2097 studuerint,
1451 2033 1700 2088 desinere
1727 2033 1981 2100 deinceps
2009 2035 2137 2087 sub-

549 2125 783 2198 jungere
826 2127 1254 2182 commentarios
1298 2127 1453 2194 juxta
1491 2125 1668 2181 foedus
1717 2127 1858 2180 inter
1897 2126 2006 2196 95
2038 2142 2136 2181 nos

551 2216 745 2272 initum
782 2216 849 2270 ad
901 2226 952 2272 te
993 2216 1475 2281 transmittendos;
1503 2227 1555 2270 et
1583 2225 1636 2269 tu
1674 2215 1909 2270 fortasse
1937 2217 2024 2270 illo
2051 2218 2134 2270 di-

551 2317 641 2363 cto
671 2307 968 2378 Scriptura
1012 2319 1317 2362 commotus
1346 2307 1396 2360 id
1434 2307 1564 2360 mihi
1596 2307 1648 2360 in
1694 2317 1968 2374 posterum
1999 2322 2134 2362 con-

550 2409 811 2465 cessisses
835 2423 852 2463 :
884 2409 979 2464 sed
1003 2407 1260 2478 quoniam
1289 2407 1590 2476 Scriptum
1631 2422 1753 2461 cum
1784 2418 1930 2461 recta
1957 2416 2136 2462 mente

551 2511 607 2556 et
636 2501 974 2556 conscientia
1002 2499 1339 2555 excutienda:
1369 2508 1525 2563 sunt,
1553 2513 1651 2553 nec
1679 2509 1882 2553 temere
1904 2500 2136 2569 gauden-

551 2591 678 2648 dum
705 2591 864 2662 quasi
914 2605 1008 2646 eas
1032 2589 1305 2660 intelligas
1331 2606 1396 2645 ex
1435 2605 1501 2644 eo
1528 2589 1672 2658 quod
1715 2590 1912 2643 nudam
1943 2590 2138 2644 dictio-

553 2700 679 2739 nem
715 2697 1047 2753 perceperts,
1081 2699 1195 2738 rem
1249 2697 1356 2736 non
1405 2682 1634 2751 prolato,
1677 2695 1797 2745 nec,
1827 2697 1947 2751 quae
2001 2683 2132 2736 mihi

551 2776 769 2830 videtur
822 2771 1150 2844 suﬂragari,
1201 2771 1577 2827 defensionem
1635 2771 1837 2837 affero,
1889 2787 1996 2842 qua
2058 2772 2133 2826 uti

551 2877 744 2924 contra
775 2882 862 2922 me
900 2869 1098 2938 possis,
1131 2866 1174 2921 si
1205 2876 1400 2935 praeter
1424 2875 1639 2933 pactum
1685 2865 1889 2935 aliquid
1927 2865 2133 2919 fecero.

551 2962 631 3012 Ac
658 2959 891 3029 primum
916 2958 1156 3027 quidem,
1188 2959 1406 3027 quando
1430 2957 1589 3014 dictis
1616 2958 1722 3012 illis
1750 2955 1974 3011 historia
2003 2969 2136 3010 con-

552 3050 757 3105 sentire
785 3049 1020 3113 videtur,
1052 3062 1176 3102 cum
1211 3062 1369 3103 nemo
1409 3058 1722 3102 sanctorum
1761 3046 1944 3117 plures
1984 3059 2135 3100 com-

553 3140 848 3197 mentarios
895 3140 1152 3207 ediderit,
1209 3156 1308 3196 nec
1361 3140 1544 3196 multis
1608 3139 1762 3194 libris
1822 3153 1981 3194 sensa
2035 3153 2134 3192 sua

550 3234 886 3304 exposuerit,
913 3234 980 3289 de
1029 3234 1132 3288 hoc
1172 3233 1559 3303 disputandum
1604 3242 1710 3288 est.
1741 3232 1842 3300 Qui
1873 3247 2006 3286 vero
2045 3245 2134 3286 re-

547 3326 853 3396 prehendet
885 3327 1035 3395 quod
1071 3325 1138 3378 ad
1181 3325 1337 3394 plura
1375 3324 1664 3380 scribenda
1700 3338 1786 3378 me
1829 3322 2135 3391 accingam,

549 3415 813 3489 Moysem,
837 3417 998 3472 talem
1021 3431 1086 3472 ac
1105 3427 1314 3472 tantum
1339 3417 1538 3484 virum,
1555 3417 1795 3488 quinque
1807 3413 1953 3472 solos
1971 3411 2141 3470 libros

551 3509 842 3567 reliouisse
867 3513 1036 3569 dicet.

2237 1859 2300 1911 τὸ
2333 1860 2587 1929 πρᾶγμα,
2613 1861 2675 1911 ἐκ
2705 1859 2800 1912 τοῦ
2833 1860 2969 1931 μηδὲ
3002 1862 3128 1924 τοὺς
3156 1862 3344 1929 ἁγίους
3374 1862 3582 1916 πολλῶν
3617 1861 3840 1932 βιϐλίων

2241 1949 2556 2014 συντάξεσιν
2587 1950 2962 2021 ἐσχολακέναι,
2993 1952 3305 2006 παύσασθαι
3336 1954 3472 2025 πρὸς
3494 1954 3554 2007 τὸ
3587 1952 3717 2024 ἑξῆς
3742 1951 3838 2005 τοῦ

2238 2045 2379 2094 κατὰ
2419 2042 2516 2106 τὰς
2566 2042 2840 2114 συνθήκας
2890 2044 2957 2108 ἃς
2991 2045 3371 2117 ἐποιησάμεθα
3403 2047 3539 2117 πρὸς
3569 2045 3839 2118 ἀλλήλους

2238 2133 2598 2203 ὑπαγορεύειν
2623 2134 2693 2188 τὰ
2725 2135 3260 2209 διαπεμφθησόμενά
3290 2155 3400 2191 σοι·
3439 2139 3533 2191 καὶ
3572 2139 3718 2209 τάχα
3750 2139 3836 2203 σὺ,

2238 2225 2467 2296 πληγεὶς
2497 2225 2601 2279 ὑπὸ
2619 2228 2718 2298 τῆς
2739 2228 2958 2295 λέξεως,
2988 2231 3128 2301 πρὸς
3156 2232 3217 2284 τὸ
3245 2231 3371 2303 ἐξῆς
3411 2232 3476 2286 ἂν
3505 2235 3638 2303 ἡμῖν
3684 2232 3839 2298 ξυνε-

2236 2317 2528 2389 χώρησας·
2572 2319 2686 2374 ἀλλ’
2721 2321 2844 2374 ἐπεὶ
2896 2323 2995 2394 τὴν
3035 2324 3258 2394 Γραφὴν
3287 2324 3397 2394 (40)
3449 2325 3837 2386 εὐσυνειδότως

2235 2410 2318 2464 δεῖ
2351 2411 2654 2479 ἐξετάζειν,
2685 2414 2762 2486 μὴ
2791 2416 3079 2487 προπετῶς
3110 2417 3288 2488 ἐαυτῷ
3334 2418 3838 2488 καταχαριζόμενον

2237 2504 2300 2558 τὸ
2338 2506 2685 2575 νενοηκέναι,
2733 2509 2798 2560 ἐκ
2839 2506 2932 2560 τοῦ
2970 2507 3133 2579 ψιλὴν
3177 2508 3274 2578 τὴν
3299 2508 3442 2574 λέξιν
3471 2509 3833 2580 ἐξειληφέναι,

2235 2597 2335 2666 οὐχ
2365 2597 2641 2668 ὑπομένω,
2668 2597 2744 2670 μὴ
2778 2598 2876 2670 τὴν
2904 2601 3235 2670 φαινομένην
3276 2617 3365 2670 μοι
3413 2601 3553 2670 ὑπὲρ
3593 2600 3834 2671 ἐμαυτοῦ

2239 2686 2560 2764 ἀπολογίαν,
2660 2697 2890 2767 χρήσαιο
2918 2696 2983 2750 ἂν
3016 2698 3138 2750 κατ’
3167 2697 3389 2767 ἐμοῦ,εί
3413 2696 3566 2768 παρὰ
3582 2697 3683 2760 τὰς
3715 2713 3837 2748 συν-

2238 2787 2411 2859 θήκας
2441 2791 2729 2860 ποιήσαιμι
2761 2790 3100 2862 παρατιθείς.
3158 2791 3266 2844 Καὶ
3307 2791 3526 2861 πρῶτόν
3564 2808 3627 2859 γε
3650 2831 3666 2854 ,
3716 2789 3838 2843 ἐπεὶ

2237 2879 2385 2933 δοκεῖ
2411 2883 2476 2951 τῇ
2511 2880 2653 2945 λέξει
2695 2881 3080 2952 συναγορεύειν
3118 2884 3151 2952 ἡ
3191 2882 3421 2952 ἱστορία,
3467 2882 3685 2946 οὐδενὸς
3726 2881 3834 2934 τῶν

2237 2971 2410 3038 ἁγίων
2449 2972 2809 3036 ἐκδεδωκότος
2845 2972 3126 3036 συντάξεις
3171 2972 3456 3037 πλείονας,
3488 2974 3583 3026 καὶ
3613 2975 3674 3027 ἐν
3709 2973 3836 3025 πολ-

2237 3061 2356 3127 λαῖς
2383 3062 2586 3134 βίϐλοις
2613 3063 2706 3117 τὸν
2729 3062 2854 3118 νοῦν
2877 3062 3044 3117 αὐτοῦ
3079 3063 3452 3134 ἐκτιθεμένου,
3487 3064 3615 3136 περὶ
3641 3063 3834 3117 τούτου

2242 3155 2482 3208 λεκτέον.
2535 3156 2593 3209 '0
2633 3155 2690 3209 δὲ
2729 3154 2977 3224 ἐγκαλῶν
3014 3171 3104 3226 μοι
3154 3156 3234 3219 είς
3279 3154 3528 3221 σύνταξιν
3573 3154 3835 3208 πλειόνων

2245 3246 2552 3319 ἐρχομένῳ,
2595 3247 2688 3301 τὸν
2717 3247 3034 3318 τηλικοῦτον
3061 3247 3298 3304 Μωῡσέα
3325 3248 3486 3319 φήσει
3522 3247 3634 3321 (Η)
3673 3247 3834 3301 πέντε

2247 3340 2415 3412 μόνας
2439 3339 2654 3410 βίϐλους
2683 3340 3152 3395 καταλελοιπέναι.

1083 3758 1179 3814 EX
1209 3759 1445 3817 EODEM
1475 3759 1670 3819 TOMO
1702 3760 1966 3829 QUINTO
2003 3762 2664 3822 COMMENTARIORUM
2697 3763 2765 3822 IN
2798 3762 3117 3821 JOANNEM
3157 3765 3292 3838 (42).

1787 3879 2080 3951 Interprete
2117 3879 2348 3936 Henrico
2390 3879 2622 3937 Valesio.

621 3996 676 4052 ‘5.
737 3997 788 4052 Is
843 4009 975 4051 vero
1025 4011 1186 4065 quem
1245 3997 1388 4051 Deus
1435 3997 1690 4053 idoneum
1742 3997 2001 4065 reddidit,
2040 3998 2134 4067 qui

551 4089 686 4146 Novi
717 4088 1053 4145 Testamenti
1084 4089 1336 4144 minister
1364 4099 1532 4153 esset,
1569 4106 1677 4145 non
1709 4089 1889 4144 littera
1920 4098 1979 4144 et
2013 4103 2138 4143 ver-

553 4183 636 4237 bis
659 4191 838 4249 tenus,
865 4182 961 4237 sed
987 4181 1214 4252 spiritus
1235 4182 1452 4254 (ipsius,
1476 4181 1674 4237 Paulus
1693 4183 1921 4247 scilicet,
1951 4182 2042 4250 qui
2069 4181 2136 4235 ab

553 4273 952 4345 Hierosolymis
995 4283 1050 4330 et
1079 4274 1328 4330 ﬁnitimis
1356 4275 1491 4330 locis
1539 4289 1711 4343 usque
1750 4273 1815 4326 ad
1857 4273 2136 4343 Illyricum

2313 3997 2367 4051 5.
2417 3999 2475 4051 Ὀ
2504 3998 2561 4052 δὲ
2593 3999 2881 4063 ίκανωθεὶς
2904 4000 3150 4063 διάκονος
3187 3998 3443 4069 γενέσθαι
3470 3998 3572 4071 τῆς
3617 4001 3832 4070 Καινῆς

2243 4089 2540 4162 Διαθήκης,
2591 4093 2651 4145 οὐ
2689 4092 3019 4163 γράμματος
3058 4091 3194 4146 ἀλλὰ
3229 4092 3558 4164 πνεύματος,
3594 4095 3828 4157 Παῦλος,

2243 4183 2275 4235 ὁ
2301 4184 2682 4255 πεπληρωκὼς
2713 4185 2773 4238 τὸ
2801 4186 3135 4254 Εὑαγγέλιον
3164 4187 3272 4240 ἀπὸ
3313 4187 3696 4259 Ἰερουσαλὴμ,
3733 4187 3830 4240 καὶ

2245 4275 2432 4346 κύκλῳ
2469 4276 2631 4346 μέχρι
2678 4277 2774 4331 τοῦ
2827 4278 3144 4349 Ἰλλυρικοῦ,
3189 4278 3316 4332 οὐδέ
3346 4279 3549 4342 πάσαις
3591 4279 3829 4351 ἔγραψεν

551 4367 907 4439 Evangelium
937 4367 1256 4437 adimplevit
1299 4367 1368 4433 ",
1421 4383 1531 4422 non
1577 4366 1838 4422 omnibus
1874 4363 2137 4418 Ecclesiis

2245 4362 2334 4431 αἷς
2356 4368 2592 4435 ἐδίδαξεν
2621 4369 2992 4442 Ἐκκλησίαις·
3012 4372 3148 4425 ἀλλὰ
3176 4373 3270 4424 καὶ
3304 4365 3394 4435 αἷς
3426 4371 3688 4443 ἔγραψεν,
3723 4371 3832 4424 ὀλί-

552 4475 692 4532 quas
723 4461 992 4517 docuerat
1046 4460 1284 4535 scripsit,
1340 4463 1435 4514 sed
1479 4471 1534 4514 et
1584 4461 1651 4514 iis
1680 4459 1879 4529 quibus
1920 4458 2137 4526 scripsit

2245 4475 2374 4526 γους
2407 4459 2622 4528 στίχους
2654 4459 2956 4512 ἐπέστειλε.
2987 4460 3192 4532 Πέτρος
3223 4461 3280 4514 δὲ
3316 4462 3401 4530 ἐφ’
3449 4455 3494 4530 ᾧ
3527 4461 3828 4533 οἰκοδομεῖ-

554 4565 760 4623 paucas
797 4551 1088 4607 admodum
1139 4552 1311 4607 lineas
1362 4553 1614 4608 exaravit
1687 4551 1882 4605 Petrus
1934 4559 2138 4614 autem,

552 4644 641 4700 cui
678 4652 933 4715 tanquam
970 4641 1327 4698 fundamento
1361 4652 1736 4712 superstructa
1767 4652 1853 4697 est
1894 4641 2140 4696 Ecclesia

549 4737 779 4804 Christi,
831 4736 1092 4791 adversus
1132 4751 1297 4804 quam
1331 4750 1432 4791 nec
1462 4735 1591 4804 ipsa:
1617 4735 1915 4790 inferorum
1969 4742 2138 4805 portae

553 4828 916 4897 praevaliturte
946 4838 1076 4883 sunt
1117 4829 1185 4894 ",
1227 4843 1390 4883 unam
1433 4828 1700 4883 duntaxat
1733 4830 1976 4882 omnium
2007 4841 2140 4882 con-

553 4933 718 4973 sensu
789 4927 1064 4988 receptam
1125 4919 1345 4988 reliquit
1393 4917 1706 4988 epistolam.
1765 4916 2141 4974 Concedamus

627 5035 674 5067 ⁷⁵
706 5034 866 5090 Rom.
887 5024 981 5100 xv,
1002 5035 1088 5091 l9.
1168 5036 1218 5070 ⁷⁸
1243 5033 1437 5091 Matth.
1466 5050 1580 5103 xw,
1610 5035 1698 5090 18.

646 5150 741 5220 59)
763 5149 1047 5221 Δόξομεν.
1086 5149 1269 5221 Codex
1297 5150 1513 5204 Thuan.
1539 5149 1807 5221 δείξομεν.

605 5219 744 5306 ’(40)
803 5220 922 5290 Τὴν
960 5220 1235 5290 Γραφήν.
1288 5221 1505 5276 Thuan.
1555 5219 1768 5288 codex,
1829 5220 1936 5274 τῶν
1997 5219 2138 5292 Γρα-

555 5310 742 5436 9021.1)
771 5361 889 5444 Τόν
915 5359 1272 5444 τηλικοῦτον
1293 5361 1552 5444 Mod)th
1589 5362 1799 5433 φήσει.
1829 5360 1944 5416 Hoc
1970 5361 2135 5444 etiam

558 5433 906 5506 argumento,
941 5444 1140 5502 praeter
1160 5433 1290 5495 alia,
1343 5435 1578 5500 probare
1610 5448 1903 5502 possumus
1931 5433 2138 5485 alteru-

560 5515 706 5560 trum
732 5504 1210 5582 egommentariis
1245 5505 1298 5559 in
1323 5502 1426 5558 Job
1465 5502 1899 5582 Origeninvuolgo
1919 5501 2143 5582 tributis

558 5574 963 5646 supposititium
992 5589 1292 5646 esseLcum
1321 5575 1602 5646 posterius
1628 5588 1658 5626 a
1681 5573 1939 5646 Perionio
1971 5573 2142 5626 inter-

580 5643 831 5700 tseiatum
863 5645 1102 5714 Moysem
1126 5643 1332 5699 librum
1353 5643 1472 5698 Jobi
1498 5643 1807 5710 scripsisse,
1833 5645 1985 5712 prius
2012 5657 2144 5697 vero

560 5661 816 5772 itebraice
839 5717 1174 5770 convertisse
1197 5715 1410 5770 doceat.
1445 5715 1713 5770 Hos-nos.

601 5716 816 5769 ebraice
839 5717 1174 5770 convertisse
1197 5715 1410 5770 doceat.
1445 5715 1713 5770 Hos-nos.

630 5783 749 5855 (42)
775 5784 1011 5841 Exhibet
1041 5785 1210 5842 hocce
1259 5787 1623 5858 fragmentum
1683 5783 1950 5843 Eusebius
1996 5782 2139 5840 llist.

2244 4554 2395 4623 ταιή
2432 4551 2670 4623 Χριστοῦ
2726 4551 3046 4623 Ἐκκλησία,
3077 4548 3145 4623 ἧς
3182 4553 3349 4607 πύλαι
3394 4553 3522 4625 ᾅδου
3567 4554 3629 4606 οὐ
3673 4569 3829 4607 κατι-

2248 4643 2528 4716 σχύσουσι,
2564 4646 2694 4716 μίαν
2722 4647 3012 4718 ἐπιστολὴν
3039 4645 3477 4717 ὁμολογουμένην
3512 4645 3827 4700 καταλέλοι-

2247 4754 2368 4792 πεν.
2407 4739 2588 4792 Ἔστω
2613 4740 2670 4794 δὲ
2698 4741 2790 4794 καὶ
2817 4739 3074 4812 δευτέραν
3096 4739 3229 4810 (45)·
3269 4737 3669 4808 ἀμφιϐάλλεται
3697 4740 3826 4809 γάρ.

2246 4828 2313 4880 Τί
2356 4827 2439 4880 δεῖ
2479 4829 2606 4900 περὶ
2640 4829 2735 4883 τοῦ
2782 4831 3147 4893 ἀναπεσόντος
3185 4828 3365 4896 λέγειν
3408 4829 3502 4882 ἐπὶ
3534 4830 3596 4883 τὸ
3630 4830 3827 4899 στῆθος

2251 4918 2346 4974 τοῦ
2392 4921 2587 4992 Ἰησοῦ,
2627 4922 2877 4977 Ἰωάννου
2901 4939 2916 4986 ;
2947 4923 3044 4985 Ὃς
3074 4921 3406 4990 Εὐαγγέλιον
3436 4921 3494 4972 ἓν
3520 4921 3833 4975 καταλέλοι-

2246 5147 2429 5204 eccles.
2473 5145 2569 5200 lib.
2605 5161 2678 5208 νι.
2711 5160 2760 5200 c.
2785 5145 2880 5200 25.
3463 5187 3470 5195 .

2318 5218 2434 5287 (45)
2474 5219 2674 5271 Ἔστω
2702 5216 2782 5287 δέ
2804 5215 2903 5272 καὶ
2932 5216 3240 5285 δευτέραν,
3277 5225 3386 5270 etc.
3422 5215 3556 5269 Eam
3589 5212 3826 5287 admittit

2245 5284 2508 5358 Origenes
2533 5288 2721 5342 homil.
2751 5285 2784 5339 7
2815 5287 2867 5340 in
2896 5287 3056 5341 Josste
3083 5284 3110 5341 :7
3142 5305 3160 5335 ι
3199 5287 3392 5358 Petrus
3427 5287 3591 5358 etiam
3611 5284 3825 5358 duabus

2249 5352 2616 5428 Epistolarum
2647 5371 2868 5428 suarum)
2893 5366 3147 5428 personat
3175 5357 3338 5428 tubis.
3374 5375 3392 5406 ι
3424 5355 3692 5428 Eusebius
3727 5352 3820 5428 lib.

2247 5422 2307 5485 ιιί
2350 5427 2516 5489 Hist.,
2543 5444 2665 5492 cap.
2693 5427 2726 5481 5
2754 5444 2768 5479 :
2794 5422 2906 5492 Τὴν
2937 5427 2995 5480 δέ
3039 5427 3346 5497 φερομένην
3375 5425 3542 5497 αὐτοῦ
3570 5422 3824 5494 (Πέτρου)

2249 5498 2508 5570 δευτέραν
2545 5499 2645 5550 οὐκ
2689 5497 3004 5567 ἐνδιάθηκον
3049 5493 3149 5568 μέν
3175 5493 3315 5550 εἶναι
3364 5495 3780 5618 παοειλήφιὶμεν
3805 5507 3819 5520 ⁶

2250 5571 2402 5618 sum:
2431 5569 2488 5618 δὲ
2518 5567 2734 5618 πολλοῖς
2766 5569 3034 5618 νεήσιμος
3058 5570 3304 5618 ωανεῖσα.
3344 5547 3479 5618 μετᾶ
3510 5565 3617 5617 τῶν
3717 5565 3819 5616 λων

2250 5565 2488 5640 δμωςδὲ
2518 5567 2734 5628 πολλοῖς
2766 5565 3304 5648 χρήσιμοςφανεῖσα,
3344 5565 3479 5637 μετὰ
3510 5565 3617 5617 τῶν
3650 5565 3824 5618 ἄλλων

2252 5639 2597 5708 ἐσπουδάσθη
2621 5640 2886 5712 ίῐξραφων.
2915 5655 2936 5690 ι
2971 5637 3103 5702 ριιειξ
3147 5653 3277 5712 ve_r_o
3306 5639 3542 5712 scc_tmda
3588 5635 3823 5712 appella.-

2253 5721 2364 5772 tur.
2395 5725 2514 5764 eam
2539 5703 2773 5778 quidem
2797 5710 2939 5762 inter
2977 5722 3162 5761 sacros
3206 5705 3339 5778 Novi
3370 5703 3822 5778 Testamenti_li:

2253 5781 2380 5837 bros
2411 5771 2638 5852 positam
2679 5795 2783 5836 nou
2811 5793 2932 5836 esse
2962 5793 2989 5833 a
3023 5777 3332 5849 majoribus
3350 5775 3682 5848 accepimus.
3717 5771 3825 5830 Sed
