4194 6404
409 369 519 428 189

1510 363 1868 422 COMMENT.
1910 364 1976 419 IN
2015 363 2206 422 JOAN.
2243 365 2483 423 TOMUS
2515 364 2584 422 Il.

3577 349 3681 407 £90

401 501 529 552 πεν,
566 484 846 558 ὁμολογῶν
875 481 1136 539 δύνασθαι
1166 481 1405 538 τοσαῦτα
1438 484 1705 554 ποιήσειν,
1738 483 1773 537 ἃ
1802 483 1925 536 οὐδὲ
1974 484 2003 535 ό

2122 501 2236 541 iero
2266 494 2322 541 et
2355 485 2650 541 secundam
2698 478 2816 550 ejus
2843 493 2966 536 esse
2996 491 3013 533 :
3042 477 3108 533 de
3136 476 3240 532 hac
3271 471 3416 530 enim
3448 469 3681 537 ambigi-

405 581 611 652 κόσμος
635 579 883 650 χωρῆσαι
907 579 1148 631 ἐδύνατο.
1188 574 1434 648 Ἔγραψε
1465 575 1520 628 δὲ
1559 577 1652 630 καὶ
1683 576 1782 648 τὴν
1831 578 1990 631 Ἀπο-

2123 593 2204 630 ur.
2253 575 2372 632 Jam
2420 591 2549 631 vero
2598 574 2729 644 quid
2779 571 3070 627 dicendum
3118 576 3200 624 est
3235 567 3301 622 de
3356 578 3423 619 eo
3487 561 3578 630 qui
3627 560 3680 612 in

407 672 663 742 κάλυψιν,
704 671 1018 734 κελευσθεὶς
1063 669 1361 739 σιωπῆσαι,
1411 668 1504 720 καὶ
1547 668 1621 740 μὴ
1655 667 1866 740 γράψαι
1890 667 1990 730 τὰς

405 766 516 820 τῶν
544 765 685 817 ὲπτά
725 763 964 837 βροντῶν
1002 763 1204 832 φωνάς.
1233 760 1608 815 Καταλέλοιπε
1641 760 1699 812 δὲ
1743 761 1837 813 καὶ
1869 763 1991 815 ὲπι-

409 857 600 929 στολὴν
646 855 788 909 πάνυ
827 855 1021 922 ὀλίγων
1057 854 1274 924 στίχων·
1307 851 1448 905 ἔστω
1477 851 1532 904 δὲ
1575 851 1668 904 καὶ
1709 851 1989 924 δευτέραν,

2098 669 2218 723 sinu
2246 668 2446 724 Christi
2483 667 2730 723 recubuit
2759 667 2827 732 "",
2858 665 3068 721 Joanne
3091 663 3115 716 ’ί
3136 660 3236 729 Qui
3269 657 3484 729 quidem
3517 669 3684 709 unum

2100 760 2326 830 reliquit
2354 761 2728 831 Evangelium,
2766 758 2985 814 tametsi
3013 755 3251 810 fateatur
3286 761 3364 806 tot
3409 764 3471 805 se
3517 747 3686 801 libros

2100 853 2346 907 scribere
2399 853 2641 921 potuisse
2693 859 2827 921 quot
2889 863 2989 904 nec
3033 847 3184 902 orbis
3245 843 3359 913 ipse
3415 847 3685 894 terrarum

408 949 504 1002 καὶ
531 949 739 1020 τρίτην·
785 948 907 1000 ἐπεὶ
931 947 992 1000 ού
1026 945 1228 1008 πάντες
1253 944 1386 1014 φασὶ
1412 943 1671 1014 γνησίους
1706 939 1842 995 εἶναι
1879 943 1991 1010 (44)

2122 951 2282 997 ιοεεει
2302 943 2595 998 continere
2617 942 2684 997 ⁷⁸.
2713 942 2950 1010 Scripsit
2970 948 3228 1011 praeterea
3255 931 3685 991 Revelationem,

407 1042 634 1104 ταύτας.
669 1040 817 1112 Πλὴν
849 1040 949 1093 οὐκ
980 1039 1085 1090 εἰσὶ
1111 1038 1308 1108 στίχων
1336 1035 1645 1106 ἀμφότεραι
1674 1034 1886 1089 ἑκατόν.

2095 1035 2279 1103 jussus
2315 1035 2503 1100 silere,
2538 1050 2639 1091 nec
2673 1043 2884 1105 septem
2917 1031 3218 1087 tonitruum
3264 1041 3426 1081 voces
3448 1021 3689 1095 perscri-

411 1139 542 1192 bere
577 1134 643 1187 "’.
694 1134 926 1203 Scripsit
975 1132 1140 1184 etiam
1181 1129 1468 1198 epistolam
1504 1127 1792 1181 admodum
1837 1123 2077 1178 brevem.
2126 1123 2234 1179 Sed
2267 1127 2651 1190 concedamus,
2702 1127 2748 1180 si
2780 1124 2984 1195 placet,
3038 1131 3095 1176 et
3131 1119 3422 1174 secundam
3471 1121 3526 1168 et
3577 1119 3691 1165 ter.

416 1231 545 1282 tiam
585 1226 653 1280 ab
684 1226 774 1278 illo
811 1226 1045 1293 scriptas
1082 1237 1236 1284 esse;
1283 1234 1457 1289 neque
1488 1220 1632 1276 enim
1671 1219 1770 1274 bas
1808 1217 2072 1288 genuinas
2117 1217 2264 1273 illius
2305 1233 2426 1275 esse
2477 1233 2668 1274 omnes
2721 1215 3094 1274 consentiunt.
3134 1210 3320 1268 Ambze
3377 1219 3554 1262 tamen
3599 1205 3686 1258 vix

413 1330 628 1374 centum
660 1333 852 1374 versus
873 1319 1176 1372 continent.

415 1431 581 1497 Εἶτα,
628 1431 1203 1500 ἁπαριθμησάμενος
1243 1429 1554 1499 προφήτας
1595 1429 1696 1482 καί
1733 1428 2002 1500 ἀποστό-

485 1508 654 1626 Elide,
681 1498 860 1572 exh-ci
882 1498 1164 1567 ἑκάστου,
1189 1501 1226 1570 ἢ
1257 1498 1401 1554 οὐδὲ
1438 1502 1612 1570 ὀλίγα
1635 1498 1998 1569 γράψαντος,

567 1592 715 1643 αγει.

2106 1427 2218 1501 96
2241 1428 2464 1510 Βεὶιξάε,
2495 1429 2763 1510 ῃνορίιειὶε
2803 1434 2849 1479 et
2877 1420 3128 1510 apostolis
3165 1412 3488 1473 enumeratis
3507 1451 3522 1470 .
3554 1424 3691 1510 qup-

2178 1495 2294 1553 Fum
2331 1500 2527 1579 singuli
2567 1495 2757 1565 pauca,
2807 1500 2895 1550 sed
2944 1508 3109 1564 neque
3150 1504 3321 1560 pauca
3367 1495 3692 1550 conscripse-

2178 1581 2324 1634 runt,
2351 1571 2502 1623 addit
2531 1565 2880 1641 [Θάρυκι]

1653 1665 1684 1719 Ι
1690 1675 1947 1730 nterprele
1983 1667 2196 1724 Joanne
2229 1668 2451 1722 Tarino.

491 1763 542 1816 4.
612 1763 768 1816 Μετὰ
797 1761 970 1816 ταῦτα
1019 1761 1254 1832 ίλιγγιᾷν
1303 1779 1393 1833 μοι
1427 1758 1718 1832 ἐπέρχεται
1750 1761 1993 1815 σκοτοδι-

2171 1763 2225 1816 4.
2254 1760 2370 1831 (45)
2393 1759 2582 1812 l-laereo
2608 1755 2802 1812 deinde
2847 1767 2910 1807 ac
2938 1748 3298 1817 caligantibus
3322 1741 3492 1799 oculis
3520 1736 3692 1792 verti-

419 1855 626 1920 νιῶντι,
690 1857 764 1926 μὴ
826 1857 933 1924 ἄρα
984 1832 1312 1925 πειθαρχῶν
1352 1871 1433 1908 σοι
1478 1855 1578 1907 οὐκ
1629 1855 2004 1926 ὲπειθάρχησα

2122 1857 2228 1927 gina
2257 1861 2451 1916 aestuo,
2478 1865 2543 1905 ne
2567 1849 2664 1904 tibi
2691 1849 3076 1914 obtemperans
3096 1855 3204 1894 non
3233 1834 3528 1892 obedierim
3559 1832 3691 1889 Deo.

419 1946 560 2017 Θεῷ,
591 1947 712 2000 οὐδὲ
749 1946 880 2010 τοὺς
923 1946 1109 2014 ἁγίους
1143 1946 1528 2017 ἐμιμησάμην·
1564 1946 1614 1998 εἰ
1648 1945 1724 2016 μὴ
1766 1946 2004 2016 σφάλλο-

425 2058 521 2111 μαι
549 2041 729 2092 τοίνυν
768 2039 988 2110 ἐμαυτῷ
1027 2037 1407 2110 συναγορεύων
1436 2039 1525 2092 διὰ
1559 2038 1620 2091 τὸ
1655 2039 1798 2092 πάνυ
1826 2056 1888 2092 σε
1920 2057 2008 2110 φι-

423 2134 556 2197 λεῖν,
587 2135 680 2188 καὶ
729 2135 786 2185 ὲν
833 2133 1024 2204 μηδενὶ
1081 2132 1286 2186 ἐθέλειν
1341 2131 1557 2197 λυπεῖν,
1605 2131 1864 2196 τοιαύτας
1919 2133 2010 2186 εὑ-

425 2228 596 2300 ρίσκω
654 2227 733 2290 είς
801 2225 977 2279 ταῦτα
1042 2225 1360 2293 ἀπολογίας.
1418 2224 1533 2296 Πρὸ
1599 2226 1816 2279 πάντων
1863 2242 2007 2297 παρ-

423 2319 658 2390 εθέμεθα
754 2319 815 2372 τὸ
896 2319 961 2371 ὲκ
1033 2317 1128 2370 τοῦ
1228 2317 1661 2389 Ἐκκλησιαστοῦ
1739 2317 2008 2386 λέγοντος·

429 2434 447 2463 ι
482 2413 578 2466 Υίέ
631 2429 755 2482 μου,
813 2410 1047 2480 φύλαξαι
1093 2411 1188 2465 τοῦ
1233 2411 1457 2482 ποιῆσαι
1518 2410 1699 2482 βιϐλία
1763 2411 1953 2466 πολλά.
1989 2432 2007 2464 ι

423 2505 612 2575 τούτῳ
643 2502 1100 2573 ἀντιπαραϐάλλω
1133 2504 1197 2554 ὲκ
1228 2501 1337 2556 τῶν
1368 2502 1685 2572 Παροιμιῶν
1711 2502 1806 2555 τοῦ
1849 2503 2014 2556 αὑτοῦ

428 2597 777 2668 Σολομῶντος
823 2595 1005 2668 ῥητὸν,
1044 2597 1072 2649 ὅ
1105 2611 1289 2666 φησιν·
1341 2614 1360 2645 ι
1413 2596 1509 2648 Ἐκ
1558 2594 1882 2664 πολυλογίας
1918 2595 2019 2649 οὑκ

429 2694 670 2766 ἐκφεύξῃ
722 2693 1029 2764 ἁμαρτίαν·
1069 2691 1387 2763 φειδόμενος
1418 2690 1476 2744 δὲ
1525 2690 1748 2760 χειλέων
1797 2691 2018 2761 νοήμων

427 2786 549 2861 ῑσῃ.
593 2807 612 2840 ι
648 2787 762 2842 Καὶ
795 2785 942 2858 ζητῶ
975 2787 1023 2840 εί
1084 2785 1148 2838 τὸ
1192 2781 1557 2838 όποιαποτοῦν
1616 2783 1797 2851 λέγειν
1849 2782 2020 2838 πολλὰ

430 2885 747 2954 πολυλογεῖν
799 2887 940 2949 ἐστι,
987 2883 1092 2938 κᾶν
1124 2883 1259 2953 ἅγιά
1298 2900 1390 2946 τις·
1438 2883 1533 2936 καὶ
1582 2881 1828 2952 σωτήρια
1885 2877 2020 2950 λέγῃ

430 2979 605 3034 πολλά
643 2978 778 3051 (46).
816 2979 879 3033 Εί
908 2977 1020 3048 γὰρ
1050 2975 1198 3030 τοῦθ’
1232 2975 1406 3040 οὕτως
1437 2975 1573 3046 ἔχει,
1607 2973 1700 3027 καὶ
1736 2972 2024 3040 πολυλογεῖ

430 3073 462 3124 ὁ
485 3070 656 3124 πολλά
687 3067 900 3133 διεξιὼν
923 3066 1196 3138 ὠφέλιμα,
1216 3066 1378 3128 αὐτὸς
1411 3083 1430 3116 ι
1453 3065 1481 3116 ὁ
1500 3063 1751 3134 Σολομὼν
1777 3081 1794 3113 ι
1813 3062 1912 3115 οὐκ
1930 3064 2022 3115 ὲκ-

433 3164 675 3231 πέφευγε
702 3160 802 3232 τὴν
831 3159 1132 3231 ἁμαρτίαν,
1153 3157 1391 3229 λαλήσας
1423 3173 1442 3206 ι
1469 3158 1619 3228 τρεῖς
1645 3154 1886 3225 χιλιάδας
1919 3171 2022 3206 πα-

436 3253 704 3328 ραῦολῶν,
730 3254 825 3306 καὶ
849 3253 994 3324 ᾠδὰς
1026 3252 1490 3322 πεντακισχιλίας,
1508 3247 1510 3250 ’
1526 3251 1620 3304 καὶ
1647 3249 1775 3320 περὶ
1800 3247 1907 3299 τῶν
1933 3245 2024 3312 ξύ-

433 3347 542 3401 λων
575 3346 686 3400 ἀπὸ
711 3345 811 3414 τῆς
845 3345 1041 3416 κέδρου
1073 3346 1173 3417 τῆς
1203 3347 1260 3400 ὲν
1291 3345 1370 3415 τῷ
1397 3343 1635 3413 Λιϐάνῳ,
1669 3341 1764 3394 καὶ
1794 3340 1900 3403 ἓως
1927 3338 2026 3409 τῆς

437 3437 693 3492 ὑσσώπου
726 3437 825 3508 τῆς
859 3435 1306 3507 ὲκπορευομένης
1336 3434 1426 3488 διὰ
1465 3434 1674 3504 τοίχου·
1712 3430 1792 3484 ἔτι
1833 3430 1891 3483 δὲ
1931 3429 2027 3483 καὶ

437 3530 570 3601 περὶ
601 3527 711 3582 τῶν
744 3527 980 3599 κτηνῶν,
1011 3527 1107 3580 καὶ
1149 3527 1280 3598 περί
1311 3524 1419 3579 τῶν
1449 3523 1734 3587 πετεινῶν,
1770 3522 1866 3576 καὶ⁹
1899 3521 2027 3593 περὶ

438 3621 548 3676 τῶν
577 3619 846 3694 ἑρπετῶν,
877 3619 973 3673 καὶ
1012 3618 1275 3690 περὶτῶν
1312 3616 1530 3688 ίχΘύων.
1572 3635 1590 3669 ι
1629 3615 1756 3678 Πῶς
1788 3614 1897 3686 γὰρ
1937 3613 2029 3667 δύο

438 3729 600 3770 ναται
629 3711 992 3767 διδασκαλίαν.
1010 3710 1194 3765 ἀνύειν
1216 3727 1300 3774 τις
1333 3711 1503 3781 χωρὶς

439 3805 739 3878 νοουμένης
786 3803 1132 3874 πολυλογίας,
1178 3803 1274 3857 καὶ
1319 3803 1491 3873 αὐτῆς
1534 3801 1634 3872 τῆς
1675 3798 1877 3868 Σοφίας
1922 3815 2028 3866 φα-

445 3899 682 3968 σκούσης
709 3900 822 3962 τοῖς
841 3897 1257 3968 ἀπολλυμένοις·
1292 3914 1312 3947 ι
1357 3895 1650 3960 Ἐξέτεινον
1668 3893 1860 3960 λόγους
1891 3889 2028 3961 (47),

443 3993 541 4047 κα.)⁵
568 3993 630 4046 οὐ
664 3991 987 4065 προσείχετε
1015 4008 1028 4056 ;
1073 4010 1092 4042 ι
1133 3991 1191 4044 '0
1233 3989 1291 4044 δὲ
1319 3988 1533 4050 Παῦλος
1563 3985 1812 4056 φαίνεται
1845 3983 2031 4037 διατεη

442 4083 552 4138 λῶν
594 4083 764 4138 ἕωθεν
808 4083 970 4154 μέχρι
1006 4080 1360 4153 μεσονυκτίου
1393 4080 1452 4132 ὲν
1490 4077 1569 4148 τῷ
1611 4076 1904 4141 διδάσκειν,
1942 4076 2032 4129 ὅτε

443 4177 539 4231 καὶ
575 4176 832 4247 Εὔτυχος,
863 4174 1307 4247 καταφερόμενος
1331 4172 1506 4243 ὕπνῳ,
1539 4168 1868 4224 καταπεσὼν
1902 4169 2031 4222 ὲτά-

446 4266 578 4340 ραξε
606 4268 736 4331 τοὺς
763 4264 1081 4332 ἀκούοντας,
1106 4265 1182 4328 ὡς
1210 4259 1510 4333 τεθνηκώς.
1540 4261 1604 4314 Εἰ
1626 4260 1805 4314 τοίνυν
1835 4259 2034 4330 ἀληθὲς

443 4359 525 4413 τό·
553 4378 572 4411 ι
609 4360 707 4412 Ἐκ
732 4357 1058 4426 πολυλογίας
1085 4357 1185 4410 ούκ
1202 4354 1443 4425 ἐκφεύξῃ
1460 4352 1763 4424 ἁμαρτίαν,
1794 4370 1811 4402 ι
1837 4350 2034 4421 ἀληθὲς

2105 1963 2284 2018 neque
2339 1956 2562 2001 sanctos
2631 1941 2735 1996 sim
2805 1938 3105 1992 imitatus:
3141 1933 3244 1988 nisi
3302 1930 3413 2000 jam
3473 1933 3694 1996 propter

2105 2017 2508 2094 vehementiam
2553 2030 2760 2086 amoris
2812 2030 2864 2083 in
2921 2038 2976 2082 te
3028 2026 3157 2089 mei,
3216 2023 3470 2094 quodque
3524 2017 3692 2073 nolim

2108 2132 2374 2190 molestia:
2395 2127 2692 2198 quidquam
2724 2139 2752 2177 a
2795 2137 2882 2176 me
2919 2120 3014 2174 tibi
3049 2117 3231 2173 aﬂ'erri
3259 2155 3275 2182 ,
3315 2131 3440 2170 erro
3483 2113 3595 2181 ipse
3637 2111 3691 2164 in

2110 2230 2217 2284 hoc
2251 2240 2387 2281 mete
2413 2237 2597 2281 causae
2627 2215 2956 2290 patrocinio,
3008 2222 3064 2269 et
3106 2214 3270 2268 hasce
3315 2207 3697 2264 excusationes

2110 2317 2518 2374 comminiscor.
2543 2314 2685 2368 Ante
2708 2307 2888 2366 omnia
2913 2306 3292 2377 proposuimus
3322 2301 3374 2356 id
3407 2315 3474 2355 ex
3507 2297 3694 2353 Eccle-

2113 2414 2280 2468 siaste
2322 2412 2597 2466 docente:
2645 2423 2664 2458 ι
2693 2403 2792 2460 Fili
2844 2403 2940 2466 mi,
3001 2413 3132 2455 cave
3184 2406 3241 2449 ut
3293 2393 3494 2448 multos
3525 2392 3695 2446 libros

2115 2517 2407 2574 componas
2441 2501 2552 2557 ⁸ο.»
2606 2497 2742 2554 Huic
2781 2507 3046 2564 compono
3087 2508 3152 2546 ex
3203 2487 3515 2544 Proverbiis
3542 2486 3698 2554 ejus-

2117 2600 2239 2655 dem
2298 2594 2606 2651 Salomonis
2652 2591 2858 2646 dictqu
2907 2589 3010 2643 hoc
3044 2603 3059 2641 :
3098 2603 3118 2637 ι
3153 2584 3195 2639 Ε
3229 2581 3399 2638 multo
3445 2591 3700 2636 sermone

2117 2706 2224 2746 non
2276 2687 2505 2758 eil‘ugies
2559 2691 2885 2754 peccatum;
2933 2679 2977 2734 si
3039 2691 3232 2748 parcas
3284 2683 3465 2728 autem
3516 2670 3698 2734 labiis,

2119 2781 2336 2852 sapiens
2362 2779 2472 2834 eris
2496 2779 2596 2835 Μ.»
2636 2775 2701 2830 Et
2722 2789 2906 2844 quiero
2931 2788 2998 2827 an
3023 2767 3509 2841 quomodocunque
3530 2761 3699 2817 multa

2121 2874 2324 2937 dicere,
2362 2868 2662 2939 loquacitas
2685 2865 2778 2933 sit,
2815 2862 3066 2934 quamvis
3097 2867 3286 2914 sancta
3316 2857 3438 2927 quis
3469 2863 3525 2909 et
3551 2853 3700 2908 salu-

2125 2964 2259 3018 taria
2284 2961 2430 3016 dicat
2453 2958 2620 3012 multa
2643 2973 2656 3010 :
2681 2955 2724 3010 si
2750 2953 2892 3011 enim
2920 2951 2994 3005 ita
3013 2965 3071 3006 se
3101 2963 3187 3004 res
3215 2945 3396 3008 habet,
3420 2953 3476 2997 et
3502 2941 3700 3008 loquax

2125 3063 2208 3109 est
2231 3054 2323 3123 qui
2352 3051 2520 3106 multa
2559 3049 2813 3106 edisserit
2841 3046 2990 3101 utilia
3009 3086 3024 3110 ,
3056 3052 3204 3100 certe
3228 3053 3331 3094 nec
3356 3038 3472 3106 ipse
3505 3051 3524 3086 ι
3549 3032 3706 3087 Salo-

2129 3162 2252 3202 mon
2274 3165 2294 3199 »
2330 3153 2608 3215 peccatum
2639 3141 2856 3210 etl'ugit,
2896 3138 2990 3208 qui
3045 3154 3063 3187 ι
3095 3145 3178 3189 ter
3222 3131 3370 3186 mille
3417 3125 3709 3199 parabolas

2127 3240 2334 3306 elfudit,
2368 3237 2705 3294 canticorum
2736 3234 2979 3301 quinque
3001 3227 3186 3290 millia,
3217 3234 3273 3280 et
3302 3223 3371 3278 de
3395 3219 3706 3283 arboribus,

2127 3352 2157 3390 a
2215 3335 2379 3388 cedro
2408 3328 2597 3384 Libani
2629 3325 2695 3380 ad
2731 3325 3051 3395 hyssopum,
3090 3332 3210 3389 qua:
3253 3315 3366 3370 exit
3395 3328 3427 3368 e
3461 3314 3704 3382 pariete;

2128 3435 2393 3498 praeterea
2434 3431 2490 3477 et
2535 3420 2603 3474 de
2648 3413 3125 3488 quadrupedibus,
3167 3411 3234 3465 de
3273 3406 3604 3467 volucribus,
3643 3402 3710 3457 de

2130 3519 2434 3590 reptilibus,
2463 3525 2515 3569 et
2543 3514 2608 3569 de
2635 3509 2877 3582 piscibus
2911 3507 3016 3559 ⁸⁸.»
3064 3503 3345 3572 Quomodo
3385 3499 3528 3555 enim
3585 3509 3711 3563 per-

2132 3589 2273 3668 recte
2319 3610 2518 3664 docere
2575 3606 2698 3676 quis
2743 3610 2919 3672 potest
2969 3593 3399 3656 sinejllamude
3434 3589 3708 3646 intellecta

2129 3702 2486 3774 loquacitate,
2513 3715 2639 3755 eum
2668 3707 2726 3752 et
2753 3699 2865 3765 ipsa
2899 3690 3179 3763 Sapientia
3202 3688 3350 3742 dicat
3379 3681 3607 3755 perditis
3636 3678 3708 3734 ⁸³ε

2137 3814 2155 3846 ε
2187 3771 2556 3848 Ειιειιᾶεὺιηη
2628 3801 2937 3846 sermones,
3004 3791 3061 3837 et
3104 3777 3209 3834 no'n
3257 3771 3652 3830 attendebatis?
3689 3789 3707 3821 ι

2131 3885 2354 3940 Paulum
2416 3891 2600 3937 autem
2656 3880 2724 3934 ab
2767 3887 2893 3933 ortu
2941 3875 3072 3930 solis
3112 3873 3181 3927 ad
3228 3869 3461 3924 mediam
3496 3861 3712 3918 noctem

2133 3975 2349 4030 assidue
2409 3973 2662 4026 docuisse
2720 3969 2937 4041 planum
2990 3972 3116 4029 est,
3172 3978 3295 4018 cum
3341 3969 3397 4014 et
3440 3955 3715 4027 Eutychus

2131 4076 2360 4138 urgente
2380 4080 2572 4121 somno
2598 4064 2849 4118 deorsum
2877 4059 3163 4130 prolapsus
3193 4053 3473 4107 audientes
3497 4059 3717 4102 coutur-

2132 4162 2306 4227 bavit,
2339 4169 2523 4230 utpote
2555 4167 2800 4211 mortuus
2827 4153 2898 4209 “.
2957 4151 3013 4207 Si
3061 4150 3206 4206 enim
3251 4162 3438 4201 verum
3463 4151 3548 4197 est
3578 4159 3592 4196 :
3630 4159 3648 4192 ι
3674 4139 3717 4194 Ε

2135 4251 2304 4306 multo
2325 4264 2578 4306 sermone
2605 4264 2712 4304 non
2738 4245 2961 4315 effugies
2981 4251 3260 4314 peccatum
3292 4238 3361 4304 ⁸⁸,
3386 4256 3405 4289 ι
3442 4244 3496 4288 et
3531 4246 3716 4287 verum

2136 4354 2218 4399 est
2251 4359 2357 4398 non
2394 4356 2651 4412 peccasse
2683 4338 3030 4394 Salomonem
3073 4334 3167 4403 qui
3199 4331 3367 4386 multa
3420 4329 3486 4382 de
3531 4339 3721 4394 supra-

443 4452 504 4508 δὲ
536 4451 631 4506 καὶ
662 4451 724 4504 τὸ
758 4450 834 4523 μὴ
866 4413 1249 4522 ἡμαρτηκέναι
1477 4413 1606 4516 περὶ
1634 4413 2022 4515 τῶνγπροείρη-

2138 4439 2295 4494 dictis
2320 4436 2603 4502 disseruit,
2646 4447 2824 4504 neque
2861 4430 3090 4485 Paulum
3115 4465 3132 4491 ,
3176 4425 3267 4494 qui
3309 4432 3615 4478 sermonem
3652 4413 3720 4467 ad

517 4592 564 4626 '"
589 4591 748 4647 Joan.
786 4607 897 4654 χιι,
933 4587 1025 4643 9.0.
1099 4589 1146 4620 ⁷⁸
1179 4588 1310 4641 ibid.
1340 4585 1431 4640 25.
1503 4585 1548 4618 ’⁸
1577 4585 1745 4654 Apoc.
1774 4597 1826 4648 κ,
1853 4581 1915 4654 4,
1985 4581 2022 4614 ⁸⁴

2122 4581 2242 4637 :cie.
2270 4596 2370 4648 ιιι,
2404 4579 2492 4637 12.
2569 4579 2612 4611 ⁸¹
2647 4577 2809 4632 Prov.
2831 4587 2890 4641 κ,
2925 4573 3013 4629 l9.
3077 4569 3126 4603 ²³
3156 4569 3220 4624 lll
3243 4568 3378 4637 Reg.
3417 4583 3493 4634 Iv,
3515 4568 3606 4631 52,
3631 4565 3719 4621 55.

445 4662 494 4698 ⁸³
525 4662 682 4718 Prov.
714 4679 756 4727 ι,
780 4653 891 4716 24(
947 4661 996 4692 ⁸⁸
1020 4661 1142 4714 Act.
1180 4673 1272 4724 xx,
1298 4657 1351 4720 7,
1379 4658 1432 4713 9.
1511 4655 1558 4688 ⁸⁸
1584 4653 1746 4708 Prov.
1779 4667 1813 4706 ι
1859 4653 1948 4707 19.

449 4815 630 4861 tamen
664 4817 792 4858 eum
821 4798 974 4855 utilis
1008 4812 1132 4853 esse
1152 4796 1435 4849 videretur
1462 4789 1904 4862 quamplurimis,
1929 4804 2036 4862 una

454 4859 578 4930 cum
603 4873 830 4941 reliquis
856 4885 1031 4941 sacrge
1058 4867 1374 4941 Scriptura
1400 4859 1555 4941 libris
1588 4859 1833 4941 studiose
1867 4859 2030 4941 lecti.-

453 4929 567 5001 tata
592 4929 742 5008 esu;
748 4952 800 4996 et
823 4956 946 5010 cap.
975 4937 1059 5010 25A
1083 4957 1096 4991 :
1124 4929 1246 5010 Τῶν
1273 4935 1330 5010 δὲ
1352 4931 1812 5010 ἀντιλεγομένων,
1841 4929 2040 5010 γνωρί-

455 5000 572 5090 μων
592 5015 636 5068 δ’
670 5000 1181 5090 exEnnii-3:019:03;
1212 5000 1561 5090 ’ξι-,λεγομένη
1593 5000 1849 5090 ’ξακώςου
1880 5001 1946 5068 φέ

455 5033 572 5090 μων
592 5015 636 5068 δ’
670 5011 763 5069 οὖν
788 5009 904 5073 τοῖς
946 5009 1181 5072 πολλοῖς,
1212 5009 1260 5130 ῃ]
1285 5009 1553 5076 λεγομένη
1593 5009 1849 5055 Ἰακωδου
1880 5009 2041 5123 φερε-

453 5103 567 5151 ται,
613 5087 710 5140 καί
758 5085 792 5155 ἡ
821 5081 1024 5155 ΔἸού-δα,
1121 5095 1190 5155 τεΔ
1266 5077 1424 5155 έτρου
1479 5073 1723 5155 δευτέρα.
1758 5072 1948 5124 ὲπιστο
1962 5069 2038 5155 '3],

453 5140 612 5228 ἠιίι
641 5140 1267 5228 ὀνομαζομένηδέυτέρα
1295 5140 1390 5200 καὶ
1417 5145 1574 5218 τρίτη
1609 5140 1872 5228 Ἰωάννουζ
1909 5159 1928 5192 ι
1960 5140 2036 5194 Ex

458 5229 530 5284 iis
551 5212 680 5282 vero
703 5212 841 5296 q'uae'
861 5212 914 5296 iii
949 5212 1171 5296 dubium
1199 5212 1624 5296 'revoca‘niur,'_a
1650 5212 1832 5268 multis
1849 5219 2036 5296 tamen

460 5280 882 5354 commem‘orari
928 5293 1198 5355 videmus,
1238 5297 1324 5344 est
1372 5285 1615 5356 Epistola
1665 5299 1787 5356 quae
1813 5280 2038 5356 _dicitur

456 5348 777 5428 iiéiiii’if‘ét
814 5378 936 5433 quae
985 5348 1263 5433 ,κάπροι
1313 5348 1547 5413 secunda
1586 5348 1757 5420 Petri,
1804 5348 2031 5407 Joannis

457 5438 586 5495 item
616 5438 786 5492 altera
818 5429 874 5489 et
901 5435 1083 5488 tertia.
1128 5450 1147 5483 ι
1184 5429 1452 5486 Hunnus.

529 5487 1014 5580 -oi’)_
1039 5502 1263 5580 grdryec
1323 5494 1816 5580 φασὶ-,γνησίους
1859 5487 2035 5580 εἶναι.

457 5567 944 5650 Origenesbomil.
981 5572 1014 5627 7
1038 5574 1094 5650 in
1133 5567 1250 5626 Jos.
1277 5587 1296 5624 :
1325 5567 1344 5622 ἆ
1374 5567 1918 5650 AddiLniliilomilius
1941 5567 2040 5618 atl-

464 5635 588 5704 lutc"
604 5657 660 5702 et
707 5645 949 5701 Joannes
981 5645 1106 5697 tuba
1149 5656 1351 5698 canere
1385 5653 1480 5709 per
1524 5635 1794 5709 Epistolas
1822 5649 2034 5709 suas,_i

462 5697 965 5774 éi'iaiéeui‘aﬁobh
996 5697 1241 5784 proxime
1263 5697 1522 5784 laudato.
1552 5697 1632 5764 Ib.
1955 5697 1996 5712 ’⁸

535 5787 652 5861 (45)
685 5787 913 5861 Ex_cap.
943 5781 1009 5861 5:
1030 5781 1360 5861 Pliilacalia’.

541 5844 656 5934 ite}
699 5857 829 5915 Κᾶν
858 5844 1002 5931 ἅγιαι
1051 5871 1145 5923 τις
1192 5851 1292 5910 και
1319 5849 1582 5921 σωτήρια
1631 5845 1780 5921 λέγῃ
1818 5844 2038 5903 πολλά.

2150 4787 2276 4842 [lare
2323 4785 2520 4841 desunt
2568 4783 2622 4838 in
2667 4780 2855 4836 codice
2914 4776 3104 4848 Regio,
3143 4773 3239 4830 sed
3297 4769 3660 4826 restituuntur
3692 4781 3724 4822 e

2146 4860 2334 4914 codice
2365 4855 2580 4910 Tltuan.
2687 4919 2690 4922 _

2218 4910 2331 4998 (47)
2378 4919 2715 4998 Ἑξέτεινοᾲ·
2752 4920 2993 4989 λόγους.
3019 4916 3076 4998 ld_
3109 4915 3437 4998 secuti‘sunt
3462 4910 3643 4998 ,SXrus
3669 4915 3725 4962 et

2147 4980 2346 5054 Arabs.
2407 4980 2621 5063 Reliqui
2685 4980 3013 5059 interpretes
3053 4989 3345 5063 legerunt:
3397 4980 3559 5062 χεῖρά
3595 4995 3719 5063 μου,

2150 5053 2291 5139 quod
2321 5066 2386 5121 ad
2414 5053 2562 5139 idem
2580 5063 2794 5139 recidit,
2823 5053 3067 5139 tia_rn_q_ui
3097 5053 3274 5139 v'erbta.
3309 5053 3502 5139 facturi
3544 5059 3721 5139 erant,

2152 5121 2314 5194 manu
2350 5137 2450 5191 sibi
2485 5121 2818 5189 audientiam
2869 5121 3166 5183 faciebant.
3219 5125 3311 5179 Sic
3361 5122 3562 5178 Paulus
3592 5121 3720 5194 Act.

2146 5188 2275 5275 itit—1,
2289 5188 2371 5263 ἰδ’
2384 5188 2778 5268 ἷΚατασείσας
2798 5203 2866 5274 τῇ
2884 5201 3026 5272 χειρὶ
3046 5195 3220 5252 εἶπεν·
3237 5195 3456 5250 etPers.
3475 5201 3647 5264 satyr.
3667 5188 3723 5244 ιε

2249 5320 2379 5376 Fert
2411 5320 2620 5374 animus
2658 5316 2851 5371 calida:
2896 5314 3090 5385 fecisse
3119 5309 3337 5367 silentia
3373 5306 3545 5362 turbte

2255 5391 2308 5447 Μ
2316 5394 2543 5462 ajestate
2591 5404 2906 5462 manus...“

2143 5464 2211 5521 Et
2231 5459 2412 5520 Caesar
2436 5462 2578 5532 apud
2606 5459 2740 5515 Luc.
2775 5475 2791 5514 :

2653 5567 2671 5584 .
2701 5567 2718 5584 .
2751 5569 2767 5585 .
2800 5566 2815 5582 .
2852 5566 2868 5582 .
2907 5523 3215 5582 Tumultum

2251 5602 2558 5669 Composuit
2583 5599 2731 5656 vultu
2757 5600 3050 5668 dextraque
3087 5593 3302 5649 silentia
3329 5587 3517 5658 fuerit.

2147 5697 2287 5754 lluic
2322 5691 2693 5751 observationi
2729 5693 2835 5745 hoc
2863 5690 3027 5751 adde,
3076 5679 3726 5754 signiﬁcationemiillam

2146 5753 2348 5825 erectis
2372 5763 2706 5836 primoribus
2736 5759 2922 5836 digitis
2955 5753 3150 5836 tribus,
3193 5755 3416 5836 pollice,
3445 5753 3634 5836 indice
3671 5759 3727 5804 et

2148 5823 2350 5907 medio,
2373 5823 2667 5896 'couclusis
2701 5823 2876 5889 medio
2916 5842 2972 5887 et
3014 5823 3312 5886 auriculari
3342 5825 3458 5884 ﬁeri
3485 5823 3722 5881 solitam.
