  <div class='ocr_page' id='page_1' title='image "/cluster/home/n/w/nwhite01/storage/ocr_20150623/14:no.4/coo.31924054872928/106.png"; bbox 0 0 4194 6404; ppageno 0'>
   <div class='ocr_carea' id='block_1_1' title="bbox 398 370 505 428">
    <p class='ocr_par' dir='ltr' id='par_1_1' title="bbox 398 370 505 428">
     <span class='ocr_line' id='line_1_1' title="bbox 398 370 505 428; baseline -0.009 -2"><span class='ocrx_word' id='word_1_1' title='bbox 398 370 505 428; x_wconf 68' lang='lat'><strong>{9?-</strong></span> 
     </span>
    </p>
   </div>
   <div class='ocr_carea' id='block_1_2' title="bbox 1505 369 2581 433">
    <p class='ocr_par' dir='ltr' id='par_1_2' title="bbox 1505 369 2581 433">
     <span class='ocr_line' id='line_1_2' title="bbox 1505 369 2581 433; baseline 0 -5"><span class='ocrx_word' id='word_1_2' title='bbox 1505 373 1860 428; x_wconf 80' lang='lat' dir='ltr'><strong>COMMENT.</strong></span> <span class='ocrx_word' id='word_1_3' title='bbox 1903 369 1971 426; x_wconf 83' lang='lat' dir='ltr'><strong>IN</strong></span> <span class='ocrx_word' id='word_1_4' title='bbox 2008 370 2201 428; x_wconf 82' lang='lat' dir='ltr'><strong>JOAN.</strong></span> <span class='ocrx_word' id='word_1_5' title='bbox 2241 373 2481 433; x_wconf 79' lang='lat' dir='ltr'><strong>TOMUS</strong></span> <span class='ocrx_word' id='word_1_6' title='bbox 2520 375 2581 428; x_wconf 90' lang='lat' dir='ltr'><strong>ll.</strong></span> 
     </span>
    </p>
   </div>
   <div class='ocr_carea' id='block_1_3' title="bbox 3570 377 3675 435">
    <p class='ocr_par' dir='ltr' id='par_1_3' title="bbox 3570 377 3675 435">
     <span class='ocr_line' id='line_1_3' title="bbox 3570 377 3675 435; baseline 0.01 -2"><span class='ocrx_word' id='word_1_7' title='bbox 3570 377 3675 435; x_wconf 65' lang='lat' dir='ltr'><strong>I95</strong></span> 
     </span>
    </p>
   </div>
   <div class='ocr_carea' id='block_1_4' title="bbox 394 484 1991 561">
    <p class='ocr_par' dir='ltr' id='par_1_4' title="bbox 394 484 1991 559">
     <span class='ocr_line' id='line_1_4' title="bbox 394 484 1991 559; baseline 0 -20"><span class='ocrx_word' id='word_1_8' title='bbox 394 490 489 541; x_wconf 73' lang='grc' dir='ltr'><strong>καὶ</strong></span> <span class='ocrx_word' id='word_1_9' title='bbox 543 485 790 550; x_wconf 74' lang='grc' dir='ltr'>ὄπισθεν,</span> <span class='ocrx_word' id='word_1_10' title='bbox 853 486 950 541; x_wconf 73' lang='grc' dir='ltr'><strong>καὶ</strong></span> <span class='ocrx_word' id='word_1_11' title='bbox 1000 485 1564 557; x_wconf 78' lang='grc' dir='ltr'><strong>κατεσφραγισμένον,</strong></span> <span class='ocrx_word' id='word_1_12' title='bbox 1621 488 1760 559; x_wconf 82' lang='grc' dir='ltr'>ὅπερ</span> <span class='ocrx_word' id='word_1_13' title='bbox 1817 484 1991 550; x_wconf 76' lang='grc' dir='ltr'>οὐδεὶς</span> 
     </span>
    </p>
   </div>
   <div class='ocr_carea' id='block_1_5' title="bbox 2095 484 3680 561">
    <p class='ocr_par' dir='ltr' id='par_1_5' title="bbox 2099 487 3680 561">
     <span class='ocr_line' id='line_1_5' title="bbox 2099 487 3680 561; baseline 0.003 -20"><span class='ocrx_word' id='word_1_14' title='bbox 2099 489 2283 556; x_wconf 99' lang='lat' dir='ltr'><strong>David,</strong></span> <span class='ocrx_word' id='word_1_15' title='bbox 2310 492 2401 561; x_wconf 87' lang='lat' dir='ltr'><strong>qui</strong></span> <span class='ocrx_word' id='word_1_16' title='bbox 2433 490 2627 559; x_wconf 87' lang='lat' dir='ltr'><strong>aperit,</strong></span> <span class='ocrx_word' id='word_1_17' title='bbox 2659 495 2708 546; x_wconf 90' lang='lat' dir='ltr'><strong>el</strong></span> <span class='ocrx_word' id='word_1_18' title='bbox 2744 503 2903 543; x_wconf 91' lang='lat' dir='ltr'><strong>nemo</strong></span> <span class='ocrx_word' id='word_1_19' title='bbox 2946 487 3200 555; x_wconf 85' lang='lat' dir='ltr'><strong>claudet;</strong></span> <span class='ocrx_word' id='word_1_20' title='bbox 3230 491 3321 560; x_wconf 87' lang='lat' dir='ltr'><strong>qui</strong></span> <span class='ocrx_word' id='word_1_21' title='bbox 3352 489 3590 557; x_wconf 89' lang='lat' dir='ltr'><strong>claudit,</strong></span> <span class='ocrx_word' id='word_1_22' title='bbox 3623 501 3680 546; x_wconf 91' lang='lat' dir='ltr'><strong>ct</strong></span> 
     </span>
    </p>
   </div>
   <div class='ocr_carea' id='block_1_6' title="bbox 394 577 1986 650">
    <p class='ocr_par' dir='ltr' id='par_1_6' title="bbox 394 577 1986 650">
     <span class='ocr_line' id='line_1_6' title="bbox 394 577 1986 650; baseline 0 -18"><span class='ocrx_word' id='word_1_23' title='bbox 394 577 630 647; x_wconf 70' lang='grc' dir='ltr'>ἠδύνατο</span> <span class='ocrx_word' id='word_1_24' title='bbox 651 578 990 646; x_wconf 83' lang='grc' dir='ltr'>ἀναγνῶναι,</span> <span class='ocrx_word' id='word_1_25' title='bbox 1017 579 1114 631; x_wconf 79' lang='grc' dir='ltr'><strong>καὶ</strong></span> <span class='ocrx_word' id='word_1_26' title='bbox 1143 577 1303 630; x_wconf 80' lang='grc' dir='ltr'>λῦσαι</span> <span class='ocrx_word' id='word_1_27' title='bbox 1332 578 1431 640; x_wconf 79' lang='grc' dir='ltr'>τὰς</span> <span class='ocrx_word' id='word_1_28' title='bbox 1460 580 1765 650; x_wconf 83' lang='grc' dir='ltr'><strong>σφραγῖδας</strong></span> <span class='ocrx_word' id='word_1_29' title='bbox 1797 579 1986 642; x_wconf 80' lang='grc' dir='ltr'>αὐτοῦ,</span> 
     </span>
    </p>
   </div>
   <div class='ocr_carea' id='block_1_7' title="bbox 392 671 1987 748">
    <p class='ocr_par' dir='ltr' id='par_1_7' title="bbox 392 671 1987 748">
     <span class='ocr_line' id='line_1_7' title="bbox 392 671 1987 748; baseline -0.004 -19"><span class='ocrx_word' id='word_1_30' title='bbox 392 677 443 729; x_wconf 77' lang='grc' dir='ltr'><strong>εἰ</strong></span> <span class='ocrx_word' id='word_1_31' title='bbox 473 675 550 748; x_wconf 85' lang='grc' dir='ltr'>μὴ</span> <span class='ocrx_word' id='word_1_32' title='bbox 574 679 603 730; x_wconf 85' lang='grc' dir='ltr'>ὁ</span> <span class='ocrx_word' id='word_1_33' title='bbox 624 675 762 729; x_wconf 86' lang='grc' dir='ltr'>λέων</span> <span class='ocrx_word' id='word_1_34' title='bbox 784 677 813 727; x_wconf 88' lang='grc' dir='ltr'><strong>ὁ</strong></span> <span class='ocrx_word' id='word_1_35' title='bbox 840 678 905 728; x_wconf 79' lang='grc' dir='ltr'>ὲκ</span> <span class='ocrx_word' id='word_1_36' title='bbox 928 675 1027 746; x_wconf 85' lang='grc' dir='ltr'>τῆς</span> <span class='ocrx_word' id='word_1_37' title='bbox 1051 673 1225 744; x_wconf 83' lang='grc' dir='ltr'>φυλῆς</span> <span class='ocrx_word' id='word_1_38' title='bbox 1247 672 1341 726; x_wconf 83' lang='grc' dir='ltr'>τοῦ</span> <span class='ocrx_word' id='word_1_39' title='bbox 1378 672 1569 736; x_wconf 85' lang='grc' dir='ltr'><strong>Ἰούδα,</strong></span> <span class='ocrx_word' id='word_1_40' title='bbox 1598 674 1631 743; x_wconf 80' lang='grc' dir='ltr'>ἡ</span> <span class='ocrx_word' id='word_1_41' title='bbox 1657 674 1783 744; x_wconf 79' lang='grc' dir='ltr'>ῥίζα</span> <span class='ocrx_word' id='word_1_42' title='bbox 1803 671 1987 735; x_wconf 79' lang='grc' dir='ltr'>Δαυῒδ,</span> 
     </span>
    </p>
   </div>
   <div class='ocr_carea' id='block_1_8' title="bbox 398 763 1992 839">
    <p class='ocr_par' dir='ltr' id='par_1_8' title="bbox 398 763 1992 839">
     <span class='ocr_line' id='line_1_8' title="bbox 398 763 1992 839; baseline -0.004 -18"><span class='ocrx_word' id='word_1_43' title='bbox 398 788 420 820; x_wconf 74' lang='grc' dir='ltr'><strong>ι</strong></span> <span class='ocrx_word' id='word_1_44' title='bbox 442 771 472 822; x_wconf 85' lang='grc' dir='ltr'><strong>ὁ</strong></span> <span class='ocrx_word' id='word_1_45' title='bbox 503 769 643 839; x_wconf 77' lang='grc' dir='ltr'>ἔχων</span> <span class='ocrx_word' id='word_1_46' title='bbox 670 770 773 837; x_wconf 87' lang='grc' dir='ltr'>τὴν</span> <span class='ocrx_word' id='word_1_47' title='bbox 801 769 951 821; x_wconf 82' lang='grc' dir='ltr'>κλεῖν</span> <span class='ocrx_word' id='word_1_48' title='bbox 973 767 1068 821; x_wconf 82' lang='grc' dir='ltr'>τοῦ</span> <span class='ocrx_word' id='word_1_49' title='bbox 1093 766 1275 830; x_wconf 76' lang='grc' dir='ltr'>Δαυῒδ,</span> <span class='ocrx_word' id='word_1_50' title='bbox 1302 766 1398 819; x_wconf 73' lang='grc' dir='ltr'><strong>καὶ</strong></span> <span class='ocrx_word' id='word_1_51' title='bbox 1421 765 1675 833; x_wconf 85' lang='grc' dir='ltr'>ἀνοίγων,</span> <span class='ocrx_word' id='word_1_52' title='bbox 1700 766 1794 818; x_wconf 84' lang='grc' dir='ltr'><strong>καὶ</strong></span> <span class='ocrx_word' id='word_1_53' title='bbox 1817 763 1992 827; x_wconf 77' lang='grc' dir='ltr'>οὐδεὶς</span> 
     </span>
    </p>
   </div>
   <div class='ocr_carea' id='block_1_9' title="bbox 396 857 1991 929">
    <p class='ocr_par' dir='ltr' id='par_1_9' title="bbox 396 857 1991 929">
     <span class='ocr_line' id='line_1_9' title="bbox 396 857 1991 929; baseline -0.003 -16"><span class='ocrx_word' id='word_1_54' title='bbox 396 861 622 925; x_wconf 77' lang='grc' dir='ltr'><strong>κλείσει,</strong></span> <span class='ocrx_word' id='word_1_55' title='bbox 642 861 739 914; x_wconf 75' lang='grc' dir='ltr'>καὶ</span> <span class='ocrx_word' id='word_1_56' title='bbox 756 860 973 924; x_wconf 82' lang='grc' dir='ltr'><strong>κλείων,</strong></span> <span class='ocrx_word' id='word_1_57' title='bbox 998 858 1095 912; x_wconf 73' lang='grc' dir='ltr'>καὶ</span> <span class='ocrx_word' id='word_1_58' title='bbox 1112 858 1288 921; x_wconf 78' lang='grc' dir='ltr'>οὐδεὶς</span> <span class='ocrx_word' id='word_1_59' title='bbox 1311 858 1512 922; x_wconf 83' lang='grc' dir='ltr'>ἀνοίξει</span> <span class='ocrx_word' id='word_1_60' title='bbox 1531 875 1545 921; x_wconf 90' lang='lat'><strong>;</strong></span> <span class='ocrx_word' id='word_1_61' title='bbox 1573 878 1590 908; x_wconf 76' lang='grc' dir='ltr'><strong>ι</strong></span> <span class='ocrx_word' id='word_1_62' title='bbox 1628 858 1691 909; x_wconf 83' lang='grc' dir='ltr'><strong><em>Ἢ</em></strong></span> <span class='ocrx_word' id='word_1_63' title='bbox 1708 857 1817 929; x_wconf 85' lang='grc' dir='ltr'><strong>γὰρ</strong></span> <span class='ocrx_word' id='word_1_64' title='bbox 1840 857 1991 909; x_wconf 81' lang='grc' dir='ltr'>πᾶσα</span> 
     </span>
    </p>
   </div>
   <div class='ocr_carea' id='block_1_10' title="bbox 396 948 1990 1026">
    <p class='ocr_par' dir='ltr' id='par_1_10' title="bbox 396 948 1990 1026">
     <span class='ocr_line' id='line_1_10' title="bbox 396 948 1990 1026; baseline -0.003 -19"><span class='ocrx_word' id='word_1_65' title='bbox 396 956 588 1026; x_wconf 77' lang='grc' dir='ltr'>Γραφή</span> <span class='ocrx_word' id='word_1_66' title='bbox 613 955 763 1007; x_wconf 78' lang='grc' dir='ltr'>ἐστιν</span> <span class='ocrx_word' id='word_1_67' title='bbox 794 955 828 1025; x_wconf 85' lang='grc' dir='ltr'>ὴ</span> <span class='ocrx_word' id='word_1_68' title='bbox 857 951 1161 1024; x_wconf 80' lang='grc' dir='ltr'>δηλουμένη</span> <span class='ocrx_word' id='word_1_69' title='bbox 1192 949 1280 1003; x_wconf 76' lang='grc' dir='ltr'>διὰ</span> <span class='ocrx_word' id='word_1_70' title='bbox 1307 951 1408 1021; x_wconf 79' lang='grc' dir='ltr'><strong>τῆς</strong></span> <span class='ocrx_word' id='word_1_71' title='bbox 1440 949 1647 1020; x_wconf 89' lang='grc' dir='ltr'>βίϐλου,</span> <span class='ocrx_word' id='word_1_72' title='bbox 1678 948 1990 1021; x_wconf 76' lang='grc' dir='ltr'>ἔμπροσθεν</span> 
     </span>
    </p>
   </div>
   <div class='ocr_carea' id='block_1_11' title="bbox 398 1042 1988 1119">
    <p class='ocr_par' dir='ltr' id='par_1_11' title="bbox 398 1042 1988 1119">
     <span class='ocr_line' id='line_1_11' title="bbox 398 1042 1988 1119; baseline -0.004 -18"><span class='ocrx_word' id='word_1_73' title='bbox 398 1049 500 1117; x_wconf 85' lang='grc' dir='ltr'><strong>μὲν</strong></span> <span class='ocrx_word' id='word_1_74' title='bbox 531 1046 896 1119; x_wconf 79' lang='grc' dir='ltr'>γεγραμμένη</span> <span class='ocrx_word' id='word_1_75' title='bbox 932 1044 1020 1099; x_wconf 87' lang='grc' dir='ltr'>διὰ</span> <span class='ocrx_word' id='word_1_76' title='bbox 1051 1044 1149 1115; x_wconf 86' lang='grc' dir='ltr'><strong>τὴν</strong></span> <span class='ocrx_word' id='word_1_77' title='bbox 1190 1044 1480 1115; x_wconf 87' lang='grc' dir='ltr'>πρόχειρον</span> <span class='ocrx_word' id='word_1_78' title='bbox 1523 1043 1697 1114; x_wconf 81' lang='grc' dir='ltr'>αὐτῆς</span> <span class='ocrx_word' id='word_1_79' title='bbox 1740 1042 1988 1114; x_wconf 75' lang='grc' dir='ltr'>ἐκδοχὴν,</span> 
     </span>
    </p>
   </div>
   <div class='ocr_carea' id='block_1_12' title="bbox 393 1135 1989 1208">
    <p class='ocr_par' dir='ltr' id='par_1_12' title="bbox 393 1135 1989 1208">
     <span class='ocr_line' id='line_1_12' title="bbox 393 1135 1989 1208; baseline -0.003 -15"><span class='ocrx_word' id='word_1_80' title='bbox 393 1140 618 1193; x_wconf 75' lang='grc' dir='ltr'>ὄπισθεν</span> <span class='ocrx_word' id='word_1_81' title='bbox 649 1139 706 1191; x_wconf 84' lang='grc' dir='ltr'><strong>δὲ</strong></span> <span class='ocrx_word' id='word_1_82' title='bbox 737 1139 828 1192; x_wconf 82' lang='grc' dir='ltr'>διὰ</span> <span class='ocrx_word' id='word_1_83' title='bbox 869 1136 969 1208; x_wconf 83' lang='grc' dir='ltr'>τὴν</span> <span class='ocrx_word' id='word_1_84' title='bbox 1006 1137 1495 1207; x_wconf 84' lang='grc' dir='ltr'>ἀνακεχωρηκυῖαν</span> <span class='ocrx_word' id='word_1_85' title='bbox 1544 1135 1643 1189; x_wconf 79' lang='grc' dir='ltr'><strong>καὶ</strong></span> <span class='ocrx_word' id='word_1_86' title='bbox 1689 1153 1989 1206; x_wconf 87' lang='grc' dir='ltr'>πνευματι-</span> 
     </span>
    </p>
   </div>
   <div class='ocr_carea' id='block_1_13' title="bbox 394 1225 1993 1298">
    <p class='ocr_par' dir='ltr' id='par_1_13' title="bbox 394 1225 1993 1298">
     <span class='ocr_line' id='line_1_13' title="bbox 394 1225 1993 1298; baseline -0.001 -19"><span class='ocrx_word' id='word_1_87' title='bbox 394 1229 521 1297; x_wconf 82' lang='grc' dir='ltr'>κήν.</span> <span class='ocrx_word' id='word_1_88' title='bbox 567 1226 993 1298; x_wconf 85' lang='grc' dir='ltr'>Παρατηρητέον</span> <span class='ocrx_word' id='word_1_89' title='bbox 1032 1225 1171 1296; x_wconf 83' lang='grc' dir='ltr'>πρὸς</span> <span class='ocrx_word' id='word_1_90' title='bbox 1226 1225 1461 1289; x_wconf 85' lang='grc' dir='ltr'>τούτοις,</span> <span class='ocrx_word' id='word_1_91' title='bbox 1501 1228 1549 1278; x_wconf 87' lang='grc' dir='ltr'><strong>εί</strong></span> <span class='ocrx_word' id='word_1_92' title='bbox 1587 1225 1813 1280; x_wconf 88' lang='grc' dir='ltr'>δύναται</span> <span class='ocrx_word' id='word_1_93' title='bbox 1856 1227 1993 1278; x_wconf 83' lang='grc' dir='ltr'>ἀπο-</span> 
     </span>
    </p>
   </div>
   <div class='ocr_carea' id='block_1_14' title="bbox 393 1317 1990 1389">
    <p class='ocr_par' dir='ltr' id='par_1_14' title="bbox 393 1317 1990 1389">
     <span class='ocr_line' id='line_1_14' title="bbox 393 1317 1990 1389; baseline -0.002 -16"><span class='ocrx_word' id='word_1_94' title='bbox 393 1319 669 1373; x_wconf 80' lang='grc' dir='ltr'>δεικτικὸν</span> <span class='ocrx_word' id='word_1_95' title='bbox 702 1318 794 1371; x_wconf 79' lang='grc' dir='ltr'>τοῦ</span> <span class='ocrx_word' id='word_1_96' title='bbox 832 1318 903 1372; x_wconf 83' lang='grc' dir='ltr'>τὰ</span> <span class='ocrx_word' id='word_1_97' title='bbox 937 1319 1069 1386; x_wconf 70' lang='lat' dir='ltr'><strong>am</strong></span> <span class='ocrx_word' id='word_1_98' title='bbox 1116 1318 1245 1388; x_wconf 88' lang='grc' dir='ltr'>μίαν</span> <span class='ocrx_word' id='word_1_99' title='bbox 1272 1319 1565 1388; x_wconf 75' lang='grc' dir='ltr'>τυγχάνειν</span> <span class='ocrx_word' id='word_1_100' title='bbox 1593 1318 1798 1389; x_wconf 90' lang='grc' dir='ltr'>βίϐλον,</span> <span class='ocrx_word' id='word_1_101' title='bbox 1831 1318 1901 1372; x_wconf 84' lang='grc' dir='ltr'>τὰ</span> <span class='ocrx_word' id='word_1_102' title='bbox 1933 1317 1990 1370; x_wconf 83' lang='grc' dir='ltr'>δὲ</span> 
     </span>
    </p>
   </div>
   <div class='ocr_carea' id='block_1_15' title="bbox 394 1411 1986 1483">
    <p class='ocr_par' dir='ltr' id='par_1_15' title="bbox 394 1411 1986 1483">
     <span class='ocr_line' id='line_1_15' title="bbox 394 1411 1986 1483; baseline 0 -17"><span class='ocrx_word' id='word_1_103' title='bbox 394 1412 656 1475; x_wconf 75' lang='grc' dir='ltr'>ἐναντίως</span> <span class='ocrx_word' id='word_1_104' title='bbox 695 1411 889 1483; x_wconf 78' lang='grc' dir='ltr'>ἔχοντα</span> <span class='ocrx_word' id='word_1_105' title='bbox 930 1412 1155 1476; x_wconf 77' lang='grc' dir='ltr'>πολλὰς,</span> <span class='ocrx_word' id='word_1_106' title='bbox 1206 1413 1268 1465; x_wconf 82' lang='grc' dir='ltr'><strong>τὸ</strong></span> <span class='ocrx_word' id='word_1_107' title='bbox 1302 1414 1396 1465; x_wconf 76' lang='grc' dir='ltr'><strong>ἐπὶ</strong></span> <span class='ocrx_word' id='word_1_108' title='bbox 1443 1412 1542 1482; x_wconf 77' lang='grc' dir='ltr'><strong>μὲν</strong></span> <span class='ocrx_word' id='word_1_109' title='bbox 1574 1411 1684 1465; x_wconf 81' lang='grc' dir='ltr'><strong>τῶν</strong></span> <span class='ocrx_word' id='word_1_110' title='bbox 1743 1411 1986 1477; x_wconf 78' lang='grc' dir='ltr'>ζώντων,</span> 
     </span>
    </p>
   </div>
   <div class='ocr_carea' id='block_1_16' title="bbox 398 1499 1993 1576">
    <p class='ocr_par' dir='ltr' id='par_1_16' title="bbox 398 1499 1993 1576">
     <span class='ocr_line' id='line_1_16' title="bbox 398 1499 1993 1576; baseline 0.002 -20"><span class='ocrx_word' id='word_1_111' title='bbox 398 1505 530 1576; x_wconf 86' lang='grc' dir='ltr'>μίαν</span> <span class='ocrx_word' id='word_1_112' title='bbox 555 1499 696 1557; x_wconf 77' lang='grc' dir='ltr'>εἶναι</span> <span class='ocrx_word' id='word_1_113' title='bbox 732 1503 832 1575; x_wconf 84' lang='grc' dir='ltr'>τὴν</span> <span class='ocrx_word' id='word_1_114' title='bbox 874 1502 1077 1574; x_wconf 90' lang='grc' dir='ltr'>βίϐλον,</span> <span class='ocrx_word' id='word_1_115' title='bbox 1116 1504 1210 1573; x_wconf 78' lang='grc' dir='ltr'><strong>ἀφ’</strong></span> <span class='ocrx_word' id='word_1_116' title='bbox 1243 1500 1312 1574; x_wconf 85' lang='grc' dir='ltr'>ἧς</span> <span class='ocrx_word' id='word_1_117' title='bbox 1338 1504 1735 1574; x_wconf 82' lang='grc' dir='ltr'>ἀπαλείφονται</span> <span class='ocrx_word' id='word_1_118' title='bbox 1782 1505 1832 1557; x_wconf 78' lang='lat' dir='ltr'><strong>oi</strong></span> <span class='ocrx_word' id='word_1_119' title='bbox 1859 1505 1993 1559; x_wconf 82' lang='grc' dir='ltr'>ἀνά-</span> 
     </span>
    </p>
   </div>
   <div class='ocr_carea' id='block_1_17' title="bbox 394 1593 1989 1667">
    <p class='ocr_par' dir='ltr' id='par_1_17' title="bbox 394 1593 1989 1667">
     <span class='ocr_line' id='line_1_17' title="bbox 394 1593 1989 1667; baseline 0.003 -20"><span class='ocrx_word' id='word_1_120' title='bbox 394 1593 501 1660; x_wconf 79' lang='grc' dir='ltr'>ξιοι</span> <span class='ocrx_word' id='word_1_121' title='bbox 530 1594 704 1664; x_wconf 79' lang='grc' dir='ltr'>αὐτῆς</span> <span class='ocrx_word' id='word_1_122' title='bbox 730 1595 1093 1665; x_wconf 74' lang='grc' dir='ltr'>γεγενημένοι</span> <span class='ocrx_word' id='word_1_123' title='bbox 1120 1594 1255 1664; x_wconf 85' lang='grc'><strong>(50),</strong></span> <span class='ocrx_word' id='word_1_124' title='bbox 1289 1594 1364 1658; x_wconf 83' lang='grc' dir='ltr'>ὡς</span> <span class='ocrx_word' id='word_1_125' title='bbox 1394 1595 1741 1667; x_wconf 85' lang='grc' dir='ltr'>γέγραπται·</span> <span class='ocrx_word' id='word_1_126' title='bbox 1774 1616 1794 1650; x_wconf 78' lang='grc' dir='ltr'><strong>ι</strong></span> <span class='ocrx_word' id='word_1_127' title='bbox 1840 1599 1989 1665; x_wconf 82' lang='grc' dir='ltr'>Ἑξα-</span> 
     </span>
    </p>
   </div>
   <div class='ocr_carea' id='block_1_18' title="bbox 394 1685 1990 1763">
    <p class='ocr_par' dir='ltr' id='par_1_18' title="bbox 394 1685 1990 1763">
     <span class='ocr_line' id='line_1_18' title="bbox 394 1685 1990 1763; baseline 0.003 -23"><span class='ocrx_word' id='word_1_128' title='bbox 394 1687 782 1758; x_wconf 80' lang='grc' dir='ltr'>λειφθητωσαν</span> <span class='ocrx_word' id='word_1_129' title='bbox 813 1688 877 1740; x_wconf 76' lang='grc' dir='ltr'>ἐκ</span> <span class='ocrx_word' id='word_1_130' title='bbox 906 1685 1090 1754; x_wconf 89' lang='grc' dir='ltr'>βίϐλου</span> <span class='ocrx_word' id='word_1_131' title='bbox 1125 1685 1363 1751; x_wconf 78' lang='grc' dir='ltr'>ζώντων·</span> <span class='ocrx_word' id='word_1_132' title='bbox 1400 1707 1419 1740; x_wconf 72' lang='grc' dir='ltr'><strong>ι</strong></span> <span class='ocrx_word' id='word_1_133' title='bbox 1454 1690 1545 1742; x_wconf 81' lang='grc' dir='ltr'>ἐπὶ</span> <span class='ocrx_word' id='word_1_134' title='bbox 1574 1689 1631 1743; x_wconf 85' lang='grc' dir='ltr'>δὲ</span> <span class='ocrx_word' id='word_1_135' title='bbox 1663 1691 1772 1745; x_wconf 76' lang='grc' dir='ltr'>τῶν</span> <span class='ocrx_word' id='word_1_136' title='bbox 1808 1691 1990 1763; x_wconf 86' lang='grc' dir='ltr'>κρίσει</span> 
     </span>
    </p>
   </div>
   <div class='ocr_carea' id='block_1_19' title="bbox 396 1776 1984 1855">
    <p class='ocr_par' dir='ltr' id='par_1_19' title="bbox 396 1776 1984 1855">
     <span class='ocr_line' id='line_1_19' title="bbox 396 1776 1984 1855; baseline 0.005 -25"><span class='ocrx_word' id='word_1_137' title='bbox 396 1778 774 1848; x_wconf 81' lang='grc' dir='ltr'>ὑποκειμένων</span> <span class='ocrx_word' id='word_1_138' title='bbox 819 1776 1035 1848; x_wconf 89' lang='grc' dir='ltr'>βίϐλους</span> <span class='ocrx_word' id='word_1_139' title='bbox 1064 1777 1348 1849; x_wconf 83' lang='grc' dir='ltr'>φέρεσθαι·</span> <span class='ocrx_word' id='word_1_140' title='bbox 1384 1782 1518 1851; x_wconf 78' lang='grc' dir='ltr'>φησὶ</span> <span class='ocrx_word' id='word_1_141' title='bbox 1556 1781 1665 1854; x_wconf 84' lang='grc' dir='ltr'>γὰρ</span> <span class='ocrx_word' id='word_1_142' title='bbox 1699 1786 1727 1837; x_wconf 89' lang='grc' dir='ltr'>ὁ</span> <span class='ocrx_word' id='word_1_143' title='bbox 1766 1785 1984 1855; x_wconf 82' lang='grc' dir='ltr'>Δανιήλ-</span> 
     </span>
    </p>
   </div>
   <div class='ocr_carea' id='block_1_20' title="bbox 2094 583 3680 655">
    <p class='ocr_par' dir='ltr' id='par_1_20' title="bbox 2094 583 3680 655">
     <span class='ocr_line' id='line_1_20' title="bbox 2094 583 3680 655; baseline 0.001 -20"><span class='ocrx_word' id='word_1_144' title='bbox 2094 598 2253 637; x_wconf 68' lang='lat' dir='ltr'><strong>[terno</strong></span> <span class='ocrx_word' id='word_1_145' title='bbox 2288 585 2497 653; x_wconf 89' lang='lat' dir='ltr'><strong>aperiet</strong></span> <span class='ocrx_word' id='word_1_146' title='bbox 2546 584 2593 616; x_wconf 84' lang='grc'><strong>⁹⁰</strong></span> <span class='ocrx_word' id='word_1_147' title='bbox 2612 585 2665 639; x_wconf 67' lang='lat' dir='ltr'><strong>in</strong></span> <span class='ocrx_word' id='word_1_148' title='bbox 2734 584 3001 639; x_wconf 87' lang='lat' dir='ltr'><strong>Universa</strong></span> <span class='ocrx_word' id='word_1_149' title='bbox 3054 584 3198 638; x_wconf 86' lang='lat' dir='ltr'><strong>enim</strong></span> <span class='ocrx_word' id='word_1_150' title='bbox 3251 583 3527 654; x_wconf 83' lang='lat' dir='ltr'><strong>Scriptura</strong></span> <span class='ocrx_word' id='word_1_151' title='bbox 3564 584 3680 655; x_wconf 75' lang='lat'><strong>98</strong></span> 
     </span>
    </p>
   </div>
   <div class='ocr_carea' id='block_1_21' title="bbox 2090 674 3677 745">
    <p class='ocr_par' dir='ltr' id='par_1_21' title="bbox 2090 674 3677 745">
     <span class='ocr_line' id='line_1_21' title="bbox 2090 674 3677 745; baseline 0.003 -20"><span class='ocrx_word' id='word_1_152' title='bbox 2090 682 2195 736; x_wconf 90' lang='lat' dir='ltr'><strong>est,</strong></span> <span class='ocrx_word' id='word_1_153' title='bbox 2232 689 2353 742; x_wconf 77' lang='lat' dir='ltr'><strong>qua:</strong></span> <span class='ocrx_word' id='word_1_154' title='bbox 2400 674 2541 730; x_wconf 90' lang='lat' dir='ltr'><strong>libro</strong></span> <span class='ocrx_word' id='word_1_155' title='bbox 2594 674 2689 730; x_wconf 91' lang='lat' dir='ltr'><strong>illo</strong></span> <span class='ocrx_word' id='word_1_156' title='bbox 2736 674 3119 745; x_wconf 81' lang='lat' dir='ltr'><strong>signiﬁcatur:</strong></span> <span class='ocrx_word' id='word_1_157' title='bbox 3156 675 3397 729; x_wconf 90' lang='lat' dir='ltr'><strong>anterius</strong></span> <span class='ocrx_word' id='word_1_158' title='bbox 3459 676 3677 743; x_wconf 83' lang='lat' dir='ltr'><strong>quidem</strong></span> 
     </span>
    </p>
   </div>
   <div class='ocr_carea' id='block_1_22' title="bbox 2091 764 3680 835">
    <p class='ocr_par' dir='ltr' id='par_1_22' title="bbox 2091 764 3680 835">
     <span class='ocr_line' id='line_1_22' title="bbox 2091 764 3680 835; baseline 0.002 -18"><span class='ocrx_word' id='word_1_159' title='bbox 2091 764 2321 833; x_wconf 87' lang='lat' dir='ltr'><strong>scripta,</strong></span> <span class='ocrx_word' id='word_1_160' title='bbox 2352 775 2576 835; x_wconf 80' lang='lat' dir='ltr'><strong>propter</strong></span> <span class='ocrx_word' id='word_1_161' title='bbox 2601 765 2813 819; x_wconf 83' lang='lat' dir='ltr'><strong>facilem</strong></span> <span class='ocrx_word' id='word_1_162' title='bbox 2850 766 2996 818; x_wconf 91' lang='lat' dir='ltr'><strong>illius</strong></span> <span class='ocrx_word' id='word_1_163' title='bbox 3020 765 3412 834; x_wconf 80' lang='lat' dir='ltr'><strong>expositionem</strong></span> <span class='ocrx_word' id='word_1_164' title='bbox 3440 782 3455 830; x_wconf 92' lang='lat'>;</span> <span class='ocrx_word' id='word_1_165' title='bbox 3496 778 3680 833; x_wconf 83' lang='lat' dir='ltr'><strong>pOSIe-</strong></span> 
     </span>
    </p>
   </div>
   <div class='ocr_carea' id='block_1_23' title="bbox 2094 857 3678 927">
    <p class='ocr_par' dir='ltr' id='par_1_23' title="bbox 2094 857 3678 927">
     <span class='ocr_line' id='line_1_23' title="bbox 2094 857 3678 927; baseline 0.001 -17"><span class='ocrx_word' id='word_1_166' title='bbox 2094 857 2205 911; x_wconf 91' lang='lat' dir='ltr'><strong>rius</strong></span> <span class='ocrx_word' id='word_1_167' title='bbox 2237 872 2389 919; x_wconf 87' lang='lat' dir='ltr'><strong>vero,</strong></span> <span class='ocrx_word' id='word_1_168' title='bbox 2415 867 2638 927; x_wconf 84' lang='lat' dir='ltr'><strong>propter</strong></span> <span class='ocrx_word' id='word_1_169' title='bbox 2667 858 3037 921; x_wconf 85' lang='lat' dir='ltr'><strong>remotiorem,</strong></span> <span class='ocrx_word' id='word_1_170' title='bbox 3063 868 3115 911; x_wconf 85' lang='lat' dir='ltr'><strong>et</strong></span> <span class='ocrx_word' id='word_1_171' title='bbox 3156 857 3246 927; x_wconf 85' lang='lat' dir='ltr'><strong>qui</strong></span> <span class='ocrx_word' id='word_1_172' title='bbox 3275 875 3302 911; x_wconf 84' lang='lat' dir='ltr'><strong>a</strong></span> <span class='ocrx_word' id='word_1_173' title='bbox 3337 859 3546 926; x_wconf 85' lang='lat' dir='ltr'><strong>Spiritu</strong></span> <span class='ocrx_word' id='word_1_174' title='bbox 3573 868 3678 923; x_wconf 89' lang='lat' dir='ltr'><strong>est,</strong></span> 
     </span>
    </p>
   </div>
   <div class='ocr_carea' id='block_1_24' title="bbox 2092 950 3680 1018">
    <p class='ocr_par' dir='ltr' id='par_1_24' title="bbox 2092 950 3680 1018">
     <span class='ocr_line' id='line_1_24' title="bbox 2092 950 3680 1018; baseline 0.002 -16"><span class='ocrx_word' id='word_1_175' title='bbox 2092 963 2333 1002; x_wconf 84' lang='lat' dir='ltr'><strong>sensum.</strong></span> <span class='ocrx_word' id='word_1_176' title='bbox 2388 950 2798 1004; x_wconf 84' lang='lat' dir='ltr'><strong>Observandum</strong></span> <span class='ocrx_word' id='word_1_177' title='bbox 2855 959 2939 1005; x_wconf 89' lang='lat' dir='ltr'><strong>est</strong></span> <span class='ocrx_word' id='word_1_178' title='bbox 2994 961 3302 1018; x_wconf 74' lang='lat' dir='ltr'><strong>prmterea,</strong></span> <span class='ocrx_word' id='word_1_179' title='bbox 3361 951 3408 1003; x_wconf 81' lang='lat' dir='ltr'><strong>si</strong></span> <span class='ocrx_word' id='word_1_180' title='bbox 3456 960 3680 1005; x_wconf 85' lang='lat' dir='ltr'><strong>sanctos</strong></span> 
     </span>
    </p>
   </div>
   <div class='ocr_carea' id='block_1_25' title="bbox 2092 1041 3681 1111">
    <p class='ocr_par' dir='ltr' id='par_1_25' title="bbox 2092 1041 3681 1111">
     <span class='ocr_line' id='line_1_25' title="bbox 2092 1041 3681 1111; baseline 0.002 -18"><span class='ocrx_word' id='word_1_181' title='bbox 2092 1041 2315 1096; x_wconf 77' lang='lat' dir='ltr'><strong>codices</strong></span> <span class='ocrx_word' id='word_1_182' title='bbox 2343 1058 2508 1095; x_wconf 91' lang='lat' dir='ltr'><strong>unum</strong></span> <span class='ocrx_word' id='word_1_183' title='bbox 2554 1057 2674 1096; x_wconf 90' lang='lat' dir='ltr'><strong>esse</strong></span> <span class='ocrx_word' id='word_1_184' title='bbox 2704 1043 2921 1106; x_wconf 89' lang='lat' dir='ltr'><strong>librum,</strong></span> <span class='ocrx_word' id='word_1_185' title='bbox 2957 1044 3047 1111; x_wconf 89' lang='lat' dir='ltr'><strong>qui</strong></span> <span class='ocrx_word' id='word_1_186' title='bbox 3082 1059 3209 1097; x_wconf 85' lang='lat' dir='ltr'><strong>vero</strong></span> <span class='ocrx_word' id='word_1_187' title='bbox 3251 1044 3333 1097; x_wconf 89' lang='lat' dir='ltr'><strong>his</strong></span> <span class='ocrx_word' id='word_1_188' title='bbox 3381 1043 3681 1096; x_wconf 88' lang='lat' dir='ltr'><strong>adversan-</strong></span> 
     </span>
    </p>
   </div>
   <div class='ocr_carea' id='block_1_26' title="bbox 2095 1134 3681 1204">
    <p class='ocr_par' dir='ltr' id='par_1_26' title="bbox 2095 1134 3681 1204">
     <span class='ocr_line' id='line_1_26' title="bbox 2095 1134 3681 1204; baseline 0.003 -19"><span class='ocrx_word' id='word_1_189' title='bbox 2095 1142 2203 1197; x_wconf 86' lang='lat' dir='ltr'><strong>tur,</strong></span> <span class='ocrx_word' id='word_1_190' title='bbox 2237 1135 2461 1195; x_wconf 86' lang='lat' dir='ltr'><strong>multos,</strong></span> <span class='ocrx_word' id='word_1_191' title='bbox 2486 1134 2848 1187; x_wconf 87' lang='lat' dir='ltr'><strong>demonstrari</strong></span> <span class='ocrx_word' id='word_1_192' title='bbox 2880 1144 3077 1204; x_wconf 89' lang='lat' dir='ltr'><strong>potest,</strong></span> <span class='ocrx_word' id='word_1_193' title='bbox 3111 1149 3176 1188; x_wconf 88' lang='lat' dir='ltr'><strong>eo</strong></span> <span class='ocrx_word' id='word_1_194' title='bbox 3213 1135 3355 1202; x_wconf 89' lang='lat' dir='ltr'><strong>quod</strong></span> <span class='ocrx_word' id='word_1_195' title='bbox 3379 1136 3681 1189; x_wconf 86' lang='lat' dir='ltr'><strong>viventium</strong></span> 
     </span>
    </p>
   </div>
   <div class='ocr_carea' id='block_1_27' title="bbox 2094 1223 3679 1294">
    <p class='ocr_par' dir='ltr' id='par_1_27' title="bbox 2094 1223 3679 1294">
     <span class='ocr_line' id='line_1_27' title="bbox 2094 1223 3679 1294; baseline 0.001 -18"><span class='ocrx_word' id='word_1_196' title='bbox 2094 1238 2234 1276; x_wconf 92' lang='lat' dir='ltr'><strong>unus</strong></span> <span class='ocrx_word' id='word_1_197' title='bbox 2265 1223 2338 1277; x_wconf 91' lang='lat' dir='ltr'><strong>sit</strong></span> <span class='ocrx_word' id='word_1_198' title='bbox 2377 1224 2539 1289; x_wconf 87' lang='lat' dir='ltr'><strong>liber,</strong></span> <span class='ocrx_word' id='word_1_199' title='bbox 2589 1237 2654 1277; x_wconf 84' lang='lat' dir='ltr'><strong>ex</strong></span> <span class='ocrx_word' id='word_1_200' title='bbox 2708 1239 2820 1292; x_wconf 89' lang='lat' dir='ltr'><strong>quo</strong></span> <span class='ocrx_word' id='word_1_201' title='bbox 2866 1223 3123 1278; x_wconf 89' lang='lat' dir='ltr'><strong>delentur</strong></span> <span class='ocrx_word' id='word_1_202' title='bbox 3168 1226 3257 1292; x_wconf 86' lang='lat' dir='ltr'><strong>qui</strong></span> <span class='ocrx_word' id='word_1_203' title='bbox 3310 1225 3510 1294; x_wconf 78' lang='lat' dir='ltr'><strong>indigni</strong></span> <span class='ocrx_word' id='word_1_204' title='bbox 3559 1227 3679 1292; x_wconf 78' lang='lat' dir='ltr'><strong>ipso</strong></span> 
     </span>
    </p>
   </div>
   <div class='ocr_carea' id='block_1_28' title="bbox 2092 1312 3679 1384">
    <p class='ocr_par' dir='ltr' id='par_1_28' title="bbox 2092 1312 3679 1384">
     <span class='ocr_line' id='line_1_28' title="bbox 2092 1312 3679 1384; baseline 0.001 -15"><span class='ocrx_word' id='word_1_205' title='bbox 2092 1312 2225 1369; x_wconf 79' lang='lat' dir='ltr'><strong>facti</strong></span> <span class='ocrx_word' id='word_1_206' title='bbox 2267 1325 2414 1382; x_wconf 91' lang='lat' dir='ltr'><strong>sunt,</strong></span> <span class='ocrx_word' id='word_1_207' title='bbox 2448 1324 2507 1368; x_wconf 93' lang='lat' dir='ltr'><strong>ut</strong></span> <span class='ocrx_word' id='word_1_208' title='bbox 2530 1316 2796 1384; x_wconf 89' lang='lat' dir='ltr'><strong>scriptum</strong></span> <span class='ocrx_word' id='word_1_209' title='bbox 2824 1324 2905 1370; x_wconf 89' lang='lat' dir='ltr'><strong>est</strong></span> <span class='ocrx_word' id='word_1_210' title='bbox 2936 1315 2981 1347; x_wconf 83' lang='grc'><strong>⁹¹</strong></span> <span class='ocrx_word' id='word_1_211' title='bbox 3016 1332 3030 1369; x_wconf 89' lang='lat'><strong>:</strong></span> <span class='ocrx_word' id='word_1_212' title='bbox 3073 1334 3092 1365; x_wconf 79' lang='grc' dir='ltr'><strong>ι</strong></span> <span class='ocrx_word' id='word_1_213' title='bbox 3126 1316 3418 1370; x_wconf 91' lang='lat' dir='ltr'><strong>Deleantur</strong></span> <span class='ocrx_word' id='word_1_214' title='bbox 3446 1317 3510 1370; x_wconf 85' lang='lat' dir='ltr'><strong>de</strong></span> <span class='ocrx_word' id='word_1_215' title='bbox 3541 1316 3679 1370; x_wconf 88' lang='lat' dir='ltr'><strong>libro</strong></span> 
     </span>
    </p>
   </div>
   <div class='ocr_carea' id='block_1_29' title="bbox 2091 1406 3677 1477">
    <p class='ocr_par' dir='ltr' id='par_1_29' title="bbox 2091 1406 3677 1477">
     <span class='ocr_line' id='line_1_29' title="bbox 2091 1406 3677 1477; baseline 0.001 -18"><span class='ocrx_word' id='word_1_216' title='bbox 2091 1408 2433 1474; x_wconf 78' lang='lat' dir='ltr'><strong>viventium;</strong></span> <span class='ocrx_word' id='word_1_217' title='bbox 2472 1427 2491 1458; x_wconf 74' lang='grc' dir='ltr'><strong>ι</strong></span> <span class='ocrx_word' id='word_1_218' title='bbox 2536 1406 2603 1461; x_wconf 90' lang='lat' dir='ltr'><strong>de</strong></span> <span class='ocrx_word' id='word_1_219' title='bbox 2655 1408 2741 1461; x_wconf 87' lang='lat' dir='ltr'><strong>his</strong></span> <span class='ocrx_word' id='word_1_220' title='bbox 2788 1422 2918 1462; x_wconf 89' lang='lat' dir='ltr'><strong>vero</strong></span> <span class='ocrx_word' id='word_1_221' title='bbox 2951 1409 3040 1477; x_wconf 90' lang='lat' dir='ltr'><strong>qui</strong></span> <span class='ocrx_word' id='word_1_222' title='bbox 3067 1408 3273 1477; x_wconf 84' lang='lat' dir='ltr'><strong>judicio</strong></span> <span class='ocrx_word' id='word_1_223' title='bbox 3294 1408 3677 1475; x_wconf 74' lang='lat' dir='ltr'><strong>subjiciuntur,</strong></span> 
     </span>
    </p>
   </div>
   <div class='ocr_carea' id='block_1_30' title="bbox 2093 1498 3674 1566">
    <p class='ocr_par' dir='ltr' id='par_1_30' title="bbox 2093 1498 3674 1566">
     <span class='ocr_line' id='line_1_30' title="bbox 2093 1498 3674 1566; baseline 0.001 -12"><span class='ocrx_word' id='word_1_224' title='bbox 2093 1515 2200 1554; x_wconf 91' lang='lat' dir='ltr'><strong>non</strong></span> <span class='ocrx_word' id='word_1_225' title='bbox 2240 1500 2398 1563; x_wconf 83' lang='lat' dir='ltr'><strong>liber,</strong></span> <span class='ocrx_word' id='word_1_226' title='bbox 2438 1500 2534 1554; x_wconf 91' lang='lat' dir='ltr'><strong>sed</strong></span> <span class='ocrx_word' id='word_1_227' title='bbox 2567 1499 2687 1552; x_wconf 85' lang='lat' dir='ltr'><strong>libri</strong></span> <span class='ocrx_word' id='word_1_228' title='bbox 2722 1498 3016 1566; x_wconf 85' lang='lat' dir='ltr'><strong>dicuntur;</strong></span> <span class='ocrx_word' id='word_1_229' title='bbox 3064 1502 3143 1553; x_wconf 85' lang='lat' dir='ltr'><strong>ait</strong></span> <span class='ocrx_word' id='word_1_230' title='bbox 3186 1500 3330 1553; x_wconf 90' lang='lat' dir='ltr'><strong>enim</strong></span> <span class='ocrx_word' id='word_1_231' title='bbox 3362 1500 3546 1553; x_wconf 85' lang='lat' dir='ltr'><strong>Daniel</strong></span> <span class='ocrx_word' id='word_1_232' title='bbox 3574 1500 3620 1532; x_wconf 68' lang='grc' dir='ltr'><strong>θ’</strong></span> <span class='ocrx_word' id='word_1_233' title='bbox 3659 1517 3674 1555; x_wconf 88' lang='lat'><strong>:</strong></span> 
     </span>
    </p>
   </div>
   <div class='ocr_carea' id='block_1_31' title="bbox 2097 1589 3679 1660">
    <p class='ocr_par' dir='ltr' id='par_1_31' title="bbox 2097 1589 3679 1660">
     <span class='ocr_line' id='line_1_31' title="bbox 2097 1589 3679 1660; baseline 0.001 -16"><span class='ocrx_word' id='word_1_234' title='bbox 2097 1611 2116 1644; x_wconf 73' lang='grc' dir='ltr'><strong>ι</strong></span> <span class='ocrx_word' id='word_1_235' title='bbox 2152 1592 2421 1647; x_wconf 89' lang='lat' dir='ltr'><strong>Judicium</strong></span> <span class='ocrx_word' id='word_1_236' title='bbox 2466 1595 2731 1660; x_wconf 86' lang='lat' dir='ltr'><strong>consedit,</strong></span> <span class='ocrx_word' id='word_1_237' title='bbox 2758 1603 2810 1648; x_wconf 91' lang='lat' dir='ltr'><strong>et</strong></span> <span class='ocrx_word' id='word_1_238' title='bbox 2834 1589 2954 1648; x_wconf 84' lang='lat' dir='ltr'><strong>libri</strong></span> <span class='ocrx_word' id='word_1_239' title='bbox 3000 1593 3174 1660; x_wconf 86' lang='lat' dir='ltr'><strong>aperti</strong></span> <span class='ocrx_word' id='word_1_240' title='bbox 3211 1601 3359 1646; x_wconf 88' lang='lat' dir='ltr'><strong>sunt.</strong></span> <span class='ocrx_word' id='word_1_241' title='bbox 3399 1614 3423 1638; x_wconf 76' lang='grc' dir='ltr'><strong>ι</strong></span> <span class='ocrx_word' id='word_1_242' title='bbox 3470 1590 3679 1646; x_wconf 89' lang='lat' dir='ltr'><strong>Unitati</strong></span> 
     </span>
    </p>
   </div>
   <div class='ocr_carea' id='block_1_32' title="bbox 2093 1683 3674 1754">
    <p class='ocr_par' dir='ltr' id='par_1_32' title="bbox 2093 1683 3674 1754">
     <span class='ocr_line' id='line_1_32' title="bbox 2093 1683 3674 1754; baseline 0.002 -17"><span class='ocrx_word' id='word_1_243' title='bbox 2093 1685 2256 1738; x_wconf 85' lang='lat' dir='ltr'><strong>etiam</strong></span> <span class='ocrx_word' id='word_1_244' title='bbox 2312 1684 2478 1739; x_wconf 91' lang='lat' dir='ltr'><strong>divini</strong></span> <span class='ocrx_word' id='word_1_245' title='bbox 2557 1683 2681 1738; x_wconf 89' lang='lat' dir='ltr'><strong>libri</strong></span> <span class='ocrx_word' id='word_1_246' title='bbox 2750 1684 3118 1739; x_wconf 88' lang='lat' dir='ltr'><strong>testimonium</strong></span> <span class='ocrx_word' id='word_1_247' title='bbox 3176 1684 3406 1738; x_wconf 88' lang='lat' dir='ltr'><strong>ascribit</strong></span> <span class='ocrx_word' id='word_1_248' title='bbox 3460 1683 3674 1754; x_wconf 81' lang='lat' dir='ltr'><strong>Moyses</strong></span> 
     </span>
    </p>
   </div>
   <div class='ocr_carea' id='block_1_33' title="bbox 2093 1776 3676 1845">
    <p class='ocr_par' dir='ltr' id='par_1_33' title="bbox 2093 1776 3676 1845">
     <span class='ocr_line' id='line_1_33' title="bbox 2093 1776 3676 1845; baseline 0 -16"><span class='ocrx_word' id='word_1_249' title='bbox 2093 1776 2280 1831; x_wconf 90' lang='lat' dir='ltr'><strong>dicens</strong></span> <span class='ocrx_word' id='word_1_250' title='bbox 2320 1776 2409 1829; x_wconf 80' lang='lat' dir='ltr'><strong>&quot;z</strong></span> <span class='ocrx_word' id='word_1_251' title='bbox 2444 1795 2462 1826; x_wconf 81' lang='grc' dir='ltr'><strong>ι</strong></span> <span class='ocrx_word' id='word_1_252' title='bbox 2495 1776 2553 1830; x_wconf 91' lang='lat' dir='ltr'><strong>Si</strong></span> <span class='ocrx_word' id='word_1_253' title='bbox 2595 1776 2813 1845; x_wconf 88' lang='lat' dir='ltr'><strong>quidem</strong></span> <span class='ocrx_word' id='word_1_254' title='bbox 2854 1776 3086 1829; x_wconf 91' lang='lat' dir='ltr'><strong>dimittis</strong></span> <span class='ocrx_word' id='word_1_255' title='bbox 3135 1776 3332 1845; x_wconf 92' lang='lat' dir='ltr'><strong>populo</strong></span> <span class='ocrx_word' id='word_1_256' title='bbox 3366 1787 3676 1845; x_wconf 85' lang='lat' dir='ltr'><strong>peccatum,</strong></span> 
     </span>
    </p>
   </div>
   <div class='ocr_carea' id='block_1_34' title="bbox 400 1855 1991 1948">
    <p class='ocr_par' dir='ltr' id='par_1_34' title="bbox 400 1869 1991 1948">
     <span class='ocr_line' id='line_1_34' title="bbox 400 1869 1991 1948; baseline 0.006 -27"><span class='ocrx_word' id='word_1_257' title='bbox 400 1888 420 1921; x_wconf 76' lang='grc' dir='ltr'><strong>ι</strong></span> <span class='ocrx_word' id='word_1_258' title='bbox 458 1870 760 1941; x_wconf 80' lang='grc' dir='ltr'>Κριτήριον</span> <span class='ocrx_word' id='word_1_259' title='bbox 794 1869 1036 1932; x_wconf 76' lang='grc' dir='ltr'>ἐκάθισε,</span> <span class='ocrx_word' id='word_1_260' title='bbox 1070 1872 1164 1924; x_wconf 80' lang='grc' dir='ltr'><strong>καὶ</strong></span> <span class='ocrx_word' id='word_1_261' title='bbox 1216 1871 1389 1941; x_wconf 86' lang='grc' dir='ltr'>βίϐλοι</span> <span class='ocrx_word' id='word_1_262' title='bbox 1429 1873 1805 1946; x_wconf 79' lang='grc' dir='ltr'>ἠνεῴχθησαν.</span> <span class='ocrx_word' id='word_1_263' title='bbox 1848 1897 1867 1928; x_wconf 72' lang='grc' dir='ltr'><strong>ι</strong></span> <span class='ocrx_word' id='word_1_264' title='bbox 1899 1878 1991 1948; x_wconf 81' lang='grc' dir='ltr'><strong>Τῷ</strong></span> 
     </span>
    </p>
   </div>
   <div class='ocr_carea' id='block_1_35' title="bbox 2095 1855 3679 1948">
    <p class='ocr_par' dir='ltr' id='par_1_35' title="bbox 2095 1866 3679 1935">
     <span class='ocr_line' id='line_1_35' title="bbox 2095 1866 3679 1935; baseline 0.001 -14"><span class='ocrx_word' id='word_1_265' title='bbox 2095 1868 2350 1933; x_wconf 87' lang='lat' dir='ltr'><strong>dimitte;</strong></span> <span class='ocrx_word' id='word_1_266' title='bbox 2407 1866 2454 1921; x_wconf 91' lang='lat' dir='ltr'><strong>si</strong></span> <span class='ocrx_word' id='word_1_267' title='bbox 2486 1884 2594 1923; x_wconf 90' lang='lat' dir='ltr'><strong>non</strong></span> <span class='ocrx_word' id='word_1_268' title='bbox 2627 1867 2922 1933; x_wconf 87' lang='lat' dir='ltr'><strong>dimiseris,</strong></span> <span class='ocrx_word' id='word_1_269' title='bbox 2972 1867 3092 1922; x_wconf 90' lang='lat' dir='ltr'><strong>dele</strong></span> <span class='ocrx_word' id='word_1_270' title='bbox 3132 1880 3219 1921; x_wconf 89' lang='lat' dir='ltr'><strong>me</strong></span> <span class='ocrx_word' id='word_1_271' title='bbox 3263 1883 3331 1921; x_wconf 80' lang='lat' dir='ltr'><strong>ex</strong></span> <span class='ocrx_word' id='word_1_272' title='bbox 3372 1868 3511 1922; x_wconf 91' lang='lat' dir='ltr'><strong>libro</strong></span> <span class='ocrx_word' id='word_1_273' title='bbox 3562 1880 3679 1935; x_wconf 87' lang='lat' dir='ltr'><strong>tuo,</strong></span> 
     </span>
    </p>
   </div>
   <div class='ocr_carea' id='block_1_36' title="bbox 392 1959 1985 2038">
    <p class='ocr_par' dir='ltr' id='par_1_36' title="bbox 392 1959 1985 2038">
     <span class='ocr_line' id='line_1_36' title="bbox 392 1959 1985 2038; baseline 0.004 -24"><span class='ocrx_word' id='word_1_274' title='bbox 392 1960 453 2014; x_wconf 85' lang='grc' dir='ltr'>δὲ</span> <span class='ocrx_word' id='word_1_275' title='bbox 478 1960 642 2030; x_wconf 83' lang='grc' dir='ltr'>ἑνικῷ</span> <span class='ocrx_word' id='word_1_276' title='bbox 683 1960 786 2031; x_wconf 82' lang='grc' dir='ltr'>τῆς</span> <span class='ocrx_word' id='word_1_277' title='bbox 812 1959 962 2026; x_wconf 82' lang='grc' dir='ltr'>θείας</span> <span class='ocrx_word' id='word_1_278' title='bbox 993 1962 1178 2033; x_wconf 86' lang='grc' dir='ltr'>βίϐλου</span> <span class='ocrx_word' id='word_1_279' title='bbox 1207 1963 1302 2017; x_wconf 75' lang='grc' dir='ltr'><strong>καὶ</strong></span> <span class='ocrx_word' id='word_1_280' title='bbox 1322 1965 1567 2035; x_wconf 84' lang='grc' dir='ltr'>Μωῦσῆς</span> <span class='ocrx_word' id='word_1_281' title='bbox 1594 1971 1866 2038; x_wconf 86' lang='grc' dir='ltr'>μαρτυρεῖ</span> <span class='ocrx_word' id='word_1_282' title='bbox 1892 1968 1985 2020; x_wconf 86' lang='grc' dir='ltr'>λέ-</span> 
     </span>
    </p>
   </div>
   <div class='ocr_carea' id='block_1_37' title="bbox 396 2054 1991 2129">
    <p class='ocr_par' dir='ltr' id='par_1_37' title="bbox 396 2054 1991 2129">
     <span class='ocr_line' id='line_1_37' title="bbox 396 2054 1991 2129; baseline 0.005 -24"><span class='ocrx_word' id='word_1_283' title='bbox 396 2069 535 2122; x_wconf 81' lang='grc' dir='ltr'>γων·</span> <span class='ocrx_word' id='word_1_284' title='bbox 576 2072 596 2105; x_wconf 71' lang='grc' dir='ltr'><strong>ι</strong></span> <span class='ocrx_word' id='word_1_285' title='bbox 634 2054 698 2106; x_wconf 84' lang='grc' dir='ltr'><strong>Εἰ</strong></span> <span class='ocrx_word' id='word_1_286' title='bbox 745 2055 844 2125; x_wconf 77' lang='grc' dir='ltr'><strong>μὲν</strong></span> <span class='ocrx_word' id='word_1_287' title='bbox 874 2056 1019 2127; x_wconf 83' lang='grc' dir='ltr'><strong>ἀφῇς</strong></span> <span class='ocrx_word' id='word_1_288' title='bbox 1043 2055 1122 2126; x_wconf 78' lang='grc' dir='ltr'>τῷ</span> <span class='ocrx_word' id='word_1_289' title='bbox 1148 2055 1263 2126; x_wconf 87' lang='grc' dir='ltr'>λαῷ</span> <span class='ocrx_word' id='word_1_290' title='bbox 1283 2056 1383 2127; x_wconf 84' lang='grc' dir='ltr'>τὴν</span> <span class='ocrx_word' id='word_1_291' title='bbox 1409 2058 1706 2128; x_wconf 85' lang='grc' dir='ltr'>ἁμαρτίαν,</span> <span class='ocrx_word' id='word_1_292' title='bbox 1737 2058 1874 2129; x_wconf 82' lang='grc' dir='ltr'>ἄφες</span> <span class='ocrx_word' id='word_1_293' title='bbox 1900 2078 1913 2090; x_wconf 89' lang='grc'><strong>·</strong></span> <span class='ocrx_word' id='word_1_294' title='bbox 1942 2062 1991 2113; x_wconf 90' lang='grc' dir='ltr'><strong>εί</strong></span> 
     </span>
    </p>
   </div>
   <div class='ocr_carea' id='block_1_38' title="bbox 394 2145 1992 2221">
    <p class='ocr_par' dir='ltr' id='par_1_38' title="bbox 394 2145 1992 2221">
     <span class='ocr_line' id='line_1_38' title="bbox 394 2145 1992 2221; baseline 0.004 -24"><span class='ocrx_word' id='word_1_295' title='bbox 394 2145 454 2197; x_wconf 84' lang='grc' dir='ltr'>δὲ</span> <span class='ocrx_word' id='word_1_296' title='bbox 473 2145 569 2216; x_wconf 73' lang='grc' dir='ltr'>μὴ,</span> <span class='ocrx_word' id='word_1_297' title='bbox 593 2145 878 2215; x_wconf 73' lang='grc' dir='ltr'>ἐξάλειψόν</span> <span class='ocrx_word' id='word_1_298' title='bbox 898 2164 965 2218; x_wconf 86' lang='grc' dir='ltr'><strong>με</strong></span> <span class='ocrx_word' id='word_1_299' title='bbox 981 2148 1047 2200; x_wconf 81' lang='grc' dir='ltr'>ὲκ</span> <span class='ocrx_word' id='word_1_300' title='bbox 1061 2148 1165 2217; x_wconf 83' lang='grc' dir='ltr'>τῆς</span> <span class='ocrx_word' id='word_1_301' title='bbox 1187 2148 1391 2218; x_wconf 89' lang='grc' dir='ltr'>βίϐλου,</span> <span class='ocrx_word' id='word_1_302' title='bbox 1414 2145 1482 2219; x_wconf 86' lang='grc' dir='ltr'>ἦς</span> <span class='ocrx_word' id='word_1_303' title='bbox 1498 2148 1764 2221; x_wconf 75' lang='grc' dir='ltr'>ἔγραψας.</span> <span class='ocrx_word' id='word_1_304' title='bbox 1792 2170 1809 2201; x_wconf 70' lang='grc' dir='ltr'><strong>ι</strong></span> <span class='ocrx_word' id='word_1_305' title='bbox 1850 2152 1992 2219; x_wconf 80' lang='grc' dir='ltr'>Ἐγὼ</span> 
     </span>
    </p>
   </div>
   <div class='ocr_carea' id='block_1_39' title="bbox 395 2236 1993 2314">
    <p class='ocr_par' dir='ltr' id='par_1_39' title="bbox 395 2236 1993 2314">
     <span class='ocr_line' id='line_1_39' title="bbox 395 2236 1993 2314; baseline 0.004 -25"><span class='ocrx_word' id='word_1_306' title='bbox 395 2237 580 2290; x_wconf 79' lang='grc' dir='ltr'>καὶτὸ</span> <span class='ocrx_word' id='word_1_307' title='bbox 606 2240 757 2309; x_wconf 80' lang='grc' dir='ltr'>παρὰ</span> <span class='ocrx_word' id='word_1_308' title='bbox 801 2236 880 2308; x_wconf 83' lang='grc' dir='ltr'><strong>τῷ</strong></span> <span class='ocrx_word' id='word_1_309' title='bbox 921 2238 1122 2310; x_wconf 70' lang='grc' dir='ltr'>Ἠσαίᾳ</span> <span class='ocrx_word' id='word_1_310' title='bbox 1167 2238 1340 2302; x_wconf 80' lang='grc' dir='ltr'>οὕτως</span> <span class='ocrx_word' id='word_1_311' title='bbox 1373 2240 1725 2311; x_wconf 82' lang='grc' dir='ltr'>ὲκλαμϐάνω.</span> <span class='ocrx_word' id='word_1_312' title='bbox 1774 2243 1848 2295; x_wconf 81' lang='grc' dir='ltr'><strong>Οὐ</strong></span> <span class='ocrx_word' id='word_1_313' title='bbox 1883 2243 1993 2314; x_wconf 84' lang='grc' dir='ltr'>γὰρ</span> 
     </span>
    </p>
   </div>
   <div class='ocr_carea' id='block_1_40' title="bbox 396 2327 1993 2402">
    <p class='ocr_par' dir='ltr' id='par_1_40' title="bbox 396 2327 1993 2402">
     <span class='ocr_line' id='line_1_40' title="bbox 396 2327 1993 2402; baseline 0.004 -21"><span class='ocrx_word' id='word_1_314' title='bbox 396 2328 529 2383; x_wconf 80' lang='grc' dir='ltr'>ἴδιον</span> <span class='ocrx_word' id='word_1_315' title='bbox 566 2331 665 2401; x_wconf 84' lang='grc' dir='ltr'>τῆς</span> <span class='ocrx_word' id='word_1_316' title='bbox 713 2329 906 2383; x_wconf 79' lang='grc' dir='ltr'>τούτου</span> <span class='ocrx_word' id='word_1_317' title='bbox 958 2331 1299 2402; x_wconf 82' lang='grc' dir='ltr'>προφητείας</span> <span class='ocrx_word' id='word_1_318' title='bbox 1327 2331 1390 2384; x_wconf 83' lang='grc' dir='ltr'><strong>τὸ</strong></span> <span class='ocrx_word' id='word_1_319' title='bbox 1434 2327 1576 2385; x_wconf 77' lang='grc' dir='ltr'>εἶναι</span> <span class='ocrx_word' id='word_1_320' title='bbox 1626 2335 1756 2397; x_wconf 81' lang='grc' dir='ltr'>τοὺς</span> <span class='ocrx_word' id='word_1_321' title='bbox 1800 2333 1993 2402; x_wconf 88' lang='grc' dir='ltr'>λόγους</span> 
     </span>
    </p>
   </div>
   <div class='ocr_carea' id='block_1_41' title="bbox 394 2420 1994 2497">
    <p class='ocr_par' dir='ltr' id='par_1_41' title="bbox 394 2420 1994 2497">
     <span class='ocr_line' id='line_1_41' title="bbox 394 2420 1994 2497; baseline 0.003 -22"><span class='ocrx_word' id='word_1_322' title='bbox 394 2420 490 2475; x_wconf 81' lang='grc' dir='ltr'>τοῦ</span> <span class='ocrx_word' id='word_1_323' title='bbox 537 2422 743 2493; x_wconf 89' lang='grc' dir='ltr'>βιϐλίου</span> <span class='ocrx_word' id='word_1_324' title='bbox 794 2424 1285 2495; x_wconf 74' lang='grc' dir='ltr'>ὲσφραγισμένους,</span> <span class='ocrx_word' id='word_1_325' title='bbox 1329 2424 1464 2495; x_wconf 81' lang='grc' dir='ltr'>μήτε</span> <span class='ocrx_word' id='word_1_326' title='bbox 1491 2423 1597 2477; x_wconf 77' lang='grc' dir='ltr'><strong>ὑπὸ</strong></span> <span class='ocrx_word' id='word_1_327' title='bbox 1621 2425 1716 2478; x_wconf 75' lang='grc' dir='ltr'>τοῦ</span> <span class='ocrx_word' id='word_1_328' title='bbox 1751 2426 1826 2497; x_wconf 81' lang='grc' dir='ltr'>μὴ</span> <span class='ocrx_word' id='word_1_329' title='bbox 1874 2429 1994 2480; x_wconf 76' lang='grc' dir='ltr'>ἐπι-</span> 
     </span>
    </p>
   </div>
   <div class='ocr_carea' id='block_1_42' title="bbox 398 2515 1990 2589">
    <p class='ocr_par' dir='ltr' id='par_1_42' title="bbox 398 2515 1990 2589">
     <span class='ocr_line' id='line_1_42' title="bbox 398 2515 1990 2589; baseline 0.001 -21"><span class='ocrx_word' id='word_1_330' title='bbox 398 2515 666 2586; x_wconf 86' lang='grc' dir='ltr'>σταμένου</span> <span class='ocrx_word' id='word_1_331' title='bbox 710 2515 1018 2587; x_wconf 81' lang='grc' dir='ltr'>γράμματα</span> <span class='ocrx_word' id='word_1_332' title='bbox 1058 2515 1631 2586; x_wconf 85' lang='grc' dir='ltr'>ἀναγινωσκομένους,</span> <span class='ocrx_word' id='word_1_333' title='bbox 1681 2517 1769 2570; x_wconf 78' lang='grc' dir='ltr'>διὰ</span> <span class='ocrx_word' id='word_1_334' title='bbox 1814 2517 1876 2570; x_wconf 84' lang='grc' dir='ltr'><strong>τὸ</strong></span> <span class='ocrx_word' id='word_1_335' title='bbox 1917 2519 1990 2589; x_wconf 79' lang='grc' dir='ltr'>μὴ</span> 
     </span>
    </p>
   </div>
   <div class='ocr_carea' id='block_1_43' title="bbox 394 2607 1990 2681">
    <p class='ocr_par' dir='ltr' id='par_1_43' title="bbox 394 2607 1990 2681">
     <span class='ocr_line' id='line_1_43' title="bbox 394 2607 1990 2681; baseline 0.002 -21"><span class='ocrx_word' id='word_1_336' title='bbox 394 2607 597 2662; x_wconf 79' lang='grc' dir='ltr'>εἰδέναι</span> <span class='ocrx_word' id='word_1_337' title='bbox 623 2607 787 2661; x_wconf 83' lang='grc' dir='ltr'>αὐτὸν</span> <span class='ocrx_word' id='word_1_338' title='bbox 820 2608 1150 2680; x_wconf 82' lang='grc' dir='ltr'>γράμματα,</span> <span class='ocrx_word' id='word_1_339' title='bbox 1185 2609 1322 2681; x_wconf 82' lang='grc' dir='ltr'>μήτε</span> <span class='ocrx_word' id='word_1_340' title='bbox 1345 2608 1450 2661; x_wconf 81' lang='grc' dir='ltr'>ὑπὸ</span> <span class='ocrx_word' id='word_1_341' title='bbox 1477 2608 1572 2661; x_wconf 80' lang='grc' dir='ltr'>τοῦ</span> <span class='ocrx_word' id='word_1_342' title='bbox 1599 2608 1990 2680; x_wconf 78' lang='grc' dir='ltr'>ἐπισταμένου,</span> 
     </span>
    </p>
   </div>
   <div class='ocr_carea' id='block_1_44' title="bbox 392 2698 1995 2772">
    <p class='ocr_par' dir='ltr' id='par_1_44' title="bbox 392 2698 1995 2772">
     <span class='ocr_line' id='line_1_44' title="bbox 392 2698 1995 2772; baseline -0.001 -19"><span class='ocrx_word' id='word_1_343' title='bbox 392 2698 485 2753; x_wconf 79' lang='grc' dir='ltr'>διὰ</span> <span class='ocrx_word' id='word_1_344' title='bbox 503 2700 563 2753; x_wconf 78' lang='grc' dir='ltr'>τὸ</span> <span class='ocrx_word' id='word_1_345' title='bbox 578 2701 945 2772; x_wconf 77' lang='grc' dir='ltr'>ἐσφραγίσθαι</span> <span class='ocrx_word' id='word_1_346' title='bbox 960 2699 1060 2771; x_wconf 80' lang='grc' dir='ltr'><strong>τὴν</strong></span> <span class='ocrx_word' id='word_1_347' title='bbox 1080 2699 1282 2770; x_wconf 88' lang='grc' dir='ltr'>βίϐλον.</span> <span class='ocrx_word' id='word_1_348' title='bbox 1318 2698 1481 2752; x_wconf 87' lang='grc' dir='ltr'>Ἀλλὰ</span> <span class='ocrx_word' id='word_1_349' title='bbox 1504 2699 1663 2753; x_wconf 81' lang='grc' dir='ltr'>τοῦτο</span> <span class='ocrx_word' id='word_1_350' title='bbox 1693 2699 1786 2753; x_wconf 76' lang='grc' dir='ltr'><strong>ἐπὶ</strong></span> <span class='ocrx_word' id='word_1_351' title='bbox 1811 2699 1995 2772; x_wconf 82' lang='grc' dir='ltr'>πάσης</span> 
     </span>
    </p>
   </div>
   <div class='ocr_carea' id='block_1_45' title="bbox 392 2791 1990 2867">
    <p class='ocr_par' dir='ltr' id='par_1_45' title="bbox 392 2791 1990 2867">
     <span class='ocr_line' id='line_1_45' title="bbox 392 2791 1990 2867; baseline 0.003 -21"><span class='ocrx_word' id='word_1_352' title='bbox 392 2791 623 2863; x_wconf 83' lang='grc' dir='ltr'>Γραφῆς</span> <span class='ocrx_word' id='word_1_353' title='bbox 657 2792 982 2864; x_wconf 85' lang='grc' dir='ltr'>ἀληθεύεται</span> <span class='ocrx_word' id='word_1_354' title='bbox 1026 2794 1295 2867; x_wconf 82' lang='grc' dir='ltr'>δεομένης</span> <span class='ocrx_word' id='word_1_355' title='bbox 1342 2795 1439 2849; x_wconf 79' lang='grc' dir='ltr'>τοῦ</span> <span class='ocrx_word' id='word_1_356' title='bbox 1482 2796 1799 2860; x_wconf 88' lang='grc' dir='ltr'>κλείσαντος</span> <span class='ocrx_word' id='word_1_357' title='bbox 1828 2797 1990 2866; x_wconf 87' lang='grc' dir='ltr'>λόγου</span> 
     </span>
    </p>
   </div>
   <div class='ocr_carea' id='block_1_46' title="bbox 394 2879 1995 2958">
    <p class='ocr_par' dir='ltr' id='par_1_46' title="bbox 394 2879 1995 2958">
     <span class='ocr_line' id='line_1_46' title="bbox 394 2879 1995 2958; baseline 0.004 -19"><span class='ocrx_word' id='word_1_358' title='bbox 394 2885 722 2951; x_wconf 67' lang='grc' dir='ltr'><strong>ιἰνοίξοντος⁸</strong></span> <span class='ocrx_word' id='word_1_359' title='bbox 742 2879 894 2949; x_wconf 77' lang='grc' dir='ltr'>οὗτος</span> <span class='ocrx_word' id='word_1_360' title='bbox 916 2885 1026 2958; x_wconf 83' lang='grc' dir='ltr'>γὰρ</span> <span class='ocrx_word' id='word_1_361' title='bbox 1047 2906 1065 2938; x_wconf 82' lang='grc' dir='ltr'><strong>ι</strong></span> <span class='ocrx_word' id='word_1_362' title='bbox 1084 2886 1289 2941; x_wconf 86' lang='grc' dir='ltr'>κλείσει</span> <span class='ocrx_word' id='word_1_363' title='bbox 1309 2889 1404 2942; x_wconf 75' lang='grc' dir='ltr'><strong>καὶ</strong></span> <span class='ocrx_word' id='word_1_364' title='bbox 1416 2889 1592 2953; x_wconf 71' lang='grc' dir='ltr'>οὐδεὶς</span> <span class='ocrx_word' id='word_1_365' title='bbox 1612 2889 1831 2954; x_wconf 79' lang='grc' dir='ltr'>ἀνοίξει·</span> <span class='ocrx_word' id='word_1_366' title='bbox 1858 2910 1877 2942; x_wconf 74' lang='grc' dir='ltr'><strong>ι</strong></span> <span class='ocrx_word' id='word_1_367' title='bbox 1901 2893 1995 2945; x_wconf 78' lang='grc' dir='ltr'>καὶ</span> 
     </span>
    </p>
   </div>
   <div class='ocr_carea' id='block_1_47' title="bbox 396 2976 1993 3055">
    <p class='ocr_par' dir='ltr' id='par_1_47' title="bbox 396 2976 1993 3055">
     <span class='ocr_line' id='line_1_47' title="bbox 396 2976 1993 3055; baseline 0.004 -25"><span class='ocrx_word' id='word_1_368' title='bbox 396 2976 538 3030; x_wconf 74' lang='grc' dir='ltr'>ἐπὰν</span> <span class='ocrx_word' id='word_1_369' title='bbox 553 2978 738 3050; x_wconf 75' lang='grc' dir='ltr'>ἀνοίξῃ</span> <span class='ocrx_word' id='word_1_370' title='bbox 758 2977 894 3050; x_wconf 84' lang='grc'><strong>(51),</strong></span> <span class='ocrx_word' id='word_1_371' title='bbox 918 2980 1103 3034; x_wconf 84' lang='grc' dir='ltr'>οὐκέτι</span> <span class='ocrx_word' id='word_1_372' title='bbox 1121 2982 1297 3045; x_wconf 74' lang='grc' dir='ltr'>οὐδεὶς</span> <span class='ocrx_word' id='word_1_373' title='bbox 1320 2982 1554 3053; x_wconf 82' lang='grc' dir='ltr'>ἀπορίαν</span> <span class='ocrx_word' id='word_1_374' title='bbox 1570 2982 1792 3037; x_wconf 86' lang='grc' dir='ltr'>δύναται</span> <span class='ocrx_word' id='word_1_375' title='bbox 1815 2986 1880 3055; x_wconf 82' lang='grc' dir='ltr'>τῇ</span> <span class='ocrx_word' id='word_1_376' title='bbox 1899 2985 1993 3036; x_wconf 85' lang='grc' dir='ltr'>ἀπ’</span> 
     </span>
    </p>
   </div>
   <div class='ocr_carea' id='block_1_48' title="bbox 393 3068 1990 3144">
    <p class='ocr_par' dir='ltr' id='par_1_48' title="bbox 393 3068 1990 3144">
     <span class='ocr_line' id='line_1_48' title="bbox 393 3068 1990 3144; baseline 0.004 -23"><span class='ocrx_word' id='word_1_377' title='bbox 393 3068 562 3123; x_wconf 80' lang='grc' dir='ltr'>αὑτοῦ</span> <span class='ocrx_word' id='word_1_378' title='bbox 611 3071 882 3141; x_wconf 66' lang='grc' dir='ltr'>σαφηνείᾳ.</span> <span class='ocrx_word' id='word_1_379' title='bbox 931 3075 1343 3142; x_wconf 85' lang='grc' dir='ltr'>προσενεγκεῖν.</span> <span class='ocrx_word' id='word_1_380' title='bbox 1398 3074 1498 3126; x_wconf 76' lang='grc' dir='ltr'>Διὰ</span> <span class='ocrx_word' id='word_1_381' title='bbox 1545 3074 1705 3128; x_wconf 82' lang='grc' dir='ltr'>τοῦτο</span> <span class='ocrx_word' id='word_1_382' title='bbox 1753 3075 1990 3144; x_wconf 85' lang='grc' dir='ltr'>λέγεται,</span> 
     </span>
    </p>
   </div>
   <div class='ocr_carea' id='block_1_49' title="bbox 2093 1955 3679 2026">
    <p class='ocr_par' dir='ltr' id='par_1_49' title="bbox 2093 1955 3679 2026">
     <span class='ocr_line' id='line_1_49' title="bbox 2093 1955 3679 2026; baseline 0.002 -17"><span class='ocrx_word' id='word_1_383' title='bbox 2093 1971 2255 2025; x_wconf 89' lang='lat' dir='ltr'><strong>quem</strong></span> <span class='ocrx_word' id='word_1_384' title='bbox 2308 1956 2600 2025; x_wconf 79' lang='lat' dir='ltr'><strong>scripsisti.</strong></span> <span class='ocrx_word' id='word_1_385' title='bbox 2632 1975 2651 2009; x_wconf 79' lang='grc' dir='ltr'><strong>ι</strong></span> <span class='ocrx_word' id='word_1_386' title='bbox 2709 1956 2779 2010; x_wconf 84' lang='grc' dir='ltr'>Ει</span> <span class='ocrx_word' id='word_1_387' title='bbox 2833 1955 2965 2011; x_wconf 91' lang='lat' dir='ltr'><strong>illud</strong></span> <span class='ocrx_word' id='word_1_388' title='bbox 2997 1959 3140 2026; x_wconf 87' lang='lat' dir='ltr'><strong>apud</strong></span> <span class='ocrx_word' id='word_1_389' title='bbox 3174 1957 3367 2011; x_wconf 86' lang='lat' dir='ltr'><strong>Isaiam</strong></span> <span class='ocrx_word' id='word_1_390' title='bbox 3397 1959 3476 2012; x_wconf 89' lang='lat' dir='ltr'><strong>sic</strong></span> <span class='ocrx_word' id='word_1_391' title='bbox 3506 1959 3679 2014; x_wconf 88' lang='lat' dir='ltr'><strong>inter-</strong></span> 
     </span>
    </p>
   </div>
   <div class='ocr_carea' id='block_1_50' title="bbox 2094 2046 3679 2118">
    <p class='ocr_par' dir='ltr' id='par_1_50' title="bbox 2094 2046 3679 2118">
     <span class='ocr_line' id='line_1_50' title="bbox 2094 2046 3679 2118; baseline 0.004 -19"><span class='ocrx_word' id='word_1_392' title='bbox 2094 2059 2278 2118; x_wconf 88' lang='lat' dir='ltr'><strong>pretor</strong></span> <span class='ocrx_word' id='word_1_393' title='bbox 2312 2049 2379 2102; x_wconf 76' lang='lat'><strong>“.</strong></span> <span class='ocrx_word' id='word_1_394' title='bbox 2411 2046 2527 2103; x_wconf 87' lang='lat' dir='ltr'><strong>Non</strong></span> <span class='ocrx_word' id='word_1_395' title='bbox 2563 2049 2709 2102; x_wconf 92' lang='lat' dir='ltr'><strong>enim</strong></span> <span class='ocrx_word' id='word_1_396' title='bbox 2750 2049 3030 2118; x_wconf 86' lang='lat' dir='ltr'><strong>proprium</strong></span> <span class='ocrx_word' id='word_1_397' title='bbox 3066 2060 3151 2104; x_wconf 88' lang='lat' dir='ltr'><strong>est</strong></span> <span class='ocrx_word' id='word_1_398' title='bbox 3181 2049 3348 2118; x_wconf 83' lang='lat' dir='ltr'><strong>hujus</strong></span> <span class='ocrx_word' id='word_1_399' title='bbox 3382 2051 3679 2118; x_wconf 66' lang='lat' dir='ltr'><strong>proidtetim</strong></span> 
     </span>
    </p>
   </div>
   <div class='ocr_carea' id='block_1_51' title="bbox 2096 2140 3676 2210">
    <p class='ocr_par' dir='ltr' id='par_1_51' title="bbox 2096 2140 3676 2210">
     <span class='ocr_line' id='line_1_51' title="bbox 2096 2140 3676 2210; baseline 0.002 -16"><span class='ocrx_word' id='word_1_400' title='bbox 2096 2150 2153 2195; x_wconf 91' lang='lat' dir='ltr'><strong>ut</strong></span> <span class='ocrx_word' id='word_1_401' title='bbox 2182 2142 2294 2195; x_wconf 85' lang='lat' dir='ltr'><strong>sint</strong></span> <span class='ocrx_word' id='word_1_402' title='bbox 2333 2156 2616 2196; x_wconf 86' lang='lat' dir='ltr'><strong>sermones</strong></span> <span class='ocrx_word' id='word_1_403' title='bbox 2653 2140 2776 2194; x_wconf 89' lang='lat' dir='ltr'><strong>libri</strong></span> <span class='ocrx_word' id='word_1_404' title='bbox 2830 2140 3121 2209; x_wconf 81' lang='lat' dir='ltr'><strong>obsignati,</strong></span> <span class='ocrx_word' id='word_1_405' title='bbox 3177 2152 3235 2195; x_wconf 89' lang='lat' dir='ltr'><strong>et</strong></span> <span class='ocrx_word' id='word_1_406' title='bbox 3279 2157 3384 2195; x_wconf 90' lang='lat' dir='ltr'><strong>non</strong></span> <span class='ocrx_word' id='word_1_407' title='bbox 3434 2141 3676 2210; x_wconf 80' lang='lat' dir='ltr'><strong>legantur</strong></span> 
     </span>
    </p>
   </div>
   <div class='ocr_carea' id='block_1_52' title="bbox 2094 2230 3676 2300">
    <p class='ocr_par' dir='ltr' id='par_1_52' title="bbox 2094 2230 3676 2300">
     <span class='ocr_line' id='line_1_52' title="bbox 2094 2230 3676 2300; baseline 0.002 -16"><span class='ocrx_word' id='word_1_408' title='bbox 2094 2232 2161 2284; x_wconf 87' lang='lat' dir='ltr'><strong>ab</strong></span> <span class='ocrx_word' id='word_1_409' title='bbox 2192 2246 2257 2285; x_wconf 92' lang='lat' dir='ltr'><strong>eo</strong></span> <span class='ocrx_word' id='word_1_410' title='bbox 2288 2232 2382 2299; x_wconf 89' lang='lat' dir='ltr'><strong>qui</strong></span> <span class='ocrx_word' id='word_1_411' title='bbox 2444 2232 2622 2285; x_wconf 88' lang='lat' dir='ltr'><strong>nescit</strong></span> <span class='ocrx_word' id='word_1_412' title='bbox 2669 2230 2907 2295; x_wconf 88' lang='lat' dir='ltr'><strong>litteras,</strong></span> <span class='ocrx_word' id='word_1_413' title='bbox 2958 2233 3083 2300; x_wconf 88' lang='lat' dir='ltr'><strong>quia</strong></span> <span class='ocrx_word' id='word_1_414' title='bbox 3136 2231 3182 2286; x_wconf 92' lang='lat' dir='ltr'><strong>is</strong></span> <span class='ocrx_word' id='word_1_415' title='bbox 3218 2233 3391 2285; x_wconf 90' lang='lat' dir='ltr'><strong>nescit</strong></span> <span class='ocrx_word' id='word_1_416' title='bbox 3444 2232 3676 2297; x_wconf 85' lang='lat' dir='ltr'><strong>litteras,</strong></span> 
     </span>
    </p>
   </div>
   <div class='ocr_carea' id='block_1_53' title="bbox 2097 2323 3680 2394">
    <p class='ocr_par' dir='ltr' id='par_1_53' title="bbox 2097 2323 3680 2394">
     <span class='ocr_line' id='line_1_53' title="bbox 2097 2323 3680 2394; baseline 0.001 -17"><span class='ocrx_word' id='word_1_417' title='bbox 2097 2337 2271 2391; x_wconf 88' lang='lat' dir='ltr'><strong>neque</strong></span> <span class='ocrx_word' id='word_1_418' title='bbox 2300 2326 2368 2379; x_wconf 88' lang='lat' dir='ltr'><strong>ab</strong></span> <span class='ocrx_word' id='word_1_419' title='bbox 2395 2339 2459 2379; x_wconf 90' lang='lat' dir='ltr'><strong>eo</strong></span> <span class='ocrx_word' id='word_1_420' title='bbox 2491 2324 2583 2392; x_wconf 89' lang='lat' dir='ltr'><strong>qui</strong></span> <span class='ocrx_word' id='word_1_421' title='bbox 2614 2323 2740 2389; x_wconf 83' lang='lat' dir='ltr'><strong>scit,</strong></span> <span class='ocrx_word' id='word_1_422' title='bbox 2770 2325 2899 2393; x_wconf 87' lang='lat' dir='ltr'><strong>quia</strong></span> <span class='ocrx_word' id='word_1_423' title='bbox 2920 2324 3239 2394; x_wconf 80' lang='lat' dir='ltr'><strong>obsignatus</strong></span> <span class='ocrx_word' id='word_1_424' title='bbox 3266 2325 3526 2380; x_wconf 87' lang='lat' dir='ltr'><strong>estliber.</strong></span> <span class='ocrx_word' id='word_1_425' title='bbox 3566 2327 3680 2381; x_wconf 90' lang='lat' dir='ltr'><strong>Sed</strong></span> 
     </span>
    </p>
   </div>
   <div class='ocr_carea' id='block_1_54' title="bbox 2096 2416 3678 2486">
    <p class='ocr_par' dir='ltr' id='par_1_54' title="bbox 2096 2416 3678 2486">
     <span class='ocr_line' id='line_1_54' title="bbox 2096 2416 3678 2486; baseline -0.002 -13"><span class='ocrx_word' id='word_1_426' title='bbox 2096 2420 2148 2473; x_wconf 90' lang='lat' dir='ltr'><strong>id</strong></span> <span class='ocrx_word' id='word_1_427' title='bbox 2188 2434 2377 2474; x_wconf 89' lang='lat' dir='ltr'><strong>verum</strong></span> <span class='ocrx_word' id='word_1_428' title='bbox 2431 2429 2514 2474; x_wconf 87' lang='lat' dir='ltr'><strong>est</strong></span> <span class='ocrx_word' id='word_1_429' title='bbox 2556 2418 2609 2472; x_wconf 91' lang='lat' dir='ltr'><strong>in</strong></span> <span class='ocrx_word' id='word_1_430' title='bbox 2660 2418 2917 2473; x_wconf 88' lang='lat' dir='ltr'><strong>universa</strong></span> <span class='ocrx_word' id='word_1_431' title='bbox 2957 2416 3269 2485; x_wconf 89' lang='lat' dir='ltr'><strong>Scriptura,</strong></span> <span class='ocrx_word' id='word_1_432' title='bbox 3321 2432 3440 2486; x_wconf 75' lang='lat' dir='ltr'><strong>qua:</strong></span> <span class='ocrx_word' id='word_1_433' title='bbox 3476 2418 3678 2486; x_wconf 82' lang='lat' dir='ltr'><strong>indiget</strong></span> 
     </span>
    </p>
   </div>
   <div class='ocr_carea' id='block_1_55' title="bbox 2094 2510 3682 2580">
    <p class='ocr_par' dir='ltr' id='par_1_55' title="bbox 2094 2510 3682 2580">
     <span class='ocr_line' id='line_1_55' title="bbox 2094 2510 3682 2580; baseline 0.002 -17"><span class='ocrx_word' id='word_1_434' title='bbox 2094 2513 2261 2566; x_wconf 89' lang='lat' dir='ltr'><strong>verbo</strong></span> <span class='ocrx_word' id='word_1_435' title='bbox 2284 2512 2403 2575; x_wconf 91' lang='lat' dir='ltr'><strong>Dei,</strong></span> <span class='ocrx_word' id='word_1_436' title='bbox 2430 2512 2575 2580; x_wconf 91' lang='lat' dir='ltr'><strong>quod</strong></span> <span class='ocrx_word' id='word_1_437' title='bbox 2600 2510 2797 2565; x_wconf 86' lang='lat' dir='ltr'><strong>clausit</strong></span> <span class='ocrx_word' id='word_1_438' title='bbox 2827 2520 2886 2564; x_wconf 93' lang='lat' dir='ltr'><strong>ut</strong></span> <span class='ocrx_word' id='word_1_439' title='bbox 2913 2511 3155 2578; x_wconf 81' lang='lat' dir='ltr'><strong>aperiat;</strong></span> <span class='ocrx_word' id='word_1_440' title='bbox 3190 2511 3293 2565; x_wconf 90' lang='lat' dir='ltr'><strong>hoc</strong></span> <span class='ocrx_word' id='word_1_441' title='bbox 3316 2512 3459 2563; x_wconf 88' lang='lat' dir='ltr'><strong>enim</strong></span> <span class='ocrx_word' id='word_1_442' title='bbox 3488 2529 3506 2562; x_wconf 85' lang='grc' dir='ltr'><strong>ι</strong></span> <span class='ocrx_word' id='word_1_443' title='bbox 3539 2512 3682 2566; x_wconf 86' lang='lat' dir='ltr'><strong>clau-</strong></span> 
     </span>
    </p>
   </div>
   <div class='ocr_carea' id='block_1_56' title="bbox 2093 2602 3680 2673">
    <p class='ocr_par' dir='ltr' id='par_1_56' title="bbox 2093 2602 3680 2673">
     <span class='ocr_line' id='line_1_56' title="bbox 2093 2602 3680 2673; baseline 0.001 -17"><span class='ocrx_word' id='word_1_444' title='bbox 2093 2605 2205 2660; x_wconf 86' lang='lat' dir='ltr'><strong>det.</strong></span> <span class='ocrx_word' id='word_1_445' title='bbox 2243 2612 2296 2658; x_wconf 92' lang='lat' dir='ltr'><strong>et</strong></span> <span class='ocrx_word' id='word_1_446' title='bbox 2331 2619 2491 2658; x_wconf 91' lang='lat' dir='ltr'><strong>nemo</strong></span> <span class='ocrx_word' id='word_1_447' title='bbox 2528 2603 2735 2673; x_wconf 87' lang='lat' dir='ltr'><strong>aperiet</strong></span> <span class='ocrx_word' id='word_1_448' title='bbox 2763 2604 2810 2635; x_wconf 63' lang='lat'><strong>95</strong></span> <span class='ocrx_word' id='word_1_449' title='bbox 2841 2620 2857 2669; x_wconf 87' lang='lat'><strong>;</strong></span> <span class='ocrx_word' id='word_1_450' title='bbox 2897 2622 2914 2654; x_wconf 75' lang='grc' dir='ltr'><strong>ι</strong></span> <span class='ocrx_word' id='word_1_451' title='bbox 2952 2612 3008 2657; x_wconf 91' lang='lat' dir='ltr'><strong>et</strong></span> <span class='ocrx_word' id='word_1_452' title='bbox 3039 2617 3159 2656; x_wconf 90' lang='lat' dir='ltr'><strong>cum</strong></span> <span class='ocrx_word' id='word_1_453' title='bbox 3190 2602 3487 2671; x_wconf 87' lang='lat' dir='ltr'><strong>aperuerit,</strong></span> <span class='ocrx_word' id='word_1_454' title='bbox 3520 2618 3680 2657; x_wconf 90' lang='lat' dir='ltr'><strong>nemo</strong></span> 
     </span>
    </p>
   </div>
   <div class='ocr_carea' id='block_1_57' title="bbox 2095 2695 3679 2766">
    <p class='ocr_par' dir='ltr' id='par_1_57' title="bbox 2095 2695 3679 2766">
     <span class='ocr_line' id='line_1_57' title="bbox 2095 2695 3679 2766; baseline 0 -17"><span class='ocrx_word' id='word_1_455' title='bbox 2095 2696 2288 2749; x_wconf 89' lang='lat' dir='ltr'><strong>deinde</strong></span> <span class='ocrx_word' id='word_1_456' title='bbox 2316 2704 2494 2764; x_wconf 86' lang='lat' dir='ltr'><strong>potest</strong></span> <span class='ocrx_word' id='word_1_457' title='bbox 2518 2696 2916 2750; x_wconf 83' lang='lat' dir='ltr'><strong>dubitationem</strong></span> <span class='ocrx_word' id='word_1_458' title='bbox 2947 2697 3013 2750; x_wconf 84' lang='lat' dir='ltr'><strong>ad</strong></span> <span class='ocrx_word' id='word_1_459' title='bbox 3065 2696 3238 2766; x_wconf 88' lang='lat' dir='ltr'><strong>ipsius</strong></span> <span class='ocrx_word' id='word_1_460' title='bbox 3281 2695 3679 2763; x_wconf 82' lang='lat' dir='ltr'><strong>expositionem</strong></span> 
     </span>
    </p>
   </div>
   <div class='ocr_carea' id='block_1_58' title="bbox 2095 2787 3682 2856">
    <p class='ocr_par' dir='ltr' id='par_1_58' title="bbox 2095 2787 3682 2856">
     <span class='ocr_line' id='line_1_58' title="bbox 2095 2787 3682 2856; baseline 0 -14"><span class='ocrx_word' id='word_1_461' title='bbox 2095 2787 2311 2842; x_wconf 70' lang='lat' dir='ltr'><strong>afferre.</strong></span> <span class='ocrx_word' id='word_1_462' title='bbox 2368 2787 2449 2843; x_wconf 88' lang='lat' dir='ltr'><strong>Ob</strong></span> <span class='ocrx_word' id='word_1_463' title='bbox 2476 2804 2597 2842; x_wconf 90' lang='lat' dir='ltr'><strong>eam</strong></span> <span class='ocrx_word' id='word_1_464' title='bbox 2628 2805 2741 2841; x_wconf 89' lang='lat' dir='ltr'><strong>rem</strong></span> <span class='ocrx_word' id='word_1_465' title='bbox 2785 2790 2989 2844; x_wconf 88' lang='lat' dir='ltr'><strong>dicitur</strong></span> <span class='ocrx_word' id='word_1_466' title='bbox 3021 2803 3037 2839; x_wconf 89' lang='lat'><strong>:</strong></span> <span class='ocrx_word' id='word_1_467' title='bbox 3073 2807 3090 2840; x_wconf 78' lang='grc' dir='ltr'><strong>ι</strong></span> <span class='ocrx_word' id='word_1_468' title='bbox 3140 2790 3371 2856; x_wconf 84' lang='lat' dir='ltr'><strong>aperiet,</strong></span> <span class='ocrx_word' id='word_1_469' title='bbox 3413 2798 3468 2842; x_wconf 90' lang='lat' dir='ltr'><strong>et</strong></span> <span class='ocrx_word' id='word_1_470' title='bbox 3522 2803 3682 2843; x_wconf 89' lang='lat' dir='ltr'><strong>nemo</strong></span> 
     </span>
    </p>
   </div>
   <div class='ocr_carea' id='block_1_59' title="bbox 2094 2879 3682 2950">
    <p class='ocr_par' dir='ltr' id='par_1_59' title="bbox 2094 2879 3682 2950">
     <span class='ocr_line' id='line_1_59' title="bbox 2094 2879 3682 2950; baseline 0.001 -17"><span class='ocrx_word' id='word_1_471' title='bbox 2094 2879 2308 2933; x_wconf 88' lang='lat' dir='ltr'><strong>claudet</strong></span> <span class='ocrx_word' id='word_1_472' title='bbox 2328 2880 2397 2934; x_wconf 68' lang='grc'><strong>’⁸.</strong></span> <span class='ocrx_word' id='word_1_473' title='bbox 2431 2898 2449 2931; x_wconf 75' lang='grc' dir='ltr'><strong>ι</strong></span> <span class='ocrx_word' id='word_1_474' title='bbox 2496 2881 2689 2935; x_wconf 82' lang='lat' dir='ltr'><strong>Simile</strong></span> <span class='ocrx_word' id='word_1_475' title='bbox 2718 2883 2847 2950; x_wconf 89' lang='lat' dir='ltr'><strong>quid</strong></span> <span class='ocrx_word' id='word_1_476' title='bbox 2885 2887 2953 2936; x_wconf 89' lang='lat' dir='ltr'><strong>de</strong></span> <span class='ocrx_word' id='word_1_477' title='bbox 2977 2882 3116 2935; x_wconf 88' lang='lat' dir='ltr'><strong>libro</strong></span> <span class='ocrx_word' id='word_1_478' title='bbox 3153 2881 3244 2949; x_wconf 87' lang='lat' dir='ltr'><strong>qui</strong></span> <span class='ocrx_word' id='word_1_479' title='bbox 3277 2891 3360 2934; x_wconf 89' lang='lat' dir='ltr'><strong>est</strong></span> <span class='ocrx_word' id='word_1_480' title='bbox 3383 2881 3522 2948; x_wconf 88' lang='lat' dir='ltr'><strong>apud</strong></span> <span class='ocrx_word' id='word_1_481' title='bbox 3548 2880 3682 2935; x_wconf 87' lang='lat' dir='ltr'><strong>Eze-</strong></span> 
     </span>
    </p>
   </div>
   <div class='ocr_carea' id='block_1_60' title="bbox 2095 2969 3795 3048">
    <p class='ocr_par' dir='ltr' id='par_1_60' title="bbox 2095 2969 3795 3048">
     <span class='ocr_line' id='line_1_60' title="bbox 2095 2969 3795 3048; baseline 0.001 -26"><span class='ocrx_word' id='word_1_482' title='bbox 2095 2969 2352 3033; x_wconf 88' lang='lat' dir='ltr'><strong>chielem,</strong></span> <span class='ocrx_word' id='word_1_483' title='bbox 2378 2971 2607 3039; x_wconf 88' lang='lat' dir='ltr'><strong>accipio,</strong></span> <span class='ocrx_word' id='word_1_484' title='bbox 2636 2972 2687 3023; x_wconf 92' lang='lat' dir='ltr'><strong>in</strong></span> <span class='ocrx_word' id='word_1_485' title='bbox 2720 2987 2828 3039; x_wconf 84' lang='lat' dir='ltr'><strong>quo</strong></span> <span class='ocrx_word' id='word_1_486' title='bbox 2858 2989 2877 3022; x_wconf 77' lang='grc' dir='ltr'><strong>ι</strong></span> <span class='ocrx_word' id='word_1_487' title='bbox 2910 2972 3114 3039; x_wconf 88' lang='lat' dir='ltr'><strong>scripta</strong></span> <span class='ocrx_word' id='word_1_488' title='bbox 3161 2982 3281 3026; x_wconf 92' lang='lat' dir='ltr'><strong>erat</strong></span> <span class='ocrx_word' id='word_1_489' title='bbox 3336 2970 3678 3031; x_wconf 88' lang='lat' dir='ltr'><strong>lamentatio,</strong></span> <span class='ocrx_word' id='word_1_490' title='bbox 3782 3028 3795 3048; x_wconf 48' lang='lat'><em>.</em></span> 
     </span>
    </p>
   </div>
   <div class='ocr_carea' id='block_1_61' title="bbox 2094 3060 3683 3125">
    <p class='ocr_par' dir='ltr' id='par_1_61' title="bbox 2094 3060 3683 3125">
     <span class='ocr_line' id='line_1_61' title="bbox 2094 3060 3683 3125; baseline 0.003 -12"><span class='ocrx_word' id='word_1_491' title='bbox 2094 3069 2147 3113; x_wconf 91' lang='lat' dir='ltr'><strong>et</strong></span> <span class='ocrx_word' id='word_1_492' title='bbox 2178 3060 2496 3125; x_wconf 86' lang='lat' dir='ltr'><strong>modulatio,</strong></span> <span class='ocrx_word' id='word_1_493' title='bbox 2526 3076 2581 3116; x_wconf 88' lang='lat' dir='ltr'><strong>et</strong></span> <span class='ocrx_word' id='word_1_494' title='bbox 2604 3078 2682 3117; x_wconf 67' lang='lat' dir='ltr'><strong>va:</strong></span> <span class='ocrx_word' id='word_1_495' title='bbox 2708 3062 2776 3115; x_wconf 76' lang='grc'><strong>⁸⁷.</strong></span> <span class='ocrx_word' id='word_1_496' title='bbox 2811 3082 2830 3114; x_wconf 74' lang='grc' dir='ltr'><strong>ι</strong></span> <span class='ocrx_word' id='word_1_497' title='bbox 2875 3062 3067 3118; x_wconf 88' lang='lat' dir='ltr'><strong>Onmis</strong></span> <span class='ocrx_word' id='word_1_498' title='bbox 3096 3063 3241 3116; x_wconf 81' lang='lat' dir='ltr'><strong>enim</strong></span> <span class='ocrx_word' id='word_1_499' title='bbox 3276 3061 3415 3117; x_wconf 89' lang='lat' dir='ltr'><strong>liber</strong></span> <span class='ocrx_word' id='word_1_500' title='bbox 3439 3063 3683 3117; x_wconf 71' lang='lat' dir='ltr'><strong>continet</strong></span> 
     </span>
    </p>
   </div>
   <div class='ocr_carea' id='block_1_62' title="bbox 396 3152 1991 3252">
    <p class='ocr_par' dir='ltr' id='par_1_62' title="bbox 396 3161 1991 3237">
     <span class='ocr_line' id='line_1_62' title="bbox 396 3161 1991 3237; baseline 0.001 -24"><span class='ocrx_word' id='word_1_501' title='bbox 396 3162 480 3213; x_wconf 80' lang='grc' dir='ltr'>ὅτι</span> <span class='ocrx_word' id='word_1_502' title='bbox 515 3179 534 3211; x_wconf 78' lang='grc' dir='ltr'><strong>ι</strong></span> <span class='ocrx_word' id='word_1_503' title='bbox 572 3161 795 3227; x_wconf 78' lang='grc' dir='ltr'>ἀνοίξει,</span> <span class='ocrx_word' id='word_1_504' title='bbox 836 3162 932 3215; x_wconf 75' lang='grc' dir='ltr'>καὶ</span> <span class='ocrx_word' id='word_1_505' title='bbox 975 3162 1150 3226; x_wconf 75' lang='grc' dir='ltr'>οὐδεὶς</span> <span class='ocrx_word' id='word_1_506' title='bbox 1178 3163 1404 3217; x_wconf 87' lang='grc' dir='ltr'>κλείσει.</span> <span class='ocrx_word' id='word_1_507' title='bbox 1451 3183 1470 3215; x_wconf 71' lang='grc' dir='ltr'><strong>ι</strong></span> <span class='ocrx_word' id='word_1_508' title='bbox 1504 3164 1578 3217; x_wconf 87' lang='grc' dir='ltr'>Τὸ</span> <span class='ocrx_word' id='word_1_509' title='bbox 1611 3165 1991 3237; x_wconf 85' lang='grc' dir='ltr'>παραπλήσιον</span> 
     </span>
    </p>
   </div>
   <div class='ocr_carea' id='block_1_63' title="bbox 2095 3152 3674 3252">
    <p class='ocr_par' dir='ltr' id='par_1_63' title="bbox 2098 3152 3674 3221">
     <span class='ocr_line' id='line_1_63' title="bbox 2098 3152 3674 3221; baseline 0.003 -18"><span class='ocrx_word' id='word_1_510' title='bbox 2098 3167 2177 3206; x_wconf 72' lang='lat' dir='ltr'><strong>va:</strong></span> <span class='ocrx_word' id='word_1_511' title='bbox 2205 3154 2271 3207; x_wconf 91' lang='lat' dir='ltr'><strong>iis</strong></span> <span class='ocrx_word' id='word_1_512' title='bbox 2294 3154 2385 3221; x_wconf 90' lang='lat' dir='ltr'><strong>qui</strong></span> <span class='ocrx_word' id='word_1_513' title='bbox 2416 3163 2665 3221; x_wconf 82' lang='lat' dir='ltr'><strong>pereunt,</strong></span> <span class='ocrx_word' id='word_1_514' title='bbox 2707 3166 2762 3207; x_wconf 90' lang='lat' dir='ltr'><strong>et</strong></span> <span class='ocrx_word' id='word_1_515' title='bbox 2801 3156 3077 3208; x_wconf 80' lang='lat' dir='ltr'><strong>canticum</strong></span> <span class='ocrx_word' id='word_1_516' title='bbox 3116 3154 3184 3207; x_wconf 88' lang='lat' dir='ltr'><strong>de</strong></span> <span class='ocrx_word' id='word_1_517' title='bbox 3227 3152 3295 3207; x_wconf 92' lang='lat' dir='ltr'><strong>iis</strong></span> <span class='ocrx_word' id='word_1_518' title='bbox 3325 3153 3415 3221; x_wconf 91' lang='lat' dir='ltr'><strong>qui</strong></span> <span class='ocrx_word' id='word_1_519' title='bbox 3447 3166 3674 3207; x_wconf 80' lang='lat' dir='ltr'><strong>servan-</strong></span> 
     </span>
    </p>
   </div>
   <div class='ocr_carea' id='block_1_64' title="bbox 395 3244 1991 3330">
    <p class='ocr_par' dir='ltr' id='par_1_64' title="bbox 395 3252 1987 3330">
     <span class='ocr_line' id='line_1_64' title="bbox 395 3252 1987 3330; baseline 0.004 -26"><span class='ocrx_word' id='word_1_520' title='bbox 395 3252 456 3304; x_wconf 80' lang='grc' dir='ltr'>δὲ</span> <span class='ocrx_word' id='word_1_521' title='bbox 486 3253 580 3305; x_wconf 76' lang='grc' dir='ltr'><strong>καὶ</strong></span> <span class='ocrx_word' id='word_1_522' title='bbox 617 3253 711 3305; x_wconf 76' lang='grc' dir='ltr'>ἐπὶ</span> <span class='ocrx_word' id='word_1_523' title='bbox 739 3253 840 3324; x_wconf 80' lang='grc' dir='ltr'><strong>τῆς</strong></span> <span class='ocrx_word' id='word_1_524' title='bbox 883 3253 1181 3325; x_wconf 73' lang='grc' dir='ltr'>εἰρημένης</span> <span class='ocrx_word' id='word_1_525' title='bbox 1215 3255 1398 3325; x_wconf 87' lang='grc' dir='ltr'>βίϐλου</span> <span class='ocrx_word' id='word_1_526' title='bbox 1432 3257 1583 3329; x_wconf 86' lang='grc' dir='ltr'><strong>παρὰ</strong></span> <span class='ocrx_word' id='word_1_527' title='bbox 1608 3256 1687 3327; x_wconf 82' lang='grc' dir='ltr'><strong>τῷ</strong></span> <span class='ocrx_word' id='word_1_528' title='bbox 1729 3257 1987 3330; x_wconf 79' lang='grc' dir='ltr'>Ἰεζεχιὴλ</span> 
     </span>
    </p>
   </div>
   <div class='ocr_carea' id='block_1_65' title="bbox 2095 3244 3675 3330">
    <p class='ocr_par' dir='ltr' id='par_1_65' title="bbox 2098 3244 3675 3313">
     <span class='ocr_line' id='line_1_65' title="bbox 2098 3244 3675 3313; baseline -0.001 -13"><span class='ocrx_word' id='word_1_529' title='bbox 2098 3256 2207 3309; x_wconf 86' lang='lat' dir='ltr'><strong>tur,</strong></span> <span class='ocrx_word' id='word_1_530' title='bbox 2237 3259 2292 3300; x_wconf 90' lang='lat' dir='ltr'><strong>et</strong></span> <span class='ocrx_word' id='word_1_531' title='bbox 2320 3249 2386 3301; x_wconf 90' lang='lat' dir='ltr'><strong>de</strong></span> <span class='ocrx_word' id='word_1_532' title='bbox 2418 3247 2484 3300; x_wconf 92' lang='lat' dir='ltr'><strong>iis</strong></span> <span class='ocrx_word' id='word_1_533' title='bbox 2524 3246 2958 3313; x_wconf 30' lang='lat' dir='ltr'><strong>qui‘intermedii</strong></span> <span class='ocrx_word' id='word_1_534' title='bbox 3002 3256 3163 3313; x_wconf 88' lang='lat' dir='ltr'><strong>sunt,</strong></span> <span class='ocrx_word' id='word_1_535' title='bbox 3210 3244 3675 3300; x_wconf 87' lang='lat' dir='ltr'><strong>lamentationem.</strong></span> 
     </span>
    </p>
   </div>
   <div class='ocr_carea' id='block_1_66' title="bbox 276 3338 1984 3421">
    <p class='ocr_par' dir='ltr' id='par_1_66' title="bbox 276 3338 1984 3421">
     <span class='ocr_line' id='line_1_66' title="bbox 276 3338 1984 3421; baseline 0.005 -28"><span class='ocrx_word' id='word_1_536' title='bbox 276 3414 281 3421; x_wconf 20' lang='grc' dir='ltr'><strong>η</strong></span> <span class='ocrx_word' id='word_1_537' title='bbox 396 3343 750 3413; x_wconf 78' lang='grc' dir='ltr'>ὲκλαμϐἀνω,</span> <span class='ocrx_word' id='word_1_538' title='bbox 784 3346 842 3398; x_wconf 84' lang='grc' dir='ltr'>ὲν</span> <span class='ocrx_word' id='word_1_539' title='bbox 957 3364 977 3396; x_wconf 77' lang='grc' dir='ltr'><strong>ι</strong></span> <span class='ocrx_word' id='word_1_540' title='bbox 1017 3346 1331 3418; x_wconf 79' lang='grc' dir='ltr'>ἐγέγραπτο</span> <span class='ocrx_word' id='word_1_541' title='bbox 1382 3347 1601 3419; x_wconf 80' lang='grc' dir='ltr'>θρῆνος,</span> <span class='ocrx_word' id='word_1_542' title='bbox 1657 3348 1752 3401; x_wconf 80' lang='grc' dir='ltr'><strong>καὶ</strong></span> <span class='ocrx_word' id='word_1_543' title='bbox 1805 3348 1984 3419; x_wconf 82' lang='grc' dir='ltr'>μέλος,</span> 
     </span>
    </p>
   </div>
   <div class='ocr_carea' id='block_1_67' title="bbox 398 3436 1990 3512">
    <p class='ocr_par' dir='ltr' id='par_1_67' title="bbox 398 3436 1990 3512">
     <span class='ocr_line' id='line_1_67' title="bbox 398 3436 1990 3512; baseline 0.004 -24"><span class='ocrx_word' id='word_1_544' title='bbox 398 3436 497 3490; x_wconf 70' lang='grc' dir='ltr'><strong>καὶ</strong></span> <span class='ocrx_word' id='word_1_545' title='bbox 518 3436 660 3489; x_wconf 82' lang='grc' dir='ltr'>οὐαί.</span> <span class='ocrx_word' id='word_1_546' title='bbox 693 3455 711 3488; x_wconf 75' lang='grc' dir='ltr'><strong>ι</strong></span> <span class='ocrx_word' id='word_1_547' title='bbox 738 3437 897 3490; x_wconf 82' lang='grc' dir='ltr'>Πᾶσα</span> <span class='ocrx_word' id='word_1_548' title='bbox 927 3437 1038 3509; x_wconf 83' lang='grc' dir='ltr'>γὰρ</span> <span class='ocrx_word' id='word_1_549' title='bbox 1066 3437 1244 3509; x_wconf 87' lang='grc' dir='ltr'>βίϐλος</span> <span class='ocrx_word' id='word_1_550' title='bbox 1271 3440 1515 3512; x_wconf 84' lang='grc' dir='ltr'>περιέχει</span> <span class='ocrx_word' id='word_1_551' title='bbox 1542 3440 1604 3493; x_wconf 83' lang='grc' dir='ltr'>τὸ</span> <span class='ocrx_word' id='word_1_552' title='bbox 1625 3440 1734 3493; x_wconf 83' lang='grc' dir='ltr'>τῶν</span> <span class='ocrx_word' id='word_1_553' title='bbox 1757 3441 1990 3495; x_wconf 88' lang='grc' dir='ltr'>ἀπολλυ-</span> 
     </span>
    </p>
   </div>
   <div class='ocr_carea' id='block_1_68' title="bbox 400 3528 1990 3603">
    <p class='ocr_par' dir='ltr' id='par_1_68' title="bbox 400 3528 1990 3603">
     <span class='ocr_line' id='line_1_68' title="bbox 400 3528 1990 3603; baseline 0.004 -22"><span class='ocrx_word' id='word_1_554' title='bbox 400 3528 578 3597; x_wconf 87' lang='grc' dir='ltr'>μένων</span> <span class='ocrx_word' id='word_1_555' title='bbox 609 3530 752 3593; x_wconf 78' lang='grc' dir='ltr'>οὐαὶ,</span> <span class='ocrx_word' id='word_1_556' title='bbox 789 3530 970 3584; x_wconf 79' lang='grc' dir='ltr'>καὶτὸ</span> <span class='ocrx_word' id='word_1_557' title='bbox 996 3532 1127 3603; x_wconf 72' lang='grc' dir='ltr'>περὶ</span> <span class='ocrx_word' id='word_1_558' title='bbox 1155 3531 1266 3584; x_wconf 88' lang='grc' dir='ltr'><strong>τῶν</strong></span> <span class='ocrx_word' id='word_1_559' title='bbox 1315 3532 1640 3603; x_wconf 78' lang='grc' dir='ltr'>σωζομένων</span> <span class='ocrx_word' id='word_1_560' title='bbox 1680 3533 1860 3603; x_wconf 83' lang='grc' dir='ltr'>μέλος,</span> <span class='ocrx_word' id='word_1_561' title='bbox 1895 3534 1990 3587; x_wconf 77' lang='grc' dir='ltr'>καὶ</span> 
     </span>
    </p>
   </div>
   <div class='ocr_carea' id='block_1_69' title="bbox 395 3619 1993 3695">
    <p class='ocr_par' dir='ltr' id='par_1_69' title="bbox 395 3619 1993 3695">
     <span class='ocr_line' id='line_1_69' title="bbox 395 3619 1993 3695; baseline 0.005 -24"><span class='ocrx_word' id='word_1_562' title='bbox 395 3619 491 3672; x_wconf 86' lang='grc' dir='ltr'><strong>τὸν</strong></span> <span class='ocrx_word' id='word_1_563' title='bbox 508 3620 762 3692; x_wconf 77' lang='grc' dir='ltr'>περὶτῶν</span> <span class='ocrx_word' id='word_1_564' title='bbox 778 3624 984 3693; x_wconf 82' lang='grc' dir='ltr'>μεταξὺ</span> <span class='ocrx_word' id='word_1_565' title='bbox 1004 3623 1221 3695; x_wconf 84' lang='grc' dir='ltr'>θρῆνον.</span> <span class='ocrx_word' id='word_1_566' title='bbox 1253 3626 1412 3678; x_wconf 89' lang='grc' dir='ltr'>Ἀλλὰ</span> <span class='ocrx_word' id='word_1_567' title='bbox 1433 3628 1529 3679; x_wconf 78' lang='grc' dir='ltr'>καὶ</span> <span class='ocrx_word' id='word_1_568' title='bbox 1552 3627 1581 3678; x_wconf 86' lang='grc' dir='ltr'>ὁ</span> <span class='ocrx_word' id='word_1_569' title='bbox 1596 3626 1792 3680; x_wconf 76' lang='grc' dir='ltr'>ἐσθίων</span> <span class='ocrx_word' id='word_1_570' title='bbox 1817 3626 1993 3679; x_wconf 82' lang='grc' dir='ltr'>Ἰωάν-</span> 
     </span>
    </p>
   </div>
   <div class='ocr_carea' id='block_1_70' title="bbox 395 3710 1991 3790">
    <p class='ocr_par' dir='ltr' id='par_1_70' title="bbox 395 3710 1991 3790">
     <span class='ocr_line' id='line_1_70' title="bbox 395 3710 1991 3790; baseline 0.004 -25"><span class='ocrx_word' id='word_1_571' title='bbox 395 3725 499 3780; x_wconf 81' lang='grc' dir='ltr'><strong>νης</strong></span> <span class='ocrx_word' id='word_1_572' title='bbox 532 3712 663 3782; x_wconf 83' lang='grc' dir='ltr'>μίαν</span> <span class='ocrx_word' id='word_1_573' title='bbox 708 3714 993 3785; x_wconf 83' lang='grc' dir='ltr'>κεφαλίδα,</span> <span class='ocrx_word' id='word_1_574' title='bbox 1041 3718 1103 3771; x_wconf 84' lang='grc' dir='ltr'>ὲν</span> <span class='ocrx_word' id='word_1_575' title='bbox 1221 3718 1531 3789; x_wconf 84' lang='grc' dir='ltr'>γέγραπται</span> <span class='ocrx_word' id='word_1_576' title='bbox 1564 3718 1635 3772; x_wconf 78' lang='grc' dir='ltr'>τὰ</span> <span class='ocrx_word' id='word_1_577' title='bbox 1682 3718 1991 3790; x_wconf 81' lang='grc' dir='ltr'>ἔμπροσθεν</span> 
     </span>
    </p>
   </div>
   <div class='ocr_carea' id='block_1_71' title="bbox 397 3803 1991 3884">
    <p class='ocr_par' dir='ltr' id='par_1_71' title="bbox 397 3803 1991 3884">
     <span class='ocr_line' id='line_1_71' title="bbox 397 3803 1991 3884; baseline 0.006 -26"><span class='ocrx_word' id='word_1_578' title='bbox 397 3803 498 3858; x_wconf 78' lang='grc' dir='ltr'><strong>καὶ</strong></span> <span class='ocrx_word' id='word_1_579' title='bbox 520 3804 591 3857; x_wconf 86' lang='grc' dir='ltr'>τὰ</span> <span class='ocrx_word' id='word_1_580' title='bbox 607 3804 850 3871; x_wconf 77' lang='grc' dir='ltr'>ὄπισθεν,</span> <span class='ocrx_word' id='word_1_581' title='bbox 875 3809 976 3880; x_wconf 80' lang='grc' dir='ltr'><strong>τὴν</strong></span> <span class='ocrx_word' id='word_1_582' title='bbox 998 3810 1180 3865; x_wconf 77' lang='grc' dir='ltr'>πᾶσαν</span> <span class='ocrx_word' id='word_1_583' title='bbox 1200 3812 1425 3882; x_wconf 87' lang='grc' dir='ltr'>νενόηκε</span> <span class='ocrx_word' id='word_1_584' title='bbox 1448 3812 1694 3884; x_wconf 84' lang='grc' dir='ltr'>Γραφὴν,</span> <span class='ocrx_word' id='word_1_585' title='bbox 1717 3813 1793 3875; x_wconf 81' lang='grc' dir='ltr'>ὡς</span> <span class='ocrx_word' id='word_1_586' title='bbox 1811 3812 1991 3883; x_wconf 89' lang='grc' dir='ltr'>βίϐλον</span> 
     </span>
    </p>
   </div>
   <div class='ocr_carea' id='block_1_72' title="bbox 401 3896 1995 3976">
    <p class='ocr_par' dir='ltr' id='par_1_72' title="bbox 401 3896 1995 3976">
     <span class='ocr_line' id='line_1_72' title="bbox 401 3896 1995 3976; baseline 0.004 -26"><span class='ocrx_word' id='word_1_587' title='bbox 401 3896 537 3966; x_wconf 82' lang='grc' dir='ltr'>μίαν</span> <span class='ocrx_word' id='word_1_588' title='bbox 565 3898 811 3970; x_wconf 83' lang='grc' dir='ltr'>ἡδίστην,</span> <span class='ocrx_word' id='word_1_589' title='bbox 842 3902 984 3955; x_wconf 83' lang='grc' dir='ltr'>κατὰ</span> <span class='ocrx_word' id='word_1_590' title='bbox 1004 3901 1106 3966; x_wconf 80' lang='grc' dir='ltr'>τὰς</span> <span class='ocrx_word' id='word_1_591' title='bbox 1124 3904 1302 3975; x_wconf 84' lang='grc' dir='ltr'>ἀρχὰς</span> <span class='ocrx_word' id='word_1_592' title='bbox 1330 3906 1652 3976; x_wconf 84' lang='grc' dir='ltr'>νοουμένην,</span> <span class='ocrx_word' id='word_1_593' title='bbox 1674 3906 1763 3959; x_wconf 83' lang='grc' dir='ltr'><strong>ὅτε</strong></span> <span class='ocrx_word' id='word_1_594' title='bbox 1795 3922 1880 3968; x_wconf 89' lang='grc' dir='ltr'><strong>τις</strong></span> <span class='ocrx_word' id='word_1_595' title='bbox 1904 3905 1995 3959; x_wconf 84' lang='grc' dir='ltr'>αὐ-</span> 
     </span>
    </p>
   </div>
   <div class='ocr_carea' id='block_1_73' title="bbox 397 3988 1993 4069">
    <p class='ocr_par' dir='ltr' id='par_1_73' title="bbox 397 3988 1993 4069">
     <span class='ocr_line' id='line_1_73' title="bbox 397 3988 1993 4069; baseline 0.006 -27"><span class='ocrx_word' id='word_1_596' title='bbox 397 3988 500 4061; x_wconf 77' lang='grc' dir='ltr'>τὴν</span> <span class='ocrx_word' id='word_1_597' title='bbox 529 3994 791 4060; x_wconf 77' lang='grc' dir='ltr'>μασᾶται,</span> <span class='ocrx_word' id='word_1_598' title='bbox 825 3995 1029 4067; x_wconf 77' lang='grc' dir='ltr'>πικρὰν</span> <span class='ocrx_word' id='word_1_599' title='bbox 1060 3997 1118 4051; x_wconf 84' lang='grc' dir='ltr'>δὲ</span> <span class='ocrx_word' id='word_1_600' title='bbox 1148 4000 1215 4069; x_wconf 81' lang='grc' dir='ltr'>τῇ</span> <span class='ocrx_word' id='word_1_601' title='bbox 1258 3997 1490 4051; x_wconf 79' lang='grc' dir='ltr'>ἑκάστου</span> <span class='ocrx_word' id='word_1_602' title='bbox 1534 3998 1644 4051; x_wconf 84' lang='grc' dir='ltr'><strong>τῶν</strong></span> <span class='ocrx_word' id='word_1_603' title='bbox 1674 3998 1993 4066; x_wconf 76' lang='grc' dir='ltr'>ἐγνωκότων</span> 
     </span>
    </p>
   </div>
   <div class='ocr_carea' id='block_1_74' title="bbox 402 4086 1996 4163">
    <p class='ocr_par' dir='ltr' id='par_1_74' title="bbox 402 4086 1996 4163">
     <span class='ocr_line' id='line_1_74' title="bbox 402 4086 1996 4163; baseline 0.005 -27"><span class='ocrx_word' id='word_1_604' title='bbox 402 4086 757 4158; x_wconf 89' lang='grc' dir='ltr'>συναισθήσει</span> <span class='ocrx_word' id='word_1_605' title='bbox 773 4091 840 4160; x_wconf 81' lang='grc' dir='ltr'>τῇ</span> <span class='ocrx_word' id='word_1_606' title='bbox 860 4091 989 4160; x_wconf 72' lang='grc' dir='ltr'>περὶ</span> <span class='ocrx_word' id='word_1_607' title='bbox 1000 4091 1194 4144; x_wconf 81' lang='grc' dir='ltr'>ἑαυτοῦ</span> <span class='ocrx_word' id='word_1_608' title='bbox 1214 4092 1805 4163; x_wconf 77' lang='grc' dir='ltr'>ἅναφαινομένην.Ἔτι</span> <span class='ocrx_word' id='word_1_609' title='bbox 1826 4109 1996 4162; x_wconf 76' lang='grc' dir='ltr'>προσ-</span> 
     </span>
    </p>
   </div>
   <div class='ocr_carea' id='block_1_75' title="bbox 400 4174 1994 4253">
    <p class='ocr_par' dir='ltr' id='par_1_75' title="bbox 400 4174 1994 4253">
     <span class='ocr_line' id='line_1_75' title="bbox 400 4174 1994 4253; baseline 0.005 -26"><span class='ocrx_word' id='word_1_610' title='bbox 400 4174 558 4243; x_wconf 74' lang='grc' dir='ltr'>θήσω</span> <span class='ocrx_word' id='word_1_611' title='bbox 614 4179 695 4241; x_wconf 86' lang='grc' dir='ltr'><strong>είς</strong></span> <span class='ocrx_word' id='word_1_612' title='bbox 729 4178 830 4249; x_wconf 81' lang='grc' dir='ltr'>τὴν</span> <span class='ocrx_word' id='word_1_613' title='bbox 875 4180 1066 4234; x_wconf 86' lang='grc' dir='ltr'>τούτου</span> <span class='ocrx_word' id='word_1_614' title='bbox 1118 4180 1391 4246; x_wconf 83' lang='grc' dir='ltr'>ἀπόδειξιν</span> <span class='ocrx_word' id='word_1_615' title='bbox 1432 4182 1594 4253; x_wconf 75' lang='grc' dir='ltr'>ῥητὸν</span> <span class='ocrx_word' id='word_1_616' title='bbox 1639 4182 1994 4235; x_wconf 84' lang='grc' dir='ltr'>ἀποστολικὸν</span> 
     </span>
    </p>
   </div>
   <div class='ocr_carea' id='block_1_76' title="bbox 404 4269 1997 4345">
    <p class='ocr_par' dir='ltr' id='par_1_76' title="bbox 404 4269 1997 4345">
     <span class='ocr_line' id='line_1_76' title="bbox 404 4269 1997 4345; baseline 0.006 -25"><span class='ocrx_word' id='word_1_617' title='bbox 404 4269 483 4339; x_wconf 80' lang='grc' dir='ltr'><strong>μὴ</strong></span> <span class='ocrx_word' id='word_1_618' title='bbox 506 4271 834 4340; x_wconf 88' lang='grc' dir='ltr'>νενοημένον</span> <span class='ocrx_word' id='word_1_619' title='bbox 856 4272 962 4325; x_wconf 84' lang='grc' dir='ltr'><strong>ὑπὸ</strong></span> <span class='ocrx_word' id='word_1_620' title='bbox 980 4272 1089 4326; x_wconf 87' lang='grc' dir='ltr'><strong>τῶν</strong></span> <span class='ocrx_word' id='word_1_621' title='bbox 1110 4273 1209 4326; x_wconf 82' lang='grc' dir='ltr'>τοῦ</span> <span class='ocrx_word' id='word_1_622' title='bbox 1235 4274 1582 4345; x_wconf 83' lang='grc' dir='ltr'>Μαρκίωνος,</span> <span class='ocrx_word' id='word_1_623' title='bbox 1607 4273 1702 4327; x_wconf 70' lang='grc' dir='ltr'><strong>καὶ</strong></span> <span class='ocrx_word' id='word_1_624' title='bbox 1727 4272 1813 4327; x_wconf 75' lang='grc' dir='ltr'><strong>διὰ</strong></span> <span class='ocrx_word' id='word_1_625' title='bbox 1836 4273 1997 4329; x_wconf 78' lang='grc' dir='ltr'>τοῦτο</span> 
     </span>
    </p>
   </div>
   <div class='ocr_carea' id='block_1_77' title="bbox 399 4359 1998 4435">
    <p class='ocr_par' dir='ltr' id='par_1_77' title="bbox 399 4359 1998 4435">
     <span class='ocr_line' id='line_1_77' title="bbox 399 4359 1998 4435; baseline 0.001 -21"><span class='ocrx_word' id='word_1_626' title='bbox 399 4359 739 4415; x_wconf 79' lang='grc' dir='ltr'>ἀθετούντων</span> <span class='ocrx_word' id='word_1_627' title='bbox 774 4363 841 4417; x_wconf 74' lang='grc' dir='ltr'><strong>τά</strong></span> <span class='ocrx_word' id='word_1_628' title='bbox 890 4364 1200 4433; x_wconf 84' lang='grc' dir='ltr'>Εὐαγγέλια</span> <span class='ocrx_word' id='word_1_629' title='bbox 1235 4363 1374 4435; x_wconf 70' lang='grc'><strong>(52)’</strong></span> <span class='ocrx_word' id='word_1_630' title='bbox 1425 4364 1487 4417; x_wconf 81' lang='grc' dir='ltr'><strong>τὸ</strong></span> <span class='ocrx_word' id='word_1_631' title='bbox 1534 4364 1644 4435; x_wconf 83' lang='grc' dir='ltr'>γὰρ</span> <span class='ocrx_word' id='word_1_632' title='bbox 1688 4365 1782 4418; x_wconf 87' lang='grc' dir='ltr'><strong>τὸν</strong></span> <span class='ocrx_word' id='word_1_633' title='bbox 1839 4364 1998 4416; x_wconf 84' lang='grc' dir='ltr'><strong>Ἀπό-</strong></span> 
     </span>
    </p>
   </div>
   <div class='ocr_carea' id='block_1_78' title="bbox 401 4451 1997 4528">
    <p class='ocr_par' dir='ltr' id='par_1_78' title="bbox 401 4451 1997 4528">
     <span class='ocr_line' id='line_1_78' title="bbox 401 4451 1997 4528; baseline 0.003 -23"><span class='ocrx_word' id='word_1_634' title='bbox 401 4451 592 4505; x_wconf 81' lang='grc' dir='ltr'>στολον</span> <span class='ocrx_word' id='word_1_635' title='bbox 619 4453 822 4521; x_wconf 86' lang='grc' dir='ltr'>λέγειν·</span> <span class='ocrx_word' id='word_1_636' title='bbox 867 4474 886 4505; x_wconf 80' lang='grc' dir='ltr'><strong>ι</strong></span> <span class='ocrx_word' id='word_1_637' title='bbox 915 4454 1075 4508; x_wconf 81' lang='grc' dir='ltr'>Κατὰ</span> <span class='ocrx_word' id='word_1_638' title='bbox 1103 4456 1167 4508; x_wconf 86' lang='grc' dir='ltr'>τὸ</span> <span class='ocrx_word' id='word_1_639' title='bbox 1189 4455 1526 4525; x_wconf 85' lang='grc' dir='ltr'>Εὐαγγέλιόν</span> <span class='ocrx_word' id='word_1_640' title='bbox 1558 4473 1657 4526; x_wconf 90' lang='grc' dir='ltr'><strong>μου</strong></span> <span class='ocrx_word' id='word_1_641' title='bbox 1683 4458 1742 4509; x_wconf 84' lang='grc' dir='ltr'>ὲν</span> <span class='ocrx_word' id='word_1_642' title='bbox 1774 4456 1997 4528; x_wconf 83' lang='grc' dir='ltr'>Χριστῷ</span> 
     </span>
    </p>
   </div>
   <div class='ocr_carea' id='block_1_79' title="bbox 2090 3332 3734 3406">
    <p class='ocr_par' dir='ltr' id='par_1_79' title="bbox 2090 3332 3734 3406">
     <span class='ocr_line' id='line_1_79' title="bbox 2090 3332 3734 3406; baseline -0.002 -13"><span class='ocrx_word' id='word_1_643' title='bbox 2090 3339 2196 3393; x_wconf 90' lang='lat' dir='ltr'><strong>Sed</strong></span> <span class='ocrx_word' id='word_1_644' title='bbox 2226 3337 2489 3404; x_wconf 85' lang='lat' dir='ltr'><strong>Joannes,</strong></span> <span class='ocrx_word' id='word_1_645' title='bbox 2554 3338 2646 3406; x_wconf 87' lang='lat' dir='ltr'><strong>qui</strong></span> <span class='ocrx_word' id='word_1_646' title='bbox 2698 3347 2864 3405; x_wconf 89' lang='lat' dir='ltr'><strong>caput</strong></span> <span class='ocrx_word' id='word_1_647' title='bbox 2925 3352 3091 3389; x_wconf 91' lang='lat' dir='ltr'><strong>unum</strong></span> <span class='ocrx_word' id='word_1_648' title='bbox 3149 3337 3488 3397; x_wconf 88' lang='lat' dir='ltr'><strong>devoravit,</strong></span> <span class='ocrx_word' id='word_1_649' title='bbox 3529 3332 3682 3401; x_wconf 83' lang='lat' dir='ltr'><strong>cujus</strong></span> <span class='ocrx_word' id='word_1_650' title='bbox 3731 3386 3734 3389; x_wconf 88' lang='lat'><strong>.</strong></span> 
     </span>
    </p>
   </div>
   <div class='ocr_carea' id='block_1_80' title="bbox 2091 3423 3683 3498">
    <p class='ocr_par' dir='ltr' id='par_1_80' title="bbox 2091 3423 3683 3498">
     <span class='ocr_line' id='line_1_80' title="bbox 2091 3423 3683 3498; baseline -0.002 -15"><span class='ocrx_word' id='word_1_651' title='bbox 2091 3431 2387 3493; x_wconf 86' lang='lat' dir='ltr'><strong>anteriora,</strong></span> <span class='ocrx_word' id='word_1_652' title='bbox 2418 3439 2473 3483; x_wconf 90' lang='lat' dir='ltr'><strong>et</strong></span> <span class='ocrx_word' id='word_1_653' title='bbox 2507 3429 2805 3498; x_wconf 89' lang='lat' dir='ltr'><strong>posteriora</strong></span> <span class='ocrx_word' id='word_1_654' title='bbox 2833 3429 3131 3495; x_wconf 90' lang='lat' dir='ltr'><strong>perscripta</strong></span> <span class='ocrx_word' id='word_1_655' title='bbox 3163 3436 3320 3480; x_wconf 91' lang='lat' dir='ltr'><strong>erant</strong></span> <span class='ocrx_word' id='word_1_656' title='bbox 3345 3425 3413 3493; x_wconf 73' lang='grc'><strong>⁸⁸,</strong></span> <span class='ocrx_word' id='word_1_657' title='bbox 3437 3423 3683 3493; x_wconf 74' lang='lat' dir='ltr'><strong>Scriptu-</strong></span> 
     </span>
    </p>
   </div>
   <div class='ocr_carea' id='block_1_81' title="bbox 2092 3517 3678 3590">
    <p class='ocr_par' dir='ltr' id='par_1_81' title="bbox 2092 3517 3678 3590">
     <span class='ocr_line' id='line_1_81' title="bbox 2092 3517 3678 3590; baseline -0.004 -14"><span class='ocrx_word' id='word_1_658' title='bbox 2092 3538 2206 3576; x_wconf 87' lang='lat' dir='ltr'><strong>ram</strong></span> <span class='ocrx_word' id='word_1_659' title='bbox 2231 3538 2446 3577; x_wconf 87' lang='lat' dir='ltr'><strong>onmem</strong></span> <span class='ocrx_word' id='word_1_660' title='bbox 2471 3521 2740 3590; x_wconf 80' lang='lat' dir='ltr'><strong>intelligit,</strong></span> <span class='ocrx_word' id='word_1_661' title='bbox 2769 3530 2828 3573; x_wconf 90' lang='lat' dir='ltr'><strong>ut</strong></span> <span class='ocrx_word' id='word_1_662' title='bbox 2854 3521 3051 3575; x_wconf 89' lang='lat' dir='ltr'><strong>librutn</strong></span> <span class='ocrx_word' id='word_1_663' title='bbox 3079 3534 3243 3572; x_wconf 89' lang='lat' dir='ltr'><strong>unum</strong></span> <span class='ocrx_word' id='word_1_664' title='bbox 3266 3517 3678 3582; x_wconf 82' lang='lat' dir='ltr'><strong>suavissimum,</strong></span> 
     </span>
    </p>
   </div>
   <div class='ocr_carea' id='block_1_82' title="bbox 2091 3606 3678 3683">
    <p class='ocr_par' dir='ltr' id='par_1_82' title="bbox 2091 3606 3678 3683">
     <span class='ocr_line' id='line_1_82' title="bbox 2091 3606 3678 3683; baseline -0.005 -15"><span class='ocrx_word' id='word_1_665' title='bbox 2091 3614 2493 3683; x_wconf 85' lang='lat' dir='ltr'><strong>quamprimum</strong></span> <span class='ocrx_word' id='word_1_666' title='bbox 2557 3613 2879 3682; x_wconf 88' lang='lat' dir='ltr'><strong>percipitur,</strong></span> <span class='ocrx_word' id='word_1_667' title='bbox 2953 3625 3076 3665; x_wconf 93' lang='lat' dir='ltr'><strong>cum</strong></span> <span class='ocrx_word' id='word_1_668' title='bbox 3142 3610 3266 3679; x_wconf 88' lang='lat' dir='ltr'><strong>quis</strong></span> <span class='ocrx_word' id='word_1_669' title='bbox 3324 3624 3449 3663; x_wconf 89' lang='lat' dir='ltr'><strong>eum</strong></span> <span class='ocrx_word' id='word_1_670' title='bbox 3509 3606 3678 3662; x_wconf 89' lang='lat' dir='ltr'><strong>veluti</strong></span> 
     </span>
    </p>
   </div>
   <div class='ocr_carea' id='block_1_83' title="bbox 2096 3698 3680 3769">
    <p class='ocr_par' dir='ltr' id='par_1_83' title="bbox 2096 3698 3680 3769">
     <span class='ocr_line' id='line_1_83' title="bbox 2096 3698 3680 3769; baseline -0.005 -9"><span class='ocrx_word' id='word_1_671' title='bbox 2096 3706 2326 3769; x_wconf 85' lang='lat' dir='ltr'><strong>mandit,</strong></span> <span class='ocrx_word' id='word_1_672' title='bbox 2377 3702 2637 3758; x_wconf 85' lang='lat' dir='ltr'><strong>acerbum</strong></span> <span class='ocrx_word' id='word_1_673' title='bbox 2690 3716 2826 3755; x_wconf 86' lang='lat' dir='ltr'><strong>vero</strong></span> <span class='ocrx_word' id='word_1_674' title='bbox 2874 3700 3301 3768; x_wconf 82' lang='lat' dir='ltr'><strong>uniuscujusque</strong></span> <span class='ocrx_word' id='word_1_675' title='bbox 3338 3713 3525 3753; x_wconf 88' lang='lat' dir='ltr'><strong>eorum</strong></span> <span class='ocrx_word' id='word_1_676' title='bbox 3587 3698 3680 3766; x_wconf 87' lang='lat' dir='ltr'><strong>qui</strong></span> 
     </span>
    </p>
   </div>
   <div class='ocr_carea' id='block_1_84' title="bbox 2092 3792 3680 3871">
    <p class='ocr_par' dir='ltr' id='par_1_84' title="bbox 2092 3792 3680 3871">
     <span class='ocr_line' id='line_1_84' title="bbox 2092 3792 3680 3871; baseline -0.006 -17"><span class='ocrx_word' id='word_1_677' title='bbox 2092 3805 2456 3871; x_wconf 83' lang='lat' dir='ltr'><strong>perceperunt</strong></span> <span class='ocrx_word' id='word_1_678' title='bbox 2509 3797 2696 3850; x_wconf 89' lang='lat' dir='ltr'><strong>sensui</strong></span> <span class='ocrx_word' id='word_1_679' title='bbox 2755 3810 2819 3849; x_wconf 88' lang='lat' dir='ltr'><strong>ac</strong></span> <span class='ocrx_word' id='word_1_680' title='bbox 2880 3793 3273 3856; x_wconf 74' lang='lat' dir='ltr'><strong>conscientize,</strong></span> <span class='ocrx_word' id='word_1_681' title='bbox 3333 3807 3452 3861; x_wconf 64' lang='lat' dir='ltr'><strong>quae</strong></span> <span class='ocrx_word' id='word_1_682' title='bbox 3501 3792 3680 3860; x_wconf 89' lang='lat' dir='ltr'><strong>ipsum</strong></span> 
     </span>
    </p>
   </div>
   <div class='ocr_carea' id='block_1_85' title="bbox 2092 3885 3681 3961">
    <p class='ocr_par' dir='ltr' id='par_1_85' title="bbox 2092 3885 3681 3961">
     <span class='ocr_line' id='line_1_85' title="bbox 2092 3885 3681 3961; baseline -0.005 -17"><span class='ocrx_word' id='word_1_683' title='bbox 2092 3892 2296 3961; x_wconf 89' lang='lat' dir='ltr'><strong>prodit.</strong></span> <span class='ocrx_word' id='word_1_684' title='bbox 2325 3892 2533 3946; x_wconf 83' lang='lat' dir='ltr'><strong>Addam</strong></span> <span class='ocrx_word' id='word_1_685' title='bbox 2572 3901 2835 3959; x_wconf 69' lang='lat' dir='ltr'><strong>praeterea</strong></span> <span class='ocrx_word' id='word_1_686' title='bbox 2872 3887 2939 3941; x_wconf 88' lang='lat' dir='ltr'><strong>ad</strong></span> <span class='ocrx_word' id='word_1_687' title='bbox 2977 3885 3097 3954; x_wconf 86' lang='lat' dir='ltr'><strong>ejus</strong></span> <span class='ocrx_word' id='word_1_688' title='bbox 3130 3887 3210 3941; x_wconf 92' lang='lat' dir='ltr'><strong>rei</strong></span> <span class='ocrx_word' id='word_1_689' title='bbox 3248 3886 3681 3949; x_wconf 78' lang='lat' dir='ltr'><strong>ﬁrmamentum,</strong></span> 
     </span>
    </p>
   </div>
   <div class='ocr_carea' id='block_1_86' title="bbox 2094 3974 3682 4051">
    <p class='ocr_par' dir='ltr' id='par_1_86' title="bbox 2094 3974 3682 4051">
     <span class='ocr_line' id='line_1_86' title="bbox 2094 3974 3682 4051; baseline -0.004 -13"><span class='ocrx_word' id='word_1_690' title='bbox 2094 3985 2300 4039; x_wconf 89' lang='lat' dir='ltr'><strong>dictum</strong></span> <span class='ocrx_word' id='word_1_691' title='bbox 2355 3982 2600 4051; x_wconf 84' lang='lat' dir='ltr'><strong>Apostoli</strong></span> <span class='ocrx_word' id='word_1_692' title='bbox 2650 3995 2919 4049; x_wconf 84' lang='lat' dir='ltr'><strong>nusquam</strong></span> <span class='ocrx_word' id='word_1_693' title='bbox 2966 3978 3305 4033; x_wconf 88' lang='lat' dir='ltr'><strong>intellectum</strong></span> <span class='ocrx_word' id='word_1_694' title='bbox 3361 3977 3427 4030; x_wconf 90' lang='lat' dir='ltr'><strong>ab</strong></span> <span class='ocrx_word' id='word_1_695' title='bbox 3478 3975 3547 4030; x_wconf 90' lang='lat' dir='ltr'><strong>iis</strong></span> <span class='ocrx_word' id='word_1_696' title='bbox 3587 3974 3682 4044; x_wconf 87' lang='lat' dir='ltr'><strong>qui</strong></span> 
     </span>
    </p>
   </div>
   <div class='ocr_carea' id='block_1_87' title="bbox 2097 4064 3680 4141">
    <p class='ocr_par' dir='ltr' id='par_1_87' title="bbox 2097 4064 3680 4141">
     <span class='ocr_line' id='line_1_87' title="bbox 2097 4064 3680 4141; baseline -0.007 -10"><span class='ocrx_word' id='word_1_697' title='bbox 2097 4076 2424 4131; x_wconf 84' lang='lat' dir='ltr'><strong>Marcionem</strong></span> <span class='ocrx_word' id='word_1_698' title='bbox 2486 4082 2864 4135; x_wconf 84' lang='lat' dir='ltr'><strong>assectantur,</strong></span> <span class='ocrx_word' id='word_1_699' title='bbox 2918 4072 3011 4141; x_wconf 87' lang='lat' dir='ltr'><strong>qui</strong></span> <span class='ocrx_word' id='word_1_700' title='bbox 3082 4070 3310 4139; x_wconf 87' lang='lat' dir='ltr'><strong>proinde</strong></span> <span class='ocrx_word' id='word_1_701' title='bbox 3389 4064 3680 4135; x_wconf 77' lang='lat' dir='ltr'><strong>Evangelia</strong></span> 
     </span>
    </p>
   </div>
   <div class='ocr_carea' id='block_1_88' title="bbox 2097 4160 3684 4238">
    <p class='ocr_par' dir='ltr' id='par_1_88' title="bbox 2097 4160 3684 4238">
     <span class='ocr_line' id='line_1_88' title="bbox 2097 4160 3684 4238; baseline -0.005 -15"><span class='ocrx_word' id='word_1_702' title='bbox 2097 4174 2464 4238; x_wconf 79' lang='lat' dir='ltr'><strong>aspernantur</strong></span> <span class='ocrx_word' id='word_1_703' title='bbox 2495 4174 2550 4219; x_wconf 91' lang='lat' dir='ltr'><strong>et</strong></span> <span class='ocrx_word' id='word_1_704' title='bbox 2586 4164 2937 4233; x_wconf 84' lang='lat' dir='ltr'><strong>improbant;</strong></span> <span class='ocrx_word' id='word_1_705' title='bbox 2970 4162 3114 4232; x_wconf 92' lang='lat' dir='ltr'><strong>quod</strong></span> <span class='ocrx_word' id='word_1_706' title='bbox 3149 4160 3416 4238; x_wconf 86' lang='lat' dir='ltr'><strong>enim.ait</strong></span> <span class='ocrx_word' id='word_1_707' title='bbox 3447 4161 3684 4230; x_wconf 83' lang='lat' dir='ltr'><strong>Apostc-</strong></span> 
     </span>
    </p>
   </div>
   <div class='ocr_carea' id='block_1_89' title="bbox 2098 4252 3680 4325">
    <p class='ocr_par' dir='ltr' id='par_1_89' title="bbox 2098 4252 3680 4325">
     <span class='ocr_line' id='line_1_89' title="bbox 2098 4252 3680 4325; baseline -0.003 -11"><span class='ocrx_word' id='word_1_708' title='bbox 2098 4261 2180 4316; x_wconf 87' lang='lat' dir='ltr'><strong>lus</strong></span> <span class='ocrx_word' id='word_1_709' title='bbox 2210 4261 2299 4314; x_wconf 81' lang='lat'><strong>“:</strong></span> <span class='ocrx_word' id='word_1_710' title='bbox 2345 4276 2363 4309; x_wconf 79' lang='grc' dir='ltr'><strong>ι</strong></span> <span class='ocrx_word' id='word_1_711' title='bbox 2392 4258 2702 4313; x_wconf 86' lang='lat' dir='ltr'><strong>Secundum</strong></span> <span class='ocrx_word' id='word_1_712' title='bbox 2753 4254 3102 4325; x_wconf 75' lang='lat' dir='ltr'><strong>Evangelium</strong></span> <span class='ocrx_word' id='word_1_713' title='bbox 3134 4268 3314 4307; x_wconf 88' lang='lat' dir='ltr'><strong>meum</strong></span> <span class='ocrx_word' id='word_1_714' title='bbox 3355 4252 3407 4306; x_wconf 92' lang='lat' dir='ltr'><strong>in</strong></span> <span class='ocrx_word' id='word_1_715' title='bbox 3456 4253 3680 4309; x_wconf 80' lang='lat' dir='ltr'><strong>Christo</strong></span> 
     </span>
    </p>
   </div>
   <div class='ocr_carea' id='block_1_90' title="bbox 2097 4346 3679 4417">
    <p class='ocr_par' dir='ltr' id='par_1_90' title="bbox 2097 4346 3679 4417">
     <span class='ocr_line' id='line_1_90' title="bbox 2097 4346 3679 4417; baseline -0.008 -7"><span class='ocrx_word' id='word_1_716' title='bbox 2097 4354 2246 4416; x_wconf 84' lang='lat' dir='ltr'><strong>Jesu.</strong></span> <span class='ocrx_word' id='word_1_717' title='bbox 2278 4374 2298 4407; x_wconf 71' lang='grc' dir='ltr'><strong>ι</strong></span> <span class='ocrx_word' id='word_1_718' title='bbox 2351 4368 2452 4407; x_wconf 89' lang='lat' dir='ltr'><strong>nec</strong></span> <span class='ocrx_word' id='word_1_719' title='bbox 2499 4348 2633 4405; x_wconf 87' lang='lat' dir='ltr'><strong>dicit</strong></span> <span class='ocrx_word' id='word_1_720' title='bbox 2666 4347 2983 4417; x_wconf 77' lang='lat' dir='ltr'><strong>Evangelia,</strong></span> <span class='ocrx_word' id='word_1_721' title='bbox 3026 4346 3102 4401; x_wconf 90' lang='lat' dir='ltr'><strong>illi</strong></span> <span class='ocrx_word' id='word_1_722' title='bbox 3152 4347 3281 4401; x_wconf 91' lang='lat' dir='ltr'><strong>huic</strong></span> <span class='ocrx_word' id='word_1_723' title='bbox 3323 4347 3469 4401; x_wconf 93' lang='lat' dir='ltr'><strong>dicto</strong></span> <span class='ocrx_word' id='word_1_724' title='bbox 3497 4346 3679 4399; x_wconf 90' lang='lat' dir='ltr'><strong>immi-</strong></span> 
     </span>
    </p>
   </div>
   <div class='ocr_carea' id='block_1_91' title="bbox 2100 4436 3679 4509">
    <p class='ocr_par' dir='ltr' id='par_1_91' title="bbox 2100 4436 3679 4509">
     <span class='ocr_line' id='line_1_91' title="bbox 2100 4436 3679 4509; baseline -0.007 -8"><span class='ocrx_word' id='word_1_725' title='bbox 2100 4457 2294 4503; x_wconf 90' lang='lat' dir='ltr'><strong>nentes</strong></span> <span class='ocrx_word' id='word_1_726' title='bbox 2319 4456 2594 4509; x_wconf 88' lang='lat' dir='ltr'><strong>asserunt,</strong></span> <span class='ocrx_word' id='word_1_727' title='bbox 2625 4457 2691 4499; x_wconf 91' lang='lat' dir='ltr'><strong>eo</strong></span> <span class='ocrx_word' id='word_1_728' title='bbox 2725 4442 2869 4509; x_wconf 90' lang='lat' dir='ltr'><strong>quod</strong></span> <span class='ocrx_word' id='word_1_729' title='bbox 2900 4456 3006 4495; x_wconf 91' lang='lat' dir='ltr'><strong>non</strong></span> <span class='ocrx_word' id='word_1_730' title='bbox 3038 4439 3191 4509; x_wconf 90' lang='lat' dir='ltr'><strong>plura</strong></span> <span class='ocrx_word' id='word_1_731' title='bbox 3226 4440 3336 4494; x_wconf 89' lang='lat' dir='ltr'><strong>sint</strong></span> <span class='ocrx_word' id='word_1_732' title='bbox 3360 4436 3679 4508; x_wconf 79' lang='lat' dir='ltr'><strong>Evangelia,</strong></span> 
     </span>
    </p>
   </div>
   <div class='ocr_carea' id='block_1_92' title="bbox 414 4529 1991 4617">
    <p class='ocr_par' dir='ltr' id='par_1_92' title="bbox 414 4542 1991 4617">
     <span class='ocr_line' id='line_1_92' title="bbox 414 4542 1991 4617; baseline 0.004 -21"><span class='ocrx_word' id='word_1_733' title='bbox 414 4542 617 4613; x_wconf 85' lang='grc' dir='ltr'>Ἰησοῦ,</span> <span class='ocrx_word' id='word_1_734' title='bbox 645 4564 663 4595; x_wconf 74' lang='grc' dir='ltr'><strong>ι</strong></span> <span class='ocrx_word' id='word_1_735' title='bbox 684 4545 780 4598; x_wconf 78' lang='grc' dir='ltr'><strong>καὶ</strong></span> <span class='ocrx_word' id='word_1_736' title='bbox 811 4546 886 4617; x_wconf 85' lang='grc' dir='ltr'>μὴ</span> <span class='ocrx_word' id='word_1_737' title='bbox 909 4547 1140 4614; x_wconf 81' lang='grc' dir='ltr'>φάσκειν</span> <span class='ocrx_word' id='word_1_738' title='bbox 1158 4547 1488 4616; x_wconf 84' lang='grc' dir='ltr'>Εὑαγγέλια,</span> <span class='ocrx_word' id='word_1_739' title='bbox 1507 4550 1711 4601; x_wconf 80' lang='grc' dir='ltr'>ἐκεῖνοι</span> <span class='ocrx_word' id='word_1_740' title='bbox 1738 4548 1991 4617; x_wconf 81' lang='grc' dir='ltr'>ἐφιστάν-</span> 
     </span>
    </p>
   </div>
   <div class='ocr_carea' id='block_1_93' title="bbox 2095 4529 3682 4617">
    <p class='ocr_par' dir='ltr' id='par_1_93' title="bbox 2100 4529 3682 4609">
     <span class='ocr_line' id='line_1_93' title="bbox 2100 4529 3682 4609; baseline -0.006 -16"><span class='ocrx_word' id='word_1_741' title='bbox 2100 4536 2419 4609; x_wconf 82' lang='lat' dir='ltr'><strong>Apostolum</strong></span> <span class='ocrx_word' id='word_1_742' title='bbox 2449 4552 2676 4591; x_wconf 90' lang='lat' dir='ltr'><strong>numero</strong></span> <span class='ocrx_word' id='word_1_743' title='bbox 2702 4533 2929 4589; x_wconf 87' lang='lat' dir='ltr'><strong>unitatis</strong></span> <span class='ocrx_word' id='word_1_744' title='bbox 2964 4531 3320 4603; x_wconf 79' lang='lat' dir='ltr'><strong>Evangelium</strong></span> <span class='ocrx_word' id='word_1_745' title='bbox 3346 4529 3586 4594; x_wconf 79' lang='lat' dir='ltr'><strong>dixisse;</strong></span> <span class='ocrx_word' id='word_1_746' title='bbox 3612 4529 3682 4583; x_wconf 90' lang='lat' dir='ltr'><strong>ob</strong></span> 
     </span>
    </p>
   </div>
   <div class='ocr_carea' id='block_1_94' title="bbox 400 4636 1994 4709">
    <p class='ocr_par' dir='ltr' id='par_1_94' title="bbox 400 4636 1994 4709">
     <span class='ocr_line' id='line_1_94' title="bbox 400 4636 1994 4709; baseline 0.003 -22"><span class='ocrx_word' id='word_1_747' title='bbox 400 4652 498 4699; x_wconf 83' lang='grc' dir='ltr'><strong>τες</strong></span> <span class='ocrx_word' id='word_1_748' title='bbox 525 4638 709 4705; x_wconf 75' lang='grc' dir='ltr'>φασὶν,</span> <span class='ocrx_word' id='word_1_749' title='bbox 757 4638 859 4691; x_wconf 81' lang='grc' dir='ltr'><strong>οὐκ</strong></span> <span class='ocrx_word' id='word_1_750' title='bbox 888 4636 955 4692; x_wconf 82' lang='grc' dir='ltr'><strong>ἂν</strong></span> <span class='ocrx_word' id='word_1_751' title='bbox 1002 4639 1264 4694; x_wconf 85' lang='grc' dir='ltr'>πλειόνων</span> <span class='ocrx_word' id='word_1_752' title='bbox 1303 4640 1473 4693; x_wconf 79' lang='grc' dir='ltr'>ὄντων</span> <span class='ocrx_word' id='word_1_753' title='bbox 1502 4640 1871 4709; x_wconf 82' lang='grc' dir='ltr'>Εὐαγγελίων,</span> <span class='ocrx_word' id='word_1_754' title='bbox 1901 4639 1994 4693; x_wconf 87' lang='grc' dir='ltr'><strong>τὸν</strong></span> 
     </span>
    </p>
   </div>
   <div class='ocr_carea' id='block_1_95' title="bbox 419 4723 1995 4804">
    <p class='ocr_par' dir='ltr' id='par_1_95' title="bbox 419 4723 1995 4804">
     <span class='ocr_line' id='line_1_95' title="bbox 419 4723 1995 4804; baseline 0.004 -28"><span class='ocrx_word' id='word_1_755' title='bbox 419 4723 740 4782; x_wconf 82' lang='grc' dir='ltr'>Ἀπόστολον</span> <span class='ocrx_word' id='word_1_756' title='bbox 770 4728 967 4793; x_wconf 79' lang='grc' dir='ltr'>ἑνικῶς</span> <span class='ocrx_word' id='word_1_757' title='bbox 1002 4729 1065 4783; x_wconf 82' lang='grc' dir='ltr'>τὸ</span> <span class='ocrx_word' id='word_1_758' title='bbox 1096 4727 1427 4800; x_wconf 83' lang='grc' dir='ltr'>Εὐαγγέλιον</span> <span class='ocrx_word' id='word_1_759' title='bbox 1454 4732 1753 4804; x_wconf 85' lang='grc' dir='ltr'>εἰρηκέναι·</span> <span class='ocrx_word' id='word_1_760' title='bbox 1781 4732 1843 4785; x_wconf 84' lang='grc' dir='ltr'>οὐ</span> <span class='ocrx_word' id='word_1_761' title='bbox 1870 4747 1995 4783; x_wconf 89' lang='grc' dir='ltr'>συν-</span> 
     </span>
    </p>
   </div>
   <div class='ocr_carea' id='block_1_96' title="bbox 408 4813 1991 4890">
    <p class='ocr_par' dir='ltr' id='par_1_96' title="bbox 408 4813 1991 4890">
     <span class='ocr_line' id='line_1_96' title="bbox 408 4813 1991 4890; baseline 0.003 -23"><span class='ocrx_word' id='word_1_762' title='bbox 408 4814 602 4880; x_wconf 88' lang='grc' dir='ltr'>ιέντες,</span> <span class='ocrx_word' id='word_1_763' title='bbox 648 4817 727 4870; x_wconf 82' lang='grc' dir='ltr'><strong>ὅτι</strong></span> <span class='ocrx_word' id='word_1_764' title='bbox 755 4818 833 4882; x_wconf 85' lang='grc' dir='ltr'>ὡς</span> <span class='ocrx_word' id='word_1_765' title='bbox 863 4813 946 4883; x_wconf 77' lang='grc' dir='ltr'>εἷς</span> <span class='ocrx_word' id='word_1_766' title='bbox 976 4822 1123 4873; x_wconf 75' lang='grc' dir='ltr'>ἐστιν</span> <span class='ocrx_word' id='word_1_767' title='bbox 1169 4820 1229 4874; x_wconf 87' lang='grc' dir='ltr'>ὃν</span> <span class='ocrx_word' id='word_1_768' title='bbox 1248 4821 1692 4890; x_wconf 80' lang='grc' dir='ltr'>εὐαγγελίζονται</span> <span class='ocrx_word' id='word_1_769' title='bbox 1725 4820 1991 4882; x_wconf 83' lang='grc' dir='ltr'>πλείονες,</span> 
     </span>
    </p>
   </div>
   <div class='ocr_carea' id='block_1_97' title="bbox 403 4905 1996 4983">
    <p class='ocr_par' dir='ltr' id='par_1_97' title="bbox 403 4905 1996 4983">
     <span class='ocr_line' id='line_1_97' title="bbox 403 4905 1996 4983; baseline 0.004 -24"><span class='ocrx_word' id='word_1_770' title='bbox 403 4905 581 4970; x_wconf 74' lang='grc' dir='ltr'>οὕτως</span> <span class='ocrx_word' id='word_1_771' title='bbox 612 4908 670 4962; x_wconf 76' lang='grc' dir='ltr'>ἓν</span> <span class='ocrx_word' id='word_1_772' title='bbox 698 4910 815 4963; x_wconf 77' lang='grc' dir='ltr'>ἐστι</span> <span class='ocrx_word' id='word_1_773' title='bbox 845 4913 913 4982; x_wconf 80' lang='grc' dir='ltr'>τῇ</span> <span class='ocrx_word' id='word_1_774' title='bbox 947 4911 1175 4983; x_wconf 84' lang='grc' dir='ltr'>δυνάμει</span> <span class='ocrx_word' id='word_1_775' title='bbox 1203 4913 1264 4967; x_wconf 86' lang='grc' dir='ltr'><strong>τὸ</strong></span> <span class='ocrx_word' id='word_1_776' title='bbox 1296 4912 1400 4967; x_wconf 84' lang='grc' dir='ltr'><strong>ὑπὸ</strong></span> <span class='ocrx_word' id='word_1_777' title='bbox 1430 4912 1541 4966; x_wconf 83' lang='grc' dir='ltr'><strong>τῶν</strong></span> <span class='ocrx_word' id='word_1_778' title='bbox 1575 4912 1787 4966; x_wconf 85' lang='grc' dir='ltr'>πολλῶν</span> <span class='ocrx_word' id='word_1_779' title='bbox 1816 4913 1996 4980; x_wconf 83' lang='grc' dir='ltr'>Εὐαγ-</span> 
     </span>
    </p>
   </div>
   <div class='ocr_carea' id='block_1_98' title="bbox 402 4999 1994 5076">
    <p class='ocr_par' dir='ltr' id='par_1_98' title="bbox 402 4999 1994 5076">
     <span class='ocr_line' id='line_1_98' title="bbox 402 4999 1994 5076; baseline 0.004 -24"><span class='ocrx_word' id='word_1_780' title='bbox 402 4999 587 5068; x_wconf 88' lang='grc' dir='ltr'>γέλιον</span> <span class='ocrx_word' id='word_1_781' title='bbox 612 5001 1126 5075; x_wconf 76' lang='grc' dir='ltr'>ἁναγεγραμμένοψ</span> <span class='ocrx_word' id='word_1_782' title='bbox 1159 5004 1254 5058; x_wconf 74' lang='grc' dir='ltr'><strong>καὶ</strong></span> <span class='ocrx_word' id='word_1_783' title='bbox 1274 5005 1336 5058; x_wconf 80' lang='grc' dir='ltr'>τὸ</span> <span class='ocrx_word' id='word_1_784' title='bbox 1360 5004 1577 5076; x_wconf 81' lang='grc' dir='ltr'>άληθῶς</span> <span class='ocrx_word' id='word_1_785' title='bbox 1602 5004 1689 5058; x_wconf 83' lang='grc' dir='ltr'>διὰ</span> <span class='ocrx_word' id='word_1_786' title='bbox 1713 5005 1994 5076; x_wconf 86' lang='grc' dir='ltr'>τεσσάρων</span> 
     </span>
    </p>
   </div>
   <div class='ocr_carea' id='block_1_99' title="bbox 402 5079 1992 5168">
    <p class='ocr_par' dir='ltr' id='par_1_99' title="bbox 402 5079 1992 5168">
     <span class='ocr_line' id='line_1_99' title="bbox 402 5079 1992 5168; baseline 0.004 -24"><span class='ocrx_word' id='word_1_787' title='bbox 402 5092 465 5145; x_wconf 74' lang='grc' dir='ltr'>ἓν</span> <span class='ocrx_word' id='word_1_788' title='bbox 481 5094 629 5146; x_wconf 78' lang='grc' dir='ltr'>ἐστιν</span> <span class='ocrx_word' id='word_1_789' title='bbox 647 5095 998 5167; x_wconf 65' lang='grc' dir='ltr'><strong>Εὑαγγιέλιονἶ</strong></span> <span class='ocrx_word' id='word_1_790' title='bbox 1020 5098 1083 5150; x_wconf 83' lang='grc' dir='ltr'><strong>Εἰ</strong></span> <span class='ocrx_word' id='word_1_791' title='bbox 1105 5098 1285 5151; x_wconf 88' lang='grc' dir='ltr'>τοίνυν</span> <span class='ocrx_word' id='word_1_792' title='bbox 1297 5079 1470 5151; x_wconf 69' lang='grc' dir='ltr'>ταῦτα</span> <span class='ocrx_word' id='word_1_793' title='bbox 1494 5099 1680 5151; x_wconf 85' lang='grc' dir='ltr'>πεῖσαι</span> <span class='ocrx_word' id='word_1_794' title='bbox 1708 5098 1857 5168; x_wconf 79' lang='grc' dir='ltr'>ἡμᾶς</span> <span class='ocrx_word' id='word_1_795' title='bbox 1879 5096 1992 5166; x_wconf 79' lang='grc'><strong>(55)</strong></span> 
     </span>
    </p>
   </div>
   <div class='ocr_carea' id='block_1_100' title="bbox 404 5181 1993 5259">
    <p class='ocr_par' dir='ltr' id='par_1_100' title="bbox 404 5181 1993 5259">
     <span class='ocr_line' id='line_1_100' title="bbox 404 5181 1993 5259; baseline 0.003 -24"><span class='ocrx_word' id='word_1_796' title='bbox 404 5181 630 5238; x_wconf 77' lang='grc' dir='ltr'>δύναται</span> <span class='ocrx_word' id='word_1_797' title='bbox 675 5186 731 5239; x_wconf 89' lang='grc' dir='ltr'><strong>τί</strong></span> <span class='ocrx_word' id='word_1_798' title='bbox 773 5187 906 5240; x_wconf 85' lang='grc' dir='ltr'>ποτέ</span> <span class='ocrx_word' id='word_1_799' title='bbox 936 5189 1053 5241; x_wconf 81' lang='grc' dir='ltr'>ἐστι</span> <span class='ocrx_word' id='word_1_800' title='bbox 1078 5190 1139 5242; x_wconf 86' lang='grc' dir='ltr'><strong>τὸ</strong></span> <span class='ocrx_word' id='word_1_801' title='bbox 1168 5188 1227 5241; x_wconf 82' lang='grc' dir='ltr'><strong>ἒν</strong></span> <span class='ocrx_word' id='word_1_802' title='bbox 1255 5187 1482 5259; x_wconf 88' lang='grc' dir='ltr'>βιϐλίον,</span> <span class='ocrx_word' id='word_1_803' title='bbox 1511 5188 1603 5242; x_wconf 55' lang='grc' dir='ltr'><strong>καί¹</strong></span> <span class='ocrx_word' id='word_1_804' title='bbox 1631 5187 1684 5241; x_wconf 90' lang='grc' dir='ltr'><strong>τί</strong></span> <span class='ocrx_word' id='word_1_805' title='bbox 1709 5187 1779 5241; x_wconf 78' lang='grc' dir='ltr'>τὰ</span> <span class='ocrx_word' id='word_1_806' title='bbox 1801 5186 1993 5251; x_wconf 81' lang='grc' dir='ltr'>πολλὰ,</span> 
     </span>
    </p>
   </div>
   <div class='ocr_carea' id='block_1_101' title="bbox 406 5275 1997 5352">
    <p class='ocr_par' dir='ltr' id='par_1_101' title="bbox 406 5275 1997 5352">
     <span class='ocr_line' id='line_1_101' title="bbox 406 5275 1997 5352; baseline 0.006 -24"><span class='ocrx_word' id='word_1_807' title='bbox 406 5275 505 5329; x_wconf 79' lang='grc' dir='ltr'>νῦν</span> <span class='ocrx_word' id='word_1_808' title='bbox 535 5278 733 5349; x_wconf 79' lang='grc' dir='ltr'>μᾶλλον</span> <span class='ocrx_word' id='word_1_809' title='bbox 776 5281 1046 5351; x_wconf 79' lang='grc' dir='ltr'>φροντίζω</span> <span class='ocrx_word' id='word_1_810' title='bbox 1069 5283 1131 5336; x_wconf 85' lang='grc' dir='ltr'><strong>οὐ</strong></span> <span class='ocrx_word' id='word_1_811' title='bbox 1172 5281 1260 5335; x_wconf 76' lang='grc' dir='ltr'><strong>διὰ</strong></span> <span class='ocrx_word' id='word_1_812' title='bbox 1288 5282 1350 5335; x_wconf 86' lang='grc' dir='ltr'><strong>τὸ</strong></span> <span class='ocrx_word' id='word_1_813' title='bbox 1394 5281 1599 5351; x_wconf 80' lang='grc' dir='ltr'>πλῆθος</span> <span class='ocrx_word' id='word_1_814' title='bbox 1629 5280 1741 5335; x_wconf 83' lang='grc' dir='ltr'><strong>τῶν</strong></span> <span class='ocrx_word' id='word_1_815' title='bbox 1784 5296 1997 5352; x_wconf 84' lang='grc' dir='ltr'>γραφο-</span> 
     </span>
    </p>
   </div>
   <div class='ocr_carea' id='block_1_102' title="bbox 480 5417 1564 5487">
    <p class='ocr_par' dir='ltr' id='par_1_102' title="bbox 480 5417 1564 5487">
     <span class='ocr_line' id='line_1_102' title="bbox 480 5417 1564 5487; baseline 0.009 -18"><span class='ocrx_word' id='word_1_816' title='bbox 480 5417 528 5487; x_wconf 59' lang='lat'><strong>&#39;9</strong></span> <span class='ocrx_word' id='word_1_817' title='bbox 561 5419 729 5487; x_wconf 81' lang='lat' dir='ltr'><strong>Apoc.</strong></span> <span class='ocrx_word' id='word_1_818' title='bbox 752 5432 837 5479; x_wconf 86' lang='grc' dir='ltr'>ιιι,</span> <span class='ocrx_word' id='word_1_819' title='bbox 859 5418 912 5472; x_wconf 91' lang='lat'><strong>7.</strong></span> <span class='ocrx_word' id='word_1_820' title='bbox 1017 5420 1060 5449; x_wconf 84' lang='lat'><strong><em>&quot;</em></strong></span> <span class='ocrx_word' id='word_1_821' title='bbox 1091 5417 1234 5472; x_wconf 83' lang='lat' dir='ltr'><strong>Psal.</strong></span> <span class='ocrx_word' id='word_1_822' title='bbox 1258 5433 1444 5480; x_wconf 74' lang='lat' dir='ltr'><strong>LXVIII.</strong></span> <span class='ocrx_word' id='word_1_823' title='bbox 1473 5417 1564 5474; x_wconf 74' lang='grc'><strong>29.</strong></span> 
     </span>
    </p>
   </div>
   <div class='ocr_carea' id='block_1_103' title="bbox 2102 4623 3680 4699">
    <p class='ocr_par' dir='ltr' id='par_1_103' title="bbox 2102 4623 3680 4699">
     <span class='ocr_line' id='line_1_103' title="bbox 2102 4623 3680 4699; baseline -0.007 -14"><span class='ocrx_word' id='word_1_824' title='bbox 2102 4629 2264 4699; x_wconf 86' lang='lat' dir='ltr'><strong>idque</strong></span> <span class='ocrx_word' id='word_1_825' title='bbox 2322 4642 2432 4684; x_wconf 89' lang='lat' dir='ltr'><strong>non</strong></span> <span class='ocrx_word' id='word_1_826' title='bbox 2486 4627 2851 4697; x_wconf 76' lang='lat' dir='ltr'><strong>intelligentes</strong></span> <span class='ocrx_word' id='word_1_827' title='bbox 2891 4623 3344 4694; x_wconf 86' lang='lat' dir='ltr'><strong>quemadmodum</strong></span> <span class='ocrx_word' id='word_1_828' title='bbox 3392 4636 3534 4676; x_wconf 88' lang='lat' dir='ltr'><strong>unus</strong></span> <span class='ocrx_word' id='word_1_829' title='bbox 3574 4631 3680 4686; x_wconf 85' lang='lat' dir='ltr'><strong>est,</strong></span> 
     </span>
    </p>
   </div>
   <div class='ocr_carea' id='block_1_104' title="bbox 2100 4714 3681 4792">
    <p class='ocr_par' dir='ltr' id='par_1_104' title="bbox 2100 4714 3681 4792">
     <span class='ocr_line' id='line_1_104' title="bbox 2100 4714 3681 4792; baseline -0.008 -14"><span class='ocrx_word' id='word_1_830' title='bbox 2100 4738 2261 4792; x_wconf 86' lang='lat' dir='ltr'><strong>quem</strong></span> <span class='ocrx_word' id='word_1_831' title='bbox 2294 4722 2480 4791; x_wconf 90' lang='lat' dir='ltr'><strong>plures</strong></span> <span class='ocrx_word' id='word_1_832' title='bbox 2504 4721 2828 4791; x_wconf 62' lang='lat' dir='ltr'><strong>praedicant,</strong></span> <span class='ocrx_word' id='word_1_833' title='bbox 2846 4720 2927 4774; x_wconf 89' lang='lat' dir='ltr'><strong>sic</strong></span> <span class='ocrx_word' id='word_1_834' title='bbox 2952 4734 3119 4772; x_wconf 91' lang='lat' dir='ltr'><strong>unum</strong></span> <span class='ocrx_word' id='word_1_835' title='bbox 3150 4731 3273 4772; x_wconf 89' lang='lat' dir='ltr'><strong>esse</strong></span> <span class='ocrx_word' id='word_1_836' title='bbox 3296 4716 3515 4780; x_wconf 86' lang='lat' dir='ltr'><strong>virtute,</strong></span> <span class='ocrx_word' id='word_1_837' title='bbox 3536 4714 3681 4782; x_wconf 91' lang='lat' dir='ltr'><strong>quod</strong></span> 
     </span>
    </p>
   </div>
   <div class='ocr_carea' id='block_1_105' title="bbox 2100 4803 3782 4884">
    <p class='ocr_par' dir='ltr' id='par_1_105' title="bbox 2100 4803 3782 4884">
     <span class='ocr_line' id='line_1_105' title="bbox 2100 4803 3782 4884; baseline -0.009 -13"><span class='ocrx_word' id='word_1_838' title='bbox 2100 4831 2132 4871; x_wconf 89' lang='lat' dir='ltr'><strong>a</strong></span> <span class='ocrx_word' id='word_1_839' title='bbox 2168 4816 2355 4870; x_wconf 90' lang='lat' dir='ltr'><strong>multis</strong></span> <span class='ocrx_word' id='word_1_840' title='bbox 2390 4812 2656 4884; x_wconf 81' lang='lat' dir='ltr'><strong>scriptum</strong></span> <span class='ocrx_word' id='word_1_841' title='bbox 2687 4822 2774 4867; x_wconf 89' lang='lat' dir='ltr'><strong>est</strong></span> <span class='ocrx_word' id='word_1_842' title='bbox 2797 4810 3172 4881; x_wconf 82' lang='lat' dir='ltr'><strong>Evangelium.</strong></span> <span class='ocrx_word' id='word_1_843' title='bbox 3216 4808 3285 4862; x_wconf 87' lang='lat' dir='ltr'><strong>Et</strong></span> <span class='ocrx_word' id='word_1_844' title='bbox 3308 4820 3498 4861; x_wconf 85' lang='lat' dir='ltr'><strong>revera</strong></span> <span class='ocrx_word' id='word_1_845' title='bbox 3538 4803 3682 4873; x_wconf 90' lang='lat' dir='ltr'><strong>quod</strong></span> <span class='ocrx_word' id='word_1_846' title='bbox 3718 4803 3731 4884; x_wconf 72' lang='grc' dir='ltr'>ι</span> <span class='ocrx_word' id='word_1_847' title='bbox 3773 4851 3782 4863; x_wconf 89' lang='grc'><strong>,</strong></span> 
     </span>
    </p>
   </div>
   <div class='ocr_carea' id='block_1_106' title="bbox 2102 4892 3680 4978">
    <p class='ocr_par' dir='ltr' id='par_1_106' title="bbox 2102 4892 3680 4978">
     <span class='ocr_line' id='line_1_106' title="bbox 2102 4892 3680 4978; baseline -0.011 -15"><span class='ocrx_word' id='word_1_848' title='bbox 2102 4922 2200 4978; x_wconf 91' lang='lat' dir='ltr'><strong>per</strong></span> <span class='ocrx_word' id='word_1_849' title='bbox 2231 4917 2466 4977; x_wconf 89' lang='lat' dir='ltr'><strong>quatuor</strong></span> <span class='ocrx_word' id='word_1_850' title='bbox 2511 4905 2776 4975; x_wconf 91' lang='lat' dir='ltr'><strong>scriptum</strong></span> <span class='ocrx_word' id='word_1_851' title='bbox 2825 4911 2943 4968; x_wconf 88' lang='lat' dir='ltr'><strong>est,</strong></span> <span class='ocrx_word' id='word_1_852' title='bbox 2999 4915 3166 4954; x_wconf 90' lang='lat' dir='ltr'><strong>unum</strong></span> <span class='ocrx_word' id='word_1_853' title='bbox 3195 4906 3279 4953; x_wconf 89' lang='lat' dir='ltr'><strong>est</strong></span> <span class='ocrx_word' id='word_1_854' title='bbox 3304 4892 3680 4966; x_wconf 79' lang='lat' dir='ltr'><strong>Evangelium.</strong></span> 
     </span>
    </p>
   </div>
   <div class='ocr_carea' id='block_1_107' title="bbox 2098 4982 3683 5067">
    <p class='ocr_par' dir='ltr' id='par_1_107' title="bbox 2098 4982 3683 5067">
     <span class='ocr_line' id='line_1_107' title="bbox 2098 4982 3683 5067; baseline -0.01 -14"><span class='ocrx_word' id='word_1_855' title='bbox 2098 4999 2282 5067; x_wconf 84' lang='lat' dir='ltr'><strong>Quare</strong></span> <span class='ocrx_word' id='word_1_856' title='bbox 2315 4998 2360 5051; x_wconf 89' lang='lat' dir='ltr'><strong>si</strong></span> <span class='ocrx_word' id='word_1_857' title='bbox 2397 4997 2516 5051; x_wconf 67' lang='lat' dir='ltr'><strong>haec</strong></span> <span class='ocrx_word' id='word_1_858' title='bbox 2540 4995 2701 5050; x_wconf 73' lang='lat' dir='ltr'><strong>[idem</strong></span> <span class='ocrx_word' id='word_1_859' title='bbox 2745 4992 2930 5048; x_wconf 81' lang='lat' dir='ltr'><strong>facere</strong></span> <span class='ocrx_word' id='word_1_860' title='bbox 2969 4992 3109 5060; x_wconf 87' lang='lat' dir='ltr'><strong>apud</strong></span> <span class='ocrx_word' id='word_1_861' title='bbox 3144 5003 3243 5044; x_wconf 89' lang='lat' dir='ltr'><strong>nos</strong></span> <span class='ocrx_word' id='word_1_862' title='bbox 3268 4995 3519 5057; x_wconf 91' lang='lat' dir='ltr'><strong>possunt,</strong></span> <span class='ocrx_word' id='word_1_863' title='bbox 3551 4982 3683 5053; x_wconf 90' lang='lat' dir='ltr'><strong>quid</strong></span> 
     </span>
    </p>
   </div>
   <div class='ocr_carea' id='block_1_108' title="bbox 2097 5072 3683 5159">
    <p class='ocr_par' dir='ltr' id='par_1_108' title="bbox 2097 5072 3683 5159">
     <span class='ocr_line' id='line_1_108' title="bbox 2097 5072 3683 5159; baseline -0.011 -13"><span class='ocrx_word' id='word_1_864' title='bbox 2097 5092 2167 5146; x_wconf 88' lang='lat' dir='ltr'><strong>sit</strong></span> <span class='ocrx_word' id='word_1_865' title='bbox 2191 5105 2332 5146; x_wconf 91' lang='lat' dir='ltr'><strong>unus</strong></span> <span class='ocrx_word' id='word_1_866' title='bbox 2359 5088 2519 5153; x_wconf 90' lang='lat' dir='ltr'><strong>liber,</strong></span> <span class='ocrx_word' id='word_1_867' title='bbox 2548 5096 2603 5141; x_wconf 90' lang='lat' dir='ltr'><strong>et</strong></span> <span class='ocrx_word' id='word_1_868' title='bbox 2638 5086 2766 5156; x_wconf 91' lang='lat' dir='ltr'><strong>quid</strong></span> <span class='ocrx_word' id='word_1_869' title='bbox 2803 5084 2978 5148; x_wconf 88' lang='lat' dir='ltr'><strong>multi,</strong></span> <span class='ocrx_word' id='word_1_870' title='bbox 3008 5097 3153 5137; x_wconf 92' lang='lat' dir='ltr'><strong>nunc</strong></span> <span class='ocrx_word' id='word_1_871' title='bbox 3179 5079 3351 5159; x_wconf 82' lang='lat' dir='ltr'><strong>magis</strong></span> <span class='ocrx_word' id='word_1_872' title='bbox 3383 5093 3504 5133; x_wconf 89' lang='lat' dir='ltr'><strong>sum</strong></span> <span class='ocrx_word' id='word_1_873' title='bbox 3531 5072 3683 5132; x_wconf 84' lang='lat' dir='ltr'><strong>solli-</strong></span> 
     </span>
    </p>
   </div>
   <div class='ocr_carea' id='block_1_109' title="bbox 2101 5165 3682 5250">
    <p class='ocr_par' dir='ltr' id='par_1_109' title="bbox 2101 5165 3682 5250">
     <span class='ocr_line' id='line_1_109' title="bbox 2101 5165 3682 5250; baseline -0.01 -11"><span class='ocrx_word' id='word_1_874' title='bbox 2101 5165 2265 5246; x_wconf 81' lang='lat' dir='ltr'><strong>citus,</strong></span> <span class='ocrx_word' id='word_1_875' title='bbox 2308 5197 2415 5236; x_wconf 89' lang='lat' dir='ltr'><strong>non</strong></span> <span class='ocrx_word' id='word_1_876' title='bbox 2448 5181 2666 5250; x_wconf 92' lang='lat' dir='ltr'><strong>quidem</strong></span> <span class='ocrx_word' id='word_1_877' title='bbox 2722 5187 2947 5248; x_wconf 87' lang='lat' dir='ltr'><strong>propter</strong></span> <span class='ocrx_word' id='word_1_878' title='bbox 3000 5174 3404 5231; x_wconf 89' lang='lat' dir='ltr'><strong>multitudinem</strong></span> <span class='ocrx_word' id='word_1_879' title='bbox 3449 5171 3682 5239; x_wconf 81' lang='lat' dir='ltr'><strong>scripto-</strong></span> 
     </span>
    </p>
   </div>
   <div class='ocr_carea' id='block_1_110' title="bbox 2096 5261 3674 5342">
    <p class='ocr_par' dir='ltr' id='par_1_110' title="bbox 2096 5261 3674 5342">
     <span class='ocr_line' id='line_1_110' title="bbox 2096 5261 3674 5342; baseline -0.01 -13"><span class='ocrx_word' id='word_1_880' title='bbox 2096 5290 2240 5337; x_wconf 88' lang='lat' dir='ltr'><strong>rum,</strong></span> <span class='ocrx_word' id='word_1_881' title='bbox 2266 5270 2379 5342; x_wconf 82' lang='lat'><strong>99</strong></span> <span class='ocrx_word' id='word_1_882' title='bbox 2409 5271 2503 5326; x_wconf 86' lang='lat' dir='ltr'><strong>sed</strong></span> <span class='ocrx_word' id='word_1_883' title='bbox 2536 5278 2755 5340; x_wconf 88' lang='lat' dir='ltr'><strong>propter</strong></span> <span class='ocrx_word' id='word_1_884' title='bbox 2781 5269 2887 5322; x_wconf 89' lang='lat' dir='ltr'><strong>vim</strong></span> <span class='ocrx_word' id='word_1_885' title='bbox 2924 5267 3341 5329; x_wconf 79' lang='lat' dir='ltr'><strong>intellecturum,</strong></span> <span class='ocrx_word' id='word_1_886' title='bbox 3379 5277 3448 5317; x_wconf 89' lang='lat' dir='ltr'><strong>ne</strong></span> <span class='ocrx_word' id='word_1_887' title='bbox 3485 5261 3674 5316; x_wconf 75' lang='lat' dir='ltr'><strong>forsan</strong></span> 
     </span>
    </p>
   </div>
   <div class='ocr_carea' id='block_1_111' title="bbox 1667 5389 1991 5477">
    <p class='ocr_par' dir='ltr' id='par_1_111' title="bbox 1667 5414 1983 5476">
     <span class='ocr_line' id='line_1_111' title="bbox 1667 5414 1983 5476; baseline -0.009 -7"><span class='ocrx_word' id='word_1_888' title='bbox 1667 5416 1714 5446; x_wconf 81' lang='lat'>“</span> <span class='ocrx_word' id='word_1_889' title='bbox 1743 5414 1879 5476; x_wconf 74' lang='lat' dir='ltr'><strong>Cap.</strong></span> <span class='ocrx_word' id='word_1_890' title='bbox 1912 5429 1983 5466; x_wconf 77' lang='lat' dir='ltr'><strong>vul</strong></span> 
     </span>
    </p>
   </div>
   <div class='ocr_carea' id='block_1_112' title="bbox 2095 5389 3678 5477">
    <p class='ocr_par' dir='ltr' id='par_1_112' title="bbox 2095 5389 3678 5477">
     <span class='ocr_line' id='line_1_112' title="bbox 2095 5389 3678 5477; baseline -0.011 -12"><span class='ocrx_word' id='word_1_891' title='bbox 2095 5426 2184 5467; x_wconf 63' lang='lat' dir='ltr'><strong>ars.</strong></span> <span class='ocrx_word' id='word_1_892' title='bbox 2218 5411 2308 5465; x_wconf 81' lang='lat' dir='ltr'><strong>lt).</strong></span> <span class='ocrx_word' id='word_1_893' title='bbox 2384 5408 2431 5442; x_wconf 74' lang='grc'>⁸³</span> <span class='ocrx_word' id='word_1_894' title='bbox 2465 5406 2633 5462; x_wconf 80' lang='lat' dir='ltr'><strong>Exod.</strong></span> <span class='ocrx_word' id='word_1_895' title='bbox 2667 5419 2847 5477; x_wconf 68' lang='lat' dir='ltr'><strong>xxxii,</strong></span> <span class='ocrx_word' id='word_1_896' title='bbox 2881 5401 2973 5457; x_wconf 72' lang='lat'><strong>5&#39;2.</strong></span> <span class='ocrx_word' id='word_1_897' title='bbox 3049 5400 3097 5432; x_wconf 71' lang='grc'><strong>⁹¹⁵</strong></span> <span class='ocrx_word' id='word_1_898' title='bbox 3128 5398 3233 5453; x_wconf 87' lang='lat' dir='ltr'><strong>lsa.</strong></span> <span class='ocrx_word' id='word_1_899' title='bbox 3269 5410 3423 5460; x_wconf 77' lang='lat' dir='ltr'><strong>xxix,</strong></span> <span class='ocrx_word' id='word_1_900' title='bbox 3453 5392 3542 5457; x_wconf 80' lang='grc' dir='ltr'>Η,</span> <span class='ocrx_word' id='word_1_901' title='bbox 3583 5389 3678 5447; x_wconf 70' lang='grc'><strong>12.</strong></span> 
     </span>
    </p>
   </div>
   <div class='ocr_carea' id='block_1_113' title="bbox 405 5475 1991 5554">
    <p class='ocr_par' dir='ltr' id='par_1_113' title="bbox 405 5475 1991 5554">
     <span class='ocr_line' id='line_1_113' title="bbox 405 5475 1991 5554; baseline -0.003 -12"><span class='ocrx_word' id='word_1_902' title='bbox 405 5475 905 5553; x_wconf 48' lang='grc' dir='ltr'><strong>οιιυιαῖυυβε.</strong></span> <span class='ocrx_word' id='word_1_903' title='bbox 982 5487 1028 5520; x_wconf 75' lang='grc' dir='ltr'><strong>ὀ</strong></span> <span class='ocrx_word' id='word_1_904' title='bbox 1062 5490 1194 5546; x_wconf 86' lang='lat' dir='ltr'><strong>ibid.</strong></span> <span class='ocrx_word' id='word_1_905' title='bbox 1270 5475 1719 5548; x_wconf 64' lang='grc' dir='ltr'><strong>⁹⁷Εῑέρὶι.ιι,9.</strong></span> <span class='ocrx_word' id='word_1_906' title='bbox 1794 5475 1991 5554; x_wconf 77' lang='grc' dir='ltr'>⁹⁸Αρο</span> 
     </span>
    </p>
   </div>
   <div class='ocr_carea' id='block_1_114' title="bbox 2095 5475 2852 5554">
    <p class='ocr_par' dir='ltr' id='par_1_114' title="bbox 2095 5475 2852 5547">
     <span class='ocr_line' id='line_1_114' title="bbox 2095 5475 2852 5547; baseline -0.012 -11"><span class='ocrx_word' id='word_1_907' title='bbox 2095 5521 2128 5547; x_wconf 57' lang='grc' dir='ltr'><strong>ι,</strong></span> <span class='ocrx_word' id='word_1_908' title='bbox 2157 5483 2214 5547; x_wconf 87' lang='grc'>9,</span> <span class='ocrx_word' id='word_1_909' title='bbox 2245 5481 2335 5537; x_wconf 82' lang='grc'><strong>10.</strong></span> <span class='ocrx_word' id='word_1_910' title='bbox 2407 5478 2455 5510; x_wconf 79' lang='grc'><strong>’³</strong></span> <span class='ocrx_word' id='word_1_911' title='bbox 2486 5479 2643 5533; x_wconf 69' lang='grc' dir='ltr'>ιὶοιη.</span> <span class='ocrx_word' id='word_1_912' title='bbox 2678 5491 2737 5537; x_wconf 86' lang='grc' dir='ltr'><strong>ιι,</strong></span> <span class='ocrx_word' id='word_1_913' title='bbox 2765 5475 2852 5528; x_wconf 74' lang='grc'><strong>16.</strong></span> 
     </span>
    </p>
   </div>
   <div class='ocr_carea' id='block_1_115' title="bbox 480 5597 1986 5673">
    <p class='ocr_par' dir='ltr' id='par_1_115' title="bbox 480 5597 1986 5673">
     <span class='ocr_line' id='line_1_115' title="bbox 480 5597 1986 5673; baseline -0.003 -16"><span class='ocrx_word' id='word_1_914' title='bbox 480 5602 593 5673; x_wconf 85' lang='grc'><strong>(50)</strong></span> <span class='ocrx_word' id='word_1_915' title='bbox 630 5600 1051 5672; x_wconf 77' lang='grc' dir='ltr'>Γεγενημέννοι.</span> <span class='ocrx_word' id='word_1_916' title='bbox 1097 5600 1176 5655; x_wconf 89' lang='lat' dir='ltr'><strong>lta</strong></span> <span class='ocrx_word' id='word_1_917' title='bbox 1221 5602 1393 5657; x_wconf 82' lang='lat' dir='ltr'><strong>codex</strong></span> <span class='ocrx_word' id='word_1_918' title='bbox 1423 5600 1720 5666; x_wconf 87' lang='lat' dir='ltr'><strong>Thuanus;</strong></span> <span class='ocrx_word' id='word_1_919' title='bbox 1762 5597 1986 5669; x_wconf 77' lang='lat' dir='ltr'><strong>Regius,</strong></span> 
     </span>
    </p>
   </div>
   <div class='ocr_carea' id='block_1_116' title="bbox 406 5676 1982 5817">
    <p class='ocr_par' dir='ltr' id='par_1_116' title="bbox 406 5676 1982 5817">
     <span class='ocr_line' id='line_1_116' title="bbox 406 5676 1071 5750; baseline 0.002 -22"><span class='ocrx_word' id='word_1_920' title='bbox 406 5676 709 5747; x_wconf 78' lang='grc' dir='ltr'>γενόμενοι.</span> <span class='ocrx_word' id='word_1_921' title='bbox 1061 5743 1071 5750; x_wconf 86' lang='lat'><em>_</em></span> 
     </span>
     <span class='ocr_line' id='line_1_117' title="bbox 482 5740 1982 5817; baseline -0.005 -17"><span class='ocrx_word' id='word_1_922' title='bbox 482 5746 595 5817; x_wconf 81' lang='lat' dir='ltr'><strong>(5t)</strong></span> <span class='ocrx_word' id='word_1_923' title='bbox 644 5743 897 5814; x_wconf 78' lang='grc' dir='ltr'><strong>Ἀνοίξῃ.</strong></span> <span class='ocrx_word' id='word_1_924' title='bbox 954 5743 1029 5798; x_wconf 90' lang='lat' dir='ltr'><strong>lta</strong></span> <span class='ocrx_word' id='word_1_925' title='bbox 1062 5757 1207 5815; x_wconf 85' lang='lat' dir='ltr'><strong>_mss.</strong></span> <span class='ocrx_word' id='word_1_926' title='bbox 1265 5742 1499 5797; x_wconf 90' lang='lat' dir='ltr'><strong>Tarinus</strong></span> <span class='ocrx_word' id='word_1_927' title='bbox 1532 5756 1663 5797; x_wconf 82' lang='lat' dir='ltr'><strong>vero</strong></span> <span class='ocrx_word' id='word_1_928' title='bbox 1704 5740 1760 5795; x_wconf 93' lang='lat' dir='ltr'><strong>in</strong></span> <span class='ocrx_word' id='word_1_929' title='bbox 1813 5748 1982 5806; x_wconf 80' lang='lat' dir='ltr'><strong>textu,</strong></span> 
     </span>
    </p>
   </div>
   <div class='ocr_carea' id='block_1_117' title="bbox 408 5816 1988 5962">
    <p class='ocr_par' dir='ltr' id='par_1_117' title="bbox 408 5816 1988 5962">
     <span class='ocr_line' id='line_1_118' title="bbox 408 5816 1988 5962; baseline -0.004 -19"><span class='ocrx_word' id='word_1_930' title='bbox 408 5816 1013 5962; x_wconf 52' lang='grc' dir='ltr'><strong>ἀνῖξξῑᾏθετούντων</strong></span> <span class='ocrx_word' id='word_1_931' title='bbox 1040 5884 1113 5941; x_wconf 78' lang='grc' dir='ltr'>τὰ</span> <span class='ocrx_word' id='word_1_932' title='bbox 1134 5883 1491 5954; x_wconf 68' lang='grc' dir='ltr'>Εὐαγγέλια.</span> <span class='ocrx_word' id='word_1_933' title='bbox 1512 5880 1626 5941; x_wconf 77' lang='lat' dir='ltr'><strong>Non</strong></span> <span class='ocrx_word' id='word_1_934' title='bbox 1654 5880 1860 5947; x_wconf 89' lang='lat' dir='ltr'><strong>omnia,</strong></span> <span class='ocrx_word' id='word_1_935' title='bbox 1891 5879 1988 5937; x_wconf 86' lang='lat' dir='ltr'><strong>sed</strong></span> 
     </span>
    </p>
   </div>
   <div class='ocr_carea' id='block_1_118' title="bbox 2097 5578 3675 5658">
    <p class='ocr_par' dir='ltr' id='par_1_118' title="bbox 2097 5578 3675 5658">
     <span class='ocr_line' id='line_1_119' title="bbox 2097 5578 3675 5658; baseline -0.009 -8"><span class='ocrx_word' id='word_1_936' title='bbox 2097 5595 2359 5658; x_wconf 55' lang='lat' dir='ltr'><strong>Matthxi,</strong></span> <span class='ocrx_word' id='word_1_937' title='bbox 2380 5591 2548 5647; x_wconf 81' lang='lat' dir='ltr'><strong>Marci</strong></span> <span class='ocrx_word' id='word_1_938' title='bbox 2580 5600 2634 5644; x_wconf 90' lang='lat' dir='ltr'><strong>et</strong></span> <span class='ocrx_word' id='word_1_939' title='bbox 2656 5586 2902 5644; x_wconf 84' lang='lat' dir='ltr'><strong>Joannis.</strong></span> <span class='ocrx_word' id='word_1_940' title='bbox 2930 5584 3089 5639; x_wconf 71' lang='lat' dir='ltr'><strong>Lucre</strong></span> <span class='ocrx_word' id='word_1_941' title='bbox 3106 5594 3285 5658; x_wconf 85' lang='lat' dir='ltr'><strong>autem</strong></span> <span class='ocrx_word' id='word_1_942' title='bbox 3322 5578 3675 5658; x_wconf 74' lang='lat' dir='ltr'><strong>Evangelium</strong></span> 
     </span>
    </p>
   </div>
   <div class='ocr_carea' id='block_1_119' title="bbox 2097 5651 3680 5732">
    <p class='ocr_par' dir='ltr' id='par_1_119' title="bbox 2097 5651 3680 5732">
     <span class='ocr_line' id='line_1_120' title="bbox 2097 5651 3680 5732; baseline -0.009 -12"><span class='ocrx_word' id='word_1_943' title='bbox 2097 5651 2458 5720; x_wconf 81' lang='lat' dir='ltr'><strong>admittebant</strong></span> <span class='ocrx_word' id='word_1_944' title='bbox 2491 5662 2729 5732; x_wconf 83' lang='lat' dir='ltr'><strong>quidem,</strong></span> <span class='ocrx_word' id='word_1_945' title='bbox 2750 5659 2843 5710; x_wconf 90' lang='lat' dir='ltr'><strong>sed</strong></span> <span class='ocrx_word' id='word_1_946' title='bbox 2871 5659 3031 5732; x_wconf 67' lang='lat' dir='ltr'><strong>itaut</strong></span> <span class='ocrx_word' id='word_1_947' title='bbox 3058 5672 3087 5732; x_wconf 80' lang='lat' dir='ltr'><strong>a</strong></span> <span class='ocrx_word' id='word_1_948' title='bbox 3118 5655 3385 5732; x_wconf 78' lang='lat' dir='ltr'><strong>dictatore</strong></span> <span class='ocrx_word' id='word_1_949' title='bbox 3414 5668 3514 5705; x_wconf 87' lang='lat' dir='ltr'><strong>suo</strong></span> <span class='ocrx_word' id='word_1_950' title='bbox 3537 5651 3680 5705; x_wconf 83' lang='lat' dir='ltr'><strong>Mar-</strong></span> 
     </span>
    </p>
   </div>
   <div class='ocr_carea' id='block_1_120' title="bbox 2099 5724 3672 5800">
    <p class='ocr_par' dir='ltr' id='par_1_120' title="bbox 2099 5724 3672 5800">
     <span class='ocr_line' id='line_1_121' title="bbox 2099 5724 3672 5800; baseline -0.008 -11"><span class='ocrx_word' id='word_1_951' title='bbox 2099 5736 2258 5791; x_wconf 88' lang='lat' dir='ltr'><strong>eione</strong></span> <span class='ocrx_word' id='word_1_952' title='bbox 2290 5724 2676 5800; x_wconf 82' lang='lat' dir='ltr'><strong>interpolatum</strong></span> <span class='ocrx_word' id='word_1_953' title='bbox 2706 5731 2902 5782; x_wconf 81' lang='lat' dir='ltr'><strong>fuerat.</strong></span> <span class='ocrx_word' id='word_1_954' title='bbox 2926 5724 3262 5794; x_wconf 79' lang='lat' dir='ltr'><strong>Epiphanius</strong></span> <span class='ocrx_word' id='word_1_955' title='bbox 3289 5725 3486 5777; x_wconf 66' lang='lat' dir='ltr'><strong>haeres.</strong></span> <span class='ocrx_word' id='word_1_956' title='bbox 3533 5734 3672 5788; x_wconf 80' lang='lat' dir='ltr'><strong>xw,</strong></span> 
     </span>
    </p>
   </div>
   <div class='ocr_carea' id='block_1_121' title="bbox 2098 5803 2736 5874">
    <p class='ocr_par' dir='ltr' id='par_1_121' title="bbox 2098 5803 2736 5874">
     <span class='ocr_line' id='line_1_122' title="bbox 2098 5803 2736 5874; baseline -0.016 -11"><span class='ocrx_word' id='word_1_957' title='bbox 2098 5803 2312 5874; x_wconf 20' lang='lat' dir='ltr'><strong>cap.79,</strong></span> <span class='ocrx_word' id='word_1_958' title='bbox 2349 5803 2736 5874; x_wconf 65' lang='lat' dir='ltr'><strong>10._llusrtus.</strong></span> 
     </span>
    </p>
   </div>
   <div class='ocr_carea' id='block_1_122' title="bbox 2170 5860 3576 5950">
    <p class='ocr_par' dir='ltr' id='par_1_122' title="bbox 2170 5860 3576 5950">
     <span class='ocr_line' id='line_1_123' title="bbox 2170 5860 3576 5950; baseline -0.015 -17"><span class='ocrx_word' id='word_1_959' title='bbox 2170 5860 2519 5950; x_wconf 53' lang='grc' dir='ltr'><strong>ἱδὸλἩμᾶς.</strong></span> <span class='ocrx_word' id='word_1_960' title='bbox 2556 5872 2633 5927; x_wconf 88' lang='lat' dir='ltr'><strong>lta</strong></span> <span class='ocrx_word' id='word_1_961' title='bbox 2666 5881 2797 5926; x_wconf 86' lang='lat' dir='ltr'><strong>mss.</strong></span> <span class='ocrx_word' id='word_1_962' title='bbox 2848 5864 3084 5921; x_wconf 84' lang='lat' dir='ltr'><strong>Tarinus</strong></span> <span class='ocrx_word' id='word_1_963' title='bbox 3126 5867 3178 5920; x_wconf 91' lang='lat' dir='ltr'><strong>in</strong></span> <span class='ocrx_word' id='word_1_964' title='bbox 3208 5870 3377 5930; x_wconf 77' lang='lat' dir='ltr'><strong>textu,</strong></span> <span class='ocrx_word' id='word_1_965' title='bbox 3410 5860 3576 5931; x_wconf 75' lang='grc' dir='ltr'>ὑμᾶς.</span> 
     </span>
    </p>
   </div>
  </div>
