4194 6440
524 343 629 401 195

1989 337 2309 396 ORIGEMS

3688 343 3800 402 196

519 477 586 517 eo
612 460 869 532 prolabar
897 469 956 515 ut
983 461 1296 516 mandatum
1333 460 1638 518 transiliam
1664 501 1679 528 ,
1708 459 1755 517 si
1791 459 1921 531 quid
1957 477 2098 530 prte-

2205 460 2400 530 μένων,
2433 457 2568 512 ἀλλὰ
2594 457 2683 512 διὰ
2706 456 2804 528 τὴν
2826 457 3056 529 δύναμιν
3087 457 3198 512 τῶν
3216 455 3543 529 νοουμένων,
3581 456 3797 528 μήποτε

523 562 606 608 ter
636 553 922 607 veritatem
957 562 1216 622 tanquam
1242 553 1530 607 veritatem
1580 567 1881 621 exponam,
1925 551 2006 605 vel
2049 553 2100 606 in

519 661 630 701 uno
685 660 930 700 meorum
975 647 1517 700 commentariorum.
1567 643 1704 698 Tum
1753 644 1899 698 enim
1949 643 2103 699 fuero

520 737 820 792 multorum
858 736 1121 792 librorum
1158 738 1434 806 scriptor;
1465 751 1699 806 cumque
1735 751 1878 791 nunc
1919 738 2103 806 specie

519 844 587 883 ac
616 839 885 897 prastextu
908 828 1241 900 cognitionis
1273 828 1572 883 alienarum
1604 828 1919 898 Opinionnm
1952 843 2104 883 asse-

518 915 617 968 cla:
645 916 698 969 in
735 925 980 973 sanctam
1017 917 1110 972 Dei
1150 916 1447 972 Ecclesiam
1481 917 1785 988 insurgant,
1814 928 1870 972 et
1904 918 2102 973 multo-

520 1022 638 1060 rum
667 1007 926 1062 librorum
944 1008 1369 1077 compositiones
1391 1009 1692 1079 divulgent,
1714 1008 1913 1078 quibus
1935 1023 2103 1062 evan-

519 1097 820 1166 gelicarum
852 1109 908 1153 et
940 1099 1364 1170 apostolicarum
1396 1101 1849 1155 constitutionum
1882 1099 2100 1169 exposi-

520 1189 719 1242 tionem
750 1191 1102 1259 pollicentur;
1127 1192 1173 1247 si
1200 1193 1311 1261 jam
1337 1192 1615 1256 sileamus,
1646 1206 1742 1246 nec
1771 1191 1878 1246 illis
1901 1192 2104 1245 saluta-

520 1278 597 1332 ria
623 1287 680 1332 et
708 1295 835 1334 vera
862 1281 1187 1337 documenta
1214 1298 1574 1354 apponamus,
1599 1283 1785 1338 avidas
1814 1291 1866 1338 et
1887 1281 2106 1353 jejunas

521 1371 735 1426 animas
761 1371 868 1427 cibi
903 1373 1086 1442 inopia
1115 1375 1526 1446 expugnahunt,
1555 1376 1621 1428 ad
1643 1376 1835 1430 vetitas
1855 1386 1910 1430 et
1929 1377 2107 1432 omni-

519 1477 591 1516 no
661 1463 904 1533 impuras
967 1466 1467 1535 abominandasque
1537 1481 1693 1520 escas
1761 1465 2102 1523 festinantes.

519 1556 698 1624 Quare
723 1572 954 1614 necesse
986 1559 1116 1614 mihi
1147 1562 1360 1616 videtur
1379 1577 1522 1629 esse,
1547 1578 1671 1616 eum
1699 1563 1790 1632 qui
1813 1563 1932 1618 sine
1959 1562 2106 1618 frau-

520 1650 586 1703 de
613 1664 675 1704 ac
724 1651 1173 1718 prazvaricatione
1201 1662 1378 1721 potest
1423 1669 1521 1723 pro
1567 1655 1939 1710 ecclesiastico
1989 1669 2106 1710 ser-

519 1758 680 1798 mone
709 1759 802 1797 ora
815 1754 982 1798 torem
1006 1760 1065 1800 se
1100 1745 1469 1817 interponere,
1497 1757 1551 1804 et
1581 1763 1676 1804 eos
1701 1748 1988 1804 confutare
2011 1748 2103 1818 qui

2209 551 2490 624 περιπέσω
2513 551 2590 621 τῷ
2624 551 2983 622 παραϐαίνειν
3014 550 3113 619 τὴν
3141 548 3358 620 ἐντολὴν
3377 589 3392 614 ,
3427 549 3522 603 έάν
3552 566 3608 602 τι
3641 549 3797 619 παρὰ

2203 643 2301 714 τὴν
2330 642 2587 713 ἀλήθειαν
2610 642 2685 706 ὼς
2713 642 2972 712 ἀλήθειαν
3017 641 3262 712 ὲκθῶμαι
3282 680 3297 706 ,
3347 639 3451 694 κᾶν
3479 642 3537 694 ὲν
3566 641 3652 694 ἑνὶ
3682 641 3795 694 τῶν

2204 734 2588 806 γραφομένων.
2630 735 2777 788 Ἐκεῖ
2791 734 2901 806 γὰρ
2921 733 3117 804 ἔσομαι
3139 733 3356 804 γράψας
3379 731 3556 802 βιϐλία
3579 731 3758 786 πολλά
3774 749 3789 763 ·

2205 828 2300 880 καὶ
2326 827 2420 879 νῦν
2454 825 2512 878 δὲ
2562 826 2834 897 προφάσει
2886 826 3141 895 γνώσεως
3181 826 3634 896 ἐπανισταμένων
3682 825 3796 879 τῶν

2205 921 2526 990 ἑτεροδόξων
2557 921 2622 990 τῇ
2669 920 2800 990 ἁγίᾳ
2849 919 2944 973 τοῦ
2977 918 3114 972 Θεοῦ
3163 919 3276 990 (54)
3329 919 3666 991 Ἐκκλησίᾳ,
3699 920 3796 972 καὶ

2205 1009 2564 1073 πολυὸίϐλους
2615 1010 2896 1074 συντάξεις
2944 1011 3217 1081 φερόντων
3240 1050 3256 1074 ,
3311 1008 3795 1080 ὲπαγγελλομένας

2203 1100 2456 1172 διήγησιν
2494 1099 2603 1154 τῶν
2645 1100 3014 1169 εὐαγγελικῶν
3061 1101 3156 1154 καὶ
3189 1100 3562 1155 άποστολικῶν
3602 1100 3796 1154 διατά-

2206 1191 2343 1258 ξεων
2363 1233 2377 1258 ,
2414 1191 2510 1244 ἐὰν
2544 1195 2910 1262 σιωπήσαιμεν
2963 1193 3038 1264 μὴ
3082 1193 3476 1264 παρατιθέντες
3505 1194 3692 1257 αὐτοῖς
3725 1193 3796 1246 τὰ

2208 1285 2338 1355 ὑγιῆ
2379 1287 2474 1339 καὶ
2505 1285 2678 1357 ἀληθῆ
2701 1286 2965 1356 δόγματα,
2989 1287 3421 1358 ὲπικρατήσουσι
3452 1286 3562 1341 τῶν
3591 1287 3795 1357 λίχνων

2204 1377 2392 1448 ψυχῶν
2431 1379 2634 1450 ἀπορίᾳ
2665 1378 2873 1450 τροφῆς
2922 1379 3222 1450 σωτηρίου,
3254 1380 3346 1432 ἐπὶ
3376 1379 3445 1434 τά
3478 1381 3796 1450 ἀπηγορευ-

2210 1473 2346 1543 μένα
2377 1472 2741 1535 σπευδουσῶν,
2795 1471 2890 1525 καὶ
2942 1471 3158 1543 άληθῶς
3210 1470 3496 1542 ἀκάθαρτα
3526 1472 3622 1525 καὶ
3668 1471 3793 1541 βδε-

2205 1564 2378 1618 λυκτὰ
2429 1564 2696 1636 βρώματα
2749 1564 2883 1634 (55).
2917 1565 3117 1634 Διόπερ
3179 1564 3475 1633 ἀναγκαῖόν
3504 1582 3595 1634 μοι
3646 1564 3796 1618 δοκεῖ

2205 1652 2342 1710 εἶναι
2382 1657 2476 1710 τὸν
2499 1658 2796 1726 δυνάμενον
2825 1656 3148 1728 πρεσϐεύειν
3202 1657 3342 1728 ὑπὲρ
3374 1658 3467 1711 τοῦ
3497 1657 3796 1728 ἐκκλησια-

2207 1748 2394 1802 στικοῦ
2418 1749 2577 1817 λόγου
2607 1750 3104 1820 ἀπαραχαράκτως,
3137 1750 3232 1802 καὶ
3261 1750 3501 1820 ἐλέγχειν
3530 1750 3660 1813 τοὺς
3694 1750 3794 1819 τὴν

518 1831 709 1887 falsam
748 1835 850 1888 sibi
890 1836 1260 1906 cognitionem
1296 1849 1616 1902 assumunt,
1661 1850 1808 1894 stare
1838 1840 2102 1895 adversus

2205 1840 2553 1912 ψευδώνυμον
2613 1844 2815 1910 γνῶσιν
2881 1841 3460 1913 μεταχειριζομένους,
3538 1840 3796 1895 ἵστασθαι

521 1926 775 1980 ιιεξνθιίω
802 1937 1132 1993 commenta,
1157 1937 1210 1982 et
1236 1930 1610 1984 excelsitatem
1637 1931 1937 2000 evangelici
1969 1948 2107 2001 pm:-

517 2017 666 2072 conii
705 2017 813 2072 illis
837 2032 1136 2088 opponere,
1165 2019 1218 2072 in
1259 2033 1368 2088 quo
1409 2029 1495 2074 est
1532 2019 1844 2089 plenissima
1875 2035 2108 2076 consen-

516 2108 601 2162 sio
629 2109 937 2163 communis
968 2108 1256 2174 doctrinm,
1295 2110 1530 2178 Veteris,
1557 2113 1700 2179 quod
1736 2121 1949 2178 vocant,
1979 2129 2104 2167 cum

517 2198 668 2255 Novo
715 2199 1086 2256 Testamento.
1121 2201 1312 2272 Tuque
1346 2203 1460 2273 ipse
1486 2204 1624 2258 adeo
1656 2220 1845 2259 eorum
1875 2205 2105 2276 penuria

515 2293 610 2362 qui
661 2294 884 2347 meliora
935 2305 1268 2359 assererent,
1298 2310 1421 2349 cum
1453 2296 1646 2351 rationi
1696 2305 2020 2366 pugnantem
2051 2307 2106 2352 et

519 2385 812 2438 absurdam
838 2384 1024 2450 fidem,
1055 2401 1176 2456 qua:
1213 2395 1300 2439 tua
1331 2395 1450 2440 erat
1477 2385 1532 2440 in
1558 2385 1741 2442 Jesum
1774 2388 1972 2458 pietas,
2003 2389 2105 2442 mi-

521 2478 667 2531 nime
700 2476 843 2532 ferre
869 2493 1090 2546 posses,
1136 2480 1201 2534 iis
1235 2489 1289 2534 te
1322 2479 1452 2534 olim
1486 2479 1835 2535 sermonibus
1872 2481 2105 2534 tradide-

518 2582 631 2634 ras,
665 2569 862 2637 quibus
893 2585 1102 2639 postea,
1141 2585 1269 2625 usus
1309 2584 1410 2637 ea,
1459 2578 1518 2624 ut
1548 2569 1797 2633 decebat,
1829 2586 1947 2639 qua:
1978 2570 2104 2625 data

523 2659 618 2713 tibi
646 2669 752 2722 est.
789 2660 1098 2729 prudentia,
1126 2661 1395 2715 damnatis
1420 2660 1741 2716 discessisti.
1769 2659 1896 2716 Hzec
1923 2670 2102 2715 autem

517 2751 641 2806 dico
675 2753 739 2806 ad
788 2767 976 2806 eorum
1017 2753 1112 2822 qui
1163 2761 1217 2806 et
1259 2753 1444 2806 dicere
1476 2761 1533 2806 et
1567 2751 1812 2808 scribere
1857 2763 2101 2822 possunt,

520 2856 795 2912 quatenus
819 2845 950 2899 mihi
993 2854 1258 2914 apparet,
1287 2844 1678 2900 defensionem.
1711 2844 1816 2899 Sed
1845 2853 1898 2899 et
1929 2861 2101 2899 meam

521 2937 688 3004 ipsius
718 2953 937 2991 causam
967 2939 1111 3001 dico,
1141 2938 1231 3004 qui
1266 2953 1374 2992 non
1412 2953 1479 2991 eo
1511 2938 1778 2991 instructu
1809 2944 1863 2990 et
1891 2936 2100 3000 habitu,

519 3045 628 3098 quo
661 3045 782 3083 esse
811 3039 1026 3100 Oportet
1059 3046 1203 3095 eum,
1245 3031 1335 3100 qui
1373 3046 1402 3084 a
1432 3029 1543 3086 Deo
1567 3029 1638 3083 sit
1671 3029 1898 3083 idoneus
1926 3028 2103 3082 factus

520 3117 653 3172 Novi
684 3119 1019 3175 Testamenti
1046 3121 1389 3184 administer,
1420 3136 1526 3174 non
1564 3120 1783 3181 litteras.
1812 3118 1906 3174 sed
1942 3120 2103 3190 Spiri-

523 3219 606 3264 tus
627 3210 718 3278 '°',
755 3212 1014 3268 audacius
1049 3226 1135 3266 me
1168 3213 1234 3267 ad
1273 3213 1554 3267 dicendum
1589 3211 1890 3283 projiciam.

2208 1933 2350 1987 κατὰ
2394 1933 2500 1986 τῶν
2550 1933 2841 2004 αἱρετικῶν
2894 1933 3334 2001 ἀναπλασμάτων
3380 1931 3798 2003 ἀντιπαραϐάλο

2207 2023 2366 2076 λοντα
2399 2027 2458 2078 τὸ
2487 2020 2621 2096 ὕψος
2652 2025 2745 2078 τοῦ
2779 2023 3132 2093 εύαγγελικοῦ
3156 2024 3508 2096 κηρύγματος
3529 2065 3543 2087 ,
3581 2023 3797 2092 πεπλη-

2210 2114 2454 2186 ρωμένον
2479 2114 2590 2185 (56)
2621 2115 2938 2185 συμφωνίας
2969 2115 3254 2186 δογμάτων
3285 2115 3478 2168 κοινῶν
3506 2118 3572 2186 τῇ
3608 2115 3798 2168 καλου·

2209 2206 2348 2278 μένῃ
2380 2206 2590 2277 Παλαιᾴ
2620 2207 2755 2278 πρὸς
2784 2207 2881 2278 τὴν
2909 2206 3314 2278 ὀνομαζομένην
3354 2207 3562 2277 Καινὴν
3588 2207 3796 2278 Διαθή-

2207 2315 2330 2368 κην.
2362 2298 2534 2362 Αὐτὸς
2574 2297 2705 2367 γοῦν
2751 2299 2957 2369 ἀπορίᾳ
2991 2295 3103 2368 (57)
3137 2298 3246 2351 τῶν
3279 2299 3696 2368 πρεσϐευόντων
3730 2296 3801 2348 τὰ

2208 2389 2514 2459 κρείττονα,
2543 2391 2618 2460 μὴ
2639 2390 2818 2462 φέρων
2847 2391 2944 2461 τὴν
2971 2390 3162 2458 ἄλογον
3184 2391 3280 2442 καὶ
3311 2390 3585 2458 ἰδιωτικὴν
3609 2388 3798 2441 πίστιν

2205 2480 2294 2533 διὰ
2333 2481 2432 2550 τὴν
2458 2480 2595 2550 πρὸς
2623 2481 2714 2533 τὸν
2757 2480 2966 2552 Ἰησοῦν
2997 2481 3239 2550 ἀγάπην,
3274 2477 3632 2541 ὲπεδεδώκεις
3667 2477 3798 2530 ποτὲ

2209 2572 2404 2626 σαυτὸν
2435 2572 2610 2642 λόγοις
2633 2611 2647 2636 ,
2677 2567 2752 2626 ὧν
2780 2572 3034 2646 ὕστερον,
3068 2575 3133 2643 τῇ
3162 2572 3420 2644 δεδομένῃ
3454 2589 3530 2624 σοι
3579 2570 3796 2623 συνέσει

2207 2663 2695 2734 καταχρησάμενος
2716 2664 2796 2726 εἰς
2819 2663 2958 2729 δέον,
2988 2664 3288 2730 καταγνοὺς
3317 2663 3580 2730 ἀπέστης.
3606 2658 3798 2713 Ταῦτα

2203 2755 2262 2811 δέ
2296 2774 2438 2828 φημι
2463 2756 2603 2810 κατὰ
2625 2756 2686 2808 τὸ
2721 2755 3044 2826 φαινόμενόν
3081 2772 3171 2826 μοι
3203 2753 3635 2824 ἀπολογούμενος
3667 2749 3797 2822 περὶ

2204 2848 2313 2902 τῶν
2337 2849 2650 2919 δυναμένων
2676 2848 2854 2916 λέγειν
2885 2848 2980 2901 καὶ
3008 2848 3259 2919 γράφειν.
3300 2847 3436 2915 Περὶ
3462 2845 3516 2899 δὲ
3551 2841 3795 2915 ἐμαυτοῦ

2205 2942 2660 3012 ἀπολογούμενος,
2695 2939 2770 3012 μὴ
2797 2941 2905 3011 ἄρα
2934 2941 2995 2992 οὐ
3022 2939 3279 3010 τοιαύτης
3302 2937 3377 2991 ὢν
3407 2936 3574 3001 ’έξεως
3603 2936 3798 2990 ὁποίαν

2205 3033 2371 3103 ἐχρῆν
2400 3032 2489 3084 τὸν
2516 3031 2666 3102 παρὰ
2694 3031 2829 3084 Θεοῦ
2862 3032 3213 3102 ἱκανούμενον
3244 3030 3486 3083 διάκονον
3513 3029 3611 3098 τῆς
3653 3030 3794 3082 Και-

2206 3121 2304 3192 νῆς
2336 3121 2630 3193 Διαθήκης,
2667 3123 2727 3175 ού
2757 3123 3102 3193 γράμματος,
3137 3121 3272 3175 ἀλλὰ
3302 3121 3611 3190 πνεύματος
3631 3160 3649 3185 ,
3677 3117 3796 3172 τολο

2132 3206 2176 3263 C
2211 3215 2510 3288 μηρότερον
2544 3217 2779 3288 ἐμαυτὸν
2807 3216 2884 3288 τῷ
2907 3214 3269 3287 ὑπαγορεύειν
3295 3214 3599 3286 ἐπιδίδωμι.

695 3543 790 3598 EX
826 3543 1061 3601 EODEM
1101 3544 1295 3602 TOMO
1333 3544 1398 3612 V,
1439 3545 1624 3602 APUD
1662 3545 2068 3602 PAMPHILUM
2104 3546 2496 3602 MARTYREM
2536 3545 2604 3601 IN
2643 3545 3011 3603 APOLOGIA
3056 3546 3200 3603 PRO
3244 3542 3602 3601 ORIGENE.

591 3699 913 3771 Unigenitus
969 3701 1141 3757 Filius
1181 3701 1436 3757 Salvator
1465 3712 1670 3763 noster.
1711 3703 1803 3772 qui
1832 3703 1980 3758 solus
2023 3719 2092 3759 ex

515 3790 681 3848 Patre
715 3802 876 3850 natus
902 3803 1007 3859 est,
1055 3795 1202 3850 solus
1236 3805 1432 3850 natura
1465 3804 1519 3850 et
1547 3812 1656 3851 non
1684 3798 1978 3868 adoptione
2006 3797 2102 3854 Fi-

516 3887 624 3941 lius
653 3895 758 3942 est.

951 3996 970 4031 ι
1000 3977 1133 4034 Item
1172 3980 1227 4034 in
1263 3979 1456 4034 eodem
1495 3979 1656 4034 libro.
1689 3998 1708 4033 ι

590 4071 744 4130 Unus
774 4087 905 4142 ergo
929 4082 1014 4128 est
1043 4086 1203 4126 verus
1249 4072 1412 4137 Deus,
1448 4089 1467 4123 ι
1499 4073 1594 4140 qui
1627 4072 1773 4128 solus
1803 4073 1964 4129 habet
1997 4074 2102 4128 im-

516 4164 923 4229 mortalitatem,
946 4165 1119 4219 lucem
1139 4163 1344 4218 habitat
1368 4165 1797 4221 inaccessibilem
1811 4165 1902 4222 “'.
1917 4165 2100 4223 ιυιιιιε

515 4265 574 4312 et
600 4271 765 4311 verus
794 4256 959 4319 Deus,
1009 4273 1076 4311 ne
1107 4258 1317 4313 scilicet
1347 4257 1532 4311 multis
1578 4259 1693 4312 veri
1749 4257 1844 4310 Dei
1899 4273 2094 4313 nomen

515 4348 808 4402 convenire
846 4353 1154 4403 credamus.
1201 4347 1280 4403 Ita
1332 4363 1464 4419 ergo
1495 4359 1549 4403 et
1588 4349 1642 4404 hi
1686 4351 1778 4418 qui
1823 4351 2097 4421 accipiunt

522 4459 544 4494 ι
568 4442 818 4511 spiritum
850 4443 1162 4514 adeptionis
1208 4445 1442 4499 filiorum
1467 4485 1483 4510 ,
1523 4445 1579 4499 in
1615 4460 1723 4514 quo
1750 4444 2093 4499 clamamus:

514 4533 671 4587 Abba
697 4533 969 4600 Pater’",
1006 4555 1024 4588 ι
1067 4535 1156 4589 lilii
1181 4536 1396 4604 quidem
1433 4537 1526 4592 Dei
1553 4546 1698 4601 sunt,
1727 4536 1822 4592 sed
1852 4551 1958 4590 non
1993 4536 2100 4590 sic-

517 4633 577 4682 ut
615 4627 927 4697 unigenitus
976 4627 1165 4684 Filius.
1203 4628 1530 4702 Unigenitus
1573 4630 1717 4685 enim
1763 4637 1955 4684 natura
2009 4627 2100 4682 Fi-

2206 3703 2332 3769 lius,
2363 3716 2418 3759 et
2449 3719 2666 3774 semper
2685 3715 2741 3760 et
2770 3703 3214 3773 inseparabiliter
3243 3701 3412 3757 Filius
3441 3712 3528 3757 est
3554 3720 3569 3768 ;
3603 3703 3790 3757 caeteri

2204 3812 2337 3852 vero
2367 3813 2464 3867 pro
2495 3812 2561 3852 eo
2591 3797 2735 3866 quod
2762 3806 3120 3866 susceperunt
3145 3797 3198 3849 in
3232 3810 3292 3850 se
3319 3793 3516 3848 Filium
3549 3793 3669 3858 Dei,
3695 3809 3792 3863 po-

2207 3899 2460 3944 testatem
2483 3899 2813 3959 acceperunt
2837 3888 2931 3943 filii
2963 3889 3056 3942 Dei
3086 3887 3222 3943 fieri.
3257 3907 3275 3939 ι
3301 3886 3403 3954 Qul
3430 3906 3450 3939 ι
3482 3886 3609 3941 licet
3636 3906 3656 3939 ι
3683 3901 3790 3942 non

2205 3995 2269 4034 cx
2312 3982 2695 4052 sanguinibus.
2744 3994 2922 4050 neque
2949 3995 3017 4035 ex
3055 3982 3332 4035 voluntate
3365 3980 3574 4042 carnis,
3610 3992 3790 4048 neque

2206 4087 2268 4126 ex
2292 4073 2566 4127 voluntate
2581 4074 2704 4140 viri,
2726 4073 2818 4128 sed
2835 4089 2902 4126 ex
2925 4073 3033 4126 Deo
3061 4072 3174 4126 nati
3201 4091 3220 4124 ι
3241 4071 3454 4136 sint"‘,
3476 4085 3584 4124 non
3606 4080 3786 4125 tamen

2205 4177 2268 4216 ea
2315 4165 2599 4218 nativitate
2644 4173 2772 4218 sunt
2821 4163 2933 4218 nati
2982 4179 3085 4232 qua
3135 4173 3294 4217 natus
3341 4170 3426 4214 est
3474 4161 3788 4230 unigenitus

2205 4255 2398 4312 Filius.
2450 4257 2679 4328 Propter
2721 4259 2866 4328 quod
2915 4267 3174 4328 quantam
3225 4257 3586 4313 differentiam
3622 4270 3788 4311 verus

2207 4349 2348 4404 Deus
2385 4351 2547 4405 habet
2577 4357 2644 4405 ad
2679 4365 2799 4412 eos.
2831 4351 3030 4420 quibus
3063 4352 3266 4407 dicitur
3295 4369 3308 4406 :
3341 4369 3359 4402 ι
3394 4350 3508 4420 Ego
3537 4349 3670 4412 dixi,
3703 4349 3783 4403 Dii

2203 4443 2420 4498 estis'“
2446 4461 2459 4497 :
2495 4462 2514 4496 ι
2539 4452 2744 4497 tantam
2761 4443 3120 4498 differentiam
3143 4444 3306 4498 habet
3330 4457 3490 4496 verus
3517 4441 3688 4497 Filius
3718 4441 3782 4495 ad

2208 4551 2304 4592 eos
2338 4537 2429 4606 qni
2458 4538 2685 4592 audiunt
2719 4555 2733 4592 ;
2777 4555 2795 4589 ι
2827 4535 2950 4592 Filii
2987 4536 3200 4592 Excelsi
3227 4551 3415 4593 omnes
3433 4537 3524 4590 ³⁵⁸.
3559 4553 3580 4588 ι

585 4805 859 4863 “‘llCor.
897 4819 980 4870 ιιι,
1004 4805 1058 4860 6.
1133 4809 1202 4840 ἰ’
1233 4805 1418 4862 l'l‘im.
1457 4819 1534 4873 vr,
1572 4804 1657 4860 {6.
1735 4805 1804 4842 ’δ’
1840 4803 1997 4860 Rom.
2031 4819 2102 4860 vn

2205 4804 2272 4860 ὅ.
2348 4803 2418 4836 ’³⁸
2445 4801 2603 4858 Joan.
2640 4818 2680 4868 ι,
2712 4801 2801 4860 12.
2874 4803 2944 4836 ⁸⁸·
2981 4800 3131 4862 Psal.
3169 4817 3356 4868 um,
3387 4799 3445 4859 6.
3519 4799 3594 4834 "‘
3642 4800 3780 4859 ibid.

586 4961 698 5033 (54)
732 4963 901 5021 Θεοῦ.
935 4961 1014 5016 lta
1043 4976 1173 5033 mss.
1205 4959 1464 5033 Tarinus,
1509 4959 1769 5033 Χριστοῦ.

732 5033 1038 5114 Ψώμ-ατα.
1070 5032 1233 5114 Fprte
1266 5031 1574 5114 legendum,
1600 5031 1865 5114 δόγματα.

589 5099 702 5175 (56)
743 5099 1242 5175 Πεπληρωμένον.
1284 5099 1376 5159 Sic
1434 5117 1565 5159 mss.
1616 5099 1848 5160 Tarinus
1889 5099 2104 5174 πεπλη-

516 5172 791 5245 ρωμένου.

2281 4959 2396 5032 (57)
2434 4958 2626 5026 Αὐτὸς
2670 4959 2821 5032 γοῦν
2860 4958 3098 5028 ἀπορίᾳ,
3126 4967 3233 5015 etc.
3265 4959 3614 5032 Ambrosium
3642 4958 3779 5012 allo-

2209 5029 2414 5100 quitur,
2447 5032 2540 5100 qui
2567 5029 2689 5084 cum
2720 5029 3096 5086 Valentiniana
3127 5031 3320 5084 heresi
3353 5040 3498 5084 esset
3524 5029 3776 5090 infectus.

2210 5103 2362 5156 virus
2393 5101 2522 5156 illud
2550 5100 2803 5171 Origenis
2825 5115 2970 5171 cura
2986 5100 3254 5168 evomuit,
3291 5108 3348 5156 et
3373 5101 3648 5157 saniorem
3676 5100 3776 5154 do-

2206 5171 2437 5228 ctrinam
2467 5168 2749 5244 ampleius
2784 5181 2888 5228 est.
2926 5168 3191 5228 Husrtns.
