4194 6404
366 383 466 440 I97

1431 372 1789 432 COMMENT.
1831 371 1900 428 IN
1931 370 2124 429 JOAN.
2157 369 2400 428 TOMUS
2433 369 2522 425 Vl.

3523 363 3628 419 I98

371 517 3618 554 ww

1583 706 2425 826 ΩΡΙΓΕΝΟΥΣ

1039 929 1178 984 ΤΩΝ
1208 927 1316 982 ΕΙΣ
1343 926 1431 982 ΤΟ
1467 925 1658 979 ΚΑΤΑ
1689 921 2001 978 ΙΩΑΝΝΗΝ
2032 915 2462 974 ΕΥΑΓΓΕΛΙΟΝ
2496 913 2962 971 ΕΞΗΓΗΤΙΚΩΝ.

1735 1084 2120 1174 ΤΟΜΟΣ
2166 1092 2268 1168 9'".

1660 1433 2342 1554 ORIGENIS

992 1658 1655 1728 COMMENTARIORUM
1693 1657 1763 1715 ΙΝ
1793 1651 2249 1713 EVANGELIUM
2286 1647 2662 1709 SECUNDUM
2693 1645 3012 1706 JOANNEM

1665 1829 2081 1926 TOMUS
2147 1827 2320 1921 VI.

1341 2022 1834 2088 INTERPRETE
1859 2017 2240 2076 AMBROSIO
2274 2012 2676 2071 FERRARIO.

1947 2192 2016 2206 δι’.

835 2355 1000 2428 ιοο
1051 2348 1462 2407 IIPOOIMION.
1967 2345 2017 2404 Α

431 2457 487 2511 Ι.
515 2454 683 2509 Πᾶσα
738 2450 836 2522 μὲν
884 2448 1063 2511 οἰκία,
1114 2445 1190 2506 ὡς
1223 2443 1302 2496 ἔνι
1349 2440 1584 2513 μάλιστα
1628 2441 1962 2513 στερρότατα

361 2539 1004 2612 κατασκευασθησομένη
1027 2578 1042 2602 ,
1091 2539 1148 2590 ὲν
1185 2534 1336 2604 εὑδίᾳ
1363 2533 1458 2586 καὶ
1503 2533 1735 2603 νηνεμίᾳ
1759 2532 1965 2586 οἰκοδο-

364 2643 571 2712 μεῖται,
609 2637 695 2689 ἵνα
733 2634 808 2705 μὴ
833 2627 1195 2702 ἐμποδίζηται
1236 2627 1336 2698 τὴν
1373 2625 1596 2678 δέουσαν
1631 2623 1793 2694 πῆξιν
1827 2624 1962 2678 ἀνα-

362 2732 556 2785 λαϐεῖν
584 2747 598 2760 ο
633 2728 784 2791 ὅπως
829 2724 1051 2793 δύνηται
1093 2720 1186 2774 καὶ
1232 2717 1455 2788 τοιαύτη
1507 2715 1791 2786 γενέσθαι,
1821 2715 1962 2769 ὥστε

364 2824 660 2894 ὑπομεῖναι
690 2815 1027 2888 πλημμύρας
1041 2812 1236 2883 ὁρμὴν,
1262 2808 1358 2862 καὶ
1376 2805 1672 2879 πρόσρηξιν
1695 2804 1962 2877 ποταμοῦ,

365 2918 456 2971 καὶ
480 2917 592 2969 ὅσα
626 2911 788 2981 φιλεῖ,
823 2906 1091 2980 χειμῶνος
1126 2901 1519 2974 συμϐαίνοντος
1540 2940 1555 2964 ,
1589 2897 1833 2969 ἐλέγχειν
1865 2897 1964 2967 μὲν

362 3008 430 3061 τὰ
464 3003 653 3076 σαθρὰ
699 3002 807 3055 τῶν
840 2995 1326 3069 οἰκοδομημάτων,
1357 2990 1633 3045 δεικνύναι
1659 2989 1716 3042 δὲ
1761 2989 1832 3042 τὰ
1865 2987 1964 3059 τὴν

364 3101 581 3156 οἰκείαν
633 3096 834 3170 ἀρετὴν
876 3089 1216 3162 ἀπειληφότα
1258 3086 1366 3141 τῶν
1401 3082 1961 3152 κατασκευασμάτων.

376 3191 712 3264 Ἐξαιρέτως
746 3189 803 3243 δὲ
840 3189 874 3258 ἡ
910 3183 1017 3238 τῶν
1038 3182 1138 3252 τῆς
1181 3178 1439 3250 ἀληθείας
1468 3175 1838 3246 θεωρημάτων
1881 3171 1967 3223 δε-

367 3263 559 3356 κτικὴ,
613 3280 805 3350 λογικὴ
838 3277 914 3340 ὼς
957 3277 1015 3328 ὲν
1049 3271 1350 3342 ἐπαγγελία
1386 3269 1420 3341 ἢ
1462 3266 1788 3339 γράμμασιν
1819 3263 1966 3315 οἰκο-

366 3353 546 3448 δομὴ,
583 3373 706 3427 τότε
743 3370 977 3443 μάλιστα
1022 3365 1418 3435 οἰκοδομεῖται,
1455 3357 1636 3420 καλῶς
1668 3353 1969 3410 συνοικοδο-

374 3473 611 3537 μοῦντος
643 3467 722 3538 τῷ
753 3461 1076 3537 προθεμένῳ
1110 3457 1172 3511 τὸ
1217 3458 1438 3527 ἄριστον
1474 3451 1634 3506 τοῦτο
1663 3449 1821 3522 ἔργον
1850 3448 1970 3499 ἑπι-

369 3566 548 3620 τελεῖν
610 3559 706 3615 τοῦ
738 3555 898 3621 Θεοῦ,
947 3551 1090 3608 ὲπὰν
1153 3548 1457 3620 γαληνιάζῃ
1505 3547 1571 3616 τῇ
1627 3539 1968 3613 ὑπερεχούσῃ

369 3659 554 3713 πάντα
577 3653 702 3708 νοῦν
735 3651 928 3722 εἰρήνῃ
957 3643 1214 3717 χρωμένη
1247 3643 1280 3712 ἡ
1312 3638 1478 3710 ψυχὴ,
1512 3635 1696 3705 πάσης
1724 3631 1970 3722 ταραχῆς

2439 2327 2598 2399 100
2625 2325 3008 2385 PREFATIO.

2139 2432 2192 2485 1.
2220 2426 2412 2484 Omnis
2441 2424 2660 2494 quidem
2689 2424 2902 2485 domus,
2933 2431 3075 2488 quae,
3106 2420 3366 2486 quantum
3402 2409 3517 2466 ﬂeri
3546 2425 3643 2482 po-

2067 2533 2195 2588 test,
2233 2519 2546 2575 ﬁrmissime
2575 2511 2933 2572 construenda
2962 2517 3065 2576 est,
3098 2520 3289 2564 sereno
3321 2513 3566 2571 tempore
3588 2511 3644 2557 et

2065 2613 2364 2684 tranquillo
2393 2611 2726 2670 aediﬁcatur;
2762 2618 2830 2659 ne
2861 2601 3187 2670 impediatur
3226 2596 3508 2652 decentem
3540 2608 3635 2647 re-

2065 2709 2245 2778 cipere
2274 2703 2660 2764 stabilitatem;
2714 2707 2773 2752 ut
2801 2695 2925 2750 talis
2957 2707 3078 2748 esse
3127 2690 3300 2761 possit
3326 2702 3445 2757 quae
3475 2684 3644 2740 susti-

2066 2777 2192 2855 neat
2216 2799 2476 2865 impetum
2515 2788 2918 2852 exundationis,
2959 2794 3013 2839 et
3043 2782 3344 2838 allisionem
3373 2777 3520 2832 ﬂuvii
3543 2815 3560 2841 ,
3591 2783 3648 2830 et

2067 2899 2404 2959 quzecunque
2426 2883 2624 2948 solent,
2663 2879 2705 2934 si
2736 2877 3017 2946 contingat.
3047 2881 3364 2941 tempestas,
3396 2880 3646 2937 quaenam

2065 2981 2294 3036 aedilicia
2323 2976 2536 3048 putrida
2568 2989 2633 3027 ac
2667 2971 2888 3031 debilia,
2927 2979 3090 3035 atque
3115 2979 3237 3033 qua:
3270 2963 3422 3015 firma
3451 2968 3506 3014 et
3537 2969 3649 3012 sta-

2068 3073 2199 3130 bilia
2233 3069 2512 3142 propriam
2541 3066 2798 3119 virtutem
2831 3059 3156 3128 receperint,
3185 3055 3480 3109 declarare.
3505 3050 3651 3106 Prae.

2067 3165 2228 3235 cipue
2261 3177 2390 3217 vero
2422 3157 2713 3215 aedilicium
2747 3153 2975 3208 rationis
3001 3163 3245 3217 compos,
3277 3155 3540 3202 constans
3555 3141 3665 3196 vel-

2067 3258 2149 3312 uti
2197 3255 2252 3309 in
2279 3248 2661 3324 promissione,
2694 3254 2750 3298 et
2779 3241 2994 3306 litteris,
3015 3235 3528 3305 contemplationum
3558 3245 3653 3285 ve-

2070 3345 2249 3402 ritatis
2271 3323 2463 3414 capax,
2486 3339 2828 3411 potissimum
2851 3343 2961 3387 tum
2991 3329 3158 3401 probe
3181 3325 3483 3381 aediﬁcatur
3515 3323 3648 3394 (58),

2073 3435 2231 3509 [Deo,
2273 3448 2378 3489 una
2406 3447 2527 3487 cum
2555 3443 2640 3493 eo,
2669 3428 2760 3497 qui
2805 3425 3068 3491 optimum
3115 3414 3654 3487 praestantissimum-

2072 3501 2178 3597 que
2200 3501 2303 3580 hoc
2341 3537 2478 3593 opus
2503 3519 2760 3591 perﬁcere
2783 3511 3086 3574 constituit,
3111 3505 3414 3562 aediﬁcante
3434 3501 3479 3576 :]
3522 3517 3647 3557 cum

2075 3621 2254 3675 anima
2287 3632 2418 3687 pace
2446 3614 2535 3669 illa
2566 3626 2685 3682 qua:
2713 3621 2929 3664 omnem
2978 3598 3388 3670 intelligentiam
3420 3607 3651 3665 superat

372 3687 554 3713 πιανίυι
583 3687 701 3708 ’νυν
735 3687 928 3722 ειιηινιι
958 3687 1214 3717 ιισνυισυτνη
1253 3687 1280 3712 τι
1319 3687 1478 3710 τ-Α-ιι
1799 3687 1810 3704 .
1869 3687 1900 3702 η
1927 3687 1966 3701 .-

372 3745 846 3821 ἀλλοτριουμένη,
887 3741 983 3795 καὶ
1027 3733 1281 3807 οὐδαμῶς
1339 3727 1749 3802 κυματουμένη.
1786 3721 1972 3777 Ταῦτα

2077 3725 2254 3777 utens,
2270 3722 2481 3765 summa
2504 3701 2896 3773 tranquilli-tate
2915 3695 3137 3768 potitur,
3163 3694 3231 3749 ab
3248 3689 3396 3747 omni
3423 3687 3654 3744 tumultu

2081 3806 2175 3821 ...,
2257 3812 2298 3821 ._
2351 3811 2393 3821 _.
2431 3799 2588 3821 _-_n:_
2626 3797 2890 3821 ..-λη-...η
2943 3789 3199 3821 ιιι-οΛΛΔΙΙῖΩ
3252 3787 3449 3821 animm
3529 3783 3654 3821 "non

371 3844 444 3915 δή·
467 3815 562 3914 μοι
591 3815 839 3893 δοκοῦσιν
863 3831 1108 3905 ἀκριϐῶς
1138 3823 1598 3895 κατανενοηκότες
1631 3819 1680 3873 οἰ
1712 3815 1808 3869 τοῦ
1839 3831 1974 3885 προ-

377 3905 616 4006 φητικοῦ
647 3927 959 3998 πνεύματος
989 3920 1288 3992 ὑπηρέται,
1317 3915 1414 3969 καὶ
1461 3915 1512 3966 οἱ
1543 3909 1638 3965 τοῦ
1687 3905 1972 3977 εὐαγγελι-

375 3998 475 4078 κοῦ
533 4021 896 4092 κηρύγματος
952 4014 1188 4067 διάκονοι
1227 4008 1410 4072 ἀξίους
1445 4003 1671 4065 ἑαυτοὺς
1715 3998 1976 4071 παρειλη-

380 4117 543 4188 φέναι
582 4089 678 4168 τοῦ
706 4089 890 4165 λαϐεῖν
925 4107 1025 4177 τὴν
1064 4109 1122 4158 ὲν
1165 4098 1404 4183 κρυπτῷ.
1443 4097 1668 4169 εἰρήνην
1723 4091 1834 4146 ἀπὸ
1879 4089 1974 4143 τοῦ

379 4175 489 4264 αἰεὶ
513 4209 632 4268 τοῖς
650 4203 819 4267 ἀξίοις
844 4175 1078 4260 διδόντος
1099 4193 1287 4264 αὐτὴν,
1308 4175 1404 4244 τοῦ
1425 4187 1705 4261 εἰρηκότος
1724 4201 1739 4216 ο
1773 4201 1792 4234 ε
1811 4181 1979 4253 Εἰρή-

383 4317 482 4372 νην
518 4298 730 4368 ἀφίημι
755 4294 919 4362 ὑμῖν,
951 4289 1176 4360 εἰρήνην
1201 4286 1299 4354 τὴν
1326 4282 1464 4354 ἐμὴν
1495 4278 1686 4348 δίδωμι
1718 4277 1877 4346 ὑμῖνο
1915 4273 1976 4326 οὐ

384 4366 582 4454 καθὼς
604 4392 632 4442 ὁ
649 4366 861 4457 κόσμος
880 4383 1090 4436 δίδωσιν
1111 4379 1355 4452 εἰρήνην,
1393 4371 1547 4442 κάγὼ
1566 4369 1757 4439 δίδωμι
1775 4366 1921 4438 ὑμῖν.
1954 4383 1972 4415 ι

397 4481 806 4551 Ἐπισκόπησον
867 4476 932 4548 δὴ
992 4475 1205 4545 μήποτε
1269 4467 1510 4522 τοιοῦτόν
1575 4481 1627 4517 τι
1683 4461 1979 4517 αἰνίττεται

389 4578 522 4650 περὶ
552 4575 644 4628 τὸν
675 4569 840 4626 Δαυῒδ
877 4567 972 4622 καὶ
1000 4562 1322 4635 Σολομῶντα
1353 4563 1388 4632 ὴ
1423 4557 1551 4630 περὶ
1577 4553 1670 4609 τοῦ
1695 4553 1823 4608 ναοῦ
1849 4555 1984 4607 ἱστο-

393 4642 508 4741 ρία.
543 4663 706 4719 Δαυῖδ
747 4662 845 4730 μὲν
871 4657 1002 4730 γὰρ,
1025 4655 1293 4726 πολέμους
1323 4648 1532 4720 Κυρίου
1568 4643 1820 4716 πολεμῶν
1839 4684 1855 4709 ,
1886 4642 1982 4696 καὶ

393 4734 533 4833 πρὸς
592 4755 846 4817 πλείονας
893 4749 1180 4820 ἱστάμενος
1230 4743 1457 4816 ἐχθροὺς
1501 4739 1694 4794 ἑαυτοῦ
1737 4737 1833 4792 καὶ
1885 4734 1981 4789 τοῦ

407 4827 647 4924 Ἰσραὴλ,
674 4845 844 4900 θέλων
873 4840 1222 4911 οἰκοδομῆσαι
1248 4836 1374 4889 ναὸν
1405 4832 1484 4904 τῷ
1511 4829 1629 4912 Θεῷ
1649 4869 1664 4892 ,
1699 4828 1806 4882 ὑπὸ
1845 4827 1983 4882 Θεοῦ

395 4918 598 4997 διὰ-τοῦ
617 4937 804 4992 Νάθαν
831 4930 1121 4994 κωλύεται,
1152 4927 1403 4996 λέγοντος
1431 4921 1567 4996 πρὸς
1592 4919 1783 4974 αὐτόν’
1822 4937 1842 4971 t
1870 4918 1986 4972 Οὐκ

396 5033 772 5103 οἰκοδομήσεις
802 5044 892 5098 μοι
925 5020 1070 5077 οἷκον
1090 5061 1106 5086 ,
1135 5021 1215 5074 ὅτι
1243 5018 1385 5088 ἀνὴρ
1414 5013 1663 5086 αἱμάτων
1704 5011 1789 5064 σύ.
1837 5029 1857 5062 ι
1883 5010 1984 5062 Σο-

2077 3806 2308 3861 liberata
2343 3811 2400 3857 et
2429 3799 2592 3855 nullis
2626 3797 2891 3851 undarum
2943 3789 3201 3862 procellis
3252 3787 3474 3856 agitata.
3529 3783 3655 3839 llaec

2078 3895 2246 3965 igitur
2268 3900 2523 3947 accurate
2546 3903 2668 3943 cum
2699 3884 3124 3956 perspexissent,
3144 3888 3200 3934 et
3220 3874 3519 3948 prophetici
3543 3874 3658 3944 spi-

2080 3987 2220 4042 ritus
2253 3984 2580 4052 interpretes
2607 3987 2664 4032 et
2695 3974 3022 4045 evangelicae
3050 3969 3452 4042 praedicationis
3490 3969 3654 4024 mini-

2081 4078 2180 4133 stri
2208 4117 2225 4144 ,
2266 4074 2400 4129 mihi
2430 4072 2683 4127 videntur
2729 4067 2938 4133 seipsos
2966 4065 3160 4134 dignos
3208 4061 3518 4117 exhibuisse
3564 4060 3656 4128 qui

2083 4169 2395 4238 acciperent
2430 4177 2618 4232 pacem
2657 4159 2978 4214 interiorem
3009 4155 3078 4210 ab
3114 4169 3180 4210 eo
3209 4153 3302 4222 qui
3335 4168 3456 4208 eam
3480 4151 3659 4218 dignis

2083 4273 2298 4329 semper
2322 4255 2568 4318 exhibet,
2598 4253 2801 4323 quique
2828 4249 2964 4302 dixit
2986 4247 3058 4279 “'
3083 4265 3098 4302 :
3141 4264 3160 4297 ι
3190 4243 3384 4300 Pacem
3412 4243 3660 4313 relinquo

2084 4350 2258 4416 vobis,
2293 4361 2479 4418 pacem
2511 4358 2686 4398 meam
2716 4342 2786 4395 do
2816 4338 3007 4394 vobis:
3061 4349 3167 4389 non
3197 4333 3466 4404 quomodo
3504 4347 3661 4385 mun-

2086 4445 2187 4498 dus
2212 4443 2304 4496 dat
2327 4452 2515 4509 pacem
2543 4474 2559 4501 ,
2596 4447 2698 4501 ego
2729 4432 2799 4485 do
2834 4428 2988 4483 vobis
3019 4440 3230 4497 pacem.
3264 4442 3285 4476 ι
3314 4422 3548 4478 Proinde
3577 4421 3662 4476 in-

2086 4535 2236 4607 spice
2270 4547 2400 4588 num
2444 4528 2663 4598 quando
2704 4523 2811 4579 tale
2839 4521 2967 4593 quid
3009 4520 3204 4575 innuat
3247 4517 3471 4573 historia
3505 4515 3665 4570 Davi-

2088 4629 2172 4683 dis
2199 4635 2253 4683 et
2277 4620 2588 4680 Salomonis
2616 4618 2685 4674 de
2718 4615 2938 4686 templo.
2976 4612 3144 4668 David
3175 4610 3442 4680 siquidem
3476 4607 3662 4662 hostes

2090 4716 2308 4775 Domini
2342 4712 2646 4772 debellans,
2681 4716 2739 4762 et
2771 4713 2960 4762 contra
3009 4703 3192 4770 plures
3224 4701 3433 4754 instans
3461 4697 3542 4753 sui
3578 4697 3661 4766 ip-

2089 4811 2205 4868 sius
2250 4817 2305 4863 et
2332 4802 2548 4861 lsraelis
2576 4799 2848 4864 inimicos,
2879 4795 3068 4851 volens
3094 4791 3366 4847 aediﬁcare
3400 4786 3663 4858 templum

2092 4907 2226 4970 Deo,
2273 4918 2305 4957 a
2350 4901 2459 4955 Deo
2484 4911 2581 4968 per
2615 4893 2828 4948 Nathan
2858 4886 3180 4959 prohibetur
3209 4883 3458 4938 dicente;
3498 4895 3517 4930 ι
3546 4875 3662 4932 Non

2091 4969 2383 5053 aediﬁcabis
2400 4987 2530 5044 mihi
2551 4986 2792 5047 domum,
2808 4979 2935 5052 quia
2952 4979 3038 5044 vir
3049 4974 3371 5046 sanguinum
3390 4984 3448 5026 es
3467 4977 3522 5024 tu
3535 4969 3624 5023 ’7‘:
3639 4985 3660 5020 ι

399 5064 667 5195 λομὼνμδὲ
694 5064 842 5190 δνέιξ
860 5116 951 5169 τὸν
994 5064 1126 5166 Θεὸν
1167 5064 1758 5175 ἰδὼνίικαίῖτὴν
1794 5099 1974 5170 σοφίαι

2093 5087 2349 5146 Salomon
2376 5088 2556 5136 autem
2581 5117 2598 5144 ,
2634 5074 2726 5145 qui
2764 5073 2932 5128 Deum
2983 5082 3079 5140 per
3129 5064 3402 5122 somnium
3438 5073 3668 5128 conspe-

2135 5181 2168 5195 "
2188 5179 2260 5195 ’⁵⁵
2315 5175 2394 5195 *θλ
2409 5189 2505 5195 η’*
2528 5169 2686 5195 ἠ’-ν·
2706 5163 3022 5195 ἠ’ἶιιηιῗαιη
3041 5175 3138 5195 nm-
3153 5157 3421 5195 cnmnium
3445 5153 3666 5195 nanil’.‘

401 5190 617 5279 λαϐὼν,
669 5211 940 5283 (ἐτηρεῖτο
970 5205 1080 5277 γὰρ
1127 5202 1190 5255 τὸ
1221 5199 1372 5271 ὕπαρ
1401 5196 1480 5268 τῷ
1504 5196 1743 5265 λέγοντι·
1782 5212 1801 5244 ι
1853 5190 1986 5245 Ἰδοὺ

404 5310 589 5362 πλεῖον
622 5303 969 5375 Σολομῶντος
995 5292 1097 5353 ὧδε
1117 5313 1130 5326 ·
1147 5298 1195 5366 ι)
1219 5298 1276 5350 ὲν
1305 5293 1578 5368 βαθυτάτῃ
1600 5288 1891 5360 γενόμενος
1919 5288 1988 5340 εί-

411 5391 570 5472 ρήνῖἰν
608 5397 686 5460 ὼς
725 5389 1101 5450 ἀναπαύεσθαι
1145 5387 1266 5441 τότε
1305 5385 1536 5440 ἕκαστον
1583 5380 1841 5434 ὑποκάτω
1887 5378 1987 5448 τῆς

411 5468 655 5562 άμπέλου
680 5485 847 5545 αὐτοῦ
866 5525 882 5552 ,
909 5483 1005 5540 καὶ
1033 5480 1292 5536 ὑποκάτω
1323 5477 1422 5547 τῆς
1457 5474 1630 5546 συκῆς
1661 5468 1825 5526 αὐτοῦ
1845 5509 1860 5535 ,
1894 5470 1989 5523 καί

484 5637 549 5668 ⁹⁸⁴
575 5634 734 5689 Joan.
757 5645 871 5690 nv,
889 5627 982 5683 27.

413 5705 516 5770 4‘2;
546 5705 676 5760 Luc.
713 5717 790 5768 χι,
821 5701 913 5755 51.

1080 5623 1149 5654 9-:-
1178 5617 1406 5675 lparal.
1442 5631 1580 5682 xxii,
1610 5613 1667 5680 8,
1697 5613 1764 5680 9;
1799 5607 2070 5677 xxvm,3.

2094 5179 2282 5243 xit”',
2305 5175 2508 5248 quique
2523 5169 2688 5228 etiam
2705 5163 3023 5237 sapientiam
3041 5175 3138 5231 per
3153 5157 3422 5215 somnium
3445 5153 3666 5224 cepit'"

2095 5272 2442 5346 (servabatur
2469 5265 2613 5322 enim
2644 5273 2832 5316 revera
2861 5255 3094 5312 dicenti:
3147 5269 3166 5304 ι
3192 5251 3334 5306 Ecce
3361 5249 3481 5320 plus
3506 5259 3668 5316 quam

2095 5340 2349 5424 Salomon
2373 5361 2475 5416 hoc
2501 5357 2554 5412 in
2580 5355 2700 5410 loco
2724 5351 2743 5384 ⁸
2769 5349 2815 5421 ι)
2842 5349 2896 5403 in
2939 5344 3198 5401 altissima
3219 5355 3354 5412 pace
3376 5340 3666 5402 exsistens,

2094 5467 2171 5519 ita
2199 5468 2257 5514 ut
2281 5451 2657 5522 unusquisque
2691 5445 2791 5501 sub
2820 5455 2917 5498 sua
2945 5437 3077 5504 vite,
3105 5445 3160 5492 et
3185 5435 3284 5491 sub
3317 5447 3414 5490 sua
3445 5431 3550 5485 licu
3584 5443 3672 5484 re-

2185 5603 2250 5636 "‘
2274 5593 2513 5654 llParal.
2535 5605 2578 5657 ι,
2603 5587 2659 5643 7.
2733 5584 2803 5616 ’ν
2835 5578 2964 5640 ibiJ.
3005 5575 3092 5644 l0,
3121 5573 3206 5628 12.
3298 5570 3314 5601 ¹
3343 5565 3534 5624 Matth.
3566 5577 3668 5629 ιιι,

493 5844 598 5916 (58)
630 5841 757 5898 Haec
787 5854 816 5896 a
844 5813 1102 5895 Ferrario
1133 5825 1526 5902 praetermissa,
1557 5837 1626 5880 ex
1663 5814 2115 5888 interpretatione
2140 5807 2375 5867 Pcrionii
2404 5797 2793 5873 supplevimus.
