4194 6424
531 323 635 383 199

2017 317 2340 377 οιιιοΕΝιδ

3713 326 3825 381 200

528 448 900 519 quiesceret’,
931 463 1233 520 cognomen
1260 447 1375 517 ejus
1398 447 1548 518 pacis
1574 446 1786 502 habens
1810 460 1936 518 qua:
1963 446 2112 517 ιο]

2225 444 2329 517 τῆς
2356 442 2498 499 κατὰ
2524 444 2651 510 τοὺς
2679 444 2905 515 χρόνους
2929 442 3095 499 αὐτοῦ
3128 445 3350 518 εἰρήνης
3379 442 3671 518 ἐπώνυμος
3694 463 3828 518 τυγ-

528 556 629 597 suo
673 551 917 607 tempore
949 542 1306 613 contigerat’
1358 542 1506 611 (nam
1546 538 1806 595 Salomon
1858 539 2125 607 interpre-

526 643 677 690 tatur
703 634 1005 703 paciﬁcus),
1041 645 1267 705 propter
1293 649 1506 705 pacem,
1540 641 1701 686 vacat
1746 632 1813 685 ad
1848 630 2125 686 mdiﬁcan-

526 727 656 782 dum
686 726 800 783 Deo
834 726 1257 782 celeberrimum
1293 728 1572 797 templum.
1607 724 1747 792 Quin
1775 722 1961 779 Esdrae
1988 732 2127 776 tem-

524 836 657 891 pore
694 820 739 886 ⁸,
773 837 898 876 cum
935 821 1121 875 vinum
1159 830 1215 877 et
1248 820 1529 875 inimicum
1567 834 1747 889 regem
1783 833 1848 872 ac
1891 815 2125 885 denique

527 914 786 968 mulieres
817 913 989 967 vincit
1015 912 1218 968 veritas
1243 955 1259 980 ,
1295 911 1657 968 remdiﬁcatur
1693 908 1952 980 templum
1986 908 2120 963 Deo.

528 1007 655 1063 llaec
690 1023 718 1061 a
752 1006 908 1062 nobis
954 1015 1083 1060 sunt
1114 1007 1210 1061 tibi
1241 1007 1412 1071 dicta,
1440 1024 1473 1062 0
1522 1020 1681 1061 sacer
1715 1003 1994 1067 Ambrosi,
2024 1016 2124 1073 pro

527 1100 845 1154 defensione
898 1108 1125 1154 nostra:
1160 1100 1422 1168 quoniam
1462 1099 1656 1151 turrim
1700 1095 2072 1166 evangelieam
2099 1093 2122 1125 '

523 1208 591 1246 ex
624 1201 816 1246 sancto
870 1192 1089 1245 hortatu
1143 1200 1235 1245 tuo
1271 1190 1512 1245 volentes
1564 1189 1760 1244 litteris
1805 1187 2120 1250 :editicare,

522 1284 937 1353 supputavimus
972 1282 1191 1351 quidem
1225 1285 1479 1338 sedentes
1511 1291 1788 1350 sumptum
1814 1295 1881 1333 an
1913 1280 2121 1334 habea-

523 1390 647 1428 mus
682 1376 751 1429 ad
783 1389 845 1429 ea
876 1376 1079 1442 quibus
1112 1389 1251 1443 opus
1280 1384 1366 1429 est
1402 1375 1468 1428 ad
1492 1372 1921 1443 perliciendum;
1951 1387 2019 1426 ne
2051 1371 2118 1426 il-

523 1465 778 1521 ludamur
823 1467 1144 1537 reprehensi
1197 1467 1265 1521 ab
1302 1466 1643 1520 intuentibus
1669 1506 1684 1531 ,
1723 1473 1981 1533 tanquam
2019 1463 2117 1533 qui

521 1561 938 1617 fundamentum
992 1562 1215 1632 quidem
1275 1561 1613 1632 jecerimus,
1661 1560 1931 1630 perlicere
1985 1573 2120 1614 vero

520 1668 659 1724 opus
689 1655 1120 1725 nequiverimus.
1155 1652 1429 1709 Caeterum
1460 1694 1476 1718 ,
1512 1653 1898 1723 supputatione
1949 1651 2116 1715 facta,

520 1765 645 1803 cum
668 1748 1239 1817 deprehendissemus,
1264 1745 1611 1814 perﬁciendae
1640 1745 1880 1808 fabricae,
1902 1760 1967 1799 ea
1995 1759 2117 1814 qua:

521 1855 935 1910 paraveramus.
965 1854 1072 1893 non
1102 1836 1374 1903 sumcere,
1407 1838 1458 1893 id
1493 1848 1666 1894 totum
1702 1837 1815 1892 Deo
1839 1836 2117 1893 commisi-

520 1947 643 1986 mus
667 1931 861 1986 ditanti
897 1931 949 1985 in
978 1932 1127 1985 omni
1154 1945 1410 1985 sermone
1439 1940 1495 1985 et
1526 1930 1859 2005 cognitione,
1895 1929 2118 2007 creden-

519 2033 600 2078 tes
632 2025 778 2092 qnod
808 2039 908 2079 nos
937 2024 1083 2093 ipsos
1114 2023 1261 2094 leges
1293 2037 1517 2079 servare
1549 2022 1867 2091 spirituales
1907 2035 2113 2075 conan-

520 2132 603 2171 .es
631 2118 848 2182 ditabit,
882 2128 938 2171 et
968 2118 1111 2188 quod
1148 2116 1565 2185 progredientes
1591 2115 1644 2168 in
1680 2122 1982 2177 structura,
2014 2113 2114 2165 ad-

517 2207 614 2275 iuti
647 2208 733 2261 his
774 2222 897 2275 qua:
928 2208 1043 2276 ipse
1079 2205 1531 2276 suppeditaverit,
1593 2203 1657 2257 ad
1686 2202 1905 2257 aediﬁcii
1949 2202 2113 2256 etiam

520 2304 786 2353 corbitam
823 2297 1239 2366 perveniemus:
1269 2310 1393 2366 quae
1419 2310 1544 2349 eum
1588 2294 1679 2364 qui
1710 2293 2020 2348 ascenderit
2046 2293 2113 2348 ad

518 2391 741 2445 domum
774 2391 1066 2453 sermonis,
1094 2390 1291 2444 cadere
1325 2389 1600 2459 prohibet,
1632 2404 1757 2443 eum
1791 2387 1968 2442 abhis
1998 2396 2117 2441 tan-

520 2490 634 2543 tum
665 2482 921 2536 domibus
950 2495 1073 2549 quae
1102 2495 1307 2535 corona
1344 2490 1560 2547 carent,
1592 2480 1793 2534 cadant
1825 2479 1862 2535 ii
1902 2478 1995 2550 qui
2024 2494 2115 2534 ca-

518 2575 672 2634 dunt,
704 2584 927 2643 propter
954 2570 1423 2641 imperfectionem
1450 2571 1833 2639 aediﬁciorum,
1861 2586 1981 2638 qua:
2010 2587 2115 2627 caa—

516 2665 615 2720 dcs
642 2673 697 2719 et
729 2678 891 2720 casus
923 2672 1225 2718 causantur
1256 2663 1344 2718 his
1371 2663 1464 2733 qui
1500 2662 1557 2716 in
1585 2662 1778 2717 eodem
1811 2671 1941 2717 sunt
1969 2660 2110 2718 loco.

514 2755 635 2812 Jam
668 2754 733 2815 ad
765 2756 1014 2825 quintum
1047 2770 1220 2824 usque
1251 2765 1456 2809 tommn
1478 2798 1495 2826 ,
1538 2756 1789 2826 quamvis
1833 2756 2114 2811 adversari

519 2849 676 2906 nobis
714 2848 1365 2903 \‘idereturAIexandrize
1404 2849 1668 2917 procella,
1703 2863 1824 2919 qua:
1852 2864 2113 2905 concessa

520 2926 691 3009 tuere,
731 2940 895 2995 locuti
948 2956 1177 3005 sumus,
1234 2940 1361 2996 Jesu
1425 2942 1742 3010 increpante
1812 2950 2005 2995 ventos
2057 2949 2116 2995 et

518 3038 695 3089 undas
726 3034 913 3090 maris.
938 3034 1019 3088 Ex
1045 3034 1148 3089 hoc
1177 3049 1306 3088 casu
1340 3035 1635 3105 progressi,
1663 3035 1896 3089 extracti
1923 3050 2113 3089 sumus

2228 541 2441 609 χάνων·
2480 536 2756 609 (Σολομὼν
2791 537 2900 610 γὰρ
2942 539 3307 611 ἑρμηνεύεται
3347 540 3701 612 εἰρηνικός)
3734 542 3825 596 διὰ

2227 631 2327 702 τὴν
2361 632 2587 703 εἰρήνην
2618 631 2866 702 σχολάζει
2887 631 2979 684 τὸν
3001 631 3286 704 διαϐόητον
3318 631 3674 704 οἰκοδομῆσαι
3695 634 3827 689 ναὸν

2225 722 2305 794 τῷ
2329 723 2467 795 Θεῷ.
2500 724 2610 778 Καὶ
2642 725 2784 779 κατὰ
2829 725 2957 789 τοὺς
2990 725 3195 797 Ἐσδρα
3239 727 3466 798 χρόνους
3521 725 3636 797 (59)
3664 767 3680 792 ,
3738 723 3825 781 ὅτε

2226 818 2355 887 νικᾷ
2410 818 2443 888 ἡ
2468 816 2695 889 ἀλήθεια
2722 817 2813 872 τὸν
2837 813 2979 872 οἶνον
3001 858 3015 880 ,
3066 819 3160 871 καὶ
3189 817 3281 871 τὸν
3334 818 3527 890 ἐχθρὸν
3570 818 3821 889 βασιλέα,

2227 908 2448 973 καὶτὰς
2471 912 2739 977 γυναῖκας
2764 950 2779 971 ,
2828 911 3259 982 ἀνοικοδομεῖται
3302 913 3331 964 ὁ
3374 910 3502 973 ναὸς
3550 910 3630 981 τῷ
3679 910 3820 982 Θεῷ.

2226 999 2415 1055 Ταῦτα
2459 1001 2503 1054 δ’
2547 1004 2679 1073 ἡμῖν
2724 1001 3182 1074 ἀπολογουμένοις
3234 1005 3371 1075 πρὸς
3405 1004 3485 1068 σὲ,
3538 1005 3654 1076 ἱερέ
3693 1005 3827 1076 Ἀμν-

2224 1092 2434 1166 6ρόσιε,
2465 1095 2683 1166 εἴρηται
2708 1096 2865 1161 ἐπεὶ,
2904 1096 2995 1150 τὸν
3035 1096 3389 1166 εύαγγελικδν
3424 1096 3634 1170 πύργον
3677 1099 3825 1152 κατά

2224 1186 2323 1257 τὴν
2357 1187 2518 1255 ἀγίαν
2547 1204 2641 1240 σου
2675 1188 2990 1259 προτροπὴν
3022 1190 3081 1242 ἐν
3116 1189 3439 1260 γράμμασιν
3463 1190 3823 1262 οἰκοδομῆσαι

2224 1273 2585 1347 θελήσαντες,
2629 1276 2977 1348 ἐψηφίσαμεν
3029 1279 3128 1349 μὲν
3175 1279 3530 1343 καθεσθέντες
3571 1280 3682 1351 (60)
3721 1280 3821 1352 τὴν

2222 1366 2496 1439 δαπάνην,
2527 1370 2575 1421 εἰ
2598 1368 2792 1439 ἔχομεν
2818 1368 2885 1422 τὰ
2917 1370 3055 1440 πρὸς
3081 1372 3449 1443 ἀπαρτισμὸν,
3495 1373 3581 1426 ἵνα
3609 1373 3687 1444 μὴ
3719 1373 3821 1445 ἐμ-

2221 1455 2571 1528 πώιζὼμεθα
2601 1458 2711 1528 (61)
2742 1458 2846 1511 ὑπὸ
2891 1458 2998 1512 τῶν
3048 1460 3399 1532 θεωρούντων
3421 1502 3435 1525 ,
3478 1462 3821 1516 καταϐαλλό-

2225 1565 2399 1619 μενοι,
2432 1549 2713 1603 ἐκτελέσαι
2741 1550 2797 1603 δὲ
2826 1550 2888 1603 τὸ
2930 1550 3092 1621 ἔργον
3118 1550 3194 1622 μὴ
3232 1551 3605 1623 δεδυνημένοι.
3634 1553 3823 1623 Ψηφί-

2222 1657 2412 1706 σαντες
2438 1641 2497 1695 δὲ
2518 1641 2713 1713 ἕτοιμα
2744 1642 2841 1713 μὲν
2874 1644 2944 1713 τά
2977 1644 3058 1706 εἰς
3087 1643 3435 1715 ἀπαρτισμὸν
3472 1646 3572 1716 τῆς
3610 1645 3821 1698 οἰκοδο-

2226 1734 2334 1805 μῆς
2358 1736 2493 1805 ἡμῖν
2529 1735 2794 1807 παρόντα,
2819 1736 2881 1788 ού
2909 1735 3340 1808 κατειλήφαμεν,
3366 1738 3444 1808 τῷ
3475 1737 3596 1809 Θεῷ
3626 1738 3685 1791 δὲ
3725 1756 3823 1790 πε-

2225 1829 2601 1900 πιστεύκαμεν
2622 1828 2700 1900 τῷ
2726 1828 3065 1895 πλουτίζοντι
3098 1831 3157 1883 ἐν
3183 1831 3349 1883 παντὶ
3369 1831 3511 1902 λόγῳ
3541 1833 3640 1886 καὶ
3670 1834 3822 1907 πάσῃ

2222 1922 2457 1991 γνώσει,
2489 1923 2572 1976 ὃτι
2608 1923 3041 1994 ἀγωνιζομένους
3069 1925 3219 1994 ἡμᾶς
3246 1925 3445 1988 αὐτοὺς
3472 1928 3665 1997 τηρεῖν
3693 1928 3819 1992 τοὺς

2222 2013 2632 2086 πνευματικοῦς
2653 2016 2851 2087 νόμους
2871 2016 3171 2081 πλουτίζει,
3209 2020 3304 2073 καὶ
3329 2020 3392 2071 ἐκ
3417 2018 3526 2072 τῶν
3556 2022 3820 2091 ἐπιχορη-

2223 2109 2505 2180 γουμένων
2540 2109 2631 2162 ὑπ’
2661 2109 2829 2162 αὐτοῦ
2854 2110 3259 2182 προκόπτοντες
3301 2114 3359 2165 ἐν
3381 2110 3459 2183 τῷ
3487 2113 3820 2184 οἰκοδομεῖν,

2225 2201 2506 2272 φθάσομεν
2545 2201 2641 2255 καὶ
2671 2201 2763 2254 ἐπὶ
2786 2202 2886 2273 τὴν
2917 2202 3189 2273 στεφάνην
3222 2202 3316 2256 τοῦ
3360 2204 3821 2276 οἰκοδομήματος,

2223 2294 2539 2349 κωλύουσαν
2570 2278 2789 2347 πίπτειν
2818 2295 2910 2348 τὸν
2941 2295 3309 2365 ἀνεληλυθότα
3332 2298 3426 2350 ἐπὶ
3454 2299 3515 2349 τὸ
3540 2297 3702 2368 δῶμα
3725 2298 3820 2351 τοῦ

2223 2389 2384 2457 λόγου
2408 2427 2422 2451 ,
2457 2388 2566 2441 ἀπὸ
2603 2388 2778 2459 μόνων
2824 2387 2933 2441 τῶν
2980 2389 3364 2460 ἐστερημένων
3410 2389 3510 2460 τῆς
3547 2392 3823 2461 στεφάνης

2225 2483 2536 2537 πιπτόντων
2559 2481 2669 2535 τῶν
2702 2482 3012 2535 πιπτόντων
3047 2482 3137 2536 διά
3165 2482 3223 2535 τὸ
3255 2482 3445 2547 ἀτελὲς
3472 2482 3582 2535 τῶν
3607 2483 3822 2537 οἰκοδο⁹

2227 2573 2495 2646 μημάτων
2517 2614 2532 2639 ,
2566 2573 2744 2643 φόνων
2786 2573 2977 2628 αἰτίων
3025 2575 3138 2638 τοῖς
3174 2574 3231 2626 ἐν
3277 2573 3427 2646 αὑτῷ
3464 2576 3819 2645 τυγχάνουσι,

2223 2668 2319 2722 καὶ
2351 2666 2663 2739 πτωμάτων
2696 2666 3018 2739 γινομένων.
3056 2666 3167 2720 Καὶ
3226 2666 3387 2737 μέχρι
3420 2684 3485 2737 γε
3530 2666 3625 2721 τοῦ
3675 2672 3821 2739 πέμ-

2223 2776 2357 2814 πτου
2402 2759 2570 2830 τόμου
2616 2758 2751 2830 (62),
2801 2760 2851 2812 εἰ
2881 2759 2975 2813 καὶ
3002 2759 3032 2811 ὁ
3074 2758 3217 2812 κατὰ
3262 2759 3362 2832 τὴν
3403 2758 3821 2833 Ἀλεξάνδρειαν

2222 2852 2429 2925 χειμὼν
2455 2852 2566 2926 (65)
2597 2851 2984 2923 ἀντιπράττειν
3031 2851 3237 2914 ἐδόκει,
3267 2852 3335 2905 τὰ
3373 2851 3628 2923 διδόμενα
3675 2854 3819 2923 ὑπη-

2221 2942 2598 3016 γορεύσαμεν,
2624 2941 2987 3013 ἐπιτιμῶντος
3020 2945 3133 3007 τοῖς
3170 2942 3394 3012 ἀνέμοις
3433 2944 3529 2998 καὶ
3569 2946 3688 3009 τοῖς
3718 2944 3817 2997 κύ-

2226 3053 2361 3109 μασι
2390 3037 2493 3107 τῆς
2524 3034 2802 3106 Θαλάσσης
2829 3032 2923 3087 τοῦ
2967 3032 3168 3105 Ἰησοῦ.
3200 3037 3313 3089 Καὶ
3353 3038 3417 3089 ἐκ
3438 3036 3591 3091 τοῦδε
3626 3039 3821 3091 ἐπιπε-

515 3140 584 3179 ex
611 3124 871 3196 tEgypto,
903 3125 1014 3180 Deo
1063 3140 1163 3180 nos
1198 3126 1488 3190 liberante,
1520 3125 1612 3195 qui
1643 3126 1832 3181 eduxit
1855 3128 2111 3197 p0pulnm

2225 3133 2409 3196 σόντος
2455 3130 2566 3202 (64)
2618 3128 3068 3202 προεληλυθότες,
3117 3128 3524 3203 ἐξελκύσθημεν
3566 3132 3679 3187 ἀπὸ
3718 3130 3820 3202 τῆς

516 3232 675 3273 suum
710 3233 777 3272 ex
827 3234 889 3273 ea
914 3235 930 3284 ;
967 3218 1165 3275 deinde
1195 3218 1416 3273 inimico
1443 3218 1707 3273 adversus
1738 3234 1841 3274 nos
1867 3219 2113 3274 acerbis-

516 3315 654 3371 sime
692 3325 974 3387 pugnante
1021 3330 1119 3385 per
1150 3330 1282 3370 suas
1329 3330 1499 3370 novas
1533 3316 1771 3380 litteras,
1813 3330 2005 3372 revera
2041 3314 2113 3369 E-

518 3406 768 3477 vangelia
821 3407 1117 3475 inimicas,
1152 3421 1452 3477 omnesque
1495 3406 1718 3479 Egypti
1774 3415 1966 3462 ventos
2017 3410 2115 3462 ad-

515 3513 709 3554 versus
743 3513 844 3554 nos
877 3502 1217 3563 concitante,
1258 3510 1409 3555 stare
1452 3515 1539 3555 me
1574 3499 1753 3570 magis
1788 3498 2116 3555 adhortaba-

517 3602 604 3648 tur
633 3594 774 3647 ratio
817 3595 885 3648 ad
916 3604 1229 3659 certamen,
1257 3607 1311 3650 et
1340 3609 1568 3649 servare
1599 3595 2110 3665 prmstantissimam

516 3686 622 3740 mei
659 3696 889 3755 partem,
917 3703 1081 3757 quam
1111 3690 1419 3758 importune
1447 3686 1781 3759 conjungere
1809 3697 2108 3743 restantem

515 3780 883 3849 Scripturam,
918 3790 1217 3851 antequam
1254 3781 1493 3837 rationis
1520 3782 1803 3837 discursus
1841 3779 2112 3851 tranquil-

518 3871 727 3927 litatem
764 3875 1057 3942 reciperet,
1082 3888 1153 3928 ne
1185 3874 1327 3928 forte
1353 3874 1715 3944 cogitationes
1746 3887 1928 3943 pravae
1955 3873 2112 3927 inva-

516 3963 789 4020 lescercnt
809 3965 861 4019 in
885 3966 1122 4019 animam
1140 3968 1307 4022 etiam
1327 3981 1503 4021 meam
1517 3966 1810 4035 procellam
1829 3966 2108 4021 inducere.

517 4058 661 4125 Quin
692 4061 953 4114 absentes
992 4075 1237 4130 quoque,
1266 4062 1361 4129 qui
1411 4060 1548 4115 mlhi
1577 4062 1647 4115 de
1684 4074 1841 4116 more
1870 4060 2107 4124 adsunt,

515 4152 733 4208 veloces
761 4152 1081 4222 scriptores,
1118 4167 1206 4208 me
1230 4153 1618 4223 prohibebant,
1645 4169 1767 4225 qua:
1792 4151 2107 4223 excogitas-

600 4289 802 4346 3Mich.
840 4306 914 4359 ιν,
938 4292 1011 4362 4;
1049 4291 1071 4346 Ι
1107 4294 1286 4351 Mach.
1326 4311 1438 4362 xlv,
1464 4296 1554 4351 i2.

515 4359 586 4415 28
610 4372 664 4416 et
686 4376 839 4432 seqq.

1666 4295 1688 4328 ³
1715 4295 1733 4349 l
1765 4293 1945 4351 Paral.
1987 4309 2125 4358 χιιι,
2165 4294 2223 4346 9.

2219 3223 2520 3294 Αἰγύπτου,
2551 3221 2860 3294 ῥυσαμένου
2882 3222 3033 3292 ἡμᾶς
3060 3221 3156 3275 τοῦ
3182 3221 3318 3276 Θεοῦ
3340 3223 3433 3277 τοῦ
3456 3222 3818 3295 ἐξαγαγόντος

2219 3319 2311 3371 τὸν
2364 3316 2493 3369 λαὸν
2523 3315 2688 3369 αὐτοῦ
2716 3316 2811 3369 ἀπ’
2859 3316 3059 3387 αύτῆςο
3097 3315 3291 3370 ἔπειτα
3330 3315 3424 3370 τοῦ
3468 3317 3668 3390 ἐχθροῦ
3702 3317 3814 3390 (65)

2221 3410 2529 3483 πικρότατα
2560 3409 2720 3480 ἡμῶν
2762 3409 3385 3481 καταστρατευσαμένου
3428 3410 3517 3463 διὰ
3552 3410 3665 3467 τῶν
3695 3427 3818 3465 και-

2217 3501 2326 3555 νῶν
2346 3499 2511 3554 αὑτοῦ
2535 3498 2902 3571 γραμμάτων,
2934 3498 3043 3552 τῶν
3068 3497 3285 3569 άληθῶς
3304 3498 3515 3571 ἐχθρῶν
3541 3498 3618 3571 τῷ
3643 3501 3817 3567 Εὐαγ.

2217 3592 2406 3663 γελίῳ,
2432 3592 2526 3645 καὶ
2555 3591 2761 3651 πάντας
2787 3591 2913 3653 τοὺς
2938 3590 2995 3645 ἐν
3028 3589 3289 3662 Αἰγύπτῳ
3315 3592 3551 3662 ἀνέμους
3585 3592 3689 3662 τῆς
3716 3610 3814 3646 πο-

2219 3686 2414 3758 νηρίας
2463 3683 2585 3738 καθ’
2631 3682 2791 3755 ἡμῶν
2844 3683 3191 3753 ἐγείραντος,
3252 3683 3447 3752 στῆναι
3497 3684 3699 3754 μᾶλλόν
3743 3699 3811 3755 με

2220 3779 2355 3853 πρὸς
2392 3779 2484 3833 τὸν
2512 3777 2701 3849 ἀγῶνα
2732 3776 3031 3848 παρεκάλει
3060 3778 3089 3830 ό
3115 3776 3301 3845 λόγος,
3337 3775 3432 3831 καὶ
3479 3778 3719 3849 τηρῆσαι
3750 3775 3811 3830 τὸ

2217 3868 2545 3941 ἡγεμονικὸν
2569 3908 2585 3933 ,
2622 3869 2828 3939 μήποτε
2889 3865 3155 3939 μοχθηροὶ
3197 3866 3446 3937 λογισμοὶ
3479 3868 3810 3941 ἐξισχύσωσι

2216 3962 2310 4017 τὸν
2352 3962 2599 4033 χειμῶνα
2646 3961 2739 4015 καὶ
2767 3963 2834 4033 τῇ
2882 3960 3027 4031 ψυχῇ
3072 3977 3172 4030 μου
3203 3961 3619 4030 ἐπεισαγαγεῖν,
3661 3965 3806 4036 ήπερ

2219 4055 2466 4127 ἀκαίρως
2494 4055 2625 4126 πρὶν
2651 4054 2895 4125 γαλήνην
2911 4054 3009 4123 τὴν
3035 4052 3277 4107 διάνοιαν
3303 4053 3489 4108 λαϐεῖν
3513 4057 3807 4110 συνάπτειν

2217 4148 2286 4203 τὰ
2329 4148 2456 4219 ἐξῆς
2491 4147 2593 4218 τῆς
2632 4148 2876 4221 Γραφῆς.
2913 4146 3023 4201 Καὶ
3052 4148 3102 4201 οἱ
3145 4146 3397 4219 συνήθεις
3435 4147 3492 4201 δὲ
3524 4149 3802 4220 ταχυγρά-

2329 4287 2445 4343 ⁸111
2477 4288 2607 4343 Esd.
2642 4303 2720 4354 tv,
2754 4288 2849 4351 '57,
2877 4288 2962 4358 41,
3001 4287 3067 4341 ιτ
3098 4294 3154 4341 et
3191 4300 3344 4357 seqq.
3458 4286 3480 4318 '
3509 4285 3645 4344 Luc.
3689 4301 3801 4352 τιν,

589 4479 702 4551 (59)
733 4478 895 4552 Κατὰ
935 4478 1077 4552 τοὺς
1112 4478 1345 4547 Ἔσδρα
1382 4479 1667 4549 χρόνους.
1700 4477 1774 4535 Ita
1809 4479 2009 4549 legitur
2041 4480 2095 4534 in
2130 4486 2174 4541 Ι)
2277 4480 2393 4552 (65)
2437 4484 2507 4535 El
2534 4480 2663 4552 γκαί
2709 4484 2741 4534 ό
2792 4480 2946 4534 κατὰ
3002 4480 3119 4549 τὴν
3162 4478 3626 4552 Ἀλεξάνδρειαν
3679 4495 3801 4551 χει-

517 4550 708 4623 codice
765 4550 1078 4623 Bodleiano,
1112 4565 1212 4623 n_ec
1250 4566 1356 4605 non
1410 4553 1735 4606 Barberiuo.
1786 4551 2097 4622 Corruptus
2209 4550 2499 4623 μών,ὀιο.
2533 4551 2799 4623 Nimirum
2834 4562 3120 4623 postquam
3150 4552 3400 4607 Caesarea
3430 4564 3569 4605 etex
3589 4550 3800 4623 Achaia

520 4630 605 4676 est
632 4621 784 4676 locus
822 4622 876 4675 in
908 4622 1101 4674 codice
1132 4620 1319 4689 Regio.

591 4691 706 4762 (60)
732 4689 1162 4762 Kaﬂeqﬂérzsc.
1223 4692 1315 4746 Sic
1364 4691 1570 4746 habent
1600 4693 1765 4747 codd.
1819 4691 2023 4762 Regius
2051 4702 2109 4747 et

519 4761 876 4829 Barberinus,
907 4761 1239 4832 Bodleianus
1269 4771 1451 4817 autem
1482 4762 1832 4827 καταθέντες,
1863 4761 1962 4831 pro
1990 4777 2101 4832 quo

522 4835 576 4958 ill:
607 4834 1045 4957 marginegshabet
1076 4831 1425 4899 καθίσαντες,
1476 4847 1534 4889 et
1578 4835 1653 4888 ita
1702 4831 2101 4901 legendum’ex

570 4916 654 4956 uc.
690 4918 804 4958 xiv.
910 4941 925 4956 .

570 4916 654 4956 uc.
690 4918 804 4965 ιιν,
832 4916 925 4957 ιδ.

524 4971 1235 5099 ιυξίζίἒμὶἓρδιζώμεθα.
1289 4973 1435 5046 Lege
1487 4973 1912 5047 ἐμπαιζώμεθα.
1968 4972 2107 5030 Vide

558 5058 1146 5240 Ϊυῶἓῖἳὲξῖίἲῗιὲχρι
1176 5114 1284 5172 τοῦ
1323 5115 1598 5187 πέμπτου
1629 5118 1833 5187 τόμον,
1861 5124 1968 5171 etc.
1995 5114 2107 5169 Me-

558 5186 690 5239 ninit
725 5186 829 5240 loei
862 5188 1023 5240 huius
1106 5189 1324 5240 usebius
1363 5187 1463 5240 lib.
1515 5202 1569 5240 vt
1611 5185 1783 5240 Hm"
1839 5201 1960 5240 can.
2010 5184 2102 5240 2i.

529 5184 701 5240 minit’
725 5186 829 5241 Ieci
862 5188 1023 5254 hujus
1057 5184 1324 5242 Eusebius
1363 5184 1463 5240 lib.
1515 5202 1569 5241 vt
1611 5184 1783 5251 Hist"
1839 5201 1960 5254 cap.
2010 5184 2102 5248 2i,

526 5256 672 5310 unde
697 5256 882 5312 discas
913 5259 1152 5326 quinque
1180 5261 1391 5327 priores
1418 5256 1673 5328 Origenis
1718 5260 1777 5311 in
1835 5256 2100 5328 Joannem

524 5328 1026 5382 tomosAlexandro
1052 5326 1358 5397 imperante
1386 5326 1559 5382 fuisse
1584 5327 1921 5381 lucubratos.
1945 5326 2103 5392 Quod

526 5406 705 5459 autem
730 5412 824 5453 sex
857 5408 1031 5452 tomos
1066 5397 1121 5449 in
1143 5399 1403 5452 Joannem
1432 5398 1778 5453 Alexandria:
1806 5407 1933 5450 tunc
1966 5397 2105 5449 scri-

524 5476 649 5537 ptos
671 5468 842 5523 fuisse
869 5468 1048 5537 prodit
1073 5465 1415 5537 Nicephorus
1442 5467 1539 5522 lib.
1560 5481 1612 5533 ν,
1642 5483 1761 5535 cap.
1794 5467 1884 5531 15,
1904 5468 1983 5537 sic
2017 5466 2101 5520 in-

525 5536 778 5607 telligito,
808 5536 1053 5608 quinque
1082 5536 1293 5607 priores
1345 5549 1523 5593 tomos
1575 5538 1856 5593 absolutos
1908 5536 2099 5603 fuisse,

527 5618 741 5679 sextum
774 5610 1110 5674 inchoatum,
1144 5624 1305 5679 quem
1354 5609 1534 5664 denuo
1583 5608 1826 5663 exordiri
1873 5623 2103 5662 necesse

528 5676 737 5742 habuit,
760 5680 903 5747 quod
933 5676 1175 5748 priorem
1195 5679 1547 5747 scriptionem
1569 5679 1902 5743 Alexandria
1924 5679 2106 5734 disce-

527 5748 663 5823 dens
693 5762 878 5803 secum
913 5764 1022 5823 non
1055 5759 1412 5823 asportasset.
1464 5748 1520 5805 Id
1570 5751 1687 5823 ipse
1720 5750 1787 5807 de
1814 5763 1873 5807 se
1917 5749 2108 5809 scribit

533 5817 797 5889 Origenes
826 5820 985 5889 paulo
1011 5818 1257 5878 inferius.
1300 5819 1564 5877 HUETIUS.

2219 4621 2414 4687 redux,
2461 4622 2785 4693 presbyterii
2818 4624 3049 4693 gradum
3092 4621 3207 4689 jam
3258 4631 3568 4684 assecutus,
3601 4621 3797 4693 Detnef

2215 4693 2381 4747 trium
2416 4692 2598 4746 multis
2627 4692 2694 4747 de
2721 4693 2903 4748 causis
2933 4692 3204 4746 infensum
3255 4702 3521 4761 expertus
3555 4702 3664 4758 eet,
3711 4692 3793 4745 uti

2213 4763 2452 4817 diximus
2490 4763 2544 4816 in
2574 4762 2932 4831 Origenianis.
2959 4761 3187 4816 Fallitur
3207 4776 3341 4832 sane
3368 4761 3676 4832 Ferrarius,
3697 4761 3794 4832 qui

2213 4832 2488 4888 Maximini
2502 4836 2558 4889 in
2569 4828 2906 4888 Christianos
2918 4832 3154 4902 διωγμὸν
3166 4830 3255 4887 hic
3269 4828 3561 4898 signiﬁcari
3581 4828 3799 4900 perten-

2214 4905 2336 4970 dit;
2372 4905 2629 4971 deceptus
2670 4904 2928 4956 nimirum
2961 4901 3082 4955 loco
3116 4903 3335 4957 Eusebii
3363 4904 3561 4968 altero,
3585 4906 3676 4972 qui
3711 4910 3797 4957 est

2216 4974 2313 5028 lib.
2341 4989 2417 5039 vr,
2446 4989 2567 5042 cap.
2592 4972 2683 5039 28,
2718 4973 2810 5026 ubi
2835 4980 2985 5026 tomo
3012 4986 3131 5025 χιιι
3160 4972 3411 5042 Origenis
3445 4974 3502 5028 in
3531 4973 3792 5027 Joannem

2215 5043 2491 5116 Maximini
2515 5044 2949 5116 persecutionem
2962 5044 3381 5101 commemorari
3398 5044 3575 5116 tradit
3625 5042 3793 5097 Euse-

2215 5115 2338 5169 bius
2364 5132 2376 5169 :
2408 5132 2477 5170 ex
2504 5114 2705 5185 quibus
2734 5118 2911 5184 palam
2941 5125 3124 5170 exstat
3164 5117 3350 5184 operis
3396 5114 3541 5185 illius
3573 5123 3787 5184 partem

2215 5184 2535 5241 Alexandri
2557 5188 2896 5254 temporibus
2915 5226 2933 5254 ,
2967 5185 3232 5254 reliquam
3261 5184 3544 5240 Maximini
3568 5198 3792 5239 succes-

2214 5270 2475 5309 sorumve
2500 5257 2665 5310 fuisse
2696 5257 3057 5311 lucubratatu.
3093 5258 3171 5311 In.

2282 5325 2393 5396 (64)
2435 5328 2537 5381 Ἐκ
2582 5324 2757 5383 τοῦδε
2836 5326 3255 5392 ἐπιπεσόντος,
3302 5334 3409 5381 etc.
3441 5323 3580 5380 Cum
3638 5323 3786 5396 enim

2207 5394 2531 5467 gravissima
2559 5398 2613 5451 in
2648 5412 2773 5451 eum
2820 5397 3103 5467 iracundia
3141 5397 3442 5451 exarsisset
3487 5394 3794 5467 Demetrius

2206 5464 2612 5521 Alexandrinus
2634 5469 2945 5537 episcopus,
2981 5466 3311 5523 Alexandria
3352 5467 3634 5537 migravit,
3674 5464 3793 5519 Cae-

2206 5552 2382 5593 sarea:
2408 5538 2591 5591 sedem
2622 5538 2824 5605 posuit.
2849 5542 2928 5595 lo.

2278 5607 2393 5676 (65)
2419 5600 2661 5661 Ἕπειτὶι
2700 5605 2809 5660 τοῦ
2851 5605 3094 5677 ἐχθροῦ,
3116 5615 3225 5662 etc.
3261 5605 3593 5677 Demetrium
3630 5600 3800 5659 intel-

2209 5677 2338 5745 lige,
2371 5677 2462 5746 qui
2522 5676 2899 5747 episc0porum
2934 5676 3158 5748 [Egypti
3216 5678 3482 5748 synodum
3526 5676 3790 5748 adversus

2212 5742 2510 5820 (uigentem
2532 5742 2772 5820 collegit,
2804 5742 3277 5820 eutnque'littcr'ts
3308 5748 3511 5817 passim
3542 5742 3791 5803 disseruit

2220 5820 2364 5875 natis
2396 5818 2941 5877 traducere'conatus
2962 5829 3066 5875 est.
3108 5818 3179 5873 In.
