4194 6410
438 314 542 373 23!

1545 312 1902 370 COMMENT.
1945 311 2013 367 IN
2052 308 2245 367 JOAN.
2282 309 2521 367 TOMUS
2559 310 2651 367 Vl.

3607 321 3716 375 203

439 452 534 503 φοι
564 433 638 506 μὴ
661 433 931 505 παρόντες
955 433 1051 486 τοῦ
1079 432 1298 503 ἔχεσθαι
1321 431 1430 485 τῶν
1456 430 1879 501 ὑπαγορεύσεων
1899 430 2031 485 ἑκώ-

2138 443 2272 495 sem,
2307 427 2465 497 102
2490 427 2752 482 mandare
2782 426 3001 483 litteris.
3031 427 3188 484 Nunc
3213 446 3342 486 vero
3369 434 3586 501 quando
3615 439 3713 490 ad-

442 526 593 579 λυον.
629 524 743 578 Νῦν
773 525 817 577 δ’
843 524 931 577 ὅτε
976 524 1045 578 τά
1074 524 1195 577 καθ’
1230 522 1387 596 ἡμῶν
1420 521 1795 594 πεπυρωμένα
1840 521 2028 585 πολλὰ,

444 616 765 679 σϐεννύντος
797 614 935 669 Θεοῦ
958 657 973 680 ,
1003 615 1129 687 βέλη
1172 615 1510 686 ἧμϐλυνται,
1560 614 1654 668 καὶ
1696 614 2033 668 ἐνεθισθείσα

445 707 603 781 ἡμῶν
630 710 663 779 ἡ
695 706 842 777 ψυχὴ
874 710 985 772 τοῖς
1028 705 1399 777 συμϐεϐηκόσι
1438 706 1527 760 διὰ
1549 707 1644 760 τὸν
1668 708 1917 779 οὐράνιον
1942 690 2032 760 λό-

444 814 542 867 γον
564 841 579 865 ,
614 798 796 869 φέρειν
830 798 957 867 ῥᾷον
984 796 1229 867 βιάζεται
1260 795 1360 861 τὰς
1397 797 1773 868 γεγενημένας
1809 796 2032 850 ἐπιϐου-

445 890 545 954 λὰς
563 930 578 954 ,
625 889 867 960 ὡσπερεὶ
895 888 1071 958 ποσῆς
1098 889 1281 954 εὐδίας
1309 889 1630 961 λαϐόμενοι,
1663 890 1847 943 οὐκέτι
1872 892 2036 960 ὑπερ-

443 982 716 1052 τιθέμενοι
744 981 1108 1053 ὑπαγορεύειν
1138 983 1208 1035 τὰ
1237 981 1506 1035 ἀκόλουθα
1538 981 1838 1052 βουλόμεθα
1857 1020 1872 1045 ,
1902 980 2034 1033 Θεὸν

448 1075 767 1129 διδάσκαλον
795 1074 1108 1146 ὑπηχοῦντα
1143 1077 1201 1128 ὲν
1247 1074 1326 1145 τῷ
1356 1074 1534 1144 ἀδύτῳ
1555 1075 1653 1144 τῆς
1681 1074 1859 1145 ψυχῆς
1880 1072 2034 1144 ἡμῶν

450 1167 704 1235 παρεῖναι
726 1165 1043 1236 εὐχόμενοι,
1069 1166 1157 1218 ἴνα
1198 1166 1349 1230 τέλος
1372 1164 1513 1238 λάϐῃ
1548 1167 1581 1236 ἡ
1616 1165 1717 1235 τῆς
1749 1164 1891 1218 κατὰ
1924 1165 2034 1217 Ἰω-

450 1257 614 1325 άννην
632 1257 938 1328 διηγήσεως
965 1256 1057 1310 τοῦ
1088 1257 1418 1327 Εὐαγγελίου
1446 1259 1725 1329 οἰκοδομή.
1755 1258 1968 1311 Γὲνοιτο
1990 1256 2033 1308 δ’

448 1353 478 1402 ὁ
509 1349 642 1413 Θεὸς
673 1350 911 1420 ἐπήκοος
951 1351 1107 1420 ἡμῶν
1136 1352 1204 1421 τῇ
1238 1352 1394 1421 εὐχῇ,
1416 1353 1495 1414 εἰς
1525 1350 1587 1403 τὸ
1622 1349 1855 1419 συνάψαι
1878 1349 2037 1420 δυνη-

446 1441 605 1512 θῆναι
632 1442 695 1494 τὸ
725 1441 883 1512 σῶμα
906 1440 998 1494 τοῦ
1021 1442 1143 1495 ὅλου
1172 1441 1331 1510 λόγου
1352 1482 1365 1506 ,
1399 1442 1594 1511 μηκέτι
1628 1437 2034 1511 μεσολαϐοῦσης

446 1533 843 1606 περιστάσεως,
865 1532 1127 1604 διακοπὴν
1142 1532 1236 1585 τοῦ
1252 1532 1442 1605 εἱρμοῦ
1459 1532 1558 1602 τῆς
1580 1529 1801 1602 γραφῆς
1845 1528 2033 1583 ὁποίαν

443 1624 644 1697 δήποτε
682 1624 1081 1698 ἐνεργήσασθαι
1124 1625 1450 1696 δυναμένης.
1499 1624 1637 1677 Ἵσθι
1672 1622 1763 1685 δὲ,
1802 1621 1884 1674 ὅτι
1924 1618 2036 1675 ἀπὺ

447 1717 648 1788 πολλῆς
678 1717 985 1787 προθυμίας
1015 1718 1276 1788 δευτέραν
1314 1718 1519 1788 ταύτην
1551 1716 1725 1786 ἀρχὴν
1771 1712 2031 1782 ποιοῦμαι

2134 533 2349 573 versum
2386 534 2486 573 nos
2519 520 2702 589 ignitae
2741 521 2955 592 sagittze
2988 522 3173 578 multa:
3203 538 3357 579 vana:
3380 523 3602 583 fuerunt
3635 530 3718 584 l’a-

2135 619 2256 677 ciae,
2290 607 2398 663 Deo
2450 609 2570 664 illas
2613 613 3014 682 exstinguente,
3049 623 3103 667 et
3136 625 3356 670 assueta
3391 619 3571 673 anima
3618 638 3716 675 no-

2134 713 2247 755 stra
2294 701 2377 755 his
2411 709 2535 771 qna:
2571 703 2812 757 caelestis
2861 705 3128 759 sermonis
3157 721 3323 761 causa
3364 712 3716 782 contingunt,

2135 791 2281 848 ferre
2316 794 2532 862 cogitur
2555 790 2772 849 facilius
2802 794 2974 850 factas
3003 797 3247 862 insidias,
3284 800 3447 854 veluti
3471 802 3722 871 aliquau-

2135 891 2249 937 tum
2292 883 2606 938 serenitatis
2639 886 2821 948 nacti,
2860 901 2965 939 non
3014 886 3250 957 amplius
3283 888 3600 947 diﬂ‘ereutcs
3633 895 3722 950 di-

2135 982 2286 1028 ctare
2315 973 2563 1029 volumus
2610 990 2733 1045 quae
2783 986 3010 1042 restant,
3066 978 3231 1033 Deum
3285 982 3606 1052 magistrum
3666 986 3720 1039 in

2135 1064 2332 1119 anima:
2373 1076 2573 1120 nostra:
2604 1067 2768 1137 adyto
2820 1070 3084 1137 penetrali
3138 1072 3480 1130 inSonantem
3530 1078 3724 1134 adesse

2136 1164 2445 1224 precantes,
2479 1165 2537 1210 ut
2571 1157 2731 1211 linem
2763 1158 2999 1228 accipiat
3043 1172 3318 1219 struetura
3353 1171 3723 1226 enarratiOnis

2137 1244 2413 1315 Evangelii
2447 1249 2746 1302 Secundum
2773 1247 3062 1308 Jbannem.
3089 1254 3269 1323 Atque
3301 1257 3510 1313 utinam
3539 1261 3725 1316 audiat

2136 1335 2281 1392 Deus
2309 1352 2502 1406 preces
2546 1349 2788 1404 nostras,
2840 1350 2901 1395 ut
2935 1354 3139 1414 corpus
3172 1347 3336 1404 totius
3379 1350 3560 1419 operis
3591 1369 3725 1409 con-

2130 1426 2367 1498 jungere
2413 1431 2708 1500 possimus,
2738 1447 2840 1488 nec
2878 1434 2987 1490 ulla
3032 1439 3264 1504 posthac
3307 1445 3606 1500 necessitas
3636 1447 3724 1500 in-

2138 1522 2388 1591 tercipiat
2419 1533 2587 1593 atque
2621 1525 2990 1596 interrumpat
3022 1527 3325 1599 Scriptura:
3355 1535 3575 1591 seriem.
3603 1536 3724 1592 Cae-

2139 1621 2311 1666 terum
2339 1613 2481 1669 scias
2504 1630 2572 1669 ex
2596 1615 2764 1670 multa
2796 1634 2893 1673 nos
2915 1623 3342 1691 promptitudine
3368 1625 3579 1681 initium
3604 1643 3729 1682 scx-

2139 1705 2174 1759 ti
2210 1706 2337 1760 tomi
2375 1708 2551 1763 denuo
2594 1707 2799 1776 facere,
2843 1726 2908 1766 eo
2939 1716 3079 1782 quod
3112 1731 3230 1784 qua:
3269 1728 3427 1771 antea
3461 1720 3728 1791 interpre-

445 1811 606 1864 ἕκτου
637 1808 805 1880 τόμου
826 1849 840 1872 ,
872 1808 962 1862 διὰ
1001 1808 1061 1862 τὸ
1089 1810 1159 1862 τά
1181 1808 1733 1882 προῦπαγορευθέντα
1762 1804 1869 1875 (66)
1902 1803 2032 1876 ἡμῖν

2139 1800 2236 1853 tati
2265 1796 2545 1854 fueramtts
2579 1800 2944 1867 Alexandriae,
2980 1805 3165 1860 nescio
3200 1824 3309 1876 quo
3343 1824 3502 1878 pacto
3537 1814 3727 1868 uobis-

446 1903 507 1954 ὲν
547 1902 614 1971 τῇ
676 1899 1054 1973 Ἀλεξανδρείᾳ
1099 1902 1201 1956 οὐκ
1228 1898 1323 1956 οἷδ’
1352 1898 1587 1969 ὄπωςμὴ
1602 1898 1988 1969 ἐκκεκομίσθαι
2014 1914 2028 1928 ο

446 1992 655 2063 βέλτιον
686 1992 798 2063 γάρ
828 1994 1148 2065 ἡγησάμην,
1184 1994 1325 2065 ὑπὲρ
1351 1991 1447 2048 τοῦ
1484 1997 1560 2065 μὴ
1596 1989 1896 2064 ἀπράκτως
1942 2004 2032 2060 μοι

445 2083 597 2138 τοῦδε
630 2084 724 2138 τοῦ
758 2084 923 2156 ἔργου
972 2085 1264 2156 παρελθεῖν
1286 2126 1300 2150 ,
1349 2085 1444 2140 καὶ
1486 2083 1675 2139 τοῦτον
1714 2076 1810 2137 τὸν
1840 2082 2033 2155 χρόνον

443 2176 544 2247 ἥδη
573 2175 683 2229 τῶν
714 2176 920 2231 λοιπῶν
945 2177 1249 2249 ἄρξασθαι,
1281 2180 1375 2231 καὶ
1407 2178 1479 2249 μὴ
1502 2219 1517 2243 ,
1568 2179 1686 2249 μετ’
1734 2177 1917 2247 ἀδήλῳ
1954 2174 2032 2246 τῷ

441 2268 836 2340 εὑρεθήσεσθαι
861 2270 931 2324 τὰ
963 2271 1520 2344 προῦπαγορευθέντα
1551 2273 1686 2343 ἡμῖν
1719 2268 2028 2340 ἀναμένων,

442 2361 634 2432 κέρδος
660 2363 761 2417 οὐκ
792 2362 971 2432 ὀλίγον
1010 2362 1275 2418 ἀπολέσαι
1312 2363 1376 2418 τὸ
1402 2364 1509 2417 τῶν
1545 2362 1747 2435 μεταξὺ
1782 2359 2029 2434 ἠμερῶνι

441 2454 552 2507 Καὶ
579 2453 754 2509 ταῦτα
804 2455 900 2526 μὲν
941 2456 1231 2529 αὐτάρκως
1257 2456 1369 2530 (67)
1412 2454 1864 2528 πεπροοιμιὰσθω
1885 2471 1899 2485 ο
1929 2454 2030 2524 ἤδη

440 2547 499 2602 δὲ
521 2548 616 2601 καὶ
638 2547 739 2618 τῆς
766 2546 966 2615 λέξεως
991 2548 1269 2621 ἐχώμεθα.

2137 1905 2259 1943 eum
2312 1888 2469 1944 allata
2500 1905 2604 1943 non
2647 1890 2888 1948 fuerunt.
2917 1892 3109 1950 Melius
3138 1898 3282 1951 enim
3310 1909 3460 1956 ratus
3486 1917 3629 1967 sum,
3658 1911 3729 1960 ne‘

2136 1982 2354 2036 interim
2397 1985 2564 2037 etiam
2597 1983 2701 2038 hoe
2731 1999 2869 2053 opus
2902 2000 3026 2040 eum
3068 1988 3282 2060 ignavia
3335 1994 3725 2053 intermittere-

2139 2082 2245 2139 tur,
2293 2089 2417 2143 qua:
2462 2074 2744 2129 restabant
2788 2079 3079 2147 prosequi,
3113 2096 3277 2151 quam
3325 2083 3451 2138 dum
3483 2086 3728 2145 incertus

2137 2183 2257 2222 sum
2293 2168 2606 2223 inveniendi
2635 2184 2756 2238 qua:
2787 2169 3131 2241 interpretati
3183 2174 3485 2242 literainus,
3534 2195 3726 2251 exspe-

2139 2271 2319 2317 ctare:
2353 2262 2458 2317 hoc
2502 2262 2724 2318 interim
2762 2270 3031 2335 tempore,
3061 2264 3205 2336 quod
3240 2268 3376 2324 lucri
3412 2286 3521 2325 non
3557 2290 3726 2344 parva

2139 2364 2224 2410 est
2266 2354 2530 2421 accessio,
2559 2364 2841 2425 pereunte.
2879 2359 2945 2415 Et
2980 2360 3099 2417 haec
3134 2363 3383 2430 protendi
3424 2363 3543 2420 luco
3593 2369 3728 2423 satis

2140 2456 2337 2514 sunto;
2377 2448 2655 2519 nunciam
2690 2460 3008 2505 contextum
3043 2466 3361 2524 sequamur;

1815 2641 2048 2711 Explicit
2081 2632 2365 2704 Prwfatio.

512 2741 571 2797 ‘2.
632 2761 653 2795 ι
687 2744 799 2797 Καὶ
822 2743 961 2816 αὕτη
993 2745 1143 2799 ἐστὶν
1186 2746 1220 2816 ἡ
1250 2744 1527 2818 μαρτυρία
1558 2740 1654 2797 τοῦ
1701 2740 1971 2796 Ἰωάννου.
2010 2756 2029 2790 ι

440 2832 684 2905 Δευτέρα
721 2833 861 2906 αὕτη
907 2836 1376 2908 ἀναγεγραμμένη
1423 2833 1670 2888 Ἰωάννου
1708 2829 1800 2885 τοῦ
1830 2830 2035 2884 Βαπτι-

443 2923 571 2978 ατοῦ
607 2927 737 2998 περὶ
762 2927 1001 3000 Χριστοῦ
1034 2929 1331 3002 μαρτυρία,
1361 2927 1463 2997 τῆς
1491 2925 1765 2998 προτέρας
1798 2923 2034 2996 ἀρξαμέ-

442 3034 542 3089 νης
566 3018 677 3072 ἀπὸ
699 3018 816 3085 τοῦ,
850 3038 869 3071 ι
907 3012 1079 3085 Οὗτος
1108 3017 1176 3091 ἦν
1202 3021 1263 3076 ὃν
1286 3017 1458 3085 εἶπον,
1483 3021 1513 3072 ὁ
1539 3018 1715 3072 ὀπίσω
1746 3034 1847 3089 μου
1882 3016 2034 3091 ἐρχό-

444 3126 607 3181 μενος
627 3151 642 3175 ,
675 3129 694 3162 θ
728 3112 826 3165 καὶ
854 3111 1130 3183 ληγούσης
1164 3114 1245 3176 εἰς
1273 3111 1335 3165 τό
1358 3127 1372 3141 ’
1411 3120 1429 3162 ι
1474 3111 1535 3164 ’0
1556 3106 1866 3179 Μονογενὴς
1906 3106 2036 3172 Υἱὸς

426 3200 536 3255 -τοῦ
560 3200 718 3267 Θεοῦ,
749 3204 779 3257 ὁ
809 3201 885 3256 ὢν
908 3202 1019 3275 (68)
1044 3205 1124 3268 είς
1153 3202 1245 3257 τὸν
1270 3201 1471 3257 κόλπον
1499 3199 1600 3255 τοῦ
1628 3194 1862 3273 Πατρὸς,
1897 3200 2038 3254 ἐκεῖ-

440 3307 533 3355 νος
568 3290 897 3364 ἐξηγήσατο.
944 3313 963 3345 ι
1021 3295 1135 3364 Οὐχ
1187 3293 1356 3363 ὑγιῶς
1388 3292 1443 3346 δὲ
1481 3294 1510 3345 ὁ
1549 3290 1867 3364 Ἡρακλέων
1899 3292 2036 3344 ὐπο-

441 3381 733 3455 λαμδάνει,
777 3404 796 3437 ι
823 3386 1015 3449 Οὐδεὶς
1040 3386 1132 3440 τὸν
1166 3375 1299 3440 Θεὸν
1330 3386 1575 3457 ἑώρακεν
1609 3384 1852 3449 πώποτε,
1883 3394 1901 3435 i
1942 3382 2036 3437 καὶ

440 3475 511 3531 τὰ
540 3476 669 3548 ἑξῆς
701 3477 927 3547 φάσκων
952 3480 1204 3550 εἰρῆσθαι
1237 3481 1340 3534 οὐκ
1364 3478 1474 3533 ἀπὸ
1499 3479 1593 3534 τοῦ
1626 3476 1872 3551 μαθητοῦ
1897 3476 2032 3548 (69),

439 3567 557 3622 ἀλλ’
587 3569 697 3623 ἀπὸ
725 3569 820 3623 τοῦ
858 3570 1168 3624 Βαπτιστοῦ
1198 3572 1331 3643 (70).
1357 3573 1421 3627 Ei
1450 3571 1560 3644 γάρ
1598 3573 1691 3626 καὶ
1725 3573 1844 3626 κατ’
1873 3571 2034 3625 αὐτὸν

437 3660 523 3726 τὸ,
566 3682 586 3714 ε
608 3661 705 3717 Ἐκ
732 3662 825 3717 τοῦ
856 3662 1220 3737 πληρώματος
1246 3664 1412 3719 αὑτοῦ
1440 3666 1605 3737 ἡμεῖς
1629 3665 1830 3727 πάντες
1850 3664 2036 3718 H.666-

443 3770 545 3824 μεν
564 3794 580 3819 ,
625 3754 719 3808 καὶ
756 3756 916 3828 χάριν
948 3757 1070 3811 ἀντ)⁵
1119 3759 1341 3830 χάριτος
1361 3795 1376 3822 ,
1426 3760 1509 3813 ὃτι
1542 3760 1570 3811 ὁ
1601 3759 1763 3829 νόμος
1794 3757 1883 3813 διὰ
1906 3759 2036 3810 Μω-

442 3843 584 3907 σέως
646 3844 841 3918 ἐδόθη,
906 3846 1135 3920 ἠχάρις
1186 3850 1280 3902 καὶ
1336 3851 1369 3921 ἡ
1429 3848 1658 3921 ἀλήθεια
1711 3849 1800 3902 διὰ
1857 3847 2033 3918 Ἰησοῦ

438 3936 678 4007 Χριστοῦ
744 3926 999 4007 ἐγένετο,
1039 3960 1058 3991 ι
1111 3931 1216 3995 ὑπὸ
1256 3940 1350 3994 τοῦ
1412 3939 1722 3994 Βαπτιστοῦ
1777 3941 2030 4011 εἴρηταιο

412 4028 561 4093 »πῶς
603 4030 704 4083 οὐκ
756 4031 1048 4087 ἀκόλουθον
1097 4032 1187 4087 τὸν
1238 4034 1304 4086 ἐκ
1362 4032 1457 4085 τοῦ
1521 4031 1891 4103 πληρώματος
1939 4031 2032 4084 τοῦ

440 4118 680 4189 Χριστοῦ
708 4119 968 4190 εἰληφότα
989 4160 1004 4185 ,
1039 4120 1133 4173 καὶ
1158 4120 1318 4192 χάριν
1348 4120 1608 4191 δευτέραν
1646 4119 1739 4172 ἐπὶ
1763 4119 2037 4191 προτέρας

438 4212 701 4284 χάριτος,
734 4212 1104 4283 ὁμολογοῦντά
1140 4229 1201 4266 τε
1244 4212 1334 4266 διὰ
1365 4213 1609 4275 Μωσέως
1662 4211 1761 4283 μὲν
1790 4211 2035 4265 δεδόσθαι

438 4305 533 4359 τὸν
562 4305 749 4375 νόμον,
774 4306 876 4375 τὴν
907 4304 965 4359 δὲ
987 4307 1146 4378 χάριν
1177 4304 1273 4358 καὶ
1309 4304 1408 4376 τὴν
1433 4304 1691 4375 ἀλήθειαν
1725 4304 1815 4357 διὰ
1858 4304 2034 4376 Ἰησοῦ

2214 2732 2270 2787 2,
2312 2749 2331 2784 ι
2362 2732 2431 2787 Ει
2458 2731 2675 2817 hocest
2712 2734 3081 2791 testimonium
3125 2730 3352 2798 Joannis
3378 2732 3418 2799 ‘.
3452 2752 3476 2798 ἱ
3515 2743 3728 2801 Secun-

2142 2824 2269 2879 dum
2299 2824 2405 2880 hoc
2434 2835 2520 2879 est
2556 2822 2783 2883 Joannis
2814 2822 3074 2897 Baptistae
3100 2829 3168 2885 de
3209 2831 3430 2890 Christo
3458 2837 3726 2909 Scriptum

2144 2916 2540 2983 testimonium,
2596 2919 2776 2987 primo
2805 2922 3120 2977 testimonio
3147 2923 3447 2996 incipiente
3500 2929 3572 2986 ab
3622 2933 3730 2990 illis

2139 3005 2355 3062 verbis:
2388 3026 2408 3059 ι
2442 3007 2539 3064 llic
2565 3019 2709 3076 erat,
2734 3025 2892 3080 quem
2921 3013 3066 3078 dixi;
3090 3015 3180 3084 qui
3210 3025 3330 3085 post
3358 3035 3443 3075 me
3464 3023 3678 3090 venit",
3703 3043 3726 3079 ι

2138 3109 2192 3154 ει
2219 3101 2505 3157 desinente
2545 3101 2598 3155 in
2633 3117 2718 3168 ea,
2768 3116 2789 3155 ι
2821 3103 3143 3174 Unigenitus
3169 3107 3341 3166 Filius
3373 3102 3491 3179 Dei,
3516 3114 3608 3184 qui
3646 3120 3731 3172 est

2139 3192 2193 3245 in
2225 3192 2348 3246 sinu
2380 3189 2584 3261 Patris,
2621 3194 2713 3250 ille
2756 3199 3034 3252 enarravit
3064 3197 3107 3251 ⁸.
3139 3214 3158 3250 ν
3212 3202 3282 3255 At
3316 3218 3447 3257 vero
3500 3221 3607 3260 non
3637 3223 3726 3263 re-

2140 3298 2229 3348 cte
2258 3289 2556 3346 Heraeleon
2582 3292 2896 3361 suspicatur
2923 3293 3089 3348 verba
3121 3295 3249 3352 illa:
3287 3316 3307 3349 ι
3337 3297 3528 3355 Nullus
3554 3298 3724 3358 Deum

2137 3382 2274 3438 vidit
2320 3398 2562 3453 unquam
2588 3385 2628 3449 θ,
2663 3393 2683 3437 ύ
2738 3394 2793 3440 et
2828 3400 2951 3456 qua:
2998 3399 3323 3454 sequuntur,
3370 3392 3516 3446 dicta
3556 3392 3727 3452 fuisse

2138 3492 2245 3531 non
2276 3492 2308 3532 a
2345 3476 2613 3546 Baptista,
2655 3478 2749 3533 sed
2781 3492 2812 3532 a
2849 3478 3134 3548 discipulo.
3165 3480 3302 3536 Nam
3333 3484 3379 3540 si
3407 3484 3572 3541 etiam
3599 3490 3723 3559 opi-

2138 3569 2303 3624 nione
2345 3584 2464 3636 sua,
2512 3571 2661 3639 quod
2707 3584 2815 3624 «ex
2848 3570 3185 3640 plenitudine
3226 3572 3344 3640 ejus
3398 3591 3498 3632 nos
3533 3592 3725 3649 euntes

2142 3662 2476 3732 accepimus,
2509 3671 2565 3717 et
2593 3662 2822 3732 gratiam
2864 3670 2965 3733 pro
2992 3664 3190 3735 gratia,
3224 3669 3479 3735 quoniam
3508 3670 3592 3725 lex
3629 3688 3728 3740 per
3775 3678 3789 3755 lg

2145 3753 2331 3809 Mosen
2389 3754 2517 3808 data
2545 3763 2659 3819 est;
2689 3754 2886 3823 gratia,
2910 3763 2967 3810 et
3001 3756 3201 3812 veritas
3226 3773 3325 3827 per
3349 3758 3533 3815 Jesum
3557 3762 3723 3818 Chri-

2138 3857 2286 3900 stum
2316 3845 2458 3900 facta
2488 3855 2573 3901 est
2601 3846 2665 3912 ιο,
2691 3864 2711 3898 ι
2742 3861 2773 3899 a
2804 3844 3046 3916 Baptista
3073 3860 3158 3902 est
3184 3851 3413 3918 dictum,
3446 3856 3725 3922 quomodo

2138 3952 2244 3992 non
2272 3949 2617 4006 censequens
2641 3947 2747 4002 est,
2780 3952 2905 3992 eum
2933 3939 3026 4008 qui
3052 3956 3122 3995 ex
3155 3941 3495 4011 plenitudine
3522 3944 3724 4005 Christi

2136 4030 2444 4099 acceperit,-
2489 4039 2545 4083 et
2569 4030 2802 4099 gratiam
2843 4032 3140 4085 secundam
3174 4037 3274 4102 pro
3316 4036 3491 4105 gratia
3522 4039 3725 4105 prima,

2137 4121 2342 4192 quique
2368 4120 2546 4176 fassu§
2570 4121 2735 4177 fuerit
2759 4123 2939 4177 datam
2968 4123 3136 4178 fuisse
3169 4140 3266 4191 per
3292 4125 3495 4182 Mosem
3526 4127 3723 4199 legem,

2138 4213 2370 4282 gratiam
2399 4224 2530 4267 vero
2553 4221 2611 4266 et
2647 4213 2939 4268 veritatem
2973 4228 3072 4283 per
3103 4214 3289 4269 Jesum
3321 4217 3600 4274 Christum
3648 4223 3729 4274 la-

2140 4312 2285 4357 etam
2336 4303 2530 4369 fuisse,
2573 4319 2639 4357 ex
2675 4304 2760 4359 his
2795 4318 2917 4373 qua:
2950 4320 3019 4359 ex
3073 4307 3413 4375 plenitudine
3461 4309 3514 4364 in
3548 4312 3725 4380 ipsum

442 4393 684 4465 Χριστοῦ
731 4395 1050 4463 γεγονέναι,
1098 4395 1164 4448 ὲκ
1209 4392 1320 4447 τῶν
1367 4392 1476 4445 ἀπὸ
1529 4391 1623 4445 τοῦ
1668 4390 2032 4474 πληρώματος

2142 4394 2510 4459 devertissent,
2548 4404 2659 4449 tum
2694 4395 3032 4450 intellexisse
3065 4399 3337 4465 quomodo
3373 4416 3392 4450 ι
3414 4398 3582 4454 Deum
3615 4406 3728 4456 nul-

440 4488 522 4550 εὶς
542 4486 706 4539 αὐτὸν
747 4485 1118 4556 ἐληλυθότων,
1161 4485 1481 4556 νενοηκέναι
1535 4483 1653 4547 πῶς
1697 4502 1716 4534 ‹
1762 4482 1895 4536 Θεὸν
1943 4482 2033 4535 οὐ·

438 4580 556 4644 δεὶς
608 4577 856 4651 ἑώρακεν
902 4578 1117 4634 πώποτε
1143 4620 1159 4644 ,
1204 4599 1223 4631 ι
1284 4581 1385 4633 καὶ
1432 4562 1497 4631 τὸ
1549 4596 1568 4629 ι
1608 4577 1699 4630 τὸν
1751 4575 2030 4645 Μονογενῆ

439 4668 524 4730 εἰς
559 4667 652 4719 τὸν
704 4667 906 4721 κόλπον
974 4666 1102 4722 ὄντα
1169 4666 1265 4722 τοῦ
1320 4666 1537 4739 Πατρὸς
1577 4685 1594 4717 ι
1668 4666 1771 4737 τὴν
1830 4665 2033 4737 ἐξήγη-

442 4776 530 4813 σιν
558 4759 709 4830 αὑτῷ
732 4762 824 4814 καὶ
852 4761 986 4814 πᾶσι
1018 4763 1132 4824 τοῖς
1162 4761 1228 4815 ἐκ
1262 4760 1357 4813 τοῦ
1388 4758 1756 4830 πληρώματος
1785 4750 2030 4829 εἰληφόσι

440 4850 919 4921 παραδεῖωκέναις
958 4851 1033 4905 Οὐ
1074 4851 1184 4923 γὰρ
1224 4849 1321 4904 νῦν
1381 4848 1597 4921 πρῶτον
1652 4850 1959 4919 ἐξηγήσατο
2003 4850 2032 4900 ὁ

439 4940 518 4995 ὢν
554 4942 665 5013 (71)
700 4944 779 5007 εἰς
814 4943 910 4996 τὸν
946 4942 1145 4997 κόλπον
1173 4941 1269 4996 τοῦ
1312 4942 1546 5014 Πατρὸς,
1574 4941 1650 5005 ὡς
1678 4940 1889 5004 οὐδενὸς
1917 4940 2029 5013 (7'2)

439 5034 748 5108 ἐπιτηδείου
779 5034 1044 5107 πρότερον
1071 5034 1439 5108 γεγενημένου
1484 5034 1669 5087 λαϐεῖν
1704 5032 1741 5087 ἃ.
1778 5035 1888 5096 τοῖς
1919 5032 2030 5104 (75)

2140 4486 2224 4541 lus
2258 4486 2394 4541 vidit
2439 4495 2680 4556 unquam
2714 4488 2779 4552 η,
2823 4507 2843 4541 ι
2898 4497 3012 4542 tum
3061 4490 3225 4542 etiam
3274 4492 3416 4559 quod
3470 4510 3487 4544 ι
3523 4490 3727 4565 Uuige-

2138 4577 2288 4632 nitus
2334 4577 2405 4631 ad
2467 4579 2651 4633 sinum
2708 4577 2889 4633 Patris
2942 4580 3221 4633 exsistens
3261 4581 3304 4611 “
3338 4621 3353 4646 ,
3390 4600 3407 4633 ι
3457 4583 3574 4638 haec
3622 4587 3725 4657 ipsi

2137 4678 2193 4723 et
2232 4670 2490 4725 omnibus
2539 4670 2632 4740 qui
2685 4685 2755 4724 ex
2801 4670 3141 4741 plenitudine
3189 4671 3309 4740 ejus
3366 4673 3725 4744 hausissent,

2144 4760 2303 4831 103
2333 4760 2720 4816 enarraverit?
2774 4760 2893 4817 Non
2927 4762 3071 4816 enim
3107 4779 3251 4818 nunc
3290 4766 3523 4831 primum
3562 4784 3729 4824 enar-

2141 4852 2306 4915 ravit,
2333 4850 2554 4920 qui-em
2588 4852 2641 4904 in
2673 4851 2796 4906 sinu
2824 4851 3004 4907 Patris
3029 4892 3045 4920 ,
3094 4854 3318 4922 perinde
3357 4856 3511 4924 quasi
3542 4859 3727 4916 nullus

2140 4953 2296 4999 antea
2364 4944 2593 4999 idoneus
2651 4944 2928 5001 exstiterit
2981 4946 3230 5016 accipere
3283 4962 3404 5015 quae
3460 4953 3725 5018 apostolis

2138 5035 2433 5102 enarravit,
2467 5035 2907 5105 quandoquidem
2936 5048 3228 5107 antequam
3263 5039 3543 5096 Abraham
3571 5042 3727 5100 ﬁeret

515 5146 715 5207 'Joan.
743 5167 783 5219 1,
814 5151 899 5207 l9.
977 5153 997 5183 ⁷
1027 5150 1158 5206 ibid.
1188 5151 1276 5207 l5.
1350 5152 1373 5184 ⁸
1405 5150 1538 5205 ibid.
1568 5148 1658 5205 18.
1733 5150 1756 5182 ⁸
1790 5149 1923 5204 ibid.
2002 5147 2032 5180 “

2138 5149 2208 5204 id.
2232 5160 2345 5216 xw,-
2388 5150 2471 5204 Π.
2550 5149 2592 5181 ¹¹
2620 5149 2750 5206 ibid.
2776 5149 2863 5208 18.
2943 5150 3144 5207 "ibid.

515 5248 630 5319 (66)
669 5246 873 5319 Διατὺ
926 5245 1001 5300 τὰ
1032 5245 1668 5319 πμυῡτὲαγυβευθέηᾱ,
1721 5251 1828 5319 etc.
1867 5243 2027 5319 _Hinc

444 5313 669 5388 apparet
723 5317 989 5386 reliquam
1032 5313 1174 5370 hanc
1210 5313 1818 5388 Coirtmentariorum_in
1848 5313 2024 5388 Joan-

446 5384 561 5445 nem
595 5398 806 5457 partem
846 5384 970 5442 tum
1011 5388 1275 5451 scriptam
1307 5386 1658 5457 fuisse,cum
1692 5384 2031 5457 Alexandria

444 5456 708 5528 Origenes
739 5460 1101 5513 discessisset.
1117 5458 1227 5513 Sed
1258 5458 1375 5513 haec
1400 5457 1456 5512 in
1488 5456 1830 5527 Origenianis
1853 5456 2034 5525 dispu5

447 5542 555 5585 tata
588 5540 735 5583 sunt.
774 5528 1035 5586 HUE'rItls.

483 5599 987 5724 ὕωηΑϋτὰρκως.
1055 5598 1150 5656 Sic
1198 5598 1374 5655 codex
1427 5595 1792 5664 Bodleianus;
1828 5594 2036 5668 Regius

516 5688 738 5724 ταοκες.
1984 5686 2001 5705 ⁸

445 5686 738 5734 αυταρκες.
1984 5686 2001 5705 .

516 5688 738 5742 ταρκες.
1984 5688 2001 5705 ·

515 5744 627 5813 (68)
656 5741 787 5807 Υἱὸς
825 5738 934 5813 τοῦ
971 5740 1141 5801 Θεοῦ,
1181 5743 1216 5795 ό
1247 5744 1357 5813 (Dr;
1385 5748 1493 5813 etc.-
1519 5736 1805 5813 Siccodex
1839 5737 2035 5796 Bodle-

448 5808 633 5881 ianus';
658 5815 828 5868 editio
856 5812 1059 5875 Ilueiii.
1086 5813 1204 5875 υἱὸς
1233 5811 1369 5876 Θεὸς
1399 5808 1430 5866 ὁ
1462 5812 1558 5879 ὢν,
1584 5810 1663 5875 είς
1692 5808 1806 5877 τόν)
1837 5822 1942 5869 etc.

731 5909 998 5970 Panos.
1034 5909 1149 5972 Gn.
1188 5904 1366 5972 ΚΝ.

2208 5243 2320 5315 (69)
2351 5244 2654 5311 Muﬂnzoi}.
2685 5244 2831 5313 Lege
2860 5245 3190 5315 Βαπτιστοῦ.

2210 5314 2322 5387 (70)
2347 5315 2712 5387 Βαπτιστοῦ.
2739 5314 2882 5386 Lege
2914 5314 3180 5387 μαθητοῦ.

2213 5383 2323 5456 (71)
2359 5385 2413 5437 '0
2440 5384 2744 5461 car._l)eest_
2776 5383 2844 5440 in'
2871 5383 3113 5442 editione
3139 5383 3436 5457 Huetiana,
3468 5391 3565 5446 sed
3591 5405 3723 5461 sup-s

2138 5454 2319 5527 pletur
2352 5470 2384 5527 ε
2406 5458 2529 5510 eod.
2563 5455 2878 5527 Bodleiano.

2211 5524 2459 5601 (_73)_'0c
2498 5526 2771 5593 οὐδενός.
2817 5528 2895 5601 [la
2950 5539 3101 5584 recte
3162 5530 3432 5601 habet__in
3476 5532 3722 5601 margine

2141 5597 2317 5724 ἓξὲΣῂ
2343 5596 2709 5665 Barberinus;
2739 5598 2879 5651 male
2907 5609 3088 5652 autem
3116 5600 3286 5654 editio
3320 5596 3625 5666 ﬂuetiaua:
3642 5603 3722 5668 ὡς

2268 5684 2318 5723 ν.

2143 5668 2318 5723 οὐδέν.

2216 5737 2425 5809 (75),”A
2461 5736 2604 5804 τοῖςε
2631 5737 2709 5792 lla
2737 5736 2907 5794 codex
2954 5735 3321 5809 Bodleianus;
3378 5742 3545 5797 editio
3579 5741 3726 5799 ﬁnd:

2146 5808 2234 5880 tii,
2263 5808 2367 5863 ὑπὸ
2401 5811 2532 5871 cois:
