  <div class='ocr_page' id='page_1' title='image "/cluster/home/n/w/nwhite01/storage/ocr_20150623/14:no.4/coo.31924054872928/111.png"; bbox 0 0 4194 6420; ppageno 0'>
   <div class='ocr_carea' id='block_1_1' title="bbox 549 315 654 370">
    <p class='ocr_par' dir='ltr' id='par_1_1' title="bbox 549 315 654 370">
     <span class='ocr_line' id='line_1_1' title="bbox 549 315 654 370; baseline 0 0"><span class='ocrx_word' id='word_1_1' title='bbox 549 315 654 370; x_wconf 71' lang='lat' dir='ltr'>eos</span> 
     </span>
    </p>
   </div>
   <div class='ocr_carea' id='block_1_2' title="bbox 2041 304 2362 363">
    <p class='ocr_par' dir='ltr' id='par_1_2' title="bbox 2041 304 2362 363">
     <span class='ocr_line' id='line_1_2' title="bbox 2041 304 2362 363; baseline -0.006 0"><span class='ocrx_word' id='word_1_2' title='bbox 2041 304 2362 363; x_wconf 78' lang='lat' dir='ltr'>ORIGENIS</span> 
     </span>
    </p>
   </div>
   <div class='ocr_carea' id='block_1_3' title="bbox 3717 311 3823 366">
    <p class='ocr_par' dir='ltr' id='par_1_3' title="bbox 3717 311 3823 366">
     <span class='ocr_line' id='line_1_3' title="bbox 3717 311 3823 366; baseline 0.009 -1"><span class='ocrx_word' id='word_1_3' title='bbox 3717 311 3823 366; x_wconf 55' lang='lat'>204</span> 
     </span>
    </p>
   </div>
   <div class='ocr_carea' id='block_1_4' title="bbox 541 424 2137 501">
    <p class='ocr_par' dir='ltr' id='par_1_4' title="bbox 541 424 2136 496">
     <span class='ocr_line' id='line_1_4' title="bbox 541 424 2136 496; baseline -0.004 -10"><span class='ocrx_word' id='word_1_4' title='bbox 541 431 838 496; x_wconf 72' lang='lat' dir='ltr'><strong>exsistens,</strong></span> <span class='ocrx_word' id='word_1_5' title='bbox 867 429 1029 487; x_wconf 92' lang='lat' dir='ltr'><strong>docet</strong></span> <span class='ocrx_word' id='word_1_6' title='bbox 1049 445 1150 485; x_wconf 83' lang='lat' dir='ltr'>nos</span> <span class='ocrx_word' id='word_1_7' title='bbox 1175 429 1443 484; x_wconf 78' lang='lat' dir='ltr'><strong>Abraham</strong></span> <span class='ocrx_word' id='word_1_8' title='bbox 1470 428 1801 492; x_wconf 74' lang='lat' dir='ltr'>exsultasse,</span> <span class='ocrx_word' id='word_1_9' title='bbox 1835 435 1897 480; x_wconf 94' lang='lat' dir='ltr'><strong>ut</strong></span> <span class='ocrx_word' id='word_1_10' title='bbox 1929 424 2136 481; x_wconf 85' lang='lat' dir='ltr'><strong>videret</strong></span> 
     </span>
    </p>
   </div>
   <div class='ocr_carea' id='block_1_5' title="bbox 2239 424 3824 501">
    <p class='ocr_par' dir='ltr' id='par_1_5' title="bbox 2239 425 3824 501">
     <span class='ocr_line' id='line_1_5' title="bbox 2239 425 3824 501; baseline 0.003 -21"><span class='ocrx_word' id='word_1_11' title='bbox 2239 425 2552 490; x_wconf 80' lang='grc' dir='ltr'>ἀποστόλοις</span> <span class='ocrx_word' id='word_1_12' title='bbox 2579 426 2876 498; x_wconf 83' lang='grc' dir='ltr'>διηγήσατο</span> <span class='ocrx_word' id='word_1_13' title='bbox 2897 445 2910 455; x_wconf 89' lang='grc'><strong>·</strong></span> <span class='ocrx_word' id='word_1_14' title='bbox 2952 429 3005 481; x_wconf 84' lang='grc' dir='ltr'>εῐ</span> <span class='ocrx_word' id='word_1_15' title='bbox 3027 445 3090 497; x_wconf 82' lang='grc' dir='ltr'>γε</span> <span class='ocrx_word' id='word_1_16' title='bbox 3121 429 3252 501; x_wconf 76' lang='grc' dir='ltr'>πρὶν</span> <span class='ocrx_word' id='word_1_17' title='bbox 3291 428 3541 501; x_wconf 80' lang='grc' dir='ltr'>Ἀϐραὰμ</span> <span class='ocrx_word' id='word_1_18' title='bbox 3567 431 3824 499; x_wconf 86' lang='grc' dir='ltr'>γενέσθαι</span> 
     </span>
    </p>
   </div>
   <div class='ocr_carea' id='block_1_6' title="bbox 545 517 2126 594">
    <p class='ocr_par' dir='ltr' id='par_1_6' title="bbox 545 517 2126 594">
     <span class='ocr_line' id='line_1_6' title="bbox 545 517 2126 594; baseline -0.005 -18"><span class='ocrx_word' id='word_1_19' title='bbox 545 524 686 577; x_wconf 88' lang='lat' dir='ltr'><strong>diem</strong></span> <span class='ocrx_word' id='word_1_20' title='bbox 721 522 893 592; x_wconf 81' lang='lat' dir='ltr'>ipsius</span> <span class='ocrx_word' id='word_1_21' title='bbox 941 524 1296 594; x_wconf 87' lang='lat' dir='ltr'><strong>gavismuque</strong></span> <span class='ocrx_word' id='word_1_22' title='bbox 1347 523 1514 576; x_wconf 79' lang='lat' dir='ltr'><strong>fuisse</strong></span> <span class='ocrx_word' id='word_1_23' title='bbox 1548 521 1610 574; x_wconf 83' lang='lat'>“‘.</span> <span class='ocrx_word' id='word_1_24' title='bbox 1649 519 1790 584; x_wconf 85' lang='lat' dir='ltr'><strong>Quin</strong></span> <span class='ocrx_word' id='word_1_25' title='bbox 1820 517 1966 585; x_wconf 90' lang='lat' dir='ltr'><strong>quod</strong></span> <span class='ocrx_word' id='word_1_26' title='bbox 2001 517 2077 569; x_wconf 92' lang='lat' dir='ltr'><strong>ait</strong></span> <span class='ocrx_word' id='word_1_27' title='bbox 2110 533 2126 568; x_wconf 88' lang='lat'><strong>:</strong></span> 
     </span>
    </p>
   </div>
   <div class='ocr_carea' id='block_1_7' title="bbox 553 610 2129 685">
    <p class='ocr_par' dir='ltr' id='par_1_7' title="bbox 553 610 2129 685">
     <span class='ocr_line' id='line_1_7' title="bbox 553 610 2129 685; baseline -0.004 -17"><span class='ocrx_word' id='word_1_28' title='bbox 553 633 573 667; x_wconf 85' lang='lat' dir='ltr'><strong>I</strong></span> <span class='ocrx_word' id='word_1_29' title='bbox 627 616 702 670; x_wconf 79' lang='lat' dir='ltr'>Ex</span> <span class='ocrx_word' id='word_1_30' title='bbox 751 615 1091 684; x_wconf 90' lang='lat' dir='ltr'><strong>plenitudine</strong></span> <span class='ocrx_word' id='word_1_31' title='bbox 1129 617 1305 685; x_wconf 87' lang='lat' dir='ltr'><strong>ipsius</strong></span> <span class='ocrx_word' id='word_1_32' title='bbox 1333 629 1432 669; x_wconf 90' lang='lat' dir='ltr'>nos</span> <span class='ocrx_word' id='word_1_33' title='bbox 1462 627 1652 668; x_wconf 89' lang='lat' dir='ltr'><strong>omnes</strong></span> <span class='ocrx_word' id='word_1_34' title='bbox 1681 610 1990 679; x_wconf 86' lang='lat' dir='ltr'><strong>accepimus</strong></span> <span class='ocrx_word' id='word_1_35' title='bbox 2013 649 2029 674; x_wconf 97' lang='lat'>,</span> <span class='ocrx_word' id='word_1_36' title='bbox 2072 615 2129 662; x_wconf 92' lang='lat' dir='ltr'>et</span> 
     </span>
    </p>
   </div>
   <div class='ocr_carea' id='block_1_8' title="bbox 549 701 2126 780">
    <p class='ocr_par' dir='ltr' id='par_1_8' title="bbox 549 701 2126 780">
     <span class='ocr_line' id='line_1_8' title="bbox 549 701 2126 780; baseline -0.009 -15"><span class='ocrx_word' id='word_1_37' title='bbox 549 709 781 780; x_wconf 91' lang='lat' dir='ltr'><strong>gratiam</strong></span> <span class='ocrx_word' id='word_1_38' title='bbox 809 723 908 778; x_wconf 92' lang='lat' dir='ltr'>pro</span> <span class='ocrx_word' id='word_1_39' title='bbox 935 709 1110 779; x_wconf 85' lang='lat' dir='ltr'><strong>gratia</strong></span> <span class='ocrx_word' id='word_1_40' title='bbox 1131 709 1197 776; x_wconf 63' lang='grc' dir='ltr'>υ,</span> <span class='ocrx_word' id='word_1_41' title='bbox 1236 727 1256 761; x_wconf 72' lang='grc' dir='ltr'>ι</span> <span class='ocrx_word' id='word_1_42' title='bbox 1296 720 1354 761; x_wconf 90' lang='lat' dir='ltr'><strong>ut</strong></span> <span class='ocrx_word' id='word_1_43' title='bbox 1387 709 1438 761; x_wconf 91' lang='lat' dir='ltr'><strong>in</strong></span> <span class='ocrx_word' id='word_1_44' title='bbox 1467 703 1839 777; x_wconf 83' lang='lat' dir='ltr'><strong>superioribus</strong></span> <span class='ocrx_word' id='word_1_45' title='bbox 1868 701 2126 765; x_wconf 79' lang='lat' dir='ltr'><strong>diximus,</strong></span> 
     </span>
    </p>
   </div>
   <div class='ocr_carea' id='block_1_9' title="bbox 549 791 2127 873">
    <p class='ocr_par' dir='ltr' id='par_1_9' title="bbox 549 791 2127 873">
     <span class='ocr_line' id='line_1_9' title="bbox 549 791 2127 873; baseline -0.008 -17"><span class='ocrx_word' id='word_1_46' title='bbox 549 800 736 873; x_wconf 89' lang='lat' dir='ltr'><strong>arguit</strong></span> <span class='ocrx_word' id='word_1_47' title='bbox 768 801 1064 872; x_wconf 83' lang='lat' dir='ltr'><strong>prophetas</strong></span> <span class='ocrx_word' id='word_1_48' title='bbox 1105 802 1272 854; x_wconf 87' lang='lat' dir='ltr'><strong>etiam</strong></span> <span class='ocrx_word' id='word_1_49' title='bbox 1323 815 1390 854; x_wconf 82' lang='lat' dir='ltr'>ex</span> <span class='ocrx_word' id='word_1_50' title='bbox 1420 798 1626 853; x_wconf 80' lang='lat' dir='ltr'><strong>Christi</strong></span> <span class='ocrx_word' id='word_1_51' title='bbox 1661 793 1999 867; x_wconf 90' lang='lat' dir='ltr'><strong>plenitudine</strong></span> <span class='ocrx_word' id='word_1_52' title='bbox 2028 791 2127 845; x_wconf 89' lang='lat' dir='ltr'><strong>do-</strong></span> 
     </span>
    </p>
   </div>
   <div class='ocr_carea' id='block_1_10' title="bbox 550 885 2130 964">
    <p class='ocr_par' dir='ltr' id='par_1_10' title="bbox 550 885 2130 964">
     <span class='ocr_line' id='line_1_10' title="bbox 550 885 2130 964; baseline -0.008 -15"><span class='ocrx_word' id='word_1_53' title='bbox 550 908 680 949; x_wconf 89' lang='lat' dir='ltr'>num</span> <span class='ocrx_word' id='word_1_54' title='bbox 727 895 975 963; x_wconf 88' lang='lat' dir='ltr'><strong>cepisse,</strong></span> <span class='ocrx_word' id='word_1_55' title='bbox 1006 895 1347 964; x_wconf 79' lang='lat' dir='ltr'><strong>gratiamque</strong></span> <span class='ocrx_word' id='word_1_56' title='bbox 1385 890 1679 945; x_wconf 85' lang='lat' dir='ltr'><strong>secundam</strong></span> <span class='ocrx_word' id='word_1_57' title='bbox 1708 900 1806 957; x_wconf 90' lang='lat' dir='ltr'>pro</span> <span class='ocrx_word' id='word_1_58' title='bbox 1833 885 2006 955; x_wconf 85' lang='lat' dir='ltr'><strong>prima</strong></span> <span class='ocrx_word' id='word_1_59' title='bbox 2034 896 2130 937; x_wconf 91' lang='lat' dir='ltr'>eos</span> 
     </span>
    </p>
   </div>
   <div class='ocr_carea' id='block_1_11' title="bbox 545 977 2132 1058">
    <p class='ocr_par' dir='ltr' id='par_1_11' title="bbox 545 977 2132 1058">
     <span class='ocr_line' id='line_1_11' title="bbox 545 977 2132 1058; baseline -0.01 -16"><span class='ocrx_word' id='word_1_60' title='bbox 545 987 888 1058; x_wconf 84' lang='lat' dir='ltr'><strong>sumpsisse:</strong></span> <span class='ocrx_word' id='word_1_61' title='bbox 921 994 1284 1057; x_wconf 88' lang='lat' dir='ltr'><strong>pervenerunt</strong></span> <span class='ocrx_word' id='word_1_62' title='bbox 1319 983 1464 1039; x_wconf 89' lang='lat' dir='ltr'><strong>enim</strong></span> <span class='ocrx_word' id='word_1_63' title='bbox 1507 992 1563 1036; x_wconf 90' lang='lat' dir='ltr'><strong>et</strong></span> <span class='ocrx_word' id='word_1_64' title='bbox 1596 981 1667 1036; x_wconf 91' lang='lat' dir='ltr'>illi</span> <span class='ocrx_word' id='word_1_65' title='bbox 1702 995 1732 1032; x_wconf 90' lang='lat' dir='ltr'><strong>a</strong></span> <span class='ocrx_word' id='word_1_66' title='bbox 1777 977 1984 1047; x_wconf 88' lang='lat' dir='ltr'><strong>Spiritu</strong></span> <span class='ocrx_word' id='word_1_67' title='bbox 2017 989 2132 1027; x_wconf 85' lang='lat' dir='ltr'>ma-</span> 
     </span>
    </p>
   </div>
   <div class='ocr_carea' id='block_1_12' title="bbox 550 1075 2133 1151">
    <p class='ocr_par' dir='ltr' id='par_1_12' title="bbox 550 1075 2133 1151">
     <span class='ocr_line' id='line_1_12' title="bbox 550 1075 2133 1151; baseline -0.009 -17"><span class='ocrx_word' id='word_1_68' title='bbox 550 1081 797 1146; x_wconf 90' lang='lat' dir='ltr'><strong>nuducti,</strong></span> <span class='ocrx_word' id='word_1_69' title='bbox 830 1091 1116 1151; x_wconf 85' lang='lat' dir='ltr'><strong>postquam</strong></span> <span class='ocrx_word' id='word_1_70' title='bbox 1148 1077 1445 1134; x_wconf 83' lang='lat' dir='ltr'><strong>introducti</strong></span> <span class='ocrx_word' id='word_1_71' title='bbox 1483 1075 1730 1136; x_wconf 80' lang='lat' dir='ltr'><strong>fuissent,</strong></span> <span class='ocrx_word' id='word_1_72' title='bbox 1772 1082 1934 1140; x_wconf 89' lang='lat' dir='ltr'><strong>atque</strong></span> <span class='ocrx_word' id='word_1_73' title='bbox 1969 1082 2133 1124; x_wconf 82' lang='lat' dir='ltr'><strong>exer-</strong></span> 
     </span>
    </p>
   </div>
   <div class='ocr_carea' id='block_1_13' title="bbox 546 1164 2130 1245">
    <p class='ocr_par' dir='ltr' id='par_1_13' title="bbox 546 1164 2130 1245">
     <span class='ocr_line' id='line_1_13' title="bbox 546 1164 2130 1245; baseline -0.01 -14"><span class='ocrx_word' id='word_1_74' title='bbox 546 1175 643 1231; x_wconf 88' lang='lat' dir='ltr'><strong>citi</strong></span> <span class='ocrx_word' id='word_1_75' title='bbox 691 1178 743 1232; x_wconf 91' lang='lat' dir='ltr'>in</span> <span class='ocrx_word' id='word_1_76' title='bbox 799 1177 1020 1245; x_wconf 82' lang='lat' dir='ltr'><strong>ligttris,</strong></span> <span class='ocrx_word' id='word_1_77' title='bbox 1091 1174 1159 1228; x_wconf 81' lang='lat' dir='ltr'>ad</span> <span class='ocrx_word' id='word_1_78' title='bbox 1211 1173 1458 1228; x_wconf 82' lang='lat' dir='ltr'><strong>veritatis</strong></span> <span class='ocrx_word' id='word_1_79' title='bbox 1507 1170 1795 1224; x_wconf 83' lang='lat' dir='ltr'><strong>visionem.</strong></span> <span class='ocrx_word' id='word_1_80' title='bbox 1861 1164 2130 1232; x_wconf 83' lang='lat' dir='ltr'>Quocirca</span> 
     </span>
    </p>
   </div>
   <div class='ocr_carea' id='block_1_14' title="bbox 547 1255 2131 1335">
    <p class='ocr_par' dir='ltr' id='par_1_14' title="bbox 547 1255 2131 1335">
     <span class='ocr_line' id='line_1_14' title="bbox 547 1255 2131 1335; baseline -0.01 -12"><span class='ocrx_word' id='word_1_81' title='bbox 547 1284 656 1323; x_wconf 91' lang='lat' dir='ltr'>non</span> <span class='ocrx_word' id='word_1_82' title='bbox 685 1281 876 1322; x_wconf 90' lang='lat' dir='ltr'><strong>omnes</strong></span> <span class='ocrx_word' id='word_1_83' title='bbox 915 1284 934 1318; x_wconf 85' lang='grc' dir='ltr'>ι</span> <span class='ocrx_word' id='word_1_84' title='bbox 973 1265 1251 1335; x_wconf 71' lang='lat' dir='ltr'><strong>pr0pbette</strong></span> <span class='ocrx_word' id='word_1_85' title='bbox 1278 1303 1294 1324; x_wconf 90' lang='lat'>,</span> <span class='ocrx_word' id='word_1_86' title='bbox 1323 1261 1418 1318; x_wconf 88' lang='lat' dir='ltr'>sed</span> <span class='ocrx_word' id='word_1_87' title='bbox 1451 1261 1605 1314; x_wconf 90' lang='lat' dir='ltr'><strong>multi</strong></span> <span class='ocrx_word' id='word_1_88' title='bbox 1637 1258 2022 1314; x_wconf 79' lang='lat' dir='ltr'><strong>desiderarunt</strong></span> <span class='ocrx_word' id='word_1_89' title='bbox 2051 1255 2131 1308; x_wconf 85' lang='lat' dir='ltr'>vi-</span> 
     </span>
    </p>
   </div>
   <div class='ocr_carea' id='block_1_15' title="bbox 547 1347 2123 1427">
    <p class='ocr_par' dir='ltr' id='par_1_15' title="bbox 547 1347 2123 1427">
     <span class='ocr_line' id='line_1_15' title="bbox 547 1347 2123 1427; baseline -0.008 -15"><span class='ocrx_word' id='word_1_90' title='bbox 547 1359 703 1421; x_wconf 88' lang='lat' dir='ltr'><strong>dere,</strong></span> <span class='ocrx_word' id='word_1_91' title='bbox 736 1371 856 1427; x_wconf 68' lang='lat' dir='ltr'><strong>quae</strong></span> <span class='ocrx_word' id='word_1_92' title='bbox 894 1374 914 1407; x_wconf 72' lang='grc' dir='ltr'>ι</span> <span class='ocrx_word' id='word_1_93' title='bbox 948 1357 1180 1427; x_wconf 84' lang='lat' dir='ltr'><strong>apostoli</strong></span> <span class='ocrx_word' id='word_1_94' title='bbox 1209 1353 1466 1408; x_wconf 87' lang='lat' dir='ltr'><strong>viderunt</strong></span> <span class='ocrx_word' id='word_1_95' title='bbox 1498 1352 1565 1406; x_wconf 75' lang='grc' dir='ltr'>η.</span> <span class='ocrx_word' id='word_1_96' title='bbox 1593 1349 1728 1404; x_wconf 84' lang='lat' dir='ltr'><strong>Nam</strong></span> <span class='ocrx_word' id='word_1_97' title='bbox 1757 1350 1802 1403; x_wconf 88' lang='lat' dir='ltr'>si</span> <span class='ocrx_word' id='word_1_98' title='bbox 1838 1347 2123 1418; x_wconf 83' lang='lat' dir='ltr'><strong>propheta-</strong></span> 
     </span>
    </p>
   </div>
   <div class='ocr_carea' id='block_1_16' title="bbox 546 1440 2133 1515">
    <p class='ocr_par' dir='ltr' id='par_1_16' title="bbox 546 1440 2133 1515">
     <span class='ocr_line' id='line_1_16' title="bbox 546 1440 2133 1515; baseline -0.009 -7"><span class='ocrx_word' id='word_1_99' title='bbox 546 1467 670 1508; x_wconf 88' lang='lat' dir='ltr'>rum</span> <span class='ocrx_word' id='word_1_100' title='bbox 703 1459 823 1504; x_wconf 89' lang='lat' dir='ltr'><strong>erat</strong></span> <span class='ocrx_word' id='word_1_101' title='bbox 850 1447 1181 1512; x_wconf 82' lang='lat' dir='ltr'><strong>dill&#39;creutia,</strong></span> <span class='ocrx_word' id='word_1_102' title='bbox 1210 1444 1438 1515; x_wconf 83' lang='lat' dir='ltr'><strong>perfecti</strong></span> <span class='ocrx_word' id='word_1_103' title='bbox 1468 1452 1523 1498; x_wconf 92' lang='lat' dir='ltr'>et</span> <span class='ocrx_word' id='word_1_104' title='bbox 1552 1449 1877 1514; x_wconf 67' lang='lat' dir='ltr'><strong>praestantes</strong></span> <span class='ocrx_word' id='word_1_105' title='bbox 1904 1454 2008 1492; x_wconf 84' lang='lat' dir='ltr'>nou</span> <span class='ocrx_word' id='word_1_106' title='bbox 2035 1440 2133 1494; x_wconf 87' lang='lat' dir='ltr'><strong>de-</strong></span> 
     </span>
    </p>
   </div>
   <div class='ocr_carea' id='block_1_17' title="bbox 547 1531 2132 1607">
    <p class='ocr_par' dir='ltr' id='par_1_17' title="bbox 547 1531 2132 1607">
     <span class='ocr_line' id='line_1_17' title="bbox 547 1531 2132 1607; baseline -0.01 -9"><span class='ocrx_word' id='word_1_107' title='bbox 547 1543 867 1598; x_wconf 89' lang='lat' dir='ltr'><strong>siderarunt</strong></span> <span class='ocrx_word' id='word_1_108' title='bbox 894 1540 1078 1594; x_wconf 87' lang='lat' dir='ltr'><strong>videre</strong></span> <span class='ocrx_word' id='word_1_109' title='bbox 1107 1553 1230 1607; x_wconf 69' lang='lat' dir='ltr'><strong>qua:</strong></span> <span class='ocrx_word' id='word_1_110' title='bbox 1272 1537 1525 1590; x_wconf 88' lang='lat' dir='ltr'><strong>viderunt</strong></span> <span class='ocrx_word' id='word_1_111' title='bbox 1569 1531 1842 1604; x_wconf 89' lang='lat' dir='ltr'><strong>apostoli;</strong></span> <span class='ocrx_word' id='word_1_112' title='bbox 1877 1531 2132 1584; x_wconf 88' lang='lat' dir='ltr'><strong>viderunt</strong></span> 
     </span>
    </p>
   </div>
   <div class='ocr_carea' id='block_1_18' title="bbox 546 1621 2130 1703">
    <p class='ocr_par' dir='ltr' id='par_1_18' title="bbox 546 1621 2130 1703">
     <span class='ocr_line' id='line_1_18' title="bbox 546 1621 2130 1703; baseline -0.009 -12"><span class='ocrx_word' id='word_1_113' title='bbox 546 1637 692 1692; x_wconf 85' lang='lat' dir='ltr'><strong>enim</strong></span> <span class='ocrx_word' id='word_1_114' title='bbox 741 1635 878 1703; x_wconf 87' lang='lat' dir='ltr'><strong>ipsa.</strong></span> <span class='ocrx_word' id='word_1_115' title='bbox 930 1631 1033 1698; x_wconf 86' lang='lat' dir='ltr'>Qui</span> <span class='ocrx_word' id='word_1_116' title='bbox 1085 1644 1214 1685; x_wconf 85' lang='lat' dir='ltr'><strong>vero</strong></span> <span class='ocrx_word' id='word_1_117' title='bbox 1261 1642 1369 1682; x_wconf 88' lang='lat' dir='ltr'>non</span> <span class='ocrx_word' id='word_1_118' title='bbox 1418 1640 1572 1694; x_wconf 57' lang='lat' dir='ltr'><strong>atque</strong></span> <span class='ocrx_word' id='word_1_119' title='bbox 1605 1634 1771 1694; x_wconf 86' lang='lat' dir='ltr'><strong>atque</strong></span> <span class='ocrx_word' id='word_1_120' title='bbox 1801 1624 1855 1677; x_wconf 87' lang='lat' dir='ltr'><strong>hi</strong></span> <span class='ocrx_word' id='word_1_121' title='bbox 1890 1621 2130 1678; x_wconf 82' lang='lat' dir='ltr'><strong>assecuti</strong></span> 
     </span>
    </p>
   </div>
   <div class='ocr_carea' id='block_1_19' title="bbox 546 1715 2129 1790">
    <p class='ocr_par' dir='ltr' id='par_1_19' title="bbox 546 1715 2129 1790">
     <span class='ocr_line' id='line_1_19' title="bbox 546 1715 2129 1790; baseline -0.011 -8"><span class='ocrx_word' id='word_1_122' title='bbox 546 1735 696 1790; x_wconf 83' lang='lat' dir='ltr'><strong>stmt,</strong></span> <span class='ocrx_word' id='word_1_123' title='bbox 735 1735 798 1780; x_wconf 93' lang='lat' dir='ltr'>ut</span> <span class='ocrx_word' id='word_1_124' title='bbox 826 1727 895 1780; x_wconf 91' lang='lat' dir='ltr'>ad</span> <span class='ocrx_word' id='word_1_125' title='bbox 923 1722 1260 1777; x_wconf 81' lang='lat' dir='ltr'><strong>altitudinem</strong></span> <span class='ocrx_word' id='word_1_126' title='bbox 1308 1717 1580 1774; x_wconf 86' lang='lat' dir='ltr'><strong>sermonis</strong></span> <span class='ocrx_word' id='word_1_127' title='bbox 1617 1715 2002 1778; x_wconf 87' lang='lat' dir='ltr'><strong>ascenderiut,</strong></span> <span class='ocrx_word' id='word_1_128' title='bbox 2032 1728 2129 1783; x_wconf 87' lang='lat' dir='ltr'>ap-</span> 
     </span>
    </p>
   </div>
   <div class='ocr_carea' id='block_1_20' title="bbox 545 1785 2207 1892">
    <p class='ocr_par' dir='ltr' id='par_1_20' title="bbox 545 1785 2207 1892">
     <span class='ocr_line' id='line_1_20' title="bbox 545 1785 2207 1892; baseline -0.01 -16"><span class='ocrx_word' id='word_1_129' title='bbox 545 1819 857 1892; x_wconf 86' lang='lat' dir='ltr'><strong>petiverunt</strong></span> <span class='ocrx_word' id='word_1_130' title='bbox 905 1831 967 1871; x_wconf 92' lang='lat' dir='ltr'>ea</span> <span class='ocrx_word' id='word_1_131' title='bbox 996 1830 1116 1885; x_wconf 67' lang='lat' dir='ltr'><strong>quae</strong></span> <span class='ocrx_word' id='word_1_132' title='bbox 1145 1811 1377 1882; x_wconf 80' lang='lat' dir='ltr'><strong>apostoli</strong></span> <span class='ocrx_word' id='word_1_133' title='bbox 1412 1826 1510 1880; x_wconf 90' lang='lat' dir='ltr'>per</span> <span class='ocrx_word' id='word_1_134' title='bbox 1549 1809 1831 1864; x_wconf 83' lang='lat' dir='ltr'><strong>Christum</strong></span> <span class='ocrx_word' id='word_1_135' title='bbox 1860 1820 2134 1878; x_wconf 87' lang='lat' dir='ltr'><strong>cognove-</strong></span> <span class='ocrx_word' id='word_1_136' title='bbox 2163 1785 2207 1842; x_wconf 75' lang='grc' dir='ltr'><strong><em>Β</em></strong></span> 
     </span>
    </p>
   </div>
   <div class='ocr_carea' id='block_1_21' title="bbox 547 1901 2131 1972">
    <p class='ocr_par' dir='ltr' id='par_1_21' title="bbox 547 1901 2131 1972">
     <span class='ocr_line' id='line_1_21' title="bbox 547 1901 2131 1972; baseline -0.011 -4"><span class='ocrx_word' id='word_1_137' title='bbox 547 1922 696 1968; x_wconf 85' lang='lat' dir='ltr'><strong>runt.</strong></span> <span class='ocrx_word' id='word_1_138' title='bbox 755 1909 892 1965; x_wconf 88' lang='lat' dir='ltr'><strong>Nam</strong></span> <span class='ocrx_word' id='word_1_139' title='bbox 944 1907 1072 1963; x_wconf 91' lang='lat' dir='ltr'><strong>illud</strong></span> <span class='ocrx_word' id='word_1_140' title='bbox 1127 1905 1308 1961; x_wconf 78' lang='lat' dir='ltr'><strong>uidere</strong></span> <span class='ocrx_word' id='word_1_141' title='bbox 1355 1920 1462 1958; x_wconf 91' lang='lat' dir='ltr'>non</span> <span class='ocrx_word' id='word_1_142' title='bbox 1514 1901 1876 1972; x_wconf 82' lang='lat' dir='ltr'><strong>corporaliter</strong></span> <span class='ocrx_word' id='word_1_143' title='bbox 1925 1901 2131 1955; x_wconf 91' lang='lat' dir='ltr'><strong>dictum</strong></span> 
     </span>
    </p>
   </div>
   <div class='ocr_carea' id='block_1_22' title="bbox 547 1991 2135 2075">
    <p class='ocr_par' dir='ltr' id='par_1_22' title="bbox 547 1991 2135 2075">
     <span class='ocr_line' id='line_1_22' title="bbox 547 1991 2135 2075; baseline -0.01 -13"><span class='ocrx_word' id='word_1_144' title='bbox 547 2007 718 2064; x_wconf 79' lang='lat' dir='ltr'><strong>fuisse</strong></span> <span class='ocrx_word' id='word_1_145' title='bbox 743 2001 1086 2075; x_wconf 87' lang='lat' dir='ltr'><strong>interpretati</strong></span> <span class='ocrx_word' id='word_1_146' title='bbox 1115 2014 1306 2056; x_wconf 86' lang='lat' dir='ltr'><strong>sumus</strong></span> <span class='ocrx_word' id='word_1_147' title='bbox 1327 2037 1344 2063; x_wconf 91' lang='lat'>,</span> <span class='ocrx_word' id='word_1_148' title='bbox 1391 1994 1850 2066; x_wconf 86' lang='lat' dir='ltr'><strong>quemadmodum</strong></span> <span class='ocrx_word' id='word_1_149' title='bbox 1876 1993 2042 2049; x_wconf 87' lang='lat' dir='ltr'><strong>etiam</strong></span> <span class='ocrx_word' id='word_1_150' title='bbox 2069 1991 2135 2047; x_wconf 88' lang='lat' dir='ltr'><strong>il-</strong></span> 
     </span>
    </p>
   </div>
   <div class='ocr_carea' id='block_1_23' title="bbox 544 2087 2130 2168">
    <p class='ocr_par' dir='ltr' id='par_1_23' title="bbox 544 2087 2130 2168">
     <span class='ocr_line' id='line_1_23' title="bbox 544 2087 2130 2168; baseline -0.011 -11"><span class='ocrx_word' id='word_1_151' title='bbox 544 2100 640 2156; x_wconf 87' lang='lat' dir='ltr'>lud</span> <span class='ocrx_word' id='word_1_152' title='bbox 691 2099 881 2154; x_wconf 77' lang='lat' dir='ltr'><strong>audire</strong></span> <span class='ocrx_word' id='word_1_153' title='bbox 939 2093 1298 2168; x_wconf 88' lang='lat' dir='ltr'><strong>spiritualiter</strong></span> <span class='ocrx_word' id='word_1_154' title='bbox 1357 2090 1634 2160; x_wconf 88' lang='lat' dir='ltr'><strong>prolatum</strong></span> <span class='ocrx_word' id='word_1_155' title='bbox 1691 2087 2060 2142; x_wconf 89' lang='lat' dir='ltr'><strong>intelleximus</strong></span> <span class='ocrx_word' id='word_1_156' title='bbox 2117 2103 2130 2139; x_wconf 92' lang='lat'><strong>:</strong></span> 
     </span>
    </p>
   </div>
   <div class='ocr_carea' id='block_1_24' title="bbox 545 2182 2135 2265">
    <p class='ocr_par' dir='ltr' id='par_1_24' title="bbox 545 2182 2135 2265">
     <span class='ocr_line' id='line_1_24' title="bbox 545 2182 2135 2265; baseline -0.008 -19"><span class='ocrx_word' id='word_1_157' title='bbox 545 2195 750 2265; x_wconf 87' lang='lat' dir='ltr'><strong>quippe</strong></span> <span class='ocrx_word' id='word_1_158' title='bbox 780 2205 905 2248; x_wconf 92' lang='lat' dir='ltr'>cum</span> <span class='ocrx_word' id='word_1_159' title='bbox 948 2190 995 2246; x_wconf 87' lang='lat' dir='ltr'><strong>is</strong></span> <span class='ocrx_word' id='word_1_160' title='bbox 1021 2188 1172 2244; x_wconf 85' lang='lat' dir='ltr'><strong>solus</strong></span> <span class='ocrx_word' id='word_1_161' title='bbox 1202 2200 1368 2241; x_wconf 86' lang='lat' dir='ltr'><strong>aures</strong></span> <span class='ocrx_word' id='word_1_162' title='bbox 1416 2182 1696 2254; x_wconf 80' lang='lat' dir='ltr'><strong>possideat</strong></span> <span class='ocrx_word' id='word_1_163' title='bbox 1727 2183 1820 2252; x_wconf 91' lang='lat' dir='ltr'><strong>qui</strong></span> <span class='ocrx_word' id='word_1_164' title='bbox 1863 2196 1960 2236; x_wconf 89' lang='lat' dir='ltr'>eas</span> <span class='ocrx_word' id='word_1_165' title='bbox 1991 2196 2135 2250; x_wconf 69' lang='lat' dir='ltr'><strong>prae-</strong></span> 
     </span>
    </p>
   </div>
   <div class='ocr_carea' id='block_1_25' title="bbox 546 2272 2135 2357">
    <p class='ocr_par' dir='ltr' id='par_1_25' title="bbox 546 2272 2135 2357">
     <span class='ocr_line' id='line_1_25' title="bbox 546 2272 2135 2357; baseline -0.009 -17"><span class='ocrx_word' id='word_1_166' title='bbox 546 2283 832 2357; x_wconf 83' lang='lat' dir='ltr'><strong>paraverit</strong></span> <span class='ocrx_word' id='word_1_167' title='bbox 879 2280 948 2336; x_wconf 84' lang='lat' dir='ltr'>ad</span> <span class='ocrx_word' id='word_1_168' title='bbox 988 2277 1320 2334; x_wconf 90' lang='lat' dir='ltr'><strong>audiendum</strong></span> <span class='ocrx_word' id='word_1_169' title='bbox 1369 2289 1654 2331; x_wconf 87' lang='lat' dir='ltr'><strong>sermones</strong></span> <span class='ocrx_word' id='word_1_170' title='bbox 1680 2272 1809 2328; x_wconf 79' lang='lat' dir='ltr'><strong>.lesu</strong></span> <span class='ocrx_word' id='word_1_171' title='bbox 1842 2289 1859 2326; x_wconf 91' lang='lat'><strong>:</strong></span> <span class='ocrx_word' id='word_1_172' title='bbox 1894 2287 2019 2343; x_wconf 71' lang='lat' dir='ltr'><strong>quae</strong></span> <span class='ocrx_word' id='word_1_173' title='bbox 2048 2285 2135 2326; x_wconf 85' lang='lat' dir='ltr'>res</span> 
     </span>
    </p>
   </div>
   <div class='ocr_carea' id='block_1_26' title="bbox 543 2366 2134 2444">
    <p class='ocr_par' dir='ltr' id='par_1_26' title="bbox 543 2366 2134 2444">
     <span class='ocr_line' id='line_1_26' title="bbox 543 2366 2134 2444; baseline -0.01 -9"><span class='ocrx_word' id='word_1_174' title='bbox 543 2379 690 2434; x_wconf 85' lang='lat' dir='ltr'><strong>haud</strong></span> <span class='ocrx_word' id='word_1_175' title='bbox 719 2378 792 2432; x_wconf 91' lang='lat' dir='ltr'><strong>ita</strong></span> <span class='ocrx_word' id='word_1_176' title='bbox 826 2373 1146 2444; x_wconf 71' lang='lat' dir='ltr'><strong>frequenter</strong></span> <span class='ocrx_word' id='word_1_177' title='bbox 1177 2368 1440 2440; x_wconf 84' lang='lat' dir='ltr'><strong>obtingit.</strong></span> <span class='ocrx_word' id='word_1_178' title='bbox 1466 2366 1588 2422; x_wconf 73' lang='lat' dir='ltr'>lam</span> <span class='ocrx_word' id='word_1_179' title='bbox 1621 2382 1751 2422; x_wconf 88' lang='lat' dir='ltr'><strong>vero</strong></span> <span class='ocrx_word' id='word_1_180' title='bbox 1779 2377 2003 2422; x_wconf 86' lang='lat' dir='ltr'><strong>sanctos</strong></span> <span class='ocrx_word' id='word_1_181' title='bbox 2027 2380 2134 2420; x_wconf 70' lang='lat' dir='ltr'><strong>caa-</strong></span> 
     </span>
    </p>
   </div>
   <div class='ocr_carea' id='block_1_27' title="bbox 550 2457 2134 2530">
    <p class='ocr_par' dir='ltr' id='par_1_27' title="bbox 550 2457 2134 2530">
     <span class='ocr_line' id='line_1_27' title="bbox 550 2457 2134 2530; baseline -0.009 -5"><span class='ocrx_word' id='word_1_182' title='bbox 550 2470 688 2527; x_wconf 92' lang='lat' dir='ltr'><strong>teris</strong></span> <span class='ocrx_word' id='word_1_183' title='bbox 720 2464 1072 2524; x_wconf 82' lang='lat' dir='ltr'><strong>credentibus</strong></span> <span class='ocrx_word' id='word_1_184' title='bbox 1103 2464 1371 2518; x_wconf 88' lang='lat' dir='ltr'><strong>habentes</strong></span> <span class='ocrx_word' id='word_1_185' title='bbox 1416 2461 1538 2529; x_wconf 87' lang='lat' dir='ltr'><strong>plus</strong></span> <span class='ocrx_word' id='word_1_186' title='bbox 1577 2460 1856 2530; x_wconf 88' lang='lat' dir='ltr'><strong>quidpiam</strong></span> <span class='ocrx_word' id='word_1_187' title='bbox 1883 2498 1900 2524; x_wconf 89' lang='lat'>,</span> <span class='ocrx_word' id='word_1_188' title='bbox 1935 2457 2134 2514; x_wconf 85' lang='lat' dir='ltr'><strong>divini-</strong></span> 
     </span>
    </p>
   </div>
   <div class='ocr_carea' id='block_1_28' title="bbox 549 2550 2128 2631">
    <p class='ocr_par' dir='ltr' id='par_1_28' title="bbox 549 2550 2128 2631">
     <span class='ocr_line' id='line_1_28' title="bbox 549 2550 2128 2631; baseline -0.008 -15"><span class='ocrx_word' id='word_1_189' title='bbox 549 2562 680 2616; x_wconf 87' lang='lat' dir='ltr'><strong>tatis</strong></span> <span class='ocrx_word' id='word_1_190' title='bbox 708 2557 968 2631; x_wconf 85' lang='lat' dir='ltr'><strong>mysteria</strong></span> <span class='ocrx_word' id='word_1_191' title='bbox 1003 2566 1134 2611; x_wconf 85' lang='lat' dir='ltr'><strong>ante</strong></span> <span class='ocrx_word' id='word_1_192' title='bbox 1180 2553 1523 2625; x_wconf 84' lang='lat' dir='ltr'><strong>corporalem</strong></span> <span class='ocrx_word' id='word_1_193' title='bbox 1555 2550 1687 2608; x_wconf 83' lang='lat' dir='ltr'><strong>Jesu</strong></span> <span class='ocrx_word' id='word_1_194' title='bbox 1715 2551 2010 2607; x_wconf 81' lang='lat' dir='ltr'><strong>adventum</strong></span> <span class='ocrx_word' id='word_1_195' title='bbox 2043 2551 2128 2604; x_wconf 91' lang='lat' dir='ltr'>iu-</span> 
     </span>
    </p>
   </div>
   <div class='ocr_carea' id='block_1_29' title="bbox 548 2643 2134 2715">
    <p class='ocr_par' dir='ltr' id='par_1_29' title="bbox 548 2643 2134 2715">
     <span class='ocr_line' id='line_1_29' title="bbox 548 2643 2134 2715; baseline -0.005 -11"><span class='ocrx_word' id='word_1_196' title='bbox 548 2649 851 2715; x_wconf 87' lang='lat' dir='ltr'><strong>tellexisse,</strong></span> <span class='ocrx_word' id='word_1_197' title='bbox 905 2647 1000 2704; x_wconf 88' lang='lat' dir='ltr'><strong>Dei</strong></span> <span class='ocrx_word' id='word_1_198' title='bbox 1052 2645 1324 2701; x_wconf 88' lang='lat' dir='ltr'><strong>Sermone</strong></span> <span class='ocrx_word' id='word_1_199' title='bbox 1365 2659 1464 2699; x_wconf 90' lang='lat' dir='ltr'>eos</span> <span class='ocrx_word' id='word_1_200' title='bbox 1495 2644 1757 2700; x_wconf 87' lang='lat' dir='ltr'><strong>edocente</strong></span> <span class='ocrx_word' id='word_1_201' title='bbox 1787 2643 1952 2698; x_wconf 89' lang='lat' dir='ltr'><strong>etiam</strong></span> <span class='ocrx_word' id='word_1_202' title='bbox 1981 2649 2134 2696; x_wconf 87' lang='lat' dir='ltr'><strong>aute-</strong></span> 
     </span>
    </p>
   </div>
   <div class='ocr_carea' id='block_1_30' title="bbox 547 2732 2133 2814">
    <p class='ocr_par' dir='ltr' id='par_1_30' title="bbox 547 2732 2133 2814">
     <span class='ocr_line' id='line_1_30' title="bbox 547 2732 2133 2814; baseline -0.006 -17"><span class='ocrx_word' id='word_1_203' title='bbox 547 2757 712 2814; x_wconf 87' lang='lat' dir='ltr'><strong>quam</strong></span> <span class='ocrx_word' id='word_1_204' title='bbox 752 2755 884 2797; x_wconf 80' lang='lat' dir='ltr'><strong>caro</strong></span> <span class='ocrx_word' id='word_1_205' title='bbox 913 2740 1071 2796; x_wconf 84' lang='lat' dir='ltr'><strong>tieret</strong></span> <span class='ocrx_word' id='word_1_206' title='bbox 1115 2745 1264 2808; x_wconf 85' lang='lat' dir='ltr'><strong>(nam</strong></span> <span class='ocrx_word' id='word_1_207' title='bbox 1290 2749 1512 2805; x_wconf 82' lang='lat' dir='ltr'><strong>semper</strong></span> <span class='ocrx_word' id='word_1_208' title='bbox 1551 2743 1814 2806; x_wconf 79' lang='lat' dir='ltr'><strong>Operatur</strong></span> <span class='ocrx_word' id='word_1_209' title='bbox 1837 2775 1854 2801; x_wconf 99' lang='lat'>,</span> <span class='ocrx_word' id='word_1_210' title='bbox 1887 2732 2133 2788; x_wconf 87' lang='lat' dir='ltr'><strong>imitator</strong></span> 
     </span>
    </p>
   </div>
   <div class='ocr_carea' id='block_1_31' title="bbox 546 2828 2134 2902">
    <p class='ocr_par' dir='ltr' id='par_1_31' title="bbox 546 2828 2134 2902">
     <span class='ocr_line' id='line_1_31' title="bbox 546 2828 2134 2902; baseline -0.006 -12"><span class='ocrx_word' id='word_1_211' title='bbox 546 2834 728 2890; x_wconf 85' lang='lat' dir='ltr'><strong>Patris</strong></span> <span class='ocrx_word' id='word_1_212' title='bbox 756 2849 878 2890; x_wconf 90' lang='lat' dir='ltr'>cum</span> <span class='ocrx_word' id='word_1_213' title='bbox 911 2833 1026 2899; x_wconf 94' lang='lat' dir='ltr'><strong>sit,</strong></span> <span class='ocrx_word' id='word_1_214' title='bbox 1054 2832 1122 2888; x_wconf 87' lang='lat' dir='ltr'>de</span> <span class='ocrx_word' id='word_1_215' title='bbox 1149 2846 1260 2902; x_wconf 93' lang='lat' dir='ltr'><strong>quo</strong></span> <span class='ocrx_word' id='word_1_216' title='bbox 1296 2830 1473 2884; x_wconf 86' lang='lat' dir='ltr'><strong>dicit:</strong></span> <span class='ocrx_word' id='word_1_217' title='bbox 1510 2847 1530 2881; x_wconf 81' lang='grc' dir='ltr'>ι</span> <span class='ocrx_word' id='word_1_218' title='bbox 1566 2828 1732 2884; x_wconf 79' lang='lat' dir='ltr'><strong>Pater</strong></span> <span class='ocrx_word' id='word_1_219' title='bbox 1762 2842 1916 2883; x_wconf 90' lang='lat' dir='ltr'><strong>meus</strong></span> <span class='ocrx_word' id='word_1_220' title='bbox 1963 2840 2134 2896; x_wconf 86' lang='lat' dir='ltr'><strong>usque</strong></span> 
     </span>
    </p>
   </div>
   <div class='ocr_carea' id='block_1_32' title="bbox 548 2919 2134 2994">
    <p class='ocr_par' dir='ltr' id='par_1_32' title="bbox 548 2919 2134 2994">
     <span class='ocr_line' id='line_1_32' title="bbox 548 2919 2134 2994; baseline -0.004 -15"><span class='ocrx_word' id='word_1_221' title='bbox 548 2925 711 2981; x_wconf 90' lang='lat' dir='ltr'><strong>modo</strong></span> <span class='ocrx_word' id='word_1_222' title='bbox 736 2934 1000 2994; x_wconf 88' lang='lat' dir='ltr'><strong>operatur</strong></span> <span class='ocrx_word' id='word_1_223' title='bbox 1023 2923 1069 2955; x_wconf 85' lang='grc'>¹⁶</span> <span class='ocrx_word' id='word_1_224' title='bbox 1104 2922 1176 2992; x_wconf 75' lang='grc' dir='ltr'>ι),</span> <span class='ocrx_word' id='word_1_225' title='bbox 1211 2922 1564 2978; x_wconf 87' lang='lat' dir='ltr'><strong>considerare</strong></span> <span class='ocrx_word' id='word_1_226' title='bbox 1595 2921 1726 2976; x_wconf 90' lang='lat' dir='ltr'><strong>licet</strong></span> <span class='ocrx_word' id='word_1_227' title='bbox 1751 2934 1818 2975; x_wconf 83' lang='lat' dir='ltr'>ex</span> <span class='ocrx_word' id='word_1_228' title='bbox 1850 2919 1936 2975; x_wconf 92' lang='lat' dir='ltr'>bis</span> <span class='ocrx_word' id='word_1_229' title='bbox 1969 2919 2134 2974; x_wconf 87' lang='lat' dir='ltr'><strong>etiam</strong></span> 
     </span>
    </p>
   </div>
   <div class='ocr_carea' id='block_1_33' title="bbox 548 3013 2136 3082">
    <p class='ocr_par' dir='ltr' id='par_1_33' title="bbox 548 3013 2136 3082">
     <span class='ocr_line' id='line_1_33' title="bbox 548 3013 2136 3082; baseline -0.006 -8"><span class='ocrx_word' id='word_1_230' title='bbox 548 3018 882 3074; x_wconf 82' lang='lat' dir='ltr'><strong>dictionibus</strong></span> <span class='ocrx_word' id='word_1_231' title='bbox 907 3057 924 3082; x_wconf 91' lang='lat'>,</span> <span class='ocrx_word' id='word_1_232' title='bbox 978 3017 1068 3072; x_wconf 93' lang='lat' dir='ltr'><strong>ubi</strong></span> <span class='ocrx_word' id='word_1_233' title='bbox 1106 3015 1420 3071; x_wconf 75' lang='lat' dir='ltr'><strong>Sadductcis</strong></span> <span class='ocrx_word' id='word_1_234' title='bbox 1468 3031 1576 3072; x_wconf 87' lang='lat' dir='ltr'>non</span> <span class='ocrx_word' id='word_1_235' title='bbox 1610 3013 1966 3070; x_wconf 86' lang='lat' dir='ltr'><strong>credentibus</strong></span> <span class='ocrx_word' id='word_1_236' title='bbox 2014 3026 2136 3066; x_wconf 79' lang='lat' dir='ltr'><strong>ser-</strong></span> 
     </span>
    </p>
   </div>
   <div class='ocr_carea' id='block_1_34' title="bbox 2232 516 3824 596">
    <p class='ocr_par' dir='ltr' id='par_1_34' title="bbox 2232 516 3824 596">
     <span class='ocr_line' id='line_1_34' title="bbox 2232 516 3824 596; baseline 0.004 -27"><span class='ocrx_word' id='word_1_237' title='bbox 2232 516 2308 570; x_wconf 85' lang='grc' dir='ltr'>ῶν</span> <span class='ocrx_word' id='word_1_238' title='bbox 2334 517 2580 571; x_wconf 84' lang='grc' dir='ltr'>διδάσκει</span> <span class='ocrx_word' id='word_1_239' title='bbox 2613 520 2760 588; x_wconf 74' lang='grc' dir='ltr'>ἡμᾶς</span> <span class='ocrx_word' id='word_1_240' title='bbox 2792 519 2884 572; x_wconf 89' lang='grc' dir='ltr'>τὸν</span> <span class='ocrx_word' id='word_1_241' title='bbox 2927 519 3178 592; x_wconf 75' lang='grc' dir='ltr'>Ἀϐραὰμ</span> <span class='ocrx_word' id='word_1_242' title='bbox 3205 520 3587 590; x_wconf 76' lang='grc' dir='ltr'>ἠγαλλιᾶσθαι,</span> <span class='ocrx_word' id='word_1_243' title='bbox 3615 523 3708 577; x_wconf 83' lang='grc' dir='ltr'>ἵνα</span> <span class='ocrx_word' id='word_1_244' title='bbox 3739 523 3824 596; x_wconf 65' lang='lat' dir='ltr'>[an</span> 
     </span>
    </p>
   </div>
   <div class='ocr_carea' id='block_1_35' title="bbox 2235 609 3825 684">
    <p class='ocr_par' dir='ltr' id='par_1_35' title="bbox 2235 609 3825 684">
     <span class='ocr_line' id='line_1_35' title="bbox 2235 609 3825 684; baseline 0.002 -21"><span class='ocrx_word' id='word_1_245' title='bbox 2235 609 2333 682; x_wconf 82' lang='grc' dir='ltr'>τὴν</span> <span class='ocrx_word' id='word_1_246' title='bbox 2368 611 2582 682; x_wconf 78' lang='grc' dir='ltr'>ἡμέραν</span> <span class='ocrx_word' id='word_1_247' title='bbox 2611 610 2798 670; x_wconf 84' lang='grc' dir='ltr'>αὑτοῦ.</span> <span class='ocrx_word' id='word_1_248' title='bbox 2849 613 2944 665; x_wconf 69' lang='grc' dir='ltr'>καὶ</span> <span class='ocrx_word' id='word_1_249' title='bbox 2977 613 3035 665; x_wconf 85' lang='grc' dir='ltr'>ἐν</span> <span class='ocrx_word' id='word_1_250' title='bbox 3065 615 3212 684; x_wconf 78' lang='grc' dir='ltr'>χαρᾷ</span> <span class='ocrx_word' id='word_1_251' title='bbox 3245 613 3548 682; x_wconf 88' lang='grc' dir='ltr'>γεγονέναι.</span> <span class='ocrx_word' id='word_1_252' title='bbox 3604 616 3718 669; x_wconf 68' lang='grc' dir='ltr'>Καὶ</span> <span class='ocrx_word' id='word_1_253' title='bbox 3761 618 3825 668; x_wconf 82' lang='grc' dir='ltr'>τὸ</span> 
     </span>
    </p>
   </div>
   <div class='ocr_carea' id='block_1_36' title="bbox 2239 703 3820 778">
    <p class='ocr_par' dir='ltr' id='par_1_36' title="bbox 2239 703 3820 778">
     <span class='ocr_line' id='line_1_36' title="bbox 2239 703 3820 778; baseline 0.004 -24"><span class='ocrx_word' id='word_1_254' title='bbox 2239 722 2257 754; x_wconf 80' lang='grc' dir='ltr'>ι</span> <span class='ocrx_word' id='word_1_255' title='bbox 2284 705 2378 757; x_wconf 87' lang='grc' dir='ltr'>Ἐκ</span> <span class='ocrx_word' id='word_1_256' title='bbox 2407 704 2502 758; x_wconf 91' lang='grc' dir='ltr'>τοῦ</span> <span class='ocrx_word' id='word_1_257' title='bbox 2523 703 2896 776; x_wconf 84' lang='grc' dir='ltr'>πληρώματος</span> <span class='ocrx_word' id='word_1_258' title='bbox 2911 705 3076 758; x_wconf 80' lang='grc' dir='ltr'>αὑτοῦ</span> <span class='ocrx_word' id='word_1_259' title='bbox 3090 709 3250 777; x_wconf 73' lang='grc' dir='ltr'>ἡμεῖς</span> <span class='ocrx_word' id='word_1_260' title='bbox 3269 707 3470 771; x_wconf 88' lang='grc' dir='ltr'>πάντες</span> <span class='ocrx_word' id='word_1_261' title='bbox 3497 707 3785 778; x_wconf 89' lang='grc' dir='ltr'>ἐλάϐομεν,</span> <span class='ocrx_word' id='word_1_262' title='bbox 3801 727 3820 760; x_wconf 73' lang='grc' dir='ltr'>ι</span> 
     </span>
    </p>
   </div>
   <div class='ocr_carea' id='block_1_37' title="bbox 2233 796 3826 872">
    <p class='ocr_par' dir='ltr' id='par_1_37' title="bbox 2233 796 3826 872">
     <span class='ocr_line' id='line_1_37' title="bbox 2233 796 3826 872; baseline 0.003 -24"><span class='ocrx_word' id='word_1_263' title='bbox 2233 797 2328 848; x_wconf 75' lang='grc' dir='ltr'>καὶ</span> <span class='ocrx_word' id='word_1_264' title='bbox 2353 797 2435 860; x_wconf 89' lang='grc' dir='ltr'>τὸ,</span> <span class='ocrx_word' id='word_1_265' title='bbox 2476 815 2495 846; x_wconf 82' lang='grc' dir='ltr'>ι</span> <span class='ocrx_word' id='word_1_266' title='bbox 2527 796 2686 868; x_wconf 83' lang='grc' dir='ltr'>χάριν</span> <span class='ocrx_word' id='word_1_267' title='bbox 2711 796 2833 849; x_wconf 70' lang='grc' dir='ltr'>ἀντὶ</span> <span class='ocrx_word' id='word_1_268' title='bbox 2862 798 3102 868; x_wconf 90' lang='grc' dir='ltr'>χάριτος.</span> <span class='ocrx_word' id='word_1_269' title='bbox 3129 819 3147 849; x_wconf 72' lang='grc' dir='ltr'>ι</span> <span class='ocrx_word' id='word_1_270' title='bbox 3168 797 3244 861; x_wconf 89' lang='grc' dir='ltr'>ώς</span> <span class='ocrx_word' id='word_1_271' title='bbox 3273 801 3329 851; x_wconf 85' lang='grc' dir='ltr'>ἐν</span> <span class='ocrx_word' id='word_1_272' title='bbox 3348 801 3460 863; x_wconf 90' lang='grc' dir='ltr'>τοῖς</span> <span class='ocrx_word' id='word_1_273' title='bbox 3492 799 3597 872; x_wconf 78' lang='grc' dir='ltr'>πρὸ</span> <span class='ocrx_word' id='word_1_274' title='bbox 3615 800 3826 854; x_wconf 88' lang='grc' dir='ltr'>τούτων</span> 
     </span>
    </p>
   </div>
   <div class='ocr_carea' id='block_1_38' title="bbox 2232 889 3825 964">
    <p class='ocr_par' dir='ltr' id='par_1_38' title="bbox 2232 889 3825 964">
     <span class='ocr_line' id='line_1_38' title="bbox 2232 889 3825 964; baseline 0.003 -23"><span class='ocrx_word' id='word_1_275' title='bbox 2232 889 2564 960; x_wconf 78' lang='grc' dir='ltr'>εξρήκαμεν,</span> <span class='ocrx_word' id='word_1_276' title='bbox 2598 889 2748 960; x_wconf 87' lang='grc' dir='ltr'>δηλοῖ</span> <span class='ocrx_word' id='word_1_277' title='bbox 2780 892 2874 944; x_wconf 71' lang='grc' dir='ltr'>καὶ</span> <span class='ocrx_word' id='word_1_278' title='bbox 2903 893 3028 954; x_wconf 81' lang='grc' dir='ltr'>τοὺς</span> <span class='ocrx_word' id='word_1_279' title='bbox 3059 894 3345 964; x_wconf 72' lang='grc' dir='ltr'>προφήτας</span> <span class='ocrx_word' id='word_1_280' title='bbox 3382 893 3490 945; x_wconf 87' lang='grc' dir='ltr'>ἀπὸ</span> <span class='ocrx_word' id='word_1_281' title='bbox 3533 892 3626 946; x_wconf 88' lang='grc' dir='ltr'>τοῦ</span> <span class='ocrx_word' id='word_1_282' title='bbox 3680 892 3825 962; x_wconf 85' lang='grc' dir='ltr'>πλη-</span> 
     </span>
    </p>
   </div>
   <div class='ocr_carea' id='block_1_39' title="bbox 2236 981 3826 1058">
    <p class='ocr_par' dir='ltr' id='par_1_39' title="bbox 2236 981 3826 1058">
     <span class='ocr_line' id='line_1_39' title="bbox 2236 981 3826 1058; baseline 0.003 -23"><span class='ocrx_word' id='word_1_283' title='bbox 2236 981 2488 1053; x_wconf 83' lang='grc' dir='ltr'>ρώματος</span> <span class='ocrx_word' id='word_1_284' title='bbox 2519 983 2756 1054; x_wconf 80' lang='grc' dir='ltr'>Χριστοῦ</span> <span class='ocrx_word' id='word_1_285' title='bbox 2791 984 2890 1056; x_wconf 76' lang='grc' dir='ltr'>τὴν</span> <span class='ocrx_word' id='word_1_286' title='bbox 2924 984 3132 1057; x_wconf 77' lang='grc' dir='ltr'>δωρεὰν</span> <span class='ocrx_word' id='word_1_287' title='bbox 3165 987 3564 1058; x_wconf 76' lang='grc' dir='ltr'>κεχωρηκέναι,</span> <span class='ocrx_word' id='word_1_288' title='bbox 3597 987 3696 1039; x_wconf 73' lang='grc' dir='ltr'>καὶ</span> <span class='ocrx_word' id='word_1_289' title='bbox 3725 986 3826 1056; x_wconf 73' lang='grc' dir='ltr'>τὴν</span> 
     </span>
    </p>
   </div>
   <div class='ocr_carea' id='block_1_40' title="bbox 2232 1076 3823 1152">
    <p class='ocr_par' dir='ltr' id='par_1_40' title="bbox 2232 1076 3823 1152">
     <span class='ocr_line' id='line_1_40' title="bbox 2232 1076 3823 1152; baseline 0.002 -22"><span class='ocrx_word' id='word_1_290' title='bbox 2232 1076 2488 1147; x_wconf 77' lang='grc' dir='ltr'>δευτέραν</span> <span class='ocrx_word' id='word_1_291' title='bbox 2515 1077 2676 1148; x_wconf 83' lang='grc' dir='ltr'>χάριν</span> <span class='ocrx_word' id='word_1_292' title='bbox 2704 1079 2824 1132; x_wconf 81' lang='grc' dir='ltr'>ἀντὶ</span> <span class='ocrx_word' id='word_1_293' title='bbox 2847 1079 2946 1148; x_wconf 82' lang='grc' dir='ltr'>τῆς</span> <span class='ocrx_word' id='word_1_294' title='bbox 2979 1079 3254 1151; x_wconf 72' lang='grc' dir='ltr'>προτέρας</span> <span class='ocrx_word' id='word_1_295' title='bbox 3283 1081 3480 1144; x_wconf 75' lang='grc' dir='ltr'>αὐτοὺς</span> <span class='ocrx_word' id='word_1_296' title='bbox 3504 1081 3788 1152; x_wconf 74' lang='grc' dir='ltr'>εἰληφέναι</span> <span class='ocrx_word' id='word_1_297' title='bbox 3809 1096 3823 1110; x_wconf 80' lang='grc'><strong>⁸</strong></span> 
     </span>
    </p>
   </div>
   <div class='ocr_carea' id='block_1_41' title="bbox 2234 1169 3829 1245">
    <p class='ocr_par' dir='ltr' id='par_1_41' title="bbox 2234 1169 3829 1245">
     <span class='ocr_line' id='line_1_41' title="bbox 2234 1169 3829 1245; baseline 0.003 -24"><span class='ocrx_word' id='word_1_298' title='bbox 2234 1169 2566 1237; x_wconf 79' lang='grc' dir='ltr'>ἐφθάκεισαν</span> <span class='ocrx_word' id='word_1_299' title='bbox 2598 1171 2709 1243; x_wconf 86' lang='grc' dir='ltr'>γὰρ</span> <span class='ocrx_word' id='word_1_300' title='bbox 2740 1172 2982 1224; x_wconf 81' lang='grc' dir='ltr'>κάκεῖνοι</span> <span class='ocrx_word' id='word_1_301' title='bbox 3016 1171 3122 1225; x_wconf 87' lang='grc' dir='ltr'>ὑπὸ</span> <span class='ocrx_word' id='word_1_302' title='bbox 3150 1172 3241 1226; x_wconf 88' lang='grc' dir='ltr'>τοῦ</span> <span class='ocrx_word' id='word_1_303' title='bbox 3272 1173 3587 1244; x_wconf 87' lang='grc' dir='ltr'>Πνεύματος</span> <span class='ocrx_word' id='word_1_304' title='bbox 3639 1190 3829 1245; x_wconf 88' lang='grc' dir='ltr'>χειρα-</span> 
     </span>
    </p>
   </div>
   <div class='ocr_carea' id='block_1_42' title="bbox 2234 1260 3827 1336">
    <p class='ocr_par' dir='ltr' id='par_1_42' title="bbox 2234 1260 3827 1336">
     <span class='ocr_line' id='line_1_42' title="bbox 2234 1260 3827 1336; baseline 0.003 -22"><span class='ocrx_word' id='word_1_305' title='bbox 2234 1260 2572 1332; x_wconf 88' lang='grc' dir='ltr'>γωγούμενοι</span> <span class='ocrx_word' id='word_1_306' title='bbox 2604 1303 2619 1327; x_wconf 94' lang='grc'>,</span> <span class='ocrx_word' id='word_1_307' title='bbox 2673 1262 2811 1333; x_wconf 86' lang='grc' dir='ltr'>μετά</span> <span class='ocrx_word' id='word_1_308' title='bbox 2855 1262 2952 1334; x_wconf 81' lang='grc' dir='ltr'>τὴν</span> <span class='ocrx_word' id='word_1_309' title='bbox 2986 1264 3044 1315; x_wconf 86' lang='grc' dir='ltr'>ἐν</span> <span class='ocrx_word' id='word_1_310' title='bbox 3083 1267 3194 1329; x_wconf 82' lang='grc' dir='ltr'>τοῖς</span> <span class='ocrx_word' id='word_1_311' title='bbox 3229 1265 3420 1329; x_wconf 83' lang='grc' dir='ltr'>τύποις</span> <span class='ocrx_word' id='word_1_312' title='bbox 3469 1265 3781 1336; x_wconf 75' lang='grc' dir='ltr'>εἰσαγωγὴν</span> <span class='ocrx_word' id='word_1_313' title='bbox 3811 1305 3827 1327; x_wconf 85' lang='grc'>,</span> 
     </span>
    </p>
   </div>
   <div class='ocr_carea' id='block_1_43' title="bbox 2235 1354 3829 1428">
    <p class='ocr_par' dir='ltr' id='par_1_43' title="bbox 2235 1354 3829 1428">
     <span class='ocr_line' id='line_1_43' title="bbox 2235 1354 3829 1428; baseline 0.003 -22"><span class='ocrx_word' id='word_1_314' title='bbox 2235 1354 2329 1408; x_wconf 73' lang='grc' dir='ltr'>ἐπὶ</span> <span class='ocrx_word' id='word_1_315' title='bbox 2357 1354 2455 1426; x_wconf 81' lang='grc' dir='ltr'>τὴν</span> <span class='ocrx_word' id='word_1_316' title='bbox 2489 1355 2588 1424; x_wconf 71' lang='grc' dir='ltr'>τῆς</span> <span class='ocrx_word' id='word_1_317' title='bbox 2639 1355 2900 1428; x_wconf 76' lang='grc' dir='ltr'>ἀληθείας</span> <span class='ocrx_word' id='word_1_318' title='bbox 2939 1357 3088 1411; x_wconf 88' lang='grc' dir='ltr'>θέαν.</span> <span class='ocrx_word' id='word_1_319' title='bbox 3147 1359 3347 1428; x_wconf 84' lang='grc' dir='ltr'>Διόπερ</span> <span class='ocrx_word' id='word_1_320' title='bbox 3387 1358 3448 1410; x_wconf 88' lang='grc' dir='ltr'>ού</span> <span class='ocrx_word' id='word_1_321' title='bbox 3485 1358 3690 1422; x_wconf 88' lang='grc' dir='ltr'>πάντες</span> <span class='ocrx_word' id='word_1_322' title='bbox 3729 1375 3750 1410; x_wconf 81' lang='grc' dir='ltr'>ι</span> <span class='ocrx_word' id='word_1_323' title='bbox 3781 1361 3829 1411; x_wconf 85' lang='grc' dir='ltr'>οἱ</span> 
     </span>
    </p>
   </div>
   <div class='ocr_carea' id='block_1_44' title="bbox 2234 1446 3830 1521">
    <p class='ocr_par' dir='ltr' id='par_1_44' title="bbox 2234 1446 3830 1521">
     <span class='ocr_line' id='line_1_44' title="bbox 2234 1446 3830 1521; baseline 0.003 -22"><span class='ocrx_word' id='word_1_324' title='bbox 2234 1447 2532 1518; x_wconf 75' lang='grc' dir='ltr'>προφῆται,</span> <span class='ocrx_word' id='word_1_325' title='bbox 2561 1446 2696 1502; x_wconf 79' lang='grc' dir='ltr'>ἀλλά</span> <span class='ocrx_word' id='word_1_326' title='bbox 2730 1448 2915 1503; x_wconf 82' lang='grc' dir='ltr'>πολλοὶ</span> <span class='ocrx_word' id='word_1_327' title='bbox 2943 1449 3296 1521; x_wconf 77' lang='grc' dir='ltr'>ἐπεθύμησαν</span> <span class='ocrx_word' id='word_1_328' title='bbox 3337 1449 3465 1503; x_wconf 73' lang='grc' dir='ltr'>ἰδεῖν</span> <span class='ocrx_word' id='word_1_329' title='bbox 3485 1447 3520 1500; x_wconf 81' lang='grc' dir='ltr'>ἂ</span> <span class='ocrx_word' id='word_1_330' title='bbox 3553 1469 3571 1501; x_wconf 80' lang='lat' dir='ltr'><strong>r</strong></span> <span class='ocrx_word' id='word_1_331' title='bbox 3603 1451 3656 1502; x_wconf 90' lang='grc' dir='ltr'>οἱ</span> <span class='ocrx_word' id='word_1_332' title='bbox 3689 1450 3830 1503; x_wconf 86' lang='grc' dir='ltr'>ἀπό-</span> 
     </span>
    </p>
   </div>
   <div class='ocr_carea' id='block_1_45' title="bbox 2238 1535 3832 1616">
    <p class='ocr_par' dir='ltr' id='par_1_45' title="bbox 2238 1535 3832 1616">
     <span class='ocr_line' id='line_1_45' title="bbox 2238 1535 3832 1616; baseline 0.004 -25"><span class='ocrx_word' id='word_1_333' title='bbox 2238 1538 2418 1591; x_wconf 87' lang='grc' dir='ltr'>στολοι</span> <span class='ocrx_word' id='word_1_334' title='bbox 2459 1537 2707 1594; x_wconf 72' lang='grc' dir='ltr'>ἔϐλεπον.</span> <span class='ocrx_word' id='word_1_335' title='bbox 2760 1540 2824 1593; x_wconf 78' lang='grc' dir='ltr'><strong>Εἰ</strong></span> <span class='ocrx_word' id='word_1_336' title='bbox 2857 1542 2967 1613; x_wconf 83' lang='grc' dir='ltr'>γὰρ</span> <span class='ocrx_word' id='word_1_337' title='bbox 3014 1535 3082 1612; x_wconf 76' lang='grc' dir='ltr'>ἦν</span> <span class='ocrx_word' id='word_1_338' title='bbox 3121 1542 3416 1614; x_wconf 77' lang='grc' dir='ltr'>προφητῶν</span> <span class='ocrx_word' id='word_1_339' title='bbox 3458 1545 3732 1616; x_wconf 73' lang='grc' dir='ltr'>διαφορὰ,</span> <span class='ocrx_word' id='word_1_340' title='bbox 3782 1547 3832 1598; x_wconf 82' lang='grc' dir='ltr'>οἱ</span> 
     </span>
    </p>
   </div>
   <div class='ocr_carea' id='block_1_46' title="bbox 2234 1635 3834 1710">
    <p class='ocr_par' dir='ltr' id='par_1_46' title="bbox 2234 1635 3834 1710">
     <span class='ocr_line' id='line_1_46' title="bbox 2234 1635 3834 1710; baseline 0.003 -22"><span class='ocrx_word' id='word_1_341' title='bbox 2234 1635 2641 1706; x_wconf 83' lang='grc' dir='ltr'>τετελειωμένοι</span> <span class='ocrx_word' id='word_1_342' title='bbox 2673 1637 2766 1690; x_wconf 81' lang='grc' dir='ltr'>καὶ</span> <span class='ocrx_word' id='word_1_343' title='bbox 2798 1635 3148 1708; x_wconf 73' lang='grc' dir='ltr'>διαφέροντες</span> <span class='ocrx_word' id='word_1_344' title='bbox 3179 1639 3278 1690; x_wconf 77' lang='grc' dir='ltr'>οὐκ</span> <span class='ocrx_word' id='word_1_345' title='bbox 3311 1638 3669 1710; x_wconf 68' lang='grc' dir='ltr'>ἐπεθύμησαν</span> <span class='ocrx_word' id='word_1_346' title='bbox 3707 1639 3834 1693; x_wconf 74' lang='grc' dir='ltr'>[δεῖν</span> 
     </span>
    </p>
   </div>
   <div class='ocr_carea' id='block_1_47' title="bbox 2233 1721 3833 1802">
    <p class='ocr_par' dir='ltr' id='par_1_47' title="bbox 2233 1721 3833 1802">
     <span class='ocr_line' id='line_1_47' title="bbox 2233 1721 3833 1802; baseline 0.004 -22"><span class='ocrx_word' id='word_1_347' title='bbox 2233 1725 2270 1780; x_wconf 80' lang='grc' dir='ltr'>ἀ</span> <span class='ocrx_word' id='word_1_348' title='bbox 2303 1721 2444 1779; x_wconf 72' lang='grc' dir='ltr'>εἶδον</span> <span class='ocrx_word' id='word_1_349' title='bbox 2483 1727 2533 1780; x_wconf 82' lang='grc' dir='ltr'>οἱ</span> <span class='ocrx_word' id='word_1_350' title='bbox 2578 1727 2897 1781; x_wconf 83' lang='grc' dir='ltr'>ἀπόστολοι·</span> <span class='ocrx_word' id='word_1_351' title='bbox 2957 1727 3336 1800; x_wconf 80' lang='grc' dir='ltr'>τεθεωρήκασι</span> <span class='ocrx_word' id='word_1_352' title='bbox 3386 1732 3496 1802; x_wconf 78' lang='grc' dir='ltr'>γὰρ</span> <span class='ocrx_word' id='word_1_353' title='bbox 3547 1733 3714 1787; x_wconf 74' lang='grc' dir='ltr'>αὑτά.</span> <span class='ocrx_word' id='word_1_354' title='bbox 3771 1735 3833 1786; x_wconf 84' lang='grc' dir='ltr'><strong>Οἱ</strong></span> 
     </span>
    </p>
   </div>
   <div class='ocr_carea' id='block_1_48' title="bbox 2234 1815 3836 1892">
    <p class='ocr_par' dir='ltr' id='par_1_48' title="bbox 2234 1815 3836 1892">
     <span class='ocr_line' id='line_1_48' title="bbox 2234 1815 3836 1892; baseline 0.004 -22"><span class='ocrx_word' id='word_1_355' title='bbox 2234 1815 2292 1870; x_wconf 81' lang='grc' dir='ltr'>δὲ</span> <span class='ocrx_word' id='word_1_356' title='bbox 2325 1817 2400 1888; x_wconf 81' lang='grc' dir='ltr'>μὴ</span> <span class='ocrx_word' id='word_1_357' title='bbox 2435 1816 2743 1886; x_wconf 84' lang='grc' dir='ltr'>φθάσαντες</span> <span class='ocrx_word' id='word_1_358' title='bbox 2793 1820 2997 1891; x_wconf 83' lang='grc' dir='ltr'>ὁμοίως</span> <span class='ocrx_word' id='word_1_359' title='bbox 3029 1821 3238 1885; x_wconf 82' lang='grc' dir='ltr'>τούτοις</span> <span class='ocrx_word' id='word_1_360' title='bbox 3283 1824 3365 1884; x_wconf 80' lang='grc' dir='ltr'>εις</span> <span class='ocrx_word' id='word_1_361' title='bbox 3405 1823 3465 1875; x_wconf 83' lang='grc' dir='ltr'>τὸ</span> <span class='ocrx_word' id='word_1_362' title='bbox 3516 1822 3652 1892; x_wconf 64' lang='grc' dir='ltr'>ῦςιος</span> <span class='ocrx_word' id='word_1_363' title='bbox 3705 1825 3836 1877; x_wconf 85' lang='grc' dir='ltr'>ἀνα-</span> 
     </span>
    </p>
   </div>
   <div class='ocr_carea' id='block_1_49' title="bbox 2236 1909 3835 1984">
    <p class='ocr_par' dir='ltr' id='par_1_49' title="bbox 2236 1909 3835 1984">
     <span class='ocr_line' id='line_1_49' title="bbox 2236 1909 3835 1984; baseline 0.004 -22"><span class='ocrx_word' id='word_1_364' title='bbox 2236 1910 2399 1981; x_wconf 84' lang='grc' dir='ltr'>ϐῆναι</span> <span class='ocrx_word' id='word_1_365' title='bbox 2431 1909 2524 1964; x_wconf 91' lang='grc' dir='ltr'>τοῦ</span> <span class='ocrx_word' id='word_1_366' title='bbox 2556 1910 2738 1982; x_wconf 88' lang='grc' dir='ltr'>λόγου,</span> <span class='ocrx_word' id='word_1_367' title='bbox 2767 1913 2826 1967; x_wconf 89' lang='grc' dir='ltr'>ἐν</span> <span class='ocrx_word' id='word_1_368' title='bbox 2849 1913 3028 1984; x_wconf 82' lang='grc' dir='ltr'>ὀρέξει</span> <span class='ocrx_word' id='word_1_369' title='bbox 3055 1915 3311 1983; x_wconf 88' lang='grc' dir='ltr'>γεγόνασι</span> <span class='ocrx_word' id='word_1_370' title='bbox 3326 1915 3436 1968; x_wconf 92' lang='grc' dir='ltr'>τῶν</span> <span class='ocrx_word' id='word_1_371' title='bbox 3456 1917 3568 1979; x_wconf 88' lang='grc' dir='ltr'>τοῖς</span> <span class='ocrx_word' id='word_1_372' title='bbox 3594 1915 3835 1969; x_wconf 88' lang='grc' dir='ltr'>ἀποστό-</span> 
     </span>
    </p>
   </div>
   <div class='ocr_carea' id='block_1_50' title="bbox 2235 2001 3831 2078">
    <p class='ocr_par' dir='ltr' id='par_1_50' title="bbox 2235 2001 3831 2078">
     <span class='ocr_line' id='line_1_50' title="bbox 2235 2001 3831 2078; baseline 0.003 -24"><span class='ocrx_word' id='word_1_373' title='bbox 2235 2001 2348 2066; x_wconf 90' lang='grc' dir='ltr'>λοις</span> <span class='ocrx_word' id='word_1_374' title='bbox 2375 2001 2463 2056; x_wconf 88' lang='grc' dir='ltr'>διά</span> <span class='ocrx_word' id='word_1_375' title='bbox 2493 2004 2733 2076; x_wconf 79' lang='grc' dir='ltr'>Χριστοῦ</span> <span class='ocrx_word' id='word_1_376' title='bbox 2764 2005 3145 2077; x_wconf 87' lang='grc' dir='ltr'>ἐγνωσμένων.</span> <span class='ocrx_word' id='word_1_377' title='bbox 3189 2006 3264 2058; x_wconf 87' lang='grc' dir='ltr'>Τὸ</span> <span class='ocrx_word' id='word_1_378' title='bbox 3320 2007 3430 2078; x_wconf 82' lang='grc' dir='ltr'>γὰρ</span> <span class='ocrx_word' id='word_1_379' title='bbox 3479 2006 3631 2059; x_wconf 70' lang='grc' dir='ltr'>ἰδεῖν</span> <span class='ocrx_word' id='word_1_380' title='bbox 3667 2009 3831 2077; x_wconf 74' lang='grc' dir='ltr'>ἡμεῖς</span> 
     </span>
    </p>
   </div>
   <div class='ocr_carea' id='block_1_51' title="bbox 2233 2095 3835 2169">
    <p class='ocr_par' dir='ltr' id='par_1_51' title="bbox 2233 2095 3835 2169">
     <span class='ocr_line' id='line_1_51' title="bbox 2233 2095 3835 2169; baseline 0.002 -21"><span class='ocrx_word' id='word_1_381' title='bbox 2233 2095 2294 2148; x_wconf 83' lang='grc' dir='ltr'>ού</span> <span class='ocrx_word' id='word_1_382' title='bbox 2326 2096 2652 2166; x_wconf 84' lang='grc' dir='ltr'>σωματικῶς</span> <span class='ocrx_word' id='word_1_383' title='bbox 2697 2097 2949 2168; x_wconf 80' lang='grc' dir='ltr'>εἰρῆσθαι</span> <span class='ocrx_word' id='word_1_384' title='bbox 2994 2097 3382 2169; x_wconf 78' lang='grc' dir='ltr'>ἐξειλήφαμεν,</span> <span class='ocrx_word' id='word_1_385' title='bbox 3423 2099 3517 2153; x_wconf 74' lang='grc' dir='ltr'>καὶ</span> <span class='ocrx_word' id='word_1_386' title='bbox 3546 2098 3607 2152; x_wconf 87' lang='grc' dir='ltr'>τὸ</span> <span class='ocrx_word' id='word_1_387' title='bbox 3647 2099 3835 2153; x_wconf 84' lang='grc' dir='ltr'>ἀκοῦ-</span> 
     </span>
    </p>
   </div>
   <div class='ocr_carea' id='block_1_52' title="bbox 2235 2189 3835 2262">
    <p class='ocr_par' dir='ltr' id='par_1_52' title="bbox 2235 2189 3835 2262">
     <span class='ocr_line' id='line_1_52' title="bbox 2235 2189 3835 2262; baseline 0.003 -22"><span class='ocrx_word' id='word_1_388' title='bbox 2235 2202 2342 2241; x_wconf 85' lang='grc' dir='ltr'>σαι</span> <span class='ocrx_word' id='word_1_389' title='bbox 2385 2189 2773 2258; x_wconf 83' lang='grc' dir='ltr'>πνευματικῶς</span> <span class='ocrx_word' id='word_1_390' title='bbox 2799 2190 3276 2260; x_wconf 82' lang='grc' dir='ltr'>ἀπαγγελλόμενον</span> <span class='ocrx_word' id='word_1_391' title='bbox 3316 2192 3684 2262; x_wconf 79' lang='grc' dir='ltr'>νενοήκαμεν,</span> <span class='ocrx_word' id='word_1_392' title='bbox 3736 2191 3835 2262; x_wconf 78' lang='grc' dir='ltr'>μόο</span> 
     </span>
    </p>
   </div>
   <div class='ocr_carea' id='block_1_53' title="bbox 2233 2274 3834 2355">
    <p class='ocr_par' dir='ltr' id='par_1_53' title="bbox 2233 2274 3834 2355">
     <span class='ocr_line' id='line_1_53' title="bbox 2233 2274 3834 2355; baseline 0.002 -22"><span class='ocrx_word' id='word_1_393' title='bbox 2233 2296 2326 2333; x_wconf 85' lang='grc' dir='ltr'>νου</span> <span class='ocrx_word' id='word_1_394' title='bbox 2359 2279 2454 2334; x_wconf 91' lang='grc' dir='ltr'>τοῦ</span> <span class='ocrx_word' id='word_1_395' title='bbox 2485 2274 2604 2334; x_wconf 81' lang='grc' dir='ltr'>ὦτα</span> <span class='ocrx_word' id='word_1_396' title='bbox 2649 2282 2993 2352; x_wconf 81' lang='grc' dir='ltr'>κτησαμένου</span> <span class='ocrx_word' id='word_1_397' title='bbox 3046 2281 3264 2335; x_wconf 83' lang='grc' dir='ltr'>ἀκούειν</span> <span class='ocrx_word' id='word_1_398' title='bbox 3307 2283 3834 2355; x_wconf 84' lang='grc' dir='ltr'>παρεσκευασμένου</span> 
     </span>
    </p>
   </div>
   <div class='ocr_carea' id='block_1_54' title="bbox 2233 2371 3830 2448">
    <p class='ocr_par' dir='ltr' id='par_1_54' title="bbox 2233 2371 3830 2448">
     <span class='ocr_line' id='line_1_54' title="bbox 2233 2371 3830 2448; baseline 0.003 -23"><span class='ocrx_word' id='word_1_399' title='bbox 2233 2371 2342 2425; x_wconf 89' lang='grc' dir='ltr'>τῶν</span> <span class='ocrx_word' id='word_1_400' title='bbox 2370 2371 2547 2441; x_wconf 86' lang='grc' dir='ltr'>λόγων</span> <span class='ocrx_word' id='word_1_401' title='bbox 2577 2372 2672 2426; x_wconf 88' lang='grc' dir='ltr'>τοῦ</span> <span class='ocrx_word' id='word_1_402' title='bbox 2698 2373 2871 2445; x_wconf 83' lang='grc' dir='ltr'>Ἰησοῦ</span> <span class='ocrx_word' id='word_1_403' title='bbox 2893 2391 2908 2406; x_wconf 78' lang='grc' dir='ltr'><strong><em>ο</em></strong></span> <span class='ocrx_word' id='word_1_404' title='bbox 2936 2375 3074 2446; x_wconf 86' lang='grc' dir='ltr'>ὅπερ</span> <span class='ocrx_word' id='word_1_405' title='bbox 3102 2377 3164 2428; x_wconf 80' lang='grc' dir='ltr'>οὐ</span> <span class='ocrx_word' id='word_1_406' title='bbox 3186 2375 3327 2429; x_wconf 87' lang='grc' dir='ltr'>πάνυ</span> <span class='ocrx_word' id='word_1_407' title='bbox 3355 2375 3566 2448; x_wconf 87' lang='grc' dir='ltr'>ἀθρόως</span> <span class='ocrx_word' id='word_1_408' title='bbox 3596 2377 3830 2445; x_wconf 85' lang='grc' dir='ltr'>γίνεται.</span> 
     </span>
    </p>
   </div>
   <div class='ocr_carea' id='block_1_55' title="bbox 2239 2461 3836 2537">
    <p class='ocr_par' dir='ltr' id='par_1_55' title="bbox 2239 2461 3836 2537">
     <span class='ocr_line' id='line_1_55' title="bbox 2239 2461 3836 2537; baseline 0.003 -22"><span class='ocrx_word' id='word_1_409' title='bbox 2239 2462 2364 2516; x_wconf 86' lang='grc' dir='ltr'>Ἔτι</span> <span class='ocrx_word' id='word_1_410' title='bbox 2405 2461 2463 2515; x_wconf 79' lang='grc' dir='ltr'>δὲ</span> <span class='ocrx_word' id='word_1_411' title='bbox 2510 2462 2640 2535; x_wconf 77' lang='grc' dir='ltr'>περὶ</span> <span class='ocrx_word' id='word_1_412' title='bbox 2695 2463 2790 2517; x_wconf 84' lang='grc' dir='ltr'>τοῦ</span> <span class='ocrx_word' id='word_1_413' title='bbox 2827 2464 2956 2528; x_wconf 78' lang='grc' dir='ltr'>τοὺς</span> <span class='ocrx_word' id='word_1_414' title='bbox 2989 2465 3096 2534; x_wconf 85' lang='grc' dir='ltr'>πρὸ</span> <span class='ocrx_word' id='word_1_415' title='bbox 3142 2465 3244 2536; x_wconf 84' lang='grc' dir='ltr'>τῆς</span> <span class='ocrx_word' id='word_1_416' title='bbox 3286 2466 3608 2537; x_wconf 74' lang='grc' dir='ltr'>σωματικῆς</span> <span class='ocrx_word' id='word_1_417' title='bbox 3645 2467 3836 2536; x_wconf 80' lang='grc' dir='ltr'>ἐπιδη-</span> 
     </span>
    </p>
   </div>
   <div class='ocr_carea' id='block_1_56' title="bbox 2238 2554 3834 2628">
    <p class='ocr_par' dir='ltr' id='par_1_56' title="bbox 2238 2554 3834 2628">
     <span class='ocr_line' id='line_1_56' title="bbox 2238 2554 3834 2628; baseline 0.003 -20"><span class='ocrx_word' id='word_1_418' title='bbox 2238 2555 2371 2626; x_wconf 78' lang='grc' dir='ltr'>μίας</span> <span class='ocrx_word' id='word_1_419' title='bbox 2423 2554 2516 2608; x_wconf 89' lang='grc' dir='ltr'>τοῦ</span> <span class='ocrx_word' id='word_1_420' title='bbox 2561 2555 2739 2628; x_wconf 83' lang='grc' dir='ltr'>Ἰησοῦ</span> <span class='ocrx_word' id='word_1_421' title='bbox 2788 2557 2977 2625; x_wconf 80' lang='grc' dir='ltr'>ἁγίους</span> <span class='ocrx_word' id='word_1_422' title='bbox 3007 2596 3022 2620; x_wconf 94' lang='grc'>,</span> <span class='ocrx_word' id='word_1_423' title='bbox 3055 2557 3218 2611; x_wconf 81' lang='grc' dir='ltr'>πλέον</span> <span class='ocrx_word' id='word_1_424' title='bbox 3248 2575 3302 2611; x_wconf 87' lang='grc' dir='ltr'>τι</span> <span class='ocrx_word' id='word_1_425' title='bbox 3330 2558 3439 2610; x_wconf 90' lang='grc' dir='ltr'>τῶν</span> <span class='ocrx_word' id='word_1_426' title='bbox 3470 2558 3685 2612; x_wconf 81' lang='grc' dir='ltr'>πολλῶν</span> <span class='ocrx_word' id='word_1_427' title='bbox 3725 2560 3834 2613; x_wconf 88' lang='grc' dir='ltr'>τῶν</span> 
     </span>
    </p>
   </div>
   <div class='ocr_carea' id='block_1_57' title="bbox 2236 2648 3834 2723">
    <p class='ocr_par' dir='ltr' id='par_1_57' title="bbox 2236 2648 3834 2723">
     <span class='ocr_line' id='line_1_57' title="bbox 2236 2648 3834 2723; baseline 0.003 -22"><span class='ocrx_word' id='word_1_428' title='bbox 2236 2648 2602 2701; x_wconf 82' lang='grc' dir='ltr'>πιστευόντων</span> <span class='ocrx_word' id='word_1_429' title='bbox 2656 2649 2964 2720; x_wconf 76' lang='grc' dir='ltr'>ἐσχηκότας</span> <span class='ocrx_word' id='word_1_430' title='bbox 2992 2691 3007 2714; x_wconf 94' lang='grc'>,</span> <span class='ocrx_word' id='word_1_431' title='bbox 3051 2650 3121 2704; x_wconf 85' lang='grc' dir='ltr'>τά</span> <span class='ocrx_word' id='word_1_432' title='bbox 3161 2651 3262 2722; x_wconf 84' lang='grc' dir='ltr'>τῆς</span> <span class='ocrx_word' id='word_1_433' title='bbox 3305 2651 3579 2721; x_wconf 77' lang='grc' dir='ltr'>θειότητος</span> <span class='ocrx_word' id='word_1_434' title='bbox 3621 2654 3834 2723; x_wconf 85' lang='grc' dir='ltr'>μυστή-</span> 
     </span>
    </p>
   </div>
   <div class='ocr_carea' id='block_1_58' title="bbox 2239 2743 3834 2814">
    <p class='ocr_par' dir='ltr' id='par_1_58' title="bbox 2239 2743 3834 2814">
     <span class='ocr_line' id='line_1_58' title="bbox 2239 2743 3834 2814; baseline 0.004 -20"><span class='ocrx_word' id='word_1_435' title='bbox 2239 2759 2329 2813; x_wconf 89' lang='grc' dir='ltr'>ρια</span> <span class='ocrx_word' id='word_1_436' title='bbox 2361 2743 2842 2814; x_wconf 82' lang='grc' dir='ltr'>κατανενοηκέναι,</span> <span class='ocrx_word' id='word_1_437' title='bbox 2871 2743 2966 2797; x_wconf 89' lang='grc' dir='ltr'>τοῦ</span> <span class='ocrx_word' id='word_1_438' title='bbox 2996 2745 3170 2814; x_wconf 88' lang='grc' dir='ltr'>Λόγου</span> <span class='ocrx_word' id='word_1_439' title='bbox 3204 2745 3296 2799; x_wconf 84' lang='grc' dir='ltr'>τοῦ</span> <span class='ocrx_word' id='word_1_440' title='bbox 3325 2745 3459 2799; x_wconf 87' lang='grc' dir='ltr'>Θεοῦ</span> <span class='ocrx_word' id='word_1_441' title='bbox 3487 2746 3834 2811; x_wconf 77' lang='grc' dir='ltr'>διδάσκοντος</span> 
     </span>
    </p>
   </div>
   <div class='ocr_carea' id='block_1_59' title="bbox 2234 2834 3834 2910">
    <p class='ocr_par' dir='ltr' id='par_1_59' title="bbox 2234 2834 3834 2910">
     <span class='ocr_line' id='line_1_59' title="bbox 2234 2834 3834 2910; baseline 0.005 -24"><span class='ocrx_word' id='word_1_442' title='bbox 2234 2834 2454 2898; x_wconf 79' lang='grc' dir='ltr'>αὐτοὺς,</span> <span class='ocrx_word' id='word_1_443' title='bbox 2496 2835 2591 2888; x_wconf 76' lang='grc' dir='ltr'>καὶ</span> <span class='ocrx_word' id='word_1_444' title='bbox 2630 2837 2760 2907; x_wconf 78' lang='grc' dir='ltr'>πρὶν</span> <span class='ocrx_word' id='word_1_445' title='bbox 2801 2836 3026 2908; x_wconf 90' lang='grc' dir='ltr'>γένηται</span> <span class='ocrx_word' id='word_1_446' title='bbox 3077 2836 3214 2908; x_wconf 78' lang='grc' dir='ltr'>σάρξ</span> <span class='ocrx_word' id='word_1_447' title='bbox 3259 2837 3375 2905; x_wconf 73' lang='grc' dir='ltr'>(ἀεὶ</span> <span class='ocrx_word' id='word_1_448' title='bbox 3401 2836 3510 2909; x_wconf 84' lang='grc' dir='ltr'>γὰρ</span> <span class='ocrx_word' id='word_1_449' title='bbox 3539 2839 3834 2910; x_wconf 75' lang='grc' dir='ltr'>εἰργάζετο</span> 
     </span>
    </p>
   </div>
   <div class='ocr_carea' id='block_1_60' title="bbox 2240 2921 3832 3002">
    <p class='ocr_par' dir='ltr' id='par_1_60' title="bbox 2240 2921 3832 3002">
     <span class='ocr_line' id='line_1_60' title="bbox 2240 2921 3832 3002; baseline 0.004 -24"><span class='ocrx_word' id='word_1_450' title='bbox 2240 2926 2488 2997; x_wconf 78' lang='grc' dir='ltr'>μιμητὴς</span> <span class='ocrx_word' id='word_1_451' title='bbox 2515 2925 2612 2980; x_wconf 90' lang='grc' dir='ltr'>τοῦ</span> <span class='ocrx_word' id='word_1_452' title='bbox 2637 2927 2847 2998; x_wconf 87' lang='grc' dir='ltr'>Πατρὸς</span> <span class='ocrx_word' id='word_1_453' title='bbox 2875 2928 2972 2993; x_wconf 85' lang='grc' dir='ltr'>ῶν,</span> <span class='ocrx_word' id='word_1_454' title='bbox 3010 2929 3141 3000; x_wconf 74' lang='grc' dir='ltr'>περὶ</span> <span class='ocrx_word' id='word_1_455' title='bbox 3167 2921 3229 2982; x_wconf 75' lang='grc' dir='ltr'>οὗ</span> <span class='ocrx_word' id='word_1_456' title='bbox 3263 2929 3411 2997; x_wconf 86' lang='grc' dir='ltr'>λέγει</span> <span class='ocrx_word' id='word_1_457' title='bbox 3431 2945 3444 2960; x_wconf 74' lang='grc' dir='ltr'><strong><em>ο</em></strong></span> <span class='ocrx_word' id='word_1_458' title='bbox 3485 2947 3503 2980; x_wconf 81' lang='grc' dir='ltr'>ι</span> <span class='ocrx_word' id='word_1_459' title='bbox 3549 2929 3608 2981; x_wconf 82' lang='grc' dir='ltr'>Ὀ</span> <span class='ocrx_word' id='word_1_460' title='bbox 3642 2932 3832 3002; x_wconf 87' lang='grc' dir='ltr'>Πατήρ</span> 
     </span>
    </p>
   </div>
   <div class='ocr_carea' id='block_1_61' title="bbox 2239 3017 3832 3092">
    <p class='ocr_par' dir='ltr' id='par_1_61' title="bbox 2239 3017 3832 3092">
     <span class='ocr_line' id='line_1_61' title="bbox 2239 3017 3832 3092; baseline 0.006 -23"><span class='ocrx_word' id='word_1_461' title='bbox 2239 3034 2342 3087; x_wconf 89' lang='grc' dir='ltr'>μου</span> <span class='ocrx_word' id='word_1_462' title='bbox 2413 3017 2518 3082; x_wconf 83' lang='grc' dir='ltr'>ἓως</span> <span class='ocrx_word' id='word_1_463' title='bbox 2587 3018 2713 3092; x_wconf 79' lang='grc' dir='ltr'>ἀρτι</span> <span class='ocrx_word' id='word_1_464' title='bbox 2765 3019 3059 3092; x_wconf 78' lang='grc' dir='ltr'>ἐργάζεται</span> <span class='ocrx_word' id='word_1_465' title='bbox 3106 3022 3354 3092; x_wconf 76' lang='grc' dir='ltr'>»),ἐστιν</span> <span class='ocrx_word' id='word_1_466' title='bbox 3406 3024 3832 3090; x_wconf 77' lang='grc' dir='ltr'>ἀπολογίσασθαι</span> 
     </span>
    </p>
   </div>
   <div class='ocr_carea' id='block_1_62' title="bbox 548 3101 2137 3186">
    <p class='ocr_par' dir='ltr' id='par_1_62' title="bbox 548 3101 2132 3176">
     <span class='ocr_line' id='line_1_62' title="bbox 548 3101 2132 3176; baseline -0.006 -12"><span class='ocrx_word' id='word_1_467' title='bbox 548 3109 701 3164; x_wconf 90' lang='lat' dir='ltr'><strong>moni</strong></span> <span class='ocrx_word' id='word_1_468' title='bbox 759 3109 826 3164; x_wconf 90' lang='lat' dir='ltr'>de</span> <span class='ocrx_word' id='word_1_469' title='bbox 880 3106 1286 3163; x_wconf 88' lang='lat' dir='ltr'><strong>resurrectione</strong></span> <span class='ocrx_word' id='word_1_470' title='bbox 1339 3106 1516 3176; x_wconf 90' lang='lat' dir='ltr'><strong>inquit</strong></span> <span class='ocrx_word' id='word_1_471' title='bbox 1551 3105 1592 3137; x_wconf 84' lang='lat'><strong>&quot;</strong></span> <span class='ocrx_word' id='word_1_472' title='bbox 1633 3122 1648 3159; x_wconf 88' lang='lat'><strong>:</strong></span> <span class='ocrx_word' id='word_1_473' title='bbox 1687 3123 1704 3156; x_wconf 81' lang='grc' dir='ltr'>ι</span> <span class='ocrx_word' id='word_1_474' title='bbox 1745 3103 1864 3159; x_wconf 85' lang='lat' dir='ltr'><strong>Non</strong></span> <span class='ocrx_word' id='word_1_475' title='bbox 1924 3101 2132 3172; x_wconf 76' lang='lat' dir='ltr'><strong>legistis</strong></span> 
     </span>
    </p>
   </div>
   <div class='ocr_carea' id='block_1_63' title="bbox 2239 3101 3832 3186">
    <p class='ocr_par' dir='ltr' id='par_1_63' title="bbox 2239 3108 3832 3186">
     <span class='ocr_line' id='line_1_63' title="bbox 2239 3108 3832 3186; baseline 0.004 -24"><span class='ocrx_word' id='word_1_476' title='bbox 2239 3108 2332 3162; x_wconf 75' lang='grc' dir='ltr'>καὶ</span> <span class='ocrx_word' id='word_1_477' title='bbox 2382 3109 2490 3163; x_wconf 79' lang='grc' dir='ltr'>ἀπὸ</span> <span class='ocrx_word' id='word_1_478' title='bbox 2533 3110 2740 3165; x_wconf 85' lang='grc' dir='ltr'>τούτων</span> <span class='ocrx_word' id='word_1_479' title='bbox 2777 3112 2886 3164; x_wconf 89' lang='grc' dir='ltr'>τῶν</span> <span class='ocrx_word' id='word_1_480' title='bbox 2930 3111 3155 3176; x_wconf 69' lang='grc' dir='ltr'>λέξεων*</span> <span class='ocrx_word' id='word_1_481' title='bbox 3192 3113 3328 3182; x_wconf 82' lang='grc' dir='ltr'>φησί</span> <span class='ocrx_word' id='word_1_482' title='bbox 3366 3132 3469 3168; x_wconf 87' lang='grc' dir='ltr'>που</span> <span class='ocrx_word' id='word_1_483' title='bbox 3521 3116 3663 3186; x_wconf 84' lang='grc' dir='ltr'>πρὸς</span> <span class='ocrx_word' id='word_1_484' title='bbox 3707 3119 3832 3179; x_wconf 68' lang='grc' dir='ltr'>τοὺς</span> 
     </span>
    </p>
   </div>
   <div class='ocr_carea' id='block_1_64' title="bbox 549 3196 2135 3274">
    <p class='ocr_par' dir='ltr' id='par_1_64' title="bbox 549 3196 2135 3274">
     <span class='ocr_line' id='line_1_64' title="bbox 549 3196 2135 3274; baseline -0.008 -15"><span class='ocrx_word' id='word_1_485' title='bbox 549 3202 694 3274; x_wconf 92' lang='lat' dir='ltr'><strong>quod</strong></span> <span class='ocrx_word' id='word_1_486' title='bbox 724 3201 869 3258; x_wconf 84' lang='lat' dir='ltr'><strong>Deus</strong></span> <span class='ocrx_word' id='word_1_487' title='bbox 901 3201 952 3256; x_wconf 93' lang='lat' dir='ltr'>in</span> <span class='ocrx_word' id='word_1_488' title='bbox 981 3200 1117 3256; x_wconf 89' lang='lat' dir='ltr'><strong>rubo</strong></span> <span class='ocrx_word' id='word_1_489' title='bbox 1143 3199 1281 3254; x_wconf 78' lang='lat' dir='ltr'><strong>dixit</strong></span> <span class='ocrx_word' id='word_1_490' title='bbox 1313 3214 1328 3252; x_wconf 88' lang='lat'><strong>:</strong></span> <span class='ocrx_word' id='word_1_491' title='bbox 1363 3201 1474 3271; x_wconf 80' lang='lat' dir='ltr'><strong>Ego</strong></span> <span class='ocrx_word' id='word_1_492' title='bbox 1502 3214 1622 3255; x_wconf 92' lang='lat' dir='ltr'>sum</span> <span class='ocrx_word' id='word_1_493' title='bbox 1654 3197 1798 3254; x_wconf 87' lang='lat' dir='ltr'><strong>Deus</strong></span> <span class='ocrx_word' id='word_1_494' title='bbox 1825 3196 2135 3259; x_wconf 81' lang='lat' dir='ltr'><strong>Abraham,</strong></span> 
     </span>
    </p>
   </div>
   <div class='ocr_carea' id='block_1_65' title="bbox 547 3295 2138 3356">
    <p class='ocr_par' dir='ltr' id='par_1_65' title="bbox 547 3295 2138 3356">
     <span class='ocr_line' id='line_1_65' title="bbox 547 3295 2138 3356; baseline -0.008 0"><span class='ocrx_word' id='word_1_495' title='bbox 547 3298 694 3356; x_wconf 83' lang='lat' dir='ltr'><strong>Deus</strong></span> <span class='ocrx_word' id='word_1_496' title='bbox 722 3298 872 3354; x_wconf 80' lang='lat' dir='ltr'><strong>Isaac</strong></span> <span class='ocrx_word' id='word_1_497' title='bbox 923 3307 980 3353; x_wconf 89' lang='lat' dir='ltr'>et</span> <span class='ocrx_word' id='word_1_498' title='bbox 1008 3297 1152 3353; x_wconf 84' lang='lat' dir='ltr'><strong>Deus</strong></span> <span class='ocrx_word' id='word_1_499' title='bbox 1175 3295 1388 3352; x_wconf 67' lang='lat' dir='ltr'><strong>Jacobi</strong></span> <span class='ocrx_word' id='word_1_500' title='bbox 1421 3297 1561 3350; x_wconf 88' lang='lat' dir='ltr'><strong>Deus</strong></span> <span class='ocrx_word' id='word_1_501' title='bbox 1588 3309 1718 3349; x_wconf 90' lang='lat' dir='ltr'><strong>vero</strong></span> <span class='ocrx_word' id='word_1_502' title='bbox 1746 3307 1852 3348; x_wconf 94' lang='lat' dir='ltr'>non</span> <span class='ocrx_word' id='word_1_503' title='bbox 1881 3301 1970 3346; x_wconf 84' lang='lat' dir='ltr'>est</span> <span class='ocrx_word' id='word_1_504' title='bbox 1991 3303 2138 3344; x_wconf 83' lang='lat' dir='ltr'><strong>rnor-</strong></span> 
     </span>
    </p>
   </div>
   <div class='ocr_carea' id='block_1_66' title="bbox 549 3384 2136 3457">
    <p class='ocr_par' dir='ltr' id='par_1_66' title="bbox 549 3384 2136 3457">
     <span class='ocr_line' id='line_1_66' title="bbox 549 3384 2136 3457; baseline -0.01 -9"><span class='ocrx_word' id='word_1_505' title='bbox 549 3403 791 3456; x_wconf 87' lang='lat' dir='ltr'><strong>tuorum,</strong></span> <span class='ocrx_word' id='word_1_506' title='bbox 831 3391 925 3447; x_wconf 88' lang='lat' dir='ltr'>sed</span> <span class='ocrx_word' id='word_1_507' title='bbox 956 3390 1278 3449; x_wconf 85' lang='lat' dir='ltr'><strong>viventium.</strong></span> <span class='ocrx_word' id='word_1_508' title='bbox 1321 3407 1341 3440; x_wconf 72' lang='grc' dir='ltr'>ι</span> <span class='ocrx_word' id='word_1_509' title='bbox 1379 3388 1438 3443; x_wconf 89' lang='lat' dir='ltr'>Si</span> <span class='ocrx_word' id='word_1_510' title='bbox 1471 3387 1637 3457; x_wconf 84' lang='lat' dir='ltr'><strong>igitur</strong></span> <span class='ocrx_word' id='word_1_511' title='bbox 1677 3384 1848 3440; x_wconf 81' lang='lat' dir='ltr'><strong>De.qu</strong></span> <span class='ocrx_word' id='word_1_512' title='bbox 1897 3398 2003 3436; x_wconf 93' lang='lat' dir='ltr'><strong>uou</strong></span> <span class='ocrx_word' id='word_1_513' title='bbox 2036 3396 2136 3450; x_wconf 86' lang='lat' dir='ltr'>pu-</span> 
     </span>
    </p>
   </div>
   <div class='ocr_carea' id='block_1_67' title="bbox 549 3476 2138 3548">
    <p class='ocr_par' dir='ltr' id='par_1_67' title="bbox 549 3476 2138 3548">
     <span class='ocr_line' id='line_1_67' title="bbox 549 3476 2138 3548; baseline -0.008 -8"><span class='ocrx_word' id='word_1_514' title='bbox 549 3486 642 3540; x_wconf 89' lang='lat' dir='ltr'>det</span> <span class='ocrx_word' id='word_1_515' title='bbox 666 3484 908 3540; x_wconf 87' lang='lat' dir='ltr'><strong>virorum</strong></span> <span class='ocrx_word' id='word_1_516' title='bbox 942 3485 1135 3539; x_wconf 90' lang='lat' dir='ltr'><strong>horum</strong></span> <span class='ocrx_word' id='word_1_517' title='bbox 1163 3482 1346 3537; x_wconf 88' lang='lat' dir='ltr'><strong>vocari</strong></span> <span class='ocrx_word' id='word_1_518' title='bbox 1381 3481 1577 3545; x_wconf 89' lang='lat' dir='ltr'><strong>Deum,</strong></span> <span class='ocrx_word' id='word_1_519' title='bbox 1628 3479 1794 3548; x_wconf 84' lang='lat' dir='ltr'><strong>hique</strong></span> <span class='ocrx_word' id='word_1_520' title='bbox 1846 3476 1946 3530; x_wconf 85' lang='lat' dir='ltr'><strong>viri</strong></span> <span class='ocrx_word' id='word_1_521' title='bbox 1993 3476 2138 3528; x_wconf 81' lang='lat' dir='ltr'><strong>inter</strong></span> 
     </span>
    </p>
   </div>
   <div class='ocr_carea' id='block_1_68' title="bbox 546 3569 2138 3642">
    <p class='ocr_par' dir='ltr' id='par_1_68' title="bbox 546 3569 2138 3642">
     <span class='ocr_line' id='line_1_68' title="bbox 546 3569 2138 3642; baseline -0.006 -13"><span class='ocrx_word' id='word_1_522' title='bbox 546 3577 798 3633; x_wconf 82' lang='lat' dir='ltr'><strong>viventes</strong></span> <span class='ocrx_word' id='word_1_523' title='bbox 833 3592 866 3632; x_wconf 88' lang='lat' dir='ltr'>a</span> <span class='ocrx_word' id='word_1_524' title='bbox 895 3575 1008 3632; x_wconf 91' lang='lat' dir='ltr'>Deo</span> <span class='ocrx_word' id='word_1_525' title='bbox 1047 3584 1430 3636; x_wconf 81' lang='lat' dir='ltr'><strong>numerantur,</strong></span> <span class='ocrx_word' id='word_1_526' title='bbox 1463 3571 1670 3642; x_wconf 74' lang='lat' dir='ltr'><strong>ﬁliique</strong></span> <span class='ocrx_word' id='word_1_527' title='bbox 1697 3569 1979 3624; x_wconf 80' lang='lat' dir='ltr'><strong>Abraham</strong></span> <span class='ocrx_word' id='word_1_528' title='bbox 2008 3573 2138 3621; x_wconf 86' lang='lat' dir='ltr'><strong>sunt</strong></span> 
     </span>
    </p>
   </div>
   <div class='ocr_carea' id='block_1_69' title="bbox 547 3657 2136 3740">
    <p class='ocr_par' dir='ltr' id='par_1_69' title="bbox 547 3657 2136 3740">
     <span class='ocr_line' id='line_1_69' title="bbox 547 3657 2136 3740; baseline -0.009 -15"><span class='ocrx_word' id='word_1_529' title='bbox 547 3685 744 3726; x_wconf 88' lang='lat' dir='ltr'><strong>omnes</strong></span> <span class='ocrx_word' id='word_1_530' title='bbox 788 3670 1075 3726; x_wconf 86' lang='lat' dir='ltr'><strong>credentes</strong></span> <span class='ocrx_word' id='word_1_531' title='bbox 1103 3667 1149 3700; x_wconf 81' lang='grc'>⁸⁸</span> <span class='ocrx_word' id='word_1_532' title='bbox 1176 3663 1645 3740; x_wconf 84' lang='lat' dir='ltr'><strong>(quandoquidem</strong></span> <span class='ocrx_word' id='word_1_533' title='bbox 1693 3662 1748 3716; x_wconf 94' lang='lat' dir='ltr'><strong>in</strong></span> <span class='ocrx_word' id='word_1_534' title='bbox 1782 3659 1925 3715; x_wconf 86' lang='lat' dir='ltr'><strong>lldeli</strong></span> <span class='ocrx_word' id='word_1_535' title='bbox 1955 3657 2136 3713; x_wconf 79' lang='lat' dir='ltr'><strong>Abra-</strong></span> 
     </span>
    </p>
   </div>
   <div class='ocr_carea' id='block_1_70' title="bbox 547 3747 2138 3830">
    <p class='ocr_par' dir='ltr' id='par_1_70' title="bbox 547 3747 2138 3830">
     <span class='ocr_line' id='line_1_70' title="bbox 547 3747 2138 3830; baseline -0.008 -15"><span class='ocrx_word' id='word_1_536' title='bbox 547 3760 701 3828; x_wconf 85' lang='lat' dir='ltr'><strong>ham,</strong></span> <span class='ocrx_word' id='word_1_537' title='bbox 732 3761 826 3830; x_wconf 93' lang='lat' dir='ltr'>qui</span> <span class='ocrx_word' id='word_1_538' title='bbox 867 3758 1080 3829; x_wconf 89' lang='lat' dir='ltr'><strong>positus</strong></span> <span class='ocrx_word' id='word_1_539' title='bbox 1107 3767 1192 3813; x_wconf 92' lang='lat' dir='ltr'>est</span> <span class='ocrx_word' id='word_1_540' title='bbox 1217 3766 1375 3826; x_wconf 85' lang='lat' dir='ltr'><strong>pater</strong></span> <span class='ocrx_word' id='word_1_541' title='bbox 1409 3753 1654 3826; x_wconf 85' lang='lat' dir='ltr'><strong>gentium</strong></span> <span class='ocrx_word' id='word_1_542' title='bbox 1683 3767 1713 3806; x_wconf 92' lang='lat' dir='ltr'><strong>a</strong></span> <span class='ocrx_word' id='word_1_543' title='bbox 1743 3751 1878 3815; x_wconf 87' lang='lat' dir='ltr'><strong>Deo,</strong></span> <span class='ocrx_word' id='word_1_544' title='bbox 1909 3747 2138 3804; x_wconf 86' lang='lat' dir='ltr'><strong>benedi-</strong></span> 
     </span>
    </p>
   </div>
   <div class='ocr_carea' id='block_1_71' title="bbox 550 3841 2139 3924">
    <p class='ocr_par' dir='ltr' id='par_1_71' title="bbox 550 3841 2139 3924">
     <span class='ocr_line' id='line_1_71' title="bbox 550 3841 2139 3924; baseline -0.01 -12"><span class='ocrx_word' id='word_1_545' title='bbox 550 3866 753 3912; x_wconf 88' lang='lat' dir='ltr'><strong>cuntur</strong></span> <span class='ocrx_word' id='word_1_546' title='bbox 795 3867 988 3909; x_wconf 88' lang='lat' dir='ltr'><strong>omues</strong></span> <span class='ocrx_word' id='word_1_547' title='bbox 1015 3861 1208 3924; x_wconf 87' lang='lat' dir='ltr'><strong>gentes</strong></span> <span class='ocrx_word' id='word_1_548' title='bbox 1240 3851 1310 3922; x_wconf 71' lang='grc' dir='ltr'>ι’)</span> <span class='ocrx_word' id='word_1_549' title='bbox 1343 3847 1675 3919; x_wconf 83' lang='lat' dir='ltr'><strong>ambigimus</strong></span> <span class='ocrx_word' id='word_1_550' title='bbox 1719 3845 2011 3899; x_wconf 88' lang='lat' dir='ltr'><strong>admittere</strong></span> <span class='ocrx_word' id='word_1_551' title='bbox 2057 3841 2139 3896; x_wconf 86' lang='lat' dir='ltr'><strong>vi-</strong></span> 
     </span>
    </p>
   </div>
   <div class='ocr_carea' id='block_1_72' title="bbox 549 3935 2134 4016">
    <p class='ocr_par' dir='ltr' id='par_1_72' title="bbox 549 3935 2134 4016">
     <span class='ocr_line' id='line_1_72' title="bbox 549 3935 2134 4016; baseline -0.009 -13"><span class='ocrx_word' id='word_1_552' title='bbox 549 3960 741 4003; x_wconf 84' lang='lat' dir='ltr'><strong>ventes</strong></span> <span class='ocrx_word' id='word_1_553' title='bbox 789 3945 1084 4001; x_wconf 88' lang='lat' dir='ltr'><strong>viventium</strong></span> <span class='ocrx_word' id='word_1_554' title='bbox 1133 3943 1424 4016; x_wconf 73' lang='lat' dir='ltr'><strong>agnovisse</strong></span> <span class='ocrx_word' id='word_1_555' title='bbox 1478 3939 1842 4010; x_wconf 78' lang='lat' dir='ltr'><strong>disciplinas,</strong></span> <span class='ocrx_word' id='word_1_556' title='bbox 1891 3935 2054 4006; x_wconf 90' lang='lat' dir='ltr'><strong>idque</strong></span> <span class='ocrx_word' id='word_1_557' title='bbox 2102 3950 2134 3988; x_wconf 88' lang='lat' dir='ltr'>a</span> 
     </span>
    </p>
   </div>
   <div class='ocr_carea' id='block_1_73' title="bbox 551 4029 2140 4102">
    <p class='ocr_par' dir='ltr' id='par_1_73' title="bbox 551 4029 2140 4102">
     <span class='ocr_line' id='line_1_73' title="bbox 551 4029 2140 4102; baseline -0.009 -4"><span class='ocrx_word' id='word_1_558' title='bbox 551 4041 782 4098; x_wconf 87' lang='lat' dir='ltr'><strong>Christo</strong></span> <span class='ocrx_word' id='word_1_559' title='bbox 831 4041 1054 4094; x_wconf 83' lang='lat' dir='ltr'><strong>edoctos</strong></span> <span class='ocrx_word' id='word_1_560' title='bbox 1107 4047 1236 4091; x_wconf 88' lang='lat' dir='ltr'><strong>ante</strong></span> <span class='ocrx_word' id='word_1_561' title='bbox 1282 4033 1598 4090; x_wconf 82' lang='lat' dir='ltr'><strong>Luciferum</strong></span> <span class='ocrx_word' id='word_1_562' title='bbox 1648 4033 1833 4102; x_wconf 87' lang='lat' dir='ltr'><strong>genito</strong></span> <span class='ocrx_word' id='word_1_563' title='bbox 1858 4029 1904 4062; x_wconf 73' lang='grc' dir='ltr'>³ο</span> <span class='ocrx_word' id='word_1_564' title='bbox 1933 4068 1950 4095; x_wconf 90' lang='lat'>,</span> <span class='ocrx_word' id='word_1_565' title='bbox 1983 4035 2140 4083; x_wconf 87' lang='lat' dir='ltr'><strong>aute-</strong></span> 
     </span>
    </p>
   </div>
   <div class='ocr_carea' id='block_1_74' title="bbox 551 4121 2134 4204">
    <p class='ocr_par' dir='ltr' id='par_1_74' title="bbox 551 4121 2134 4204">
     <span class='ocr_line' id='line_1_74' title="bbox 551 4121 2134 4204; baseline -0.008 -15"><span class='ocrx_word' id='word_1_566' title='bbox 551 4148 716 4204; x_wconf 84' lang='lat' dir='ltr'><strong>quam</strong></span> <span class='ocrx_word' id='word_1_567' title='bbox 747 4147 880 4188; x_wconf 88' lang='lat' dir='ltr'><strong>caro</strong></span> <span class='ocrx_word' id='word_1_568' title='bbox 912 4129 1110 4186; x_wconf 80' lang='lat' dir='ltr'><strong>ﬁeret?</strong></span> <span class='ocrx_word' id='word_1_569' title='bbox 1159 4129 1430 4184; x_wconf 73' lang='lat' dir='ltr'><strong>Caeterum</strong></span> <span class='ocrx_word' id='word_1_570' title='bbox 1460 4126 1531 4181; x_wconf 93' lang='lat' dir='ltr'>ob</span> <span class='ocrx_word' id='word_1_571' title='bbox 1577 4139 1699 4179; x_wconf 86' lang='lat' dir='ltr'>eam</span> <span class='ocrx_word' id='word_1_572' title='bbox 1727 4138 1945 4178; x_wconf 91' lang='lat' dir='ltr'><strong>causam</strong></span> <span class='ocrx_word' id='word_1_573' title='bbox 1983 4121 2134 4176; x_wconf 83' lang='lat' dir='ltr'><strong>vive-</strong></span> 
     </span>
    </p>
   </div>
   <div class='ocr_carea' id='block_1_75' title="bbox 553 4216 2135 4297">
    <p class='ocr_par' dir='ltr' id='par_1_75' title="bbox 553 4216 2135 4297">
     <span class='ocr_line' id='line_1_75' title="bbox 553 4216 2135 4297; baseline -0.011 -13"><span class='ocrx_word' id='word_1_574' title='bbox 553 4227 735 4293; x_wconf 87' lang='lat' dir='ltr'><strong>bant,</strong></span> <span class='ocrx_word' id='word_1_575' title='bbox 801 4222 962 4297; x_wconf 64' lang='grc' dir='ltr'>ιοᾶ,</span> <span class='ocrx_word' id='word_1_576' title='bbox 1009 4223 1270 4293; x_wconf 81' lang='lat' dir='ltr'><strong>quoniam</strong></span> <span class='ocrx_word' id='word_1_577' title='bbox 1333 4217 1742 4291; x_wconf 72' lang='lat' dir='ltr'><strong>participabant</strong></span> <span class='ocrx_word' id='word_1_578' title='bbox 1795 4216 2064 4270; x_wconf 90' lang='lat' dir='ltr'><strong>dicentem</strong></span> <span class='ocrx_word' id='word_1_579' title='bbox 2120 4229 2135 4266; x_wconf 91' lang='lat'><strong>:</strong></span> 
     </span>
    </p>
   </div>
   <div class='ocr_carea' id='block_1_76' title="bbox 561 4306 2137 4390">
    <p class='ocr_par' dir='ltr' id='par_1_76' title="bbox 561 4306 2137 4390">
     <span class='ocr_line' id='line_1_76' title="bbox 561 4306 2137 4390; baseline -0.011 -15"><span class='ocrx_word' id='word_1_580' title='bbox 561 4337 584 4374; x_wconf 82' lang='grc' dir='ltr'>ι</span> <span class='ocrx_word' id='word_1_581' title='bbox 637 4318 749 4390; x_wconf 87' lang='lat' dir='ltr'><strong>Ego</strong></span> <span class='ocrx_word' id='word_1_582' title='bbox 777 4333 897 4374; x_wconf 91' lang='lat' dir='ltr'>sum</span> <span class='ocrx_word' id='word_1_583' title='bbox 924 4318 1034 4371; x_wconf 86' lang='lat' dir='ltr'><strong>vita</strong></span> <span class='ocrx_word' id='word_1_584' title='bbox 1061 4315 1129 4378; x_wconf 77' lang='lat'><strong>“,</strong></span> <span class='ocrx_word' id='word_1_585' title='bbox 1171 4333 1190 4366; x_wconf 75' lang='grc' dir='ltr'>ι</span> <span class='ocrx_word' id='word_1_586' title='bbox 1229 4324 1286 4368; x_wconf 90' lang='lat' dir='ltr'>et</span> <span class='ocrx_word' id='word_1_587' title='bbox 1332 4311 1710 4382; x_wconf 84' lang='lat' dir='ltr'><strong>percipiebant</strong></span> <span class='ocrx_word' id='word_1_588' title='bbox 1736 4306 2137 4377; x_wconf 85' lang='lat' dir='ltr'><strong>apparitiouem</strong></span> 
     </span>
    </p>
   </div>
   <div class='ocr_carea' id='block_1_77' title="bbox 557 4396 2136 4480">
    <p class='ocr_par' dir='ltr' id='par_1_77' title="bbox 557 4396 2136 4480">
     <span class='ocr_line' id='line_1_77' title="bbox 557 4396 2136 4480; baseline -0.015 -11"><span class='ocrx_word' id='word_1_589' title='bbox 557 4427 670 4469; x_wconf 89' lang='lat' dir='ltr'>non</span> <span class='ocrx_word' id='word_1_590' title='bbox 698 4411 860 4466; x_wconf 90' lang='lat' dir='ltr'><strong>modo</strong></span> <span class='ocrx_word' id='word_1_591' title='bbox 885 4407 1229 4480; x_wconf 77' lang='lat' dir='ltr'><strong>angelorum,</strong></span> <span class='ocrx_word' id='word_1_592' title='bbox 1261 4405 1356 4460; x_wconf 89' lang='lat' dir='ltr'>sed</span> <span class='ocrx_word' id='word_1_593' title='bbox 1389 4404 1557 4456; x_wconf 90' lang='lat' dir='ltr'><strong>etiam</strong></span> <span class='ocrx_word' id='word_1_594' title='bbox 1590 4400 1682 4455; x_wconf 90' lang='lat' dir='ltr'>Dei</span> <span class='ocrx_word' id='word_1_595' title='bbox 1713 4413 1810 4468; x_wconf 91' lang='lat' dir='ltr'>per</span> <span class='ocrx_word' id='word_1_596' title='bbox 1837 4396 2136 4458; x_wconf 85' lang='lat' dir='ltr'><strong>Christum,</strong></span> 
     </span>
    </p>
   </div>
   <div class='ocr_carea' id='block_1_78' title="bbox 2239 3203 3835 3279">
    <p class='ocr_par' dir='ltr' id='par_1_78' title="bbox 2239 3203 3835 3279">
     <span class='ocr_line' id='line_1_78' title="bbox 2239 3203 3835 3279; baseline 0.004 -21"><span class='ocrx_word' id='word_1_597' title='bbox 2239 3203 2636 3268; x_wconf 77' lang='grc' dir='ltr'>Σαδδουκαίους</span> <span class='ocrx_word' id='word_1_598' title='bbox 2678 3205 3046 3271; x_wconf 78' lang='grc' dir='ltr'>ἀπιστοῦντας</span> <span class='ocrx_word' id='word_1_599' title='bbox 3080 3206 3160 3277; x_wconf 84' lang='grc' dir='ltr'>τῷ</span> <span class='ocrx_word' id='word_1_600' title='bbox 3195 3210 3322 3279; x_wconf 76' lang='grc' dir='ltr'>περὶ</span> <span class='ocrx_word' id='word_1_601' title='bbox 3356 3210 3710 3276; x_wconf 83' lang='grc' dir='ltr'>ἀναστάσεως</span> <span class='ocrx_word' id='word_1_602' title='bbox 3742 3211 3835 3264; x_wconf 80' lang='grc' dir='ltr'>λό-</span> 
     </span>
    </p>
   </div>
   <div class='ocr_carea' id='block_1_79' title="bbox 2238 3297 3832 3372">
    <p class='ocr_par' dir='ltr' id='par_1_79' title="bbox 2238 3297 3832 3372">
     <span class='ocr_line' id='line_1_79' title="bbox 2238 3297 3832 3372; baseline 0.004 -23"><span class='ocrx_word' id='word_1_603' title='bbox 2238 3313 2322 3368; x_wconf 78' lang='grc' dir='ltr'>γῳ</span> <span class='ocrx_word' id='word_1_604' title='bbox 2345 3312 2360 3326; x_wconf 68' lang='grc' dir='ltr'><strong>θ</strong></span> <span class='ocrx_word' id='word_1_605' title='bbox 2402 3314 2422 3347; x_wconf 81' lang='lat' dir='ltr'>r</span> <span class='ocrx_word' id='word_1_606' title='bbox 2451 3297 2565 3350; x_wconf 82' lang='grc' dir='ltr'>Ούκ</span> <span class='ocrx_word' id='word_1_607' title='bbox 2596 3297 2865 3365; x_wconf 84' lang='grc' dir='ltr'>ἀνέγνωτε</span> <span class='ocrx_word' id='word_1_608' title='bbox 2898 3298 2959 3351; x_wconf 92' lang='grc' dir='ltr'>τὸ</span> <span class='ocrx_word' id='word_1_609' title='bbox 2989 3299 3154 3369; x_wconf 77' lang='grc' dir='ltr'>ῥηθὲν</span> <span class='ocrx_word' id='word_1_610' title='bbox 3202 3301 3298 3353; x_wconf 73' lang='grc' dir='ltr'>ἐπὶ</span> <span class='ocrx_word' id='word_1_611' title='bbox 3348 3302 3448 3371; x_wconf 79' lang='grc' dir='ltr'>τῆς</span> <span class='ocrx_word' id='word_1_612' title='bbox 3504 3303 3672 3372; x_wconf 79' lang='grc' dir='ltr'>βάτου</span> <span class='ocrx_word' id='word_1_613' title='bbox 3729 3304 3832 3357; x_wconf 75' lang='grc' dir='ltr'>ὑπὸ</span> 
     </span>
    </p>
   </div>
   <div class='ocr_carea' id='block_1_80' title="bbox 2237 3387 3831 3462">
    <p class='ocr_par' dir='ltr' id='par_1_80' title="bbox 2237 3387 3831 3462">
     <span class='ocr_line' id='line_1_80' title="bbox 2237 3387 3831 3462; baseline 0.004 -21"><span class='ocrx_word' id='word_1_614' title='bbox 2237 3387 2333 3442; x_wconf 92' lang='grc' dir='ltr'>τοῦ</span> <span class='ocrx_word' id='word_1_615' title='bbox 2365 3388 2502 3442; x_wconf 87' lang='grc' dir='ltr'>Θεοῦ</span> <span class='ocrx_word' id='word_1_616' title='bbox 2529 3405 2542 3418; x_wconf 81' lang='grc'><strong>’</strong></span> <span class='ocrx_word' id='word_1_617' title='bbox 2587 3387 2728 3457; x_wconf 88' lang='grc' dir='ltr'>Ἐγὼ</span> <span class='ocrx_word' id='word_1_618' title='bbox 2770 3389 2902 3454; x_wconf 84' lang='grc' dir='ltr'>Θεὸς</span> <span class='ocrx_word' id='word_1_619' title='bbox 2943 3391 3230 3462; x_wconf 74' lang='grc' dir='ltr'>Ἀϐραὰμ,</span> <span class='ocrx_word' id='word_1_620' title='bbox 3283 3394 3379 3446; x_wconf 73' lang='grc' dir='ltr'>καὶ</span> <span class='ocrx_word' id='word_1_621' title='bbox 3426 3393 3559 3458; x_wconf 82' lang='grc' dir='ltr'>Θεὸς</span> <span class='ocrx_word' id='word_1_622' title='bbox 3603 3394 3831 3461; x_wconf 71' lang='grc' dir='ltr'>Ἰσαὰκ,</span> 
     </span>
    </p>
   </div>
   <div class='ocr_carea' id='block_1_81' title="bbox 2239 3480 3832 3557">
    <p class='ocr_par' dir='ltr' id='par_1_81' title="bbox 2239 3480 3832 3557">
     <span class='ocr_line' id='line_1_81' title="bbox 2239 3480 3832 3557; baseline 0.003 -21"><span class='ocrx_word' id='word_1_623' title='bbox 2239 3482 2337 3536; x_wconf 75' lang='grc' dir='ltr'>καὶ</span> <span class='ocrx_word' id='word_1_624' title='bbox 2371 3480 2505 3546; x_wconf 89' lang='grc' dir='ltr'>Θεὸς</span> <span class='ocrx_word' id='word_1_625' title='bbox 2549 3481 2784 3544; x_wconf 74' lang='grc' dir='ltr'>Ἰακώϐς</span> <span class='ocrx_word' id='word_1_626' title='bbox 2832 3483 2966 3546; x_wconf 87' lang='grc' dir='ltr'>Θεὸς</span> <span class='ocrx_word' id='word_1_627' title='bbox 3015 3483 3072 3537; x_wconf 84' lang='grc' dir='ltr'>δέ</span> <span class='ocrx_word' id='word_1_628' title='bbox 3119 3486 3218 3538; x_wconf 82' lang='grc' dir='ltr'>οὐκ</span> <span class='ocrx_word' id='word_1_629' title='bbox 3270 3485 3384 3538; x_wconf 77' lang='grc' dir='ltr'>ἐστι</span> <span class='ocrx_word' id='word_1_630' title='bbox 3426 3485 3662 3557; x_wconf 85' lang='grc' dir='ltr'>νεκρῶν,</span> <span class='ocrx_word' id='word_1_631' title='bbox 3696 3487 3832 3540; x_wconf 74' lang='grc' dir='ltr'>ἀλλά</span> 
     </span>
    </p>
   </div>
   <div class='ocr_carea' id='block_1_82' title="bbox 2240 3572 3832 3648">
    <p class='ocr_par' dir='ltr' id='par_1_82' title="bbox 2240 3572 3832 3648">
     <span class='ocr_line' id='line_1_82' title="bbox 2240 3572 3832 3648; baseline 0.001 -21"><span class='ocrx_word' id='word_1_632' title='bbox 2240 3572 2479 3642; x_wconf 79' lang='grc' dir='ltr'>ζώντων,</span> <span class='ocrx_word' id='word_1_633' title='bbox 2509 3593 2528 3626; x_wconf 74' lang='grc' dir='ltr'>ι</span> <span class='ocrx_word' id='word_1_634' title='bbox 2573 3575 2636 3628; x_wconf 81' lang='lat' dir='ltr'><strong>El</strong></span> <span class='ocrx_word' id='word_1_635' title='bbox 2676 3575 2854 3628; x_wconf 81' lang='grc' dir='ltr'>τοίνυν</span> <span class='ocrx_word' id='word_1_636' title='bbox 2885 3576 2914 3627; x_wconf 87' lang='grc' dir='ltr'><strong>ὁ</strong></span> <span class='ocrx_word' id='word_1_637' title='bbox 2945 3576 3078 3640; x_wconf 86' lang='grc' dir='ltr'>Θεὸς</span> <span class='ocrx_word' id='word_1_638' title='bbox 3124 3577 3225 3630; x_wconf 77' lang='grc' dir='ltr'>οὐκ</span> <span class='ocrx_word' id='word_1_639' title='bbox 3273 3578 3662 3648; x_wconf 71' lang='grc' dir='ltr'>ἐπαισχύνεται</span> <span class='ocrx_word' id='word_1_640' title='bbox 3702 3578 3832 3642; x_wconf 80' lang='grc' dir='ltr'>θεὸς</span> 
     </span>
    </p>
   </div>
   <div class='ocr_carea' id='block_1_83' title="bbox 2238 3665 3832 3738">
    <p class='ocr_par' dir='ltr' id='par_1_83' title="bbox 2238 3665 3832 3738">
     <span class='ocr_line' id='line_1_83' title="bbox 2238 3665 3832 3738; baseline 0.002 -18"><span class='ocrx_word' id='word_1_641' title='bbox 2238 3665 2348 3720; x_wconf 90' lang='grc' dir='ltr'>τῶν</span> <span class='ocrx_word' id='word_1_642' title='bbox 2385 3665 2596 3738; x_wconf 87' lang='grc' dir='ltr'>ἀνδρῶν</span> <span class='ocrx_word' id='word_1_643' title='bbox 2633 3667 2838 3720; x_wconf 85' lang='grc' dir='ltr'>τούτων</span> <span class='ocrx_word' id='word_1_644' title='bbox 2890 3667 3215 3732; x_wconf 84' lang='grc' dir='ltr'>καλεῖσθαι,</span> <span class='ocrx_word' id='word_1_645' title='bbox 3265 3669 3361 3723; x_wconf 78' lang='grc' dir='ltr'>καὶ</span> <span class='ocrx_word' id='word_1_646' title='bbox 3414 3672 3473 3722; x_wconf 86' lang='grc' dir='ltr'>ἐν</span> <span class='ocrx_word' id='word_1_647' title='bbox 3512 3669 3682 3733; x_wconf 78' lang='grc' dir='ltr'>ζῶσιν</span> <span class='ocrx_word' id='word_1_648' title='bbox 3727 3669 3832 3723; x_wconf 80' lang='grc' dir='ltr'>ὑπὸ</span> 
     </span>
    </p>
   </div>
   <div class='ocr_carea' id='block_1_84' title="bbox 2239 3757 3832 3832">
    <p class='ocr_par' dir='ltr' id='par_1_84' title="bbox 2239 3757 3832 3832">
     <span class='ocr_line' id='line_1_84' title="bbox 2239 3757 3832 3832; baseline 0.001 -21"><span class='ocrx_word' id='word_1_649' title='bbox 2239 3757 2480 3829; x_wconf 84' lang='grc' dir='ltr'>Χριστοῦ</span> <span class='ocrx_word' id='word_1_650' title='bbox 2511 3757 2980 3830; x_wconf 88' lang='grc' dir='ltr'>καταριθμοῦνται</span> <span class='ocrx_word' id='word_1_651' title='bbox 3004 3798 3019 3824; x_wconf 94' lang='grc'>,</span> <span class='ocrx_word' id='word_1_652' title='bbox 3060 3760 3167 3812; x_wconf 73' lang='grc' dir='ltr'>υἱοί</span> <span class='ocrx_word' id='word_1_653' title='bbox 3195 3777 3254 3813; x_wconf 89' lang='grc' dir='ltr'>τε</span> <span class='ocrx_word' id='word_1_654' title='bbox 3283 3759 3379 3813; x_wconf 92' lang='grc' dir='ltr'>τοῦ</span> <span class='ocrx_word' id='word_1_655' title='bbox 3417 3760 3672 3832; x_wconf 78' lang='grc' dir='ltr'>Ἀϐραὰμ</span> <span class='ocrx_word' id='word_1_656' title='bbox 3699 3761 3832 3814; x_wconf 79' lang='grc' dir='ltr'>πάν-</span> 
     </span>
    </p>
   </div>
   <div class='ocr_carea' id='block_1_85' title="bbox 2237 3849 3831 3921">
    <p class='ocr_par' dir='ltr' id='par_1_85' title="bbox 2237 3849 3831 3921">
     <span class='ocr_line' id='line_1_85' title="bbox 2237 3849 3831 3921; baseline -0.001 -19"><span class='ocrx_word' id='word_1_657' title='bbox 2237 3866 2330 3914; x_wconf 84' lang='grc' dir='ltr'>τες</span> <span class='ocrx_word' id='word_1_658' title='bbox 2394 3849 2534 3904; x_wconf 75' lang='grc' dir='ltr'>εἰσὶν</span> <span class='ocrx_word' id='word_1_659' title='bbox 2582 3853 2632 3904; x_wconf 88' lang='grc' dir='ltr'>οἱ</span> <span class='ocrx_word' id='word_1_660' title='bbox 2688 3849 3037 3914; x_wconf 88' lang='grc' dir='ltr'>πιστεύοντες</span> <span class='ocrx_word' id='word_1_661' title='bbox 3086 3851 3237 3920; x_wconf 80' lang='grc' dir='ltr'>(ἐπεὶ</span> <span class='ocrx_word' id='word_1_662' title='bbox 3293 3851 3703 3919; x_wconf 89' lang='grc' dir='ltr'>ἐνευλογοῦνται</span> <span class='ocrx_word' id='word_1_663' title='bbox 3755 3851 3831 3921; x_wconf 77' lang='grc' dir='ltr'>τῷ</span> 
     </span>
    </p>
   </div>
   <div class='ocr_carea' id='block_1_86' title="bbox 2241 3941 3830 4016">
    <p class='ocr_par' dir='ltr' id='par_1_86' title="bbox 2241 3941 3830 4016">
     <span class='ocr_line' id='line_1_86' title="bbox 2241 3941 3830 4016; baseline -0.001 -21"><span class='ocrx_word' id='word_1_664' title='bbox 2241 3941 2417 4014; x_wconf 83' lang='grc' dir='ltr'>πιστῷ</span> <span class='ocrx_word' id='word_1_665' title='bbox 2463 3941 2714 4014; x_wconf 83' lang='grc' dir='ltr'>’Δϐραάμ</span> <span class='ocrx_word' id='word_1_666' title='bbox 2753 3944 2932 3997; x_wconf 89' lang='grc' dir='ltr'>πάντα</span> <span class='ocrx_word' id='word_1_667' title='bbox 2964 3943 3033 3997; x_wconf 81' lang='grc' dir='ltr'>τὰ</span> <span class='ocrx_word' id='word_1_668' title='bbox 3066 3943 3216 4014; x_wconf 77' lang='grc' dir='ltr'>ἔθνη,</span> <span class='ocrx_word' id='word_1_669' title='bbox 3270 3945 3439 4016; x_wconf 74' lang='grc' dir='ltr'>πατρὶ</span> <span class='ocrx_word' id='word_1_670' title='bbox 3488 3945 3596 3996; x_wconf 89' lang='grc' dir='ltr'>τῶν</span> <span class='ocrx_word' id='word_1_671' title='bbox 3660 3944 3830 3998; x_wconf 84' lang='grc' dir='ltr'>ἐθνῶν</span> 
     </span>
    </p>
   </div>
   <div class='ocr_carea' id='block_1_87' title="bbox 2241 4035 3828 4108">
    <p class='ocr_par' dir='ltr' id='par_1_87' title="bbox 2241 4035 3828 4108">
     <span class='ocr_line' id='line_1_87' title="bbox 2241 4035 3828 4108; baseline -0.001 -18"><span class='ocrx_word' id='word_1_672' title='bbox 2241 4037 2348 4090; x_wconf 84' lang='grc' dir='ltr'>ὑπὸ</span> <span class='ocrx_word' id='word_1_673' title='bbox 2378 4035 2474 4090; x_wconf 92' lang='grc' dir='ltr'>τοῦ</span> <span class='ocrx_word' id='word_1_674' title='bbox 2494 4035 2631 4090; x_wconf 88' lang='grc' dir='ltr'>Θεοῦ</span> <span class='ocrx_word' id='word_1_675' title='bbox 2661 4035 2978 4107; x_wconf 85' lang='grc' dir='ltr'>τεθειμένῳ)</span> <span class='ocrx_word' id='word_1_676' title='bbox 2997 4074 3011 4098; x_wconf 90' lang='grc'>,</span> <span class='ocrx_word' id='word_1_677' title='bbox 3069 4035 3392 4106; x_wconf 77' lang='grc' dir='ltr'>διστάζομεν</span> <span class='ocrx_word' id='word_1_678' title='bbox 3423 4035 3828 4108; x_wconf 74' lang='grc' dir='ltr'>παραδέξασθαι</span> 
     </span>
    </p>
   </div>
   <div class='ocr_carea' id='block_1_88' title="bbox 2241 4127 3827 4199">
    <p class='ocr_par' dir='ltr' id='par_1_88' title="bbox 2241 4127 3827 4199">
     <span class='ocr_line' id='line_1_88' title="bbox 2241 4127 3827 4199; baseline 0 -19"><span class='ocrx_word' id='word_1_679' title='bbox 2241 4129 2539 4197; x_wconf 85' lang='grc' dir='ltr'>ἐγνωκέναι</span> <span class='ocrx_word' id='word_1_680' title='bbox 2569 4129 2698 4192; x_wconf 81' lang='grc' dir='ltr'>τοὺς</span> <span class='ocrx_word' id='word_1_681' title='bbox 2727 4127 2937 4192; x_wconf 78' lang='grc' dir='ltr'>ζῶντας</span> <span class='ocrx_word' id='word_1_682' title='bbox 2970 4127 3040 4182; x_wconf 88' lang='grc' dir='ltr'>τά</span> <span class='ocrx_word' id='word_1_683' title='bbox 3085 4128 3194 4180; x_wconf 90' lang='grc' dir='ltr'>τῶν</span> <span class='ocrx_word' id='word_1_684' title='bbox 3233 4127 3452 4194; x_wconf 73' lang='grc' dir='ltr'>ζώντων</span> <span class='ocrx_word' id='word_1_685' title='bbox 3487 4129 3785 4199; x_wconf 80' lang='grc' dir='ltr'>μαθήματα</span> <span class='ocrx_word' id='word_1_686' title='bbox 3812 4167 3827 4191; x_wconf 92' lang='grc'>,</span> 
     </span>
    </p>
   </div>
   <div class='ocr_carea' id='block_1_89' title="bbox 2245 4219 3829 4294">
    <p class='ocr_par' dir='ltr' id='par_1_89' title="bbox 2245 4219 3829 4294">
     <span class='ocr_line' id='line_1_89' title="bbox 2245 4219 3829 4294; baseline 0.001 -20"><span class='ocrx_word' id='word_1_687' title='bbox 2245 4220 2683 4294; x_wconf 87' lang='grc' dir='ltr'>μαθητευθέντας</span> <span class='ocrx_word' id='word_1_688' title='bbox 2735 4219 2956 4292; x_wconf 81' lang='grc' dir='ltr'>Χριστῷ</span> <span class='ocrx_word' id='word_1_689' title='bbox 3001 4219 3078 4291; x_wconf 80' lang='grc' dir='ltr'>τῷ</span> <span class='ocrx_word' id='word_1_690' title='bbox 3126 4220 3230 4291; x_wconf 88' lang='grc' dir='ltr'>πρὸ</span> <span class='ocrx_word' id='word_1_691' title='bbox 3280 4222 3557 4290; x_wconf 60' lang='grc' dir='ltr'>ἑωσᾳόρου</span> <span class='ocrx_word' id='word_1_692' title='bbox 3601 4237 3829 4288; x_wconf 83' lang='grc' dir='ltr'>γεγενη-</span> 
     </span>
    </p>
   </div>
   <div class='ocr_carea' id='block_1_90' title="bbox 2245 4309 3832 4383">
    <p class='ocr_par' dir='ltr' id='par_1_90' title="bbox 2245 4309 3832 4383">
     <span class='ocr_line' id='line_1_90' title="bbox 2245 4309 3832 4383; baseline -0.002 -18"><span class='ocrx_word' id='word_1_693' title='bbox 2245 4311 2392 4383; x_wconf 85' lang='grc' dir='ltr'>μένῳ</span> <span class='ocrx_word' id='word_1_694' title='bbox 2437 4313 2567 4380; x_wconf 71' lang='grc' dir='ltr'>πρὶν</span> <span class='ocrx_word' id='word_1_695' title='bbox 2600 4311 2824 4382; x_wconf 88' lang='grc' dir='ltr'>γένηται</span> <span class='ocrx_word' id='word_1_696' title='bbox 2865 4309 3037 4383; x_wconf 78' lang='grc' dir='ltr'>σάρξ;</span> <span class='ocrx_word' id='word_1_697' title='bbox 3091 4310 3191 4364; x_wconf 81' lang='grc' dir='ltr'>Διά</span> <span class='ocrx_word' id='word_1_698' title='bbox 3219 4311 3378 4364; x_wconf 88' lang='grc' dir='ltr'>τοῦτο</span> <span class='ocrx_word' id='word_1_699' title='bbox 3408 4310 3465 4364; x_wconf 80' lang='grc' dir='ltr'>δὲ</span> <span class='ocrx_word' id='word_1_700' title='bbox 3498 4310 3670 4374; x_wconf 76' lang='grc' dir='ltr'>ἔζων.</span> <span class='ocrx_word' id='word_1_701' title='bbox 3710 4311 3832 4364; x_wconf 74' lang='grc' dir='ltr'>ἐπεὶ</span> 
     </span>
    </p>
   </div>
   <div class='ocr_carea' id='block_1_91' title="bbox 2247 4400 3832 4474">
    <p class='ocr_par' dir='ltr' id='par_1_91' title="bbox 2247 4400 3832 4474">
     <span class='ocr_line' id='line_1_91' title="bbox 2247 4400 3832 4474; baseline -0.003 -19"><span class='ocrx_word' id='word_1_702' title='bbox 2247 4405 2492 4474; x_wconf 85' lang='grc' dir='ltr'>μετεῖχον</span> <span class='ocrx_word' id='word_1_703' title='bbox 2528 4402 2623 4455; x_wconf 85' lang='grc' dir='ltr'>τοῦ</span> <span class='ocrx_word' id='word_1_704' title='bbox 2663 4403 2944 4467; x_wconf 76' lang='grc' dir='ltr'>εἰπόντος,</span> <span class='ocrx_word' id='word_1_705' title='bbox 2998 4419 3016 4453; x_wconf 82' lang='grc' dir='ltr'>ι</span> <span class='ocrx_word' id='word_1_706' title='bbox 3067 4400 3210 4470; x_wconf 84' lang='grc' dir='ltr'>Ἐγώ</span> <span class='ocrx_word' id='word_1_707' title='bbox 3250 4402 3366 4472; x_wconf 86' lang='grc' dir='ltr'>εἰμι</span> <span class='ocrx_word' id='word_1_708' title='bbox 3399 4402 3433 4470; x_wconf 77' lang='grc' dir='ltr'>η</span> <span class='ocrx_word' id='word_1_709' title='bbox 3468 4400 3582 4472; x_wconf 78' lang='grc' dir='ltr'>ζωὴ</span> <span class='ocrx_word' id='word_1_710' title='bbox 3608 4441 3622 4466; x_wconf 93' lang='grc'>,</span> <span class='ocrx_word' id='word_1_711' title='bbox 3663 4419 3682 4451; x_wconf 70' lang='grc' dir='ltr'>ι</span> <span class='ocrx_word' id='word_1_712' title='bbox 3738 4400 3832 4453; x_wconf 73' lang='grc' dir='ltr'>καὶ</span> 
     </span>
    </p>
   </div>
   <div class='ocr_carea' id='block_1_92' title="bbox 559 4483 2137 4573">
    <p class='ocr_par' dir='ltr' id='par_1_92' title="bbox 559 4484 2137 4573">
     <span class='ocr_line' id='line_1_92' title="bbox 559 4484 2137 4573; baseline -0.014 -13"><span class='ocrx_word' id='word_1_713' title='bbox 559 4516 818 4573; x_wconf 85' lang='lat' dir='ltr'><strong>tanquam</strong></span> <span class='ocrx_word' id='word_1_714' title='bbox 847 4507 1120 4555; x_wconf 85' lang='lat' dir='ltr'><strong>tantarum</strong></span> <span class='ocrx_word' id='word_1_715' title='bbox 1158 4492 1580 4566; x_wconf 84' lang='lat' dir='ltr'><strong>promissionum</strong></span> <span class='ocrx_word' id='word_1_716' title='bbox 1613 4489 1858 4544; x_wconf 70' lang='lat' dir='ltr'><strong>haeredes</strong></span> <span class='ocrx_word' id='word_1_717' title='bbox 1885 4505 1901 4541; x_wconf 88' lang='lat'><strong>:</strong></span> <span class='ocrx_word' id='word_1_718' title='bbox 1933 4495 1989 4541; x_wconf 91' lang='lat' dir='ltr'>et</span> <span class='ocrx_word' id='word_1_719' title='bbox 2029 4484 2137 4539; x_wconf 79' lang='lat' dir='ltr'><strong>for-</strong></span> 
     </span>
    </p>
   </div>
   <div class='ocr_carea' id='block_1_93' title="bbox 2239 4483 3828 4573">
    <p class='ocr_par' dir='ltr' id='par_1_93' title="bbox 2248 4493 3828 4569">
     <span class='ocr_line' id='line_1_93' title="bbox 2248 4493 3828 4569; baseline -0.002 -19"><span class='ocrx_word' id='word_1_720' title='bbox 2248 4496 2489 4569; x_wconf 86' lang='grc' dir='ltr'>ἐχώρουν</span> <span class='ocrx_word' id='word_1_721' title='bbox 2532 4497 2607 4560; x_wconf 84' lang='grc' dir='ltr'>ὡς</span> <span class='ocrx_word' id='word_1_722' title='bbox 2657 4495 2994 4568; x_wconf 85' lang='grc' dir='ltr'>τηλικούτων</span> <span class='ocrx_word' id='word_1_723' title='bbox 3050 4494 3377 4566; x_wconf 78' lang='grc' dir='ltr'>κληρονόμοι</span> <span class='ocrx_word' id='word_1_724' title='bbox 3453 4493 3828 4562; x_wconf 85' lang='grc' dir='ltr'>ἐπαγγελιῶν,</span> 
     </span>
    </p>
   </div>
   <div class='ocr_carea' id='block_1_94' title="bbox 557 4577 2144 4660">
    <p class='ocr_par' dir='ltr' id='par_1_94' title="bbox 557 4577 2144 4660">
     <span class='ocr_line' id='line_1_94' title="bbox 557 4577 2144 4660; baseline -0.014 -8"><span class='ocrx_word' id='word_1_725' title='bbox 557 4609 701 4652; x_wconf 85' lang='lat' dir='ltr'><strong>tasse</strong></span> <span class='ocrx_word' id='word_1_726' title='bbox 721 4594 971 4649; x_wconf 83' lang='lat' dir='ltr'><strong>videntes</strong></span> <span class='ocrx_word' id='word_1_727' title='bbox 1002 4590 1296 4660; x_wconf 87' lang='lat' dir='ltr'><strong>imaginem</strong></span> <span class='ocrx_word' id='word_1_728' title='bbox 1345 4581 1640 4640; x_wconf 87' lang='lat' dir='ltr'><strong>invisibilis</strong></span> <span class='ocrx_word' id='word_1_729' title='bbox 1669 4579 1764 4634; x_wconf 90' lang='lat' dir='ltr'><strong>Dei</strong></span> <span class='ocrx_word' id='word_1_730' title='bbox 1796 4579 1842 4611; x_wconf 70' lang='grc' dir='ltr'>ἠ</span> <span class='ocrx_word' id='word_1_731' title='bbox 1869 4577 2144 4648; x_wconf 84' lang='lat' dir='ltr'><strong>(quando-</strong></span> 
     </span>
    </p>
   </div>
   <div class='ocr_carea' id='block_1_95' title="bbox 555 4669 2139 4759">
    <p class='ocr_par' dir='ltr' id='par_1_95' title="bbox 555 4669 2139 4759">
     <span class='ocr_line' id='line_1_95' title="bbox 555 4669 2139 4759; baseline -0.011 -16"><span class='ocrx_word' id='word_1_732' title='bbox 555 4689 776 4759; x_wconf 89' lang='lat' dir='ltr'><strong>quidem</strong></span> <span class='ocrx_word' id='word_1_733' title='bbox 807 4685 902 4756; x_wconf 91' lang='lat' dir='ltr'><strong>qui</strong></span> <span class='ocrx_word' id='word_1_734' title='bbox 934 4683 1072 4737; x_wconf 88' lang='lat' dir='ltr'><strong>vidit</strong></span> <span class='ocrx_word' id='word_1_735' title='bbox 1099 4669 1298 4736; x_wconf 74' lang='lat' dir='ltr'><strong>F‘ilium</strong></span> <span class='ocrx_word' id='word_1_736' title='bbox 1325 4718 1340 4741; x_wconf 91' lang='lat'>,</span> <span class='ocrx_word' id='word_1_737' title='bbox 1374 4677 1514 4732; x_wconf 89' lang='lat' dir='ltr'><strong>vidit</strong></span> <span class='ocrx_word' id='word_1_738' title='bbox 1543 4683 1600 4730; x_wconf 92' lang='lat' dir='ltr'><strong>et</strong></span> <span class='ocrx_word' id='word_1_739' title='bbox 1647 4673 1864 4729; x_wconf 84' lang='lat' dir='ltr'><strong>Patrem</strong></span> <span class='ocrx_word' id='word_1_740' title='bbox 1895 4671 1964 4744; x_wconf 81' lang='lat'>“)</span> <span class='ocrx_word' id='word_1_741' title='bbox 2012 4687 2139 4727; x_wconf 90' lang='lat' dir='ltr'>cum</span> 
     </span>
    </p>
   </div>
   <div class='ocr_carea' id='block_1_96' title="bbox 556 4764 2190 4843">
    <p class='ocr_par' dir='ltr' id='par_1_96' title="bbox 556 4764 2190 4843">
     <span class='ocr_line' id='line_1_96' title="bbox 556 4764 2190 4843; baseline -0.012 -7"><span class='ocrx_word' id='word_1_742' title='bbox 556 4779 956 4836; x_wconf 78' lang='lat' dir='ltr'><strong>intellexissent</strong></span> <span class='ocrx_word' id='word_1_743' title='bbox 989 4775 1158 4831; x_wconf 89' lang='lat' dir='ltr'><strong>Deum</strong></span> <span class='ocrx_word' id='word_1_744' title='bbox 1190 4813 1206 4838; x_wconf 87' lang='lat'>,</span> <span class='ocrx_word' id='word_1_745' title='bbox 1249 4772 1454 4843; x_wconf 88' lang='lat' dir='ltr'><strong>Deique</strong></span> <span class='ocrx_word' id='word_1_746' title='bbox 1503 4782 1788 4828; x_wconf 82' lang='lat' dir='ltr'><strong>sermones</strong></span> <span class='ocrx_word' id='word_1_747' title='bbox 1839 4781 1939 4838; x_wconf 90' lang='lat' dir='ltr'>pro</span> <span class='ocrx_word' id='word_1_748' title='bbox 1971 4764 2143 4834; x_wconf 84' lang='lat' dir='ltr'><strong>ipsius</strong></span> <span class='ocrx_word' id='word_1_749' title='bbox 2183 4791 2190 4802; x_wconf 92' lang='lat'><strong>-</strong></span> 
     </span>
    </p>
   </div>
   <div class='ocr_carea' id='block_1_97' title="bbox 553 4859 2143 4944">
    <p class='ocr_par' dir='ltr' id='par_1_97' title="bbox 553 4859 2143 4944">
     <span class='ocr_line' id='line_1_97' title="bbox 553 4859 2143 4944; baseline -0.009 -17"><span class='ocrx_word' id='word_1_750' title='bbox 553 4872 822 4944; x_wconf 85' lang='lat' dir='ltr'><strong>dignitate</strong></span> <span class='ocrx_word' id='word_1_751' title='bbox 849 4868 1154 4932; x_wconf 88' lang='lat' dir='ltr'><strong>audissent,</strong></span> <span class='ocrx_word' id='word_1_752' title='bbox 1185 4866 1356 4921; x_wconf 91' lang='lat' dir='ltr'><strong>Deum</strong></span> <span class='ocrx_word' id='word_1_753' title='bbox 1387 4865 1589 4920; x_wconf 87' lang='lat' dir='ltr'><strong>vidisse</strong></span> <span class='ocrx_word' id='word_1_754' title='bbox 1611 4863 1898 4932; x_wconf 91' lang='lat' dir='ltr'><strong>ipsumque</strong></span> <span class='ocrx_word' id='word_1_755' title='bbox 1921 4859 2143 4916; x_wconf 84' lang='lat' dir='ltr'><strong>audisse</strong></span> 
     </span>
    </p>
   </div>
   <div class='ocr_carea' id='block_1_98' title="bbox 557 4950 2143 5026">
    <p class='ocr_par' dir='ltr' id='par_1_98' title="bbox 557 4950 2143 5026">
     <span class='ocr_line' id='line_1_98' title="bbox 557 4950 2143 5026; baseline -0.008 -9"><span class='ocrx_word' id='word_1_756' title='bbox 557 4961 895 5017; x_wconf 77' lang='lat' dir='ltr'><strong>scribuntur.</strong></span> <span class='ocrx_word' id='word_1_757' title='bbox 932 4957 1188 5012; x_wconf 84' lang='lat' dir='ltr'><strong>Arbitror</strong></span> <span class='ocrx_word' id='word_1_758' title='bbox 1231 4971 1364 5012; x_wconf 89' lang='lat' dir='ltr'><strong>vero</strong></span> <span class='ocrx_word' id='word_1_759' title='bbox 1406 4969 1509 5026; x_wconf 85' lang='lat' dir='ltr'>ego</span> <span class='ocrx_word' id='word_1_760' title='bbox 1543 4969 1642 5010; x_wconf 89' lang='lat' dir='ltr'>eos</span> <span class='ocrx_word' id='word_1_761' title='bbox 1669 4952 1763 5022; x_wconf 91' lang='lat' dir='ltr'><strong>qui</strong></span> <span class='ocrx_word' id='word_1_762' title='bbox 1808 4950 2051 5022; x_wconf 74' lang='lat' dir='ltr'><strong>perfecte</strong></span> <span class='ocrx_word' id='word_1_763' title='bbox 2087 4959 2143 5006; x_wconf 90' lang='lat' dir='ltr'>et</span> 
     </span>
    </p>
   </div>
   <div class='ocr_carea' id='block_1_99' title="bbox 556 5043 2142 5110">
    <p class='ocr_par' dir='ltr' id='par_1_99' title="bbox 556 5043 2142 5110">
     <span class='ocr_line' id='line_1_99' title="bbox 556 5043 2142 5110; baseline -0.009 0"><span class='ocrx_word' id='word_1_764' title='bbox 556 5054 776 5110; x_wconf 82' lang='lat' dir='ltr'><strong>sincere</strong></span> <span class='ocrx_word' id='word_1_765' title='bbox 801 5051 900 5106; x_wconf 82' lang='lat' dir='ltr'><strong>lilii</strong></span> <span class='ocrx_word' id='word_1_766' title='bbox 929 5049 1212 5105; x_wconf 80' lang='lat' dir='ltr'><strong>Abraham</strong></span> <span class='ocrx_word' id='word_1_767' title='bbox 1243 5046 1558 5102; x_wconf 85' lang='lat' dir='ltr'><strong>exstiterint</strong></span> <span class='ocrx_word' id='word_1_768' title='bbox 1581 5085 1598 5110; x_wconf 92' lang='lat'>,</span> <span class='ocrx_word' id='word_1_769' title='bbox 1632 5044 1774 5099; x_wconf 83' lang='lat' dir='ltr'><strong>ﬁlios</strong></span> <span class='ocrx_word' id='word_1_770' title='bbox 1803 5057 1928 5098; x_wconf 82' lang='lat' dir='ltr'><strong>esse</strong></span> <span class='ocrx_word' id='word_1_771' title='bbox 1966 5043 2142 5096; x_wconf 86' lang='lat' dir='ltr'><strong>actio-</strong></span> 
     </span>
    </p>
   </div>
   <div class='ocr_carea' id='block_1_100' title="bbox 558 5134 2142 5216">
    <p class='ocr_par' dir='ltr' id='par_1_100' title="bbox 558 5134 2142 5216">
     <span class='ocr_line' id='line_1_100' title="bbox 558 5134 2142 5216; baseline -0.008 -15"><span class='ocrx_word' id='word_1_772' title='bbox 558 5161 688 5201; x_wconf 93' lang='lat' dir='ltr'>num</span> <span class='ocrx_word' id='word_1_773' title='bbox 741 5145 913 5216; x_wconf 86' lang='lat' dir='ltr'><strong>ipsius</strong></span> <span class='ocrx_word' id='word_1_774' title='bbox 943 5142 1214 5204; x_wconf 66' lang='lat' dir='ltr'><strong>Abrahae,</strong></span> <span class='ocrx_word' id='word_1_775' title='bbox 1255 5153 1376 5208; x_wconf 70' lang='lat' dir='ltr'><strong>qua:</strong></span> <span class='ocrx_word' id='word_1_776' title='bbox 1407 5138 1789 5210; x_wconf 84' lang='lat' dir='ltr'><strong>intelliguntur</strong></span> <span class='ocrx_word' id='word_1_777' title='bbox 1828 5149 1952 5190; x_wconf 91' lang='lat' dir='ltr'><strong>esse</strong></span> <span class='ocrx_word' id='word_1_778' title='bbox 1980 5134 2142 5204; x_wconf 83' lang='lat' dir='ltr'><strong>spiri-</strong></span> 
     </span>
    </p>
   </div>
   <div class='ocr_carea' id='block_1_101' title="bbox 561 5230 2144 5308">
    <p class='ocr_par' dir='ltr' id='par_1_101' title="bbox 561 5230 2144 5308">
     <span class='ocr_line' id='line_1_101' title="bbox 561 5230 2144 5308; baseline -0.006 -14"><span class='ocrx_word' id='word_1_779' title='bbox 561 5240 735 5296; x_wconf 86' lang='lat' dir='ltr'><strong>tuales</strong></span> <span class='ocrx_word' id='word_1_780' title='bbox 757 5278 774 5307; x_wconf 88' lang='lat'>,</span> <span class='ocrx_word' id='word_1_781' title='bbox 804 5247 969 5308; x_wconf 89' lang='lat' dir='ltr'><strong>atque</strong></span> <span class='ocrx_word' id='word_1_782' title='bbox 998 5236 1164 5292; x_wconf 81' lang='lat' dir='ltr'><strong>etiam</strong></span> <span class='ocrx_word' id='word_1_783' title='bbox 1206 5233 1349 5288; x_wconf 78' lang='lat' dir='ltr'><strong>ﬁlios</strong></span> <span class='ocrx_word' id='word_1_784' title='bbox 1383 5247 1507 5288; x_wconf 89' lang='lat' dir='ltr'><strong>esse</strong></span> <span class='ocrx_word' id='word_1_785' title='bbox 1548 5231 1793 5287; x_wconf 67' lang='lat' dir='ltr'><strong>scientiae</strong></span> <span class='ocrx_word' id='word_1_786' title='bbox 1821 5230 2144 5286; x_wconf 78' lang='lat' dir='ltr'><strong>manifesta-</strong></span> 
     </span>
    </p>
   </div>
   <div class='ocr_carea' id='block_1_102' title="bbox 562 5324 2144 5406">
    <p class='ocr_par' dir='ltr' id='par_1_102' title="bbox 562 5324 2144 5406">
     <span class='ocr_line' id='line_1_102' title="bbox 562 5324 2144 5406; baseline -0.009 -15"><span class='ocrx_word' id='word_1_787' title='bbox 562 5346 630 5390; x_wconf 71' lang='lat' dir='ltr'><strong>ta:</strong></span> <span class='ocrx_word' id='word_1_788' title='bbox 666 5333 768 5406; x_wconf 91' lang='lat' dir='ltr'><strong>ipsi</strong></span> <span class='ocrx_word' id='word_1_789' title='bbox 807 5329 1090 5395; x_wconf 72' lang='lat' dir='ltr'><strong>Abrahae,</strong></span> <span class='ocrx_word' id='word_1_790' title='bbox 1141 5327 1401 5397; x_wconf 86' lang='lat' dir='ltr'><strong>quoniam</strong></span> <span class='ocrx_word' id='word_1_791' title='bbox 1449 5339 1571 5395; x_wconf 74' lang='lat' dir='ltr'><strong>qua:</strong></span> <span class='ocrx_word' id='word_1_792' title='bbox 1620 5324 1737 5393; x_wconf 80' lang='lat' dir='ltr'><strong>ipse</strong></span> <span class='ocrx_word' id='word_1_793' title='bbox 1788 5324 2044 5392; x_wconf 89' lang='lat' dir='ltr'><strong>cognovit</strong></span> <span class='ocrx_word' id='word_1_794' title='bbox 2086 5331 2144 5377; x_wconf 91' lang='lat' dir='ltr'>et</span> 
     </span>
    </p>
   </div>
   <div class='ocr_carea' id='block_1_103' title="bbox 561 5414 2143 5494">
    <p class='ocr_par' dir='ltr' id='par_1_103' title="bbox 561 5414 2143 5494">
     <span class='ocr_line' id='line_1_103' title="bbox 561 5414 2143 5494; baseline -0.009 -12"><span class='ocrx_word' id='word_1_795' title='bbox 561 5426 732 5492; x_wconf 76' lang='lat' dir='ltr'><strong>fecit,</strong></span> <span class='ocrx_word' id='word_1_796' title='bbox 789 5422 1034 5494; x_wconf 84' lang='lat' dir='ltr'><strong>ingenita</strong></span> <span class='ocrx_word' id='word_1_797' title='bbox 1077 5419 1284 5475; x_wconf 79' lang='lat' dir='ltr'><strong>fuerint</strong></span> <span class='ocrx_word' id='word_1_798' title='bbox 1319 5417 1427 5472; x_wconf 87' lang='lat' dir='ltr'><strong>illis</strong></span> <span class='ocrx_word' id='word_1_799' title='bbox 1458 5414 1552 5486; x_wconf 90' lang='lat' dir='ltr'>qui</span> <span class='ocrx_word' id='word_1_800' title='bbox 1598 5415 1695 5472; x_wconf 81' lang='lat' dir='ltr'><strong>ﬁlii</strong></span> <span class='ocrx_word' id='word_1_801' title='bbox 1742 5425 1873 5470; x_wconf 92' lang='lat' dir='ltr'><strong>sunt</strong></span> <span class='ocrx_word' id='word_1_802' title='bbox 1906 5414 2143 5485; x_wconf 86' lang='lat' dir='ltr'><strong>patriar-</strong></span> 
     </span>
    </p>
   </div>
   <div class='ocr_carea' id='block_1_104' title="bbox 563 5508 2134 5591">
    <p class='ocr_par' dir='ltr' id='par_1_104' title="bbox 563 5508 2134 5591">
     <span class='ocr_line' id='line_1_104' title="bbox 563 5508 2134 5591; baseline -0.01 -13"><span class='ocrx_word' id='word_1_803' title='bbox 563 5520 700 5587; x_wconf 69' lang='lat' dir='ltr'><strong>chae,</strong></span> <span class='ocrx_word' id='word_1_804' title='bbox 735 5513 1192 5591; x_wconf 84' lang='lat' dir='ltr'><strong>quemadmodum</strong></span> <span class='ocrx_word' id='word_1_805' title='bbox 1219 5512 1378 5568; x_wconf 88' lang='lat' dir='ltr'><strong>docet</strong></span> <span class='ocrx_word' id='word_1_806' title='bbox 1411 5509 1678 5566; x_wconf 86' lang='lat' dir='ltr'><strong>habentes</strong></span> <span class='ocrx_word' id='word_1_807' title='bbox 1703 5522 1888 5574; x_wconf 84' lang='lat' dir='ltr'><strong>aures,</strong></span> <span class='ocrx_word' id='word_1_808' title='bbox 1915 5508 2134 5564; x_wconf 89' lang='lat' dir='ltr'><strong>dicens:</strong></span> 
     </span>
    </p>
   </div>
   <div class='ocr_carea' id='block_1_105' title="bbox 2247 4584 3830 4660">
    <p class='ocr_par' dir='ltr' id='par_1_105' title="bbox 2247 4584 3830 4660">
     <span class='ocr_line' id='line_1_105' title="bbox 2247 4584 3830 4660; baseline -0.004 -16"><span class='ocrx_word' id='word_1_809' title='bbox 2247 4591 2572 4659; x_wconf 54' lang='grc' dir='ltr'>ἐπιφάνειαν</span> <span class='ocrx_word' id='word_1_810' title='bbox 2625 4589 2686 4642; x_wconf 81' lang='grc' dir='ltr'>ού</span> <span class='ocrx_word' id='word_1_811' title='bbox 2745 4589 2904 4660; x_wconf 90' lang='grc' dir='ltr'>μόνον</span> <span class='ocrx_word' id='word_1_812' title='bbox 2947 4587 3216 4656; x_wconf 87' lang='grc' dir='ltr'>ἀγγέλων,</span> <span class='ocrx_word' id='word_1_813' title='bbox 3270 4586 3406 4640; x_wconf 87' lang='grc' dir='ltr'>ἀλλά</span> <span class='ocrx_word' id='word_1_814' title='bbox 3444 4586 3540 4639; x_wconf 78' lang='grc' dir='ltr'>καὶ</span> <span class='ocrx_word' id='word_1_815' title='bbox 3589 4584 3726 4638; x_wconf 86' lang='grc' dir='ltr'>Θεοῦ</span> <span class='ocrx_word' id='word_1_816' title='bbox 3773 4586 3830 4637; x_wconf 82' lang='grc' dir='ltr'>ἐν</span> 
     </span>
    </p>
   </div>
   <div class='ocr_carea' id='block_1_106' title="bbox 2245 4674 3830 4752">
    <p class='ocr_par' dir='ltr' id='par_1_106' title="bbox 2245 4674 3830 4752">
     <span class='ocr_line' id='line_1_106' title="bbox 2245 4674 3830 4752; baseline -0.004 -19"><span class='ocrx_word' id='word_1_817' title='bbox 2245 4679 2500 4752; x_wconf 84' lang='grc' dir='ltr'>Χριστῷ·</span> <span class='ocrx_word' id='word_1_818' title='bbox 2536 4679 2630 4732; x_wconf 68' lang='grc' dir='ltr'>καὶ</span> <span class='ocrx_word' id='word_1_819' title='bbox 2664 4679 2804 4749; x_wconf 91' lang='grc' dir='ltr'>τάχα</span> <span class='ocrx_word' id='word_1_820' title='bbox 2831 4677 3068 4750; x_wconf 87' lang='grc' dir='ltr'>ὁρῶντες</span> <span class='ocrx_word' id='word_1_821' title='bbox 3109 4677 3208 4749; x_wconf 77' lang='grc' dir='ltr'>τὴν</span> <span class='ocrx_word' id='word_1_822' title='bbox 3239 4676 3423 4730; x_wconf 74' lang='grc' dir='ltr'>εἰκόνα</span> <span class='ocrx_word' id='word_1_823' title='bbox 3448 4676 3542 4730; x_wconf 93' lang='grc' dir='ltr'>τοῦ</span> <span class='ocrx_word' id='word_1_824' title='bbox 3555 4674 3708 4737; x_wconf 84' lang='grc' dir='ltr'>,Θεοῦ</span> <span class='ocrx_word' id='word_1_825' title='bbox 3737 4674 3830 4727; x_wconf 84' lang='grc' dir='ltr'>τοῦ</span> 
     </span>
    </p>
   </div>
   <div class='ocr_carea' id='block_1_107' title="bbox 2247 4768 3828 4845">
    <p class='ocr_par' dir='ltr' id='par_1_107' title="bbox 2247 4768 3828 4845">
     <span class='ocr_line' id='line_1_107' title="bbox 2247 4768 3828 4845; baseline -0.004 -19"><span class='ocrx_word' id='word_1_826' title='bbox 2247 4774 2480 4845; x_wconf 85' lang='grc' dir='ltr'>ἀοράτου</span> <span class='ocrx_word' id='word_1_827' title='bbox 2516 4771 2674 4842; x_wconf 80' lang='grc' dir='ltr'>(ἐπεὶ</span> <span class='ocrx_word' id='word_1_828' title='bbox 2699 4773 2729 4824; x_wconf 83' lang='grc' dir='ltr'>ό</span> <span class='ocrx_word' id='word_1_829' title='bbox 2776 4770 3038 4844; x_wconf 78' lang='grc' dir='ltr'>ἑωρακὼς</span> <span class='ocrx_word' id='word_1_830' title='bbox 3072 4770 3166 4825; x_wconf 87' lang='grc' dir='ltr'>τὸν</span> <span class='ocrx_word' id='word_1_831' title='bbox 3199 4769 3329 4822; x_wconf 88' lang='grc' dir='ltr'>Υἰὸν</span> <span class='ocrx_word' id='word_1_832' title='bbox 3357 4768 3571 4840; x_wconf 79' lang='grc' dir='ltr'>ἑώρακε</span> <span class='ocrx_word' id='word_1_833' title='bbox 3598 4769 3688 4821; x_wconf 86' lang='grc' dir='ltr'>τὸν</span> <span class='ocrx_word' id='word_1_834' title='bbox 3717 4768 3828 4820; x_wconf 73' lang='grc' dir='ltr'>Παε-</span> 
     </span>
    </p>
   </div>
   <div class='ocr_carea' id='block_1_108' title="bbox 2245 4857 3831 4936">
    <p class='ocr_par' dir='ltr' id='par_1_108' title="bbox 2245 4857 3831 4936">
     <span class='ocr_line' id='line_1_108' title="bbox 2245 4857 3831 4936; baseline -0.006 -18"><span class='ocrx_word' id='word_1_835' title='bbox 2245 4865 2438 4936; x_wconf 88' lang='grc' dir='ltr'>τέρα),</span> <span class='ocrx_word' id='word_1_836' title='bbox 2492 4863 2976 4934; x_wconf 84' lang='grc' dir='ltr'>ἀναγεγραμμένοι</span> <span class='ocrx_word' id='word_1_837' title='bbox 3031 4861 3138 4915; x_wconf 79' lang='grc' dir='ltr'>εἰσὶ</span> <span class='ocrx_word' id='word_1_838' title='bbox 3190 4861 3324 4914; x_wconf 91' lang='grc' dir='ltr'>Θεὸν</span> <span class='ocrx_word' id='word_1_839' title='bbox 3368 4859 3686 4930; x_wconf 86' lang='grc' dir='ltr'>νενοηκότες</span> <span class='ocrx_word' id='word_1_840' title='bbox 3738 4857 3831 4911; x_wconf 74' lang='grc' dir='ltr'>καὶ</span> 
     </span>
    </p>
   </div>
   <div class='ocr_carea' id='block_1_109' title="bbox 2244 4948 3826 5028">
    <p class='ocr_par' dir='ltr' id='par_1_109' title="bbox 2244 4948 3826 5028">
     <span class='ocr_line' id='line_1_109' title="bbox 2244 4948 3826 5028; baseline -0.004 -17"><span class='ocrx_word' id='word_1_841' title='bbox 2244 4957 2380 5012; x_wconf 83' lang='grc' dir='ltr'>Θεοῦ</span> <span class='ocrx_word' id='word_1_842' title='bbox 2404 4957 2580 5026; x_wconf 89' lang='grc' dir='ltr'>λόγων</span> <span class='ocrx_word' id='word_1_843' title='bbox 2608 4954 2927 5028; x_wconf 82' lang='grc' dir='ltr'>θεοπρεπῶς</span> <span class='ocrx_word' id='word_1_844' title='bbox 2971 4955 3268 5026; x_wconf 87' lang='grc' dir='ltr'>ἀκηκοότες</span> <span class='ocrx_word' id='word_1_845' title='bbox 3287 4993 3302 5018; x_wconf 94' lang='grc'>,</span> <span class='ocrx_word' id='word_1_846' title='bbox 3336 4953 3642 5025; x_wconf 90' lang='grc' dir='ltr'>ἐωρακέναι</span> <span class='ocrx_word' id='word_1_847' title='bbox 3675 4948 3826 5004; x_wconf 80' lang='grc' dir='ltr'>Θεὸν.</span> 
     </span>
    </p>
   </div>
   <div class='ocr_carea' id='block_1_110' title="bbox 2246 5039 3830 5118">
    <p class='ocr_par' dir='ltr' id='par_1_110' title="bbox 2246 5039 3830 5118">
     <span class='ocr_line' id='line_1_110' title="bbox 2246 5039 3830 5118; baseline -0.006 -16"><span class='ocrx_word' id='word_1_848' title='bbox 2246 5049 2340 5102; x_wconf 79' lang='grc' dir='ltr'>καὶ</span> <span class='ocrx_word' id='word_1_849' title='bbox 2371 5049 2668 5118; x_wconf 88' lang='grc' dir='ltr'>ἀκηκοέναι</span> <span class='ocrx_word' id='word_1_850' title='bbox 2715 5046 2883 5101; x_wconf 84' lang='grc' dir='ltr'>αὑτοῦ</span> <span class='ocrx_word' id='word_1_851' title='bbox 2904 5086 2918 5100; x_wconf 94' lang='grc'><strong>.</strong></span> <span class='ocrx_word' id='word_1_852' title='bbox 2968 5045 3110 5116; x_wconf 84' lang='grc' dir='ltr'>Ἐγὼ</span> <span class='ocrx_word' id='word_1_853' title='bbox 3142 5045 3188 5099; x_wconf 83' lang='grc' dir='ltr'>δ’</span> <span class='ocrx_word' id='word_1_854' title='bbox 3218 5041 3392 5116; x_wconf 82' lang='grc' dir='ltr'>οἶμαι,</span> <span class='ocrx_word' id='word_1_855' title='bbox 3421 5045 3506 5097; x_wconf 77' lang='grc' dir='ltr'>ὅτι</span> <span class='ocrx_word' id='word_1_856' title='bbox 3533 5044 3582 5096; x_wconf 75' lang='grc' dir='ltr'>οἱ</span> <span class='ocrx_word' id='word_1_857' title='bbox 3613 5039 3830 5102; x_wconf 74' lang='grc' dir='ltr'>τελείως</span> 
     </span>
    </p>
   </div>
   <div class='ocr_carea' id='block_1_111' title="bbox 2247 5130 3829 5212">
    <p class='ocr_par' dir='ltr' id='par_1_111' title="bbox 2247 5130 3829 5212">
     <span class='ocr_line' id='line_1_111' title="bbox 2247 5130 3829 5212; baseline -0.007 -18"><span class='ocrx_word' id='word_1_858' title='bbox 2247 5141 2339 5195; x_wconf 77' lang='grc' dir='ltr'>καὶ</span> <span class='ocrx_word' id='word_1_859' title='bbox 2372 5140 2613 5212; x_wconf 87' lang='grc' dir='ltr'>γνησίως</span> <span class='ocrx_word' id='word_1_860' title='bbox 2660 5141 2765 5193; x_wconf 80' lang='grc' dir='ltr'>υἱοὶ</span> <span class='ocrx_word' id='word_1_861' title='bbox 2815 5138 2911 5192; x_wconf 92' lang='grc' dir='ltr'>τοῦ</span> <span class='ocrx_word' id='word_1_862' title='bbox 2955 5137 3206 5209; x_wconf 78' lang='grc' dir='ltr'>’Δϐραάμ</span> <span class='ocrx_word' id='word_1_863' title='bbox 3230 5176 3246 5201; x_wconf 87' lang='grc'>,</span> <span class='ocrx_word' id='word_1_864' title='bbox 3285 5136 3395 5190; x_wconf 89' lang='grc' dir='ltr'>τῶν</span> <span class='ocrx_word' id='word_1_865' title='bbox 3447 5130 3829 5205; x_wconf 86' lang='grc' dir='ltr'>πνευματικῶν</span> 
     </span>
    </p>
   </div>
   <div class='ocr_carea' id='block_1_112' title="bbox 2248 5229 3828 5305">
    <p class='ocr_par' dir='ltr' id='par_1_112' title="bbox 2248 5229 3828 5305">
     <span class='ocr_line' id='line_1_112' title="bbox 2248 5229 3828 5305; baseline -0.009 -16"><span class='ocrx_word' id='word_1_866' title='bbox 2248 5234 2553 5305; x_wconf 82' lang='grc' dir='ltr'>νοουμένων</span> <span class='ocrx_word' id='word_1_867' title='bbox 2581 5232 2835 5304; x_wconf 81' lang='grc' dir='ltr'>πράξεων</span> <span class='ocrx_word' id='word_1_868' title='bbox 2869 5230 3034 5284; x_wconf 84' lang='grc' dir='ltr'>αὑτοῦ</span> <span class='ocrx_word' id='word_1_869' title='bbox 3063 5233 3202 5286; x_wconf 88' lang='grc' dir='ltr'>εἰσιν</span> <span class='ocrx_word' id='word_1_870' title='bbox 3228 5230 3334 5284; x_wconf 77' lang='grc' dir='ltr'>υἱοὶ</span> <span class='ocrx_word' id='word_1_871' title='bbox 3353 5270 3370 5295; x_wconf 88' lang='grc'>,</span> <span class='ocrx_word' id='word_1_872' title='bbox 3408 5229 3504 5282; x_wconf 75' lang='grc' dir='ltr'>καὶ</span> <span class='ocrx_word' id='word_1_873' title='bbox 3533 5229 3632 5298; x_wconf 85' lang='grc' dir='ltr'>τῆς</span> <span class='ocrx_word' id='word_1_874' title='bbox 3666 5240 3828 5294; x_wconf 83' lang='grc' dir='ltr'>φανε-</span> 
     </span>
    </p>
   </div>
   <div class='ocr_carea' id='block_1_113' title="bbox 2251 5317 3828 5398">
    <p class='ocr_par' dir='ltr' id='par_1_113' title="bbox 2251 5317 3828 5398">
     <span class='ocr_line' id='line_1_113' title="bbox 2251 5317 3828 5398; baseline -0.009 -19"><span class='ocrx_word' id='word_1_875' title='bbox 2251 5325 2516 5398; x_wconf 80' lang='grc' dir='ltr'>ρωθείσης</span> <span class='ocrx_word' id='word_1_876' title='bbox 2569 5322 2718 5394; x_wconf 72' lang='grc' dir='ltr'>αὐτῷ</span> <span class='ocrx_word' id='word_1_877' title='bbox 2745 5322 3000 5392; x_wconf 89' lang='grc' dir='ltr'>γνώσεως</span> <span class='ocrx_word' id='word_1_878' title='bbox 3025 5361 3041 5386; x_wconf 95' lang='grc'>,</span> <span class='ocrx_word' id='word_1_879' title='bbox 3093 5320 3204 5376; x_wconf 90' lang='grc' dir='ltr'>τῶν</span> <span class='ocrx_word' id='word_1_880' title='bbox 3246 5321 3442 5392; x_wconf 80' lang='grc' dir='ltr'>ἐκεινῳ</span> <span class='ocrx_word' id='word_1_881' title='bbox 3479 5317 3828 5389; x_wconf 83' lang='grc' dir='ltr'>γνωσθέντων</span> 
     </span>
    </p>
   </div>
   <div class='ocr_carea' id='block_1_114' title="bbox 2248 5409 3828 5490">
    <p class='ocr_par' dir='ltr' id='par_1_114' title="bbox 2248 5409 3828 5490">
     <span class='ocr_line' id='line_1_114' title="bbox 2248 5409 3828 5490; baseline -0.008 -18"><span class='ocrx_word' id='word_1_882' title='bbox 2248 5418 2345 5472; x_wconf 75' lang='grc' dir='ltr'>καὶ</span> <span class='ocrx_word' id='word_1_883' title='bbox 2409 5417 2761 5490; x_wconf 87' lang='grc' dir='ltr'>πραχθέντων</span> <span class='ocrx_word' id='word_1_884' title='bbox 2819 5413 3184 5484; x_wconf 89' lang='grc' dir='ltr'>ἐγγινομένων</span> <span class='ocrx_word' id='word_1_885' title='bbox 3239 5415 3355 5476; x_wconf 87' lang='grc' dir='ltr'>τοῖς</span> <span class='ocrx_word' id='word_1_886' title='bbox 3404 5409 3828 5483; x_wconf 77' lang='grc' dir='ltr'>χρηματίζουσιν</span> 
     </span>
    </p>
   </div>
   <div class='ocr_carea' id='block_1_115' title="bbox 2248 5505 3828 5582">
    <p class='ocr_par' dir='ltr' id='par_1_115' title="bbox 2248 5505 3828 5582">
     <span class='ocr_line' id='line_1_115' title="bbox 2248 5505 3828 5582; baseline -0.004 -19"><span class='ocrx_word' id='word_1_887' title='bbox 2248 5512 2385 5574; x_wconf 81' lang='grc' dir='ltr'>υἱοῖς</span> <span class='ocrx_word' id='word_1_888' title='bbox 2435 5509 2530 5563; x_wconf 89' lang='grc' dir='ltr'>τοῦ</span> <span class='ocrx_word' id='word_1_889' title='bbox 2573 5509 2948 5582; x_wconf 86' lang='grc' dir='ltr'>πατριάρχου,</span> <span class='ocrx_word' id='word_1_890' title='bbox 2985 5507 3130 5563; x_wconf 88' lang='grc' dir='ltr'>καθά</span> <span class='ocrx_word' id='word_1_891' title='bbox 3174 5506 3415 5562; x_wconf 81' lang='grc' dir='ltr'>διδάσκει</span> <span class='ocrx_word' id='word_1_892' title='bbox 3450 5508 3574 5570; x_wconf 78' lang='grc' dir='ltr'>τοὺς</span> <span class='ocrx_word' id='word_1_893' title='bbox 3607 5505 3828 5575; x_wconf 78' lang='grc' dir='ltr'>ἔχοντας</span> 
     </span>
    </p>
   </div>
   <div class='ocr_carea' id='block_1_116' title="bbox 642 5639 3826 5730">
    <p class='ocr_par' dir='ltr' id='par_1_116' title="bbox 642 5639 3826 5730">
     <span class='ocr_line' id='line_1_116' title="bbox 642 5639 3826 5730; baseline -0.008 -7"><span class='ocrx_word' id='word_1_894' title='bbox 642 5666 688 5701; x_wconf 76' lang='grc'>⁸³</span> <span class='ocrx_word' id='word_1_895' title='bbox 710 5664 866 5722; x_wconf 85' lang='lat' dir='ltr'><strong>Joan.</strong></span> <span class='ocrx_word' id='word_1_896' title='bbox 889 5661 1117 5730; x_wconf 82' lang='lat' dir='ltr'><strong>vm,56.</strong></span> <span class='ocrx_word' id='word_1_897' title='bbox 1193 5660 1239 5694; x_wconf 76' lang='grc'>⁸⁸</span> <span class='ocrx_word' id='word_1_898' title='bbox 1266 5657 1424 5717; x_wconf 80' lang='lat' dir='ltr'><strong>Joau.</strong></span> <span class='ocrx_word' id='word_1_899' title='bbox 1459 5674 1501 5724; x_wconf 86' lang='grc' dir='ltr'>ι,</span> <span class='ocrx_word' id='word_1_900' title='bbox 1527 5657 1657 5730; x_wconf 32' lang='grc'><strong>16.--</strong></span> <span class='ocrx_word' id='word_1_901' title='bbox 1680 5654 1940 5730; x_wconf 79' lang='lat' dir='ltr'>&quot;__Matth.</span> <span class='ocrx_word' id='word_1_902' title='bbox 1971 5670 2095 5730; x_wconf 78' lang='lat' dir='ltr'><strong>xut_.</strong></span> <span class='ocrx_word' id='word_1_903' title='bbox 2131 5652 2271 5730; x_wconf 53' lang='lat' dir='ltr'>17v“</span> <span class='ocrx_word' id='word_1_904' title='bbox 2302 5651 2522 5730; x_wconf 56' lang='lat' dir='ltr'><strong>fluan.</strong></span> <span class='ocrx_word' id='word_1_905' title='bbox 2559 5651 2736 5730; x_wconf 84' lang='lat' dir='ltr'><strong>v,_l7.</strong></span> <span class='ocrx_word' id='word_1_906' title='bbox 2796 5650 2849 5730; x_wconf 48' lang='lat'>1’</span> <span class='ocrx_word' id='word_1_907' title='bbox 2878 5648 3044 5730; x_wconf 51' lang='lat' dir='ltr'><strong>hiare.</strong></span> <span class='ocrx_word' id='word_1_908' title='bbox 3070 5661 3178 5710; x_wconf 83' lang='lat' dir='ltr'>xu,</span> <span class='ocrx_word' id='word_1_909' title='bbox 3349 5644 3603 5730; x_wconf 52' lang='lat' dir='ltr'>_:&quot;B?lll.</span> <span class='ocrx_word' id='word_1_910' title='bbox 3629 5658 3702 5730; x_wconf 76' lang='lat' dir='ltr'>tv.</span> 
     </span>
    </p>
   </div>
   <div class='ocr_carea' id='block_1_117' title="bbox 568 5725 2110 5801">
    <p class='ocr_par' dir='ltr' id='par_1_117' title="bbox 568 5725 2110 5801">
     <span class='ocr_line' id='line_1_117' title="bbox 568 5725 2110 5801; baseline -0.008 -8"><span class='ocrx_word' id='word_1_911' title='bbox 568 5737 610 5771; x_wconf 83' lang='lat'><strong>&quot;</strong></span> <span class='ocrx_word' id='word_1_912' title='bbox 640 5737 774 5793; x_wconf 85' lang='lat' dir='ltr'><strong>Gen.</strong></span> <span class='ocrx_word' id='word_1_913' title='bbox 803 5751 941 5801; x_wconf 83' lang='lat' dir='ltr'><strong>xvtt,</strong></span> <span class='ocrx_word' id='word_1_914' title='bbox 961 5725 1028 5801; x_wconf 50' lang='lat'>4&#39;;</span> <span class='ocrx_word' id='word_1_915' title='bbox 1064 5749 1197 5799; x_wconf 87' lang='lat' dir='ltr'><strong>xxn,</strong></span> <span class='ocrx_word' id='word_1_916' title='bbox 1225 5733 1326 5798; x_wconf 75' lang='lat'>18;</span> <span class='ocrx_word' id='word_1_917' title='bbox 1363 5745 1510 5796; x_wconf 78' lang='lat' dir='ltr'><strong>xxvi,</strong></span> <span class='ocrx_word' id='word_1_918' title='bbox 1539 5731 1594 5797; x_wconf 76' lang='grc'>4,</span> <span class='ocrx_word' id='word_1_919' title='bbox 1627 5727 1692 5794; x_wconf 85' lang='grc'><strong>5;</strong></span> <span class='ocrx_word' id='word_1_920' title='bbox 1730 5726 1887 5782; x_wconf 76' lang='lat' dir='ltr'><strong>llom.</strong></span> <span class='ocrx_word' id='word_1_921' title='bbox 1917 5740 1991 5793; x_wconf 87' lang='lat' dir='ltr'>tv,</span> <span class='ocrx_word' id='word_1_922' title='bbox 2021 5725 2110 5780; x_wconf 80' lang='grc'>17.</span> 
     </span>
    </p>
   </div>
   <div class='ocr_carea' id='block_1_118' title="bbox 567 5806 1002 5874">
    <p class='ocr_par' dir='ltr' id='par_1_118' title="bbox 567 5806 1002 5874">
     <span class='ocr_line' id='line_1_118' title="bbox 567 5806 1002 5874; baseline -0.011 -9"><span class='ocrx_word' id='word_1_923' title='bbox 567 5807 614 5840; x_wconf 76' lang='grc'>⁸³</span> <span class='ocrx_word' id='word_1_924' title='bbox 636 5806 795 5864; x_wconf 78' lang='lat' dir='ltr'><strong>Joan.</strong></span> <span class='ocrx_word' id='word_1_925' title='bbox 817 5823 930 5874; x_wconf 65' lang='grc' dir='ltr'>ειν,</span> <span class='ocrx_word' id='word_1_926' title='bbox 947 5806 1002 5861; x_wconf 89' lang='lat'>9.</span> 
     </span>
    </p>
   </div>
   <div class='ocr_carea' id='block_1_119' title="bbox 2225 5722 2681 5782">
    <p class='ocr_par' dir='ltr' id='par_1_119' title="bbox 2225 5722 2681 5782">
     <span class='ocr_line' id='line_1_119' title="bbox 2225 5722 2681 5782; baseline -0.004 -2"><span class='ocrx_word' id='word_1_927' title='bbox 2225 5722 2273 5756; x_wconf 82' lang='lat'>“</span> <span class='ocrx_word' id='word_1_928' title='bbox 2303 5723 2448 5780; x_wconf 82' lang='lat' dir='ltr'><strong>Psal.</strong></span> <span class='ocrx_word' id='word_1_929' title='bbox 2485 5739 2598 5782; x_wconf 81' lang='lat' dir='ltr'><strong>Ctx.</strong></span> <span class='ocrx_word' id='word_1_930' title='bbox 2626 5723 2681 5779; x_wconf 74' lang='grc' dir='ltr'>ὅ.</span> 
     </span>
    </p>
   </div>
   <div class='ocr_carea' id='block_1_120' title="bbox 2795 5709 3827 5783">
    <p class='ocr_par' dir='ltr' id='par_1_120' title="bbox 2795 5709 3827 5783">
     <span class='ocr_line' id='line_1_120' title="bbox 2795 5709 3827 5783; baseline -0.012 -8"><span class='ocrx_word' id='word_1_931' title='bbox 2795 5721 2839 5753; x_wconf 83' lang='grc'>¹¹</span> <span class='ocrx_word' id='word_1_932' title='bbox 2872 5719 3028 5775; x_wconf 77' lang='lat' dir='ltr'><strong>Joan.</strong></span> <span class='ocrx_word' id='word_1_933' title='bbox 3063 5709 3173 5783; x_wconf 55' lang='lat' dir='ltr'><strong>XIV,</strong></span> <span class='ocrx_word' id='word_1_934' title='bbox 3207 5717 3264 5772; x_wconf 82' lang='lat'>6.</span> <span class='ocrx_word' id='word_1_935' title='bbox 3349 5717 3394 5748; x_wconf 72' lang='grc' dir='ltr'>’ί</span> <span class='ocrx_word' id='word_1_936' title='bbox 3421 5716 3605 5772; x_wconf 66' lang='lat' dir='ltr'><strong>(Solos.</strong></span> <span class='ocrx_word' id='word_1_937' title='bbox 3655 5729 3696 5774; x_wconf 88' lang='lat' dir='ltr'>I.</span> <span class='ocrx_word' id='word_1_938' title='bbox 3738 5709 3827 5766; x_wconf 66' lang='lat'>£5.</span> 
     </span>
    </p>
   </div>
  </div>
