4194 6468
489 346 595 404 305

1582 347 1941 404 COMMENT.
1976 348 2041 403 IN
2076 346 2265 405 JOAN.
2305 344 2545 401 TOMUS
2583 344 2671 399 Vl.

3633 342 3739 397 206

481 460 626 527 ὦτα,
654 462 862 530 λέγων·
903 482 920 513 ι
960 463 1025 515 Εἰ
1058 463 1222 516 τέκνα
1257 461 1350 516 τοῦ
1393 461 1642 534 Ἀϐραὰμ
1674 459 1794 534 ἦτε,
1828 465 1897 518 τά
1932 464 2068 536 ἔργα

2180 482 2197 514 ι
2239 462 2294 517 Si
2333 463 2427 517 filii
2454 463 2728 517 Abraham
2776 462 3011 526 essetis.
3057 476 3222 530 Opera
3269 459 3502 514 Abralia:
3530 457 3741 514 facere-

481 555 578 608 τοῦ
640 554 891 624 Ἀϐραὰμ.
941 556 1194 607 εποιεῖτε.
1223 576 1240 606 ι
1294 555 1405 607 Καὶ
1450 556 1496 606 εἰ
1529 574 1546 606 ι
1586 555 1746 624 σοφὸς
1779 558 1961 627 νοήσει
1996 559 2063 610 τὰ

482 646 593 702 ἀπὸ
627 646 758 699 ἰδίου
786 646 1069 716 στόματος,
1091 650 1183 699 ὲπι
1209 646 1265 699 δὲ
1294 646 1497 717 χείλεσι
1515 648 1732 719 φορέσει
1753 650 2064 719 ὲπιγνωμο-

483 738 682 809 σύνην,
710 757 727 788 ι
757 738 1051 806 ἀναγκαῖον
1073 739 1190 808 ἦτοι
1214 737 1504 808 προπετῶς
1535 739 1916 810 ἀποφήνασθαι
1944 758 2066 794 τινα

485 831 616 902 ’περί⁹
655 829 984 901 προφητῶν,
1026 829 1101 893 ὡς
1133 831 1195 882 οὐ
1241 829 1418 898 σοφῶν
1451 828 1533 899 (εἰ
1565 830 1641 902 μὴ
1670 833 1956 898 νενοήκασι
1999 832 2067 885 τὰ

489 918 595 974 ἀπὸ
624 919 719 972 τοῦ
761 919 893 972 ἰδίου
950 918 1262 990 στόματος),
1297 919 1329 991 ἢ
1362 919 1423 972 τὸ
1457 918 1702 991 εὔφημον
1731 922 1825 975 καὶ
1871 922 2068 993 ἀληθὲς

490 1008 999 1081 παραδεξαμένους,
1029 1010 1109 1062 ὅτι
1140 1003 1280 1079 ἦσαν
1308 1010 1358 1062 οἰ
1394 1011 1668 1082 προφῆται
1710 1012 1897 1082 σοφοὶ,
1939 1015 2068 1083 ὁμο-

490 1101 667 1171 λογεῖν
689 1101 999 1173 νενοηκέναι
1026 1102 1222 1166 αὐτοὺς
1246 1101 1353 1155 ἀπὸ
1383 1102 1513 1155 ἰδίου
1550 1105 1832 1175 στόματος,
1863 1104 1956 1158 καὶ
1978 1105 2071 1159 ἐπὶ

492 1197 605 1258 τοῖς
632 1194 838 1266 χείλεσι
888 1197 1261 1266 πεφορηκέναι
1321 1194 1420 1266 τὴν
1452 1197 1934 1269 ὲπιγνωμοσύνην·
1976 1198 2070 1251 καὶ

493 1289 681 1361 δῆλον,
731 1290 811 1342 ὃτι
855 1289 1059 1359 Μωσῆς
1096 1287 1245 1359 ἑώρα
1298 1287 1376 1358 τῷ
1423 1288 1503 1341 νοῒ
1549 1290 1647 1361 τὴν
1687 1290 1943 1361 ἀλήθειαν
1976 1290 2068 1343 τοῦ

496 1381 696 1452 νόμου,
749 1382 842 1435 καὶ
892 1380 991 1443 τὰς
1050 1381 1191 1434 κατά
1245 1381 1536 1452 ἀναγωγὴν
1596 1381 1922 1453 ἀλληγορίας
1963 1382 2072 1436 τῶν

493 1473 1002 1546 ἀναγεγραμμένων
1053 1475 1181 1546 παρ’
1228 1472 1376 1545 αὐτῷ
1432 1473 1699 1546 ἱστοριῶν.
1769 1475 1973 1546 Ἰησοῦς
2015 1476 2072 1529 δὲ

495 1566 595 1637 τὴν
631 1566 806 1636 ἀληθῆ
850 1566 1201 1638 κληροδοσίαν
1230 1566 1528 1637 γενομένην
1577 1567 1715 1637 μετά
1744 1568 1843 1639 τὴν
1882 1568 2075 1622 καθαί-

499 1675 647 1729 ρεσιν
682 1659 790 1713 τῶν
821 1660 993 1714 εἴκοσι
1028 1659 1121 1712 καὶ
1149 1660 1307 1713 ἐννέα
1337 1639 1599 1730 βασιλέων
1634 1661 1837 1724 συνίει,
1875 1660 2073 1731 μᾶλλον

499 1752 655 1824 ἡμῶν
686 1753 982 1821 δυνάμενος
1018 1754 1250 1823 συνορᾷν
1282 1752 1442 1807 τίνων
1478 1752 1692 1823 ἀληθῶν
1721 1754 1870 1806 σκιαὶ
1918 1753 2076 1822 ἐτύγ-

496 1856 658 1908 χανον
700 1842 771 1896 τὰ
801 1844 869 1897 δι’
898 1843 1061 1896 αὐτοῦ
1097 1844 1510 1915 ἐπιτελούμενα.
1557 1844 1726 1914 Δῆλον
1771 1844 1816 1896 δ’
1849 1845 1931 1898 ὅτι
1980 1844 2077 1898 καὶ
2110 1823 2152 1878 Β

508 1934 741 1998 Ἡσαΐας
798 1934 860 1988 τὸ
923 1936 1219 2006 μυστήριον
1259 1934 1406 2006 ἑώρα
1453 1933 1546 1988 τοῦ
1592 1935 1684 1988 ἐπὶ
1732 1934 1825 1988 τοῦ
1884 1935 2074 2005 θρόνου

497 2024 885 2097 καθεζομένου,
926 2026 1019 2079 καὶ
1059 2024 1168 2079 τῶν
1199 2025 1292 2078 δύο
1319 2027 1586 2097 σεραφὶμ,
1622 2024 1849 2079 καὶτῶν
1884 2025 2080 2099 πτερύη

498 2135 612 2187 γων
644 2117 832 2182 αὐτοῦ,
867 2118 963 2172 τοῦ
1004 2134 1066 2171 τε
1105 2116 1492 2191 θυσιαστηρίου
1536 2119 1632 2172 καὶ
1675 2118 1774 2187 τῆς
1822 2118 2035 2183 λαϐίδος
2060 2158 2075 2182 ,

499 2212 594 2262 καὶ
625 2209 723 2282 τῆς
750 2208 1131 2279 έπικαλύψεως
1177 2207 1270 2261 τοῦ
1319 2208 1609 2281 προσώπου
1638 2250 1652 2268 ,
1698 2210 1791 2261 καὶ
1825 2208 1930 2263 τῶν
1984 2225 2081 2262 πο-

497 2301 625 2365 δῶν,
674 2301 966 2373 γινομένης
1021 2301 1127 2355 ὑπὸ
1169 2301 1276 2354 τῶν
1320 2302 1580 2374 σεραφίμ.
1629 2302 1889 2372 Ἰεζεκιὴλ
1921 2302 1978 2356 δὲ
2011 2302 2080 2357 τὰ

499 2394 784 2466 χερουὸὶμ,
815 2395 907 2447 καὶ
940 2394 1038 2466 τὴν
1070 2396 1292 2468 πορείαν
1336 2396 1537 2457 αὐτῶν,
1570 2395 1663 2449 καὶ
1695 2395 1757 2449 τὸ
1787 2397 1873 2448 ἐπ’
1901 2395 2081 2449 αὐτῶν

501 2485 818 2558 στερέωμα,
862 2485 958 2539 καὶ
1002 2484 1113 2539 τῶν
1146 2486 1620 2557 ὲπικαθεζομένων
1664 2485 1742 2557 τῷ
1776 2486 1972 2559 θρόνῳ,
2006 2480 2081 2542 ὧν

498 2577 552 2629 τί
580 2576 646 2630 ἂν
678 2576 762 2648 είη
806 2575 1143 2648 ἐνδοξότερον
1183 2577 1278 2629 καὶ
1313 2576 1679 2649 ὑψηλότερονς
1726 2577 1835 2631 Καὶ
1872 2577 1962 2631 ἵνα
2007 2577 2082 2650 μὴ

500 2667 664 2722 καθὲν
697 2667 871 2737 λέγων
924 2669 1017 2721 ἐπὶ
1065 2667 1199 2722 πολὺ
1230 2668 1457 2741 μηκύνω
1494 2670 1586 2723 τὸν
1616 2669 1794 2738 λόγον,
1827 2669 2086 2741 βουλόμε-

499 2777 589 2823 νος
628 2760 1056 2825 κατασκευάζειν
1097 2762 1198 2815 οὐκ
1220 2761 1437 2815 ἔλαττον
1482 2762 1590 2816 τῶν
1621 2766 1733 2827 τοῖς
1767 2763 2084 2827 ἀποστόλοις

498 2852 610 2907 ἀπὸ
644 2854 882 2925 Χριστοῦ
921 2855 1418 2925 ἀποκαλυφθέντων
1452 2858 1750 2927 ἐγνωκέναι
1776 2859 1903 2923 τοὺς
1929 2875 2085 2912 τετε-

498 2944 828 3016 λειωμένους
859 2948 917 3000 ὲν
946 2950 1066 3011 ταῖς
1092 2947 1384 3019 προτέραις
1416 2951 1651 3016 γενεαῖς,
1671 2950 2084 3005 ἀποκαλύπτον-

498 3056 592 3104 τος
631 3040 814 3104 αὐτοῖς
844 3039 939 3093 τοῦ
981 3041 1077 3094 καὶ
1120 3041 1246 3105 τοὺς
1296 3042 1625 3106 ἀποστόλους
1661 3041 1972 3108 διδάξαντος
2017 3044 2085 3097 τὰ

499 3130 790 3202 ἀπόρρητα
838 3131 938 3202 τῆς
991 3130 1299 3196 θεοσεϐείας
1330 3134 1626 3205 μυστήρια,
1664 3132 1743 3187 ἔτι
1792 3134 1901 3204 (74)
1930 3134 2087 3203 ὀλίγα

503 3221 760 3294 προσθεὶς
809 3222 1013 3294 κρίνειν
1054 3225 1167 3287 τοῖς
1221 3224 1609 3294 ἐντυγχάνουσι
1658 3224 1964 3296 καταλείψω
1995 3228 2087 3282 καὶ

499 3314 531 3367 ὃ
583 3314 859 3383 βούλονται
903 3315 1032 3385 περὶ
1064 3312 1269 3368 τούτων
1302 3317 1546 3368 σκοπεῖν.
1594 3316 1732 3385 Φησὶ
1767 3315 1874 3389 γὰρ
1923 3318 1982 3370 ὲν
2019 3320 2085 3390 τῇ

503 3407 642 3478 πρὸς
686 3407 814 3470 τοὺς
873 3405 1480 3478 ῬωμαίουςἘπισ-τολῇ
1526 3409 1554 3460 ὁ
1588 3407 1819 3471 Παῦλος·
1860 3427 1878 3459 ι
1902 3408 1993 3479 Τῷ
2031 3408 2089 3463 δὲ

477 3498 786 3575 σδυναμένῳ
818 3500 963 3570 ὑμᾶς
1008 3498 1259 3571 στηρίξαι
1302 3499 1442 3552 κατὰ
1467 3500 1527 3553 τὸ
1560 3500 1892 3570 Εὐαγγέλιόν
1946 3519 2046 3573 μου
2070 3545 2084 3568 ,

495 3583 646 3647 ’κατά
670 3591 1012 3662 ἀποκάλυψιν
1048 3592 1374 3664 μυστηρίου,
1417 3592 1627 3666 χρόνοις
1667 3594 1906 3658 αἰωνίοις
1944 3611 2089 3648 σεσι-

501 3684 768 3756 γημένου,
804 3684 1211 3757 φανερωθέντος
1247 3684 1304 3737 δὲ
1336 3686 1429 3740 νῦν
1472 3687 1561 3739 διά
1595 3703 1653 3739 τε
1680 3686 1905 3758 γραφῶν
1958 3703 2091 3758 προ-

501 3777 783 3846 φητικῶν,
833 3778 929 3830 καὶ
975 3778 1074 3850 τῆς
1131 3776 1453 3847 ἐπιφανείας
1512 3776 1606 3831 τοῦ
1669 3778 1876 3849 Κυρίου
1932 3778 2090 3850 ἡμῶν

513 3867 692 3938 Ἰησοῦ
726 3868 983 3941 Χριστοῦ.
1012 3888 1031 3921 ι
1080 3870 1143 3922 Εἰ
1185 3869 1294 3941 γὰρ
1339 3868 1426 3923 διὰ
1461 3868 1687 3941 γραφῶν
1737 3869 2089 3940 προφητικῶν

498 3956 565 4011 τὸ
599 3959 767 4013 πάλαι
802 3960 1209 4032 σεσιωπημένον
1244 3962 1542 4033 μυστήριον
1568 3962 1953 4032 πεφανέρωται
1978 3964 2090 4026 τοῖς

503 4051 859 4116 ἀποστόλοις,
901 4054 995 4107 καὶ
1030 4054 1080 4105 οἰ
1117 4054 1394 4126 προφῆται
1442 4054 1623 4107 ἐνόουν
1668 4055 1739 4107 τά
1791 4055 1901 4108 ἀπὸ
1957 4054 2089 4108 ἰδίου

505 4145 806 4215 στόματος,
844 4146 940 4199 ἅτε
986 4146 1138 4210 ὄντες
1187 4147 1364 4217 σοφοὶ,
1407 4147 1478 4200 τὰ
1517 4149 1952 4219 πεφανερωμένα
1978 4150 2091 4211 τοῖς

504 4236 828 4301 ἀποστόλοις
865 4239 915 4291 oi
974 4240 1251 4311 προφῆται
1308 4240 1528 4311 ᾔδεσαν.
1587 4241 1737 4293 Ἐπεί
1777 4240 1833 4294 δὲ
1879 4240 2091 4307 πολλοῖς

504 4332 609 4385 οὐκ
658 4332 1075 4386 ἀπεκαλὺπτετο
1110 4331 1245 4403 (75),
1290 4331 1379 4385 διὰ
1415 4331 1575 4386 τοῦτό
1604 4350 1765 4403 φησιν
1800 4335 1828 4386 ό
1860 4333 2089 4397 Παῦλοςο

509 4445 530 4477 ι
570 4425 816 4497 Ἑτέραις
840 4428 1054 4495 γενεαῖς
1077 4426 1176 4479 οὐκ
1202 4425 1508 4497 ἐγνωρίσθη
1535 4427 1647 4488 τοῖς
1675 4427 1810 4488 υίοῖς
1847 4425 1955 4478 τῶν
1997 4427 2093 4478 ἀν-

505 4518 742 4590 θρώπων
760 4560 776 4584 ,
807 4520 883 4583 ὡς
911 4519 1008 4574 νῦν
1036 4517 1398 4590 ἀπεκαλύφθη
1433 4521 1545 4581 τοῖς
1575 4518 1748 4587 ἁγίοις
1773 4518 2091 4581 ἀποστόλοις

504 4613 673 4667 αὑτοῦ
699 4654 714 4678 ,
748 4614 843 4667 καὶ
892 4612 1199 4683 προφήταις
1232 4610 1289 4664 ὲν
1322 4611 1624 4680 Πνεύματι,
1663 4607 1801 4664 εἶναι
1848 4610 1918 4664 τά
1962 4609 2089 4680 ἔθνη

506 4706 951 4779 συγκληρονόμα,
981 4707 1075 4759 καὶ
1111 4707 1391 4775 σύσσωμα.
1426 4723 1444 4755 ι
1480 4704 1616 4775 Ὅρα
1644 4702 1699 4755 δὲ
1728 4703 1777 4754 εί
1804 4702 1898 4755 καὶ
1921 4700 2093 4764 οὕτως

501 4794 619 4853 οἷον
648 4797 1263 4869 ἀνθυπενεχθησομένην
1291 4795 1402 4868 (76)
1430 4793 1815 4865 ἀνθυποφορὰν
1845 4792 1952 4846 ὑπὸ
1980 4792 2089 4846 τῶν

508 4890 587 4963 μὴ
617 4891 1077 4962 παραδεχομένων
1104 4889 1196 4944 τὸν
1224 4888 1403 4957 λόγον,
1451 4891 1548 4960 τὴν
1581 4887 1724 4954 λέξιν
1752 4886 1958 4958 ταύτην
1994 4885 2091 4939 οὕ-

502 5000 613 5047 τως
647 4984 894 5037 ὲκλαῦεἰν
930 4982 990 5036 τὺ
1038 4981 1636 5051 άποκαλυπτόμενον,
1686 4980 1897 5051 μήποτε
1929 4977 2091 5049 διχῶς

503 5078 658 5132 ἔστιν
682 5076 810 5130 ἰδεῖν
838 5075 1441 5144 ἀποκαλυπτόμενον
1486 5072 1610 5126 καθ’
1633 5071 1727 5126 ἕνα
1768 5071 1865 5142 μὲν
1892 5071 2093 5142 τρόπον

502 5174 595 5226 ὅτε
631 5174 852 5235 νοεῖται,
885 5169 1007 5223 καθ’
1040 5170 1229 5241 ἓτερον
1265 5167 1321 5220 δὲ
1351 5166 1445 5220 ἐὰν
1545 5164 1705 5219 τοῦτο
1747 5163 2087 5235 προφητευό-
2132 5208 2137 5213 .

508 5281 703 5337 μενον,
738 5263 877 5317 ὥστε
931 5263 1024 5316 καὶ
1068 5258 1424 5332 πληρωθῆναι
1457 5258 1589 5311 αὐτό
1609 5277 1622 5289 ο
1655 5256 1776 5310 τότε
1803 5254 1913 5327 γὰρ
1951 5255 2086 5308 ἀπο-

582 5407 625 5435 ”
648 5403 804 5459 Joan.
822 5419 939 5464 vin,
959 5402 1047 5455 59.
1121 5402 1166 5433 ’⁸
1193 5400 1354 5454 Prov.
1373 5415 1485 5462 xvr,
1506 5397 1595 5453 25.

505 5491 622 5537 xu,
656 5490 796 5528 vers.
827 5474 921 5538 25,
947 5471 1035 5527 26.
1118 5472 1162 5504 ³⁸
1196 5469 1393 5541 Ephes.
1424 5485 1501 5533 ιιι,
1528 5469 1582 5533 5,
1612 5466 1667 5523 6.

580 5600 693 5670 (Η)
721 5602 872 5656 Ἔτι.
904 5596 981 5651 tta
1006 5598 1171 5652 codex
1195 5594 1551 5663 Bodleiauus;
1577 5593 1779 5666 Regius
1802 5603 1858 5652 et
1887 5592 2087 5648 Barbe-

510 5675 681 5727 Titius.
713 5673 818 5733 ὅτι,
852 5670 1012 5723 male.
2024 5722 2033 5733 ι

581 5742 694 5813 (73)
728 5745 850 5796 υὺκ
880 5740 1352 5813 ἀπεκαλύπτετο.
1380 5737 1475 5813 Sic
1492 5737 1650 5813 codd.
1680 5735 2012 5793 Bodleianus
2033 5741 2088 5790 et

510 5807 872 5876 Barba-riuus;
911 5810 1130 5879 llegius,
1157 5809 1218 5863 οὐ
1252 5807 1713 5863 κατεκαλύπτετο.

1672 5397 1718 5429 ’⁸
1739 5394 1852 5453 Jos.
1875 5410 1971 5457 xu.
1996 5402 2049 5450 et
2070 5406 2187 5462 seq.
2268 5396 2312 5427 "'
2336 5393 2458 5449 Isai.
2487 5410 2565 5459 vr,
2592 5393 2641 5461 l,
2664 5393 2721 5463 2,
2741 5392 2794 5448 6.
2867 5393 2913 5425 ³⁸
2935 5392 3134 5448 Ezech.
3165 5405 3204 5457 ι,
3231 5391 3266 5446 At
3295 5402 3351 5446 et
3379 5405 3497 5460 seq.

2168 559 2235 611 tis
2269 557 2335 611 “.
2378 577 2396 607 ι
2424 557 2575 625 Quod
2607 559 2653 613 si
2678 575 2696 607 ι
2739 557 2956 626 sapiens
2982 555 3239 624 intelliget
3281 568 3398 621 quae
3431 569 3495 607 ex
3523 555 3742 622 proprio

2171 663 2267 702 ore
2295 649 2602 716 protulerit.
2640 649 2695 703 in
2730 648 2886 701 labiis
2916 662 3047 701 vero
3078 648 3315 716 portabit
3343 645 3508 698 animi
3537 645 3736 698 cando-

2169 755 2283 793 rem
2310 738 2397 793 "z
2434 758 2452 790 ι
2508 739 2593 793 vel
2637 738 2952 793 necessario
3001 739 3248 806 quaedam
3299 737 3366 790 de
3419 735 3701 806 prophetis
3727 775 3743 796 ,

2171 839 2423 899 tanquam
2474 844 2579 883 non
2636 829 2973 899 sapientibus
3025 828 3107 900 (ut
3153 831 3244 897 qui
3297 842 3403 881 non
3452 826 3743 881 intellexe-

2169 924 2293 991 rint
2324 921 2545 990 proprio
2571 935 2668 975 ore
2702 918 2939 991 prolata)
2966 959 2982 985 ,
3011 919 3415 973 inconsiderate
3461 917 3748 971 enuntian-

2170 1017 2236 1072 da
2264 1025 2446 1080 erunt,
2489 1016 2573 1068 vel
2606 1016 2749 1083 quod
2782 1016 3005 1069 celebre
3030 1025 3117 1069 est
3143 1026 3200 1068 et
3234 1029 3420 1069 verum
3455 1010 3747 1069 admitten-

2171 1118 2254 1163 tes
2301 1108 2519 1177 (nempe
2563 1106 2858 1175 prophetas
2906 1105 3185 1174 sapientes
3234 1104 3419 1171 esse),
3468 1104 3746 1159 fatendum

2171 1201 2300 1267 erit,
2328 1214 2448 1266 quae
2481 1199 2703 1267 proprio
2731 1212 2826 1253 ore
2854 1197 3178 1267 protulerint
3204 1238 3217 1258 ,
3253 1213 3347 1252 eos
3382 1198 3746 1263 intellexisse,

2173 1294 2341 1363 inque
2371 1291 2532 1346 labiis
2567 1302 2813 1361 gestasse
2844 1290 3011 1344 animi
3060 1291 3399 1356 candorem;
3436 1300 3491 1345 et
3534 1292 3746 1360 perspi-

2173 1401 2337 1439 cuum
2365 1394 2449 1439 est
2476 1382 2661 1439 Mosen
2696 1383 2892 1437 mentis
2940 1382 3058 1438 acie
3100 1382 3234 1452 legis
3267 1383 3547 1438 veritatem
3581 1384 3752 1438 histo-

2174 1478 2488 1545 riarumque
2520 1473 2661 1543 apud
2695 1490 2754 1529 se
2795 1474 3120 1542 scriptarum
3159 1474 3447 1544 allegorias
3472 1475 3624 1543 juxta
3653 1490 3755 1528 an-

2176 1581 2382 1636 agogen
2410 1566 2632 1621 vidisse.
2664 1564 2778 1620 Iino
2800 1564 2957 1621 Jesus
2988 1582 3171 1619 veram
3199 1566 3636 1621 distributionem
3672 1567 3753 1620 fa-

2176 1669 2318 1715 ctam
2347 1667 2466 1727 post
2497 1659 2930 1714 destructionem
2959 1674 3151 1714 novem
3186 1669 3241 1713 et
3271 1660 3460 1727 viginti
3498 1675 3680 1729 regunt
3704 1659 3753 1693 “

2180 1750 2473 1820 intelligit,
2510 1765 2635 1805 cum
2665 1752 2839 1820 magis
2874 1766 3036 1820 quam
3086 1766 3188 1805 nos
3217 1752 3535 1821 conspicere
3568 1762 3756 1821 posset

2177 1841 2616 1912 quasveritates
2650 1840 3041 1896 adumbrarent
3073 1856 3161 1895 res
3207 1856 3236 1894 a
3287 1857 3345 1896 se
3389 1853 3575 1910 gestae.
3611 1843 3752 1909 Quin

2180 1932 2525 2006 perspicuum
2564 1934 2728 1989 etiam
2770 1940 2855 1987 est
2884 1932 3076 1988 Isaiam
3105 1971 3121 1996 ,
3154 1932 3475 2003 mysterium
3509 1933 3755 1988 sedentis

2179 2026 2234 2081 in
2264 2027 2485 2091 throno,
2533 2034 2589 2079 et
2622 2027 2851 2080 duorum
2886 2027 3184 2096 seraphiut,
3205 2036 3261 2082 et
3292 2027 3523 2092 alarum,
3560 2026 3761 2094 ipsius—

2180 2132 2291 2186 que
2348 2117 2572 2183 altaris,
2606 2127 2660 2170 et
2688 2118 2913 2186 forcipis
2941 2158 2956 2183 ,
3003 2127 3058 2172 et
3088 2119 3410 2185 operimenti
3445 2119 3605 2174 faciei
3638 2161 3652 2182 ,
3706 2127 3762 2173 et

2182 2214 2399 2283 pedum,
2428 2211 2569 2281 quod
2607 2209 2884 2265 faciebant
2939 2210 3239 2279 seraphim,
3286 2210 3489 2266 vidisse
3519 2212 3585 2271 ’7.
3623 2212 3762 2266 Itur.

2182 2318 2275 2358 sus
2327 2301 2578 2357 Ezechiel
2635 2301 2954 2367 cherubim,
3008 2311 3065 2357 et
3107 2303 3346 2371 ipsorum
3396 2303 3522 2369 iter,
3565 2312 3620 2356 et
3662 2302 3762 2356 fir-

2183 2406 2518 2451 tnamentum
2569 2408 2731 2462 super
2759 2393 2922 2460 ipsos,
2966 2402 3022 2447 et
3045 2394 3326 2448 sedentem
3362 2393 3415 2446 in
3452 2398 3648 2448 throno
3675 2395 3761 2448 vi-

2184 2488 2262 2543 dit
2289 2486 2359 2554 ",
2408 2488 2608 2557 quibus
2636 2487 2763 2557 quid
2795 2485 3086 2556 gloriosius
3117 2485 3555 2554 sublimiusque?
3602 2485 3668 2540 Et
3697 2500 3765 2541 ne

2185 2579 2496 2650 singulatim
2531 2592 2863 2649 prosequens
2890 2619 2906 2644 ,
2940 2578 2993 2631 in
3041 2578 3259 2647 longum
3286 2579 3607 2648 protendam
3641 2593 3762 2633 ser-

2184 2687 2402 2727 monem
2430 2712 2446 2736 ,
2480 2671 2667 2727 volens
2695 2672 2985 2727 ostendere
3029 2670 3177 2724 viros
3207 2669 3479 2739 perfectos
3514 2671 3567 2724 in
3597 2685 3765 2741 supe-

2185 2764 2426 2820 rioribus
2472 2765 2726 2819 aetatibus
2769 2778 2877 2819 non
2908 2763 3090 2817 minus
3115 2762 3441 2832 cognovisse
3476 2777 3640 2831 quam
3669 2761 3764 2832 qui

2187 2873 2216 2911 a
2248 2856 2468 2912 Christo
2501 2855 2892 2911 revelatiouem
2923 2854 3261 2919 habuerunt,
3293 2855 3495 2925 quippe
3528 2867 3651 2908 cum
3681 2853 3767 2908 his

2188 2949 2278 3003 ille
2312 2950 2475 3011 idem,
2518 2948 2612 3016 qui
2653 2947 2931 3016 apostolos
2959 2946 3186 3010 docuit,
3219 2945 3398 3001 cultus
3429 2944 3522 3000 Dei
3557 2958 3765 3014 myste-

2191 3042 2268 3096 ria
2296 3042 2617 3099 abscondita
2659 3040 2942 3101 retexerit,
2970 3039 3148 3093 adhuc
3193 3039 3383 3109 paucis
3428 3037 3629 3096 additis
3671 3038 3763 3107 ju-

2113 3165 2156 3223 c
2190 3134 2481 3189 dicandum
2508 3132 2818 3203 legentibus
2860 3131 3171 3199 relinquam
3206 3140 3262 3184 et
3307 3129 3767 3186 considerandum

2190 3229 2258 3285 de
2288 3229 2438 3286 hisce
2462 3228 2625 3282 rebus
2647 3225 2919 3295 quidquid
2950 3225 3161 3279 volunt.
3193 3223 3329 3279 Nam
3366 3225 3543 3294 inquit
3570 3225 3622 3279 in
3657 3225 3768 3279 ιιο-

2190 3338 2474 3379 manorum
2515 3320 2718 3377 Paulus
2754 3318 2997 3390 Epistola
3027 3320 3116 3375 '9:
3156 3337 3175 3369 ι
3215 3319 3278 3373 Ei
3313 3327 3518 3383 autem,
3557 3321 3647 3390 qui
3673 3336 3769 3390 po-

2193 3424 2299 3473 test
2356 3430 2459 3471 nos
2518 3414 2739 3469 ﬁrmare
2790 3412 3090 3468 secundum
3144 3410 3501 3480 Evangelium
3552 3428 3767 3478 meum,

2174 3508 2340 3580 .juxta
2411 3505 2799 3562 revelatiouem
2867 3502 3166 3574 mysterii,
3226 3503 3372 3572 quod
3432 3504 3770 3573 temporibus

2190 3601 2541 3671 sempiternis
2566 3608 2652 3654 est
2684 3598 2933 3660 tacitum,
2967 3596 3378 3651 manifestatum
3401 3606 3578 3651 autem
3606 3595 3764 3667 105

2191 3707 2336 3747 nunc
2374 3706 2469 3760 per
2511 3691 2814 3759 scripturas
2857 3686 3227 3757 prapheticas,
3261 3697 3317 3741 et
3344 3702 3444 3756 per
3467 3689 3766 3758 apparitio-
3830 3688 3837 3693 ’

2191 3797 2316 3837 nem
2349 3781 2562 3836 Domini
2591 3780 2757 3835 nostri
2786 3777 2914 3834 Jesu
2947 3778 3171 3832 Christi.
3213 3797 3233 3831 ι
3278 3777 3335 3833 Si
3367 3779 3513 3833 enim
3555 3790 3772 3850 aposto-

2193 3872 2261 3928 lis
2312 3870 2722 3928 manifestatum
2776 3879 2861 3926 est
2920 3869 3245 3941 mysterium
3308 3884 3405 3937 per
3467 3870 3774 3937 scripturas

2191 3966 2541 4037 propheticas
2561 4004 2576 4028 ,
2629 3963 2758 4018 olim
2789 3962 3014 4016 tacitum
3043 4000 3059 4025 ,
3088 3972 3144 4016 et
3179 3961 3455 4031 prophetae
3506 3962 3774 4033 intellige-

2176 4061 2329 4116 rbant
2375 4072 2496 4128 qua:
2529 4056 2751 4126 pr0prio
2780 4070 2878 4109 ore
2908 4054 3264 4125 proferebant
3290 4094 3303 4116 ,
3338 4056 3464 4123 quia
3498 4058 3775 4124 sapientes

2193 4159 2377 4209 essent
2404 4190 2419 4214 ,
2455 4152 2703 4219 profecto
2730 4165 2852 4219 qua:
2884 4147 3148 4217 apostolis
3193 4147 3544 4203 manifestata
3576 4149 3729 4203 fuere
3757 4190 3772 4211 ,

2192 4243 2358 4297 etiam
2390 4243 2667 4312 prOpbeta:
2716 4239 3120 4295 intellexerunt.
3148 4236 3420 4304 Quoniam
3451 4254 3588 4293 vero
3628 4240 3768 4293 mul-

2198 4339 2270 4391 tis
2319 4345 2376 4390 et
2421 4334 2739 4405 vulgaribus
2794 4332 3092 4388 revelatum
3136 4347 3246 4385 uou
3296 4330 3493 4397 fuerat,
3530 4331 3602 4386 ob
3653 4348 3775 4387 eam

2197 4443 2419 4484 causam
2456 4428 2631 4496 inquit
2663 4425 2864 4480 Paulus
2889 4425 2933 4457 ³⁰
2968 4443 2982 4479 :
3029 4442 3048 4474 ι
3086 4424 3224 4478 Aliis
3256 4425 3510 4480 aetatibus
3558 4440 3665 4480 non
3693 4427 3781 4479 iu-

2124 4507 2167 4562 ι)
2198 4523 2376 4577 notuit
2413 4519 2539 4574 filiis
2584 4520 2865 4573 hominum
2894 4557 2910 4583 ,
2958 4517 3414 4587 quemadmodum
3447 4533 3589 4573 nunc
3624 4532 3777 4572 reve-

2191 4614 2362 4668 latum
2399 4622 2480 4668 est
2527 4612 2736 4667 sanctis
2769 4611 3029 4681 apostolis
3056 4610 3178 4680 ejus
3202 4647 3217 4674 ,
3253 4621 3306 4664 et
3339 4611 3623 4679 pr0plietis
3680 4626 3778 4680 per

2194 4707 2462 4777 Spiritum
2493 4744 2510 4771 ,
2555 4714 2615 4759 ut
2655 4704 2766 4759 sint
2814 4713 3006 4774 gentes
3058 4703 3375 4758 cohaeredes
3399 4743 3415 4769 ,
3450 4712 3505 4756 et
3536 4703 3775 4773 ejusdem

2196 4798 2464 4867 corporis.
2526 4814 2545 4849 ι
2588 4795 2721 4850 Vide
2762 4810 2894 4849 vero
2936 4810 3004 4849 an
3064 4796 3228 4849 etiam
3283 4793 3354 4848 ob
3386 4794 3774 4865 objectionein,

2192 4904 2356 4960 quam
2390 4886 2627 4955 objicere
2657 4895 2879 4955 possent
2915 4884 2971 4939 lii
3003 4885 3095 4955 qui
3130 4900 3236 4939 non
3273 4885 3567 4939 admittunt
3599 4889 3774 4941 ratio-

2203 4997 2324 5038 nem
2350 4990 2618 5045 nostram,
2648 4980 2730 5034 sic
2765 4976 3124 5048 interpretari
3150 4978 3424 5048 possimus
3451 4980 3775 5035 vocabulum

2176 5073 2506 5138 .reralatum,
2548 5086 2744 5142 nempe
2793 5080 2854 5126 ut
2898 5070 3113 5126 duobus
3158 5071 3337 5126 modis
3372 5070 3587 5126 dicatur
3619 5091 3632 5127 :
3670 5089 3778 5127 uno

2194 5166 2410 5235 quidem
2457 5165 2640 5230 modo,
2675 5163 2897 5235 quando
2927 5162 2979 5217 id
3008 5163 3152 5231 quod
3205 5161 3482 5217 revelatur
3512 5163 3777 5233 intelligi—

2182 5265 2302 5324 ,tur,
2335 5256 2512 5313 altero
2561 5272 2689 5312 vero
2711 5296 2728 5323 ,
2775 5256 2995 5327 quando
3025 5254 3194 5310 fuerit
3225 5253 3433 5325 aliquid
3488 5256 3779 5326 propheta-

3570 5391 3615 5424 ιο
3638 5391 3774 5461 ευρ.

2273 5591 2382 5664 (76)
2417 5593 2486 5645 Et
2524 5589 2628 5664 καί
2655 5591 2865 5664 οὕτως-
2892 5585 3023 5664 οἷον
3062 5585 3776 5664 ἀνθυπενεχρησομέιης,

2197 5658 2305 5717 etc.
2332 5658 2508 5717 Locus
2543 5662 2760 5715 videtur
2815 5661 3050 5714 hiulcus.
3075 5660 3384 5729 Legendum
3410 5658 3648 5714 fortasse
3679 5658 3777 5711 :Ei

2194 5731 2368 5797 οὓτως
2403 5732 2470 5786 δι’
2496 5729 3130 5801 ἀνθυπενεχθησομένην,
3167 5739 3270 5784 etc.
