4194 6430
479 345 592 404 209

1587 348 1948 408 COMMENT.
1993 349 2062 405 IN
2095 348 2292 406 JOAN.
2329 348 2569 407 TOMUS
2606 351 2700 408 Vl.

3657 357 3771 414 210

484 465 590 538 μὲν
620 465 716 520 καὶ
749 464 940 540 ἕτερον
971 469 1390 526 ἀναπεπλάκατι
1433 470 1568 527 Θεδν
1601 472 1825 544 μείζονα
1849 517 1865 540 ,
1915 475 1966 527 oi
2021 473 2080 528 δὲ

2187 475 2354 529 Deum
2385 475 2647 542 majorem
2694 475 2988 542 ﬁnxerunt,
3029 475 3123 532 alii
3160 491 3290 531 vero
3331 477 3448 534 hoc.
3473 493 3578 533 non
3622 479 3766 546 ausi,

485 557 565 630 μὴ
610 557 775 612 τοῦτο
821 561 1194 634 τολμήσαντες
1219 603 1234 626 ,
1271 565 1396 618 ὅσον
1447 565 1541 618 ἐπὶ
1591 565 1670 637 τῷ
1701 567 1882 621 αὐτῶν
1915 567 2080 639 λόγῳ,

481 651 574 706 διά
623 652 688 708 τὸ
729 653 1094 709 ἀϐασάνιστον
1122 655 1231 710 τῶν
1265 658 1552 728 δογμάτων
1577 659 1956 731 χρεωκοποῦσι
1981 663 2084 734 τὴν

484 744 782 817 δεδομένην
831 749 944 810 τοῖς
999 748 1241 819 πατράσι
1301 750 1398 804 καὶ
1454 753 1567 814 τοῖς
1622 753 1932 824 προφήταις
1974 755 2084 808 ἀπὸ

487 836 626 891 Θεοῦ
657 837 746 892 διὰ
774 837 1014 911 Χριστοῦ
1049 838 1284 912 δωρεὰν,
1319 841 1388 895 δι’
1418 837 1480 897 οὗ
1510 842 1578 896 τὰ
1619 844 1798 897 πάντα
1823 845 2040 914 ἐγένετο
2063 861 2078 876 ο

489 933 539 986 εί
577 931 636 985 δὲ
671 931 742 986 τά
780 933 993 998 πάντα,
1029 933 1272 1004 δηλονότι
1305 936 1400 989 καὶ¹
1431 935 1498 989 τὰ
1529 937 1758 1002 ἐκείνοις
1808 938 2085 993 ἀποκαλυ-

489 1020 692 1092 φθέντα
725 1021 868 1077 καλὰ
905 1025 1002 1077 καὶ
1038 1025 1407 1096 πεπραγμένα
1456 1027 1703 1099 σύμϐολα
1766 1031 2082 1102 μυστηρίων

490 1114 803 1180 θεοσεϐείας
841 1115 1034 1184 ἁγίων.
1082 1117 1300 1190 Ἐπειδὴ
1357 1118 1469 1190 (81)
1507 1120 1686 1193 πάντη
1741 1123 2083 1194 φράσσεσθαι

487 1207 571 1262 δεῖ
599 1211 726 1274 τοὺς
768 1211 1054 1280 γενναίους
1090 1211 1330 1283 Χριστοῦ
1381 1213 1723 1288 στρατιώτας
1765 1217 1908 1288 ὑπὲρ
1952 1217 2084 1290 ἀλη-

491 1300 662 1366 θείας,
695 1302 935 1375 οὐδαμοῦ
969 1308 1114 1362 κατὰ
1143 1307 1205 1360 τὸ
1225 1306 1455 1361 δυνατὸν
1488 1308 1844 1380 παρείσδυσιν
1875 1309 2082 1374 ἐῶντας

490 1393 809 1462 ἐγγενέσθαι
863 1399 930 1468 τῇ
983 1399 1096 1452 ἀπὸ
1145 1397 1240 1452 τοῦ
1285 1398 1514 1468 ψεύδους
1555 1399 1900 1472 πιθανότητι·
1950 1401 2083 1473 φέρε

491 1483 588 1536 καὶ
651 1484 824 1539 ταῦτα
879 1489 1268 1561 σκοπήσωμεν.
1323 1491 1476 1562 Τάχα
1525 1491 1635 1562 γὰρ
1687 1495 1919 1564 φήσουσι
1983 1495 2083 1566 τὴν

493 1572 766 1644 προτέραν
812 1575 1060 1630 Ἰωάννου
1104 1580 1234 1652 περὶ
1275 1582 1515 1654 Χριστοῦ
1567 1583 1874 1655 μαρτυρίαν
1909 1579 2079 1640 εἶναι’

498 1681 518 1714 ι
567 1663 627 1718 '0
658 1665 834 1719 ὀπίσω
872 1684 974 1738 μου
1013 1669 1312 1743 ἐρχόμενος
1339 1671 1650 1745 ἔμπροσθέν
1685 1692 1784 1746 μου
1817 1675 2042 1744 γέγονεν
2065 1716 2081 1744 ,

492 1757 578 1810 ὅτι
629 1758 845 1830 πρῶτός
880 1777 981 1831 μου
1009 1757 1099 1834 ἦν·
1133 1782 1152 1816 ι
1206 1765 1269 1818 τὸ
1305 1764 1384 1830 δὲ,
1427 1785 1447 1817 ι
1476 1767 1598 1820 ’Ότι
1637 1767 1702 1820 ὲκ
1731 1767 1826 1820 τοῦ
1857 1766 2082 1840 πληρώ-

2186 577 2451 634 quantum
2487 583 2554 622 ex
2595 568 2836 638 ipsorum
2885 567 3071 622 verbis
3115 569 3448 638 percipimus
3477 611 3492 636 ,
3542 580 3768 640 propter

2185 659 2436 728 dogmata
2465 673 2588 728 quae
2615 658 2888 728 explicato
2925 658 3164 714 dillicilia
3201 669 3351 724 sunt,
3385 661 3679 730 prephetas
3701 677 3767 716 ac

2188 752 2377 808 Patres
2422 752 2564 807 dono
2618 751 2942 807 tlefrandant
2975 755 3120 824 quod
3158 753 3264 808 illis
3295 769 3324 808 a
3355 753 3465 809 Deo
3506 753 3766 808 donatum

2188 842 2365 898 fuerat
2389 858 2485 912 per
2513 843 2813 906 Christum,
2849 859 2946 914 per
2969 859 3127 914 quem
3151 846 3333 900 omnia
3361 843 3503 899 facta
3533 855 3662 898 sunt
3683 844 3764 912 ³³;

2187 951 2310 990 nam
2343 935 2388 990 si
2419 935 2626 998 onmia,
2655 935 3001 1006 perspicuum
3030 937 3196 990 etiam
3233 945 3336 1005 est,
3369 951 3490 1005 quae
3527 935 3635 990 illis
3674 949 3769 990 re-

2185 1028 2358 1082 velata
2390 1027 2611 1082 fuerunt
2657 1028 2918 1098 praeclara
2963 1035 3018 1082 et
3064 1037 3310 1096 peracta,
3354 1029 3506 1098 signa
3551 1036 3768 1083 sancto-

2187 1137 2313 1176 rum
2339 1121 2721 1192 mysteriorum
2753 1121 2930 1176 cultus
2962 1121 3056 1176 Dei
3089 1137 3187 1192 per
3209 1123 3384 1190 ipsum
3406 1120 3548 1176 facta
3577 1119 3764 1176 fuisse.

2184 1206 2302 1264 Jam
2343 1209 2600 1277 quoniam
2645 1209 3008 1278 undequaqne
3055 1211 3254 1264 nmniri
3285 1225 3511 1266 necesse
3548 1221 3633 1266 est
3667 1224 3766 1282 ge-

2188 1313 2415 1354 nerosos
2447 1299 2649 1354 Christi
2684 1301 2884 1355 milites
2926 1317 3026 1372 pro
3057 1301 3312 1366 veritate,
3349 1317 3612 1372 nuSquam
3667 1317 3766 1370 pro

2187 1392 2330 1446 virili
2379 1393 2496 1447 fieri
2550 1393 2934 1462 permittentes
2981 1395 3285 1464 ingressum
3335 1393 3487 1450 false
3537 1409 3761 1464 persua-

2185 1479 2350 1545 sioni,
2374 1494 2474 1550 age
2519 1489 2574 1533 et
2603 1481 2719 1536 haec
2753 1482 3188 1538 consideremus.
3217 1483 3352 1538 Nam
3391 1484 3622 1540 fortasse
3653 1485 3766 1555 pri—

2188 1585 2336 1626 mum
2371 1569 2602 1627 Joannis
2631 1574 2698 1628 de
2727 1572 2950 1630 Christo
2989 1576 3366 1632 testimonium
3397 1593 3519 1634 esse
3542 1579 3763 1634 dicent:

2190 1681 2210 1713 ι
2246 1661 2347 1730 Qui
2379 1671 2502 1732 post
2523 1677 2608 1718 me
2637 1664 2807 1732 venit,
2835 1676 2962 1720 ante
3001 1682 3088 1721 me
3119 1665 3296 1722 factus
3323 1679 3431 1734 est,
3463 1670 3588 1739 quia
3617 1670 3767 1738 prior

2187 1767 2273 1808 me
2296 1763 2418 1810 erat.
2441 1755 2517 1820 ³⁸;
2557 1775 2576 1806 ι
2613 1764 2671 1810 et
2719 1755 2854 1812 illud
2887 1773 2908 1814 :
2945 1777 2968 1812 ι
3005 1759 3085 1812 Ex
3123 1759 3460 1830 plenitudine
3491 1763 3611 1834 ejus
3661 1776 3764 1820 nos

498 1867 666 1920 ματος
694 1852 860 1905 αὑτοῦ
894 1855 1054 1924 ἡμεῖς
1083 1854 1286 1920 πάντες
1319 1856 1608 1930 ἐλάϐομεν,
1638 1859 1732 1912 καὶ
1766 1859 1925 1931 χάριν
1952 1835 2080 1914 ’άντὶ

2187 1863 2371 1904 omnes
2395 1849 2723 1921 accepimus,
2747 1861 2801 1906 et
2825 1853 3056 1922 gratiam
3087 1867 3188 1922 pro
3212 1855 3386 1920 gratia
3419 1855 3488 1922 ³⁸,
3523 1876 3542 1910 ι
3570 1869 3766 1928 etquae

495 1942 740 2016 χάριτος,
764 1944 896 1998 »καὶ
931 1944 1000 1998 τὰ
1036 1945 1188 2017 ἑξῆς,
1240 1947 1490 2020 εἰρῆσθαι
1541 1951 1605 2003 ὲκ
1647 1948 1941 2020 προσώπου
1985 1950 2080 2006 τοῦ

499 2033 760 2106 μαθητοῦ.
823 2037 1146 2106 Ἀναγκαῖον
1193 2038 1252 2094 δὲ
1312 2042 1408 2094 καὶ
1468 2039 1642 2105 οῦτως
1691 2041 1959 2111 διελέγξαι
2005 2043 2082 2106 ὡς

499 2125 869 2200 βεϐιασμένην
924 2129 1020 2184 καὶ
1073 2131 1435 2187 ἀνακόλουθον
1485 2134 1584 2206 τὴν
1644 2133 1872 2206 ὲκδοχήν
1905 2153 1919 2167 ·
1978 2135 2084 2189 πά-

495 2235 560 2274 νυ
616 2219 726 2292 γὰρ
782 2219 956 2290 βίαιον
989 2222 1052 2276 τὸ
1107 2223 1317 2278 οἴεσθαι
1381 2225 1645 2294 αἰφνίδιον
1710 2226 1876 2280 οἱονεὶ
1927 2225 2086 2280 ἀκαί-

501 2325 610 2374 ρως
665 2309 1055 2367 διακόπτεσθαι
1109 2315 1200 2368 τὸν
1251 2315 1346 2370 τοῦ
1404 2315 1710 2370 Βαπτιστοῦ
1771 2316 1927 2386 λόγον
1979 2317 2084 2370 ὑπὸ

493 2401 590 2454 τοῦ
646 2401 805 2473 λόγου
860 2403 957 2458 τοῦ
1031 2406 1274 2480 μαθητοῦ
1295 2447 1311 2472 ,
1374 2409 1471 2462 καὶ
1522 2411 1686 2462 παντὶ
1728 2409 1806 2481 τῷ
1848 2411 1944 2465 καὶ
1990 2410 2084 2464 ἐπὶ

495 2495 660 2548 ποσὸν
735 2497 958 2552 ἀκούειν
1039 2500 1406 2572 συμφράσεως
1477 2501 1786 2572 λεγομένων
1851 2503 2082 2559 ἐπιστα-

497 2585 644 2657 μένῳ
705 2589 876 2659 σαφὲς
921 2589 985 2644 τὸ
1021 2590 1118 2645 τοῦ
1177 2591 1371 2666 εἱρμοῦ
1425 2593 1528 2664 τῆς
1576 2593 1809 2660 λέξεως·
1856 2613 1874 2646 ι
1917 2592 2084 2659 υῦτος

490 2673 561 2747 ἦν
589 2675 649 2730 ὃν
673 2673 857 2733 εἷπον·
883 2681 940 2734 '0
951 2681 1125 2737 ὀπίσω
1139 2699 1240 2752 μου
1283 2683 1580 2756 ἐρχόμενος
1629 2685 1941 2758 ἔμπροσθέν
1982 2704 2083 2758 μου

489 2771 735 2839 γέγονεν,
785 2773 866 2826 ὃτι
918 2774 1138 2848 πρῶτός
1175 2793 1276 2848 μου
1305 2773 1394 2850 ἦν.
1436 2796 1456 2831 ι
1507 2779 1758 2834 Διδάσκει
1797 2780 1855 2834 δὲ
1900 2781 1930 2834 ὁ
1975 2781 2084 2834 Βα-

489 2864 725 2935 πτιστὴς
749 2864 866 2930 πῶς
906 2865 1216 2946 ἔμπροσθεν
1244 2870 1411 2924 αὑτοῦ
1460 2871 1684 2940 γέγονεν
1727 2871 1958 2944 Ἰησοῦς,
2005 2873 2086 2946 τῷ

490 2953 711 3026 πρῶτος
736 2957 924 3024 αὑτοῦ,
970 2959 1094 3012 ἐπεὶ
1129 2942 1148 3012 ξ
1185 2963 1532 3032 πρωτότοκος
1565 2963 1744 3035 πάσης
1776 2942 2026 3032 κτίσεως,

491 3040 656 3112 εἶναι,
681 3045 771 3100 διὰ
793 3047 912 3112 τοῦ,
943 3067 961 3099 ι
987 3049 1110 3103 ’Ότι
1139 3051 1204 3103 ὲκ
1232 3049 1328 3104 τοῦ
1349 3050 1715 3124 πληρώματος
1741 3052 1904 3107 αὐτοῦ
1925 3055 2087 3126 ἡμεῖς

491 3137 696 3241 πάντες
726 3139 992 3241 ἐλάθομεν
1015 3157 1029 3171 ·
1057 3161 1089 3241 ,ι
1116 3141 1205 3196 διὰ
1228 3143 1388 3241 τοῦτο
1414 3144 1748 3241 γάρ-φησιν’
1771 3165 1808 3241 ⁸ι
1839 3147 2088 3241 "Ejusm-
2111 3183 2156 3241 ε

493 3229 621 3284 σθέν
657 3247 756 3297 μου
789 3232 1031 3302 γέγονεν,
1053 3235 1135 3287 ὅτι
1165 3235 1381 3306 πρῶτός
1403 3253 1503 3308 μου
1531 3233 1622 3308 ἦν’
1663 3257 1680 3290 ι
1706 3237 1796 3291 διὰ
1821 3237 1979 3294 τοῦτο
2023 3240 2080 3293 δὲ

491 3321 600 3376 νοῶ
628 3323 787 3378 αὐτὸν
807 3325 1024 3394 πρῶτόν
1059 3343 1162 3398 μου
1193 3327 1322 3380 ὄντα
1351 3329 1444 3382 καὶ
1474 3330 1796 3403 τιμιώτερον
1826 3331 1975 3404 παρά
2001 3331 2081 3403 τῷ

493 3415 692 3488 Πατρὶ,
729 3418 852 3472 ἐπεὶ
880 3419 947 3472 ἐκ
977 3418 1073 3472 τοῦ
1104 3420 1471 3493 πληρώματος
1493 3421 1658 3476 αὑτοῦ
1685 3421 1796 3493 ἐγώ
1823 3441 1884 3476 τε
1917 3424 2010 3477 καὶ
2031 3425 2082 3480 οἱ

497 3507 608 3580 πρὸ
639 3508 774 3580 ἐμοῦ
821 3510 1098 3581 προφῆται
1125 3511 1428 3584 εἰλήφαμεν
1481 3513 1640 3586 χάριν
1667 3513 1766 3583 τὴν
1803 3513 2083 3587 θειοτέραν

495 3601 592 3654 καὶ
612 3601 976 3675 προφητικὴν,
997 3603 1116 3662 ἀντὶ
1146 3605 1366 3680 χάριτος
1395 3587 1498 3675 τῆς
1525 3605 1665 3662 κατὰ
1691 3605 1788 3677 τὴν
1821 3607 2083 3680 προαίρε-

498 3707 586 3746 σιν
610 3693 766 3764 ἡμῶν
798 3693 1186 3764 ἀποδεχθεῖσαν
1223 3697 1352 3768 παρ’
1383 3695 1550 3767 αὐτῷ’
1585 3695 1675 3750 διὰ
1714 3695 1873 3750 τοῦτο
1898 3696 1956 3751 δὲ
1989 3698 2084 3755 καὶ

503 3802 524 3834 ι
553 3781 863 3854 ἔμπροσθεν
893 3785 1136 3861 γέγονεν,
1167 3785 1252 3847 ὅτι
1279 3786 1491 3859 πρῶτός
1519 3803 1620 3858 μου
1650 3782 1738 3860 ἦν·
1783 3807 1802 3838 ι
1840 3789 1960 3842 ἐπεὶ
1989 3790 2084 3848 καὶ

497 3878 855 3948 νενοήκαμεν,
893 3879 959 3940 ὲκ
1003 3878 1098 3934 τοῦ
1153 3877 1517 3951 πληρώματος
1563 3879 1728 3933 αὐτοῦ
1780 3880 2082 3951 εἰληφότες,

493 3967 590 4020 τὸν
622 3969 722 4038 μὲν
753 3969 918 4041 νόμον
952 3969 1040 4029 διὰ
1071 3971 1318 4036 Μωσέως
1367 3972 1633 4038 δεδόσθαι,
1667 3974 1768 4045 οὐχ
1806 3974 1914 4027 ὑπὸ
1951 3976 2084 4030 Μωα-

497 4059 660 4124 σέως·
685 4060 784 4133 τὴν
814 4063 872 4116 δὲ
895 4062 1054 4136 χάριν
1073 4065 1168 4118 καὶ
1201 4063 1300 4136 τὴν
1329 4064 1588 4137 ἀλήθειαν
1613 4065 1703 4120 διὰ
1745 4065 1916 4138 Ἰησοῦ
1952 4069 2086 4140 Χρι-

498 4151 628 4206 στοῦ
659 4153 722 4206 οὐ
749 4153 993 4210 δεδόσθαι
1016 4155 1198 4225 μόνον,
1215 4155 1352 4211 ἀλλὰ
1380 4157 1476 4211 καὶ
1499 4157 1804 4228 γεγονέναι,
1833 4158 1928 4212 τοῦ
1949 4159 2084 4213 Θεοῦ

497 4243 594 4297 καὶ
621 4244 834 4316 Πατρὸς
865 4245 1032 4300 αὑτοῦ
1059 4246 1152 4300 τόν
1177 4264 1240 4300 τε
1268 4247 1432 4319 νόμον
1457 4248 1548 4304 διὰ
1584 4250 1842 4313 Μωσέως
1862 4249 2088 4304 δεδωκὸ-

496 4354 613 4400 τος,
636 4335 736 4408 τὴν
759 4337 918 4410 χάριν
947 4339 1041 4392 καὶ
1081 4340 1180 4410 τὴν
1205 4338 1464 4410 ἀλήθειαν
1507 4340 1596 4394 διὰ
1637 4340 1814 4412 Ἰησοῦ
1847 4341 2085 4414 Χρισαωῦ

500 4427 884 4498 πεποιηκότος·
916 4429 1077 4501 χάριν
1107 4429 1165 4483 δὲ
1208 4429 1301 4482 καὶ
1335 4429 1592 4502 ἀλήθειαν
1619 4432 1979 4502 πεποιηκότος
1997 4432 2087 4488 διὰ

2181 1949 2525 2010 sequuntur,
2578 1939 2783 1994 dictum
2834 1939 3006 1996 fuisse
3059 1957 3126 1998 ex
3183 1957 3415 2012 persona
3484 1947 3758 2015 discipuli.

2185 2029 2338 2087 Unde
2370 2046 2594 2087 necesse
2616 2041 2699 2086 est
2738 2032 3156 2102 intelligentiam
3190 2035 3328 2090 hanc
3359 2035 3630 2102 refellere,
3661 2051 3762 2092 ceu

2182 2133 2430 2180 cenctam
2482 2133 2539 2178 et
2594 2140 2702 2180 seu
2747 2136 3201 2196 consequentem.
3253 2129 3560 2182 Admodum
3613 2129 3760 2184 enim
3819 2129 3914 2194 ,μ’

2181 2216 2478 2270 violentum
2508 2225 2597 2270 est
2623 2217 2952 2272 existimare
2997 2229 3226 2287 repente
3276 2221 3418 2274 adeo
3447 2229 3504 2274 et
3554 2201 3819 2297 imper..."l

2187 2318 2315 2364 tune
2366 2307 2623 2378 Baptistae
2685 2307 2992 2364 orationem
3054 2303 3416 2380 inlerruptam
3469 2311 3638 2368 fuisse
3692 2315 3784 2370 ab.

2183 2401 2433 2456 oratione
2479 2400 2758 2469 discipuli.
2797 2399 2866 2457 Et
2917 2414 3052 2456 sane
3081 2401 3164 2456 vel
3214 2402 3439 2459 cuilibet
3490 2404 3583 2474 qui
3636 2413 3761 2459 tan-

2185 2493 2359 2548 tillum
2424 2491 2676 2560 judicare
2744 2491 2880 2548 sciat
2949 2503 3269 2548 contextum
3339 2494 3606 2550 orationis
3667 2509 3765 2551 eo»

2185 2603 2304 2642 rum
2352 2601 2474 2658 quae
2517 2588 2806 2652 dicuntur,
2857 2586 3110 2643 lectionis
3164 2587 3338 2644 series
3393 2598 3582 2660 aperta
3619 2600 3758 2647 est:

2190 2680 2350 2750 107
2386 2699 2406 2730 ι
2446 2679 2543 2734 llic
2571 2689 2711 2743 erat,
2739 2694 2900 2750 quem
2929 2679 3040 2734 dixi
3075 2695 3092 2732 :
3131 2679 3233 2747 Qui
3283 2689 3408 2750 post
3461 2696 3548 2736 me
3585 2679 3762 2748 venit,

2187 2785 2313 2828 ante
2349 2788 2435 2828 me
2468 2772 2652 2828 factus
2675 2781 2784 2840 est,
2814 2774 2939 2843 quia
2987 2773 3138 2842 prior
3180 2787 3266 2828 me
3299 2783 3420 2828 erat
3441 2773 3509 2832 ³⁸.
3545 2793 3565 2828 ι
3601 2775 3768 2832 Docet

2185 2874 2368 2920 autem
2396 2863 2642 2933 Baptista
2695 2863 2969 2934 quomodo
2997 2873 3125 2918 ante
3168 2877 3230 2918 se
3272 2863 3453 2920 factus
3480 2868 3549 2921 sit
3579 2865 3764 2934 Jesus,

2186 2955 2505 3025 dictnsipso
2526 2952 2770 3023 Baptista
2818 2955 2989 3023 prior,
3033 2953 3160 3024 quia
3193 2953 3266 3008 sit
3311 2971 3332 3006 ι
3369 2957 3767 3027 primogenitus

2185 3045 2364 3102 omnis
2386 3055 2652 3101 creatum
2673 3045 2740 3112 ",
2777 3065 2797 3098 ι
2831 3060 2928 3116 per
2967 3045 3058 3100 illa
3091 3044 3256 3100 verba
3287 3062 3303 3100 :
3341 3063 3361 3098 ι
3401 3045 3667 3115 Quoniam
3695 3065 3768 3104 ex

2187 3138 2524 3209 plenitudine
2570 3139 2690 3210 ejus
2738 3153 2836 3194 nos
2892 3153 3086 3194 omnes
3142 3137 3456 3210 accepimus
3502 3139 3568 3195 “.
3615 3160 3632 3193 ι
3684 3138 3768 3196 0b

2186 3233 2329 3288 hanc
2371 3231 2516 3287 enim
2559 3246 2780 3287 causam
2836 3231 3034 3300 inquit,
3071 3249 3092 3283 ι
3129 3231 3266 3286 Ante
3309 3245 3398 3288 me
3442 3230 3620 3288 factus
3657 3241 3766 3298 est,

2184 3327 2440 3398 quoniam
2465 3327 2617 3396 prior
2645 3339 2730 3381 me
2754 3335 2878 3380 erat
2898 3324 2966 3389 ”,
2998 3343 3018 3377 ι
3051 3334 3105 3378 et
3127 3329 3198 3380 ob
3233 3325 3378 3380 hanc
3421 3341 3640 3380 causam
3678 3327 3766 3380 in-

2187 3419 2368 3490 telligo
2395 3433 2516 3473 eum
2543 3420 2779 3489 priorem
2826 3431 2914 3472 me
2955 3418 3224 3472 exsistere
3253 3425 3310 3471 et
3351 3417 3492 3486 apud
3544 3417 3766 3472 Patrem

2187 3511 2654 3568 honorabiliorem
2683 3525 2826 3574 esse,
2870 3508 3128 3580 quoniam
3162 3522 3230 3562 ex
3261 3507 3378 3574 ejus
3424 3509 3768 3578 plenitudine

2189 3614 2302 3658 tum
2352 3618 2473 3674 ego,
2520 3613 2634 3658 tum
2693 3601 2996 3672 prophetae,
3051 3599 3141 3669 qui
3193 3615 3281 3655 tne
3328 3610 3766 3668 antecesserunt,

2187 3697 2601 3766 sumpserimus,
2631 3710 2826 3764 nempe
2851 3696 3082 3766 gratiam
3121 3695 3473 3760 diviniorem,
3504 3702 3559 3752 et
3591 3693 3768 3762 majo-

2189 3803 2324 3850 rem,
2359 3797 2409 3840 et
2447 3787 2846 3856 propheticam,
2874 3802 2974 3856 pro
2997 3801 3062 3842 ea
3101 3786 3276 3858 gratia
3307 3801 3432 3857 qua:
3468 3785 3767 3842 secundum

2187 3879 2507 3934 electionem
2571 3889 2816 3934 nostram
2865 3888 3080 3948 recepta
3101 3887 3214 3942 est;
3263 3879 3335 3935 ob
3391 3877 3532 3932 hanc
3585 3886 3769 3933 autem

2187 3987 2412 4026 causam
2451 3990 2469 4024 ι
2505 3983 2632 4028 ante
2688 3987 2775 4026 me
2811 3991 2832 4025 ι
2862 3972 3027 4026 etiam
3055 3991 3076 4024 ι
3119 3968 3302 4028 factus
3339 3980 3458 4036 est,
3509 3971 3769 4042 quoniam

2187 4065 2336 4134 prior
2369 4081 2456 4120 me
2487 4073 2626 4128 erat,
2663 4085 2683 4118 ι
2713 4067 2842 4136 quia
2867 4080 2936 4120 ex
2967 4065 3302 4134 plenitudine
3325 4063 3445 4134 ejus
3471 4079 3600 4120 cmn
3629 4064 3768 4118 hau-

2188 4155 2471 4221 sissemus,
2501 4153 2872 4210 intelleximus
2900 4154 3064 4210 etiam
3091 4155 3260 4224 legem
3289 4169 3384 4224 per
3412 4151 3636 4220 Mosem,
3659 4167 3770 4208 non

2187 4263 2220 4302 a
2258 4245 2426 4312 Moss,
2458 4247 2640 4302 datam
2671 4245 2844 4302 fuisse
2873 4246 2921 4284 δε
2951 4261 2967 4298 :
3004 4247 3240 4318 gratiam
3297 4259 3432 4301 vero
3482 4253 3538 4299 et
3566 4246 3770 4300 verita-

2191 4348 2298 4394 tem
2340 4354 2439 4409 per
2483 4339 2666 4395 Jesum
2723 4339 3001 4394 Christum
3055 4351 3162 4392 non
3188 4335 3364 4392 solum
3415 4335 3620 4401 datam,
3673 4335 3770 4390 sed

2189 4433 2356 4489 etiam
2388 4432 2590 4486 factam
2644 4431 2831 4485 fuisse.
2867 4429 3072 4496 Nempe
3121 4429 3233 4484 Deo
3279 4435 3337 4482 et.
3376 4426 3536 4482 Patre
3575 4426 3770 4496 ipsius,

514 4519 691 4587 Ἰησοῦ
746 4520 984 4593 Χριστοῦ
1018 4521 1116 4594 τὴν
1161 4523 1248 4575 ἐπ’
1279 4521 1601 4594 ἀνθρώπους
1639 4523 1942 4592 φθάσασαν.
1992 4525 2085 4577 Εὐ-

2195 4534 2308 4577 tum
2369 4522 2544 4592 legem
2600 4539 2696 4590 per
2757 4521 2962 4577 Mosem
3010 4523 3194 4583 dante,
3252 4526 3368 4572 tmn
3399 4519 3682 4574 veritatem
3714 4525 3772 4571 et

499 4609 941 4683 γνωμονέστερον
968 4613 1078 4686 γὰρ
1105 4612 1436 4676 ἀκούσαντες
1470 4612 1570 4683 τῆς
1599 4613 1797 4678 λέξεως
1843 4615 1943 4685 τῆς
1983 4633 2086 4686 φα-

504 4701 766 4774 σκούσης,
796 4721 812 4754 ι
843 4704 908 4756 Ἦ
937 4705 1097 4776 χάρις
1125 4705 1220 4758 καὶ
1241 4705 1275 4775 ή
1296 4703 1522 4776 ἀλήθεια
1539 4703 1628 4758 διὰ
1652 4703 1823 4776 Ἰησοῦ
1845 4705 2083 4776 Χριστοῦ

502 4794 742 4864 ἐγένετο,
785 4817 804 4849 ι
839 4797 900 4850 οὐ
927 4796 1405 4870 ταραχθησόμεθα,
1437 4797 1512 4861 ὡς
1545 4797 1649 4851 ὑπὸ
1681 4797 2086 4870 ἑναντιώματος

504 4887 678 4959 ταύτῃ
718 4890 782 4960 τῇ
817 4891 968 4960 φωνῇ
1007 4889 1159 4952 ὄντος
1205 4888 1299 4942 τοῦ
1334 4907 1351 4939 t
1399 4886 1540 4958 Ἐγώ
1568 4889 1684 4960 εἰμι
1705 4889 1738 4960 η
1763 4888 1901 4952 ὁδὸς,
1931 4889 2027 4942 καὶ
2051 4891 2085 4960 ἡ

505 4979 750 5052 ἀλήθεια,
782 4981 874 5037 καὶ
901 4983 934 5054 η
968 4981 1102 5054 ζωή.
1129 5002 1147 5031 ι
1167 4983 1229 5037 Εἰ
1255 4980 1364 5053 γὰρ
1392 4981 1599 5053 Ἰησοῦς
1619 4983 1766 5035 ἐστιν
1788 4983 1818 5036 ὁ
1837 4981 2085 5052 φάσκων,

512 5086 534 5118 ε
586 5069 727 5138 Ἐγώ
755 5073 872 5140 είμι
907 5073 940 5142 ή
972 5070 1224 5142 ἀλήθεια,
1265 5090 1284 5123 ι
1321 5071 1437 5135 πῶς
1466 5074 1500 5142 ἡ
1528 5071 1756 5143 ἀλήθεια
1778 5072 1868 5126 διὰ
1911 5072 2084 5144 Ἰησοῦ

503 5161 744 5234 Χριστοῦ
773 5161 1013 5230 γίνεται;
1037 5163 1199 5226 αὐτὸς
1218 5163 1326 5235 γάρ
1357 5180 1440 5227 τις
1459 5163 1525 5217 δι’
1554 5162 1747 5218 ἑαυτοῦ
1773 5165 1834 5218 οὐ
1852 5163 2082 5233 γίνεται.

520 5253 682 5306 Ἀλλὰ
707 5253 947 5326 νοητέον,
982 5256 1064 5309 ὅτι
1103 5257 1136 5326 ἠ
1183 5254 1543 5326 αὑτοαλήθεια
1577 5257 1611 5326 ή
1641 5257 1926 5328 οὑσιώδης,
1968 5259 2082 5321 καὶ,

507 5345 576 5398 ἵν’
608 5343 784 5408 οὕτως
831 5345 991 5410 εἴπω,
1032 5347 1388 5419 πρωτότυπος
1428 5347 1531 5416 τῆς
1581 5349 1640 5401 ὲν
1671 5351 1793 5412 ταῖς
1843 5349 2092 5420 λογικαῖς

507 5438 708 5511 ψυχαῖς
741 5439 1017 5513 ἀληθείας,
1052 5440 1144 5510 ἀφ’
1167 5436 1236 5512 ἦς
1259 5439 1514 5511 ἀληθείας
1537 5440 1700 5495 οἱονεὶ¹
1723 5441 1930 5505 εἰκόνες
1953 5442 2094 5496 ὲκεί-

579 5577 626 5609 ³³
644 5579 802 5633 Joatt.
835 5593 876 5639 ι,
907 5577 961 5630 5.
1037 5577 1083 5610 ³⁵
1109 5576 1242 5632 ibid.
1268 5577 1358 5646 15.
1439 5578 1486 5609 ⁸⁸
1517 5575 1650 5633 ibid.
1685 5577 1772 5633 16.
1848 5579 1894 5612 ³⁸
1917 5579 2076 5636 Joan.

2187 5579 2262 5634 I5.
2355 5580 2400 5611 "
2437 5578 2616 5636 Colos.
2654 5595 2694 5643 ι,
2731 5577 2820 5634 15.

508 5649 558 5682 ⁸ο
589 5649 722 5704 ibid.
751 5650 836 5702 l7.
915 5647 958 5680 “
991 5647 1123 5702 ibid.
1203 5646 1248 5678 “
1276 5645 1432 5704 loan.
1466 5662 1573 5710 xiv,
1607 5648 1662 5702 6.

2191 4615 2426 4686 gratiam
2461 4631 2558 4684 per
2577 4613 2761 4669 Jesum
2783 4613 3061 4669 Christum
3085 4611 3318 4667 faciente
3357 4627 3372 4665 :
3409 4609 3641 4678 gratiam
3675 4621 3774 4662 atto

2195 4719 2301 4764 tem
2357 4719 2414 4764 et
2459 4709 2742 4762 veritatem
2787 4723 2885 4774 per
2935 4704 3121 4762 Iesum
3179 4703 3458 4760 Christum
3511 4701 3773 4766 faciente,

2193 4815 2316 4870 qua"
2343 4801 2588 4855 homines
2621 4797 2904 4869 praevenit.
2953 4797 3248 4853 Candidius
3284 4795 3431 4849 enim
3473 4800 3530 4848 et
3556 4790 3771 4860 simpli-

2193 4893 2310 4947 cius
2353 4893 2778 4960 interpretautcs
2815 4905 2876 4945 ea
2927 4889 3111 4956 verba,
3172 4905 3192 4938 ι
3235 4885 3423 4942 Gratia
3472 4891 3529 4938 et
3571 4883 3776 4938 veritas

2193 4999 2290 5054 per
2315 4983 2501 5039 Jesum
2525 4983 2801 5038 Christum
2847 4981 2989 5035 facta
3023 4988 3109 5033 est
3135 4979 3202 5041 ιι,
3245 4996 3265 5030 ι
3313 4991 3423 5031 non
3469 4975 3772 5030 discrucia-

2193 5074 2396 5138 bimur,
2419 5073 2642 5142 perinde
2663 5073 2822 5143 quasi
2845 5070 3181 5126 contrarium
3207 5067 3293 5122 his
3322 5068 3396 5123 sit
3426 5066 3554 5121 illud
3579 5083 3594 5120 :
3619 5083 3638 5118 ι
3659 5065 3773 5134 Ego

2191 5181 2310 5219 sum
2343 5167 2450 5230 via,
2487 5167 2712 5232 veritas,
2735 5173 2790 5218 et
2819 5165 2926 5219 vita
2967 5163 3044 5228 “;
3085 5182 3107 5216 ι
3139 5177 3263 5218 nam
3291 5162 3338 5216 si
3363 5159 3524 5216 Jesus
3555 5168 3640 5215 est
3673 5157 3768 5228 qui

2192 5259 2344 5322 dicit,
2379 5277 2400 5310 ε
2435 5258 2544 5328 Ego
2571 5273 2691 5313 sum
2720 5256 2922 5312 veritas
2964 5275 2984 5308 ι
3015 5256 3108 5326 qui
3133 5253 3250 5310 ﬁeri
3278 5260 3460 5324 potest
3487 5260 3548 5307 ut
3571 5250 3774 5305 veritas

2199 5365 2294 5418 per
2313 5349 2498 5406 Jesum
2546 5349 2662 5414 fiat,
2698 5365 2821 5405 cum
2860 5349 3059 5416 aliquis
3098 5362 3194 5414 per
3235 5345 3477 5413 seipsum
3513 5358 3616 5398 non
3643 5341 3775 5395 lian

2203 5441 2310 5496 Sed
2341 5441 2744 5510 intelligendum
2783 5449 2868 5496 est
2893 5439 3038 5508 quod
3064 5436 3424 5508 αὐτοαλήθεια
3453 5449 3518 5490 ea
3548 5448 3668 5504 qua:
3689 5441 3778 5488 est

2933 5575 2978 5610 ³⁸
3001 5575 3157 5632 Joan.
3192 5587 3234 5636 ι,
3260 5571 3349 5626 16.
3453 5569 3498 5602 ³⁹
3524 5569 3654 5625 ibid.
3683 5567 3773 5627 15.

581 5761 699 5832 (8η
731 5759 996 5827 Ἐπειδὴ.
1033 5758 1176 5830 Lego
1203 5758 1323 5814 ἐπεὶ
1353 5759 1430 5815 δέ.
1468 5759 1587 5815 Mos
1616 5744 1788 5816 codex
1822 5755 2079 5816 Bodleian

2187 5767 2325 5814 recte
2355 5758 2517 5817 habet
2546 5755 2906 5830 φράσσεσθαι,
2934 5753 3135 5828 Regius
3166 5762 3220 5810 et
3245 5751 3598 5819 Barberinus,
3637 5748 3772 5822 φράο

513 5831 720 5900 σεσθαι,
749 5834 906 5888 male.
