4194 6426
475 304 574 360 211

1929 307 2251 368 ORIGENIS

3652 317 3762 372 25%

475 441 575 496 per
601 438 660 480 se
689 425 917 485 veritas.
945 424 1060 494 ipsa
1097 426 1188 480 illa
1211 441 1334 496 qua:
1368 437 1454 482 est
1479 427 1879 496 substantialis,
1905 439 1982 494 et,
2005 440 2066 486 ut

2171 446 2266 500 νης
2294 430 2699 484 ὲντετύπωνται
2747 431 2860 494 τοῖς
2908 431 3168 503 φρονοῦσι
3196 432 3294 503 τὴν
3323 429 3605 504 ἀλήθειαν,
3641 433 3766 506 οὐχὶ

417 524 422 532 ’
472 515 553 574 ita
581 519 787 582 dicam,
819 520 1054 590 primum
1078 521 1359 590 exemplar
1405 521 1550 578 illius
1576 523 1829 579 veritatis
1860 539 1980 594 qua:
2005 524 2060 579 in

476 613 764 668 animabus
813 617 955 668 inest
988 613 1219 669 rationis
1249 614 1566 685 capacibus,
1627 631 1659 670 a
1690 631 1796 683 qua
1833 616 2064 672 veritate

475 703 646 760 veluti
676 705 943 774 imagines
988 705 1134 760 illius
1168 707 1450 775 impressas
1503 707 1660 763 fuere
1685 709 2064 778 spectantibus

478 798 790 865 veritatem,
825 816 929 853 non
972 814 1070 870 per
1115 798 1300 854 Jesum
1329 801 1605 856 Chnistum
1642 805 1784 859 facta
1831 813 1938 871 est,
1966 821 2064 862 ue-

477 905 587 962 que
612 892 834 946 omnino
867 907 965 962 per
1010 892 1270 963 aliquem,
1303 895 1399 949 sed
1447 911 1478 949 a
1516 895 1647 952 Deo.
1696 897 2064 964 Quemadmo-

480 985 610 1040 dum
651 986 794 1040 enim
848 1000 1027 1056 neque
1061 986 1256 1042 Sermo
1303 987 1394 1042 ille
1419 989 1516 1058 qui
1551 989 1606 1044 in
1651 990 1918 1061 principio
1946 1003 2063 1049 erat

481 1077 623 1148 apud
655 1079 821 1133 Demn
848 1079 917 1143 ι’,
949 1095 1057 1135 non
1088 1089 1176 1136 est
1206 1095 1305 1149 per
1327 1081 1608 1152 aliquem;
1640 1098 1816 1154 neque
1847 1085 2066 1155 sapien-

481 1170 558 1223 tia
589 1169 700 1234 illa,
732 1185 895 1240 quam
928 1171 1135 1226 creavit
1161 1171 1319 1228 initio
1338 1173 1550 1227 viarum
1586 1189 1808 1229 suarum
1831 1175 1973 1232 Deus
1993 1177 2062 1243 “,

478 1276 588 1316 non
616 1271 700 1316 est
727 1277 826 1332 per
851 1263 1092 1334 aliquem
1125 1281 1140 1318 :
1171 1263 1252 1320 sic
1285 1280 1463 1334 neque
1497 1266 1701 1323 veritas
1731 1267 1822 1322 illa
1852 1279 1936 1325 est
1968 1285 2067 1341 per

478 1353 740 1426 aliquem.
775 1353 972 1409 Verum
1013 1371 1135 1425 qua:
1156 1356 1298 1427 apud
1325 1357 1577 1414 homines
1603 1367 1688 1414 est
1713 1361 1942 1424 veritas,
1969 1377 2067 1432 per

475 1446 664 1504 Jesum
698 1447 974 1503 Christum
1033 1448 1176 1504 facta
1208 1457 1327 1512 est;
1379 1448 1528 1504 verbi
1594 1452 1792 1520 gratia,
1862 1455 2068 1509 veritas

481 1553 604 1607 qua:
632 1538 686 1593 in
713 1539 883 1594 Paulo
912 1539 1056 1593 inest
1081 1541 1406 1608 caeterisque
1434 1539 1714 1608 apostolis,
1751 1555 1848 1609 per
1874 1539 2063 1596 Jesum

479 1627 760 1683 Christum
792 1629 936 1684 facta
969 1638 1074 1684 est.
1101 1627 1214 1684 Nec
1245 1631 1440 1684 mirum
1473 1639 1582 1693 est.
1635 1632 1682 1688 si
1711 1634 1912 1690 veritas
1942 1649 2064 1690 cum

479 1722 554 1776 sit
584 1737 715 1784 una,
743 1720 941 1776 multas
970 1721 1124 1791 quasi
1156 1722 1418 1777 veritates
1455 1723 1524 1778 ab
1551 1724 1641 1778 illa
1669 1725 1918 1782 dicamus
1963 1726 2064 1782 dif-

2163 523 2252 578 διὰ
2295 524 2470 595 Ἰησοῦ
2494 523 2732 596 Χριστοῦ
2763 525 3003 595 ἐγένετο,
3033 526 3143 579 οὐδ’
3167 527 3306 590 ὅλως
3331 527 3420 580 διά
3448 544 3616 592 τινος,
3645 527 3764 582 ἀλλ’

2165 616 2271 670 ὑπὸ
2297 615 2435 670 Θεοῦ
2477 617 2716 685 ἐγένετοο
2739 617 2816 681 ὼς
2844 618 2938 672 καὶ
2964 621 2992 671 6
3020 619 3195 686 Λόγος
3226 619 3288 672 οὐ
3313 619 3404 672 διά
3439 635 3609 683 τινος,
3633 621 3664 672 6
3705 622 3764 672 ὲν

2165 711 2309 782 ἀρχῇ
2343 709 2480 782 πρὸς
2519 711 2611 764 τὸν
2639 710 2792 774 Θεὸν,
2833 711 2928 764 καὶ
2971 713 3004 783 ἡ
3049 712 3210 780 σοφία
3238 711 3306 782 ἣν
3339 711 3552 766 ἔκτισεν
3587 713 3764 784 ἀρχὴν

2165 801 2301 855 ὁδῶν
2335 801 2503 856 αὑτοῦ
2546 804 2576 856 6
2605 801 2759 866 Θεὸς,
2796 803 2856 856 οὐ
2885 803 2975 857 διά
3016 819 3182 866 τινοςο
3217 801 3392 868 οὕτως
3423 803 3542 856 οὐδὲ
3571 806 3604 874 ἡ
3630 803 3764 875 ἀλή-

2166 893 2288 947 θεια
2335 894 2426 948 διά
2454 911 2618 958 τινος.
2662 895 2726 948 Ἦ
2777 894 2834 948 δὲ
2885 895 3015 966 παρ’
3063 893 3374 967 ἀνθρώποις
3412 894 3641 966 ἀλήθεια
3672 894 3760 950 διὰ
3847 902 3854 910 ’

2177 987 2355 1060 Ἰησοῦ
2388 987 2626 1060 Χριστοῦ
2671 987 2907 1058 ὲγένετο’
2965 981 3077 1040 οἷον
3110 989 3143 1059 ἡ
3179 991 3236 1042 ὲν
3283 987 3478 1057 Παύλῳ
3527 985 3764 1058 ἀλήθεια

2166 1079 2396 1142 καὶτοῖς
2425 1077 2747 1142 ἀποστόλοις
2774 1076 2865 1131 διὰ
2909 1077 3085 1148 Ἰησοῦ
3105 1076 3348 1150 Χριστοῦ
3379 1077 3620 1146 ἐγένετο.
3651 1077 3765 1130 Καὶ

2165 1173 2226 1226 οὐ
2265 1171 2599 1242 θαυμαστὸν,
2635 1173 2765 1243 μιᾶς
2813 1169 2982 1242 οὔσης
3026 1169 3306 1242 ἀληθείας,
3349 1170 3514 1225 οἱονεὶ
3555 1168 3764 1233 πολλὰς

2167 1265 2264 1318 ἀπ’
2297 1265 2515 1335 ἐκείνης
2544 1263 2728 1333 λέγειν
2758 1263 3111 1336 ὲῤῥυηκέναι.
3144 1258 3266 1318 οἶδε
3294 1263 3426 1332 γοῦν
3469 1263 3499 1315 6
3542 1261 3765 1334 προφή-

2166 1375 2267 1430 της
2296 1356 2460 1412 Δαυτδ
2492 1357 2691 1421 πολλὰς
2724 1357 2985 1429 ἀληθείας
3015 1357 3210 1425 λέγων’
3262 1375 3280 1408 ι
3332 1355 3620 1428 Ἀληθείας
3665 1357 3765 1409 ὲκ·-

2168 1451 2324 1521 ζητεῖ
2351 1451 2577 1520 Κύριος.
2621 1469 2640 1501 ι
2676 1450 2750 1503 Οὐ
2779 1449 2888 1520 γὰρ
2916 1449 3015 1520 τὴν
3045 1448 3176 1519 μίαν
3203 1446 3426 1519 ὲκζητεῖ
3449 1445 3710 1518 ἀλήθειαν
3736 1447 3767 1498 6

2167 1543 2352 1616 πατὴρ
2380 1541 2572 1612 αὐτῆς,
2621 1540 2759 1596 ἀλλὰ
2788 1541 2890 1606 τὰς
2937 1541 3158 1604 πολλὰς,
3204 1540 3273 1594 δι’
3303 1539 3370 1603 6.;
3405 1538 3669 1604 σώζονται
3714 1539 3764 1590 οἱ

2167 1635 2383 1706 ἔχοντες
2412 1634 2601 1698 αὐτάς.
2631 1634 2705 1686 Τὸ
2721 1635 2764 1686 δ’
2787 1634 2970 1705 ὅμοιον
2993 1631 3070 1703 τῷ
3105 1631 3353 1704 περὶτῆς
3383 1629 3643 1702 ἀληθείας
3669 1629 3768 1683 καὶ⁵

2167 1727 2277 1780 τῶν
2315 1725 2584 1796 ἀληθειών
2621 1724 2784 1796 λόγῳ,
2842 1709 3170 1796 εὑρίσκομεν
3207 1722 3500 1794 εἰρημένον
3527 1721 3660 1792 περὶ
3687 1719 3768 1773 δι-

478 1812 671 1870 ﬁuerc.
704 1812 851 1868 Vidit
879 1813 1022 1867 etiim
1053 1812 1222 1868 David
1254 1814 1343 1868 ille
1371 1817 1635 1886 propheta
1668 1817 1869 1874 multas
1915 1819 2064 1873 veri-

2174 1792 2466 1892 καιοσύνης
2478 1819 2574 1874 καὶ
2583 1792 2960 1873 δικαιοσυνῶν.
2975 1817 3049 1870 Τὸ
3063 1792 3172 1888 γὰρ
3184 1792 3632 1885 αὐτοδικαιοσύνη
3649 1813 3766 1884 (8Ξ)

480 1915 645 1971 tates,
677 1906 864 1962 dicens
893 1906 940 1938 “
976 1925 990 1960 :
1025 1925 1044 1958 ι
1084 1905 1358 1964 Veritates
1409 1910 1664 1978 exquiret
1717 1912 1998 1966 Dominus.
2039 1931 2059 1966 ι

477 1995 600 2052 Non
625 1999 771 2054 enim
805 2014 967 2055 unam
1011 2001 1252 2070 exquirit
1295 2000 1588 2057 veritatem
1623 2002 1864 2058 veritatis
1895 2003 2066 2074 ipsius

478 2086 668 2154 Pater,
694 2089 790 2144 sed
823 2089 1044 2155 multas,
1075 2107 1174 2161 per
1204 2106 1344 2161 quas
1391 2104 1682 2149 servantur
1715 2095 1809 2164 qui
1842 2108 1936 2150 eas
1961 2095 2064 2150 ha-

480 2181 633 2238 bent.
662 2182 854 2242 Simile
879 2201 1010 2243 vero
1049 2188 1308 2258 quiddam
1342 2189 1470 2244 huic
1530 2188 1766 2244 orationi
1828 2188 1896 2242 de
1924 2186 2067 2242 veri-

478 2285 596 2331 tate
621 2287 679 2331 et
705 2278 1033 2334 veritatibus
1077 2281 1282 2335 dictum
1331 2281 1639 2339 invenimus
1667 2282 1735 2336 de
1772 2279 1986 2350 justitia
2011 2290 2066 2336 et

474 2366 728 2438 justitiis.
781 2370 900 2440 Ipsa
943 2372 1090 2427 enim
1122 2371 1336 2441 iustitia
1373 2373 1538 2446 108
1560 2389 1680 2442 qua:
1722 2389 1788 2430 ex
1815 2389 1878 2430 se
1903 2383 1988 2430 est
2011 2383 2068 2430 et

479 2459 882 2528 substantialis,
941 2462 1194 2520 Christus
1227 2472 1333 2530 est,
1379 2483 1399 2517 ι
1441 2465 1530 2535 qui
1583 2463 1760 2520 factus
1794 2473 1878 2520 est
1908 2465 2066 2521 nobis

482 2554 757 2628 sapientia
812 2571 841 2610 a
895 2554 1034 2622 Deo,
1085 2557 1433 2628 iustitiaque,
1487 2567 1544 2612 et
1572 2557 1956 2625 sanctiﬁcatio,
2009 2569 2062 2613 et

471 2622 789 2720 ’redemptio
816 2649 864 2684 “
889 2622 1204 2724 [perfecta].
1234 2671 1254 2706 ι
1290 2622 1373 2706 Ab
1419 2622 1520 2705 illa
1546 2659 1728 2707 autem
1757 2622 1972 2720 iustitia
1999 2667 2064 2706 ea

475 2737 689 2806 justitia
723 2739 987 2798 formatur
1018 2757 1138 2814 qua:
1168 2744 1222 2797 in
1252 2757 1584 2813 unoquoque
1608 2743 1770 2811 inest,
1809 2745 1884 2798 ita
1919 2756 1980 2799 ut
2008 2746 2064 2799 in

484 2829 572 2884 his
598 2830 690 2900 qui
725 2843 1041 2898 servantur,
1087 2833 1271 2888 multa;
1319 2834 1453 2888 liant
1495 2833 1759 2902 justitiaz;
1819 2835 1960 2892 hanc
1995 2834 2067 2890 ob

482 2935 706 2977 causam
733 2925 896 2980 etiam
943 2925 1210 2995 scriptum
1237 2936 1324 2981 est
1349 2925 1395 2959 ⁸⁷
1427 2941 1443 2981 :
1479 2943 1501 2977 ι
1536 2925 1728 2982 Justus
1776 2926 2064 2992 Dominus,

482 3025 540 3069 et
567 3015 814 3084 justitias
844 3019 1038 3075 dilexit
1069 3036 1087 3075 :
1127 3038 1148 3072 ι
1180 3023 1262 3076 sic
1288 3021 1435 3076 enim
1486 3021 1541 3074 in
1569 3021 1714 3076 veris
1739 3021 2067 3091 exemplari-

481 3109 587 3163 bus
632 3119 689 3164 et
720 3111 934 3168 emeris
981 3113 1365 3170 traditionibus
1412 3114 1568 3184 juxta
1619 3113 1975 3183 Septuaginta
2009 3123 2066 3171 et

485 3199 606 3270 ipso
652 3200 925 3260 Hebraico
975 3206 1303 3263 invenimus.
1368 3206 1582 3277 Inspice
1608 3220 1740 3262 vero
1788 3223 1919 3262 num
1965 3208 2070 3263 isto

481 3295 648 3349 modo
677 3295 782 3352 alia
807 3312 1047 3368 quoque,
1083 3314 1206 3370 quae
1229 3300 1479 3356 Christus
1509 3316 1630 3357 esse
1658 3301 1860 3358 dicitur
1887 3302 2071 3374 singu-

480 3383 696 3452 lariter,
734 3402 836 3458 pro
874 3391 1228 3460 proportione
1264 3393 1645 3464 multiplicata,
1701 3395 1938 3463 plurium
1965 3409 2069 3448 nu-

482 3494 638 3535 mero
686 3481 868 3537 etlerri
909 3483 1156 3552 possint;
1210 3485 1364 3541 verbi
1415 3488 1618 3557 gratia,
1671 3486 1927 3542 Christus
1984 3493 2071 3542 est

481 3573 592 3627 vita
631 3583 839 3641 nostra,
875 3576 1330 3645 quemadmodum
1357 3577 1624 3635 Servatur
1645 3583 1762 3647 ipse
1785 3578 2068 3648 inquit“:

489 3687 512 3722 ι
539 3671 652 3742 Ego
681 3688 799 3728 sum
839 3673 942 3735 via,
979 3674 1184 3730 veritas
1213 3684 1271 3730 et
1296 3675 1444 3742 vita;
1491 3695 1511 3729 ι
1567 3684 1626 3732 et
1661 3675 1960 3747 Apostolus
1977 3676 2066 3730 δέ

488 3782 507 3812 ι
545 3761 992 3835 Quandocunque
1020 3766 1284 3823 Christus
1314 3767 1704 3825 manifestatus
1740 3768 1910 3824 fuerit
1953 3769 2071 3825 vita

483 3865 692 3922 nostra,
747 3865 878 3913 tunc
929 3867 986 3913 et
1018 3873 1115 3914 vos
1146 3874 1271 3914 cum
1330 3861 1422 3917 illo
1463 3861 1954 3918 manifestahimiui
2012 3862 2066 3917 in

483 3945 674 4017 gloria.
709 3965 730 4001 ι
765 3949 975 4006 Rursus
1020 3949 1073 4006 in
1112 3949 1344 4008 Psalmis
1390 3953 1659 4024 scriptum
1687 3954 1735 3987 ⁸⁸
1767 3973 1780 4007 :
1815 3973 1836 4007 ι
1876 3953 2069 4010 Melior

485 4040 860 4096 misericordia
888 4051 978 4097 tua
1019 4058 1187 4114 super
1216 4046 1382 4101 vitas.
1427 4063 1448 4098 ι
1485 4045 1622 4101 Nam
1647 4047 1776 4116 quia
1814 4047 2069 4102 Christus

483 4131 540 4184 in
577 4147 905 4204 unoquoque
936 4135 1078 4191 inest
1115 4137 1248 4202 vita,
1291 4138 1414 4193 ideo
1447 4139 1882 4208 multiplicantur
1905 4141 2066 4206 vitae;

479 4221 736 4279 fortassis
770 4225 878 4280 isto
907 4226 1070 4282 modo
1120 4237 1177 4282 et
1209 4227 1340 4282 illud
1377 4229 1763 4298 inquirendum
1796 4247 1810 4283 :
1860 4247 1880 4281 ι
1926 4227 2069 4283 Num

481 4317 920 4386 experimentum
976 4321 1222 4388 quaeritis
1261 4321 1410 4392 ejus,
1467 4323 1560 4393 qui
1601 4323 1656 4376 in
1689 4337 1776 4378 me
1825 4321 2070 4392 loquitur

481 4409 739 4464 Christus
765 4410 854 4465 “‘2
896 4429 917 4463 ι
952 4411 1150 4468 Fertne
1199 4414 1346 4469 enim
1402 4415 1455 4470 in
1507 4429 1842 4485 unoquoque
1877 4429 2070 4471 sancto

2174 1915 2207 1985 ἡ
2241 1911 2504 1983 οὐσιώδης
2535 1911 2768 1982 Χριστός
2804 1913 2974 1973 ἐστιν,
3015 1929 3032 1960 ι
3076 1908 3135 1972 ὃς
3172 1907 3405 1980 ἐγενηθη
3441 1907 3602 1977 σοφία
3630 1908 3768 1978 ἡμῖν

2174 2005 2284 2060 ἀπὸ
2305 2003 2464 2068 Θεοῦ,
2500 2004 2814 2076 δικαιοσύνη
2854 2021 2912 2057 τε
2968 2004 3060 2058 καὶ
3093 2001 3385 2073 ἁγιασμὸς,
3432 2002 3524 2055 καὶ
3562 1998 3769 2055 ἀπολύ-

2171 2113 2394 2168 τρωσις.
2439 2115 2458 2148 ι
2486 2097 2606 2150 Ἀπ’
2639 2095 2853 2168 ἐκείνης
2884 2095 2942 2149 δὲ
2970 2096 3066 2165 τῆς
3097 2093 3444 2165 δικαιοσύνης
3473 2096 3506 2165 ή
3538 2095 3597 2148 ὲν
3632 2092 3768 2146 ἐκά-

2176 2207 2285 2261 cm?
2309 2189 2628 2262 δικαιοσύνη
2653 2188 2942 2254 τυποῦται,
2972 2187 3048 2251 ὡς
3080 2185 3328 2256 γίνεσθαι
3347 2188 3427 2239 .ὲν
3454 2187 3568 2248 τοῖς
3605 2183 3769 2248 σωζο-

2177 2282 2358 2353 μένοις
2388 2281 2590 2346 πολλὰς
2619 2280 2986 2344 δικαιοσύνας·
3005 2279 3088 2333 διὸ
3113 2279 3206 2332 καὶ
3229 2279 3559 2349 γέγραπται·
3595 2296 3616 2329 ι
3643 2279 3768 2332 ’Ότι

2171 2373 2381 2438 δίκαιος
2421 2374 2651 2445 Κύριος,
2682 2375 2778 2428 καὶ
2815 2372 3164 2436 δικαιοσύνας
3203 2373 3528 2443 ἠγάπησεν·
3570 2391 3590 2423 ι
3621 2369 3769 2424 οὕτω

2172 2465 2284 2538 γὰρ
2312 2467 2371 2519 ὲν
2399 2467 2512 2530 τοῖς
2542 2464 2826 2537 ἀκριϐέσιν
2853 2463 3209 2536 ἀντιγράφοις
3238 2463 3492 2534 εὕρομεν,
3516 2465 3614 2516 καὶ
3644 2465 3767 2526 ταῖς
3837 2468 3844 2476 ’

2172 2557 2388 2622 λοιπαῖς
2434 2557 2587 2630 παρὰ
2627 2560 2754 2621 τοὺς
2795 2557 3194 2628 Ἐὁδομήκοντα
3243 2555 3510 2619 ὲκδόσεσι,
3552 2555 3650 2608 καὶ
3687 2553 3766 2625 τῷ

2188 2651 2482 2724 Ἑϐραῖκῷ.
2538 2652 2862 2721 Ἐπίστησον
2903 2649 2961 2703 δὲ
2989 2651 3038 2702 εί
3063 2647 3288 2702 δύναται
3313 2647 3516 2719 ὁμοίως
3548 2647 3648 2700 καὶ
3696 2645 3766 2700 τὰ

2173 2745 2328 2812 ἄλλα,
2361 2746 2462 2800 ὅσα
2484 2745 2719 2817 Χριστὸς
2741 2740 2880 2798 εἶναι
2908 2743 3125 2812 λέγεται
3158 2742 3374 2806 ἑνικῶς,
3413 2741 3768 2812 πληθυόμενα

2173 2841 2434 2909 ἀνάλογον
2479 2837 2846 2910 ὀνομάζεσθαι
2905 2835 3308 2909 πληθυντικῶς,
3368 2830 3479 2889 οἷον
3527 2834 3768 2906 Χριστός

2173 2933 2322 2986 ιστιν
2353 2933 2388 3004 ἡ
2417 2930 2530 3003 ζωὴ
2564 2930 2744 3001 ἡμῶν,
2779 2931 2854 2994 ὡς
2889 2929 3051 2992 αὐτὸς
3077 2929 3106 2981 6
3133 2928 3326 2999 Σωτήρ
3359 2942 3543 2998 φησιν·
3568 2945 3585 2976 ι
3623 2922 3769 2993 Ἐγὼ

2173 3027 2291 3097 ειμι
2319 3024 2510 3096 ὴόδὸς,
2539 3023 2634 3078 καὶ
2661 3025 2694 3094 ἡ
2728 3021 2979 3093 ἀλήθεια,
3016 3021 3110 3074 καί
3133 3021 3166 3090 ἡ
3190 3019 3324 3089 ζωή·
3353 3038 3372 3070 ι
3408 3018 3502 3072 καὶ
3530 3020 3560 3071 6
3601 3016 3769 3070 Ἀπό-

2175 3117 2378 3182 στολος·
2409 3137 2428 3169 ι
2455 3117 2624 3172 Ὅταν
2657 3115 2889 3188 Χριστὸς
2921 3111 3208 3186 φανερωθῇ
3231 3113 3264 3182 ή
3285 3110 3400 3183 ζωὴ
3429 3109 3610 3182 ἡμῶν,
3639 3109 3769 3163 τότε

2173 3215 2270 3268 καὶ
2310 3213 2469 3284 ὑμεῖς
2515 3210 2613 3264 σὺν
2664 3208 2816 3280 αὐτῷ
2867 3205 3321 3279 φανερωθήσεσθε
3375 3207 3434 3258 ὲν
3478 3201 3770 3277 δόξῃ.›Ἐν

2171 3305 2427 3376 Ψαλμοῖς
2481 3303 2539 3358 δὲ
2597 3303 2759 3358 πάλιν
2810 3301 3258 3372 ἀναγέγραπταιι
3321 3317 3338 3349 ι
3390 3299 3658 3369 Κρεῖττον
3707 3295 3770 3349 τὸ

2173 3398 2323 3463 ἔλεός
2350 3413 2447 3450 σου
2477 3395 2618 3468 ὑπὲρ
2660 3394 2827 3460 ζωάςο
2866 3413 2885 3445 ι
2917 3393 3008 3448 διὰ
3037 3392 3146 3464 γὰρ
3166 3392 3258 3445 τὸν
3289 3392 3347 3444 ὲν
3376 3390 3592 3460 ἑκάστῳ
3625 3390 3768 3461 Χρι-

2174 3488 2301 3542 στὸν
2345 3486 2476 3540 ὄντα
2507 3484 2651 3556 ζωὴν
2679 3481 3012 3555 πληθύονται
3060 3482 3117 3534 αἱ
3146 3478 3304 3544 ζωαί.
3336 3477 3490 3548 Τάχα
3533 3477 3590 3530 δὲ
3621 3474 3770 3528 οὕτω

2173 3581 2436 3653 ζητητέον
2467 3578 2561 3633 καὶ
2590 3577 2670 3630 τό·
2720 3593 2742 3626 α
2780 3577 2844 3629 Εἰ
2869 3572 3098 3645 δοκιμὴν
3148 3572 3361 3642 ζητεῖτε
3403 3569 3497 3624 τοῦ
3543 3569 3600 3622 ὲν
3641 3566 3769 3640 ἐμοὶ

2173 3671 2462 3736 λαλοῦντος
2486 3667 2762 3744 Χριστοῦ;
2793 3687 2812 3719 ι
2843 3665 3024 3720 Οίονεὶ
3053 3665 3163 3737 γὰρ
3193 3662 3319 3718 καθ’
3344 3663 3576 3716 ἕκαστον
3609 3660 3770 3729 ἅγιον

2173 3763 2409 3836 Χριστὸς
2441 3761 2778 3834 εὑρίσκεται,
2824 3759 2920 3814 καὶ
2956 3757 3196 3828 γίνονται
3229 3755 3319 3810 διὰ
3363 3756 3456 3810 τὸν
3484 3754 3583 3808 ἕνα
3625 3755 3767 3825 Χρι-

2175 3856 2299 3911 στὸν
2327 3855 2514 3912 πολλοὶ
2549 3852 2800 3926 Χριστοὶ,
2843 3851 2896 3905 οἱ
2943 3849 3155 3904 ἐκείνου
3209 3847 3467 3920 μιμηταὶ,
3501 3845 3598 3899 καλ⁵
3643 3843 3768 3898 κατ’

2171 3949 2335 4003 αὑτὸν
2372 3947 2557 4002 εἰκόνα
2588 3945 2720 4000 ὄντα
2753 3942 2890 3997 Θεοῦ
2933 3940 3374 4014 μεμορφωμένου
3407 3935 3530 3992 ὃθεν
3555 3937 3584 3989 6
3633 3935 3768 3998 Θεὸς

2170 4039 2261 4094 διὰ
2287 4037 2383 4092 τοῦ
2418 4037 2705 4112 προφήτου
2737 4033 2895 4106 φησί·
2929 4052 2948 4084 ι
2987 4032 3080 4102 Μὴ
3116 4029 3328 4102 ἆψησθε
3364 4028 3475 4082 τῶν
3509 4025 3768 4102 Χριστῶν

2177 4149 2302 4204 μου.
2340 4150 2360 4184 ι
2405 4133 2472 4184 Ὃ
2494 4129 2676 4184 τοίνυν
2703 4126 2967 4197 ἐδόξαμεν
3001 4122 3436 4196 παρεληλυθέναι
3468 4119 3768 4192 διηγούμε-

2173 4222 2356 4289 νοιτό,
2398 4239 2417 4273 ι
2463 4221 2529 4274 Ἦ
2557 4220 2717 4293 χάρις
2745 4219 2841 4273 καὶ
2877 4219 2912 4289 ἡ
2943 4215 3170 4288 ἀλήθεια
3195 4213 3284 4266 διὰ
3325 4212 3501 4283 Ἰησοῦ
3547 4207 3766 4283 χριστοῦ

2175 4314 2412 4384 ἐγένετο,
2454 4331 2474 4364 ι
2507 4311 2666 4366 τοῦτο
2692 4309 2788 4364 νῦν
2813 4309 2956 4364 κατὰ
2982 4308 3044 4362 τὸ
3077 4306 3318 4378 ἐμπεσὸν
3351 4303 3766 4373 ἁνεπτύξαμεν·

2175 4408 2296 4480 ἅμα
2330 4407 2389 4462 δὲ
2431 4407 2880 4479 παρεστήσαμεν,
2909 4405 2992 4457 ὅτι
3033 4401 3130 4456 τοῦ
3161 4398 3471 4454 Βαπτιστοῦ
3517 4399 3768 4452 Ἰωάννου

481 4499 736 4555 Christus
774 4501 1073 4570 invenitur,
1128 4513 1186 4560 et
1230 4507 1366 4561 liunt
1424 4520 1524 4576 per
1562 4522 1732 4562 unum
1785 4505 2063 4562 Christum

2174 4503 2324 4558 ἐστὶν
2342 4503 2376 4572 ἡ
2410 4501 2581 4571 φωνή·
2610 4497 2770 4552 ἔτιδὲ
2793 4497 2890 4552 καὶ
2911 4495 3001 4550 διὰ
3026 4493 3233 4548 τούτων
3264 4491 3668 4565 μαρτυροῦντος
3691 4488 3768 4562 τῷ

477 4592 639 4648 multi
669 4592 901 4664 Christi,
938 4595 1086 4651 illius
1114 4598 1444 4664 imitatores,
1484 4611 1541 4656 et
1579 4599 1961 4657 transformati
2000 4599 2069 4654 ad

2178 4595 2294 4668 Υἱῷ
2326 4594 2420 4650 τοῦ
2451 4591 2610 4646 Θεοῦ.

482 4687 630 4744 illius
659 4691 1096 4760 similitudinem,
1139 4697 1233 4764 qui
1276 4705 1362 4752 est
1402 4697 1580 4766 imago
1623 4696 1754 4765 Dei;
1796 4698 1940 4753 unde
1979 4711 2078 4766 per
2115 4696 2442 4765 prophetam
2495 4689 2671 4760 inquit
2724 4688 2868 4742 Deus
2906 4702 2921 4740 :
2967 4704 2986 4737 ι
3028 4684 3109 4740 Ne
3162 4683 3456 4755 tetigerltis
3533 4679 3768 4734 chris-tos

478 4800 634 4842 meos
677 4787 745 4842 ".
800 4807 822 4841 ι
872 4789 1028 4856 Quod
1078 4792 1240 4862 igitur
1295 4794 1349 4849 in
1402 4797 1716 4852 enarranda
1759 4797 1864 4852 visi
1909 4810 2100 4852 sumus
2146 4791 2516 4864 prazteriisse;
2577 4801 2807 4856 nempe,
2866 4801 2886 4836 ι
2933 4783 3122 4838 Gratia
3172 4791 3230 4839 et
3277 4781 3486 4836 veritas
3533 4795 3632 4849 per
3674 4775 3768 4830 Je-

482 4893 608 4934 sum
644 4879 924 4938 Christum
949 4883 1091 4939 facta
1123 4897 1208 4941 est
1227 4887 1294 4954 ⁸³,
1328 4905 1348 4940 ι
1383 4888 1566 4944 obiter
1601 4904 1746 4945 nunc
1790 4889 2174 4960 explicuimus,
2219 4886 2444 4954 insuper
2467 4881 2823 4935 ostendentes
2869 4875 3097 4932 Joannis
3147 4873 3407 4960 Baptistae
3455 4874 3597 4928 hanc
3643 4887 3767 4928 esse

479 4987 696 5038 vocem,
734 4977 912 5032 adhuc
957 4977 1120 5032 etiam
1157 4994 1254 5049 per
1301 4981 1418 5036 haec
1455 4983 1622 5038 verba
1663 4958 2031 5039 testimonium
2072 4978 2352 5036 reddentis
2386 4975 2524 5030 Filio
2562 4973 2678 5028 Dei.
3327 4958 3334 4964 ’

550 5069 608 5125 4.
649 5068 766 5124 Jam
803 5085 932 5142 ergo
987 5073 1272 5130 videamus
1321 5079 1620 5132 secundum
1671 5077 1898 5134 Joannis
1921 5077 2066 5135 testi-

2245 5073 2296 5127 4.
2327 5070 2466 5142 Ἤδη
2492 5064 2584 5124 οὖν
2614 5067 2815 5138 ἴδωμεν
2844 5064 2945 5137 τὴν
2963 5063 3226 5134 δευτέραν
3271 5062 3516 5117 Ἰωάννου
3556 5079 3766 5134 μαρτυ-

481 5161 724 5216 monium
750 5161 816 5214 “.
845 5161 922 5216 Ex
956 5161 1350 5236 Hierosolymis
1389 5166 1585 5233 Judzei,
1613 5183 1714 5224 ceu
1743 5169 1934 5225 amnes
1964 5167 2066 5224 Ba-

2177 5165 2316 5238 ρίαν.
2353 5163 2488 5217 Ἀπὸ
2527 5160 2915 5233 Ἰεροσολύμων
2961 5158 3225 5220 Ἰουδαῖοι,
3258 5156 3336 5220 ὡς
3367 5159 3648 5225 συγγενεῖς
3677 5155 3764 5209 6v-

480 5255 684 5325 ptistae,
719 5255 810 5326 qui
856 5271 922 5310 ex
963 5271 1164 5327 genere
1199 5261 1524 5315 sacerdotali
1557 5271 1697 5327 erat,
1751 5263 2066 5319 sacerdotes

2173 5275 2264 5322 τες
2307 5255 2402 5309 τοῦ
2428 5252 2758 5316 Βαπτιστοῦ,
2797 5251 2906 5305 ἀπὸ
2935 5250 3127 5318 γένους
3159 5246 3433 5320 ἱερατικοῦ
3469 5247 3765 5318 τυγχάνον-

480 5348 726 5413 mittunt,
761 5357 818 5402 et
847 5345 1064 5402 Levitas
1092 5349 1552 5421 interrogaturos,
1579 5352 1704 5422 quis
1735 5353 1956 5407 tandem
1980 5365 2066 5406 es-

2171 5368 2285 5414 τος,
2317 5351 2481 5422 ἱερεῖς
2511 5346 2790 5417 πέμπουσι
2818 5345 2912 5398 καὶ
2937 5343 3168 5407 Λευῖτας
3201 5341 3593 5414 πευσομένους,
3617 5342 3764 5404 ὅστις

483 5452 571 5495 set
601 5439 860 5498 Joannes.
904 5441 976 5496 At
1027 5441 1119 5497 ille
1169 5444 1380 5512 dicens,
1421 5466 1438 5498 ι
1478 5445 1592 5501 Non
1621 5461 1740 5502 sum
1780 5460 1881 5517 ego
1909 5443 2066 5500 Chri-

2174 5444 2306 5498 ποτὲ
2328 5443 2416 5513 εἴη
2439 5443 2468 5495 6
2508 5439 2783 5509 Ἰωάννης.
2827 5437 2888 5490 ’0
2915 5437 2973 5491 δὲ
2999 5437 3174 5507 λέγων
3188 5438 3268 5502 τὸ,
3303 5456 3321 5490 ι
3367 5435 3508 5507 Ἐγὼ
3529 5439 3628 5492 οὐκ
3650 5439 3764 5508 είμὶ

560 5531 605 5564 ⁸³
629 5531 785 5588 Joan.
818 5549 859 5600 ι,
893 5533 949 5588 2.
1026 5533 1074 5566 ⁸⁸
1103 5535 1260 5593 Prov.
1292 5554 1409 5600 vm.
1449 5539 1541 5594 22.
1641 5541 1688 5572 η
1721 5539 1861 5595 Psal.
1894 5556 2024 5600 xxx.
2057 5540 2066 5593 ε

2227 5540 2274 5572 ⁸⁸
2319 5537 2495 5592 lCor.
2543 5550 2586 5599 ι,
2619 5532 2709 5588 ³50.
2804 5531 2848 5564 ⁸⁷
2890 5531 3030 5588 Psal.
3073 5549 3125 5594 κ,
3153 5534 3206 5588 8.
3286 5531 3331 5564 ⁸⁸
3358 5531 3515 5587 Joan.
3553 5546 3664 5596 xiv,
3705 5530 3759 5584 6.

484 5601 529 5634 ιο
556 5602 765 5660 Culoss.
815 5620 897 5667 ιιι,
923 5603 980 5658 4.
1084 5608 1131 5640 ⁸ο
1175 5609 1324 5665 Psal.
1368 5626 1504 5678 uti,
1538 5611 1593 5667 4.
1692 5611 1738 5643 ⁵⁸
1778 5611 1820 5665 ll
1854 5611 1983 5666 Cor.
2015 5627 2066 5666 κι

484 5687 524 5731 ι,
568 5674 649 5727 Π.
723 5674 770 5706 ⁵⁸
795 5675 924 5730 ibid.
958 5675 1047 5731 l9.

2175 5611 2232 5665 5.
2327 5611 2374 5644 ⁵³
2406 5607 2628 5664 lParal.
2679 5618 2792 5669 xw,
2827 5604 2930 5669 9.2;
2974 5602 3116 5658 Psal.
3171 5617 3280 5668 ειν,
3333 5604 3422 5660 15.
3536 5603 3582 5636 ⁸³
3605 5601 3762 5657 Joan.

559 5770 666 5840 (82)
700 5770 769 5824 Τὸ
796 5771 906 5841 γὰρ
932 5773 1461 5843 αὐτοδικαιοσύνη.
1497 5773 1808 5846 Legendum
1827 5773 2060 5840 videtur,

2171 5771 2278 5844 γὰρ
2304 5769 2770 5839 αὐτοδικαιοσύνη.

1084 5608 1131 5640 ⁸⁸
1175 5609 1324 5665 Psal.
1368 5626 1504 5678 uti,
1538 5611 1593 5667 4.
