4194 6390
461 327 576 384 215

1561 333 1916 391 COMMENT.
1953 334 2021 389 ΙΝ
2054 334 2246 391 JOAN.
2275 335 2514 392 TOMUS
2544 335 2634 391 VI.

3605 337 3715 393 2M

457 448 492 502 ὁ
518 445 771 518 Χριστὸς,
808 466 826 498 ι
861 447 929 501 δι’
960 449 1123 502 αὑτοῦ
1150 451 1334 504 τούτου
1356 447 1646 519 ὁμολογίαν
1661 450 1917 520 ἀληθείας
1950 468 2038 504 πε-

2147 462 2263 506 stus
2287 451 2356 517 ⁸⁸,
2401 471 2420 504 ι
2461 451 2711 506 veritatis
2751 448 3149 506 confessionem
3195 450 3398 514 edidit,
3459 467 3555 507 nec
3580 496 3595 517 ,
3654 457 3716 510 ut

457 540 706 611 ποίηται,
731 540 827 593 καὶ
854 540 975 611 οὐχ,
1007 541 1084 605 ὡς
1112 542 1178 595 ἄν
1209 558 1294 604 τις
1324 541 1606 605 ὑπολάϐοι,
1641 542 1729 596 διά
1756 543 1837 606 τὸ,
1875 561 1893 594 t
1929 543 2043 596 Οὑκ

458 630 578 703 είμὶ
609 630 919 702 ὀΧριστὸς,
968 651 987 683 ι
1025 633 1318 703 ὴρνήσατο’
1369 633 1430 684 οὑ
1475 631 1584 702 γάρ
1627 634 1772 684 ἐστιν
1815 631 2043 702 ἄρνησις

457 725 520 777 τὸ
556 725 637 785 είς
675 722 832 787 δόξαν
874 720 1111 794 Χριστοῦ
1165 721 1342 791 λέγειν
1399 722 1472 794 μὴ
1514 723 1675 777 αὑτὸν
1714 720 1853 777 εἷναι
1905 725 2042 794 Χρι-

458 818 604 871 στόν.
644 815 827 881 Ἀπαξ
856 816 912 870 δὲ
939 818 988 869 οί
1021 815 1364 887 πεμφθέντες
1395 816 1505 870 ἀπὸ
1552 814 1937 887 Ἰεροσολύμων
1970 816 2044 867 ie-

366 916 371 921 ‘
459 910 574 978 ρεῖς
614 907 710 960 καὶ
743 905 987 973 Λευῖται,
1023 907 1354 970 ἀκούσαντες
1390 907 1452 960 τὸ
1486 908 1559 979 μὴ
1591 902 1729 961 εἶναι
1758 908 1921 961 αὑτὸν
1952 907 2042 961 τὸν

461 997 912 1069 προσδοκώμενον
943 998 1198 1070 Χριστὸν,
1231 998 1594 1053 πυνθάνονται
1635 1001 1763 1074 περὶ
1801 998 1897 1052 τοῦ
1930 999 2044 1052 δευ-

454 1091 618 1159 τέρου
670 1089 1027 1160 ἐλπιζομένου
1092 1092 1224 1163 παρ’
1289 1092 1474 1155 αὐτοῖς
1538 1093 1722 1163 τιμίου
1782 1094 2042 1163 ὀνόματος

471 1180 673 1247 Ἠλίου,
736 1185 785 1236 εί
828 1184 991 1246 αὑτὸς
1035 1184 1119 1255 εἴη
1180 1186 1403 1256 ἐκεῖνος.
1453 1184 1616 1253 Λέγει
1670 1185 1728 1238 δὲ
1785 1184 1860 1256 μὴ
1912 1202 2038 1253 τυγ-

456 1272 642 1341 χάνειν
684 1272 892 1337 Ἠλίας,
911 1272 1074 1326 πάλιν
1097 1252 1490 1343 όμολογῶνχδιὰ
1514 1252 1629 1338 τοῦ,
1659 1294 1676 1326 ι
1716 1252 1831 1329 Οὑκ
1849 1252 2001 1346 ⁷είμί,
2018 1296 2036 1328 ι

456 1365 519 1417 τὸ
581 1365 801 1435 ἀληθές.
854 1366 1008 1419 Ἐπεὶ
1054 1365 1134 1430 δὲ,
1199 1366 1409 1419 πολλῶν
1468 1368 1764 1439 προφητῶν
1824 1369 2043 1440 γινομέ-

456 1472 564 1508 νων
619 1458 677 1509 ὲν
753 1455 1002 1527 Ἰσραὴλ,
1067 1449 1147 1519 εἷς
1212 1472 1297 1519 τις
1349 1458 1377 1509 6
1431 1457 1536 1509 ὑπὸ
1588 1457 1831 1521 Μωσέως
1905 1475 2043 1529 προ-

456 1546 745 1617 φητευθεὶς
799 1546 1091 1617 ἐξαιρέτως
1143 1547 1509 1619 προσεδοκᾶτο
1554 1548 1696 1601 κατά
1738 1550 1799 1602 τὸ
1833 1550 2041 1617 φάσκον

458 1640 656 1711 ῥητόν·
730 1658 749 1691 ‹
814 1641 1107 1710 Προφήτην
1187 1640 1315 1711 ὑμῖν
1393 1642 1687 1713 ἀναστήσει
1752 1642 1956 1714 Κύριος
2014 1647 2042 1698 6

454 1730 588 1794 Θεὸς
637 1729 793 1802 ήμῶν
840 1733 903 1785 ὲκ
954 1731 1062 1785 τῶν
1111 1732 1356 1801 ἀδελφῶν
1410 1733 1584 1805 ὑμῶν,
1631 1734 1707 1797 ὡς
1761 1734 1894 1805 ἑμέ’
1945 1736 2043 1788 αὑ-

2146 540 2342 610 aliquis
2384 542 2649 610 suspicari
2701 549 2909 609 posset,
2955 555 3050 609 per
3103 540 3219 595 haec
3276 542 3473 604 verba,
3522 560 3540 592 ι
3592 542 3710 598 Non

2144 650 2264 689 sum
2295 650 2394 704 ego
2428 635 2699 700 Christus,
2740 652 2759 686 ι
2797 634 3055 703 negavit;
3100 647 3274 701 neque
3320 634 3463 685 enim
3497 634 3713 703 negatio

2142 736 2246 789 est,
2274 725 2338 777 ad
2361 724 2562 778 Christi
2593 725 2817 791 gloriam
2844 724 3030 779 dicere
3054 740 3116 779 se
3139 740 3244 777 non
3269 738 3389 779 esse
3410 724 3713 779 Christum.

2142 816 2407 871 Caeterum
2438 830 2560 870 cum
2592 817 2866 870 audissent
2892 816 2984 883 qui
3017 815 3165 869 missi
3193 816 3407 868 inerant
3433 831 3499 870 e-x
3524 814 3716 869 Hiero-

2143 908 2471 981 solymorum
2518 910 2652 963 urbe
2683 911 2996 966 sacerdotes
3045 919 3099 964 et
3130 910 3354 975 Levitze,
3392 910 3566 977 ipsum
3602 924 3711 964 non

2142 1013 2261 1053 esse
2288 998 2566 1053 Christum
2604 1010 3003 1069 exspectatum,
3035 1002 3102 1055 de
3127 1002 3366 1055 secundo
3411 1000 3500 1068 qui
3528 1015 3715 1069 spera-

2144 1091 2303 1144 batur
2327 1090 2545 1163 [inempe
2576 1091 2741 1164 Elia],
2774 1094 2930 1161 cujus
2969 1106 3166 1147 nomen
3202 1092 3376 1163 magni
3400 1091 3540 1162 apud
3571 1092 3717 1160 ipsos

2145 1182 2328 1247 ﬁebat,
2361 1193 2786 1253 percunctantur
2818 1202 2945 1238 num
3002 1185 3117 1253 ipse
3143 1184 3229 1238 ille
3263 1193 3429 1239 esset.
3482 1182 3600 1249 Quo
3628 1182 3714 1235 di-

2143 1285 2299 1327 cente
2353 1289 2410 1328 se
2456 1290 2558 1328 non
2589 1290 2712 1330 esse
2758 1276 2953 1341 Eliam,
3013 1291 3200 1331 rursus
3228 1274 3492 1338 dicendo,
3529 1292 3548 1325 ι
3593 1271 3713 1326 Non

2144 1381 2265 1420 sum
2293 1367 2361 1431 ⁸⁸,
2404 1385 2422 1417 ι
2450 1366 2651 1421 fatetur
2692 1382 2901 1421 verum.
2953 1368 3218 1434 Quoniam
3274 1383 3404 1422 vero
3437 1367 3716 1433 ριόριιειω

2143 1454 2294 1509 multi
2322 1472 2441 1509 cum
2470 1466 2654 1511 essent
2684 1458 2735 1510 in
2768 1455 2956 1519 lsrael,
2986 1472 3127 1510 unus
3153 1455 3421 1525 quispiam
3447 1452 3717 1522 przecipue

2141 1551 2559 1616 exspectabatur
2598 1550 2960 1618 prophetatus
3018 1565 3046 1603 a
3086 1549 3250 1623 biose,
3302 1550 3456 1619 juxta
3486 1546 3710 1600 verbum

2144 1640 2274 1693 illud
2310 1640 2498 1695 dicens
2525 1640 2570 1672 ⁸⁷
2612 1656 2626 1693 :
2667 1658 2687 1692 ι
2720 1640 3049 1709 Prophetatn
3094 1642 3247 1696 vobis
3286 1638 3574 1696 suscitabit
3620 1638 3719 1690 Do-

2145 1732 2320 1784 minus
2343 1731 2485 1786 Deus
2531 1742 2715 1787 noster
2740 1747 2806 1787 ex
2833 1732 3100 1787 fratribus
3133 1733 3351 1795 vestris,
3404 1732 3546 1786 sicut
3580 1741 3666 1782 me
3696 1743 3712 1779 :

451 1822 547 1875 τοῦ
598 1822 915 1876 ἀκούσεσθε’
974 1824 1066 1877 καὶ
1112 1823 1264 1877 ἔσται
1320 1827 1471 1879 πᾶσα
1519 1828 1551 1897 ἡ
1590 1825 1758 1897 ψυχὴ,
1797 1827 1919 1898 ἥτις
1974 1826 2038 1880 ἂν

2148 1820 2307 1890 ιοθ
2336 1824 2508 1889 ipsum
2551 1823 2762 1888 audite;
2793 1832 2848 1877 et
2875 1825 3053 1878 omnis
3076 1824 3280 1889 anima,
3310 1836 3429 1891 qua!
3459 1836 3564 1874 non
3618 1833 3717 1872 au-

456 1914 533 1984 μὴ
577 1914 785 1987 ἀκούσῃ
840 1914 934 1967 τοῦ
991 1917 1272 1987 προφήτου
1328 1917 1558 1981 ἐκείνου,
1595 1918 2042 1991 ὲξολοθρευθήσε-

451 2022 542 2058 ται
590 2007 655 2059 ἐκ
694 2006 787 2060 τοῦ
822 2006 953 2061 λαοῦ
1001 2009 1190 2072 αὑτοῦ,
1234 2029 1251 2060 ι
1286 2009 1470 2081 τρίτον
1509 2009 1785 2083 ἐρωτῶσιν
1819 2011 1938 2080 οὑχὶ
1993 2014 2040 2064 εί

452 2102 736 2170 προφήτης
754 2100 861 2171 εἴη,
886 2100 1002 2153 ἀλλ’
1027 2104 1074 2154 εί
1092 2104 1120 2155 6
1138 2104 1440 2174 προφήτης.
1473 2104 1584 2157 Καὶ
1605 2103 1764 2157 τοῦτο
1785 2103 1846 2157 τὸ
1871 2104 2041 2176 ὄνομα

451 2190 675 2244 ἐκείνων
716 2191 815 2244 οὐκ
848 2193 940 2244 ἐπὶ
981 2194 1219 2262 Χριστοῦ
1257 2194 1580 2259 ταττόντων,
1619 2194 1734 2249 ἀλλ’
1779 2197 2040 2267 οἰομένων

449 2280 635 2353 ἕτερον
666 2282 817 2354 παρὰ
857 2283 950 2336 τὸν
994 2286 1229 2355 Χριστὸν
1272 2287 1435 2340 αὑτὸν
1479 2284 1639 2352 εἶναι,
1683 2289 1845 2353 αὐτὸς
1874 2288 2039 2359 γινώ-

451 2388 597 2426 σκων
625 2374 716 2428 τὸν
737 2370 797 2429 οὗ
832 2376 1138 2447 πρόδρομός
1167 2379 1316 2431 ἐστιν
1351 2379 1454 2449 (ὅτι
1478 2381 1570 2433 καὶ
1591 2382 1619 2433 6
1642 2382 1875 2453 Χριστὸς
1895 2382 1987 2435 καὶ
2008 2385 2036 2437 6

450 2467 738 2538 προφήτης
779 2468 927 2520 ἐστὶν
973 2469 1002 2520 6
1052 2469 1493 2542 προφητευθείς),
1542 2472 1724 2542 φησίν·
1763 2472 1859 2525 Οὔ·
1895 2474 2035 2544 τάχα

447 2556 534 2618 τὸ,
591 2575 609 2606 ι
652 2556 781 2621 Ναί,
820 2578 838 2610 ι
890 2559 1348 2629 ἀποκρινάμενος,
1397 2564 1446 2614 εί
1481 2563 1651 2633 χωρὶς
1695 2561 1788 2616 τοῦ
1832 2563 2035 2636 ἄρθρου

449 2650 853 2720 ἡρωτήκεισαν·
885 2651 947 2705 οὐ
996 2653 1106 2724 γὰρ
1135 2654 1321 2723 ἠγνόει
1371 2657 1658 2727 προφήτης
1690 2655 1784 2711 ὧν·
1815 2657 1925 2711 Καὶ
1978 2662 2036 2713 έν

445 2742 677 2808 ταύταις
696 2744 999 2809 ὄλαιςταῖς
1029 2746 1384 2819 ἀποκρίσεσιν
1409 2749 1440 2819 ή
1472 2747 1701 2819 δευτέρα
1727 2748 1938 2803 οὐδέπω
1957 2767 2039 2804 τε·

446 2836 709 2911 τέλεσταιι
738 2839 1014 2909 μαρτυρία
1054 2839 1321 2904 Ἰωάννου,
1355 2839 1459 2904 ἕως
1488 2842 1600 2905 τοῖς
1632 2841 1873 2896 αἰτοῦσιν
1903 2843 2038 2898 ἀπό⁶

449 2947 635 3001 κρισιν
668 2931 1227 3005 ἀπαγγελθησομένην
1246 2936 1361 2997 τοῖς
1385 2933 1686 3004 πέμψασιν,
1711 2936 1903 2990 ἑαυτὸν
1928 2936 2039 2991 ἀπὸ

451 3022 799 3092 προφητικῆς
834 3022 1160 3094 κατήγγειλε
1189 3024 1394 3095 φωνῆς,
1420 3024 1521 3095 τῆς
1548 3025 1640 3079 τοῦ
1679 3028 1920 3095 Ἡσαΐου,
1948 3028 2038 3083 οὑ-

447 3130 561 3218 τως
588 3113 834 3218 έὲοὑσης·
916 3116 1070 3188 Φωνὴ
1104 3115 1332 3187 βοῶντος
1356 3119 1417 3171 ὲν
1432 3120 1498 3189 τῇ
1525 3120 1734 3191 ἐρήμῳ⁸
1761 3121 2036 3177 Εὐθύνατε
2064 3158 2107 3218 C

445 3204 549 3274 τὴν
580 3204 696 3259 ὁδὸν
733 3204 965 3277 Κυρίου.
1008 3226 1027 3259 ι

524 3404 577 3459 5.
612 3405 791 3471 Ἀξιον
816 3406 873 3458 δὲ
896 3405 1126 3477 ζητῆσαι
1157 3409 1384 3479 πότερον
1413 3409 1722 3463 τετέλεσται
1749 3414 1781 3481 ή
1813 3411 2038 3483 δευτέρα

452 3499 751 3569 μαρτυρία,
773 3500 868 3552 καὶ
900 3501 1057 3571 τρίτη
1091 3500 1302 3568 γίνεται
1331 3501 1467 3572 πρὸς
1496 3503 1940 3576 ἀπεσταλμένους
1972 3506 2038 3558 ἐκ

448 3592 561 3645 τῶν
585 3593 914 3664 Φαρισαίων,
945 3593 1040 3647 καὶ
1062 3593 1420 3665 βουλομένους
1438 3612 1491 3649 τι
1519 3596 1729 3667 μαθεῖν,
1754 3598 1805 3650 τί
1835 3598 2035 3670 δήποτε

451 3683 725 3753 βαπτίζει,
754 3686 889 3756 μήτε
918 3686 1172 3757 Χριστος,
1199 3688 1334 3757 μήτε
1372 3686 1574 3751 Ἠλίας,
1613 3690 1746 3759 μήτε
1771 3692 1800 3742 6
1828 3692 2039 3762 προφή-

446 3793 552 3846 της
566 3776 868 3847 τυγχάνων,
907 3779 965 3831 ὲν
991 3778 1086 3849 τῷ·
1128 3796 1148 3829 1
1201 3778 1342 3847 Ἐγὼ
1378 3778 1624 3849 βαπτίζω
1649 3781 1706 3833 έν
1740 3779 1911 3834 ὓδατιο
1942 3782 2036 3851 μέ-

451 3884 547 3931 σος
574 3868 630 3922 δὲ
666 3868 820 3939 ὑμῶν
860 3868 1117 3937 ἕστηκεν,
1152 3869 1213 3923 ὃν
1242 3870 1401 3941 ὑμεῖς
1432 3870 1532 3923 οὑκ
1566 3870 1767 3937 οἴδατε,
1801 3872 1831 3923 6
1861 3872 2037 3926 ὀπίσω

452 3978 558 4032 μου
588 3962 899 4033 ἐρχόμενος,
931 3955 992 4016 οὗ
1025 3966 1126 4017 οὑκ
1158 3962 1279 4034 εἰμὶ
1315 3961 1426 4032 ἐγὼ
1454 3962 1602 4030 ἄξιος
1637 3965 1722 4017 ἵνα
1755 3964 1899 4017 λύσω
1934 3967 2035 4018 αὑ-

443 4052 543 4105 τοῦ
576 4054 667 4106 τὸν
704 4054 903 4123 ἱμάντα
930 4052 1022 4106 τοῦ
1053 4053 1418 4125 ὑποδήματος·
1457 4074 1476 4106 t
1511 4054 1543 4124 ἢ
1579 4054 1744 4125 μέρος
1788 4056 1890 4126 τῆς
1915 4055 2038 4110 δευ-

444 4144 613 4214 τέρας
652 4146 767 4198 ἐστὶ
815 4146 908 4199 καὶ
938 4146 1000 4199 τὸ
1034 4146 1509 4217 ἀπαγγελλόμενον
1539 4149 1673 4221 πρὸς
1709 4151 1836 4213 τοὺς
1865 4152 2035 4222 Φαρι-

448 4236 657 4300 σαίους.
704 4236 845 4305 Ἐγὼ
890 4236 958 4299 δ’,
1004 4238 1128 4290 ὅσον
1178 4237 1244 4290 ὲκ
1272 4237 1372 4307 τῆς
1404 4237 1601 4303 λέξεως
1646 4241 2031 4310 στοχάσασθαι,

445 4328 654 4398 εἴποιμ’
707 4328 772 4382 ἂν
818 4330 1007 4402 τρίτην
1057 4325 1195 4382 εἶναι
1249 4330 1553 4400 μαρτυρίαν
1596 4332 1687 4385 τὸν
1734 4333 1871 4405 πρὸς
1909 4334 2037 4397 τοὺς

447 4419 856 4484 ἀποσταλέντας
887 4420 996 4473 ἀπὸ
1027 4420 1135 4473 τῶν
1161 4421 1469 4492 Φαρισαίων
1500 4422 1676 4491 λόγον.
1701 4425 2034 4497 Παρατηρη-

2143 1910 2303 1961 dierit
2332 1912 2645 1979 pr0phetam
2710 1910 2879 1976 illum,
2929 1927 2995 1965 ex
3037 1911 3234 1982 populo
3259 1925 3358 1965 suo
3380 1907 3718 1965 extermina-

2143 1997 2322 2063 bitur;
2365 2020 2383 2051 ι
2415 2001 2572 2054 tertio
2629 2002 2971 2071 interrogant
3007 2017 3112 2056 non
3158 2005 3202 2057 si
3254 2001 3517 2073 propheta
3546 2007 3713 2062 esset,

2141 2092 2236 2145 sed
2284 2107 2352 2145 an
2404 2094 2663 2163 propheta
2726 2095 2834 2152 ille.
2873 2095 2939 2149 Ει
2966 2098 3066 2151 hoc
3095 2111 3199 2150 non
3252 2094 3578 2165 ponentibus
3608 2092 3715 2146 illis

2141 2200 2338 2239 nomen
2369 2187 2435 2239 de
2460 2186 2699 2254 Christo,
2751 2190 2847 2243 sed
2878 2189 3109 2244 alterum
3146 2204 3268 2244 esse
3315 2188 3490 2258 ipsum
3520 2194 3717 2256 praeter

2141 2278 2416 2332 Christum
2473 2279 2945 2345 existimantibus,
3002 2281 3118 2351 ipse
3172 2293 3506 2350 cognoscens
3540 2278 3713 2340 illum,

2142 2369 2297 2439 cujus
2353 2385 2659 2439 prtecursor
2719 2382 2804 2428 est
2862 2372 3077 2445 (nempe
3107 2373 3250 2442 quod
3300 2371 3552 2427 Christus
3605 2378 3712 2429 est,

2141 2462 2283 2531 quod
2334 2463 2594 2531 propheta
2649 2472 2731 2517 est
2791 2463 2881 2518 ille
2934 2462 3339 2533 prophetatus),
3396 2464 3713 2528 respondet,

2147 2568 2166 2602 ι
2204 2550 2318 2605 Νοη
2348 2552 2415 2618 ⁸⁸,
2465 2570 2487 2604 ι
2520 2565 2880 2621 responsurus
2905 2551 3158 2612 fortasse.
3193 2570 3211 2604 ι
3255 2549 3349 2605 Na:
3378 2566 3399 2602 ι
3436 2546 3581 2621 [qum
3608 2562 3712 2600 vox

2140 2652 2224 2698 est
2254 2642 2649 2716 assentientis],
2686 2645 2732 2700 si
2766 2645 2972 2713 absque
3001 2646 3234 2700 articqu
3263 2644 3714 2712 interrogassent.

2140 2750 2263 2791 cum
2292 2753 2397 2792 non
2422 2737 2701 2807 ignoraret
2724 2752 2783 2793 se
2803 2741 3123 2807 prophetam
3155 2737 3440 2792 exsistere.
3462 2734 3517 2788 In
3540 2733 3715 2787 omni-

2140 2829 2241 2886 bus
2290 2830 2378 2887 his
2425 2830 2590 2884 etiam
2642 2830 3085 2900 responsionibus
3136 2830 3433 2885 secundum
3486 2825 3715 2883 Joannis

2139 2922 2509 2977 testimonium
2536 2938 2640 2978 nou
2670 2922 2977 2978 absolutum
3035 2921 3161 2988 fuit,
3195 2923 3372 2977 donec
3396 2918 3709 2990 petentibus

2138 3014 2548 3083 responsionem
2580 3016 3000 3071 renuntiandam
3041 3016 3129 3071 bis
3158 3017 3249 3087 qui
3277 3028 3375 3070 eos
3426 3011 3712 3073 miserant,

2140 3106 2376 3177 seipsunt
2401 3123 2432 3163 e
2464 3121 2597 3162 voce
2624 3108 2943 3176 prophetica
2988 3108 3140 3163 isaiaa
3167 3106 3560 3170 manifestavit,
3592 3116 3713 3173 qttze

2140 3198 2219 3253 sic
2247 3213 2367 3255 sese
2419 3199 2625 3256 habet:
2673 3219 2691 3252 ι
2732 3201 2848 3257 Vox
2878 3202 3163 3256 clamantis
3199 3200 3252 3253 in
3307 3198 3527 3255 deserto
3562 3194 3714 3252 :Pa-

2140 3300 2256 3347 rate
2278 3292 2421 3347 viam
2456 3293 2667 3349 Domini
2694 3293 2764 3349 ⁸⁸.
2808 3311 2831 3346 ι

2210 3405 2266 3461 5.
2304 3404 2546 3472 Quaesitu
2581 3416 2765 3461 autem
2794 3406 3016 3476 dignum
3056 3414 3141 3461 est
3185 3415 3366 3459 utrum
3402 3402 3714 3460 absolutum

2140 3499 2212 3551 sit
2246 3498 2546 3552 secundum
2576 3499 2976 3565 testimonium,
3006 3506 3063 3551 et
3105 3499 3329 3552 tertium
3382 3496 3609 3565 incipiat
3646 3495 3716 3550 ad

2138 3605 2234 3646 eos
2261 3591 2353 3660 qui
2383 3592 2647 3647 miserant
2671 3604 2739 3646 ex
2764 3590 3057 3645 Pharisaeis
3077 3629 3094 3656 ,
3147 3597 3204 3645 et
3236 3589 3478 3644 volentes
3514 3586 3718 3641 intelli-

2137 3698 2268 3754 gere
2299 3699 2397 3739 cur
2419 3682 2636 3739 tandem
2661 3683 2967 3753 baptizaret
2992 3682 3061 3747 '°,
3085 3696 3209 3737 cum
3237 3695 3416 3751 neque
3436 3680 3713 3747 Christus,

2140 3790 2316 3845 neque
2373 3775 2539 3840 Elias,
2588 3790 2768 3845 neque
2811 3774 3076 3843 propheta
3132 3773 3465 3837 exsisteret.
3504 3775 3558 3829 in
3604 3772 3714 3827 illis

2137 3867 2320 3922 verbis
2345 3866 2389 3898 “
2427 3882 2440 3919 :
2481 3885 2501 3918 ι
2540 3866 2654 3937 Ego
2698 3866 2917 3936 baptizo
2969 3867 3022 3919 in
3069 3880 3210 3935 aqua
3243 3882 3260 3919 :
3304 3866 3399 3921 sed
3441 3867 3495 3920 in
3535 3866 3714 3920 medio

2135 3971 2373 4013 vestrum
2417 3967 2528 4014 stat
2562 3972 2725 4029 quem
2767 3972 2865 4013 vos
2900 3957 3141 4012 nescitis.
3169 3957 3289 4026 Ipse
3321 3965 3424 4020 est,
3454 3956 3547 4028 qui
3584 3965 3715 4026 post

2137 4064 2225 4104 me
2256 4047 2504 4113 veniens,
2538 4058 2664 4104 ante
2690 4064 2777 4105 me
2805 4048 2983 4103 factus
3004 4057 3118 4115 est;
3154 4047 3309 4116 cujus
3336 4063 3442 4103 non
3470 4064 3593 4104 sum
3615 4063 3715 4118 ego

2136 4142 2355 4211 dignus,
2377 4151 2436 4195 ut
2466 4141 2674 4196 solvam
2704 4142 2997 4212 corrigiam
3024 4140 3143 4209 ejus
3166 4141 3559 4207 calceamenti;
3591 4159 3610 4192 ι
3643 4157 3714 4194 an

2137 4249 2265 4302 pars
2293 4234 2515 4288 secundi
2549 4233 2841 4288 testimonii
2867 4233 2942 4287 sit
2981 4233 3263 4302 responsio
3293 4234 3359 4287 ad
3388 4232 3712 4287 Phariszeos.

2137 4325 2337 4380 Verum
2374 4339 2493 4394 ego.
2521 4334 2783 4395 quantmn
2819 4322 3131 4391 conjectare
3163 4338 3228 4379 ex
3258 4323 3494 4379 lectione
3535 4323 3711 4387 valeo,

2138 4417 2387 4473 dicturus
2424 4434 2544 4473 smn
2587 4419 2804 4473 tertium
2835 4417 3207 4472 testimonium
3238 4431 3363 4471 esse
3410 4417 3716 4485 responsio-

448 4515 571 4567 τέον
609 4514 878 4584 μέντοιγε,
918 4516 1059 4586 ὃτιὴ
1096 4513 1287 4587 πρώτη
1330 4518 1607 4603 μαρτυρία
1634 4518 1695 4571 τὸ
1715 4518 1894 4573 ἔνθεον
1939 4520 2032 4574 τοῦ

2143 4526 2264 4565 nem
2302 4510 2368 4565 ad
2391 4524 2485 4565 eos
2522 4512 2612 4580 qui
2648 4511 2799 4565 missi
2832 4510 3050 4583 fuerant
3071 4525 3138 4563 ex
3161 4507 3472 4563 Pharisaeis.
3506 4507 3714 4564 Obser-

450 4604 702 4675 Σωτῆρος
729 4606 1076 4676 παρίστησιν·
1113 4606 1146 4675 ή
1172 4605 1228 4657 δὲ
1256 4605 1486 4676 δευτέρα
1519 4607 1616 4677 τὴν
1640 4608 1895 4662 ὑπόνοιαν
1922 4608 2032 4662 τῶν

451 4697 827 4761 δισταζόντων,
856 4699 1068 4767 μήποτε
1093 4697 1343 4768 Ἰωάννης
1363 4699 1447 4769 εἴη
1478 4699 1732 4770 Χριστὸς,
1756 4700 2028 4772 καθαιρεῖ·

451 4789 487 4856 ἡ
515 4787 572 4839 δὲ
600 4787 758 4857 τρίτη
794 4787 888 4841 τὸν
913 4788 1162 4858 ἀοράτως
1190 4790 1304 4852 τοῖς
1325 4786 1629 4857 ἀνθρώποις
1658 4789 1900 4861 παρόντα
1933 4809 2032 4863 κη-

455 4880 635 4932 ούττει
665 4881 787 4933 ὅσον
815 4881 1030 4934 οὐδέπω
1070 4881 1442 4952 ἐλευσόμενον·
1480 4881 1617 4953 Πρὶν
1665 4882 1724 4935 δὲ
1752 4883 1860 4936 τῶν
1903 4884 2031 4953 ἑξῆς

452 4974 788 5046 μαρτυριῶν,
822 4974 943 5027 καθ’
987 4973 1052 5036 ἃς
1095 4973 1441 5045 δεικνύμενος
1476 4979 1855 5046 μαρτυρεῖται,
1902 4976 2032 5030 ἑκά-

453 5083 584 5137 στην
615 5065 760 5131 λέξιν
795 5066 995 5136 ἴδωμεν
1024 5066 1121 5136 τῆς
1152 5065 1427 5138 δευτέρας,
1461 5069 1555 5120 καὶ
1596 5068 1784 5138 τρίτης
1820 5085 2029 5139 μαρτυ-

450 5158 595 5226 ρίας,
620 5156 780 5210 τοῦτο
809 5156 1023 5228 πρῶτον
1047 5159 1496 5229 ἐπιτηρήσαντες,
1520 5160 1601 5211 ὅτι
1620 5158 1713 5213 δύο
1732 5159 2028 5214 ἀποστολαὶ

444 5249 687 5318 γίνονται
718 5250 854 5321 πρὸς
898 5250 988 5302 τὸν
1014 5249 1339 5322 Βαπτιστὴν,
1377 5251 1476 5320 μία
1509 5252 1607 5321 μὲν
1660 5273 1678 5303 ι
1715 5253 1825 5306 ἀπὸ
1868 5254 2035 5326 Ἰεροο

451 5340 703 5409 σολύμων
738 5360 756 5391 »
808 5341 914 5394 ὑπὸ
976 5340 1243 5394 Ἰουδαίων
1289 5342 1614 5411 πεμπόντων
1647 5362 1666 5393 ‹
1723 5346 1888 5415 ἱερεῖς
1933 5347 2028 5399 καὶ

445 5435 701 5498 Λευίτας,
729 5435 815 5488 ίνα
836 5435 1183 5505 ἐρωτήσωσιν
1214 5434 1395 5490 αὐτόν·
1420 5436 1491 5490 Σὺ
1513 5435 1597 5498 τίς
1619 5433 1698 5501 εἷ;
1739 5456 1756 5487 ι
1786 5437 1948 5508 ἑτέρα
1971 5436 2029 5490 δὲ

444 5526 759 5597 Φαρισαίων
779 5525 1232 5590 ἀποστελλόντων,
1256 5528 1506 5599 καὶπρὸς
1530 5530 1630 5600 τὴν
1658 5529 2029 5600 γεγενημένην

492 5708 875 5773 δ’]οειιι.ι,20.
936 5713 1236 5768 "ibid.2l.
1314 5716 1941 5781 "Deut.xvm,l8,l9.
2019 5715 2064 5749 ⁵⁸

450 5786 495 5819 ⁸⁸
525 5785 659 5842 ibid.
690 5785 780 5846 26,
802 5784 895 5840 Si.
972 5783 1016 5814 “
1046 5785 1177 5843 ibid.
1216 5785 1298 5844 l9.

2140 4602 2373 4657 validum
2406 4605 2626 4670 insuper
2664 4605 2810 4672 quod
2850 4604 3085 4672 primum
3118 4602 3485 4656 testimonium
3516 4601 3729 4665 divini-g

2140 4704 2304 4749 tatem
2338 4695 2644 4751 Servatoris
2677 4698 3048 4759 demonstrat;
3091 4694 3318 4749 alterum
3347 4695 3710 4762 suspicionem

2139 4788 2551 4858 ambigentium,
2607 4803 2735 4841 num
2794 4786 2936 4842 forte
2967 4786 3205 4845 Joannes
3262 4796 3407 4841 esset
3438 4784 3710 4850 Christus,

2139 4892 2364 4949 purgat;
2395 4881 2610 4934 tertiqu
2650 4881 2997 4935 invisibiliter
3042 4881 3360 4937 hominibus
3389 4889 3710 4947 praesentem

2139 4974 2402 5042 praedicat
2443 4973 2591 5028 illico
2630 4983 2940 5027 venturum.
2984 4974 3184 5028 Verum
3236 4983 3361 5028 ante
3400 4972 3710 5028 testimonia

2138 5066 2441 5136 sequentia,
2496 5081 2564 5121 ex
2622 5068 2818 5135 quibus
2846 5066 2940 5137 qui
2987 5068 3413 5130 demonstratur.
3461 5068 3712 5122 testimo-

2136 5160 2286 5212 nium
2322 5158 2544 5227 aceipit,
2575 5159 2856 5214 videamus
2894 5160 3139 5230 singulas
3180 5160 3448 5215 dictiones
3487 5158 3709 5213 secundi

2137 5260 2193 5305 et
2229 5250 2374 5303 tertii
2406 5251 2702 5305 testimonii
2738 5269 2753 5303 :
2783 5253 2886 5306 hoc
2912 5254 3145 5320 primum
3174 5253 3553 5318 observantes,
3577 5253 3711 5306 duas

2138 5343 2436 5413 legationes
2463 5343 2578 5399 ﬁeri
2605 5346 2671 5399 ad
2700 5345 3019 5413 Baptistam,
3050 5348 3279 5401 alteram
3313 5363 3334 5396 ‹
3365 5359 3429 5399 ex
3460 5343 3712 5398 Hieroso-

2137 5436 2299 5507 lymis
2328 5457 2346 5488 ι
2378 5453 2408 5490 a
2436 5435 2639 5491 Judaeis
2670 5439 3009 5493 mittentibus
3052 5457 3074 5492 α
3103 5438 3416 5495 sacerdotes
3443 5445 3498 5489 et
3554 5434 3711 5490 Levi-

2139 5539 2243 5593 tas,
2283 5536 2341 5583 ut
2374 5529 2780 5595 interrogarent
2835 5545 2960 5584 eum
2999 5548 3015 5583 :
3059 5528 3137 5584 Tu
3163 5530 3287 5598 quis
3310 5544 3369 5583 cs
3395 5528 3479 5579 “?
3512 5544 3533 5579 ι
3574 5526 3712 5581 alte-

2066 5714 2241 5789 .Joan.
2262 5735 2300 5787 ι,
2321 5718 2408 5773 2i.
2498 5718 2542 5748 ”
2567 5714 2670 5773 lsa.
2696 5732 2783 5782 ιι..
2812 5715 2875 5783 5;
2899 5715 3055 5773 Joan.
3076 5730 3117 5779 ι,
3136 5712 3230 5769 25.
3306 5713 3353 5746 "
3378 5712 3531 5768 Joan.
3559 5709 3705 5777 1,23.
