4194 6402
431 344 538 401 217

1536 346 1893 403 COMMENT.
1930 338 1996 401 IN
2029 344 2223 401 JOAN.
2257 344 2396 399 ΤΟΜ
2411 345 2498 401 US
2540 345 2626 401 Vl.

3592 340 3700 401 218

431 464 642 535 ἐρήμῳ.
673 480 693 513 ι
717 461 955 516 Λεκτέον
980 462 1039 516 δὲ
1064 462 1202 533 πρὸς
1229 462 1405 527 τοῦτο,
1430 461 1534 528 ὅτι,
1559 464 1635 528 ὡς
1665 465 1832 529 εἰκὸς,
1866 463 2013 536 ἐώρα

2124 466 2169 519 ἱιι
2196 463 2411 519 deserto
2432 466 2500 519 θ’.
2522 484 2542 517 ο
2578 463 2870 520 Dicendum
2896 479 3025 518 vero
3050 464 3117 519 ad
3143 463 3247 519 hoc
3268 462 3411 533 quod
3435 477 3502 519 ex
3530 461 3704 520 inter-

431 556 539 609 ἀπὸ
565 554 666 625 τῆς
695 553 944 618 πεύσεως
961 554 1025 608 τὸ
1050 554 1275 621 εὐλαϐὲς
1295 556 1405 611 τῶν
1426 556 1617 628 ἱερέων
1637 558 1731 611 καὶ
1750 556 2013 620 Λευῖτῶν,

430 645 808 717 ἐμφαινόντων
861 647 960 718 μὲν
1015 647 1267 702 ὑπόνοιαν
1316 648 1659 720 ὑπολήψεως,
1688 651 1886 721 μήποτ’
1929 649 2015 722 εἴη

435 738 711 810 βαπτίζων
760 739 1017 811 Χριστὸς,
1062 740 1400 813 γυμνότερον
1447 740 1505 794 δὲ
1544 742 1809 814 ὀνομάσαι
1858 743 2019 796 τοῦτο

433 832 574 904 ὑπὲρ
593 831 688 885 τοῦ
738 832 812 903 μὴ
850 831 1027 886 δοκεῖν
1063 829 1203 888 εἶναι
1235 836 1533 906 προπετεῖς
1575 834 2019 907 φυλαττομένων.

435 923 597 978 Ὅθεν
624 924 862 994 εὐλόγως
891 926 1034 998 ὑπὲρ
1054 927 1149 979 τοῦ
1175 928 1354 980 πᾶσαν
1385 927 1643 982 ὑπόνοιαν
1667 928 1847 982 αὐτῶν
1870 929 2021 1000 πρῶ-

429 1035 522 1072 τον
559 1020 978 1091 περιαιρεθῆναι
1009 1020 1182 1091 ψευδῆ
1217 1022 1317 1093 τὴν
1352 1024 1480 1094 περὶ
1512 1022 1731 1088 ἑαυτοῦ,
1778 1017 1879 1077 εἷθ’
1921 1022 2019 1077 οὔ·

429 1128 539 1175 τως
596 1114 948 1185 παραστῆσαι
986 1113 1048 1168 τὸ
1086 1114 1303 1186 ἀληθὲς,
1353 1116 1415 1168 τὸ
1457 1116 1557 1170 οὐκ
1602 1112 1743 1171 εἶναι
1782 1116 2020 1189 Χριστὸς

431 1206 539 1278 πρὸ
580 1206 798 1262 πάντων
834 1209 1215 1277 ἀποφαίνεται.
1264 1208 1426 1279 Δηλοῖ
1479 1210 1537 1263 δὲ
1574 1209 1635 1263 τὸ
1679 1210 1922 1264 τοιοῦτόν
1965 1227 2020 1264 τι

430 1298 629 1363 αὐτοὺς
649 1299 1067 1370 ὑπονενοηκέναι
1106 1301 1139 1371 ἡ
1172 1300 1399 1372 δευτέρα
1428 1300 1716 1372 ἐρώτησις,
1750 1303 1846 1357 καὶ
1875 1302 1954 1355 έτι
1984 1303 2019 1374 ή

429 1390 609 1463 τρίτη.
661 1391 816 1444 Ἐπεὶ
846 1390 957 1462 γὰρ
988 1391 1086 1445 καὶ
1110 1390 1364 1464 δεύτερον
1398 1396 1465 1463 τῇ
1499 1395 1631 1465 τιμῇ
1665 1393 2020 1461 ἐλπιζόμενον

434 1483 533 1552 μὲν
584 1482 678 1537 καὶ
724 1484 866 1554 μετά
908 1483 1146 1555 Χριστὸν
1199 1484 1385 1548 αὐτοῖς
1427 1484 1789 1556 τετιμημένον
1833 1486 2021 1540 Ἠλίαν

431 1568 570 1628 εἶναι
604 1574 1011 1643 ὑπελάμϐανον,
1040 1576 1478 1648 ἀποφαινομένου
1516 1577 1609 1630 τοῦ
1656 1578 1903 1632 Ἰωάννου
1944 1577 2021 1642 ὡς

428 1666 531 1719 οὐκ
565 1666 649 1739 εἴη
679 1669 708 1720 6
740 1668 995 1739 Χριστὸς,
1029 1667 1353 1740 ἠρώτησαν·
1400 1689 1420 1722 ι
1466 1670 1532 1723 Τί
1558 1666 1685 1735 οὖν;
1723 1673 1789 1726 σὺ
1835 1671 2022 1738 Ἠλίας

430 1755 518 1824 εἷς
552 1759 663 1813 Καὶ
692 1754 846 1812 εἶπεν
866 1775 879 1789 ·
916 1757 1034 1813 Οὐκ
1063 1760 1199 1830 εἰμὶ.
1238 1780 1257 1812 ι
1290 1761 1365 1814 Τὸ
1396 1761 1576 1832 τρίτον
1608 1764 1657 1817 εί
1686 1764 1851 1828 αὐτὸς
1875 1764 1959 1837 εἴη
1992 1766 2021 1819 6

429 1853 715 1924 προφήτης
761 1851 1040 1921 βούλονται
1094 1852 1315 1923 μαθεῖν·
1361 1849 1423 1909 οὗ
1455 1856 1896 1927 ἀποκριναμένου
1934 1859 2018 1920 τὸ,

435 1960 456 1999 ι
473 1943 570 2006 OG,
598 1962 617 1995 ι
633 1943 818 1997 οὐκέτι
843 1942 1057 2015 ἔχοντες
1075 1944 1255 2009 ίδικῶς
1270 1945 1442 2017 ὄνομα
1462 1945 1814 2018 ἐλπιζομένου
1833 1948 2019 2020 ἐπιδη-

432 2035 626 2106 μήσειν
655 2035 842 2099 αὐτοῖς
867 2036 1063 2099 εἰπεῖν,
1097 2037 1264 2106 φασί·
1299 2056 1318 2089 ι
1357 2038 1453 2101 Τίς
1493 2034 1562 2101 εἴ,
1604 2038 1691 2092 ἴνα
1724 2038 2018 2109 ἀπόκρισιν

426 2124 609 2197 δῶμεν
646 2128 762 2190 τοῖς
808 2125 1091 2197 πέμψασιν
1133 2128 1312 2198 ήμᾶςς
1357 2126 1411 2180 τί
1453 2127 1632 2195 λέγεις
1679 2128 1810 2200 περὶ
1858 2144 2020 2181 σεαυτ

424 2214 558 2285 τοῦς
611 2236 630 2270 ι
674 2216 839 2271 τοῦτο
880 2216 1207 2288 δηλοῦντες·
1258 2217 1448 2273 Ταῦτα
1487 2219 1587 2290 μὲν
1629 2218 1732 2272 οὐκ
1768 2215 1838 2285 εἷ,
1874 2219 2019 2291 ἅπερ

428 2304 763 2377 ἐλπιζόμενα
807 2306 888 2379 τῷ
946 2308 1162 2381 Ἰσραὴλ
1218 2307 1555 2381 παρέσεσθαι
1616 2309 2015 2381 προσδοκᾶται·

427 2398 578 2461 ὅστις
610 2398 667 2451 δὲ
689 2397 766 2451 ῶν
794 2397 1100 2469 βαπτίζεις,
1129 2401 1230 2454 οὐκ
1258 2401 1435 2472 ἴσμεν.
1466 2401 1664 2474 Διόπερ
1687 2401 1848 2455 τοῦτο
1869 2404 1901 2473 ή
1912 2403 2020 2475 μᾶς

427 2490 659 2556 δίδαξον,
695 2491 761 2544 ἵν’
786 2490 1001 2564 ἔχωμεν
1040 2494 1376 2562 ἀπαγγεῖλαι
1410 2497 1525 2558 τοῖς
1561 2496 1713 2566 ήμᾶς
1744 2495 1831 2550 διὰ
1860 2496 2021 2550 τοῦτο

427 2581 677 2654 πέμψασι
717 2583 858 2655 πρὸς
908 2584 990 2641 σέ.
1043 2586 1165 2640 Ἔτι
1211 2585 1269 2640 δὲ
1309 2586 1592 2641 καὶτοῦτο
1625 2586 1884 2659 ἐχόμενον
1910 2588 2019 2642 τῶν

428 2674 805 2745 προκειμένων
846 2675 1264 2748 προσθήσομεν,
1313 2678 1397 2731 ὅτι
1436 2681 1465 2733 6
1501 2680 1694 2751 καιρὸς
1737 2680 1839 2751 τῆς
1884 2681 2022 2753 Χρι-

430 2764 558 2819 στοῦ
585 2766 881 2839 ἐπιδημίας
908 2767 1090 2821 έσαινε
1122 2770 1214 2823 τὸν
1248 2767 1396 2831 λαὸν,
1427 2769 1527 2841 ήδη
1561 2788 1677 2835 πως
1708 2770 2021 2844 ἐνεστηκὼς

428 2858 651 2928 περὶτὰ
684 2858 778 2932 ἔτη
819 2859 891 2913 τά
935 2860 1043 2914 ἀπὸ
1074 2860 1175 2933 τῆς
1217 2862 1486 2931 γενέσεως
1524 2862 1620 2917 τοῦ
1668 2862 1865 2936 Ἰησοῦ,
1927 2866 2020 2920 καὶ

426 2950 598 3022 ὀλίγῳ
620 2952 881 3025 ἀνωτέρω
917 2951 1080 3025 μέχρι
1108 2953 1208 3024 τῆς
1239 2954 1567 3019 ἀναδείξεως
1601 2954 1696 3017 τοῦ
1722 2956 2019 3030 κηρύγμα-

425 3059 540 3107 τος.
571 3044 792 3116 Διόπερ,
820 3044 897 3109 ὡς
924 3045 1093 3109 εἰκὸς,
1112 3044 1222 3101 τῶν
1242 3045 1623 3118 Γραμματέων
1652 3048 1749 3103 καὶ
1778 3048 2020 3120 νομικῶν

425 3134 521 3189 τὸν
573 3134 946 3207 ἐλπιζόμενον,
990 3138 1100 3192 ἀπὸ
1141 3137 1251 3192 τῶν
1296 3137 1458 3193 θείων
1501 3137 1737 3212 Γραφῶν
1781 3156 2024 3211 καταγα-

427 3230 638 3298 γόντων
680 3230 846 3285 αὐτοῦ
880 3231 973 3285 τὸν
1021 3230 1233 3303 χρόνον,
1274 3231 1379 3302 ήδη
1418 3231 1867 3305 προσδοκώντων,
1921 3234 2021 3287 ἐπ-

427 3323 674 3395 ιφύησαν
709 3323 821 3397 (85)
860 3323 1087 3389 Θευδᾶς,
1122 3325 1224 3378 οὐκ
1254 3323 1435 3393 ὀλίγον
1462 3324 1686 3396 πλῆθος,
1715 3328 1793 3389 ὡς
1821 3327 1851 3380 6
1882 3327 2021 3395 Χρι-

428 3416 575 3485 στὸς,
609 3412 784 3487 οἶμαι,
827 3415 1173 3486 συναγαγὼν,
1206 3418 1300 3471 καὶ
1339 3436 1358 3471 ι
1402 3419 1519 3488 μετ’
1556 3419 1763 3472 ἐκεῖνον
1818 3418 2020 3483 Ἰούδας

426 3510 458 3563 ό
481 3507 761 3573 Γαλιλαῖος
791 3509 851 3562 ἐν
876 3510 998 3571 ταῖς
1024 3508 1123 3580 τῆς
1149 3509 1480 3579 ἀπογραφῆς
1507 3509 1763 3583 ἡμέραις.
1798 3528 1820 3562 ι
1854 3510 2018 3574 Είκὸς

427 3605 546 3673 οὖν,
590 3608 922 3681 θερμότερον
958 3608 1061 3678 τῆς
1102 3608 1343 3680 Χριστοῦ
1384 3608 1679 3680 ἐπιδημίας
1716 3608 2029 3680 προσδοκω-

431 3699 604 3772 μένης
643 3700 738 3753 καὶ
778 3698 1138 3771 λαλουμένης,
1196 3698 1438 3753 Ἰουδαῖοι
1477 3698 1587 3752 ἀπὸ
1635 3698 2027 3771 Ἰεροσολύμων

426 3793 556 3857 τοὺς
589 3795 750 3864 ἱερεῖς
772 3792 869 3845 καὶ
890 3791 1121 3857 Λευῖτας
1143 3792 1422 3863 πέμπουσι
1450 3793 1589 3865 πρὸς
1616 3791 1709 3846 τὸν
1748 3792 2025 3864 Ἰωάννην,

427 3884 518 3938 διά
552 3885 680 3939 τοῦ·
724 3904 742 3935 ι
778 3882 851 3937 Σὺ
884 3884 967 3949 τίς
995 3880 1077 3949 εἷ;
1122 3904 1141 3936 ι
1178 3883 1372 3954 μαθεῖν
1414 3884 1731 3957 βουλόμενοι
1775 3886 1826 3938 εί
1863 3884 2028 3950 αὐτὸς

429 3977 666 4048 Χριστὸς
685 3972 825 4030 εἶναι
852 3977 1197 4047 ὁμολογήσει.

2122 555 2403 624 rogatione
2432 555 2655 610 videbat
2685 552 2925 609 Joannes
2950 554 3033 623 (ιιι
3064 552 3350 623 probabile
3382 550 3523 624 erat)
3554 553 3702 607 timi-

2119 649 2345 702 ditatem
2385 647 2699 702 Levitarum
2726 657 2780 702 et
2802 647 3151 702 sacerdotum
3191 662 3302 716 pne
3328 662 3388 702 se
3412 646 3701 703 ferentium

2119 739 2337 808 quidem
2380 740 2746 808 suspicionem
2794 739 3091 809 Opinionis.
3131 756 3259 793 num
3312 738 3451 794 forte
3504 739 3553 794 is
3607 741 3703 811 qui

2121 834 2366 902 baptizat
2402 840 2552 887 esset
2585 832 2859 895 Christus,
2892 832 2986 886 sed
3020 831 3263 902 apertius
3288 830 3418 886 illud
3452 832 3701 887 nomina-

2122 942 2203 991 re,
2231 942 2297 981 ne
2323 926 2641 981 viderentur
2667 925 2995 994 petulantes,
3029 925 3361 979 caventium.
3389 922 3541 980 Unde
3558 922 3704 991 jure,

2123 1028 2182 1072 ut
2213 1019 2265 1071 in
2307 1018 2500 1088 primis
2539 1031 2756 1070 omnem
2791 1017 3030 1085 ipsorum
3080 1016 3448 1085 suspicionem
3485 1014 3708 1069 tolleret

2123 1127 2285 1181 quam
2320 1112 2387 1165 de
2415 1111 2597 1181 seipse
2626 1110 2817 1163 falsam
2852 1108 3149 1171 habebant,
3182 1108 3380 1162 deinde
3408 1106 3487 1161 sic
3513 1116 3707 1162 osten-

2120 1204 2278 1259 deret
2304 1204 2616 1268 veritatem,
2648 1211 2776 1257 ante
2799 1203 2984 1256 omnia
3017 1202 3272 1257 enuntiat
3308 1200 3443 1256 illud
3477 1217 3491 1254 :
3531 1220 3552 1255 ι
3588 1197 3705 1255 Non

2121 1311 2242 1352 sum
2259 1310 2361 1365 ego
2389 1294 2642 1350 Christus
2662 1294 2733 1349 "°.
2765 1312 2785 1351 ι
2820 1292 3074 1349 Declarat
3098 1304 3281 1349 autent
3309 1294 3415 1350 tale
3444 1295 3703 1365 quiddam

2120 1387 2427 1458 suspicatos
2464 1403 2558 1442 eos
2609 1387 2779 1442 fuisse
2838 1388 3076 1442 secunda
3126 1398 3290 1458 atque
3331 1390 3494 1444 etiam
3547 1388 3706 1441 tertia

2124 1479 2502 1550 interrogatio.
2535 1479 2708 1534 Eliam
2741 1479 2887 1534 enim
2915 1496 3037 1533 cum
3073 1489 3361 1535 venturum
3387 1487 3704 1549 sperarent,

2122 1580 2286 1642 atque
2325 1571 2542 1641 plurimi
2587 1570 2851 1638 facerent,
2891 1587 3014 1625 eum
3064 1586 3189 1628 esse
3234 1573 3579 1641 suspicantes
3609 1572 3710 1627 ho-

2123 1678 2256 1718 nore
2314 1662 2417 1731 ipsi
2481 1661 2703 1715 Christo
2764 1662 3076 1731 proximum
3147 1670 3313 1732 atque
3370 1662 3706 1728 secundum,

2123 1755 2443 1810 enuntiante
2472 1752 2686 1810 Joanne
2724 1768 2783 1808 se
2829 1768 2937 1809 non
2977 1769 3100 1810 esse
3148 1755 3450 1822 Christum,
3479 1757 3711 1811 interro-
3742 1776 3749 1783 ·

2050 1846 2094 1903 Β
2123 1857 2294 1918 gant:
2335 1864 2357 1899 ι
2390 1845 2531 1917 Quid
2583 1845 2757 1913 ergo?
2803 1845 2951 1900 Elius
2992 1861 3052 1902 es
3110 1847 3204 1901 tu?
3245 1847 3314 1902 Et
3359 1848 3549 1903 dixit:
3588 1847 3709 1904 Non

2125 1940 2554 2006 sum“;ntertio
2595 1956 2723 1993 num
2766 1940 2881 2009 ipse
2925 1948 3072 1994 esset
3113 1940 3201 1995 ille
3248 1941 3513 2011 propheta
3565 1942 3711 1996 scire

2124 2031 2355 2097 volunt;
2388 2046 2496 2101 quo
2542 2032 2940 2100 respondente,
2980 2030 3161 2099 «Non,
3189 2051 3210 2084 ι
3254 2048 3378 2088 cum
3426 2048 3534 2087 non
3590 2049 3710 2089 am-

2124 2125 2271 2195 p1ius
2316 2134 2542 2195 possent
2581 2125 2766 2181 dicere
2801 2124 3061 2196 privatim
3104 2140 3301 2179 nomen
3353 2125 3585 2195 alicujus
3614 2124 3710 2194 qui

2125 2216 2195 2271 ad
2239 2231 2300 2273 se
2348 2230 2675 2273 accessurus
2724 2224 3062 2285 speraretur,
3094 2213 3367 2283 inquiunt,
3407 2232 3426 2266 ι
3458 2213 3593 2280 Quis
3620 2228 3708 2279 es,

2124 2317 2186 2364 ut
2227 2323 2550 2377 responsum
2599 2309 2788 2363 demus
2838 2307 2923 2363 his
2962 2307 3054 2376 qui
3084 2307 3351 2361 miserunt
3386 2307 3530 2361 nos?
3577 2307 3711 2377 quid

2125 2402 2262 2458 dicis
2298 2402 2365 2456 de
2404 2400 2687 2471 teipse"?
2735 2420 2754 2453 ι
2801 2402 2903 2457 hoc
2951 2402 3245 2459 innuentes
3276 2418 3291 2455 :
3322 2398 3447 2457 Haec
3486 2400 3707 2469 quidem

2128 2508 2234 2550 non
2257 2508 2317 2548 es
2344 2508 2466 2565 quae
2504 2493 2693 2549 Israeli
2724 2493 2904 2548 futura
2931 2503 3356 2561 exspectantur:
3390 2495 3567 2562 qualis
3601 2508 3707 2547 au-

2128 2595 2236 2643 tem
2268 2587 2367 2652 sis,
2398 2586 2493 2657 qui
2530 2586 2803 2657 baptizas,
2829 2587 3140 2649 nescimus;
3169 2602 3340 2658 quare
3384 2586 3564 2642 isthue
3601 2601 3703 2643 nos

2126 2682 2344 2745 doceto,
2387 2690 2447 2738 ut
2495 2681 2769 2753 possimus
2823 2682 3144 2736 renuntiare
3190 2682 3276 2737 his
3329 2682 3423 2752 qui
3472 2683 3614 2739 hanc
3638 2685 3709 2738 ob

2127 2788 2355 2829 causam
2406 2788 2507 2828 nos
2557 2774 2625 2827 ad
2667 2782 2722 2827 te
2761 2774 3051 2831 miserunt.
3092 2773 3304 2830 Rursus
3358 2789 3490 2829 vero
3542 2774 3711 2828 etiam

2126 2867 2233 2921 hoc
2271 2866 2357 2922 his
2401 2879 2524 2935 qua:
2572 2865 2851 2935 proposita
2883 2875 3035 2929 sunt,
3075 2866 3389 2937 proximum
3424 2867 3711 2929 addemus,

2127 2956 2385 3013 videlicet
2412 2958 2560 3027 quod
2598 2967 2814 3028 tempus
2850 2959 3116 3015 adventus
3147 2958 3357 3015 Christi
3394 2972 3713 3014 commove-

2129 3056 2214 3103 rat
2244 3048 2529 3118 populum,
2564 3050 2710 3118 quod
2736 3049 2958 3118 quidem
2999 3060 3213 3119 tempus
3240 3050 3348 3119 jam
3383 3051 3566 3120 aliquo
3594 3065 3707 3106 mo-

2128 3142 2197 3196 do
2226 3141 2470 3196 instabat
2503 3142 2652 3199 circa
2676 3157 2856 3198 annos
2891 3145 2985 3215 qui
3018 3153 3179 3201 erant
3209 3145 3279 3199 ab
3304 3153 3429 3199 ortu
3462 3142 3616 3209 Jesu,
3656 3149 3715 3207 et

2130 3231 2292 3303 paulo
2327 3232 2580 3302 superius
2625 3247 2800 3303 usque
2828 3234 2895 3288 ad
2949 3234 3480 3292 demonstrationem
3512 3236 3712 3305 pradie

2128 3323 2388 3380 eatiouis.
2444 3322 2738 3392 Quocirca,
2784 3324 2995 3381 Scribis
3021 3334 3078 3381 et
3106 3326 3458 3399 legisperitis,
3493 3337 3553 3387 ut
3585 3343 3713 3398 pros

2129 3413 2307 3470 babile
2333 3423 2476 3481 erat,
2504 3414 2620 3484 jam
2661 3418 3117 3486 exspectantibus
3145 3433 3293 3482 eum,
3327 3421 3419 3487 qui
3449 3421 3713 3489 speraba-

2129 3518 2235 3572 tur,
2263 3507 2393 3577 quia
2420 3516 2636 3577 tempus
2669 3508 2819 3567 illius
2849 3525 2882 3565 e
2908 3511 3109 3566 divinis
3137 3510 3444 3580 Scripturis
3469 3512 3708 3583 college-

2132 3611 2278 3668 rant,
2314 3590 2674 3658 tumultuatus
2705 3613 2791 3659 est
2816 3603 3071 3659 Theudas
3112 3620 3219 3658 non
3256 3620 3422 3674 parva
3458 3608 3711 3662 multitu-

2132 3694 2258 3749 dine
2303 3704 2656 3765 congregata,
2696 3703 2978 3765 tanquam,
3010 3696 3228 3767 opinor,
3256 3697 3515 3755 Christus
3538 3710 3710 3764 esset,

2138 3805 2158 3839 ι
2186 3796 2242 3843 et
2270 3796 2394 3857 post
2419 3788 2568 3844 illum
2604 3788 2772 3844 Judas
2798 3789 3054 3845 Galilaaus
3090 3791 3143 3846 in
3180 3791 3377 3848 diebus
3407 3793 3711 3862 professio-

2131 3879 2306 3935 nis".
2340 3898 2361 3934 ι
2406 3879 2849 3937 Consentaneum
2895 3896 3027 3953 ergo
3066 3890 3173 3947 est,
3211 3898 3337 3938 cum
3379 3882 3584 3940 Christi
3617 3885 3715 3939 ad-

2135 3980 2331 4027 ventus
2395 3972 2702 4033 l‘erventius
2739 3982 3158 4042 exspectaretur
3201 3973 3709 4046 divulgareturque.

426 4067 647 4123 Judazos
690 4068 762 4123 ab
805 4066 1199 4141 Hierosolymis
1228 4070 1546 4126 sacerdotes
1576 4079 1633 4126 et
1656 4069 1877 4127 Levitas
1905 4067 2125 4124 misisse
2149 4067 2219 4122 ad
2247 4065 2538 4131 Joannem,
2582 4080 2683 4138 per
2718 4064 2873 4131 illud,
2914 4084 2933 4119 ι
2969 4064 3049 4129 Tu
3085 4068 3210 4137 quis
3237 4083 3303 4144 es
3332 4068 3419 4123 ’5?
3448 4089 3468 4130 ι
3500 4071 3715 4127 discere

430 4160 676 4215 volentes
701 4176 829 4214 num
861 4159 1124 4215 fateretur
1152 4164 1391 4230 seipsum
1423 4176 1545 4216 esse
1567 4162 1866 4217 Christum.

502 4251 554 4306 7.
586 4252 697 4306 Καὶ
736 4251 1060 4321 ἠρώτησαν
1102 4255 1325 4307 αὐτόν·
1378 4255 1440 4309 Τί
1486 4249 1639 4318 οὗν;
1679 4253 1762 4308 σὺ
1822 4254 2021 4319 Ἠλίας

2202 4250 2254 4304 7.
2294 4247 2364 4304 Et
2408 4251 2861 4319 interrogaverunt
2903 4266 3021 4304 eum
3052 4264 3071 4303 :
3102 4249 3245 4327 Quid
3267 4256 3433 4323 ergo?
3470 4251 3625 4311 Elius
3653 4273 3709 4311 es

426 4338 517 4407 sl;
548 4344 661 4398 Καὶ
698 4342 891 4412 λέγει·
931 4346 1054 4398 οὐκ
1080 4345 1223 4413 εἰμί.
1269 4344 1367 4409 Τίς
1396 4344 1497 4398 οὐκ
1535 4343 1603 4398 ἂν
1643 4344 1876 4417 ζητήσαι
1913 4345 2022 4399 τῶν

427 4434 736 4490 ἀκουόντων
774 4433 975 4505 ’Ἰησοῦ
1031 4434 1281 4504 λέγοντος
1353 4436 1485 4508 περὶ
1535 4434 1815 4501 Ἰωάννου,
1873 4454 1893 4488 ι
1952 4436 2022 4491 Et

426 4525 641 4581 ἐθέλετε
686 4524 963 4592 δέξασθαι,
1001 4527 1164 4589 αὐτός
1198 4529 1346 4581 ἐστιν
1393 4525 1579 4590 Ἠλίας
1611 4527 1641 4580 ό
1678 4526 1886 4598 μέλλων
1925 4526 2020 4600 έρ-

427 4617 641 4689 χεσθαι,
681 4636 701 4669 ι
737 4615 855 4680 πῶς
881 4617 1019 4689 πρὸς
1039 4619 1165 4682 τοὺς
1192 4617 1513 4690 ἐρωτῶντας
1537 4619 1597 4671 τὸ
1616 4657 1632 4683 ,
1667 4638 1686 4673 ι
1723 4620 1798 4675 Σὺ
1832 4618 2022 4683 Ἠλίας

426 4706 519 4774 εἷ;
562 4731 582 4763 ι
610 4711 758 4778 λέγει
795 4710 825 4763 ὁ
873 4711 1127 4782 Ἰωάννης
1151 4728 1165 4741 ·
1210 4728 1229 4763 ι
1265 4711 1382 4766 Οὐκ
1423 4712 1572 4782 είμί;
1612 4730 1632 4762 ι
1671 4712 1791 4777 πῶς
1833 4712 1891 4767 δὲ
1925 4714 2022 4767 καὶ

428 4802 622 4874 νοῆσαι
644 4802 726 4856 δεῖ
760 4801 853 4855 τὸν
895 4802 1149 4872 Ἰωάννην
1183 4802 1348 4855 αὑτὸν
1379 4796 1519 4854 εἶναι
1564 4800 1751 4856 Ἠλίαν
1775 4803 1867 4855 τὸν
1899 4803 2022 4874 μέλ-

428 4893 590 4948 λοντα
614 4893 868 4966 ἔρχεσθαι
890 4894 1034 4949 κατά
1061 4895 1122 4948 τὸ
1153 4893 1441 4966 εἰρημένον
1474 4893 1581 4946 ὑπὸ
1613 4893 1707 4947 τοῦ
1733 4895 2017 4966 Μαλαχίου

428 4985 603 5049 οὕτως
630 4985 771 5058 ἕχον·
806 5006 826 5038 ι
860 4987 972 5040 Καὶ
1009 4986 1119 5040 ίδοὺ
1159 4986 1272 5056 ἐγὼ
1315 4987 1630 5041 ἀποστέλλω
1669 4988 1798 5059 ὑμῖν
1831 4987 2017 5041 Ἠλίαν

428 5080 523 5133 τὸν
546 5079 834 5151 Θεσδίτην,
864 5080 997 5151 πρὶν
1019 5078 1194 5133 ἐλθεῖν
1220 5080 1435 5153 ἡμέραν
1472 5080 1682 5151 Κυρίου
1714 5079 1815 5155 τὴν
1844 5081 2018 5152 μεγά-

429 5171 531 5242 λην
555 5171 651 5225 καὶ
674 5170 935 5241 ἐπιφανῆ,
968 5169 1027 5232 ὃς
1066 5169 1513 5241 ἀποκαταστήσει
1544 5171 1777 5243 καρδίαν
1812 5170 2021 5243 πατρὸς

431 5263 569 5334 πρὸς
600 5262 737 5327 υἱὸν,
764 5261 860 5315 καὶ
893 5261 1122 5333 καρδίαν
1166 5259 1459 5333 ἀνθρώπου
1504 5262 1641 5332 πρὸς
1666 5263 1760 5316 τὸν
1787 5262 2015 5334 πλησίον

431 5350 618 5415 αὐτοῦ,
647 5350 723 5423 μή
746 5349 884 5403 stem
905 5351 1001 5403 καὶ
1031 5349 1259 5415 πατάξω
1283 5348 1381 5421 τὴν
1412 5350 1518 5420 γῆν
1542 5350 1741 5422 άρδην;
1782 5370 1800 5401 ι
1840 5352 1951 5419 Καὶ
1986 5354 2016 5415 6

431 5439 525 5494 τοῦ
564 5438 820 5510 ὀφθέντος
847 5437 906 5491 δὲ
938 5437 1016 5510 τῷ
1048 5439 1297 5511 Ζαχαρία
1338 5438 1568 5508 ἀγγέλου
1603 5440 1811 5512 Κυρίου
1856 5440 2019 5502 ἑστῶ-

506 5580 733 5636 "Joan.
778 5595 820 5650 ι,
852 5579 1071 5650 19.3.3.
1177 5578 1224 5611 ν·
1253 5578 1411 5650 ibid.,
1447 5578 1557 5650 eo.
1603 5579 1684 5650 ,τι
1720 5579 1873 5643 una,
1910 5580 2003 5637 et.

432 5652 482 5684 "
515 5652 646 5707 ibid.
677 5651 770 5710 2L
806 5649 809 5650 '
844 5651 891 5683 ⁷·
922 5649 1115 5707 Matth.
1142 5665 1221 5716 xi,
1259 5649 1351 5706 ιι.
1425 5650 1472 5682 τ’
1508 5649 1742 5704 Μοιειειιο
1775 5665 1848 5718 ιν,
1874 5650 1928 5717 5,
1952 5652 2007 5707 6ο

510 5805 624 5878 (83)
666 5805 1071 5887 Ἐπεεούησανς
1107 5804 1418 5885 Legendum
1451 5806 1682 5875 videtur,
1730 5804 2095 5879 ἐπεφρύαξεν.

2126 4343 2225 4398 tu?
2286 4339 2355 4395 Et
2395 4341 2565 4404 dicit:
2591 4340 2718 4396 Non
2760 4343 2965 4398 sum".
3008 4343 3207 4399 Verum
3257 4346 3542 4401 enimvero
3586 4348 3710 4417 quis

2125 4434 2355 4490 audiens
2379 4431 2565 4493 Jesum
2592 4435 2863 4490 dicentem
2891 4434 2959 4489 de
2986 4434 3217 4500 Joanne,
3254 4455 3273 4489 ι
3306 4436 3365 4493 Si
3410 4439 3577 4495 vultis
3618 4456 3708 4496 ae-

2126 4526 2331 4597 cipere,
2387 4528 2501 4596 ipse
2544 4536 2634 4583 est
2693 4527 2839 4584 Elias
2885 4529 2980 4599 qui
3040 4540 3304 4585 venturus
3336 4532 3506 4596 est",
3540 4553 3560 4585 ι
3599 4549 3707 4589 non

2125 4618 2458 4686 quaesiturus
2515 4619 2618 4684 sit,
2673 4634 2910 4689 quonam
2953 4632 3112 4690 pacto
3161 4624 3229 4676 ad
3279 4624 3704 4695 interrogantes,

2130 4727 2150 4765 ι
2175 4709 2325 4766 Elias
2356 4726 2417 4767 es
2450 4712 2540 4767 tu?
2562 4731 2582 4765 ι
2618 4712 2764 4767 dicat
2791 4712 3072 4770 Joannes:
3104 4731 3124 4765 ι
3149 4714 3266 4770 Non
3306 4718 3463 4772 sum?
3487 4736 3509 4769 ι
3544 4728 3707 4789 atque

2127 4801 2296 4855 etiam
2329 4803 2601 4871 quomodo
2638 4818 2776 4873 opus
2825 4804 2898 4858 sit
2947 4807 3252 4876 intelligere
3284 4805 3553 4867 Joatmem
3582 4824 3704 4864 esse

2126 4890 2300 4946 Eliam
2343 4906 2648 4960 venturum,
2688 4895 2844 4962 juxta
2902 4897 2954 4951 id
3004 4900 3148 4968 quod
3184 4914 3213 4951 a
3241 4897 3505 4953 Malacltia
3544 4898 3704 4970 112

2127 4994 2214 5037 est
2243 4984 2469 5049 dictum,
2517 4987 2598 5042 sic
2628 4987 2839 5041 habens
2870 5006 2884 5042 :
2917 5006 2937 5045 ι
2965 4988 3035 5044 Ει
3065 5005 3194 5045 ecce
3228 5004 3330 5061 ego
3367 4993 3522 5046 mitto
3549 4993 3705 5048 vobis

2126 5075 2299 5131 Eliant
2327 5077 2649 5145 Thesbiten,
2682 5090 2974 5157 antequam
2999 5084 3183 5136 veniat
3209 5083 3325 5137 dies
3350 5082 3563 5140 Domini
3596 5102 3702 5140 ma-

2128 5183 2234 5236 gna
2287 5179 2343 5224 et
2392 5170 2710 5238 manifesta,
2743 5173 2835 5243 qui
2887 5175 3142 5230 restituet
3193 5191 3291 5231 cor
3347 5176 3520 5245 patris
3572 5192 3700 5247 erga

2124 5260 2323 5326 lilium,
2369 5273 2426 5317 et
2471 5277 2566 5318 cor
2605 5264 2843 5320 hominis
2879 5280 3012 5337 erga
3060 5269 3371 5336 proximum
3415 5282 3596 5333 suum,
3635 5286 3704 5325 ne

2125 5353 2366 5420 veniam,
2418 5364 2474 5409 et
2520 5356 2822 5425 percutiam
2874 5366 3077 5413 terram
3129 5358 3524 5415 futuditus"h
3555 5360 3698 5430 Quin

2126 5445 2304 5515 angeli
2329 5448 2509 5504 oratio
2541 5449 2609 5505 ad
2638 5448 2964 5507 Zachariam
2995 5451 3190 5507 stantis
3219 5467 3249 5505 a
3279 5453 3488 5508 dextris
3508 5452 3702 5512 altaria
3816 5474 3817 5477 ‘

2113 5583 2160 5631 ’³
2191 5584 2349 5655 ibld.,
2397 5587 2490 5643 22.

2602 5588 2649 5622 ⁷³
2674 5589 2797 5656 Act.
2825 5605 2882 5659 ν,
2909 5591 2999 5660 56,
3032 5590 3125 5648 37.
3228 5591 3277 5626 "
3319 5590 3480 5652 Joan.
3522 5607 3563 5660 I,
3607 5591 3699 5659 19,
