4194 6396
355 354 458 408 2‘2!

1461 359 1820 416 COMMENT.
1864 360 1932 415 IN
1970 359 2166 416 JOAN.
2210 363 2449 421 TOMUS
2487 364 2576 421 Vl.

3532 362 3641 418 m

358 477 548 536 τέκνα,
593 476 684 529 διὰ
735 474 896 531 τοῦτο
939 476 1000 531 τὸ
1045 454 1264 549 πνεῦμα
1315 497 1334 530 ι
1399 479 1586 533 Ἠλίαν
1632 501 1651 532 ι
1704 480 1955 550 λέγεσθαι

2062 490 2148 536 tur
2191 490 2411 551 propter
2468 482 2615 536 hunc
2662 477 2915 548 spiritum
2991 476 3185 532 «Elias
3235 476 3326 547 qui
3379 488 3638 535 venturus

370 590 388 621 ι
418 569 511 623 τὸν
535 568 798 640 μέλλοντα
835 570 1114 641 ἔρχεσθαι.
1164 591 1181 623 ι
1222 572 1317 635 Εἱς
1352 573 1708 644 παραμυθίαν
1743 573 1799 626 δὲ
1838 573 1954 627 τού-

363 679 476 716 των
521 663 614 716 καὶ
661 661 837 732 τούτῳ
884 666 1149 735 χρήσεται
1198 664 1276 734 τῷ
1317 663 1491 735 λόγῳ·
1526 666 1588 717 Εἱ
1614 664 1644 716 6
1676 664 1783 718 τῶν
1816 665 1953 719 ὅλων

364 755 502 819 Θεὸς
545 754 851 819 οἱκειωθεὶς
892 758 1004 819 τοῖς
1054 755 1229 825 ἁγίοις
1279 757 1461 811 αὐτῶν
1506 756 1738 825 γίνεται,
1780 759 1955 822 οὕτως

367 844 766 916 ὀνομαζόμενος
805 846 938 910 Θεὸς
983 846 1251 919 Ἀϐραάμ,
1305 847 1400 902 καὶ
1441 847 1574 911 Θεὸς
1619 847 1823 913 Ἰσαὰκ,
1860 848 1956 901 καὶ

366 937 501 1000 Θεὸς
546 934 758 1001 Ἰακὼὸ,
784 936 938 1007 πόσῳ
976 937 1137 991 πλέον
1177 938 1237 992 τὸ
1287 939 1441 1007 ἆγιον
1478 938 1704 1010 Πνεῦμα
1736 942 1954 993 οἰκειω-

367 1031 460 1085 θέν
481 1032 592 1093 τοῖς
637 1031 944 1102 προφήταις
984 1030 1201 1100 πνεῦμα
1232 1030 1412 1084 αὐτῶν
1444 1032 1804 1103 χρηματίζειν
1844 1026 1955 1085 οἷόν

366 1136 428 1172 τε
452 1120 624 1186 ἔσται,
676 1121 743 1173 ἵν’
861 1120 1034 1183 οὕτως
1078 1119 1295 1191 πνεῦμα
1348 1121 1552 1186 Ἠλίου,
1598 1124 1691 1176 καὶ
1740 1122 1958 1194 πνεῦμα

383 1208 623 1276 Ἡσαΐου,
665 1212 960 1283 λεγόμενον
1002 1210 1063 1265 τὸ
1099 1211 1351 1282 πνεῦμα;
1415 1213 1474 1265 Ὁ
1509 1212 1673 1278 αύτός
1709 1230 1767 1267 τε
1803 1209 1958 1278 οὗτος

366 1304 821 1374 ἐκκλησιαστικὸς
852 1305 969 1375 ἐρεῖ
1004 1302 1263 1358 δύνασθαι
1297 1305 1396 1375 μὲν
1426 1307 1553 1371 τοὺς
1591 1306 1959 1378 ὑπειληφότας

368 1395 479 1448 τῶν
536 1397 831 1467 προφητῶν
889 1391 1029 1449 εἶναι
1101 1396 1192 1449 τὸν
1259 1396 1467 1468 Ἰησοῦν
1528 1400 1836 1453 ἀναστάντα
1894 1401 1958 1453 ἐκ

368 1490 581 1562 νεκρῶν
612 1490 951 1562 ἠπατῆσθαι,
987 1494 1129 1549 κατά
1152 1511 1213 1547 τε
1236 1496 1297 1547 τὸ
1332 1495 1728 1568 προειρημένον
1759 1496 1955 1568 δόγμα,

368 1583 467 1636 καὶ
493 1581 634 1635 κατὰ
657 1582 719 1635 τὸ
746 1582 1154 1654 ὑπολαμϐάνειν
1188 1585 1349 1640 αὐτὸν
1376 1588 1473 1642 ἕνα
1512 1588 1619 1641 τῶν
1664 1588 1960 1659 προφητῶν

367 1676 683 1743 τυγχάνειν,
720 1674 981 1730 δύνασθαι
1020 1676 1100 1741 δὲ,
1153 1677 1293 1750 πρὸς
1326 1680 1390 1733 τὸ
1437 1680 1578 1734 κατά
1616 1681 1678 1734 τὸ
1715 1680 1959 1752 νομίζειν

370 1766 535 1821 αὐτὸν
562 1766 670 1818 τῶν
718 1765 1012 1838 προφητῶν
1045 1764 1185 1822 εἷναι
1230 1768 1346 1832 ἕνα,
1379 1773 1611 1831 πταίειν,
1655 1770 1750 1824 καὶ
1778 1770 1960 1841 ψευδο-

369 1859 564 1925 δοξεῖν,
597 1859 692 1912 καὶ
721 1858 861 1912 κατὰ
894 1860 955 1913 τὸ
987 1860 1200 1929 ἀγνοεῖν
1224 1861 1387 1915 αύτοῦ
1409 1862 1501 1915 τὸν
1530 1863 1822 1934 λεγόμενον
1864 1881 1962 1918 πα-

366 1952 528 2022 τέρα,
572 1952 665 2005 καὶ
694 1951 793 2021 τὴν
840 1946 1007 2004 οὖσαν
1048 1953 1283 2025 μητέρα,
1325 1952 1532 2007 οἴεσθαί
1564 1971 1622 2007 τε
1656 1955 1819 2009 αὑτὸν
1854 1954 1962 2009 ἀπὸ

370 2042 480 2094 τῶν
514 2044 794 2114 μνημείων
814 2044 1132 2116 ἐγηγέρθαι.
1165 2047 1275 2100 Καὶ
1310 2046 1447 2118 πρὸς
1471 2047 1532 2100 τὸ
1562 2048 1620 2099 ἐν
1658 2048 1878 2102 Γενέσει
1899 2066 1961 2101 τε

371 2136 502 2206 περὶ
531 2136 628 2206 τῆς
657 2133 1068 2201 ἐξαναστάσεως
1096 2139 1472 2210 ἀπαντήσεται
1508 2139 1539 2191 ό
1573 2138 1960 2211 ἐκκλησιαστι-

372 2228 470 2290 κὸς
517 2226 798 2298 χρώμενος
838 2228 948 2300 τῷ,
1000 2247 1020 2281 ι
1082 2228 1436 2301 Ἐξανέστησε
1475 2231 1584 2304 γάρ
1634 2248 1723 2301 μοι
1756 2233 1785 2285 6
1828 2232 1963 2296 Θεὸς

374 2321 600 2394 σπέρμα
644 2320 834 2393 ἕτερον
883 2323 1005 2376 ἀντὶ
1062 2321 1248 2387 Ἀϐελ,
1295 2322 1354 2377 ὃν
1397 2323 1685 2377 ἀπέκτεινε
1730 2324 1894 2387 Κάῖν,
1937 2343 1956 2377 ι

371 2412 474 2483 τῆς
494 2412 907 2478 ἐξαναστάσεως
929 2414 1024 2467 καὶ⁷
1057 2413 1149 2466 ἐπὶ
1181 2413 1449 2482 γενέσεως
1477 2414 1757 2485 κειμένης.
1792 2408 1962 2477 Οὗτος

372 2504 430 2558 δὲ
452 2506 588 2576 πρὸς
626 2506 686 2560 τὸ
718 2506 935 2578 πρῶτον
975 2506 1252 2577 ἀπορηθὲν
1290 2506 1493 2577 ἑτέρως
1534 2506 1687 2577 παρά
1712 2506 1805 2559 τὸν
1840 2507 1964 2559 ὐπο-

372 2596 721 2668 λαμϐάνοντα
753 2599 1243 2671 μετενσωμάτωσιν
1276 2598 1711 2669 ἀπολογούμενος
1738 2600 1854 2670 ἐρεῖ
1875 2597 1962 2654 διὰ

376 2687 478 2757 μὲν
507 2686 576 2740 τά
602 2688 811 2759 ἀρτίως
836 2690 1354 2744 κατασκευασθέντα
1388 2689 1532 2760 λόγῳ
1572 2690 1677 2743 τινὶ
1702 2686 1842 2744 εἶναι
1870 2690 1962 2744 τὸν

389 2780 642 2852 Ἰωάννην
712 2781 898 2836 Ἠλίαν
952 2783 1044 2836 τὸν
1090 2782 1355 2853 μέλλοντα
1402 2782 1692 2853 ἔρχεσθαι,
1756 2784 1961 2837 ἀποκε-

373 2874 594 2941 κρῖσθαι
627 2872 683 2927 δὲ
710 2875 848 2947 πρὸς
892 2877 1018 2939 τοὺς
1050 2878 1217 2949 ἱερεῖς
1250 2876 1343 2930 καὶ
1374 2876 1607 2940 Λευῖτας
1646 2878 1727 2936 τὸ,
1780 2895 1799 2928 ι
1846 2878 1963 2931 Οὐκ

373 2968 510 3037 εἱμὶ,
551 2987 572 3020 ι
607 2969 1010 3042 στοχασάμενον
1036 2969 1129 3023 τοῦ
1161 2969 1499 3043 βουλήματος
1521 2969 1623 3041 τῆς
1641 2970 1961 3042 ἐρωτήσεως

374 3058 578 3114 αὐτῶν.
632 3061 706 3114 Ού
752 3060 862 3133 γὰρ
909 3061 1069 3116 τοῦτο
1117 3062 1308 3133 ἢθελεν
1356 3064 1390 3134 ἡ
1449 3062 1821 3133 προλεγομένη
1869 3061 1961 3128 ἐξ·

2056 573 2230 635 est";
2262 591 2281 623 ι
2311 574 2377 625 ad
2417 587 2652 642 quorum
2710 570 3189 625 confirmationem
3223 569 3387 622 etiam
3417 570 3520 624 hac
3551 586 3639 625 ra-

2060 666 2203 719 tione
2241 673 2424 719 utetur
2459 680 2473 716 :
2510 663 2566 718 Si
2604 664 2987 717 universorum
3041 662 3183 717 Deus
3224 661 3509 718 familiaris
3556 664 3638 716 fa-

2056 766 2181 811 ctus
2215 756 2441 821 sanctis,
2469 756 2610 811 Deus
2640 757 2883 825 ipsorum
2925 756 3005 822 fit,
3044 756 3125 810 sic
3157 757 3468 811 nominatus
3495 754 3641 814 Deus

2055 853 2355 918 Abraham,
2382 861 2435 906 et
2473 851 2614 904 Deus
2657 851 2829 913 Isaac.
2856 860 2910 905 et
2957 851 3101 905 Deus
3146 850 3315 905 Jacob
3336 851 3402 914 ⁸⁸,
3438 864 3641 920 quanto

2059 944 2234 1011 magis
2274 942 2512 1011 Spiritus
2541 953 2774 997 sanctus
2808 942 3098 996 familiaris
3128 943 3304 997 factus
3335 944 3638 1013 prophetis,

2058 1036 2284 1104 spiritus
2314 1035 2557 1105 ipsorum
2590 1035 2777 1088 haberi
2816 1035 3039 1104 poterit,
3069 1045 3129 1089 ut
3168 1035 3315 1091 hunc
3338 1037 3390 1089 iu
3422 1037 3638 1089 modmn

2058 1129 2291 1199 spiritus
2342 1128 2578 1191 dicatur,
2619 1128 2846 1196 spiritus
2891 1127 3047 1192 Eliso,
3075 1137 3131 1183 et
3170 1128 3395 1197 spiritus
3446 1127 3642 1181 Isaia?

2060 1221 2326 1289 Dicetque
2377 1220 2468 1273 hie
2520 1219 2636 1287 ipse
2677 1218 3111 1283 ecclesiasticus,
3141 1221 3380 1288 potuisse
3421 1219 3641 1288 quidem

2058 1304 2154 1366 eos
2182 1312 2273 1381 qui
2303 1312 2562 1381 suspicati
2596 1312 2829 1366 fuissent
2853 1311 3044 1383 [unum
3077 1311 3389 1383 solumque]
3416 1313 3645 1381 prophe-

2063 1411 2241 1455 tat-um
2278 1416 2399 1456 esse
2434 1400 2621 1456 Jesum
2670 1418 2700 1455 e
2752 1403 2987 1457 mortuis
3038 1406 3420 1457 rcsnscitatum
3445 1403 3515 1466 ",
3547 1403 3645 1457 de-

2060 1495 2189 1562 cipi,
2220 1503 2332 1547 tum
2363 1509 2430 1547 ex
2467 1492 2729 1563 praedicto
2765 1494 3035 1562 dogmate,
3065 1503 3177 1547 tum
3223 1510 3291 1548 ex
3331 1494 3645 1563 suspicione

2061 1586 2206 1656 quod
2256 1588 2371 1655 ipse
2419 1600 2558 1638 unus
2604 1600 2670 1639 ex
2724 1585 3006 1653 prophetis
3058 1596 3239 1661 esset;
3277 1589 3373 1639 sed
3419 1595 3647 1655 praeter-

2063 1694 2232 1748 quam
2277 1678 2419 1746 quod
2450 1678 2833 1731 existimarent
2868 1691 2992 1730 eum
3028 1693 3194 1731 unum
3240 1693 3306 1732 ex
3360 1678 3644 1747 prophetis

2065 1784 2211 1831 esse,
2264 1778 2429 1838 atque
2478 1782 2542 1821 ex
2588 1767 2964 1821 monumentis
3013 1768 3399 1821 resnscitatum
3452 1767 3641 1830 fuisse,

2065 1860 2170 1914 labi
2197 1875 2292 1915 eos
2314 1860 2503 1918 etiam,
2543 1867 2595 1911 et
2633 1856 2765 1910 falsa
2796 1856 3008 1924 Opinari
3048 1857 3312 1924 potuisse,
3345 1858 3646 1926 ignorando

2062 1953 2313 2022 quisnam
2371 1961 2528 2019 pater
2582 1949 2755 2017 ipsius
2809 1948 3088 2003 diceretur
3133 1957 3189 2003 et
3234 1964 3481 2017 quaenam
3526 1950 3645 2019 ejus

2061 2055 2207 2101 esset
2237 2054 2429 2100 mater.
2464 2042 2544 2096 Ad
2576 2040 2705 2094 illud
2752 2042 2915 2095 etiam
2949 2041 3090 2107 quod
3126 2050 3208 2093 est
3244 2040 3295 2093 in
3336 2038 3536 2095 Genesi
3572 2043 3640 2097 de

2060 2152 2194 2192 voce
2218 2134 2655 2198 resurrectionis,
2683 2142 2940 2188 occurret
2964 2132 3368 2185 ecclesiasticus
3391 2143 3547 2185 utens
3577 2148 3643 2188 eo

2061 2231 2373 2286 testimonio
2394 2228 2474 2279 ὀι
2506 2246 2524 2279 ι
2561 2226 2928 2281 Resuscitavit
2960 2226 3090 2280 mihi
3118 2241 3302 2279 semen
3331 2226 3475 2279 aliud
3503 2227 3646 2281 Dens

2060 2334 2161 2391 pro
2182 2318 2337 2383 Abel,
2365 2331 2525 2385 quem
2560 2317 2835 2370 interfecit
2869 2315 3026 2380 Cain,
3056 2335 3074 2367 ι
3109 2332 3242 2371 voce
3288 2320 3646 2371 resurrectio-

2064 2412 2150 2467 nis
2179 2412 2380 2481 posita,
2412 2411 2581 2464 etiam
2616 2408 2683 2463 de
2715 2409 3019 2462 nativitate.
3048 2407 3283 2461 Proinde
3321 2410 3406 2461 hic
3434 2412 3498 2460 ad
3530 2410 3642 2477 pri-

2064 2519 2206 2559 mam
2245 2502 2639 2557 dubitationem
2670 2501 2775 2554 alio
2812 2503 2991 2565 modo,
3026 2516 3190 2570 quam
3231 2502 3274 2554 is
3314 2504 3404 2569 qui
3457 2503 3643 2571 suspi-

2064 2606 2221 2652 catur
2268 2595 2887 2664 transcorporationem,
2946 2594 3278 2662 respondens
3325 2594 3491 2656 dicet,
3550 2608 3648 2663 per

2061 2703 2126 2743 ea
2155 2689 2395 2758 quidem,
2427 2703 2551 2758 quae
2593 2701 2765 2756 nuper
2809 2686 3030 2755 probata
3078 2698 3225 2752 sunt,
3252 2683 3514 2740 Joannem
3558 2701 3650 2741 rn-

2066 2783 2214 2837 tione
2252 2782 2489 2851 quadam
2540 2779 2713 2833 Eliam
2760 2794 2882 2835 esse
2928 2789 3249 2841 venturum,
3299 2780 3647 2849 respondisse

2063 2888 2196 2928 vero
2227 2871 2612 2927 sacerdotibus
2641 2885 2704 2924 ac
2750 2868 2976 2933 Levitis,
3016 2886 3035 2920 ι
3075 2867 3193 2923 Νοιι
3226 2883 3345 2922 smn
3366 2869 3436 2931 ",
3464 2887 3484 2920 ι
3518 2883 3650 2922 con-

2060 2966 2359 3037 jectantem
2391 2962 2840 3032 interrogationis
2872 2961 3118 3029 ipsorum
3148 2962 3505 3015 voluntatem.
3536 2958 3650 3016 Nec

2065 3058 2209 3115 enim
2238 3056 2555 3113 intendebat
2603 3056 2720 3110 hare
2763 3054 3043 3123 inquisitio
3072 3055 3247 3122 prima
3273 3052 3466 3108 Joanni
3506 3054 3646 3108 facta

374 3147 564 3215 έτασις
590 3149 668 3222 τῷ
707 3151 930 3225 Ἰωάννῃ
959 3153 1068 3207 ἀπὸ
1099 3152 1209 3207 τῶν
1254 3151 1443 3223 ἱερέων
1473 3152 1569 3208 καὶ
1593 3152 1853 3219 Λευϊτῶν,
1901 3152 1960 3207 τδ

2070 3166 2097 3204 a
2126 3150 2506 3207 sacerdotibus
2528 3156 2584 3203 et
2618 3146 2842 3212 Levitis,
2877 3155 2931 3201 ut
2952 3147 3228 3201 discerent
3254 3161 3319 3199 an
3356 3146 3498 3200 idem
3530 3146 3645 3213 spi-

377 3241 571 3311 μαθεῖν
597 3244 647 3295 εἱ
672 3243 733 3296 τὸ
764 3243 896 3298 αὐτὸ
924 3243 1141 3315 πνεῦμα
1176 3246 1234 3298 ἐν
1267 3245 1599 3317 ἀμφοτέροις
1640 3244 1959 3316 ἐτύγχανεν,

374 3331 492 3385 ἀλλ’
523 3335 571 3386 εἱ
596 3336 625 3387 ό
665 3335 919 3406 Ἰωάννης
963 3336 1126 3400 αὐτὸς
1168 3336 1358 3400 Ἠλίας
1399 3338 1429 3389 ό
1472 3337 1822 3409 ἀναληφθεὶς,
1864 3335 1963 3393 νῦν

373 3424 794 3495 ἐπιφαινόμενος
850 3427 994 3481 κατά
1050 3427 1109 3481 τὸ
1177 3428 1453 3494 Ἰουδαίοις
1512 3428 1961 3502 προσδοκώμενον

374 3517 546 3587 χωρὶς
577 3517 867 3586 γενέσεως,
898 3519 965 3591 ῆν
993 3520 1136 3590 τάχα
1167 3520 1264 3574 καὶ
1295 3522 1527 3590 ἠγνόουν
1560 3524 1610 3577 οἱ
1640 3522 1748 3576 ἀπὸ
1797 3525 1961 3594 Ἰερο-

375 3607 627 3678 σολύμων
687 3609 1120 3676 ἀποσταλέντες·
1176 3613 1315 3686 πρὸς
1368 3614 1438 3685 ἢν
1485 3613 1681 3669 πεῦσιν
1730 3615 1960 3680 εἰκότως

376 3699 732 3771 ἀποκρίνεται
781 3706 869 3763 τὸ,
933 3720 953 3754 ι
1003 3704 1119 3760 Οὐκ
1168 3705 1321 3775 εἰμὶ,
1379 3724 1398 3756 ι
1449 3705 1509 3758 ού
1550 3704 1661 3777 γὰρ
1715 3704 1903 3770 Ἠλίας
1933 3706 1963 3758 ό

372 3790 707 3861 ἀναληφθεὶς
734 3793 974 3865 ἀμείψας
1003 3794 1163 3867 σῶμα
1201 3795 1449 3868 ἐληλύθει
1480 3799 1508 3849 6
1557 3796 1813 3868 Ἰωάννης
1844 3798 1962 3853 ὀνο-

377 3882 704 3954 μαζόμενος.
765 3886 823 3939 Ὀ
860 3885 918 3940 δὲ
964 3887 1197 3959 πρῶτος,
1242 3883 1303 3944 οῦ
1343 3888 1438 3942 τὸν
1482 3887 1609 3944 νοῦν
1646 3888 1963 3961 παρεθήκα-

376 3991 497 4045 μεν,
531 3976 781 4047 οἰομένου
816 3979 1306 4051 μετενσωμάτωσιν
1339 3977 1586 4033 ἐντεῦθεν
1618 3979 1961 4035 κατασκευά-

376 4065 587 4131 ζεσθαι,
621 4068 1055 4140 προσδιατρίϐων
1083 4072 1150 4141 τῇ
1186 4070 1406 4143 βασάνῳ
1440 4071 1541 4141 τῆς
1579 4071 1799 4136 λέξεως,
1847 4072 1965 4143 ἐρεῖ

379 4159 514 4232 πρὸς
546 4162 637 4215 τὸν
678 4161 951 4234 δεύτερον,
989 4164 1072 4217 ὅτι
1113 4163 1213 4217 οὐκ
1255 4165 1545 4219 ἀκόλουθον
1578 4167 1673 4219 τὸν
1714 4165 1964 4236 τηλικού-

374 4267 471 4304 του
522 4252 712 4324 ἱερέως
765 4254 1037 4326 Ζαχαρίου
1086 4255 1201 4309 υἱὸν
1245 4257 1339 4309 ἐπὶ
1394 4258 1543 4329 γήρᾳ
1597 4257 1963 4329 γεγενημένον

375 4342 707 4415 ἀμφοτέροις
728 4344 946 4411 γονεῦσι
968 4344 1120 4417 παρά
1150 4347 1332 4400 πᾶσαν
1361 4345 1711 4419 ἀνθρωπίνην
1736 4346 1963 4419 προσδο-

376 4434 503 4488 κίαν
531 4435 844 4503 ἀγνοεῖσθαι
892 4437 997 4491 ὑπὸ
1022 4436 1134 4491 τῶν
1170 4436 1443 4491 τοσούτων
1474 4440 1533 4491 ἐν
1570 4438 1964 4511 Ἰεροσολύμοις

388 4522 677 4587 Ἰουδαίων,
713 4527 807 4581 καὶ
839 4526 948 4580 τῶν
980 4528 1339 4600 πεμφθέντων
1387 4531 1479 4582 ὑπ’
1514 4529 1691 4583 αὐτῶν
1724 4531 1963 4585 Λευῖτῶν

375 4614 471 4665 καί
523 4615 732 4685 ἱερέων,
775 4617 837 4670 οὐ
882 4618 1262 4686 γινωσκόντων
1303 4620 1366 4673 τὸ
1413 4620 1740 4693 γεγενῆσθαι
1779 4622 1963 4687 αὑτὸν,

376 4704 472 4755 καὶ
501 4704 735 4773 μάλιστα
764 4707 951 4760 Δουκᾶ
981 4708 1402 4781 μαρτυροῦντος,
1437 4711 1519 4763 ὅτι
1558 4728 1579 4761 ‹
1622 4710 1841 4779 ἐγένετο
1873 4712 1965 4765 ἐπὶ

376 4797 585 4858 πάντας
614 4796 785 4864 φόϐος
809 4799 936 4861 τοὺς
963 4799 1374 4870 περιοικοῦντας
1405 4800 1602 4865 αὐτούς
1634 4821 1652 4853 ι
1680 4801 1855 4873 (δῆλον
1886 4802 1964 4865 δὲ,

375 4886 456 4939 ὅτι
481 4887 573 4940 τὸν
597 4888 873 4960 Ζαχαρίαν
899 4890 996 4943 καὶ
1032 4890 1130 4962 τὴν
1166 4890 1492 4961 Ἐλισάῦετ),
1526 4910 1544 4943 ι
1569 4894 1664 4947 καὶ
1693 4894 1751 4945 ἐν
1776 4893 1870 4963 ὅλῃ
1896 4896 1963 4965 τῇ

374 4981 557 5052 ὀρεινῇ
606 4981 703 5052 τῆς
770 4982 1029 5047 Ἰουδαίας
1080 4982 1374 5038 διελαλεῖτο
1411 4985 1589 5038 πάντα
1627 4984 1698 5038 τά
1740 4987 1963 5057 ῥήματα

374 5073 567 5129 ταῦτα.
613 5093 633 5126 ι
666 5076 728 5128 Εἱ
766 5075 824 5129 δὲ
853 5077 953 5130 οὐκ
989 5078 1236 5147 ἠγνοεῖτο
1272 5080 1305 5149 ἡ
1341 5080 1406 5131 ἐκ
1443 5079 1714 5149 Ζαχαρίου
1748 5079 1962 5147 γένεσις

388 5166 656 5232 Ἰωάννου,
693 5165 941 5238 ἔπεμπον
974 5169 1031 5222 δὲ
1060 5171 1112 5221 οἱ
1140 5169 1249 5223 ἀπὸ
1286 5170 1674 5241 Ἰεροσολύμων
1720 5172 1962 5225 Ἰουδαῖοι

374 5258 464 5311 διὰ
501 5257 612 5313 τῶν
642 5259 882 5313 Λευῐτῶν
934 5263 1031 5315 καὶ
1084 5261 1274 5334 ἱερέων
1321 5263 1645 5331 πευσόμενοι
1687 5266 1777 5328 τὸ,
1825 5282 1840 5313 ι
1888 5263 1961 5317 Σὺ

387 5350 572 5415 Ἠλίας
598 5347 682 5419 ei;
724 5371 743 5404 ι
775 5352 954 5424 δῆλον,
985 5354 1068 5407 ὅτι
1096 5354 1256 5409 τοῦτο
1288 5353 1471 5423 ἔλεγον
1506 5354 1568 5407 τὸ
1607 5355 1736 5425 περὶ
1772 5371 1960 5425 μετεν-

376 5442 758 5514 σωματώσεως
790 5445 967 5517 δόγμα
1003 5446 1243 5518 οἰόμενοι
1284 5443 1423 5501 εἶναι
1474 5447 1694 5516 ἀληθὲς,
1741 5447 1817 5510 ὡς
1849 5448 1956 5502 πά-

373 5551 524 5607 τριον
546 5539 832 5608 τυγχάνον,
878 5540 974 5593 καὶ
1017 5540 1118 5593 οὐκ
1146 5535 1442 5609 ’ἀλλότριον
1473 5540 1572 5610 τῆς
1616 5541 1675 5592 ἐν
1722 5541 1962 5613 ἀπορρή-

373 5642 489 5689 τοις
522 5626 869 5693 διδασκαλίας
914 5630 1115 5686 αύτῶν.
1149 5630 1247 5684 Διά
1283 5631 1442 5686 τοῦτο
1470 5627 1563 5685 οὖν
1592 5631 1760 5701 λέγει,
1797 5652 1815 5684 ι
1847 5635 1960 5687 Οὐκ

443 5748 489 5780 ⁸⁷
527 5749 716 5804 Matth.
751 5767 828 5815 xl,
858 5752 945 5806 14.
1050 5752 1097 5785 ⁸⁸
1129 5753 1298 5811 Exod.
1340 5769 1421 5816 ιιι,
1449 5753 1502 5815 6,
1538 5755 1626 5813 15,
1654 5754 1760 5819 16;
1800 5771 1873 5820 tv,
1897 5756 1951 5811 5.

375 5818 421 5850 ⁸³
455 5836 575 5889 cap.
603 5836 642 5888 ι,
671 5835 808 5877 vers.
838 5823 927 5879 65.
1003 5823 1049 5856 ⁸⁸
1077 5823 1207 5880 ibid.
1287 5823 1332 5857 ’δ
1356 5824 1512 5881 Joan.
1540 5841 1582 5891 ι,
1612 5829 1692 5893 ιν,
1724 5828 1814 5880 "ll.

2068 3243 2208 3299 ritus
2254 3241 2309 3296 in
2356 3249 2591 3309 utroque
2622 3249 2805 3305 esset;
2841 3239 2935 3294 sed
2983 3253 3050 3291 an
3099 3236 3340 3293 Joannes
3383 3249 3529 3293 esset
3558 3239 3649 3294 ille

2067 3334 2181 3403 ipse
2222 3333 2369 3388 Elias
2415 3333 2507 3402 qui
2556 3340 2869 3401 assumptus
2911 3328 3116 3396 fuerat,
3165 3346 3312 3386 nunc
3352 3346 3646 3402 apparens,

2056 3422 2211 3493 juxta
2240 3420 2551 3479 Judaeorum
2573 3423 3287 3492 exspectationem,absque
3312 3432 3456 3489 ortu,
3486 3437 3648 3492 quem

2063 3517 2296 3572 fortasse
2342 3516 2509 3571 etiam
2568 3514 2921 3583 ignorabant,
2964 3514 3058 3582 qui
3109 3514 3262 3568 missi
3309 3514 3533 3568 fuerunt
3577 3514 3649 3568 ab

2035 3608 2495 3681 -Hierosolymis;
2552 3608 2621 3662 ad
2687 3620 2852 3676 quam
2923 3606 3403 3676 interrogationem
3452 3608 3650 3661 merito

2064 3702 2394 3772 respondet:
2428 3720 2449 3754 ι
2494 3699 2611 3756 Non
2672 3714 2834 3764 sum;
2871 3716 2892 3750 ι
2934 3711 3114 3767 neque
3163 3700 3310 3752 enim
3359 3699 3508 3753 Elias
3556 3700 3649 3755 ille
3744 3740 3751 3743 -

2064 3810 2283 3853 sursum
2310 3803 2566 3864 receptus
2615 3792 2985 3848 alternaveral.
3023 3804 3242 3861 corpus,
3274 3791 3453 3846 dictus
3476 3790 3647 3847 Joan-

2063 3903 2182 3944 nes.
2214 3888 2288 3942 At
2338 3897 2531 3942 contra
2589 3884 2803 3955 primus
2851 3884 2974 3949 ille,‘
3011 3883 3169 3953 cujus
3221 3898 3444 3938 sensum
3487 3883 3651 3957 1,ιάΙ

2063 3979 2450 4052 proposuimus
2487 3975 2858 4033 existimantis
2895 3974 3488 4045 transcorporationem
3521 3976 3649 4028 hinc

2064 4072 2258 4137 astrui,
2302 4072 2605 4127 immorans
2641 4068 2697 4123 in
2740 4069 3151 4123 examinatione
3194 4069 3473 4135 dictionis,
3503 4068 3648 4122 dicet

2064 4167 2131 4223 ad
2167 4166 2396 4221 alterum
2428 4163 2654 4217 minime
2697 4177 3037 4233 consequens
3059 4176 3181 4216 esse
3204 4160 3487 4215 Zachariae
3510 4161 3646 4215 tanti

2030 4270 2035 4275 '
2064 4257 2369 4314 sacerdotis
2403 4255 2570 4309 lilium
2596 4255 2649 4309 iu
2680 4263 2965 4308 senectute
2996 4254 3247 4321 utrisque
3271 4252 3516 4322 genitum
3545 4266 3648 4320 pa-

2066 4351 2338 4414 rentibus,
2360 4357 2561 4420 praeter
2583 4362 2800 4402 omnem
2836 4348 3131 4400 humanam
3159 4343 3647 4412 exspectationem,

2068 4441 2311 4513 ignorari
2344 4455 2375 4495 a
2406 4450 2483 4495 tot
2504 4437 2704 4494 Judaeis
2734 4438 2830 4507 qui
2860 4446 3022 4491 erant
3052 4435 3465 4507 Hierosolyma,
3491 4445 3548 4490 et
3579 4437 3651 4491 ab

1994 4517 2041 4573 Ῑ)
2072 4536 2139 4590 iis
2168 4534 2262 4603 qui
2301 4532 2451 4587 missi
2493 4530 2714 4585 fuerunt
2751 4528 2817 4583 ab
2849 4529 2984 4599 ipsis
3025 4527 3235 4583 Levitis
3264 4541 3319 4582 et
3348 4527 3651 4582 sacerdoti-

2064 4625 2166 4679 bus
2206 4622 2579 4677 nescientibus
2619 4620 2797 4688 ipsum
2839 4626 3026 4671 natum
3087 4616 3280 4675 fuisse,
3306 4625 3358 4667 et
3408 4612 3646 4668 maxime

2063 4716 2391 4771 testilicante
2419 4709 2567 4765 Luca
2608 4710 2655 4741 θ’
2686 4712 2935 4763 timorem
2972 4707 3242 4776 ingruisse
3277 4728 3293 4755 ι
3333 4717 3496 4770 super
3525 4718 3645 4754 οιιιο·

2064 4821 2162 4861 nes
2200 4804 2408 4858 vicinos
2457 4814 2666 4864 eorum,
2694 4797 2948 4864 t(nempe
2989 4793 3271 4849 Zacharim
3302 4802 3357 4846 et
3395 4791 3637 4844 Elisabe-

2067 4895 2216 4968 litae),
2265 4913 2284 4947 ι
2329 4902 2383 4948 et
2423 4893 2568 4963 quod
2606 4891 2660 4945 iu
2700 4898 2810 4943 tota
2853 4900 3112 4942 montana
3158 4884 3361 4940 Judacaa
3408 4882 3649 4950 divulga-

2067 4990 2269 5043 bantur
2294 4986 2476 5039 omnia
2515 4985 2679 5037 verba
2717 4980 2910 5034 haec”.
2933 4997 2952 5030 ι
2988 4977 3141 5044 Quod
3169 4978 3211 5030 si
3242 4987 3396 5030 ortus
3415 4972 3644 5029 Joannis

2064 5093 2129 5134 ex
2183 5076 2446 5131 Zacharia
2494 5091 2601 5128 non
2638 5072 3015 5143 ignorabatur,
3058 5068 3430 5137 miserantque
3473 5063 3647 5119 Judaei

2066 5175 2136 5229 ab
2173 5167 2566 5238 Hierosolymis
2590 5182 2685 5236 per
2719 5165 2943 5220 Levites
2992 5172 3049 5218 et
3074 5160 3391 5216 sacerdotes
3423 5160 3651 5212 interro-

2068 5263 2267 5335 gaturi,
2299 5279 2319 5313 ι
2361 5260 2511 5313 Elias
2552 5273 2613 5312 es
2659 5256 2813 5311 tu“?
2842 5274 2862 5308 ι
2893 5255 3240 5326 perspicuum
3281 5260 3367 5307 est
3409 5251 3514 5304 hoc
3554 5262 3649 5303 eos

2066 5357 2291 5420 dixisse,
2317 5367 2505 5409 verum
2542 5358 2797 5421 putantes
2842 5363 2965 5403 esse
2991 5349 3182 5416 dogma
3205 5345 3272 5399 de
3297 5355 3648 5410 transcorpo-

2068 5448 2299 5514 ratione,
2329 5440 2522 5519 [quod]
2547 5457 2645 5497 ceu
2683 5441 2923 5511 patrium
2960 5440 3107 5493 esset
3153 5437 3420 5506 ipsorum,
3451 5442 3507 5487 et
3539 5445 3647 5486 non

2069 5541 2310 5595 alienum
2348 5537 2416 5591 ab
2447 5548 2649 5591 arcana
2698 5531 2944 5586 doctrina
2972 5544 3093 5599 quae
3125 5529 3268 5600 apud
3299 5527 3442 5595 ipsos
3473 5523 3650 5578 tradi-

2072 5643 2191 5697 tur;
2222 5629 2491 5698 addetque
2521 5627 2687 5681 etiam
2727 5627 2872 5679 hanc
2917 5624 2986 5678 ob
3026 5636 3247 5676 causam
3279 5617 3543 5673 Joannem
3573 5616 3652 5672 dio

2065 5757 2111 5787 δ’
2147 5755 2276 5809 Luc.
2317 5766 2388 5813 Ix,
2436 5748 2522 5802 l9.
2637 5745 2681 5778 ⁹⁰
2706 5744 2840 5799 Ceu.
2892 5742 3083 5811 tv,25.
3186 5739 3230 5773 ⁹¹
3271 5736 3429 5794 Joan.
3473 5752 3513 5807 ι,
3553 5736 3649 5795 21.
