  <div class='ocr_page' id='page_1' title='image "/cluster/home/n/w/nwhite01/storage/ocr_20150623/14:no.4/coo.31924054872928/121.png"; bbox 0 0 4194 6412; ppageno 0'>
   <div class='ocr_carea' id='block_1_1' title="bbox 586 346 696 401">
    <p class='ocr_par' dir='ltr' id='par_1_1' title="bbox 586 346 696 401">
     <span class='ocr_line' id='line_1_1' title="bbox 586 346 696 401; baseline 0 0"><span class='ocrx_word' id='word_1_1' title='bbox 586 346 696 401; x_wconf 70' lang='grc'><strong>225</strong></span> 
     </span>
    </p>
   </div>
   <div class='ocr_carea' id='block_1_2' title="bbox 2052 337 2379 396">
    <p class='ocr_par' dir='ltr' id='par_1_2' title="bbox 2052 337 2379 396">
     <span class='ocr_line' id='line_1_2' title="bbox 2052 337 2379 396; baseline -0.009 0"><span class='ocrx_word' id='word_1_2' title='bbox 2052 337 2379 396; x_wconf 85' lang='lat' dir='ltr'><strong>ORIGENIS</strong></span> 
     </span>
    </p>
   </div>
   <div class='ocr_carea' id='block_1_3' title="bbox 3764 324 3878 383">
    <p class='ocr_par' dir='ltr' id='par_1_3' title="bbox 3764 324 3878 383">
     <span class='ocr_line' id='line_1_3' title="bbox 3764 324 3878 383; baseline 0.009 -1"><span class='ocrx_word' id='word_1_3' title='bbox 3764 324 3878 383; x_wconf 65' lang='grc' dir='ltr'><strong>2ἳό</strong></span> 
     </span>
    </p>
   </div>
   <div class='ocr_carea' id='block_1_4' title="bbox 587 444 2198 529">
    <p class='ocr_par' dir='ltr' id='par_1_4' title="bbox 587 458 2180 529">
     <span class='ocr_line' id='line_1_4' title="bbox 587 458 2180 529; baseline -0.004 -11"><span class='ocrx_word' id='word_1_4' title='bbox 587 476 738 523; x_wconf 78' lang='lat' dir='ltr'><strong>cere.</strong></span> <span class='ocrx_word' id='word_1_5' title='bbox 770 458 885 515; x_wconf 80' lang='lat' dir='ltr'><strong>Non</strong></span> <span class='ocrx_word' id='word_1_6' title='bbox 918 474 1038 515; x_wconf 88' lang='lat' dir='ltr'><strong>sum</strong></span> <span class='ocrx_word' id='word_1_7' title='bbox 1073 458 1242 522; x_wconf 85' lang='lat' dir='ltr'><strong>Elias,</strong></span> <span class='ocrx_word' id='word_1_8' title='bbox 1267 458 1411 529; x_wconf 88' lang='lat' dir='ltr'><strong>quod</strong></span> <span class='ocrx_word' id='word_1_9' title='bbox 1445 458 1726 529; x_wconf 79' lang='lat' dir='ltr'><strong>ignoraret</strong></span> <span class='ocrx_word' id='word_1_10' title='bbox 1755 459 2029 529; x_wconf 82' lang='lat' dir='ltr'><strong>quodnam</strong></span> <span class='ocrx_word' id='word_1_11' title='bbox 2055 458 2180 512; x_wconf 65' lang='lat' dir='ltr'><strong>vitae</strong></span> 
     </span>
    </p>
   </div>
   <div class='ocr_carea' id='block_1_5' title="bbox 2300 444 3885 529">
    <p class='ocr_par' dir='ltr' id='par_1_5' title="bbox 2300 444 3885 524">
     <span class='ocr_line' id='line_1_5' title="bbox 2300 444 3885 524; baseline -0.006 -18"><span class='ocrx_word' id='word_1_12' title='bbox 2300 454 2394 524; x_wconf 68' lang='grc' dir='ltr'>ιίμὶ</span> <span class='ocrx_word' id='word_1_13' title='bbox 2424 451 2633 515; x_wconf 82' lang='grc' dir='ltr'>Ἠλίας,</span> <span class='ocrx_word' id='word_1_14' title='bbox 2674 471 2691 502; x_wconf 79' lang='grc' dir='ltr'><strong>ι</strong></span> <span class='ocrx_word' id='word_1_15' title='bbox 2722 452 2751 504; x_wconf 99' lang='lat'><strong>6</strong></span> <span class='ocrx_word' id='word_1_16' title='bbox 2779 450 3054 519; x_wconf 79' lang='grc' dir='ltr'><strong>Ἰωάννης,</strong></span> <span class='ocrx_word' id='word_1_17' title='bbox 3087 447 3211 502; x_wconf 81' lang='grc' dir='ltr'>ἐπεὶ</span> <span class='ocrx_word' id='word_1_18' title='bbox 3250 447 3439 516; x_wconf 81' lang='grc' dir='ltr'>ἀγνοεῖ</span> <span class='ocrx_word' id='word_1_19' title='bbox 3465 444 3556 499; x_wconf 79' lang='grc' dir='ltr'>τὸν</span> <span class='ocrx_word' id='word_1_20' title='bbox 3587 444 3721 498; x_wconf 78' lang='grc' dir='ltr'>ίδιον</span> <span class='ocrx_word' id='word_1_21' title='bbox 3744 448 3885 516; x_wconf 77' lang='grc' dir='ltr'>πρό-</span> 
     </span>
    </p>
   </div>
   <div class='ocr_carea' id='block_1_6' title="bbox 591 550 2177 624">
    <p class='ocr_par' dir='ltr' id='par_1_6' title="bbox 591 550 2177 624">
     <span class='ocr_line' id='line_1_6' title="bbox 591 550 2177 624; baseline -0.003 -16"><span class='ocrx_word' id='word_1_22' title='bbox 591 569 767 624; x_wconf 78' lang='lat' dir='ltr'><strong>genus</strong></span> <span class='ocrx_word' id='word_1_23' title='bbox 791 560 919 607; x_wconf 87' lang='lat' dir='ltr'><strong>ante</strong></span> <span class='ocrx_word' id='word_1_24' title='bbox 947 552 1328 622; x_wconf 79' lang='lat' dir='ltr'><strong>transegisset.</strong></span> <span class='ocrx_word' id='word_1_25' title='bbox 1359 550 1457 605; x_wconf 91' lang='lat' dir='ltr'><strong>llis</strong></span> <span class='ocrx_word' id='word_1_26' title='bbox 1484 551 1650 621; x_wconf 79' lang='lat' dir='ltr'><strong>igitur</strong></span> <span class='ocrx_word' id='word_1_27' title='bbox 1683 567 1791 606; x_wconf 89' lang='lat' dir='ltr'><strong>non</strong></span> <span class='ocrx_word' id='word_1_28' title='bbox 1822 561 2177 606; x_wconf 90' lang='lat' dir='ltr'><strong>contemnen-</strong></span> 
     </span>
    </p>
   </div>
   <div class='ocr_carea' id='block_1_7' title="bbox 591 642 2181 715">
    <p class='ocr_par' dir='ltr' id='par_1_7' title="bbox 591 642 2181 715">
     <span class='ocr_line' id='line_1_7' title="bbox 591 642 2181 715; baseline -0.003 -15"><span class='ocrx_word' id='word_1_29' title='bbox 591 646 721 701; x_wconf 86' lang='lat' dir='ltr'><strong>dam</strong></span> <span class='ocrx_word' id='word_1_30' title='bbox 763 644 1205 715; x_wconf 74' lang='lat' dir='ltr'><strong>probabilitatem</strong></span> <span class='ocrx_word' id='word_1_31' title='bbox 1258 642 1606 707; x_wconf 76' lang='lat' dir='ltr'><strong>habentibus,</strong></span> <span class='ocrx_word' id='word_1_32' title='bbox 1643 658 1862 698; x_wconf 90' lang='lat' dir='ltr'><strong>rursum</strong></span> <span class='ocrx_word' id='word_1_33' title='bbox 1913 642 2181 698; x_wconf 87' lang='lat' dir='ltr'><strong>ecclesia-</strong></span> 
     </span>
    </p>
   </div>
   <div class='ocr_carea' id='block_1_8' title="bbox 591 734 2183 804">
    <p class='ocr_par' dir='ltr' id='par_1_8' title="bbox 591 734 2183 804">
     <span class='ocr_line' id='line_1_8' title="bbox 591 734 2183 804; baseline -0.006 -10"><span class='ocrx_word' id='word_1_34' title='bbox 591 737 767 794; x_wconf 81' lang='lat' dir='ltr'><strong>sticus</strong></span> <span class='ocrx_word' id='word_1_35' title='bbox 793 736 1068 791; x_wconf 91' lang='lat' dir='ltr'><strong>dubitabit</strong></span> <span class='ocrx_word' id='word_1_36' title='bbox 1095 746 1285 790; x_wconf 85' lang='lat' dir='ltr'><strong>contra</strong></span> <span class='ocrx_word' id='word_1_37' title='bbox 1312 736 1464 789; x_wconf 84' lang='lat' dir='ltr'><strong>illum</strong></span> <span class='ocrx_word' id='word_1_38' title='bbox 1489 736 1752 804; x_wconf 86' lang='lat' dir='ltr'><strong>priorem,</strong></span> <span class='ocrx_word' id='word_1_39' title='bbox 1785 750 1855 788; x_wconf 91' lang='lat' dir='ltr'><strong>an</strong></span> <span class='ocrx_word' id='word_1_40' title='bbox 1887 734 2034 789; x_wconf 91' lang='lat' dir='ltr'><strong>illius</strong></span> <span class='ocrx_word' id='word_1_41' title='bbox 2053 749 2183 804; x_wconf 83' lang='lat' dir='ltr'><strong>prn-</strong></span> 
     </span>
    </p>
   </div>
   <div class='ocr_carea' id='block_1_9' title="bbox 593 827 2182 898">
    <p class='ocr_par' dir='ltr' id='par_1_9' title="bbox 593 827 2182 898">
     <span class='ocr_line' id='line_1_9' title="bbox 593 827 2182 898; baseline -0.001 -15"><span class='ocrx_word' id='word_1_42' title='bbox 593 831 772 898; x_wconf 69' lang='lat' dir='ltr'><strong>phetae</strong></span> <span class='ocrx_word' id='word_1_43' title='bbox 801 830 874 883; x_wconf 89' lang='lat' dir='ltr'><strong>sit</strong></span> <span class='ocrx_word' id='word_1_44' title='bbox 901 828 995 898; x_wconf 86' lang='lat' dir='ltr'><strong>qui</strong></span> <span class='ocrx_word' id='word_1_45' title='bbox 1036 844 1065 882; x_wconf 88' lang='lat' dir='ltr'><strong>a</strong></span> <span class='ocrx_word' id='word_1_46' title='bbox 1108 829 1320 897; x_wconf 84' lang='lat' dir='ltr'><strong>Spiritu</strong></span> <span class='ocrx_word' id='word_1_47' title='bbox 1361 828 1727 891; x_wconf 90' lang='lat' dir='ltr'><strong>illuminatur,</strong></span> <span class='ocrx_word' id='word_1_48' title='bbox 1756 828 1850 896; x_wconf 92' lang='lat' dir='ltr'><strong>qui</strong></span> <span class='ocrx_word' id='word_1_49' title='bbox 1882 827 1951 881; x_wconf 89' lang='lat' dir='ltr'><strong>ab</strong></span> <span class='ocrx_word' id='word_1_50' title='bbox 1979 828 2118 883; x_wconf 84' lang='lat' dir='ltr'><strong>Isaia</strong></span> <span class='ocrx_word' id='word_1_51' title='bbox 2133 828 2182 861; x_wconf 82' lang='lat'><strong>&quot;</strong></span> 
     </span>
    </p>
   </div>
   <div class='ocr_carea' id='block_1_10' title="bbox 592 922 2181 994">
    <p class='ocr_par' dir='ltr' id='par_1_10' title="bbox 592 922 2181 994">
     <span class='ocr_line' id='line_1_10' title="bbox 592 922 2181 994; baseline 0.002 -20"><span class='ocrx_word' id='word_1_52' title='bbox 592 923 974 994; x_wconf 86' lang='lat' dir='ltr'><strong>prophetatur,</strong></span> <span class='ocrx_word' id='word_1_53' title='bbox 1007 922 1096 992; x_wconf 85' lang='lat' dir='ltr'><strong>qui</strong></span> <span class='ocrx_word' id='word_1_54' title='bbox 1128 938 1155 976; x_wconf 87' lang='lat' dir='ltr'><strong>a</strong></span> <span class='ocrx_word' id='word_1_55' title='bbox 1193 923 1287 977; x_wconf 85' lang='lat' dir='ltr'><strong>tali</strong></span> <span class='ocrx_word' id='word_1_56' title='bbox 1321 931 1583 991; x_wconf 84' lang='lat' dir='ltr'><strong>tantoque</strong></span> <span class='ocrx_word' id='word_1_57' title='bbox 1612 922 1830 991; x_wconf 82' lang='lat' dir='ltr'><strong>angelo,</strong></span> <span class='ocrx_word' id='word_1_58' title='bbox 1864 922 2181 992; x_wconf 81' lang='lat' dir='ltr'><strong>priusquam</strong></span> 
     </span>
    </p>
   </div>
   <div class='ocr_carea' id='block_1_11' title="bbox 594 1013 2182 1083">
    <p class='ocr_par' dir='ltr' id='par_1_11' title="bbox 594 1013 2182 1083">
     <span class='ocr_line' id='line_1_11' title="bbox 594 1013 2182 1083; baseline -0.001 -14"><span class='ocrx_word' id='word_1_59' title='bbox 594 1029 934 1077; x_wconf 82' lang='lat' dir='ltr'><strong>nasceretur,</strong></span> <span class='ocrx_word' id='word_1_60' title='bbox 975 1013 1297 1083; x_wconf 74' lang='lat' dir='ltr'><strong>pnedicitur</strong></span> <span class='ocrx_word' id='word_1_61' title='bbox 1346 1016 1647 1083; x_wconf 84' lang='lat' dir='ltr'><strong>pariendus</strong></span> <span class='ocrx_word' id='word_1_62' title='bbox 1665 1015 1733 1078; x_wconf 73' lang='grc'><strong>⁸⁸,</strong></span> <span class='ocrx_word' id='word_1_63' title='bbox 1761 1016 1851 1083; x_wconf 93' lang='lat' dir='ltr'><strong>qui</strong></span> <span class='ocrx_word' id='word_1_64' title='bbox 1889 1029 1956 1069; x_wconf 77' lang='lat' dir='ltr'><strong>ex</strong></span> <span class='ocrx_word' id='word_1_65' title='bbox 2000 1014 2182 1083; x_wconf 90' lang='lat' dir='ltr'><strong>pleni-</strong></span> 
     </span>
    </p>
   </div>
   <div class='ocr_carea' id='block_1_12' title="bbox 596 1105 2185 1173">
    <p class='ocr_par' dir='ltr' id='par_1_12' title="bbox 596 1105 2185 1173">
     <span class='ocr_line' id='line_1_12' title="bbox 596 1105 2185 1173; baseline -0.003 -12"><span class='ocrx_word' id='word_1_66' title='bbox 596 1106 787 1161; x_wconf 90' lang='lat' dir='ltr'><strong>tudine</strong></span> <span class='ocrx_word' id='word_1_67' title='bbox 834 1105 1037 1161; x_wconf 87' lang='lat' dir='ltr'><strong>Christi</strong></span> <span class='ocrx_word' id='word_1_68' title='bbox 1092 1106 1324 1173; x_wconf 88' lang='lat' dir='ltr'><strong>accepit,</strong></span> <span class='ocrx_word' id='word_1_69' title='bbox 1361 1105 1451 1173; x_wconf 89' lang='lat' dir='ltr'><strong>qui</strong></span> <span class='ocrx_word' id='word_1_70' title='bbox 1495 1106 1726 1173; x_wconf 69' lang='lat' dir='ltr'><strong>gratiam</strong></span> <span class='ocrx_word' id='word_1_71' title='bbox 1762 1105 1924 1161; x_wconf 83' lang='lat' dir='ltr'><strong>talem</strong></span> <span class='ocrx_word' id='word_1_72' title='bbox 1971 1121 2035 1161; x_wconf 87' lang='lat' dir='ltr'><strong>ac</strong></span> <span class='ocrx_word' id='word_1_73' title='bbox 2065 1117 2185 1160; x_wconf 76' lang='lat' dir='ltr'><strong>tan.</strong></span> 
     </span>
    </p>
   </div>
   <div class='ocr_carea' id='block_1_13' title="bbox 593 1196 2183 1266">
    <p class='ocr_par' dir='ltr' id='par_1_13' title="bbox 593 1196 2183 1266">
     <span class='ocr_line' id='line_1_13' title="bbox 593 1196 2183 1266; baseline 0.001 -14"><span class='ocrx_word' id='word_1_74' title='bbox 593 1207 704 1252; x_wconf 87' lang='lat' dir='ltr'><strong>tam</strong></span> <span class='ocrx_word' id='word_1_75' title='bbox 735 1197 1101 1266; x_wconf 80' lang='lat' dir='ltr'><strong>participavit,</strong></span> <span class='ocrx_word' id='word_1_76' title='bbox 1134 1196 1226 1266; x_wconf 85' lang='lat' dir='ltr'><strong>qui</strong></span> <span class='ocrx_word' id='word_1_77' title='bbox 1250 1196 1519 1253; x_wconf 77' lang='lat' dir='ltr'><strong>intellexit</strong></span> <span class='ocrx_word' id='word_1_78' title='bbox 1545 1198 1830 1253; x_wconf 84' lang='lat' dir='ltr'><strong>veritatem</strong></span> <span class='ocrx_word' id='word_1_79' title='bbox 1864 1213 1964 1266; x_wconf 88' lang='lat' dir='ltr'><strong>per</strong></span> <span class='ocrx_word' id='word_1_80' title='bbox 1995 1197 2183 1255; x_wconf 83' lang='lat' dir='ltr'><strong>Jesum</strong></span> 
     </span>
    </p>
   </div>
   <div class='ocr_carea' id='block_1_14' title="bbox 594 1288 2183 1358">
    <p class='ocr_par' dir='ltr' id='par_1_14' title="bbox 594 1288 2183 1358">
     <span class='ocr_line' id='line_1_14' title="bbox 594 1288 2183 1358; baseline 0.001 -11"><span class='ocrx_word' id='word_1_81' title='bbox 594 1289 877 1347; x_wconf 87' lang='lat' dir='ltr'><strong>Christum</strong></span> <span class='ocrx_word' id='word_1_82' title='bbox 909 1288 1114 1345; x_wconf 82' lang='lat' dir='ltr'><strong>factam</strong></span> <span class='ocrx_word' id='word_1_83' title='bbox 1162 1289 1352 1353; x_wconf 78' lang='lat' dir='ltr'><strong>fuisse,</strong></span> <span class='ocrx_word' id='word_1_84' title='bbox 1390 1289 1483 1358; x_wconf 83' lang='lat' dir='ltr'><strong>qui</strong></span> <span class='ocrx_word' id='word_1_85' title='bbox 1514 1289 1643 1346; x_wconf 88' lang='lat' dir='ltr'><strong>talia</strong></span> <span class='ocrx_word' id='word_1_86' title='bbox 1683 1306 1747 1345; x_wconf 86' lang='lat' dir='ltr'><strong>ae</strong></span> <span class='ocrx_word' id='word_1_87' title='bbox 1777 1301 1927 1346; x_wconf 85' lang='lat' dir='ltr'><strong>tanta</strong></span> <span class='ocrx_word' id='word_1_88' title='bbox 1955 1292 2023 1346; x_wconf 91' lang='lat' dir='ltr'><strong>de</strong></span> <span class='ocrx_word' id='word_1_89' title='bbox 2049 1291 2183 1355; x_wconf 88' lang='lat' dir='ltr'><strong>Deo,</strong></span> 
     </span>
    </p>
   </div>
   <div class='ocr_carea' id='block_1_15' title="bbox 594 1381 2185 1453">
    <p class='ocr_par' dir='ltr' id='par_1_15' title="bbox 594 1381 2185 1453">
     <span class='ocr_line' id='line_1_15' title="bbox 594 1381 2185 1453; baseline 0.003 -17"><span class='ocrx_word' id='word_1_90' title='bbox 594 1397 660 1438; x_wconf 80' lang='lat' dir='ltr'><strong>ac</strong></span> <span class='ocrx_word' id='word_1_91' title='bbox 687 1384 755 1438; x_wconf 91' lang='lat' dir='ltr'><strong>de</strong></span> <span class='ocrx_word' id='word_1_92' title='bbox 785 1382 901 1453; x_wconf 75' lang='lat' dir='ltr'><strong>ejus</strong></span> <span class='ocrx_word' id='word_1_93' title='bbox 929 1381 1223 1453; x_wconf 76' lang='lat' dir='ltr'><strong>Unigenilo</strong></span> <span class='ocrx_word' id='word_1_94' title='bbox 1251 1381 1365 1447; x_wconf 91' lang='lat' dir='ltr'><strong>illo,</strong></span> <span class='ocrx_word' id='word_1_95' title='bbox 1412 1382 1504 1450; x_wconf 88' lang='lat' dir='ltr'><strong>qui</strong></span> <span class='ocrx_word' id='word_1_96' title='bbox 1539 1382 1606 1435; x_wconf 89' lang='lat' dir='ltr'><strong>ad</strong></span> <span class='ocrx_word' id='word_1_97' title='bbox 1642 1383 1822 1437; x_wconf 89' lang='lat' dir='ltr'><strong>sinum</strong></span> <span class='ocrx_word' id='word_1_98' title='bbox 1872 1382 2050 1439; x_wconf 82' lang='lat' dir='ltr'><strong>Patris</strong></span> <span class='ocrx_word' id='word_1_99' title='bbox 2077 1395 2185 1450; x_wconf 90' lang='lat' dir='ltr'><strong>est,</strong></span> 
     </span>
    </p>
   </div>
   <div class='ocr_carea' id='block_1_16' title="bbox 594 1458 2184 1544">
    <p class='ocr_par' dir='ltr' id='par_1_16' title="bbox 594 1458 2184 1544">
     <span class='ocr_line' id='line_1_16' title="bbox 594 1458 2184 1544; baseline 0.001 -14"><span class='ocrx_word' id='word_1_100' title='bbox 594 1458 969 1539; x_wconf 78' lang='lat' dir='ltr'><strong>enarravit&quot;,</strong></span> <span class='ocrx_word' id='word_1_101' title='bbox 1015 1474 1262 1538; x_wconf 90' lang='lat' dir='ltr'><strong>mentiri,</strong></span> <span class='ocrx_word' id='word_1_102' title='bbox 1315 1481 1484 1544; x_wconf 86' lang='lat' dir='ltr'><strong>atque</strong></span> <span class='ocrx_word' id='word_1_103' title='bbox 1541 1474 1707 1529; x_wconf 90' lang='lat' dir='ltr'><strong>etiam</strong></span> <span class='ocrx_word' id='word_1_104' title='bbox 1769 1474 2043 1541; x_wconf 68' lang='lat' dir='ltr'><strong>haesitare,</strong></span> <span class='ocrx_word' id='word_1_105' title='bbox 2074 1491 2184 1532; x_wconf 89' lang='lat' dir='ltr'><strong>non</strong></span> 
     </span>
    </p>
   </div>
   <div class='ocr_carea' id='block_1_17' title="bbox 597 1565 2187 1637">
    <p class='ocr_par' dir='ltr' id='par_1_17' title="bbox 597 1565 2187 1637">
     <span class='ocr_line' id='line_1_17' title="bbox 597 1565 2187 1637; baseline 0.002 -17"><span class='ocrx_word' id='word_1_106' title='bbox 597 1575 989 1637; x_wconf 71' lang='lat' dir='ltr'><strong>agnoscentem</strong></span> <span class='ocrx_word' id='word_1_107' title='bbox 1033 1565 1180 1635; x_wconf 89' lang='lat' dir='ltr'><strong>quod</strong></span> <span class='ocrx_word' id='word_1_108' title='bbox 1229 1573 1371 1622; x_wconf 90' lang='lat' dir='ltr'><strong>erat.</strong></span> <span class='ocrx_word' id='word_1_109' title='bbox 1417 1565 1722 1633; x_wconf 85' lang='lat' dir='ltr'><strong>Oportebat</strong></span> <span class='ocrx_word' id='word_1_110' title='bbox 1748 1566 1895 1620; x_wconf 91' lang='lat' dir='ltr'><strong>enim</strong></span> <span class='ocrx_word' id='word_1_111' title='bbox 1922 1567 1991 1622; x_wconf 87' lang='lat' dir='ltr'><strong>de</strong></span> <span class='ocrx_word' id='word_1_112' title='bbox 2024 1566 2187 1623; x_wconf 85' lang='lat' dir='ltr'><strong>rebus</strong></span> 
     </span>
    </p>
   </div>
   <div class='ocr_carea' id='block_1_18' title="bbox 594 1656 2180 1727">
    <p class='ocr_par' dir='ltr' id='par_1_18' title="bbox 594 1656 2180 1727">
     <span class='ocr_line' id='line_1_18' title="bbox 594 1656 2180 1727; baseline 0.001 -14"><span class='ocrx_word' id='word_1_113' title='bbox 594 1658 1009 1713; x_wconf 82' lang='lat' dir='ltr'><strong>obscurioribus</strong></span> <span class='ocrx_word' id='word_1_114' title='bbox 1043 1656 1418 1712; x_wconf 80' lang='lat' dir='ltr'><strong>assensionem</strong></span> <span class='ocrx_word' id='word_1_115' title='bbox 1456 1656 1730 1721; x_wconf 87' lang='lat' dir='ltr'><strong>inhibere,</strong></span> <span class='ocrx_word' id='word_1_116' title='bbox 1772 1672 1950 1727; x_wconf 85' lang='lat' dir='ltr'><strong>neque</strong></span> <span class='ocrx_word' id='word_1_117' title='bbox 1978 1673 2180 1714; x_wconf 77' lang='lat' dir='ltr'><strong>conce-</strong></span> 
     </span>
    </p>
   </div>
   <div class='ocr_carea' id='block_1_19' title="bbox 597 1749 2186 1819">
    <p class='ocr_par' dir='ltr' id='par_1_19' title="bbox 597 1749 2186 1819">
     <span class='ocr_line' id='line_1_19' title="bbox 597 1749 2186 1819; baseline 0 -13"><span class='ocrx_word' id='word_1_118' title='bbox 597 1752 800 1815; x_wconf 87' lang='lat' dir='ltr'><strong>dendo,</strong></span> <span class='ocrx_word' id='word_1_119' title='bbox 861 1765 1039 1818; x_wconf 82' lang='lat' dir='ltr'><strong>neque</strong></span> <span class='ocrx_word' id='word_1_120' title='bbox 1097 1749 1336 1804; x_wconf 87' lang='lat' dir='ltr'><strong>tollendo</strong></span> <span class='ocrx_word' id='word_1_121' title='bbox 1391 1749 1843 1819; x_wconf 79' lang='lat' dir='ltr'><strong>propositionem.</strong></span> <span class='ocrx_word' id='word_1_122' title='bbox 1900 1750 2186 1818; x_wconf 82' lang='lat' dir='ltr'><strong>Quomodo</strong></span> 
     </span>
    </p>
   </div>
   <div class='ocr_carea' id='block_1_20' title="bbox 2282 535 3889 615">
    <p class='ocr_par' dir='ltr' id='par_1_20' title="bbox 2282 535 3889 615">
     <span class='ocr_line' id='line_1_20' title="bbox 2282 535 3889 615; baseline -0.004 -15"><span class='ocrx_word' id='word_1_123' title='bbox 2282 561 2441 615; x_wconf 84' lang='grc' dir='ltr'>τερον</span> <span class='ocrx_word' id='word_1_124' title='bbox 2471 543 2605 615; x_wconf 87' lang='grc' dir='ltr'>βίον.</span> <span class='ocrx_word' id='word_1_125' title='bbox 2638 542 2857 596; x_wconf 81' lang='grc' dir='ltr'><strong>Τούτων</strong></span> <span class='ocrx_word' id='word_1_126' title='bbox 2896 541 2961 612; x_wconf 83' lang='grc' dir='ltr'><strong>δὴ</strong></span> <span class='ocrx_word' id='word_1_127' title='bbox 3003 539 3105 595; x_wconf 80' lang='grc' dir='ltr'>οὐκ</span> <span class='ocrx_word' id='word_1_128' title='bbox 3142 536 3624 611; x_wconf 83' lang='grc' dir='ltr'>εὐκαταφρόνητον</span> <span class='ocrx_word' id='word_1_129' title='bbox 3658 535 3889 593; x_wconf 86' lang='grc' dir='ltr'>πιθανό-</span> 
     </span>
    </p>
   </div>
   <div class='ocr_carea' id='block_1_21' title="bbox 2281 629 3886 710">
    <p class='ocr_par' dir='ltr' id='par_1_21' title="bbox 2281 629 3886 710">
     <span class='ocr_line' id='line_1_21' title="bbox 2281 629 3886 710; baseline -0.004 -18"><span class='ocrx_word' id='word_1_130' title='bbox 2281 655 2423 710; x_wconf 88' lang='grc' dir='ltr'>τητα</span> <span class='ocrx_word' id='word_1_131' title='bbox 2476 636 2712 709; x_wconf 87' lang='grc' dir='ltr'>ἐχόντων</span> <span class='ocrx_word' id='word_1_132' title='bbox 2732 675 2748 700; x_wconf 88' lang='grc'><strong>,</strong></span> <span class='ocrx_word' id='word_1_133' title='bbox 2803 634 2966 688; x_wconf 85' lang='grc' dir='ltr'>πάλιν</span> <span class='ocrx_word' id='word_1_134' title='bbox 3001 635 3031 687; x_wconf 92' lang='lat'><strong>6</strong></span> <span class='ocrx_word' id='word_1_135' title='bbox 3093 630 3547 703; x_wconf 80' lang='grc' dir='ltr'>ἐκκλησιαστικὺς</span> <span class='ocrx_word' id='word_1_136' title='bbox 3606 629 3886 702; x_wconf 82' lang='grc' dir='ltr'><strong>ἀπορήσει</strong></span> 
     </span>
    </p>
   </div>
   <div class='ocr_carea' id='block_1_22' title="bbox 2283 720 3889 802">
    <p class='ocr_par' dir='ltr' id='par_1_22' title="bbox 2283 720 3889 802">
     <span class='ocr_line' id='line_1_22' title="bbox 2283 720 3889 802; baseline -0.004 -18"><span class='ocrx_word' id='word_1_137' title='bbox 2283 730 2422 802; x_wconf 79' lang='grc' dir='ltr'>πρὸς</span> <span class='ocrx_word' id='word_1_138' title='bbox 2451 729 2546 782; x_wconf 82' lang='grc' dir='ltr'>τὸν</span> <span class='ocrx_word' id='word_1_139' title='bbox 2574 728 2861 799; x_wconf 85' lang='grc' dir='ltr'>πρότερον,</span> <span class='ocrx_word' id='word_1_140' title='bbox 2892 727 2942 779; x_wconf 84' lang='grc' dir='ltr'><strong>εί</strong></span> <span class='ocrx_word' id='word_1_141' title='bbox 2976 724 3119 780; x_wconf 72' lang='grc' dir='ltr'>κατὰ</span> <span class='ocrx_word' id='word_1_142' title='bbox 3137 724 3229 779; x_wconf 76' lang='grc' dir='ltr'>τὸν</span> <span class='ocrx_word' id='word_1_143' title='bbox 3255 723 3545 795; x_wconf 80' lang='grc' dir='ltr'><strong>προφήτην</strong></span> <span class='ocrx_word' id='word_1_144' title='bbox 3579 721 3734 776; x_wconf 72' lang='grc' dir='ltr'>ἐστὶν</span> <span class='ocrx_word' id='word_1_145' title='bbox 3777 720 3889 777; x_wconf 75' lang='grc' dir='ltr'><strong>ὑπὸ</strong></span> 
     </span>
    </p>
   </div>
   <div class='ocr_carea' id='block_1_23' title="bbox 2281 814 3886 893">
    <p class='ocr_par' dir='ltr' id='par_1_23' title="bbox 2281 814 3886 893">
     <span class='ocr_line' id='line_1_23' title="bbox 2281 814 3886 893; baseline -0.008 -14"><span class='ocrx_word' id='word_1_146' title='bbox 2281 824 2377 881; x_wconf 89' lang='grc' dir='ltr'><strong>τοῦ</strong></span> <span class='ocrx_word' id='word_1_147' title='bbox 2418 821 2736 893; x_wconf 74' lang='grc' dir='ltr'>Πνεῦματος</span> <span class='ocrx_word' id='word_1_148' title='bbox 2767 818 3155 890; x_wconf 77' lang='grc' dir='ltr'>φωτιζόμενον,</span> <span class='ocrx_word' id='word_1_149' title='bbox 3194 818 3290 871; x_wconf 79' lang='grc' dir='ltr'>καὶ</span> <span class='ocrx_word' id='word_1_150' title='bbox 3325 816 3432 870; x_wconf 82' lang='grc' dir='ltr'><strong>ὑπὸ</strong></span> <span class='ocrx_word' id='word_1_151' title='bbox 3478 814 3707 868; x_wconf 74' lang='grc' dir='ltr'>Ἡσαΐου</span> <span class='ocrx_word' id='word_1_152' title='bbox 3746 830 3886 885; x_wconf 81' lang='grc' dir='ltr'>προ-</span> 
     </span>
    </p>
   </div>
   <div class='ocr_carea' id='block_1_24' title="bbox 2285 904 3886 987">
    <p class='ocr_par' dir='ltr' id='par_1_24' title="bbox 2285 904 3886 987">
     <span class='ocr_line' id='line_1_24' title="bbox 2285 904 3886 987; baseline -0.008 -17"><span class='ocrx_word' id='word_1_153' title='bbox 2285 915 2676 987; x_wconf 86' lang='grc' dir='ltr'>φητευόμενον,</span> <span class='ocrx_word' id='word_1_154' title='bbox 2717 911 2823 966; x_wconf 81' lang='grc' dir='ltr'>ὑπό</span> <span class='ocrx_word' id='word_1_155' title='bbox 2855 927 2915 964; x_wconf 88' lang='grc' dir='ltr'><strong>τε</strong></span> <span class='ocrx_word' id='word_1_156' title='bbox 2953 908 3275 981; x_wconf 80' lang='grc' dir='ltr'><strong>τηλικούτου</strong></span> <span class='ocrx_word' id='word_1_157' title='bbox 3309 906 3405 960; x_wconf 90' lang='grc' dir='ltr'><strong>τοῦ</strong></span> <span class='ocrx_word' id='word_1_158' title='bbox 3450 906 3711 976; x_wconf 76' lang='grc' dir='ltr'><strong>ἀγγέλου,</strong></span> <span class='ocrx_word' id='word_1_159' title='bbox 3752 904 3886 977; x_wconf 77' lang='grc' dir='ltr'>πρὶν</span> 
     </span>
    </p>
   </div>
   <div class='ocr_carea' id='block_1_25' title="bbox 2287 997 3891 1078">
    <p class='ocr_par' dir='ltr' id='par_1_25' title="bbox 2287 997 3891 1078">
     <span class='ocr_line' id='line_1_25' title="bbox 2287 997 3891 1078; baseline -0.008 -15"><span class='ocrx_word' id='word_1_160' title='bbox 2287 1007 2634 1078; x_wconf 79' lang='grc' dir='ltr'>γεννηθῆναι,</span> <span class='ocrx_word' id='word_1_161' title='bbox 2660 1001 3023 1075; x_wconf 82' lang='grc' dir='ltr'>τεχθήσεσθαι</span> <span class='ocrx_word' id='word_1_162' title='bbox 3061 998 3483 1074; x_wconf 87' lang='grc' dir='ltr'>προειρημένον,</span> <span class='ocrx_word' id='word_1_163' title='bbox 3519 1000 3586 1052; x_wconf 90' lang='grc' dir='ltr'><strong>ἐκ</strong></span> <span class='ocrx_word' id='word_1_164' title='bbox 3614 998 3713 1052; x_wconf 89' lang='grc' dir='ltr'><strong>τοῦ</strong></span> <span class='ocrx_word' id='word_1_165' title='bbox 3748 997 3891 1069; x_wconf 87' lang='grc' dir='ltr'>πλη-</span> 
     </span>
    </p>
   </div>
   <div class='ocr_carea' id='block_1_26' title="bbox 2288 1089 3890 1175">
    <p class='ocr_par' dir='ltr' id='par_1_26' title="bbox 2288 1089 3890 1175">
     <span class='ocr_line' id='line_1_26' title="bbox 2288 1089 3890 1175; baseline -0.009 -20"><span class='ocrx_word' id='word_1_166' title='bbox 2288 1101 2546 1175; x_wconf 81' lang='grc' dir='ltr'>ρώματος</span> <span class='ocrx_word' id='word_1_167' title='bbox 2568 1094 2807 1169; x_wconf 77' lang='grc' dir='ltr'>Χριστοῦ</span> <span class='ocrx_word' id='word_1_168' title='bbox 2831 1092 3111 1164; x_wconf 76' lang='grc' dir='ltr'><strong>εἰληφότα,</strong></span> <span class='ocrx_word' id='word_1_169' title='bbox 3134 1091 3357 1163; x_wconf 86' lang='grc' dir='ltr'>χάριτος</span> <span class='ocrx_word' id='word_1_170' title='bbox 3385 1089 3725 1162; x_wconf 80' lang='grc' dir='ltr'><strong>τηλικαύτης</strong></span> <span class='ocrx_word' id='word_1_171' title='bbox 3756 1105 3890 1161; x_wconf 84' lang='grc' dir='ltr'>μετ-</span> 
     </span>
    </p>
   </div>
   <div class='ocr_carea' id='block_1_27' title="bbox 2286 1180 3894 1261">
    <p class='ocr_par' dir='ltr' id='par_1_27' title="bbox 2286 1180 3894 1261">
     <span class='ocr_line' id='line_1_27' title="bbox 2286 1180 3894 1261; baseline -0.008 -16"><span class='ocrx_word' id='word_1_172' title='bbox 2286 1191 2561 1261; x_wconf 87' lang='grc' dir='ltr'>εσχηκότα</span> <span class='ocrx_word' id='word_1_173' title='bbox 2587 1227 2603 1253; x_wconf 94' lang='grc'><strong>,</strong></span> <span class='ocrx_word' id='word_1_174' title='bbox 2652 1185 2752 1258; x_wconf 82' lang='grc' dir='ltr'>τὴν</span> <span class='ocrx_word' id='word_1_175' title='bbox 2792 1184 3052 1257; x_wconf 78' lang='grc' dir='ltr'>ἀλήθειαν</span> <span class='ocrx_word' id='word_1_176' title='bbox 3086 1182 3177 1236; x_wconf 86' lang='grc' dir='ltr'><strong>διὰ</strong></span> <span class='ocrx_word' id='word_1_177' title='bbox 3226 1181 3402 1255; x_wconf 81' lang='grc' dir='ltr'><strong>Ἰησοῦ</strong></span> <span class='ocrx_word' id='word_1_178' title='bbox 3446 1180 3688 1252; x_wconf 80' lang='grc' dir='ltr'>Χριστοῦ</span> <span class='ocrx_word' id='word_1_179' title='bbox 3729 1195 3894 1249; x_wconf 89' lang='grc' dir='ltr'>γεγε-</span> 
     </span>
    </p>
   </div>
   <div class='ocr_carea' id='block_1_28' title="bbox 2286 1262 3890 1351">
    <p class='ocr_par' dir='ltr' id='par_1_28' title="bbox 2286 1262 3890 1351">
     <span class='ocr_line' id='line_1_28' title="bbox 2286 1262 3890 1351; baseline -0.012 -16"><span class='ocrx_word' id='word_1_180' title='bbox 2286 1280 2483 1351; x_wconf 79' lang='grc' dir='ltr'>νῆσθαι</span> <span class='ocrx_word' id='word_1_181' title='bbox 2512 1275 2827 1346; x_wconf 85' lang='grc' dir='ltr'>νενοηκότα,</span> <span class='ocrx_word' id='word_1_182' title='bbox 2860 1272 2989 1345; x_wconf 69' lang='grc' dir='ltr'>περὶ</span> <span class='ocrx_word' id='word_1_183' title='bbox 3011 1270 3148 1324; x_wconf 83' lang='grc' dir='ltr'><strong>Θεοῦ</strong></span> <span class='ocrx_word' id='word_1_184' title='bbox 3176 1270 3272 1325; x_wconf 71' lang='grc' dir='ltr'>καὶ</span> <span class='ocrx_word' id='word_1_185' title='bbox 3304 1268 3399 1323; x_wconf 90' lang='grc' dir='ltr'><strong>τοῦ</strong></span> <span class='ocrx_word' id='word_1_186' title='bbox 3420 1263 3766 1338; x_wconf 83' lang='grc' dir='ltr'>Μονογενοῦς</span> <span class='ocrx_word' id='word_1_187' title='bbox 3792 1262 3890 1317; x_wconf 85' lang='grc' dir='ltr'><strong>τοῦ</strong></span> 
     </span>
    </p>
   </div>
   <div class='ocr_carea' id='block_1_29' title="bbox 2284 1355 3891 1436">
    <p class='ocr_par' dir='ltr' id='par_1_29' title="bbox 2284 1355 3891 1436">
     <span class='ocr_line' id='line_1_29' title="bbox 2284 1355 3891 1436; baseline -0.012 -9"><span class='ocrx_word' id='word_1_188' title='bbox 2284 1375 2368 1436; x_wconf 80' lang='grc' dir='ltr'><strong>είς</strong></span> <span class='ocrx_word' id='word_1_189' title='bbox 2396 1373 2486 1426; x_wconf 73' lang='grc' dir='ltr'><strong>τὸν</strong></span> <span class='ocrx_word' id='word_1_190' title='bbox 2505 1370 2705 1424; x_wconf 81' lang='grc' dir='ltr'><strong>κόλπον</strong></span> <span class='ocrx_word' id='word_1_191' title='bbox 2724 1366 2819 1420; x_wconf 86' lang='grc' dir='ltr'><strong>τοῦ</strong></span> <span class='ocrx_word' id='word_1_192' title='bbox 2850 1364 3065 1435; x_wconf 74' lang='grc' dir='ltr'>[ἰατρὸς</span> <span class='ocrx_word' id='word_1_193' title='bbox 3093 1362 3495 1433; x_wconf 72' lang='grc' dir='ltr'>διηγησάμενον</span> <span class='ocrx_word' id='word_1_194' title='bbox 3522 1357 3594 1412; x_wconf 76' lang='grc' dir='ltr'>τὰ</span> <span class='ocrx_word' id='word_1_195' title='bbox 3620 1355 3891 1420; x_wconf 87' lang='grc' dir='ltr'>τοσαῦτα,</span> 
     </span>
    </p>
   </div>
   <div class='ocr_carea' id='block_1_30' title="bbox 2286 1450 3891 1535">
    <p class='ocr_par' dir='ltr' id='par_1_30' title="bbox 2286 1450 3891 1535">
     <span class='ocr_line' id='line_1_30' title="bbox 2286 1450 3891 1535; baseline -0.011 -15"><span class='ocrx_word' id='word_1_196' title='bbox 2286 1466 2348 1520; x_wconf 79' lang='grc' dir='ltr'>τὸ</span> <span class='ocrx_word' id='word_1_197' title='bbox 2362 1462 2688 1535; x_wconf 77' lang='grc' dir='ltr'>ψεύσασθαι,</span> <span class='ocrx_word' id='word_1_198' title='bbox 2709 1461 2803 1514; x_wconf 70' lang='grc' dir='ltr'>καὶ</span> <span class='ocrx_word' id='word_1_199' title='bbox 2819 1459 2955 1529; x_wconf 78' lang='grc' dir='ltr'>ὅπερ</span> <span class='ocrx_word' id='word_1_200' title='bbox 2981 1453 3049 1528; x_wconf 80' lang='grc' dir='ltr'>ἦν</span> <span class='ocrx_word' id='word_1_201' title='bbox 3064 1456 3163 1510; x_wconf 74' lang='grc' dir='ltr'>οὐκ</span> <span class='ocrx_word' id='word_1_202' title='bbox 3187 1452 3468 1523; x_wconf 75' lang='grc' dir='ltr'><strong>ἐγνωκότα</strong></span> <span class='ocrx_word' id='word_1_203' title='bbox 3485 1450 3590 1506; x_wconf 77' lang='grc' dir='ltr'>κᾶν</span> <span class='ocrx_word' id='word_1_204' title='bbox 3613 1450 3891 1521; x_wconf 79' lang='grc' dir='ltr'>ἐπισχεῖν.</span> 
     </span>
    </p>
   </div>
   <div class='ocr_carea' id='block_1_31' title="bbox 2301 1540 3896 1629">
    <p class='ocr_par' dir='ltr' id='par_1_31' title="bbox 2301 1540 3896 1629">
     <span class='ocr_line' id='line_1_31' title="bbox 2301 1540 3896 1629; baseline -0.012 -18"><span class='ocrx_word' id='word_1_205' title='bbox 2301 1556 2502 1629; x_wconf 79' lang='grc' dir='ltr'>Ἐχρῆν</span> <span class='ocrx_word' id='word_1_206' title='bbox 2521 1554 2631 1625; x_wconf 84' lang='grc' dir='ltr'>γὰρ</span> <span class='ocrx_word' id='word_1_207' title='bbox 2664 1552 2795 1623; x_wconf 78' lang='grc' dir='ltr'>περὶ</span> <span class='ocrx_word' id='word_1_208' title='bbox 2816 1548 2925 1603; x_wconf 88' lang='grc' dir='ltr'><strong>τῶν</strong></span> <span class='ocrx_word' id='word_1_209' title='bbox 2972 1546 3313 1619; x_wconf 81' lang='grc' dir='ltr'><strong>ἀδηλοτέρων</strong></span> <span class='ocrx_word' id='word_1_210' title='bbox 3336 1544 3559 1614; x_wconf 76' lang='grc' dir='ltr'><strong>ἐπέχειν</strong></span> <span class='ocrx_word' id='word_1_211' title='bbox 3582 1540 3896 1612; x_wconf 78' lang='grc' dir='ltr'>ὁμολογεῖν,</span> 
     </span>
    </p>
   </div>
   <div class='ocr_carea' id='block_1_32' title="bbox 2289 1632 3896 1722">
    <p class='ocr_par' dir='ltr' id='par_1_32' title="bbox 2289 1632 3896 1722">
     <span class='ocr_line' id='line_1_32' title="bbox 2289 1632 3896 1722; baseline -0.012 -16"><span class='ocrx_word' id='word_1_212' title='bbox 2289 1652 2386 1711; x_wconf 75' lang='grc' dir='ltr'>καὶ</span> <span class='ocrx_word' id='word_1_213' title='bbox 2432 1652 2570 1722; x_wconf 76' lang='grc' dir='ltr'>μήτε</span> <span class='ocrx_word' id='word_1_214' title='bbox 2615 1644 2841 1708; x_wconf 77' lang='grc' dir='ltr'>τιθέναι,</span> <span class='ocrx_word' id='word_1_215' title='bbox 2891 1642 3028 1719; x_wconf 77' lang='grc' dir='ltr'>μήτε</span> <span class='ocrx_word' id='word_1_216' title='bbox 3070 1639 3248 1711; x_wconf 78' lang='grc' dir='ltr'>αἴρειν</span> <span class='ocrx_word' id='word_1_217' title='bbox 3289 1637 3389 1709; x_wconf 80' lang='grc' dir='ltr'>τὴν</span> <span class='ocrx_word' id='word_1_218' title='bbox 3429 1636 3722 1709; x_wconf 78' lang='grc' dir='ltr'>πρότασιν.</span> <span class='ocrx_word' id='word_1_219' title='bbox 3764 1632 3896 1696; x_wconf 81' lang='grc' dir='ltr'>Πῶς</span> 
     </span>
    </p>
   </div>
   <div class='ocr_carea' id='block_1_33' title="bbox 2288 1723 3896 1811">
    <p class='ocr_par' dir='ltr' id='par_1_33' title="bbox 2288 1723 3896 1811">
     <span class='ocr_line' id='line_1_33' title="bbox 2288 1723 3896 1811; baseline -0.012 -14"><span class='ocrx_word' id='word_1_220' title='bbox 2288 1743 2347 1798; x_wconf 73' lang='grc' dir='ltr'>δὲ</span> <span class='ocrx_word' id='word_1_221' title='bbox 2373 1742 2474 1795; x_wconf 75' lang='grc' dir='ltr'>οὐκ</span> <span class='ocrx_word' id='word_1_222' title='bbox 2492 1736 2561 1811; x_wconf 78' lang='grc' dir='ltr'>ἦν</span> <span class='ocrx_word' id='word_1_223' title='bbox 2583 1736 2827 1805; x_wconf 72' lang='grc' dir='ltr'>εὔλογον,</span> <span class='ocrx_word' id='word_1_224' title='bbox 2853 1735 2902 1786; x_wconf 82' lang='grc' dir='ltr'><strong>εί</strong></span> <span class='ocrx_word' id='word_1_225' title='bbox 2933 1729 3146 1786; x_wconf 84' lang='grc' dir='ltr'>πολλῶν</span> <span class='ocrx_word' id='word_1_226' title='bbox 3173 1728 3333 1783; x_wconf 72' lang='grc' dir='ltr'>τοῦτο</span> <span class='ocrx_word' id='word_1_227' title='bbox 3363 1727 3543 1798; x_wconf 88' lang='grc' dir='ltr'>δόγμα</span> <span class='ocrx_word' id='word_1_228' title='bbox 3569 1723 3896 1794; x_wconf 83' lang='grc' dir='ltr'>ἐτύγχανεν,</span> 
     </span>
    </p>
   </div>
   <div class='ocr_carea' id='block_1_34' title="bbox 595 1813 2198 1905">
    <p class='ocr_par' dir='ltr' id='par_1_34' title="bbox 595 1842 2187 1905">
     <span class='ocr_line' id='line_1_34' title="bbox 595 1842 2187 1905; baseline 0.001 -9"><span class='ocrx_word' id='word_1_229' title='bbox 595 1853 782 1897; x_wconf 88' lang='lat' dir='ltr'><strong>autem</strong></span> <span class='ocrx_word' id='word_1_230' title='bbox 815 1842 1010 1896; x_wconf 88' lang='lat' dir='ltr'><strong>rationi</strong></span> <span class='ocrx_word' id='word_1_231' title='bbox 1043 1851 1474 1896; x_wconf 88' lang='lat' dir='ltr'><strong>consentaneum</strong></span> <span class='ocrx_word' id='word_1_232' title='bbox 1500 1857 1605 1896; x_wconf 92' lang='lat' dir='ltr'><strong>non</strong></span> <span class='ocrx_word' id='word_1_233' title='bbox 1632 1853 1776 1905; x_wconf 89' lang='lat' dir='ltr'><strong>erat,</strong></span> <span class='ocrx_word' id='word_1_234' title='bbox 1804 1843 1848 1897; x_wconf 92' lang='lat' dir='ltr'><strong>si</strong></span> <span class='ocrx_word' id='word_1_235' title='bbox 1891 1843 2187 1898; x_wconf 88' lang='lat' dir='ltr'><strong>multorum</strong></span> 
     </span>
    </p>
   </div>
   <div class='ocr_carea' id='block_1_35' title="bbox 2300 1813 3899 1905">
    <p class='ocr_par' dir='ltr' id='par_1_35' title="bbox 2300 1813 3899 1905">
     <span class='ocr_line' id='line_1_35' title="bbox 2300 1813 3899 1905; baseline -0.011 -18"><span class='ocrx_word' id='word_1_236' title='bbox 2300 1834 2538 1903; x_wconf 69' lang='grc' dir='ltr'>ἐπισχεῖν</span> <span class='ocrx_word' id='word_1_237' title='bbox 2572 1829 2664 1882; x_wconf 79' lang='grc' dir='ltr'>τὸν</span> <span class='ocrx_word' id='word_1_238' title='bbox 2714 1826 2970 1896; x_wconf 81' lang='grc' dir='ltr'>Ἰωάννην</span> <span class='ocrx_word' id='word_1_239' title='bbox 3019 1822 3149 1894; x_wconf 76' lang='grc' dir='ltr'>περὶ</span> <span class='ocrx_word' id='word_1_240' title='bbox 3188 1819 3378 1886; x_wconf 81' lang='grc' dir='ltr'>αὑτοῦ,</span> <span class='ocrx_word' id='word_1_241' title='bbox 3428 1819 3716 1905; x_wconf 77' lang='grc' dir='ltr'>μήποτεή</span> <span class='ocrx_word' id='word_1_242' title='bbox 3750 1813 3899 1905; x_wconf 33' lang='lat' dir='ltr'><strong>qui)</strong></span> 
     </span>
    </p>
   </div>
   <div class='ocr_carea' id='block_1_36' title="bbox 597 1934 2194 2005">
    <p class='ocr_par' dir='ltr' id='par_1_36' title="bbox 597 1934 2194 2005">
     <span class='ocr_line' id='line_1_36' title="bbox 597 1934 2194 2005; baseline 0.001 -16"><span class='ocrx_word' id='word_1_243' title='bbox 597 1944 715 1989; x_wconf 91' lang='lat' dir='ltr'><strong>tum</strong></span> <span class='ocrx_word' id='word_1_244' title='bbox 751 1935 1015 2005; x_wconf 88' lang='lat' dir='ltr'><strong>temporis</strong></span> <span class='ocrx_word' id='word_1_245' title='bbox 1046 1936 1240 2004; x_wconf 70' lang='lat' dir='ltr'><strong>dogma</strong></span> <span class='ocrx_word' id='word_1_246' title='bbox 1262 1934 1367 1990; x_wconf 92' lang='lat' dir='ltr'><strong>hoc</strong></span> <span class='ocrx_word' id='word_1_247' title='bbox 1391 1935 1608 1999; x_wconf 81' lang='lat' dir='ltr'><strong>fuisset,</strong></span> <span class='ocrx_word' id='word_1_248' title='bbox 1640 1944 1700 1989; x_wconf 91' lang='lat' dir='ltr'><strong>ut</strong></span> <span class='ocrx_word' id='word_1_249' title='bbox 1730 1937 2007 1992; x_wconf 83' lang='lat' dir='ltr'><strong>dubitaret</strong></span> <span class='ocrx_word' id='word_1_250' title='bbox 2034 1935 2194 1993; x_wconf 79' lang='lat' dir='ltr'><strong>Joan-</strong></span> 
     </span>
    </p>
   </div>
   <div class='ocr_carea' id='block_1_37' title="bbox 597 2026 2190 2097">
    <p class='ocr_par' dir='ltr' id='par_1_37' title="bbox 597 2026 2190 2097">
     <span class='ocr_line' id='line_1_37' title="bbox 597 2026 2190 2097; baseline 0.002 -16"><span class='ocrx_word' id='word_1_251' title='bbox 597 2040 696 2082; x_wconf 88' lang='lat' dir='ltr'><strong>nes</strong></span> <span class='ocrx_word' id='word_1_252' title='bbox 725 2026 792 2081; x_wconf 88' lang='lat' dir='ltr'><strong>de</strong></span> <span class='ocrx_word' id='word_1_253' title='bbox 824 2027 1028 2097; x_wconf 82' lang='lat' dir='ltr'><strong>seipse,</strong></span> <span class='ocrx_word' id='word_1_254' title='bbox 1061 2041 1188 2080; x_wconf 92' lang='lat' dir='ltr'><strong>num</strong></span> <span class='ocrx_word' id='word_1_255' title='bbox 1218 2029 1440 2095; x_wconf 77' lang='lat' dir='ltr'><strong>quando</strong></span> <span class='ocrx_word' id='word_1_256' title='bbox 1469 2028 1652 2082; x_wconf 85' lang='lat' dir='ltr'><strong>anima</strong></span> <span class='ocrx_word' id='word_1_257' title='bbox 1678 2043 1776 2083; x_wconf 86' lang='lat' dir='ltr'><strong>sua</strong></span> <span class='ocrx_word' id='word_1_258' title='bbox 1822 2029 1878 2083; x_wconf 93' lang='lat' dir='ltr'><strong>in</strong></span> <span class='ocrx_word' id='word_1_259' title='bbox 1923 2029 2039 2084; x_wconf 85' lang='lat' dir='ltr'><strong>Elia</strong></span> <span class='ocrx_word' id='word_1_260' title='bbox 2079 2028 2190 2085; x_wconf 79' lang='lat' dir='ltr'><strong>fue-</strong></span> 
     </span>
    </p>
   </div>
   <div class='ocr_carea' id='block_1_38' title="bbox 595 2117 2193 2190">
    <p class='ocr_par' dir='ltr' id='par_1_38' title="bbox 595 2117 2193 2190">
     <span class='ocr_line' id='line_1_38' title="bbox 595 2117 2193 2190; baseline 0.003 -17"><span class='ocrx_word' id='word_1_261' title='bbox 595 2117 708 2174; x_wconf 74' lang='lat' dir='ltr'><strong>rit?</strong></span> <span class='ocrx_word' id='word_1_262' title='bbox 758 2119 899 2186; x_wconf 86' lang='lat' dir='ltr'><strong>Quin</strong></span> <span class='ocrx_word' id='word_1_263' title='bbox 945 2119 1013 2175; x_wconf 87' lang='lat' dir='ltr'><strong>ad</strong></span> <span class='ocrx_word' id='word_1_264' title='bbox 1064 2119 1354 2174; x_wconf 88' lang='lat' dir='ltr'><strong>historiam</strong></span> <span class='ocrx_word' id='word_1_265' title='bbox 1412 2122 1734 2190; x_wconf 82' lang='lat' dir='ltr'><strong>provocabit</strong></span> <span class='ocrx_word' id='word_1_266' title='bbox 1779 2123 2193 2178; x_wconf 86' lang='lat' dir='ltr'><strong>ecclesiasticus</strong></span> 
     </span>
    </p>
   </div>
   <div class='ocr_carea' id='block_1_39' title="bbox 594 2210 2193 2287">
    <p class='ocr_par' dir='ltr' id='par_1_39' title="bbox 594 2210 2193 2287">
     <span class='ocr_line' id='line_1_39' title="bbox 594 2210 2193 2287; baseline 0.004 -20"><span class='ocrx_word' id='word_1_267' title='bbox 594 2210 749 2267; x_wconf 91' lang='lat' dir='ltr'><strong>illum</strong></span> <span class='ocrx_word' id='word_1_268' title='bbox 785 2213 1033 2281; x_wconf 90' lang='lat' dir='ltr'><strong>priorem</strong></span> <span class='ocrx_word' id='word_1_269' title='bbox 1062 2212 1377 2267; x_wconf 86' lang='lat' dir='ltr'><strong>auditurum</strong></span> <span class='ocrx_word' id='word_1_270' title='bbox 1410 2214 1479 2267; x_wconf 89' lang='lat' dir='ltr'><strong>ab</strong></span> <span class='ocrx_word' id='word_1_271' title='bbox 1527 2212 1635 2277; x_wconf 78' lang='lat' dir='ltr'><strong>his,</strong></span> <span class='ocrx_word' id='word_1_272' title='bbox 1667 2213 1761 2283; x_wconf 91' lang='lat' dir='ltr'><strong>qui</strong></span> <span class='ocrx_word' id='word_1_273' title='bbox 1793 2228 1852 2270; x_wconf 84' lang='lat' dir='ltr'><strong>se</strong></span> <span class='ocrx_word' id='word_1_274' title='bbox 1889 2216 2034 2272; x_wconf 87' lang='lat' dir='ltr'><strong>scire</strong></span> <span class='ocrx_word' id='word_1_275' title='bbox 2065 2232 2193 2287; x_wconf 83' lang='lat' dir='ltr'><strong>pro-</strong></span> 
     </span>
    </p>
   </div>
   <div class='ocr_carea' id='block_1_40' title="bbox 599 2301 2192 2378">
    <p class='ocr_par' dir='ltr' id='par_1_40' title="bbox 599 2301 2192 2378">
     <span class='ocr_line' id='line_1_40' title="bbox 599 2301 2192 2378; baseline 0.004 -23"><span class='ocrx_word' id='word_1_276' title='bbox 599 2301 826 2357; x_wconf 81' lang='lat' dir='ltr'><strong>ﬁtentur</strong></span> <span class='ocrx_word' id='word_1_277' title='bbox 868 2317 990 2370; x_wconf 69' lang='lat' dir='ltr'><strong>qum</strong></span> <span class='ocrx_word' id='word_1_278' title='bbox 1034 2302 1176 2369; x_wconf 85' lang='lat' dir='ltr'><strong>apud</strong></span> <span class='ocrx_word' id='word_1_279' title='bbox 1216 2301 1477 2358; x_wconf 60' lang='lat' dir='ltr'><strong>llebrmos</strong></span> <span class='ocrx_word' id='word_1_280' title='bbox 1508 2317 1711 2358; x_wconf 85' lang='lat' dir='ltr'><strong>arcana</strong></span> <span class='ocrx_word' id='word_1_281' title='bbox 1762 2314 1910 2369; x_wconf 80' lang='lat' dir='ltr'><strong>sunt,</strong></span> <span class='ocrx_word' id='word_1_282' title='bbox 1932 2306 2013 2378; x_wconf 91' lang='lat' dir='ltr'><strong>[et</strong></span> <span class='ocrx_word' id='word_1_283' title='bbox 2036 2308 2192 2363; x_wconf 89' lang='lat' dir='ltr'><strong>evul-</strong></span> 
     </span>
    </p>
   </div>
   <div class='ocr_carea' id='block_1_41' title="bbox 598 2390 2194 2466">
    <p class='ocr_par' dir='ltr' id='par_1_41' title="bbox 598 2390 2194 2466">
     <span class='ocr_line' id='line_1_41' title="bbox 598 2390 2194 2466; baseline 0.007 -21"><span class='ocrx_word' id='word_1_284' title='bbox 598 2408 732 2464; x_wconf 67' lang='grc' dir='ltr'>ειη-ε</span> <span class='ocrx_word' id='word_1_285' title='bbox 769 2393 843 2447; x_wconf 91' lang='lat' dir='ltr'><strong>sit</strong></span> <span class='ocrx_word' id='word_1_286' title='bbox 874 2390 1076 2465; x_wconf 72' lang='lat' dir='ltr'><strong>nefas,]</strong></span> <span class='ocrx_word' id='word_1_287' title='bbox 1111 2408 1238 2446; x_wconf 89' lang='lat' dir='ltr'><strong>num</strong></span> <span class='ocrx_word' id='word_1_288' title='bbox 1276 2393 1470 2465; x_wconf 77' lang='lat' dir='ltr'><strong>dogma</strong></span> <span class='ocrx_word' id='word_1_289' title='bbox 1515 2393 1735 2464; x_wconf 89' lang='lat' dir='ltr'><strong>aliquod</strong></span> <span class='ocrx_word' id='word_1_290' title='bbox 1783 2396 2089 2466; x_wconf 74' lang='lat' dir='ltr'><strong>huiusmodi</strong></span> <span class='ocrx_word' id='word_1_291' title='bbox 2120 2401 2194 2457; x_wconf 86' lang='lat' dir='ltr'><strong>sit</strong></span> 
     </span>
    </p>
   </div>
   <div class='ocr_carea' id='block_1_42' title="bbox 596 2484 2191 2556">
    <p class='ocr_par' dir='ltr' id='par_1_42' title="bbox 596 2484 2191 2556">
     <span class='ocr_line' id='line_1_42' title="bbox 596 2484 2191 2556; baseline 0.006 -17"><span class='ocrx_word' id='word_1_292' title='bbox 596 2484 740 2554; x_wconf 83' lang='lat' dir='ltr'><strong>apud</strong></span> <span class='ocrx_word' id='word_1_293' title='bbox 769 2485 948 2553; x_wconf 84' lang='lat' dir='ltr'><strong>ipsos;</strong></span> <span class='ocrx_word' id='word_1_294' title='bbox 982 2500 1105 2539; x_wconf 91' lang='lat' dir='ltr'><strong>nam</strong></span> <span class='ocrx_word' id='word_1_295' title='bbox 1133 2485 1178 2539; x_wconf 86' lang='lat' dir='ltr'><strong>si</strong></span> <span class='ocrx_word' id='word_1_296' title='bbox 1199 2485 1350 2540; x_wconf 92' lang='lat' dir='ltr'><strong>nullo</strong></span> <span class='ocrx_word' id='word_1_297' title='bbox 1371 2485 1489 2540; x_wconf 89' lang='lat' dir='ltr'><strong>loco</strong></span> <span class='ocrx_word' id='word_1_298' title='bbox 1521 2497 1802 2556; x_wconf 84' lang='lat' dir='ltr'><strong>appareat,</strong></span> <span class='ocrx_word' id='word_1_299' title='bbox 1830 2490 1934 2546; x_wconf 90' lang='lat' dir='ltr'><strong>hoc</strong></span> <span class='ocrx_word' id='word_1_300' title='bbox 1964 2492 2110 2548; x_wconf 92' lang='lat' dir='ltr'><strong>hunc</strong></span> <span class='ocrx_word' id='word_1_301' title='bbox 2138 2497 2191 2547; x_wconf 93' lang='lat' dir='ltr'><strong>in</strong></span> 
     </span>
    </p>
   </div>
   <div class='ocr_carea' id='block_1_43' title="bbox 598 2576 2193 2653">
    <p class='ocr_par' dir='ltr' id='par_1_43' title="bbox 598 2576 2193 2653">
     <span class='ocr_line' id='line_1_43' title="bbox 598 2576 2193 2653; baseline 0.004 -19"><span class='ocrx_word' id='word_1_302' title='bbox 598 2577 820 2634; x_wconf 86' lang='lat' dir='ltr'><strong>modum</strong></span> <span class='ocrx_word' id='word_1_303' title='bbox 862 2592 921 2631; x_wconf 89' lang='lat' dir='ltr'><strong>se</strong></span> <span class='ocrx_word' id='word_1_304' title='bbox 964 2576 1189 2644; x_wconf 86' lang='lat' dir='ltr'><strong>habere,</strong></span> <span class='ocrx_word' id='word_1_305' title='bbox 1247 2580 1601 2648; x_wconf 86' lang='lat' dir='ltr'><strong>perspicuum</strong></span> <span class='ocrx_word' id='word_1_306' title='bbox 1645 2590 1734 2636; x_wconf 88' lang='lat' dir='ltr'><strong>est</strong></span> <span class='ocrx_word' id='word_1_307' title='bbox 1790 2581 1938 2636; x_wconf 85' lang='lat' dir='ltr'><strong>illius</strong></span> <span class='ocrx_word' id='word_1_308' title='bbox 1986 2584 2193 2653; x_wconf 84' lang='lat' dir='ltr'><strong>prioris</strong></span> 
     </span>
    </p>
   </div>
   <div class='ocr_carea' id='block_1_44' title="bbox 599 2669 2195 2742">
    <p class='ocr_par' dir='ltr' id='par_1_44' title="bbox 599 2669 2195 2742">
     <span class='ocr_line' id='line_1_44' title="bbox 599 2669 2195 2742; baseline 0.006 -18"><span class='ocrx_word' id='word_1_309' title='bbox 599 2669 871 2724; x_wconf 83' lang='lat' dir='ltr'><strong>rationem</strong></span> <span class='ocrx_word' id='word_1_310' title='bbox 932 2671 1255 2740; x_wconf 86' lang='lat' dir='ltr'><strong>dissipatam</strong></span> <span class='ocrx_word' id='word_1_311' title='bbox 1300 2685 1443 2732; x_wconf 88' lang='lat' dir='ltr'><strong>esse.</strong></span> <span class='ocrx_word' id='word_1_312' title='bbox 1497 2675 1863 2742; x_wconf 87' lang='lat' dir='ltr'><strong>Quamobrem</strong></span> <span class='ocrx_word' id='word_1_313' title='bbox 1917 2678 2195 2735; x_wconf 89' lang='lat' dir='ltr'><strong>nihilomi-</strong></span> 
     </span>
    </p>
   </div>
   <div class='ocr_carea' id='block_1_45' title="bbox 601 2761 2196 2839">
    <p class='ocr_par' dir='ltr' id='par_1_45' title="bbox 601 2761 2196 2839">
     <span class='ocr_line' id='line_1_45' title="bbox 601 2761 2196 2839; baseline 0.008 -24"><span class='ocrx_word' id='word_1_314' title='bbox 601 2776 706 2817; x_wconf 89' lang='lat' dir='ltr'><strong>nus</strong></span> <span class='ocrx_word' id='word_1_315' title='bbox 768 2761 1179 2819; x_wconf 84' lang='lat' dir='ltr'><strong>ecclesiasticus</strong></span> <span class='ocrx_word' id='word_1_316' title='bbox 1260 2764 1537 2822; x_wconf 84' lang='lat' dir='ltr'><strong>solutione</strong></span> <span class='ocrx_word' id='word_1_317' title='bbox 1590 2776 1780 2822; x_wconf 86' lang='lat' dir='ltr'><strong>utetur</strong></span> <span class='ocrx_word' id='word_1_318' title='bbox 1845 2784 2011 2839; x_wconf 89' lang='lat' dir='ltr'><strong>quam</strong></span> <span class='ocrx_word' id='word_1_319' title='bbox 2066 2778 2196 2828; x_wconf 78' lang='lat' dir='ltr'><strong>ante</strong></span> 
     </span>
    </p>
   </div>
   <div class='ocr_carea' id='block_1_46' title="bbox 598 2854 2195 2931">
    <p class='ocr_par' dir='ltr' id='par_1_46' title="bbox 598 2854 2195 2931">
     <span class='ocr_line' id='line_1_46' title="bbox 598 2854 2195 2931; baseline 0.007 -22"><span class='ocrx_word' id='word_1_320' title='bbox 598 2854 1020 2926; x_wconf 77' lang='lat' dir='ltr'><strong>explicavimus,</strong></span> <span class='ocrx_word' id='word_1_321' title='bbox 1072 2859 1249 2913; x_wconf 88' lang='lat' dir='ltr'><strong>adlmc</strong></span> <span class='ocrx_word' id='word_1_322' title='bbox 1320 2860 1490 2915; x_wconf 86' lang='lat' dir='ltr'><strong>etiam</strong></span> <span class='ocrx_word' id='word_1_323' title='bbox 1547 2862 1663 2931; x_wconf 87' lang='lat' dir='ltr'><strong>ipse</strong></span> <span class='ocrx_word' id='word_1_324' title='bbox 1723 2861 2060 2920; x_wconf 77' lang='lat' dir='ltr'><strong>voluntatem</strong></span> <span class='ocrx_word' id='word_1_325' title='bbox 2111 2864 2195 2919; x_wconf 83' lang='lat' dir='ltr'><strong>iu-</strong></span> 
     </span>
    </p>
   </div>
   <div class='ocr_carea' id='block_1_47' title="bbox 603 2950 2192 3024">
    <p class='ocr_par' dir='ltr' id='par_1_47' title="bbox 603 2950 2192 3024">
     <span class='ocr_line' id='line_1_47' title="bbox 603 2950 2192 3024; baseline 0.008 -23"><span class='ocrx_word' id='word_1_326' title='bbox 603 2950 1003 3016; x_wconf 80' lang='lat' dir='ltr'><strong>terrogantium</strong></span> <span class='ocrx_word' id='word_1_327' title='bbox 1061 2952 1292 3020; x_wconf 88' lang='lat' dir='ltr'><strong>produci</strong></span> <span class='ocrx_word' id='word_1_328' title='bbox 1326 2955 1378 3007; x_wconf 94' lang='lat' dir='ltr'><strong>in</strong></span> <span class='ocrx_word' id='word_1_329' title='bbox 1433 2954 1669 3009; x_wconf 90' lang='lat' dir='ltr'><strong>medium</strong></span> <span class='ocrx_word' id='word_1_330' title='bbox 1720 2956 2192 3024; x_wconf 75' lang='lat' dir='ltr'><strong>postulans.~Nam</strong></span> 
     </span>
    </p>
   </div>
   <div class='ocr_carea' id='block_1_48' title="bbox 601 3037 2192 3116">
    <p class='ocr_par' dir='ltr' id='par_1_48' title="bbox 601 3037 2192 3116">
     <span class='ocr_line' id='line_1_48' title="bbox 601 3037 2192 3116; baseline 0.007 -26"><span class='ocrx_word' id='word_1_331' title='bbox 601 3037 647 3091; x_wconf 90' lang='lat' dir='ltr'><strong>si</strong></span> <span class='ocrx_word' id='word_1_332' title='bbox 686 3038 764 3091; x_wconf 91' lang='lat' dir='ltr'><strong>illi</strong></span> <span class='ocrx_word' id='word_1_333' title='bbox 821 3038 913 3108; x_wconf 88' lang='lat' dir='ltr'><strong>qui</strong></span> <span class='ocrx_word' id='word_1_334' title='bbox 980 3040 1246 3095; x_wconf 86' lang='lat' dir='ltr'><strong>miserunt</strong></span> <span class='ocrx_word' id='word_1_335' title='bbox 1288 3043 1490 3104; x_wconf 85' lang='lat' dir='ltr'><strong>sciunt,</strong></span> <span class='ocrx_word' id='word_1_336' title='bbox 1545 3051 1604 3096; x_wconf 92' lang='lat' dir='ltr'><strong>ut</strong></span> <span class='ocrx_word' id='word_1_337' title='bbox 1640 3045 1890 3113; x_wconf 76' lang='lat' dir='ltr'><strong>probavi,</strong></span> <span class='ocrx_word' id='word_1_338' title='bbox 1947 3047 2192 3116; x_wconf 79' lang='lat' dir='ltr'><strong>genitum</strong></span> 
     </span>
    </p>
   </div>
   <div class='ocr_carea' id='block_1_49' title="bbox 602 3129 2270 3226">
    <p class='ocr_par' dir='ltr' id='par_1_49' title="bbox 602 3129 2270 3226">
     <span class='ocr_line' id='line_1_49' title="bbox 602 3129 2270 3226; baseline 0.007 -43"><span class='ocrx_word' id='word_1_339' title='bbox 602 3144 673 3226; x_wconf 52' lang='lat' dir='ltr'><strong>es</strong></span> <span class='ocrx_word' id='word_1_340' title='bbox 730 3129 996 3226; x_wconf 68' lang='lat' dir='ltr'><strong>Zacharia</strong></span> <span class='ocrx_word' id='word_1_341' title='bbox 1047 3142 1104 3188; x_wconf 88' lang='lat' dir='ltr'><strong>et</strong></span> <span class='ocrx_word' id='word_1_342' title='bbox 1147 3133 1424 3226; x_wconf 70' lang='lat' dir='ltr'><strong>Elisabeth</strong></span> <span class='ocrx_word' id='word_1_343' title='bbox 1479 3132 1746 3193; x_wconf 81' lang='lat' dir='ltr'><strong>Joannem</strong></span> <span class='ocrx_word' id='word_1_344' title='bbox 1794 3135 1984 3204; x_wconf 82' lang='lat' dir='ltr'><strong>fuisse,</strong></span> <span class='ocrx_word' id='word_1_345' title='bbox 2031 3148 2270 3226; x_wconf 78' lang='lat' dir='ltr'><strong>atquec</strong></span> 
     </span>
    </p>
   </div>
   <div class='ocr_carea' id='block_1_50' title="bbox 603 3222 2198 3301">
    <p class='ocr_par' dir='ltr' id='par_1_50' title="bbox 603 3222 2198 3301">
     <span class='ocr_line' id='line_1_50' title="bbox 603 3222 2198 3301; baseline 0.007 -25"><span class='ocrx_word' id='word_1_346' title='bbox 603 3222 767 3276; x_wconf 82' lang='lat' dir='ltr'><strong>etiam</strong></span> <span class='ocrx_word' id='word_1_347' title='bbox 830 3222 1000 3278; x_wconf 91' lang='lat' dir='ltr'><strong>multo</strong></span> <span class='ocrx_word' id='word_1_348' title='bbox 1048 3225 1225 3294; x_wconf 74' lang='lat' dir='ltr'><strong>magis</strong></span> <span class='ocrx_word' id='word_1_349' title='bbox 1275 3225 1312 3279; x_wconf 94' lang='lat' dir='ltr'><strong>ii</strong></span> <span class='ocrx_word' id='word_1_350' title='bbox 1355 3226 1446 3294; x_wconf 90' lang='lat' dir='ltr'><strong>qui</strong></span> <span class='ocrx_word' id='word_1_351' title='bbox 1511 3226 1667 3282; x_wconf 84' lang='lat' dir='ltr'><strong>missi</strong></span> <span class='ocrx_word' id='word_1_352' title='bbox 1725 3226 2060 3291; x_wconf 77' lang='lat' dir='ltr'><strong>fuerant,ex</strong></span> <span class='ocrx_word' id='word_1_353' title='bbox 2099 3246 2198 3301; x_wconf 77' lang='lat' dir='ltr'><strong>ge-</strong></span> 
     </span>
    </p>
   </div>
   <div class='ocr_carea' id='block_1_51' title="bbox 603 3317 2204 3389">
    <p class='ocr_par' dir='ltr' id='par_1_51' title="bbox 603 3317 2204 3389">
     <span class='ocr_line' id='line_1_51' title="bbox 603 3317 2204 3389; baseline 0.006 -20"><span class='ocrx_word' id='word_1_354' title='bbox 603 3329 739 3369; x_wconf 88' lang='lat' dir='ltr'><strong>nere</strong></span> <span class='ocrx_word' id='word_1_355' title='bbox 790 3330 914 3369; x_wconf 92' lang='lat' dir='ltr'><strong>cum</strong></span> <span class='ocrx_word' id='word_1_356' title='bbox 972 3326 1156 3372; x_wconf 83' lang='lat' dir='ltr'><strong>essent</strong></span> <span class='ocrx_word' id='word_1_357' title='bbox 1219 3317 1597 3385; x_wconf 76' lang='lat' dir='ltr'><strong>sacerdotali,</strong></span> <span class='ocrx_word' id='word_1_358' title='bbox 1659 3320 1861 3389; x_wconf 89' lang='lat' dir='ltr'><strong>quibus</strong></span> <span class='ocrx_word' id='word_1_359' title='bbox 1919 3321 2062 3377; x_wconf 89' lang='lat' dir='ltr'><strong>clam</strong></span> <span class='ocrx_word' id='word_1_360' title='bbox 2117 3322 2204 3378; x_wconf 77' lang='lat' dir='ltr'><strong>fu-</strong></span> 
     </span>
    </p>
   </div>
   <div class='ocr_carea' id='block_1_52' title="bbox 606 3407 2202 3481">
    <p class='ocr_par' dir='ltr' id='par_1_52' title="bbox 606 3407 2202 3481">
     <span class='ocr_line' id='line_1_52' title="bbox 606 3407 2202 3481; baseline 0.008 -22"><span class='ocrx_word' id='word_1_361' title='bbox 606 3414 726 3471; x_wconf 72' lang='lat' dir='ltr'><strong>tura</strong></span> <span class='ocrx_word' id='word_1_362' title='bbox 772 3407 929 3479; x_wconf 78' lang='lat'><strong>115</strong></span> <span class='ocrx_word' id='word_1_363' title='bbox 964 3423 1071 3464; x_wconf 93' lang='lat' dir='ltr'><strong>non</strong></span> <span class='ocrx_word' id='word_1_364' title='bbox 1101 3421 1223 3464; x_wconf 90' lang='lat' dir='ltr'><strong>erat</strong></span> <span class='ocrx_word' id='word_1_365' title='bbox 1249 3411 1398 3466; x_wconf 85' lang='lat' dir='ltr'><strong>clara</strong></span> <span class='ocrx_word' id='word_1_366' title='bbox 1423 3420 1588 3481; x_wconf 89' lang='lat' dir='ltr'><strong>atque</strong></span> <span class='ocrx_word' id='word_1_367' title='bbox 1618 3411 1937 3469; x_wconf 82' lang='lat' dir='ltr'><strong>admiranda</strong></span> <span class='ocrx_word' id='word_1_368' title='bbox 1981 3413 2202 3471; x_wconf 88' lang='lat' dir='ltr'><strong>soboles</strong></span> 
     </span>
    </p>
   </div>
   <div class='ocr_carea' id='block_1_53' title="bbox 604 3495 2205 3573">
    <p class='ocr_par' dir='ltr' id='par_1_53' title="bbox 604 3495 2205 3573">
     <span class='ocr_line' id='line_1_53' title="bbox 604 3495 2205 3573; baseline 0.005 -23"><span class='ocrx_word' id='word_1_369' title='bbox 604 3495 882 3561; x_wconf 79' lang='lat' dir='ltr'><strong>Zacharia:</strong></span> <span class='ocrx_word' id='word_1_370' title='bbox 913 3502 1129 3568; x_wconf 76' lang='lat' dir='ltr'><strong>cognati</strong></span> <span class='ocrx_word' id='word_1_371' title='bbox 1176 3509 1285 3554; x_wconf 86' lang='lat' dir='ltr'><strong>tam</strong></span> <span class='ocrx_word' id='word_1_372' title='bbox 1320 3500 1570 3564; x_wconf 83' lang='lat' dir='ltr'><strong>illustris,</strong></span> <span class='ocrx_word' id='word_1_373' title='bbox 1600 3501 1733 3570; x_wconf 84' lang='lat' dir='ltr'><strong>quid</strong></span> <span class='ocrx_word' id='word_1_374' title='bbox 1764 3501 2082 3573; x_wconf 75' lang='lat' dir='ltr'><strong>cogitarunt</strong></span> <span class='ocrx_word' id='word_1_375' title='bbox 2120 3504 2205 3559; x_wconf 87' lang='lat' dir='ltr'><strong>in-</strong></span> 
     </span>
    </p>
   </div>
   <div class='ocr_carea' id='block_1_54' title="bbox 608 3590 2205 3666">
    <p class='ocr_par' dir='ltr' id='par_1_54' title="bbox 608 3590 2205 3666">
     <span class='ocr_line' id='line_1_54' title="bbox 608 3590 2205 3666; baseline 0.001 -19"><span class='ocrx_word' id='word_1_376' title='bbox 608 3598 981 3660; x_wconf 70' lang='lat' dir='ltr'><strong>terrogantes,</strong></span> <span class='ocrx_word' id='word_1_377' title='bbox 1017 3608 1036 3642; x_wconf 85' lang='grc' dir='ltr'><strong>ι</strong></span> <span class='ocrx_word' id='word_1_378' title='bbox 1077 3590 1148 3646; x_wconf 82' lang='lat' dir='ltr'><strong>Es</strong></span> <span class='ocrx_word' id='word_1_379' title='bbox 1189 3600 1243 3644; x_wconf 88' lang='grc' dir='ltr'><strong>ιιι</strong></span> <span class='ocrx_word' id='word_1_380' title='bbox 1291 3590 1438 3645; x_wconf 75' lang='lat' dir='ltr'><strong>Elius</strong></span> <span class='ocrx_word' id='word_1_381' title='bbox 1464 3591 1511 3624; x_wconf 79' lang='grc'><strong>⁸³</strong></span> <span class='ocrx_word' id='word_1_382' title='bbox 1540 3590 1563 3644; x_wconf 83' lang='lat'><strong>?</strong></span> <span class='ocrx_word' id='word_1_383' title='bbox 1597 3611 1617 3644; x_wconf 73' lang='grc' dir='ltr'><strong>ι</strong></span> <span class='ocrx_word' id='word_1_384' title='bbox 1657 3593 1762 3648; x_wconf 88' lang='lat' dir='ltr'><strong>viri</strong></span> <span class='ocrx_word' id='word_1_385' title='bbox 1815 3595 1908 3663; x_wconf 88' lang='lat' dir='ltr'><strong>qui</strong></span> <span class='ocrx_word' id='word_1_386' title='bbox 1957 3593 2205 3666; x_wconf 76' lang='lat' dir='ltr'><strong>legerant</strong></span> 
     </span>
    </p>
   </div>
   <div class='ocr_carea' id='block_1_55' title="bbox 588 3680 2206 3757">
    <p class='ocr_par' dir='ltr' id='par_1_55' title="bbox 588 3680 2206 3757">
     <span class='ocr_line' id='line_1_55' title="bbox 588 3680 2206 3757; baseline 0.006 -24"><span class='ocrx_word' id='word_1_387' title='bbox 588 3680 779 3743; x_wconf 54' lang='lat' dir='ltr'><strong>.Eliam</strong></span> <span class='ocrx_word' id='word_1_388' title='bbox 823 3680 877 3735; x_wconf 90' lang='lat' dir='ltr'><strong>in</strong></span> <span class='ocrx_word' id='word_1_389' title='bbox 912 3681 1085 3736; x_wconf 81' lang='lat' dir='ltr'><strong>caelos</strong></span> <span class='ocrx_word' id='word_1_390' title='bbox 1126 3694 1404 3753; x_wconf 77' lang='lat' dir='ltr'><strong>receptum</strong></span> <span class='ocrx_word' id='word_1_391' title='bbox 1440 3681 1631 3750; x_wconf 81' lang='lat' dir='ltr'><strong>fuisse,</strong></span> <span class='ocrx_word' id='word_1_392' title='bbox 1678 3694 1735 3741; x_wconf 91' lang='lat' dir='ltr'><strong>et</strong></span> <span class='ocrx_word' id='word_1_393' title='bbox 1772 3687 1865 3757; x_wconf 88' lang='lat' dir='ltr'><strong>qui</strong></span> <span class='ocrx_word' id='word_1_394' title='bbox 1918 3696 2206 3756; x_wconf 74' lang='lat' dir='ltr'><strong>exspecta-</strong></span> 
     </span>
    </p>
   </div>
   <div class='ocr_carea' id='block_1_56' title="bbox 605 3771 2206 3849">
    <p class='ocr_par' dir='ltr' id='par_1_56' title="bbox 605 3771 2206 3849">
     <span class='ocr_line' id='line_1_56' title="bbox 605 3771 2206 3849; baseline 0.006 -24"><span class='ocrx_word' id='word_1_395' title='bbox 605 3771 741 3832; x_wconf 84' lang='lat' dir='ltr'><strong>bant</strong></span> <span class='ocrx_word' id='word_1_396' title='bbox 767 3774 1060 3828; x_wconf 83' lang='lat' dir='ltr'><strong>adventum</strong></span> <span class='ocrx_word' id='word_1_397' title='bbox 1083 3773 1204 3843; x_wconf 86' lang='lat' dir='ltr'><strong>ejns</strong></span> <span class='ocrx_word' id='word_1_398' title='bbox 1230 3775 1254 3829; x_wconf 78' lang='lat' dir='ltr'><strong>‘i</strong></span> <span class='ocrx_word' id='word_1_399' title='bbox 1290 3774 1567 3833; x_wconf 84' lang='lat' dir='ltr'><strong>Fortassis</strong></span> <span class='ocrx_word' id='word_1_400' title='bbox 1595 3776 1761 3847; x_wconf 76' lang='lat' dir='ltr'><strong>igitur</strong></span> <span class='ocrx_word' id='word_1_401' title='bbox 1786 3781 2049 3849; x_wconf 86' lang='lat' dir='ltr'><strong>quoniam</strong></span> <span class='ocrx_word' id='word_1_402' title='bbox 2072 3795 2206 3835; x_wconf 90' lang='lat' dir='ltr'><strong>con-</strong></span> 
     </span>
    </p>
   </div>
   <div class='ocr_carea' id='block_1_57' title="bbox 608 3865 2206 3942">
    <p class='ocr_par' dir='ltr' id='par_1_57' title="bbox 608 3865 2206 3942">
     <span class='ocr_line' id='line_1_57' title="bbox 608 3865 2206 3942; baseline 0.006 -25"><span class='ocrx_word' id='word_1_403' title='bbox 608 3865 995 3921; x_wconf 83' lang='lat' dir='ltr'><strong>summationis</strong></span> <span class='ocrx_word' id='word_1_404' title='bbox 1025 3877 1268 3936; x_wconf 87' lang='lat' dir='ltr'><strong>tempore</strong></span> <span class='ocrx_word' id='word_1_405' title='bbox 1315 3867 1487 3922; x_wconf 81' lang='lat' dir='ltr'><strong>Eliam</strong></span> <span class='ocrx_word' id='word_1_406' title='bbox 1535 3880 1663 3925; x_wconf 87' lang='lat' dir='ltr'><strong>ante</strong></span> <span class='ocrx_word' id='word_1_407' title='bbox 1693 3871 1973 3927; x_wconf 88' lang='lat' dir='ltr'><strong>Christum</strong></span> <span class='ocrx_word' id='word_1_408' title='bbox 2007 3886 2206 3942; x_wconf 79' lang='lat' dir='ltr'><strong>exspe-</strong></span> 
     </span>
    </p>
   </div>
   <div class='ocr_carea' id='block_1_58' title="bbox 608 3959 2205 4035">
    <p class='ocr_par' dir='ltr' id='par_1_58' title="bbox 608 3959 2205 4035">
     <span class='ocr_line' id='line_1_58' title="bbox 608 3959 2205 4035; baseline 0.004 -20"><span class='ocrx_word' id='word_1_409' title='bbox 608 3969 783 4024; x_wconf 74' lang='lat' dir='ltr'><strong>Ctant,</strong></span> <span class='ocrx_word' id='word_1_410' title='bbox 818 3968 875 4013; x_wconf 90' lang='lat' dir='ltr'><strong>et</strong></span> <span class='ocrx_word' id='word_1_411' title='bbox 924 3972 1047 4027; x_wconf 89' lang='lat' dir='ltr'><strong>post</strong></span> <span class='ocrx_word' id='word_1_412' title='bbox 1091 3959 1264 4017; x_wconf 85' lang='lat' dir='ltr'><strong>Eliam</strong></span> <span class='ocrx_word' id='word_1_413' title='bbox 1315 3959 1618 4026; x_wconf 82' lang='lat' dir='ltr'><strong>Christum,</strong></span> <span class='ocrx_word' id='word_1_414' title='bbox 1670 3962 1836 4017; x_wconf 88' lang='lat' dir='ltr'><strong>veluti</strong></span> <span class='ocrx_word' id='word_1_415' title='bbox 1871 3964 2080 4035; x_wconf 88' lang='lat' dir='ltr'><strong>tropice</strong></span> <span class='ocrx_word' id='word_1_416' title='bbox 2119 3964 2205 4020; x_wconf 86' lang='lat' dir='ltr'><strong>in-</strong></span> 
     </span>
    </p>
   </div>
   <div class='ocr_carea' id='block_1_59' title="bbox 613 4052 2208 4126">
    <p class='ocr_par' dir='ltr' id='par_1_59' title="bbox 613 4052 2208 4126">
     <span class='ocr_line' id='line_1_59' title="bbox 613 4052 2208 4126; baseline 0.005 -20"><span class='ocrx_word' id='word_1_417' title='bbox 613 4061 899 4121; x_wconf 77' lang='lat' dir='ltr'><strong>terrogare</strong></span> <span class='ocrx_word' id='word_1_418' title='bbox 929 4052 1181 4107; x_wconf 75' lang='lat' dir='ltr'><strong>videntur</strong></span> <span class='ocrx_word' id='word_1_419' title='bbox 1226 4071 1240 4107; x_wconf 90' lang='lat'><strong>:</strong></span> <span class='ocrx_word' id='word_1_420' title='bbox 1279 4052 1417 4108; x_wconf 76' lang='lat' dir='ltr'><strong>Num</strong></span> <span class='ocrx_word' id='word_1_421' title='bbox 1466 4064 1523 4108; x_wconf 91' lang='lat' dir='ltr'><strong>tu</strong></span> <span class='ocrx_word' id='word_1_422' title='bbox 1572 4069 1632 4109; x_wconf 91' lang='lat' dir='ltr'><strong>es</strong></span> <span class='ocrx_word' id='word_1_423' title='bbox 1686 4055 1777 4109; x_wconf 90' lang='lat' dir='ltr'><strong>ille</strong></span> <span class='ocrx_word' id='word_1_424' title='bbox 1833 4059 2208 4126; x_wconf 64' lang='lat' dir='ltr'><strong>praenuntiatus</strong></span> 
     </span>
    </p>
   </div>
   <div class='ocr_carea' id='block_1_60' title="bbox 610 4142 2206 4218">
    <p class='ocr_par' dir='ltr' id='par_1_60' title="bbox 610 4142 2206 4218">
     <span class='ocr_line' id='line_1_60' title="bbox 610 4142 2206 4218; baseline 0.006 -23"><span class='ocrx_word' id='word_1_425' title='bbox 610 4152 899 4197; x_wconf 85' lang='lat' dir='ltr'><strong>venturam</strong></span> <span class='ocrx_word' id='word_1_426' title='bbox 927 4149 1054 4198; x_wconf 81' lang='lat' dir='ltr'><strong>ante</strong></span> <span class='ocrx_word' id='word_1_427' title='bbox 1079 4142 1382 4207; x_wconf 83' lang='lat' dir='ltr'><strong>Christum,</strong></span> <span class='ocrx_word' id='word_1_428' title='bbox 1407 4147 1902 4204; x_wconf 82' lang='lat' dir='ltr'><strong>consmnmationis</strong></span> <span class='ocrx_word' id='word_1_429' title='bbox 1938 4157 2206 4218; x_wconf 89' lang='lat' dir='ltr'><strong>tempore,</strong></span> 
     </span>
    </p>
   </div>
   <div class='ocr_carea' id='block_1_61' title="bbox 610 4236 2205 4311">
    <p class='ocr_par' dir='ltr' id='par_1_61' title="bbox 610 4236 2205 4311">
     <span class='ocr_line' id='line_1_61' title="bbox 610 4236 2205 4311; baseline 0.004 -22"><span class='ocrx_word' id='word_1_430' title='bbox 610 4236 1052 4307; x_wconf 75' lang='lat' dir='ltr'><strong>przcdicntionem</strong></span> <span class='ocrx_word' id='word_1_431' title='bbox 1097 4236 1222 4291; x_wconf 61' lang='lat' dir='ltr'><strong>illst</strong></span> <span class='ocrx_word' id='word_1_432' title='bbox 1269 4237 1516 4294; x_wconf 82' lang='lat' dir='ltr'><strong>scienter</strong></span> <span class='ocrx_word' id='word_1_433' title='bbox 1572 4238 1639 4292; x_wconf 86' lang='lat' dir='ltr'><strong>ad</strong></span> <span class='ocrx_word' id='word_1_434' title='bbox 1697 4239 1802 4293; x_wconf 91' lang='lat' dir='ltr'><strong>hoc</strong></span> <span class='ocrx_word' id='word_1_435' title='bbox 1848 4241 2144 4311; x_wconf 83' lang='lat' dir='ltr'><strong>respondet</strong></span> <span class='ocrx_word' id='word_1_436' title='bbox 2191 4258 2205 4295; x_wconf 74' lang='grc' dir='ltr'><strong>ι</strong></span> 
     </span>
    </p>
   </div>
   <div class='ocr_carea' id='block_1_62' title="bbox 615 4326 2211 4398">
    <p class='ocr_par' dir='ltr' id='par_1_62' title="bbox 615 4326 2211 4398">
     <span class='ocr_line' id='line_1_62' title="bbox 615 4326 2211 4398; baseline 0.004 -16"><span class='ocrx_word' id='word_1_437' title='bbox 615 4342 639 4382; x_wconf 76' lang='grc' dir='ltr'><strong>ι</strong></span> <span class='ocrx_word' id='word_1_438' title='bbox 667 4326 783 4383; x_wconf 78' lang='lat' dir='ltr'><strong>Non</strong></span> <span class='ocrx_word' id='word_1_439' title='bbox 816 4343 936 4383; x_wconf 89' lang='lat' dir='ltr'><strong>sum</strong></span> <span class='ocrx_word' id='word_1_440' title='bbox 952 4330 1054 4382; x_wconf 73' lang='lat' dir='ltr'><strong>“.r</strong></span> <span class='ocrx_word' id='word_1_441' title='bbox 1083 4328 1349 4384; x_wconf 70' lang='lat' dir='ltr'><strong>Praeterea</strong></span> <span class='ocrx_word' id='word_1_442' title='bbox 1382 4344 1513 4385; x_wconf 86' lang='lat' dir='ltr'><strong>vero</strong></span> <span class='ocrx_word' id='word_1_443' title='bbox 1538 4329 1964 4398; x_wconf 79' lang='lat' dir='ltr'><strong>ecclesiasticus,</strong></span> <span class='ocrx_word' id='word_1_444' title='bbox 1997 4333 2211 4389; x_wconf 88' lang='lat' dir='ltr'><strong>instans</strong></span> 
     </span>
    </p>
   </div>
   <div class='ocr_carea' id='block_1_63' title="bbox 612 4421 2207 4492">
    <p class='ocr_par' dir='ltr' id='par_1_63' title="bbox 612 4421 2207 4492">
     <span class='ocr_line' id='line_1_63' title="bbox 612 4421 2207 4492; baseline 0.003 -13"><span class='ocrx_word' id='word_1_445' title='bbox 612 4422 683 4479; x_wconf 67' lang='lat' dir='ltr'><strong>ad</strong></span> <span class='ocrx_word' id='word_1_446' title='bbox 717 4437 780 4477; x_wconf 87' lang='lat' dir='ltr'><strong>ea</strong></span> <span class='ocrx_word' id='word_1_447' title='bbox 815 4438 938 4492; x_wconf 73' lang='lat' dir='ltr'><strong>qua:</strong></span> <span class='ocrx_word' id='word_1_448' title='bbox 987 4423 1218 4492; x_wconf 89' lang='lat' dir='ltr'><strong>inquirit</strong></span> <span class='ocrx_word' id='word_1_449' title='bbox 1244 4421 1407 4488; x_wconf 87' lang='lat' dir='ltr'><strong>alter,</strong></span> <span class='ocrx_word' id='word_1_450' title='bbox 1437 4423 1532 4492; x_wconf 91' lang='lat' dir='ltr'><strong>qui</strong></span> <span class='ocrx_word' id='word_1_451' title='bbox 1577 4426 1869 4481; x_wconf 88' lang='lat' dir='ltr'><strong>ostendere</strong></span> <span class='ocrx_word' id='word_1_452' title='bbox 1899 4435 2075 4482; x_wconf 91' lang='lat' dir='ltr'><strong>tenlat</strong></span> <span class='ocrx_word' id='word_1_453' title='bbox 2101 4445 2207 4484; x_wconf 89' lang='lat' dir='ltr'><strong>non</strong></span> 
     </span>
    </p>
   </div>
   <div class='ocr_carea' id='block_1_64' title="bbox 2294 1902 3894 1985">
    <p class='ocr_par' dir='ltr' id='par_1_64' title="bbox 2294 1902 3894 1985">
     <span class='ocr_line' id='line_1_64' title="bbox 2294 1902 3894 1985; baseline -0.015 -7"><span class='ocrx_word' id='word_1_454' title='bbox 2294 1902 2461 1978; x_wconf 79' lang='grc' dir='ltr'>αὑτοῦ</span> <span class='ocrx_word' id='word_1_455' title='bbox 2494 1935 2626 1973; x_wconf 85' lang='grc' dir='ltr'>ποτε</span> <span class='ocrx_word' id='word_1_456' title='bbox 2650 1920 2708 1972; x_wconf 87' lang='grc' dir='ltr'><strong>ἐν</strong></span> <span class='ocrx_word' id='word_1_457' title='bbox 2745 1913 2902 1985; x_wconf 73' lang='grc' dir='ltr'>Ἠλίᾳ</span> <span class='ocrx_word' id='word_1_458' title='bbox 2929 1908 3034 1983; x_wconf 83' lang='grc' dir='ltr'><strong>ἦν;</strong></span> <span class='ocrx_word' id='word_1_459' title='bbox 3082 1909 3194 1965; x_wconf 68' lang='grc' dir='ltr'><strong>Καὶ</strong></span> <span class='ocrx_word' id='word_1_460' title='bbox 3230 1909 3325 1962; x_wconf 77' lang='grc' dir='ltr'>ἐπὶ</span> <span class='ocrx_word' id='word_1_461' title='bbox 3356 1905 3455 1978; x_wconf 81' lang='grc' dir='ltr'>τὴν</span> <span class='ocrx_word' id='word_1_462' title='bbox 3489 1904 3737 1976; x_wconf 78' lang='grc' dir='ltr'>ἱστορίαν</span> <span class='ocrx_word' id='word_1_463' title='bbox 3773 1902 3833 1955; x_wconf 79' lang='grc' dir='ltr'>δὲ</span> <span class='ocrx_word' id='word_1_464' title='bbox 3865 1902 3894 1954; x_wconf 89' lang='lat'><strong>6</strong></span> 
     </span>
    </p>
   </div>
   <div class='ocr_carea' id='block_1_65' title="bbox 2295 1992 3900 2085">
    <p class='ocr_par' dir='ltr' id='par_1_65' title="bbox 2295 1992 3900 2085">
     <span class='ocr_line' id='line_1_65' title="bbox 2295 1992 3900 2085; baseline -0.014 -16"><span class='ocrx_word' id='word_1_465' title='bbox 2295 2008 2753 2085; x_wconf 72' lang='grc' dir='ltr'>ἐκκλησιαστικὸς</span> <span class='ocrx_word' id='word_1_466' title='bbox 2806 2005 3211 2079; x_wconf 85' lang='grc' dir='ltr'>προκαλέσεται</span> <span class='ocrx_word' id='word_1_467' title='bbox 3254 2001 3345 2055; x_wconf 81' lang='grc' dir='ltr'>τὸν</span> <span class='ocrx_word' id='word_1_468' title='bbox 3377 1998 3651 2071; x_wconf 87' lang='grc' dir='ltr'>πρότερον</span> <span class='ocrx_word' id='word_1_469' title='bbox 3700 1992 3900 2048; x_wconf 57' lang='lat' dir='ltr'><strong>macd—</strong></span> 
     </span>
    </p>
   </div>
   <div class='ocr_carea' id='block_1_66' title="bbox 2297 2087 3896 2179">
    <p class='ocr_par' dir='ltr' id='par_1_66' title="bbox 2297 2087 3896 2179">
     <span class='ocr_line' id='line_1_66' title="bbox 2297 2087 3896 2179; baseline -0.014 -16"><span class='ocrx_word' id='word_1_470' title='bbox 2297 2124 2459 2179; x_wconf 84' lang='grc' dir='ltr'>μενον</span> <span class='ocrx_word' id='word_1_471' title='bbox 2520 2103 2677 2177; x_wconf 73' lang='grc' dir='ltr'>παρὰ</span> <span class='ocrx_word' id='word_1_472' title='bbox 2736 2101 2844 2157; x_wconf 88' lang='grc' dir='ltr'><strong>τῶν</strong></span> <span class='ocrx_word' id='word_1_473' title='bbox 2912 2099 2983 2154; x_wconf 80' lang='grc' dir='ltr'><strong>τά</strong></span> <span class='ocrx_word' id='word_1_474' title='bbox 3042 2097 3334 2168; x_wconf 77' lang='grc' dir='ltr'>ἀπόρρητα</span> <span class='ocrx_word' id='word_1_475' title='bbox 3397 2089 3705 2161; x_wconf 84' lang='grc' dir='ltr'>ἐγνωκέναι</span> <span class='ocrx_word' id='word_1_476' title='bbox 3764 2087 3896 2159; x_wconf 80' lang='grc' dir='ltr'>παρ’</span> 
     </span>
    </p>
   </div>
   <div class='ocr_carea' id='block_1_67' title="bbox 2309 2180 3904 2271">
    <p class='ocr_par' dir='ltr' id='par_1_67' title="bbox 2309 2180 3904 2271">
     <span class='ocr_line' id='line_1_67' title="bbox 2309 2180 3904 2271; baseline 0.026 -17"><span class='ocrx_word' id='word_1_477' title='bbox 2309 2197 2586 2271; x_wconf 79' lang='grc' dir='ltr'>Ἑϐραίοις</span> <span class='ocrx_word' id='word_1_478' title='bbox 2650 2192 3177 2264; x_wconf 65' lang='grc' dir='ltr'>ἐπαγγελλομένων</span> <span class='ocrx_word' id='word_1_479' title='bbox 3228 2190 3277 2242; x_wconf 64' lang='grc' dir='ltr'><strong>εί</strong></span> <span class='ocrx_word' id='word_1_480' title='bbox 3328 2183 3572 2239; x_wconf 49' lang='grc' dir='ltr'><strong>τοιοῦτόν</strong></span> <span class='ocrx_word' id='word_1_481' title='bbox 3621 2200 3678 2235; x_wconf 62' lang='grc' dir='ltr'><strong>τι</strong></span> <span class='ocrx_word' id='word_1_482' title='bbox 3723 2180 3904 2271; x_wconf 36' lang='lat' dir='ltr'><strong>ad?”</strong></span> 
     </span>
    </p>
   </div>
   <div class='ocr_carea' id='block_1_68' title="bbox 2298 2270 3902 2366">
    <p class='ocr_par' dir='ltr' id='par_1_68' title="bbox 2298 2270 3902 2366">
     <span class='ocr_line' id='line_1_68' title="bbox 2298 2270 3902 2366; baseline -0.017 -15"><span class='ocrx_word' id='word_1_483' title='bbox 2298 2270 2421 2351; x_wconf 59' lang='grc' dir='ltr'>ἐστί</span> <span class='ocrx_word' id='word_1_484' title='bbox 2449 2292 2579 2366; x_wconf 86' lang='grc' dir='ltr'>παρ’</span> <span class='ocrx_word' id='word_1_485' title='bbox 2618 2291 2835 2354; x_wconf 58' lang='grc' dir='ltr'>αὐτοῖς*</span> <span class='ocrx_word' id='word_1_486' title='bbox 2870 2286 2966 2340; x_wconf 80' lang='grc' dir='ltr'>ἐὰν</span> <span class='ocrx_word' id='word_1_487' title='bbox 2992 2283 3102 2355; x_wconf 83' lang='grc' dir='ltr'>γὰρ</span> <span class='ocrx_word' id='word_1_488' title='bbox 3145 2277 3412 2354; x_wconf 81' lang='grc' dir='ltr'>μηδαμῶς</span> <span class='ocrx_word' id='word_1_489' title='bbox 3453 2275 3721 2345; x_wconf 85' lang='grc' dir='ltr'>φαίνηται</span> <span class='ocrx_word' id='word_1_490' title='bbox 3753 2270 3902 2366; x_wconf 86' lang='grc' dir='ltr'>τοῦθ’</span> 
     </span>
    </p>
   </div>
   <div class='ocr_carea' id='block_1_69' title="bbox 2294 2363 3904 2458">
    <p class='ocr_par' dir='ltr' id='par_1_69' title="bbox 2294 2363 3904 2458">
     <span class='ocr_line' id='line_1_69' title="bbox 2294 2363 3904 2458; baseline -0.018 -13"><span class='ocrx_word' id='word_1_491' title='bbox 2294 2389 2470 2452; x_wconf 77' lang='grc' dir='ltr'>οὕτως</span> <span class='ocrx_word' id='word_1_492' title='bbox 2497 2363 2640 2458; x_wconf 74' lang='grc' dir='ltr'>ἕχον,</span> <span class='ocrx_word' id='word_1_493' title='bbox 2666 2383 2845 2456; x_wconf 80' lang='grc' dir='ltr'>δῆλον,</span> <span class='ocrx_word' id='word_1_494' title='bbox 2881 2381 2962 2434; x_wconf 85' lang='grc' dir='ltr'>ὅτι</span> <span class='ocrx_word' id='word_1_495' title='bbox 2990 2376 3313 2431; x_wconf 82' lang='grc' dir='ltr'>ἐσκέδασται</span> <span class='ocrx_word' id='word_1_496' title='bbox 3337 2375 3366 2426; x_wconf 89' lang='lat'><strong>6</strong></span> <span class='ocrx_word' id='word_1_497' title='bbox 3392 2370 3486 2425; x_wconf 86' lang='grc' dir='ltr'><strong>τοῦ</strong></span> <span class='ocrx_word' id='word_1_498' title='bbox 3512 2368 3793 2442; x_wconf 79' lang='grc' dir='ltr'>προτέρου</span> <span class='ocrx_word' id='word_1_499' title='bbox 3816 2363 3904 2418; x_wconf 82' lang='grc' dir='ltr'>λό-</span> 
     </span>
    </p>
   </div>
   <div class='ocr_carea' id='block_1_70' title="bbox 2295 2460 3902 2551">
    <p class='ocr_par' dir='ltr' id='par_1_70' title="bbox 2295 2460 3902 2551">
     <span class='ocr_line' id='line_1_70' title="bbox 2295 2460 3902 2551; baseline -0.017 -14"><span class='ocrx_word' id='word_1_500' title='bbox 2295 2496 2392 2551; x_wconf 88' lang='grc' dir='ltr'><strong>γος</strong></span> <span class='ocrx_word' id='word_1_501' title='bbox 2406 2478 2541 2550; x_wconf 82' lang='grc'><strong>(88).</strong></span> <span class='ocrx_word' id='word_1_502' title='bbox 2555 2476 2722 2530; x_wconf 76' lang='grc' dir='ltr'>Οὐδὲν</span> <span class='ocrx_word' id='word_1_503' title='bbox 2736 2474 2914 2528; x_wconf 82' lang='grc' dir='ltr'>τοίνυν</span> <span class='ocrx_word' id='word_1_504' title='bbox 2929 2465 3091 2540; x_wconf 82' lang='grc' dir='ltr'>ἦττον</span> <span class='ocrx_word' id='word_1_505' title='bbox 3113 2469 3142 2522; x_wconf 88' lang='lat'><strong>6</strong></span> <span class='ocrx_word' id='word_1_506' title='bbox 3162 2461 3617 2537; x_wconf 74' lang='grc' dir='ltr'>ἐκκλησιαστικδς</span> <span class='ocrx_word' id='word_1_507' title='bbox 3634 2460 3902 2531; x_wconf 84' lang='grc' dir='ltr'>χρήσεται.</span> 
     </span>
    </p>
   </div>
   <div class='ocr_carea' id='block_1_71' title="bbox 2294 2552 3903 2647">
    <p class='ocr_par' dir='ltr' id='par_1_71' title="bbox 2294 2552 3903 2647">
     <span class='ocr_line' id='line_1_71' title="bbox 2294 2552 3903 2647; baseline -0.011 -25"><span class='ocrx_word' id='word_1_508' title='bbox 2294 2578 2362 2647; x_wconf 80' lang='grc' dir='ltr'><strong>τῇ</strong></span> <span class='ocrx_word' id='word_1_509' title='bbox 2397 2567 2873 2647; x_wconf 79' lang='grc' dir='ltr'>προαποδεδομένῃ</span> <span class='ocrx_word' id='word_1_510' title='bbox 2910 2564 3083 2627; x_wconf 80' lang='grc' dir='ltr'>λύσει,</span> <span class='ocrx_word' id='word_1_511' title='bbox 3127 2560 3208 2615; x_wconf 73' lang='grc' dir='ltr'><strong>ἐτι</strong></span> <span class='ocrx_word' id='word_1_512' title='bbox 3232 2559 3327 2614; x_wconf 55' lang='grc' dir='ltr'><strong>καί⁹</strong></span> <span class='ocrx_word' id='word_1_513' title='bbox 3364 2556 3527 2618; x_wconf 78' lang='grc' dir='ltr'>αὐτὸς</span> <span class='ocrx_word' id='word_1_514' title='bbox 3560 2554 3621 2609; x_wconf 83' lang='grc' dir='ltr'>τὸ</span> <span class='ocrx_word' id='word_1_515' title='bbox 3651 2552 3903 2647; x_wconf 80' lang='grc' dir='ltr'>βούλημα</span> 
     </span>
    </p>
   </div>
   <div class='ocr_carea' id='block_1_72' title="bbox 2296 2644 3903 2735">
    <p class='ocr_par' dir='ltr' id='par_1_72' title="bbox 2296 2644 3903 2735">
     <span class='ocr_line' id='line_1_72' title="bbox 2296 2644 3903 2735; baseline -0.014 -13"><span class='ocrx_word' id='word_1_516' title='bbox 2296 2644 2405 2722; x_wconf 81' lang='grc' dir='ltr'><strong>τῶν</strong></span> <span class='ocrx_word' id='word_1_517' title='bbox 2445 2644 2774 2735; x_wconf 76' lang='grc' dir='ltr'>πυθομένων</span> <span class='ocrx_word' id='word_1_518' title='bbox 2825 2656 3183 2729; x_wconf 76' lang='grc' dir='ltr'>παραστῆσαι</span> <span class='ocrx_word' id='word_1_519' title='bbox 3240 2648 3665 2721; x_wconf 83' lang='grc' dir='ltr'>ἀπαιτούμενος.</span> <span class='ocrx_word' id='word_1_520' title='bbox 3701 2647 3766 2701; x_wconf 76' lang='lat' dir='ltr'><strong>Et</strong></span> <span class='ocrx_word' id='word_1_521' title='bbox 3794 2644 3903 2717; x_wconf 85' lang='grc' dir='ltr'>γὰρ</span> 
     </span>
    </p>
   </div>
   <div class='ocr_carea' id='block_1_73' title="bbox 2297 2740 3901 2827">
    <p class='ocr_par' dir='ltr' id='par_1_73' title="bbox 2297 2740 3901 2827">
     <span class='ocr_line' id='line_1_73' title="bbox 2297 2740 3901 2827; baseline -0.013 -11"><span class='ocrx_word' id='word_1_522' title='bbox 2297 2761 2373 2827; x_wconf 81' lang='grc' dir='ltr'>ὡς</span> <span class='ocrx_word' id='word_1_523' title='bbox 2395 2756 2804 2815; x_wconf 85' lang='grc' dir='ltr'>κατεσκεύασαν</span> <span class='ocrx_word' id='word_1_524' title='bbox 2818 2753 2928 2825; x_wconf 88' lang='lat'><strong>(89)</strong></span> <span class='ocrx_word' id='word_1_525' title='bbox 2943 2753 2992 2806; x_wconf 85' lang='grc' dir='ltr'><strong>οί</strong></span> <span class='ocrx_word' id='word_1_526' title='bbox 3019 2749 3335 2822; x_wconf 67' lang='grc' dir='ltr'>πέμψαντες</span> <span class='ocrx_word' id='word_1_527' title='bbox 3353 2745 3502 2800; x_wconf 75' lang='grc' dir='ltr'>ἴσασι</span> <span class='ocrx_word' id='word_1_528' title='bbox 3520 2740 3901 2815; x_wconf 77' lang='grc' dir='ltr'>γεγενημένον</span> 
     </span>
    </p>
   </div>
   <div class='ocr_carea' id='block_1_74' title="bbox 2297 2828 3900 2925">
    <p class='ocr_par' dir='ltr' id='par_1_74' title="bbox 2297 2828 3900 2925">
     <span class='ocr_line' id='line_1_74' title="bbox 2297 2828 3900 2925; baseline -0.015 -16"><span class='ocrx_word' id='word_1_529' title='bbox 2297 2857 2365 2911; x_wconf 75' lang='grc' dir='ltr'><strong>ἐκ</strong></span> <span class='ocrx_word' id='word_1_530' title='bbox 2395 2852 2666 2925; x_wconf 80' lang='grc' dir='ltr'>Ζαχαρίου</span> <span class='ocrx_word' id='word_1_531' title='bbox 2688 2849 2786 2904; x_wconf 66' lang='grc' dir='ltr'>καὶ</span> <span class='ocrx_word' id='word_1_532' title='bbox 2821 2845 3106 2902; x_wconf 77' lang='grc' dir='ltr'>Ἐλισάὸετ</span> <span class='ocrx_word' id='word_1_533' title='bbox 3145 2845 3239 2899; x_wconf 84' lang='grc' dir='ltr'>τὸν</span> <span class='ocrx_word' id='word_1_534' title='bbox 3278 2840 3554 2910; x_wconf 85' lang='grc' dir='ltr'>Ἰωάννην,</span> <span class='ocrx_word' id='word_1_535' title='bbox 3586 2838 3687 2890; x_wconf 71' lang='grc' dir='ltr'>καὶ</span> <span class='ocrx_word' id='word_1_536' title='bbox 3719 2828 3900 2903; x_wconf 83' lang='grc' dir='ltr'>πολλῷ</span> 
     </span>
    </p>
   </div>
   <div class='ocr_carea' id='block_1_75' title="bbox 2297 2925 3901 3014">
    <p class='ocr_par' dir='ltr' id='par_1_75' title="bbox 2297 2925 3901 3014">
     <span class='ocr_line' id='line_1_75' title="bbox 2297 2925 3901 3014; baseline -0.016 -12"><span class='ocrx_word' id='word_1_537' title='bbox 2297 2946 2461 3002; x_wconf 72' lang='grc' dir='ltr'>πλέον</span> <span class='ocrx_word' id='word_1_538' title='bbox 2482 2946 2532 2999; x_wconf 87' lang='grc' dir='ltr'><strong>οί</strong></span> <span class='ocrx_word' id='word_1_539' title='bbox 2566 2941 2913 3014; x_wconf 76' lang='grc' dir='ltr'>πεμφθέντες</span> <span class='ocrx_word' id='word_1_540' title='bbox 2939 2939 3131 3009; x_wconf 84' lang='grc' dir='ltr'>γένους</span> <span class='ocrx_word' id='word_1_541' title='bbox 3159 2937 3311 2998; x_wconf 78' lang='grc' dir='ltr'>ὄντες</span> <span class='ocrx_word' id='word_1_542' title='bbox 3345 2928 3654 3002; x_wconf 79' lang='grc' dir='ltr'>ἱερατικοῦ,</span> <span class='ocrx_word' id='word_1_543' title='bbox 3684 2926 3780 2991; x_wconf 81' lang='grc' dir='ltr'><strong>οὒς</strong></span> <span class='ocrx_word' id='word_1_544' title='bbox 3800 2925 3901 2978; x_wconf 77' lang='grc' dir='ltr'>οὐκ</span> 
     </span>
    </p>
   </div>
   <div class='ocr_carea' id='block_1_76' title="bbox 2295 3017 3898 3108">
    <p class='ocr_par' dir='ltr' id='par_1_76' title="bbox 2295 3017 3898 3108">
     <span class='ocr_line' id='line_1_76' title="bbox 2295 3017 3898 3108; baseline -0.017 -12"><span class='ocrx_word' id='word_1_545' title='bbox 2295 3036 2363 3096; x_wconf 71' lang='grc' dir='ltr'>ἂν</span> <span class='ocrx_word' id='word_1_546' title='bbox 2392 3034 2582 3092; x_wconf 72' lang='grc' dir='ltr'>ἔλαθεν</span> <span class='ocrx_word' id='word_1_547' title='bbox 2612 3036 2647 3108; x_wconf 83' lang='grc' dir='ltr'><strong>ὴ</strong></span> <span class='ocrx_word' id='word_1_548' title='bbox 2676 3033 2772 3088; x_wconf 88' lang='grc' dir='ltr'><strong>τοῦ</strong></span> <span class='ocrx_word' id='word_1_549' title='bbox 2793 3031 2967 3096; x_wconf 73' lang='grc' dir='ltr'>οὕτως</span> <span class='ocrx_word' id='word_1_550' title='bbox 2993 3025 3295 3099; x_wconf 73' lang='grc' dir='ltr'>ἐπιφανοῦς</span> <span class='ocrx_word' id='word_1_551' title='bbox 3317 3022 3612 3093; x_wconf 87' lang='grc' dir='ltr'>συγγενοῦς</span> <span class='ocrx_word' id='word_1_552' title='bbox 3629 3017 3898 3091; x_wconf 78' lang='grc' dir='ltr'>Ζαχαρίου</span> 
     </span>
    </p>
   </div>
   <div class='ocr_carea' id='block_1_77' title="bbox 2296 3113 3892 3204">
    <p class='ocr_par' dir='ltr' id='par_1_77' title="bbox 2296 3113 3892 3204">
     <span class='ocr_line' id='line_1_77' title="bbox 2296 3113 3892 3204; baseline -0.016 -16"><span class='ocrx_word' id='word_1_553' title='bbox 2296 3130 2608 3204; x_wconf 64' lang='grc' dir='ltr'><strong>⁴παράδοξος</strong></span> <span class='ocrx_word' id='word_1_554' title='bbox 2639 3126 2915 3190; x_wconf 79' lang='grc' dir='ltr'>εὐπαιδία,</span> <span class='ocrx_word' id='word_1_555' title='bbox 2962 3124 3015 3178; x_wconf 83' lang='grc' dir='ltr'><strong>τί</strong></span> <span class='ocrx_word' id='word_1_556' title='bbox 3061 3124 3357 3193; x_wconf 75' lang='grc' dir='ltr'>νοήσαντες</span> <span class='ocrx_word' id='word_1_557' title='bbox 3400 3115 3767 3170; x_wconf 84' lang='grc' dir='ltr'>πυνθάνονται</span> <span class='ocrx_word' id='word_1_558' title='bbox 3810 3113 3892 3204; x_wconf 73' lang='grc' dir='ltr'><strong>τὺ,</strong></span> 
     </span>
    </p>
   </div>
   <div class='ocr_carea' id='block_1_78' title="bbox 2308 3202 3904 3287">
    <p class='ocr_par' dir='ltr' id='par_1_78' title="bbox 2308 3202 3904 3287">
     <span class='ocr_line' id='line_1_78' title="bbox 2308 3202 3904 3287; baseline -0.016 -8"><span class='ocrx_word' id='word_1_559' title='bbox 2308 3243 2330 3279; x_wconf 81' lang='grc' dir='ltr'><strong>ι</strong></span> <span class='ocrx_word' id='word_1_560' title='bbox 2360 3202 2435 3279; x_wconf 69' lang='grc' dir='ltr'><strong>Σὺ</strong></span> <span class='ocrx_word' id='word_1_561' title='bbox 2475 3221 2662 3286; x_wconf 87' lang='grc' dir='ltr'>Ἠλίας</span> <span class='ocrx_word' id='word_1_562' title='bbox 2693 3216 2776 3287; x_wconf 71' lang='lat' dir='ltr'><strong>el;</strong></span> <span class='ocrx_word' id='word_1_563' title='bbox 2825 3238 2845 3272; x_wconf 76' lang='grc' dir='ltr'><strong>ι</strong></span> <span class='ocrx_word' id='word_1_564' title='bbox 2898 3216 3090 3284; x_wconf 77' lang='grc' dir='ltr'>ἄνδρες</span> <span class='ocrx_word' id='word_1_565' title='bbox 3140 3209 3515 3282; x_wconf 80' lang='grc' dir='ltr'>ἀνεγνωκότες</span> <span class='ocrx_word' id='word_1_566' title='bbox 3579 3202 3904 3275; x_wconf 80' lang='grc' dir='ltr'>ἀνειλῆφθαι</span> 
     </span>
    </p>
   </div>
   <div class='ocr_carea' id='block_1_79' title="bbox 2303 3293 3901 3382">
    <p class='ocr_par' dir='ltr' id='par_1_79' title="bbox 2303 3293 3901 3382">
     <span class='ocr_line' id='line_1_79' title="bbox 2303 3293 3901 3382; baseline -0.017 -9"><span class='ocrx_word' id='word_1_567' title='bbox 2303 3316 2469 3373; x_wconf 79' lang='grc' dir='ltr'>αὐτὸν</span> <span class='ocrx_word' id='word_1_568' title='bbox 2498 3316 2577 3380; x_wconf 87' lang='grc' dir='ltr'>ὡς</span> <span class='ocrx_word' id='word_1_569' title='bbox 2610 3315 2691 3379; x_wconf 89' lang='grc' dir='ltr'><strong>είς</strong></span> <span class='ocrx_word' id='word_1_570' title='bbox 2733 3312 2825 3368; x_wconf 82' lang='grc' dir='ltr'>τὸν</span> <span class='ocrx_word' id='word_1_571' title='bbox 2859 3309 3110 3382; x_wconf 75' lang='grc' dir='ltr'>οὐρανὸν,</span> <span class='ocrx_word' id='word_1_572' title='bbox 3147 3307 3241 3361; x_wconf 74' lang='grc' dir='ltr'>καὶ</span> <span class='ocrx_word' id='word_1_573' title='bbox 3273 3299 3688 3375; x_wconf 79' lang='grc' dir='ltr'>προσδοκῶντες</span> <span class='ocrx_word' id='word_1_574' title='bbox 3719 3293 3901 3365; x_wconf 84' lang='grc' dir='ltr'>ἐπιδη-</span> 
     </span>
    </p>
   </div>
   <div class='ocr_carea' id='block_1_80' title="bbox 2307 3385 3905 3483">
    <p class='ocr_par' dir='ltr' id='par_1_80' title="bbox 2307 3385 3905 3483">
     <span class='ocr_line' id='line_1_80' title="bbox 2307 3385 3905 3483; baseline -0.018 -17"><span class='ocrx_word' id='word_1_575' title='bbox 2307 3410 2439 3483; x_wconf 86' lang='grc' dir='ltr'>μίαν</span> <span class='ocrx_word' id='word_1_576' title='bbox 2496 3405 2703 3472; x_wconf 83' lang='grc' dir='ltr'>αύτοῦ;</span> <span class='ocrx_word' id='word_1_577' title='bbox 2769 3404 2923 3474; x_wconf 88' lang='grc' dir='ltr'>Τάχα</span> <span class='ocrx_word' id='word_1_578' title='bbox 2972 3395 3066 3455; x_wconf 77' lang='grc' dir='ltr'>οὖν</span> <span class='ocrx_word' id='word_1_579' title='bbox 3122 3397 3247 3453; x_wconf 74' lang='grc' dir='ltr'>ἐπεὶ</span> <span class='ocrx_word' id='word_1_580' title='bbox 3308 3395 3445 3468; x_wconf 82' lang='grc' dir='ltr'>πρὸς</span> <span class='ocrx_word' id='word_1_581' title='bbox 3502 3394 3568 3463; x_wconf 74' lang='grc' dir='ltr'><strong>τῇ</strong></span> <span class='ocrx_word' id='word_1_582' title='bbox 3623 3385 3905 3483; x_wconf 58' lang='grc' dir='ltr'>συντελείᾳ</span> 
     </span>
    </p>
   </div>
   <div class='ocr_carea' id='block_1_81' title="bbox 2305 3478 3906 3574">
    <p class='ocr_par' dir='ltr' id='par_1_81' title="bbox 2305 3478 3906 3574">
     <span class='ocr_line' id='line_1_81' title="bbox 2305 3478 3906 3574; baseline -0.017 -17"><span class='ocrx_word' id='word_1_583' title='bbox 2305 3478 2682 3574; x_wconf 78' lang='grc' dir='ltr'>προσδοκῶσιν</span> <span class='ocrx_word' id='word_1_584' title='bbox 2737 3495 2925 3550; x_wconf 79' lang='grc' dir='ltr'>Ἠλίαν</span> <span class='ocrx_word' id='word_1_585' title='bbox 2977 3492 3085 3564; x_wconf 81' lang='grc' dir='ltr'>πρὸ</span> <span class='ocrx_word' id='word_1_586' title='bbox 3125 3487 3399 3562; x_wconf 81' lang='grc' dir='ltr'>Χριστοῦ,</span> <span class='ocrx_word' id='word_1_587' title='bbox 3447 3484 3543 3538; x_wconf 72' lang='grc' dir='ltr'>καὶ</span> <span class='ocrx_word' id='word_1_588' title='bbox 3594 3481 3689 3535; x_wconf 74' lang='grc' dir='ltr'>ἐπὶ</span> <span class='ocrx_word' id='word_1_589' title='bbox 3724 3478 3906 3574; x_wconf 60' lang='grc' dir='ltr'>τούτῳ</span> 
     </span>
    </p>
   </div>
   <div class='ocr_carea' id='block_1_82' title="bbox 2305 3571 3898 3665">
    <p class='ocr_par' dir='ltr' id='par_1_82' title="bbox 2305 3571 3898 3665">
     <span class='ocr_line' id='line_1_82' title="bbox 2305 3571 3898 3665; baseline -0.016 -19"><span class='ocrx_word' id='word_1_590' title='bbox 2305 3571 2562 3665; x_wconf 78' lang='grc' dir='ltr'>Χριστὸν,</span> <span class='ocrx_word' id='word_1_591' title='bbox 2595 3587 2760 3645; x_wconf 71' lang='grc' dir='ltr'>οἱονεὶ</span> <span class='ocrx_word' id='word_1_592' title='bbox 2790 3585 3199 3659; x_wconf 82' lang='grc' dir='ltr'>τροπικώτερον</span> <span class='ocrx_word' id='word_1_593' title='bbox 3244 3579 3525 3649; x_wconf 85' lang='grc' dir='ltr'>φαίνονται</span> <span class='ocrx_word' id='word_1_594' title='bbox 3563 3571 3898 3665; x_wconf 83' lang='grc' dir='ltr'>ἐρωτῶντες·</span> 
     </span>
    </p>
   </div>
   <div class='ocr_carea' id='block_1_83' title="bbox 2306 3664 3903 3754">
    <p class='ocr_par' dir='ltr' id='par_1_83' title="bbox 2306 3664 3903 3754">
     <span class='ocr_line' id='line_1_83' title="bbox 2306 3664 3903 3754; baseline -0.019 -11"><span class='ocrx_word' id='word_1_595' title='bbox 2306 3664 2371 3743; x_wconf 72' lang='lat' dir='ltr'><strong>El</strong></span> <span class='ocrx_word' id='word_1_596' title='bbox 2397 3683 2461 3737; x_wconf 89' lang='grc' dir='ltr'>σὺ</span> <span class='ocrx_word' id='word_1_597' title='bbox 2483 3678 2535 3735; x_wconf 76' lang='grc' dir='ltr'>εἷ</span> <span class='ocrx_word' id='word_1_598' title='bbox 2562 3683 2591 3737; x_wconf 89' lang='lat'><strong>6</strong></span> <span class='ocrx_word' id='word_1_599' title='bbox 2612 3675 3108 3754; x_wconf 84' lang='grc' dir='ltr'>προκαταγγέλλων</span> <span class='ocrx_word' id='word_1_600' title='bbox 3136 3673 3227 3728; x_wconf 60' lang='grc' dir='ltr'>τδιν</span> <span class='ocrx_word' id='word_1_601' title='bbox 3258 3669 3366 3743; x_wconf 78' lang='grc' dir='ltr'>πρὸ</span> <span class='ocrx_word' id='word_1_602' title='bbox 3380 3664 3620 3741; x_wconf 84' lang='grc' dir='ltr'>Χριστοῦ</span> <span class='ocrx_word' id='word_1_603' title='bbox 3651 3664 3747 3717; x_wconf 79' lang='grc' dir='ltr'>ἐπὶ</span> <span class='ocrx_word' id='word_1_604' title='bbox 3779 3676 3903 3754; x_wconf 79' lang='grc' dir='ltr'>συν-</span> 
     </span>
    </p>
   </div>
   <div class='ocr_carea' id='block_1_84' title="bbox 2305 3751 3903 3848">
    <p class='ocr_par' dir='ltr' id='par_1_84' title="bbox 2305 3751 3903 3848">
     <span class='ocr_line' id='line_1_84' title="bbox 2305 3751 3903 3848; baseline -0.014 -19"><span class='ocrx_word' id='word_1_605' title='bbox 2305 3775 2490 3848; x_wconf 73' lang='grc' dir='ltr'>τελείᾳ</span> <span class='ocrx_word' id='word_1_606' title='bbox 2544 3751 2899 3845; x_wconf 76' lang='grc' dir='ltr'>ἐλευσόμενον</span> <span class='ocrx_word' id='word_1_607' title='bbox 2940 3769 3135 3836; x_wconf 87' lang='grc' dir='ltr'>λόγον;</span> <span class='ocrx_word' id='word_1_608' title='bbox 3181 3764 3277 3823; x_wconf 85' lang='grc' dir='ltr'><strong>καί</strong></span> <span class='ocrx_word' id='word_1_609' title='bbox 3328 3759 3714 3831; x_wconf 75' lang='grc' dir='ltr'>ἐπιστημόνως</span> <span class='ocrx_word' id='word_1_610' title='bbox 3765 3751 3903 3827; x_wconf 73' lang='grc' dir='ltr'>πρὸς</span> 
     </span>
    </p>
   </div>
   <div class='ocr_carea' id='block_1_85' title="bbox 2307 3848 3907 3937">
    <p class='ocr_par' dir='ltr' id='par_1_85' title="bbox 2307 3848 3907 3937">
     <span class='ocr_line' id='line_1_85' title="bbox 2307 3848 3907 3937; baseline -0.013 -14"><span class='ocrx_word' id='word_1_611' title='bbox 2307 3868 2467 3924; x_wconf 84' lang='grc' dir='ltr'>τοῦτο</span> <span class='ocrx_word' id='word_1_612' title='bbox 2491 3865 2849 3937; x_wconf 79' lang='grc' dir='ltr'>ἀποκρίνεται</span> <span class='ocrx_word' id='word_1_613' title='bbox 2871 3865 2953 3928; x_wconf 79' lang='grc' dir='ltr'>τὸ,</span> <span class='ocrx_word' id='word_1_614' title='bbox 2985 3882 3004 3914; x_wconf 85' lang='grc' dir='ltr'><strong>ι</strong></span> <span class='ocrx_word' id='word_1_615' title='bbox 3028 3862 3144 3916; x_wconf 63' lang='grc' dir='ltr'><strong>Οὔκ</strong></span> <span class='ocrx_word' id='word_1_616' title='bbox 3171 3856 3304 3929; x_wconf 75' lang='grc' dir='ltr'>εἰμί.</span> <span class='ocrx_word' id='word_1_617' title='bbox 3333 3875 3352 3909; x_wconf 77' lang='grc' dir='ltr'><strong>ι</strong></span> <span class='ocrx_word' id='word_1_618' title='bbox 3390 3856 3514 3908; x_wconf 85' lang='grc' dir='ltr'><strong>Ἔτι</strong></span> <span class='ocrx_word' id='word_1_619' title='bbox 3549 3852 3607 3906; x_wconf 85' lang='grc' dir='ltr'>δὲ</span> <span class='ocrx_word' id='word_1_620' title='bbox 3640 3853 3669 3905; x_wconf 88' lang='lat'><strong>6</strong></span> <span class='ocrx_word' id='word_1_621' title='bbox 3703 3848 3907 3937; x_wconf 58' lang='lat' dir='ltr'><strong>truth}:-</strong></span> 
     </span>
    </p>
   </div>
   <div class='ocr_carea' id='block_1_86' title="bbox 2313 3934 3903 4027">
    <p class='ocr_par' dir='ltr' id='par_1_86' title="bbox 2313 3934 3903 4027">
     <span class='ocr_line' id='line_1_86' title="bbox 2313 3934 3903 4027; baseline -0.016 -13"><span class='ocrx_word' id='word_1_622' title='bbox 2313 3959 2612 4022; x_wconf 81' lang='grc' dir='ltr'>σιαστικὸς,</span> <span class='ocrx_word' id='word_1_623' title='bbox 2644 3934 2950 4027; x_wconf 42' lang='grc' dir='ltr'>-ίστάμενος</span> <span class='ocrx_word' id='word_1_624' title='bbox 2996 3952 3134 4023; x_wconf 75' lang='grc' dir='ltr'>πρὸς</span> <span class='ocrx_word' id='word_1_625' title='bbox 3168 3950 3238 4005; x_wconf 73' lang='grc' dir='ltr'><strong>τὰ</strong></span> <span class='ocrx_word' id='word_1_626' title='bbox 3283 3943 3633 4020; x_wconf 78' lang='grc' dir='ltr'>ἐξητασμένα</span> <span class='ocrx_word' id='word_1_627' title='bbox 3672 3939 3779 3993; x_wconf 84' lang='grc' dir='ltr'><strong>ὑπὸ</strong></span> <span class='ocrx_word' id='word_1_628' title='bbox 3809 3934 3903 3991; x_wconf 88' lang='grc' dir='ltr'><strong>τοῦ</strong></span> 
     </span>
    </p>
   </div>
   <div class='ocr_carea' id='block_1_87' title="bbox 2310 4032 3894 4122">
    <p class='ocr_par' dir='ltr' id='par_1_87' title="bbox 2310 4032 3894 4122">
     <span class='ocr_line' id='line_1_87' title="bbox 2310 4032 3894 4122; baseline -0.016 -16"><span class='ocrx_word' id='word_1_629' title='bbox 2310 4052 2499 4122; x_wconf 89' lang='grc' dir='ltr'>ἐτέρου</span> <span class='ocrx_word' id='word_1_630' title='bbox 2548 4048 2934 4103; x_wconf 82' lang='grc' dir='ltr'>ἀποδεικνύναι</span> <span class='ocrx_word' id='word_1_631' title='bbox 2980 4041 3351 4117; x_wconf 84' lang='grc' dir='ltr'>πειρωμένου,</span> <span class='ocrx_word' id='word_1_632' title='bbox 3389 4038 3465 4110; x_wconf 83' lang='grc' dir='ltr'>μὴ</span> <span class='ocrx_word' id='word_1_633' title='bbox 3501 4036 3569 4091; x_wconf 80' lang='grc' dir='ltr'>ἂν</span> <span class='ocrx_word' id='word_1_634' title='bbox 3614 4032 3894 4105; x_wconf 83' lang='grc' dir='ltr'>λεληθέναι</span> 
     </span>
    </p>
   </div>
   <div class='ocr_carea' id='block_1_88' title="bbox 2308 4124 3903 4214">
    <p class='ocr_par' dir='ltr' id='par_1_88' title="bbox 2308 4124 3903 4214">
     <span class='ocr_line' id='line_1_88' title="bbox 2308 4124 3903 4214; baseline -0.019 -10"><span class='ocrx_word' id='word_1_635' title='bbox 2308 4146 2435 4209; x_wconf 65' lang='grc' dir='ltr'>τοὺς</span> <span class='ocrx_word' id='word_1_636' title='bbox 2469 4145 2633 4214; x_wconf 79' lang='grc' dir='ltr'>ἱερεῖς</span> <span class='ocrx_word' id='word_1_637' title='bbox 2665 4140 2837 4205; x_wconf 72' lang='grc' dir='ltr'>οὕτως</span> <span class='ocrx_word' id='word_1_638' title='bbox 2867 4137 3103 4208; x_wconf 84' lang='grc' dir='ltr'>ἐπιφανῆ</span> <span class='ocrx_word' id='word_1_639' title='bbox 3125 4132 3501 4205; x_wconf 83' lang='grc' dir='ltr'>γεγενημένην</span> <span class='ocrx_word' id='word_1_640' title='bbox 3520 4127 3619 4199; x_wconf 78' lang='grc' dir='ltr'>τὴν</span> <span class='ocrx_word' id='word_1_641' title='bbox 3653 4124 3903 4179; x_wconf 82' lang='grc' dir='ltr'>Ἰωάννου</span> 
     </span>
    </p>
   </div>
   <div class='ocr_carea' id='block_1_89' title="bbox 2310 4218 3907 4306">
    <p class='ocr_par' dir='ltr' id='par_1_89' title="bbox 2310 4218 3907 4306">
     <span class='ocr_line' id='line_1_89' title="bbox 2310 4218 3907 4306; baseline -0.013 -16"><span class='ocrx_word' id='word_1_642' title='bbox 2310 4236 2526 4306; x_wconf 88' lang='grc' dir='ltr'>γένεσιν</span> <span class='ocrx_word' id='word_1_643' title='bbox 2560 4234 2649 4288; x_wconf 79' lang='grc' dir='ltr'><strong>διὰ</strong></span> <span class='ocrx_word' id='word_1_644' title='bbox 2693 4234 2757 4287; x_wconf 84' lang='grc' dir='ltr'>τὸ</span> <span class='ocrx_word' id='word_1_645' title='bbox 2806 4234 2862 4286; x_wconf 88' lang='grc' dir='ltr'><strong>ἐν</strong></span> <span class='ocrx_word' id='word_1_646' title='bbox 2896 4235 2962 4302; x_wconf 78' lang='grc' dir='ltr'>τῇ</span> <span class='ocrx_word' id='word_1_647' title='bbox 3009 4230 3193 4302; x_wconf 79' lang='grc' dir='ltr'>ὀρεινῇ</span> <span class='ocrx_word' id='word_1_648' title='bbox 3227 4227 3329 4298; x_wconf 83' lang='grc' dir='ltr'>τῆς</span> <span class='ocrx_word' id='word_1_649' title='bbox 3368 4223 3631 4286; x_wconf 83' lang='grc' dir='ltr'>Ἰουδαίας</span> <span class='ocrx_word' id='word_1_650' title='bbox 3658 4218 3907 4275; x_wconf 83' lang='grc' dir='ltr'>διαλελα-</span> 
     </span>
    </p>
   </div>
   <div class='ocr_carea' id='block_1_90' title="bbox 2312 4310 3909 4401">
    <p class='ocr_par' dir='ltr' id='par_1_90' title="bbox 2312 4310 3909 4401">
     <span class='ocr_line' id='line_1_90' title="bbox 2312 4310 3909 4401; baseline -0.013 -18"><span class='ocrx_word' id='word_1_651' title='bbox 2312 4327 2509 4401; x_wconf 82' lang='grc' dir='ltr'>λῆσθαι</span> <span class='ocrx_word' id='word_1_652' title='bbox 2536 4327 2713 4381; x_wconf 84' lang='grc' dir='ltr'>πάντα</span> <span class='ocrx_word' id='word_1_653' title='bbox 2737 4325 2807 4379; x_wconf 77' lang='grc' dir='ltr'>τὰ</span> <span class='ocrx_word' id='word_1_654' title='bbox 2839 4326 3057 4397; x_wconf 78' lang='grc' dir='ltr'>ῥήματα</span> <span class='ocrx_word' id='word_1_655' title='bbox 3081 4321 3277 4385; x_wconf 86' lang='grc' dir='ltr'>ταῦτα,</span> <span class='ocrx_word' id='word_1_656' title='bbox 3308 4319 3473 4390; x_wconf 83' lang='grc' dir='ltr'>φήσει</span> <span class='ocrx_word' id='word_1_657' title='bbox 3492 4315 3591 4387; x_wconf 77' lang='grc' dir='ltr'>τὴν</span> <span class='ocrx_word' id='word_1_658' title='bbox 3619 4310 3909 4401; x_wconf 81' lang='grc' dir='ltr'>παραπλη-</span> 
     </span>
    </p>
   </div>
   <div class='ocr_carea' id='block_1_91' title="bbox 2316 4400 3902 4488">
    <p class='ocr_par' dir='ltr' id='par_1_91' title="bbox 2316 4400 3902 4488">
     <span class='ocr_line' id='line_1_91' title="bbox 2316 4400 3902 4488; baseline -0.015 -11"><span class='ocrx_word' id='word_1_659' title='bbox 2316 4400 2437 4483; x_wconf 82' lang='grc' dir='ltr'>σίαν</span> <span class='ocrx_word' id='word_1_660' title='bbox 2470 4421 2687 4488; x_wconf 85' lang='grc' dir='ltr'>ἀπάτην</span> <span class='ocrx_word' id='word_1_661' title='bbox 2724 4418 2938 4481; x_wconf 84' lang='grc' dir='ltr'>πολλοῖς</span> <span class='ocrx_word' id='word_1_662' title='bbox 2970 4414 3255 4486; x_wconf 79' lang='grc' dir='ltr'>γεγονέναι</span> <span class='ocrx_word' id='word_1_663' title='bbox 3294 4412 3388 4466; x_wconf 77' lang='grc' dir='ltr'>καὶ</span> <span class='ocrx_word' id='word_1_664' title='bbox 3422 4409 3556 4481; x_wconf 72' lang='grc' dir='ltr'>περὶ</span> <span class='ocrx_word' id='word_1_665' title='bbox 3585 4405 3680 4459; x_wconf 87' lang='grc' dir='ltr'><strong>τοῦ</strong></span> <span class='ocrx_word' id='word_1_666' title='bbox 3716 4400 3902 4471; x_wconf 85' lang='grc' dir='ltr'><strong>Σωτῆ-</strong></span> 
     </span>
    </p>
   </div>
   <div class='ocr_carea' id='block_1_92' title="bbox 613 4495 2198 4590">
    <p class='ocr_par' dir='ltr' id='par_1_92' title="bbox 613 4516 2198 4579">
     <span class='ocr_line' id='line_1_92' title="bbox 613 4516 2198 4579; baseline 0.003 -4"><span class='ocrx_word' id='word_1_667' title='bbox 613 4516 839 4575; x_wconf 86' lang='lat' dir='ltr'><strong>latuisse</strong></span> <span class='ocrx_word' id='word_1_668' title='bbox 866 4521 1177 4574; x_wconf 80' lang='lat' dir='ltr'><strong>sacerdotes</strong></span> <span class='ocrx_word' id='word_1_669' title='bbox 1199 4528 1380 4572; x_wconf 90' lang='lat' dir='ltr'><strong>ortum</strong></span> <span class='ocrx_word' id='word_1_670' title='bbox 1421 4516 1649 4574; x_wconf 83' lang='lat' dir='ltr'><strong>Joannis</strong></span> <span class='ocrx_word' id='word_1_671' title='bbox 1677 4521 1813 4577; x_wconf 88' lang='lat' dir='ltr'><strong>adeo</strong></span> <span class='ocrx_word' id='word_1_672' title='bbox 1855 4522 2198 4579; x_wconf 81' lang='lat' dir='ltr'><strong>manifestum</strong></span> 
     </span>
    </p>
   </div>
   <div class='ocr_carea' id='block_1_93' title="bbox 2300 4495 3906 4590">
    <p class='ocr_par' dir='ltr' id='par_1_93' title="bbox 2317 4495 3906 4590">
     <span class='ocr_line' id='line_1_93' title="bbox 2317 4495 3906 4590; baseline -0.01 -19"><span class='ocrx_word' id='word_1_673' title='bbox 2317 4533 2408 4590; x_wconf 90' lang='grc' dir='ltr'><strong>ρος</strong></span> <span class='ocrx_word' id='word_1_674' title='bbox 2427 4532 2440 4546; x_wconf 87' lang='grc'><strong>·</strong></span> <span class='ocrx_word' id='word_1_675' title='bbox 2470 4515 2592 4569; x_wconf 78' lang='grc' dir='ltr'>ἐπεὶ</span> <span class='ocrx_word' id='word_1_676' title='bbox 2631 4535 2649 4565; x_wconf 83' lang='grc' dir='ltr'><strong>ι</strong></span> <span class='ocrx_word' id='word_1_677' title='bbox 2678 4515 2728 4573; x_wconf 79' lang='grc' dir='ltr'>οἱ</span> <span class='ocrx_word' id='word_1_678' title='bbox 2765 4513 2863 4584; x_wconf 85' lang='grc' dir='ltr'>μὲν</span> <span class='ocrx_word' id='word_1_679' title='bbox 2895 4512 3083 4579; x_wconf 77' lang='grc' dir='ltr'>ελεγον</span> <span class='ocrx_word' id='word_1_680' title='bbox 3111 4508 3274 4562; x_wconf 79' lang='grc' dir='ltr'>αὐτὸν</span> <span class='ocrx_word' id='word_1_681' title='bbox 3303 4504 3555 4573; x_wconf 79' lang='grc' dir='ltr'>Ἰωάννην</span> <span class='ocrx_word' id='word_1_682' title='bbox 3576 4495 3906 4566; x_wconf 71' lang='grc' dir='ltr'>Βαπτιστὴνο</span> 
     </span>
    </p>
   </div>
   <div class='ocr_carea' id='block_1_94' title="bbox 615 4610 2206 4683">
    <p class='ocr_par' dir='ltr' id='par_1_94' title="bbox 615 4610 2206 4683">
     <span class='ocr_line' id='line_1_94' title="bbox 615 4610 2206 4683; baseline 0.005 -18"><span class='ocrx_word' id='word_1_683' title='bbox 615 4610 835 4671; x_wconf 78' lang='lat' dir='ltr'><strong>factum.</strong></span> <span class='ocrx_word' id='word_1_684' title='bbox 866 4627 932 4667; x_wconf 88' lang='lat' dir='ltr'><strong>eo</strong></span> <span class='ocrx_word' id='word_1_685' title='bbox 960 4615 1105 4682; x_wconf 87' lang='lat' dir='ltr'><strong>quod</strong></span> <span class='ocrx_word' id='word_1_686' title='bbox 1139 4613 1412 4683; x_wconf 77' lang='lat' dir='ltr'><strong>divulgata</strong></span> <span class='ocrx_word' id='word_1_687' title='bbox 1444 4613 1651 4668; x_wconf 82' lang='lat' dir='ltr'><strong>fuerint</strong></span> <span class='ocrx_word' id='word_1_688' title='bbox 1681 4614 1865 4670; x_wconf 89' lang='lat' dir='ltr'><strong>omnia</strong></span> <span class='ocrx_word' id='word_1_689' title='bbox 1897 4616 2063 4671; x_wconf 87' lang='lat' dir='ltr'><strong>verba</strong></span> <span class='ocrx_word' id='word_1_690' title='bbox 2091 4617 2206 4673; x_wconf 69' lang='lat' dir='ltr'><strong>haec</strong></span> 
     </span>
    </p>
   </div>
   <div class='ocr_carea' id='block_1_95' title="bbox 617 4704 2205 4776">
    <p class='ocr_par' dir='ltr' id='par_1_95' title="bbox 617 4704 2205 4776">
     <span class='ocr_line' id='line_1_95' title="bbox 617 4704 2205 4776; baseline 0.004 -18"><span class='ocrx_word' id='word_1_691' title='bbox 617 4719 714 4776; x_wconf 88' lang='lat' dir='ltr'><strong>per</strong></span> <span class='ocrx_word' id='word_1_692' title='bbox 754 4715 1010 4759; x_wconf 88' lang='lat' dir='ltr'><strong>montana</strong></span> <span class='ocrx_word' id='word_1_693' title='bbox 1049 4704 1249 4761; x_wconf 72' lang='lat' dir='ltr'><strong>Judaza:</strong></span> <span class='ocrx_word' id='word_1_694' title='bbox 1279 4708 1319 4769; x_wconf 83' lang='grc'>¹,</span> <span class='ocrx_word' id='word_1_695' title='bbox 1357 4706 1503 4761; x_wconf 84' lang='lat' dir='ltr'><strong>dicet</strong></span> <span class='ocrx_word' id='word_1_696' title='bbox 1545 4706 1746 4761; x_wconf 89' lang='lat' dir='ltr'><strong>multos</strong></span> <span class='ocrx_word' id='word_1_697' title='bbox 1799 4706 1965 4762; x_wconf 92' lang='lat' dir='ltr'><strong>simili</strong></span> <span class='ocrx_word' id='word_1_698' title='bbox 2012 4723 2205 4764; x_wconf 89' lang='lat' dir='ltr'><strong>errore</strong></span> 
     </span>
    </p>
   </div>
   <div class='ocr_carea' id='block_1_96' title="bbox 617 4797 2204 4870">
    <p class='ocr_par' dir='ltr' id='par_1_96' title="bbox 617 4797 2204 4870">
     <span class='ocr_line' id='line_1_96' title="bbox 617 4797 2204 4870; baseline 0.004 -22"><span class='ocrx_word' id='word_1_699' title='bbox 617 4800 871 4865; x_wconf 82' lang='lat' dir='ltr'><strong>deceptos</strong></span> <span class='ocrx_word' id='word_1_700' title='bbox 902 4797 1068 4853; x_wconf 78' lang='lat' dir='ltr'><strong>fuisse</strong></span> <span class='ocrx_word' id='word_1_701' title='bbox 1089 4799 1140 4851; x_wconf 93' lang='lat' dir='ltr'><strong>in</strong></span> <span class='ocrx_word' id='word_1_702' title='bbox 1170 4800 1485 4865; x_wconf 83' lang='lat' dir='ltr'><strong>Servatore,</strong></span> <span class='ocrx_word' id='word_1_703' title='bbox 1518 4798 1777 4868; x_wconf 88' lang='lat' dir='ltr'><strong>quoniam</strong></span> <span class='ocrx_word' id='word_1_704' title='bbox 1811 4816 1831 4851; x_wconf 85' lang='grc' dir='ltr'><strong>ι</strong></span> <span class='ocrx_word' id='word_1_705' title='bbox 1861 4800 1950 4854; x_wconf 88' lang='lat' dir='ltr'><strong>alii</strong></span> <span class='ocrx_word' id='word_1_706' title='bbox 1983 4802 2204 4870; x_wconf 90' lang='lat' dir='ltr'><strong>quidem</strong></span> 
     </span>
    </p>
   </div>
   <div class='ocr_carea' id='block_1_97' title="bbox 620 4885 2204 4959">
    <p class='ocr_par' dir='ltr' id='par_1_97' title="bbox 620 4885 2204 4959">
     <span class='ocr_line' id='line_1_97' title="bbox 620 4885 2204 4959; baseline 0.003 -17"><span class='ocrx_word' id='word_1_707' title='bbox 620 4885 880 4943; x_wconf 75' lang='lat' dir='ltr'><strong>Joannem</strong></span> <span class='ocrx_word' id='word_1_708' title='bbox 942 4889 1240 4959; x_wconf 76' lang='lat' dir='ltr'><strong>Baptistam</strong></span> <span class='ocrx_word' id='word_1_709' title='bbox 1276 4890 1474 4958; x_wconf 87' lang='lat' dir='ltr'><strong>ipsmn,</strong></span> <span class='ocrx_word' id='word_1_710' title='bbox 1511 4889 1602 4942; x_wconf 85' lang='lat' dir='ltr'><strong>alii</strong></span> <span class='ocrx_word' id='word_1_711' title='bbox 1654 4900 1839 4945; x_wconf 90' lang='lat' dir='ltr'><strong>autem</strong></span> <span class='ocrx_word' id='word_1_712' title='bbox 1883 4891 2079 4957; x_wconf 79' lang='lat' dir='ltr'><strong>Etiam,</strong></span> <span class='ocrx_word' id='word_1_713' title='bbox 2111 4890 2204 4947; x_wconf 87' lang='lat' dir='ltr'><strong>alii</strong></span> 
     </span>
    </p>
   </div>
   <div class='ocr_carea' id='block_1_98' title="bbox 621 4982 2208 5055">
    <p class='ocr_par' dir='ltr' id='par_1_98' title="bbox 621 4982 2208 5055">
     <span class='ocr_line' id='line_1_98' title="bbox 621 4982 2208 5055; baseline 0.004 -21"><span class='ocrx_word' id='word_1_714' title='bbox 621 4996 750 5037; x_wconf 84' lang='lat' dir='ltr'><strong>vero</strong></span> <span class='ocrx_word' id='word_1_715' title='bbox 812 4982 1139 5050; x_wconf 84' lang='lat' dir='ltr'><strong>Jeremiam,</strong></span> <span class='ocrx_word' id='word_1_716' title='bbox 1193 4997 1287 5040; x_wconf 90' lang='lat' dir='ltr'><strong>aut</strong></span> <span class='ocrx_word' id='word_1_717' title='bbox 1341 5001 1507 5039; x_wconf 90' lang='lat' dir='ltr'><strong>unum</strong></span> <span class='ocrx_word' id='word_1_718' title='bbox 1564 4985 1955 5055; x_wconf 85' lang='lat' dir='ltr'><strong>prophetarum</strong></span> <span class='ocrx_word' id='word_1_719' title='bbox 2001 5005 2020 5037; x_wconf 79' lang='grc' dir='ltr'><strong>ι</strong></span> <span class='ocrx_word' id='word_1_720' title='bbox 2056 4986 2208 5041; x_wconf 87' lang='lat' dir='ltr'><strong>dice-</strong></span> 
     </span>
    </p>
   </div>
   <div class='ocr_carea' id='block_1_99' title="bbox 620 5077 2206 5148">
    <p class='ocr_par' dir='ltr' id='par_1_99' title="bbox 620 5077 2206 5148">
     <span class='ocr_line' id='line_1_99' title="bbox 620 5077 2206 5148; baseline 0.003 -18"><span class='ocrx_word' id='word_1_721' title='bbox 620 5088 743 5131; x_wconf 89' lang='lat' dir='ltr'><strong>rent</strong></span> <span class='ocrx_word' id='word_1_722' title='bbox 765 5080 787 5109; x_wconf 83' lang='grc'><strong><em>²</em></strong></span> <span class='ocrx_word' id='word_1_723' title='bbox 817 5094 834 5131; x_wconf 87' lang='lat'><strong>:</strong></span> <span class='ocrx_word' id='word_1_724' title='bbox 860 5081 1316 5148; x_wconf 88' lang='lat' dir='ltr'><strong>quemadmodum</strong></span> <span class='ocrx_word' id='word_1_725' title='bbox 1350 5089 1403 5134; x_wconf 92' lang='lat' dir='ltr'><strong>et</strong></span> <span class='ocrx_word' id='word_1_726' title='bbox 1430 5077 1680 5148; x_wconf 86' lang='lat' dir='ltr'><strong>discipuli</strong></span> <span class='ocrx_word' id='word_1_727' title='bbox 1712 5077 2063 5147; x_wconf 79' lang='lat' dir='ltr'><strong>interroganti</strong></span> <span class='ocrx_word' id='word_1_728' title='bbox 2097 5081 2206 5134; x_wconf 83' lang='lat' dir='ltr'><strong>Do—</strong></span> 
     </span>
    </p>
   </div>
   <div class='ocr_carea' id='block_1_100' title="bbox 621 5168 2205 5241">
    <p class='ocr_par' dir='ltr' id='par_1_100' title="bbox 621 5168 2205 5241">
     <span class='ocr_line' id='line_1_100' title="bbox 621 5168 2205 5241; baseline 0 -18"><span class='ocrx_word' id='word_1_729' title='bbox 621 5170 770 5224; x_wconf 89' lang='lat' dir='ltr'><strong>mino</strong></span> <span class='ocrx_word' id='word_1_730' title='bbox 797 5170 839 5237; x_wconf 88' lang='grc'>³,</span> <span class='ocrx_word' id='word_1_731' title='bbox 888 5185 1011 5224; x_wconf 91' lang='lat' dir='ltr'><strong>cum</strong></span> <span class='ocrx_word' id='word_1_732' title='bbox 1046 5173 1283 5226; x_wconf 83' lang='lat' dir='ltr'><strong>venisset</strong></span> <span class='ocrx_word' id='word_1_733' title='bbox 1325 5173 1380 5227; x_wconf 90' lang='lat' dir='ltr'><strong>in</strong></span> <span class='ocrx_word' id='word_1_734' title='bbox 1411 5180 1597 5241; x_wconf 89' lang='lat' dir='ltr'><strong>partes</strong></span> <span class='ocrx_word' id='word_1_735' title='bbox 1629 5169 1897 5224; x_wconf 69' lang='lat' dir='ltr'><strong>Ctesareze</strong></span> <span class='ocrx_word' id='word_1_736' title='bbox 1950 5168 2205 5239; x_wconf 89' lang='lat' dir='ltr'><strong>Philippi,</strong></span> 
     </span>
    </p>
   </div>
   <div class='ocr_carea' id='block_1_101' title="bbox 620 5256 2213 5329">
    <p class='ocr_par' dir='ltr' id='par_1_101' title="bbox 620 5256 2213 5329">
     <span class='ocr_line' id='line_1_101' title="bbox 620 5256 2213 5329; baseline 0.003 -19"><span class='ocrx_word' id='word_1_737' title='bbox 620 5260 892 5315; x_wconf 79' lang='lat' dir='ltr'><strong>dixerunt.</strong></span> <span class='ocrx_word' id='word_1_738' title='bbox 923 5261 1062 5329; x_wconf 85' lang='lat' dir='ltr'><strong>Quin</strong></span> <span class='ocrx_word' id='word_1_739' title='bbox 1108 5262 1350 5319; x_wconf 85' lang='lat' dir='ltr'><strong>Herodes</strong></span> <span class='ocrx_word' id='word_1_740' title='bbox 1374 5264 1599 5320; x_wconf 89' lang='lat' dir='ltr'><strong>dicens:</strong></span> <span class='ocrx_word' id='word_1_741' title='bbox 1633 5278 1651 5309; x_wconf 77' lang='grc' dir='ltr'><strong>ι</strong></span> <span class='ocrx_word' id='word_1_742' title='bbox 1698 5256 1870 5323; x_wconf 83' lang='lat' dir='ltr'><strong>Quem</strong></span> <span class='ocrx_word' id='word_1_743' title='bbox 1900 5272 2003 5328; x_wconf 80' lang='lat' dir='ltr'><strong>ego</strong></span> <span class='ocrx_word' id='word_1_744' title='bbox 2028 5260 2213 5315; x_wconf 86' lang='lat' dir='ltr'><strong>decol-</strong></span> 
     </span>
    </p>
   </div>
   <div class='ocr_carea' id='block_1_102' title="bbox 623 5351 2210 5426">
    <p class='ocr_par' dir='ltr' id='par_1_102' title="bbox 623 5351 2210 5426">
     <span class='ocr_line' id='line_1_102' title="bbox 623 5351 2210 5426; baseline -0.001 -19"><span class='ocrx_word' id='word_1_745' title='bbox 623 5352 726 5407; x_wconf 85' lang='lat' dir='ltr'><strong>lavi</strong></span> <span class='ocrx_word' id='word_1_746' title='bbox 763 5351 1070 5423; x_wconf 82' lang='lat' dir='ltr'><strong>Joannem,</strong></span> <span class='ocrx_word' id='word_1_747' title='bbox 1115 5356 1232 5426; x_wconf 86' lang='lat' dir='ltr'><strong>ipse</strong></span> <span class='ocrx_word' id='word_1_748' title='bbox 1273 5357 1516 5413; x_wconf 85' lang='lat' dir='ltr'><strong>surrexit</strong></span> <span class='ocrx_word' id='word_1_749' title='bbox 1545 5373 1574 5411; x_wconf 90' lang='lat' dir='ltr'><strong>a</strong></span> <span class='ocrx_word' id='word_1_750' title='bbox 1612 5353 1846 5410; x_wconf 88' lang='lat' dir='ltr'><strong>mortuis</strong></span> <span class='ocrx_word' id='word_1_751' title='bbox 1866 5351 1911 5420; x_wconf 67' lang='grc'>⁸,</span> <span class='ocrx_word' id='word_1_752' title='bbox 1942 5370 1963 5404; x_wconf 71' lang='grc' dir='ltr'><strong>ι</strong></span> <span class='ocrx_word' id='word_1_753' title='bbox 1996 5352 2210 5407; x_wconf 88' lang='lat' dir='ltr'><strong>videtur</strong></span> 
     </span>
    </p>
   </div>
   <div class='ocr_carea' id='block_1_103' title="bbox 692 5482 2198 5554">
    <p class='ocr_par' dir='ltr' id='par_1_103' title="bbox 692 5484 2198 5554">
     <span class='ocr_line' id='line_1_103' title="bbox 692 5484 2198 5554; baseline 0 -12"><span class='ocrx_word' id='word_1_754' title='bbox 692 5489 739 5520; x_wconf 81' lang='lat'><strong>&quot;</strong></span> <span class='ocrx_word' id='word_1_755' title='bbox 768 5487 891 5544; x_wconf 87' lang='lat' dir='ltr'><strong>lsai.</strong></span> <span class='ocrx_word' id='word_1_756' title='bbox 919 5489 1085 5554; x_wconf 73' lang='lat' dir='ltr'><strong>XL,5.</strong></span> <span class='ocrx_word' id='word_1_757' title='bbox 1161 5490 1209 5521; x_wconf 84' lang='grc'><strong>⁹⁶</strong></span> <span class='ocrx_word' id='word_1_758' title='bbox 1235 5489 1366 5545; x_wconf 87' lang='lat' dir='ltr'><strong>Luc.</strong></span> <span class='ocrx_word' id='word_1_759' title='bbox 1402 5505 1443 5549; x_wconf 85' lang='grc' dir='ltr'>ι.</span> <span class='ocrx_word' id='word_1_760' title='bbox 1483 5488 1569 5554; x_wconf 79' lang='lat' dir='ltr'><strong>l3,</strong></span> <span class='ocrx_word' id='word_1_761' title='bbox 1603 5488 1673 5543; x_wconf 80' lang='lat' dir='ltr'><strong>l5</strong></span> <span class='ocrx_word' id='word_1_762' title='bbox 1775 5487 1820 5519; x_wconf 85' lang='grc'><strong>⁹⁷</strong></span> <span class='ocrx_word' id='word_1_763' title='bbox 1848 5484 2008 5545; x_wconf 78' lang='lat' dir='ltr'><strong>Joan.</strong></span> <span class='ocrx_word' id='word_1_764' title='bbox 2042 5486 2198 5552; x_wconf 76' lang='grc'><strong>1,.16-</strong></span> 
     </span>
    </p>
   </div>
   <div class='ocr_carea' id='block_1_104' title="bbox 2300 5482 2808 5554">
    <p class='ocr_par' dir='ltr' id='par_1_104' title="bbox 2300 5482 2808 5550">
     <span class='ocr_line' id='line_1_104' title="bbox 2300 5482 2808 5550; baseline -0.002 -12"><span class='ocrx_word' id='word_1_765' title='bbox 2300 5530 2302 5538; x_wconf 78' lang='lat'><strong>,</strong></span> <span class='ocrx_word' id='word_1_766' title='bbox 2379 5489 2426 5522; x_wconf 74' lang='grc'><strong>⁸⁸</strong></span> <span class='ocrx_word' id='word_1_767' title='bbox 2448 5486 2607 5544; x_wconf 82' lang='lat' dir='ltr'><strong>Juan.</strong></span> <span class='ocrx_word' id='word_1_768' title='bbox 2643 5501 2681 5550; x_wconf 90' lang='grc' dir='ltr'><strong>ι,</strong></span> <span class='ocrx_word' id='word_1_769' title='bbox 2715 5482 2808 5538; x_wconf 56' lang='lat' dir='ltr'><strong>ﬁt.</strong></span> 
     </span>
    </p>
   </div>
   <div class='ocr_carea' id='block_1_105' title="bbox 581 5548 1751 5627">
    <p class='ocr_par' dir='ltr' id='par_1_105' title="bbox 581 5548 1751 5627">
     <span class='ocr_line' id='line_1_105' title="bbox 581 5548 1751 5627; baseline -0.003 -12"><span class='ocrx_word' id='word_1_770' title='bbox 581 5548 588 5555; x_wconf 88' lang='lat'>&#39;</span> <span class='ocrx_word' id='word_1_771' title='bbox 626 5574 736 5625; x_wconf 79' lang='lat' dir='ltr'><strong>m,</strong></span> <span class='ocrx_word' id='word_1_772' title='bbox 772 5560 861 5616; x_wconf 69' lang='grc' dir='ltr'>ιι.</span> <span class='ocrx_word' id='word_1_773' title='bbox 938 5561 959 5591; x_wconf 79' lang='grc'>³</span> <span class='ocrx_word' id='word_1_774' title='bbox 988 5548 1122 5619; x_wconf 84' lang='lat' dir='ltr'><strong>ibid.</strong></span> <span class='ocrx_word' id='word_1_775' title='bbox 1147 5561 1235 5617; x_wconf 71' lang='grc' dir='ltr'><strong>ιδ.</strong></span> <span class='ocrx_word' id='word_1_776' title='bbox 1312 5560 1335 5592; x_wconf 70' lang='grc' dir='ltr'><strong>ι</strong></span> <span class='ocrx_word' id='word_1_777' title='bbox 1360 5548 1528 5619; x_wconf 79' lang='lat' dir='ltr'><strong>Marc.</strong></span> <span class='ocrx_word' id='word_1_778' title='bbox 1554 5548 1629 5627; x_wconf 64' lang='lat' dir='ltr'><strong>in,</strong></span> <span class='ocrx_word' id='word_1_779' title='bbox 1664 5557 1751 5613; x_wconf 80' lang='grc' dir='ltr'><strong>ιδ.</strong></span> 
     </span>
    </p>
   </div>
   <div class='ocr_carea' id='block_1_106' title="bbox 698 5675 2214 5755">
    <p class='ocr_par' dir='ltr' id='par_1_106' title="bbox 698 5675 2214 5755">
     <span class='ocr_line' id='line_1_106' title="bbox 698 5675 2214 5755; baseline -0.006 -16"><span class='ocrx_word' id='word_1_780' title='bbox 698 5683 1243 5755; x_wconf 13' lang='grc' dir='ltr'>(88)7Ἐσκέδασται</span> <span class='ocrx_word' id='word_1_781' title='bbox 1292 5687 1326 5738; x_wconf 88' lang='grc' dir='ltr'><strong>ό</strong></span> <span class='ocrx_word' id='word_1_782' title='bbox 1366 5681 1474 5740; x_wconf 83' lang='grc' dir='ltr'><strong>τοῦ</strong></span> <span class='ocrx_word' id='word_1_783' title='bbox 1514 5679 1819 5755; x_wconf 64' lang='grc' dir='ltr'><strong>Διιηοοτιίρου</strong></span> <span class='ocrx_word' id='word_1_784' title='bbox 1853 5678 2057 5755; x_wconf 56' lang='grc' dir='ltr'>λόγος.</span> <span class='ocrx_word' id='word_1_785' title='bbox 2120 5675 2214 5731; x_wconf 85' lang='lat' dir='ltr'><strong>Sic</strong></span> 
     </span>
    </p>
   </div>
   <div class='ocr_carea' id='block_1_107' title="bbox 630 5749 2211 5823">
    <p class='ocr_par' dir='ltr' id='par_1_107' title="bbox 630 5749 2211 5823">
     <span class='ocr_line' id='line_1_107' title="bbox 630 5749 2211 5823; baseline -0.003 -19"><span class='ocrx_word' id='word_1_786' title='bbox 630 5749 801 5811; x_wconf 49' lang='lat' dir='ltr'><strong>(nilei</strong></span> <span class='ocrx_word' id='word_1_787' title='bbox 821 5754 1146 5809; x_wconf 78' lang='lat' dir='ltr'><strong>Bodleianus</strong></span> <span class='ocrx_word' id='word_1_788' title='bbox 1167 5773 1182 5820; x_wconf 85' lang='lat'><strong>;</strong></span> <span class='ocrx_word' id='word_1_789' title='bbox 1203 5754 1406 5823; x_wconf 62' lang='lat' dir='ltr'><strong>Regius</strong></span> <span class='ocrx_word' id='word_1_790' title='bbox 1428 5764 1483 5808; x_wconf 87' lang='lat' dir='ltr'><strong>et</strong></span> <span class='ocrx_word' id='word_1_791' title='bbox 1512 5749 1865 5809; x_wconf 74' lang='lat' dir='ltr'><strong>Barherinus,</strong></span> <span class='ocrx_word' id='word_1_792' title='bbox 1887 5749 2211 5823; x_wconf 77' lang='grc' dir='ltr'>ἐσκέδασται</span> 
     </span>
    </p>
   </div>
   <div class='ocr_carea' id='block_1_108' title="bbox 627 5820 2210 5897">
    <p class='ocr_par' dir='ltr' id='par_1_108' title="bbox 627 5820 2210 5897">
     <span class='ocr_line' id='line_1_108' title="bbox 627 5820 2210 5897; baseline -0.004 -18"><span class='ocrx_word' id='word_1_793' title='bbox 627 5825 657 5879; x_wconf 85' lang='grc' dir='ltr'><strong>ό</strong></span> <span class='ocrx_word' id='word_1_794' title='bbox 678 5824 768 5879; x_wconf 69' lang='grc' dir='ltr'><strong>τοῦ</strong></span> <span class='ocrx_word' id='word_1_795' title='bbox 802 5825 1066 5897; x_wconf 76' lang='grc' dir='ltr'>προτέρου</span> <span class='ocrx_word' id='word_1_796' title='bbox 1092 5820 1584 5892; x_wconf 52' lang='grc' dir='ltr'>λόγου.ἰη-εἰοιιίιιδ</span> <span class='ocrx_word' id='word_1_797' title='bbox 1610 5823 1843 5894; x_wconf 67' lang='lat' dir='ltr'><strong>legebat,</strong></span> <span class='ocrx_word' id='word_1_798' title='bbox 1873 5820 2210 5892; x_wconf 70' lang='grc' dir='ltr'>Ξτχεδίασται</span> 
     </span>
    </p>
   </div>
   <div class='ocr_carea' id='block_1_109' title="bbox 2315 4592 3911 4672">
    <p class='ocr_par' dir='ltr' id='par_1_109' title="bbox 2315 4592 3911 4672">
     <span class='ocr_line' id='line_1_109' title="bbox 2315 4592 3911 4672; baseline -0.014 -9"><span class='ocrx_word' id='word_1_799' title='bbox 2315 4607 2466 4664; x_wconf 77' lang='grc' dir='ltr'>ἄλλοι</span> <span class='ocrx_word' id='word_1_800' title='bbox 2497 4608 2556 4668; x_wconf 81' lang='grc' dir='ltr'>δὲ</span> <span class='ocrx_word' id='word_1_801' title='bbox 2600 4606 2807 4669; x_wconf 78' lang='grc' dir='ltr'>Ἠλίαν,</span> <span class='ocrx_word' id='word_1_802' title='bbox 2842 4604 2990 4659; x_wconf 80' lang='grc' dir='ltr'>ἄλλοι</span> <span class='ocrx_word' id='word_1_803' title='bbox 3019 4602 3076 4656; x_wconf 83' lang='grc' dir='ltr'>δὲ</span> <span class='ocrx_word' id='word_1_804' title='bbox 3121 4598 3415 4672; x_wconf 83' lang='grc' dir='ltr'>Ἰερεμίαν,</span> <span class='ocrx_word' id='word_1_805' title='bbox 3443 4595 3476 4667; x_wconf 78' lang='grc' dir='ltr'><strong>ἢ</strong></span> <span class='ocrx_word' id='word_1_806' title='bbox 3504 4594 3600 4649; x_wconf 72' lang='grc' dir='ltr'>ἕνα</span> <span class='ocrx_word' id='word_1_807' title='bbox 3632 4592 3741 4646; x_wconf 85' lang='grc' dir='ltr'><strong>τῶν</strong></span> <span class='ocrx_word' id='word_1_808' title='bbox 3779 4604 3911 4661; x_wconf 72' lang='grc' dir='ltr'>προ-ο</span> 
     </span>
    </p>
   </div>
   <div class='ocr_carea' id='block_1_110' title="bbox 2316 4681 3908 4774">
    <p class='ocr_par' dir='ltr' id='par_1_110' title="bbox 2316 4681 3908 4774">
     <span class='ocr_line' id='line_1_110' title="bbox 2316 4681 3908 4774; baseline -0.014 -18"><span class='ocrx_word' id='word_1_809' title='bbox 2316 4699 2521 4774; x_wconf 81' lang='grc' dir='ltr'>φητῶν·</span> <span class='ocrx_word' id='word_1_810' title='bbox 2553 4720 2571 4751; x_wconf 76' lang='grc' dir='ltr'><strong>ι</strong></span> <span class='ocrx_word' id='word_1_811' title='bbox 2609 4700 2687 4764; x_wconf 84' lang='grc' dir='ltr'>ὡς</span> <span class='ocrx_word' id='word_1_812' title='bbox 2720 4698 2814 4756; x_wconf 76' lang='grc' dir='ltr'>καὶ</span> <span class='ocrx_word' id='word_1_813' title='bbox 2844 4698 2893 4754; x_wconf 86' lang='grc' dir='ltr'>οἱ</span> <span class='ocrx_word' id='word_1_814' title='bbox 2932 4694 3173 4767; x_wconf 73' lang='grc' dir='ltr'>μαθηταὶ</span> <span class='ocrx_word' id='word_1_815' title='bbox 3204 4688 3596 4760; x_wconf 69' lang='grc' dir='ltr'>πυνθανομένῳ</span> <span class='ocrx_word' id='word_1_816' title='bbox 3622 4684 3700 4755; x_wconf 84' lang='grc' dir='ltr'>τῷ</span> <span class='ocrx_word' id='word_1_817' title='bbox 3721 4681 3908 4754; x_wconf 83' lang='grc' dir='ltr'>Κυρίῳ</span> 
     </span>
    </p>
   </div>
   <div class='ocr_carea' id='block_1_111' title="bbox 2316 4776 3906 4871">
    <p class='ocr_par' dir='ltr' id='par_1_111' title="bbox 2316 4776 3906 4871">
     <span class='ocr_line' id='line_1_111' title="bbox 2316 4776 3906 4871; baseline -0.016 -21"><span class='ocrx_word' id='word_1_818' title='bbox 2316 4793 2595 4871; x_wconf 77' lang='grc' dir='ltr'>γενομένῳ</span> <span class='ocrx_word' id='word_1_819' title='bbox 2640 4794 2698 4846; x_wconf 84' lang='grc' dir='ltr'><strong>ἐν</strong></span> <span class='ocrx_word' id='word_1_820' title='bbox 2740 4794 2853 4854; x_wconf 87' lang='grc' dir='ltr'>τοῖς</span> <span class='ocrx_word' id='word_1_821' title='bbox 2891 4789 3082 4861; x_wconf 81' lang='grc' dir='ltr'>μέρεσι</span> <span class='ocrx_word' id='word_1_822' title='bbox 3117 4782 3458 4855; x_wconf 81' lang='grc' dir='ltr'>Καισαρείας</span> <span class='ocrx_word' id='word_1_823' title='bbox 3499 4779 3601 4849; x_wconf 79' lang='grc' dir='ltr'>τῆς</span> <span class='ocrx_word' id='word_1_824' title='bbox 3642 4776 3906 4871; x_wconf 79' lang='grc' dir='ltr'>Φιλίππου</span> 
     </span>
    </p>
   </div>
   <div class='ocr_carea' id='block_1_112' title="bbox 2314 4867 3912 4960">
    <p class='ocr_par' dir='ltr' id='par_1_112' title="bbox 2314 4867 3912 4960">
     <span class='ocr_line' id='line_1_112' title="bbox 2314 4867 3912 4960; baseline -0.016 -18"><span class='ocrx_word' id='word_1_825' title='bbox 2314 4867 2589 4960; x_wconf 79' lang='grc' dir='ltr'>εἰρήκασι.</span> <span class='ocrx_word' id='word_1_826' title='bbox 2626 4885 2737 4939; x_wconf 68' lang='grc' dir='ltr'><strong>Καὶ</strong></span> <span class='ocrx_word' id='word_1_827' title='bbox 2766 4886 2797 4936; x_wconf 91' lang='lat'><strong>6</strong></span> <span class='ocrx_word' id='word_1_828' title='bbox 2840 4880 3086 4954; x_wconf 80' lang='grc' dir='ltr'>Ἡρώδης</span> <span class='ocrx_word' id='word_1_829' title='bbox 3120 4878 3179 4939; x_wconf 73' lang='grc' dir='ltr'><strong>δέ</strong></span> <span class='ocrx_word' id='word_1_830' title='bbox 3207 4877 3416 4945; x_wconf 84' lang='grc' dir='ltr'>λέγων·</span> <span class='ocrx_word' id='word_1_831' title='bbox 3455 4892 3475 4923; x_wconf 78' lang='grc' dir='ltr'><strong>ι</strong></span> <span class='ocrx_word' id='word_1_832' title='bbox 3513 4873 3613 4924; x_wconf 88' lang='grc' dir='ltr'>Ὃν</span> <span class='ocrx_word' id='word_1_833' title='bbox 3653 4867 3764 4938; x_wconf 77' lang='grc' dir='ltr'>ἐγὼ</span> <span class='ocrx_word' id='word_1_834' title='bbox 3804 4867 3912 4920; x_wconf 75' lang='grc' dir='ltr'>άπ-</span> 
     </span>
    </p>
   </div>
   <div class='ocr_carea' id='block_1_113' title="bbox 2314 4960 3904 5055">
    <p class='ocr_par' dir='ltr' id='par_1_113' title="bbox 2314 4960 3904 5055">
     <span class='ocr_line' id='line_1_113' title="bbox 2314 4960 3904 5055; baseline -0.014 -19"><span class='ocrx_word' id='word_1_835' title='bbox 2314 4980 2616 5050; x_wconf 84' lang='grc' dir='ltr'>εκεφάλισα</span> <span class='ocrx_word' id='word_1_836' title='bbox 2639 4977 2915 5047; x_wconf 83' lang='grc' dir='ltr'>Ἰωάννην,</span> <span class='ocrx_word' id='word_1_837' title='bbox 2944 4973 3108 5038; x_wconf 68' lang='grc' dir='ltr'>αὐτὸς</span> <span class='ocrx_word' id='word_1_838' title='bbox 3138 4971 3350 5043; x_wconf 72' lang='grc' dir='ltr'>ἠγέρθη</span> <span class='ocrx_word' id='word_1_839' title='bbox 3377 4967 3485 5022; x_wconf 84' lang='grc' dir='ltr'>άπὸ</span> <span class='ocrx_word' id='word_1_840' title='bbox 3511 4966 3622 5020; x_wconf 89' lang='grc' dir='ltr'><strong>τῶν</strong></span> <span class='ocrx_word' id='word_1_841' title='bbox 3644 4960 3904 5055; x_wconf 86' lang='grc' dir='ltr'>νεκρῶν,</span> 
     </span>
    </p>
   </div>
   <div class='ocr_carea' id='block_1_114' title="bbox 2317 5054 3906 5145">
    <p class='ocr_par' dir='ltr' id='par_1_114' title="bbox 2317 5054 3906 5145">
     <span class='ocr_line' id='line_1_114' title="bbox 2317 5054 3906 5145; baseline -0.015 -18"><span class='ocrx_word' id='word_1_842' title='bbox 2317 5072 2446 5145; x_wconf 75' lang='grc' dir='ltr'>περὶ</span> <span class='ocrx_word' id='word_1_843' title='bbox 2470 5072 2566 5125; x_wconf 91' lang='grc' dir='ltr'><strong>τοῦ</strong></span> <span class='ocrx_word' id='word_1_844' title='bbox 2606 5068 2847 5142; x_wconf 86' lang='grc' dir='ltr'>Χριστοῦ</span> <span class='ocrx_word' id='word_1_845' title='bbox 2879 5068 3025 5121; x_wconf 77' lang='grc' dir='ltr'>ἔοικε</span> <span class='ocrx_word' id='word_1_846' title='bbox 3061 5065 3137 5143; x_wconf 80' lang='grc' dir='ltr'>μὴ</span> <span class='ocrx_word' id='word_1_847' title='bbox 3178 5064 3377 5119; x_wconf 77' lang='grc' dir='ltr'>εἰδέναι</span> <span class='ocrx_word' id='word_1_848' title='bbox 3403 5060 3471 5115; x_wconf 75' lang='grc' dir='ltr'><strong>τά</strong></span> <span class='ocrx_word' id='word_1_849' title='bbox 3500 5058 3771 5129; x_wconf 84' lang='grc' dir='ltr'>λεγόμενα</span> <span class='ocrx_word' id='word_1_850' title='bbox 3800 5054 3906 5107; x_wconf 80' lang='grc' dir='ltr'>ὑπο</span> 
     </span>
    </p>
   </div>
   <div class='ocr_carea' id='block_1_115' title="bbox 2316 5147 3909 5233">
    <p class='ocr_par' dir='ltr' id='par_1_115' title="bbox 2316 5147 3909 5233">
     <span class='ocr_line' id='line_1_115' title="bbox 2316 5147 3909 5233; baseline -0.014 -14"><span class='ocrx_word' id='word_1_851' title='bbox 2316 5164 2426 5220; x_wconf 88' lang='grc' dir='ltr'><strong>τῶν</strong></span> <span class='ocrx_word' id='word_1_852' title='bbox 2470 5163 2820 5233; x_wconf 84' lang='grc' dir='ltr'>φασκόντων·</span> <span class='ocrx_word' id='word_1_853' title='bbox 2865 5159 3020 5229; x_wconf 80' lang='grc' dir='ltr'><strong>«Οὐχ</strong></span> <span class='ocrx_word' id='word_1_854' title='bbox 3067 5151 3226 5220; x_wconf 79' lang='grc' dir='ltr'>οὗτός</span> <span class='ocrx_word' id='word_1_855' title='bbox 3277 5157 3427 5208; x_wconf 75' lang='grc' dir='ltr'>ἐστιν</span> <span class='ocrx_word' id='word_1_856' title='bbox 3453 5154 3486 5205; x_wconf 89' lang='lat'><strong>6</strong></span> <span class='ocrx_word' id='word_1_857' title='bbox 3526 5148 3623 5204; x_wconf 91' lang='grc' dir='ltr'><strong>τοῦ</strong></span> <span class='ocrx_word' id='word_1_858' title='bbox 3659 5147 3909 5233; x_wconf 68' lang='grc' dir='ltr'>τέκτονος</span> 
     </span>
    </p>
   </div>
   <div class='ocr_carea' id='block_1_116' title="bbox 2318 5230 3906 5327">
    <p class='ocr_par' dir='ltr' id='par_1_116' title="bbox 2318 5230 3906 5327">
     <span class='ocr_line' id='line_1_116' title="bbox 2318 5230 3906 5327; baseline -0.018 -14"><span class='ocrx_word' id='word_1_859' title='bbox 2318 5230 2623 5327; x_wconf 20' lang='grc' dir='ltr'>υἱόςςϋούχ</span> <span class='ocrx_word' id='word_1_860' title='bbox 2654 5257 2688 5325; x_wconf 88' lang='grc' dir='ltr'><strong>ή</strong></span> <span class='ocrx_word' id='word_1_861' title='bbox 2734 5254 2918 5324; x_wconf 83' lang='grc' dir='ltr'>μήτηρ</span> <span class='ocrx_word' id='word_1_862' title='bbox 2963 5249 3128 5309; x_wconf 69' lang='grc' dir='ltr'>αὑτοῦ</span> <span class='ocrx_word' id='word_1_863' title='bbox 3170 5247 3389 5316; x_wconf 80' lang='grc' dir='ltr'>λέγεται</span> <span class='ocrx_word' id='word_1_864' title='bbox 3439 5240 3695 5313; x_wconf 68' lang='grc' dir='ltr'>Μαριάμ,</span> <span class='ocrx_word' id='word_1_865' title='bbox 3729 5235 3822 5290; x_wconf 68' lang='grc' dir='ltr'>καὶ</span> <span class='ocrx_word' id='word_1_866' title='bbox 3857 5230 3906 5284; x_wconf 79' lang='grc' dir='ltr'>οι</span> 
     </span>
    </p>
   </div>
   <div class='ocr_carea' id='block_1_117' title="bbox 2316 5331 3907 5421">
    <p class='ocr_par' dir='ltr' id='par_1_117' title="bbox 2316 5331 3907 5421">
     <span class='ocr_line' id='line_1_117' title="bbox 2316 5331 3907 5421; baseline -0.016 -15"><span class='ocrx_word' id='word_1_867' title='bbox 2316 5350 2538 5421; x_wconf 68' lang='grc' dir='ltr'>ἀδελφοὶ</span> <span class='ocrx_word' id='word_1_868' title='bbox 2582 5345 2749 5402; x_wconf 79' lang='grc' dir='ltr'>αὑτοῦ</span> <span class='ocrx_word' id='word_1_869' title='bbox 2804 5342 3081 5408; x_wconf 73' lang='grc' dir='ltr'>Ἰάκωϐος,</span> <span class='ocrx_word' id='word_1_870' title='bbox 3130 5343 3226 5403; x_wconf 74' lang='grc' dir='ltr'>καὶ</span> <span class='ocrx_word' id='word_1_871' title='bbox 3282 5337 3518 5417; x_wconf 70' lang='grc' dir='ltr'>Ἰωσὴφ,</span> <span class='ocrx_word' id='word_1_872' title='bbox 3559 5335 3656 5390; x_wconf 72' lang='grc' dir='ltr'>καὶ</span> <span class='ocrx_word' id='word_1_873' title='bbox 3703 5331 3907 5402; x_wconf 76' lang='grc' dir='ltr'>Σίμων,</span> 
     </span>
    </p>
   </div>
   <div class='ocr_carea' id='block_1_118' title="bbox 2898 5467 3907 5543">
    <p class='ocr_par' dir='ltr' id='par_1_118' title="bbox 2898 5467 3907 5543">
     <span class='ocr_line' id='line_1_118' title="bbox 2898 5467 3907 5543; baseline -0.011 -7"><span class='ocrx_word' id='word_1_874' title='bbox 2898 5483 2943 5514; x_wconf 83' lang='grc'><strong>”</strong></span> <span class='ocrx_word' id='word_1_875' title='bbox 2973 5480 3105 5537; x_wconf 89' lang='lat' dir='ltr'><strong>ibid.</strong></span> <span class='ocrx_word' id='word_1_876' title='bbox 3196 5479 3214 5511; x_wconf 78' lang='grc'><strong>⁸</strong></span> <span class='ocrx_word' id='word_1_877' title='bbox 3252 5477 3387 5533; x_wconf 87' lang='lat' dir='ltr'><strong>an.</strong></span> <span class='ocrx_word' id='word_1_878' title='bbox 3422 5492 3466 5543; x_wconf 88' lang='grc' dir='ltr'><strong>ι,</strong></span> <span class='ocrx_word' id='word_1_879' title='bbox 3499 5473 3591 5531; x_wconf 81' lang='lat'><strong>65.</strong></span> <span class='ocrx_word' id='word_1_880' title='bbox 3663 5473 3687 5506; x_wconf 86' lang='grc'>¹</span> <span class='ocrx_word' id='word_1_881' title='bbox 3716 5467 3907 5526; x_wconf 64' lang='lat' dir='ltr'><strong>Matth.</strong></span> 
     </span>
    </p>
   </div>
   <div class='ocr_carea' id='block_1_119' title="bbox 2320 5668 3665 5745">
    <p class='ocr_par' dir='ltr' id='par_1_119' title="bbox 2320 5668 3665 5745">
     <span class='ocr_line' id='line_1_119' title="bbox 2320 5668 3665 5745; baseline 0.008 -14"><span class='ocrx_word' id='word_1_882' title='bbox 2320 5677 2383 5732; x_wconf 82' lang='grc' dir='ltr'><strong>τὺ</strong></span> <span class='ocrx_word' id='word_1_883' title='bbox 2420 5674 2511 5731; x_wconf 88' lang='grc' dir='ltr'><strong>τοῦ</strong></span> <span class='ocrx_word' id='word_1_884' title='bbox 2538 5668 3018 5745; x_wconf 70' lang='grc' dir='ltr'>προτέρθυλόγου·</span> <span class='ocrx_word' id='word_1_885' title='bbox 3056 5735 3077 5745; x_wconf 89' lang='lat'><em>_</em></span> <span class='ocrx_word' id='word_1_886' title='bbox 3259 5736 3274 5745; x_wconf 90' lang='lat'><em>_</em></span> <span class='ocrx_word' id='word_1_887' title='bbox 3651 5727 3665 5742; x_wconf 94' lang='lat'><strong><em>.</em></strong></span> 
     </span>
    </p>
   </div>
   <div class='ocr_carea' id='block_1_120' title="bbox 2393 5735 3799 5820">
    <p class='ocr_par' dir='ltr' id='par_1_120' title="bbox 2393 5735 3799 5820">
     <span class='ocr_line' id='line_1_120' title="bbox 2393 5735 3799 5820; baseline -0.016 -17"><span class='ocrx_word' id='word_1_888' title='bbox 2393 5749 2505 5820; x_wconf 73' lang='lat'><strong>(89)</strong></span> <span class='ocrx_word' id='word_1_889' title='bbox 2531 5735 3021 5802; x_wconf 62' lang='grc' dir='ltr'>κατεσκεύασαν.</span> <span class='ocrx_word' id='word_1_890' title='bbox 3056 5735 3370 5808; x_wconf 78' lang='lat' dir='ltr'><strong>Legendum</strong></span> <span class='ocrx_word' id='word_1_891' title='bbox 3397 5735 3799 5788; x_wconf 58' lang='lat' dir='ltr'><strong>maenada“.</strong></span> 
     </span>
    </p>
   </div>
  </div>
