4194 6414
295 365 407 423 29.5

1401 357 1764 418 COMMENT.
1796 356 1863 411 IN
1898 354 2092 412 JOAN.
2128 352 2371 410 TOMUS
2396 351 2483 406 Vl.
2772 363 2789 391 ο

3461 349 3573 406 226

294 482 395 536 καὶ
433 480 668 546 Ἰούδαςς
701 481 798 532 καὶ
826 481 881 533 αί
920 477 1151 549 ἀδελφαὶ
1186 475 1351 530 αὑτοῦ
1384 476 1505 548 οὐχὶ
1546 476 1719 530 πᾶσαι
1751 474 1890 546 πρὸς

1996 472 2234 527 nescisse
2258 472 2326 525 de
2365 470 2607 533 Christo,
2641 480 2762 535 quae
2806 465 3225 536 divulgahantnr
3254 465 3324 519 ab
3356 464 3441 519 his
3478 469 3572 534 qui

297 572 445 643 ἡμᾶς
477 571 647 636 slew;
679 589 698 622 ι
731 569 900 623 Οὐδὲν
937 564 1029 623 οὖν
1062 567 1393 639 Θαυμαστὸν,
1427 567 1618 636 ὥσπερ
1650 567 1744 620 ἐπὶ
1787 564 1882 620 τοῦ

292 663 569 735 Σωτῆρος,
602 660 815 715 πολλῶν
849 659 1169 730 ἐγνωκότων
1192 658 1294 729 τὴν
1328 658 1393 710 ὲκ
1420 658 1642 729 Μαρίας
1671 657 1885 725 γένεσιν

292 751 485 816 αὐτοῦ,
519 750 715 814 ἄλλους
761 746 1098 820 ὴπατῆσθαι,
1139 747 1281 801 οὓτω
1312 747 1407 800 καὶ
1440 746 1532 798 ἐπὶ
1559 745 1651 798 τοῦ
1706 746 1886 799 Ἰωάν-

295 862 415 910 νου,
441 842 533 907 οὓς
580 843 679 914 μὲν
715 842 790 913 μὴ
823 840 1106 911 λεληθέναι
1145 838 1243 910 τὴν
1275 842 1338 893 ὲκ
1373 838 1644 910 Ζαχαρίου
1673 837 1887 907 γένεσιν

296 934 488 1001 αὐτοῦ,
522 936 742 1006 ἑτέρους
767 934 824 987 δὲ
843 932 1134 998 διστάζειν,
1154 934 1364 1004 μήποτε
1388 934 1417 986 ὀ
1441 930 1885 1003 προσδοκώμενος

309 1029 500 1092 Ἠλίας
548 1028 795 1098 est:ng
834 1026 976 1081 κατὰ
1014 1025 1104 1080 τὸν
1146 1026 1417 1096 Ἰωάννην.
1449 1024 1560 1077 Καὶ
1591 1024 1653 1076 οὐ
1699 1022 1886 1095 χώραν

295 1135 366 1189 γε
413 1117 614 1189 μᾶλλον
659 1108 775 1187 ἔχει
822 1118 856 1186 ή
905 1116 1036 1186 περὶ
1080 1114 1177 1168 τοῦ
1220 1115 1466 1168 Ἰωάννου
1517 1114 1883 1185 ὲπαπόρησις,

303 1208 514 1278 μήποτε
550 1206 634 1277 εἴη
694 1204 900 1268 Ἠλίας,
943 1205 1085 1277 ἥπερ
1123 1206 1155 1275 ἡ
1206 1204 1336 1274 περὶ
1376 1202 1470 1257 τοῦ
1505 1204 1779 1273 Σωτῆρος,
1812 1202 1885 1274 μὴ

299 1299 411 1371 ἄρα
456 1298 620 1362 αὐτὸς
662 1296 909 1370 τυγχάνῃ
962 1290 1235 1364 Ἰωάννης.
1275 1290 1375 1348 Ὧν
1421 1293 1516 1347 τοῦ
1561 1293 1744 1347 Ἡλίου
1787 1293 1886 1364 μὲν

297 1392 392 1445 τὸν
423 1388 748 1461 χαρακτῆρα
776 1387 884 1443 ἀπὸ
916 1380 1085 1459 μόνης
1114 1387 1217 1458 τῆς
1247 1385 1467 1453 λέξεως,
1500 1386 1593 1440 καὶ
1618 1385 1740 1456 οὐχὶ
1779 1384 1887 1437 ἀπὸ

298 1482 402 1553 τῆς
443 1481 758 1553 αἰσθήσεως
800 1479 1222 1545 ἀποϐάλλεσθαι,
1257 1477 1346 1532 διὰ
1387 1476 1447 1531 τό
1480 1475 1619 1549 (90)·
1668 1496 1687 1528 ι
1724 1476 1887 1549 Ἀνὴρ

295 1578 488 1640 δασὺς,
543 1576 639 1629 καὶ
686 1574 866 1646 ζώνην
898 1573 1226 1647 δερματίνην
1272 1568 1717 1644 περιεζωσμένος
1758 1564 1888 1642 περὶ

295 1669 400 1740 τὴν
441 1669 610 1738 ὀσφὺν
636 1666 852 1720 αὑτοῦ·
898 1683 917 1719 ι
952 1664 1047 1720 τοῦ
1089 1664 1146 1718 δὲ
1196 1663 1443 1718 Ἰωάννου
1479 1662 1543 1716 τὸ
1583 1658 1722 1727 εἶδος
1757 1679 1890 1735 προ-

295 1762 645 1833 εγνωσμένον
688 1760 851 1830 τάχα,
902 1750 1025 1812 οὐδὲ
1073 1757 1455 1829 παραπλήσιον
1490 1757 1759 1827 τυγχάνον
1808 1750 1887 1827 τῷ

295 1855 607 1926 χαρακτῆρι
654 1851 749 1905 τοῦ
819 1848 1016 1923 Ἰησοῦ,
1069 1844 1221 1902 οὐδὲν
1265 1840 1428 1922 ἦττον
1480 1846 1739 1902 ὑπόνοιαν
1775 1865 1887 1901 τισι

298 1941 733 2017 παρεσχηκέναι,
768 1932 978 2012 μήποτε
1008 1940 1037 1992 ὁ
1064 1941 1318 2010 Ἰωάννης
1352 1939 1550 2010 ἀνέστη
1589 1941 1652 1993 ὲκ
1680 1937 1891 2011 νεκρῶν

310 2035 523 2106 Ἰησοῦς
587 2032 1113 2107 μετονομαζόμενος.
1172 2032 1285 2085 Καὶ
1347 2031 1476 2103 περὶ
1543 2028 1891 2101 μετωνυμίαις

297 2128 431 2199 γὰρ,
472 2126 547 2190 ὡς
579 2130 636 2180 ὲν
679 2124 1033 2198 ἀπορρήτοις,
1072 2125 1172 2177 οὐκ
1212 2118 1331 2177 οἶδα
1373 2122 1538 2176 πόθεν
1582 2121 1893 2192 κινούμενοι

297 2221 351 2272 οἱ
392 2218 631 2289 Ἑϐραῖοι
660 2213 1018 2288 παραδιδόασι
1042 2215 1246 2278 Φινεὲς,
1264 2206 1356 2268 τὸν
1390 2213 1718 2286 Ἐλεαζάρου
1753 2211 1890 2276 υἱὸν,

298 2309 749 2380 ὁμολογουμένως
788 2306 1192 2380 παρατείναντα
1227 2307 1328 2379 τὴν
1362 2306 1507 2377 ζωὴν
1533 2306 1639 2370 ἕως
1680 2304 1893 2359 πολλῶν

300 2402 524 2475 κριτῶν,
576 2402 654 2467 ὡς
698 2405 757 2456 ὲν
805 2398 918 2465 τοῖς
978 2403 1209 2473 Κριταῖς
1235 2400 1571 2471 ἀνέγνωμεν,
1612 2400 1778 2454 αὑτὸν
1810 2396 1892 2453 εἷ-

298 2509 392 2545 ναι
456 2492 647 2557 Ἦλίαν
671 2532 686 2554 ,
743 2493 838 2546 καὶ
901 2488 964 2545 τὸ
1016 2491 1283 2547 ἀθάνατον
1343 2492 1400 2544 ὲν
1450 2492 1564 2553 τοῖς
1616 2490 1895 2561 Ἀριθμοῖς

299 2582 583 2662 αὐτῷδιὰ
627 2583 728 2654 τῆς
787 2582 1196 2654 ὀνομαζομένης
1246 2578 1473 2654 εἰρήνης
1522 2581 1890 2652 ἐπηγγέλθαιο

300 2674 419 2729 ἀνθ’
457 2666 529 2728 ὧν
558 2675 811 2747 ζηλώσας
851 2676 982 2746 θείῳ
1010 2675 1156 2747 ζήλῳ
1183 2672 1542 2746 κεκινημένος
1574 2668 1894 2746 ὲξεκέντησε

296 2766 403 2838 τὴν
434 2764 760 2820 Μαδιανῖτιν
797 2765 893 2819 καὶ
916 2764 1008 2818 τὸν
1047 2763 1410 2836 Ἰσραηλίτην,
1446 2764 1541 2818 καὶ
1578 2763 1894 2817 κατέπαυσε

296 2853 395 2909 τὸν
433 2855 726 2927 λεγόμενον
759 2855 930 2927 θυμὸν
971 2854 1065 2909 τοῦ
1095 2854 1254 2918 Θεοῦ,
1287 2853 1433 2907 κατὰ
1463 2854 1526 2907 τὸ
1568 2852 1896 2925 γεγραμμέ-

298 2962 412 2999 νονο
451 2946 677 3010 (Φινεὲς
716 2939 832 3011 υίὸς
874 2940 1138 3019 Ἐλεάζαρ
1177 2944 1296 2999 υἱοῦ
1342 2944 1552 3016 Ἀαρὼν
1583 2943 1894 2998 κατέπαυσε

298 3037 392 3091 τὸν
423 3037 596 3108 θυμόν
625 3055 727 3110 μου
750 3038 868 3091 ἀνθ’
891 3031 968 3092 ὧν
990 3038 1235 3110 ἐζήλωσε
1259 3034 1351 3090 τὸν
1373 3035 1533 3107 ζῆλόν
1567 3052 1693 3107 μου.
1723 3053 1741 3084 ι
1761 3035 1898 3089 Θαυ-

303 3130 515 3201 μαστὸν
552 3127 645 3185 οὖν
683 3130 856 3194 οὐδὲν,
888 3133 937 3184 εἰ
974 3133 1024 3185 οἱ
1069 3129 1160 3186 τὸν
1215 3126 1378 3184 αὑτὸν
1418 3130 1896 3202 ὑπολαμϐάνοντες

1987 567 2243 620 dicebant
2275 580 2288 617 :
2325 580 2345 615 ι
2383 562 2575 616 Nonne
2608 561 2699 615 hic
2743 569 2827 613 est
2867 558 2958 614 ille
2989 558 3126 612 fabri
3160 556 3354 611 ﬁlius?
3387 557 3574 613 Nonne

1988 666 2166 711 mater
2194 655 2311 723 ejus
2348 664 2577 709 vocatur
2613 652 2801 716 Maria,
2838 660 2890 705 et
2935 651 3131 705 fratres
3170 651 3289 720 ejus
3316 648 3571 712 Jacohus,

1986 758 2042 803 et
2073 748 2310 816 Joseph,
2342 756 2396 802 et
2449 746 2674 809 Simon,
2704 754 2760 798 et
2802 743 2970 798 Judas
3008 742 3116 797 ?et
3165 757 3386 796 sorores
3432 742 3576 797 illius

1986 850 2169 895 nonne
2199 852 2391 893 omnes
2416 840 2560 906 apud
2604 850 2701 891 nos
2737 844 2863 889 sunt
2889 834 2956 887 5?
2987 832 3178 888 i.Nthil
3210 849 3338 902 ergo
3377 835 3574 886 mirum

1987 933 2133 987 dicet
2176 930 2584 985 ecclesiaSIicus
2614 943 2738 983 esse
2776 929 2855 982 sic
2883 926 3020 981 alios
3054 928 3105 979 in
3148 927 3442 983 Servatore
3483 927 3578 979 de-

1987 1032 2176 1094 ceptos
2215 1022 2405 1086 fuisse,-
2429 1036 2550 1075 cum
2593 1021 2746 1073 multi
2782 1020 2985 1089 alioqui
3015 1019 3371 1085 cognoverint
3409 1018 3579 1085 ipsius

1985 1129 2163 1173 ortum
2208 1131 2273 1171 ex
2327 1115 2527 1179 Maria,
2556 1115 3014 1185 quemadmodum
3057 1117 3220 1166 etiam
3262 1113 3331 1166 de
3364 1112 3578 1166 Joanne
3626 1150 3631 1153 -

1986 1209 2187 1263 mirum
2219 1224 2327 1263 non
2378 1216 2482 1274 est,
2517 1208 2655 1262 alios
2704 1208 2922 1277 quidem
2961 1205 3132 1273 ipsius
3171 1214 3349 1258 Ortum
3383 1218 3448 1257 ex
3476 1201 3581 1256 Za-

1986 1302 2173 1357 charia
2203 1299 2455 1367 scivisse,
2479 1300 2613 1355 alios
2641 1314 2770 1353 vero
2792 1299 3070 1364 ambigere
3097 1308 3275 1349 utrum
3308 1295 3453 1348 Elius
3481 1308 3581 1361 ap-

1986 1390 2232 1460 paruerit
2264 1391 2315 1444 in
2344 1388 2574 1444 Joanne.
2605 1388 2715 1444 Nec
2762 1387 3008 1457 profecto
3047 1388 3228 1443 locum
3276 1386 3451 1455 magis
3479 1385 3581 1439 ha-

1987 1483 2082 1538 bet
2139 1483 2485 1537 addubitatio
2539 1483 2605 1536 de
2656 1478 2893 1543 Joanne,
2940 1489 3125 1534 utrum
3164 1480 3279 1547 ipse
3316 1480 3387 1531 sit
3430 1477 3582 1531 Elias

1988 1589 2153 1643 quam
2191 1574 2259 1628 de
2287 1572 2602 1637 Servatore,
2634 1587 2705 1626 ne
2737 1570 2878 1626 forte
2903 1571 3018 1639 ipse
3045 1572 3118 1626 sit
3139 1570 3397 1626 Joannes.
3430 1571 3581 1636 Quo-

1990 1680 2108 1717 rum
2143 1663 2272 1717 Elia:
2303 1664 2522 1732 quidem
2555 1662 2785 1718 formam
2829 1676 2896 1717 ex
2939 1662 3053 1717 sola
3084 1663 3342 1728 dictione,
3379 1673 3433 1716 et
3470 1679 3578 1717 non

1992 1770 2022 1809 a
2053 1769 2219 1810 sensu
2255 1755 2504 1811 refellere
2545 1754 2732 1828 [facile
2763 1754 2909 1827 erat]
2958 1767 3185 1825 pr0ptcr
3213 1757 3384 1810 illud:
3418 1774 3439 1808 ι
3487 1755 3574 1809 \‘it

1921 1854 1961 1908 Β
1990 1846 2215 1917 pilosus,
2248 1854 2302 1902 et
2331 1861 2467 1902 zona
2501 1847 2726 1917 pellicea
2762 1848 2908 1903 circa
2936 1849 3150 1901 lumbos
3181 1861 3310 1900 suos
3341 1845 3580 1899 circum-

1991 1939 2272 1995 t-iuctus':
2298 1957 2315 1987 ι
2342 1937 2567 1993 Joannis
2587 1954 2715 1993 vero
2747 1936 2918 1994 forma
2958 1938 3292 2008 praecognita
3323 1935 3576 1999 fortasse,

1991 2046 2167 2102 neque
2220 2032 2420 2086 similis
2469 2031 2744 2086 exsistens
2787 2029 2980 2086 forma:
3036 2030 3187 2092 Jesu,
3223 2028 3582 2083 nihilon‘tinns

1991 2125 2357 2194 suspicionem
2388 2124 2601 2188 habuit,
2632 2140 2698 2179 ne
2727 2123 2869 2179 forte
2906 2122 3144 2179 Joannes
3172 2138 3201 2176 a
3231 2121 3461 2175 mortuis
3491 2135 3580 2174 re-

1992 2216 2316 2282 surrexerit,
2360 2224 2572 2269 mutato
2602 2215 2842 2277 nomine,
2873 2216 3050 2269 dictus
3084 2212 3266 2270 Jesus.
3290 2211 3409 2268 Jam
3434 2211 3577 2281 quod

1994 2308 2063 2362 ad
2092 2309 2333 2362 nominis
2364 2309 2718 2362 mutationem
2759 2307 2981 2371 attinet,
3012 2309 3198 2361 nescio
3225 2309 3389 2372 unde,
3416 2307 3579 2360 Veluti

1994 2400 2048 2454 in
2075 2400 2435 2471 apocryphis,
2464 2398 2596 2455 moti
2640 2398 2851 2454 Hebraei
2893 2400 3110 2453 tradant
3145 2398 3580 2471 Phiueesillum,

1992 2495 2083 2564 qui
2115 2503 2200 2549 est
2224 2493 2477 2548 Eleazari
2528 2493 2676 2548 ﬁlius
2718 2492 2833 2564 (qui
2885 2491 3091 2560 absque
3125 2492 3289 2547 dubio
3330 2492 3585 2559 produxit

1993 2588 2163 2640 vitam
2205 2598 2381 2654 usque
2419 2584 2486 2637 ad
2528 2582 2730 2638 multos
2771 2583 3008 2652 iudices,
3037 2583 3197 2637 sicuti
3252 2581 3483 2653 legimus
3528 2583 3583 2638 iu

1995 2681 2134 2736 libro
2156 2680 2404 2734 Judicum
2429 2678 2473 2746 ')
2507 2677 2670 2748 116
2695 2677 2870 2746 ipsum
2895 2690 3016 2731 esse
3044 2674 3235 2741 Eliam,
3266 2683 3320 2729 et
3359 2675 3586 2728 immor-

1998 2773 2264 2829 talitatem
2293 2772 2395 2841 ipsi
2426 2770 2753 2840 promissam
2780 2769 2835 2823 in
2863 2767 3228 2823 Numerorum
3259 2768 3399 2823 libro
3424 2767 3467 2829 ⁸,
3489 2781 3586 2833 per

1997 2878 2186 2934 pacem
2216 2863 2555 2919 nominatam
2582 2858 2835 2933 [l‘oedus,]
2858 2875 2924 2914 eo
2949 2860 3095 2929 quod
3138 2859 3318 2914 zelum
3352 2859 3538 2913 habuit
3566 2874 3579 2908 :

1994 2956 2140 3011 unde
2179 2962 2486 3010 commotus
2528 2954 2646 3007 zelo
2680 2952 2865 3007 divino
2895 2952 3234 3021 percusserit
3273 2950 3585 3005 Madianiti-

1994 3045 2118 3101 dem
2157 3056 2213 3101 et
2244 3046 2545 3102 lsraelitam
2576 3038 2619 3111 ί,
2648 3050 2705 3099 et
2734 3058 2954 3099 cessare
2989 3043 3180 3097 fecerit
3206 3043 3469 3107 furorem,
3505 3041 3585 3097 uti

1996 3144 2214 3201 vocant,
2239 3137 2355 3203 Dei,
2378 3135 2531 3204 juxta
2555 3134 2607 3189 id
2630 3134 2772 3203 quod
2805 3133 3067 3201 scriptum
3097 3144 3180 3188 est
3198 3132 3278 3187 ισι
3308 3152 3328 3186 ι
3351 3133 3586 3191 Phinea

298 3222 491 3286 Φινεὲς
522 3224 617 3277 καὶ
662 3222 870 3286 Ἠλίαν,
914 3224 1036 3294 ἦτοι
1079 3223 1251 3292 ὑγιῶς
1290 3223 1564 3293 λέγοντες,
1610 3222 1643 3293 ἣ
1692 3224 1763 3294 μὴ
1809 3223 1890 3293 (οὐ

1997 3230 2136 3285 ﬁlius
2190 3228 2425 3284 Eleazar
2460 3227 2572 3282 .lilii
2627 3227 2851 3290 Aaron,
2902 3237 3123 3281 cessare
3175 3224 3305 3282 fecit
3344 3227 3585 3283 furorem

299 3312 415 3385 γὰρ
445 3313 574 3386 περὶ
596 3311 786 3365 τούτου
809 3312 905 3366 νῦν
931 3312 1217 3384 πρόκειται
1242 3312 1565 3383 ἐξετάζειν),
1593 3313 1686 3366 τὸν
1723 3312 1891 3366 αὐτὸν

298 3403 554 3473 ἐνόμιζον
586 3398 727 3456 εἶναι
772 3402 1025 3474 Ἰωάννην
1061 3404 1155 3459 καὶ
1217 3402 1445 3475 Ἰησοῦν.
1494 3404 1566 3459 Ἦ
1613 3401 1893 3467 ἑδίσταζόν

298 3509 369 3562 γε
397 3493 525 3565 περὶ
553 3494 765 3559 τούτου,
797 3494 989 3565 μαθεῖν
1014 3494 1061 3548 τ’
1100 3494 1402 3560 ἐϐούλοντο,
1432 3495 1482 3550 εἰ
1509 3496 1538 3549 ὁ
1559 3495 1720 3559 αὐτός
1747 3498 1894 3550 ἐστιν

299 3587 332 3638 ὁ
380 3586 634 3656 Ἰωάννης
666 3586 762 3641 καὶ⁵
812 3578 1019 3652 Ἦλίας.
1065 3587 1502 3659 Προηγουμένως
1539 3587 1596 3642 δὲ
1625 3589 1684 3642 ὲν
1712 3587 1895 3652 ἄλλοις

302 3676 729 3748 ἐπιμελέστερον
762 3677 1097 3745 ἐξεταστέον,
1137 3679 1233 3733 καὶ
1264 3680 1360 3733 ἐπὶ
1400 3679 1585 3733 πλεῖον
1613 3677 1705 3733 τὸν
1737 3670 1894 3748 λόγον

301 3769 627 3839 ἑρευνητέον
661 3770 752 3826 τὸν
794 3772 922 3843 περὶ
951 3771 1053 3842 τῆς
1080 3771 1271 3836 οὐσίας
1299 3771 1400 3842 τῆς
1431 3769 1633 3841 ψυχῆς,
1673 3771 1893 3843 καὶτῆς

300 3860 486 3932 ἀρχῆς
507 3862 605 3934 τῆς
648 3863 965 3929 συστάσεως
994 3865 1183 3936 αὐτῆς,
1229 3865 1321 3918 καὶ
1361 3865 1463 3936 τῆς
1506 3867 1587 3929 είς
1614 3864 1675 3918 τὸ
1708 3865 1893 3937 γήϊνον

303 3950 470 4023 σῶμα
502 3955 824 4026 εἰσκρίσεως
867 3956 1068 4026 αὐτῆς,
1110 3956 1220 4010 τῶν
1266 3974 1325 4010 τε
1371 3956 1753 4027 ἐπιμερισμῶν
1796 3954 1893 4010 τοῦ

303 4042 546 4116 ἑκάστης
586 4043 724 4114 βίου.
760 4044 855 4099 καὶ
894 4045 996 4115 τῆς
1026 4044 1276 4099 ἐντεῦθεν
1326 4045 1667 4115 ἀπαλλαγῆς·
1708 4045 1803 4099 καὶ
1844 4047 1895 4099 εἰ

306 4134 582 4204 ὲνῖέχεται
628 4136 799 4208 αὐτὴν
837 4138 1180 4208 είσκριθῆναι
1217 4137 1469 4209 δεύτερον
1499 4140 1556 4191 ὲν
1588 4136 1822 4209 σώματι,
1858 4138 1891 4211 ἢ

310 4229 407 4295 μή·
434 4228 529 4281 διαὶ
554 4232 621 4301 τῇ
650 4232 788 4303 αὐτῇ
833 4233 1088 4303 περιόδῳ,
1115 4231 1210 4286 καὶ
1251 4234 1318 4303 τῇ
1349 4233 1485 4304 αὐτῇ
1513 4232 1891 4303 διακοσμήσει,

306 4312 341 4386 ἢ
378 4315 470 4370 οὔ·
520 4323 614 4375 καὶ
654 4322 735 4393 τῷ
768 4323 916 4395 αὐτῷ
963 4323 1199 4394 σώματι,
1244 4324 1277 4394 ἦ
1325 4323 1526 4395 ἑτέρῳυ
1577 4324 1675 4377 καὶ
1724 4325 1774 4377 εἰ
1817 4323 1899 4395 τῷ

307 4407 481 4478 αὐτῷ,
525 4412 751 4484 πότερον
797 4416 921 4470 καθ’
950 4416 1309 4487 ὑποκείμενον
1356 4415 1572 4486 μένοντι
1615 4414 1693 4486 τῷ
1723 4414 1893 4486 αὐτῷ,

307 4500 454 4554 κατὰ
482 4500 539 4581 δὲ
582 4506 843 4577 ποιότητα
878 4507 1424 4579 μεταϐαλλομένῳοῆ
1462 4509 1555 4561 καὶ
1603 4508 1726 4562 καθ’
1764 4510 1896 4562 ὐπο-

1994 3321 2476 3389 meum,quoniam
2510 3319 2693 3374 zelum
2730 3319 2922 3373 habuit
2968 3327 3068 3387 pro
3108 3333 3214 3374 mc.
3252 3336 3277 3370 ι
3309 3317 3585 3385 Quamob-

1995 3425 2111 3464 rem
2154 3410 2290 3464 nihil
2323 3417 2409 3464 est
2451 3409 2650 3463 mirum
2676 3408 2724 3464 si
2746 3409 2839 3478 qui
2873 3407 3299 3475 suspicabantur
3329 3409 3581 3462 eumdem

1994 3513 2115 3555 esse
2144 3496 2398 3565 Phinees,
2427 3506 2483 3553 et
2506 3498 2717 3563 Elian);
2753 3497 2839 3552 vel
2881 3507 3030 3552 recte
3060 3498 3323 3561 dicentes,
3365 3496 3448 3551 vel
3477 3511 3586 3553 non

1995 3593 2120 3661 (nec
2151 3591 2296 3646 enim
2326 3592 2426 3645 hac
2449 3582 2515 3645 de
2544 3602 2603 3643 re
2631 3589 2907 3658 proposita
2938 3588 3095 3642 nobis
3120 3597 3202 3642 est
3231 3604 3376 3642 nunc
3400 3587 3584 3658 inqui-

1994 3683 2181 3754 sitio),
2206 3684 2460 3739 eumdem
2502 3698 2623 3738 esse
2673 3683 2936 3751 putabant
2966 3680 3256 3743 Joannem,
3287 3690 3342 3735 et
3373 3677 3580 3736 Jesum.

1999 3776 2092 3830 Vel
2116 3775 2367 3846 profecto
2387 3775 2490 3829 hac
2513 3778 2580 3830 de
2605 3790 2665 3829 re
2686 3774 3036 3843 ambigebant
3058 3773 3308 3841 scireque
3333 3773 3585 3828 volebant

1994 3884 2124 3923 num
2166 3871 2280 3937 ipse
2307 3876 2450 3922 esset
2471 3866 2713 3922 Joannes
2734 3875 2792 3921 et
2822 3866 2986 3922 Elias.
3018 3865 3299 3933 Praecipue
3338 3880 3469 3921 vero
3497 3875 3584 3921 at-

1995 3976 2100 4030 que
2126 3960 2234 4015 alio
2265 3969 2506 4030 tempore
2530 3960 2857 4030 inquirenda
2879 3968 2965 4014 est
2998 3959 3315 4028 diligentius
3346 3959 3582 4013 diutius-

1995 4067 2102 4122 que
2151 4051 2455 4124 indaganda
2501 4053 2646 4107 ratio
2691 4052 2759 4107 de
2799 4051 3109 4107 substantia
3157 4050 3377 4117 animas,
3404 4051 3584 4121 deque

1996 4143 2262 4215 principio
2314 4142 2662 4200 formationis
2711 4142 2829 4211 ejus
2879 4154 3044 4213 atque
3102 4141 3351 4213 ingressu
3408 4142 3584 4213 ipsius

1997 4235 2052 4289 in
2102 4250 2304 4304 corpus
2339 4243 2443 4290 hoc
2496 4245 2761 4290 terreum.
2813 4235 3185 4304 lndagandum
3231 4236 3397 4290 etiam
3452 4236 3584 4305 quid

1998 4326 2300 4395 injunctum
2328 4328 2400 4383 sit
2450 4328 2575 4383 vita:
2621 4327 3057 4396 uniuscujusque
3103 4329 3299 4382 anima0
3321 4337 3484 4398 atque
3517 4329 3585 4383 de

1995 4417 2113 4485 ejus
2158 4433 2373 4474 recessu
2412 4433 2481 4474 ex
2527 4419 2629 4474 hac
2659 4419 2794 4486 vita,
2817 4428 2874 4474 et
2900 4435 2972 4472 an
3000 4420 3286 4489 contingat
3310 4419 3455 4473 illam
3485 4420 3586 4476 de-

1999 4526 2111 4564 nuo
2163 4511 2373 4582 iugredi
2412 4511 2464 4565 in
2499 4526 2731 4581 corpus,
2759 4526 2826 4565 an
2859 4527 2990 4574 non,
3022 4521 3076 4565 et
3107 4513 3296 4565 cadent
3338 4512 3585 4580 periodo,

305 4590 584 4662 κείμενον,
610 4597 703 4649 καὶ
737 4600 994 4668 ποιότητα
1026 4599 1272 4671 ἐσομένῳ
1290 4598 1367 4670 τῷ
1399 4599 1568 4671 αὐτῷ,
1607 4601 1697 4654 καὶ
1733 4603 1783 4654 εἰ
1808 4602 1890 4656 ἀεὶ

2001 4604 2268 4658 eteadem
2292 4602 2667 4674 dispositione,
2688 4616 2895 4667 necne;
2929 4611 2985 4657 et
3018 4618 3145 4656 num
3176 4604 3226 4655 in
3251 4604 3439 4657 eodem
3463 4615 3585 4655 cor-

307 4684 392 4754 τῷ
412 4683 563 4753 αὐτῷ
588 4683 801 4756 σώματι
824 4687 1109 4758 χρήσεται,
1133 4680 1165 4759 ἦ
1190 4687 1413 4759 ἀμείψει
1440 4689 1590 4742 αὐτό·
1615 4694 1673 4742 ὲν
1694 4685 1775 4753 οἷς
1805 4692 1890 4744 καὶ

2000 4709 2154 4762 pore,
2187 4709 2259 4749 an
2290 4692 2343 4748 in
2379 4695 2522 4761 alio;
2548 4694 2691 4763 quod
2719 4696 2766 4749 si
2796 4694 2848 4748 in
2880 4694 3093 4756 eodem,
3113 4702 3292 4746 utrum
3329 4700 3584 4747 manente

306 4776 364 4830 τί
387 4778 506 4830 ἐστι
526 4777 731 4849 κυρίως
755 4780 1245 4850 μετενσωμάτωσις
1263 4780 1517 4847 ἐξετάσαι
1536 4782 1739 4853 δεήσει’
1764 4782 1818 4834 τί
1840 4798 1890 4835 τε

1999 4786 2191 4839 eodem
2236 4785 2533 4840 secumlum
2565 4782 3007 4851 subjectum,.sed
3041 4791 3250 4837 mutato
3283 4780 3582 4836 secundum

308 4867 455 4938 αὕτη
484 4868 731 4940 διαφέρει
760 4870 1235 4941 ἑνσωματώσεως,
1266 4874 1361 4927 καὶ¹
1393 4875 1442 4926 εἰ
1474 4874 1756 4927 ἀκολουθεῖ
1787 4875 1890 4945 (91]

1999 4874 2354 4943 qualitatem;
2394 4889 2464 4928 an
2492 4874 2658 4928 etiam
2706 4873 2852 4929 idem
2893 4872 3076 4927 futuro
3111 4872 3407 4928 secundum
3453 4871 3582 4926 sub-

377 4998 403 5035 ³
425 4999 619 5057 ΜδιιΙι.
643 5017 764 5068 xm,
783 5000 872 5067 53,
898 5002 988 5057 56.
1030 5046 1037 5049 ν
1067 5001 1177 5056 σιν
1199 5001 1334 5074 Reg.
1364 5022 1401 5066 ι,
1426 5003 1480 5059 8.
1558 5003 1580 5035 ⁷
1619 5019 1741 5073 cap.
1762 5014 1890 5070 χιι

1991 5025 2021 5063 ἱ.
2046 5009 2139 5064 38.
2213 5010 2236 5042 ⁸
2262 5007 2423 5064 Nunt.
2449 5019 2577 5071 xxv,
2604 5008 2691 5064 12.
2764 5010 2786 5041 ⁹
2815 5007 2946 5064 ibid.
2978 5006 3067 5074 M,
3095 5007 3183 5062 15.
3262 5008 3308 5040 ¹⁰
3332 5008 3462 5063 ibid.
3489 5008 3578 5065 11.

387 5114 1179 5197 (9(11ᾊποϐἀλλεσθαικδιὰ
1207 5119 1450 5197 τόκοιο.
1508 5116 1736 5197 Videtur
1798 5118 1888 5197 hic

1997 5124 2435 5197 mineatmundi,
2465 5133 2521 5178 et
2550 5123 2932 5197 corruptibilis
2962 5132 3137 5178 statu;
3166 5124 3265 5197 hic;
3299 5123 3352 5177 in
3382 5126 3581 5197 Vincor-

306 5185 513 5264 aliquid
547 5187 872 5264 desiderari,
913 5187 1057 5257 quod
1112 5189 1439 5258 respondeat
1508 5188 1595 5243 his
1648 5186 1889 5244 Ferrarii
1996 5194 2328 5264 t'uplibilemr
2359 5195 2677 5254 mutabitur,
2710 5185 3022 5263 ambiguum
3053 5209 3161 5248 non
3219 5195 3388 5248 videri
3436 5198 3578 5264 quod

311 5257 519 5319 verbis,
548 5255 706 5325 facile
739 5267 874 5313 erat.

383 5326 497 5396 (91)
517 5325 639 5399 ΑΚαζ
652 5328 706 5380 εὶ
731 5326 1059 5399 ἀκολουθεῖ
1075 5328 1157 5395 τῷ
1180 5326 1440 5399 λέγοντι,
1468 5334 1576 5382 etc.
1625 5326 1890 5397 Origenes

308 5397 410 5450 lib.
438 5395 483 5469 tt
509 5396 565 5450 in
600 5395 807 5451 Cantia.
843 5400 1062 5469 camic.,
1098 5414 1153 5469 p.
1183 5395 1298 5454 58’:
1343 5418 1360 5450 ι
1396 5397 1501 5452 Sed
1552 5407 1608 5452 et
1634 5395 1772 5469 illud
1805 5413 1888 5450 re.

307 5468 583 5535 qurritur,
636 5475 817 5521 utrum
862 5468 1031 5523 semel
1086 5468 1295 5523 tantum
1342 5481 1572 5536 corpore
1629 5468 1888 5522 induatur

307 5537 567 5607 (anima),
589 5545 643 5590 et
669 5537 720 5589 id
744 5541 1089 5607 postmodum
1112 5540 1418 5608 depositum
1439 5539 1576 5591 ultra
1607 5554 1713 5592 non
1743 5554 1890 5608 quar-

309 5617 436 5668 rat;
470 5622 539 5660 an
571 5621 694 5660 cum
751 5608 919 5678 semel
954 5620 1264 5678 susceptum
1316 5609 1650 5677 deposuerit,
1689 5610 1884 5662 iterum

310 5686 587 5749 assumat;
629 5685 682 5749 et
721 5677 765 5749 si
806 5680 1045 5749 secundo
1094 5677 1368 5749 surruptum
1390 5693 1619 5749 semper
1666 5678 1883 5744 haheat,

311 5762 383 5798 an
409 5746 703 5813 aliquando
733 5748 928 5801 iterum
961 5746 1229 5815 abjiciatf
1252 5749 1317 5802 Et
1354 5748 1399 5801 si
1429 5749 1649 5816 quidem
1690 5761 1885 5802 secun-

310 5820 444 5870 dum
468 5817 844 5872 auctoritatem
882 5820 1295 5892 Scripturarum
1342 5818 1738 5873 consuuunatio
1774 5817 1881 5872 im:

1994 5262 2049 5316 in
2070 5262 2366 5332 pnes-emis
2398 5264 2523 5317 vitae
2550 5273 2749 5318 statum
2777 5265 3019 5318 secundo
3045 5275 3138 5317 aut
3178 5265 3342 5318 tertio
3378 5267 3428 5317 in
3457 5262 3579 5319 cur.

1994 5347 2097 5401 pus
2122 5335 2311 5388 venire
2350 5348 2457 5387 non
2488 5335 2679 5402 possit.
2714 5333 2849 5387 Nam
2888 5334 2935 5388 si
2982 5334 3242 5401 recipitur
3299 5336 3422 5397 hoc,
3477 5351 3574 5390 ue-

1993 5407 2238 5458 cessario
2258 5406 2507 5472 sequitur
2532 5413 2591 5457 ut
2623 5403 2930 5470 hujusmodi
2966 5404 3405 5458 succeSsionihus
3440 5420 3576 5458 con-'-

1993 5475 2348 5542 sequeutibus
2401 5476 2560 5527 linem
2599 5475 2806 5527 nesciat
2834 5474 3086 5527 mundus.
3118 5492 3137 5523 ι
3168 5473 3384 5526 Consuli
3440 5491 3574 5543 qun-

1996 5558 2104 5609 que
2138 5544 2298 5596 velim
2330 5559 2451 5610 qnze
2477 5543 2546 5596 ab
2569 5546 2761 5597 eodem
2802 5551 2932 5597 tom.
2959 5556 3061 5596 xm
3114 5542 3167 5594 in
3205 5543 3399 5612 Matth.
3438 5542 3573 5612 ivn,

1997 5613 2084 5676 10,
2109 5615 2310 5680 scripta
2351 5609 2503 5677 Sunt,
2545 5614 2783 5666 maxime
2830 5627 2960 5665 vero
3013 5620 3197 5664 nostra
3228 5609 3573 5679 Origeniana,

1994 5684 2048 5805 illi
2075 5684 2269 5748 quibus
2299 5683 2350 5739 id
2389 5693 2767 5752 argumentum
2817 5680 3120 5736 luculenter
3165 5683 3572 5751 persequimur.

2043 5766 2257 5805 υκτιυε.

2043 5766 2257 5809 υκτιυεσ
