4194 6416
574 312 682 368 227
2040 319 2151 377 ORI

2253 321 2363 377 NIS
3751 329 3856 384 228

569 431 797 501 jectum,
833 441 890 490 et
916 433 1266 504 qualitatem,
1301 443 1359 492 et
1400 450 1531 490 num
1573 451 1792 508 semper
1833 441 2020 494 eodem
2053 457 2150 497 cor

2274 441 2350 513 τῷ
2395 441 2606 511 λέγοντι
2656 442 3148 514 μετενσωμάτωσιν
3199 445 3477 517 ἄφθαρτον
3532 448 3724 517 τηρεῖν
3770 449 3856 500 τὸν

577 542 710 596 pore
735 541 897 581 usura
925 527 996 580 sit
1023 542 1091 580 an
1118 527 1468 580 immutatura
1498 527 1649 583 illud.
1681 529 1738 583 In
1763 531 1962 599 quibus
1991 532 2151 586 etiam

2272 535 2497 606 κόσμον.
2528 537 2615 588 Ἐν
2644 532 2725 599 οἷς
2755 537 3052 604 ἀναγκαῖον
3089 537 3241 590 ἐσται
3267 537 3596 609 παραθεῖναι
3623 540 3856 604 καὶτοὺς

574 618 727 681 illud,
758 618 888 688 quid
913 619 1137 688 proprie
1166 617 1240 672 sit
1271 621 1754 688 transcorporatio,
1789 622 2026 693 quidque
2049 623 2151 678 hair

2271 626 2465 692 λόγους
2491 629 2599 681 τῶν
2627 628 2890 682 θελόντων
2918 629 3058 683 κατά
3089 629 3188 693 τὰς
3214 629 3439 702 Γραφάς
3469 629 3856 702 συσπείρεσθαι

573 711 791 767 dill’erat
814 710 884 765 ab
908 710 1375 779 incorporatione,
1413 711 1676 783 indagare
1708 728 1930 768 necesse
1955 715 2082 776 erit,
2107 725 2151 770 el

2268 719 2367 790 τήν
2393 719 2570 791 ψυχὴν
2599 721 2678 792 τῷ
2707 719 2941 792 σώματι,
2972 723 3066 776 καὶ
3109 722 3178 776 τὰ
3221 721 3617 775 ἀκολουθοῦντα
3651 723 3853 788 αὐτοῖς,

573 819 702 858 num
721 813 1000 874 sequatur,
1018 813 1072 858 ut
1097 802 1189 872 qui
1219 804 1417 858 astruit
1444 807 1702 860 mutanda
1723 817 2168 875 corpora,'servet

573 897 831 952 mundum
870 893 1366 964 incorruptibilem.
1396 895 1453 949 In
1497 898 1693 965 quibus
1727 898 2036 952 necessario
2064 912 2159 966 po-

572 991 766 1045 nenda:
821 999 980 1044 erunt
1029 991 1271 1043 rationes
1296 1002 1483 1042 eorum
1520 991 1608 1057 qui
1659 989 1866 1052 volunt,
1907 1005 1972 1044 ex
2009 988 2160 1044 Scri-

569 1091 856 1150 pturarum
889 1085 1245 1148 auctoritate,
1281 1094 1340 1138 ut
1375 1085 1555 1137 anima
1586 1082 1747 1137 simul
1775 1098 1898 1136 cum
1929 1097 2162 1150 corpore

569 1177 890 1239 seminetur,
913 1186 968 1232 et
989 1191 1110 1246 qua:
1153 1185 1459 1248 sequuntur
1481 1175 1628 1245 ipsas
1656 1191 1668 1226 :
1703 1183 1778 1240 et,
1809 1165 1864 1227 υἰ
1891 1175 2057 1229 semel
2079 1175 2162 1227 di-

569 1281 721 1330 cam,
749 1270 927 1323 oratio
955 1269 1022 1323 de
1054 1270 1233 1324 anima
1256 1310 1272 1336 ,
1302 1269 1522 1338 copiosa
1563 1267 1787 1337 alioqui,
1815 1277 1870 1322 et
1895 1268 1962 1322 ad
1993 1267 2163 1322 inter-

2267 813 2362 866 καὶ
2392 812 2728 879 ἁπαξαπλῶς
2752 813 2782 864 6
2806 814 2934 882 περὶ
2953 813 3132 885 ψυχῆς
3158 812 3314 883 λόγος
3345 813 3511 877 πολὺς
3537 814 3632 867 καὶ
3664 814 3788 868 δυσε
3797 833 3856 886 ρ-

2273 909 2538 976 μήνευτος
2590 904 2700 969 ὢν,
2751 905 3255 976 ἀναλεχθησὸμενος
3307 906 3415 961 ἀπὸ
3465 906 3574 960 τῶν
3624 909 3684 960 ἐν
3737 911 3854 972 ταῖς

2269 998 2511 1068 Γραφαίς
2553 996 2829 1068 σποράδην
2870 997 3158 1067 κειμένων,
3200 997 3335 1062 ἰδίας
3380 998 3552 1052 δεῖται
3597 1014 3857 1070 πραγμα-

2267 1089 2434 1152 τείας.
2483 1089 2682 1160 Διόπερ
2719 1088 2835 1153 νῦν,
2878 1089 3020 1142 κατὰ
3063 1090 3126 1144 τὸ
3182 1091 3434 1162 παρῆκον
3482 1091 3546 1144 ἐκ
3573 1091 3682 1143 τῶν
3726 1091 3856 1162 περὶ

2280 1180 2458 1234 Ἠλίου
2503 1181 2598 1234 καὶ
2643 1181 2890 1234 Ἰωάννου
2929 1181 3281 1253 ἐζητημένων
3319 1184 3412 1236 ἐπὶ
3454 1183 3630 1254 βραχὺ
3671 1182 3857 1249 ἐξετά-

2268 1288 2460 1335 σαντες
2484 1271 2545 1324 τὸ
2567 1271 2882 1344 πρόϐλημα,
2909 1273 3186 1344 μετίωμεν
3207 1274 3299 1326 ἐπὶ
3329 1272 3400 1327 τά
3427 1273 3578 1340 ἐξῆς.

565 1362 890 1431 pretandum
937 1362 1196 1430 dillicilis,
1235 1365 1280 1420 si
1315 1365 1681 1434 undequaque
1707 1364 1885 1429 colligi
1916 1365 2111 1419 debeat
2151 1379 2216 1418 ex
2258 1366 2342 1419 his
2369 1382 2491 1435 quae
2519 1367 2750 1436 sparsim
2777 1368 2950 1434 posita
2975 1377 3102 1420 sunt
3132 1367 3184 1420 in
3212 1366 3534 1436 Scripturis,
3571 1366 3854 1436 proprium

571 1456 804 1524 requirit
828 1472 984 1528 opus.
1011 1457 1378 1525 Quamobrem
1408 1473 1552 1512 nunc
1584 1460 1841 1512 decenter
1879 1475 1947 1512 ex
1976 1459 2059 1512 his
2091 1473 2211 1528 qua!
2244 1459 2310 1513 de
2338 1457 2550 1515 Joanne
2584 1461 2760 1530 deque
2789 1458 2904 1514 Elia
2931 1458 3236 1530 conquisita
3271 1466 3418 1526 sunt,
3447 1473 3570 1514 cum
3614 1458 3857 1513 breviter

566 1554 891 1621 perscrutati
920 1554 1095 1608 simus
1121 1555 1503 1624 quaastionem,
1530 1554 1597 1607 ad
1623 1563 1818 1608 cetera
1845 1563 2204 1609 transeamus.

640 1648 695 1702 8.
731 1646 802 1700 Es
850 1655 904 1699 tu
935 1647 1185 1714 propheta
1215 1645 1304 1699 ille
1326 1646 1352 1698 ?
1387 1644 1453 1698 Et
1491 1647 1757 1714 respondit
1787 1661 1806 1698 :
1849 1643 1972 1700 Non
2009 1647 2074 1701 “.
2102 1646 2151 1701 Si

2333 1646 2387 1701 8.
2419 1647 2482 1700 ὀ
2511 1645 2825 1716 προφήτης
2847 1643 2908 1701 εἴ
2923 1648 3037 1711 σὺ;
3061 1646 3172 1702 Καὶ
3196 1647 3509 1717 ἀπεκρίθηο
3542 1647 3649 1701 Οὔ.
3685 1647 3749 1700 Ei
3779 1665 3797 1696 ε
3824 1645 3856 1698 6

501 1747 516 1754 '
572 1759 593 1793 ε
631 1740 714 1794 lex
751 1748 805 1793 et
827 1739 1104 1808 prophetat
1122 1753 1293 1807 usque
1325 1739 1394 1794 ad
1418 1735 1683 1792 Joannem
1715 1739 1780 1803 “,
1816 1757 1837 1791 ι
1863 1737 1993 1808 quid
2015 1739 2151 1793 aliud

2265 1739 2449 1809 Νόμος
2481 1741 2574 1793 καὶ
2600 1741 2650 1792 οἱ
2679 1739 2956 1811 προφῆται
2992 1740 3098 1804 ἕως
3140 1739 3414 1803 Ἰωάννου,
3455 1758 3474 1790 ι
3513 1739 3608 1793 καὶ
3635 1739 3688 1792 τί
3725 1737 3855 1792 ἄλλο

564 1830 875 1885 diceremus
916 1826 1182 1884 Joannem
1217 1844 1360 1895 esse,
1391 1844 1555 1897 quam
1601 1829 1971 1899 prophetam?
2000 1828 2151 1900 117

2263 1830 2330 1884 ἂν
2373 1831 2626 1902 λέγοιμεν
2669 1827 2810 1884 εἶναι
2845 1830 3098 1902 Ἰωάννην
3137 1831 3170 1902 ἢ
3207 1835 3525 1904 προφήτην;
3565 1829 3644 1894 ὡς
3681 1829 3777 1882 καὶ
3825 1830 3854 1882 ὁ

563 1919 1020 1990 quemadmodum
1051 1927 1210 1988 pater
1238 1919 1358 1988 eius
1383 1918 1704 1986 Zacharias,
1729 1918 1922 1989 plenus
1951 1916 2159 1989 Spiritu

561 2022 772 2077 sancto,
803 2011 1135 2081 prophetans
1165 2011 1341 2082 inquit
1361 2012 1440 2066 “:
1470 2030 1490 2064 ι
1523 2011 1592 2067 Et
1616 2019 1870 2082 tu,puer,
1895 2013 2158 2081 propheta

563 2103 839 2159 Altissimi
897 2103 1185 2158 vocaberis
1227 2103 1496 2174 :praiibis
1539 2112 1670 2159 ante
1689 2103 1882 2158 faciem
1923 2102 2156 2168 Domini,

566 2197 634 2252 ad
657 2197 1078 2266 praeparandum
1108 2196 1226 2250 vias
1259 2193 1418 2264 ejus;
1448 2213 1468 2248 ι
1501 2194 1608 2250 nisi
1642 2193 1786 2250 forte
1826 2194 1954 2265 quis
1979 2205 2162 2250 sumat

563 2305 752 2346 vocem
784 2305 805 2340 ι
852 2287 1137 2343 vocaberis
1177 2305 1198 2340 ι
1247 2301 1354 2343 non
1387 2301 1512 2342 esse
1547 2287 1751 2342 dictam
1775 2301 1875 2356 pro
1913 2301 1980 2341 eo
2010 2288 2156 2356 quod

558 2395 683 2453 est,
715 2386 843 2451 eris,
886 2383 1051 2454 idque
1087 2382 1461 2453 potissimum,
1487 2385 1634 2452 quod
1670 2383 1931 2438 Servator
1960 2382 2159 2437 dixerit

560 2480 644 2532 eis
687 2477 778 2547 qui
834 2475 1224 2530 existimabant
1254 2489 1380 2530 eum
1419 2489 1541 2529 esse
1572 2475 1897 2544 prophetam
1933 2493 1947 2528 ε
1989 2490 2008 2524 ι
2049 2472 2154 2528 Sed

557 2569 688 2640 quid
719 2568 932 2623 eaiistis
965 2567 1032 2622 ad
1067 2566 1400 2622 videndum?
1433 2563 1800 2636 Prophetam?
1827 2565 2000 2620 Etiam
2032 2565 2155 2620 dico

564 2661 747 2727 vobis,
773 2670 830 2716 et
878 2661 1165 2732 plusquam
1215 2659 1536 2730 prophetam
1570 2658 1633 2713 “.
1676 2677 1697 2712 ι
1738 2657 2152 2715 Observandum

557 2763 739 2810 autem
762 2755 906 2824 quod
943 2767 1008 2809 ea
1032 2754 1218 2818 verba,
1246 2769 1267 2804 ι
1303 2751 1481 2807 Etiam
1517 2751 1642 2807 dico
1672 2753 1850 2816 vobis,
1889 2771 1908 2804 ι
1949 2759 2154 2822 ponant

556 2843 822 2903 Joannem
871 2861 995 2903 esse
1040 2848 1390 2917 prophetam,
1434 2860 1538 2900 nec
1582 2845 1833 2900 auferant
1860 2861 1985 2900 eum
2017 2861 2152 2917 pro-

558 2941 781 3012 phetam
829 2955 970 2995 esse.
1007 2938 1161 3004 Quod
1198 2939 1267 3005 si,
1317 2947 1678 3008 prazterqnam
1715 2938 1859 3008 quod
1883 2948 1970 2994 est
2023 2953 2152 3009 pro-

2263 1921 2446 1993 πατήρ
2479 1919 2644 1976 αὑτοῦ
2685 1921 2983 1993 Ζαχαρίας,
3016 1919 3277 1992 πλησθεὶς
3313 1920 3635 1992 Πνεύματος
3671 1919 3850 1988 ἀγίου,

2261 2016 2621 2085 προφητεύων
2668 2015 2833 2086 φησί·
2899 2014 3056 2068 «Καὶ
3109 2015 3198 2081 σὺ,
3262 2014 3507 2078 παιδίον,
3559 2015 3852 2087 προφήτης

2271 2104 2528 2175 Ὑψίστου
2558 2106 2828 2180 κληθήσῃ,
2861 2107 3212 2182 προ-πορεύσῃ
3247 2109 3358 2180 γὰρ
3378 2108 3613 2164 ἐνώπιον
3643 2109 3851 2181 Κυρίου

2257 2196 2546 2267 ἑτοιμάσαι
2572 2197 2727 2263 ὁδοὺς
2763 2199 2961 2253 αὑτοῦ·
2986 2219 3005 2252 a
3057 2201 3106 2252 ei
3147 2201 3224 2272 μὴ
3265 2201 3373 2272 ἀρα
3408 2217 3493 2265 τις
3523 2200 3852 2272 ἐπιλήψεται

2255 2289 2351 2344 τοῦ
2388 2309 2406 2342 ι
2431 2290 2698 2366 κληθήσῃ,
2723 2312 2743 2343 ι
2772 2293 2848 2363 μή
2873 2293 3164 2366 εἰρημένου
3186 2293 3280 2346 τοῦ
3311 2295 3449 2360 ἔσῃ,
3491 2295 3590 2348 καὶ
3614 2293 3851 2364 μάλιστα

2255 2381 2345 2436 διὰ
2381 2382 2442 2436 τὸ
2481 2384 2620 2455 πρὸς
2663 2385 2788 2448 τοὺς
2839 2385 3118 2456 οἰομένους
3162 2385 3325 2439 αὐτὸν
3372 2387 3663 2457 προφήτην
3712 2379 3850 2437 εἶναι

2255 2473 2538 2544 εἰρηκέναι
2582 2473 2674 2526 τὸν
2718 2473 2976 2545 Σωτῆραο
3025 2492 3044 2524 ι
3082 2472 3243 2527 una;
3283 2472 3337 2525 τί
3381 2471 3639 2543 ἐξήλθετε
3686 2470 3847 2532 ίδεῖν;

2255 2564 2584 2636 Προφήτην;
2625 2565 2734 2619 Ναὶ
2778 2564 2923 2634 λέγω
2959 2565 3111 2636 ὑμῖν,
3153 2565 3248 2618 καὶ
3284 2563 3677 2635 περισσότερον
3715 2576 3852 2632 προ-

2256 2659 2450 2730 φήτου.
2477 2677 2497 2710 ι
2520 2658 2949 2730 Παρατηρητέον
2977 2658 3056 2722 δέ,
3087 2659 3169 2712 ὅτι
3187 2660 3270 2720 τὸ,
3302 2676 3321 2708 ι
3345 2657 3454 2710 Nai.
3473 2655 3622 2724 λέγω
3645 2655 3796 2726 ὑμῖν,
3822 2671 3842 2705 a

2253 2749 2435 2822 τίθησι
2461 2749 2523 2804 τὸ
2552 2752 2836 2823 προφήτην
2862 2745 3002 2803 εἶναι
3027 2750 3119 2804 τὸν
3156 2751 3433 2821 Ἰωάννην,
3455 2749 3549 2802 καὶ
3570 2749 3674 2802 οὐκ
3695 2749 3848 2802 avai-

2255 2842 2431 2913 ρεῖται
2476 2841 2539 2894 τὸ
2575 2842 2863 2912 προφήτην
2907 2841 3071 2895 αὐτὸν
3117 2836 3277 2895 εἶναι.
3326 2839 3452 2894 Ἐἀν
3491 2840 3549 2893 δὲ
3594 2839 3733 2910 πρὸς
3769 2836 3848 2908 τῷ

2255 2934 2546 3006 προφήτης
2611 2933 2902 3003 τυγχάνειν
2959 2933 3056 2986 καὶ
3116 2932 3502 3005 περισσότερον
3562 2931 3846 3002 προφήτου

557 3007 739 3103 pheta,
769 3033 930 3087 etiam
975 3031 1146 3098 major
1179 3007 1342 3100 quam
1383 3029 1609 3097 proheta
1631 3044 1662 3082 a
1694 3007 1984 3084 servatore
2011 3007 2151 3085 dici-

2253 3025 2360 3080 ὑπὸ
2399 3025 2493 3079 τοῦ
2539 3024 2794 3097 Σωτῆρος
2840 3025 3089 3096 λέγηται,
3138 3025 3254 3088 πῶς
3286 3021 3400 3087 οὖν,
3459 3027 3509 3078 εί
3557 3025 3848 3096 προφήτης

561 3137 689 3192 tnr,
730 3125 1002 3196 quomodo
1054 3139 1204 3196 ergo,
1236 3125 1280 3180 si
1320 3124 1582 3194 propheta
1612 3133 1728 3187 est,
1770 3124 2150 3180 sacerdotibus

555 3234 622 3274 ac
653 3219 859 3274 Levitis
888 3217 1372 3286 interrogantibus,
1421 3233 1442 3266 ι
1489 3213 1757 3284 PrOpheta
1799 3229 1858 3269 es
1901 3225 1956 3269 tu
1997 3214 2142 3268 "1's

558 3315 858 3380 réspondit,
907 3325 927 3360 ς
969 3306 1134 3360 Non?
1174 3325 1192 3359 i
1227 3307 1525 3363 Dicendum
1567 3313 1747 3359 autem
1791 3303 1860 3358 ad
1897 3305 2002 3359 hoc
2036 3319 2142 3358 non

558 3403 703 3458 idem
738 3417 882 3464 esse,
931 3417 950 3451 ι
985 3397 1255 3467 Propheta
1287 3414 1348 3453 es
1375 3409 1430 3453 tu
1457 3399 1590 3454 ille?
1625 3417 1643 3452 ι
1676 3397 1824 3471 [cum
1861 3394 2144 3468 articulo],

555 3507 638 3559 et,
684 3512 705 3546 ‹
745 3493 816 3548 Es
851 3505 906 3547 tu
940 3493 1199 3562 propheta
1230 3489 1254 3544 ’ἰ
1287 3510 1306 3544 i
1331 3490 1471 3563 [sine
1505 3490 1781 3563 articulo.]
1810 3490 2024 3546 Similia
2052 3490 2150 3544 ob-

556 3589 895 3642 servavimus
931 3599 1079 3652 ante,
1112 3587 1241 3656 quid
1283 3584 1521 3650 ddici-at,
1549 3585 1642 3638 ille
1683 3583 1846 3648 Deus,
1882 3581 2028 3655 [cum
2058 3597 2149 3636 ar-

559 3680 770 3762 ticulo,]
809 3691 864 3736 et
911 3680 1054 3734 Deus
1105 3678 1250 3752 [sine
1294 3675 1574 3748 articulo,]
1611 3686 1664 3731 et
1706 3677 1796 3730 ille
1847 3675 2056 3740 Sermo,
2091 3683 2149 3729 et

563 3772 776 3829 Sermo.
813 3774 1082 3838 Quoniam
1135 3787 1268 3842 ergo
1299 3772 1352 3826 in
1403 3770 1826 3826 Deutcronomio
1879 3770 2143 3837 scriptum

558 3873 647 3918 est
674 3863 718 3896 ¹⁶
753 3881 768 3918 :
801 3880 820 3914 ι
857 3862 1182 3932 Prophetam
1221 3863 1377 3916 vobis
1407 3861 1694 3916 suscitabit
1719 3860 1980 3916 Dominus
2003 3860 2146 3915 Deus

557 3965 738 4010 vester
763 3955 829 4009 de
854 3954 1111 4008 fratribus
1131 3954 1327 4008 vestris
1353 3955 1458 4009 mei
1481 3955 1740 4017 similem,
1758 3955 1933 4023 ipsum
1957 3953 2144 4006 audie-

555 4045 648 4102 tis.
685 4045 952 4102 Futurum
985 4055 1071 4100 est
1095 4053 1302 4110 autem,
1344 4056 1403 4101 ut
1427 4047 1610 4100 omnis
1641 4047 1846 4108 anima,
1883 4061 2004 4114 quae
2037 4060 2142 4098 non

555 4139 793 4194 audierit
851 4140 1174 4210 prophetam
1217 4137 1402 4203 illum,
1437 4138 1840 4193 exterminetur
1880 4152 1912 4192 e
1946 4138 2144 4206 populo

556 4244 691 4297 suo;
712 4249 730 4282 ι
764 4233 1184 4302 exspectabatur
1211 4233 1478 4300 quispiam
1507 4231 1708 4287 eximie
1735 4231 1997 4300 propheta
2026 4229 2140 4299 qui,

2251 3121 2391 3185 ἐστὶ,
2427 3119 2564 3192 πρὸς
2591 3120 2717 3183 τοὺς
2748 3120 2914 3190 ἱερεῖς
2958 3119 3054 3172 καὶ
3087 3119 3317 3182 Λευῖτας
3350 3116 3698 3191 ἐρωτῶντας,
3735 3137 3753 3169 ι
3788 3117 3847 3170 '0

2251 3215 2540 3287 προφήτης
2559 3209 2608 3267 εἴ
2635 3213 2700 3268 σύ
2722 3230 2736 3276 ;
2761 3232 2779 3264 ι
2807 3213 3105 3284 ἀπεκρίθη,
3135 3233 3152 3264 ε
3179 3212 3253 3265 Οὔ
3276 3229 3290 3277 ;
3316 3232 3334 3264 a
3361 3213 3599 3266 Λεκτέον
3620 3213 3676 3266 δέ
3711 3212 3848 3284 πρὸς

2249 3307 2430 3372 τοῦτο,
2469 3309 2552 3362 ὅτι
2585 3309 2648 3362 οὐ
2681 3307 2881 3360 ταυτόν
2923 3309 3093 3372 ἐστιν,
3146 3325 3164 3357 ι
3201 3306 3259 3359 '0
3285 3307 3574 3378 προφήτης
3603 3303 3654 3359 εἶ
3691 3305 3786 3370 cii;
3821 3324 3841 3356 ι

2250 3405 2362 3466 καὶ,
2399 3420 2419 3454 ι
2451 3403 2742 3473 Προφήτης
2763 3397 2817 3454 si
2837 3399 2933 3459 cii:
2969 3418 2988 3452 ι
3021 3398 3132 3470 (92)
3156 3398 3238 3451 Τά
3265 3397 3322 3451 δέ
3345 3399 3507 3465 ὅμοια
3531 3403 3841 3466 τετηρήκα-

2255 3511 2352 3564 μεν
2377 3492 2754 3558 ἐξετάζοντες,
2783 3491 2836 3546 τί
2876 3491 3124 3562 διαφέρει
3164 3489 3226 3543 τὸ
3266 3489 3330 3542 '0
3357 3489 3504 3552 Θεός
3536 3486 3635 3540 τοῦ
3672 3486 3838 3552 Θεός,

2252 3586 2344 3639 καὶ
2373 3585 2426 3638 '0
2446 3587 2632 3655 Λόγος
2659 3584 2752 3638 τοῦ
2781 3585 2988 3654 Λόγος.
3015 3583 3172 3636 Ἐπεὶ
3192 3581 3370 3635 τοίνυν
3395 3581 3454 3632 ἐν
3477 3578 3554 3649 τῷ
3582 3583 3842 3650 Δευτερο-

2250 3676 2424 3748 νομίῳ
2445 3677 2775 3748 γέγραπται·
2806 3695 2824 3726 ι
2855 3675 3147 3746 Προφήτην
3165 3674 3294 3744 ὑμῖν
3319 3673 3617 3741 ἀναστήσει
3636 3673 3841 3742 Κύριος

2245 3773 2274 3823 6
2299 3769 2434 3832 Θεὸς
2467 3769 2622 3840 ὑμῶν
2668 3770 2733 3822 ἐκ
2765 3766 2875 3820 τῶν
2923 3766 3168 3836 ἀδελφῶν
3214 3765 3370 3838 ὑμῶν
3402 3767 3480 3830 ὼς
3519 3767 3644 3838 ἐμὲ,
3673 3765 3843 3821 αὐτοῦ

2245 3862 2543 3915 ἀκούσεσθε
2563 3877 2575 3890 ·
2602 3860 2695 3913 καὶ
2722 3859 2875 3913 ἔσται
2904 3859 3053 3912 πᾶσα
3078 3859 3246 3930 ψυχὴ,
3275 3859 3398 3930 ἦτις
3427 3858 3494 3913 ἂν
3521 3859 3597 3930 μὴ
3630 3859 3844 3931 ἀκούσῃ

2245 3953 2338 4008 τοῦ
2369 3955 2648 4026 προφήτου
2681 3952 2912 4018 ἐκείνου,
2946 3951 3461 4024 ἐξολοθρευθήσεται
3494 3953 3559 4004 ἐκ
3592 3950 3689 4004 τοῦ
3710 3950 3842 4005 λαοῦ

2245 4047 2412 4100 αὐτοῦ
2428 4064 2442 4077 ’
2473 4066 2491 4099 ι
2525 4046 2893 4118 προσεδοκᾶτο
2914 4045 3210 4118 ἐξαιρέτως
3231 4062 3314 4109 τις
3343 4047 3629 4116 προφήτης
3653 4046 3846 4115 ὅμοιον

2244 4141 2435 4194 Μωσεῖ
2453 4157 2506 4192 τι
2533 4138 2694 4210 ἔχων,
2731 4139 2792 4192 τὸ
2838 4137 3157 4209 μεσιτεῦσαι
3206 4135 3343 4190 Θεοῦ
3383 4137 3478 4192 καὶ
3505 4137 3840 4208 ἀνθρώπων,

2244 4231 2339 4285 καὶ
2365 4231 2427 4284 τὸ
2458 4230 2637 4285 λαϐὼν
2670 4230 2946 4301 Διαθήκην
2976 4231 3084 4283 am
3110 4227 3244 4282 Θεοῦ
3281 4228 3466 4284 δοῦναι
3502 4232 3616 4292 τοίς
3661 4229 3841 4300 μαθη-

557 4325 735 4380 simile
763 4326 896 4394 quid
938 4324 1071 4380 Mosi
1117 4325 1351 4390 habens,
1381 4326 1736 4378 mediatorem
1783 4331 1968 4392 ageret
2005 4323 2143 4377 inter

2253 4322 2556 4393 τευομένοις
2601 4323 2702 4394 τὴν
2745 4323 2967 4394 καινήνο
3005 4321 3097 4376 καὶ
3133 4321 3254 4375 καθ’
3287 4321 3515 4374 ἕκαστον
3550 4321 3661 4373 τῶν
3701 4335 3839 4388 προ-

558 4415 729 4471 Deum
759 4426 816 4472 et
859 4417 1132 4483 homines,
1182 4427 1242 4472 et
1273 4426 1557 4485 acceptum
1608 4430 1638 4468 a
1677 4415 1784 4469 Deo
1819 4414 2140 4468 Testamen-

561 4514 676 4560 tum
730 4519 930 4560 novum
977 4505 1259 4576 discipulis
1291 4507 1571 4572 traderet;
1611 4515 1776 4574 atque
1817 4505 1869 4558 in
1913 4505 2146 4574 singulis

2246 4415 2431 4485 φητῶν
2469 4415 2766 4483 ἐγίνωσκον
2813 4417 2842 4468 6
2887 4413 3015 4476 λαὸς
3079 4413 3297 4485 Ἰσραὴλ
3349 4413 3555 4484 μηδένα
3609 4412 3839 4464 ἐκείνων

2243 4507 2383 4564 εἶναι
2418 4509 2512 4564 τὸν
2546 4508 2654 4561 ὑπὸ
2679 4508 2776 4562 τοῦ
2819 4507 3065 4570 Μωσέως
3109 4507 3574 4578 προφητευθέντα.
3623 4508 3841 4576 Ὥσπερ

557 4597 844 4666 prophetis
874 4609 1170 4669 agnoverat
1193 4599 1425 4670 populus
1447 4598 1611 4654 Israel
1642 4598 1914 4652 neminem
1952 4613 2144 4653 eorum

2253 4599 2336 4657 οὖν
2366 4599 2644 4664 ἐδίσταζον
2691 4600 2820 4671 περὶ
2875 4599 3146 4661 Ἰωάννου,
3198 4601 3406 4670 μήποτε
3455 4599 3563 4670 ἀρα
3599 4600 3842 4671 Χριστὸς

559 4690 707 4744 hunc
749 4691 1030 4744 exstitisse
1059 4691 1151 4760 qui
1185 4706 1216 4744 a
1262 4689 1412 4744 llose
1453 4691 1812 4760 prophetatus
1845 4688 2044 4744 fuerat.
2076 4687 2146 4744 Ut

2253 4694 2402 4757 αὐτὸς
2429 4689 2518 4764 ἦν,
2562 4691 2736 4755 οὕτως
2779 4690 2873 4744 καὶ
2913 4691 3124 4762 μήποτε
3171 4691 3200 4743 6
3245 4693 3550 4762 προφήτης.
3586 4693 3665 4744 Οὐ
3705 4692 3842 4744 θαυ-

559 4795 693 4852 ergo
735 4781 802 4836 de
843 4780 1056 4838 Joanne
1088 4782 1444 4852 ambigebant
1497 4799 1624 4838 num
1660 4785 1800 4838 forte
1844 4783 1960 4851 ipse
1992 4792 2143 4838 esset

559 4873 833 4938 Christus,
871 4875 953 4929 sic
999 4875 1166 4930 etiam
1210 4890 1340 4930 num
1389 4887 1537 4932 esset
1567 4875 1654 4932 ille
1697 4877 1980 4946 prepheta.
2029 4857 2152 4930 Nec

564 4964 762 5018 mirum
789 4963 833 5017 si
867 4965 1206 5034 ambigentes
1247 4965 1316 5020 de
1343 4963 1569 5034 Joanne,
1595 4983 1661 5020 an
1691 4965 1829 5022 forte
1859 4965 1973 5036 ipse
1997 4977 2140 5020 esset

561 5054 835 5123 Christus,
863 5055 1150 5124 diligenter
1191 5070 1302 5110 non
1342 5057 1734 5128 investigarunt
1761 5073 1828 5112 an
1859 5058 1972 5128 ipse
1995 5067 2142 5111 esset

563 5146 814 5204 Christus
841 5157 896 5200 et
919 5146 1008 5201 ille
1042 5147 1330 5216 propinata.
1361 5147 1620 5218 Sequitur
1641 5151 1786 5204 enim
1821 5159 1881 5204 ut
1913 5149 2007 5218 qui
2039 5149 2142 5202 hac

565 5242 635 5296 de
667 5255 725 5296 re
753 5239 835 5294 sic
869 5241 1227 5310 interrogant,
1253 5242 1506 5312 ignorent
1537 5244 1700 5299 etiam
1737 5247 1880 5312 quod
1910 5243 2025 5313 ipse
2049 5241 2142 5312 qui

565 5332 927 5396 sitChristus,
959 5332 1032 5386 sit
1069 5333 1231 5388 etiam
1286 5333 1702 5407 illepropheta.
1743 5334 1926 5390 Latuit
1959 5345 2142 5389 autem

567 5429 762 5485 multos
806 5443 872 5484 ea
908 5426 1212 5484 differentia
1257 5445 1376 5500 qua:
1425 5440 1510 5486 est
1553 5433 1695 5486 inter
1723 5433 1975 5498 prop-heia
2027 5430 2140 5497 ille,

2247 4785 2450 4859 μαστὸν
2493 4784 2552 4838 δὲ
2587 4785 2637 4836 εἰ
2671 4782 2747 4854 μὴ
2789 4782 3075 4854 ἠκρίϐουν,
3116 4783 3198 4836 ὅτι
3229 4783 3391 4847 αὐτός
3436 4787 3551 4837 ἐστι
3596 4786 3842 4856 Χριστὸς

2244 4879 2338 4933 καὶ
2360 4878 2666 4951 προφήτης,
2700 4877 2748 4928 οἱ
2778 4873 3118 4938 διστάζοντες
3163 4877 3292 4946 περὶ
3333 4876 3582 4930 Ἰωάννου
3617 4883 3838 4949 μήποτε

2245 4973 2406 5036 αὐτὸς
2446 4971 2682 5043 Χριστὸς
2722 4964 2820 5040 ἦν·
2857 4968 3150 5022 ἀκόλουθον
3192 4969 3301 5042 γὰρ
3344 4969 3422 5041 τῷ
3469 4973 3596 5041 περὶ
3641 4973 3840 5026 τούτου

2247 5063 2530 5134 δισταγμῷ
2564 5062 2626 5115 τὸ
2673 5062 2890 5129 ἀγνοεῖν
2928 5061 3018 5113 τὸν
3056 5060 3218 5114 αὑτὸν
3263 5056 3403 5115 εἶναι
3458 5062 3696 5133 Χριστὸν
3745 5063 3840 5116 καὶ

2248 5158 2338 5210 τὸν
2384 5156 2691 5228 προφήτην.
2742 5150 2942 5206 Ἔλαθε
2995 5152 3051 5206 δέ
3095 5153 3220 5216 τοὺς
3261 5152 3488 5218 πολλοὺς
3519 5157 3552 5225 ή
3598 5154 3840 5226 διαφορά

2250 5247 2344 5302 τοῦ
2401 5254 2435 5302 ὁ
2472 5251 2779 5319 προφήτης
2825 5245 2919 5298 καὶ⁵
2946 5246 3278 5314 προφήτης,
3309 5245 3386 5309 ὡς
3415 5247 3624 5300 καὶτὸν
3665 5249 3838 5319 'llpa-

2250 5342 2479 5405 κλέωνα,
2507 5341 2656 5403 ὅστις
2683 5341 2874 5404 αὐταῖς
2903 5338 3080 5405 λέξεσι
3119 5354 3304 5409 φησιν·
3337 5357 3356 5390 r
3390 5340 3477 5404 Ὡς
3504 5341 3611 5412 ἄρα
3645 5341 3838 5394 Ἰωάν.

2248 5449 2346 5504 νης
2368 5431 2477 5504 (95)
2512 5429 2829 5502 ὡμολόγησε
2869 5429 2944 5499 μή
2985 5424 3124 5482 εἶναι
3159 5430 3189 5481 6
3234 5427 3490 5500 Χριστὸς,
3524 5427 3658 5482 ἀλλὰ
3702 5429 3837 5499 μηδὲ

635 5545 848 5618 “Joan.
871 5561 912 5611 i,
932 5547 1025 5604 2|.
1100 5545 1292 5604 “Luc.
1315 5565 1428 5616 xvr,
1461 5551 1550 5604 115.
1630 5549 1673 5582 ³³
1693 5547 1826 5606 Luc.
1847 5565 1888 5616 i,
1912 5550 2002 5605 76.
2084 5552 2128 5584 “
2148 5551 2340 5609 Matth.
2359 5569 2436 5618 XI,
2467 5551 2520 5607 9.
2603 5553 2645 5584 "
2666 5549 2824 5607 Joan.
2846 5565 2885 5614 i,
2904 5548 2993 5602 21.
3075 5549 3120 5581 ¹⁶
3143 5547 3299 5604 Deut.
3325 5564 3479 5616 xvm,
3502 5549 3589 5611 15,
3617 5549 3707 5613 18,
3735 5549 3838 5613 19ς

562 5617 688 5674 Act.
723 5634 801 5686 ιιι,
833 5617 924 5684 22,
950 5621 1039 5673 23.

641 5713 755 5784 (92)
787 5713 918 5770 Vide
945 5729 1108 5783 supra
1147 5725 1276 5769 tom.
1311 5732 1368 5780 ll,
1401 5711 1639 5784 num.‘5,
1676 5727 1765 5782 pp.
1794 5710 2023 5784 50,451,
2049 5709 2136 5766 52.

638 5779 751 5853 (95)
791 5785 887 5851 Ὠς
913 5779 1027 5854 ἆρά
1063 5784 1244 5840 Ὶωάνι
1261 5779 1363 5852 ης,
1385 5795 1494 5839 etc.
1552 5782 1629 5837 Ita
1677 5779 1852 5838 codex
1899 5781 2151 5839 Bodleian

2276 5791 2454 5850 recte;
2488 5780 2612 5839 libri
2649 5782 2801 5852 editi,
2841 5781 2929 5847 Ὠς
2955 5780 3040 5855 ἀρ’
3075 5783 3124 5835 εἰ
3167 5779 3443 5853 Ἰωάννης.
