4194 6444
380 331 489 386 229
1480 332 1835 390 COMMENT.
1873 332 1939 388 IN

2072 332 2169 389 \N.
2206 333 2446 391 TOMUS
2482 334 2568 390 Vl.
3545 336 3653 393 270

385 454 692 523 προφήτης.
711 457 843 526 μηδέ
871 457 1073 521 Ἠλίας.
1099 480 1117 511 1
1147 443 1257 510 Καὶ
1300 456 1419 510 δέον
1466 457 1629 509 αὐτὸν
1663 456 1838 520 οὕτως
1881 459 1968 510 ἐκ·

2072 456 2217 530 [cnm
2249 457 2525 529 articulo,]
2562 467 2618 513 et
2669 458 2921 528 propheta
2956 455 3183 530 [absque
3229 456 3501 529 articulo],
3542 460 3622 509 vel

381 541 615 598 λαϐόντα
661 544 912 609 ἐξετάσαι
959 547 1028 600 τὰ
1080 548 1221 601 κατὰ
1274 550 1399 611 τοὺς
1458 549 1679 612 τόπους,
1736 548 1964 618 πότερον

2075 550 2150 602 uti
2195 550 2358 603 etiam
2416 548 2841 612 lleracleonem,
2890 551 2983 619 qui
3012 550 3160 603 hisce
3204 549 3528 604 dictionibus
3573 552 3626 601 in

382 634 639 706 ἀληθεύει
660 638 835 707 λέγων
859 641 968 711 (94)
995 642 1068 711 μὴ
1094 637 1229 694 εἶναι
1256 642 1566 711 προφήτης,
1597 641 1729 711 μηδέ
1768 640 1969 704 Ἠλίας,

2077 642 2237 708 quit:
2278 642 2409 695 «δίο
2433 641 2593 711 igitur
2632 638 2871 695 Joannes
2919 640 3096 696 fassus
3136 651 3221 695 cst
3272 654 3331 695 se
3372 639 3651 694 Christum

382 723 417 798 ἢ
451 726 530 781 οὗ.
579 728 636 782 '0
672 729 730 782 δὲ
766 732 840 802 μὴ
886 733 1187 803 ἐπιστήσας
1214 734 1325 793 τοῖς
1370 733 1578 795 τόποις,
1611 734 1667 784 ἐν
1699 726 1781 793 οἷς
1807 749 1969 785 κατα-

2078 744 2182 784 non
2222 745 2343 783 esse
2367 768 2383 794 ,
2423 744 2601 798 neque
2645 732 2967 800 prephetam
3008 747 3182 801 neque
3213 731 3404 785 Eliam.
3453 751 3472 785 ι
3508 731 3657 802 Opus

383 818 630 874 λέλοιπεν
666 815 1078 893 ὑπομνήμασιν,
1115 823 1484 889 ἀνεξετάστως
1530 821 1869 894 παρελήλυθε
1903 821 1969 874 τὰ

2073 838 2198 877 eum
2235 822 2433 893 alioqui
2477 824 2669 879 fuisset
2713 824 2860 877 hunc
2893 825 3067 879 locum
3097 827 3177 879 sic
3210 825 3653 895 interpretantem

381 913 704 983 τηλικαῦτα,
749 915 954 987 σφόδρα
997 916 1173 985 όλίγα,
1202 917 1296 969 καὶ⁸
1333 915 1406 987 μὴ
1443 915 1884 985 βεϐασανισμένα
1910 915 1968 967 ἐν

2072 913 2427 983 perscrutari,
2462 929 2589 968 vera
2643 928 2813 967 necne
2845 912 3086 970 Joannes
3141 925 3326 969 narret
3373 916 3559 973 dicens
3597 936 3658 973 se

382 1007 493 1064 τοῖς
516 1006 642 1075 ἑξῆς
669 1006 861 1070 εἰπὼν,
890 1007 1017 1078 περὶ
1042 1000 1117 1061 ὧν
1147 1008 1348 1071 εὐθέως
1390 1006 1645 1078 ἐροῦμεν.

2072 1020 2249 1073 neque
2291 1006 2632 1075 propltelatn,
2668 1020 2847 1073 neque
2889 1007 3057 1060 Eliam
3103 1021 3245 1063 esse.
3281 1010 3481 1063 Verum
3532 1026 3654 1064 cum

384 1096 499 1152 loca
532 1098 647 1153 btet:
685 1115 794 1153 non
824 1100 1225 1156 considerasset
1260 1101 1351 1156 ille
1380 1103 1432 1154 in
1466 1101 1871 1155 commentariis
1899 1114 2018 1169 qua}
2050 1098 2282 1167 reliquit,
2326 1099 2451 1151 talia
2481 1099 2600 1152 sine
2630 1097 2734 1152 ulla
2765 1099 3170 1155 examinatione
3203 1101 3482 1168 praeteriit,
3508 1117 3657 1168 qua:-

384 1192 505 1246 dam
539 1195 832 1250 admodum
866 1196 1120 1265 paucula,
1147 1211 1322 1266 eaque
1356 1198 1707 1266 indiligenter
1734 1195 2041 1249 examinata
2070 1194 2122 1246 in
2149 1192 2499 1261 sequentibus
2523 1193 2731 1257 dicens,
2758 1194 2825 1246 de
2850 1195 3045 1262 quibus
3077 1209 3199 1249 niox
3225 1194 3422 1250 dicturi
3446 1212 3655 1250 sumus.

455 1284 506 1339 9.
524 1288 715 1341 Εἶπον
733 1285 1039 1356 οὖν-αὑτῷ·
1063 1292 1159 1358 Τίς
1175 1288 1249 1355 εἷ,
1280 1292 1379 1344 ἵνα
1409 1292 1736 1361 ἀπόκρισιν
1766 1290 1961 1361 δῶμεν

2136 1288 2298 1358 118
2334 1289 2387 1343 9.
2422 1287 2680 1342 Dixerunt
2706 1305 2830 1358 ergo
2853 1291 2900 1342 ei
2921 1309 2939 1345 :
2983 1289 3115 1355 Quis
3148 1308 3224 1354 es,
3248 1302 3304 1345 ut
3351 1308 3650 1362 responsum

380 1379 504 1446 τοῖς
544 1381 861 1452 πέμψασιν
902 1384 1089 1454 ἡμᾶςς
1143 1386 1200 1438 τί
1248 1384 1446 1454 λέγεις
1487 1388 1619 1454 περὶ
1669 1386 1963 1448 σεαυτοῦ;

2072 1383 2242 1436 tentus
2272 1383 2352 1435 Itis
2385 1382 2477 1452 qui
2520 1382 2773 1435 miserunt
2820 1385 2950 1438 nos?
2975 1384 3100 1452 quid
3126 1385 3259 1438 dicis
3282 1385 3345 1439 de
3370 1394 3417 1438 te
3438 1386 3549 1454 ipso
3573 1386 3657 1441 πί

380 1472 618 1542 Δυνάμει
671 1473 831 1528 τοῦτο
881 1476 1130 1545 λέγουσιν
1188 1478 1237 1529 οἱ
1299 1476 1728 1539 ἀποσταλέντες’
1788 1477 1966 1544 Ὅπερ

2072 1474 2196 1528 lllud
2229 1476 2372 1543 quod
2404 1475 2591 1527 dicunt
2625 1474 2677 1526 hi
2720 1474 2811 1542 qui
2863 1477 3011 1530 missi
3048 1479 3298 1543 fuerant,
3330 1480 3434 1532 hoc
3467 1479 3605 1532 valet
3634 1496 3653 1533 :

380 1562 730 1628 ὑπονοοῦντες
757 1563 897 1622 εἶναι
928 1585 987 1620 σε
1019 1568 1357 1640 ἐληλύθαμεν
1385 1568 1776 1640 μαθησόμενοι,
1808 1568 1969 1633 ἐγνω-

2072 1566 2473 1620 Adveneramus
2512 1565 2756 1620 discendi
2783 1566 2956 1634 gratia
2989 1570 3132 1637 quod
3157 1571 3410 1625 rebamur
3437 1580 3488 1625 te
3510 1587 3650 1637 esse,

382 1672 483 1725 μεν
521 1656 621 1710 οὐκ
650 1658 778 1712 ὄντα
799 1677 811 1689 ·
841 1659 1083 1714 λείπεται
1106 1661 1163 1713 δέ
1197 1662 1336 1732 μετὰ
1356 1661 1525 1714 ταῦτα
1552 1662 1660 1714 ἀπὸ
1687 1661 1780 1713 σοῦ
1805 1660 1969 1714 ἀκοῦ-

2072 1668 2116 1711 et
2169 1658 2491 1727 agnovimus
2530 1668 2579 1711 te
2612 1674 2718 1712 non
2761 1675 2885 1715 esse
2934 1661 3135 1724 talem;
3171 1671 3343 1716 restat
3377 1673 3498 1732 post
3544 1667 3658 1720 lucc

378 1763 471 1800 σαι
494 1748 575 1813 τὸ,
607 1751 756 1816 ὅστις
781 1748 852 1813 εἷ,
881 1754 967 1807 ἵνα
997 1757 1110 1818 τοῖς
1145 1754 1396 1826 πέμψασι
1423 1754 1524 1826 τὴν
1554 1754 1651 1826 σὴν
1675 1756 1966 1829 ἀπόκρισιν

2072 1757 2129 1800 ut
2155 1749 2250 1803 abs
2278 1759 2329 1803 te
2360 1749 2649 1803 audiamus
2673 1751 2796 1817 quis
2820 1751 2918 1816 sis,
2953 1762 3011 1805 ut
3042 1754 3418 1810 renuntiemus
3450 1756 3535 1811 bis
3561 1757 3656 1826 qui

378 1841 508 1911 περὶ
536 1841 631 1894 σοῦ
666 1843 1110 1916 άπαγγείλωμεν.

451 1934 538 1988 10.
571 1935 712 2004 Ἐγὼ
732 1937 903 2005 φωνὴ
923 1937 1195 2004 βοῶντος
1219 1939 1291 1992 ἐν
1317 1938 1391 2007 τῇ
1410 1938 1607 2009 ἐρήμῳ
1623 1955 1636 1968 ο
1661 1938 1969 1994 Εὐθύνατε

373 2023 492 2094 τὴν
534 2026 682 2081 ὀδόν
728 2030 971 2098 Κυρίου,
1019 2034 1213 2097 καθὼς
1248 2028 1419 2086 εἶπεν
1457 2032 1708 2097 Ἡσαΐας
1757 2034 1790 2085 ό
1822 2044 1967 2098 προ-

373 2118 588 2187 φήτης.
626 2121 834 2193 Ὥσπερ
864 2124 892 2175 6
930 2123 1137 2192 κυρίως
1173 2123 1298 2187 Υἱὸς
1327 2123 1422 2177 τοῦ
1465 2122 1623 2187 Θεοῦ,
1651 2124 1750 2194 οὐχ
1782 2123 1969 2193 ἐτερος

373 2208 546 2277 Λόγος
563 2208 673 2280 (95)
690 2210 997 2281 τυγχάνων,
1016 2214 1212 2284 χρῆται
1228 2213 1389 2284 λόγῳ·
1408 2214 1568 2278 αὐτὸς
1584 2214 1693 2286 γὰρ
1710 2215 1737 2265 ὁ
1753 2215 1810 2266 ἐν
1826 2214 1966 2284 ἀρχῇ

371 2300 546 2369 Λόγος
568 2297 638 2374 ἦν
671 2305 700 2356 6
729 2305 864 2375 πρὸς
884 2304 977 2358 τὸν
987 2306 1121 2360 Θεὸν
1137 2308 1164 2360 6
1190 2306 1362 2374 Λόγος
1376 2306 1527 2368 Θεός·
1548 2304 1721 2368 οὕτως
1735 2307 1763 2358 6
1789 2305 1970 2358 Ἰωάν-

372 2409 493 2464 γης,
512 2394 540 2445 ὁ
563 2394 844 2466 ὑπηρέτης
866 2397 1077 2450 ἐκείνου
1104 2396 1199 2451 τοῦ
1223 2397 1398 2467 Λόγου
1426 2396 1495 2467 (εί
1523 2396 1725 2465 κυρίως
1745 2396 1967 2449 ἀκούοι-

377 2500 480 2555 μεν
497 2485 599 2555 τῆς
621 2486 886 2559 Γραφῑκ),
916 2490 1015 2559 οὐχ
1038 2489 1223 2560 ⁹ιέτερος
1246 2487 1321 2542 ὣν
1344 2489 1549 2559 φωνῆς,
1580 2489 1780 2561 χρῆται
1814 2492 1964 2561 φωνῇ

372 2575 695 2653 δεικνυούσῃ
710 2580 800 2633 τὸν
815 2582 1004 2650 Λόγον.
1025 2576 1193 2645 Οὗτος
1205 2580 1269 2653 δὴ
1279 2623 1290 2643 ,
1310 2583 1509 2645 συνιεὶς
1522 2581 1621 2651 τὴν
1634 2582 1761 2654 περὶ
1774 2580 1968 2634 ἐαυτοῦ

373 2671 713 2743 προφητείαν
750 2674 903 2745 παρὰ
923 2674 1002 2745 τῷ
1034 2674 1234 2746 Ἡσαΐᾳ
1272 2674 1588 2745 εἰρημένην,
1638 2674 1801 2744 φησὶν
1830 2669 1967 2726 εἶναι

373 2764 548 2834 φωνή,
580 2766 701 2836 οὐχὶ
747 2763 928 2835 βοῶσα
976 2769 1035 2821 ἐν
1066 2770 1132 2838 τῇ
1177 2767 1392 2838 ἐρήμῳ,
1428 2765 1564 2820 ἀλλὰ
1602 2785 1620 2817 ι
1652 2765 1885 2836 βοῶντος
1910 2765 1969 2818 ἐν

370 2858 441 2927 τῇ
488 2858 708 2929 ἐρήμῳ·
745 2859 839 2912 τοῦ
872 2859 1187 2923 ἐνεστῶτος,
1223 2861 1318 2914 καὶ
1353 2860 1686 2935 κεκραγότος
1708 2877 1720 2889 ·
1759 2861 1859 2912 "Av
1886 2877 1969 2923 τις

371 2948 523 3019 διψᾷ,
555 2951 798 3021 ἐρχέσθω
832 2953 968 3023 πρὸς
1006 2953 1095 3023 μέ,
1125 2952 1221 3006 καὶ
1266 2952 1501 3006 πινέτω⁶
1529 2972 1546 3005 ι
1584 2952 1833 3022 λέγοντος
1875 2953 1971 3005 καὶ

2070 1842 2335 1897 miserunt
2361 1857 2458 1897 nos
2492 1857 2813 1911 responsum
2847 1854 2998 1900 tuum
3024 1847 3092 1901 de
3124 1856 3198 1905 te.

2141 1936 2231 1990 10.
2274 1934 2386 2004 Ego
2414 1951 2514 1989 vos:
2553 1937 2834 1991 clamantis
2863 1940 2920 1992 in
2966 1938 3173 1994 deserto
3205 1957 3225 1995 :
3260 1941 3483 2013 Dirigit:
3517 1945 3659 1998 ciam

2072 2026 2307 2091 Domini,
2338 2027 2476 2080 sicut
2528 2027 2665 2081 diait
2695 2028 2872 2084 Isaias
2905 2032 3158 2099 propheta
3199 2033 3264 2085 ¹⁸.
3306 2032 3376 2088 Ut
3431 2035 3519 2089 ille
3565 2037 3658 2104 qui

2069 2121 2292 2189 prOpI-ie
2322 2119 2495 2175 Filius
2531 2130 2616 2176 est
2664 2121 2780 2188 Dei,
2834 2138 2939 2178 non
2977 2126 3119 2179 alius
3146 2140 3176 2178 a
3224 2124 3488 2182 Sermone
3529 2144 3656 2184 cum

2071 2212 2166 2277 sit,
2194 2227 2449 2268 sermone
2473 2214 2680 2279 utitur;
2705 2214 2844 2283 (ipse
2874 2215 3019 2269 enim
3062 2216 3116 2268 in
3150 2217 3420 2284 principio
3462 2219 3637 2273 Sernu

2070 2305 2160 2360 ille
2182 2314 2321 2369 erat,
2351 2314 2404 2360 et
2444 2306 2535 2361 ille
2567 2306 2740 2374 Λόγος
2774 2306 2916 2362 Dens
2961 2307 3099 2377 apud
3137 2307 3306 2362 Deum
3339 2327 3353 2363 :
3381 2311 3463 2364 sic
3490 2309 3657 2365 Joan-

2070 2408 2186 2459 nes,
2220 2394 2474 2449 minister
2523 2396 2670 2450 illius
2700 2395 2987 2451 Sermonis
3039 2397 3107 2464 (si
3145 2399 3365 2467 proprie
3405 2399 3662 2469 Scriptu-

2070 2499 2187 2539 ram
2227 2484 2637 2557 intelligamus),
2679 2500 2785 2540 non
2813 2485 2952 2541 alius
2993 2502 3117 2540 cum
3165 2487 3237 2543 sit
3271 2504 3300 2541 a
3340 2504 3492 2554 voce,
3528 2504 3659 2545 rore

2069 2575 2245 2630 utitur
2267 2578 2591 2631 ostendente
2626 2577 2967 2632 Sermonem.
3003 2577 3105 2644 Qui
3132 2580 3299 2633 etiam
3341 2595 3464 2635 cum
3498 2583 3660 2637 intel-

2069 2667 2294 2723 lexisset
2311 2669 2654 2739 prophetiam
2685 2670 2752 2725 de
2779 2684 2839 2725 se
2858 2669 3000 2740 apud
3032 2669 3224 2725 Isaiam
3249 2673 3448 2727 dictam
3471 2673 3657 2741 fuisse,

2070 2773 2259 2814 vocem
2290 2775 2350 2815 se
2376 2774 2496 2815 esse
2521 2760 2701 2830 inquit
2730 2778 2742 2812 :
2773 2776 2876 2816 nec
2906 2776 3094 2817 vocem
3119 2761 3446 2819 clamantem
3480 2767 3531 2818 in
3566 2768 3659 2821 de-

2071 2863 2243 2920 serto,
2275 2854 2369 2909 sed
2399 2868 2589 2909 vocem
2625 2871 2645 2904 ι
2689 2852 2979 2909 clamantis
3021 2855 3074 2910 in
3121 2856 3372 2924 deserto;
3417 2877 3435 2909 ι
3466 2874 3661 2929 nempe

2070 2941 2217 2998 illius
2272 2945 2363 3014 qui
2403 2961 2423 2995 ι
2459 2944 2659 3011 stabat,
2692 2955 2746 2998 et
2789 2944 3059 3001 clamabat
3091 2962 3104 2999 :
3148 2947 3204 3001 Si
3240 2950 3361 3017 quis
3408 2950 3542 3012 sitit,
3571 2968 3664 3006 re-

370 3034 467 3086 τό·
501 3054 519 3086 ι
546 3036 821 3091 Εὐθύνατε
849 3042 949 3110 τὴν
981 3040 1097 3093 ὁδὸν
1135 3040 1362 3112 Κυρίου,
1387 3040 1599 3104 εὐθείας
1636 3044 1839 3095 ποιεῖτε
1871 3040 1968 3106 τὰς

2074 3037 2192 3090 niat
2215 3036 2282 3091 ad
2306 3051 2415 3103 me,
2442 3046 2496 3090 et
2519 3036 2672 3091 bibat
2700 3037 2779 3100 ¹⁹;
2819 3056 2838 3090 ›
2884 3039 3110 3093 dicendo
3150 3049 3203 3094 et
3249 3042 3422 3095 illud:
3460 3062 3478 3093 ‹
3520 3042 3665 3097 Diri-

370 3128 593 3199 τρίϐους
639 3132 1039 3187 αὑτοῦ.»11άσα
1098 3133 1314 3204 φάραγξ
1363 3133 1817 3206 πληρωθήσεται,
1872 3134 1968 3189 καὶ

373 3224 486 3274 πᾶν
534 3222 659 3295 ὄρος
717 3227 810 3280 καὶ
863 3226 1052 3296 βουνὸς
1110 3225 1610 3298 ταπεινωθήσεται,
1666 3228 1761 3280 καὶ
1812 3227 1966 3281 ἔσται

375 3313 555 3367 πάντα
598 3317 667 3370 τὰ
716 3317 904 3370 σκολιὰ
941 3337 959 3365 ‹
1016 3321 1095 3381 είς
1135 3317 1369 3372 εὐθεῖαν.
1428 3338 1445 3369 ι
1487 3320 1698 3390 ’Ὠσπερ
1753 3319 1862 3388 γὰρ
1907 3321 1967 3372 ἐν

373 3409 444 3478 τῇ
489 3406 685 3479 Ἑξόδῳ
736 3410 1048 3481 γέγραπται
1111 3411 1248 3482 πρὸς
1302 3411 1505 3464 Μωσὲα
1558 3410 1812 3480 λέγεσθαι
1863 3412 1968 3465 ὑπὸ

372 3497 534 3562 Θεοῦ,
584 3520 602 3551 ‹
644 3501 775 3554 Ἰδοὺ
809 3502 1018 3556 δέδωκά
1057 3519 1115 3556 σε
1146 3502 1278 3555 θεὸν
1308 3501 1526 3572 Φαραὼ,
1562 3505 1657 3555 καὶ
1696 3501 1906 3574 Ἀαρὼν
1938 3503 1967 3554 ὁ

372 3589 605 3671 ἀδελφός
644 3610 737 3646 σου
786 3594 938 3647 ἔσται
990 3612 1084 3647 σου
1137 3596 1444 3667 προφήτης,
1495 3614 1514 3647 ι
1563 3594 1706 3649 οὕτω
1747 3596 1967 3666 νοητέον

372 3683 638 3753 ἀνάλογόν
696 3703 749 3739 τι
784 3687 1016 3751 τούτοις,
1051 3689 1099 3740 εἰ
1133 3689 1226 3740 καὶ
1255 3689 1328 3759 μὴ
1364 3687 1540 3757 πάντη
1570 3689 1780 3758 ὅμοιον,
1828 3685 1967 3742 εἷναι

369 3777 466 3830 τὸν
508 3779 567 3830 ἐν
612 3780 757 3850 ἀρχῇ
789 3779 962 3849 Λόγον
1003 3778 1136 3832 Θεὸν
1178 3780 1274 3832 καὶ
1321 3780 1605 3851 Ἰωάννην·
1660 3781 1812 3851 φωνὴ
1858 3780 1967 3848 γὰρ

370 3870 621 3944 δεικτικὴ
654 3870 764 3941 (96)
812 3871 908 3925 καὶ
954 3871 1336 3943 παραστατικὴ
1380 3873 1586 3926 ἐκείνου
1627 3869 1723 3923 τοῦ
1755 3869 1913 3938 λόγου
1939 3872 1969 3923 6

383 3962 641 4034 Ἰωάννης
688 3958 775 4033 ἦν.
827 3963 1028 4035 Διόπερ
1079 3964 1220 4019 πάνυ
1274 3963 1625 4035 ἁρμοζόντως
1681 3963 1780 4015 οὐκ
1831 3961 1968 4035 ἄλλῃ

373 4055 593 4109 κολάσει
644 4056 1026 4128 περιϐάλλεται
1091 4057 1370 4128 Ζαχαρίας
1430 4054 1621 4128 (εἰπὼν
1681 4054 1818 4126 πρὸς
1876 4054 1967 4108 τὸν

374 4146 607 4215 ἄγγελον
627 4168 639 4177 ·
689 4169 706 4199 ι
732 4148 887 4202 Κατὰ
925 4149 978 4203 τί
1025 4147 1306 4220 γνώσομαι
1338 4147 1530 4213 τοῦτος
1577 4145 1688 4215 ἐγὼ
1717 4147 1826 4225 γάρ
1852 4148 1966 4215 εἰμι

380 4238 711 4311 πρεσϐύτης,
759 4241 854 4294 καὶ
900 4242 934 4312 ἠ
980 4242 1118 4312 γυνή
1168 4258 1269 4311 μου
1325 4239 1700 4310 προϐεϐηκυῖα
1752 4239 1810 4290 ἐν
1848 4240 1970 4300 ταῖς

374 4327 614 4398 ἡμέραις
636 4333 836 4403 αὐτῆς·
867 4331 912 4405 ι)
948 4334 980 4404 ἢ
1023 4336 1088 4405 τῇ
1122 4334 1375 4404 στερήσει
1405 4332 1502 4403 τῆς
1534 4330 1718 4401 φωνῆς
1745 4329 1834 4382 διὰ
1870 4329 1968 4401 τὴν

375 4415 637 4470 ἀπιστίαν
675 4420 775 4489 τῆς
821 4422 1090 4490 γενέσεως
1138 4423 1238 4492 τῆς
1288 4421 1493 4491 φωνῆς,
1543 4418 1688 4473 κατὰ
1725 4419 1786 4471 τὸ
1815 4420 1967 4490 εἰρη-

378 4508 544 4579 μένον
569 4509 675 4562 ὑπὸ
710 4510 802 4564 τοῦ
845 4514 883 4565 Γ
886 4513 1083 4585 αϐριὴλ
1106 4513 1242 4585 πρὸς
1268 4512 1428 4565 αὐτόν
1446 4529 1459 4542 ·
1504 4531 1523 4564 ι
1547 4512 1677 4566 Ἰδοὺ
1712 4510 1808 4583 ἔσῃ
1842 4529 1969 4565 σιω-

382 4598 526 4665 πῶν,
569 4603 663 4655 καὶ
708 4602 783 4673 μὴ
827 4605 1125 4676 δυνάμενος
1168 4604 1417 4674 λαλῆσαι,
1461 4604 1589 4676 ἄχρι
1637 4600 1706 4677 ἦς
1754 4605 1967 4678 ἡμέρας

375 4691 607 4763 γένηται
641 4694 834 4757 ταῦτα,
884 4696 998 4749 ἀνθ’
1042 4690 1116 4750 ὧν
1147 4696 1248 4750 οὐκ
1271 4696 1597 4761 ἐπίστευσας
1643 4700 1754 4761 τοῖς
1787 4697 1967 4766 λόγοις

382 4800 510 4854 μου,
552 4784 748 4849 οἵτινες
781 4786 1187 4859 πλησθήσονται
1215 4790 1296 4852 εἰς
1333 4790 1424 4843 τὸν
1465 4789 1654 4861 καιρὸν
1697 4790 1897 4845 αὐτῶν.
1942 4810 1960 4843 ι

380 4867 555 4938 Οὗτος
575 4874 640 4946 δή
666 4876 694 4927 6
722 4877 1018 4946 Ζαχαρίας,
1048 4878 1136 4931 ὅτε
1168 4880 1399 4951 αίτήσας
1431 4881 1732 4935 πινακίδιον
1759 4880 1967 4953 ἔγραψε

378 4965 578 5034 λέγων,
621 4985 639 5018 ι
683 4967 936 5040 Ἰωάννης
973 4970 1119 5024 ἐστὶν
1153 4969 1324 5043 ὄνομα
1364 4971 1553 5037 αὑτοῦ,
1600 4973 1696 5025 καὶ
1727 4972 1970 5044 ἐθαύμα-

383 5074 488 5112 σαν
534 5060 751 5125 πάντες,
776 5079 795 5111 ι
848 5061 1119 5133 ἀπείληφε
1173 5062 1272 5134 τὴν
1328 5065 1538 5136 φωνήν·
1598 5084 1616 5114 t
1650 5063 1913 5137 Ἀνεῴχθη
1945 5084 1965 5118 ›

380 5150 495 5222 γὰρ
539 5169 558 5203 ι
584 5150 646 5204 τὸ
694 5152 868 5222 στόμα
914 5153 1080 5207 αὐτοῦ
1128 5156 1504 5227 παραχρῆμα,
1552 5155 1703 5228 καὶὴ
1748 5156 1970 5225 γλῶσσα

383 5243 574 5308 αὐτοῦ,
607 5244 702 5297 καὶ
728 5243 909 5298 ἐλάλει
931 5245 1170 5315 εὐλογῶν
1195 5247 1287 5302 τὸν
1314 5248 1467 5301 Θεόν.
1497 5265 1515 5299 ›
1536 5247 1749 5319 Ὥσπερ
1783 5246 1840 5298 δὲ
1877 5246 1972 5299 καὶ

466 5391 505 5423 ⁸⁷
536 5390 696 5445 Joan.
727 5407 768 5458 ι,
796 5390 888 5445 22.
997 5390 1040 5422 ¹⁸
1065 5390 1195 5447 ibid.
1225 5391 1319 5445 23.

385 5458 438 5491 ³³
465 5463 594 5517 ibid.
619 5461 711 5515 20.
805 5462 854 5494 ³⁸
888 5461 1019 5518 ibid.
1064 5460 1154 5515 65.

460 5602 571 5674 (94)
610 5603 906 5669 uanam;
937 5602 1153 5674 λέγων

1418 5391 1461 5424 ¹⁹
1493 5389 1650 5446 Joan.
1676 5406 1774 5456 vn,
1817 5389 1910 5446 55.

1250 5460 1431 5517 "ibid.
1461 5460 1550 5515 64.

388 5746 553 5796 etiam
577 5744 745 5796 codex
782 5740 1105 5812 Bodleiaﬁnus
1144 5740 1305 5796 habet
1332 5742 1382 5812 fil
1422 5740 1504 5793 οὗ.
1548 5742 1607 5795 '0
1637 5741 1693 5812 δὲ
1741 5740 1966 5810 ἐπιστή-

391 5830 513 5880 σας,
550 5814 640 5870 ubi
678 5813 800 5868 libri
830 5813 956 5868 editi
986 5811 1163 5869 ferunt
1188 5813 1224 5879 ἢ
1261 5811 1400 5867 οὐδέ.
1455 5811 1806 5883 Ἐπιστήσας.

2016 5388 2062 5420 ὀ
2096 5387 2230 5443 Luc.
2272 5399 2355 5450 ni,
2393 5383 2462 5451 4,‘
2486 5382 2542 5438 5.

1157 5643 1170 5657 .
1232 5601 1323 5656 Sic
1373 5603 1545 5656 codex
1598 5598 1965 5665 Bodleianus;
2016 5582 2023 5588 ’

387 5676 530 5729 male
554 5671 684 5745 'lihri
719 5674 869 5745 editi,
898 5672 1211 5745 άληθεύειῆ
1246 5671 1788 5745 λέγων.μΡειιιιο-ροει
1821 5681 1967 5745 recte
2017 5720 2023 5728 .

2070 3129 2183 3197 gite
2214 3128 2360 3183 viam
2388 3128 2623 3194 Domini,
2650 3139 2829 3184 rectas
2861 3129 3022 3185 facite
3044 3135 3268 3188 semitas
3303 3135 3437 3201 ejus.
3471 3134 3660 3193 Onmis

2069 3219 2224 3274 vallis
2276 3220 2605 3289 itnplebitur,
2631 3229 2685 3274 et
2727 3220 2907 3275 omnis
2944 3236 3099 3277 trans
3142 3234 3195 3278 et
3222 3226 3374 3280 collis
3400 3228 3661 3284 reddetur

2070 3312 2314 3378 humilis,
2342 3323 2392 3365 et
2421 3321 2582 3366 erunt
2612 3311 2795 3366 omnia
2819 3314 3040 3382 obliqua
3076 3315 3127 3368 in
3156 3316 3298 3369 riam
3333 3319 3653 3372 rettatn".i

2073 3404 2143 3459 Ut
2165 3405 2310 3459 enim
2345 3405 2605 3472 scriptum
2636 3412 2720 3459 est
2760 3405 2812 3459 in
2853 3404 3041 3459 Exodo
3074 3405 3207 3461 Mosi
3237 3423 3263 3460 a
3305 3406 3411 3460 Deo
3436 3408 3538 3463 diei
3586 3411 3659 3475 ³³,

2077 3514 2095 3547 ι
2129 3495 2267 3550 Ecce
2310 3495 2433 3550 dedi
2492 3504 2545 3549 te
2594 3494 2762 3547 Demn
2820 3492 3090 3548 Pharaoni
3120 3535 3133 3557 ,
3167 3504 3222 3549 et
3254 3498 3438 3550 Aaron
3488 3498 3661 3552 frater

2074 3596 2197 3643 tuus
2228 3589 2334 3642 erit
2379 3600 2501 3642 tuus
2531 3587 2822 3656 prOpheta,
2856 3606 2876 3639 ι
2923 3586 3002 3641 sic
3046 3587 3457 3656 intelligendum
3495 3601 3578 3643 est
3603 3591 3659 3644 in

2071 3681 2159 3736 his
2188 3682 2453 3736 rationem
2496 3680 2785 3751 quamdam
2832 3688 2887 3734 et
2932 3682 3235 3752 analogiam
3273 3698 3392 3737 esse
3433 3681 3659 3739 Joannis

2071 3774 2138 3828 ad
2176 3772 2496 3828 Sermonem
2540 3773 2730 3836 Deum,
2776 3773 2869 3842 qui
2904 3782 2988 3827 est
3022 3774 3074 3828 in
3121 3774 3409 3843 principio,
3444 3758 3657 3839 etiamsi

2070 3866 2428 3935 undequaqne
2467 3866 2767 3921 similitudo
2809 3881 2914 3920 non
2950 3868 3200 3937 quadret.
3238 3866 3528 3923 Vox'eniin
3561 3871 3660 3924 de-

2072 3969 2384 4013 monstrans
2432 3968 2487 4012 et
2521 3959 2591 4013 ob
2631 3959 2820 4015 oculos
2861 3974 3076 4028 ponens
3116 3960 3438 4015 Sermonem
3482 3961 3655 4029 illum,

2070 4047 2313 4104 Joannes
2362 4060 2502 4104 erat.
2547 4049 2912 4117 Quamobrem
2946 4052 3100 4106 valde
3123 4062 3244 4121 apte
3278 4070 3383 4108 non
3414 4055 3516 4109 alia
3556 4071 3660 4124 pn-

2073 4142 2280 4196 nitione
2303 4142 2562 4212 plcetitur
2591 4141 2888 4199 Zacharias
2922 4146 3069 4214 (cum
3095 4146 3321 4201 dixisset
3352 4148 3546 4216 angelo
3570 4151 3616 4182 “
3640 4167 3658 4206 :

2077 4253 2095 4286 ‹
2143 4234 2244 4302 Qui
2278 4251 2603 4306 cognoscam
2644 4237 2879 4293 istlmc?
2915 4253 3016 4309 ego
3064 4241 3209 4294 enim
3237 4255 3357 4295 sum
3384 4256 3572 4302 senex.
3600 4251 3657 4297 ct

2072 4341 2212 4380 uxor
2243 4342 2358 4381 mea
2393 4338 2665 4396 provectae
2690 4329 2803 4400 jam
2837 4331 3012 4385 artatis
3048 4334 3115 4399 ›),
3154 4347 3316 4401 qitam
3350 4332 3657 4400 privatione

2073 4421 2259 4487 vocis,
2295 4435 2362 4475 eo
2389 4423 2532 4491 quod
2566 4438 2671 4476 non
2705 4422 3029 4477 credidisset
3058 4424 3199 4477 ortni
3229 4425 3374 4479 vocis
3396 4426 3550 4495 juxta
3576 4426 3657 4478 di-

2075 4518 2219 4563 ctum
2243 4507 2511 4565 Gabrielis
2545 4512 2610 4565 ad
2642 4511 2818 4580 ipsum
2839 4509 2915 4564 ’3:
2945 4528 2964 4562 ι
3008 4510 3145 4565 Ecce
3177 4512 3291 4566 cris
3323 4512 3538 4576 tacitus,
3558 4525 3659 4566 nrc

2075 4601 2283 4673 poteris
2314 4601 2461 4670 loqui
2494 4602 2560 4655 ad
2596 4618 2721 4656 eum
2762 4618 2935 4670 usque
2965 4603 3108 4658 diem
3138 4619 3242 4672 qua
3269 4603 3384 4658 hazc
3420 4604 3658 4668 [immeo

2076 4695 2220 4765 quod
2256 4709 2363 4749 non
2399 4695 2683 4750 credidisti
2725 4696 2909 4750 verbis
2946 4696 3106 4761 meis,
3135 4711 3255 4763 quae
3296 4696 3661 4765 implebantur

2078 4797 2319 4856 tempore
2353 4803 2472 4843 suo.
2512 4807 2531 4841 ι
2562 4787 2663 4843 llic
2696 4788 2882 4857 itaque
2908 4786 3203 4843 Zacharias
3237 4803 3361 4842 cum
3390 4788 3659 4857 postula'a
3708 4860 3713 4864 ι

2077 4877 2334 4933 tabellula
2374 4877 2683 4947 scripsisset
2721 4877 2931 4942 dicens,
2993 4891 3013 4925 ι
3059 4873 3299 4930 Joannes
3344 4883 3429 4929 est
3459 4890 3657 4930 nomen

2078 4969 2217 5038 ejus,
2248 4978 2303 5024 et
2350 4968 2528 5023 mirati
2564 4967 2796 5023 fuissent
2832 4981 3025 5022 omnes
3046 4967 3113 5033 ”,
3151 4986 3170 5019 ι
3201 4968 3405 5035 recepit
3426 4982 3610 5022 vocem
3639 4982 3655 5021 :

2085 5081 2105 5114 ι
2135 5063 2406 5132 Apertum
2439 5069 2523 5115 est
2557 5061 2701 5115 enim
2735 5059 2881 5114 illico
2905 5075 2969 5115 os
2993 5060 3130 5129 ejus,
3156 5060 3409 5131 etlingua
3438 5061 3572 5129 ejus,
3605 5070 3659 5114 et

2075 5153 2399 5223 loquebatur
2427 5151 2756 5207 benedicens
2782 5152 2948 5207 Deum
2982 5153 3050 5205 ’⁸.
3095 5171 3114 5204 ι
3160 5151 3226 5208 Ut
3259 5163 3439 5207 autem
3475 5155 3659 5222 dispu-

2079 5256 2262 5302 tantes
2304 5258 2540 5315 quonam
2575 5252 2735 5314 pacto
2780 5243 3191 5314 intelligendum
3238 5252 3400 5307 esset,
3432 5244 3655 5299 Sermo—

2646 5383 2690 5414 "
2719 5381 2888 5437 Exod.
2920 5397 3016 5447 vn,
3046 5382 3097 5436 l.
3208 5381 3251 5412 ²²
3295 5380 3427 5434 Luc.
3482 5394 3520 5443 ι,
3566 5378 3654 5433 18.

2151 5594 2264 5667 (95)
2290 5596 2517 5667 Λόγος.
2536 5592 2821 5667 Ferrarius
2853 5590 3063 5667 legebat
3088 5590 3282 5667 Λόγοιίζ
3301 5586 3656 5667 quemadmo-

2074 5655 2204 5724 dnin
2240 5655 2396 5719 recte
2417 5655 2614 5738 legitur
2632 5665 2699 5738 _in
2737 5655 3206 5738 marginecodieis
3242 5655 3544 5738 Bodle'iani.
3610 5726 3622 5738 ι

2146 5725 2574 5803 (96)Δεικτι’κή.
2628 5733 2719 5790 Sic
2772 5725 2936 5787 codex
2991 5730 3351 5794 Bodleianus;
3402 5725 3657 5782 Barberi—

2072 5824 2177 5864 nus
2198 5806 2499 5873 διδακτική.
