4194 6410
542 321 641 375 251

2015 318 2338 376 ORIGENIS

3692 324 3795 380 23?.

531 449 654 488 ncm
692 446 816 488 esse
849 431 946 488 Dei
992 432 1214 496 Filium,
1245 430 1648 489 declaravimus
1695 447 1819 504 quae
1870 429 1924 490 in
1970 451 2093 490 men

2222 435 2684 507 διαλαμϐάνοντες
2719 436 2850 507 περὶ
2888 432 2985 488 τοῦ
3014 434 3134 488 τίνα
3161 435 3362 508 τρόπον
3388 435 3607 505 νοητέον
3634 435 3799 502 Λόγον

532 532 642 577 tem
721 537 1033 592 venerunt,
1085 530 1166 582 sic
1224 527 1383 596 juxta
1444 528 1863 582 convenientem
1933 543 2117 583 conse-

531 628 815 687 quentiam
849 620 1107 689 quoniam
1143 637 1165 671 ι
1215 618 1455 675 Joannes
1506 620 1657 674 venit
1701 619 1769 674 ad
1825 622 2118 675 testifican-

529 712 657 764 dum
718 711 883 766 homo
933 714 1134 767 missus
1185 727 1216 765 a
1270 714 1417 779 Deo,
1481 723 1543 766 ut
1605 712 1990 768 testiﬁcaretur
2047 714 2116 768 de

525 802 834 876 lucc119,
868 816 925 858 ut
953 821 1143 861 omnes
1170 807 1457 861 crederent
1479 821 1574 875 per
1600 806 1776 876 ipsum
1792 807 1861 872 “,
1895 826 1916 860 ι
1944 806 2109 862 intel-

528 896 698 966 ligere
741 898 1000 951 debemus
1038 896 1303 953 Joannem
1365 914 1551 955 Vocem
1604 916 1762 965 esse,
1824 915 1948 969 qua:
1997 902 2111 956 sola

526 1003 721 1057 capere
752 989 929 1043 valeat
957 990 1276 1046 Sermmiem
1300 993 1679 1047 annuntiatum
1707 993 2113 1064 :potissimum-

523 1096 631 1152 que
663 1083 765 1137 hoc
795 1081 1179 1155 intelligemus,
1239 1086 1286 1139 si
1329 1088 1592 1140 memoria
1634 1096 1944 1156 repetemus
1989 1103 2111 1157 qua!

522 1180 652 1227 ante
693 1175 1079 1244 pr0posnimns
1118 1188 1443 1231 euarrantes
1475 1193 1538 1231 ea
1569 1180 1757 1241 verba,
1812 1197 1832 1223 σ
1891 1177 1961 1233 Ut
1994 1197 2113 1231 nni-

523 1280 624 1320 nes
652 1267 941 1322 crederent
978 1285 1075 1337 per
1106 1269 1284 1339 ipsmn
1314 1271 1385 1329 '7.
1419 1289 1437 1322 ι
1467 1270 1521 1324 in
1548 1286 1614 1327 eo
1646 1272 1766 1325 loco
1799 1289 1813 1323 :
1844 1290 1862 1323 ι
1896 1271 1996 1326 Hic
2027 1281 2111 1327 est

522 1359 590 1413 de
639 1372 749 1430 quo
807 1360 1074 1430 scriptum
1128 1370 1215 1416 est
1247 1378 1260 1416 :
1292 1361 1434 1417 Ecce
1484 1376 1585 1433 ego
1636 1365 1794 1418 mitto
1852 1364 2106 1435 angelum

520 1465 700 1505 meum
735 1462 863 1507 ante
885 1453 1083 1507 facient
1122 1465 1293 1518 tuam,
1320 1454 1412 1520 qui
1442 1456 1767 1524 praeparabit
1792 1455 1932 1509 viam
1959 1466 2107 1510 tuam

520 1553 648 1598 ante
670 1554 723 1598 te
749 1545 817 1600 “.
848 1565 867 1598 ι
903 1545 1037 1599 Illud
1069 1546 1235 1600 etiam
1267 1548 1525 1616 egregie,
1570 1551 1715 1616 quod
1753 1564 1859 1602 non
1910 1552 2012 1613 ait,
2047 1563 2108 1603 se

519 1650 702 1690 vocem
738 1636 970 1692 dicentis
1002 1639 1053 1691 in
1090 1639 1310 1694 deserto
1333 1678 1349 1701 .
1396 1640 1490 1691 sed
1531 1656 1549 1688 ι
1579 1640 1871 1695 clamantis
1914 1642 1966 1696 iu
2011 1643 2108 1698 de-

517 1740 736 1794 serto;i
769 1729 972 1784 etenim
1024 1730 1116 1797 qui
1169 1729 1401 1796 clamat,
1444 1750 1464 1783 ι
1510 1734 1736 1803 Dirigite
1790 1732 1934 1786 viam
1988 1733 2099 1787 Do-

516 1820 669 1883 mini,
699 1838 718 1871 i
765 1822 932 1876 etiam
961 1821 1092 1875 dicit
1119 1839 1134 1888 ;
1169 1821 1265 1877 sed
1294 1826 1563 1891 contingit
1609 1833 1669 1877 ut
1698 1824 1969 1893 quispiam
1995 1840 2100 1877 non

514 1911 782 1979 clamans,
832 1914 937 1967 hoc
990 1914 1168 1984 ipsum
1216 1914 1382 1969 etiam
1430 1918 1599 1971 dicat.
1639 1916 1850 1972 Clamat
1885 1928 2017 1970 vero
2048 1927 2105 1970 et

515 2003 870 2070 vociferatur,
903 2015 961 2059 ut
995 2017 1049 2060 et
1076 2007 1168 2076 qui
1208 2007 1546 2077 suntprocul
1567 2023 1596 2062 a
1619 2009 1835 2063 dicente
1856 2008 2098 2076 audiant,

512 2103 569 2150 et
599 2096 690 2165 qui
726 2097 795 2151 ad
822 2096 1154 2152 audiendum
1185 2108 1314 2153 sunt
1349 2100 1513 2165 lardi,
1546 2115 1730 2153 rerum
1761 2115 1883 2169 qua:
1912 2099 2104 2154 dicun-

513 2196 602 2241 tur
662 2190 1094 2258 magnitudinem
1158 2189 1465 2258 intelligant
1501 2210 1515 2246 ι
1550 2204 1684 2245 voce
1753 2191 2100 2261 pronuntiata

511 2297 634 2336 cum
674 2282 1047 2348 magnitudine
1081 2295 1240 2350 opem
1291 2281 1475 2336 ferens
1534 2292 1646 2336 tttnt
1679 2283 1766 2336 bis
1792 2284 1885 2351 qni
1914 2296 1945 2335 a
1991 2282 2102 2338 Deo

512 2374 869 2437 recesserint,
909 2383 1023 2428 tum
1060 2373 1149 2429 his
1183 2374 1277 2444 qui
1327 2375 1549 2428 auditus
1583 2375 1881 2430 acuitatem
1921 2376 2103 2445 perdi-

509 2466 713 2521 derint.
765 2464 920 2521 Hanc
980 2468 1053 2522 ob
1108 2481 1330 2521 causam
1377 2468 1522 2521 enim
1587 2467 1864 2522 istabati
1933 2468 2100 2521 etiam

514 2580 534 2613 ε
563 2558 743 2625 Jesus,
791 2569 846 2614 et
886 2559 1162 2614 clamabat
1192 2559 1381 2615 dicens
1412 2577 1426 2613 :
1457 2560 1514 2616 Si
1545 2561 1671 2631 quis
1725 2562 1862 2625 sitit,
1914 2562 2102 2615 veniat

510 2654 579 2708 ad
613 2667 719 2713 me.
757 2661 817 2708 et
852 2653 1006 2708 bibat
1042 2654 1110 2706 ”.
1136 2671 1157 2705 ι
1190 2651 1341 2708 Hanc
1364 2654 1437 2709 ob
1463 2667 1689 2709 causam
1742 2671 1765 2707 ι
1793 2653 2038 2711 Joannes
2072 2673 2093 2708 ι

508 2744 676 2802 etiam
737 2760 758 2798 ι
791 2744 1122 2801 testificatur
1168 2747 1235 2800 de
1266 2761 1354 2811 eo,
1400 2753 1457 2802 et
1510 2746 1712 2801 clamat
1749 2747 1940 2804 dicens
1968 2744 2038 2801 ⁸⁵.
2071 2764 2093 2799 ι

509 2837 662 2893 Hanc
696 2838 769 2894 ob
800 2853 1022 2893 causam
1043 2837 1199 2905 jubet
1228 2837 1421 2893 Isaiam
1451 2839 1592 2894 Deus
1615 2838 1857 2894 clamare
1884 2840 1938 2895 in
1967 2855 2100 2895 voce

512 2947 531 2981 ι
555 2929 788 2983 dicentis
817 2947 832 2983 :
858 2928 1082 2994 Clama;
1119 2946 1139 2981 ι
1192 2929 1278 2983 cui
1338 2930 1633 2999 respondet
1667 2928 1873 2984 Isaias:
1907 2946 1928 2983 ι
1958 2930 2098 2997 Quid

507 3020 760 3076 clamabo
787 3019 872 3073 "‘1
899 3039 920 3071 ρ
956 3020 1027 3074 At
1067 3036 1165 3075 vox
1195 3022 1577 3092 precantium,
1618 3036 1741 3091 quae
1785 3023 2098 3095 inteliigen-

2219 524 2360 583 εἶναι
2392 530 2483 582 τὸν
2521 529 2649 582 Υἰὸν
2677 527 2770 581 τοῦ
2816 527 2974 594 Θεοῦ,
2998 527 3069 581 τά
3105 526 3488 598 παριστάμενα
3533 525 3794 598 ἐδηλώσα-

2221 639 2343 693 μεν,
2377 621 2551 686 οὕτως
2588 621 2730 676 κατὰ
2774 620 2874 692 τὴν
2913 619 3258 691 ἁρμόζουσαν
3299 618 3640 683 ἀκολουθίαν,
3684 619 3803 672 ἐπεὶ

2223 733 2243 766 r
2279 716 2310 767 6
2360 716 2611 785 Ἰωάννης
2658 710 2822 785 ἦλθεν
2870 715 2951 777 είς
3009 713 3315 783 μαρτυρίαν
3367 710 3654 783 ἄνθρωπος
3703 711 3806 763 ἀτνρ

2215 808 2547 879 εσταλμένος
2598 807 2749 879 παρὰ
2795 807 2930 860 Θεοῦ
2995 807 3082 860 ἵνα
3144 807 3468 877 μαρτυρήσῃ
3525 803 3656 874 περῖ⁵
3711 802 3804 857 τοῦ

2216 902 2414 971 φωτὸς,
2449 901 2537 954 ἴνα
2572 901 2773 963 πάντες
2816 897 3148 952 πιστεύσωσι
3180 898 3246 951 δι’
3277 895 3467 960 αὑτοῦ,
3510 916 3528 949 i
3583 896 3801 967 νοητῶν

2216 991 2400 1063 φωνὴν
2447 988 2587 1045 εἶναι
2636 990 2807 1062 μόνην
2843 991 3091 1062 χωῄσαι
3125 991 3243 1043 κατ’
3281 989 3440 1054 ἀξίαν
3485 987 3578 1042 τὸν
3624 990 3804 1058 ἀπαγ-

2213 1085 2538 1155 γελλόμενον
2567 1083 2739 1152 Λόγον
2767 1084 3075 1154 δυναμένην
3103 1083 3195 1136 τὸν
3243 1083 3533 1153 Ἰωάννηνο
3573 1082 3671 1135 καὶ
3702 1082 3805 1153 μά-

2212 1178 2370 1232 λιστα
2401 1178 2560 1231 τοῦτο
2588 1179 2916 1248 συνήσομεν,
2958 1177 3053 1230 έάν
3083 1176 3524 1247 ὑπομνησθῶμεν
3558 1170 3637 1230 ὧν
3668 1191 3807 1247 προσ

2214 1272 2588 1345 παρεθέμεθα,
2624 1268 2971 1343 διηγούμενοι
2995 1271 3077 1333 τὸ,
3135 1288 3154 1321 ι
3192 1270 3311 1324 Ἷνα
3347 1271 3550 1334 πάντες
3580 1269 3807 1323 πιστεύ-

2213 1380 2350 1418 σωσι
2389 1364 2455 1417 δι’
2493 1364 2684 1429 αὑτοῦ,
2738 1382 2757 1415 i
2803 1363 2934 1434 περὶ
2967 1361 3083 1415 τοῦ·
3139 1379 3158 1413 ‹
3209 1354 3380 1424 Οὗτός
3418 1363 3534 1414 ἔστι
3584 1361 3717 1433 περὶ
3747 1356 3810 1414 οῦ

2210 1458 2553 1529 γέγραπται·
2615 1455 2748 1510 Ἰδοὺ
2782 1454 2893 1523 ἐγὼ
2937 1454 3255 1508 ἀποστέλλω
3291 1453 3383 1507 τὸν
3422 1453 3658 1522 ἄγγελόν
3707 1471 3809 1524 μου

2210 1552 2318 1623 πρὸ
2362 1551 2657 1623 προσώπου
2707 1566 2824 1615 σου,
2857 1549 2916 1612 ὃς
2949 1548 3356 1603 κατασκευάσει
3397 1548 3494 1607 τὴν
3541 1547 3664 1600 ὀδόν
3714 1563 3808 1599 σου

2209 1639 2518 1712 ἔμπροσθέν
2546 1656 2660 1693 σου.
2694 1658 2714 1691 ι
2752 1639 2947 1703 Καλῶς
2981 1639 3093 1710 (97)
3124 1640 3181 1692 δὲ
3214 1639 3308 1692 καὶ
3339 1638 3399 1692 τδ
3437 1640 3511 1710 μὴ
3542 1636 3684 1691 εἶναι
3715 1639 3811 1692 αύ-

2208 1733 2300 1786 τὸν
2333 1733 2433 1803 τὴν
2462 1730 2644 1803 φωνὴν
2672 1726 2927 1801 λέγοντος
2955 1734 3014 1787 ὲν
3043 1735 3108 1803 τῇ
3137 1733 3352 1804 ἐρήμῳ,
3392 1732 3530 1785 ἀλλὰ
3581 1751 3599 1782 ι
3643 1731 3810 1802 βοῶν-

2135 1788 2179 1848 B
2206 1842 2297 1889 τος
2326 1788 2486 1896 ένιτῇ
2512 1788 2705 1897 έρτέμῳ
2724 1788 2758 1855 ο.
2783 1845 2801 1877 i
2835 1828 2863 1879 6
2896 1788 2994 1896 μὲν
3335 1788 3432 1893 τὸ,
3468 1845 3486 1873 ι
3525 1788 3807 1878 Εὐθύνατε

2203 1918 2304 1990 τὴν
2344 1916 2463 1971 όδὸν
2498 1918 2727 1989 Κυρίου,
2783 1939 2801 1971 ›
2847 1920 2942 1971 καὶ
2973 1916 3150 1986 λέγει·
3187 1916 3462 1987 ἐνδέχεται
3490 1916 3547 1969 δὲ
3581 1915 3645 1968 τὸ
3672 1912 3806 1969 αὐτὸ

2203 2009 2363 2064 τοῦτο
2391 2010 2454 2063 τὸ
2482 2009 2663 2079 λέγειν
2704 2011 2816 2079 (98)
2851 2009 2926 2081 μὴ
2976 2008 3202 2079 βοῶντα.
3237 2009 3345 2081 Bac?
3373 2008 3431 2062 δὲ
3459 2009 3556 2062 καὶ
3588 2006 3795 2079 κέκρα-

2204 2121 2323 2172 γεν,
2356 2105 2444 2159 ἴνα
2478 2106 2573 2158 καὶ
2620 2106 2669 2159 οἱ
2715 2104 2931 2175 μακρὰν
2965 2102 3059 2156 τοῦ
3091 2102 3340 2171 λέγοντος
3372 2101 3676 2164 ἀκούσωσι,
3713 2101 3809 2154 καὶ⁴

2202 2198 2251 2249 ot
2296 2198 2593 2268 βαρυήκοοι
2636 2195 2838 2249 συνῶσι
2877 2195 2971 2248 τοῦ
3007 2195 3273 2266 μεγέθους
3305 2195 3415 2247 τῶν
3453 2193 3806 2263 λεγομένων,

2207 2288 2346 2359 μετὰ
2383 2289 2650 2361 μεγέθους
2676 2288 3164 2358 ἀπαγγελλομένου
3200 2288 3406 2359 φωνῆς,
3445 2284 3662 2359 βοηθῶν
3693 2291 3806 2350 τοῖς

2201 2397 2261 2433 τε
2295 2378 2576 2450 ἀφεστῶσι
2605 2378 2765 2441 Θεοῦ,
2811 2381 2906 2433 καὶ
2932 2377 3094 2431 τοῦτο
3125 2374 3219 2443 ὀξὺ
3252 2378 3352 2449 τῆς
3386 2378 3560 2445 ἀκοῆς
3592 2376 3805 2430 ἀπολω-

2203 2470 2407 2524 λεκόσι.
2443 2471 2542 2523 Διά
2566 2468 2724 2523 τοῦτο
2754 2468 2863 2540 γὰρ
2902 2468 2999 2521 καὶ
3033 2486 3051 2519 ι
3092 2468 3331 2537 εἱστήκει
3361 2466 3389 2519 6
3433 2464 3667 2538 Ἰησοῦς,
3708 2466 3802 2517 καὶ

2202 2561 2469 2635 ὲκέκραξε
2502 2562 2703 2630 λέγων·
2756 2561 2882 2613 Ἐάν
2921 2577 3004 2624 τις
3045 2559 3193 2630 διψᾷ,
3245 2557 3492 2630 ἐρχέσθω
3525 2554 3666 2629 πρὸς
3712 2556 3799 2627 μὲ.

2202 2654 2297 2707 καὶ
2327 2653 2553 2706 πινέτω.
2601 2672 2621 2704 ι
2647 2652 2747 2706 Διά
2791 2652 2952 2707 τοῦτο
2988 2650 3084 2705 καὶ
3118 2670 3137 2702 ι
3171 2652 3200 2703 6
3244 2649 3500 2718 Ἰωάννης
3531 2648 3804 2719 μαρτυρ;ῐ

2202 2744 2334 2817 περὶ
2360 2744 2546 2809 αὑτοῦ,
2580 2746 2675 2799 καὶ
2704 2745 2947 2816 κέκραγε
2971 2743 3164 2813 λέγωνι
3202 2761 3221 2793 ι
3258 2740 3358 2794 Διά
3393 2740 3557 2794 τοῦτο
3579 2740 3676 2793 καὶ
3707 2756 3798 2792 κε-

2200 2836 2349 2891 λεύει
2374 2838 2403 2891 6
2436 2837 2571 2902 Θεὸς
2599 2837 2678 2909 τῷ
2712 2839 2911 2910 Ἡσαΐᾳ.
2944 2837 3073 2909 βοᾷν
3097 2838 3156 2889 ὲν
3184 2837 3250 2906 τῇ
3283 2837 3433 2905 φωνῇ
3469 2853 3487 2884 ι
3526 2834 3799 2903 λέγοντος

2200 2933 2440 3006 Βόησον·
2483 2953 2503 2986 ι
2552 2932 2710 3003 κάγὼ
2743 2929 2930 2986 εἶτ-ιον⁹
2969 2951 2988 2983 ι
3041 2931 3108 2985 Τί
3151 2929 3363 3002 βοήσως
3401 2948 3420 2980 i
3465 2928 3597 2981 Ἐὰν
3629 2926 3686 2981 δὲ
3725 2927 3799 2997 μὴ

2202 3026 2484 3091 παντελῶς
2584 3030 2617 3099 ἡ
2656 3024 2821 3097 νοητὴ
2869 3024 2978 3078 τῶν
3025 3024 3336 3094 εὐχομένων
3369 3021 3523 3092 φωνὴ
3561 3018 3798 3091 μεγάλη,

509 3114 582 3168 tia
616 3114 935 3185 percipitur,
968 3116 1221 3183 quamvis
1262 3129 1482 3184 magna,
1521 3128 1701 3184 neque
1732 3115 1949 3185 prolixa
1980 3132 2099 3172 om-

2203 3121 2297 3177 καὶ
2321 3122 2383 3175 οὐ
2414 3122 2663 3194 βραχεῖα,
2698 3121 2819 3173 οὐδὲ
2847 3119 2914 3173 ἃν
2946 3116 3225 3190 αὑξήσωσι
3261 3114 3371 3188 (99)
3407 3115 3507 3186 τὴν
3545 3113 3676 3184 βοὴν
3706 3113 3800 3166 καὶ

507 3210 641 3264 nino
685 3207 871 3272 fuerit,
922 3221 1102 3278 neque
1155 3206 1481 3261 adauxeriut
1540 3207 1620 3261 illi
1679 3206 1977 3262 clamorem
2035 3224 2101 3265 ac

505 3314 983 3379 vociferationem,
1032 3313 1185 3367 audit
1213 3321 1394 3368 tamen
1429 3314 1572 3369 hunc
1607 3315 1660 3368 in
1705 3315 1924 3370 modum
1975 3331 2101 3386 prec

503 3420 699 3466 cantes
721 3408 890 3472 Deus,
908 3407 1040 3462 Mosi
1069 3398 1260 3463 dicens
1281 3407 1362 3461 “z
1392 3421 1413 3458 t
1438 3408 1577 3474 Quid
1601 3409 1668 3461 ad
1699 3423 1788 3463 me
1810 3408 2054 3463 clamas?
2073 3428 2094 3462 ι

505 3502 598 3573 qui
660 3500 996 3557 sensibiliter
1047 3516 1154 3555 non
1219 3500 1598 3569 clamaverat;
1694 3517 1871 3571 neque
1947 3505 2095 3559 enim

509 3596 772 3667 scriptum
795 3604 879 3651 est
910 3595 962 3648 in
986 3595 1190 3657 Exodo,
1216 3591 1420 3649 Mosem
1451 3595 1787 3651 sensibiliier
1808 3596 2097 3667 clamasse,

501 3695 625 3745 cum
675 3705 776 3761 per
816 3693 1188 3760 precationem
1252 3704 1320 3744 ca
1384 3704 1520 3744 voce
1576 3690 1734 3745 valde
1783 3690 2096 3758 clamasset,

501 3796 664 3850 quam
724 3779 872 3836 solus
927 3781 1070 3835 Deus
1114 3781 1288 3835 audit.
1343 3780 1494 3835 lianc
1548 3784 1619 3835 ob
1663 3797 1884 3837 causam
1928 3783 2097 3839 David

501 3874 668 3929 etiam
705 3872 882 3942 inquit
916 3871 964 3904 ⁸³
998 3890 1011 3926 :
1054 3890 1073 3925 ι
1109 3872 1255 3927 Voce
1278 3890 1398 3928 mea
1429 3875 1495 3926 ad
1529 3874 1814 3928 Dominum
1838 3876 2095 3945 clamavi,

500 3973 560 4021 et
583 3967 863 4020 exaudivit
893 3980 1033 4019 mea
1074 3965 1225 4035 Opus
1246 3976 1329 4020 est
1353 3976 1536 4021 autem
1560 3981 1694 4021 voce
1723 3967 2014 4024 clamantis
2040 3971 2094 4025 in

499 4057 740 4123 deserto,
777 4058 867 4112 ubi
900 4059 1082 4111 anima
1100 4059 1282 4112 'etiam
1311 4058 1420 4112 Deo
1443 4069 1610 4127 atque
1655 4061 1891 4113 veritate
1922 4060 2096 4115 desti-

501 4160 619 4205 tuta
654 4154 967 4221 (quodnam
1000 4152 1148 4206 enim
1179 4151 1324 4206 aliud
1343 4153 1618 4207 desertum
1650 4153 1899 4220 asperius
1928 4168 2096 4222 quam

503 4243 687 4298 anima
725 4254 845 4312 quae
878 4242 990 4298 Deo
1025 4252 1191 4311 atque
1213 4242 1364 4297 omni
1391 4244 1599 4298 Virtute
1629 4243 1701 4296 sit
1731 4245 1989 4297 destituta
2009 4245 2032 4297 1'
2054 4246 2096 4311 ),

499 4349 571 4391 eo
620 4336 770 4404 quod
812 4336 990 4390 adhuc
1042 4334 1265 4404 oblique
1320 4333 1564 4389 ambulet
1617 4349 1785 4403 egens
1823 4337 2094 4403 doctrina,

502 4429 763 4486 invitetur
812 4431 879 4484 ad
924 4429 1265 4497 dirigendam
1298 4427 1519 4483 Domini
1559 4428 1701 4482 viam
1729 4445 1743 4495 ;
1777 4445 1939 4499 quam
1973 4432 2098 4501 qui-

2201 3214 2302 3286 τὴν
2335 3214 2605 3286 κραυγὴν,
2647 3212 2835 3267 ἀκούει
2865 3210 2975 3265 τῶν
3017 3211 3191 3274 οὕτως
3231 3207 3543 3280 εὐχομένων
3576 3209 3606 3260 6
3644 3204 3799 3269 Θεὸς,

2199 3312 2231 3366 6
2262 3307 2437 3377 λέγων
2484 3308 2621 3379 πρὸς
2658 3306 2891 3372 Μωσέα,
2931 3323 2951 3356 r
3000 3303 3066 3357 Τί
3110 3302 3239 3374 βοᾷς
3291 3302 3427 3372 arpi;
3488 3300 3593 3371 μέ;
3643 3317 3663 3350 ›
3699 3298 3801 3351 οὐκ

2202 3402 2478 3473 αἰσθητῶς
2523 3400 2857 3471 βεὸοηκότα·
2917 3397 2979 3451 οὐ
3020 3397 3127 3469 γὰρ
3169 3394 3588 3465 ἀναγέγραπται
3641 3390 3801 3445 τοῦτο

2201 3500 2262 3552 έν
2309 3499 2375 3568 τῇ
2420 3494 2649 3565 Έξόδῳ,
2713 3492 2965 3565 μεγάλως
3005 3492 3062 3545 δὲ
3109 3491 3208 3561 τὴν
3254 3488 3600 3557 ἀκουομένην
3653 3487 3800 3558 μόνῳ

2200 3587 2322 3659 Θεῷ
2356 3586 2537 3659 φωνὴν
2567 3585 2866 3657 βεδοηκότα
2900 3584 2989 3639 διά
3017 3584 3118 3654 τῆς
3151 3582 3339 3653 εὐχῆς.
3376 3579 3474 3633 Διά
3508 3578 3672 3633 τοῦτο
3703 3578 3801 3633 καὶ

2198 3681 2363 3735 Δαυῖδ
2391 3697 2553 3751 φησι·
2589 3698 2609 3731 ι
2649 3680 2805 3750 Φωνῇ
2841 3694 2942 3749 μου
2980 3678 3116 3749 πρὸς
3143 3676 3346 3757 Κύριον
3376 3675 3679 3747 ἐκέκραξα,
3709 3674 3801 3730 καὶ

2200 3775 2475 3847 ἐπήκουσέ
2511 3791 2635 3846 μου.
2682 3793 2700 3825 i
2746 3772 2922 3843 Χρεία
2957 3771 3015 3824 δὲ
3054 3770 3156 3840 τῆς
3189 3770 3374 3841 φωνῆς
3410 3769 3507 3822 τοῦ
3566 3770 3801 3840 βοῶντος

2199 3871 2257 3924 έν
2281 3873 2347 3942 τῇ
2387 3871 2600 3941 ἐρήμῳ,
2630 3869 2717 3922 ἴνα
2752 3867 2848 3921 καὶ
2881 3867 2915 3938 ἡ
2951 3865 3290 3937 ἐστερημένη
3327 3863 3464 3917 Θεοῦ
3502 3864 3675 3935 ψυχὴ,
3706 3865 3801 3918 καὶ

2198 3963 2406 4037 ἔρημος
2440 3962 2701 4034 ἀληθείας
2743 3960 2861 4029 (τίς
2893 3959 3004 4030 γὰρ
3032 3957 3166 4028 ἄλλη
3199 3956 3564 4028 χαλεπωτέρα
3593 3957 3801 4029 ἐρημία

2198 4058 2376 4129 ψυχῆς
2414 4056 2550 4111 Θεοῦ
2612 4057 2709 4109 καὶ
2748 4055 2931 4125 πάσης
2968 4054 3173 4126 ἀρετῆς
3220 4052 3604 4125 ἠρημωμένης
3641 4053 3799 4124 (l);),

2198 4151 2287 4204 διὰ
2323 4150 2384 4204 τὸ
2416 4150 2496 4203 ἔτι
2528 4148 2759 4213 σκολιῶς
2794 4147 3123 4219 πορεύεσθαι
3157 4146 3384 4217 δεομένη
3419 4144 3799 4210 διδασκαλίας,

2199 4245 2293 4297 ἐπὶ
2318 4243 2378 4296 τὸ
2406 4242 2650 4296 εὐθύνειν
2689 4241 2788 4313 τὴν
2829 4240 2946 4295 ὁδὸν
2990 4240 3198 4313 Κυρίου
3235 4238 3665 4310 παρακαλῆται·
3702 4240 3797 4306 ἦν·

2197 4352 2321 4389 τινα
2349 4334 2466 4388 ὁδὸν
2492 4333 2705 4388 εὐθύνει
2738 4335 2835 4405 μὲν
2860 4336 2888 4388 6
2915 4333 3181 4405 μηδαμῶς
3201 4333 3300 4403 τὴν
3330 4331 3659 4401 σκολιότητα
3697 4331 3797 4401 τῆς

2200 4427 2294 4481 τοῦ
2328 4426 2503 4495 ὄφεως
2542 4426 2769 4499 πορείας
2805 4425 3160 4496 μιμούμενος,
3190 4426 3218 4476 6
3245 4423 3303 4476 δὲ
3336 4422 3512 4490 τούτῳ
3552 4420 3797 4483 ἐναντίος

502 4524 625 4576 dem
657 4520 800 4574 viam
827 4520 920 4575 ille
944 4521 1130 4588 dirigit
1157 4520 1377 4589 qnideni
1403 4559 1419 4583 ,
1465 4520 1559 4589 qui
1593 4534 1937 4589 nequaquam
1972 4538 2092 4577 ser-

2203 4518 2550 4586 διαστρένρειο
2599 4518 2787 4587 διόπερ
2831 4517 2925 4569 καὶ
2974 4515 3367 4586 ὲπιπλήσσεται
3399 4511 3475 4583 (2)
3520 4511 3642 4582 ἅμα
3684 4513 3798 4574 τοῖς

501 4613 680 4683 pentis
710 4614 813 4667 iter
850 4624 1163 4667 tortuosum
1197 4614 1466 4677 imitatur,
1520 4615 1786 4681 pervertit
1837 4616 1968 4668 Vero
1998 4613 2088 4682 qui

502 4707 631 4761 huic
690 4716 778 4761 est
829 4705 1163 4760 contrarius.
1226 4704 1596 4769 Quamobrem
1643 4720 1764 4759 cum
1820 4706 2092 4762 similibus

502 4798 821 4870 huiusmodi
852 4801 938 4853 vir
984 4797 1308 4867 objurgatnr
1343 4813 1440 4865 per
1478 4796 1611 4852 illud
1626 4797 1743 4852 “:i
1770 4792 2089 4870 Quareper-

500 4892 715 4948 vertitis
746 4896 864 4948 vias
900 4891 1115 4945 Domini
1153 4890 1378 4946 rectas?
1403 4908 1422 4942 ι

573 4985 665 5040 Η.
695 4984 966 5039 Caeterum
998 4983 1255 5037 bifariam
1287 4983 1374 5037 via
1412 4982 1627 5037 Domini
1659 4982 1931 5052 dirigitur,
1976 4982 2090 5052 pri-

502 5095 650 5137 mum
679 5088 901 5148 propter
945 5075 1498 5145 contemplationem,
1538 5090 1659 5144 quae
1708 5075 2090 5131 manifestatur

498 5175 557 5231 in
613 5173 870 5233 veritate.
928 5171 1136 5238 absque
1195 5169 1302 5223 ulla
1363 5167 1719 5237 permistione
1776 5169 2087 5236 mendacii;

501 5268 699 5325 deinde
729 5275 953 5337 propter
982 5264 1254 5318 actionem
1282 5300 1298 5325 ,
1334 5262 1379 5315 si
1412 5262 1534 5331 quis
1559 5298 1575 5327 ,
1610 5277 1733 5313 cum
1766 5260 1936 5330 probe
1966 5276 2087 5329 per~

571 5364 618 5395 "
640 5363 862 5426 3080.1,
892 5360 947 5424 6,
979 5358 1035 5415 7.
1110 5357 1153 5387 ’⁷
1188 5355 1347 5411 Joau.
1380 5371 1417 5418 l,
1447 5357 1502 5411 7.
1603 5356 1650 5387 ³⁸
1675 5355 1864 5410 Matth.
1905 5371 1979 5417 κι,
2008 5352 2098 5426 10,

501 5436 545 5469 ³’
577 5436 744 5488 Exod.
780 5423 891 5495 m,
915 5428 1002 5485 15.
1079 5427 1125 5459 ³⁸
1151 5427 1295 5482 Psal.
1323 5442 1507 5489 ωικιι,
1542 5429 1590 5479 ί.
1664 5425 1710 5457 ³⁸
1733 5429 1856 5481 Act.
1884 5440 2001 5490 aut,
2037 5423 2127 5478 10.

574 5527 686 5594 (97)
713 5523 944 5591 Καλῶς.
989 5522 1084 5578 Sic
1117 5532 1264 5576 recte
1310 5522 1512 5575 habent
1540 5516 2089 5594 codda‘Bodleianus

503 5589 951 5685 ut‘Barberinus;
1004 5595 1145 5649 male
1184 5607 1314 5646 vero
1353 5595 1526 5645 editio
1574 5589 1754 5644 lluetii
1801 5594 1859 5643 in
1913 5597 2086 5655 textu,

505 5684 791 5805 καῖιιξέᾗςαὸ
822 5733 1045 5802 λέγειν.
1085 5733 1161 5787 Τὸ
1190 5733 1407 5787 videtur
1437 5731 1749 5805 παρέλκειν.

441 5829 480 5851 ο-
578 5802 688 5880 (ϋθ)
720 5805 1069 5871 Antinoum.
1125 5806 1217 5859 Sic
1272 5809 1443 5859 codex
1493 5802 1860 5872 Bodleianus;
1917 5802 2087 5860 editio

2199 4610 2406 4681 ὁμοίοις
2432 4611 2461 4662 6
2483 4609 2720 4673 τοιοῦτος
2743 4607 2830 4661 διά
2862 4608 2984 4661 τοῦ·
3018 4627 3038 4658 ‹
3078 4608 3193 4661 Ἵνα
3225 4605 3278 4658 τί
3306 4602 3669 4673 διαστρέφετε
3698 4601 3798 4665 τὰς

2198 4704 2350 4770 ὁδοὺς
2383 4704 2590 4777 Κυρίου
2623 4703 2723 4767 τάς
2756 4702 3003 4768 εὐθείαςς
3045 4720 3064 4753 ι

2270 4981 2357 5035 Η.
2399 4980 2571 5051 Διχῶς
2595 4979 2651 5033 δὲ
2677 4981 2711 5050 ἡ
2743 4979 2860 5043 ὁδὸς
2890 4979 3096 5051 Κυρίου
3130 4975 3436 5039 εὐθύνεται,
3462 4975 3613 5028 κατά
3646 4992 3709 5030 τε
3737 4979 3802 5033 τὺ

2197 5073 2552 5146 θεωρητικὸν,
2595 5073 2963 5146 τρανούμενον
3009 5075 3068 5125 ὲν
3106 5069 3335 5141 ἀληθεία
3385 5064 3803 5139 ἀπαραμίκτωέ

2195 5165 2290 5219 τοῦ
2316 5165 2565 5235 ψεύδους,
2593 5166 2689 5219 καὶ
2719 5166 2862 5220 κατά
2886 5164 2948 5219 τὸ
2990 5162 3315 5237 πρακτικὸν,
3344 5159 3481 5229 μετὰ
3512 5160 3619 5231 τὴν
3665 5159 3801 5229 ὑγιῆ

2198 5257 2435 5329 θεωρίαν
2464 5259 2557 5313 τοῦ
2599 5258 2898 5330 πρακτέου,
2939 5255 3200 5327 ἀρμοδίου
3242 5253 3494 5325 πράξεως
3538 5253 3798 5307 ἀποδιδο-

2207 5356 2255 5388 "
2283 5353 2445 5411 Juau.
2486 5368 2582 5419 vn,
2622 5354 2706 5409 l7.
2809 5353 2856 5385 “
2883 5351 3041 5409 Joau.
3070 5366 3108 5418 ι,
3138 5350 3229 5405 15.
3338 5349 3383 5381 ³⁸
3426 5346 3560 5404 lsai.
3598 5364 3693 5416 αι,
3741 5348 3794 5403 6.

2197 5514 2377 5570 ﬂuetii
2412 5512 2669 5584 αὐξήσαι.

2269 5588 2348 5655 (1)
2395 5575 2827 5652 Ἠρὴλλωμένης.
2859 5581 2935 5655 Ita
2968 5581 3143 5637 codex
3188 5575 3553 5642 Barberinus,
3603 5586 3797 5645 recte;

2198 5653 2341 5713 male
2377 5653 2988 5727 ηεκιυε.έρημωμένηο
3146 5722 3159 5727 _
3262 5718 3299 5727 _
3370 5717 3383 5727 .
3472 5717 3483 5727 .

2268 5727 2347 5799 (Ξ)
2386 5717 2879 5799 Ἐἑειπλήὰοξὲτιίι.
2912 5717 3004 5779 sic
3061 5722 3231 5781 codex
3262 5717 3640 5787 Barberiuus;
3673 5719 3798 5775 adiv-

2197 5796 2287 5855 tioi
2308 5796 2510 5865 lluetii,
2534 5796 2932 5868 ἐπεπλήσσετοι
