4194 6404
314 386 426 443 235

316 601 703 673 ἀκριϐέστερον
746 603 836 655 τό·
894 622 912 654 ‹
972 600 1243 655 Εὐθύνατε
1296 599 1394 670 τὴν
1425 597 1545 651 ὁδὸν
1589 596 1815 665 Κυρίου,
1863 613 1883 646 ι

317 692 628 766 νοήσωμεν,
676 694 932 765 εὔκαιρον
982 693 1135 745 ἔσται
1190 690 1527 763 παραθέσθαι
1566 688 1627 742 τὸ
1666 690 1724 741 ὲν
1770 688 1892 750 ταῖς

317 785 648 857 Παροιμίαις·
676 786 963 858 εἰρημένον
984 801 998 816 ο
1030 804 1049 835 ι
1096 783 1188 856 Μὴ
1222 780 1474 853 ἐκκλίνῃς
1517 781 1654 851 μήτε
1688 779 1770 843 είς
1803 777 1890 832 δε-

317 876 436 944 Ξιὰ,
474 878 611 948 μήτε
655 877 737 941 εἰς
776 876 1046 950 ἀριστερά
1088 874 1185 947 (3).
1210 875 1301 928 »Ὀ
1338 872 1448 945 γὰρ
1500 871 1764 926 ἐκκλίνων
1809 870 1891 933 εἰς

317 969 576 1042 ὁποτέραν
605 970 667 1023 τὸ
700 968 941 1023 εὐθύνειν
964 967 1326 1028 ἀπολώλεκεν,
1357 967 1457 1020 οὐκ
1480 964 1559 1018 ἔτι
1588 961 1892 1033 ἐπισκοπῆς

316 1061 463 1129 ἄξιος
506 1062 819 1131 γινόμενος,
867 1063 994 1116 ὅταν
1024 1060 1363 1133 παρεκϐαἰνῃ
1406 1058 1504 1129 τὴν
1532 1058 1632 1130 τῆς
1666 1055 1891 1127 πορείας

316 1153 789 1227 εὐθύτητα·ι’οτι
843 1172 861 1203 ι
900 1153 1010 1225 γὰρ
1055 1172 1074 1204 ι
1127 1151 1332 1215 δίκαιος
1368 1152 1397 1204 6
1441 1148 1643 1221 Κύριος
1682 1147 1777 1201 καὶ
1810 1146 1891 1200 δι-

318 1244 605 1308 καιοσύνας
630 1246 904 1316 ἠγάπησε,
939 1245 1033 1298 καὶ
1066 1242 1365 1315 εὐθύτητας
1395 1241 1470 1311 (4)
1509 1236 1616 1294 εἶδε
1642 1239 1701 1292 τὸ
1727 1237 1893 1310 πρόσ-

316 1353 460 1388 ωπον
514 1336 703 1399 αὐτοῦ,
734 1355 750 1385 ι
777 1337 915 1406 ὅπερ
936 1335 1040 1406 ὁρᾷ
1059 1331 1278 1401 φωτίζει
1308 1331 1404 1403 (5).
1425 1329 1523 1383 Διὰ
1541 1328 1698 1382 τοῦτο
1721 1329 1750 1381 6
1771 1329 1893 1381 επι-

315 1426 681 1497 σκοπούμενος
700 1469 715 1491 ,
747 1425 1273 1497 ἀντιλαμϐανόμενος
1300 1424 1398 1495 τῆς
1422 1422 1528 1475 ἀπὸ
1556 1422 1653 1491 τῆς
1678 1421 1895 1472 ἐπισκο-

314 1515 424 1584 πῆς
442 1513 731 1584 ὡφελείας,
755 1515 918 1585 φησίν
938 1531 951 1544 ·
983 1533 1001 1564 ι
1048 1512 1391 1586 Ἐσημειὼθη
1413 1512 1498 1580 ἐφ’
1522 1512 1669 1582 ἡμᾶς
1696 1509 1759 1562 τὸ
1779 1507 1896 1579 φῶς

313 1607 409 1662 τοῦ
446 1606 737 1679 προσώπου
786 1624 902 1669 σου,
937 1606 1132 1679 Κύριε.
1187 1626 1205 1658 ι
1244 1605 1468 1677 Στῶμεν
1511 1603 1714 1665 τοίνυν,
1751 1600 1895 1655 κατὰ

317 1700 381 1754 τὰ
406 1700 512 1753 ὑπὸ
548 1698 811 1771 Ἱερεμίου
840 1700 1129 1770 εἰρημένα,
1162 1699 1253 1751 ἐπὶ
1293 1699 1414 1761 ταῖς
1447 1696 1609 1760 ὁδοῖς,
1636 1694 1728 1748 καὶ
1760 1692 1897 1747 ἰδόν-

312 1808 401 1855 τες
429 1792 793 1863 ὲρωτήσωμεν
810 1790 1028 1863 τρίϐους
1051 1789 1259 1862 Κυρίου
1282 1788 1552 1851 αἰωνίους,
1577 1788 1673 1840 καὶ
1697 1784 1893 1856 ἴδωμεν

1404 386 1756 446 COMMENT.
1794 385 1861 439 IN
1888 382 2079 440 JOAN.
2113 380 2352 441 TOMUS
2389 379 2475 436 Vl.

314 508 484 580 μένης
514 510 593 580 τῷ
638 511 766 582 περὶ
794 511 902 564 τῶν
950 508 1239 582 πρακτέων
1285 507 1426 576 ὑγιεῖ
1451 506 1611 577 λόγῳ.
1655 504 1767 558 Καὶ¹
1800 503 1888 557 ἴνα

1993 500 2185 556 viderit
2245 498 2374 569 quid
2432 500 2739 570 agendum,

3452 385 3561 449 ΞΜ

2828 500 3095 555 actionem
3150 502 3560 560 convenientem

1996 594 2195 647 rationi
2232 602 2399 648 recta:
2426 595 2737 662 suggerenti
2772 593 3000 662 agenda,
3030 594 3081 647 in
3107 609 3243 664 Opus
3280 598 3563 665 produxe-

1994 684 2085 737 rit.
2138 682 2209 739 Ut
2253 682 2566 738 accuratius
2614 696 2742 736 vero
2774 681 3142 753 intelligamus
3176 684 3309 740 illud
3347 703 3362 740 :
3403 686 3568 758 120

1997 790 2017 826 ι
2043 775 2269 845 Dirigite
2301 774 2446 828 viam
2474 773 2787 836 Domini”;
2816 792 2837 826 ι
2867 787 3232 846 Opportunum
3261 776 3369 832 erit
3391 779 3567 835 citare

1990 869 2136 937 quod
2190 867 2243 921 in
2300 866 2721 923 Proverbiornm
2782 865 2923 921 libro
2986 877 3070 924 est
3122 869 3373 923 dictum:
3420 887 3442 922 ι
3486 869 3565 926 Ne

1990 958 2352 1013 declinaveris
2408 971 2581 1028 neque
2627 959 2696 1013 ad
2751 959 3054 1027 dexteram,
3097 975 3271 1030 neque
3319 962 3385 1017 ad
3427 963 3564 1018 sini-

1991 1059 2162 1104 stram
2201 1049 2319 1104 ".‘D
2355 1049 2457 1116 Qui
2488 1051 2632 1105 enim
2655 1051 2708 1105 in
2733 1052 3040 1107 utramlibet
3068 1052 3313 1120 inclinat,
3345 1054 3393 1111 is
3425 1055 3568 1110 ami-

1991 1142 2064 1196 sit
2098 1140 2228 1194 illud
2257 1141 2511 1212 dirigere,
2540 1140 2714 1196 laetos
2738 1158 2847 1197 non
2880 1142 3115 1213 amplius
3144 1158 3273 1198 cura
3302 1152 3359 1199 et
3384 1145 3567 1201 consi-

1994 1232 2276 1287 deratione
2359 1233 2595 1304 dignus,
2677 1234 2896 1303 quando
2957 1245 3328 1305 transgressus
3400 1235 3568 1292 fuerit

1994 1326 2203 1382 itineris
2249 1327 2656 1382 rectitudinem.
2715 1345 2736 1379 ι
2776 1326 3046 1394 Quoniam
3087 1344 3107 1379 ι
3136 1328 3282 1382 enim
3331 1346 3353 1381 ι
3385 1327 3569 1395 justus

1997 1418 2287 1480 Dominus,
2327 1426 2382 1472 et
2407 1416 2652 1485 justitias
2687 1418 2900 1486 dilexit,
2951 1427 3007 1473 et
3040 1419 3393 1476 rectitudines
3431 1420 3570 1478 vidit

1991 1511 2174 1565 vultus
2195 1509 2313 1579 ejus
2346 1510 2410 1569 ⁸⁷,
2450 1529 2470 1560 ι
2499 1510 2633 1564 illud
2650 1511 2794 1581 quod
2830 1511 2979 1567 videt
3011 1511 3464 1570 iliuminaLHattc
3494 1514 3568 1570 oh

1992 1617 2247 1669 causam,
2280 1603 2371 1672 qui
2406 1614 2488 1658 est
2523 1605 2576 1659 in
2610 1606 3051 1661 consideratione
3079 1615 3134 1661 et
3169 1606 3335 1662 tutela
3360 1645 3378 1671 ,
3422 1605 3568 1661 utili-

1994 1701 2163 1747 tatem
2191 1707 2259 1747 ex
2289 1692 2391 1748 hac
2418 1708 2550 1748 cura
2589 1701 2647 1748 et
2665 1697 3005 1764 protectione
3031 1698 3254 1768 capiens
3278 1740 3294 1765 ,
3332 1698 3509 1768 inquit
3548 1716 3567 1758 :

1997 1802 2019 1837 ι
2045 1783 2330 1857 Signatum
2373 1796 2459 1841 est
2513 1800 2681 1856 super
2715 1802 2816 1843 uos
2858 1786 3039 1845 lumen
3092 1778 3276 1846 vultus
3323 1791 3422 1853 tui,
3463 1789 3571 1847 De.

311 1882 444 1937 ποία
470 1883 619 1936 ἐστὶν
641 1884 675 1954 ἡ
698 1882 816 1946 ὁδὸς
839 1884 873 1949 ἡ
904 1880 1107 1954 ἀγαθὴ,
1138 1881 1232 1934 καὶ
1264 1878 1619 1952 πορευθῶμεν
1644 1879 1702 1931 ὲν
1728 1877 1886 1948 αὐτ-ᾗ⁸

1995 1879 2143 1954 mine
2176 1878 2245 1930 ³⁸.
2280 1895 2299 1929 ι
2355 1877 2544 1949 Itaque
2596 1889 2803 1936 stemus
2863 1881 2917 1936 in
2958 1882 3081 1949 viis,
3130 1884 3285 1953 juxta
3319 1882 3571 1946 Jeremite

310 1974 387 2038 t'o;
416 1974 767 2048 παρέστησαν
797 1976 847 2028 οἰ
875 1974 1181 2038 ἀπόστολοι,
1211 1974 1303 2027 καὶ
1342 1970 1635 2043 ἠρώτησαν
1671 1970 1770 2035 τὰς
1794 1968 1888 2023 τοῦ

312 2067 519 2137 Κυρίου
572 2066 824 2129 αἰωνίους
876 2065 1128 2137 τρίϐους,
1184 2066 1312 2129 τοὺς
1371 2063 1737 2135 πατριάρχας,
1793 2059 1890 2114 καὶ

310 2161 434 2222 τοὺς
470 2159 773 2231 προφήτας·
802 2151 878 2212 ὧν
917 2158 987 2212 τὰ
1016 2157 1320 2229 γράμματα
1346 2156 1718 2227 ἐρωτήσαντες
1746 2150 1892 2205 ὕστε-

311 2265 405 2321 ρον
439 2248 517 2319 τῷ
552 2247 867 2319 νενοηκέναι
900 2246 1042 2301 αὐτὰ
1081 2242 1222 2300 εἰδον
1255 2243 1353 2317 τὴν
1382 2243 1595 2315 ἀγαθὴν
1626 2241 1744 2296 ὁδὸν
1783 2240 1888 2310 ’1η-

311 2342 439 2396 σοῦν
469 2341 703 2413 Χριστὸν
727 2340 821 2394 τὸν
845 2340 1097 2394 εἰπόντα’
1130 2357 1149 2390 ι
1189 2335 1331 2407 Ἐγώ
1362 2337 1477 2407 εἰμι
1511 2337 1545 2406 ή
1572 2334 1709 2398 ὁδὸς,
1746 2351 1764 2383 ι
1796 2333 1891 2386 καὶ

308 2430 686 2503 ἐπορεύθησαν
718 2429 777 2485 ὲν
816 2431 973 2503 αὐτῇ.
1021 2428 1227 2500 Ἀγαθὴ
1257 2427 1370 2499 γὰρ
1392 2426 1511 2490 ὁδὸς
1540 2428 1572 2496 ἡ
1602 2424 1891 2495 ἀπάγουσα

314 2524 447 2595 πρὸς
476 2522 570 2576 τὸν
612 2522 816 2592 ἀγαθὸν
845 2523 1069 2594 Πατέρα
1102 2521 1193 2575 τὸν
1227 2518 1431 2588 ἀγαθὸν
1476 2518 1781 2588 ἄνθρωπον,
1828 2518 1893 2571 ὲκ

312 2614 409 2667 τοῦ
436 2612 640 2683 ἀγαθοῦ
679 2612 955 2685 θησαυροῦ
985 2612 1324 2684 προφέροντα
1361 2611 1429 2663 τὰ
1457 2608 1658 2677 ἀγαθὰ,
1684 2608 1779 2662 καὶ
1802 2607 1893 2661 τὸν

310 2706 512 2776 ἀγαθὸν
551 2706 736 2761 δοῦλον
769 2707 863 2759 καὶ
901 2705 1111 2759 πιστόν.
1142 2702 1291 2775 Αὕτη
1316 2703 1372 2756 δὲ
1400 2702 1517 2765 ὁδὸς
1568 2700 1727 2773 στενὴ
1772 2699 1891 2771 μὲν,

316 2799 417 2852 τῶν
457 2798 669 2852 πολλῶν
693 2799 754 2852 οὐ
794 2796 1119 2870 χωρούντων
1149 2796 1355 2852 ὁδεύειν
1383 2795 1574 2867 αὐτὴν,
1616 2795 1711 2849 καὶ
1741 2792 1893 2862 φιλο-

312 2891 532 2961 τάρκων
571 2890 669 2964 (6),
697 2890 834 2944 ἀλλὰ
861 2889 957 2943 καί¹
997 2887 1335 2960 τεθλιμμένη
1368 2888 1474 2943 ὐπδ
1501 2886 1611 2940 τῶν
1637 2885 1894 2958 βιαζομέ-

316 3003 417 3040 νων
443 2984 771 3058 πορεύεσθαι
792 2984 858 3038 δι’
883 2982 1052 3055 αὐτῆς
1075 2982 1224 3037 ἐστιν
1250 2981 1387 3044 ὁδός
1413 2982 1537 3034 ἐπεὶ
1556 2981 1657 3034 οὐκ
1680 2979 1895 3053 εἴρηται

310 3077 589 3142 θλίϐουσα,
640 3075 776 3131 ἀλλὰ
821 3074 1176 3146 τεθλιμμένη.
1217 3072 1400 3127 Θλὶσει
1438 3071 1546 3142 γὰρ
1575 3070 1756 3136 ζῶσαν
1798 3069 1895 3142 τὴν

1989 1953 2135 2025 dicta
2168 1969 2234 2034 ”,
2270 1978 2326 2025 et
2371 1970 2619 2027 videntes
2655 1970 3062 2045 interrogemus
3090 1976 3313 2031 semitas
3346 1975 3568 2035 Domini
3646 2006 3657 2017 κ

1992 2061 2388 2128 sempiternas:
2425 2069 2481 2115 et
2509 2061 2790 2119 videamus
2819 2077 3065 2133 quamam
3101 2066 3171 2121 sit
3202 2066 3284 2121 via
3326 2069 3467 2124 bona
3508 2077 3567 2127 et

1991 2152 2332 2208 ambulemus
2378 2153 2433 2206 in
2482 2167 2546 2208 ea
2597 2167 2615 2206 :
2655 2153 2881 2224 perinde
2938 2168 3102 2226 atque
3148 2159 3424 2227 apostoli,
3472 2161 3567 2229 qui

1993 2253 2264 2299 steterunt
2290 2284 2307 2309 ,
2337 2253 2391 2298 et
2419 2245 2830 2317 interrogarunt
2854 2248 3084 2304 semitas
3121 2250 3336 2305 Domini
3363 2253 3571 2322 sempi—

1994 2348 2218 2404 ternas;
2261 2352 2454 2406 nempe
2484 2340 2831 2406 patriarchas
2869 2351 2925 2397 et
2959 2346 3258 2413 prophetas
3280 2385 3298 2409 ,
3339 2360 3569 2414 quorum

1993 2429 2208 2483 litteras
2258 2444 2380 2484 cum
2430 2428 2889 2501 interrogassent,
2946 2443 3131 2504 postea
3180 2435 3332 2505 ipsos
3374 2434 3574 2494 intelli-

1993 2522 2188 2591 gendo.
2229 2521 2482 2577 viderunt
2511 2523 2655 2579 viam
2677 2523 2902 2588 bonam,
2932 2540 3126 2595 nempe
3152 2524 3336 2585 Jesum
3382 2527 3570 2585 dicen-

1997 2622 2146 2666 tem:
2186 2628 2209 2665 ι
2238 2610 2350 2683 Ego
2382 2627 2503 2671 sum
2535 2616 2624 2669 via
2666 2615 2737 2684 ⁸ο,
2765 2634 2789 2668 ι
2819 2626 2877 2672 et
2917 2618 3337 2675 ambulaverunt
3384 2619 3437 2675 in
3485 2635 3570 2676 ea.

1995 2703 2147 2759 Bona
2178 2707 2325 2761 enim
2363 2710 2453 2763 via
2480 2719 2569 2763 est
2587 2723 2711 2779 quae
2744 2711 2812 2765 ad
2835 2709 3053 2765 Patrem
3075 2712 3221 2767 ducit
3246 2712 3445 2770 bonum
3470 2713 3574 2770 ho-

1995 2799 2196 2854 minem
2238 2800 2307 2855 de
2362 2801 2623 2858 thesauro
2670 2817 2772 2857 suo
2811 2801 3175 2873 prolerentem
3235 2803 3377 2859 bona
3419 2802 3490 2870 “,
3520 2816 3577 2861 et

1996 2889 2198 2943 bonum
2227 2904 2448 2946 servum
2477 2899 2533 2948 et
2562 2892 2777 2948 ﬁdelem
2811 2893 2878 2949 “.
2909 2895 3180 2951 Caeterum
3206 2896 3322 2951 hac
3352 2897 3573 2967 quidem

1998 2982 2085 3037 via
2117 2994 2347 3055 angusta
2377 2993 2461 3039 est
2488 2984 2809 3055 vulgaribus
2836 2996 2893 3042 et
2923 2987 3127 3058 alioqui
3172 2989 3355 3043 carnis
3384 3002 3578 3043 aman—

2000 3075 2161 3137 tibus.
2210 3077 2303 3147 qui
2354 3078 2461 3133 iter
2492 3093 2590 3148 per
2624 3094 2748 3134 eam
2791 3078 2979 3135 facere
3024 3098 3130 3135 non
3161 3068 3424 3150 possunt;
3480 3084 3577 3137 sed

310 3169 427 3224 ιδδν
454 3171 549 3224 καὶ
574 3169 900 3244 αἰσθομένην
925 3166 1037 3220 τῶν
1085 3165 1391 3237 ἰδιωμάτων
1423 3164 1520 3218 τοῦ
1549 3163 1830 3226 ὀδεύοντος
1865 3161 1892 3215 6

1997 3170 2188 3225 eadem
2243 3169 2408 3224 etiam
2463 3186 2649 3241 pressa
2684 3182 2743 3228 et
2789 3172 2915 3227 trita
2951 3180 3034 3228 est
3092 3173 3163 3229 ab
3212 3173 3297 3229 his
3340 3174 3432 3244 Qui
3467 3174 3579 3231 vim

310 3262 389 3334 μὴ
422 3236 832 3332 ὑπολυσάμενος
859 3236 946 3331 ν(7)
984 3257 1055 3312 τὰ
1088 3257 1408 3329 ὑποδήματα
1440 3257 1505 3309 ὲκ
1542 3255 1652 3311 τῶν
1695 3256 1892 3323 ποδῶν,

2000 3260 2205 3316 faciunt
2237 3272 2297 3319 ut
2328 3277 2427 3331 per
2449 3236 2568 3319 eant
2598 3276 2725 3319 eant
2769 3265 2835 3330 “,
2880 3266 3137 3334 quoniam
3166 3280 3272 3319 non
3312 3236 3400 3321 est
3431 3267 3576 3322 dicta

310 3354 452 3424 μηδὲ
478 3352 716 3425 γνησίως
746 3349 1203 3423 παραδεχόμενος,
1228 3349 1311 3403 ὅτι
1340 3348 1371 3401 6
1395 3347 1561 3411 τόπος
1595 3350 1654 3401 ὲν
1674 3340 1719 3416 ᾧ
1741 3348 1892 3421 ἑστη-

2002 3367 2287 3421 premens,
2324 3355 2421 3411 sed
2451 3370 2667 3426 pressa.
2700 3355 2834 3411 Nam
2863 3357 2954 3426 qui
2980 3372 3085 3411 non
3114 3356 3338 3411 solverit
3365 3356 3580 3413 calcea-

309 3456 407 3493 ιιεν
430 3439 465 3510 ἢ
495 3441 589 3493 καὶ
623 3439 682 3493 ὃν
716 3438 941 3510 βαδίζει,
972 3440 1044 3509 γῆ
1080 3437 1211 3506 ἁγία
1245 3437 1413 3491 ἐστίν.
1458 3436 1682 3504 Ἀπάξει
1713 3437 1772 3491 δὲ
1802 3438 1892 3491 ἐπὶ

2004 3454 2184 3497 menta
2243 3446 2442 3514 pedum
2495 3460 2742 3511 suorum,
2808 3461 2987 3515 neque
3037 3446 3252 3502 sincere
3298 3448 3583 3503 admiserit

315 3530 409 3603 τὴν
438 3531 583 3603 ζωὴν
613 3530 742 3586 ὄντα
773 3530 865 3584 τὸν
907 3529 1131 3584 εἰπόντα
1156 3546 1172 3560 ’
1214 3547 1234 3580 ι
1282 3527 1424 3597 Ἐγώ
1464 3530 1580 3599 εἰμι
1627 3528 1661 3597 ἡ
1693 3526 1828 3599 ζωή.
1868 3546 1889 3580 ι

1996 3537 2142 3604 quod
2171 3537 2325 3593 locus
2345 3538 2397 3592 in
2423 3553 2533 3607 quo
2552 3547 2681 3602 stat,
2714 3538 2798 3594 vel
2820 3540 2987 3594 etiam
3017 3554 3116 3609 per
3129 3552 3291 3609 quem
3315 3539 3578 3601 ambuht.

317 3624 381 3678 Ὀ
417 3625 528 3697 γὰρ
567 3624 779 3696 Σωτὴρ,
820 3625 900 3688 εἰς
935 3622 996 3676 ὃν
1030 3623 1180 3677 πᾶσά
1211 3622 1360 3675 ἔστιν
1395 3620 1585 3693 ἀρετὴ,
1616 3624 1741 3685 ταῖς
1772 3623 1892 3674 ὲπι-

1998 3636 2145 3683 terra
2200 3639 2387 3688 saneta
2433 3639 2519 3684 est
2560 3628 2627 3694 “,
2674 3629 2727 3684 is
2759 3629 2957 3697 premit
3006 3630 3279 3685 viventem
3323 3630 3469 3685 viam
3523 3639 3582 3687 et

314 3714 485 3779 θοίαις
529 3714 718 3779 πολύς.
760 3715 860 3768 Διὰ
886 3712 1034 3767 τοῦτ’
1063 3713 1212 3767 ἐστιν
1247 3712 1327 3784 τῷ
1361 3712 1460 3784 μὲν
1498 3711 1725 3784 μηδέπω
1758 3712 1892 3783 φθά-

2002 3721 2334 3777 sentientem
2369 3721 2738 3791 proprietates
2773 3721 3028 3778 facientis
3057 3723 3183 3779 iter.
3229 3723 3400 3781 Docet
3432 3737 3581 3794 prte-

306 3822 465 3860 σαντι
494 3806 588 3859 ἐπὶ
617 3807 681 3859 τὸ
715 3805 890 3869 τέλος,
936 3804 1052 3859 ἀλλ’
1095 3804 1177 3859 ἔτι
1215 3805 1600 3876 προκόπτοντι,
1636 3803 1785 3867 ὁδός·
1819 3804 1892 3875 τῷ

2001 3823 2146 3865 terea
2177 3812 2291 3867 haec
2318 3812 2403 3866 via
2434 3813 2498 3867 ad
2522 3827 2646 3867 eum
2672 3814 2789 3880 qui,
2814 3814 2924 3868 vita
2959 3828 3083 3869 cum
3106 3816 3199 3879 sit,
3226 3815 3364 3870 dixit
3389 3833 3403 3869 :
3437 3814 3580 3885 (Ego

304 3901 353 3956 δ’
395 3903 499 3974 ἢδη
552 3903 734 3956 πᾶσαν
774 3902 1078 3972 νεκρότητα
1125 3900 1449 3971 ἁποθεμένῳ
1495 3900 1631 3970 ζωή.
1681 3899 1892 3971 Ταύτην

2000 3918 2119 3958 sum
2151 3904 2261 3957 vita
2289 3903 2359 3959 ⁸⁸.
2392 3922 2415 3955 ι
2460 3904 2725 3959 Senator
2769 3920 3026 3975 namque,
3079 3906 3132 3961 in
3174 3920 3283 3976 quo
3326 3907 3581 3962 universa

304 3996 407 4064 τὴν
439 3995 558 4049 ὁδὸν
593 3995 794 4049 ὁδεύων
825 3994 1141 4049 διδάσκεται
1188 3994 1355 4065 μηδὲν
1399 3992 1576 4065 αἴρειν
1621 3993 1702 4056 εἰς
1727 3991 1892 4064 αὐτὴν

2000 4002 2083 4047 est
2108 3992 2302 4058 virtus,
2338 3994 2503 4049 variis
2532 3995 2704 4050 modis
2722 4005 2904 4065 potest
2925 3995 3151 4066 intelligi
3169 4006 3225 4053 et
3253 3997 3576 4067 signiﬁcari.

306 4087 539 4156 ἔχουσαν
568 4085 765 4157 ἄρτους
790 4084 888 4139 καὶ
918 4083 988 4137 τά
1023 4083 1158 4155 πρὸς
1192 4083 1359 4154 ζωὴν,
1393 4082 1483 4136 διὰ
1506 4083 1569 4137 τὸ
1598 4083 1761 4155 μηδὲν
1797 4082 1892 4136 δύ-

2002 4083 2139 4139 Hinc
2169 4084 2242 4138 illi
2275 4086 2367 4154 qui
2384 4088 2452 4139 ad
2473 4086 2633 4140 linem
2659 4089 2899 4142 nondum
2921 4089 3249 4157 pervenerit,
3278 4089 3374 4144 sed
3401 4087 3584 4145 adhuc

304 4180 500 4236 νασθαι
527 4181 654 4244 τοὺς
680 4180 974 4251 πολεμίους
1007 4181 1065 4232 ὲν
1098 4180 1234 4251 αὐτῇ
1262 4178 1386 4232 οὐδὲ
1420 4177 1616 4250 ῥάϐδου
1646 4178 1889 4251 χρῄζων

2000 4174 2347 4245 progreditur
2375 4189 2442 4230 ac
2468 4175 2702 4245 prolicit,
2724 4184 2810 4231 est
2841 4177 2925 4230 via
2951 4193 2968 4243 ;
2996 4176 3072 4231 illi
3098 4191 3225 4233 vero
3254 4178 3584 4246 quiomnem

313 4271 402 4325 καὶ
436 4274 561 4325 ἐπεὶ
586 4271 719 4341 άγία
750 4272 917 4336 ἐστὶν,
945 4272 1055 4325 οὐδ’
1088 4270 1468 4342 ὑποδημάτων.

2006 4266 2398 4322 mortalitatem
2438 4266 2777 4338 deposuerit,
2805 4268 2939 4323 vita.
2984 4266 3092 4324 Per
3128 4268 3273 4326 hanc
3316 4270 3461 4331 viam
3488 4273 3586 4341 qui

309 4364 571 4430 ambulat,
602 4369 829 4425 docetur
857 4369 904 4402 ιθ
934 4369 1066 4424 nihil
1094 4369 1148 4423 in
1179 4368 1325 4422 illam
1365 4368 1574 4433 tollere,
1613 4368 1740 4439 quia
1789 4366 1901 4437 ipsa
1954 4378 2124 4436 panes
2162 4365 2348 4429 habet,
2388 4373 2444 4419 et
2473 4378 2597 4433 qua
2633 4365 2699 4419 ad
2751 4365 2919 4421 vitam
2961 4364 3277 4434 pertimui;
3320 4381 3392 4423 ne
3429 4367 3585 4439 virga

309 4456 527 4528 quidem
570 4479 760 4533 egens,
795 4466 937 4534 quod
970 4464 1107 4520 nihil
1154 4466 1207 4519 in
1237 4464 1325 4519 illa
1376 4466 1586 4533 possint
1615 4466 1801 4521 hostes
1829 4481 1844 4529 ;
1894 4462 1990 4518 sed
2026 4474 2204 4528 neque
2237 4460 2461 4525 calceis,
2489 4461 2618 4529 quia
2651 4469 2842 4516 sancta
2874 4460 2968 4515 sit.

382 4549 470 4604 12.
512 4550 743 4607 Δύναται
787 4552 1037 4627 μέντοιγε
1076 4551 1140 4605 τό
1160 4566 1174 4582 ·
1226 4570 1246 4602 ι
1292 4549 1435 4620 Ἐγὼ
1478 4550 1630 4623 φωνὴ
1661 4550 1892 4622 βοῶντος

2071 4549 2160 4604 12.
2212 4548 2368 4604 Valet
2421 4558 2603 4604 autem
2662 4550 2995 4607 tantumdem
3045 4547 3175 4603 illud
3206 4564 3224 4600 :
3265 4548 3429 4620 «Ego
3477 4562 3582 4604 vox

304 4640 372 4696 ἐν
397 4643 462 4713 τῇ
501 4642 722 4716 ὶρήμῳ,
768 4665 787 4697 ι
833 4646 927 4700 καὶ
964 4643 1025 4698 τὺ
1064 4643 1214 4715 ἑξῆς,
1247 4643 1360 4697 ἰσον
1403 4638 1544 4697 εἶναι
1588 4642 1698 4714 τῷο
1752 4642 1892 4712 Ἐγώ

2002 4639 2295 4695 clamantis
2338 4639 2392 4694 in
2430 4639 2648 4695 deserto
2671 4640 2741 4705 ⁸⁷,
2767 4657 2787 4692 ι
2826 4648 2883 4695 et
2920 4639 3071 4708 quod
3115 4639 3391 4706 sequitur,
3433 4652 3499 4693 ac
3533 4639 3584 4695 si

304 4732 426 4804 εἰμι
478 4737 604 4807 περὶ
637 4730 699 4789 οὗ
743 4737 1085 4808 γέγραπται·
1143 4754 1163 4786 ι
1224 4733 1381 4804 Φωνὴ
1430 4732 1683 4804 βοῶντος,
1737 4752 1756 4784 ι
1814 4733 1891 4797 ὡς

1998 4736 2213 4792 diceres
2247 4754 2262 4790 :
2295 4735 2411 4807 Ego
2431 4750 2550 4791 sum
2585 4734 2676 4792 ille
2701 4736 2768 4795 de
2800 4750 2912 4806 quo
2951 4735 3217 4805 scriptum
3253 4744 3375 4788 est:
3409 4751 3430 4786 ι
3462 4732 3583 4789 Vox

308 4822 515 4891 βοῶντα
537 4822 673 4882 εἰναι
704 4829 798 4882 τὸν
838 4829 1113 4901 Ἰωάννην,
1153 4827 1250 4881 καὶ
1278 4826 1470 4881 τούτου
1492 4825 1591 4897 τὴν
1615 4825 1799 4898 φωνὴν
1830 4827 1889 4879 ὲν

1993 4825 2311 4892 clamantis,
2337 4845 2356 4878 ι
2407 4835 2468 4880 ut
2496 4825 2770 4882 clamante
2800 4825 3012 4882 Joanne
3033 4863 3050 4891 ,
3082 4839 3185 4882 vox
3218 4823 3380 4891 hujus
3411 4824 3577 4879 etiam

304 4918 377 4987 τῇ
425 4917 614 4991 ἐρήμῳ
660 4921 819 4994 βοᾷνοι
880 4940 901 4973 ι
956 4921 1234 4975 Εὑ)ύνατε
1279 4920 1380 4992 τὴν
1410 4918 1530 4972 ὁδὸν
1581 4918 1809 4990 Κυρίου.
1864 4937 1883 4969 ι

1994 4918 2195 4974 clamet
2231 4935 2247 4973 :
2287 4935 2307 4970 t
2345 4917 2577 4989 Dirigite
2629 4919 2777 4974 viam
2814 4916 3051 4975 Domini.
3087 4936 3106 4970 ι
3166 4912 3580 4972 Maledicentius

302 5005 724 5079 Δυσφημότερον
747 5012 806 5065 δὲ
828 5014 857 5066 6
889 5010 1202 5086 ’Πρακλέων
1226 5027 1292 5064 πε
1301 5010 1354 5082 pi.
1389 5008 1637 5064 Ἰωάννου
1659 5010 1755 5063 καὶ
1781 5009 1889 5063 τῶν

1999 5017 2183 5085 autem
2255 5007 2559 5066 Heracleon
2600 5009 2668 5064 de
2709 5008 2924 5065 Joanne
2983 5009 3142 5080 121
3196 5022 3253 5063 et
3302 5005 3583 5077 prophetis

302 5098 604 5170 προφητῶν
652 5098 1054 5175 διαλαμϐάνων,
1095 5104 1263 5175 φησὶν
1280 5141 1295 5168 ,
1334 5102 1417 5156 ὅτι
1454 5102 1485 5154 6
1518 5100 1690 5170 Λόγος
1717 5101 1817 5171 μὲν
1860 5102 1890 5155 6

1999 5099 2468 5172 disserensinqoit
2492 5100 2813 5160 Sermonem
2833 5117 2960 5159 esse
2985 5104 3361 5166 Servatorem;
3387 5113 3579 5156 vocem

380 5208 431 5281 ff
472 5205 627 5281 Joan.
676 5210 843 5281 “7723.
958 5212 1004 5244 ⁸⁸
1033 5211 1194 5266 Prov.
1233 5226 1308 5276 Iv,
1334 5209 1426 5264 ‘27.
1536 5207 1581 5281 ff
1610 5205 1754 5281 Psal.
1789 5224 1842 5273 x,
1870 5208 1925 5265 8.
2032 5212 2077 5245 ³⁸
2104 5212 2246 5268 Psal.
2282 5229 2357 5281 tv,
2383 5214 2436 5271 7.
2545 5214 2590 5247 ”
2632 5213 2747 5270 Jer.
2791 5232 2863 5279 vt,
2902 5216 2993 5271 l6.
3101 5215 3148 5246 ⁸ο
3177 5212 3342 5267 Joan.
3381 5226 3491 5273 xiv,
3523 5212 3580 5267 6.

300 5277 844 5415 :lilatthhxtltéff.’
900 5282 1172 5408 gsﬂatth.
1207 5296 1336 5346 xxv,
1362 5281 1454 5334 21.
1533 5278 1580 5313 ⁸³
1606 5276 1797 5334 Matth.
1835 5296 1931 5350 vn,
1957 5281 2046 5348 i3,
2082 5284 2173 5339 14.
2248 5284 2300 5317 ⁴⁶
2329 5276 2500 5340 Exod.
2536 5301 2620 5349 ιιι,
2643 5290 2697 5343 5.
2774 5286 2819 5319 “
2848 5276 3008 5343 Joan.
3030 5301 3142 5349 xlv,
3174 5288 3230 5337 6.
3306 5282 3355 5314 “
3380 5282 3576 5337 Matth.

472 5388 487 5402 .
779 5392 794 5407 .
849 5393 867 5420 ,
981 5393 998 5407 .

377 5445 457 5516 (⁵)
923 5448 1077 5529 μήτε
1098 5446 1401 5529 εἰςιδεειὰ,
1438 5445 1593 5529 μήτε
1645 5445 1891 5529 εἰςΔᾴριτ

2007 5527 2017 5529 ξ
2179 5444 2373 5529 ξρπερ.
2402 5445 2514 5529 ὁρᾷ
2564 5444 2813 5529 ςίῳτζζει.
2865 5447 2975 5529 Ita-
3005 5446 3171 5502 codex
3217 5444 3569 5509 Bodleiauus;

533 5517 660 5604 “Sic.
679 5519 823 5604 hunc
843 5513 1172 5604 scripturae
1191 5519 1389 5604 lapilli;
1413 5513 1621 5604 optime
1655 5513 1892 5604 restituit

1997 5513 3212 5604 θᾱίιρρὲιιξθιὶἰ,ὅπερδξόρᾷφξυτίξξιι-ΙΗῌ
3279 5600 3297 5604 _
3408 5579 3491 5604 _,,

308 5578 484 5641 taedia
533 5585 889 5653 Bodleianus;
924 5578 1181 5646 mendose
1237 5589 1290 5643 iu
1348 5578 1522 5660 Regio
1573 5587 1770 5658 legitur
1813 5584 1890 5657 μὴ

307 5652 562 5728 ἐκκλίνῃς
597 5658 733 5728 μήτε
759 5656 1043 5728 ἀριστερά.
1770 5726 1801 5728 υ
1837 5726 1846 5728 _

2067 5584 2144 5656 (6)
2171 5578 2580 5655 tbuoadpxon'r.
2620 5578 2724 5643 Sic'
2746 5578 2919 5644 codex
2952 5578 3339 5649 'Bodleiauus;
3402 5578 3581 5642 ediﬁo

1996 5652 2204 5728 Hueitii,
2237 5656 2688 5728 μεγαλοσάρκων.
2997 5726 3006 5728 _

314 5658 733 5745 tulivggpqce
759 5658 1043 5782 ἀριπιὲρά.
1438 5658 1452 5660 ’
1473 5728 1485 5741 ,
1793 5727 1803 5739 υ
1836 5726 1848 5737 .

382 5728 460 5796 (Δ)
510 5732 879 5793 Ευθυτητας.
975 5743 1024 5783 tc
1068 5728 1235 5784 codex
1303 5728 1666 5796 Bodlenanus;
1720 5726 1888 5784 edttto

314 5789 516 5864 Buetii,
551 5796 843 5867 εὐθύτητα.

1996 5658 2204 5721 ﬂuetii,
2237 5658 2688 5728 μεγαλοσάρκων.

2068 5727 2148 5797 (7)
2181 5728 2368 5783 Codex
2399 5727 2740 5796 Bodleianus,
2767 5726 3200 5796 ἀπολυσάμενος.

556 5893 832 5952 Pyram.
896 5889 1017 5951 Gtt.
1071 5891 1243 5955 XIV.
1650 5966 1655 5969 _
2040 5957 2127 5967 __
3248 5880 3290 5943 8

2092 5957 2127 5967 α
