4194 6436
622 369 731 427 235

2110 358 2433 415 OBlGENIS

3791 365 3890 421 936

624 499 723 558 per
745 481 1011 538 Joannem
1039 478 1301 550 intelligi;
1344 491 1544 534 sonum
1568 489 1701 532 vero
1736 490 1858 533 esse
1888 475 2203 533 universum

2310 477 2499 549 Σωτήρ
2530 480 2699 546 ἐστιν,
2731 480 2881 551 φωνὴ
2907 481 2961 534 δέ
2990 483 3021 553 ή
3058 484 3114 535 ἐν
3140 485 3204 555 τῇ
3230 483 3423 555 ἐρήμῳ
3454 485 3486 555 ή
3512 482 3601 538 διὰ
3644 452 3889 539 Ἰωάννου

624 575 1015 648 prophetarum
1079 572 1349 628 ordinem.
1410 570 1615 625 Contra
1664 583 1828 637 quem
1894 567 2203 633 dicendum,

621 662 1084 738 quemadmodum
1133 664 1180 718 si
1224 662 1489 718 incertam
1547 676 1737 717 vocem
1794 660 1922 716 tuba
1972 660 2205 727 dederit,

625 761 810 815 nullus
836 760 1141 814 adornatur
1172 757 1237 811 ad
1260 757 1465 813 bellum
1500 756 1569 821 ⁸⁸,
1601 766 1657 811 et
1683 756 1776 827 qui
1805 756 1924 811 sine
1941 755 2209 811 charitate

626 851 1015 924 mysteriorum
1061 849 1431 921 cognitionem
1479 864 1577 906 seu
1636 848 1983 918 prophetiam
2021 848 2207 915 habet,

625 944 807 999 factus
846 952 924 997 est
962 956 1035 997 aes
1062 955 1350 1007 resonans,
1382 949 1479 995 aut
1513 940 1824 1011 cymbalum
1856 940 2092 997 tinniens
2121 939 2205 1007 l*9;

628 1037 705 1091 ita
737 1038 782 1090 si
819 1035 951 1090 nihil
986 1033 1135 1090 aliud
1190 1048 1295 1088 vox
1334 1034 1651 1104 prophetica
1687 1033 1756 1088 sit
1804 1047 1971 1103 quam
2018 1046 2205 1097 sonus,

628 1127 901 1197 quomodo
936 1127 1221 1181 remittens
1248 1125 1315 1180 ad
1362 1138 1482 1181 eam
1533 1140 1635 1180 nos
1668 1122 1929 1179 Servator
1952 1122 2086 1178 dicit
2114 1123 2159 1155 ⁸ο
2190 1140 2205 1176 :

637 1239 657 1272 ι
690 1220 1025 1276 Scrutamini
1058 1219 1392 1289 Scripturas,
1425 1216 1553 1285 quia
1580 1230 1677 1271 vos
1707 1213 1966 1269 videmini
2001 1215 2053 1267 iu
2078 1214 2208 1282 ipsis

629 1313 800 1368 vitam
845 1324 1106 1369 aeternam
1157 1312 1358 1367 habere
1396 1323 1410 1363 :
1443 1317 1500 1364 et
1548 1308 1653 1364 illa:
1693 1317 1824 1364 sunt
1865 1321 1986 1377 qua:
2020 1306 2211 1361 testifi-

631 1415 832 1463 cantur
883 1408 951 1462 de
995 1419 1082 1461 me
1109 1422 1125 1472 ;
1153 1423 1171 1457 ι
1234 1412 1290 1458 et
1324 1402 1367 1435 ⁸³
1397 1420 1411 1456 :
1448 1420 1468 1454 ι
1505 1399 1565 1456 Si
1597 1398 1974 1456 credidissetis
2007 1397 2206 1469 Moysi,

632 1500 1013 1557 credidissetis
1081 1497 1271 1567 utique
1322 1505 1378 1551 et
1441 1492 1577 1549 mihi
1620 1495 1741 1548 :de
1790 1505 1878 1547 me
1925 1491 2070 1547 enim
2122 1491 2210 1546 ille

631 1594 891 1663 scripsit;
925 1611 945 1645 ι
1002 1599 1058 1647 et
1115 1590 1208 1643 ἐξ
1271 1586 1465 1643 «Bene
1537 1585 1887 1658 prophetavit
1933 1584 2000 1640 de
2054 1583 2210 1640 vobis

632 1685 820 1750 lsaias,
866 1686 1090 1740 dicens:
1124 1680 1360 1754 Populus
1406 1681 1497 1736 hic
1548 1678 1710 1735 labiis
1756 1692 1845 1734 me
1898 1678 2153 1733 honorat.
2182 1694 2205 1731 ι

631 1778 788 1835 Haud
825 1777 972 1833 enim
1012 1775 1129 1833 scio
1180 1790 1249 1830 an
1287 1771 1692 1829 rationabiliter
1717 1769 1973 1826 admittet
2011 1768 2208 1839 aliquis

2307 568 2680 640 διανοουμένη,
2705 566 2838 643 ἦχος
2862 572 2919 625 δὲ
2946 576 3094 627 πᾶσα
3113 575 3426 647 προφητικὴ
3447 574 3601 640 τάξις
3623 616 3636 629 .
3659 576 3891 629 Λεκτέον

2306 660 2363 714 δέ
2394 661 2529 733 πρὸς
2559 662 2741 731 αὐτὸν,
2770 664 2873 729 ὅτι,
2899 663 3089 736 ὥσπερ
3144 666 3237 720 ἐὰν
3277 666 3472 737 ἄδηλον
3509 666 3743 736 σάλπιγξ
3777 684 3889 735 φω-

2307 752 2405 822 νὴν
2440 752 2535 824 δῷ,
2564 753 2737 818 οὐδεὶς
2786 756 3267 826 παρασκευάζεται
3312 758 3393 821 είς
3422 757 3680 829 πόλεμον,
3724 757 3821 810 καὶ⁵
3867 758 3896 811 ὁ

2307 848 2476 920 χωρὶς
2521 848 2744 921 ἀγάπης
2795 849 2935 920 ἔχων
2990 850 3192 920 γνῶσιν
3242 852 3558 924 μυστηρίων
3599 852 3635 924 ἢ
3681 868 3896 925 προφη-
3952 864 3955 865 ⁷

2306 939 2457 994 τείαν
2487 941 2678 1011 γέγονε
2704 941 2900 1012 χαλκὸς
2919 942 3088 1013 ὴχῶν,
3115 944 3148 1014 ἢ
3177 943 3245 997 κύ
3253 942 3456 1015 μϐαλον
3479 940 3747 1007 ἀλαλάζον
3765 959 3780 973 ⁸
3807 940 3897 995 οὖ-

2308 1048 2434 1095 τως,
2461 1031 2510 1083 εί
2538 1031 2705 1104 μηδέν
2729 1032 2876 1087 ἐστιν
2897 1032 3085 1107 ἕτερον
3115 1035 3149 1105 ἢ
3171 1029 3304 1106 ἦχος
3326 1037 3361 1106 ή
3384 1034 3697 1107 προφητικὴ
3721 1032 3893 1107 φωνὴ,

2308 1123 2423 1187 πῶς
2452 1125 2793 1196 ἀναπέμπων
2820 1128 2971 1197 ἡμᾶς
2998 1127 3087 1179 ἐπ’
3117 1126 3289 1199 αὐτὴν
3315 1128 3345 1179 ὁ
3385 1125 3598 1199 Σωτὴρ,
3643 1144 3663 1179 ι
3711 1126 3894 1198 Ἐρευι-

2307 1215 2456 1277 νᾶτε,
2498 1233 2517 1266 ι
2565 1216 2719 1287 φησὶ,
2762 1235 2780 1268 ι
2830 1216 2931 1281 τάς
2975 1216 3221 1289 Γραφάς,
3266 1218 3350 1271 ὅτι
3398 1218 3557 1290 ὑμεῖς
3587 1216 3793 1271 δοκεῖτε
3835 1217 3893 1270 ἐν

2307 1308 2498 1371 αὐταῖς
2521 1305 2667 1380 ζωὴν
2690 1305 2909 1364 αἰώνιον
2931 1310 3077 1382 ἔχειν
3096 1328 3109 1341 ο
3137 1312 3235 1365 καὶ
3257 1311 3465 1365 ἐκεῖναί
3488 1310 3626 1364 εἰσιν
3660 1310 3719 1364 αἱ
3750 1327 3891 1382 μαρ-

2306 1398 2566 1469 τυροῦσαι
2589 1417 2602 1430 ·
2633 1421 2650 1453 ο
2680 1402 2803 1455 καί·
2834 1420 2853 1454 ι
2884 1403 2946 1456 Εἰ
2973 1402 3288 1456 ἐπιστεύετε
3307 1401 3894 1468 Μωῦσεῖ,ἐπιστεύετε

2306 1490 2371 1543 ἀν
2393 1492 2536 1563 ἐμοί·
2561 1495 2692 1567 περὶ
2718 1494 2828 1566 γὰρ
2853 1493 2988 1566 ἐμοῦ
3019 1498 3226 1559 ἐκεῖνος
3245 1493 3480 1566 ἐγραψε’
3516 1513 3535 1547 ι
3569 1493 3694 1548 καί-
3732 1513 3751 1544 ι
3775 1494 3892 1546 Κα-

2306 1582 2414 1648 λῶς
2440 1585 2819 1657 προεφήτευσε
2846 1587 2977 1658 περὶ
3006 1586 3161 1657 ὑμῶν
3187 1585 3438 1651 Ἡσαΐας,
3465 1584 3660 1655 λέγων’
3688 1585 3747 1641 '0
3770 1584 3895 1647 λαὸς

2307 1669 2459 1740 οὗτος
2487 1678 2601 1740 τοῖς
2631 1675 2836 1747 χείλεσι
2876 1695 2946 1749 με
2984 1679 3138 1750 τιμᾷ
3194 1696 3212 1730 ι
3253 1678 3368 1732 Οὐκ
3401 1673 3519 1731 οἶδα
3565 1676 3676 1749 γὰρ
3720 1678 3770 1730 εί
3804 1676 3896 1730 τὸν

2308 1766 2522 1841 ἄσημον
2550 1763 2687 1840 ἦχον
2716 1769 3078 1840 παραδέξεταί
3102 1788 3186 1834 τις
3203 1771 3441 1840 εὐλόγως
3464 1771 3570 1824 ὑπὸ
3590 1771 3685 1824 τοῦ
3710 1769 3894 1840 Σωτῆ-

630 1870 904 1926 incertum
937 1881 1132 1924 sonum
1164 1881 1195 1921 a
1221 1865 1515 1921 Servatore
1551 1862 1764 1919 laudari
1789 1880 1805 1930 ;
1836 1860 1920 1917 vel
1950 1875 2019 1916 an
2048 1862 2208 1916 liceat

2314 1835 2854 1933 ρος-ἐπαινεῖσθαιξῆ
2889 1862 3065 1917 ἔνεστι
3094 1835 3621 1935 παρασκευάσασθαι
3649 1864 3758 1919 ἀπὸ
3788 1835 3896 1918 των

631 1979 698 2020 οι
730 1960 1028 2031 Scripturis
1055 1958 1148 2031 [ad
1169 1972 1307 2029 quas
1332 1954 1687 2027 remittimur]
1716 1969 1816 2011 ceu
1841 1970 1872 2009 a
1901 1968 2037 2009 voce
2066 1953 2208 2009 tubae

635 2054 890 2111 adornari
928 2054 995 2108 ad
1023 2052 1223 2108 bellum
1253 2058 1444 2107 contra
1500 2048 1781 2119 oppositas
1821 2045 2070 2102 actiones
2095 2087 2112 2114 ,
2161 2044 2208 2101 si

630 2160 799 2203 sonus
831 2145 1041 2202 dederit
1067 2144 1337 2199 incertam
1356 2156 1570 2198 vocem.
1589 2140 1836 2207 Quonam
1859 2139 2002 2194 enim
2023 2146 2206 2209 pacto,

631 2238 679 2293 si
713 2237 1038 2293 charitatem
1065 2249 1173 2289 non
1205 2233 1517 2287 habuerunt
1555 2230 1858 2299 prophetae,
1885 2232 1954 2286 ob
1979 2244 2209 2299 eamque

627 2342 851 2383 causam
881 2326 1049 2381 veluti
1081 2340 1156 2381 res
1181 2324 1531 2387 resonabant,
1571 2331 1665 2375 aut
1702 2330 1960 2391 tanquam
1988 2321 2210 2391 cymba-

624 2418 745 2477 lum
772 2418 1100 2478 tinniebant,
1127 2416 1196 2472 ad
1223 2429 1416 2472 sonum
1447 2415 1714 2485 ipsorum,
1740 2421 1800 2467 ut
1831 2411 1909 2466 illi
1944 2411 2210 2481 interpre-

632 2514 736 2569 tati
784 2521 939 2577 sunt,
993 2508 1222 2565 remittit
1274 2522 1373 2563 nos
1409 2505 1672 2562 Dominus
1728 2503 1853 2560 inde
1917 2502 2209 2558 utilitatem

633 2602 1026 2676 percepturos?
1056 2600 1270 2657 Rursus
1299 2599 1468 2656 etiam
1500 2599 1689 2654 nescio
1709 2594 1983 2667 quomodo
2004 2594 2211 2664 absque

632 2696 740 2753 ulla
790 2694 1111 2767 probatione
1180 2691 1429 2748 enuntiet
1499 2706 1690 2747 vocem
1750 2687 1992 2746 sermoni
2051 2688 2210 2743 valde

632 2786 1123 2849 accommodatam,
1150 2798 1456 2840 sermonem
1486 2782 1606 2839 ﬁeri
1636 2799 1650 2837 :
1682 2782 1838 2853 quasi
1864 2795 1997 2837 vero
2020 2781 2210 2836 mulie—

634 2895 750 2935 rem
783 2879 837 2933 in
864 2878 1040 2934 virum
1073 2882 1425 2932 transmutet.
1471 2872 1747 2930 Praeterea
1773 2873 1929 2943 quasi
1967 2880 2211 2944 potesta-

635 2981 744 3026 tem
774 2971 980 3027 habens
1003 2967 1272 3025 condendi
1299 2968 1580 3038 dogmata,
1610 2975 1667 3022 et
1691 2966 1857 3023 ﬁdem
1886 2966 1995 3023 sibi
2025 2965 2212 3035 acqui-

636 3059 812 3126 rendi,
851 3067 908 3115 et
938 3056 1281 3128 proﬁciendi,
1340 3055 1584 3113 futurum
1638 3056 1837 3127 inquit,
1893 3064 1957 3113 ut
2000 3057 2211 3114 sonitus

2310 1954 2567 2026 Γραφῶν,
2599 1956 2675 2019 ὡς
2712 1956 2821 2009 ἀπὸ
2854 1956 3040 2027 φωνῆς
3070 1956 3370 2025 σάλπιγγος
3413 1957 3498 2026 ἐφ’
3537 1956 3604 2021 ἃς
3650 1957 3897 2027 ἀναπεμ-

2313 2046 2525 2117 πόμεθα
2549 2048 2629 2112 είς
2657 2048 2749 2101 τὸν
2779 2048 2916 2121 πρὸς
2948 2048 3046 2112 τὰς
3078 2048 3462 2119 ἀντικειμένας
3487 2047 3767 2119 ἐνεργείας
3802 2046 3899 2101 πό-

2311 2140 2491 2211 λεμον,
2520 2141 2718 2211 ἀδήλου
2745 2142 2929 2213 φωνῆς
2953 2142 3086 2213 ήχου
3112 2142 3511 2215 τυγχανούσης,
3538 2142 3674 2196 Τίνα
3696 2140 3754 2195 δέ
3776 2141 3899 2213 τρό-

2312 2250 2411 2286 πον
2440 2234 2487 2286 εἰ
2532 2233 2608 2305 μὴ
2641 2232 2864 2305 ἀγάπην
2894 2230 3038 2305 εἶχον
3074 2236 3125 2288 οί
3161 2234 3459 2308 προφῆται,
3500 2233 3596 2290 καὶ
3630 2233 3717 2287 διὰ
3742 2232 3899 2287 τοῦτο

2309 2325 2507 2396 χαλκὸς
2528 2322 2668 2398 ἦσαν
2694 2326 2975 2398 ἠχοῦντες,
3006 2327 3039 2398 ἢ
3064 2326 3343 2399 κύμϐαλον
3372 2327 3659 2392 ἀλαλάζον,
3686 2326 3780 2379 ἐπὶ
3807 2325 3899 2379 τὸν

2309 2413 2441 2487 ἦχον
2470 2419 2671 2484 αὐτῶν,
2706 2420 2782 2484 ὡς
2810 2420 3010 2474 ἐκεῖνοι
3042 2421 3353 2492 εἰλήφασιν,
3387 2420 3705 2490 ἀναπέμπει
3726 2420 3755 2472 ὁ
3786 2418 3900 2471 Κύ-

2313 2528 2430 2583 ριος
2454 2511 3018 2584 ὡφεληθησομένους;
3049 2512 3162 2567 Ούκ
3198 2508 3315 2566 οἶδα
3348 2512 3391 2565 δ’
3421 2512 3571 2575 ὅπως
3602 2512 3773 2582 χωρὶς
3795 2510 3901 2566 πά-

2313 2623 2412 2677 σης
2438 2605 2787 2676 κατασκευῆς
2817 2605 3177 2673 ἀποφαίνεται
3202 2604 3306 2676 τὴν
3336 2603 3540 2675 φωνὴν,
3564 2604 3902 2675 οἰκειοτέραν

2310 2690 2475 2750 οὖσαν
2522 2695 2601 2767 τῷ
2641 2694 2806 2766 λόγῳ,
2855 2695 3012 2765 λόγον
3067 2694 3354 2764 γίνεσθαι,
3396 2694 3474 2759 ὡς
3524 2694 3621 2748 καὶ
3666 2693 3765 2765 τὴν
3805 2710 3902 2762 γυ-

2310 2789 2474 2842 ναῖκα
2528 2787 2610 2852 είς
2665 2786 2836 2861 ἄνδρα
2892 2786 3296 2859 μετατίθεσθαι.
3347 2786 3456 2840 Καὶ
3514 2785 3591 2849 ὡς
3653 2784 3902 2849 ἐξουσίαν

2312 2878 2451 2950 ἔχων
2482 2879 2578 2934 τοῦ
2599 2878 2973 2952 δογματίζειν,
3001 2880 3097 2934 καὶ¹
3135 2877 3514 2945 πιστεύεσθαι,
3561 2877 3654 2931 καὶ
3700 2877 3901 2948 προκό-

2312 2991 2488 3038 πτειν,
2522 2972 2600 3045 τῷ
2630 2975 2748 3046 ήχῳ
2783 2975 2948 3046 φησὶν
2968 2974 3187 3029 ἔσεσθαι
3218 2973 3318 3046 τὴν
3352 2974 3434 3037 εἱς
3459 2971 3641 3044 φωνὴν
3673 2972 3901 3044 μεταϐο-

2311 3066 2433 3138 λὴν,
2485 3065 2726 3137 μαθητοῦ
2781 3067 2880 3138 μὲν
2923 3066 3107 3138 χώραν
3152 3066 3328 3130 διδοὺς
3372 3069 3437 3137 τῇ
3490 3064 3903 3135 μεταϐαλλούσῃ

628 3161 877 3206 mutetur
920 3150 976 3204 in
1010 3164 1220 3214 vocem,
1270 3148 1389 3207 loco
1424 3148 1675 3218 discipuli
1715 3157 1960 3205 statuens
2015 3164 2207 3205 vocem

2312 3159 2392 3222 είς
2419 3157 2575 3225 λόγον
2614 3160 2788 3230 φωνῇ,
2824 3158 2858 3224 ἢ
2887 3157 3076 3212 δούλου
3104 3158 3161 3212 δὲ
3193 3160 3259 3229 τῇ
3291 3157 3399 3211 ἀπὸ
3425 3158 3559 3227 ἦχου
3588 3156 3669 3219 είς
3694 3156 3901 3225 φωνήν.

634 3251 1012 3299 transeuntem
1034 3242 1088 3298 in
1120 3257 1453 3307 sermonem,
1483 3240 1604 3297 loco
1628 3256 1762 3297 vero
1794 3242 1941 3298 servi
1969 3243 2209 3298 sonitum

632 3344 1009 3391 transeuntem
1038 3336 1099 3389 in
1154 3347 1365 3390 vocem.
1421 3333 1576 3401 Quod
1625 3334 1671 3389 si
1719 3334 2211 3405 quomodocunque

625 3428 905 3485 attulisset
931 3426 1140 3497 aliquas
1171 3424 1483 3497 probabiles
1498 3425 1739 3482 rationes
1764 3426 1819 3481 in
1848 3427 1934 3482 his
1955 3428 2211 3483 astruerf-

633 3520 738 3586 dis,
761 3520 1169 3577 laborassemus
1195 3519 1361 3574 etiam
1394 3533 1499 3574 nos
1526 3519 1578 3572 in
1611 3518 1699 3575 bis
1725 3517 2065 3575 refellendis.
2100 3517 2210 3575 Sed

629 3614 828 3673 sullicit
862 3616 931 3673 ad
952 3615 1071 3671 hac
1093 3612 1397 3671 refellenda
1422 3613 1567 3670 nuda
1595 3611 1935 3684 simplexque
1962 3612 2206 3684 negatio.

630 3708 740 3764 Sed
791 3722 895 3778 age
924 3747 941 3773 ,
1002 3705 1148 3776 quod
1212 3702 1607 3762 distuleramus
1662 3704 1716 3759 in
1772 3704 2209 3774 praecedentibus

630 3800 910 3870 inquirere
932 3837 949 3865 ,
977 3797 1248 3868 quomodo
1273 3807 1454 3854 motus
1485 3795 1590 3852 fuit
1612 3836 1630 3861 ,
1663 3813 1807 3852 nunc
1848 3796 2203 3852 disseramus.

629 3892 907 3954 Servator,
938 3890 1092 3960 juxta
1126 3888 1539 3956 Heracleonem,
1569 3887 1838 3945 Joannem
1867 3890 2046 3958 ipsum
2074 3888 2208 3944 dicit

628 3994 687 4041 et
708 3984 1028 4055 prophetam
1060 3994 1116 4040 et
1139 3982 1314 4039 Eliam
1347 3997 1363 4038 :
1393 3998 1627 4054 quorum
1670 3991 1965 4051 utrumque
1985 3996 2045 4038 se
2083 3995 2207 4037 esse

629 4086 793 4147 negat
847 4074 1126 4149 [Joannes
1184 4073 1380 4147 ipse;]
1438 4083 1703 4144 praeterea
1775 4073 2094 4143 prophetam
2151 4080 2208 4131 et

630 4168 806 4224 Eliam
825 4182 946 4223 cum
972 4167 1232 4223 Servator
1264 4167 1439 4237 ipsum
1461 4166 1627 4235 dicit(
1646 4166 1820 4236 inquit
1848 4163 2202 4235 Heracleon),

630 4273 741 4316 non
769 4259 943 4329 ipsum
976 4256 1244 4314 Joannem
1277 4257 1565 4325 declarat,
1617 4258 1712 4313 sed
1741 4272 1864 4327 quae
1906 4265 2034 4311 sunt
2058 4257 2205 4313 circa

626 4352 826 4422 ipsum;
857 4366 981 4407 cum
1010 4365 1140 4407 vero
1186 4348 1451 4419 majorem
1488 4350 1652 4405 etiam
1694 4348 1975 4419 prephetis
2014 4356 2071 4403 et
2118 4347 2206 4403 his

624 4446 718 4517 qui
746 4454 871 4499 sunt
916 4444 1059 4500 inter
1094 4454 1254 4500 natos
1284 4443 1597 4509 mulierum,
1654 4452 1784 4497 tunc
1824 4442 2000 4513 ipsum
2033 4439 2205 4496 Joan-

2316 3250 2428 3306 Καὶ
2457 3252 2508 3305 εἰ
2554 3251 2653 3322 μὲν
2691 3251 2841 3315 ὅπως
2873 3250 3005 3305 ποτὲ
3054 3250 3387 3321 πιθανότητα
3437 3248 3632 3319 ἔφερεν
3686 3248 3779 3300 ἐπὶ
3820 3243 3902 3317 τῷ

2315 3342 2454 3398 αύτά
2481 3343 2914 3406 κατασκευάσαι,
2944 3343 3047 3397 κᾶν
3075 3340 3467 3412 ἠγωνισάμεθα
3499 3340 3628 3410 περὶ
3650 3338 3750 3410 τῆς
3774 3335 3903 3391 τού-

2315 3452 2423 3490 των
2468 3434 2783 3507 ἀνατροπῆς
2804 3450 2818 3464 ·
2862 3435 3026 3506 ἀρκεῖ
3062 3434 3122 3488 δὲ
3155 3434 3235 3499 εἰς
3268 3431 3579 3505 ἀνατροπὴν
3612 3432 3646 3502 ή
3682 3430 3904 3501 ἀπαρα-

2319 3527 2556 3599 μύθητος
2582 3526 2878 3595 ἀπόφασις.
2910 3528 3089 3598 Ὅπερ
3113 3526 3172 3581 δὲ
3196 3523 3545 3599 ύπερθέμεθα
3570 3525 3629 3577 ἐν
3655 3525 3767 3586 τοῖς
3795 3520 3904 3593 πρὸ

2312 3619 2520 3675 τούτων
2556 3619 2806 3686 ἐξετάσαι
2846 3619 2964 3683 πῶς
2994 3619 3301 3690 κεκίνηται,
3336 3617 3432 3671 νῦν
3466 3617 3600 3687 φέρε
3631 3613 3903 3669 διαλάϐω-

2319 3728 2446 3783 μενο
2472 3713 2500 3765 ὁ
2532 3711 2631 3781 μὲν
2654 3711 2764 3783 γάρ
2790 3711 3004 3783 Σωτὴρ,
3032 3711 3175 3766 κατὰ
3197 3712 3291 3765 τὸν
3330 3709 3704 3783 Ἡρακλέωνα,
3733 3705 3904 3778 φησὶν

2314 3805 2476 3860 αὑτὸν
2515 3807 2609 3859 καὶ
2647 3807 2933 3878 προφήτην
2968 3807 3064 3860 καὶ
3110 3806 3325 3861 Ἠλίαν·
3364 3805 3525 3870 αὐτὸς
3553 3805 3611 3859 δὲ
3641 3805 3903 3875 ἑκάτερον

2311 3898 2517 3954 τούτων
2565 3900 2837 3970 ἀρνεῖται·
2890 3900 2985 3954 καὶ
3035 3900 3322 3973 προφήτην
3367 3900 3467 3971 μὲν
3510 3899 3603 3953 καὶ
3648 3896 3833 3951 Ἠλίαν
3869 3896 3904 3950 ὁ

2312 3985 2506 4059 Σωτὴρ
2545 3986 2683 4041 ἐπὰν
2716 3986 2880 4042 αύτδν
2910 3988 3074 4063 λέγῃ,
3106 3990 3207 4043 οὐκ
3250 3990 3444 4053 αὐτὸν,
3490 3988 3629 4043 ἀλλά
3662 3987 3731 4042 τὰ
3770 3986 3902 4059 περὶ

2312 4077 2501 4142 αὑτοῦ,
2555 4078 2708 4149 φησὶ,
2754 4079 3027 4134 διδάσκει’
3059 4082 3189 4135 ὅταν
3228 4080 3285 4133 δέ
3333 4081 3555 4153 μείζονα
3599 4078 3901 4152 προφητῶν

2311 4169 2408 4223 καὶ
2439 4170 2498 4221 ἐν
2522 4172 2802 4241 γεννητοῖς
2826 4171 3120 4240 γυναικῶν,
3157 4172 3278 4226 τότε
3309 4173 3474 4227 αὐτὸν
3506 4172 3597 4226 τὸν
3644 4172 3902 4243 Ἰωάννην

2312 4262 2726 4332 χαρακτηρίζει.
2756 4263 2929 4327 Αὐτὸς
2966 4263 3045 4328 δὲ,
3084 4266 3237 4335 φησὶ,
3279 4266 3408 4337 περὶ
3446 4262 3640 4318 ἐαυτοῦ
3676 4263 3893 4337 ἐρωτώ-

2315 4371 2474 4425 μενος
2519 4356 2873 4427 ἀποκρίνεται
2913 4357 2943 4409 ὁ
2985 4357 3259 4427 Ἰωάννης,
3312 4359 3373 4410 ού
3418 4356 3486 4411 τά
3531 4357 3658 4429 περὶ
3706 4351 3893 4407 αὐτόν.

2314 4448 2482 4518 Ὃσην
2507 4447 2564 4500 δὲ
2591 4448 2818 4518 βάσανον
2840 4452 3004 4521 ἡμεῖς
3023 4452 3151 4521 περὶ
3178 4449 3384 4504 τούτων
3413 4448 3555 4504 κατά
3582 4450 3641 4501 τὸ
3667 4442 3895 4498 δυνατὸν

625 4552 747 4594 nem
783 4537 1048 4608 designat.
1088 4534 1344 4603 Proinde,
1391 4535 1568 4605 inquit
1594 4532 1923 4601 Heracleon,
1965 4531 2200 4588 Joannes

2310 4541 2678 4613 πεποιήμεθα,
2711 4541 2863 4596 ούδέν
2897 4540 3329 4614 ἀπαραμύθητον
3364 4540 3562 4604 ἐῶντες
3591 4536 3701 4590 τῶν
3733 4534 3894 4601 λεγο-

622 4630 739 4700 ipse
766 4630 1154 4699 interrogatus,
1187 4628 1254 4683 de
1281 4627 1462 4696 seipse
1492 4625 1823 4697 respondet,
1866 4640 1975 4681 non
2013 4625 2081 4681 de
2116 4626 2201 4681 his

2310 4631 2487 4703 μένων
2537 4634 2679 4706 ὅρων
2725 4636 3016 4705 συγκρῖναι
3061 4636 3173 4698 τοῖς
3214 4632 3319 4686 ὑπὸ
3366 4629 3758 4705 Ἡρακλέωνος,
3794 4624 3894 4677 atas

620 4740 743 4796 quae
780 4723 923 4781 circa
956 4723 1193 4793 seipsum
1235 4731 1382 4780 sunt.
1432 4722 1590 4792 122
1629 4719 1896 4777 Caeterum
1946 4735 2199 4793 magnam

2310 4722 2406 4776 οὐκ
2432 4721 2681 4788 ἐξουσίαν
2712 4722 2929 4794 ἔχοντος
2954 4722 3049 4776 τοῦ
3080 4722 3262 4792 λέγειν
3285 4721 3315 4775 ὃ
3345 4721 3614 4792 βούλεται,
3647 4717 3896 4783 ἀποφαν-

621 4818 956 4889 diligentiam
981 4818 1049 4872 de
1095 4817 1246 4872 hisce
1287 4816 1453 4872 rebus
1488 4832 1588 4887 pro
1626 4816 1772 4871 virili
1826 4816 2196 4883 adhibuimus,

2310 4810 2463 4865 θεῖσι.
2498 4813 2620 4878 Πῶς
2653 4814 2782 4884 γὰρ,
2809 4815 2891 4867 ὅτι
2916 4815 3045 4884 περὶ
3079 4813 3240 4867 αὐτόν
3266 4815 3382 4866 ἐστι
3414 4814 3475 4866 τὸ
3513 4810 3699 4865 Ἠλίαν
3729 4804 3895 4862 αὐτὸν

623 4922 681 4965 ut
714 4910 849 4965 nihil
876 4926 980 4966 non
1004 4909 1389 4966 conﬁrmatum
1415 4909 1816 4977 omitteremus,
1841 4924 1951 4980 quo
1975 4925 2202 4980 compa-

2310 4906 2400 4958 καὶ
2423 4907 2712 4978 προφήτην
2746 4901 2907 4969 εἶναι,
2944 4907 3040 4961 καῖ¹
3073 4907 3202 4976 περὶ
3230 4905 3396 4979 αύτοοῦ
3424 4906 3485 4958 τὸ
3516 4904 3699 4975 φωνὴν
3726 4898 3895 4953 αὑτὸν

621 5011 875 5059 rarentur
901 5001 1142 5066 termini,
1168 5015 1308 5071 quos
1337 5008 1556 5069 vocant,
1595 5016 1719 5057 cum
1748 5001 1834 5056 his
1864 5015 1985 5072 quae
2017 5016 2195 5055 enun-

2310 4993 2445 5050 εἶναι
2484 4997 2714 5067 βοῶντος
2745 5000 2803 5053 ἐν
2833 5001 2898 5070 τῇ
2929 5000 3142 5070 ἐρήμῳ,
3173 4999 3293 5054 οὐδὲ
3326 4998 3468 5053 κατὰ
3495 4998 3558 5050 τὸ
3580 4992 3740 5063 τυχὸν
3766 5008 3898 5045 πει·-

617 5096 753 5151 tiata
787 5094 1010 5150 fuerunt
1035 5094 1104 5149 ab
1131 5093 1723 5165 Heracleone:quippe
1739 5094 1830 5165 qui
1863 5108 1971 5148 non
2004 5092 2200 5148 habeat

2310 5089 2468 5159 ρᾶται
2504 5089 2907 5155 ἀποδεικνύναι,
2944 5091 3083 5144 ἀλλά
3116 5091 3313 5163 χρῆται
3342 5084 3768 5159 παραδείγματι,
3803 5084 3898 5136 ὅτι

616 5194 944 5261 potestatem
1001 5185 1218 5241 dicendi
1279 5185 1541 5257 quidquid
1618 5185 1775 5241 velit.
1858 5182 1973 5251 Qua
2052 5183 2196 5238 enim

2310 5179 2371 5233 τά
2402 5180 2530 5251 περὶ
2562 5180 2724 5235 αὑτὸν
2760 5181 2926 5235 οἱονεὶ
2957 5182 3233 5254 ἐνδύματα
3259 5177 3327 5254 ἦν
3363 5179 3527 5249 ἔτερα
3558 5174 3756 5230 αὑτοῦ·
3791 5174 3897 5228 καὶ

617 5283 857 5347 ratione,
893 5296 961 5335 ne
1003 5280 1196 5335 leviter
1238 5280 1482 5349 quidem,
1532 5276 1767 5347 probare
1818 5286 2048 5331 conatur
2093 5276 2198 5330 hoc

2310 5272 2403 5324 οὐκ
2428 5271 2495 5326 ἂν
2527 5271 2823 5345 ἐρωτηθεὶς
2849 5274 2980 5345 περὶ
3010 5274 3120 5330 τῶν
3150 5272 3484 5342 ἐνδυμάτων,
3511 5269 3560 5321 εί
3598 5266 3762 5329 αὐτὸς
3800 5266 3893 5336 εἴη

618 5374 805 5444 (quod
839 5373 1047 5428 scilicet
1077 5368 1315 5425 Joannes
1340 5411 1354 5435 ,
1387 5381 1661 5441 quatenus
1689 5378 1771 5424 est
1799 5367 2061 5438 propheta
2084 5407 2101 5433 ,
2142 5374 2199 5422 et

2310 5366 2375 5418 τὰ
2410 5364 2704 5435 ἐνδύματα,
2747 5366 3019 5438 ἀπεκρίθη
3048 5366 3114 5420 ἂν
3140 5366 3221 5427 τὸ,
3254 5363 3391 5418 Ναίο
3434 5359 3557 5422 Πῶς
3599 5359 3708 5430 γάρ
3735 5356 3899 5410 ἐνδύ-

620 5464 788 5532 Elias,
823 5473 879 5520 et
904 5478 1013 5518 vox
1038 5462 1323 5518 clamantis
1357 5463 1409 5517 iu
1434 5461 1695 5531 deserto)
1719 5475 1843 5515 esse
1865 5474 1934 5514 ex
1965 5472 2196 5513 numero

2310 5474 2455 5527 ματα
2497 5458 2558 5510 τὸ
2610 5454 2750 5513 εἶναι
2799 5461 2889 5511 τὸν
2951 5458 3137 5513 Ἠλίαν
3185 5461 3275 5512 τὸν
3322 5453 3581 5525 μέλλοντα
3630 5450 3897 5523 ἔρχεσθαι

618 5570 805 5613 eorum
835 5572 954 5627 quae
975 5563 1102 5612 sunt
1131 5556 1279 5613 circa
1321 5555 1496 5623 ipsum
1519 5595 1536 5621 ,
1586 5555 1684 5610 sed
1717 5554 1887 5608 utitur
1919 5551 2193 5622 exemplo,

2319 5550 2588 5617 Ἰωάννου,
2622 5552 2684 5604 οὐ
2724 5552 2863 5606 πάνυ
2899 5569 2952 5604 τι
2983 5553 3105 5606 κατ’
3139 5548 3301 5605 αὑτὸν
3332 5545 3555 5617 θεωρῶ·
3591 5545 3732 5616 τάχα
3758 5542 3897 5600 καθ’

618 5647 765 5717 quod
793 5663 914 5715 qua:
942 5656 1072 5721 sunt
1103 5649 1245 5703 circa
1290 5648 1465 5717 ipsum
1501 5647 1615 5701 sint
1660 5645 1825 5699 veluti
1868 5645 2192 5699 vestimenta

2310 5644 2456 5713 ἡμᾶς
2489 5643 2564 5707 ὡς
2594 5643 2927 5715 δεδυνήμεθα
2969 5640 3409 5715 διηγησαμένους
3443 5640 3526 5704 τὸ,
3569 5658 3588 5691 ι
3630 5641 3688 5693 ἐν
3718 5634 3891 5692 πνεύ-

693 5822 912 5883 “lCor
969 5842 1083 5888 xiv.
1119 5828 1173 5885 8.
1247 5827 1291 5861 δ’
1320 5824 1487 5885 lCor.
1514 5841 1636 5893 xm,
1666 5827 1721 5895 l,
1757 5826 1814 5887 2.
1888 5828 1935 5862 ⁸ο
1968 5824 2124 5886 Joan.
2159 5842 2208 5899 ν,

2310 5830 2340 5887 l.
2415 5825 2459 5859 “
2494 5824 2623 5882 ibid.
2651 5824 2738 5880 46.
2818 5824 2861 5858 ’³
2886 5823 3078 5881 Matth.
3110 5838 3201 5891 xv,
3224 5821 3277 5889 7,
3305 5819 3360 5878 8.
