4194 6410
462 390 567 446 237

1522 386 1875 445 COMMENT.
1912 387 1980 443 IN
2016 385 2208 442 JOAN.
2251 385 2490 443 TOMUS
2527 387 2616 444 Vl.

3599 392 3707 451 238

466 521 595 577 ματι
615 506 710 559 καὶ
735 504 966 577 δυνάμει
1011 505 1212 571 Ἠλίου,
1249 524 1266 556 ι
1300 504 1600 576 δυναμένου
1637 522 1754 569 πως
1784 504 2037 574 λέγεσθαι

2144 505 2355 561 diversa
2382 506 2451 559 ah
2491 519 2558 562 eo
2595 515 2687 561 :ct
2712 505 2856 574 quod
2886 506 3255 579 interrogatus
3292 508 3364 562 de
3415 507 3708 565 vestimen-

458 598 618 654 τοῦτο
647 599 708 653 τὸ
740 599 959 670 πνεῦμα
996 600 1176 653 Ἠλίου
1208 601 1266 653 ὲν
1286 599 1515 670 δυνάμει
1552 596 1691 654 εἶναι
1720 600 1820 670 τῆς
1855 598 2034 652 Ἰωάν-

379 753 383 757 _
458 708 553 747 vett
585 690 784 761 ψυχῆς.
819 690 1001 744 Θέλων
1033 690 1089 743 δέ
1122 707 1206 754 τις
1242 688 1318 761 (8)
1364 690 1713 762 παραστῆσαι
1750 690 1838 744 διὰ
1864 689 1916 743 τί
1961 690 2035 742 ίε-

424 765 438 797 ⁷
463 783 579 853 ρεῖς
604 782 696 835 καὶ
724 779 946 835 Λευῖται
977 781 1027 834 οί
1061 778 1445 852 ἐπερωτῶντες
1476 780 1586 834 ἀπὸ
1615 779 1724 833 τῶν
1769 778 2035 833 Ἰουδαίων

462 872 804 943 πεμφθέντες
828 873 985 938 εἰσὶν,
1010 872 1069 925 ού
1103 870 1288 934 κακῶς
1318 872 1415 942 μὲν
1435 872 1584 940 λέγοι
1615 871 1696 934 τὸ,
1723 871 1805 924 ὅτι
1826 869 2035 933 τούτοις

459 964 737 1035 προσῆκον
768 959 837 1035 ἦν
881 964 1008 1036 περὶ
1046 963 1249 1018 τούτων
1280 963 1754 1035 πολυπραγμονεῖν
1783 962 2037 1015 κα“ι”πυν-

460 1054 715 1111 θάνεσθαι
751 1059 862 1121 τοῖς
889 1056 968 1128 τῷ
993 1056 1112 1127 Θεῷ
1145 1056 1664 1129 προσκαρτεροῦσιν.
1696 1057 1770 1111 Οὐ
1808 1055 1949 1109 πάνυ
1977 1053 2035 1108 δὲ

457 1147 842 1220 ἑξητασμένως
872 1149 953 1217 τὸ,
991 1151 1074 1204 ὅτι
1102 1150 1195 1204 καὶ
1218 1149 1382 1213 αὐτὸς
1412 1150 1476 1203 ἐκ
1495 1150 1595 1219 τῆς
1617 1148 1907 1219 Λευῖτικῆς
1934 1165 2033 1218 φυ-

457 1240 558 1311 λῆς
596 1236 686 1312 ἦν,
718 1240 908 1312 ὥσπερ
944 1240 1276 1312 ἀποροῦντες
1315 1242 1473 1311 ἡμεῖς
1511 1239 1885 1311 ὲξητάσαμεν·
1929 1240 2033 1305 ὅτι,

456 1335 510 1386 εί
542 1333 761 1405 ᾔδεισαν
789 1333 882 1386 τὸν
928 1332 1183 1403 Ἰωάννην
1224 1333 1273 1385 οί
1306 1332 1666 1403 πεμφθέντες,
1699 1332 1792 1385 καὶ
1818 1329 1916 1402 τήν
1946 1329 2037 1399 γέ-

458 1439 606 1475 νεσιν
632 1421 820 1485 αὑτοῦ,
854 1422 972 1485 πῶς
1003 1420 1185 1492 χώραν
1208 1417 1352 1492 εἶχον
1383 1421 1746 1476 πυνθάνεσθαι
1770 1420 2034 1493 περὶτοῦ,

456 1515 510 1567 εί
541 1514 706 1578 αὐτὸς
753 1513 938 1578 Ἠλίας
986 1514 1167 1579 ὲστίν;
1216 1514 1326 1568 Kal
1362 1512 1524 1567 πάλιν
1556 1515 1613 1566 ἐν
1653 1512 1730 1583 τῷ
1764 1512 2035 1585 περὶτοῦ,

464 1625 485 1658 ι
523 1608 586 1660 Εἰ
626 1607 656 1658 ὁ
691 1606 975 1678 προφήτης
1013 1600 1065 1659 εἴ
1097 1605 1199 1672 σύ;
1233 1626 1249 1658 ι
1287 1607 1451 1677 μηδὲν
1491 1607 1767 1677 ἐξαίρετον
1795 1606 2040 1676 οἰόμενος

460 1698 827 1770 σημαίνεσθαι
857 1698 1001 1753 κατὰ
1030 1698 1131 1770 τὴν
1156 1700 1475 1771 προσθήκην
1501 1700 1594 1754 τοῦ
1619 1700 1842 1772 ἄρθρου,
1866 1698 2036 1767 λέγει,

456 1793 543 1847 ὅτι
573 1790 937 1864 ἐπηρώτησαν
962 1790 1010 1844 εί
1040 1792 1327 1862 προφήτης
1351 1793 1459 1864 εἴη,
1486 1793 1547 1846 τὸ
1579 1795 1883 1862 κοινότερον
1918 1791 2039 1861 βου-

2139 596 2231 662 tis,
2277 611 2343 651 an
2402 597 2518 664 ipse
2567 596 2889 652 vestimenta
2953 608 3118 663 esset,
3177 614 3283 652 non
3339 599 3708 667 respondisset

2137 687 2289 755 illud,
2324 687 2457 744 Na}?
2487 689 2767 757 Quomodo
2816 689 2960 744 enim
2993 689 3315 745 vestimenta
3353 687 3577 746 JOanuis
3605 690 3711 747 hoc

2136 780 2227 844 sit,
2282 794 2407 836 esse
2453 781 2620 836 Etiam
2670 790 2980 849 venturum,
3032 798 3138 837 non
3175 783 3491 849 admodum,
3540 794 3598 839 ut
3637 784 3707 837 ab

2136 875 2240 929 hoc
2261 875 2517 930 traditum
2542 883 2646 943 est,
2672 875 2821 930 clare
2848 874 3005 931 video
3046 893 3060 929 :
3105 875 3336 931 fortasse
3368 876 3477 932 dici
3520 876 3707 946 aliquo

2138 966 2299 1021 modo
2328 980 2452 1020 cum
2482 967 2677 1035 possit,
2713 975 2773 1021 ut
2817 980 2847 1020 a
2883 966 3039 1021 nobis
3081 975 3166 1022 est
3214 968 3443 1035 dictum,
3482 968 3596 1039 qui,
3649 978 3711 1024 ut

2135 1059 2433 1129 potuimus,
2481 1060 2831 1128 exposuimus
2861 1044 3030 1124 illud;
3063 1077 3080 1108 ι
3113 1073 3235 1113 cum
3278 1060 3471 1130 spiritu
3502 1070 3560 1117 et
3598 1061 3713 1115 viro

2138 1160 2252 1206 tute
2287 1150 2415 1206 Eliae
2441 1150 2508 1218 ⁸³,
2540 1170 2559 1202 ι
2601 1152 2746 1205 hunc
2768 1150 3017 1219 spiritum
3054 1149 3185 1205 Elim
3228 1152 3282 1205 in
3315 1154 3558 1221 potentia
3588 1168 3711 1209 esse

2137 1242 2383 1313 spirituum
2417 1242 2610 1297 anima:
2636 1240 2882 1297 Joannis.
2918 1242 3186 1297 (laterum
3216 1244 3307 1313 qui
3334 1244 3709 1300 demonstrare

2135 1333 2343 1399 volunt,
2373 1348 2547 1403 quare
2589 1334 2910 1389 Sacerdotes
2953 1343 3007 1389 et
3044 1333 3246 1390 Levitae
3286 1335 3487 1390 fuerint
3523 1337 3576 1391 hi
3614 1339 3707 1407 qui

2135 1440 2166 1479 a
2204 1424 2402 1480 Judaeis
2443 1426 2594 1480 missi
2626 1425 2848 1481 fuerunt
2890 1436 2950 1481 ut
2987 1427 3383 1497 interrogarent
3419 1420 3708 1493 Joannem,

2137 1533 2243 1571 non
2274 1518 2413 1571 male
2443 1518 2708 1586 dicerent,
2742 1520 2948 1575 idcirco
2995 1533 3064 1574 ex
3113 1520 3217 1575 hoc
3267 1521 3459 1576 ordine
3492 1523 3710 1589 missos,

2136 1610 2262 1680 quia
2295 1611 2628 1667 conveniens
2659 1620 2805 1667 esset
2825 1610 2925 1667 hos
2955 1612 3009 1667 in
3039 1614 3130 1668 Dei
3160 1613 3307 1667 cultu
3336 1613 3538 1683 jugiter
3582 1628 3712 1684 per-

2137 1709 2469 1767 severantes,
2493 1701 2561 1756 de
2595 1702 2747 1757 hisce
2789 1703 2951 1758 rebus
2980 1704 3318 1775 interrogare
3348 1718 3412 1759 ac
3450 1704 3715 1760 sollicitos

2138 1807 2277 1847 esse.
2321 1791 2431 1849 Nec
2469 1792 2599 1849 illud
2637 1794 2796 1849 valde
2826 1795 3100 1865 exquisite
3141 1796 3385 1866 protulit,
3440 1795 3710 1852 Joannem

455 1856 699 1954 thevoi'
717 1856 930 1954 μαθεῖν.
980 1856 1102 1937 Ἔτι
1212 1856 1295 1937 *οὐ*
1331 1856 1490 1955 μόνος
1545 1856 1879 1956 Ἡρακλέων,
1919 1856 2036 1936 axx

2144 1897 2204 1937 ex
2234 1883 2377 1938 tribu
2412 1884 2649 1940 Levitica
2696 1899 2838 1950 esse,
2873 1856 3332 1957 quemadmodum
3356 1856 3515 1942 antea
3551 1888 3712 1943 dubi-

454 1975 585 2031 ὅσον
608 1977 695 2029 ἐπ’
719 1978 827 2047 ὲμῇ
854 1975 1063 2047 ἱστορίᾳ
1085 1975 1180 2029 καὶ
1207 1975 1411 2040 πάντες
1443 1977 1493 2029 οἱ
1526 1972 1822 2047 ἑτερόδοξοι
1845 1974 2035 2046 εὐτελῆ

457 2068 791 2138 ἀμφιϐολίαν
829 2068 1235 2123 διαστείλασθαι
1278 2069 1352 2140 μὴ
1395 2067 1763 2139 δεδυνημένοι,
1814 2068 2037 2139 μείζονα

472 2159 654 2213 Ἠλίου
710 2160 807 2213 καὶ
853 2161 1071 2214 πάντων
1124 2159 1231 2214 τῶν
1289 2159 1585 2232 προφητῶν
1631 2159 1722 2213 τὸν
1788 2160 2037 2232 Ἰωάννην

457 2251 813 2325 ὑπειλήφασι,
864 2252 953 2307 διὰ
1019 2251 1382 2317 τόίΜείζων
1432 2251 1492 2304 ὲν
1534 2253 1811 2323 γεννητοῖς
1854 2268 2040 2319 γυναι-

457 2344 572 2398 κῶν
626 2345 872 2399 Ἰωάννου
908 2344 1082 2408 οὐδείς
1111 2344 1414 2415 ὲστιν,ιούχ
1447 2342 1703 2415 ὁρῶντες,
1733 2344 1813 2397 ὅτι
1843 2342 2039 2413 ἀληθὲς

454 2435 538 2501 τὸ,
567 2436 742 2500 οὐδεὶς
784 2434 985 2507 μείζων
1036 2436 1282 2490 Ἰωάννου
1332 2436 1392 2489 ὲν
1431 2436 1709 2507 γεννητοῖς
1745 2434 2037 2503 γυναικῶν,

454 2529 624 2601 διχῶς
680 2530 919 2599 γίνεται’
974 2529 1036 2584 οὐ
1098 2529 1257 2602 μόνον
1295 2528 1374 2600 τῷ
1412 2529 1575 2584 αὐτὸν
1632 2525 1772 2582 εἶναι
1822 2528 2041 2582 πάντων

459 2621 719 2692 μείζονα,
778 2621 917 2676 ἀλλὰ
971 2623 1065 2675 καὶ
1120 2621 1201 2693 τῷ
1265 2622 1414 2686 ἴσους
1467 2619 1615 2692 αὐτῷ
1663 2615 1803 2673 εἶναι
1852 2636 2034 2683 τινας·

454 2711 655 2784 ἀληθὲς
701 2710 810 2783 γὰρ
864 2712 994 2765 ίσων
1050 2712 1221 2764 ὄντων
1268 2710 1419 2781 αὐτῷ
1474 2710 1685 2765 πολλῶν
1723 2710 2037 2782 προφητῶν,

457 2801 602 2855 κατὰ
639 2801 738 2873 τὴν
784 2801 1075 2873 δεδομένην
1111 2800 1261 2872 αὐτῷ
1300 2801 1460 2874 χάριν
1502 2801 1563 2856 τὸ
1606 2801 1808 2873 μηδένα
1848 2801 2038 2855 τούτου

457 2894 685 2964 μείζονα
740 2889 901 2948 εἶναι.
959 2891 1145 2948 Οῐεται
1193 2892 1251 2947 δὲ
1306 2894 1381 2965 (9)
1428 2893 1489 2947 τὸ
1540 2891 2042 2959 κατασκευάζεσθαι

453 2986 518 3039 τὸ
546 2984 766 3058 μείζονα
788 2980 929 3040 εἶναι
957 2984 1393 3057 προφητεύεσθαι
1418 2984 1524 3039 ὑπὸ
1565 2984 1811 3049 Ἠσαῖου,
1836 2984 1913 3049 ὡς
1940 3004 2045 3058 μη-

453 3078 611 3142 δενὸς
658 3077 862 3149 ταύτης
904 3077 1005 3149 τῆς
1047 3077 1214 3147 τιμῆς
1262 3075 1569 3147 ἠξιωμένου
1622 3076 1726 3129 ὑπὸ
1772 3074 1906 3130 Θεοῦ
1934 3075 2043 3130 τῶν

2143 1983 2320 2031 tantes
2350 1991 2448 2031 nos
2475 1976 2854 2047 indagavimus
2882 1995 2897 2031 :
2931 1977 3057 2047 quia
3098 1979 3143 2033 si
3170 1980 3524 2048 agnovissent
3548 1977 3713 2035 Joan-

2141 2080 2263 2119 nem
2287 2077 2575 2135 ortumque
2594 2066 2731 2134 ejus,
2759 2066 2856 2131 illi,
2880 2069 2970 2137 qui
2998 2069 3149 2124 missi
3178 2070 3414 2134 ruernnt,
3438 2071 3715 2139 quomodo

2140 2156 2459 2211 habuissent
2485 2157 2664 2213 locum
2692 2160 3058 2227 interrogandi
3096 2175 3162 2214 an
3209 2161 3325 2228 ipse
3356 2171 3501 2215 esset
3528 2159 3715 2216 Elias?

2142 2247 2377 2304 Rursum
2421 2250 2473 2303 in
2500 2249 2605 2304 illis
2629 2250 2809 2305 verbis
2834 2264 2881 2304 ιι
2912 2250 3048 2305 Num
3096 2252 3358 2325 propheta
3378 2250 3712 2309 incestum»

2142 2341 2276 2395 nihil
2324 2340 2654 2409 prtecipuum
2689 2341 3009 2395 existimans
3053 2343 3347 2413 signiﬁcari
3393 2358 3461 2400 ex
3497 2344 3714 2399 articuli

2142 2433 2473 2501 adjectionej,
2524 2432 2654 2488 dicit
2708 2449 2805 2490 eos
2852 2435 3223 2506 interrogasse
3268 2451 3397 2489 num
3450 2436 3713 2506 propheta

2141 2536 2307 2591 esset,
2358 2539 2473 2578 rem
2529 2525 2712 2580 multis
2746 2542 3089 2583 communem
3138 2527 3423 2583 addiscere
3450 2528 3713 2584 volentes.

2142 2617 2411 2673 Prazterea
2448 2631 2577 2673 vero
2605 2634 2707 2672 non
2747 2620 2893 2675 solus
2919 2618 3239 2683 lleracleon,
3284 2619 3378 2675 sed
3401 2659 3417 2683 ,
3452 2628 3717 2688 quantum

2141 2725 2242 2781 ego
2270 2710 2460 2766 videre
2484 2711 2661 2781 potui,
2697 2726 2887 2766 omnes
2927 2713 3091 2767 etiam
3115 2712 3205 2781 qui
3239 2725 3270 2766 a
3301 2712 3456 2767 nobis
3499 2711 3718 2767 diversa

2144 2801 2419 2868 sentiunt,
2442 2810 2500 2855 ut
2527 2810 2649 2870 pote
2674 2802 2765 2871 qui
2801 2802 3150 2872 perexiguam
3194 2818 3259 2856 ac
3306 2812 3523 2857 tenuem
3561 2801 3717 2855 dubi-

2144 2894 2405 2947 tationem
2436 2892 2774 2962 distinguere
2806 2909 2911 2948 non
2944 2903 3196 2963 possunt,
3231 2891 3495 2948 Joannem
3542 2895 3720 2961 suspi-

2145 2989 2251 3043 cati
2284 2995 2412 3043 sunt
2454 2985 2568 3040 Elia
2618 2996 2784 3055 atque
2823 2985 3105 3055 prophetis
3156 2983 3408 3040 omnibus
3457 2983 3720 3055 majorem

2145 3094 2308 3146 esse;
2343 3087 2625 3149 propterea
2655 3081 2799 3148 quod
2833 3094 2992 3133 nemo
3022 3079 3328 3134 surrexerit
3372 3079 3515 3134 inter
3559 3087 3718 3132 natos

453 3170 680 3224 πώποτε
742 3167 1238 3241 προφητευσάντων
1261 3183 1274 3196 ·
1336 3166 1553 3237 άληθῶς
1610 3166 1688 3231 ὡς
1754 3183 2039 3239 καταφρο-

2147 3171 2436 3226 mulierum
2485 3170 2656 3239 major
2685 3169 2894 3225 Joanne
2944 3171 3014 3236 ⁵⁸,
3070 3185 3178 3225 non
3221 3170 3467 3225 videntes
3511 3169 3721 3225 duobus

452 3262 563 3317 νῶν
593 3261 705 3333 (10)
737 3260 839 3331 τῆς
867 3259 1104 3323 παλαιᾶς
1134 3256 1581 3332 χρηματιζούσης
1612 3258 1910 3331 Διαθήκης,
1950 3261 2043 3313 καὶ

457 3355 536 3425 μὴ
566 3354 809 3427 τηρήσας
840 3351 933 3405 καὶ
964 3351 1126 3405 αὐτὸν
1165 3349 1350 3403 Ἠλίαν
1378 3350 1860 3421 προφητευόμενον
1899 3350 2043 3405 τοῦτ’

452 3447 835 3519 ἀπετόλμησεν
880 3443 1077 3499 εἰπεῖν.
1112 3442 1225 3497 Καὶ
1265 3440 1376 3513 γάρ
1422 3442 1607 3507 Ἠλίας
1636 3443 2044 3515 προφητεύεται

455 3541 562 3594 ὑπὸ
609 3538 890 3610 Μαλαχίου
945 3536 1230 3605 λέγοντος’
1286 3555 1306 3590 ι
1355 3536 1491 3591 Ἰδοὺ
1539 3536 1857 3591 ἀποστέλλω
1917 3539 2045 3610 ὑμῖν

465 3635 652 3689 Ἠλίαν
682 3636 777 3687 τὸν
808 3631 1095 3701 Θεσϐίτην,
1128 3630 1188 3694 ὃς
1216 3631 1660 3702 ἀποκαταστήσει
1687 3631 1913 3703 καρδίαν
1944 3651 2047 3687 πα-

450 3726 580 3797 τρὸς
628 3724 765 3796 πρὸς
808 3723 945 3786 υἱόν,
986 3743 1006 3772 ι
1044 3723 1153 3775 Kal
1192 3722 1403 3786 Ἰωσίας
1451 3721 1545 3787 δὲ,
1590 3720 1667 3786 ὡς
1696 3724 1753 3775 ὲν
1782 3724 1848 3793 τῇ
1885 3722 2046 3795 τρίτῃ

451 3819 562 3873 τῶν
589 3816 885 3872 Βασιλειῶν
926 3816 1242 3886 ἀνέγνωμεν
1269 3855 1283 3877 ,
1336 3814 1741 3886 προφητεύεται
1784 3815 2046 3885 ὀνομαστὶ

455 3911 562 3965 ὑπὸ
608 3909 699 3964 τοῦ
740 3907 1059 3981 ἐληλυθότος
1111 3908 1172 3973 ἐξ
1215 3906 1386 3961 Ἰούδα
1427 3909 1709 3979 προφήτου
1758 3906 2043 3976 λέγοντος,

452 3998 722 4077 παρόντος
780 4004 875 4056 καὶ
937 4001 1031 4055 τοῦ
1087 4000 1370 4073 Ἰεροὸοὰμ
1432 4000 1571 4054 κατὰ
1621 4000 1682 4054 τὸ
1746 4000 2045 4072 θυσιαστή-

453 4113 571 4169 ριον
604 4095 755 4167 (11)·
797 4113 815 4147 ι
858 4093 997 4147 Τάδε
1034 4094 1183 4162 λέγει
1216 4092 1452 4164 Κύριος·
1501 4091 1630 4145 Ἰδοὺ
1662 4092 1775 4157 υίὸς
1802 4093 2045 4147 τίκτεται

451 4181 531 4253 τῷ
555 4181 718 4235 Δαυῖδ
740 4199 753 4213 ⁸
801 4182 1013 4245 Ἰωσίας
1044 4182 1215 4253 ὄνομα
1253 4180 1425 4252 αύτῷ.
1464 4201 1483 4234 ι
1515 4182 1653 4235 Φασὶ⁹
1688 4181 1745 4234 δέ
1779 4199 1920 4246 τινες
1952 4183 2047 4235 καὶ

452 4273 544 4327 τὸν
573 4271 813 4344 Σαμψὼν
846 4272 953 4326 ὑπὸ
997 4271 1093 4325 τοῦ
1139 4270 1331 4325 Ἰακὼὸ
1377 4272 1818 4345 προφητεύεσθαι
1861 4273 2047 4344 λέγον.

456 4380 577 4428 τος·
610 4384 629 4417 ι
668 4365 776 4419 Δάν
800 4367 978 4437 κρινεῖ
1018 4364 1111 4418 τὸν
1159 4363 1353 4418 ἑαυτοῦ
1391 4364 1521 4419 λαὸν
1545 4406 1560 4432 ,
1588 4365 1665 4429 ὡς
1708 4366 1757 4420 εί
1797 4365 1892 4420 καὶ
1948 4366 2046 4437 μία

456 4455 681 4538 φυλήὲν
719 4457 937 4530 Ἰσραήλ
958 4474 972 4487 ο
1012 4476 1031 4509 ι
1062 4457 1185 4510 ἐπεὶ
1228 4457 1337 4511 ἀπὸ
1373 4460 1473 4530 τῆς
1506 4457 1681 4528 φυλῆς
1705 4458 1800 4512 τοῦ
1823 4457 1931 4512 Δὰν
1956 4476 2048 4528 γε-

2148 3263 2325 3319 modis
2358 3278 2547 3320 verum
2587 3278 2709 3319 esse
2755 3263 2898 3333 quod
2933 3263 3159 3330 dicitur,
3209 3263 3481 3319 neminem
3514 3261 3724 3318 Joanne
3764 3310 3767 3311 ν

2147 3356 2407 3424 majorem
2455 3370 2576 3412 esse
2624 3356 2763 3412 inter
2819 3366 2977 3413 natos
3036 3356 3356 3421 mulierum,
3399 3371 3505 3411 non
3546 3355 3723 3412 solum

2147 3450 2270 3517 quia
2301 3449 2415 3517 ipse
2444 3450 2517 3504 sit
2542 3448 2715 3518 major
2747 3450 3023 3513 omnibus,
3054 3461 3245 3503 verum
3266 3448 3429 3502 etiam
3456 3447 3582 3516 quia
3610 3447 3726 3503 sint

2148 3539 2318 3609 aliqui
2367 3539 2467 3609 ipsi
2510 3539 2767 3610 aequales.
2821 3538 2956 3594 Nam
3003 3554 3191 3595 verum
3225 3547 3332 3607 est,
3368 3538 3551 3595 multis
3597 3554 3725 3609 pro—

2145 3631 2322 3701 phetis
2344 3630 2443 3701 ipsi
2459 3632 2755 3701 aequalibus
2785 3632 3196 3698 exsislentibus,
3222 3631 3492 3687 neminem
3514 3645 3583 3688 eo
3607 3644 3724 3685 ma-

2140 3722 2316 3792 jorem
2344 3738 2466 3780 esse
2508 3733 2735 3793 propter
2792 3725 3024 3795 gratiam
3050 3724 3149 3793 ipsi
3175 3724 3380 3778 datam.
3430 3722 3727 3779 Existimat

2146 3824 2327 3870 autem
2390 3815 2703 3870 conlirtnari
2759 3816 2916 3887 123
2969 3814 3233 3871 Joannem
3269 3830 3394 3871 esse
3431 3814 3723 3885 majorem,

2146 3907 2273 3977 quia
2305 3908 2660 3977 prophetatus
2699 3906 2861 3963 fuerit
2890 3909 2959 3963 ab
2982 3908 3144 3974 Isaia,
3173 3907 3404 3977 perinde
3444 3908 3599 3977 quasi
3629 3922 3724 3962 ne-

2148 4014 2236 4055 mo
2259 4014 2326 4055 ex
2356 4015 2543 4055 eorum
2576 4016 2802 4055 numero
2838 4000 2930 4071 qui
2967 4000 3258 4070 aliquando
3299 4000 3722 4070 prophetarunt,

2148 4093 2253 4147 hoc
2287 4092 2496 4147 honore
2524 4093 2782 4163 dignatus
2812 4093 2981 4147 fuerit
3015 4108 3028 4144 :
3064 4107 3193 4147 vere
3225 4092 3390 4148 veluti
3419 4092 3728 4162 despiciens

2147 4182 2558 4240 Testamentum
2607 4185 2793 4249 Vetus,
2846 4185 2989 4255 quod
3032 4192 3247 4251 vocant,
3291 4197 3393 4239 nec
3425 4184 3727 4239 observans

2147 4277 2323 4348 ipsum
2360 4277 2532 4333 Etiam
2562 4278 2940 4348 prophetatum
2976 4276 3169 4333 fuisse.
3196 4275 3561 4345 Prophetatur
3580 4275 3728 4330 enim

2150 4368 2295 4423 Elias
2328 4384 2357 4421 a
2397 4367 2661 4422 Malacltin
2700 4369 2916 4423 dicente
2946 4367 2995 4401 ⁸⁸
3025 4382 3041 4420 :
3085 4385 3107 4419 ι
3144 4366 3284 4422 Ecce
3302 4382 3405 4438 ego
3440 4367 3597 4422 mitto
3627 4380 3727 4419 vo-

2150 4463 2234 4519 bis
2279 4462 2452 4517 Eliam
2493 4462 2810 4530 Thesbiten,
2852 4463 2947 4533 qui
2994 4462 3217 4519 reducet
3255 4478 3355 4518 cor
3401 4462 3572 4531 patris
3598 4473 3727 4531 erga

456 4548 678 4619 νόμενος
702 4551 731 4604 ὁ
762 4549 997 4621 Σαμψὼν
1022 4548 1203 4621 ἔκρινε
1231 4549 1324 4603 τὸν
1367 4549 1608 4621 Ἰσραήλ.
1641 4550 1755 4603 Kal
1782 4549 1953 4605 ταῦτα
1986 4550 2039 4603 δὲ

2151 4554 2339 4610 lilium.
2378 4574 2398 4608 ι
2437 4555 2749 4622 Quinetiam
2798 4552 2998 4619 Josias,
3037 4562 3098 4609 ut
3134 4553 3188 4608 in
3224 4553 3430 4623 Regum
3475 4552 3635 4608 tertio
3659 4551 3729 4604 le-

455 4641 535 4704 είς
557 4641 777 4713 ἔλεγχον
808 4642 909 4712 τῆς
954 4640 1290 4713 προφητείας
1323 4641 1434 4714 (12)
1482 4640 1577 4694 τοῦ
1617 4641 2043 4714 ἀποφηναμένου

457 4734 661 4805 μηδένα
686 4733 822 4806 πλὴν
850 4735 1099 4789 Ἰωάννου
1126 4732 1565 4827 προφητεύεσθαι
1588 4734 1846 4806 είρήσθω,
1871 4735 2043 4789 ταῦτα

454 4828 736 4898 εἰρηκότος
760 4830 818 4882 ὲν
842 4827 921 4899 τῷ
946 4827 1120 4881 θέλειν
1142 4828 1304 4882 αὑτὸν
1324 4826 1629 4899 διηγεῖσθαι
1653 4827 1707 4881 τί
1737 4829 1800 4883 τό
1819 4845 1831 4858 °
1861 4848 1879 4881 ι
1904 4828 2046 4899 Ἐγὼ

458 4920 610 4991 φωνὴ
638 4920 870 4991 βοῶντος
898 4923 956 4976 ὲν
982 4923 1050 4994 τῇ
1077 4921 1288 4993 ἐρήμῳ.
1333 4939 1353 4972 ι

528 5062 575 5094 ⁸³
607 5061 739 5118 Luc.
790 5080 833 5127 ι,
870 5063 957 5119 17.

456 5148 580 5197 xm,
608 5133 665 5188 Ξ.

530 5290 603 5361 (8)
632 5290 832 5346 eum»
860 5290 931 5345 δέ
959 5306 1071 5361 rte.
1104 5298 1214 5361 etc.
1247 5289 1455 5346 Luxata
1489 5292 1605 5347 haec
1632 5290 1852 5361 suntin
1880 5292 2035 5347 codi-

457 5356 749 5430 ce'llegio.
782 5363 887 5417 Pro
916 5356 1085 5416 θέλων
1126 5360 1290 5432 habet
1324 5362 1483 5426 θέλω,
1524 5378 1623 5432 pro
1646 5360 1895 5426 Λευῖται,
1939 5363 2036 5416 ha-

461 5434 552 5487 bet
574 5432 829 5496 Λευῖτας,
853 5432 1048 5487 deinde
1082 5446 1190 5500 pro
1211 5430 1359 5499 λέγοι
1390 5430 1551 5487 habet
1594 5432 1789 5500 λέγων.
1849 5433 2036 5487 Codex

457 5502 786 5559 Bodleianus
819 5517 917 5570 pro
941 5498 1109 5570 θέλων
1140 5498 1197 5552 δέ
1220 5498 1302 5565 τις
1337 5503 1499 5555 habet
1534 5498 1779 5565 θέλοντες
1810 5501 1898 5567 δὲ,
1928 5512 2032 5558 etc.

458 5572 989 5696 Fersariuslvidetur
1036 5569 1236 5640 legisse
1272 5570 1520 5636 θέλοντες
1573 5583 1630 5629 et
1665 5572 1897 5641 λέγοιεν,
1950 5574 2038 5627 vel

461 5659 552 5696 aut
622 5657 820 5696 srmte.

502 5657 591 5697 1110
622 5657 820 5697 81111118.

461 5659 591 5713 quia
622 5659 820 5697 srmne.

530 5713 609 5782 (9)
642 5712 840 5766 Οῑεται
870 5711 959 5779 δέ,
989 5722 1096 5768 etc.
1156 5712 1281 5769 Haec
1317 5727 1421 5765 non
1457 5712 1728 5782 cohaerent
1760 5720 1812 5768 et
1850 5712 2027 5766 hiulca

461 5778 670 5837 suntin
700 5778 947 5837 editione
975 5783 1180 5849 Huetii,
1213 5785 1392 5851 inqua
1426 5782 1577 5851 deest
1605 5778 1743 5836 εἶναι
1803 5793 1855 5835 et
1914 5783 2039 5849 legi-

449 5864 554 5920 .tur
588 5851 993 5923 προφητεύεται
1040 5868 1137 5925 pro
1186 5849 1642 5926 προφητεύεσθαι.
1704 5852 1813 5909 Nos
1848 5866 2034 5909 sanam

1070 5060 1117 5094 ⁸⁸
1136 5058 1293 5116 Joan.
1331 5076 1375 5128 ι,
1404 5059 1495 5115 21.
1542 5104 1546 5109 .
1595 5059 1642 5092 ⁸⁵
1670 5058 1859 5116 Matth.
1894 5077 1972 5128 xt,
2004 5062 2108 5130 ll;

2150 4649 2348 4717 gimus,
2386 4648 2704 4701 nominatim
2747 4647 3100 4717 prophetatur
3147 4662 3178 4700 a
3218 4647 3508 4716 propheta,
3537 4642 3629 4712 qui
3659 4655 3729 4696 ex

2149 4738 2286 4793 Juda
2314 4739 2631 4806 advenerat,
2681 4740 2919 4804 dicente,
2942 4755 3066 4794 cum
3107 4739 3274 4793 etiam
3332 4740 3550 4792 adesset
3580 4733 3730 4789 Jero.

2150 4832 2312 4887 boam
2348 4832 2500 4902 juxta
2554 4832 2773 4888 altare:
2818 4852 2837 4884 ι
2878 4832 3004 4887 Haec
3056 4831 3188 4886 dicit
3230 4830 3497 4885 Dominus
3540 4842 3555 4880 :
3591 4826 3731 4886 Ecoe

2152 4922 2299 4979 ﬁlius
2334 4925 2578 4980 uaScitur
2611 4924 2824 4989 Davidi,
2852 4922 3032 4979 Josias
3063 4922 3283 4978 nomine
3312 4923 3378 4974 ⁸⁷.
3414 4939 3433 4972 ι
3474 4920 3731 4989 lnquiunt

2149 5061 2284 5124 Luc.
2322 5080 2422 5131 vn,
2461 5064 2553 5120 28.
2668 5065 2716 5097 ⁸⁸
2750 5063 2979 5120 Malach.
3022 5079 3095 5130 tv,
3144 5063 3200 5131 5,
3241 5063 3294 5117 6.
3398 5060 3444 5095 "
3480 5058 3547 5115 lll
3592 5059 3727 5130 Reg.

2146 5293 2437 5350 lectionem
2469 5290 2809 5346 restituimus
2840 5303 2909 5342 ex
2937 5285 3125 5341 codice
3157 5284 3471 5341 Bodleiano.

2218 5364 2331 5436 (10)
2373 5361 2737 5436 Ἀληθῷς-ῥλς
2763 5355 3194 5436 παταφρονῶν,
3226 5365 3331 5436 etc.
3368 5353 3423 5436 lu
3479 5350 3729 5436 editione

2146 5426 2329 5489 Hu‘eti'i
2359 5426 2727 5502 ροει’ἁληθῶς
2762 5426 2960 5499 legitur
2996 5426 3074 5490 δέ,
3102 5426 3247 5496 quod
3278 5434 3425 5478 recte
3466 5426 3732 5491 expungit

2147 5505 2321 5561 codex
2357 5504 2703 5558 Bmlleianus.

2222 5575 2335 5645 (tt)
2362 5575 2522 5629 Κατὰ
2571 5571 2640 5625 τὸ
2674 5566 3150 5645 ὥθυςγιαστήριονς.
3199 5562 3517 5645 $ic,habet
3558 5561 3727 5645 code}

2146 5626 2515 5710 Βυὶιιὲῖεἱῇὑεέ
2572 5644 2625 5696 in
2673 5640 2839 5709 Regio
2892 5650 2948 5692 et
2984 5626 3302 5689 wBarberino
3368 5633 3523 5687 deest
3585 5626 3732 5684 κατὰ

2142 5716 2231 5772 τό.

2219 5768 2333 5858 (12)
2357 5781 2747 5852 Προφητείας.
2797 5775 3109 5848 Legendutn
3144 5768 3498 5845 προπετείας.
