4194 6406
516 389 631 445 959

1988 372 2147 431 οιιιο
2158 370 2311 428 ENIS

3678 369 3784 426 260

520 512 686 567 etiam
726 506 967 563 nonnulli
1020 504 1370 574 Sampsonem
1423 516 1451 555 a
1501 499 1670 556 Jacob
1719 496 2097 567 prophetatum
2132 489 2321 554 fuisse,
2356 487 2569 543 dicente
2615 486 2704 540 “z
2752 505 2770 538 ι
2810 484 2920 540 Dan
2959 483 3226 553 iudicabit
3266 499 3424 538 suum
3468 484 3643 554 ipsius
3688 500 3783 555 po-

520 604 728 677 pulum,
758 598 1210 671 quemadmodum
1235 596 1397 650 etiam
1438 607 1541 647 una
1590 591 1766 644 tribus
1808 589 1861 641 in
1902 583 2088 648 Israel,
2142 600 2163 635 ι
2210 578 2465 650 quoniam
2514 593 2546 632 e
2605 577 2751 632 tribu
2801 577 2915 632 Dan
2956 577 3169 646 genitus
3212 573 3480 645 Sampson
3517 575 3786 644 judicavit

524 666 797 753 israelem:
826 694 931 749 Sed
960 693 1073 748 haec
1091 690 1352 744 hactenus
1374 689 1440 741 ad
1469 684 1813 741 refellendam
1839 678 2197 736 temeritatem
2239 672 2378 743 ejus,
2415 673 2506 741 qui
2530 670 2830 726 enuntiavit
2883 678 3078 739 praeter
3113 666 3377 724 Joannem
3400 667 3785 736 prophetatum

523 790 692 847 fuisse
736 788 1040 848 neminem;
1077 794 1132 840 et
1178 786 1292 839 haec
1322 782 1459 837 dixit
1505 779 1692 836 volens
1727 775 1931 845 aliquid
1971 772 2239 827 disserere
2277 768 2330 821 in
2373 767 2499 821 illud
2536 784 2549 818 :
2583 784 2603 816 ι
2649 762 2763 833 Ego
2807 776 2910 816 vox
2952 760 3241 816 clamantis
3294 760 3346 814 in
3399 759 3621 816 deserto
3652 756 3728 813 ⁸⁸.
3760 771 3782 807 υ

595 938 685 991 15.
716 933 783 987 Et
819 931 910 1003 qui
939 927 1083 982 missi

522 1031 972 1095 interrogaverunt
1004 1035 1121 1074 eum
1150 1033 1211 1069 ac
1238 1015 1483 1068 dixerunt
1506 1011 1552 1064 ei
1575 1027 1594 1064 :
1626 1008 1768 1076 Quid
1790 1022 1912 1077 ergo
1936 1003 2098 1071 bapti-

526 1139 638 1186 ωε,
670 1119 715 1172 si
744 1129 800 1171 tu
836 1131 938 1169 non
966 1129 1020 1167 es
1064 1109 1305 1166 Christus
1346 1104 1457 1169 ille,
1497 1119 1662 1173 neque
1723 1100 1894 1164 Elius,
1936 1112 2100 1168 neque

522 1214 779 1287 propheta
803 1208 893 1263 ille
919 1205 1008 1262 “3
1032 1204 1132 1272 Qui
1157 1210 1373 1273 quidem
1408 1199 1477 1255 ab
1499 1193 1893 1266 Hierosolymis
1917 1205 2100 1246 sacer-

525 1284 681 1365 dotes
708 1313 763 1360 et
783 1302 1003 1358 Levitas
1023 1299 1447 1365 iuterrogaturos
1465 1290 1730 1346 Joannem
1752 1287 2013 1341 miserant
2029 1284 2097 1348 “,

527 1413 649 1454 cum
685 1393 999 1450 didicissent
1025 1389 1149 1459 quis
1192 1394 1337 1441 esset
1366 1382 1452 1439 vel
1482 1396 1590 1436 non
1620 1387 1764 1435 esset
1788 1377 1904 1447 ipse
1937 1374 2100 1430 Joan«

527 1501 648 1551 nes,
696 1479 1077 1539 decentissime
1103 1476 1390 1547 quiescunt
1418 1489 1433 1525 :
1459 1471 1627 1527 veluti
1661 1468 1880 1524 silentio
1913 1466 2098 1519 faven-

529 1588 632 1641 tes,
673 1585 728 1630 et
753 1575 1190 1630 demonstrantes
1215 1582 1274 1622 se
1311 1566 1601 1620 admittere
1629 1576 1749 1631 quae
1794 1559 2098 1624 audissent,

526 1668 673 1739 quod
702 1664 976 1733 baptizare
1013 1659 1308 1716 conveniat
1333 1656 1451 1712 voci
1487 1652 1779 1710 clamantis
1802 1652 1855 1705 in
1880 1649 2101 1707 deserto

524 1763 594 1816 ad
622 1758 961 1830 dirigendam
983 1755 1128 1810 viam
1150 1751 1388 1809 Domini.
1418 1749 1619 1806 Contra
1650 1761 1781 1802 vero
1814 1743 2098 1809 Phariszi,

529 1862 589 1908 ut
609 1852 701 1923 qui
726 1853 879 1919 juxta
905 1861 1104 1903 nomen
1136 1859 1294 1901 suum
1334 1842 1491 1897 divisi
1522 1839 1746 1912 quidam
1773 1846 1829 1894 et
1857 1834 2099 1892 seditiosi

527 1951 730 2009 essent,
762 1959 820 2000 se
845 1942 1034 1998 eadem
1064 1953 1168 1995 non
1205 1937 1407 1994 sentire
1448 1934 1826 1989 demonstrant
1853 1946 1974 1987 cum
2008 1928 2103 1983 Ju-

528 2037 658 2093 daeis
700 2032 1089 2090 exsistentibus
1135 2028 1191 2082 in
1241 2028 1375 2082 urbe
1404 2023 1710 2093 metropoli,
1764 2031 1970 2077 etcum
2002 2019 2103 2074 mi-

531 2126 719 2182 nistris
756 2124 936 2180 cultus
976 2120 1169 2185 divini,
1224 2133 1289 2174 ac
1330 2115 1705 2173 sacerdotibus
1744 2123 1800 2169 et
1849 2112 2101 2167 Levitis:

535 2220 800 2290 mittendo
826 2216 923 2288 qui
973 2214 1141 2271 veluti
1193 2215 1569 2278 increpantes,
1624 2222 1689 2262 ac
1728 2205 2100 2276 prohibentes,

525 2321 792 2384 quantum
838 2311 892 2366 in
918 2309 1052 2380 ipsis
1090 2315 1258 2374 esset,
1285 2304 1601 2375 baptizare,
1652 2302 2094 2368 interrogarent:

530 2423 553 2458 ι
587 2403 726 2473 Quid
774 2415 905 2473 ergo
948 2400 1212 2470 baptizas,
1263 2397 1307 2452 si
1341 2405 1398 2450 tu
1444 2409 1550 2451 non
1593 2408 1655 2449 es
1696 2391 1786 2447 ille
1827 2389 2099 2453 Christus,

529 2510 708 2566 neque
754 2493 922 2562 Elias,
953 2504 1132 2562 neque
1155 2487 1418 2560 propheta
1462 2486 1589 2541 ille?
1623 2504 1643 2537 ι
1678 2483 1744 2538 Ει
1789 2482 2020 2538 fortasse
2052 2480 2096 2534 si

518 2604 693 2645 unum
741 2588 796 2642 in
846 2599 1046 2655 corpus
1098 2592 1488 2638 connectamus
1539 2591 1659 2647 qua:
1694 2577 1747 2631 in
1789 2574 2100 2644 Evangeliis

525 2690 654 2736 sunt
697 2679 926 2748 scripta.
963 2675 1155 2730 dicturi
1199 2685 1391 2729 sumus
1420 2685 1564 2725 nunc
1603 2668 1821 2739 quidem
1851 2680 1948 2721 eos
1985 2667 2100 2720 iure

525 2766 749 2832 dixisse,
776 2763 977 2819 deinde
1007 2776 1137 2817 vero
1165 2761 1350 2816 nescio
1378 2773 1489 2830 quo
1523 2760 1681 2813 modo
1711 2772 1827 2823 eos,
1877 2770 1999 2811 cum
2041 2770 2100 2810 se

526 2859 797 2927 baptismo
824 2857 1121 2922 dedissent,
1168 2870 1198 2909 a
1237 2853 1446 2910 Joanne
1475 2852 1693 2907 audisse
1731 2851 1859 2906 illud
1894 2867 1908 2904 :
1941 2849 2103 2921 12!.

524 2968 549 3000 ι
591 2947 882 3018 Progenies
919 2946 1255 3016 viperarum,
1306 2944 1429 3015 quis
1478 2958 1574 2998 vos
1612 2940 1796 2997 docuit
1832 2940 2021 3010 fugere
2069 2956 2099 2994 a

527 3050 755 3096 ventura
777 3039 894 3095 ira?
921 3039 1115 3094 Facite
1138 3037 1302 3109 igitur
1326 3035 1565 3092 fructum
1586 3034 1804 3105 dignum
1827 3034 2097 3104 pteniten-

529 3134 600 3188 tia
631 3133 696 3186 “.
733 3151 753 3184 ι
784 3130 908 3187 Haec
973 3130 1119 3186 enim
1163 3128 1305 3200 apud
1356 3126 1665 3183 Mattbaeum
1728 3128 1874 3182 dicta
1913 3134 2041 3183 sunt
2069 3140 2099 3179 a

392 3262 407 3279 ι
457 3284 464 3291 ,
527 3225 791 3296 Baptista,
817 3239 939 3280 cum
971 3223 1199 3279 vidisset
1233 3222 1431 3277 multos
1454 3222 1851 3276 Pharisaeorum
1878 3230 1935 3274 et
1964 3220 2103 3276 Sad-

528 3318 832 3372 ducmorum
884 3316 1167 3371 venientes
1222 3317 1290 3370 ad
1335 3314 1600 3384 baptisma
1632 3332 1646 3368 :
1678 3328 1803 3369 cum
1851 3312 2105 3368 videlicet

526 3410 861 3480 paenitentia
883 3407 1091 3463 fructus
1125 3423 1230 3464 non
1273 3408 1564 3473 haberent,
1602 3416 1765 3477 atque
1786 3405 2103 3462 Pharisaice

528 3503 666 3572 apud
689 3502 899 3573 seipsos
920 3499 1289 3572 gloriarentur
1311 3502 1378 3556 de
1400 3502 1683 3556 Abraham
1713 3510 1973 3569 tanquam
2002 3513 2096 3568 pa-

529 3604 612 3650 tre
646 3595 941 3665 :quocirca
980 3593 1178 3650 saevius
1210 3592 1571 3664 objurgantur
1608 3606 1640 3646 a
1669 3590 1881 3648 Joanne
1918 3590 2097 3647 zelum
2132 3622 2176 3681 ο

528 3688 659 3745 Elia:
681 3689 917 3744 habente
943 3687 1102 3757 juxta
1132 3687 1684 3743 communicationem
1715 3685 1957 3756 Spiritus
1976 3700 2103 3740 san-

527 3780 625 3836 cti.
670 3779 1022 3850 Objurgativa
1066 3778 1213 3834 enim
1242 3778 1421 3833 oratio
1448 3786 1534 3834 est
1566 3777 1680 3842 illa,
1728 3788 1851 3847 quae
1874 3775 2055 3848 inquit
2084 3794 2100 3830 :

533 3890 555 3926 ι
599 3871 676 3927 Ne
720 3871 972 3940 cogitetis
1001 3871 1184 3927 dicere
1207 3871 1350 3941 apud
1383 3885 1482 3925 vos
1523 3870 1669 3942 ipsos
1705 3888 1719 3926 :
1760 3870 1977 3927 Patrem
2008 3871 2105 3925 ha-

532 3966 728 4021 bemus
772 3963 1046 4018 Abraham
1068 3960 1169 4013 “:i
1194 3961 1521 4017 didascalica
1561 3970 1745 4018 autem
1784 3961 1913 4027 illa,
1957 3962 2105 4034 quod

531 4057 778 4113 inﬁdeles
817 4057 909 4125 (ob
946 4070 1044 4110 cor
1082 4053 1356 4124 lapideum
1403 4055 1609 4126 lapides
1637 4055 1792 4126 dicti)
1826 4056 2103 4112 immutari

532 4151 765 4223 possint,
792 4148 993 4203 virtute
1020 4146 1137 4211 Dei,
1160 4161 1225 4201 ex
1249 4145 1523 4218 lapidibus
1549 4148 1602 4202 in
1626 4147 1828 4204 liberos
1850 4148 2104 4213 Abrahae,

532 4240 793 4312 quoniam
826 4248 989 4298 erant
1020 4240 1074 4294 in
1115 4239 1289 4296 oculis
1329 4240 1628 4312 propheta,
1675 4257 1785 4299 non
1837 4242 2107 4313 fugientes

531 4335 678 4395 illius
705 4334 944 4390 divinum
979 4334 1257 4390 obtutum.
1298 4335 1477 4402 Quam
1517 4334 1586 4390 ob
1612 4348 1833 4389 causam
1881 4331 2009 4388 illud
2038 4332 2109 4387 ab

536 4427 658 4498 ipso
679 4426 880 4481 dicitur
911 4444 926 4479 :
959 4443 979 4478 ι
1017 4425 1148 4481 Dico
1195 4426 1351 4482 vobis
1395 4439 1554 4496 posse
1577 4425 1744 4481 Deum
1767 4440 1799 4482 e
1840 4425 2110 4495 lapidibus

529 4526 652 4582 istis
677 4528 945 4582 suscitare
973 4526 1172 4582 liberos
1200 4526 1436 4581 Abrahae
1462 4528 1537 4582 “.
1563 4542 1584 4578 ι
1612 4524 1680 4581 Et
1701 4527 1958 4599 quoniam
1984 4543 2108 4583 cum

530 4633 637 4675 non
678 4617 939 4673 fecissent
969 4617 1204 4674 fructum
1247 4620 1569 4689 poenitentia
1598 4619 1821 4690 dignum
1840 4661 1859 4688 ,
1883 4621 2109 4677 veniunt

530 4718 599 4774 ad
626 4719 917 4790 baptisma,
956 4721 1475 4776 convenientissima
1520 4721 1650 4791 ipsis
1701 4721 1833 4778 illud
1865 4722 2107 4778 dicitur:

506 4806 556 4875 ⁷‹
591 4820 712 4880 Jam
749 4836 878 4878 vero
927 4832 983 4878 et
1015 4826 1229 4880 securis
1263 4825 1329 4879 ad
1371 4825 1609 4881 radicem
1646 4826 1903 4882 arborum
1935 4827 2109 4897 posita

531 4932 634 4979 est.
665 4922 857 4979 Omnis
881 4924 1047 4995 igitur
1069 4924 1233 4981 arbor
1257 4943 1361 4981 non
1392 4927 1600 4984 faciens
1627 4928 1860 4984 fructum
1885 4929 2109 4997 bonum,

531 5023 822 5089 exciditur,
865 5034 922 5079 et
957 5025 1011 5079 in
1048 5026 1226 5096 ignem
1276 5027 1565 5099 conjicitur
1592 5028 1659 5095 ",
1702 5047 1721 5081 ι
1761 5029 1928 5084 veluti
1979 5029 2114 5100 ipsis

513 5132 529 5197 ί
603 5185 1108 5248 ιερρη,χι.κ,ιθ.
1183 5184 1601 5251 “Joan.|,23.
1680 5188 1726 5221 σο
1755 5189 1883 5243 ibid.
1911 5186 2002 5249 st,
2034 5186 2126 5241 es.

531 5254 581 5290 ⁸⁸
611 5257 743 5311 ibitl.
767 5253 854 5310 10.

537 5387 724 5531 tua?)
756 5385 863 5528 Egit!)
900 5385 987 5440 διὰ
1017 5383 1117 5456 τῆς
1146 5382 1356 5454 σιωπῆς
1382 5382 1556 5439 codex
1585 5381 1906 5439 Bodleianus
1958 5383 2123 5438 habet

707 5476 770 5510 ιω
858 5497 871 5510 .

671 5474 871 5510 σιωπη.

611 5527 724 5598 (14)
759 5522 918 5598 ρξ’δὲ
941 5523 1275 5598 Φαρισαῖοι,
1310 5524 1442 5598 ﬁge,
1474 5536 1604 5598 etc._
1627 5522 1894 5598 Origenes
1956 5533 2114 5598 tract.

537 5594 741 5669 xxiv
773 5596 995 5663 Matth.,
1022 5594 1112 5666 pp.
1143 5594 1409 5669 835,836
1445 5614 1459 5651 :
1486 5668 1493 5669 ί
1517 5614 1535 5646 ι
1572 5594 1675 5658 Oui
1720 5602 1902 5669 autem
1935 5594 2115 5669 majus

538 5665 742 5737 aliquid
781 5665 1100 5736 profitentes
1138 5665 1389 5737 dividunt
1419 5668 1629 5737 seipsos
1671 5665 1827 5734 quasi
1860 5665 2116 5718 meliores

539 5753 569 5791 a
620 5738 824 5802 multis,
858 5739 1157 5794 secundum
1203 5737 1309 5793 hoc
1365 5736 1630 5792 Pharisaai
1682 5736 1960 5797 dicuntur,
2024 5736 2127 5804 qui

539 5808 965 5876 interpremntur
1017 5809 1175 5865 divisi
1229 5818 1285 5863 et
1331 5806 1623 5879 segregati.
1681 5824 1740 5879 r__
1775 5805 1844 5879 Et
1897 5816 2116 5879 tractat.

531 5875 695 5945 “vi,
722 5894 841 5951 pag.
874 5880 975 5936 857
1007 5898 1019 5933 ί
1053 5899 1070 5933 ι
1114 5880 1314 5947 Quales
1338 5875 1640 5934 fuéruiitet
1685 5875 1964 5942 Pharisai,
2017 5878 2111 5946 qui

1131 924 1362 995 fuerant,
1392 927 1545 975 erant
1581 934 1645 972 ea:
1678 913 1987 969 Pltaristris.
2030 908 2093 963 Et

2270 890 2357 946 l5.
2399 888 2514 945 Kal
2560 890 2616 944 οι
2659 887 3103 958 ἀπεσταλμένοι
3142 883 3306 959 ἦσαν
3335 888 3405 942 ἐκ
3448 887 3567 942 τῶν
3604 890 3781 957 Φαρι-

2198 984 2406 1039 σαίων.
2433 982 2545 1037 Καὶ
2566 982 2887 1052 ἠρώτησαν
2908 979 3116 1045 αὐτὸν,
3144 981 3244 1035 καὶ
3273 976 3453 1035 εἶπαν
3480 979 3674 1047 αὐτῷ’
3720 980 3785 1036 Τί

2200 1075 2314 1134 οὖν
2325 1074 2651 1144 βαπτίζεις,
2669 1078 2722 1131 εί
2741 1075 2822 1131 σὺ
2839 1077 2949 1131 οὐκ
2971 1071 3027 1129 εἷ
3044 1078 3077 1129 ό
3093 1074 3371 1144 Χριστὸς,
3388 1072 3532 1129 οὐδὲ
3552 1073 3783 1138 Ἠλίας,

2199 1171 2342 1228 οὐδὲ
2376 1174 2411 1226 ὁ
2445 1169 2757 1240 προφήτης
2769 1184 2789 1233 ;
2817 1170 2883 1221 Ol
2923 1167 3023 1240 μὲν
3060 1166 3168 1220 ἀπὸ
3209 1165 3598 1238 Ἰεροσολύμων
3639 1163 3784 1234 πέμ·

2197 1263 2394 1336 ψαντες
2413 1265 2538 1328 τοὺς
2558 1263 2736 1334 ἐρωτή
2744 1278 2941 1324 σαντας
2954 1260 3044 1313 τὸν
3058 1260 3312 1329 Ἰωάννην
3337 1259 3502 1329 ἱερεῖς
3518 1257 3614 1311 καὶ
3630 1256 3767 1310 Acut

2200 1374 2318 1419 τας,
2354 1354 2615 1426 μαθόντες
2646 1354 2793 1417 ὅστις
2827 1370 2887 1407 τε
2917 1353 3018 1406 οὐκ
3040 1348 3108 1424 ἦν
3137 1352 3167 1404 6
3198 1350 3472 1420 Ἰωάννης,
3496 1349 3590 1402 καὶ
3608 1347 3669 1411 ὃς
3690 1343 3784 1419 ἦν,

2203 1445 2721 1521 σεμνοπρεπέστατα
2734 1444 3118 1518 ήσυχάζουσιψ
3137 1442 3299 1497 οἱονεὶ
3320 1439 3791 1511 συγκατατιθέμεο

2201 1557 2281 1593 νοι
2298 1537 2386 1591 διὰ
2410 1537 2507 1608 τῆς
2530 1532 2893 1604 σιωττῆςμὸ),
2911 1531 3007 1585 καὶ
3028 1529 3386 1601 ἐμφαίνοντες
3414 1527 3477 1580 τὸ
3494 1525 3802 1599 παραδέχε-

2204 1630 2405 1685 σθαιτὰ
2421 1629 2703 1702 εἰρημένα,
2717 1627 2798 1679 ὅτι
2814 1624 3042 1696 ἁρμόζει
3056 1625 3123 1694 τῇ
3139 1621 3231 1675 τοῦ
3254 1620 3487 1692 βοῶντος
3508 1620 3567 1673 ἐν
3581 1621 3651 1690 τῇ
3676 1619 3801 1691 ἐρή-

2204 1743 2289 1797 μῳ
2306 1724 2455 1794 φωνῇ
2474 1723 2553 1786 είς
2568 1721 2629 1775 τὸ
2649 1718 2891 1773 εὐθύνειν
2906 1716 2998 1788 τὴν
3016 1714 3138 1769 όδδν
3155 1713 3382 1786 Κυρίου,
3403 1712 3465 1765 τὸ
3482 1711 3794 1782 βαπτίζειν·

2200 1819 2251 1872 οἱ
2279 1815 2335 1869 δέ
2357 1815 2662 1887 Φαρισαῖοι,
2682 1812 2776 1867 ἆτε
2795 1810 2907 1881 (14)
2939 1807 3084 1863 κατὰ
3111 1808 3173 1861 τὸ
3208 1807 3382 1878 δνομα
3407 1806 3560 1869 ὄντες
3592 1804 3803 1874 διῃρη-

2197 1910 2368 1981 μένοι
2391 1910 2534 1973 τινές
2555 1908 2649 1962 καὶ
2679 1904 3019 1967 στασιώδεις,
3035 1902 3095 1955 τὸ
3124 1900 3200 1973 μὴ
3228 1901 3471 1971 ὁμονοεῖν
3494 1898 3804 1971 παριστᾶσι

2203 2003 2314 2064 τοῖς
2347 2002 2404 2054 ὲν
2434 2000 2500 2070 τῇ
2531 1995 2858 2070 μητροπόλει
2893 1992 3167 2055 Ἰουδαίοις
3198 1991 3293 2044 καὶ
3319 1992 3433 2053 τοῖς
3458 1988 3804 2060 λειτουργοῖς

2202 2091 2302 2162 τῆς
2323 2091 2418 2146 τοῦ
2448 2088 2583 2144 Θεοῦ
2611 2086 2909 2159 θεραπείας
2992 2082 3194 2156 ἱερεῦσι
3259 2082 3355 2135 καὶ
3390 2081 3646 2143 Δευῖταις
3665 2120 3681 2145 ,
3712 2079 3804 2133 διὰ

2202 2186 2298 2240 τοῦ
2328 2184 2643 2240 ἀποστεῖλαι
2675 2182 2839 2237 οἱονεὶ
2868 2174 3303 2251 ἐπιπληκτικῶς,
3329 2176 3425 2229 καὶ
3447 2175 3508 2228 τὸ
3546 2175 3676 2228 ὅσον
3711 2175 3802 2226 ἐπ’

2209 2280 2390 2343 αὐτοῖς
2419 2276 2735 2341 κωλυτικῶς
2764 2274 2860 2329 τοῦ
2889 2271 3190 2345 βαπτίζειν,
3218 2270 3345 2332 τοὺς
3377 2269 3800 2340 ἐρωτήσοντα;’

2214 2392 2233 2425 ι
2266 2372 2331 2426 Τί
2363 2367 2455 2426 οὖν
2502 2369 2781 2441 βαπτίζεις
2804 2407 2820 2429 ,
2867 2368 2916 2421 εἰ
2969 2366 3035 2420 σὺ
3080 2364 3181 2418 οὐκ
3222 2357 3274 2415 εἴ
3313 2362 3343 2415 6
3373 2358 3609 2433 Χριστὸς
3636 2399 3650 2423 ,
3682 2358 3806 2412 οὐδὲ

2217 2461 2422 2525 Ἠλίας,
2457 2460 2579 2514 οὐδὲ
2609 2462 2637 2513 6
2664 2459 2983 2531 προφήτηςς
3020 2475 3039 2507 δ
3068 2455 3179 2509 Καὶ
3204 2453 3347 2523 τάχα
3378 2452 3427 2504 εί
3455 2448 3806 2518 συγκλῶσαι-

2209 2572 2308 2628 μεν
2349 2556 2430 2618 είς
2471 2552 2529 2607 ἐν
2564 2550 3067 2624 σωματοποιοῦντες
3095 2547 3165 2601 τὰ
3197 2549 3253 2601 ἐν
3296 2549 3408 2610 τοῖς
3446 2543 3807 2614 Εὑαγγελίοις

2206 2647 2589 2719 γεγραμμένα,
2607 2646 2855 2716 εἴποιμεν
2880 2643 2946 2697 ἂν
2977 2642 3072 2696 νῦν
3104 2642 3201 2713 μὲν
3226 2640 3424 2703 αὐτοὺς
3453 2636 3632 2691 ταῦτα
3660 2639 3810 2709 εἰρη-

2207 2739 2381 2802 κέναι,
2414 2737 2642 2809 ὓστερον
2673 2735 2730 2789 δέ
2753 2734 2854 2788 οὐκ
2878 2729 2975 2787 οἷδ’
2998 2733 3148 2795 ὅπως
3178 2731 3376 2793 αὐτοὺς
3406 2727 3808 2788 ἐπιδεδωκότας

2207 2829 2285 2902 τῷ
2344 2826 2714 2900 βαπτίσασθαι
2760 2824 3059 2897 ἀκηκοέναι
3113 2823 3219 2877 ὑπὸ
3263 2820 3355 2876 τοῦ
3411 2819 3662 2874 Ἰωάννου
3710 2818 3802 2872 τό·

2214 2940 2234 2973 ι
2264 2920 2585 2991 Γεννήματα
2611 2915 2855 2989 ἐχιδνῶν,
2886 2915 2971 2979 τίς
3006 2912 3282 2978 ὑπέδειξεν
3312 2913 3442 2984 ὑμῖν
3472 2913 3668 2981 φυγεῖν
3699 2909 3810 2964 ἀπὸ

2207 3012 2307 3083 τῆς
2336 3011 2636 3083 μελλούσης
2669 3008 2841 3082 ὀργῆς
2870 3024 2885 3073 ;
2916 3007 3187 3079 Ποιήσατε
3217 3002 3310 3059 οὖν
3342 3004 3529 3070 ἀξίους
3555 3003 3807 3076 καρποὺς

2208 3102 2308 3173 τῆς
2333 3102 2639 3174 μετανοίας.
2675 3120 2694 3153 ι
2732 3098 2920 3153 Ταῦτα
2939 3098 3049 3170 γὰρ
3070 3096 3178 3151 ὑπὸ
3197 3095 3292 3150 τοῦ
3324 3094 3634 3150 Barrus-r06
3657 3095 3811 3166 εἴρη-

2209 3213 2299 3250 ται
2329 3193 2480 3266 παρὰ
2515 3193 2592 3265 τῷ
2639 3191 2906 3264 Ματθαίῳ
2929 3231 2944 3254 ,
2978 3190 3179 3255 ἰδόντος
3222 3187 3453 3252 πολλοὺς
3497 3187 3609 3240 τῶν
3640 3188 3808 3260 Φαρι-

2212 3287 2380 3342 σαίων
2409 3287 2504 3341 καὶ
2535 3284 2909 3340 Σαδδουκαίων
2939 3283 3268 3354 ἐρχομένους
3299 3280 3394 3334 ἐπὶ
3412 3280 3475 3334 τὸ
3499 3279 3806 3351 βάπτισμα·

2208 3379 2451 3451 δηλονότι
2482 3377 2583 3431 οὐκ
2611 3376 2833 3448 ἔχοντας
2862 3372 3111 3446 καρποὺς
3145 3370 3434 3442 μετανοίας
3456 3410 3471 3435 ,
3503 3370 3597 3424 καὶ
3638 3371 3812 3442 Φαρι-

2211 3470 2413 3535 σαῖκῶς
2451 3467 2943 3539 άλαζονευομένους
2973 3467 3030 3518 ἐν
3060 3465 3275 3527 ἑαυτοῖς
3307 3462 3401 3516 ἐπὶ
3433 3460 3514 3533 τῷ
3554 3461 3812 3533 Ἀϐραάμ

2209 3564 2286 3628 ὡς
2312 3561 2514 3634 πατρί’
2558 3560 2749 3628 διόπερ
2787 3558 3221 3629 ἐπιπλήσσονται
3259 3553 3364 3607 ὑπὸ
3393 3552 3489 3606 τοῦ
3530 3551 3621 3605 τὸν
3646 3551 3814 3623 ζῆλον

2222 3657 2401 3710 Ἠλίου
2451 3653 2593 3709 κατὰ
2642 3651 2739 3724 τὴν
2783 3649 3071 3705 κοινωνίαν
3119 3646 3214 3701 τοῦ
3274 3646 3433 3714 ἁγίου
3491 3643 3814 3715 Πνεύματος

2210 3749 2423 3820 ἔχοντος
2462 3748 2729 3801 Ἰωάννου.
2771 3740 3198 3813 Ἑπιπληκτικὸς
3230 3739 3339 3811 γὰρ
3376 3738 3532 3807 λόγος
3553 3739 3582 3791 6
3602 3751 3616 3767 °
3655 3755 3677 3789 ι
3718 3734 3812 3807 Μὴ

2209 3840 2397 3912 δόξητε
2455 3839 2637 3908 λέγειν
2718 3838 2777 3891 ἐν
2837 3836 3080 3899 ἐαυτοίς’
3153 3833 3376 3905 Πατέρα
3449 3831 3649 3902 ἔχομεν
3716 3824 3813 3883 τὸν

2223 3934 2477 4008 Ἀϐραάμ
2501 3950 2515 3964 υ
2557 3951 2576 3984 ι
2611 3932 2705 3985 καὶ
2750 3927 3133 3990 διδασκαλικὸς
3176 3928 3206 3979 ὁ
3239 3923 3368 3996 περὶ
3413 3923 3508 3977 τοῦ
3557 3922 3653 3977 καὶ
3684 3922 3814 3985 τοὺς

2210 4025 2298 4079 διὰ
2321 4025 2418 4096 τὴν
2450 4023 2659 4094 λιθίνην
2690 4020 2916 4092 καρδίαν
2958 4018 3223 4079 ἀπίστους
3253 4014 3435 4078 λίθους
3467 4011 3812 4085 ὀνομαζομέ-

2213 4134 2336 4182 νους
2367 4115 2592 4186 δυνάμει
2616 4112 2751 4165 Θεοῦ
2804 4108 3128 4182 μεταϐαλεῖν
3154 4108 3299 4170 οἴους
3322 4122 3383 4159 τε
3416 4100 3557 4158 εἶναι
3590 4104 3700 4158 άπὸ
3732 4103 3813 4158 λί-

2215 4206 2324 4261 θων
2348 4206 2427 4268 εἰς
2456 4203 2624 4257 τέκνα
2658 4199 2930 4271 Ἀϐραὰμ,
2965 4198 3088 4251 ἐπεὶ
3121 4197 3408 4266 γεγόνασιν
3432 4197 3489 4248 ἐν
3512 4193 3814 4265 ὀφθαλμοῖς

2212 4297 2308 4353 τοῦ
2337 4296 2638 4370 προφήτου,
2674 4292 2747 4365 μὴ
2779 4291 3075 4362 φεύγοντες
3107 4292 3208 4362 τὴν
3255 4290 3405 4343 θείαν
3433 4288 3600 4342 αὐτοῦ
3642 4288 3769 4357 ὄψιν
3793 4303 3805 4315 ·

2213 4387 2400 4458 διόπερ
2432 4386 2492 4439 τό
2511 4403 2524 4416 ·
2563 4403 2581 4436 ι
2612 4383 2770 4451 Λέγω
2800 4382 2963 4451 ὑμῖν,
2990 4381 3072 4434 ὅτι
3110 4380 3335 4433 δύναται
3376 4381 3406 4432 6
3439 4377 3573 4442 Θεὸς
3604 4379 3671 4431 ἐκ
3700 4375 3811 4429 τῶν

2214 4476 2377 4531 λίθων
2406 4475 2611 4530 τούτων
2641 4475 2853 4545 ἐγεῖραι
2880 4472 3046 4526 τέκνα
3085 4471 3164 4542 τῷ
3209 4470 3482 4545 Ἀϐραὰμ,
3536 4490 3555 4523 ι
3591 4467 3684 4523 ὑπ’
3711 4469 3809 4521 αὺ-

2215 4571 2311 4624 τοῦ
2352 4570 2588 4640 λέγεται.
2621 4567 2734 4623 Καὶ
2776 4565 2901 4620 ἐπεὶ
2931 4565 3006 4637 μὴ
3035 4566 3361 4636 ποιήσαντες
3401 4563 3612 4635 καρπὸν
3649 4560 3807 4630 ἅγιον

2216 4662 2318 4733 τῆς
2350 4659 2635 4731 μετανοίας
2660 4657 2909 4730 ἔρχονται
2958 4654 3050 4708 ἐπὶ
3090 4656 3150 4709 τὸ
3178 4650 3481 4725 βάπτισμα,
3500 4650 3810 4726 ἁρμονικῶ-

2216 4770 2355 4807 τατα
2382 4751 2519 4822 πρὸς
2546 4751 2742 4812 αὐτοὺς
2765 4748 2984 4816 λέγεται
3007 4747 3068 4800 τό
3085 4763 3099 4777 ·
3129 4766 3149 4797 ι
3183 4747 3323 4817 ’Πδη
3347 4749 3403 4799 δὲ
3430 4747 3463 4815 ή
3491 4743 3647 4814 ἀξίνη
3672 4742 3812 4813 πρὸς

2216 4842 2316 4915 τὴν
2347 4840 2502 4913 ῥίζαν
2533 4838 2643 4893 τῶν
2672 4837 2903 4907 δένδρων
2938 4838 3115 4890 κεῖται
3136 4850 3153 4867 ο
3182 4835 3297 4888 Πᾶν
3338 4833 3554 4906 δένδρον
3588 4834 3663 4903 μὴ
3687 4847 3808 4883 ποι-

2219 4936 2313 4990 οῦν
2343 4935 2554 5008 καρπὸν
2585 4932 2747 4987 καλὸν
2774 4930 3122 4992 ἐκκόπτεται,
3153 4929 3248 4983 καὶ
3269 4931 3351 4993 είς
3381 4928 3443 4981 τὸ
3475 4926 3588 4999 πῦρ
3628 4923 3811 4995 βάλλε-

2218 5046 2313 5084 ται
2334 5046 2347 5059 ·
2383 5049 2401 5080 ι
2428 5027 2591 5081 οἱονεὶ
2620 5024 2730 5095 γὰρ
2758 5022 3015 5095 ἄντικρύς
3049 5040 3182 5094 φησι
3216 5022 3352 5095 πρὸς
3381 5019 3578 5082 αὐτούς
3598 5032 3616 5049 ·
3652 5015 3810 5070 Ἐπεὶ

2203 5187 2248 5219 ⁶¹
2276 5188 2405 5242 ibid.
2434 5189 2523 5243 l9.
2596 5183 2640 5214 ⁶²
2672 5179 2865 5236 Matth.
2892 5196 2978 5247 tu,
3003 5181 3055 5248 7,
3097 5180 3151 5236 8.
3231 5179 3277 5211 ⁸³
3305 5178 3435 5235 ibid.
3465 5178 3519 5235 9.
3570 5175 3645 5239 7“
3675 5174 3808 5229 ibid.

2229 5396 2380 5442 recte
2406 5385 2667 5442 Pharisaei
2722 5395 2849 5442 sunt
2893 5383 3172 5455 appellati,
3206 5383 3389 5455 iduest
3430 5382 3660 5455 ρηξιείεἰ,
3712 5382 3805 5449 qui

2228 5457 2530 5526 spiritualia
2558 5452 2946 5525 prophetarum
2969 5452 2997 5508 a
3023 5452 3317 5526 corporali
3343 5454 3500 5507 histm
3518 5453 3565 5506 ia
3619 5455 3811 5526 pracci-

2228 5522 2477 5582 derunta
2523 5522 2886 5596 Hieronymus
2925 5522 3133 5579 advers.
3157 5522 3544 5596 Luciferianos,
3573 5536 3694 5596 eap.
3726 5522 3761 5575 8
3790 5537 3805 5573 :

2232 5617 2252 5650 ι
2293 5597 2549 5651 Pharisaei
2581 5614 2609 5650 a
2641 5593 2841 5651 Judaeis
2864 5596 3022 5651 divisi
3052 5604 3275 5661 propter
3323 5595 3586 5661 quasdam
3615 5593 3809 5647 obser-

2229 5668 2482 5722 vationes
2507 5669 2828 5736 superfluas,
2862 5681 3058 5721 nomen
3085 5678 3362 5736 quoques
3391 5662 3590 5716 Judaeis
3619 5676 3809 5736 susce-

2226 5749 2448 5809 perunt.
2485 5757 2503 5789 ι
2528 5730 2586 5792 Α’
2608 5746 2775 5809 una,
2798 5735 3082 5809 separavit.
3107 5730 3466 5809 Deﬁeditioso
3517 5740 3583 5809 et
3625 5730 3805 5802 pervi—

2222 5802 2555 5892 .'cacie_nrtnu
2599 5808 2818 5881 ingenio
2848 5802 2971 5863 vide
3020 5802 3247 5875 Joseph.
3302 5802 3479 5873 Antiq.
3527 5802 3625 5858 ili).
3667 5814 3804 5857 xm,

2225 5895 2348 5949 cap.
2377 5898 2427 5933 ο.
