4194 6398
386 426 486 476 ΞΜ

1451 419 1808 477 COMMENT.
1855 419 1920 474 ΙΝ
1953 419 2145 476 JOAN.
2189 419 2426 477 TOMUS
2459 419 2548 474 Vl.

3535 420 3656 476 2-63

387 536 685 611 ἐληλύθατε
716 536 810 590 ἐπὶ
834 537 896 590 τὺ
930 537 1212 608 βάπτισμα
1244 537 1318 607 μὴ
1350 537 1672 607 ποιήσαντες
1703 537 1816 606 (l5)
1843 553 1978 608 καρ-

2090 548 2266 606 aperte
2298 538 2528 594 dicens:
2581 535 2848 603 Quoniam
2899 533 3128 589 venistis
3176 535 3243 590 ad
3294 535 3646 608 baptismum,

375 629 490 717 βιὸν
528 627 845 699 μετανοίας,
881 627 1094 697 δένδρον
1117 626 1240 678 ὲστὲ
1279 625 1392 695 (l6)
1437 625 1514 696 μὴ
1546 626 1734 680 ποιοῦν
1762 625 1976 697 καρπὸν

391 722 574 786 καλὸν,
609 719 1050 790 ὲκκοπησὸμενον
1077 719 1184 773 ἀπὸ
1211 719 1312 789 τῆς
1335 719 1606 789 ὀξυτάτης
1629 719 1722 772 καὶ
1748 720 1976 772 εὐτονω-

389 813 560 884 τάτης
587 810 776 881 ἀξίνης
817 810 910 863 τοῦ
953 808 1155 874 ζῶντος
1182 811 1359 879 Λόγου
1381 851 1397 875 ,
1439 811 1534 864 καὶ
1564 811 1820 881 ἐνεργοῦς
1840 851 1856 875 ,
1884 810 1980 864 καὶ

390 903 703 975 τομωτέρου
755 902 896 972 ὑπὲρ
945 903 1126 956 πᾶσαν
1174 903 1447 974 μάχαιραν
1488 902 1760 974 δίστομον.
1810 903 1982 974 Παρέ-

347 993 362 1038 ἶ
392 1010 560 1065 atque
595 995 654 1047 δὲ
679 994 770 1046 τὸν
796 993 904 1047 τῶν
933 993 1242 1064 Φαρισαίων
1289 995 1418 1064 περὶ
1456 993 1637 1046 αὐτῶν
1671 995 1826 1062 λόγον
1866 994 1978 1066 (17)

392 1089 486 1140 καὶ
509 1091 538 1141 6
561 1088 777 1150 Λουκᾶς
803 1085 892 1140 διὰ
922 1085 1017 1140 τοῦ
1042 1104 1055 1116 ·
1092 1106 1110 1139 ι
1144 1085 1458 1158 Ἄνθρωποι
1489 1087 1584 1140 δύο
1606 1087 1875 1158 ἀνέϐησαν
1903 1090 1981 1152 είς

391 1180 452 1234 τὺ
484 1179 632 1251 ἱερὸν
660 1179 1062 1251 προσεύξασθαι
1081 1197 1095 1210 ο
1131 1182 1159 1233 6
1181 1175 1262 1244 εἷς
1283 1182 1598 1251 Φαρισαῖος,
1626 1181 1722 1235 καὶ
1747 1184 1774 1234 6
1798 1181 1982 1253 ἕτερος

393 1270 652 1342 τελώνης.
689 1272 800 1326 Καὶ
826 1274 854 1324 6
873 1273 1164 1343 Φαρισαῖος
1194 1273 1408 1338 σταθεὶς
1440 1273 1612 1328 ταῦτα
1633 1274 1768 1341 πρὸς
1793 1275 1982 1330 ἑαυτὸν

393 1361 736 1434 προσηύχετο
753 1378 768 1392 ’
810 1363 866 1415 '0
891 1361 1043 1426 Θεὸς,
1070 1363 1376 1435 εὐχαριστῶ
1409 1381 1511 1428 σοι,
1535 1365 1616 1417 ὅτι
1643 1365 1746 1419 οὐκ
1771 1363 1889 1436 είμλ⁵
1909 1365 1983 1428 ώς

393 1456 442 1507 οἱ
475 1454 650 1508 λοιποὶ
679 1454 788 1508 τῶν
823 1454 1147 1526 ἀνθρώπων,
1182 1455 1449 1526 ἅρπαγες,
1483 1456 1679 1521 ἄδικοι,
1728 1458 1982 1529 μοιχοὶ,ῆ

397 1547 494 1600 καὶ
538 1549 615 1610 ώς
663 1537 820 1610 οὗτος
849 1549 877 1601 6
907 1546 1146 1618 τελώνης
1169 1566 1183 1579 ·
1231 1568 1248 1600 ι
1277 1549 1366 1602 ὅτε
1392 1549 1481 1603 διά
1502 1551 1726 1616 τούτους
1746 1554 1873 1615 τοὺς
1901 1551 1986 1604 λό-

394 1655 526 1707 γους
558 1641 588 1692 ό
631 1637 870 1710 τελώνης
908 1658 927 1690 ι
967 1641 1169 1706 μᾶλλον
1200 1642 1364 1694 αύτοῦ
1400 1644 1481 1706 είς
1508 1644 1600 1698 τὸν
1631 1641 1778 1699 οἷκον
1818 1661 1986 1698 κατα-

396 1730 573 1784 ϐαίνει
612 1731 1030 1802 δεδικαιωμένος
1055 1771 1071 1796 ,
1112 1751 1130 1783 ι
1183 1733 1276 1786 καὶ
1313 1735 1627 1803 ὲπιλέγεται
1681 1736 1859 1790 πάντα
1897 1737 1986 1792 τὸν

398 1821 639 1891 ύψοῦντσ,
673 1824 866 1876 ἑαυτὸν
901 1824 1312 1880 ταπεινοῦσθαι.
1359 1827 1447 1890 Ὠς
1475 1828 1765 1900 ὑποκριταὶ
1787 1828 1983 1895 τοίνυν,

2079 644 2200 683 cum
2233 644 2340 684 non
2375 629 2612 684 feceritis
2649 627 2886 683 fructum
2923 626 3282 696 pmnitentize,
3324 629 3488 684 arbor
3515 629 3653 682 estis

2078 731 2184 770 non
2218 717 2423 773 faciens
2453 717 2689 772 fructum
2730 717 2955 782 bonum,
2982 717 3280 773 excidenda
3311 721 3380 771 ab
3404 718 3654 772 acutissi-

2079 824 2164 863 ma
2201 819 2255 864 et
2286 809 2619 865 validissima
2643 810 2844 875 securi,
2877 824 3068 878 nempe
3090 824 3120 864 a
3149 809 3415 866 Sermone
3437 812 3654 866 vivente

2077 908 2132 955 et
2161 899 2394 963 ellicaci,
2427 901 2518 970 qui
2547 902 2921 970 penetrantior
2950 909 3034 957 est
3061 902 3252 971 quovis
3279 902 3458 973 gladio
3480 901 3656 958 utrin-

2078 1006 2185 1060 que
2233 992 2506 1048 incidente
2535 993 2602 1048 °“.
2669 993 2936 1052 Caeterum
3035 988 3432 1050 Pharisaeorum
3479 994 3547 1050 de
3595 1009 3656 1048 se

2079 1083 2520 1154 praedicationem
2569 1084 2822 1155 produxit
2867 1083 3042 1139 Lucas
3075 1085 3126 1139 in
3172 1086 3435 1148 medium,
3460 1100 3560 1156 per
3591 1087 3656 1141 il-

2081 1177 2168 1231 lud
2195 1173 2284 1230 ονε
2321 1194 2341 1230 ι
2389 1176 2506 1232 Duo
2551 1177 2799 1232 homines
2852 1179 3227 1231 ascenderunt
3265 1179 3320 1231 in
3366 1176 3652 1248 templum,

2080 1278 2138 1324 ut
2169 1278 2524 1339 precarentur
2555 1286 2568 1324 :
2600 1285 2743 1326 unus
2788 1269 3119 1337 Pharisaeus,
3159 1280 3214 1325 et
3240 1271 3381 1326 alter
3405 1270 3658 1341 publica-

2085 1377 2204 1417 nus.
2237 1360 2548 1419 Pharisaeus
2585 1371 2737 1418 stans
2785 1363 2903 1418 haec
2948 1362 3089 1432 apud
3123 1379 3184 1419 se
3225 1363 3460 1420 orabat:
3489 1363 3656 1427 Deus,

2082 1453 2284 1525 gratias
2305 1469 2404 1527 ago
2436 1456 2556 1524 tibi,
2586 1456 2732 1527 quod
2784 1471 2892 1511 non
2943 1471 3065 1511 sum
3094 1456 3282 1527 quales
3319 1457 3502 1512 caeteri
3555 1458 3657 1512 ho~

2085 1547 2279 1614 mines,
2306 1558 2576 1619 raptores,
2623 1548 2834 1617 iniusti,
2867 1549 3119 1613 adulteri,
3167 1548 3344 1620 qualis
3379 1550 3545 1606 etiam
3575 1549 3660 1604 hic

2084 1639 2423 1711 publicanus.
2462 1659 2482 1693 ι
2508 1641 2738 1708 Quando
2766 1650 2990 1710 propter
3039 1641 3153 1697 hate
3197 1641 3361 1697 verba
3413 1642 3659 1713 publica-

2086 1747 2187 1787 nus
2215 1749 2235 1784 ι
2285 1731 2507 1787 domum
2557 1746 2713 1788 suam
2767 1731 3052 1787 descendit
3097 1731 3432 1800 justiﬁeatus
3461 1732 3660 1802 magis,

2087 1839 2248 1894 quam
2277 1823 2364 1879 ille
2399 1823 2474 1889 ‘9;
2522 1840 2544 1878 ι
2586 1821 2806 1878 additur
2826 1823 3029 1888 etiam,
3057 1838 3280 1878 omnem
3329 1807 3661 1878 exultantem

397 1916 538 1969 κατά
569 1916 696 1980 τοὺς
723 1916 816 1970 τοῦ
849 1917 1102 1989 Σωτῆρος
1130 1918 1268 1989 πρὸς
1297 1920 1495 1983 αὐτοὺς
1526 1920 1874 1989 ὲλεγκτικοὺς
1897 1923 1984 1976 λὸ-

2090 1931 2164 1982 se,
2198 1915 2496 1971 humiliari.
2531 1914 2601 1972 Ut
2625 1915 2923 1986 hypocriten
2949 1914 3118 1985 igitur
3141 1915 3317 1986 (juxta
3353 1914 3662 1969 Servatoris

397 2022 548 2074 γους,
581 2005 832 2078 ἔρχονται
862 2008 956 2061 ἐπὶ
984 2009 1046 2061 τὸ
1078 2008 1386 2080 βάπτισμα,
1417 2010 1478 2063 ού
1511 2011 1866 2076 λανθάνοντες
1891 2013 1984 2066 τὸν

399 2096 766 2166 βαπτίζοντα,
819 2098 898 2152 ἐτι
948 2099 1161 2169 ἔχοντες
1197 2100 1308 2153 τῶν
1353 2100 1578 2172 ἐχιδνῶν
1623 2102 1700 2155 ἰὸν
1743 2103 1849 2156 ὑπὸ
1886 2103 1986 2167 τὰς

396 2188 648 2256 γλώσσας
713 2191 892 2243 αὐτῶν
950 2192 1045 2244 καὶ
1099 2192 1189 2244 τὸν
1249 2191 1360 2245 τῶν
1409 2193 1715 2249 ἀσπίδων-ι
1738 2195 1986 2268 Ἰδςιγάρ

403 2301 422 2331 ι
463 2280 702 2334 ἀσπίδιον
733 2283 838 2335 ὑπὸ
871 2282 938 2335 τὰ
972 2283 1126 2353 χείλη
1152 2283 1353 2338 αὐτῶν.
1394 2303 1415 2336 ι
1465 2285 1702 2356 Ἀληθῶς
1733 2303 1792 2340 τε
1817 2286 1988 2360 θυμὸς

397 2373 572 2443 αὐτῆς
599 2374 711 2443 (l8)
759 2375 900 2428 κατά
924 2376 1024 2446 τὴν
1049 2376 1310 2446 ὁμοίωσιν
1349 2377 1444 2430 τοῦ
1472 2377 1648 2448 ὄφεως
1689 2374 1758 2450 ἦν
1789 2381 1988 2452 ἐμφαι-

397 2465 642 2535 νόμενος,
670 2467 764 2518 καὶ
788 2466 878 2520 διὰ
905 2466 1005 2537 τῆς
1033 2469 1238 2538 πικρᾶς
1268 2468 1473 2539 ταύτης
1509 2471 1830 2542 ἐρωτήσεως
1856 2475 1983 2545 τῆς·

403 2576 424 2610 ε
459 2557 523 2610 Τί
553 2553 647 2611 οῦν
696 2557 1013 2628 βαπτίζεις,
1059 2563 1107 2613 εί
1154 2562 1220 2614 σὺ
1266 2562 1365 2614 οὐκ
1414 2558 1466 2615 εἷ
1509 2564 1538 2616 6
1583 2564 1838 2633 Χριστὸς,
1867 2567 1988 2621 οὐδὲ

411 2649 616 2713 Ἠλίας,
641 2649 761 2702 οὐδὲ
803 2651 831 2702 ὁ
864 2652 1149 2723 προφήτης
1173 2669 1188 2683 ο
1227 2671 1246 2704 ι
1277 2653 1419 2725 Πρὸς
1444 2651 1537 2717 οὓς
1566 2655 1771 2726 εἴποιμ’
1798 2656 1886 2717 ἂν,
1913 2658 1989 2722 ὡς

397 2742 660 2814 Χριστοῦ,
683 2743 777 2796 καὶ
812 2742 1014 2806 Ἠλίου,
1045 2743 1254 2797 καὶτοῦ
1285 2746 1564 2816 προφήτου
1597 2745 1986 2816 βαπτιζόντων,

396 2837 498 2903 τῆς
537 2834 594 2887 δὲ
631 2837 689 2887 ὲν
724 2836 790 2904 τῇ
819 2835 1011 2905 ἐρήμῳ
1039 2837 1220 2906 φωνῆς
1246 2836 1341 2889 τοῦ
1389 2835 1620 2906 βοῶντος
1661 2838 1866 2908 ταύτην
1892 2839 1990 2911 τὴν

399 2926 648 2991 ἐξουσίαν
699 2925 773 2996 μὴ
819 2926 1136 2996 είληφυίας⁹
1187 2923 1257 2980 Ὦ
1301 2923 1482 2993 οὗτοι,
1531 2929 1756 3000 ἀπηνῶς
1786 2932 1992 2988 πυνθά-

397 3019 558 3072 νεσθε
580 3018 673 3071 τοῦ
703 3018 1115 3088 ἀπεσταλμένου
1145 3021 1376 3089 ἀγγέλου
1403 3022 1508 3093 πρὸ
1535 3021 1827 3092 προσώπου
1858 3025 1993 3097 Χρι-

403 3110 552 3172 στοῦ,
577 3115 986 3166 κατασκευάσαι
1015 3112 1112 3184 τὴν
1135 3113 1252 3167 666v
1281 3115 1444 3168 αὐτοῦ
1462 3115 1772 3188 ἔμπροσθεν
1796 3118 1986 3185 αὑτοῦ,

401 3204 504 3258 ὅλα
529 3204 595 3258 τά
619 3204 760 3259 κατά
789 3205 882 3259 τὸν
920 3206 1084 3260 τόπον
1121 3206 1287 3260 αὐτοῦ
1323 3208 1643 3277 ἀγνοοῦντες
1673 3212 1950 3283 μυστήρια
1973 3231 1986 3244 ·

401 3301 432 3350 6
455 3297 562 3368 γάρ
588 3299 820 3369 Χριστὸς
847 3298 1057 3368 Ἰησοῦς
1078 3298 1153 3352 ὢν
1175 3341 1189 3365 ,
1228 3299 1331 3354 κᾶν
1366 3301 1440 3371 μὴ
1489 3301 1750 3374 βούλησθε
1771 3343 1785 3366 ,
1830 3306 1994 3372 αὐτὸς

402 3390 505 3442 οὐκ
547 3388 835 3454 ἐϐάπτιζεν
855 3430 870 3454 ,
903 3390 1016 3443 ἀλλ’
1061 3392 1112 3442 οί
1154 3391 1393 3461 μαθηταὶ
1423 3391 1587 3444 αὐτοῦ
1609 3433 1622 3452 ,
1652 3394 1815 3458 αὐτὸς
1849 3395 1926 3450 ὢν
1963 3401 1994 3452 6

407 3483 716 3553 προφήτης.
745 3483 914 3536 Πόθεν
947 3482 1004 3536 δὲ
1037 3483 1164 3554 ὑμῖν
1196 3482 1556 3537 πεπίστευται
1593 3483 1777 3540 Ἠλίαν
1804 3487 1996 3558 βαπτί-

406 3591 522 3627 σειν
548 3575 636 3627 τὸν
669 3575 1040 3646 ἐλευσόμενον,
1064 3575 1184 3629 οὐδὲ
1216 3574 1284 3628 τὰ
1328 3577 1422 3630 ἐπὶ
1457 3575 1524 3630 τά
1571 3577 1666 3631 τοῦ
1703 3578 1996 3654 θυσιαστη-

407 3668 524 3740 ρίου
558 3667 711 3736 ξύλα,
738 3670 879 3723 κατά
910 3670 1037 3734 τοὺς
1081 3668 1176 3722 τοῦ
1226 3669 1433 3738 Ἀχαὰϐ
1477 3671 1704 3742 χρόνους
1724 3711 1738 3735 ,
1767 3672 1996 3746 δεόμενα

403 3761 628 3834 λουτροῦ
649 3801 664 3825 ,
698 3762 784 3816 ἵνα
814 3762 1054 3834 ὲκκαυθῇ
1076 3802 1091 3825 ,
1123 3764 1474 3832 ἐπιφανέντος
1505 3765 1563 3817 ἐν
1591 3766 1726 3835 πυρὶ
1750 3766 1844 3820 τοῦ
1885 3769 1997 3821 Κυ-

407 3854 523 3925 ρίου
547 3894 561 3916 ,
594 3854 954 3924 βαπτίσαντος
993 3872 1008 3920 ;
1049 3855 1458 3909 Ἐπικελεύεται
1502 3855 1612 3926 γὰρ
1642 3860 1754 3922 τοῖς
1794 3859 1998 3932 ἱερεῦσι

405 3946 566 3999 τοῦτο
595 3949 852 4019 ποιῆσαι,
901 3949 962 4002 ού
1005 3948 1166 4020 μόνον
1195 3948 1364 4015 ἅπαξ,
1401 3949 1550 4018 λέγει
1577 3950 1686 4022 γάρ
1710 3969 1723 3982 ο
1757 3970 1776 4004 ι
1810 3955 2000 4007 Δευτε-

412 4039 622 4109 ρώσατε
651 4080 666 4105 ,
699 4042 790 4094 ὅτε
823 4041 918 4094 καὶ
946 4040 1314 4112 ἐδευτέρωσαν
1339 4059 1350 4072 ·
1385 4043 1480 4096 καὶ
1508 4043 1846 4114 τρισσώσατε
1868 4087 1882 4110 ,
1908 4047 1998 4100 ὅτε

409 4133 502 4186 καὶ
529 4134 887 4206 ὲτρίσσωσαν.
919 4154 937 4185 ι
977 4135 1034 4188 Ὁ
1055 4134 1234 4188 τοίνυν
1267 4134 1341 4206 μὴ
1377 4135 1538 4200 αὐτὸς
1569 4137 1834 4207 βαπτίσας
1856 4140 1996 4205 τότε,

409 4227 523 4280 ἀλλ’
551 4227 758 4298 ἑτέροις
791 4226 885 4280 τοῦ
927 4226 1088 4298 ἔργου
1118 4228 1532 4298 παραχωρήσας
1553 4269 1569 4293 ,
1609 4229 1723 4292 πῶς
1767 4231 1908 4284 κατά
1929 4231 2000 4284 τὰ

411 4319 515 4370 ὑπὸ
554 4318 648 4371 τοῦ
684 4318 965 4388 Μαλαχίου
1008 4318 1278 4390 λεγόμενα
1317 4319 1662 4392 ἐπιδημήσας
1715 4321 1999 4394 βαπτίζειν

411 4409 644 4479 ἔμελλες
678 4411 911 4484 Χριστὸς
935 4407 1029 4466 οὖν
1059 4412 1159 4464 οὐκ
1203 4413 1260 4464 ὲν
1305 4411 1456 4465 ὕδατι
1494 4413 1765 4483 βαπτίζει,
1797 4414 1911 4468 ἀλλ’
1947 4416 1999 4468 οἱ

412 4501 652 4570 μαθηταὶ
692 4502 858 4556 αὐτοῦ
884 4519 896 4532 ·
930 4500 1109 4572 ἐαυτῷ
1158 4501 1215 4554 δὲ
1257 4505 1416 4573 τηρεῖ
1445 4503 1507 4556 τὸ
1553 4504 1698 4574 ἁγίῳ
1719 4503 1997 4574 Πνεύματι

2088 2011 2153 2063 ad
2179 2009 2324 2077 ipsos
2363 2006 2733 2076 obiurgatoria
2761 2007 2949 2076 verba)
3001 2006 3228 2061 veniunt
3276 2007 3344 2061 ad
3371 2006 3662 2076 baptisma,

2088 2116 2195 2156 non
2227 2102 2459 2156 latentes
2492 2100 2860 2169 haptizantem
2890 2098 3032 2168 quod
3082 2098 3260 2153 adhuc
3292 2097 3561 2154 haberent
3586 2097 3664 2151 vi-

2090 2209 2346 2264 perarum
2393 2201 2448 2249 et
2497 2195 2748 2264 aspidum
2799 2206 3070 2247 venenum
3129 2191 3230 2246 sub
3282 2191 3440 2246 labiis
3491 2191 3606 2248 suis
3647 2205 3663 2245 :

2095 2304 2114 2338 ι
2149 2286 2430 2342 Venenum
2463 2305 2484 2339 ι
2526 2288 2699 2355 enim,
2755 2289 2954 2358 inquit,
2990 2306 3010 2341 ι
3055 2286 3304 2356 aspidum
3352 2285 3455 2340 sub
3507 2282 3666 2338 labiis

2089 2394 2278 2434 eorum
2306 2381 2370 2433 ⁸⁸.
2408 2397 2430 2432 ι
2467 2379 2711 2452 Cumque
2735 2397 2863 2436 vere
2885 2396 3150 2438 venenum
3177 2381 3466 2440 haberent,
3489 2386 3548 2432 ut
3574 2392 3666 2430 ve-

2091 2487 2290 2526 nenum
2321 2473 2618 2542 serpentis,
2647 2473 2700 2529 id
2741 2475 2905 2530 etiam
2951 2479 3346 2543 expresserunt
3389 2484 3489 2540 per
3529 2471 3672 2523 haue

2090 2575 2335 2616 amaram
2367 2561 2847 2633 interrogationem
2877 2564 2922 2594 ⁷ο
2955 2607 2969 2618 .
3008 2582 3029 2615 ι
3065 2562 3204 2628 Quid
3235 2577 3366 2632 ergo
3399 2560 3668 2630 haptizas,

2091 2654 2135 2708 si
2165 2663 2219 2707 tu
2249 2671 2354 2710 non
2379 2670 2440 2710 es
2465 2656 2622 2726 125
2645 2656 2917 2720 Christus,
2947 2671 3124 2726 neque
3143 2655 3314 2720 Elias,
3338 2668 3515 2722 neque
3545 2666 3668 2721 pro-

2092 2748 2253 2815 pheta
2291 2747 2414 2802 ille?
2450 2765 2470 2800 ι
2528 2749 2737 2816 Quibus
2795 2763 2896 2818 ego
2927 2749 3109 2803 dicere
3133 2762 3372 2818 possem,
3412 2756 3670 2814 tanquam

2091 2837 2311 2893 Christo
2333 2848 2496 2909 atque
2525 2839 2642 2894 Elia
2674 2839 2935 2909 propheta
2969 2839 3390 2909 haptizantibus,
3415 2852 3540 2892 eum
3565 2851 3673 2892 vox

2093 2927 2381 2986 clamantis
2407 2929 2458 2987 in
2485 2945 2671 2986 eremo
2695 2931 2836 2986 hanc
2859 2930 3172 2986 facultatem
3199 2945 3303 2984 non
3349 2928 3625 2999 acceperit
3651 2942 3668 2979 :

2093 3019 2488 3089 luhumaniter,
2524 3039 2557 3078 ο
2586 3025 2734 3090 boni,
2764 3025 3112 3094 interrogatis
3143 3025 3366 3078 missum
3414 3021 3672 3076 nuntium

2093 3123 2218 3167 ante
2247 3113 2438 3170 faciem
2464 3113 2668 3171 Christi
2703 3117 2770 3148 ⁷⁸·
2803 3116 2871 3170 ad
2913 3116 3328 3186 praeparandum
3380 3117 3522 3169 viam
3553 3113 3675 3184 ejus

2096 3219 2285 3260 coram
2322 3207 2460 3277 ipso,
2513 3207 2767 3262 universa
2806 3206 3000 3275 ipsius,
3054 3208 3146 3277 qui
3189 3211 3258 3263 ad
3301 3207 3447 3262 hunc
3492 3206 3673 3262 locum

2099 3300 2316 3365 attinet,
2345 3301 2660 3370 ignorantes
2693 3302 2954 3372 myswria
2986 3316 3001 3354 :
3031 3301 3239 3356 nam'is
3268 3315 3393 3356 cum
3416 3299 3489 3354 sit
3513 3299 3674 3354 Chri-

2098 3403 2236 3460 stus,
2268 3391 2374 3458 vel,
2407 3393 2452 3448 si
2499 3394 2711 3462 nolitis,
2757 3405 2814 3452 et
2837 3395 2928 3450 ille
2967 3396 3253 3464 propheta,
3291 3393 3407 3461 ipse
3431 3405 3541 3445 non
3572 3391 3675 3444 hac

2096 3483 2342 3552 ptizavit,
2369 3483 2463 3538 sed
2494 3483 2743 3552 discipuli
2779 3483 2922 3554 ejus.
2947 3484 3182 3539 Proinde
3213 3482 3484 3536 undenam
3518 3479 3674 3536 vobis

2096 3589 2414 3644 persuasum
2463 3585 2548 3631 est
2601 3575 2770 3630 Etiam
2821 3585 3108 3631 venturum
3143 3575 3210 3631 ad
3260 3573 3678 3644 baptizandum,

2095 3668 2189 3738 qui
2217 3683 2391 3740 neque
2421 3669 2566 3738 ligna
2606 3669 2768 3724 altari
2798 3668 3138 3740 superposita
3190 3675 3433 3736 tempore
3467 3665 3674 3727 Achab,

2095 3775 2271 3832 eaque
2321 3763 2537 3833 egentia
2573 3762 2768 3818 balneo
2811 3772 2872 3815 ut
2911 3761 3385 3825 comburerentur,
3433 3772 3555 3813 cum
3583 3771 3676 3824 ap-

2097 3853 2370 3922 paruisset
2398 3867 2499 3924 per
2546 3855 2726 3925 ignem
2775 3853 3062 3919 Dominus,
3099 3849 3489 3921 baptizaverit?
3515 3847 3679 3904 Juhet

2096 3944 2244 4006 enim
2277 3947 2677 4016 sacerdotibus,
2713 3958 2772 4004 ut
2821 3949 3006 4004 isthuc
3053 3946 3318 4008 facerent,
3342 3959 3443 4000 nec
3477 3943 3530 3998 id
3559 3953 3679 3997 tan-

2099 4053 2213 4098 tum
2239 4043 2432 4105 semel,
2478 4057 2604 4098 nam
2633 4042 2809 4098 dicit:
2843 4060 2862 4093 ‹
2903 4040 3089 4096 Denuo
3119 4041 3172 4096 id
3211 4038 3376 4094 facite
3402 4055 3417 4092 :
3446 4048 3684 4104 cumque

2099 4137 2276 4191 denuo
2301 4136 2354 4190 id
2377 4136 2638 4192 fecissent
2668 4152 2683 4189 :
2721 4135 2930 4198 Tertio,
2957 4132 3154 4203 inquit,
3191 4133 3245 4187 id
3275 4130 3456 4193 tacite,
3483 4137 3539 4184 et
3569 4136 3678 4181 ter-

2101 4229 2173 4282 tio
2199 4228 2252 4282 id
2277 4227 2527 4283 fecerunt
2547 4229 2614 4282 τι.
2645 4247 2665 4280 ι
2692 4227 2824 4282 Cum
2852 4239 2983 4296 ergo
3013 4227 3128 4294 ipse
3151 4233 3266 4278 tum
3299 4236 3403 4275 non
3431 4218 3679 4288 baptiza-

2099 4324 2190 4390 rit,
2231 4312 2326 4378 sed
2357 4323 2481 4378 aliis
2521 4323 2753 4378 Cesserit
2801 4322 2942 4376 hanc
2971 4319 3334 4390 provinciam,
3379 4313 3681 4382 quomodo,

2097 4431 2220 4469 cum
2242 4414 2560 4480 accesserit,
2581 4414 2737 4482 juxta
2763 4411 3040 4467 Malachiae
3063 4410 3380 4464 vaticinium
3406 4410 3474 4475 ⁷³,
3498 4406 3679 4476 ιιιιιιιὶο

2099 4515 2322 4562 zaturus
2366 4507 2489 4561 est?
2520 4505 2694 4578 Igitur
2756 4504 3008 4560 Christus
3055 4504 3110 4558 in
3143 4517 3284 4572 aqua
3335 4518 3442 4557 nou
3499 4498 3682 4568 bapti-

412 4591 691 4659 βαπτίζειν
739 4595 834 4646 καὶ
870 4593 1019 4664 πυρί.
1049 4592 1500 4664 Παραδεξάμενος
1529 4595 1585 4646 δὲ
1620 4597 1648 4648 6
1685 4595 1988 4665 Ἡρακλέων

2103 4609 2211 4666 zat,
2259 4599 2354 4654 sed
2403 4599 2652 4668 discipuli
2684 4598 2825 4669 ejus,
2876 4601 2980 4655 sibi
3031 4599 3133 4669 ipsi
3168 4609 3456 4651 reservans
3502 4591 3682 4660 bapti-

405 4681 501 4738 τὸν
531 4684 644 4738 τῶν
673 4688 984 4758 Φαρισαίων
1009 4685 1187 4753 λόγον,
1223 4687 1299 4748 ώς
1345 4686 1516 4754 ὑγιῶς
1549 4688 1834 4759 εἰρημένον
1865 4691 1988 4760 περὶ

2103 4706 2280 4744 sinum
2333 4690 2385 4743 in
2422 4689 2632 4760 Spiritu
2677 4700 2872 4746 sancto
2929 4699 2984 4746 et
3048 4688 3250 4760 igni".
3286 4685 3457 4740 Porro
3508 4681 3681 4737 ﬂera-

405 4775 504 4830 ⁶τοῦ
528 4779 838 4846 ὀφείλεσθαι
871 4781 931 4833 τὸ
972 4781 1255 4850 βαπτίζειν
1280 4779 1520 4854 Χριστῷ,
1562 4782 1655 4834 καὶ
1692 4781 1869 4852 Ἠλίᾳ,
1901 4781 1988 4834 καὶ

2103 4785 2278 4847 cleon,
2344 4784 2640 4839 admittens
2714 4782 3118 4838 Phariszeorum
3167 4791 3474 4835 sermonem
3529 4783 3681 4827 recte

411 4869 574 4920 παντὶ
625 4871 881 4943 προφήτῃ
907 4910 921 4934 ,
967 4873 1160 4934 αύταῖς
1208 4871 1386 4938 λέξεσι
1439 4889 1636 4943 φησιν,
1687 4867 1767 4936 οἷς
1815 4872 1988 4942 μόνοις

2102 4877 2395 4945 prolatum,
2423 4877 2649 4945 perinde
2681 4877 2838 4946 quasi
2873 4887 2983 4929 tum
3029 4875 3301 4937 Christus,
3343 4881 3456 4924 tum
3512 4866 3687 4926 Elias,

407 4960 681 5027 ὀφείλεται
721 4963 782 5015 τὺ
818 4963 1099 5034 βαπτίζειν
1120 4979 1134 4994 '
1181 4963 1277 5016 καὶ
1306 4965 1371 5017 ὲκ
1407 4963 1516 5018 τῶν
1549 4965 1852 5036 εἰρημένων
1891 4963 1988 5035 μὲν

2102 4978 2217 5021 tum
2245 4965 2479 5036 denique
2505 4969 2783 5036 propheta:
2830 4981 3022 5021 ouiues
3059 4963 3334 5018 debitores
3379 4967 3564 5013 essent
3597 4955 3662 5009 bl

408 5056 540 5124 ἡμῖν
575 5054 802 5127 ἔναγχος
829 5057 1204 5130 ἐλεγχόμενος,
1236 5058 1468 5130 μάλιστα
1495 5057 1553 5111 δὲ
1581 5058 1662 5110 ὅτι
1687 5057 1988 5129 κοινότερον

2098 5059 2359 5132 ptizandi,
2394 5059 2587 5115 iisdem
2615 5060 2822 5125 verbis,
2843 5057 3256 5128 iuquit,quibus
3279 5053 3410 5108 solis
3435 5065 3573 5120 opus
3607 5058 3686 5100 est

407 5148 498 5202 τὸν
528 5151 809 5222 προφήτην
838 5153 1089 5226 νενόηκεν
1120 5154 1202 5225 (οὐ
1232 5154 1340 5224 γὰρ
1369 5153 1480 5225 ἔχει
1522 5153 1690 5218 δεῖξαί
1722 5171 1843 5207 τινα
1884 5152 1988 5208 τῶν

2103 5151 2414 5222 baptizare,
2442 5164 2674 5219 eumque
2703 5166 2732 5204 a
2761 5151 2918 5204 nobis
2943 5163 3116 5218 nuper
3149 5147 3220 5202 sit
3247 5145 3574 5212 redargutus
3615 5154 3677 5190 ex

409 5233 706 5312 προφητῶν
740 5242 1132 5317 βαπτίσαντα’)
1156 5248 1256 5300 οὐκ
1285 5245 1568 5310 ἀπιθάνως
1607 5245 1662 5299 δέ
1699 5263 1832 5318 φησι
1861 5263 1988 5299 πυν-

2102 5241 2190 5298 his
2221 5257 2342 5314 quae
2369 5241 2626 5309 diximus,
2651 5241 2816 5312 idque
2839 5242 3166 5312 praesertim,
3194 5238 3285 5308 qui
3321 5251 3418 5305 per
3445 5231 3687 5303 prophe-

480 5424 527 5456 ⁸⁸
561 5421 726 5478 Hebr.
762 5439 835 5482 Iv.
864 5423 947 5477 12.
1033 5425 1076 5456 ⁸⁷
1111 5423 1239 5480 Luc.
1273 5432 1425 5486 xvu'l,
1458 5425 1544 5486 10,
1581 5425 1664 5478 ll.
1743 5425 1787 5456 ⁸⁸
1810 5423 1941 5478 ihid.
1975 5423 1988 5476 l

2150 5423 2196 5456 θ’
2230 5424 2373 5481 Psal.
2429 5439 2548 5490 xm,
2578 5427 2632 5480 5.
2703 5427 2752 5459 "°
2796 5427 2952 5482 Joan.
3001 5442 3038 5488 ι,
3080 5425 3171 5480 25.
3247 5424 3315 5453 ⁷ο·
3347 5419 3515 5472 Marc.
3549 5432 3588 5470 ι.
3618 5415 3676 5468 9..

406 5493 454 5528 '"
481 5493 548 5550 ΙΙΙ
599 5495 732 5564 Reg.
762 5508 922 5559 xvnn,
951 5492 1042 5556 34,
1075 5496 1165 5549 58.
1240 5497 1286 5526 ⁷³
1315 5495 1542 5549 Malach.
1588 5511 1660 5562 tv,
1693 5494 1749 5550 5.
1822 5494 1870 5524 ⁷³
1899 5494 1980 5547 Ma

2115 5510 2202 5562 ιιι,
2231 5496 2333 5562 lt;
2366 5493 2500 5552 Luc.
2531 5511 2613 5560 ιιι,
2648 5495 2737 5553 16.

481 5656 594 5727 (l5)
625 5656 719 5725 Μὴ
743 5656 1130 5722 ποιήσαντες.
1179 5655 1270 5711 Sic
1316 5657 1482 5712 codex
1518 5657 1875 5722 Bodleiauus;
1931 5660 1984 5711 in

2168 5657 2279 5732 (l7)
2300 5659 2471 5732 Codd.
2498 5659 2701 5732 Regius
2726 5667 2782 5714 et
2803 5655 3134 5713 Barberiuus
3164 5666 3446 5723 perperam
3473 5651 3684 5706 habent

412 5730 571 5782 codd.
606 5730 776 5795 [legio
805 5738 861 5780 et
889 5727 1190 5781 llarberiuo
1222 5742 1504 5795 perperam
1535 5731 1690 5809 deest
1718 5728 1832 5852 μ.ίῇ
1904 5799 1915 5809 _

486 5797 1058 5869 (j6)A£‘V5p0‘r_é0fté.
1081 5798 1154 5869 Ita
1180 5801 1351 5852 codex
1382 5797 1743 5869 Bodletauus;
1837 5814 1988 5869 cgtus

486 5730 571 5781 dtl.
606 5730 776 5795 [legio
805 5738 861 5780 et
889 5729 1190 5781 llarberino
1222 5742 1504 5795 perperam
1535 5731 1690 5809 deest
1718 5729 1832 5852 μἮ
1904 5799 1915 5809 _

486 5797 1058 5872 (ξϐγΔέγ-δρον-ᾄοξτέ.
1081 5798 1154 5872 Ita
1180 5801 1351 5852 codex
1382 5797 1743 5872 Bodletauus;
1837 5814 1988 5869 cgtus

2094 5729 2222 5799 περὶ
2257 5729 2605 5798 αύτολόγωνξ
3513 5790 3535 5798 _.

2168 5801 2284 5868 (18)
2316 5799 2534 5869 Αὐτῆς.
2576 5800 2886 5872 chcndum
2931 5798 3012 5853 vel
3043 5796 3244 5862 aﬁto'tg,
3287 5793 3367 5848 vel
3397 5791 3598 5845 αύτωιι

414 5879 470 5922 ct
497 5866 848 5928 “tuberibus.
868 5867 1079 5929 δένδρον
1106 5866 1280 5933 ἔσται,
1317 5867 1477 5922 male.
