4194 6446
557 407 667 467 243
1997 411 2213 470 ORIGEl

2160 412 2316 468 ENIS
3712 420 3809 477 2H

554 536 664 583 tam
694 526 842 583 illum
868 527 1193 584 intellexerit
1240 530 1558 602 prophetam
1607 533 1916 604 quempiam
1951 537 2127 607 vulga-
2155 541 2199 598 Α

2156 541 2199 598 Α
2228 534 2483 589 θάνεσθαι
2523 537 2650 601 τοὺς
2685 536 3009 608 Φαρισαίους
3041 538 3182 593 κατά
3227 539 3328 613 τὴν
3364 538 3542 596 αὐτῶν
3588 558 3812 617 πανουρ-

557 631 673 672 rem
724 621 925 690 (neque
976 622 1122 677 enim
1167 624 1460 680 ostendere
1505 635 1685 696 potest
1739 627 2122 696 prophetarum

1505 635 1685 696 potest
1739 627 2122 696 prophetarum
2230 626 2377 694 γίαν,
2410 626 2532 697 οὐχὶ
2560 627 2637 691 ὡς
2663 627 2853 699 μαθεῖν
2876 629 3146 695 θέλοντας.

550 714 786 783 aliquem
828 713 1183 785 baptizasse),
1212 730 1321 772 non
1360 717 1555 773 inscite
1584 717 1662 774 ait
1695 718 2020 786 Phariszeos,
2062 733 2169 776 non
2217 717 2346 787 quia
2384 718 2588 774 vellent
2639 720 2872 785 discere,
2926 723 3022 777 sed
3075 736 3141 779 ex
3180 723 3401 793 propria
3440 725 3681 781 versutia
3722 724 3779 780 in

552 815 855 877 terrogare.
2778 830 2783 835 .

622 900 714 956 14.
737 899 1001 968 Quoniam
1028 917 1162 959 vero
1187 904 1562 961 necessarium
1588 906 1747 962 nobis
1765 920 1889 963 esse
1911 905 2129 961 videtur

2302 900 2390 955 M.
2429 901 2581 955 Ἐπεὶ
2615 900 2673 956 δὲ
2709 902 3006 971 ἀναγκαῖον
3037 900 3149 973 (I9)
3184 903 3319 973 ἡμῖν
3352 901 3597 972 φαίνεται
3629 920 3795 977 παρα-

550 989 607 1047 in
634 993 870 1050 medium
902 993 1099 1051 aﬂ'erre
1131 995 1548 1067 Evangeliorum
1576 998 1744 1055 verba
1768 998 1967 1054 similia
1999 997 2127 1053 huic

2230 992 2439 1047 τιθέναι
2485 993 2584 1055 τὰς
2614 992 2806 1064 ὁμοίας
2843 992 2953 1045 τῶν
2990 992 3339 1061 Εὐαγγελίων
3381 991 3557 1058 λέξεις
3596 994 3710 1056 τοῖς
3752 994 3806 1048 ει.

549 1083 831 1147 φηιειιιιί
867 1098 1028 1155 quem
1064 1084 1120 1139 in
1146 1084 1393 1141 manibus
1421 1084 1685 1143 habemus
1711 1086 1787 1160 (et
1816 1089 1919 1143 hoc
1939 1087 2126 1155 singu-

2230 1087 2384 1157 χερσὶ
2417 1087 2601 1157 ῥητοῖς
2626 1124 2640 1148 ,
2673 1085 2790 1154 (καὶ
2819 1084 2979 1138 τοῦτο
3014 1084 3134 1138 καθ’
3177 1084 3406 1138 ἕκαστον
3442 1085 3602 1157 μέχρι
3625 1086 3810 1151 τέλους,

548 1173 702 1230 latim
733 1176 802 1232 ad
850 1175 1012 1231 linem
1043 1192 1214 1247 usque
1241 1188 1324 1233 est
1366 1178 1698 1245 faciendum,
1733 1195 1840 1250 quo
1865 1195 1986 1251 quae
2011 1181 2126 1234 dis-

2230 1179 2403 1231 ποιεῖν
2447 1178 2586 1250 ὑπὲρ
2627 1176 2722 1230 τοῦ
2763 1177 2833 1231 τὰ
2876 1177 2976 1247 μὲν
3027 1177 3355 1247 σύγκρουσιν
3401 1176 3664 1232 δοκοῦντα
3700 1176 3814 1249 (20)

550 1266 894 1337 crepantiam
925 1266 1129 1324 habere
1154 1269 1425 1333 videntur,
1474 1284 1716 1326 consona
1740 1273 2124 1336 ostendantur,

2226 1268 2638 1322 ἀποδείκνυσθαι
2667 1267 2953 1338 σύμφωνα,
2982 1268 3049 1321 τά
3076 1267 3121 1321 δ’
3166 1268 3316 1339 ὅμως
3357 1266 3433 1332 ὡς
3467 1267 3663 1339 ἔχοντα
3684 1268 3816 1333 ἐκα-

548 1366 719 1430 atque
757 1359 887 1416 item
953 1372 1012 1416 ut
1055 1364 1420 1435 explanantur
1462 1381 1585 1435 qua:
1629 1364 1794 1419 veluti
1855 1365 2124 1435 singulare

2227 1376 2352 1413 στον
2399 1362 2517 1414 κατ’
2556 1359 2689 1412 ἰδίαν
2742 1357 3199 1431 σαφηνίζεσθαν)
3246 1358 3378 1431 φέρε
3407 1358 3564 1412 τοῦτο
3597 1361 3695 1413 καὶ
3738 1362 3819 1414 ἐν·

546 1450 827 1522 quidpiam
868 1454 1122 1524 privatim
1155 1458 1403 1529 hahent),
1439 1473 1560 1527 age,
1592 1458 1644 1513 id
1669 1459 1835 1514 etiam
1870 1458 1977 1514 hoc
2002 1457 2122 1515 loco

2225 1450 2399 1505 ταῦθα
2433 1452 2768 1521 ποιήσωμεν.
2815 1450 2888 1503 Τὸ
2924 1451 3034 1521 γάρ
3055 1468 3067 1480 ·
3125 1470 3144 1502 ι
3177 1451 3333 1520 Φωνὴ
3378 1450 3612 1521 βοῶντος
3652 1452 3712 1506 ὲν
3748 1453 3817 1522 τῇ

545 1539 836 1601 faciamus.
872 1545 1004 1602 lllnd
1028 1549 1174 1604 enim
1210 1567 1226 1603 :
1258 1567 1279 1601 ι
1322 1549 1433 1605 Vox
1463 1550 1751 1606 clamantis
1781 1550 1834 1605 in
1863 1551 2079 1607 deserto
2104 1566 2120 1603 :

2227 1545 2417 1617 ἐρήμῳ
2439 1560 2453 1573 ⁸
2498 1542 2773 1597 Εὐθύνατε
2805 1542 2902 1613 τὴν
2940 1542 3059 1597 ὁδὸν
3100 1543 3328 1613 Κυρίου,
3360 1561 3379 1593 ι
3411 1542 3564 1614 παρά
3596 1542 3698 1614 μὲν
3740 1544 3821 1614 τῷ

547 1632 780 1706 Dirigite
805 1637 950 1693 viam
996 1641 1208 1696 Domini
1233 1641 1301 1707 ⁷⁸,
1345 1661 1365 1694 ι
1406 1644 1546 1712 apud
1581 1642 1905 1712 discipulum
1958 1642 2123 1699 Joan-

2232 1633 2446 1705 μαθητῇ
2476 1634 2554 1705 τῷ
2591 1634 2812 1707 Ἰωάννῃ
2845 1634 2909 1686 ὲκ
2941 1633 3233 1705 προσώπου
3262 1633 3358 1687 τοῦ
3399 1633 3715 1689 Βαπτιστοῦ
3739 1634 3824 1689 λέ-

547 1738 671 1779 nem
726 1742 797 1784 ea
846 1743 1080 1799 persona
1118 1732 1373 1802 Baptistae
1425 1733 1654 1798 dicitur;
1697 1733 1842 1803 apud
1881 1732 2119 1789 Marcum

2227 1741 2412 1793 γεται·
2447 1724 2596 1796 παρά
2619 1724 2675 1777 δὲ
2707 1723 2786 1795 τῷ
2817 1724 3029 1795 Μάρκῳ
3060 1724 3134 1789 ὡς
3163 1726 3307 1797 ἀρχὴ
3342 1726 3436 1779 τοῦ
3474 1725 3820 1796 Εὐαγγελίου

547 1832 679 1873 vero
708 1828 961 1891 tanquam
986 1824 1311 1893 principium
1348 1823 1625 1895 Evangelii
1665 1823 1792 1881 Jesu
1825 1824 2027 1880 Christi
2052 1839 2121 1879 ex
2156 1849 2200 1904 Β

2166 1849 2200 1904 Β
2239 1816 2413 1888 Ἰησοῦ
2456 1816 2693 1889 Χριστοῦ
2739 1817 2878 1870 κατά
2918 1817 3018 1889 τὴν
3076 1818 3297 1871 Ἠσαίου
3347 1818 3572 1889 Γραφὴν
3620 1817 3822 1887 ἀναγέ⁸

544 1907 697 1964 lsaia:
726 1926 857 1966 voce
895 1912 1039 1969 hunc
1068 1915 1121 1968 in
1152 1915 1373 1969 modum
1401 1924 1485 1970 est
1506 1916 1775 1986 scriptum
1811 1931 1826 1967 :
1858 1934 1877 1968 ι
1907 1914 2122 1971 Initium

2226 1926 2463 1983 γραπται
2494 1910 2697 1974 οὕτως·
2734 1929 2752 1960 ι
2789 1910 2956 1982 Ἀρχὴ
2990 1909 3085 1963 τοῦ
3112 1910 3444 1980 Εὐαγγελίου
3473 1910 3652 1983 Ἰησοῦ
3680 1912 3824 1983 Χρι-

541 2001 823 2075 Evangelii
850 2004 980 2061 Jesu
1007 2006 1234 2076 Christi,
1281 2021 1442 2078 prout
1470 2010 1734 2077 scriptum
1782 2018 1866 2065 est
1897 2011 1951 2064 in
1984 2010 2123 2066 lsaia

2227 2002 2373 2067 στοῦ,
2404 2001 2586 2067 καθὼς
2617 2003 2925 2074 γέγραπται
2967 2005 3026 2056 ὲν
3057 2002 3135 2074 τῷ
3172 2003 3369 2076 Ἡσαΐᾳ
3408 2003 3486 2076 τῷ
3523 2006 3784 2077 προφήτῃ
3804 2021 3817 2034 .

542 2096 840 2165 propheta:
880 2096 1021 2153 Ecce
1049 2115 1148 2169 ego
1174 2100 1331 2155 mitto
1370 2100 1635 2170 Angelum
1664 2115 1846 2156 meum
1893 2110 2019 2156 ante
2042 2101 2123 2156 fa-

2236 2095 2366 2150 Ἰδού
2391 2095 2502 2165 ἐγὼ
2531 2097 2844 2150 ἀποστέλλω
2867 2097 2958 2152 τὸν
2990 2097 3219 2166 ἄγγελόν
3248 2115 3351 2168 μου
3382 2098 3487 2169 πρὸ
3515 2096 3821 2170 προσώπου

543 2189 683 2243 ciem
709 2199 878 2254 tuam,
895 2191 988 2261 qui
1015 2204 1417 2262 praeparaturus
1440 2204 1522 2249 est
1545 2196 1689 2248 viam
1723 2201 1868 2246 tuam
1891 2202 2016 2247 ante
2043 2202 2119 2249 te.

2225 2202 2347 2250 σου,
2390 2186 2449 2250 ὃς
2481 2185 2884 2241 κατασκευάσει
2912 2186 3012 2258 τὴν
3044 2185 3160 2239 ὁδόν
3208 2203 3304 2239 σου
3344 2186 3664 2259 ἔμπροσθέν
3704 2204 3819 2240 σου.

448 2282 453 2289 ’
546 2279 664 2339 Vox
692 2284 981 2340 clamantis
1034 2286 1088 2340 in
1142 2286 1627 2343 desertozParate
1678 2285 1820 2341 viam
1881 2286 2104 2352 Domini,

2220 2278 2376 2349 Φωνὴ
2406 2277 2635 2349 βοῶντος
2678 2279 2738 2332 ὲν
2778 2281 2845 2349 τῇ
2893 2278 3123 2349 ἐρήμῳ·
3162 2278 3521 2348 Ἑτοιμάσατε
3567 2277 3671 2344 τὴν
3703 2277 3825 2330 ὁδὸν

543 2374 907 2431 rectasfacite
941 2378 1169 2433 semitas
1193 2377 1313 2447 ejus
1349 2378 1417 2435 ⁷³.
1461 2398 1481 2431 ι
1518 2378 1679 2450 126
1705 2377 1972 2434 Ceterum
2010 2395 2118 2435 non

2221 2372 2453 2444 Κυρίου,
2484 2371 2700 2436 εὐθείας
2742 2374 2946 2425 ποιεῖτε
2972 2371 3071 2434 τὰς
3104 2371 3322 2443 τρίϐους
3365 2370 3559 2427 αὐτοῦ.
3580 2377 3687 2430 »οὑ
3705 2372 3823 2424 κεῖ-

539 2465 762 2535 ponitur
792 2466 848 2522 in
896 2469 1159 2538 propheta
1198 2484 1213 2522 :
1257 2486 1278 2522 ι
1334 2470 1562 2539 Dirigite
1618 2471 1759 2525 viam
1820 2469 2055 2539 Domini,
2092 2490 2112 2524 ι

2220 2482 2308 2518 ται
2354 2464 2603 2536 μέντοιγε
2650 2464 2708 2516 ὲν
2752 2462 2830 2534 τῷ
2873 2464 3160 2535 ’προφήτῃ⁸
3196 2482 3216 2513 ι
3252 2461 3525 2515 Εὐθύνατε
3566 2461 3669 2534 τὴν
3706 2459 3825 2516 ὁδὸν

540 2557 685 2622 quod
712 2559 904 2614 citavit
927 2558 1184 2615 Joannes.
1215 2560 1448 2617 Proinde
1472 2562 1597 2618 vide
1621 2577 1688 2618 ne
1714 2561 1857 2618 forte
1880 2561 2119 2620 Joannes

2218 2558 2452 2631 Κυρίου,
2492 2578 2511 2611 ι
2538 2559 2675 2627 ὅπερ
2700 2555 2972 2628 παρέθετο
2996 2558 3026 2609 6
3053 2555 3279 2626 Μάρκος
3307 2554 3440 2624 (SI).
3475 2554 3701 2626 Μήποτ’
3728 2549 3824 2608 οὖν

540 2656 833 2711 decurtans
859 2654 991 2710 illud
1031 2676 1044 2711 :
1083 2673 1103 2708 ι
1137 2656 1333 2711 Parate
1362 2656 1505 2712 viam
1543 2657 1775 2724 Domini,
1812 2667 1994 2714 rectas
2038 2657 2118 2712 fa-

2217 2653 2247 2706 6
2308 2650 2590 2719 Ἰωάννης,
2634 2648 3062 2719 ὲπιτεμνύμενος
3104 2648 3195 2700 τό·
3253 2666 3272 2700 ι
3327 2647 3696 2718 Ἑτοιμάσατε
3722 2645 3822 2719 τὴν

538 2746 647 2802 cite
669 2747 895 2802 semitas
918 2746 1011 2802 Dei
1042 2748 1239 2814 nostri,
1268 2766 1286 2800 ι
1319 2748 1636 2820 scripserit:
1671 2766 1689 2799 ι
1723 2748 1947 2820 Dirigite
1971 2749 2115 2803 viam

2216 2743 2334 2797 ὁδὸν
2374 2742 2611 2814 Κυρίου,
2653 2741 2867 2805 εὐθείας
2904 2742 3106 2793 ποιεῖτε
3151 2739 3250 2803 τὰς
3281 2739 3501 2811 τρίϐους
3536 2739 3640 2793 τοῦ
3682 2738 3821 2792 Θεοῦ

543 2835 793 2903 Domini;
823 2854 846 2886 ι
880 2851 1001 2906 qua:
1028 2838 1195 2892 verba
1218 2836 1458 2903 Marcus,
1487 2838 1623 2893 duas
1650 2838 1962 2907 prophetias
1984 2840 2117 2894 duo-

2217 2835 2395 2907 ήμῶν,
2440 2854 2459 2886 ι
2496 2834 2832 2905 ἀνέγραψεν·
2873 2853 2892 2884 ι
2924 2832 3197 2887 Εὐθύνατε
3226 2832 3325 2903 τὴν
3356 2832 3473 2886 ὁδὸν
3508 2832 3727 2904 Κυρίου
3748 2848 3763 2862 ·
3796 2851 3815 2883 s

539 2926 643 2984 bus
670 2928 724 2984 in
752 2928 890 2986 locis
913 2929 1088 2985 dictas
1114 2945 1145 2983 a
1169 2931 1379 2986 duohus
1409 2931 1688 3002 prophetis
1714 2931 1768 2984 in
1800 2946 1965 2986 unum
2000 2931 2113 2987 col-

2215 2928 2299 2982 ὅτι
2321 2930 2351 2981 6
2378 2927 2604 2998 Μάρκος
2626 2925 2720 2979 δύο
2754 2925 3087 2997 προφητείας
3115 2926 3174 2978 ὲν
3205 2923 3479 2995 διαφόροις
3506 2922 3822 2995 εἰρημένας

539 3021 732 3091 ligens,
766 3020 951 3090 posuit
984 3037 998 3075 :
1039 3038 1059 3073 ι
1093 3021 1263 3082 Prout
1297 3022 1557 3086 scripturn
1617 3030 1699 3078 est
1726 3023 1777 3077 in
1812 3021 1946 3077 Isaia
1986 3038 2111 3092 pro-

2215 3020 2404 3083 τύποις
2435 3020 2539 3073 ὐπὸ
2575 3019 2670 3072 δύο
2699 3018 2992 3091 προφητῶν
3015 3021 3094 3083 είς
3124 3018 3181 3072 ἓν
3222 3018 3469 3086 συνάγων
3495 3018 3783 3087 πεποίηκε
3803 3034 3818 3048 ·

539 3115 704 3181 pheta
737 3129 753 3168 :
787 3111 930 3169 Ecce
956 3128 1056 3184 ego
1078 3114 1236 3168 mitto
1271 3114 1520 3169 nuntium
1551 3129 1729 3169 meum
1761 3124 1887 3168 ante
1917 3114 2111 3169 faciem

2222 3127 2242 3160 ι
2266 3106 2460 3172 Καθὼς
2490 3106 2800 3179 γέγραπται
2830 3109 2889 3162 ὲν
2913 3106 2991 3177 τῷ
3034 3109 3233 3180 Ἡσαΐᾳ
3258 3106 3337 3178 τῷ
3366 3109 3635 3181 προφήτῃ
3654 3125 3669 3139 ι
3688 3107 3822 3161 Ἰδοὺ

534 3214 708 3273 suam,
733 3204 829 3275 qui
861 3206 1188 3276 praeparabit
1220 3206 1363 3261 viam
1410 3217 1554 3262 tuam
1599 3220 1725 3263 ante
1753 3219 1824 3263 te.
1862 3204 1976 3261 Vox
2007 3207 2113 3263 cla-
2140 3196 2189 3260 C

2167 3196 2189 3260 Ξ
2218 3198 2330 3268 ἐγὼ
2368 3197 2684 3252 ἀποστέλλω
2704 3199 2796 3253 τὸν
2823 3198 3055 3268 ἄγγελόν
3087 3216 3189 3270 μου
3223 3200 3330 3273 πρὸ
3361 3197 3668 3271 προσώπου
3700 3215 3823 3262 σου,

538 3298 741 3356 mantis
772 3297 828 3354 in
854 3299 1071 3354 deserto
1106 3314 1120 3351 :
1153 3298 1349 3354 Parate
1376 3300 1519 3355 viam
1560 3299 1798 3363 Domini,
1830 3311 2006 3356 rectas
2033 3299 2111 3355 la-

2214 3294 2274 3358 ὃς
2302 3294 2700 3349 κατασκευάσει
2737 3293 2840 3364 τὴν
2882 3293 3000 3348 ὁδόν
3034 3310 3127 3347 σου
3153 3310 3166 3324 ·
3201 3293 3358 3365 Φωνὴ
3389 3292 3632 3363 βοῶντος
3659 3296 3721 3346 ὲν
3754 3294 3821 3363 τῇ

533 3387 644 3444 cite
675 3388 901 3446 semitas
923 3387 1062 3458 ejus.
1097 3407 1117 3441 ι
1154 3387 1285 3445 Illud
1313 3391 1455 3445 enim
1483 3407 1498 3445 :
1531 3410 1549 3442 ι
1592 3391 1703 3446 Vox
1732 3392 2021 3447 clamantis
2055 3394 2110 3447 in

2213 3385 2424 3457 ἐρήμῳ·
2451 3383 2807 3456 Ἑτοιμάσατε
2835 3384 2934 3455 τὴν
2958 3384 3075 3438 ὁδὸν
3098 3385 3327 3456 Κυρίου,
3354 3383 3580 3448 εὐθείας
3608 3385 3824 3438 ποιεῖτε

532 3472 756 3531 deserto
797 3494 817 3529 ι
851 3491 977 3531 mox
1004 3476 1267 3547 scriptum
1299 3488 1383 3535 est
1411 3489 1532 3548 post
1562 3480 1847 3536 historiam
1883 3498 2112 3537 narran-

2212 3478 2313 3542 τὰς
2353 3476 2573 3547 τρίὸους
2615 3475 2803 3530 αὐτοῦ.
2842 3495 2860 3528 ι
2900 3476 2974 3529 Τὸ
3013 3476 3113 3547 μὲν
3144 3478 3271 3549 γάρ·
3314 3496 3332 3529 ι
3368 3475 3524 3547 Φωνὴ
3572 3476 3824 3547 βοῶντος

534 3575 645 3621 tem
670 3566 963 3624 Ezechiam
990 3583 1057 3624 ex
1094 3566 1287 3627 morbo
1311 3570 1691 3632 convaluisse:
1728 3572 1861 3627 illud
1892 3582 2108 3627 antem:

2215 3571 2273 3622 ὲν
2300 3570 2368 3640 τῇ
2395 3569 2607 3639 ἐρήμῳ,
2644 3586 2663 3620 ι
2702 3568 2841 3639 μετά
2869 3568 2968 3639 τὴν
2995 3567 3125 3639 περὶ
3154 3568 3248 3622 τοῦ
3278 3567 3524 3631 Ἐζεκίου
3566 3567 3824 3640 ἱστορίαν

538 3675 562 3712 ι
593 3659 731 3716 Ecce
751 3674 852 3732 ego
875 3660 1032 3717 mitto
1053 3663 1302 3716 nuntium
1324 3677 1502 3719 meum
1526 3674 1654 3718 ante
1675 3664 1871 3720 faciem
1892 3676 2060 3731 tuam,
2085 3683 2109 3719 ι

2214 3660 2546 3725 ἀναστάντος
2588 3661 2655 3713 ὲκ
2692 3659 2792 3731 τῆς
2821 3661 2979 3713 νόσου
3013 3659 3214 3724 εὐθέως
3240 3660 3555 3731 γέγραπται
3577 3677 3593 3689 ’
3631 3659 3696 3713 τὺ
3721 3658 3783 3712 δέ
3809 3675 3823 3689 ·

536 3771 567 3806 a
596 3752 863 3810 Malachia
890 3754 958 3809 ".
986 3753 1139 3822 Quod
1170 3766 1351 3811 autem
1374 3758 1594 3827 scripsit
1630 3756 1888 3823 Joannes,
1916 3758 2113 3815 abbre-

2220 3772 2240 3805 ι
2282 3752 2411 3807 Ἰδοὺ
2444 3751 2557 3821 ἐγὼ
2588 3752 2901 3807 ἀποστέλλω
2928 3754 3021 3808 τὸν
3053 3753 3284 3822 ἄγγελόν
3317 3769 3418 3823 μου
3450 3751 3563 3823 πρὸ
3593 3751 3802 3825 προσὼ

534 3843 697 3899 vians
724 3852 931 3900 textum
960 3862 990 3899 a
1020 3858 1082 3900 se
1107 3845 1357 3913 citatum,
1394 3847 1448 3902 id
1486 3846 1701 3902 Marcus
1722 3848 1889 3904 etiam
1916 3849 2029 3919 ipse
2056 3849 2112 3905 in

2215 3863 2318 3900 που
2352 3863 2467 3912 σου,
2501 3865 2521 3898 ι
2558 3846 2664 3900 ὐπὺ
2690 3846 2991 3915 Μαλαχίου.
3028 3848 3206 3915 Ὅπερ
3248 3845 3304 3898 δὲ
3340 3844 3604 3914 ἐποίησεν
3630 3845 3662 3897 6
3704 3847 3816 3898 Ἰω-

533 3933 641 3989 alia
665 3933 905 3991 dictione
928 3937 1375 4005 repraesentavit;
1401 3938 1862 4010 quandoquidem,
1897 3940 2114 3997 dicente

2213 3940 2380 4011 ἀννης
2417 3940 2843 4010 ὲπιτεμνόμενος
2890 3938 2919 3991 ὃ
2959 3938 3231 4010 παρέθετο
3278 3936 3472 4008 ῥητὸν,
3515 3936 3683 3990 τοῦτο
3732 3938 3825 3991 ἐπ’

534 4028 795 4100 propheta
829 4043 844 4080 :
882 4045 901 4079 ι
939 4026 1136 4082 Paratc
1161 4031 1301 4083 viam
1352 4029 1591 4095 Domini,
1617 4040 1794 4089 rectas
1833 4032 1999 4089 facile
2025 4048 2110 4089 se-

2213 4032 2380 4102 ἀλλης
2416 4031 2615 4098 λέξεως
2649 4034 2679 4085 6
2716 4032 2942 4101 Μάρκος
2988 4031 3082 4084 καὶ
3109 4030 3270 4092 αὐτὸς
3310 4028 3571 4098 ἐνέφηνεν
3593 4046 3607 4058 ·
3647 4030 3678 4081 6
3723 4029 3827 4099 μὲν

539 4119 699 4176 mitas
749 4121 843 4176 Dei
894 4120 1085 4187 nostri,
1119 4140 1138 4174 ι
1166 4122 1446 4192 scripserit
1474 4123 1633 4193 ipse:
1674 4142 1693 4176 ι
1730 4125 1925 4180 Parate
1970 4125 2113 4180 viam

2214 4124 2327 4195 γὰρ
2358 4124 2641 4195 προφήτης
2667 4122 2830 4194 φησίν
2848 4140 2862 4152 ·
2890 4142 2907 4172 ι
2930 4122 3286 4192 Ἑτοιμάσατε
3312 4120 3410 4191 τὴν
3433 4120 3552 4173 ὁδὸν
3576 4120 3826 4190 Κυρίου,

536 4208 782 4275 Domini,
834 4221 1010 4266 rectas
1056 4209 1224 4267 facite
1272 4214 1496 4269 semitas
1541 4215 1682 4285 ejus.
1720 4234 1740 4268 ι
1776 4214 1919 4276 Idem
1987 4214 2115 4271 fecit

2215 4219 2431 4282 εὐθείας
2474 4221 2679 4272 ποιεῖτε
2720 4218 2819 4280 τὰς
2858 4217 3077 4288 τρίϐους
3114 4217 3207 4270 τοῦ
3238 4216 3374 4269 Θεοῦ
3401 4215 3561 4285 ἡμῶν
3585 4232 3599 4244 ·
3649 4236 3667 4266 ι
3709 4218 3741 4269 ὁ
3772 4215 3829 4268 δὲ

534 4302 700 4356 etiam
742 4301 795 4357 in
828 4302 936 4358 illis
965 4303 1148 4357 verbis
1184 4319 1197 4355 :
1242 4321 1262 4354 ι
1309 4302 1448 4360 Ecce
1502 4318 1602 4376 ego
1656 4305 1812 4361 mitto
1861 4305 2111 4376 angelum

2216 4308 2476 4380 Μάρκος·
2528 4327 2548 4360 ι
2583 4308 2938 4379 Ἑτοιμάσατε
2980 4308 3079 4380 τὴν
3125 4309 3242 4362 ὁδὸν
3299 4308 3506 4379 Κυρίου
3532 4346 3549 4372 ,
3596 4308 3830 4371 εὐθείας

534 4408 714 4449 meum
738 4404 865 4450 ante
899 4394 1094 4450 faciem
1129 4404 1299 4460 tuam,
1326 4397 1417 4466 qui
1446 4398 1772 4467 praeparabit
1797 4398 1938 4452 viam
1966 4408 2113 4453 tuam

2220 4402 2424 4453 ποιεῖτε
2454 4398 2553 4462 τὰς
2578 4399 2797 4474 τρίϐους
2826 4400 3012 4453 αὐτοῦ.
3047 4419 3065 4450 ι
3103 4398 3216 4470 Τὴν
3238 4398 3282 4452 δ’
3317 4397 3511 4468 ὁμοίαν
3539 4397 3832 4467 ἐπιτομὴν

533 4496 662 4542 ante
699 4498 770 4554 te,
807 4506 828 4540 ι
862 4488 1085 4552 addens,
1116 4507 1135 4540 ι
1195 4498 1323 4543 ante
1363 4496 1438 4554 te,
1475 4507 1493 4541 ι
1525 4491 1669 4560 quod
1718 4492 1959 4560 positum
2002 4507 2111 4548 non
2146 4549 2186 4562 _

2176 4551 2186 4562 _
2220 4490 2510 4562 πεποίηται
2557 4491 2651 4544 καὶ
2699 4491 2793 4544 ἐπὶ
2821 4490 2940 4556 τοῦ,
2980 4509 2999 4543 ι
3040 4489 3170 4543 Ἰδοὺ
3211 4487 3323 4560 ἐγὼ
3368 4488 3701 4542 ἀποστέλλω
3735 4487 3832 4540 τὸν

534 4578 715 4634 fuerat
752 4549 783 4634 Δ
814 4549 1100 4652 propheta.
1126 4580 1355 4652 Insuper
1388 4549 1734 4651 diligentiam
1789 4584 2114 4639 adhibentes
2146 4549 2190 4608 Β

2181 4555 2193 4602 ⁵
2224 4549 2453 4652 ἄγγελύν
2481 4601 2583 4654 μου
2612 4583 2719 4654 πρὸ
2746 4549 3040 4655 προσωπου
3064 4599 3180 4647 σου,
3196 4549 3265 4646 ὃς.
3282 4582 3702 4637 κατασκευάσει
3731 4582 3837 4653 τὴν

533 4669 589 4723 in
614 4668 747 4725 illud
775 4687 790 4725 :
821 4690 842 4725 ι
870 4672 940 4727 Et
964 4676 1055 4742 qui
1080 4674 1228 4729 missi
1254 4673 1490 4739 fuerant,
1524 4684 1684 4730 erant
1711 4690 1776 4730 cx
1800 4673 2114 4740 Pharisazis,

2221 4675 2338 4728 ὀδόν
2369 4691 2462 4728 σου
2491 4673 2798 4746 ἔμπροσθέν
2826 4691 2920 4727 σου
2940 4692 2953 4705 ο
2985 4695 3004 4725 ι
3031 4672 3296 4745 παρέθετο
3317 4671 3558 4744 γὰρ(22)
3596 4672 3664 4725 τὸ
3694 4690 3836 4743 προ-

530 4770 590 4816 et
651 4762 1131 4836 interrogaverunt
1196 4782 1320 4821 cum
1369 4766 1438 4832 ⁷⁷,
1492 4786 1511 4820 ι
1566 4782 1669 4822 nos
1716 4768 2114 4838 praeposuimus

2222 4767 2472 4847 κείμενον
2506 4768 2568 4821 τό
2591 4784 2603 4795 ·
2650 4787 2668 4818 ι
2704 4767 3014 4840 ἔμπροσθέν
3052 4784 3165 4820 σου.
3209 4785 3227 4818 ι
3265 4767 3384 4819 Ὅτι
3422 4765 3515 4818 ἐπὶ
3550 4766 3619 4819 τό
3669 4766 3797 4836 (25)
3820 4782 3835 4796 ·

528 4852 935 4912 Pharisaeorum
964 4859 1451 4929 interrogationem
1486 4858 1652 4930 (quod
1683 4858 1970 4914 Matthmus
1992 4875 2113 4914 eant

2228 4878 2246 4910 ι
2270 4860 2693 4932 Ἀπεσταλμένοι
2720 4856 2863 4932 ἦσαν
2888 4862 2952 4914 ὲκ
2974 4859 3083 4913 τῶν
3106 4860 3436 4930 Φαρισαίων,
3472 4859 3573 4912 καὶ
3606 4858 3841 4930 ἠρώτη-

532 4949 786 5021 tacuerit)
840 4950 928 5006 his
969 4967 1091 5020 qua:
1139 4952 1339 5021 scripta
1403 4964 1532 5009 sunt
1582 4955 1726 5008 facta
1758 4952 1926 5008 fuisse
1967 4952 2108 5022 apud

2217 4969 2316 5006 σαν
2365 4954 2564 5018 αὐτὸν,
2602 4972 2622 5005 ι
2669 4952 3014 5020 ἐξετάζοντες
3056 4955 3219 5024 ⁴ἡμεῖς
3273 4951 3675 5023 προετάξαμεν
3730 4953 3843 5022 τὴν

534 5040 845 5098 Μαιιιιωυιη
874 5043 1184 5111 dicentem;
1218 5046 1361 5115 quod
1392 5048 1619 5103 intuitus
1644 5045 1884 5103 Joannes
1909 5046 2107 5101 multos

2215 5024 2484 5115 ὲρῶτησίν
2508 5044 2620 5099 τῶν
2648 5045 2980 5117 Φαρισαίων,
3011 5046 3087 5107 ὡς
3113 5043 3532 5115 σεσιωπημένην
3560 5045 3736 5116 παρά
3757 5045 3843 5117 τῷ

597 5167 647 5204 ⁷⁸
670 5169 829 5226 Joan.
852 5188 891 5235 ι.
929 5173 1023 5229 25.
1099 5176 1145 5207 ⁷⁸
1186 5174 1349 5231 Marc.
1379 5194 1417 5241 I,
1450 5178 1583 5245 I-3;
1619 5177 1850 5235 Malach.
1873 5194 1958 5247 ιιι,
1987 5182 2005 5233 I
2036 5199 2050 5247 ;
2091 5181 2193 5237 Isa.

1987 5182 2005 5233 I
2036 5199 2050 5247 ;
2091 5181 2193 5237 Isa.
2252 5199 2341 5246 χι,
2367 5183 2419 5237 5.
2496 5184 2544 5214 ⁷⁸
2570 5181 2798 5236 Malach.
2832 5197 2916 5245 ιιι,
2950 5183 2999 5237 I.
3077 5182 3121 5213 τ’
3143 5179 3299 5235 Joan.
3330 5195 3370 5244 t,
3391 5178 3483 5243 24,
3514 5179 3618 5233 25.

600 5307 731 5387 περ)
760 5306 917 5387 Ἑξπεὶ
953 5307 1398 5387 ἀναγκαῖον.
1442 5313 1739 5387 (ζιοηνὶιιο
1791 5316 2107 5387 Ilieronym.
2220 5335 2253 5373 ιι

2220 5335 2345 5373 nam
2386 5318 2621 5373 Joannes
2648 5318 2810 5373 habet
2835 5334 2877 5380 l,
2902 5317 2995 5381 25,
3033 5317 3326 5379 Εὐθύνατε.
3355 5314 3581 5370 Marcus
3633 5332 3843 5376 autem

530 5379 583 5432 in
619 5378 856 5460 ιίιιιηείι.
889 5379 1111 5460 nubiua-
1144 5383 1230 5459 nhi
1261 5385 1426 5460 codex
1460 5385 1788 5460 Bodleianus
1820 5378 2113 5460 Itahet'ara-

2223 5406 2262 5455 I,
2293 5389 2348 5455 5,
2378 5390 2758 5460 Ἑτοιμάσατε,
2781 5399 2846 5460 ut
2866 5378 2933 5460 rea
2967 5378 3088 5455 qum
3117 5378 3422 5460 sequuntur
3448 5389 3601 5460 apud
3628 5389 3847 5460 Orige-

529 5448 839 5521 ρατιθέναι,
895 5450 950 5504 in
1025 5450 1272 5507 editione
1338 5453 1514 5509 Iluetii
1570 5456 1764 5526 legitur
1829 5457 2114 5528 προστιθέ-

2223 5448 2371 5524 nem,
2397 5460 2448 5512 id
2478 5448 2754 5513 evincunt.
2791 5448 3016 5512 Videtur
3059 5448 3237 5511 tamo'n
3282 5448 3596 5528 Ferrarius
3626 5448 3844 5517 einen-

531 5535 706 5597 ναιςλω
750 5593 787 5597 _
808 5591 820 5597 _
1157 5591 1178 5597 _
1306 5595 1321 5597 _
1696 5595 1703 5597 Α
1876 5526 1887 5528 ἡ
2221 5529 2379 5583 dassc
2405 5528 2720 5596 Origenem,
2748 5543 2910 5597 quem
2942 5529 3180 5580 Marcum
3208 5543 3307 5594 pm
3334 5526 3548 5597 Joanne
3586 5527 3844 5585 laudas-

599 5589 715 5675 (2’0)
741 5591 1121 5676 ξύγκρουσιν
1147 5591 1465 5676 ᾇοκοῦντα.
1491 5595 1800 5676 ιιςεειιριιιιι
1842 5598 1923 5676 vel
1981 5615 2115 5668 συγ-
2221 5614 2255 5676 si

2221 5614 2280 5676 se
2313 5589 3221 5676 credidérimcﬂuentadtnodum'
3269 5598 3411 5651 inIra
3458 5594 3688 5653 Lucam
3731 5617 3848 5671 pro

529 5660 1050 5747 xpottistvgoxoﬁvsa,
1082 5663 1165 5747 vel
1190 5662 1520 5747 σύγκρουσιν
1547 5660 1806 5747 δοκοῦντα
1844 5667 2007 5737 ἔχειν.
2061 5660 2073 5668 ’

1844 5660 2073 5747 ἔχειν.“’
2223 5669 2409 5747 Marco
2449 5660 3001 5747 lnau_davit.l_l'us'rtus.
3073 5736 3109 5747 ﬁ
3180 5737 3191 5747 _
3280 5737 3291 5747 ‘
3483 5734 3494 5747 ε

598 5730 937 5809 (2I)_”Qgt§p
970 5734 1258 5809 παρέθετο
1296 5730 1624 5809 όίΜὰρκος.
1680 5737 1755 5791 Ita
1802 5730 1958 5792 codd.
2015 5741 2119 5799 ιω.

2291 5740 2408 5809 (22)
2440 5740 2609 5795 Codd.
2631 5738 2959 5794 Bodleianus
2989 5745 3045 5791 et
3072 5736 3422 5801 Barbcrinus,
3443 5734 3504 5788 οὐ
3531 5739 3848 5809 παρέθετο

527 5802 669 5880 gius,
708 5800 1115 5880 Bodleianns'et
1138 5800 1492 5880 Barberinus,
1521 5800 1996 5880 quosassectatur
2026 5810 2122 5865 Pc-
2225 5800 2353 5880 γάρ,
2389 5800 2497 5863 etc.

527 5872 776 5943 nonius;
808 5881 861 5930 at
886 5871 1195 5947 Ferrarius,
1241 5878 1381 5945 quod
1426 5871 1605 5936 citabit
1640 5877 1909 5946 Joannes,
1945 5891 2115 5943 recte,

2236 5871 2245 5877 .
2293 5871 2408 5947 (.23)
2448 5880 2567 5937 Ὅτι
2588 5881 2685 5935 ἐπὶ
2718 5881 2803 5946 τό,
2832 5889 2938 5936 εις,
2965 5878 3278 5946 Legendum
3311 5878 3392 5932 ἐτι
3416 5875 3506 5930 ἐπὶ
3526 5876 3627 5945 τό,
3667 5890 3798 5938 etc.
