4194 6396
360 354 469 409 245

1436 358 1788 415 COMMENT.
1828 360 1898 417 IN
1928 359 2121 419 JOAN.
2171 362 2401 422 I'OMUS
2433 362 2523 422 Vl.

3516 365 3627 420 3ίῦ

349 464 663 558 βίατθαίῳ,
691 466 787 520 τοῦ
831 469 1317 542 ἁναγεγραμμένου
1358 473 1635 542 γεγονέναι
1682 476 1832 545 παρὰ
1869 476 1947 548 τῷ

2049 477 2447 539 Pharisaeorum
2487 492 2542 539 et
2592 481 3014 540 Sadducaeorum
3071 483 3348 540 venientes
3408 484 3473 538 ad
3524 486 3624 540 ba-

360 555 669 627 Ματθαίῳ·
713 557 798 611 ὅτι
840 558 964 612 ἰδὼν
997 562 1025 613 6
1067 560 1318 632 Ἰωάννης
1353 561 1580 627 πολλοὺς
1624 565 1731 619 τῶν
1783 568 1946 636 Φαρι-

362 645 536 701 σαίων
562 647 656 701 καὶ
679 648 1054 704 Σαδδουκαίων
1080 652 1406 724 ἐρχομένους
1432 653 1523 707 ἐπὶ
1553 654 1613 707 τὸ
1641 653 1942 727 βάπτισμα,

366 732 523 791 εἶπεν
545 739 755 804 αὐτοῖς·
791 762 807 792 ι
847 742 1167 813 Γεννήματα
1200 742 1446 813 ἐχιδνῶν,
1484 765 1502 795 ι
1542 746 1634 799 καὶ
1671 746 1741 800 τά
1783 747 1907 818 ἑξῆς
1929 764 1941 777 ·

365 830 660 886 ἀκόλουθον
682 833 791 905 γάρ
824 837 942 888 ὲστι
972 835 1191 906 πρῶτον
1224 836 1520 903 πυθέσθαι,
1552 834 1650 892 εἴτ’
1693 839 1945 912 ἐληλυθέ-

368 934 478 972 ναι.
520 920 631 973 Καὶ
667 921 826 975 τοῦτο
866 925 1314 997 παρατηρητέον,
1349 926 1430 981 ὅτι
1466 930 1492 980 6
1534 928 1633 999 μὲν
1672 929 1948 993 Ματθαῖος

366 1006 836 1081 ἐπιπορευομένους
864 1013 1001 1086 πρὸς
1034 1014 1125 1067 τὸν
1167 1015 1439 1088 Ἰωάννην,
1473 1017 1544 1070 τὰ
1578 1019 1944 1090 Ἰεροσόλυμα,

368 1100 465 1153 καὶ
490 1102 672 1155 πᾶσαν
712 1103 812 1175 τὴν
856 1104 1143 1170 Ἰουδαίαν,
1171 1107 1267 1160 καὶ
1302 1109 1481 1162 πᾶσαν
1522 1109 1948 1181 τήνιπερίχωρον

367 1192 465 1247 τοῦ
504 1194 799 1265 Ἰορδάνου,
849 1197 943 1252 ἐπὶ
977 1198 1055 1269 τῷ
1104 1198 1473 1269 βαπτίσασθαι
1506 1204 1563 1256 ὲν
1596 1203 1672 1274 τῷ
1711 1204 1946 1276 Ἰορδάνῃ

369 1286 621 1356 ποταμῷ,
638 1287 1162 1367 ἐξομολογουμένους
1185 1293 1393 1346 ἑαυτῶν
1415 1293 1513 1358 τάς
1541 1295 1833 1368 ἁμαρτίας,
1861 1296 1950 1348 οὐ-

366 1374 495 1430 δένα
509 1377 665 1447 λόγον
681 1380 1074 1451 ὲπιπληκτικὸν
1089 1383 1182 1437 καὶ
1202 1383 1513 1454 ἐλεγκτικόν
1534 1402 1696 1457 φησιν
1717 1386 1950 1458 ἀκηκοέ-

368 1483 458 1519 ναι
491 1468 602 1521 ἀπὸ
634 1469 729 1523 τοῦ
768 1470 1075 1524 Βαπτιστοῦ
1097 1511 1112 1535 ,
1151 1473 1344 1543 μόνους
1369 1473 1424 1528 δὲ
1455 1475 1581 1538 τοὺς
1606 1475 1949 1549 ἑωραμένους

368 1557 598 1624 πολλοὺς
626 1559 734 1614 τῶν
761 1562 1069 1634 Φαρισαίων
1104 1564 1200 1617 καὶ
1230 1565 1601 1620 Σαδδουκαίων
1628 1568 1951 1638 ἐληλυθότας

366 1652 665 1721 ἀκηκοέναι
695 1653 755 1707 τό
773 1654 1143 1728 ·ιΓεννήματα
1174 1658 1416 1728 ἐχιδνῶν,
1436 1658 1805 1731 »καὶτάἑξῆς·
1838 1663 1866 1714 6
1893 1661 1949 1717 δὲ

367 1742 596 1813 Μάρκος
633 1743 785 1797 οὐδέν
821 1762 984 1817 φησιν
1017 1747 1412 1819 ὲπιπληκτικὸν
1437 1750 1690 1821 είρῆσθαι
1721 1751 1826 1804 ὐπὸ
1856 1749 1949 1804 τοῦ

381 1833 628 1888 Ἰωάννου
652 1838 763 1900 τοῖς
782 1837 1117 1909 ἐληλυθόσιν,
1132 1835 1249 1894 οὖσι
1273 1841 1421 1913 πάσῃ
1434 1844 1498 1913 τῇ
1515 1840 1743 1914 Ἰουδαίᾳ
1756 1842 1851 1898 καί
1865 1844 1951 1896 Ἱε-
1980 1826 2023 1881 Β

370 1926 751 1998 ροσολυμίταις
771 1932 926 1995 πᾶσι,
952 1932 1046 1986 καὶ⁵
1063 1930 1480 2005 βαπτιζομένοις
1497 1934 1586 1988 ὐπ’
1609 1935 1772 1988 αὐτοῦ
1794 1937 1851 1989 ἐν
1874 1936 1950 2007 τῷ

382 2017 642 2092 Ἰορδάνῃ,
695 2023 791 2076 καὶ
842 2022 1356 2096 ἐξομολογουμένοις
1390 2026 1489 2091 τὰς
1536 2027 1807 2099 ἁμαρτίας
1848 2029 1949 2081 αὐ-

365 2107 499 2177 τῶν,
524 2111 835 2177 ἀκολούθως
860 2114 937 2184 τῷ
955 2115 1089 2185 μηδὲ
1115 2116 1457 2186 ὠνομακέναι
1485 2119 1609 2183 τούς
1627 2120 1949 2186 Φαρισαίους

367 2201 465 2253 καὶ
486 2201 900 2269 Σαδδουκαίους.
935 2207 1056 2260 Ἔτι
1091 2207 1147 2261 δὲ
1176 2208 1271 2262 καὶ
1296 2208 1454 2263 τοῦτο
1481 2211 1781 2279 ἀναγκαῖον
1803 2215 1950 2283 ἡμᾶς

367 2292 733 2363 παραθέσθαι,
764 2295 846 2350 ὅτι
881 2296 1180 2370 ἀμφότεροι
1223 2300 1347 2369 μὲν,
1381 2300 1410 2353 ὃ
1449 2318 1509 2353 τε
1542 2302 1819 2368 Ματθαῖος
1857 2303 1951 2358 καῖ⁹

368 2380 400 2433 6
440 2381 690 2454 Μάρκος,
718 2385 1246 2458 ἐξομολογουμένους
1294 2390 1396 2454 τὰς
1448 2393 1726 2463 ἁμαρτίας
1773 2396 1950 2450 αὐτῶν

367 2487 499 2539 φασι
551 2472 930 2542 βαπτίζεσθαι,
979 2478 1159 2530 πᾶσαν
1220 2476 1585 2550 Ἰεροσόλυμα,
1634 2482 1729 2534 καὶ
1774 2483 1951 2535 πᾶσαν

365 2561 467 2634 τήν
510 2564 776 2618 Ἰουδαίαν
804 2565 898 2619 καὶ
935 2569 1115 2620 πᾶσαν
1147 2566 1245 2639 τὴν
1278 2569 1583 2642 περίχωρον
1608 2570 1707 2624 τοῦ
1755 2572 1951 2644 Ἰορδά-

367 2652 531 2724 νου,ῆ
564 2656 747 2710 πᾶσαν
767 2657 867 2728 τὴν
901 2658 1162 2713 Ἰουδαίαν
1195 2658 1401 2732 χώραν,
1434 2661 1530 2715 καὶ
1558 2664 1686 2727 τοὺς
1722 2663 1951 2736 Ἰεροσο-

366 2741 599 2814 λυμίτας
640 2746 879 2810 πάντας·
913 2749 941 2801 6
969 2747 1027 2800 δὲ
1071 2748 1349 2813 Ματθαῖος
1392 2751 1606 2820 εἰσάγει
1650 2753 1750 2824 μὲν
1792 2755 1948 2825 ἐρχο-

368 2833 565 2905 μένους
610 2835 704 2888 ὲπὶ
739 2835 802 2889 τὸ
845 2835 1128 2909 βάπτισμα
1162 2839 1290 2903 τούς
1334 2840 1661 2912 Φαρισαίους
1695 2842 1789 2895 καὶ
1821 2842 1952 2897 Σαδ-

364 2924 670 2992 δουκαίους,
714 2928 774 2981 οὐ
815 2929 922 2999 μὴν
963 2928 1491 3002 ἐξομολογουμένους
1523 2931 1622 2996 τὰς
1674 2933 1951 3004 ἁμαρτίας

364 3018 548 3073 αὐτῶν
569 3035 584 3051 ·
619 3019 807 3093 διόπερ
839 3022 990 3085 είκδς
1015 3024 1109 3076 καὶ
1149 3023 1308 3077 τοῦτο
1344 3023 1567 3095 εὔλογον
1599 3021 1737 3079 εἶναι
1780 3026 1952 3080 αῐτιον

363 3110 462 3164 τοῦ
505 3112 801 3182 ἀκηκοέναι
842 3114 1062 3179 αὐτοὺς,
1098 3132 1118 3166 ι
1164 3115 1487 3187 Γεννήματα
1523 3117 1766 3188 ἐχιδνῶν.
1801 3137 1820 3169 ι
1857 3117 1949 3189 Μὴ

366 3201 649 3276 ὑπολάϐῃς
682 3204 729 3257 δ’
752 3206 902 3276 ἡμᾶς
934 3207 1029 3260 καὶ
1055 3206 1304 3279 ἀκαίρως
1342 3209 1411 3263 τὰ
1451 3209 1560 3264 ἀπὸ
1599 3210 1708 3265 τῶν
1746 3211 1949 3284 ὲτέρων

367 3293 715 3363 Εὐαγγελίων
748 3296 1174 3368 παρατεθεῖσθαι
1203 3298 1270 3353 τὰ
1296 3299 1362 3353 ἐκ
1392 3299 1503 3355 τῶν
1526 3301 1951 3373 ἀπεσταλμένων

366 3380 433 3433 ὲκ
473 3381 583 3435 τῶν
625 3383 933 3455 Φαρισαίων
974 3386 1071 3440 καί
1111 3388 1506 3460 ὲρωτησάντων
1548 3390 1638 3444 τὸν
1698 3393 1952 3464 Ἰωάννην

366 3471 738 3540 ἐξετάζοντας.
784 3477 849 3530 Εἰ
889 3477 1001 3550 γὰρ
1043 3479 1223 3544 καλῶς
1258 3481 1654 3553 ὲφηρμόσαμεν
1702 3483 1801 3555 τὴν
1846 3484 1951 3538 τῶν

363 3565 674 3637 Φαρισαίων
695 3568 906 3633 πεῦσιν,
928 3572 1427 3644 ἀναγεγραμμένην
1449 3574 1603 3645 παρά
1631 3574 1710 3646 τῷ
1736 3575 1949 3648 μαθητῇ

377 3650 621 3730 Ἰωάννῃ,
670 3656 751 3729 τῷ
800 3657 1094 3732 βαπτισμῷ
1143 3660 1324 3716 αὐτῶν
1365 3663 1519 3734 παρά
1565 3664 1644 3734 τῷ
1690 3665 1953 3738 Ματθαίῳ

365 3748 627 3818 κειμένῳ,
676 3750 971 3806 ἀκόλουθον
1006 3747 1076 3823 ἦν
1119 3752 1375 3816 ἐξετάσαι
1415 3756 1482 3809 τὰ
1523 3757 1666 3809 κατά
1705 3758 1831 3822 τοὺς
1868 3760 1953 3812 τό-

367 3855 525 3903 πους,
560 3840 656 3895 καὶ
685 3842 1030 3913 παραθέσθαι
1060 3842 1129 3897 τά
1156 3844 1449 3915 εὑρεθέντα
1473 3849 1947 3918 παρατηρήματα,

376 3929 611 4001 Ὁμοίως
657 3932 716 3986 δὲ
759 3931 840 4004 τῷ
880 3934 1096 4005 Μάρκῳ
1141 3936 1238 3988 καὶ
1284 3936 1313 3989 6
1351 3937 1564 3999 Λουκᾶς
1594 3936 1686 3989 τοῦ
1729 3957 1749 3986 ι
1796 3938 1952 4009 Φωνὴ

366 4020 598 4093 βοῶντος
612 4024 671 4078 ὲν
692 4027 760 4097 τῇ
779 4026 879 4097 ὲρή
888 4044 991 4097 μῳ,
1021 4045 1040 4078 ι
1069 4027 1343 4099 μέμνηται
1372 4029 1480 4083 ἀπὸ
1505 4030 1634 4083 ίδίου
1656 4030 1949 4102 προσώπου

362 4111 560 4178 οὕτως·
591 4133 612 4167 ι
671 4115 905 4185 Εγένετο
935 4116 1090 4188 ῥῆμα
1114 4116 1251 4171 Θεοῦ
1295 4119 1389 4172 ἐπὶ
1437 4119 1692 4191 Ἰωάννην
1730 4121 1822 4174 τὸν
1849 4123 1953 4175 Ζα-

364 4206 560 4278 χαρίου
590 4206 706 4262 υἱὸν
731 4209 792 4261 ὲν
822 4210 888 4279 τῇ
918 4209 1129 4280 ἐρήμῳ.
1171 4211 1283 4264 Καὶ
1312 4207 1477 4282 ἦλθεν
1515 4213 1596 4276 είς
1624 4214 1804 4267 πᾶσαν
1849 4230 1950 4267 πε-

366 4297 604 4370 ρίχωρον
638 4298 734 4353 τοῦ
786 4299 1075 4372 Ἰορδάνου,
1115 4303 1409 4375 κηρύσσων
1452 4304 1737 4376 βάπτισμα
1784 4322 1952 4376 μετα-

363 4391 514 4456 νοίας
548 4394 631 4456 εἰς
654 4392 851 4462 ἄφεσιν
896 4394 1206 4468 ἁμαρτιῶν,
1232 4394 1308 4459 ὡς
1335 4396 1644 4467 γέγραπται
1689 4398 1749 4450 ὲν
1783 4396 1950 4468 βίϐλῳ

361 4483 539 4554 λόγων
565 4478 788 4539 Ἡσαΐου
836 4486 932 4540 τοῦ
988 4489 1288 4560 προφήτου·
1340 4488 1496 4560 Φωνὴ
1531 4489 1759 4560 βοῶντος
1795 4492 1853 4543 ὲν
1879 4492 1945 4562 τῇ
1982 4522 2023 4577 D

359 4573 558 4646 ἐρήμῳ
580 4590 598 4607 ·
659 4575 1016 4647 Ἑτοιμάσατε
1083 4577 1184 4649 τὴν
1237 4579 1356 4633 ὁδὸν
1424 4580 1633 4651 Κυρίου
1655 4619 1671 4645 ,
1732 4580 1949 4645 εὐθείας

360 4666 569 4719 ποιεῖτε
599 4666 700 4730 τὰς
722 4666 942 4738 τρίϐους
967 4668 1152 4723 αὐτοῦ.
1184 4688 1203 4721 ι
1231 4669 1514 4742 Προέθηκε
1532 4671 1644 4742 (24)
1674 4671 1732 4725 δὲ
1756 4674 1785 4725 6
1812 4674 1948 4726 Λου-

359 4755 470 4818 κᾶς
505 4755 603 4809 καὶ
634 4755 704 4809 τά
740 4754 870 4827 ἑξῆς
908 4758 1009 4828 τῆς
1055 4759 1424 4831 προφητείας·
1473 4778 1493 4811 ι
1531 4760 1691 4814 Πᾶσα
1729 4761 1949 4834 φάραγξ

359 4846 809 4920 πληρωθήσεται,
844 4850 942 4902 καὶ
980 4852 1090 4905 πᾶν
1121 4851 1268 4923 ὅρος,
1315 4851 1412 4906 καὶ
1457 4851 1643 4922 βουνὸς
1679 4871 1949 4910 ταπεινω-

359 4940 611 5011 θήσεται·
654 4940 751 4993 καὶ¹
799 4939 953 4995 ἔσται
996 4941 1068 4995 τὰ
1112 4942 1302 4998 σκολιὰ
1346 4945 1426 5008 είς
1469 4944 1706 5012 εὐθείας,
1754 4948 1850 5001 καὶ
1887 4948 1946 5001 αἱ

357 5032 617 5104 τραχεῖαι
664 5033 746 5095 είς
788 5032 947 5096 ὁδοὺς
974 5032 1145 5097 λείας,
1176 5034 1273 5089 καὶ
1299 5034 1491 5105 δψεται
1514 5037 1669 5092 πᾶσα
1718 5036 1858 5109 σὰρξ
1885 5039 1948 5092 τὸ

361 5120 638 5191 σωτήριον
661 5122 758 5176 τοῦ
782 5122 952 5177 Θεοῦ·
984 5141 1004 5175 ι
1035 5123 1239 5194 ὁμοίως
1266 5122 1347 5195 τῷ
1377 5124 1593 5197 Μάρκῳ
1623 5127 1950 5199 ἀναγράψας

358 5209 444 5266 τό·
479 5230 499 5263 ι
534 5212 764 5277 Εὐθείας
784 5215 990 5267 ποιεῖτε
1016 5212 1118 5277 τὰς
1143 5213 1365 5285 τρίϐους
1384 5216 1575 5280 αὐτοῦ,
1610 5237 1629 5269 ι
1661 5219 1950 5291 ὲπιτεμνό-

365 5319 548 5374 μενος,
575 5304 651 5368 ὡς
674 5306 1109 5378 προειρήκαμεν,
1140 5307 1228 5361 τό·
1274 5324 1295 5360 ι
1331 5308 1565 5373 Εὐθείας
1596 5313 1801 5365 ποιεῖτε
1848 5313 1948 5379 τὰς

362 5392 585 5465 τρίϐους
604 5394 700 5448 τοῦ
728 5395 866 5449 Θεοῦ
907 5396 1087 5468 ἡμῶν.
1128 5414 1147 5448 ι
1194 5397 1341 5451 Ἀντὶ
1367 5398 1425 5452 δὲ
1450 5399 1565 5465 τοῦ,
1596 5419 1616 5453 ι
1648 5401 1759 5454 Καὶ
1788 5399 1940 5454 ἔσται

364 5487 545 5542 πάντα
586 5489 776 5543 σκολιά
826 5491 908 5552 είς
939 5489 1176 5555 εὐθείας,
1213 5508 1233 5542 ι
1267 5492 1436 5563 χωρὶς
1479 5493 1574 5547 τοῦ
1615 5512 1636 5546 σ
1677 5493 1873 5562 πάντα,
1911 5513 1929 5545 ι

2045 568 2267 640 ptisma,
2304 571 2503 627 dixerit
2546 571 2654 629 illis
2684 587 2702 629 :
2737 592 2759 627 ι
2794 573 3089 647 Progenies
3133 577 3442 647 viperarum
3480 577 3549 644 ⁷⁸,
3596 596 3617 630 ι

2047 672 2102 717 et
2140 678 2259 732 qua:
2289 675 2614 735 sequuntur,
2645 682 2983 738 consequens
3008 683 3129 723 cum
3157 670 3227 723 sit
3262 670 3500 739 primum
3528 684 3625 737 eos

2049 755 2436 829 interrogasse,
2471 769 2582 814 tum
2610 774 2740 815 vero
2770 761 3073 817 advenisse.
3102 761 3216 818 Hoc
3243 764 3407 818 etiam
3446 764 3625 819 obiter

2048 847 2443 906 observandum
2473 862 2578 919 est,
2614 853 2755 923 quod
2784 855 3108 911 exeuntibus
3149 864 3263 910 tum
3308 855 3625 928 Hierosoly-

2048 957 2156 1007 ma,
2189 952 2300 997 tum
2349 952 2459 999 tota
2497 944 2701 1015 Judaea,
2734 957 2847 1004 tum
2882 963 3011 1005 vero
3055 959 3164 1004 tota
3198 950 3421 1018 regione
3451 950 3620 1005 ﬂuvio

2047 1035 2267 1091 Jordani
2293 1036 2638 1107 circumiecta
2671 1040 2736 1105 ⁷⁸,
2768 1057 2864 1096 sua
2912 1041 3153 1111 ipsorum
3180 1053 3403 1112 peccata
3444 1043 3621 1099 conli-

2049 1127 2308 1195 tentibus,
2362 1127 2619 1186 Matthzeo
2660 1133 2865 1188 nullum
2917 1134 3135 1191 dicente
3181 1149 3277 1192 eos
3325 1137 3556 1192 verbum
3586 1152 3615 1188 a

2048 1216 2291 1287 Baptista
2361 1220 2579 1277 audisse
2623 1223 3058 1295 objurgatorium
3121 1236 3176 1282 et
3210 1241 3488 1297 asperum,
3523 1227 3617 1282 sed

2048 1310 2193 1371 solos
2218 1310 2539 1383 Pharisaeos,
2564 1324 2620 1371 et
2651 1317 3001 1387 Saddueaios,
3024 1334 3225 1389 eosque
3255 1320 3616 1389 multos,cmn

2049 1399 2318 1465 venirent,
2371 1415 2698 1473 conspectos
2753 1407 2977 1464 audisse
3027 1408 3205 1465 illud:
3241 1427 3261 1462 ι
3315 1410 3617 1482 Progenies

2048 1490 2383 1560 viperarum,
2418 1515 2438 1547 ι
2469 1504 2525 1550 et
2580 1512 2699 1567 quae
2744 1510 3068 1569 sequuntur,
3126 1502 3365 1559 Marcum
3422 1520 3619 1561 conse-

2051 1592 2280 1650 quenter
2307 1584 2375 1650 ⁸⁶,
2407 1586 2534 1655 quia
2587 1603 2695 1644 non
2748 1592 3041 1648 nominarit
3078 1594 3407 1663 Pharisaeos,
3438 1612 3619 1669 neque

2051 1671 2395 1742 Sadducazos,
2454 1677 2662 1734 nullum
2717 1680 3149 1754 objurgatorium
3204 1688 3429 1743 verbum
3484 1703 3616 1743 nar-

2053 1781 2178 1821 rare
2208 1767 2412 1824 dictum
2440 1769 2607 1827 fuisse
2658 1787 2690 1827 a
2737 1771 2946 1830 Joanne
2975 1775 3064 1831 bis
3105 1776 3197 1846 qui
3224 1780 3292 1833 ad
3345 1794 3405 1836 se
3451 1792 3618 1836 vene-

2052 1874 2198 1931 runt,
2225 1879 2348 1920 cum
2376 1868 2738 1925 accessissent
2770 1869 2839 1924 ad
2893 1885 3015 1927 eum
3044 1879 3154 1926 tota
3184 1870 3366 1929 Iudaea
3394 1888 3458 1930 ac
3486 1874 3621 1931 Hie-

2052 1957 2381 2028 sosolymitaa
2445 1973 2670 2029 omnes,
2739 1971 2797 2017 et
2860 1965 3272 2035 baptizarentur
3325 1967 3394 2021 ab
3450 1981 3516 2023 eo
3565 1967 3623 2022 in

2058 2049 2215 2121 127
2256 2047 2510 2116 Jordane,
2564 2051 2889 2109 conﬁtentes
2931 2065 3155 2124 peccata
3207 2070 3326 2112 sua.
3376 2057 3514 2125 Quin
3562 2069 3623 2113 et

2054 2143 2158 2196 hoc
2191 2138 2500 2197 necessario
2528 2141 2791 2198 addamus
2818 2152 3055 2214 oportet,
3096 2159 3293 2217 nempe
3333 2156 3618 2218 utrosque,

2053 2231 2367 2288 Mattbaeum
2418 2233 2673 2289 videlicet
2722 2242 2778 2289 et
2814 2234 3079 2302 Marcum,
3113 2237 3296 2294 dicere
3333 2238 3401 2305 ⁸¹,
3449 2247 3628 2294 totam

2054 2325 2510 2396 Hierosolymam,
2543 2335 2822 2399 totamque
2847 2328 3108 2398 Iudaeam,
3148 2345 3214 2387 ac
3259 2345 3476 2387 omnem
3506 2333 3620 2388 cir-

2053 2425 2380 2494 cumjectam
2431 2422 2683 2483 Jordanis
2731 2427 3029 2497 regionem,
3058 2424 3141 2479 vel
3176 2433 3344 2482 totam
3380 2424 3628 2482 Judaeam

2054 2516 2335 2587 regionem
2386 2526 2441 2573 et
2478 2516 2933 2589 Hierosolymitas
2967 2534 3157 2575 omnes
3199 2518 3450 2575 conﬁteri
3495 2533 3624 2587 pec-

2054 2616 2176 2661 cata
2208 2621 2303 2663 sua
2329 2625 2346 2675 ;
2378 2608 2472 2664 sed
2498 2624 2619 2664 cum
2651 2608 2934 2665 Matthaeus
2963 2609 3009 2642 ⁸¹
3036 2609 3309 2665 induxerit
3343 2609 3631 2664 venientes

2055 2701 2119 2754 ad
2157 2699 2427 2770 baptisma
2456 2699 2762 2758 Pharisaeos
2807 2711 2862 2759 et
2891 2701 3246 2766 Sadducaaos,
3282 2716 3389 2756 non
3438 2712 3621 2756 tamen

2054 2791 2377 2849 conﬁtentes
2416 2804 2636 2863 peccata
2693 2809 2814 2857 sua,
2864 2792 3144 2863 probabile
3188 2807 3312 2850 esse
3345 2802 3508 2863 atque
3534 2807 3625 2847 ra-

2057 2885 2190 2940 tioni
2227 2896 2655 2943 consentaneum
2685 2894 2746 2940 ut
2781 2885 2922 2941 hanc
2951 2886 3020 2941 ob
3049 2899 3271 2941 causam
3302 2885 3579 2942 audierint
3604 2902 3623 2938 :

2060 2992 2079 3026 (
2117 2975 2413 3048 Progenies
2443 2977 2752 3046 viperarum
2778 2975 2849 3032 ⁸⁸.
2873 2994 2893 3029 ι
2915 2974 3190 3031 Caeterum
3213 2991 3282 3031 ne
3308 2989 3408 3031 nos
3434 2973 3627 3031 existi-

2054 3082 2171 3126 mes
2196 3069 2512 3139 importune
2538 3084 2659 3141 quaa
2696 3080 2932 3138 quatuor
2965 3068 3312 3139 evangelistae
3342 3071 3622 3133 dixerunt,

1976 3170 2019 3228 ε
2053 3162 2373 3229 contulisse,
2423 3163 2768 3234 inquirentes
2817 3177 2940 3233 quae
2981 3162 3258 3232 pertinent
3299 3162 3367 3216 ad
3397 3176 3493 3218 eos
3529 3161 3629 3231 qui

2053 3255 2203 3311 missi
2261 3255 2481 3312 fuerant
2538 3269 2605 3310 ex
2674 3253 2968 3311 Pharisazis
3027 3264 3083 3308 et
3148 3253 3624 3325 interrogaverunt

2050 3346 2333 3403 Joannem.
2378 3347 2513 3402 Nam
2551 3348 2596 3403 si
2630 3349 2769 3403 bene
2807 3346 3182 3415 adaptavimus
3222 3345 3623 3403 Pharisaeorum

2054 3440 2532 3512 interrogationem
2555 3441 2814 3511 scriptam
2837 3442 2976 3512 apud
2992 3439 3318 3509 discipulum
3334 3438 3619 3505 Joannem,

2052 3530 2327 3604 baptismo
2364 3534 2605 3605 ipsorum
2639 3534 2817 3604 posito
2865 3536 3007 3603 apud
3043 3532 3381 3598 Matthzeum,
3427 3547 3624 3589 conse-

2052 3639 2226 3695 quens
2250 3636 2371 3683 erat
2396 3628 2673 3698 inquirere
2699 3642 2821 3698 qua:
2844 3626 2910 3681 ad
2945 3626 3060 3681 haec
3090 3626 3206 3682 loca
3236 3626 3400 3682 etiam
3431 3625 3629 3681 intelli-

2051 3718 2224 3790 genda
2251 3721 2621 3791 pertinebant.
2654 3729 2709 3777 et
2743 3735 2876 3791 quas
2917 3721 3317 3776 invenissemus
3357 3720 3626 3775 observa.

2038 3810 2227 3883 tiones
2252 3811 2472 3869 addere.
2505 3810 2752 3866 Meminit
2775 3819 2955 3864 autem
2983 3807 3178 3873 Lucas,
3206 3808 3432 3880 perinde
3458 3818 3633 3877 atque

2053 3899 2288 3968 Marcus,
2337 3918 2407 3959 ex
2449 3918 2685 3974 persona
2736 3902 2980 3972 propria,
3049 3917 3236 3957 eorum
3289 3900 3622 3957 verborum:

2058 4013 2077 4046 ι
2130 3996 2246 4053 Vox
2289 3997 2576 4053 clamantis
2621 3998 2676 4052 in
2731 3998 2978 4062 deserto,
3015 4015 3035 4049 ι
3072 3995 3216 4051 hunc
3256 3995 3311 4049 in
3353 3993 3575 4050 modum
3604 4010 3622 4047 :

2057 4106 2077 4140 ι
2111 4089 2335 4145 Factum
2366 4103 2454 4148 est
2475 4092 2701 4147 verbum
2735 4091 2947 4146 Domini
2973 4093 3038 4145 ad
3060 4087 3325 4144 Joannem
3347 4085 3635 4142 Zachariae

2054 4180 2226 4238 lilium
2250 4185 2304 4238 in
2332 4184 2574 4240 deserto.
2600 4183 2668 4239 Et
2694 4184 2843 4239 venit
2874 4185 2929 4237 in
2952 4196 3166 4237 omnem
3194 4182 3470 4249 regionem
3504 4178 3629 4232 lini-

2055 4279 2242 4333 timam
2290 4277 2539 4342 Jordani,
2585 4277 2892 4348 praedicans
2925 4276 3252 4344 baptismum
3291 4272 3627 4343 paenitentiae

2054 4372 2106 4427 in
2137 4372 2518 4428 remissionem
2557 4379 2932 4441 peccatorum,
2972 4370 3114 4424 sicut
3146 4367 3408 4437 scriptum
3446 4375 3532 4421 est
3569 4366 3627 4420 in

2053 4464 2193 4521 libro
2223 4478 2536 4520 sermonum
2574 4462 2728 4518 Isaia:
2752 4461 3029 4531 prophetae
3059 4458 3333 4514 dicentis:
3376 4456 3499 4512 Vox
3521 4457 3630 4512 cla-

2053 4558 2256 4614 mantis
2295 4557 2348 4611 in
2381 4557 2602 4614 deserto
2630 4574 2643 4610 :
2674 4554 2872 4610 Parate
2896 4555 3043 4609 viam
3076 4551 3315 4616 Domini,
3346 4558 3524 4605 rectas
3548 4548 3628 4602 fa—

2050 4649 2159 4704 cite
2184 4648 2411 4704 semitas
2441 4647 2558 4717 ejus
2603 4644 2674 4718 “.
2709 4664 2728 4697 ι
2766 4645 2994 4700 Addidit
3043 4644 3208 4699 etiam
3258 4642 3435 4697 Lucas
3484 4642 3626 4709 quod

2054 4742 2323 4811 reliquum
2349 4750 2469 4798 erat
2494 4737 2794 4810 prophetiae
2827 4753 2842 4792 :
2887 4754 2906 4787 ι
2940 4735 3133 4792 Omnis
3173 4733 3331 4789 vallis
3372 4731 3626 4803 implebi-

2050 4844 2166 4902 tur,
2191 4843 2248 4890 et
2274 4835 2456 4890 omnis
2485 4847 2662 4898 mons,
2683 4841 2741 4887 et
2769 4832 2924 4888 collis
2944 4830 3199 4885 reddetur
3230 4826 3470 4890 humilis,
3507 4839 3630 4880 ver»-

2051 4936 2343 4999 tenturque
2371 4927 2602 4982 distorta
2629 4927 2683 4981 in
2714 4927 2831 4984 vias
2864 4935 3068 4987 rectas,
3101 4932 3157 4978 et
3189 4935 3397 4990 asperae
3428 4920 3527 4974 Via:
3569 4919 3627 4972 in

2048 5021 2259 5091 planas,
2297 5020 2609 5090 videbitque
2655 5019 2833 5075 omnis
2882 5031 3016 5073 caro
3069 5016 3317 5073 salutare
3354 5013 3446 5067 Dei
3481 5010 3527 5043 ⁸³
3554 5029 3569 5077 ;
3600 5028 3621 5062 ι

2048 5115 2272 5185 perinde
2318 5121 2482 5182 atque
2512 5112 2750 5176 Marcus,
2796 5126 2920 5166 cum
2960 5110 3318 5178 scripsisset:
3362 5122 3382 5157 ι
3426 5103 3630 5159 Rectas

2018 5206 2212 5272 .l‘acite
2260 5207 2488 5261 semitas
2530 5203 2668 5274 ejus,
2710 5223 2729 5255 ι
2778 5205 3094 5264 decurtans,
3146 5208 3202 5253 ιιι
3250 5196 3631 5265 praediximus,

2050 5299 2224 5356 illud:
2260 5318 2281 5353 ι
2317 5299 2517 5355 Rectas
2545 5298 2711 5355 facile
2741 5297 2969 5353 semitas
2998 5295 3094 5350 Dei
3131 5295 3332 5348 nostri.
3373 5310 3391 5342 ι
3428 5290 3481 5342 In
3519 5288 3627 5342 illis

2048 5407 2180 5447 vero
2212 5392 2427 5450 verbis:
2453 5411 2472 5444 ι
2500 5391 2568 5446 Et
2591 5398 2754 5446 erunt
2784 5390 2969 5444 omnia
2991 5386 3212 5456 obliqua
3246 5386 3301 5439 in
3334 5390 3564 5444 rectum,
3598 5399 3629 5431 »ρ

2052 5500 2240 5545 vocem
2277 5503 2297 5538 ι
2332 5485 2515 5542 omnia
2556 5504 2575 5538 ι
2613 5482 2986 5555 praetermisit,
3042 5477 3277 5549 plurium
3320 5475 3483 5530 etiam
3526 5489 3626 5528 nu-

436 5606 484 5683 ζθ
517 5606 709 5663 Matth.
736 5624 826 5683 tu,
843 5609 896 5663 7.
932 5609 1271 5683 _“"f_ibid_.‘5._
1327 5612 1372 5643 ³⁸
1398 5613 1565 5672 Mare.
1597 5631 1637 5682 t,
1659 5616 1710 5672 5.
1790 5617 1831 5648 ⁸⁸
1862 5614 1951 5673 Ma

2046 5628 2161 5681 μω,
2191 5614 2247 5683 5,
2277 5610 2344 5679 6;
2371 5608 2535 5667 Marc.
2572 5623 2608 5675 ι,
2644 5607 2699 5661 5.
2786 5607 2829 5639 δ’
2854 5604 2984 5676 Cap.
3018 5615 3100 5667 tu,
3132 5597 3339 5656 vers.7.
3414 5590 3460 5623 ⁸³
3484 5595 3637 5654 ἰωὰ.

366 5678 412 5707 ⁸⁵
443 5675 575 5733 Luc.
619 5694 705 5743 ut,
735 5679 854 5735 2-4.
928 5679 973 5711 ⁸³
1004 5680 1206 5749 ibid.5,
1241 5679 1297 5734 ϐ.

441 5791 550 5853 (24)
569 5794 888 5863 Προέθηκε.
924 5794 1234 5866 Legendum
1257 5798 1582 5869 προσέθηκε.
