4194 6426
560 325 663 379 247
2025 319 2165 377 ΟΠΙ(

2264 319 2346 377 ilS
3722 319 3829 374 248

562 450 717 494 mero
752 453 771 488 ι
806 444 985 491 rectas
1020 455 1037 488 I
1085 436 1294 501 dicens,
1322 435 1464 506 quod
1499 454 1518 487 ι
1556 443 1762 491 rectam
1802 454 1821 488 ι
1874 435 2134 507 singulari

2264 436 2337 506 :qu
2358 433 2502 499 λέξιν
2524 432 2707 504 ἔθηκε,
2743 432 2881 503 μετά
2902 432 2995 486 τοῦ
3020 433 3144 486 ἀντὶ
3172 432 3350 489 ἑνικοῦ
3381 454 3400 486 ι
3440 435 3521 498 είς
3550 433 3767 488 εὐθεῖαν
3801 452 3820 483 ι

565 545 799 587 numero
833 528 1038 584 dictum
1068 528 1270 585 fuerat.
1322 528 1403 582 Ad
1431 528 1544 583 haac
1575 529 1741 583 etiam
1770 543 1876 596 pro
1905 543 1969 582 eo
1997 528 2138 597 quod

2264 526 2598 597 πεποιηκέναι
2638 525 2999 596 πληθυντικὸν
3037 544 3055 576 ι
3092 524 3344 588 εὐθείας·
3396 545 3419 578 ι
3456 527 3581 580 Ἔτι
3636 525 3695 578 δὲ
3738 524 3835 578 καὶ

564 631 651 677 est
681 640 701 674 ι
741 636 933 691 aspera
960 619 1015 675 in
1052 619 1361 691 planitiem,
1393 638 1410 671 ι
1443 619 1595 683 fecit,
1640 639 1659 671 ι
1694 628 1749 673 et
1789 635 1995 688 aspera:
2041 620 2141 674 viae

2264 619 2362 672 ιντὶ
2393 618 2511 683 τοῦ,
2563 638 2581 669 ι
2632 620 2698 671 Ἡ
2726 618 2953 689 τραχεῖα
2992 619 3072 681 είς
3117 616 3338 681 πεδία,›
3360 618 3610 690 ἐποίησε,
3658 634 3679 668 ι
3719 614 3835 669 Καὶ

566 712 621 765 in
653 709 887 781 planas;
930 730 950 762 ι
992 724 1230 777 cumque
1258 710 1701 777 praetermisisset
1745 709 1899 776 illud,
1937 729 1955 760 ι
1996 709 2143 764 vide-

2264 713 2298 764 ιῖ
2335 714 2580 784 τραχεῖαι
2612 712 2692 775 είς
2730 712 2883 775 ὁδοὺς
2907 710 3082 774 λείας·
3128 729 3149 762 ι
3188 699 3513 781 παραλιπών
3546 726 3632 771 τε,
3677 727 3696 759 ι
3725 707 3843 761 Καὶ

568 798 719 855 bitur
751 801 921 871 gloria
956 798 1194 864 Domini,
1233 816 1253 851 ι
1290 799 1504 855 addidit
1541 799 1819 870 deinceps,
1857 818 1877 853 ι
1911 810 1968 856 et
1992 801 2144 857 vide-

2264 804 2539 876 irpeﬁcstat
2584 805 2618 874 ὴ
2653 802 2783 872 δόξα
2826 804 3058 876 Κυρίου,
3104 822 3125 856 ι
3168 801 3440 876 παρέθετο
3476 802 3536 855 τὸ
3580 799 3721 871 ἑξῆς
3753 798 3839 852 τό·

569 888 650 946 bit
682 892 859 945 omnis
900 904 1030 946 caro
1080 889 1321 945 salutare
1374 887 1488 945 Dei.
1540 906 1560 943 ι
1605 889 1813 946 Praeter
1860 890 1964 946 hoc
2011 906 2146 947 vero

2264 917 2269 951 ι
2304 897 2417 952 Καὶ
2474 897 2665 968 ὄψεται
2702 898 2854 952 πᾶσα
2884 895 3021 967 σάρξ
3043 896 3107 950 τὸ
3134 896 3399 967 σωτήριον
3442 893 3538 948 τοῦ
3591 891 3766 946 Θεοῦ.
3821 909 3846 945 ι

570 985 858 1038 conferunt
905 985 1071 1040 etiam
1118 984 1429 1053 huiusmodi
1477 983 1893 1041 observationes
1942 986 2012 1041 ad
2050 986 2147 1040 de-

2264 990 2519 1061 [ρήσιμοι
2561 990 2619 1043 δὲ
2657 991 2712 1043 αί
2747 990 3160 1060 παρατηρήσεις
3205 987 3344 1059 πρὸς
3379 984 3668 1052 ἀπόδειξιν
3711 983 3854 1055 περὶ

572 1078 987 1133 monstrandum
1016 1078 1300 1133 decurtata
1326 1076 1495 1134 fuisse
1526 1080 1596 1132 ab
1623 1076 1983 1150 evangelistis
2014 1094 2144 1148 pro-

2264 1080 2338 1134 τοῦ
2365 1082 2754 1154 ὲπιτέμνεσθαι
2790 1082 2916 1145 τοὺς
2958 1080 3354 1150 εὐαγγελιστάς
3384 1078 3456 1133 τά
3488 1077 3851 1149 προφητικά.

571 1169 805 1237 phetica.
839 1169 920 1224 Ad
954 1171 1068 1226 haec
1091 1185 1220 1226 vero
1250 1171 1655 1226 observandum
1678 1179 1763 1226 est
1793 1169 1944 1237 illud,
1969 1189 1988 1223 ι
2012 1169 2148 1226 Pro-

2264 1170 2370 1223 Έτι
2394 1170 2451 1225 δὲ
2474 1172 2569 1225 καὶ
2595 1169 2751 1223 τοῦτο
2780 1169 3222 1242 παρατηρητέον,
3245 1171 3326 1222 ὅτι
3355 1168 3425 1222 τά
3455 1187 3473 1219 ι
3505 1168 3855 1239 Γεννήματα

571 1261 761 1328 genies
793 1260 1129 1330 viperarum,
1159 1282 1179 1315 ι
1207 1270 1401 1333 etquae
1417 1276 1740 1333 sequuntur,
1764 1261 2069 1320 Matthrcum
2100 1265 2147 1296 ⁸⁵

2264 1262 2487 1332 εχιδνῶν,
2521 1283 2539 1313 ι
2574 1260 2672 1315 καὶ
2708 1262 2778 1315 τά
2819 1261 2965 1332 ἑξῆς,
2990 1265 3023 1315 ό
3054 1261 3152 1332 μὲν
3191 1260 3471 1324 Ματθαῖος
3504 1262 3631 1323 τοῖς
3678 1260 3860 1330 Φαρι-

574 1354 739 1425 128
783 1368 1036 1417 narrare,
1088 1354 1291 1409 dictum
1346 1352 1518 1410 fuisse
1565 1352 1855 1411 Pharisaeis
1902 1366 1957 1411 et
2006 1356 2148 1411 Sad-

2264 1357 2419 1420 ιαίοις
2445 1357 2538 1409 καὶ
2566 1356 2945 1417 Σαδδουκαίοις
2983 1356 3302 1427 ἐρχομένοις
3334 1356 3431 1409 ἐπὶ
3456 1356 3517 1408 τὸ
3549 1354 3861 1424 βάπτισμα

571 1439 776 1500 ιιιιοεείέ
795 1444 1216 1499 adventantibus
1244 1445 1310 1497 ad
1331 1443 1687 1512 baptismum,
1741 1445 1975 1501 diversis
2003 1446 2149 1501 exsi-

2264 1448 2500 1519 εἰρῆσθαί
2540 1465 2726 1521 φησιν,
2779 1448 2989 1519 ἑτέροις
3028 1443 3179 1501 οὖσιν
3222 1446 3376 1518 παρά
3409 1449 3540 1511 τοὺς
3585 1445 3864 1517 ἐξομολο-

570 1539 846 1594 steutibus
880 1537 950 1593 ab
996 1538 1079 1594 his
1115 1538 1208 1607 qui
1235 1540 1641 1594 conﬁtebantur
1665 1547 1888 1608 peccata
1939 1554 2060 1604 sua,
2094 1548 2151 1595 et

2264 1542 2551 1612 γουμένους
2578 1541 2679 1605 τὰς
2706 1541 2982 1613 ἁμαρτίας
3022 1540 3225 1603 αὐτῶν,
3263 1540 3359 1594 καὶ
3393 1540 3563 1611 μηδὲν
3599 1539 3865 1594 τοιοῦτον

573 1629 708 1685 nihil
733 1630 841 1686 tale
863 1629 1194 1695 audiebant;
1223 1625 1426 1686 Lucam
1467 1646 1597 1687 vero
1648 1630 1719 1696 3",
1747 1632 2149 1700 egredientibus

2264 1631 2566 1697 ὶκούοντας·
2608 1634 2639 1686 ό
2660 1632 2718 1686 δὲ
2752 1633 2968 1696 Λουκᾶς
3006 1634 3122 1695 τοῖς
3155 1631 3621 1703 ἐκπορευομένοις
3670 1628 3864 1702 ὄχλοις

574 1721 775 1785 turbis,
812 1731 869 1775 ut
905 1721 1312 1791 baptizareutur
1340 1723 1408 1777 ab
1436 1721 1577 1791 ipso,
1609 1722 1726 1776 haec
1756 1720 1902 1775 dicta
1955 1721 2145 1790 fuisse,

2264 1721 2617 1794 βαπτισθῆναι
2656 1724 2750 1775 ὑπ’
2797 1720 2964 1776 αὑτοῦ
3009 1721 3161 1776 ταῦτ’
3207 1720 3459 1793 εἰρῆσθαι
3500 1722 3861 1793 ἀναγράφει,

574 1824 683 1864 non
714 1790 1003 1866 facientem
1032 1811 1167 1866 duos
1196 1812 1417 1867 ordines
1447 1828 1639 1868 eorum
1674 1813 1770 1884 qui
1800 1813 2152 1882 baptizaban-

2264 1815 2311 1867 ιύ
2349 1790 2581 1886 ποιήσας
2607 1813 2703 1867 δύο
2732 1814 2991 1885 τάγματα
3037 1790 3471 1884 βαπτιζομένων,
3506 1790 3675 1885 ὅπερ-
3701 1812 3865 1885 παρά

574 1908 688 1969 tur,
744 1902 887 1972 quod
943 1903 1083 1971 apud
1141 1902 1455 1964 Matthazum
1495 1905 1829 1960 invenimus.
1870 1904 1977 1962 Sed
2029 1906 2152 1976 jure

2264 1907 2327 1978 τῷ
2359 1906 2622 1976 Ματθαίῳ
2649 1904 2906 1979 εὕρομεν.
2939 1907 3181 1972 Εἰκότως
3216 1906 3274 1960 δὲ
3304 1907 3398 1960 καὶ⁵
3421 1898 3608 1969 οὗτος,
3642 1906 3775 1958 ἐπεὶ
3809 1906 3864 1958 οῖ

572 1992 861 2050 Matthaaus
912 1994 959 2028 ³⁸
1000 1995 1296 2066 Baptistam
1349 1996 1561 2054 iuduclt
1610 1996 1880 2053 dicentem
1927 1998 2148 2053 turbis:

2264 1998 2396 2069 5χλοι
2416 1998 2515 2051 οὐκ
2538 1999 2597 2052 ὲν
2622 1998 2827 2068 ἐπαίνῳ
2847 1999 3159 2061 τάσσονται,
3176 1997 3256 2062 ῶς
3275 2000 3387 2060 τοῖς
3407 1995 3645 2068 τηροῦσι
3680 1996 3863 2065 σαφὲς

579 2105 603 2137 ς
672 2085 972 2159 Progenies
1033 2092 1366 2160 viperarum,
1425 2109 1444 2142 ι
1509 2100 1564 2146 et
1620 2105 1743 2160 qua:
1808 2101 2149 2161 sequuntur,

2264 2089 2403 2142 ἔσται
2427 2129 2442 2153 ,
2474 2092 2586 2146 τοῖς
2605 2089 2784 2159 ὄχλοις
2807 2089 3016 2158 εἰσάγει
3038 2088 3267 2158 λέγοντα
3298 2089 3390 2142 τὸν
3416 2087 3744 2159 Βαπτιστὴν
3773 2087 3857 2141 τό·

576 2177 803 2247 quando
828 2178 998 2235 turbas
1033 2180 1087 2235 in
1119 2184 1316 2237 bonam
1348 2190 1560 2252 partem
1611 2196 1717 2236 non
1756 2190 2065 2248 sumuntur,
2094 2191 2154 2237 ut

2264 2200 2278 2234 t
2314 2182 2632 2252 Γεννήματα
2680 2180 2924 2251 ἐχιδνῶν,
2965 2200 2985 2232 ι
3019 2181 3113 2233 καὶ
3147 2179 3218 2233 τά
3254 2179 3402 2249 ἑξῆς.
3444 2180 3573 2232 Ἔτι
3614 2178 3675 2232 δὲ
3714 2180 3859 2251 πρὸς

576 2270 999 2327 observantibus
1028 2275 1373 2344 perspicuum
1400 2275 1525 2329 erit.
1559 2272 1856 2329 Pharisazis
1888 2283 2151 2344 praeterea

2264 2274 2358 2346 μὲν
2381 2274 2507 2335 τοὺς
2530 2273 2879 2344 Φαρισαίους,
2915 2273 3010 2326 καὶ
3038 2271 3449 2337 Σαδδουκαίους,
3494 2293 3515 2325 ι
3532 2277 3831 2344 ποιήσταε,

573 2375 631 2417 et
662 2360 981 2420 Sadducaeis
1008 2376 1236 2421 numero
1257 2364 1524 2436 singulari
1555 2366 1758 2422 dictum
1775 2379 1859 2421 est
1878 2365 1929 2400 ⁸·
1958 2385 2015 2423 τι
2044 2367 2153 2424 Fa-

2264 2367 2465 2438 εῐρηται
2506 2364 2723 2430 ἑνικῶς,
2758 2385 2778 2417 ι
2807 2364 3023 2439 καρπον
3045 2364 3195 2431 ἀξιον
3233 2366 3336 2437 τῆς
3360 2365 3661 2437 μετανοίας
3683 2366 3855 2438 (ξεν.

576 2456 686 2511 cite
718 2455 960 2511 fructum
992 2456 1213 2526 dignum
1248 2455 1608 2526 poenitentia;
1642 2474 1661 2510 ι
1696 2457 1872 2513 turbis
1892 2470 2027 2512 vero
2055 2474 2155 2512 uu-

2264 2461 2392 2533 πρὸς
2418 2460 2476 2514 δὲ
2502 2462 2631 2525 τοὺς
2659 2461 2848 2532 ὄχλους
2880 2459 3284 2532 πληθυντικῶς,
3325 2478 3345 2512 ι
3378 2459 3569 2526 ἀξίους
3599 2458 3861 2529 καρποὺς

577 2547 1016 2618 mero‘plurium,
1046 2566 1066 2600 ι
1093 2547 1302 2605 fructus
1321 2547 1514 2619 dignos
1539 2549 1861 2619 pmnitentia
1877 2550 1945 2602 κ.
1973 2572 1993 2603 ο
2022 2548 2157 2605 For-

574 2639 745 2695 tassis
793 2641 943 2695 enim
981 2642 1193 2695 fructus
1226 2641 1563 2710 pmniteutiaa
1617 2640 1850 2697 eximius
1883 2655 1915 2696 a
1957 2640 2155 2697 Phari-

579 2731 706 2787 saais
734 2731 993 2804 exigitur,
1023 2734 1117 2803 qui
1152 2749 1257 2789 non
1284 2734 1424 2788 alius
1455 2743 1539 2788 est
1574 2748 1735 2802 quam
1757 2732 1915 2789 Jesus
1941 2744 1997 2789 et
2024 2735 2157 2792 lides

577 2837 709 2895 erga
748 2824 925 2895 ipsum
955 2841 970 2889 ;
1001 2840 1031 2879 a
1058 2825 1238 2881 turbis
1261 2833 1464 2892 autem,
1496 2839 1671 2894 neque
1702 2824 2030 2895 principium
2061 2827 2157 2881 ho-

576 2930 775 2970 norum
825 2916 1171 2982 habentibus,
1220 2928 1414 2973 omnes
1477 2916 1770 2988 exiguntur
1821 2915 2158 2987 penitentize

583 3006 816 3062 fructus.
864 3006 1232 3073 Quamobrem
1279 3004 1514 3076 plurium
1564 3020 1838 3063 numero:
1892 3025 1913 3059 ι
1948 3006 2155 3063 fructus

579 3099 767 3165 facite,
809 3118 828 3152 ι
862 3099 1000 3154 dixit
1051 3100 1185 3168 ipsis
1235 3099 1501 3168 Baptista.
1553 3100 1689 3157 Illud
1738 3101 1907 3157 etiam
1960 3111 2156 3173 praeter

581 3191 698 3246 haec
730 3188 1021 3246 Pharisaais
1050 3191 1252 3246 dicitur
1275 3194 1321 3223 "
1350 3210 1365 3246 :
1404 3212 1424 3245 ι
1470 3192 1547 3248 Ne
1575 3192 1827 3264 cogitetis
1863 3195 2004 3264 apud
2038 3207 2162 3247 vos-

582 3282 846 3353 metipsos
888 3283 1071 3339 dicere
1114 3299 1130 3338 :
1186 3284 1400 3340 Patrem
1459 3286 1723 3342 habemus
1770 3284 2073 3342 Abraham.
2136 3306 2156 3339 ι

580 3373 605 3446 Ι,
628 3373 741 3445 (ετ)
770 3374 921 3431 Multi
940 3377 1085 3431 enim
1117 3393 1262 3432 nunc
1290 3379 1617 3448 principium
1647 3380 1878 3444 habent,
1907 3388 2163 3448 putantes

577 3483 641 3522 se
670 3468 736 3522 ad
764 3467 1010 3522 divinum
1037 3470 1264 3524 verbum
1290 3471 1584 3538 introduci,
1603 3482 1661 3525 ut
1687 3472 1953 3526 accedant
1977 3471 2043 3525 ad
2071 3485 2164 3526 ve-

584 3559 821 3614 ritatem.
874 3558 1067 3629 itaque
1104 3560 1291 3615 dicere
1337 3574 1524 3617 secum
1565 3562 1618 3616 in
1656 3560 1843 3616 animo
1872 3561 2162 3632 incipiunt,

590 3667 611 3701 ι
638 3647 857 3707 Patrem
888 3651 1154 3707 habemus
1186 3650 1484 3706 Abraham.
1517 3651 1586 3725 ι]
1618 3649 1873 3707 Pharisazi
1897 3668 2029 3708 vero
2056 3668 2163 3709 non

587 3743 871 3812 incipiunt,
927 3745 1022 3799 sed
1072 3743 1246 3798 multo
1296 3753 1426 3797 ante
1474 3742 1578 3798 hoc
1624 3745 1892 3815 cogitant.
1933 3741 2167 3815 Utrique

574 3836 772 3890 tamen
798 3835 1089 3906 praedictos
1112 3835 1321 3904 lapides
1350 3844 1603 3890 ostensos
1627 3835 1877 3901 audiunt,
1907 3837 2067 3906 quasi
2098 3851 2167 3892 ex

578 3924 675 3979 his
705 3927 959 3981 suscitari
984 3936 1213 3997 possent
1241 3925 1398 3980 liberi
1433 3925 1668 3981 Abrahae
1701 3926 1805 3997 ipsi
1832 3929 1902 3994 κ,
1930 3929 2165 3984 suscita-

582 4029 742 4073 τοι-οε
772 4020 841 4074 ab
873 4019 1292 4074 insensibilitate
1332 4030 1387 4075 et
1432 4020 1877 4075 mortiﬁcatione.
1924 4020 2166 4076 Observa

587 4116 769 4164 autem
819 4109 1107 4166 Pharismis
1134 4111 1306 4182 (juxta
1351 4112 1403 4165 id
1435 4113 1581 4180 quod
1632 4112 1840 4167 dictum
1878 4111 1978 4166 fuit
2025 4113 2191 4183 apud‘

587 4204 908 4270 prophetam
935 4204 983 4236 ”
1018 4221 1032 4257 :
1075 4223 1093 4254 ι
1134 4204 1463 4260 Comedistis
1494 4205 1729 4259 fructum
1762 4207 2079 4260 mendacem
2104 4205 2166 4276 ι)

589 4295 914 4352 habentibus
938 4296 1172 4350 fructum
1203 4299 1518 4353 mendacem
1551 4297 1656 4351 diei
1685 4318 1696 4353 :
1724 4315 1745 4348 r
1777 4297 1972 4353 Omnis
2002 4296 2170 4367 igitur

588 4390 754 4443 arbor
777 4404 884 4443 non
917 4388 1125 4443 faciens
1151 4388 1388 4443 fructum
1418 4392 1619 4444 bonum
1644 4389 1988 4444 exscimlitur
2013 4386 2166 4460 [(29)

2253 2555 2352 2625 τῆς
2381 2553 2690 2624 μετανοίας.
2714 2574 2733 2603 ι
2758 2552 2911 2622 Τάχα
2934 2554 3044 2624 γάρ
3071 2553 3121 2606 οί
3142 2552 3240 2623 μὲν
3267 2552 3554 2623 Φαρισαῖοι
3588 2548 3686 2601 τὸν
3710 2545 3860 2612 ἐξαί-

2258 2662 2411 2717 ρετον
2444 2642 2802 2698 ἀπαιτοῦνται
2833 2643 3044 2716 καρπὸν
3076 2642 3366 2709 μετανοίας
3395 2642 3496 2695 οὐκ
3521 2640 3691 2695 ἀλλον
3724 2639 3857 2692 ὄντα

2253 2735 2350 2791 τοῦ
2388 2736 2540 2801 Υίοῦ,
2578 2737 2672 2791 καὶ
2718 2736 2818 2805 τῆς
2849 2737 2931 2799 είς
2974 2736 3138 2790 αὐτὸν
3181 2736 3450 2798 πίστεως·
3489 2734 3541 2786 οί
3579 2733 3638 2785 δὲ
3680 2731 3855 2802 ὄχλοι,

2255 2827 2378 2881 οὐδὲ
2418 2827 2593 2899 ἀρχὴν
2645 2826 2862 2897 ἔχοντες
2909 2825 3156 2895 ἀγαθῶν,
3207 2825 3421 2887 πάντας
3474 2822 3847 2876 ἀπαιτοῦνται

2252 2917 2381 2981 τοὺς
2404 2919 2653 2989 καρποὺς
2684 2916 2783 2988 τῆς
2821 2916 3129 2979 μετανοίας·
3170 2915 3359 2984 διόπερ
3388 2914 3529 2986 πρὸς
3556 2913 3761 2975 αὐτοὺς
3787 2912 3849 2966 τὸ

2256 3008 2615 3081 πληθυντικὸν
2667 3007 2922 3080 εἰρῆσθαι
3144 3006 3377 3076 Λέγεται
3441 3005 3583 3075 πρὸς
3641 3004 3854 3066 τούτοις

2258 3107 2371 3168 τοῖς
2424 3102 2759 3175 Φαρισαίοις·
2819 3121 2838 3153 ί
2883 3102 2975 3172 Μὴ
3021 3100 3214 3173 δόξητε
3266 3100 3445 3169 λέγειν
3488 3100 3551 3152 έν
3597 3100 3851 3161 ἑαυτοῖς·

2263 3198 2483 3269 Πατέρα
2504 3196 2700 3267 ἔχομεν
2726 3194 2820 3248 τὸν
2868 3194 3141 3265 Ἀϐραάμ.
3171 3212 3190 3246 ι
3219 3194 3283 3247 Oi
3306 3192 3408 3263 μὲν
3433 3190 3546 3262 γὰρ
3570 3189 3728 3261 ὄχλοι
3755 3188 3853 3243 νῦν

2261 3290 2437 3362 ἀρχὴν
2485 3288 2689 3359 έχουσι,
2731 3285 3017 3350 δοκοῦντες
3062 3285 3381 3355 εἰσάγεσθαι
3429 3286 3508 3346 είς
3562 3285 3657 3335 τὸν
3710 3284 3854 3335 θεῖον

2263 3382 2418 3451 λόγον
2456 3380 2550 3434 τοῦ
2595 3380 2880 3451 προσιέναι
2925 3382 2993 3451 τῇ
3037 3378 3288 3449 ἀληθεία.
3342 3376 3543 3444 Διόπερ
3590 3373 3852 3446 ἄρχονται

2262 3475 2443 3545 λέγειν
2470 3476 2529 3529 ὲν
2560 3476 2794 3539 ἑαυτοῖς,
2814 3493 2837 3525 ι
2862 3472 3081 3543 Πατέρα
3101 3471 3297 3542 ἔχομεν
3330 3470 3420 3523 τὸν
3450 3468 3729 3539 Ἀϐραάμ·
3757 3484 3776 3518 ι
3803 3467 3853 3520 οἱ

2262 3565 2321 3619 δὲ
2354 3566 2635 3636 Φαρισαῖοι
2673 3565 2776 3617 οὐκ
2807 3564 3085 3634 ἄρχονται,
3127 3560 3262 3615 ἀλλά
3304 3559 3413 3631 πρὸ
3447 3556 3651 3610 πολλοῦ
3694 3556 3856 3609 τοῦτο

2262 3655 2565 3723 δοξάζουσι.
2594 3653 2741 3726 Πλὴν
2774 3655 3027 3725 ἑκάτεροι
3059 3653 3186 3715 τοὺς
3206 3650 3642 3722 προειρημένους
3670 3647 3855 3711 λίθους

2260 3748 2642 3820 δεικνυμένους
2665 3747 2976 3811 ἀκούουσιν,
3004 3747 3081 3810 ὠς
3112 3749 3177 3799 ὲκ
3208 3744 3411 3798 τούτων
3441 3742 3556 3813 (28)
3589 3741 3852 3797 δύνασθαι

2266 3841 2559 3913 ἐγερθῆναι
2600 3841 2767 3894 τέκνα
2796 3838 2877 3910 τῷ
2915 3838 3189 3909 Ἀϐραὰμ,
3223 3836 3330 3890 ἀπὸ
3352 3835 3455 3904 τῆς
3490 3834 3853 3903 ἀναισθησίας

2265 3933 2361 3987 καὶ
2390 3932 2715 4003 νεκρότητος
2755 3929 3253 4002 ἀναστησομένους.
3298 3928 3620 3999 Παρατήρει
3652 3927 3732 3989 δὲ,
3766 3928 3854 3982 ὄτι

2266 4027 2378 4088 τοῖς
2416 4024 2512 4094 μὲν
2543 4021 2859 4093 Φαρισαίοις
2890 4019 3056 4090 (κατά
3085 4020 3148 4072 τὸ
3192 4017 3483 4091 εἰρημένον
3528 4018 3587 4069 ἐν
3621 4016 3702 4088 τῷ
3730 4033 3856 4086 προ-

2269 4117 2445 4185 φήτῃ·
2488 4133 2506 4165 ι
2554 4114 2818 4181 Ἐφόιγετε
2848 4111 3063 4182 καρπὸν
3091 4109 3350 4180 ψευδῆ-ι)
3381 4108 3567 4178 ἔχουσι
3598 4110 3702 4178 μὲν
3728 4126 3858 4180 καρ-

2271 4208 2369 4260 πὸν
2394 4205 2565 4276 ψευδῆ
2594 4206 2832 4273 λέγεται·
2869 4224 2888 4255 ι
2915 4204 3031 4257 Πᾶν
3053 4199 3148 4256 οὖν
3176 4202 3390 4272 δένδρον
3412 4201 3490 4272 μὴ
3510 4199 3705 4255 ποιοῦν
3728 4217 3858 4271 καρ-

2269 4300 2368 4353 πὸν
2389 4298 2550 4351 καλὸν
2566 4299 2914 4357 ἐκκόπτεται,
2931 4297 3026 4348 καὶ
3047 4296 3127 4357 εἰς
3147 4293 3258 4363 πῦρ
3276 4291 3546 4363 βάλλεται·
3563 4294 3704 4355 »τοῖς
3719 4291 3856 4354 ὅλως

2267 4392 2325 4446 δὲ
2365 4391 2543 4462 ὄχλοις
2575 4390 2697 4445 οὐδὲ
2748 4386 3159 4461 καρποφοροῦσι
3194 4385 3282 4448 τὸ,
3322 4404 3339 4436 ι
3378 4384 3495 4437 Πᾶν
3517 4379 3613 4436 οὖν
3640 4383 3856 4454 δένδρον

586 4489 643 4536 et
693 4481 748 4535 in
790 4480 974 4552 ignem
1022 4482 1301 4535 mittitur:
1340 4500 1359 4534 ι
1399 4481 1578 4536 turbis
1625 4490 1807 4535 autem
1848 4495 1970 4550 quae
2019 4480 2165 4534 nullo

2272 4484 2349 4556 μὴ
2369 4482 2554 4537 ποιοῦν
2582 4481 2793 4555 καρπὸν
2823 4480 3173 4534 ἐκκόπτεται.
3202 4498 3222 4529 ο
3253 4478 3326 4531 Τὸ
3349 4477 3449 4548 μὲν
3473 4476 3586 4547 γάρ
3622 4476 3698 4546 μὴ
3731 4475 3857 4545 ἔχον

590 4574 751 4632 modo
800 4572 1041 4630 fructum
1094 4575 1282 4631 ferunt
1317 4594 1330 4630 :
1373 4592 1392 4625 ι
1436 4572 1628 4629 Omnis
1669 4588 1801 4644 ergo
1844 4574 2008 4627 arbor
2061 4588 2166 4627 non

591 4670 798 4726 faciens
843 4669 1103 4733 fructum,
1158 4668 1442 4723 excidetur
1489 4669 1556 4721 “.
1606 4665 1677 4739 ι’]
1709 4665 1766 4719 Id
1805 4666 1973 4731 enim,
2021 4665 2168 4734 quod

576 4765 830 4819 fructum
864 4779 969 4817 non
1001 4764 1186 4827 habet,
1218 4778 1289 4818 ne
1318 4762 1521 4816 bonum
1548 4760 1765 4830 quidem
1800 4757 2036 4812 fructum
2071 4757 2171 4811 ha-

589 4857 721 4922 bet;
751 4856 1105 4925 quamobrem
1132 4856 1353 4926 dignum
1385 4864 1471 4910 est
1498 4863 1558 4908 ut
1600 4850 1955 4907 esscindatur
1982 4867 1997 4903 :
2023 4850 2168 4918 quod

588 4955 771 5000 autem
810 4946 1045 5000 fructum
1072 4948 1264 5011 habet,
1303 4947 1358 5001 id
1409 4962 1517 5001 non
1553 4943 1778 4999 omnino
1808 4942 2044 4995 fructum
2068 4941 2172 4995 bo-

592 5055 722 5092 num
755 5039 962 5104 habet;
997 5054 1172 5109 quare
1212 5039 1333 5109 iure
1369 5050 1428 5095 et
1459 5040 1640 5111 ipsum
1689 5052 1719 5092 a
1762 5035 1940 5091 securi
1970 5034 2169 5104 dejici-

594 5142 703 5184 tur.
756 5129 1027 5184 Cancrum
1087 5132 1136 5185 si
1187 5132 1503 5186 accuratius
1548 5127 1991 5196 exquisierimus,
2046 5125 2167 5179 ﬁeri

658 5224 706 5258 "
746 5225 938 5279 Matth.
975 5243 1056 5288 Ill,
1099 5228 1150 5280 7.
1227 5227 1273 5260 ⁸⁷
1300 5226 1433 5283 Luc.
1464 5242 1548 5291 ru,
1573 5226 1627 5278 7.
1708 5224 1754 5256 ⁸⁸
1792 5221 1981 5277 Matth.
2016 5235 2101 5287 ιιι,
2127 5220 2187 5276 7.

590 5294 638 5328 ⁸³
664 5293 789 5351 Ose.
832 5312 889 5358 ιι,
935 5297 1046 5365 15;
1087 5297 1275 5352 Matth.
1326 5298 1522 5364 ttt,l0.
1600 5294 1647 5327 ⁸⁸
1685 5294 1818 5348 Luc.
1863 5308 1946 5359 ιιι,
1982 5292 2036 5346 9.

665 5389 778 5457 (25)
805 5388 1047 5456 Εἴρηται
1065 5388 1302 5456 ἑνικῶς,
1334 5388 1568 5459 καρπὸν
1625 5386 1797 5452 ἄξιον
1829 5383 1939 5459 τῆς
1992 5401 2170 5454 μετα-

591 5460 780 5524 νοίας.
812 5459 867 5513 ld
898 5460 1266 5527 praeferebant
1294 5458 1511 5515 codices
1561 5473 1751 5512 omnes
1790 5458 1985 5527 quibus
2042 5469 2172 5509 usus

592 5543 678 5598 est
718 5528 855 5582 Rob.
898 5526 1247 5598 Stephanus,
1294 5542 1351 5585 et
1392 5528 1644 5597 Vulgata,
1705 5536 1761 5579 et
1813 5526 2067 5587 Arabica,
2116 5534 2174 5578 ct

595 5597 928 5667 Etltinpica,
954 5611 1008 5653 et
1036 5601 1271 5655 Persica.
1309 5602 1379 5654 At
1421 5601 1644 5669 Syriaca
1679 5612 1960 5669 numerum
1985 5599 2172 5664 plura-

595 5675 702 5724 lem
737 5681 941 5722 set-Vat.
979 5672 1131 5735 Quod
1165 5672 1237 5723 ait
1259 5683 1440 5725 autem
1462 5666 1757 5722 Ferrarius
1785 5666 2003 5732 Origcni
2036 5683 2172 5718 con-

599 5740 805 5793 sentire
832 5741 1277 5810 Cill‘ySOblOllllllll
1307 5751 1361 5795 et
1407 5739 1896 5810 'l‘hcolihylactum,
1934 5738 1984 5792 id
2043 5752 2169 5795 nua-

600 5825 760 5879 quam
790 5825 1022 5880 reperto.
1060 5809 1322 5867 Κυλίω.

2274 4576 2484 4647 καρπὸν
2524 4574 2647 4628 οὐδὲ
2685 4573 2851 4627 καλὸν
2888 4572 3001 4642 ἔχει
3068 4569 3279 4641 καρπόν
3302 4586 3316 4599 ·
3368 4568 3560 4639 διόπερ
3608 4567 3856 4637 ὲκκοπῆς

2270 4672 2417 4723 ἐστιν
2449 4668 2617 4735 ἀξιον·
2635 4669 2698 4721 τὸ
2727 4665 2788 4723 δὲ
2810 4667 2934 4738 ἕχον
2962 4666 3194 4735 καρπὸν,
3218 4665 3279 4718 οὐ
3310 4664 3527 4726 πάντως
3551 4662 3719 4716 καλὸν
3742 4663 3858 4733 ἔχει

2273 4759 2506 4831 καρπὸν,
2548 4758 2740 4830 διόπερ
2778 4760 2877 4811 καὶ
2913 4756 3079 4819 αὐτὸς
3122 4755 3358 4822 εὐλόγως
3393 4753 3498 4806 ὑπὸ
3525 4752 3627 4823 τῆς
3665 4752 3859 4824 ἀξίνης

2274 4851 2692 4906 καταϐάλλεται.
2759 4849 2885 4902 Ἐἀν
2927 4848 2985 4903 δὲ
3026 4846 3417 4919 ἀκριϐέστερον
3466 4846 3860 4916 ὲρευνήσωμεν

2276 4944 2346 4998 τὰ
2384 4945 2513 5015 περὶ
2553 4944 2679 5007 τοὺς
2708 4942 2975 5013 καρποὺς,
3009 4940 3333 5011 εὑρήσομεν,
3368 4937 3450 4990 ὅτι
3480 4937 3768 5007 ἀμήχανον
3797 4936 3861 4991 τὸ

2274 5037 2399 5107 ἄρτι
2448 5036 2542 5090 τοῦ
2583 5033 2949 5107 γεωργεῖσθαι
2986 5032 3311 5103 ἀρχόμενον,
3364 5028 3467 5083 κᾶν
3507 5031 3860 5100 καρποφορῇ,

2277 5131 2402 5194 τοὺς
2434 5129 2684 5202 πρώτους
2725 5129 2970 5198 ἐνεγκεῖν
2996 5125 3243 5198 καρποὺς
3284 5122 3501 5186 καλούς.
3546 5123 3764 5193 Ἅγαπᾷ
3800 5123 3861 5177 δὲ

2254 5224 2301 5257 ⁸⁸
2340 5229 2470 5283 ibid.
2498 5228 2557 5283 8.
2634 5226 2679 5259 ’°
2700 5224 2835 5281 Luc.
2863 5238 2945 5292 ιιι,
2969 5221 3023 5278 8.
3090 5221 3139 5255 ’ί
3164 5220 3355 5273 Matth.
3377 5229 3463 5283 ιιι,
3488 5218 3547 5273 9.
3641 5217 3689 5249 ⁹¹
3718 5216 3855 5271 ibid.

2368 5387 2461 5453 es)
2489 5379 3133 5457 Εἱρῆσθαιλίιθεεῐπάυω
3158 5376 3397 5456 εἴρηταμ
3614 5438 3657 5457 ..
3725 5444 3735 5456 .
3818 5443 3832 5457 .

2371 5438 2641 5529 ξῆδῇξέξ,
2688 5438 2716 5509 a
2780 5438 3031 5529 Ferrario
3092 5438 3479 5517 praetermissa,
3530 5458 3563 5499 e
3613 5438 3857 5499 Perionii

2286 5522 3141 5594 interpretationesupplevitntts.
3224 5589 3236 5594 _
3414 5586 3447 5594 η
3568 5583 3602 5594 ἢ

2354 5583 2467 5668 (Ξὲ)
2507 5599 2598 5663 Ὡς
2643 5583 2987 5668 sacrarii-war.
3038 5590 3164 5668 Haec
3218 5589 3277 5668 in
3329 5586 3517 5667 codice
3567 5583 3855 5639 Bodleiano

2286 5656 2677 5735 lcﬁunturised
2711 5667 2912 5719 desunt
2932 5664 2984 5715 in
3014 5660 3201 5715 codice
3219 5656 3406 5735 Regio.

2357 5739 2469 5811 (29)
2500 5726 2757 5809 Sitppleta
2788 5737 2900 5791 haec
2921 5746 3137 5803 quoque
3171 5746 3235 5783 ex
3266 5726 3537 5782 l'erionio.
