4194 6394
472 302 580 360 2w

1535 304 1895 362 COMMENT.
1932 303 1999 359 IN
2040 301 2231 360 JOAN.
2259 300 2513 365 ⁷ΤοΜυὸ
2556 298 2644 356 ιιι.

3634 299 3741 355 250

470 422 503 475 δ
531 420 773 491 γεωργὸς
821 420 1042 492 πρῶτον
1088 421 1148 474 τὸ
1196 421 1445 489 ἐνεγκεῖν
1491 420 1640 491 αὐτῷ
1663 420 1791 483 τοὺς
1839 418 2051 473 ἐπιϐάλ-

2167 431 2274 472 non
2306 430 2467 486 posse
2493 414 2818 478 videbimus,
2862 419 2922 465 ut
2967 411 3023 465 id
3063 410 3208 480 quod
3248 422 3423 480 nuper
3459 410 3633 467 excoli
3669 415 3742 469 sit

473 520 661 576 λοντας
688 514 937 584 καρποὺς
959 514 1021 566 τὸ
1044 513 1343 586 ἀρχόμενον
1370 512 1644 583 γεωργίας
1670 511 1802 581 (50)·
1830 509 2054 580 ὕστερον

473 604 581 676 ὁδιῖι
604 604 691 657 διὰ
724 603 838 657 τῶν
871 605 1190 675 πρεπόντων
1232 606 1510 674 γεωργικῇ
1563 604 1876 674 καθαρσίων
1918 600 2055 672 μετά

472 695 599 758 τοὺς
638 694 858 758 ὁποίους
895 694 1096 765 δήποτε
1141 696 1387 765 καρποὺς
1433 694 1736 765 ληψόμενος
1784 693 1880 746 καὶ
1922 708 2056 762 καρ-

476 785 610 847 ποὺς
635 784 854 848 καλούς.
884 784 996 837 Καὶ
1030 786 1059 837 6
1089 784 1253 854 νόμος
1277 785 1333 837 δέ
1358 784 1530 856 ταύτῃ
1564 788 1631 856 τῇ
1667 783 1859 854 ἐκδοχῇ
1895 781 2052 854 ἡμῶν

474 878 747 949 μαρτυρεῖ
783 875 957 943 λέγων
1000 875 1109 927 δεῖν
1138 875 1227 928 τὸν
1269 878 1610 946 φυτεύσαντα
1651 875 1762 944 (51)
1804 875 1929 945 τρία
1960 873 2051 944 ἔτη

473 969 648 1020 ποιεῖν
677 965 1120 1040 ἀπερικάθαρτον
1163 967 1337 1021 ἐῶντα
1375 968 1437 1021 τὸ
1482 967 1908 1038 πεφυτευμένον,
1955 967 2055 1019 οὐκ

476 1057 805 1129 ἐσθιομένων
829 1058 993 1112 αὐτοῦ
1024 1058 1132 1112 τῶν
1159 1060 1411 1131 καρπῶν·
1453 1079 1471 1111 ι
1498 1061 1637 1131 Τρία
1660 1079 1677 1111 ι
1713 1059 1840 1129 γὰρ,
1867 1058 2051 1128 φησὶν,

480 1169 501 1202 ι
536 1150 630 1223 ἔτη
660 1153 793 1223 ὑμῖν
819 1155 847 1206 6
876 1153 1091 1225 καρπὸς
1119 1154 1581 1225 ἀπερικάθαρτος,
1607 1155 1668 1205 ού
1694 1153 2049 1224 βρωθήσεται·

476 1243 553 1314 τῷ
585 1243 642 1296 δὲ
686 1243 930 1317 τετάρτῳ
979 1243 1089 1297 έτει
1122 1245 1277 1299 ἔσται
1313 1248 1420 1309 πᾶς
1452 1248 1481 1299 ό
1526 1245 1735 1316 καρπὸς
1768 1244 1941 1312 ἆγιιος,
1968 1245 2053 1296 ai-

475 1337 625 1400 νετὸς
646 1335 724 1407 τῷ
749 1338 957 1408 Κυρίῳ.
992 1358 1010 1388 ι
1044 1336 1298 1407 Εύλόγως
1333 1337 1512 1390 τοίνυν
1547 1337 1683 1409 πρὸς
1716 1338 1839 1399 τοὺς
1865 1334 2053 1405 ὄχλους

475 1431 642 1501 χωρὶς
671 1432 772 1501 τῆς
801 1429 895 1483 τοῦ
922 1430 1090 1484 καλοῦ
1137 1429 1457 1501 προσθήκης
1488 1429 1727 1497 λέγεται·
1767 1448 1784 1479 ι
1819 1429 1935 1481 Πάν
1961 1424 2054 1480 οὖν

473 1521 690 1594 δένδρον
727 1524 807 1594 μὴ
836 1521 1023 1591 ποιοῦν
1056 1522 1271 1593 καρπὸν
1316 1522 1667 1585 ἐκκόπτεται,
1714 1522 1808 1574 καὶ
1840 1521 1921 1583 είς
1945 1518 2054 1591 πῦρ

477 1610 746 1681 βάλλεται·
770 1633 794 1665 ι
823 1614 934 1667 Καὶ
961 1612 1022 1665 τὸ
1049 1613 1143 1665 ἐπὶ
1171 1611 1350 1665 πλεῖον
1370 1611 1426 1665 δὲ
1453 1612 1616 1682 φέρον
1639 1612 1850 1682 καρπὸν
1870 1612 2055 1681 ὅμοιον

472 1705 540 1774 τῇ
569 1704 735 1775 ἀρχῇ,
759 1704 975 1776 δένδρον
1013 1705 1276 1776 τυγχάνον
1308 1705 1383 1777 μὴ
1415 1704 1601 1758 ποιοῦν
1628 1704 1837 1776 καρπὸν
1868 1703 2050 1769 καλὸν,

472 1794 819 1860 ἐκκόπτεται,
866 1796 959 1850 καὶ
1000 1797 1079 1859 εἰς
1107 1797 1218 1868 πῦρ
1259 1796 1543 1866 βάλλεται·
1579 1795 1740 1859 ἐπὰν,
1782 1794 2049 1864 ἐνστάσης
2082 1786 2121 1840 Β

470 1888 569 1958 τῆς
604 1888 744 1956 μετά
771 1888 871 1959 τὴν
894 1889 1085 1959 τριάδα
1112 1890 1443 1959 εἰσαγωγῆς,
1476 1891 1533 1943 ἐν
1559 1891 1624 1960 τῇ
1653 1888 1867 1959 τετράδι
1896 1888 2051 1955 γενό-

474 1996 633 2049 μενος
677 1981 753 2052 μὴ
803 1984 929 2052 ποιῇ
972 1983 1185 2053 καρπὸν
1233 1983 1409 2051 ἆγιον,
1456 1983 1669 2036 αἰνετὸν
1708 1983 1789 2052 τῷ
1836 1981 2048 2053 Κυρίῳ.

471 2068 658 2124 Ταῦτα
680 2070 742 2123 δὲ
768 2073 965 2138 πάντα,
990 2074 1038 2126 εί
1061 2074 1155 2127 καὶ
1190 2073 1331 2144 μετά
1359 2073 1752 2145 παρεκϐάσεως
1777 2072 1888 2143 (5‘2)
1918 2075 2050 2144 ἡμῖν

467 2162 717 2234 εἰρῆσθαι
765 2163 914 2217 δοκεῖ
942 2164 1393 2237 παρατιθεμένοις
1432 2166 1527 2220 κα)⁸
1560 2165 1629 2218 τά
1667 2165 1776 2218 ἀπὸ
1808 2164 1914 2220 τῶν
1943 2165 2052 2218 λοι-

466 2251 585 2305 πῶν
624 2254 991 2325 Εύαγγελίων,
1018 2259 1119 2310 οὐκ
1148 2258 1350 2329 ἄκαιρα
1384 2257 1442 2310 δὲ
1472 2257 1596 2328 ἐμοὶ
1630 2258 1898 2326 φαίνεται,
1929 2257 2051 2311 οὐδὲ

465 2344 723 2417 ἀλλότρια
758 2347 859 2418 τῆς
903 2351 1261 2421 ἐνεστηκυίας
1309 2349 1574 2419 σκέψεως.
1611 2351 1897 2421 Φαρισαῖοι
1930 2349 2041 2421 γάρ

466 2435 858 2493 ἀποστέλλουσι
915 2439 1052 2508 πρὸς
1110 2440 1201 2493 τὸν
1264 2440 1515 2512 Ἰωάννην
1570 2441 1709 2510 μετά
1761 2441 1888 2503 τοὺς
1942 2440 2051 2494 ἀπὸ

477 2526 865 2600 Ἰεροσολύμων
905 2532 1071 2601 ἱερεῖς
1114 2532 1208 2586 καὶ
1253 2532 1493 2599 λευῖτας,
1533 2531 1882 2602 πεμφθέντας
1913 2533 2050 2602 ἐρω-

466 2617 630 2688 τῆσαι
655 2621 819 2676 αὑτὸν
844 2622 993 2686 ὅστις
1025 2623 1135 2695 εἴη,
1171 2622 1539 2690 ἐξετάζοντες·
1584 2644 1604 2675 ι
1634 2625 1698 2677 Τί
1728 2620 1819 2679 οὖν
1850 2623 2048 2694 βαπτί-

466 2708 600 2773 ζεις,
625 2713 673 2764 εί
706 2712 768 2766 σὺ
795 2715 896 2768 οὐκ
919 2710 972 2768 εἴ
991 2717 1021 2768 ό
1049 2715 1305 2785 Χριστὸς,
1329 2716 1453 2769 οὐδὲ
1488 2715 1691 2783 Ἠλίας,
1725 2716 1846 2769 οὐδὲ
1869 2717 1898 2768 6
1924 2731 2051 2787 προ-

465 2803 683 2875 φήτηςς
721 2824 744 2857 ι
795 2807 892 2860 καὶ
928 2807 1280 2871 ἐξετάσαντες
1330 2807 1566 2864 ἐνταῦθα
1594 2809 1720 2880 ἐξῆς
1753 2808 2051 2879 παραγινό-

464 2908 619 2964 μενοι
680 2894 1085 2968 βαπτισόμενοι,
1150 2898 1227 2965 ὡς
1293 2902 1327 2955 6
1384 2899 1665 2964 Ματθαῖος
1720 2900 2046 2970 ἀναγράφει,

461 2987 719 3041 ἀκούουσι
748 2988 805 3042 δὲ
846 2991 916 3044 τὰ
952 2989 1262 3063 ἁρμόζοντα
1296 2991 1483 3047 αὐτῶν
1523 2994 1590 3063 τῇ
1631 2991 1924 3065 ἀλαζονεία
1955 2994 2049 3048 καὶ

460 3080 768 3151 ὑποκρίσει.
823 3082 976 3136 Ἐπεὶ
1012 3083 1068 3136 δέ
1104 3084 1268 3155 ὅμοια
1297 3081 1365 3156 ἧν
1409 3085 1479 3139 τὰ
1517 3085 1731 3149 τούτοις
1780 3086 2047 3157 εἰρημένα

2163 516 2424 576 emptum,
2455 504 2672 559 etiamsi
2716 501 3031 569 fructiﬁcet,
3063 501 3270 572 primos
3301 501 3496 556 aderat
3530 502 3740 560 fructus

2160 598 2353 652 bonos.
2370 598 2779 667 Contentusque
2795 595 3127 664 estagricola
3148 595 3376 664 primam
3397 595 3609 649 arboris
3630 596 3742 650 cul-

2163 709 2339 752 turam
2364 694 2749 749 convenientes
2780 691 2990 746 fructus
3014 690 3279 759 proferre,
3316 698 3426 742 tum
3460 703 3590 744 vero
3610 706 3740 759 pro-

2160 788 2389 842 cedente
2440 796 2718 854 tempore,
2776 792 2898 853 post
2958 780 3118 853 129
3167 782 3266 837 hos
3320 780 3736 851 qualescunque

2160 881 2391 942 fructus,
2419 888 2738 948 smnpturus
2772 877 2937 930 etiam
2980 874 3197 930 fructus
3237 876 3428 941 bonos,
3475 876 3744 930 adhibitis

2161 972 2572 1043 purgationibus
2602 968 2949 1039 agriculturae
2978 966 3454 1022 convenientibus.
3476 966 3619 1033 Quin
3652 966 3743 1020 lex

2160 1066 2322 1119 etiam
2362 1063 2489 1117 huic
2524 1072 2724 1117 nostrae
2773 1059 3150 1128 intelligentiae
3188 1066 3480 1113 attestatur
3506 1060 3700 1116 dicens
3724 1096 3741 1122 ,

2159 1167 2416 1224 Oportere
2442 1171 2567 1209 eum
2606 1153 2699 1223 qui
2733 1152 3061 1222 plantaverit
3092 1153 3458 1221 impurgatum
3497 1152 3737 1207 triennio

2161 1248 2345 1302 sinere
2380 1246 2528 1316 quod
2557 1246 2913 1316 plantavcrit,
2960 1258 3068 1299 non
3113 1244 3345 1298 comesis
3375 1245 3451 1298 rei
3480 1244 3738 1314 plantam

2160 1342 2467 1395 fructibus:
2519 1359 2537 1392 ι
2584 1340 2945 1403 Τιθειριιίιιι,
3003 1337 3182 1406 inquit
3230 1336 3533 1404 ",catrrtos
3583 1338 3736 1392 vobis

2160 1434 2368 1488 fructus
2401 1434 2744 1503 impurgatus
2778 1447 2884 1486 non
2918 1430 3237 1486 comedetur
3271 1446 3288 1495 ;
3323 1437 3520 1499 quarto
3553 1439 3733 1483 autem

2160 1539 2305 1578 anno
2348 1524 2457 1578 erit
2507 1523 2688 1578 omnis
2733 1521 2948 1577 fructus
3009 1530 3251 1584 sanctus,
3299 1520 3585 1575 laudabilis
3631 1521 3737 1573 Do-

2161 1616 2330 1670 mino.
2367 1633 2386 1668 ι
2423 1611 2557 1667 Jure
2592 1629 2726 1681 ergo
2756 1614 2821 1666 ad
2850 1612 3041 1668 turbas
3063 1612 3272 1682 absque
3302 1611 3582 1666 additione
3608 1612 3734 1665 boui

2160 1704 2401 1759 dicitur:
2439 1721 2460 1753 ι
2495 1701 2689 1758 Omnis
2738 1702 2905 1771 igitur
2949 1701 3114 1755 arbor
3158 1717 3280 1769 qua:
3308 1715 3414 1755 non
3457 1699 3585 1755 facit
3616 1700 3733 1754 frtr-

2151 1808 2316 1857 ctum,
2376 1794 2719 1850 exscinditur
2765 1801 2818 1847 et
2864 1794 2917 1845 in
2962 1792 3142 1861 ignem
3177 1791 3467 1861 conjicitur
3496 1792 3585 1859 ⁹⁸;
3616 1810 3637 1846 ι
3671 1805 3723 1847 et

2152 1906 2274 1959 qua:
2305 1889 2507 1944 diutius
2548 1888 2790 1942 fructum
2830 1885 2939 1940 fert
2964 1868 3251 1955 principio
3296 1885 3554 1949 similem,
3605 1900 3729 1939 cum

2151 1984 2222 2037 sit
2259 1982 2423 2036 arbor
2443 1996 2565 2051 qua:
2594 1995 2702 2035 non
2728 1979 2862 2034 facit
2884 1978 3123 2032 fructum
3156 1978 3387 2046 bonum,
3415 1977 3730 2033 excinditur

2150 2072 2286 2130 etin
2313 2071 2493 2142 ignem
2529 2070 2791 2135 mittitur,
2839 2067 3302 2138 quandoquidem,
3358 2077 3480 2137 post
3507 2067 3729 2123 triennii

2151 2164 2450 2229 culturam,
2503 2163 2557 2217 in
2610 2178 2754 2218 anno
2792 2172 2991 2231 quarto
3019 2176 3127 2215 non
3176 2160 3306 2216 facit
3338 2160 3574 2216 fructum
3601 2176 3728 2216 san-

2152 2268 2323 2320 ctnm,
2375 2254 2701 2310 laudabilem
2762 2253 3018 2308 Domino.
3082 2252 3209 2307 Hrcc
3264 2262 3447 2307 autem
3516 2252 3725 2319 omnia,

2151 2347 2401 2419 quamvis
2438 2363 2535 2416 per
2568 2345 2962 2416 digressionem
2990 2343 3281 2398 videantur
3310 2362 3339 2397 a
3374 2343 3531 2398 nobis
3563 2344 3728 2406 dicta,

2150 2440 2596 2508 comparantibus
2622 2439 2788 2493 etiam
2822 2452 2943 2506 qua:
2968 2447 3166 2490 extera
3194 2435 3488 2505 Evangelia
3522 2436 3729 2503 dicant,

2152 2546 2259 2585 non
2289 2532 2603 2599 importune
2630 2541 2811 2583 tamen
2846 2526 3043 2591 ascita,
3076 2542 3254 2594 neque
3298 2527 3476 2580 aliena
3515 2542 3544 2579 a
3592 2542 3717 2597 pra:-

2149 2624 2288 2679 senti
2343 2622 2786 2677 consideratione
2828 2620 3037 2690 judicio
3091 2630 3218 2674 sunt
3268 2634 3412 2677 meo.
3465 2619 3731 2676 Pharisai

2149 2718 2294 2773 enim
2331 2717 2557 2771 mittunt
2586 2716 2652 2770 ad
2676 2712 2943 2771 Joannem
2981 2725 3107 2782 p0st
3137 2716 3454 2769 sacerdotes
3480 2724 3535 2769 et
3593 2712 3731 2768 levi-

2151 2819 2235 2865 tas
2292 2810 2363 2864 ab
2421 2806 2813 2877 Hierosolymis
2864 2806 3083 2872 missos,
3139 2806 3206 2860 ad
3264 2806 3721 2875 interrogandum

2148 2901 2326 2969 ipsum
2358 2900 2608 2969 quisnam
2645 2906 2813 2961 esset,
2859 2895 3265 2966 interrogantes
3311 2913 3326 2950 :
3363 2913 3385 2948 ι
3430 2895 3569 2962 Quid
3600 2909 3733 2964 ergo

2148 2991 2415 3061 baptizas.
2458 2990 2503 3044 si
2555 2999 2612 3042 tu
2644 3002 2749 3043 non
2791 3001 2853 3043 es
2886 2987 2976 3041 ille
3014 2986 3284 3050 Christus,
3326 3001 3509 3057 neque
3554 2986 3731 3051 Elias,

2150 3098 2326 3153 neque
2379 3081 2470 3135 ille
2519 3079 2783 3150 propheta
2827 3077 2871 3110 ³⁷
2911 3078 2936 3131 ‘2
2974 3096 2995 3130 ι
3026 3092 3264 3148 cumque
3303 3078 3735 3149 interrogassent

462 3175 574 3237 τοῖς
621 3172 933 3244 λεγομένοις
980 3144 1280 3246 πρὸς-τοὺς
1320 3144 1535 3249 δχλους,
1586 3179 1757 3251 ἐχρῆν

2154 3144 2256 3231 hoc
2308 3174 2360 3228 iu
2402 3144 2549 3240 loco,
2602 3144 2868 3238 deinceps
2919 3169 3148 3239 profecti
3172 3144 3253 3225 “ut
3294 3144 3731 3241 baptizarentur,

467 3264 644 3334 ρητῶν
680 3265 967 3338 σύγκρισιν
995 3269 1090 3322 καὶ
1121 3256 1424 3341 σαφήνειαν
1454 3270 1820 3342 ποιήσασθαι·
1853 3265 1933 3326 ὧν
1963 3289 2050 3340 γι-

2151 3278 2211 3322 ut
2238 3266 2430 3321 scribit
2458 3263 2752 3318 Mattbaus
2781 3262 2852 3328 ⁸⁸,
2892 3262 3121 3317 audiunt
3149 3263 3529 3318 convenientia
3568 3261 3734 3318 fastui

463 3354 703 3424 νομένων
752 3355 973 3411 πλείονα
1013 3359 1296 3441 ἀπῄτησεν
1329 3360 1440 3431 (35)
1492 3363 1640 3432 ἡμᾶς
1681 3364 1715 3433 ὴ
1756 3361 2049 3416 ἀκολουθία

2150 3370 2204 3415 et
2229 3356 2569 3414 simulationi
2596 3370 2729 3411 suat.
2763 3352 2938 3408 Porro
2960 3354 3219 3423 quoniam
3251 3352 3338 3408 bis
3362 3353 3553 3409 eadem
3590 3353 3730 3419 fere,

464 3444 759 3518 θεωρῆσαι.
792 3450 913 3503 Ἔτι
940 3450 998 3505 δὲ
1026 3453 1121 3504 καὶ
1143 3452 1318 3507 ταῦτα
1341 3456 1456 3517 τοῖς
1483 3454 1798 3525 εἰρημένοις
1820 3455 2050 3518 δεόντως

465 3538 847 3611 προσθήσομεν
870 3542 990 3613 (54)
1016 3543 1111 3597 δύο
1136 3545 1397 3616 τάγματα
1431 3547 1759 3617 πεμπόντων
1795 3547 1950 3619 παρά
1967 3545 2050 3618 τῷ

2146 3466 2276 3520 quas
2310 3449 2488 3505 turbis
2522 3447 2665 3502 dicta
2718 3443 2961 3509 fuerant,
3006 3442 3359 3514 postulabant
3404 3443 3521 3497 hac
3559 3441 3729 3497 colla-

2146 3543 2353 3598 tionem
2380 3551 2545 3610 atque
2575 3539 3046 3609 explanationem,
3078 3550 3200 3604 quae
3222 3536 3351 3589 dum
3385 3533 3541 3601 fiunt,
3577 3534 3731 3605 plura

477 3628 697 3702 Ἰωάννῃ
748 3634 1182 3706 ἀναγέγραπται,
1231 3635 1291 3690 ἓν
1345 3639 1445 3708 μὲν
1487 3639 1759 3693 Ἰουδαίων
1788 3637 1897 3692 τῶν
1940 3637 2049 3692 ἀπὸ

2150 3633 2410 3705 compulit
2437 3646 2536 3687 nos
2564 3629 2957 3700 consequentia
2990 3642 3170 3682 rerum
3210 3626 3591 3683 considerare.
3635 3622 3735 3679 llis

477 3718 867 3794 Ἰεροσολύμων
892 3726 1333 3781 ἀποστελλόντων
1360 3730 1525 3798 ίερεῖς
1552 3729 1646 3783 καί
1683 3729 1913 3793 λευῖτας·
1934 3728 2048 3781 ἐτε-

460 3828 559 3884 ρον
584 3814 643 3868 δὲ
670 3817 983 3888 Φαρισαίων
1010 3821 1433 3891 ἐπαπορούντων
1450 3821 1540 3876 διὰ
1558 3823 1614 3875 τί
1635 3819 1904 3892 βαπτίζει.
1938 3820 2047 3874 Καὶ

461 3906 905 3978 ἀποδεδώκαμεν,
935 3913 1017 3966 ὅτι
1044 3914 1183 3983 μετά
1206 3914 1305 3985 τὴν
1332 3914 1528 3969 πεῦσιν
1551 3916 1601 3967 oi
1634 3915 1914 3985 Φαρισαῖοι
1946 3929 2048 3967 πα-

462 4002 775 4071 ραγίνονται
805 4004 1190 4078 βαπτισόμενοι
1214 4010 1349 4080 (55).
1370 4010 1586 4080 Μήποτ’
1606 4006 1699 4064 οὖν
1724 4010 1827 4081 πρὸ
1842 4010 2046 4064 τούτων

460 4094 510 4145 oi
541 4094 647 4167 πρὸ
668 4095 872 4151 τούτων
894 4099 1315 4166 ἀποστείλαντες
1340 4103 1452 4156 ἀπὸ
1486 4102 1755 4175 Ἰεροσολύ
1765 4120 1880 4173 μων
1921 4103 2048 4155 ’1ου-

460 4183 599 4239 δαῖοι
630 4188 1063 4262 παραδεξάμενοι
1090 4194 1217 4258 τοὺς
1265 4194 1514 4249 Ἰωάννου
1539 4194 1753 4264 λόγους,
1786 4195 1881 4249 an
1910 4195 2045 4266 πρό-

456 4291 609 4347 τεροι
634 4278 742 4331 τῶν
756 4281 1070 4353 Φαρισαίων
1099 4284 1437 4355 πέμψαντες,
1465 4286 1561 4339 καὶ
1580 4285 1839 4357 πρότεροι
1867 4286 2047 4357 ἔρχον-

461 4384 571 4423 ται.
618 4369 970 4444 Ἱεροσόλυμα
987 4374 1118 4448 γὰρ,
1144 4378 1297 4430 πάσα
1327 4377 1584 4442 Ἰουδαία,
1615 4376 1712 4432 καὶ
1734 4378 2044 4443 ἀκολούθως

2147 3727 2379 3793 insuper
2438 3738 2565 3792 qua:
2612 3719 2852 3774 diximus
2901 3718 3216 3773 necessario
3273 3716 3403 3771 illud
3447 3715 3730 3777 addemus,

2146 3814 2411 3870 Joannem
2454 3813 2703 3867 scribere
2750 3810 2887 3863 duos
2921 3808 3141 3863 ordines
3189 3821 3317 3863 esse
3358 3807 3729 3860 ruittentiutn:

2147 3907 2377 3959 alterum
2406 3904 2626 3974 quidem
2649 3900 2968 3957 Judaoruut
3002 3899 3335 3952 mittentiqu
3369 3898 3438 3952 ab
3472 3895 3730 3951 Hieroso-

2102 4034 2106 4042 ι
2144 3985 2308 4068 lymis
2332 3997 2650 4053 sacerdotes
2690 4003 2749 4048 et
2787 3991 3012 4047 Levitas
3042 3990 3090 4022 θ’
3116 4007 3132 4056 ;
3163 3990 3395 4045 alterum
3424 4003 3557 4044 vero
3583 3988 3733 4042 Pha-

2148 4087 2430 4143 risreorum
2457 4084 2896 4140 addubitautium
2936 4098 3107 4151 quare
3146 4080 3387 4149 baptizet
3428 4079 3470 4136 ¹.
3534 4078 3732 4133 Tradi-

2147 4178 2324 4233 dimus
2356 4179 2526 4233 etiam
2560 4177 2872 4232 Pbariszeos
2911 4184 3035 4245 post
3082 4173 3568 4242 interrogationem
3606 4184 3735 4239 pro-

2146 4272 2319 4327 fectos
2346 4269 2517 4326 fuisse
2544 4280 2603 4327 ut
2626 4270 3060 4340 baptizareutur.
3088 4265 3325 4321 Proinde
3343 4265 3484 4329 vide,
3509 4280 3577 4319 ne
3589 4263 3734 4317 forte

2145 4365 2317 4421 Judaei
2348 4366 2439 4435 qui
2469 4374 2599 4420 ante
2627 4363 2935 4421 Pbarisaeos
2983 4361 3254 4416 miserant
3301 4357 3374 4414 ab
3417 4357 3733 4428 Hierosoly-

462 4459 678 4557 πᾶσαιὴ
717 4462 1023 4535 περίχωρος
1060 4464 1154 4519 τοῦ
1199 4466 1465 4537 Ἰορδάνου
1496 4468 1855 4533 ἐϐαπτίζοπο
1883 4470 1942 4524 ἐν
1966 4468 2043 4540 τῷ

2150 4459 2276 4522 mis,
2307 4458 2546 4513 admissa
2570 4454 2805 4531 Joannis
2833 4454 3110 4517 oratione,
3142 4452 3270 4522 quia
3303 4450 3515 4520 priores
3539 4448 3735 4503 Phari-

477 4550 714 4626 Ἰορδάνῃ
767 4556 998 4627 ποταμῷ
1050 4559 1141 4611 ὑπ’
1184 4559 1372 4623 αὐτοῦ,
1424 4560 1915 4631 ἐξομολογούμενοι.
1948 4561 2045 4624 τὰς

461 4642 738 4715 ἁμαρτίας
762 4647 966 4702 αὐτῶν·
983 4650 1039 4719 ἢ,
1068 4649 1145 4714 ὡς
1168 4650 1197 4703 6
1222 4652 1437 4716 Λουκᾶς
1458 4669 1621 4723 φησιν
1642 4652 1778 4723 (56)·
1822 4672 1840 4703 ι
1892 4652 2041 4717 Ἑξε-

2144 4549 2272 4606 ειείε
2307 4550 2581 4613 miserint,
2613 4549 2825 4617 priores
2854 4548 3019 4601 etiam
3059 4545 3306 4598 veniant.
3356 4540 3734 4612 Hierosolyma

2142 4643 2316 4709 enim,
2358 4653 2414 4696 et
2459 4650 2573 4695 tota
2602 4637 2813 4702 Judaca,
2840 4648 2896 4692 et
2930 4646 3331 4705 consequenter
3360 4632 3541 4687 ornnis
3576 4631 3730 4701 regio

462 4734 725 4805 πορεύετο
755 4738 894 4808 πρὸς
928 4739 1092 4793 αὑτὸν
1124 4742 1274 4795 πᾶσα
1314 4743 1347 4813 ἡ
1409 4720 1637 4796 Ἰουδαία
1660 4720 1835 4812 χώρα,
1864 4742 1959 4795 καὶ
1992 4743 2043 4794 oi.

2150 4735 2374 4792 Jordaui
2409 4733 2641 4788 finitima
2684 4730 3105 4800 baptizabantur
3136 4728 3204 4782 ab
3238 4725 3357 4796 ipso
3397 4724 3453 4779 in
3482 4720 3727 4777 Jordauo

476 4826 897 4898 Ἱεροσολυμῖται
941 4829 1165 4896 πάντες,
1201 4834 1297 4885 καὶ
1338 4831 1698 4897 ἐϐαπτίζοντο
1741 4833 1833 4885 ὑπ’
1876 4831 2041 4885 αὑτοῦ

462 4918 521 4972 ἐν
547 4917 626 4990 τῷ
661 4920 903 4992 Ἰορδάνῃ
935 4924 1187 4996 ποταμῷ,
1220 4923 1703 4997 ἐξομολογούμενοι
1734 4924 1832 4987 τὰς
1866 4924 2043 4995 ἀμαρ-

531 5032 582 5107 ’_'
614 5032 1043 5107 Levit.xts,25.
1142 5040 1192 5073 ν·
1233 5040 1366 5095 Luc.
1407 5056 1490 5107 ιιι,
1536 5042 1595 5095 9.

464 5100 487 5135 ⁸
515 5102 703 5160 Hatth.
742 5121 825 5174 ιιι,
855 5100 989 5174 5,(3.

536 5218 648 5283 (30)
671 5218 845 5284 Αὐτῷ
878 5219 1021 5285 τοὺς
1056 5217 1497 5284 ἐπιϐάλλοντας
1536 5220 1806 5288 καρποὺς
1849 5221 1918 5275 τὸ
1944 5224 2050 5290 ἁρ-

468 5291 721 5359 χόμενον
756 5290 1060 5360 γαυργιας.
1092 5291 1186 5360 Sic
1240 5299 1390 5360 recte
1413 5291 1575 5344 habet
1598 5297 1765 5360 (foch
1796 5293 2049 5346 Bodleia-

469 5376 599 5433 uus;
624 5360 797 5433 editio
818 5359 999 5433 autem
1028 5359 1466 5433 Hnetii,_at6'robc
1494 5359 1885 5427 ἐπιϐάλλοντας
1907 5379 2047 5433 καρ-

468 5430 611 5517 mis.
728 5428 1022 5517 sexu”?
1050 5428 1350 5517 γεφρῖιεις·

534 5500 644 5571 (31)
673 5499 808 5553 Δεῖν·
846 5499 961 5571 τόν)
999 5499 1406 5571 φυτεύσαντα.
1459 5499 1551 5571 Sic
1584 5504 1752 5556 codex
1799 5500 2045 5557 Bodleia-

469 5568 597 5633 uus;
628 5572 801 5623 codex
836 5568 1052 5639 Regius,
1087 5569 1167 5621 δεῖ
1184 5568 1276 5623 τὸν
1309 5570 1627 5639 φυτεύοντα.

536 5640 651 5711 (51)
703 5637 1155 5711 Παρεκῧὰσεῌῳς.
1218 5639 1292 5692 Ita
1323 5637 1332 5639 ’
1367 5641 1526 5693 codd.
1607 5640 1937 5698 Barberiuus
1985 5652 2041 5697 et

472 5708 829 5781 Bodleianus;
855 5710 1022 5764 editio
1047 5709 1247 5781 lluelii,
1271 5710 1696 5781 παρεμφάσεως.

1696 5042 1739 5073 ⁸⁷
1766 5040 1926 5096 Joau.
1950 5039 2103 5108 1,25.
2180 5039 2227 5074 "
2259 5036 2454 5093 Matth.
2494 5052 2578 5104 ιιι,
2608 5035 2660 5087 7.

2140 5232 2203 5276 et
2238 5219 2597 5293 Bai-hermus,
2625 5220 2737 5293 ἀπή

2146 4828 2342 4893 fluvio,
2371 4827 2698 4881 confitentes
2720 4831 2948 4892 peccata
2970 4837 3067 4876 sua
3100 4820 3120 4850 ³
3149 4836 3165 4874 :
3199 4818 3304 4885 vel,
3336 4827 3395 4872 ut
3418 4817 3598 4871 Lucas
3644 4815 3734 4869 in-

2144 4921 2310 4989 quit:
2352 4936 2371 4971 ι
2404 4916 2807 4987 Egrediebatur
2852 4915 2919 4968 ad
2965 4913 3145 4983 ipsum
3186 4909 3345 4980 13o
3387 4917 3498 4965 tota
3544 4904 3735 4962 Judaza

2763 5032 2809 5065 9'
2847 5030 3005 5087 Juan.
3040 5045 3083 5098 t,
3120 5030 3209 5087 i9.
3286 5029 3309 5060 ¹
3339 5027 3474 5085 ibid.
3515 5024 3611 5092 24,
3634 5022 3730 5080 25.

2743 5235 2838 5275 ντη
2846 5236 2960 5275 σεν.

2238 5236 2589 5282 mmet-mus,
2625 5236 2960 5293 απηντησεν.

2219 5289 2816 5361 (54)Ηροσθήσομεν.
2842 5292 2934 5346 Sic
2963 5289 3134 5345 codex
3168 5287 3527 5354 Bodleianus;
3565 5285 3736 5342 editio

2150 5359 2355 5437 Huietii,
2378 5359 2787 5437 προσθήσομαι.

2222 5425 2826 5503 (55)Βὰπτιόξόιὶεννοι.
2876 5431 2980 5503 lta‘
3007 5428 3224 5503 codices
3279 5425 3610 5481 Barberinus
3675 5434 3731 5480 et

2150 5498 2504 5565 Boilleianus;
2540 5498 2709 5556 editio
2730 5502 2931 5563 Iluetii,
2957 5498 3372 5569 βαπτισάμενοι.

2218 5571 2333 5640 (56)
2401 5571 2497 5635 Ὠς
2545 5570 2785 5636 Λουκᾶς
2833 5566 3055 5639 φηοίιν,
3100 5566 3241 5640 θιεζη
3267 5567 3392 5640 Haec
3456 5566 3729 5640 lraben_t_ut_'

2148 5633 2323 5696 Marc;
2355 5657 2395 5703 ι,
2421 5633 2486 5706 5ξ
2520 5641 2691 5696 altum
2717 5633 2861 5709 apud
2886 5633 3093 5709 Lucam
3119 5639 3185 5691 de
3210 5638 3275 5691 iis
3293 5633 3592 5689 silentium.
3627 5633 3729 5709 Vel

2144 5712 2410 5765 memoria
2454 5712 2617 5779 igitur
2656 5706 2842 5779 lapsus
2880 5720 2964 5764 est
2995 5706 3283 5779 Origenes,
3311 5714 3365 5758 ut
3412 5721 3586 5775 sa-pe;
3643 5706 3730 5761 vel

535 5778 653 5853 (5⁸5)
694 5766 1043 5849 Ἀπὴτησεν.
1074 5780 1164 5834 Sic
1209 5766 1374 5836 c'odci
1420 5766 1787 5849 'B'udleiuitus;
1840 5780 2038 5849 Regius

2150 5798 2302 5839 manu
2333 5766 2792 5848 ται-λῖξράφοςξιιι
2819 5766 3135 5838 saeuissime:
3182 5766 3438 5834 libertus.
