4194 6444
495 308 595 365 251

1981 307 2236 365 ORIGEN
2243 308 2304 366 IS

3649 316 3758 369 252

496 421 672 490 regio,
711 431 765 476 et
808 421 1245 494 llierosolymitze
1287 437 1500 488 omnes,
1547 433 1603 480 et
1655 423 2070 494 baptizabantur

2185 423 2288 484 ιίας
2318 421 2515 476 αὐτῶν
2545 441 2563 474 ι
2585 421 2721 477 Οὔτε
2747 423 2930 494 μέντοι
2953 425 3230 490 Ματθαῖος
3271 427 3396 490 τοὺς
3422 427 3759 500 Φαρισαίους

497 514 568 567 ab
602 514 718 582 ipso
743 513 797 568 in
824 512 1063 569 Jordane
1090 512 1278 578 ﬂuvio,
1309 513 1638 570 conﬁtentes
1655 525 1879 583 peccata
1903 529 2019 568 sua.
2043 531 2063 565 ι

496 606 766 659 Caeterum
787 619 962 676 neque
986 605 1272 660 Matthaeus
1297 604 1606 660 Pharisacos
1636 618 1690 661 et
1721 606 2066 670 Sadducaeos,

494 698 695 766 quibus
729 699 969 754 dicitur:
1022 719 1042 752 ι
1077 699 1371 770 Progenies
1406 700 1714 768 viperarum
1754 701 1795 763 ³,
1835 719 1852 750 ι
1896 715 2073 767 neque

497 785 674 843 Lucas
705 789 891 844 turbas
913 792 1158 844 eamdem
1195 790 1623 859 increpationem
1657 791 1876 845 audisse
1908 790 2069 844 indu—

495 888 629 934 cunt
659 881 977 937 conﬁtentes
1001 889 1226 951 peccata
1256 895 1376 936 sua.
1411 880 1547 934 lllud
1574 897 1705 936 vero
1733 882 2073 936 dubitatione

494 971 719 1043 dignum
752 983 858 1038 est,
889 975 1182 1044 quomodo,
1227 989 1348 1028 cum
1385 982 1491 1028 tota
1532 972 2072 1042 Hierosolymitarum

495 1067 652 1132 urbs,
687 1076 739 1120 et
773 1075 883 1120 tota
914 1065 1122 1128 Judzea,
1158 1073 1213 1119 et
1245 1074 1350 1119 tota
1383 1066 1530 1135 regio
1570 1064 1793 1120 Jordaui
1847 1065 2072 1120 liuitima

497 1157 917 1227 baptizarentur
947 1159 1002 1213 in
1028 1157 1271 1214 Jordane
1293 1174 1322 1211 a
1348 1158 1580 1222 Joanne,
1609 1158 1871 1211 Servator
1891 1157 2072 1210 dicat:

501 1267 522 1301 ‹
569 1249 729 1306 Venit
758 1249 998 1306 Joannes
1033 1250 1280 1320 Baptista
1312 1265 1485 1318 neque
1517 1250 1872 1310 manducans,
1902 1264 2076 1318 neque

498 1340 709 1406 bibens,
757 1351 809 1395 et
839 1341 1056 1396 dicitis:
1093 1341 1429 1395 Damuonium
1460 1341 1625 1394 habet
1656 1341 1676 1371 ’⁵
1704 1359 1718 1407 ;
1752 1359 1768 1391 ι
1806 1351 1859 1395 et
1910 1342 2076 1396 inter‘

497 1431 863 1503 rogantibus:
900 1451 919 1484 ι
951 1434 1007 1487 In
1037 1447 1143 1500 qua
1177 1442 1448 1502 potestate
1486 1433 1601 1487 btec
1650 1433 1785 1488 l‘acis
1813 1433 1883 1486 '?
1921 1452 1940 1484 ι
1994 1434 2078 1488 di-

497 1527 612 1580 cit:
662 1545 681 1577 ι
715 1524 1067 1596 Interrogabo
1096 1537 1150 1581 et
1181 1543 1280 1597 ego
1300 1543 1395 1582 vos
1433 1544 1598 1582 unum
1631 1528 1856 1582 verbum
1885 1544 1900 1591 ;
1931 1528 2076 1598 quod

499 1615 544 1668 si
591 1615 840 1671 dixeritis
888 1617 1043 1683 mihi,
1094 1617 1269 1672 dicam
1306 1619 1472 1671 etiam
1519 1633 1620 1688 ego
1664 1618 1838 1681 vobis,
1877 1617 1931 1670 in
1971 1633 2075 1687 qua

498 1716 766 1777 potestate
799 1709 918 1763 tunc
955 1708 1116 1763 facio.
1157 1707 1462 1777 Baptismus
1486 1709 1710 1764 Joannis
1741 1710 1882 1764 unde
1910 1719 2027 1764 erat
2053 1709 2076 1762 ?

498 1816 532 1858 e
573 1802 712 1857 coelo
757 1819 825 1856 an
869 1819 935 1857 ex
977 1803 1287 1859 hominibus
1336 1805 1401 1858 °?
1455 1824 1472 1856 ι
1534 1807 1755 1876 quando
1801 1817 1856 1861 et
1902 1807 2076 1862 disce-

499 1900 720 1960 ptantes
759 1892 1049 1962 inquiunt:
1088 1911 1106 1944 ι
1135 1892 1191 1948 Si
1229 1895 1551 1960 dixerimus,
1595 1912 1625 1950 e
1677 1897 1836 1964 cmlo,
1879 1898 2022 1953 dicet
2059 1916 2073 1951 :

497 1984 678 2050 Quare
715 1999 823 2040 non
850 1986 1160 2042 credidistis
1185 1987 1259 2042 illi
1285 1988 1351 2041 7?
1385 2008 1402 2040 ι
1447 1988 1555 2043 Sed
1591 1989 1822 2044 solvitur
1851 1991 1993 2046 hunc
2024 1993 2076 2046 in

502 2077 720 2132 modum
764 2076 1034 2133 dubitatio
1074 2096 1087 2131 :
1122 2077 1408 2144 Pharisaei,
1455 2090 1514 2134 ut
1555 2092 1712 2135 antea
1763 2082 2077 2137 observavi-

501 2184 648 2234 mus,
685 2170 776 2238 qui
811 2171 1116 2237 audierant,
1149 2189 1166 2222 ι
1197 2170 1495 2242 Progenies
1525 2173 1862 2242 viperarum,
1909 2193 1928 2227 ι
1979 2191 2079 2231 nec

499 2259 576 2315 illi
609 2260 980 2332 crediderant,
1012 2267 1279 2321 accedunt
1305 2267 1370 2319 ad
1406 2266 1756 2334 baptismum,
1795 2268 2077 2334 timentes,

499 2353 575 2406 uti
605 2354 888 2424 probabile
915 2369 1020 2422 est,
1049 2361 1286 2423 turbam,
1323 2369 1489 2429 atque
1512 2369 1730 2430 propter
1761 2360 1880 2415 illos
1910 2363 2049 2414 simu

500 2443 615 2500 late
650 2445 896 2502 volentes
950 2448 1146 2514 lavari,
1199 2464 1270 2504 ne
1323 2459 1402 2506 tot
1439 2452 1753 2506 hominibus
1803 2452 2079 2506 adversari

500 2535 842 2590 viderentur.
875 2537 1188 2593 Seutientes
1217 2540 1380 2609 igitur
1429 2542 1608 2612 ipsum
1640 2541 1708 2596 ab
1743 2541 2078 2606 hominibus,

503 2641 612 2682 non
648 2643 680 2682 e
710 2629 851 2683 calo
883 2631 1084 2684 habere
1115 2633 1468 2701 baptismum,
1502 2635 1694 2688 timent
1723 2633 1868 2702 quod
1899 2633 2081 2703 suspi-

502 2729 701 2775 cantur
728 2722 932 2787 dicere,
987 2739 1054 2778 ne
1108 2724 1249 2781 forte
1296 2726 1604 2797 lapidentur
1629 2742 1659 2780 a
1690 2727 1869 2781 turba.
1902 2726 2082 2792 Quare

501 2829 622 2884 quae
653 2814 912 2872 Servatur
936 2817 1227 2876 Pharisaais
1258 2821 1477 2876 locutus
1503 2829 1606 2885 est,
1649 2820 1930 2874 contraria
1969 2834 2078 2873 non

505 2915 634 2961 sunt
664 2906 751 2962 his
784 2921 903 2977 qua:
927 2911 1130 2980 scripta
1160 2912 1381 2967 fuerunt
1412 2913 1464 2967 in
1496 2911 1807 2982 Evangeliis
1841 2912 1908 2966 de
1940 2909 2080 2964 mul-

506 2998 740 3054 titudine
764 3015 952 3056 eorum
978 3005 1069 3071 qui
1094 3005 1237 3073 apud
1255 3003 1520 3059 Joannem
1548 3003 1812 3072 baptizati
1838 3001 2077 3067 fuerunt,

504 3103 631 3144 cum
678 3089 876 3160 alioqui
917 3093 1239 3147 temeritatis
1276 3093 1675 3148 Pharisaeorum
1708 3091 1871 3145 fuerit
1899 3090 2081 3144 dicere

506 3173 770 3231 Joannem
799 3180 1002 3234 habere
1033 3181 1375 3245 daemonium,
1408 3193 1462 3237 et
1489 3181 1674 3238 Jesum
1711 3183 1764 3236 in
1795 3181 2080 3238 Beelzebul

507 3267 900 3324 daemoniorum
929 3273 1173 3342 principe
1202 3275 1441 3330 virtutes
1469 3275 1706 3331 edidisse
1731 3274 1775 3332 ⁸.

583 3370 668 3425 15.
695 3369 974 3439 Respondit
1036 3366 1144 3420 illis
1205 3365 1470 3428 Joannes,
1525 3365 1727 3418 dicens:
1784 3365 1892 3435 Ego
1955 3367 2074 3436 qui-

508 3465 625 3518 dem
667 3465 872 3532 baptizo
924 3479 1011 3516 vos
1056 3462 1111 3514 in
1161 3476 1342 3530 aqua:
1377 3460 1432 3511 in
1470 3459 1640 3512 medio
1697 3467 1873 3512 autem
1922 3460 2076 3512 vestri

507 3565 633 3620 stat,
665 3573 815 3625 quem
866 3571 952 3608 vos
998 3553 1221 3606 nescitis.
1255 3552 1370 3620 Ipse
1412 3559 1506 3615 est,
1544 3552 1634 3621 qui
1673 3560 1785 3619 post
1823 3569 1904 3606 me
1949 3570 2075 3606 ven-

509 3658 657 3700 turus
713 3655 815 3712 est,
868 3645 1015 3712 cujus
1069 3659 1170 3696 non
1225 3659 1342 3696 sum
1381 3644 1566 3712 dignus
1620 3652 1677 3694 ut
1723 3642 1920 3696 solvam
1962 3643 2075 3711 ejus

508 3739 790 3808 corrigiam
839 3737 1174 3790 calceamenti
1203 3737 1244 3789 ’.
1281 3736 1544 3804 Equidem
1605 3734 1910 3789 I’Ieraclcon
1958 3736 2075 3789 cxi-

505 3830 691 3884 stimat
735 3828 997 3882 Joannem
1058 3828 1389 3896 respondere
1445 3828 1530 3882 his
1571 3827 1663 3897 qui
1707 3843 1736 3880 a
1784 3827 2074 3881 Pharismis

509 3909 664 3961 missn
709 3908 950 3973 fuerant,
988 3912 1133 3978 quod
1181 3913 1295 3982 ipse
1339 3912 1574 3980 volebat,
1618 3928 1726 3968 non
1765 3913 1832 3969 ad
1860 3914 1912 3968 id
1944 3913 2089 3984 quod

510 3995 586 4049 illi
636 3996 1147 4066 interrogaveram,
1208 4019 1314 4057 non
1368 4004 1659 4059 advertens
1716 4019 1776 4060 se
1836 4004 2091 4060 incusare

507 4089 828 4159 prophetam
873 4091 1124 4158 inscitiae,
1182 4095 1229 4149 si
1267 4094 1412 4149 aliud
1459 4094 1856 4165 interrogatus,
1910 4096 1976 4151 de
2029 4110 2090 4150 re

508 4179 616 4234 alia
655 4183 949 4251 respondet
989 4204 1004 4239 :
1055 4186 1358 4240 cavendum
1407 4186 1552 4242 enim
1609 4187 1768 4240 nobis
1803 4190 1898 4246 fest
1961 4187 2089 4252 hoc,

506 4272 636 4326 dum
690 4274 1076 4344 colloquimur,
1129 4287 1387 4348 tanquam
1446 4279 1661 4334 vitium.
1720 4279 1950 4345 Contra,
1992 4292 2091 4332 nos

512 4363 668 4434 131
705 4365 940 4422 dicimus
985 4370 1224 4425 maxime
1271 4371 1574 4442 appositam
1623 4387 1742 4427 esse
1789 4369 2094 4440 responsio-

2171 517 2264 568 καὶ
2282 517 2686 583 Σαδδουκαίους,
2716 519 2852 591 πρὸς
2872 518 2964 584 οὓς
2988 519 3229 587 λέγεται,
3253 540 3270 571 ι
3294 521 3621 592 Γεννήματα
3642 520 3767 591 ιὲχι-

2170 609 2326 672 δνῶν,
2362 629 2379 660 ι
2407 609 2528 662 οὔτε
2551 611 2763 675 Λουκᾶς
2791 612 2914 674 τοὺς
2931 611 3120 681 ὄχλους
3145 612 3246 682 τὴν
3267 612 3438 682 αὐτὴν
3464 599 3766 682 ἐπίπληξιν

2173 701 2470 764 ἀκούοντας
2493 701 2792 768 εἰσάγουσι,
2817 700 3336 772 ἐξομολογουμένους
3358 701 3457 765 τὰς
3479 703 3772 776 ἁμαρτίας

2173 792 2374 846 αὐτῶν.
2414 793 2598 861 Ἄξιον
2628 795 2685 848 δὲ
2731 794 3080 865 ἐπαπορῆσαι
3125 794 3264 857 πῶς,
3297 795 3476 865 πάσης
3501 795 3608 865 τῆς
3665 795 3767 848 Ἰε-

2178 885 2542 956 ροσολυμιτῶν
2590 887 2818 951 πόλεως,
2849 887 2942 939 καὶ
2985 887 3165 957 πάσης
3201 887 3299 955 τῆς
3341 887 3629 949 Ἰουδαίοις,
3667 887 3770 939 καὶ

2175 976 2354 1047 πάσης
2390 979 2489 1048 τῆς
2533 979 2844 1051 περιχώρου
2883 978 2974 1032 τοῦ
3023 978 3286 1048 Ἰορδάνου
3338 977 3768 1048 βαπτιζομὲνων

2175 1069 2233 1120 ἐν
2293 1068 2369 1138 τῷ
2437 1069 2677 1143 Ἰορδάνῃ
2728 1071 2834 1124 ὑπὸ
2900 1070 3168 1134 Ἰωάννου,
3231 1070 3258 1121 ὁ
3312 1070 3498 1139 Σωτήρ
3548 1082 3766 1138 φησιν’

2183 1181 2202 1213 ι
2248 1162 2536 1234 Ἐλήλυθεν
2583 1165 2612 1216 ὁ
2657 1163 2911 1232 Ἰωάννης
2937 1165 2966 1216 ὁ
2997 1160 3327 1230 Βαπτιστής,
3367 1162 3503 1232 μήτε
3531 1158 3770 1223 ἐσθίων,

2181 1255 2315 1324 μήτε
2349 1256 2538 1319 πίνων,
2569 1256 2663 1308 καὶ
2692 1254 2881 1322 λέγετε
2902 1273 2914 1285 ·
2948 1255 3232 1326 Δαιμόνιον
3263 1254 3406 1324 ἔχει’
3443 1272 3460 1304 ι
3490 1252 3591 1306 καὶ
3622 1250 3769 1322 πρδς

2175 1347 2301 1409 τοὺς
2330 1346 2694 1417 πυθομένους·
2730 1366 2746 1397 ι
2789 1349 2876 1400 Ἑν
2908 1347 3035 1417 ποίᾳ
3059 1346 3274 1417 ἐξουσίᾳ
3292 1345 3462 1398 ταῦτα
3490 1345 3712 1406 ποιεῖς;
3746 1361 3764 1392 ι

2176 1438 2344 1507 λέγει’
2376 1458 2394 1489 ι
2422 1438 2590 1507 Κάγὼ
2607 1440 2868 1510 ἐρωτήσω
2890 1440 3032 1510 ὑμᾶς
3056 1439 3152 1491 ἕνα
3172 1438 3350 1506 λόγον,
3372 1436 3432 1489 ὃν
3456 1436 3552 1488 ἐὰν
3568 1433 3774 1504 εἴπητὲ

2181 1547 2293 1598 μοι,
2339 1529 2493 1598 κάγὼ
2534 1531 2664 1600 ὑμῖν
2708 1531 2840 1600 ἐρῶ,
2876 1532 2934 1584 ἐν
2968 1531 3096 1600 ποίᾳ
3139 1528 3358 1598 ἐξουσίᾳ
3389 1527 3566 1580 ταῦτα
3599 1525 3768 1578 ποιῶ·

2179 1618 2252 1670 Τὸ
2305 1617 2585 1689 βάπτισμα
2631 1619 2692 1672 τὸ
2757 1619 3001 1672 Ἰωάννου
3050 1620 3212 1673 πόθεν
3245 1615 3346 1690 ira;
3392 1619 3450 1685 ἐξ
3499 1613 3772 1688 οὐρανοῦ,

2179 1709 2212 1779 ἢ
2250 1709 2358 1779 (57)
2403 1710 2461 1777 ἐξ
2494 1711 2833 1782 ἁνθρώπωνς
2861 1711 2949 1764 ὅτε
2984 1712 3080 1764 καὶ
3110 1708 3538 1780 διαλογιζόμενοί
3572 1721 3772 1775 φασιν*

2183 1822 2201 1853 ι
2248 1803 2369 1856 Ἐὰν
2400 1800 2666 1874 εἴπωμεν,
2699 1803 2757 1870 ἐξ
2788 1802 3042 1874 οὐρανοῦ,
3078 1803 3226 1874 ἐρεῖ·
3266 1801 3364 1854 Διά
3407 1801 3461 1853 τί
3503 1799 3610 1852 οὐκ
3648 1799 3774 1850 ἐπι-

2182 1893 2438 1946 στεύσατε
2463 1893 2643 1964 αὑτῷ;
2680 1912 2699 1945 ι
2733 1893 2933 1947 Λύεται
2962 1893 3019 1946 δὲ
3041 1893 3104 1946 τὸ
3130 1893 3404 1964 ἀπορηθὲν
3428 1891 3628 1954 οὕτως·
3662 1890 3777 1942 Φα-

2184 1987 2396 2054 ρισαῖοι,
2435 1985 2510 2048 ώς
2545 1987 3060 2057 προτετηρήκαμεν,
3091 1987 3138 2038 οἱ
3177 1983 3528 2046 ἀκούσαντες,
3579 2002 3596 2032 ι
3642 1981 3775 2032 Γεν-

2179 2080 2393 2148 νήματα
2410 2078 2650 2147 ἐχιδνῶν,
2666 2081 2750 2132 me
2770 2079 3190 2141 πεπιστευκότες
3207 2075 3355 2146 αὐτῷ
3373 2073 3778 2146 παραγίνονται

2181 2171 2273 2224 ἐπὶ
2309 2171 2370 2224 τὸ
2401 2171 2704 2242 βάπτισμα,
2747 2173 2915 2237 εἰκὸς,
2963 2172 3045 2224 ὅτι
3082 2171 3174 2224 τὸν
3219 2169 3375 2239 δχλον
3413 2166 3774 2236 φοϐούμενοι,

2179 2263 2272 2316 καὶ
2324 2262 2465 2316 κατὰ
2517 2264 2617 2334 τὴν
2671 2264 2808 2335 πρὸς
2857 2263 3099 2326 ἐκείνους
3144 2263 3432 2332 ὑπόκρισιν
3485 2258 3775 2324 ἀξιοῦντες

2180 2355 2494 2419 λούσασθαι,
2527 2356 2616 2408 ἵνα
2657 2355 2732 2426 μὴ
2782 2356 2989 2410 δοκοῖεν
3020 2352 3395 2408 ἐναντιοῦσθαι
3433 2354 3547 2414 τοῖς
3576 2347 3774 2404 τοσού-

2180 2463 2310 2510 τοις.
2351 2445 2676 2518 Φρονοῦντες
2713 2446 2844 2514 γοῦν
2889 2446 3052 2500 αὐτὸν
3101 2447 3198 2500 ἀπ’
3238 2443 3545 2515 ἀνθρώπων
3597 2442 3769 2512 ἔχειν,

2182 2540 2276 2594 καὶ
2311 2541 2410 2594 οὐκ
2448 2542 2544 2596 ἀπ’
2585 2539 2820 2612 οὐρανοῦ
2865 2540 2928 2592 τὸ
2969 2537 3273 2609 βαπτίζειν,
3309 2537 3396 2588 διὰ
3445 2535 3540 2588 τὸν
3583 2534 3769 2604 ὄχλον,

2185 2637 2396 2707 μήποτε
2422 2633 2770 2698 λιθασθῶσιν,
2798 2631 3090 2702 φοϐοῦνται
3123 2630 3260 2700 ὅπερ
3287 2627 3768 2698 ὑπολαμϐάνουσιν

2183 2731 2378 2782 εἰπεῖν·
2403 2727 2546 2780 ὥστε
2579 2726 2679 2780 οὐκ
2705 2722 3046 2779 ἐναντιοῦται
3075 2722 3180 2776 ὑπὸ
3205 2720 3298 2774 τοῦ
3331 2719 3588 2790 Σωτῆρος
3619 2719 3772 2789 εἰρη-

2187 2822 2324 2892 μένα
2363 2819 2499 2892 πρὸς
2541 2820 2668 2882 τοὺς
2711 2816 3059 2889 Φαρισαίους,
3101 2817 3214 2878 τοῖς
3249 2810 3772 2882 ἀναγεγραμμένοις

2183 2915 2242 2966 ἐν
2267 2915 2379 2977 τοῖς
2416 2910 2773 2980 Εὑαγγελίοις
2797 2910 2928 2980 περὶ
2955 2907 3050 2962 τοῦ
3088 2905 3326 2977 πλήθους
3370 2903 3478 2959 τῶν
3509 2921 3588 2957 πα
3599 2902 3671 2974 ρὰ
3697 2898 3776 2969 τῷ

2197 3006 2417 3076 Ἰωάννῃ
2463 3001 2886 3075 βαπτισαμένων
2906 3017 2920 3031 ·
2982 2998 3076 3052 τοῦ
3110 2998 3347 3070 θράσους
3369 2995 3428 3048 δὲ
3469 2994 3577 3047 τῶν
3607 2995 3776 3062 Φαρι-

2189 3097 2355 3150 σαίων
2398 3091 2466 3168 ἦν
2499 3095 2780 3166 δαιμόνιον
2812 3092 2958 3162 ἔχειν
2998 3089 3179 3158 λέγειν
3227 3087 3317 3140 τὸν
3367 3086 3644 3156 Ἰωάννην,
3682 3083 3777 3135 καὶ

2183 3192 2242 3243 ἐν
2275 3189 2604 3255 Βεελζεϐοὺλ
2635 3187 2715 3258 τῷ
2755 3185 2976 3258 ἄρχοντι
3005 3182 3114 3236 τῶν
3155 3180 3448 3251 δαιμονίων
3477 3179 3577 3242 τάς
3613 3177 3775 3232 δυνά-

2187 3299 2306 3352 μεις
2335 3281 2563 3350 φάσκειν
2590 3280 2684 3334 τὸν
2724 3275 2934 3349 Ἰησοῦν
2965 3272 3346 3343 πεποιηκέναι.

2262 3377 2347 3430 15.
2380 3373 2754 3440 Ἀπεκρίνατο
2783 3364 2986 3433 αὐτοῖς
3010 3368 3042 3420 ὁ
3072 3364 3351 3428 Ἰωάννης
3377 3359 3590 3427 λέγων’
3610 3351 3757 3422 Ἐγὼ

2186 3466 2450 3536 βαπτίζω
2464 3468 2531 3520 ἐν
2549 3465 2735 3520 ὕδατιο
2750 3461 2940 3532 μέσος
2961 3457 3030 3512 δὲ
3046 3455 3210 3526 ὑμῶν
3229 3455 3482 3520 ἕστηκεν
3496 3449 3569 3502 δν
3586 3441 3758 3516 ὑμεῖς

2191 3563 2301 3615 οὐκ
2324 3560 2542 3613 οῑδατε.
2576 3554 2767 3620 Αὐτός
2790 3553 2960 3606 ἐστιν
2988 3552 3020 3604 ὁ
3052 3548 3242 3601 ὀπίσω
3273 3562 3390 3613 μου
3413 3541 3759 3609 ἐρχόμενος,

2194 3648 2263 3708 οὗ
2291 3654 2400 3706 οὐκ
2423 3650 2538 3719 εἰμί
2562 3647 2677 3717 ἐγὼ
2697 3646 2866 3709 ἄξιος
2885 3644 2987 3696 ἵνα
3004 3641 3174 3696 ,λύσω
3201 3635 3385 3692 αὑτοῦ
3418 3634 3524 3687 τὸν
3544 3629 3763 3700 ἱμάντα

2197 3745 2300 3799 τοῦ
2332 3742 2730 3807 ὑποδήματος.
2761 3738 2818 3790 Ὀ
2848 3736 2945 3807 μὲν
2976 3731 3286 3805 ’Πρακλέων
3310 3729 3500 3791 οἴεται,
3521 3725 3602 3776 ὅτι
3626 3722 3762 3775 ἀπο-

2199 3835 2440 3906 κρίνεται
2463 3834 2491 3885 ὁ
2518 3831 2770 3900 Ἰωάννης
2805 3829 2917 3889 τοῖς
2963 3826 3028 3876 ἐκ
3046 3821 3152 3876 τῶν
3177 3817 3482 3890 Φαρισαίων
3502 3809 3765 3906 πεμφθεῖ-

2201 3898 2304 3991 σίν,
2328 3929 2388 3981 οὐ
2428 3926 2564 3996 πρὸς
2587 3923 2617 3977 δ
2646 3898 2841 3976 ἐκεῖνοι
2873 3917 3192 3988 ἐπηρώτων,
3223 3911 3336 3967 ἀλλ’
3367 3909 3394 3961 ὃ
3423 3906 3583 3968 αὐτὸς
3606 3898 3763 3957 ἐϐού-

2202 4021 2338 4075 λετο.
2367 4016 2557 4070 ἐαυτὸν
2585 4013 2858 4067 λανθάνων
2877 4050 2892 4072 ,
2923 4009 3005 4062 ὅτι
3039 4003 3330 4074 κατηγορεῖ
3353 3999 3446 4053 τοῦ
3481 3998 3763 4070 προφήτου

2192 4099 2446 4171 ἀμαθίας,
2493 4100 2608 4166 εἴγε
2656 4097 2784 4153 ἄλλο
2840 4095 3194 4169 ἐρωτώμενος
3242 4094 3370 4164 περὶ
3416 4089 3579 4144 ἄλλου
3642 4089 3776 4140 ἀπο·

2195 4191 2456 4262 κρίνεται’
2509 4186 2614 4259 Χρὴ
2654 4187 2764 4258 γὰρ
2822 4187 2919 4240 καὶ
2969 4183 3129 4237 τοῦτο
3181 4179 3547 4252 φυλάττεσθαι
3599 4177 3677 4240 ὡς
3722 4173 3778 4224 ἐν

2196 4277 2502 4349 κοινολογίᾳ.
2567 4278 2874 4348 ἁμάρτημα
2934 4272 3224 4343 τυγχάνον.
3304 4269 3494 4339 Ἡμεῖς
3557 4264 3612 4318 δέ
3671 4275 3776 4330 φα-

2201 4385 2318 4440 μεν,
2370 4369 2452 4422 ὅτι
2507 4365 2741 4438 μάλιστα
2805 4363 2943 4434 πρὸς
3003 4363 3132 4424 ἔπος
3181 4359 3330 4413 ἐστὶν
3383 4358 3416 4427 ὴ
3464 4353 3775 4440 ἀπόκρισις.

508 4472 656 4512 nem.
686 4455 933 4528 Namque
969 4463 1033 4515 ad
1067 4462 1234 4516 illud:
1270 4437 1453 4530 (Quid
1479 4479 1610 4534 ergo
1644 4437 1916 4548 baptizas,
1948 4463 1994 4516 si
2030 4472 2082 4516 tu

2199 4437 2342 4532 Πρὸς
2371 4437 2610 4531 γάρτό·
2650 4477 2668 4508 ι
2705 4457 2770 4510 Τί
2825 4451 2918 4509 οὖν
2969 4453 3273 4525 βαπτίζεις,
3323 4449 3370 4500 εί
3416 4447 3481 4500 σὺ
3521 4446 3622 4498 οὐκ
3670 4437 3719 4494 εἴ
3751 4439 3780 4490 ὁ

508 4564 616 4604 non
647 4565 708 4605 es
743 4551 831 4605 ille
879 4552 1130 4611 Christus
1155 4555 1237 4608 '°?
1265 4575 1284 4608 ι
1330 4557 1460 4625 quid
1515 4557 1662 4611 aliud
1700 4557 1807 4612 dici
1843 4559 2091 4626 oportuit

505 4655 669 4710 quam
714 4646 1001 4701 ostendere
1046 4648 1312 4716 baptisma
1360 4664 1518 4704 suum
1577 4665 1700 4705 esse
1757 4651 2090 4720 corporale?

513 4750 534 4784 ι
557 4734 669 4807 Ego
691 4755 711 4788 ι
762 4738 929 4805 enim,
984 4739 1182 4811 inquit,
1217 4760 1236 4792 ι
1263 4741 1482 4812 baptizo
1511 4743 1565 4797 in
1611 4757 1753 4812 aqua
1773 4743 1855 4810 ¹¹;
1891 4761 1910 4796 ι
1937 4759 2090 4800 cum-

509 4841 617 4897 que
647 4829 750 4884 hoc
776 4832 1152 4901 respondisset
1178 4833 1245 4885 ad
1279 4833 1411 4888 illud
1446 4850 1461 4889 :
1495 4852 1514 4885 ‹
1541 4833 1680 4900 Quid
1733 4851 1864 4904 ergo
1915 4836 2093 4905 bapti-

516 4919 653 4976 nas?
682 4939 701 4974 ι
733 4922 803 4976 ad
844 4921 1076 4978 alterum
1108 4938 1120 4973 :
1161 4941 1182 4976 ι
1205 4923 1262 4978 Si
1309 4932 1364 4979 tu
1404 4939 1511 4979 non
1552 4939 1611 4980 es
1651 4925 1740 4980 ille
1770 4927 2046 4992 Christus,
2069 4945 2088 4979 ι

511 5010 700 5068 laudes
728 5025 948 5070 enarrat
980 5017 1047 5072 de
1076 5017 1353 5088 praecipua
1383 5034 1446 5074 ac
1472 5019 1805 5084 praecedenti
1836 5021 2098 5074 substan-

515 5105 587 5158 tia
619 5105 843 5172 Christi,
887 5123 1082 5178 nempe
1125 5111 1267 5180 quod
1331 5111 1581 5166 Christus
1631 5121 1844 5165 tantum
1896 5111 2095 5165 virium

514 5193 700 5262 habet,
747 5205 808 5251 ut
853 5197 1140 5254 invisibilis
1180 5201 1346 5254 etiam
1379 5202 1453 5256 sit
1485 5201 1770 5256 divinitate
1795 5216 1920 5265 sua,
1944 5202 2096 5256 oumi

515 5285 724 5340 homini
759 5301 1021 5356 presens,
1051 5301 1107 5346 et
1129 5305 1227 5363 per
1257 5291 1571 5346 universum
1598 5291 1786 5347 orbem
1813 5299 2096 5358 extensus;

2195 4552 2457 4625 Χριστὸςς
2501 4569 2520 4602 ι
2549 4549 2602 4603 τί
2631 4548 2759 4603 ἄλλο
2784 4548 2951 4619 ἐχρῆν
2977 4547 3173 4609 εἰπεῖν,
3201 4544 3236 4613 ή
3269 4560 3330 4595 τε
3358 4542 3418 4595 τὸ
3447 4540 3578 4592 ἴδιον
3604 4551 3779 4608 παρα·

2189 4645 2382 4715 στῆναι
2421 4643 2704 4714 βάπτισμα
2738 4637 3196 4711 σωματικώτερον
3228 4635 3515 4708 τυγχάνον·
3538 4649 3558 4684 ι
3599 4629 3770 4700 Ἐγὼ»

2195 4738 2324 4809 γὰρ.
2347 4739 2568 4811 (metm:
2595 4733 2840 4805 βαπτίζω
2883 4733 2940 4784 ἐν
2970 4730 3160 4783 ὓδατιο
3214 4746 3232 4779 ι
3281 4726 3376 4778 καὶ
3413 4722 3571 4776 τοῦτο
3615 4715 3782 4773 εἰπὼν

2201 4829 2338 4900 πρὸς
2365 4829 2462 4882 τό⁶
2509 4847 2526 4878 ι
2573 4827 2638 4880 Τί
2675 4821 2768 4878 οὖν
2825 4823 3146 4894 βαπτίζειςς
3187 4839 3206 4871 ι
3251 4817 3388 4889 πρὸς
3414 4815 3473 4868 τὸ
3501 4813 3780 4900 δεύτερον·

2207 4895 2323 4973 ιἘί
2378 4919 2441 4972 σὺ
2475 4918 2576 4970 οὐκ
2625 4911 2676 4968 εἴ
2721 4916 2748 4967 ὁ
2792 4911 3049 4984 Χριστὸς,
3090 4929 3108 4960 ι
3155 4904 3461 4974 δοξολογίαν
3510 4900 3641 4970 περὶ
3688 4895 3784 4964 τῆς

2199 5010 2617 5084 προηγουμένης
2643 5007 2832 5070 οὐσίας
2852 5004 3087 5077 Χριστοῦ
3114 5002 3406 5072 διηγεῖται,
3443 4995 3525 5048 δτι
3555 4992 3784 5084 δύναμιν

2198 5078 2466 5176 τοσαυτην
2495 5078 2629 5174 ἔχει,
2651 5103 2726 5165 ώς
2754 5100 2848 5154 καὶ
2874 5099 3106 5170 ἀόρατος
3141 5089 3280 5147 εἶναι
3312 5093 3377 5160 τῇ
3406 5087 3643 5155 θειότητι
3680 5078 3780 5177 au:

2203 5196 2322 5261 τοῦ,
2356 5194 2546 5268 παρὼν
2578 5195 2741 5249 παντὶ
2779 5189 3073 5262 ἀνθρώπῳ,
3123 5184 3284 5240 πανιύ⁵
3327 5182 3398 5272 δέ,
3431 5177 3668 5272 καὶ-ὅλῳ
3711 5183 3788 5272 ξφ

2205 5291 2396 5362 κόσμῳ
2421 5283 3024 5360 συμπαρεκτεινὸμενος
3047 5297 3060 5310 ·
3089 5280 3227 5348 ὅπερ
3253 5271 3508 5345 δηλοῦται
3535 5268 3623 5321 διὰ
3655 5268 3749 5362 τοξ)
3772 5273 3786 5288 ⁸

513 5379 658 5450 quod
695 5355 1006 5437 declaratur
1047 5355 1148 5453 per
1196 5381 1369 5438 illud:
1404 5400 1423 5434 ι
1454 5381 1510 5437 in
1549 5383 1730 5438 medio
1781 5381 1947 5438 vestri
1991 5392 2076 5438 sta

2214 5401 2234 5433 ι
2275 5355 2454 5445 mea»;
2475 5355 2630 5452 δμῶν
2658 5380 2877 5449 ἕστηκε.
2912 5394 2930 5427 ι
2960 5373 3072 5427 Καὶ
3108 5370 3231 5422 ἐπεὶ
3269 5365 3420 5420 οὐδὲν
3468 5363 3518 5414 oi.
3566 5355 3779 5431 προσδον

585 5542 608 5574 ³
642 5541 833 5598 Matth.
863 5556 946 5608 ιιι,
978 5540 1034 5596 7.
1105 5539 1128 5572 ⁸
1157 5539 1350 5594 Matth.
1379 5555 1453 5605 ιιι,
1478 5540 1569 5594 18.
1643 5541 1666 5572 ⁸
1698 5539 1886 5595 Matth.
1910 5559 2024 5609 xxx,
2047 5544 2136 5598 25.

504 5635 543 5686 t,
590 5613 680 5680 96,
706 5612 797 5667 27.
875 5612 918 5643 ¹⁹
953 5610 1111 5670 Joan.
1141 5627 1181 5680 ι,
1204 5610 1295 5666 25.
1377 5613 1416 5641 “
1442 5612 1574 5708 ibid.
1607 5610 1696 5667 26.

3111 5529 3131 5557 ⁸
3159 5524 3287 5579 Luc.
3317 5538 3391 5588 ιιι,
3416 5517 3503 5570 15.
3580 5514 3601 5545 ’
3631 5509 3782 5568 Joan-

2217 5543 2238 5568 ⁸
2272 5537 2402 5595 ibid.
2439 5535 2531 5600 ‘24,
2554 5533 2644 5588 ‘25.
2725 5534 2745 5562 "
2773 5531 2904 5586 ibid.
2941 5528 3029 5584 ‘26.

589 5753 706 5824 (37)
744 5754 838 5822 Ἐξ
872 5757 1152 5825 οὐρανοῦ,
1189 5756 1248 5825 ἥ.
1278 5756 1437 5814 Deest
1477 5756 1530 5813 in
1581 5754 1821 5812 editione
1853 5750 2059 5814 lluctii.
2089 5749 2182 5805 sed
2215 5744 2520 5803 restituitur
2552 5756 2618 5798 ex
2648 5740 2805 5796 codd.
2836 5733 3129 5792 Bodleiano
3160 5740 3212 5786 et
3237 5725 3558 5784 Barberino.
