4194 6394
372 348 488 405 255

1441 330 1909 398 COMMENTJN
1938 332 2136 392 JOAN.
2174 330 2409 389 TOMUS
2450 330 2541 386 Vl.

3541 325 3644 381 254

377 463 587 527 κῶντες
634 462 877 535 Χριστοῦ
931 461 1229 533 ἐπιδημίαν
1292 460 1578 531 Φαρισαῖοι
1649 452 1967 528 τηλικοῦτον

2093 450 2182 517 lle,
2213 448 2395 522 [quem
2432 456 2531 505 vas
2576 442 2800 504 nescitis
2823 444 2888 501 “.
2928 442 3054 517 rjEt
3079 441 3339 512 quoniam
3366 440 3502 498 nihil
3534 442 3644 498 tale

381 559 513 630 περὶ
555 556 721 611 αὐτοῦ
754 555 966 628 ἐώρων,
1017 554 1303 625 ἄνθρωπον
1358 552 1564 605 τέλειον
1606 549 1759 618 ἅγιον
1806 547 1968 618 μόνον

382 647 861 720 ὑπολαμϐάνοντες
907 646 1071 700 αὑτὸν
1103 641 1266 709 εἶναι,
1313 641 1570 715 ἐμμελῶς
1624 639 1836 709 ἐλέγχει
1868 636 1969 707 τὴν

382 741 642 815 περὶτῆς
667 739 945 813 ὑπεροχῆς
970 735 1136 792 αὐτοῦ
1158 736 1467 808 Φαρτσαίων
1494 734 1740 803 ἄγνοιαν,
1758 746 1971 803 προστιε

386 835 505 899 θεὶς
540 833 638 905 τῷο
667 852 689 884 ‹
723 832 907 895 Μέσος
935 830 1089 901 ὑμῶν
1111 829 1335 901 ἕστηκε,
1379 848 1396 881 ι
1430 828 1492 882 τὸ
1522 847 1540 878 ι
1569 829 1665 880 Ὃν
1691 827 1848 897 ὑμεῖς
1871 823 1971 878 οὐκ

385 927 586 982 οἴδατε.
612 946 632 979 ι
654 926 766 980 Καὶ
784 925 872 979 ἴνα
898 926 971 996 μή
998 941 1084 987 τις
1110 922 1358 995 ὑπολάϐῃ
1382 922 1567 993 ἕτερον
1599 915 1739 973 εἶναι
1764 918 1855 971 τὸν
1876 917 1972 971 ἀό-

392 1038 557 1094 ρατον
583 1021 681 1076 καί¹
707 1021 964 1092 διήκοντα
992 1019 1085 1072 ἐπὶ
1112 1018 1290 1072 πάντα
1319 1015 1624 1086 ἄνθρωπον,
1663 1012 1697 1083 ἢ
1741 1012 1835 1065 καὶ
1879 1010 1973 1063 ἐπὶ

388 1116 511 1170 ὅλον
542 1114 633 1167 τὸν
659 1113 886 1184 κόσμον,
920 1109 1074 1183 παρὰ
1095 1110 1188 1163 τὸν
1218 1107 1735 1178 ὲνανθρωπήσαντα,
1760 1104 1856 1158 καὶ
1881 1103 1973 1156 ἐπὶ

389 1208 490 1277 τῆς
521 1206 624 1277 γῆς
648 1203 904 1274 ὀφθέντα,
953 1204 1048 1257 καὶ
1084 1204 1197 1267 τοῖς
1251 1192 1560 1271 ἀνθρώποις
1606 1212 1974 1267 συναναστρα-

390 1300 583 1369 φέντα,
636 1297 900 1351 συνάπτει
943 1295 1054 1366 mg)-
1098 1314 1117 1348 ι
1172 1294 1352 1358 Μέσος
1407 1291 1562 1364 ὑμῶν
1617 1291 1866 1361 ἕστηκεν,
1914 1288 1974 1341 ὃν

388 1390 552 1460 ὑμεῖς
584 1388 685 1442 οὐκ
716 1386 917 1451 οίδατε,
951 1404 971 1438 ι
1003 1385 1084 1439 τό·
1125 1405 1144 1437 ι
1182 1386 1241 1439 Ὁ
1262 1384 1438 1438 ὀπίσω
1463 1399 1564 1454 μου
1599 1380 1910 1453 ἐρχόμενος,
1950 1398 1968 1429 ι

366 1477 643 1532 »τουτέστι
689 1476 807 1548 μετ’
862 1475 963 1546 ἐμὲ
1018 1472 1581 1545 φανερωοησόμενος·
1626 1462 1687 1521 οὗ
1726 1467 1820 1521 καὶ
1876 1463 1975 1535 τὴν

390 1570 843 1645 ὑπερϐάλλουσαν
872 1569 1147 1656 ὑπεροχὴν
1193 1566 1393 1629 συνιεὶς
1440 1562 1588 1635 παρά
1632 1556 1976 1656 τὴνηέαυτοῦ

390 1661 577 1732 φύσιν,
603 1646 1087 1733 ἀμφιϐαλλομένην
1130 1656 1236 1711 ὑπό
1276 1671 1458 1719 τινων,
1518 1649 1713 1722 μήποτ’
1742 1647 1827 1720 ἄρ’
1875 1646 1976 1733 αὑέ

390 1752 484 1817 τὸς
508 1752 596 1823 εἴη
629 1732 883 1822 Χριστὸς,
913 1750 1037 1803 ὅσον
1087 1744 1440 1802 ἀπολείπεται
1470 1740 1571 1811 τῆς
1609 1737 1701 1792 τοῦ
1741 1732 1975 1806 Χριστοῦ

2071 552 2455 614 exspectantes
2498 541 2703 599 Christi
2752 541 3048 595 adventum
3099 534 3362 593 Pharisaei
3412 537 3480 592 de
3526 537 3645 607 ipso

2069 636 2353 704 videbant,
2391 643 2603 690 tantum
2659 634 3002 702 suspicantes
3041 646 3165 686 eum
3207 644 3332 686 esse
3370 629 3648 685 hominem

2072 741 2347 794 sanctum,
2390 727 2659 782 concinne
2711 723 2990 793 redarguit
3039 721 3440 777 Pharisaeorum
3495 720 3650 791 igno-

2075 823 2332 884 rantiam,
2364 820 2458 890 qui
2498 819 2668 888 ipsius
2709 816 3089 873 excellentiam
3126 815 3475 884 ignorabant,
3515 813 3652 883 adji-

2073 917 2225 971 ciens
2253 928 2269 968 :
2301 933 2320 965 ι
2344 911 2513 979 Quem
2544 926 2639 966 vos
2670 910 2919 974 nescitis,
2949 927 2966 961 ι
2990 907 3096 963 illis
3132 907 3355 963 verbis:
3393 926 3411 960 ι
3439 905 3495 962 lu
3535 921 3652 962 me-

2075 1008 2165 1064 dio
2191 1005 2359 1062 vestri
2406 1013 2536 1059 stat.
2569 1021 2588 1055 ι
2621 1002 2689 1057 Ει
2720 1016 2789 1057 ne
2822 1001 2947 1071 quis
2975 1000 3283 1070 suspicetur
3314 1014 3437 1055 eum
3463 1000 3559 1070 qui
3583 997 3654 1054 sit

2077 1095 2391 1162 invisibilis,
2419 1095 2625 1165 quique
2655 1100 2906 1164 penetret
2939 1091 3007 1146 ad
3049 1105 3265 1146 omnem
3300 1091 3576 1146 hominem
3597 1098 3656 1146 et

2076 1188 2141 1242 ad
2171 1196 2342 1242 totum
2378 1185 2664 1251 mundum,
2696 1183 2975 1239 diversum
3003 1196 3126 1237 esse
3149 1181 3217 1237 ab
3241 1195 3306 1236 eo
3339 1181 3431 1251 qui
3459 1179 3655 1235 huma-

2077 1293 2201 1334 nam
2239 1277 2473 1346 sumpsit
2522 1289 2767 1340 carnem,
2803 1284 2859 1330 et
2890 1291 2910 1326 t
2940 1288 3105 1344 super
3138 1275 3337 1328 terram
3376 1282 3461 1329 est
3484 1273 3656 1340 visus,

2076 1381 2285 1427 etcum
2339 1367 2652 1423 hominibus
2705 1376 2791 1422 est
2840 1366 3325 1434 conversatus",t
3377 1365 3659 1437 conjungit

2079 1461 2185 1516 illis
2205 1459 2388 1514 verbis
2419 1477 2434 1514 :
2468 1476 2487 1510 ι
2512 1460 2569 1513 In
2602 1457 2782 1513 medio
2809 1458 2979 1514 vestri
3005 1466 3133 1523 stat,
3164 1472 3328 1529 quem
3354 1472 3457 1513 vos
3481 1458 3661 1512 nesci-

2081 1552 2191 1619 tis;
2223 1569 2243 1603 ι
2274 1550 2407 1605 illud
2439 1569 2452 1607 :
2490 1566 2509 1602 ι
2538 1549 2639 1616 Qui
2674 1558 2797 1619 post
2840 1562 2927 1604 me
2957 1558 3221 1604 venturus
3252 1556 3336 1604 est
3371 1548 3437 1616 “,
3483 1566 3504 1602 ι
3553 1549 3661 1603 hoc

2078 1653 2184 1710 est,
2213 1644 2305 1715 qui
2332 1654 2457 1714 post
2486 1657 2571 1698 me
2602 1640 3037 1697 manifestandus
3075 1651 3178 1698 est.
3206 1642 3373 1712 Cujus
3395 1656 3518 1699 cum
3549 1657 3650 1695 ex-

2080 1738 2309 1793 cedente
2378 1745 2434 1793 et
2496 1744 2866 1805 exsuperante
2915 1734 3247 1791 excellentia
3301 1732 3664 1790 intellexisset

396 1844 818 1918 μεγαλειότητος
869 1840 1222 1914 παραστῆσαι
1257 1835 1602 1908 βουλόμενος,
1651 1831 1737 1884 ἵνα
1776 1828 1848 1901 μή
1896 1843 1980 1890 τις

2093 1831 2318 1887 Ioannes
2363 1845 2515 1885 suam
2570 1831 2737 1900 ipsius
2777 1839 3030 1885 naturam
3071 1830 3344 1901 superari,
3384 1829 3456 1884 ob
3496 1843 3660 1898 quam

392 1940 478 2003 εἰς
508 1938 670 1994 αὐτὸν
698 1937 985 2007 λογίσηται
1016 1934 1157 2003 ὑπὲρ
1189 1933 1218 1986 ὃ
1260 1930 1468 2002 βλέπει,
1494 1927 1528 1998 ἢ
1576 1923 1762 1978 ἀκούει
1793 1919 1855 1985 ἐξ
1880 1920 1980 1972 αὑ-

2087 1923 2439 1996 ambigebant
2472 1923 2716 1978 nonnulli
2748 1938 2815 1977 an
2847 1922 2963 1993 ipse
2992 1931 3141 1978 esset
3176 1921 3449 1986 Christus,
3477 1930 3665 1976 osten-

392 2030 515 2094 τοῦ,
548 2029 697 2099 λέγει
728 2029 825 2082 καὶ
850 2026 912 2080 τό
931 2042 947 2057 ·
989 2046 1008 2077 ι
1039 2020 1114 2079 Ub
1140 2021 1241 2077 οὐκ
1261 2024 1375 2093 εἰμὶ
1397 2018 1507 2090 ἐγὼ
1545 2017 1695 2084 ἄξιος
1723 2015 1811 2069 ἵνα
1836 2012 1984 2066 λύσω

2093 2017 2223 2071 dere
2250 2013 2438 2071 volens
2464 2024 2672 2082 quanto
2704 2012 2932 2067 inferior
2957 2022 3102 2066 esset
3149 2010 3355 2066 Christi
3388 2011 3664 2081 magnitu-

397 2120 566 2176 αὑτοῦ
591 2121 686 2177 τὸν
725 2119 927 2192 ἱμάντα
948 2117 1043 2172 τοῦ
1067 2116 1437 2187 ὑποδήματος,
1471 2130 1491 2163 ι
1522 2107 1892 2178 αἰνιττόμενος
1923 2104 1986 2159 τὸ

2093 2107 2237 2175 dine,
2278 2122 2348 2161 ne
2378 2105 2500 2175 quis
2524 2105 2592 2159 de
2623 2120 2683 2160 se
2711 2105 2971 2174 cogitaret
3001 2102 3205 2172 aliquid
3240 2116 3403 2172 supra
3440 2100 3492 2156 id
3517 2101 3666 2170 quod

395 2217 498 2287 οὐχ
521 2215 703 2280 ἱκανὸς
733 2189 874 2268 εἶναι
912 2212 1004 2266 τὸν
1034 2211 1164 2283 περὶ
1195 2209 1296 2279 τῆς
1336 2204 1777 2278 ὲνσωματὼσεως
1822 2199 1985 2255 αὐτοῦ

2098 2198 2249 2252 videt
2286 2205 2380 2250 aut
2419 2194 2570 2249 audit
2619 2209 2649 2249 a
2695 2194 3017 2263 semetipso,
3072 2192 3205 2247 dicit
3256 2193 3424 2246 etiam
3477 2189 3662 2245 illud:

394 2281 554 2379 λόγον
585 2306 772 2379 (οἱονεὶ
814 2281 1121 2376 δεδεμένον,
1171 2302 1266 2355 καὶ
1306 2298 1692 2370 κεκρυμμένον
1741 2298 1854 2361 τοῖς
1909 2295 1986 2366 μὴ

2094 2308 2113 2340 ι
2135 2287 2301 2357 Cuius
2329 2301 2437 2343 non
2478 2302 2597 2343 sum
2633 2301 2733 2358 ego
2763 2286 2959 2356 dignus
2989 2295 3048 2339 ut
3076 2283 3284 2339 solvam
3316 2284 3434 2351 ejus
3479 2281 3659 2337 corri-

394 2374 624 2471 vooﬁctj,
650 2398 810 2452 λῦσαι
841 2374 1276 2465 καὶήσαφηνίσαι,
1318 2390 1459 2445 ὣστε
1496 2388 1645 2456 ἄξιόν
1666 2406 1719 2442 τι
1763 2388 1860 2458 τῆς
1899 2404 1989 2439 το-

2093 2382 2230 2451 giam
2250 2380 2603 2435 calceamenti
2639 2379 2708 2447 “,
2733 2397 2752 2431 ι
2788 2378 2917 2433 illud
2943 2378 3179 2431 innuens
3209 2389 3269 2431 se
3293 2375 3517 2431 minime
3546 2374 3666 2431 ido-

398 2490 604 2562 σαύτης
628 2487 929 2561 ἐπιδημίας
954 2488 1035 2551 είς
1053 2484 1197 2540 οὕτω
1224 2481 1542 2555 βραχύτητα
1555 2477 1989 2548 συνεσταλμένης

398 2586 596 2638 εἰπεῖν.

2095 2489 2257 2529 neum
2294 2488 2416 2529 esse
2446 2474 2539 2543 qui
2573 2473 2641 2529 de
2663 2472 2832 2543 ipsius
2858 2471 3059 2528 Christi
3105 2469 3548 2540 incorporatione
3581 2483 3672 2523 ra-

2093 2568 2295 2621 tionem
2322 2564 2467 2640 (qua:
2497 2565 2665 2621 veluti
2708 2565 2873 2636 ligata
2913 2573 3000 2620 est
3036 2573 3092 2619 et
3134 2563 3406 2619 occultata
3452 2577 3556 2616 non
3589 2562 3674 2615 in-

396 2676 795 2748 ‘telligentihus)
850 2674 1029 2732 solvat
1093 2670 1477 2744 explicetque,
1527 2667 1749 2739 dignum
1805 2660 2011 2733 aliquid
2069 2661 2305 2718 dicendo
2359 2661 2427 2718 de
2478 2668 2629 2716 tanto
2674 2660 2914 2715 adventu
2969 2659 3023 2714 in
3084 2666 3293 2716 tantam
3347 2655 3672 2713 brevitatem

396 2776 701 2828 contracto.

473 2862 561 2917 16.
598 2863 715 2917 υύκ
744 2862 973 2932 ἄκαιρον
1016 2856 1074 2911 δὲ
1101 2852 1448 2924 ἐξετάζουσιν
1480 2852 1614 2924 ἡμῖν
1657 2849 1750 2904 τό⁸
1783 2867 1802 2900 t
1855 2845 2000 2915 Ἔγὼ

404 2948 653 3021 βαπτίζω
694 2951 752 3004 ὲν
786 2948 962 3013 ὕδατι,
998 2966 1017 2999 ι
1051 2947 1149 3010 τὰς
1187 2943 1381 3017 ὁμοίας
1419 2942 1529 2996 τῶν
1583 2936 1998 3008 Εὑαγγελιστῶν

2172 2841 2260 2897 16.
2302 2840 2508 2898 Verum
2570 2839 2854 2896 enimvero
2899 2838 3042 2895 haud
3086 2839 3461 2910 importunum
3510 2835 3676 2891 fuerit

2100 2930 2498 3002 inquirentibus
2528 2930 2687 2986 nobis
2716 2929 2848 2986 illud
2873 2945 2889 2984 :
2913 2947 2932 2981 ι
2955 2930 3067 3001 Ego
3084 2929 3138 2983 in
3161 2942 3305 2998 aqua
3327 2925 3544 2998 haptizo
3568 2925 3668 2987 ιθ.»

402 3020 753 3113 παραθέσθαι
785 3039 916 3112 περὶ
961 3036 1153 3092 τούτου
1207 3033 1403 3099 λέξεις,
1451 3032 1547 3085 καὶ
1597 3031 1885 3100 συγκρῖναι
1926 3028 1991 3098 τῇ

2099 3028 2320 3091 addere,
2351 3024 2396 3080 si
2419 3024 2549 3095 quid
2578 3023 2755 3080 simile
2790 3024 2856 3079 de
2886 3024 2991 3079 hoc
3032 3023 3273 3079 dixerint
3293 3020 3667 3092 evangelista,

406 3133 766 3209 προκειμένῃ.
805 3130 944 3203 Φησὶ
972 3130 1152 3184 τοίνυν
1192 3129 1221 3182 ὁ
1254 3125 1563 3189 Ματθαῖος,
1602 3120 1727 3176 ἰδὼν
1770 3120 2000 3185 πολλοὺς

406 3225 517 3279 τῶν
544 3221 856 3296 Φαρισαίων
882 3220 978 3275 καὶ
1016 3209 1413 3280 Σαδδουκαίων,
1460 3212 1785 3287 ἐρχομένους
1814 3209 1908 3264 ἐπὶ
1937 3209 1999 3262 τὸ

411 3319 697 3391 βάπτισμα
730 3314 896 3387 (μετὰ
923 3313 991 3367 τά
1034 3307 1410 3381 ὲπιπληκτικὰ
1458 3304 1587 3377 περὶ
1634 3297 1710 3358 ὧν
1743 3301 2000 3368 ἐξετάσα-

415 3412 562 3486 μεν,)
594 3431 614 3463 ι
667 3408 813 3478 Ἐγὼ
844 3406 945 3479 μὲν
969 3406 1117 3477 ὑμᾶς
1152 3405 1210 3459 ὲν
1232 3401 1388 3456 ὕδατι
1414 3397 1662 3471 βαπτίζω
1708 3397 1789 3459 εἰς
1819 3393 2002 3486 μετά-

412 3485 599 3560 νοιαν·
639 3506 669 3558 6
699 3503 757 3557 δὲ
796 3500 974 3554 ὀπίσω
1024 3514 1125 3570 μου
1174 3494 1472 3569 ἐρχόμενος
1513 3485 1862 3562 ἰσχυρότερός
1898 3501 2000 3557 μου

413 3602 584 3667 ἐστὶν,
614 3592 676 3653 οὗ
707 3594 810 3650 οὐκ
841 3597 962 3667 εἰμὶ
987 3592 1170 3654 ἱκανὸς
1212 3587 1282 3643 τὰ
1330 3586 1653 3657 ὑτωδήματα
1699 3581 1962 3654 βαστάσαι
1984 3596 1999 3610 ο

414 3692 578 3755 αὐτὸς
597 3691 744 3761 ὑμᾶς
772 3686 1028 3760 βαπτίσει
1055 3687 1114 3738 ὲν
1153 3680 1437 3752 Πνεύματι
1465 3677 1606 3746 ἁγίῳ
1651 3675 1743 3728 καὶ
1771 3671 1934 3743 πυρί·
1979 3691 1998 3723 ι

420 3784 714 3853 σύμφωνον
764 3780 844 3852 τῷ
889 3779 1029 3834 κατὰ
1063 3777 1316 3845 Ἰωάννην
1364 3771 1530 3839 λόγῳ,
1576 3768 1676 3839 τὴν
1716 3764 2004 3838 ὁμολογίαν

418 3877 515 3931 τοῦ
564 3878 624 3930 ὲν
661 3875 817 3929 ὕδατι
844 3872 1221 3945 βαπτίσματος
1243 3865 1382 3939 πρὸς
1414 3865 1540 3926 τοὺς
1569 3858 1919 3932 πεμφθέντας
1943 3858 2005 3909 ἐκ

417 3968 726 4041 Φαρισαίων
761 3965 991 4035 λέγοντι.
1031 3963 1091 4014 '0
1156 3959 1213 4013 δὲ
1266 3957 1514 4022 Μάρκος,
1547 3972 1566 4004 ι
1616 3950 1999 4041 Ἑκήρυσσερ»

420 4039 611 4135 φησὶν,
672 4059 957 4131 Ἰωάννης(
996 4056 1202 4124 λέγων·
1262 4051 1523 4121 Ἔρχεται
1577 4047 1606 4099 ὁ
1658 4039 2007 4135 ἰσχυρότερός

426 4132 528 4227 μου
555 4152 752 4216 ὁπίσω,
769 4146 829 4206 οὗ
840 4150 945 4202 οὐκ
969 4145 1089 4220 εἰμὶ
1109 4143 1292 4207 ἱκανὸς
1311 4140 1489 4211 κύψας
1508 4138 1665 4191 λῦσαι
1689 4135 1781 4189 τὸν
1800 4132 1998 4204 ἱμάντα

421 4226 532 4301 τῶν
561 4243 925 4315 ὑποδημάτων
952 4237 1138 4294 αὑτοῦ.
1178 4233 1321 4305 Ἐγὼ
1350 4232 1619 4287 ἐϐάπτισα
1650 4229 1797 4300 ὑμᾶς
1824 4226 1998 4291 ὕδατι,

423 4335 585 4399 αὐτὸς
612 4335 670 4388 δὲ
703 4332 955 4405 βαπτίσει
974 4329 1082 4402 (58)
1102 4328 1247 4399 ὑμᾶς
1277 4328 1335 4379 ὲν
1357 4322 1638 4394 Πνεύματι
1662 4327 1818 4397 ἀγῑφο
1834 4342 1853 4375 ι
1878 4317 2010 4390 πρὸς

2098 3127 2154 3173 ει
2174 3131 2297 3171 cum
2330 3130 2390 3172 re
2429 3131 2534 3187 qua
2562 3116 2631 3170 de
2655 3116 2831 3186 agitur
2859 3114 3134 3172 conferre.
3166 3114 3356 3184 Itaque
3382 3113 3671 3169 Matthaeus

2098 3210 2292 3278 inquit,
2323 3222 2447 3263 cum
2499 3210 2883 3278 conspexisset
2940 3208 3139 3261 multos
3181 3221 3249 3261 ex
3286 3205 3580 3262 Pharisaeis
3621 3214 3678 3261 et

2096 3316 2162 3356 ex
2205 3300 2520 3357 Sadducteis
2551 3301 2828 3355 venientes
2867 3300 2935 3355 ad
2979 3300 3308 3368 baptismum
3339 3299 3483 3369 (post
3509 3299 3676 3353 verba

2100 3393 2492 3465 increpatoria,
2518 3393 2585 3448 de
2620 3392 2821 3462 quibus
2866 3389 3316 3462 inquisivitnus):
3354 3407 3374 3441 ι
3407 3391 3518 3460 Ego
3563 3390 3681 3457 qui-

2101 3486 2222 3540 dem
2259 3498 2357 3539 vos
2385 3483 2438 3538 in
2468 3497 2605 3553 aqua
2636 3482 2851 3550 baptizo
2873 3481 2939 3534 ad
2973 3477 3410 3549 resipiscentiam
3443 3484 3540 3531 :at
3567 3475 3677 3540 ille,

2101 3575 2192 3645 qui
2222 3583 2346 3644 post
2376 3588 2463 3628 me
2497 3584 2764 3627 venturus
2812 3581 2914 3637 est,
2950 3570 3225 3640 potentior
3263 3582 3348 3623 me
3388 3575 3495 3634 est,
3528 3565 3682 3634 cujus

2104 3682 2209 3721 non
2237 3679 2356 3720 sum
2386 3663 2638 3726 idoneus,
2676 3669 2736 3714 ut
2764 3659 3128 3715 calceatuenta
3161 3667 3372 3728 portem
3397 3673 3411 3709 :
3444 3657 3558 3728 ipse
3587 3672 3682 3712 vos

2104 3756 2403 3827 baptizabit
2447 3755 2501 3809 in
2556 3751 2764 3824 Spiritu
2805 3764 2998 3808 sancto
3030 3761 3083 3805 et
3113 3750 3224 3822 igni
3251 3749 3295 3782 "
3322 3767 3337 3815 ;
3364 3767 3384 3801 ι
3418 3764 3542 3804 cum
3568 3763 3682 3803 ser-

2108 3866 2267 3916 mone
2303 3848 2531 3905 Joannis
2589 3846 2923 3902 conveniens
2971 3854 3236 3899 narrante
3282 3842 3683 3899 confessionem

2109 3940 2365 4009 baptismi
2398 3938 2449 3992 in
2488 3952 2628 4006 aqua
2653 3936 2721 3990 ad
2755 3951 2852 3990 eos
2885 3935 2979 4004 qui
3027 3933 3180 3988 missi
3212 3933 3426 3988 fuerant
3454 3946 3520 3987 ex
3544 3930 3687 3986 Pha-

2109 4032 2304 4086 risaeis.
2332 4034 2404 4085 At
2435 4028 2651 4085 Marcus
2684 4047 2698 4083 :
2737 4049 2755 4081 ι
2780 4026 3137 4091 Praedicabat,
3162 4019 3424 4091 tinquim
3448 4023 3688 4079 Joannes

2109 4121 2298 4177 dicens
2336 4118 2558 4184 :Venit,
2595 4119 2688 4189 qui
2728 4117 2921 4173 fortior
2948 4125 3035 4171 est
3076 4129 3183 4182 me,
3217 4124 3338 4183 post
3388 4129 3495 4176 me,
3532 4113 3690 4182 cujus

2111 4228 2217 4268 non
2274 4213 2434 4284 132
2488 4226 2611 4267 sum
2656 4211 2906 4274 idoneus,
2957 4217 3017 4263 ut
3075 4206 3436 4278 procumbens
3481 4205 3690 4262 solvam

2113 4307 2405 4376 corrigiam
2446 4304 2945 4361 calceamentorum
2977 4300 3115 4370 ejus.
3156 4301 3271 4371 Ego
3314 4300 3536 4369 quidem
3595 4302 3692 4354 ba-

425 4426 679 4491 πλείονας
713 4426 806 4479 καὶ
833 4423 1043 4485 πάντας
1067 4419 1193 4481 τοὺς
1222 4415 1521 4478 ἀκούοντας
1552 4411 1818 4466 διδάσκων
1843 4408 1991 4462 ταῧτι

2116 4400 2262 4470 ptizo
2290 4413 2386 4454 vos
2423 4413 2588 4467 aqua,
2620 4397 2712 4451 ille
2735 4410 2864 4451 vero
2910 4392 3206 4464 baptizahit
3237 4407 3335 4448 vos
3383 4393 3437 4446 in
3482 4391 3691 4461 Spiritu

426 4519 785 4592 κεκηρύχθαι.
829 4518 888 4568 ὐ
912 4513 970 4569 δὲ
995 4512 1211 4574 Λουκᾶς
1244 4524 1434 4579 φησιν,
1459 4506 1567 4570 ὅτι,
1598 4501 2009 4575 προσδοκῶντος

427 4613 524 4668 τοῦ
547 4609 699 4676 λαοῦ,
740 4608 837 4663 καὶ
860 4601 1315 4676 διαλογιζομένων
1345 4597 1562 4650 πάντων
1609 4596 1667 4648 ὲν
1709 4596 1829 4657 ταῖς
1878 4609 2007 4664 καρ-

428 4706 571 4769 δίαις
595 4700 776 4758 αὑτῶν
823 4699 952 4770 περὶ
997 4695 1093 4749 τοῦ
1138 4693 1406 4754 Ἰωάννου,
1445 4690 1656 4760 μήποτε
1680 4685 1844 4745 αὐτὸς
1875 4685 1959 4755 εἴη
1985 4684 2011 4735 ὁ

431 4799 685 4871 Χριστὸς,
718 4793 1054 4867 ἀπεκρίνατο
1077 4789 1251 4858 λέγων
1272 4786 1439 4838 πᾶσιν
1460 4784 1490 4835 ὁ
1532 4779 1787 4850 Ἰωάννης
1806 4794 1851 4828 ⁸(
1877 4773 2014 4843 Ἐγὼ

436 4867 536 4964 μέν
569 4890 724 4945 ὕδατι
756 4886 1003 4960 βαπτίζω
1028 4884 1174 4955 ὑμᾶς
1195 4897 1211 4912 ·
1262 4879 1480 4952 ἔρχεται
1528 4874 1587 4928 δὲ
1614 4874 1644 4927 6
1675 4867 2018 4964 ἰσχυρότερός

439 4962 563 5055 μου,
597 4976 658 5036 οὗ
687 4979 789 5035 οὐκ
816 4979 938 5048 εἰμὶ
980 4974 1164 5037 ἱκανὸς
1208 4970 1372 5024 λῦσαι
1398 4968 1491 5022 τὸν
1521 4965 1722 5038 ἱμάντα
1746 4963 1858 5016 τῶν
1887 4962 2018 5014 ὑπο-

434 5053 690 5148 δημάτων
721 5068 916 5126 αὐτοῦ’
959 5066 1132 5130 Αὐτὸς
1172 5064 1319 5137 ὑμᾶς
1364 5058 1616 5133 βαπτίσει
1650 5059 1707 5113 ἐν
1736 5053 2016 5126 Πνεύματι

436 5168 580 5240 ἁγίῳ
598 5166 695 5222 καὶ
720 5162 875 5236 πυρί,
925 5180 945 5215 ι

515 5350 604 5407 i7.
634 5349 891 5420 Ἔχοντες
923 5344 1103 5399 τοίνυν
1122 5342 1221 5407 τὰς
1251 5339 1443 5412 ὁμοίας
1489 5337 1663 5403 λέξεις
1691 5333 1798 5388 τῶν
1825 5329 2024 5385 τεσσά-

2111 4501 2302 4548 sancto
2324 4491 2368 4524 ’⁸
2390 4507 2406 4556 ;
2433 4489 2530 4545 tad
2547 4485 3141 4559 complures,etomnes
3162 4485 3444 4539 audientes
3481 4485 3687 4540 docens

2113 4586 2232 4641 haec
2260 4584 2559 4654 praedicata
2589 4580 2778 4636 fuisse.
2811 4579 3049 4635 Rursum
3091 4576 3268 4633 Lucas
3314 4578 3510 4648 inquit,
3549 4578 3694 4647 quod

2115 4685 2468 4748 exspectante
2497 4673 2718 4744 populo,
2749 4680 2806 4727 et
2825 4669 3191 4740 cogitantibus
3215 4670 3468 4723 omnibus
3496 4669 3548 4722 in
3575 4686 3696 4724 cor-

2123 4771 2283 4827 dibus
2333 4770 2449 4826 suis
2493 4768 2561 4823 de
2604 4765 2838 4828 Joanne,
2874 4779 2945 4817 an
2990 4763 3107 4831 ipse
3133 4772 3280 4817 esset
3305 4760 3576 4826 Christus,
3607 4777 3694 4816 re-

2116 4863 2404 4935 sponderit
2435 4860 2676 4916 Joannes
2712 4857 2904 4912 dicens
2932 4854 3205 4910 universis
3235 4872 3250 4908 :
3289 4871 3306 4905 ι
3332 4853 3446 4922 Ego
3474 4852 3697 4921 quidem

2121 4971 2264 5026 aqua
2314 4954 2533 5026 baptizo
2570 4965 2692 5014 vos;
2744 4950 2840 5004 sed
2886 4945 3092 5009 veniet,
3139 4944 3236 5014 qui
3289 4941 3566 5014 potentior
3614 4949 3701 4995 est

2120 5065 2229 5117 me,
2258 5048 2414 5119 cujus
2443 5060 2552 5101 non
2597 5058 2717 5099 sum
2750 5041 2980 5097 idoneus
3010 5036 3225 5094 solvere
3268 5036 3557 5106 corrigiam
3586 5033 3697 5090 cal-

2123 5149 2532 5197 ceamentorum
2571 5137 2714 5204 ejus.
2763 5133 2883 5204 Ipse
2922 5146 3020 5188 vos
3069 5129 3371 5201 baptizahit
3408 5128 3465 5183 in
3492 5127 3698 5197 Spiritu

2124 5242 2314 5293 sancto
2334 5242 2390 5288 et
2419 5233 2529 5305 igni
2547 5231 2614 5284 ".
2646 5249 2666 5288 ι

2200 5326 2292 5382 17.
2335 5325 2610 5382 Τεηεηιεε
2658 5323 2821 5394 igitur
2873 5330 3108 5391 quatuor
3135 5313 3589 5387 evangelistarmn
3626 5312 3702 5368 si-

444 5460 578 5519 ρων,
609 5406 744 5514 φέρε
762 5406 906 5495 κατά
934 5436 996 5491 τὸ
1022 5406 1250 5490 δυνατὸν
1282 5406 1478 5504 ίδωμεν
1504 5430 1608 5501 ἰδίᾳ
1634 5428 1727 5483 τὸν
1760 5423 1884 5482 νοῦν
1896 5421 1991 5478 ἑκά

2134 5419 2283 5475 milia
2328 5419 2519 5484 verba,
2580 5430 2705 5488 age,
2756 5414 3042 5472 videamus
3100 5424 3200 5482 pro
3260 5406 3405 5463 virili
3451 5419 3701 5461 seorsum

521 5621 913 5702 {'Joanaﬁﬁ.
987 5618 1031 5651 “
1053 5613 1456 5675 Baruc.tu.58.
1537 5611 1579 5643 ιδ
1599 5608 1906 5669 Joan.t.'2"’

456 5698 498 5733 "
524 5697 660 5753 Luc.
690 5692 890 5760 ttt,'16.

2007 5608 2051 5641 ιδ
2077 5604 2211 5662 ibid.
2287 5601 2332 5633 ⁸⁸
2353 5600 2486 5659 ibid.
2506 5599 2597 5658 26.
2632 5664 2638 5670 ,
2676 5597 2718 5630 ν’
2743 5592 2927 5654 Matth.
2952 5603 3035 5655 tu,
3067 5588 3154 5645 11.
3244 5585 3288 5618 η
3311 5581 3476 5639 Marc.
3505 5596 3545 5649 ι,
3579 5575 3702 5637 θιϐ.

524 5813 638 5873 (58)
660 5808 968 5868 Βαπτισει.
994 5804 1086 5864 Sic
1111 5803 1281 5861 codex
1314 5796 1677 5860 Bodleianus;
1707 5791 1874 5850 editio
1897 5788 2077 5848 Huctii
2103 5781 2377 5860 βαπτίζει.
