4194 6464
544 328 655 385 9.55

2016 323 2335 382 ORIGENIS

3717 271 3918 389 256I

552 441 984 514 iniiuscujusque
1026 440 1181 496 verbi
1224 454 1439 495 sensum
1476 448 1534 495 et
1583 437 1941 504 dill'ercntias,
1976 439 2125 493 initio

2231 457 2363 539 στης
2400 442 2495 495 καὶ
2527 440 2625 505 τὰς
2673 442 2956 514 διαφοράς,
3025 444 3322 517 ἀρξάμενοι
3357 446 3467 501 ἀπὸ
3524 446 3628 503 τοῦ
3662 448 3829 504 Ματ-

550 545 766 606 sumpto
791 553 822 590 a
858 535 1133 597 Matthazo,
1168 535 1258 603 qui
1294 536 1500 603 primus
1533 541 1852 586 czeterorum
1893 531 2129 585 traditur

552 630 909 701 Evangelinm
945 627 1235 683 tradidisse
1271 626 1511 682 Hebraeis
1537 626 1628 694 qui
1654 641 1721 679 ex
1753 624 2129 679 circumcisio-

553 742 622 779 ne
668 723 1015 778 crediderant
1049 737 1063 774 :
1099 721 1250 790 «Ego
1286 735 1401 781 vos,
1489 718 1684 788 inquit,
1760 719 1812 771 in
1850 731 1988 787 aqua
2038 716 2129 770 ba-

552 816 699 886 ptizo
727 816 795 871 ad
842 815 1298 885 resipisccntiam,
1326 830 1345 864 ι
1398 811 1563 865 veluti
1612 824 1848 880 purgans
1872 808 2128 862 etdeter-

553 923 682 965 rens
705 906 927 965 a.rebus
957 904 1135 965 malis,
1164 915 1219 957 et
1253 902 1320 957 ad
1369 900 1798 968 resipisceutiam
1844 898 2120 953 inritans:

552 1010 610 1056 ut
632 1013 932 1070 prmparem
962 998 1107 1052 enim
1139 993 1391 1066 populum
1418 993 1738 1047 instructum
1767 1006 1866 1063 ego
1898 990 2015 1044 veni
2040 992 2123 1056 ";

551 1097 607 1142 et
636 1090 705 1144 ad
734 1088 1147 1160 praeparandum
1190 1085 1363 1139 iocum
1416 1083 1803 1152 resipisccntia:
1827 1097 1921 1150 per
1952 1082 2126 1150 bapti-

551 1194 728 1234 smum
750 1186 871 1248 post
897 1192 983 1230 me
1010 1186 1263 1240 venturo,
1294 1174 1383 1244 qui
1413 1175 1515 1228 hac
1538 1174 1705 1228 eliam
1739 1175 1950 1228 ratione
1972 1173 2126 1244 longe

551 1267 831 1334 potentius
881 1264 1338 1335 prmstantiusque
1392 1277 1553 1331 quam
1604 1278 1722 1316 mea
1756 1264 1829 1317 sit
1858 1265 2122 1332 potentia,

553 1358 708 1413 vobis
751 1358 1066 1427 adjumenlo
1109 1357 1326 1412 futurus
1355 1366 1457 1410 est.
1495 1355 1777 1425 Siquidem
1821 1355 1966 1410 illius
1999 1357 2126 1425 hap-

556 1451 750 1504 tismus
781 1464 886 1504 non
943 1459 1030 1504 est
1076 1447 1396 1517 corporalis,
1423 1463 1545 1503 cum
1582 1446 1988 1514 resipiscentem
2035 1462 2124 1501 τε·

552 1546 694 1613 plcat
726 1544 964 1612 Spiritus
1005 1552 1229 1597 sanctus
1264 1542 1386 1612 igne
1422 1540 1699 1607 diviniori,
1751 1540 2011 1610 quidquid
2040 1540 2125 1594 vel

554 1637 842 1692 materiale
873 1636 959 1689 vel
999 1644 1271 1688 terrenum
1298 1634 1463 1687 fuerit
1493 1633 1823 1687 demolienle
1850 1642 1907 1688 et
1927 1648 2126 1688 consu-

2229 532 2404 595 θαίου,
2432 534 2494 597 ὃς
2534 536 2629 589 καὶ
2662 535 3023 606 παραδέδοται
3057 538 3273 609 πρῶτος
3312 539 3425 609 (59)
3452 539 3569 595 τῶν
3618 541 3836 597 λοιπῶν

2224 626 2336 687 τοῖς
2376 624 2648 695 Ἑϐραίοις
2692 624 3045 680 ἐκδεδωκέναι
3095 628 3157 680 τὺ
3199 627 3557 696 Εὑαγγέλιον,
3593 631 3717 692 τοῖς
3771 632 3841 686 ἐκ

2227 715 2530 786 περιτομῆς
2560 715 2907 770 πιστεύουσιν
2926 733 2940 747 ’
2976 736 2997 768 ι
3044 717 3185 787 Ἐγὼ
3215 718 3334 790 μὲν.
3365 721 3558 791 φησὶν,
3592 721 3750 790 ὑμᾶς
3780 723 3842 774 ἐν

2227 806 2379 861 ὕδατι
2409 808 2520 879 (40)
2539 807 2786 878 βαπτίζω
2813 811 2893 873 είς
2924 809 3238 879 μετάνοιαν,
3271 831 3289 862 ι
3309 812 3472 865 οἱονεὶ
3501 811 3838 884 καθαίρων,

2224 901 2320 953 καὶ
2340 900 2777 972 ἀποτρεπόμενος
2804 901 2912 954 ἀπὸ
2939 902 3048 954 τῶν
3072 901 3350 973 χειρόνων,
3373 904 3466 957 καὶ
3504 904 3609 956 ἐπὶ
3651 902 3840 971 μετά-

2225 1008 2371 1045 νοιαν
2400 991 2763 1064 παρακαλῶν·
2801 991 3087 1062 ἑτοιμάσαι
3117 992 3226 1064 γὰρ
3256 992 3447 1063 Κυρίῳ
3472 992 3611 1047 λαὸν
3655 1008 3835 1047 κατε-

2228 1083 2594 1152 σκευασμένον
2628 1082 2736 1151 ἐγὼ
2757 1082 3010 1155 ἐλήλυθα,
3041 1084 3136 1138 καὶ
3161 1083 3344 1154 χώραν
3371 1084 3460 1138 διὰ
3481 1085 3585 1138 τοῦ
3627 1085 3834 1155 βαπτί-

2226 1192 2430 1246 σματος
2459 1175 2557 1245 τῆς
2598 1175 2885 1246 μετανοίας
2912 1176 3232 1247 εὐτρεπίσαι
3258 1174 3335 1247 τῷ
3370 1178 3487 1245 μετ’
3518 1177 3632 1247 ἐμὲ
3656 1177 3831 1246 ἥξον-

2223 1285 2297 1331 τι,
2326 1270 2419 1322 καὶ
2440 1268 2526 1321 διὰ
2559 1267 2720 1321 τοῦτο
2754 1268 3100 1340 ἰσχυρότερον
3134 1267 3314 1339 πολλῷ
3342 1270 3442 1340 τῆς
3473 1270 3627 1341 ἐμῆς
3659 1269 3835 1323 δυνά-

2228 1378 2393 1431 μεως,
2426 1362 2521 1414 καὶ
2553 1363 2798 1431 κρεῖττον
2836 1362 2980 1431 ὑμᾶς
3003 1361 3339 1432 ὡφελήσοντι
3363 1377 3376 1390 ο
3412 1361 3473 1414 οὑ
3492 1362 3832 1431 σωματικὸν

2224 1453 2332 1524 γάρ
2362 1453 2423 1506 τὸ
2444 1454 2653 1508 ἐκείνου
2677 1454 2982 1523 βάπτισμα,
3016 1452 3107 1506 τὸν
3133 1452 3498 1524 μετανοοῦντα
3535 1452 3832 1525 πληροῦν-

2223 1563 2314 1609 τος
2338 1546 2493 1615 ἁγίου
2544 1546 2879 1615 Πνεῦματος,
2915 1545 3010 1597 καὶ
3050 1543 3320 1614 θειοτέρου
3350 1544 3522 1615 πυρὸς
3558 1546 3679 1600 πᾶν
3711 1545 3830 1598 ὑλι-

2224 1640 2317 1692 κὸν
2343 1638 2712 1708 άφανίζοντος,
2744 1638 2837 1690 καὶ
2862 1638 2969 1691 πᾶν
2992 1635 3195 1705 γεῶδες
3218 1635 3703 1701 ἐξαναλίσκοντος,
3760 1635 3826 1688 οὐ

553 1739 756 1784 mente.
792 1728 860 1782 Et
906 1729 1008 1781 hoc
1040 1742 1143 1779 non
1186 1735 1393 1779 tantum
1442 1724 1493 1779 in
1535 1740 1601 1781 eo
1627 1725 1717 1795 qui
1760 1725 1932 1794 ipsum
1960 1725 2125 1779 admi-

2227 1728 2386 1800 μόνον
2419 1728 2527 1783 ἀπὸ
2578 1728 2672 1781 τοῦ
2713 1728 3062 1799 χωρήσαντος
3111 1726 3262 1792 αὐτὸ,
3286 1725 3423 1781 ἀλλὰ
3445 1725 3544 1778 καὶ
3576 1726 3695 1778 ἀπὸ
3725 1724 3827 1779 τοῦ

550 1819 703 1882 serit,
733 1819 826 1873 sed
855 1818 1019 1871 etiam
1057 1817 1109 1869 in
1139 1832 1205 1870 eo
1239 1815 1329 1884 qui
1364 1813 1597 1870 audierit
1628 1816 1802 1886 ipsum
1838 1817 2119 1871 habentes.

2223 1822 2332 1873 τῶν
2377 1821 2609 1890 ἐχόντων
2657 1818 2965 1879 ἀκούοντος.
3036 1815 3301 1871 Τοσοῦτον
3348 1815 3407 1868 δέ
3462 1817 3621 1869 ἐστιν
3678 1814 3824 1884 ἐμοῦ

550 1910 728 1965 Tanto
757 1919 939 1963 autem
966 1920 1047 1964 est
1076 1923 1161 1962 me
1207 1906 1423 1974 fortior,
1459 1908 1551 1978 qui
1591 1918 1715 1978 post
1746 1922 1831 1963 me
1865 1920 2123 1962 venturus

2228 1914 2573 1986 ἰσχυρότερος
2597 1913 2625 1964 ό
2666 1914 2783 1982 μετ’
2811 1912 2911 1982 ἐμὲ
2946 1910 3240 1981 ἐρχόμενος
3274 1908 3409 1979 (Μ),
3439 1908 3516 1972 ὡς
3572 1906 3719 1979 μηδὲ
3753 1908 3825 1962 τὰ

547 2013 652 2069 est,
690 2011 749 2056 ut
784 2016 852 2056 ne
898 2016 961 2055 ea
1009 2002 1229 2069 quidem
1266 2016 1387 2071 qua:
1445 2002 1515 2053 ad
1560 2000 1818 2053 amictum
1876 2010 2125 2066 spectant

2224 2008 2324 2078 τῆς
2356 2006 2647 2079 περιϐολῆς
2701 2005 2808 2059 τῶν
2850 2004 2980 2074 περὶ
3024 2003 3187 2058 αὑτὸν
3213 2001 3493 2073 δυνάμεων
3531 2000 3818 2071 ἐσχάτων,

547 2104 920 2150 extremarum
968 2092 1336 2162 potentiarum
1385 2106 1504 2161 qua:
1557 2101 1684 2145 sunt
1728 2092 1871 2146 circa
1924 2094 2122 2163 ipsum,

2224 2100 2343 2169 οὐχὶ
2372 2097 2597 2169 γυμνῶν
2649 2095 3006 2165 ἐκκειμένων,
3035 2092 3177 2147 ὥστε
3222 2094 3318 2147 καὶ
3364 2092 3493 2156 τοὺς
3544 2091 3822 2161 τυχόντας

549 2196 789 2256 portare,
820 2186 904 2240 vel
954 2187 1044 2256 qui
1090 2200 1154 2240 ea
1194 2185 1490 2246 sustinent,
1522 2182 1665 2239 ferre
1715 2184 1815 2238 sim
1846 2184 2072 2242 idoneus
2106 2203 2119 2239 :

2226 2196 2362 2247 νοεῖν
2389 2190 2527 2245 αὐτὰ
2558 2188 2838 2253 δύνασθαι,
2864 2187 3050 2240 ἱκανόν
3091 2203 3159 2257 με
3186 2184 3471 2257 τυγχάνειν
3509 2183 3815 2256 βαστάσαι,

549 2296 671 2336 cum
705 2294 812 2334 non
859 2280 930 2333 ita
968 2280 1109 2351 nuda
1150 2276 1416 2347 proStent,
1443 2289 1501 2331 ut
1538 2293 1601 2331 ea
1630 2278 1773 2333 obvii
1804 2278 2006 2349 quique
2034 2278 2121 2333 in-

2228 2285 2361 2357 μηδὲ
2386 2283 2558 2337 ταῦτα
2583 2282 2954 2352 ὑπομένοντας
2980 2278 3185 2349 φέρειν.
3213 2278 3329 2332 Οὐκ
3357 2272 3473 2330 οῖδα
3502 2276 3571 2348 δὴ
3607 2275 3813 2330 ὁπότε-

2228 2397 2318 2451 ρον
2347 2378 2505 2440 εἴπω,
2537 2377 2764 2446 πότερον
2788 2375 2887 2446 τὴν
2918 2373 3118 2446 πολλήν
3145 2389 3246 2444 μου
3269 2371 3576 2436 ἀσθένειαν,
3613 2368 3686 2423 τὰ
3715 2368 3813 2422 εὐ-

2222 2471 2350 2541 τελῆ
2381 2469 2474 2524 τοῦ
2502 2466 2735 2540 Χριστοῦ
2783 2465 3065 2537 συγκρίσει
3090 2463 3199 2518 τῶν
3230 2463 3361 2535 περὶ
3394 2463 3589 2518 ἐαυτὸν
3623 2461 3813 2533 μειζό-

2223 2580 2329 2617 νων
2361 2561 2547 2633 φέρειν
2584 2558 2658 2631 μὴ
2688 2557 3017 2629 δυναμένην,
3048 2556 3082 2627 ἢ
3113 2556 3201 2609 διὰ
3248 2555 3345 2626 τὴν
3391 2554 3604 2608 ἐκείνου
3633 2554 3811 2624 ὕπερ-

2223 2653 2523 2710 ϐάλλουσαν
2554 2652 2648 2706 καὶ
2672 2650 2892 2721 μείζονα
2918 2648 3117 2712 παντὸς
3154 2646 3246 2703 τοῦ
3271 2648 3474 2719 κόσμου
3512 2645 3804 2717 θειότητα⁶

2218 2742 2329 2801 εἴτε
2361 2744 2471 2814 ἐγὼ
2499 2747 2528 2798 ό
2558 2741 2890 2815 τηλικαύτην
2915 2742 3170 2812 χωρήσας
3193 2740 3372 2813 χάριν,
3400 2740 3477 2804 ὼς
3525 2740 3625 2795 καὶ
3665 2756 3804 2811 προ-

2222 2837 2450 2909 φητείας
2473 2834 2738 2905 ὴξιῶσθαί
2764 2851 2852 2905 με,
2882 2832 3254 2904 προλεγούσης
3297 2831 3367 2886 τά
3414 2832 3546 2904 περὶ
3573 2832 3682 2903 τῆς
3725 2833 3806 2894 εἰς

2220 2930 2311 2983 τὸν
2338 2930 2450 3000 βίον
2475 2927 2581 2981 τῶν
2608 2925 2909 2998 ἀνθρώπων
2934 2924 3222 2996 ἐπιδημίας
3241 2943 3365 2994 μου,
3383 2926 3441 2978 ἐν
3459 2924 3539 2995 τῷ
3565 2943 3578 2955 ο
3618 2946 3637 2978 ι
3664 2925 3806 2996 Ἐγὼ

2221 3020 2371 3091 φωνὴ
2408 3018 2635 3091 βοῶντος
2677 3021 2735 3071 ἐν
2765 3021 2830 3091 τῇ
2866 3018 3077 3089 ἐρήμῳ,
3119 3018 3262 3075 »καί’
3286 3035 3306 3067 ι
3355 3015 3482 3070 Ἰδοὺ
3521 3017 3642 3086 ἐγὼ
3668 3019 3805 3071 άπο-

2223 3112 2425 3165 στέλλω
2443 3113 2532 3165 τὸν
2556 3110 2787 3180 ἄγγελόν
2824 3126 2923 3180 μου
2955 3109 3060 3180 πρὸ
3087 3107 3379 3180 προσώπου
3412 3126 3505 3162 σου
3524 3126 3539 3141 ’
3580 3130 3606 3161 ι
3637 3108 3801 3178 Ἐγὼ,

551 3202 711 3255 mitto
740 3203 988 3256 nuntium
1035 3217 1213 3255 meum
1256 3211 1385 3255 ante
1409 3201 1606 3255 faciem
1636 3209 1782 3254 tuam
1805 3201 1854 3231 "
1888 3216 1902 3252 :
1938 3219 1957 3251 »
1987 3200 2116 3268 Ego,

2223 3200 2281 3260 οὗ
2304 3208 2410 3276 τὴν
2435 3207 2645 3275 γένεσιν
2676 3203 2913 3277 Γαϐριὴλ
2951 3205 2980 3258 ό
3006 3201 3368 3275 παρεστηκὼς
3415 3202 3654 3257 ἐνώπιον
3704 3202 3799 3257 τοῦ

548 3292 703 3360 cujus
726 3302 905 3347 ortum
933 3292 1155 3348 Gabriel
1200 3302 1391 3348 astans
1423 3307 1606 3347 coram
1640 3291 1796 3346 altari
1828 3290 2123 3345 admirabi-

2223 3299 2355 3353 Θεοῦ
2386 3298 2703 3371 παραδόξως
2748 3296 3139 3369 εὐηγγελίσατο
3167 3296 3225 3347 ἐν
3260 3296 3409 3366 γήρᾳ
3444 3296 3801 3367 γεγενημένῳ

550 3382 674 3436 liter
719 3382 1160 3445 annuntiavit",
1188 3394 1344 3452 patre
1388 3396 1512 3436 meo
1553 3383 1606 3434 in
1659 3392 1935 3436 senectute
1964 3379 2120 3451 133

2223 3391 2299 3462 τῷ
2331 3392 2505 3463 Πατρί
2560 3408 2660 3461 μου
2680 3407 2693 3420 ·
2742 3388 2905 3458 Ἐγὼ,
2939 3391 3025 3459 ἐφ’
3057 3383 3119 3443 οὗ
3151 3386 3230 3458 τῷ
3263 3387 3486 3457 ὀνόματι
3520 3387 3799 3457 Ζαχαρίας

548 3473 874 3540 exsistente;
926 3489 1051 3546 ego,
1094 3475 1161 3528 ad
1212 3474 1371 3544 cujus
1426 3488 1622 3528 nomen
1678 3472 1973 3529 Zacharias
1999 3488 2120 3528 IDOX

2223 3486 2338 3557 ἅμα
2366 3483 2608 3538 ἀπέλαϐε
2629 3484 2729 3554 τὴν
2759 3483 2965 3552 φωνὴν,
2996 3481 3092 3535 καὶ
3113 3480 3173 3535 τῦ
3200 3478 3561 3551 προφητεύειν
3585 3479 3658 3534 δι’
3700 3479 3799 3533 αὐ-

548 3581 737 3622 vocem
779 3566 1005 3636 recepit,
1033 3575 1197 3636 atque
1221 3568 1385 3621 etiam
1417 3564 1775 3635 prophetandi
1799 3580 1998 3619 munus
2028 3580 2122 3633 per

2223 3577 2318 3647 τῆς
2337 3593 2350 3607 °
2393 3574 2554 3645 Ἐγὼ,
2584 3577 2613 3629 ὁ
2641 3575 2745 3629 ὑπὸ
2771 3574 2864 3628 τοῦ
2883 3574 3087 3645 Κυρίου
3114 3589 3216 3643 μου
3238 3571 3799 3643 μαρτυρούμενος,ὠς

551 3660 720 3729 ipsam
745 3659 821 3726 “;
862 3673 981 3730 ego,
1013 3660 1079 3713 de
1132 3675 1240 3728 quo
1286 3658 1545 3713 Dominus
1593 3656 1914 3715 testiﬁcatus
1950 3657 2119 3722 est",

2223 3664 2329 3737 ἄρα
2365 3666 2566 3733 μείζων
2598 3666 2655 3718 ἐν
2676 3666 2954 3735 γεννητοῖς
2995 3660 3272 3730 γυναικῶν
3294 3659 3429 3731 ἐμοῦ
3457 3660 3634 3723 οὐδεὶς
3663 3675 3795 3726 τυγ-

551 3753 821 3806 neminem
858 3752 1001 3806 inter
1047 3761 1207 3805 natos
1238 3752 1528 3805 tnulicrum
1561 3764 1649 3803 me
1682 3749 1941 3816 majorem
1972 3748 2120 3806 exsi-

2223 3757 2392 3827 χάνει,
2410 3757 2530 3811 οὐδὲ
2546 3758 2614 3810 τὰ
2630 3755 2949 3826 ὑποδήματα
2966 3752 3230 3824 βαστάσαι
3256 3751 3555 3824 ίκανός(42)
3575 3754 3716 3825 είμι.
3732 3750 3795 3802 Ei

549 3852 730 3908 stare;
764 3858 940 3911 neque
988 3843 1358 3897 calceamcnta
1408 3839 1526 3909 ejus
1578 3842 1806 3897 idoneus
1849 3858 1968 3896 sum
1995 3857 2123 3911 por-

2223 3848 2274 3901 δὲ
2299 3848 2375 3920 μὴ
2404 3847 2474 3901 τά
2507 3846 2849 3918 ὑποδήματα,
2874 3844 2928 3897 τί
2950 3843 3166 3898 λεκτέον
3191 3844 3319 3915 περὶ
3340 3843 3449 3896 τῶν
3478 3840 3794 3911 ἐνδυμάτων

552 3945 687 3989 tare.
722 3936 876 4001 Quod
904 3936 946 3989 si
991 3951 1095 3990 non
1141 3935 1534 4000 calceamenta,
1566 3933 1694 4004 quid
1737 3935 2024 3990 dicendum
2055 3936 2122 3991 de

2223 3940 2418 4006 αὑτοῦ;
2446 3940 2541 4005 Τίς
2569 3932 2725 4003 οὗτος
2759 3938 2869 4010 (45)
2891 3938 2950 4002 ὃς
2980 3936 3271 4009 ὁλόκληρον
3297 3934 3462 3990 αὑτοῦ
3486 3935 3547 3988 τὺ
3576 3934 3791 4004 ἱμάτιον

2219 4037 2452 4106 τηρῆσαι
2478 4035 2795 4105 δυνήσεταις
2817 4031 2933 4096 Τίς,
2959 4031 3017 4095 ὃς
3042 4032 3222 4103 νοήσει
3244 4030 3332 4083 τὸν
3357 4030 3422 4083 ἐκ
3449 4028 3556 4082 τῶν
3584 4027 3791 4084 ἄνωθεν

2218 4124 2418 4194 χιτῶνα
2465 4124 2709 4197 άρραφον
2734 4121 2823 4175 διὰ
2869 4121 2931 4174 τὸ
2972 4121 3037 4175 δι’
3075 4120 3194 4173 ὅλου
3236 4117 3469 4189 ὐφαντὺν
3501 4118 3791 4189 τυγχάνειν

2220 4214 2537 4268 καταλαϐεῖν
2569 4212 2626 4266 ὃν
2657 4212 2768 4283 ἔχει
2798 4210 2989 4279 λόγον;
3019 4208 3444 4282 Παρατηρητέον
3466 4208 3543 4272 δὲ,
3574 4210 3659 4261 ὅτι
3683 4208 3790 4260 τῶν

2218 4308 2496 4381 τεσσάρων
2506 4308 2554 4360 εί
2560 4306 2800 4377 ρηκότων
2814 4305 2874 4358 τὸ
2886 4304 2995 4378 (44)
3008 4307 3065 4357 ἐν
3084 4303 3235 4357 ὕδατι
3246 4301 3522 4373 ὁμολογεῖν
3538 4301 3790 4369 Ἰωάννην

2218 4396 2537 4469 ἐληλυθέναι
2564 4392 2868 4467 βαπτίζειν,
2895 4393 3055 4465 μόνος
3083 4391 3358 4455 Ματθαῖος
3372 4390 3547 4460 τούτῳ
3601 4388 3789 4461 προσέ-

551 2375 798 2446 telligere
840 2374 1066 2442 possint.
1110 2372 1277 2438 Igitur
1327 2387 1433 2425 non
1486 2371 1609 2425 novi
1653 2381 1832 2426 utrum
1863 2373 2012 2442 prius
2037 2373 2122 2426 di-

550 2482 693 2531 cam,
725 2480 973 2520 meamne
1002 2465 1226 2519 multam
1264 2465 1716 2531 imbecillitatem,
1751 2481 1871 2536 qua:
1911 2482 1976 2521 ne
2000 2467 2122 2519 vilia

548 2560 769 2628 quidem
795 2558 995 2613 Christi
1031 2559 1374 2627 (magnarum
1406 2572 1587 2611 rerum
1618 2557 1760 2612 circa
1790 2560 1959 2629 ipsum
1980 2559 2124 2613 exsi-

551 2650 814 2704 stentium
875 2648 1302 2718 comparatione)
1351 2648 1491 2701 ferre
1531 2656 1715 2717 queat,
1758 2664 1827 2703 an
1868 2650 2122 2703 divinita-

552 2753 661 2797 tem
719 2742 864 2796 illius
924 2742 1252 2795 eminentem
1298 2751 1350 2795 et
1402 2750 1514 2796 toto
1581 2741 1778 2795 mundo
1838 2741 2120 2811 majorem,

547 2834 988 2905 quandoquidem
1018 2851 1139 2905 ego,
1174 2836 1266 2904 qui
1315 2843 1519 2888 tantam
1560 2833 1747 2903 accepi
1791 2834 2021 2903 gratiam
2066 2842 2124 2886 ut

547 2928 835 2998 prophetia
858 2928 1057 2998 dignus
1082 2927 1297 2981 habitus
1320 2926 1536 2990 luerim,
1562 2940 1685 2996 quae
1709 2941 1887 2980 meum
1916 2926 2121 2980 adven-

553 3028 663 3073 tum
701 3019 768 3073 ad
811 3019 979 3073 vitam
1034 3019 1315 3075 hominum
1368 3017 1711 3088 praediceret,
1755 3016 1862 3072 illis
1895 3017 2117 3071 verbis:

554 3130 574 3163 ι
607 3111 718 3181 Ego
746 3126 848 3165 vox
877 3110 1167 3167 clamantis
1197 3111 1251 3163 in
1284 3110 1559 3165 deserto“
1587 3125 1604 3175 ;
1636 3128 1655 3161 ι
1688 3117 1743 3164 ct
1775 3127 1832 3162 ει
1856 3108 1995 3163 Ecce
2024 3122 2122 3175 ego

549 4027 897 4081 vestimentis
931 4026 1088 4096 ejus?
1114 4026 1247 4093 Quis
1292 4035 1474 4082 tantus
1518 4029 1611 4096 qui
1663 4036 1832 4082 totam
1864 4027 2007 4083 illius
2032 4042 2123 4083 ve-

548 4129 688 4174 stem
728 4119 1002 4173 custodire
1045 4118 1252 4186 queat?
1279 4118 1411 4185 Quis
1437 4125 1521 4171 est
1563 4117 1656 4188 qui
1684 4119 2022 4189 cogitaturus
2051 4118 2123 4172 sit

548 4227 608 4267 se
631 4212 1147 4281 comprehensurum
1188 4213 1452 4266 rationem
1484 4226 1605 4267 eam
1654 4228 1815 4282 quam
1846 4214 2011 4269 habet
2032 4224 2121 4267 tu-

550 4305 669 4359 nica
713 4318 743 4358 a
794 4319 1007 4359 summo
1058 4304 1495 4370 inconsutilis",
1526 4303 1652 4373 quia
1705 4304 1778 4359 sit
1825 4319 1920 4375 per
1952 4313 2121 4359 totum

549 4397 847 4451 contexta?
892 4397 1023 4452 lllnd
1069 4411 1201 4451 vero
1240 4396 1641 4452 observandum
1684 4397 1849 4466 quod,
1891 4405 2124 4466 quatuor

550 4488 910 4558 Evangelistis
934 4489 1237 4543 dicentibus
1268 4489 1529 4544 Joannem
1561 4488 1718 4543 fateri
1748 4502 1807 4545 se
1838 4488 2124 4543 advenisse

2223 4488 2349 4560 θηκε
2380 4491 2458 4552 τὸ,
2492 4509 2510 4541 ι
2547 4491 2625 4553 εἰς
2655 4490 2961 4559 μετάνοιαν·
2994 4508 3013 4539 ι
3049 4488 3316 4542 διδάσκων
3345 4485 3405 4539 τὸ
3434 4485 3543 4538 ἀπὸ
3569 4484 3666 4537 τοῦ
3698 4481 3791 4553 βα-

550 4578 616 4630 ad
646 4577 1031 4646 baptizandum
1075 4578 1129 4631 iu
1183 4592 1345 4647 aqua,
1383 4576 1530 4632 solus
1563 4576 1851 4632 Matthzeus
1882 4576 2008 4631 huic
2039 4577 2117 4632 rei

2223 4582 2514 4652 πτίσματος
2535 4582 2808 4653 ὠφέλειαν
2831 4581 3048 4651 ἔχεσθαι
3069 4581 3167 4651 τῆς
3189 4578 3561 4650 προαιρέσεως
3583 4575 3681 4629 τοῦ
3705 4578 3772 4646 βα

550 4669 823 4724 addiderit
843 4669 914 4734 ³⁷,
944 4688 962 4721 ι
984 4669 1050 4723 ad
1079 4670 1534 4739 resipiscentiam,
1566 4688 1585 4722 ι
1628 4669 1883 4723 nimirum
1915 4668 2119 4725 docens

2223 4672 2559 4746 πτιζομένου,
2577 4672 2656 4745 τῷ
2680 4672 3026 4744 μετανοοῦντι
3053 4672 3152 4743 μὲν
3173 4669 3551 4740 ἐγγινομένην,
3576 4667 3689 4739 (45)
3715 4665 3792 4736 τῷ

549 4764 842 4819 utilitatem
875 4763 1114 4818 futuram
1159 4763 1504 4831 baptismatis
1537 4763 1587 4818 ei
1623 4761 1714 4831 qui
1741 4777 1806 4816 ex
1838 4762 2117 4832 proposito

2223 4763 2270 4818 ss
2298 4765 2373 4838 μὴ
2409 4765 2754 4837 μετανοοῦντι
2780 4765 3057 4836 προσιόντι
3098 4765 3179 4827 είς
3206 4762 3383 4834 κρίμα
3410 4758 3792 4830 χαλεπώτερον

549 4857 940 4926 baptizaretur,
994 4875 1117 4929 qua:
1164 4860 1233 4914 ad
1267 4858 1672 4927 resipiscentem
1699 4856 2041 4925 perveniens,
2069 4854 2121 4909 ei

2223 4856 2505 4926 ἐσομένην.
2537 4854 2658 4925 Χρὴ
2688 4853 2746 4907 δὲ
2796 4852 3014 4917 εἰδέναι,
3063 4852 3166 4915 ὅτι,
3217 4850 3404 4922 ὥσπερ
3434 4850 3490 4904 αί
3521 4847 3664 4903 κατὰ
3689 4846 3788 4910 τὰς

550 4939 955 5015 ηυὶὶιοοθαθι-οι
1003 4967 1110 5006 non
1173 4951 1523 5020 resipiscens,
1572 4947 1826 5017 asperius
1851 4945 2117 5015 judicium

2223 4947 2589 5020 γεγενημένας
2615 4945 2721 4999 ὑπὸ
2750 4943 2843 4998 τοῦ
2877 4944 3128 5015 Σωτῆρος
3171 4942 3466 5015 θεραπείας
3513 4939 3787 5013 τεράστιοι

618 5082 667 5114 ⁸⁸
697 5082 826 5138 Luc.
853 5103 890 5151 I,
924 5084 1011 5137 l7.
1089 5085 1134 5117 ²¹
1165 5084 1268 5137 lsa.
1327 5098 1415 5146 XL,
1449 5084 1504 5137 5.
1533 5150 1543 5152 Α
1577 5082 1622 5113 ’⁸
1650 5079 1880 5152 Malach.
1920 5095 2000 5152 tn,
2033 5083 2084 5135 l.

2223 5085 2232 5116 ³
2259 5085 2392 5141 Luc.
2429 5102 2472 5152 ι,
2509 5084 2652 5150 7,1!
2685 5094 2741 5139 et
2767 5097 2884 5151 seq.
2962 5079 3007 5111 ’⁸
3036 5079 3165 5134 Luc.
3191 5092 3229 5144 ι,
3261 5076 3459 5143 (35.64,
3487 5074 3556 5130 67
3581 5085 3636 5129 et
3666 5087 3782 5141 seq.

553 5153 597 5183 ⁸⁵
633 5152 821 5209 Matth.
854 5171 929 5220 tu,
963 5156 1049 5210 ll.
1128 5153 1351 5209 “Joan.
1380 5150 1614 5219 xtx,~25.
1694 5152 1738 5182 ³⁷
1780 5151 1971 5207 Μυιιιι.
1999 5155 2125 5218 ttt,l

2225 5282 2376 5334 deest
2396 5278 2533 5350 εἰμί,
2559 5286 2609 5332 et
2634 5292 2759 5350 ntox
2792 5276 2984 5346 legitur
3010 5274 3087 5350 Et
3102 5272 3177 5344 μὴ
3205 5270 3315 5343 γὰρ
3340 5273 3407 5326 τά
3428 5313 3439 5329 .
3463 5279 3571 5324 etc.
3604 5267 3783 5350 Cede:

2224 5346 2549 5406 Bodleianns
2575 5349 2861 5401 lectionem
2919 5346 3092 5399 nostri
3127 5355 3306 5397 textus
3338 5349 3712 5407 reprmsentat.

2297 5418 2411 5492 (45)
2446 5421 2542 5492 Ὃς
2567 5418 2923 5492 όλᾴλκτλῃρον.
2948 5415 3039 5468 Sic
3069 5415 3240 5470 codex
3276 5411 3598 5467 liodleianus
3622 5425 3638 5473 ;
3681 5407 3783 5462 lie-

2223 5487 2949 5562 gius,malc,b‘b).6x).qpov.
3041 5553 3055 5562 _
3176 5553 3212 5562 ﬁ
3274 5552 3305 5562 __
3587 5548 3624 5562 η
3703 5547 3713 5557 ι

628 5548 642 5564 \
720 5548 735 5563 1
828 5548 833 5549 7
953 5548 1128 5551 7'777'7
1190 5548 1209 5551 ί
1250 5548 1390 5551 77"777
1440 5548 1448 5549 7
1497 5548 1505 5549 7
1574 5548 1581 5549 7
1685 5548 1723 5549 77
1777 5548 1818 5549 77

628 5603 641 5617 ⁸
1434 5618 1444 5624 δ

2223 5548 2253 5562 7
2293 5548 2405 5630 (ιι)
2440 5548 2549 5630 Ἐνί
2581 5557 2770 5630 ὕδατι.
2811 5548 2905 5611 Sic
2959 5553 3130 5609 rodex
3176 5552 3539 5618 Bodleianus,
3586 5548 3783 5619 lic-gius

622 5632 901 5706 (diiME‘t'
943 5635 1048 5705 ἐμὲ
1081 5635 1422 5704 ἐρχόμενος.
1473 5632 1563 5689 Sic
1599 5634 1718 5688 cod.
1754 5632 2115 5702 Bodleianus;

2223 5628 2805 5706 ρθιῗυςεπιξιιὲῖδύμριτι-
3014 5695 3037 5705 -

552 5687 1418 5778 οιιῖιίιίΗυοῑῇἱξξιὲτῷἱόξιενοςῖν
1613 5687 1648 5688 7
1697 5773 1730 5778 __
1763 5773 1775 5778 _
1813 5687 1852 5688 Π
1903 5687 1910 5688 7
1948 5772 1986 5778 __

2223 5687 2265 5778 ’ᾖ
2440 5688 2521 5763 Ti?)
2548 5687 2728 5778 (ﬂia)
2746 5695 3133 5778 μετανροῆγτι
3161 5691 3490 5778 ίῑροιηόνςι.
3520 5688 3593 5742 Ita
3621 5687 3781 5743 codex

621 5724 1501 5849 ξϊέ)’ἓὶίἳῖ’ἐῖεὲἒρξῗδῗετντῖῗύια
1540 5774 1593 5829 ι..
1649 5773 1888 5830 editione
1946 5772 2121 5831 lluctii

2294 5724 2407 5770 (40)
2443 5724 2521 5763 ιῳ
2548 5724 2614 5750 ve
2642 5724 2728 5766 μη
2746 5724 3067 5769 μείιιγυυινπ
3086 5724 3131 5747 ιι
3161 5724 3301 5760 aqua.
3320 5724 3490 5745 ιυνιι.
3520 5724 3555 5742 ιι

2228 5772 2591 5836 Bodleianus;
2628 5768 2847 5840 liegtus,
2893 5766 2965 5839 μὴ
2998 5764 3139 5819 οὕτω
3168 5764 3224 5817 δὲ
3266 5760 3560 5834 προσιόντι.

622 5284 734 5353 (59)
770 5286 865 5351 Ὃς
884 5288 980 5340 καὶ
1012 5285 1406 5355 παραδέδοται
1435 5283 1682 5354 πρῶτος,
1698 5294 1808 5355 etc.
1834 5283 2120 5352 Eusebius,

555 5353 694 5408 Hist.
727 5355 825 5426 lib.
863 5372 946 5420 Ill,
970 5374 1020 5411 c.
1051 5353 1145 5420 ει,
1187 5366 1243 5409 et
1289 5358 1385 5415 lib.
1434 5353 1511 5423 vi,
1565 5371 1614 5410 c.
1654 5354 1762 5421 25;
1797 5355 2121 5426 Chrysosto-

553 5443 692 5489 Inus,
724 5425 909 5484 homil.
938 5428 960 5481 i
995 5430 1047 5480 in
1079 5427 1271 5481 Matth.

621 5495 738 5564 (40)
783 5495 886 5549 Ἐν
941 5496 1131 5551 ὕδατι.
1190 5496 1520 5551 Restituitur
1561 5508 1593 5549 e
1639 5495 1826 5549 codice
1873 5494 2120 5548 Bodleia-

552 5580 622 5618 00
