4194 6402
370 372 477 427 ΞῦἹ

1423 367 1779 425 COMMENT.
1826 365 1889 419 IN
1928 364 2120 421 JOAN.
2156 364 2394 422 TOMUS
2436 367 2520 425 Vl.

3522 378 3629 435 258

367 489 645 559 δυνάμεις,
702 487 946 559 σύμϐολα
976 490 1337 559 τυγχάνουσαι
1370 488 1480 541 τῶν
1519 489 1606 543 ἀεὶ
1650 487 1809 558 Λόγῳ
1855 486 1944 539 τοῦ

2057 485 2236 540 futura
2264 498 2428 541 esset.
2462 487 2751 543 Sciendum
2782 496 2868 544 est
2899 488 3138 559 insuper,
3172 491 3630 562 quemadmodum

367 580 508 632 Θεοῦ
554 579 1049 651 ἀπαλλαττομένων
1102 580 1281 651 πάσης
1321 581 1477 633 νόσου
1514 580 1607 634 καὶ
1655 579 1947 648 μαλακίας.

368 675 526 728 οὐδὲν
547 672 709 747 ἦττον
730 676 822 729 καὶ
844 674 1170 745 σωματικῶς
1188 675 1474 745 γενόμεναι
1493 675 1603 746 (46)
1617 674 1853 745 ὤνησαν,
1872 675 1952 737 εἰς

371 767 557 821 πίστιν
588 768 1099 839 προσκα).εσάμεναι
1120 767 1246 830 τοὺς
1268 767 1722 838 εὐεργετηθέντας
1745 784 1758 797 ·
1778 766 1951 830 οὕτως

372 861 490 928 (47)
525 860 621 915 καὶ
653 861 715 913 τὸ
738 860 827 913 διά
859 857 953 913 τοῦ
988 859 1177 923 ὓδατος
1225 860 1471 932 λουτρὸν,
1509 860 1773 932 σύμϐολον
1822 875 1951 928 τυγ-

371 950 535 1022 χάνον
582 950 881 1022 καθαρσίου
909 951 1106 1021 ψυχῆς,
1158 951 1335 1005 πάντα
1385 952 1555 1025 ῥύπον
1604 953 1713 1006 ἀπὸ
1754 952 1951 1015 κακίας

369 1044 844 1115 ἀποπλυνομένης,
871 1043 1021 1097 οὐδὲν
1062 1039 1225 1116 ἦττον
1267 1045 1362 1097 καὶ
1404 1047 1525 1098 κατ’
1565 1045 1698 1098 αὐτὸ
1738 1044 1816 1115 τῷ
1847 1044 1949 1114 ἐμ-

369 1136 668 1208 παρέχοντι
700 1135 890 1189 ὲαυτὸν
920 1137 984 1206 τῇ
1015 1133 1250 1204 θειότητι
1274 1135 1374 1205 τῆς
1408 1135 1687 1206 δυνάμεως
1720 1135 1831 1187 τῶν.
1852 1135 1951 1204 τῆς

371 1227 756 1298 πρωκυνητῆς
779 1225 1009 1296 Τριάὸος
1044 1226 1383 1299 ἐπικλήσεὼν
1413 1229 1562 1280 ἐστιν
1600 1228 1633 1298 ἡ
1676 1227 1948 1297 χαρισμά-

367 1340 483 1375 των
514 1321 673 1374 θείων
705 1321 847 1393 ἀρχὴ
894 1321 987 1373 καὶ
1038 1322 1189 1391 πηγή
1212 1337 1226 1350 ο
1262 1341 1279 1371 ‹
1315 1322 1621 1392 Διαιρέσεις
1650 1321 1760 1393 γὰρ
1792 1337 1917 1390 χαρι

370 1414 594 1485 σμάτων
626 1412 752 1467 είσί,
801 1432 819 1465 t
849 1415 1137 1486 Μαρτυρεῖ
1163 1412 1220 1465 δέ
1256 1430 1356 1483 μου
1380 1412 1457 1482 τῷ
1486 1414 1629 1485 λόγῳ
1666 1417 1698 1486 ἡ
1738 1415 1794 1466 ἐν
1831 1417 1949 1477 ταῖς

366 1505 480 1558 τῶν
518 1503 833 1557 ἀποστόλων
884 1503 1155 1575 Πράξεσιν
1207 1504 1668 1576 ἀναγεγραμμένη
1717 1504 1945 1574 ἱστορία,

369 1595 504 1667 περὶ
540 1595 636 1649 τοῦ
665 1594 836 1661 οὕτως
869 1595 1112 1669 ἐναργῶς
1133 1596 1253 1649 τότε
1282 1597 1343 1649 τὸ
1372 1597 1587 1668 πνεῦμα
1614 1601 1724 1662 τοῖς
1758 1598 1948 1668 βαπτι-

365 1688 615 1761 ζομένοις
659 1689 1161 1762 ἐπιδεδημηκέναι,
1212 1692 1737 1765 προευτρεπίσαντος
1798 1690 1946 1762 αὐτῷ

365 1780 464 1833 τοῦ
498 1781 689 1844 ὓδατος
715 1784 827 1845 τοῖς
861 1782 1099 1854 γνησίως
1125 1782 1442 1854 προσιοῦσιν
1463 1784 1581 1837 ὁδόν
1597 1801 1612 1814 ·
1640 1784 1716 1848 ὡς
1738 1784 1831 1837 καὶ
1856 1784 1946 1837 τὸν

367 1873 548 1943 μάγον
578 1872 799 1943 Σίμωνα
839 1874 1257 1944 καταπλαγέντα
1287 1874 1462 1929 θέλειν
1496 1877 1594 1946 μὲν
1639 1878 1737 1947 τὴν
1788 1879 1946 1948 χάριν

365 1964 573 2036 ταύτην
601 1964 709 2018 ἀπὸ
736 1963 828 2017 τοῦ
864 1966 1070 2038 Πέτρου
1096 1966 1313 2031 λαϐεῖν,
1334 1966 1538 2022 ἐθέλειν
1574 1970 1629 2022 δὲ
1656 1969 1716 2022 τὺ
1745 1970 1945 2024 δικαιό-

365 2076 530 2112 τατον
551 2057 640 2112 διὰ
670 2057 761 2111 τοῦ
795 2062 1075 2130 μαμμωνᾶ
1122 2063 1235 2132 τῆς
1261 2061 1493 2125 ἀδικίας.
1530 2062 1640 2114 Καὶ
1694 2061 1849 2115 τοῦτο
1888 2063 1944 2117 δὲ

365 2151 875 2223 παρασημειωτέον,
911 2153 991 2205 ὅτι
1042 2153 1104 2206 τὸ
1144 2154 1392 2208 Ἰωάννου
1432 2154 1715 2225 βάπτισμα
1748 2155 1943 2209 ὑποδε-
1981 2156 2009 2206 l’

365 2243 590 2313 ἐστερον
621 2242 885 2313 ἐτύγχανε
916 2243 1010 2296 τοῦ
1039 2243 1415 2316 βαπτίσματος
1455 2244 1629 2318 Ἰησοῦ
1669 2245 1944 2317 διδομένου

365 2333 459 2387 διὰ
508 2332 618 2387 τῶν
672 2333 930 2407 μαθητῶν
964 2336 1147 2390 αὑτοῦ.
1182 2339 1246 2390 Ui
1290 2336 1422 2407 γοῦν
1456 2341 1513 2392 ἐν
1544 2341 1665 2403 ταῖς
1707 2339 1945 2411 Πράξεσι

364 2425 793 2498 βεϐαπτισμένοι
832 2429 914 2491 είς
956 2428 1017 2481 τὸ
1060 2427 1303 2483 Ἰωάννου
1358 2430 1662 2501 βάπτισμα,
1708 2432 1842 2506 μηδέ
1895 2434 1944 2485 εί

365 2517 590 2589 Πνεῦμα
624 2519 778 2587 ἅγιόν
816 2520 964 2572 ἐστιν
996 2521 1348 2585 ἀκούσαντες,
1390 2521 1740 2592 βαπτίζονται
1765 2523 1946 2576 δεύτε-

364 2628 463 2680 ρον
488 2609 593 2664 ὑπὸ
629 2610 724 2664 τοῦ
760 2606 1106 2667 Ἀποστόλου.
1155 2613 1228 2667 Τὸ
1271 2614 1378 2687 γάρ
1415 2615 1516 2685 τῆς
1539 2617 1945 2688 ὰναγεννήσεως

361 2704 428 2755 ού
463 2703 615 2775 παρὰ
649 2703 727 2775 τῷ
770 2705 1014 2777 Ἰωάννῃ,
1050 2705 1185 2759 ἀλλὰ
1219 2707 1368 2778 παρά
1395 2708 1472 2779 τῷ
1515 2708 1689 2781 Ἰησοῦ
1714 2709 1801 2762 διὰ
1832 2710 1944 2765 τῶν

364 2796 625 2866 μαθητῶν
661 2796 823 2850 αὐτοῦ
857 2797 1085 2866 ἐγίνετο,
1127 2798 1222 2853 καὶ
1276 2800 1692 2870 παλιγγενεσίας
1742 2804 1942 2872 ὀνομα-

360 2887 590 2955 ζόμενον
609 2888 851 2959 λουτρὸν,
882 2889 1023 2959 μετὰ
1043 2891 1458 2956 ἀνακαινώσεως
1476 2894 1757 2964 γινόμενον
1780 2895 1944 2948 πνεύ-

365 2995 558 3046 ματος,
590 2978 685 3031 τοῦ
718 2980 810 3032 καὶ
852 2978 947 3034 νῦν
979 2984 1394 3055 ἐπιφερομένου,
1426 2985 1610 3056 ἐπειδὴ
1645 2985 1795 3058 παρὰ
1830 2986 1941 3058 (48)

359 3068 499 3122 Θεοῦ
539 3073 719 3135 ἐστιν,
762 3073 949 3127 ἐπάνω
985 3074 1078 3127 τοῦ
1127 3069 1344 3140 ὕδατος,
1390 3076 1506 3130 ἀλλ’
1541 3078 1601 3129 ού
1633 3078 1766 3130 πᾶσι
1804 3078 1944 3147 μετὰ

359 3163 425 3215 τὸ
458 3162 603 3236 ὕδωρ
632 3165 1004 3237 ἐγγινομένου.
1039 3166 1149 3221 Καὶ
1184 3168 1357 3223 ταῦτα
1393 3169 1490 3239 μὲν
1526 3172 1607 3234 εἰς
1633 3170 1729 3242 τὴν
1758 3171 1946 3235 ἐξέτα-

363 3268 450 3309 σιν
476 3255 585 3310 τῶν
604 3257 663 3311 ἐν
690 3255 768 3328 τῷ
790 3257 931 3312 κατὰ
964 3258 1242 3313 Ματθαίον
1272 3260 1598 3332 Εὑαγγελίῳ
1623 3260 1759 3316 (49L

2058 577 2381 645 prodigiosae
2440 578 2669 634 virtutes
2725 579 2777 632 iu
2829 580 3208 636 curationibus
3257 597 3288 636 a
3336 582 3630 639 Servatore

2057 671 2235 732 factis,
2270 682 2410 725 uota:
2436 671 2767 727 exsisteutes
2789 687 3001 740 eorum,
3030 674 3121 742 qui
3149 688 3366 745 semper
3390 691 3419 730 a
3446 675 3631 749 Λόγῳ,

2058 758 2133 831 [id
2170 773 2252 815 est
2287 760 2429 817 Filio
2458 761 2577 833 Dei]
2619 763 2920 818 liberantur
2952 775 3065 820 tum
3116 768 3184 820 ab
3226 767 3374 822 omni
3413 770 3628 839 a'gritu-

2053 854 2200 919 diue,
2236 863 2349 909 tum
2394 871 2423 908 a
2468 856 2718 922 mollitie,
2749 856 3075 927 profuerunt
3103 857 3294 930 (etiam
3323 859 3627 929 corporali-

2053 963 2137 1009 ter
2175 953 2349 1021 facta)
2399 954 2691 1008 imitantes
2743 956 2811 1009 ad
2863 956 3024 1010 ﬁdem
3073 972 3167 1013 eos
3212 958 3302 1027 qui
3355 959 3623 1013 beneﬁcio

2053 1045 2453 1109 adiciebantur;
2502 1045 2576 1100 ita
2635 1045 2906 1100 lavacrum
2967 1062 3154 1115 aquae,
3213 1049 3514 1117 symbolum
3567 1057 3624 1103 et

2051 1147 2178 1191 nota
2205 1137 2469 1191 exsistens
2496 1138 2889 1206 puriﬁeationis
2927 1138 3120 1194 animze
3155 1141 3354 1194 abluta:
3400 1142 3468 1195 ab
3497 1157 3619 1195 om-

2051 1229 2105 1282 ni
2135 1230 2292 1284 sorde
2338 1229 2575 1294 malitiae,
2616 1231 2988 1294 nihilominus,
3047 1233 3208 1286 etiam
3255 1247 3321 1286 ex
3370 1247 3448 1296 se,
3496 1248 3618 1286 esse

2052 1319 2375 1390 principium
2406 1337 2469 1375 ac
2499 1321 2703 1376 fontem
2737 1337 3024 1377 munerum
3042 1323 3369 1387 divinorum,
3393 1333 3618 1392 propter

2050 1413 2343 1481 potentiam
2382 1412 2785 1467 invocationum
2826 1414 3114 1468 adorandae
3164 1414 3394 1479 Triadis,
3419 1415 3482 1468 rei
3523 1416 3615 1485 qui

2048 1516 2108 1556 se
2137 1500 2444 1555 exhibuerit
2491 1500 2699 1555 deitati.
2735 1521 2753 1552 ι
2790 1502 3090 1558 Divisiones
3142 1522 3160 1553 ι
3206 1505 3350 1557 enim
3395 1522 3414 1555 ι
3445 1505 3619 1559 dono-

2050 1608 2168 1647 rum
2196 1600 2321 1647 sunt
2341 1591 2405 1646 ¹⁸.
2433 1611 2467 1663 »κ
2487 1592 2876 1648 Testimonium
2910 1604 3089 1648 autem
3118 1596 3252 1651 meis
3268 1597 3446 1651 verbis
3475 1614 3616 1667 prte-

2048 1686 2143 1741 bet
2170 1686 2396 1742 historia
2437 1687 2491 1741 in
2532 1687 2682 1741 Actis
2718 1687 3083 1755 apostolorum
3107 1690 3150 1719 ²⁹
3192 1691 3395 1758 scripta
3431 1690 3499 1744 de
3549 1706 3615 1744 eo

2048 1779 2194 1849 quod
2245 1778 2381 1833 adeo
2427 1777 2707 1833 evidenter
2762 1788 2890 1832 tunc
2932 1780 3213 1833 advenerit
3251 1779 3488 1850 Spiritus
3530 1782 3616 1835 his

2050 1869 2142 1939 qui
2181 1868 2611 1939 baptizabantur,
2659 1878 3019 1940 praestruente
3068 1872 3208 1926 viam
3238 1889 3376 1942 aqua
3409 1875 3495 1928 his
3521 1876 3613 1944 qui

2049 1963 2258 2018 sincere
2300 1963 2368 2017 ad
2403 1962 2576 2032 ipsum
2622 1965 2989 2029 accedebant;
3034 1967 3171 2021 adeo
3209 1976 3268 2021 ut
3307 1967 3493 2022 Simon
3526 1968 3615 2022 ille

2048 2054 2235 2125 Magus
2275 2054 2684 2122 obstupelactus
2732 2057 2896 2111 vellet
2934 2074 2964 2110 a
3004 2057 3163 2112 Petro
3206 2058 3348 2113 hanc
3386 2059 3611 2129 gratiam

2050 2147 2315 2216 accipere,
2346 2147 2615 2216 velletque
2657 2165 2771 2203 rem
2803 2150 3154 2217 iustissimam
3186 2167 3285 2220 per
3303 2167 3610 2207 mammona

2050 2237 2368 2307 iniquitatis.
2417 2238 2558 2303 Quin
2611 2248 2667 2293 et
2711 2241 2814 2294 hoc
2863 2241 3083 2311 insuper
3122 2243 3418 2297 notandum
3466 2245 3611 2314 quod

2045 2325 2270 2382 Joannis
2318 2326 2617 2395 baptismus
2668 2327 2795 2382 Jesu
2843 2329 3138 2397 baptismo,
3189 2331 3334 2399 quod
3387 2333 3615 2387 dabatur

2047 2433 2145 2488 per
2179 2418 2473 2488 discipulos
2503 2419 2640 2488 ejus,
2675 2420 2901 2474 inferior
2921 2430 3055 2476 erat.
3084 2422 3186 2488 Qui
3226 2439 3354 2495 ergo
3379 2424 3434 2478 in
3465 2424 3616 2481 Actis

2046 2510 2300 2580 baptizati
2330 2518 2484 2565 erant
2520 2510 2573 2563 in
2603 2511 2825 2566 Joannis
2850 2513 3115 2581 baptismo
3136 2515 3201 2578 ³ο,
3225 2523 3281 2569 et
3314 2531 3512 2585 neque,
3543 2532 3612 2571 an

2046 2601 2278 2671 Spiritus
2320 2611 2539 2658 sanctus
2578 2612 2752 2667 esset,
2792 2605 3099 2670 audierant,
3134 2606 3314 2662 denuo
3351 2609 3419 2662 ab
3465 2610 3613 2678 Apo-

2047 2696 2184 2750 stulo
2211 2696 2576 2776 baptizantur,
2614 2697 2740 2766 quia
2766 2699 3103 2767 regeneratio
3135 2716 3245 2755 non
3278 2704 3420 2769 apud
3455 2704 3615 2776 135.

2044 2786 2329 2852 Joannem,
2357 2786 2453 2841 sed
2495 2774 2638 2856 apud
2684 2786 2870 2842 Jesum
2915 2804 3011 2858 per
3043 2793 3317 2859 apostolos
3354 2811 3482 2849 suos
3513 2774 3612 2851 tie;

2046 2878 2156 2941 bat,
2192 2887 2353 2948 atque
2392 2878 2554 2934 etiam
2586 2879 3015 2950 regenerationis
3056 2884 3199 2953 quod
3231 2885 3432 2941 dicitur
3459 2887 3611 2942 lava-

2046 2985 2223 3034 crmn,
2257 2971 2401 3039 quod
2447 2971 2608 3026 ﬁebat
2659 2988 2785 3027 cum
2833 2976 3191 3030 renovatione
3238 2978 3484 3047 spiritus,
3516 2980 3608 3050 qui

2046 3059 2206 3114 etiam
2254 3077 2402 3118 nunc
2436 3062 2722 3132 praefertur
2766 3080 2940 3133 aquae,
2977 3067 3234 3135 quoniam
3274 3084 3304 3122 a
3350 3070 3461 3124 Deo
3503 3082 3606 3136 est,

2046 3150 2138 3205 sed
2167 3167 2275 3205 non
2313 3152 2565 3208 omnibus
2602 3162 2727 3222 post
2759 3169 2950 3223 aquam
2992 3155 3339 3225 imprimitur,
3372 3168 3427 3213 et
3456 3160 3610 3231 inge-

2046 3251 2284 3296 neratur.
2317 3242 2386 3296 Et
2414 3242 2531 3296 bare
2575 3243 2795 3311 quidem
2839 3243 3122 3308 hactenus,
3156 3248 3299 3315 quod
3325 3249 3391 3303 ad
3430 3250 3609 3320 inqui-

2046 3332 2292 3387 sitionem
2336 3333 2530 3388 attinet
2567 3348 2758 3389 eorum
2785 3350 2907 3405 quae
2936 3344 3065 3390 sunt
3101 3336 3158 3391 in
3194 3338 3489 3410 Evangelio
3518 3358 3608 3397 se-

2045 3424 2277 3478 cundum
2306 3423 2635 3479 Mattbaaum.

437 3508 523 3562 18.
555 3509 696 3580 Ἤδη
747 3508 805 3563 δὲ
853 3510 948 3564 καὶ
977 3512 1048 3566 τὰ
1096 3511 1326 3584 Μάρκου
1381 3515 1828 3586 κατανοήσωμεν,
1881 3516 1941 3579 ὃς

2114 3514 2198 3569 18.
2237 3514 2469 3569 Proinde
2505 3515 2615 3584 jam
2665 3514 2901 3573 Marcum
2960 3518 3123 3574 etiam
3175 3521 3607 3588 consideremus,

361 3601 638 3674 ἀνέγραψε
663 3603 1005 3675 κηρύσσοντα
1038 3605 1128 3659 τὸν
1174 3606 1427 3676 Ἰωάννην
1462 3607 1634 3661 ταῦτα
1663 3608 1763 3679 μὲν
1797 3610 1944 3679 εἰρη-

362 3694 517 3747 κέναι
548 3694 686 3748 κατὰ
706 3695 802 3749 τό·
841 3715 859 3747 ι
900 3698 1158 3769 Ἔρχεται
1190 3700 1219 3751 ό
1252 3699 1599 3771 ἰσχυρότερός
1636 3718 1735 3770 μου
1767 3700 1942 3754 ὀπίσω

363 3803 503 3855 μου·
547 3806 565 3838 ι
604 3788 919 3860 ίσοδυναμεῖ
940 3789 1048 3862 γὰρ
1078 3789 1252 3844 ταῦτα
1280 3789 1385 3861 τῷ·
1429 3810 1448 3842 ι
1502 3793 1560 3846 ὐ
1603 3793 1778 3846 ὀπίσω
1838 3811 1940 3864 μου

358 3878 675 3951 ἐρχόμενος.
713 3882 1060 3954 ίσχυρότερός
1115 3881 1217 3953 μού
1248 3884 1397 3935 ἐστιν
1420 3900 1433 3914 ·
1467 3903 1485 3935 ι
1523 3885 1621 3938 οὐκ
1666 3885 1747 3938 ἔτι
1779 3885 1836 3940 δὲ
1875 3886 1946 3940 τὰ

359 3970 505 4024 αὐτὰ
549 3973 607 4024 ἐν
653 3971 761 4043 τῷ·
796 3991 815 4024 ί
851 3971 966 4026 Οὐκ
1009 3976 1126 4044 είμὶ
1190 3975 1375 4039 ἱκανὸς
1432 3975 1612 4045 κύψας
1643 3976 1803 4031 λῦσαι
1849 3977 1943 4032 τὸν

358 4062 564 4133 ἱμάντα
591 4062 700 4116 τῶν
735 4063 1095 4136 ὑποδημάτων
1138 4065 1325 4119 αὐτοῦ.
1361 4086 1378 4118 ι
1422 4067 1649 4137 Ἕτερον
1696 4068 1795 4138 μὲν
1834 4068 1943 4141 γὰρ

355 4153 421 4207 τὺ
474 4154 765 4223 βαστάζειν
814 4155 884 4209 τὰ
942 4157 1289 4227 ὑποδήματα,
1355 4157 1601 4229 δηλονότι
1640 4159 1741 4230 ἤδη
1782 4159 1939 4213 λελυ-

364 4245 503 4316 μένα
535 4245 646 4299 άπὸ
670 4246 780 4301 τῶν
802 4245 895 4300 τοῦ
931 4248 1318 4318 ὑποδεδεμένου
1353 4249 1530 4302 ποδῶν
1547 4265 1561 4280 ·
1594 4234 1782 4322 ’ἕτερον
1807 4251 1863 4304 δὲ
1883 4252 1945 4305 τὸ

357 4339 611 4409 κύψαντα
653 4340 815 4394 λῦσαι
864 4339 955 4395 τὸν
983 4341 1186 4412 ἱμάντα
1216 4339 1326 4393 τῶν
1354 4340 1717 4413 ὑποδημάτων
1753 4342 1940 4398 αὐτοῦ.

356 4430 471 4483 Καὶ
497 4430 793 4486 ἀκόλουθόν
818 4448 883 4499 γε
907 4430 1134 4501 μηδενὸς
1164 4429 1531 4501 σφαλλομένου
1554 4429 1663 4485 τῶν
1694 4431 1942 4503 Εὐάγγε-

352 4520 578 4585 λιστῶν,
609 4522 746 4592 μηδὲ
773 4520 1128 4593 ψευδομένου,
1163 4521 1241 4585 ὡς
1262 4520 1465 4574 εῐποιεν
1493 4522 1559 4576 ἂν
1589 4523 1639 4576 οἱ
1663 4523 1945 4577 πιστεύον-

350 4632 471 4679 τες,
494 4615 784 4687 ἀμφότερα
804 4614 947 4669 κατὰ
966 4615 1256 4687 διαφόρους
1274 4615 1500 4686 καιροὺς
1520 4615 1811 4687 εὑρηκέναι
1829 4616 1940 4687 (50)

348 4706 451 4761 τὸν
506 4706 818 4780 Βαπτιστὴν
872 4706 997 4762 καθ’
1052 4708 1239 4779 ἕτερον
1294 4707 1390 4762 καὶ
1433 4708 1620 4781 ἕτερον
1671 4705 1799 4763 νοῦν
1854 4727 1939 4763 κι-

2043 3606 2134 3675 qni
2183 3605 2562 3675 prtedicantem
2600 3607 2819 3676 quidem
2861 3609 3125 3665 Joannem
3163 3612 3352 3667 eadem
3394 3613 3611 3683 scripsit

2046 3696 2284 3760 dixisse,
2333 3696 2485 3766 juxta
2542 3695 2708 3753 illud:
2752 3716 2772 3750 ι
2809 3697 2969 3754 Venit
3022 3703 3296 3770 potentior
3351 3717 3439 3757 me
3486 3712 3611 3772 post
3668 3693 3675 3700 ’

2046 3798 2131 3837 me
2161 3785 2234 3847 ³¹;
2275 3803 2293 3835 ι
2330 3785 2445 3839 hare
2486 3786 2633 3839 enim
2683 3800 2837 3855 neque
2893 3788 3075 3842 valent
3126 3797 3288 3858 atque
3316 3804 3384 3843 ea
3410 3790 3602 3843 verba:

2048 3893 2066 3925 ι
2107 3874 2207 3941 Qui
2229 3886 2353 3946 post
2385 3893 2474 3932 me
2505 3887 2776 3933 venturus
2810 3888 2913 3943 est,
2959 3881 3237 3950 potentior
3263 3896 3350 3936 me
3379 3890 3462 3936 εει
3478 3880 3557 3947 ³²;
3584 3900 3603 3931 ι

2040 3981 2149 4020 non
2179 3968 2409 4038 amplius
2455 3985 2586 4024 vero
2614 3970 2825 4037 eadem,
2873 3971 3001 4026 dum
3050 3971 3257 4043 inquit:
3285 3992 3303 4023 ι
3331 3972 3452 4027 Non
3486 3987 3608 4027 sum

2041 4057 2268 4113 idoneus
2295 4062 2659 4129 procumbens
2700 4064 2911 4118 solvere
2938 4064 3225 4135 corrigiam
3266 4065 3608 4130 calceamen-

2043 4156 2220 4203 torum
2265 4150 2468 4220 cjus”.
2503 4172 2520 4201 ιι
2564 4153 2724 4209 Aliud
2769 4164 2854 4209 est
2891 4156 3094 4211 etenim
3140 4164 3350 4227 gestare
3396 4155 3608 4210 calcea-

2042 4251 2244 4307 menta,
2279 4242 2383 4312 iam
2418 4244 2625 4299 scilicet
2648 4246 2822 4301 soluta
2851 4264 2882 4301 a
2910 4247 3142 4317 pedibus
3165 4248 3421 4315 caleeati;
3463 4245 3609 4301 aliud

2042 4342 2233 4408 etiam,
2292 4341 2743 4412 procumbentem
2792 4342 3008 4397 solvere
3057 4341 3355 4411 corrigiam
3413 4340 3618 4394 calcea-

2043 4443 2348 4489 mentorum
2401 4433 2540 4503 eius.
2584 4434 2821 4490 Proinde
2866 4448 3213 4505 consequens
3241 4441 3346 4498 est,
3381 4431 3530 4486 nullo
3557 4446 3614 4487 et

2044 4524 2411 4597 Evangelistis
2455 4528 2537 4580 vel
2589 4526 2835 4591 fallente,
2877 4526 2962 4580 vel
3010 4525 3333 4589 mentiente,
3386 4532 3446 4579 ut
3480 4524 3626 4579 dlce-

2043 4624 2166 4669 reut
2194 4615 2288 4684 qui
2333 4616 2585 4680 credunt,
2624 4627 2860 4686 utraque
2903 4616 3207 4684 Baptistam
3234 4613 3466 4669 diversis
3487 4622 3624 4667 teut-

2043 4707 2269 4777 poribus
2300 4707 2505 4762 dixisse
2554 4707 2853 4762 secuudum
2883 4707 3046 4760 aliam
3095 4714 3151 4760 et
3181 4705 3340 4759 aliam
3389 4713 3623 4758 mentem

350 4798 617 4869 νούμενον
636 4817 649 4829 ·
677 4798 740 4853 οὐ
773 4798 885 4871 γὰρ
917 4799 1049 4871 περῖ¹
1079 4798 1188 4852 τῶν
1218 4799 1419 4865 αὐτῶν,
1453 4799 1529 4864 ὡς
1557 4799 1760 4855 οἴονταί
1797 4819 1944 4868 τινες

2045 4809 2274 4856 motum.
2305 4798 2423 4854 Non
2456 4800 2602 4854 enim
2630 4801 2696 4854 de
2720 4801 2909 4854 iisdem
2936 4800 3098 4853 rebus
3121 4798 3270 4852 varie
3303 4795 3468 4852 locuti
3498 4803 3624 4849 sunt

347 4890 406 4943 οί
434 4889 1000 4961 ἀπομνημονεύοντες,
1025 4890 1298 4963 διαφόρως
1327 4890 1634 4962 ἠνέχθησαν
1674 4891 1749 4965 μὴ
1785 4894 1944 4968 άκρι-

426 5006 516 5059 ’⁸1
555 5008 677 5062 Cor.
706 5023 805 5073 xu,
831 5008 887 5062 4.

353 5077 405 5109 ³³
440 5076 608 5132 Marc.
639 5095 679 5143 ι,
706 5080 764 5134 ’7.

427 5173 545 5241 (46)
567 5170 673 5245 Pro
693 5172 1230 5245 évqgav_perperam
1259 5174 1313 5229 in
1336 5174 1498 5230 codd.
1528 5173 1700 5245 Regio
1722 5184 1779 5228 et
1799 5174 1932 5229 Bar-

353 5239 549 5316 beriuo
577 5243 773 5316 legitur
794 5239 876 5300 ὧν
903 5239 1065 5316 ἦσαν.

424 5312 541 5385 (47)
566 5312 766 5385 οὕτως
794 5316 891 5370 καὶ
929 5312 1009 5369 ’τὸ
1042 5312 1141 5385 διὰ
1179 5313 1286 5385 τρῦ
1308 5312 1547 5381 ὕδατος,
1575 5324 1681 5370 etc.
1731 5313 1932 5370 Locum

354 5374 1003 5450 hu‘ucprol'ert'Basilius
1029 5374 1167 5439 libro
1201 5383 1276 5438 De
1305 5374 1519 5450 Spiritu.
1537 5374 1741 5447 sancto,
1760 5401 1811 5440 c.
1837 5385 1928 5441 29.

354 5453 459 5520 Qui
493 5452 667 5518 locus,
698 5460 956 5522 quoniam
993 5457 1151 5510 aliter
1195 5455 1355 5522 paulo
1387 5457 1529 5523 apud
1579 5457 1752 5522 ipsum
1809 5472 1934 5509 cou-

354 5532 547 5596 ecptus
579 5534 684 5596 est,
712 5525 809 5596 hic
832 5542 860 5579 a
899 5525 1052 5596 nobis
1080 5526 1402 5596 recitabitur
1427 5540 1440 5596 ς
1470 5525 1571 5589 "Oc
1600 5541 1663 5592 γε
1689 5525 1932 5596 ί-Ὠριγέ-

361 5595 475 5717 Ἲς)
514 5594 740 5675 κατὰτὸ
774 5595 932 5649 ἕκτον
955 5592 1110 5677 οἶμαι
1137 5594 1246 5648 τῶν
1281 5596 1360 5658 εἰς
1392 5594 1454 5647 τὺ
1496 5596 1637 5648 κατὰ
1688 5592 1937 5664 Ἰωάννην

353 5664 422 5737 Ε-
434 5666 591 5737 aut:
609 5681 690 5720 ιον
760 5666 1167 5737 Ἐξηγητικων,
1215 5665 1309 5737 καὶ
1379 5664 1751 5737 προσκυνητὸν
1804 5666 1937 5719 αὐτὸ

353 5698 497 5732 “ut,
522 5698 690 5733 ιιιιυν
779 5698 1167 5738 υςιηιιίιυιων,
1218 5698 1309 5718 ιιι...
1381 5698 1750 5735 νιιρυυιιυνιμυν
1804 5698 1934 5719 ww

353 5733 623 5813 (ﬂventia
651 5741 812 5813 ῆγιον)
838 5736 1447 5813 φανερῶς-ἀπεφήνατρ,
1467 5736 1667 5813 οὑτωσὶ
1705 5736 1934 5813 γράφων

353 5751 603 5855 tumuti.
651 5751 812 5813 iytov)
842 5752 1092 5808 φανερως
1114 5751 1447 5805 απεφηνατο,
1467 5751 1667 5788 ουτωσι
1705 5751 1934 5805 γράφων

352 5804 522 5888 κατὰ,
566 5804 677 5870 έξιν
700 5830 712 5841 ο
743 5813 864 5888 :07;
891 5806 977 5888 ,τὸ
1017 5805 1347 5888 τοῦΟῦδατος
1398 5805 1620 5888 λουτρὸν
1668 5805 1935 5888 σύμϐοξεον

353 5875 670 5954 τυγχάνει..
706 5881 821 5948 αθαι
846 5876 969 5929 σίου
1009 5874 1208 5946 ψυχῆς,
1256 5876 1435 5930 πάντα
1477 5874 1647 5945 ῥύπον
1702 5874 1794 5928 τὸν
1834 5876 1939 5930 ἀπὸ

1004 5010 1050 5042 ’⁸
1085 5009 1209 5065 Act.
1248 5024 1367 5077 vm,
1396 5008 1464 5063 15
1493 5018 1550 5064 et
1580 5024 1698 5080 seq.

1811 5011 1859 5045 ³ο
1884 5013 2006 5070 Act.
2034 5029 2148 5081 χιχ,
2175 5013 2213 5068 2
2247 5021 2302 5069 et
2329 5028 2448 5084 seq.

2044 4890 2431 4962 Evangelistaa,
2479 4902 2537 4946 ut
2576 4893 2795 4961 quidam
2837 4890 3184 4961 expositores
3219 4897 3430 4961 putant,
3458 4902 3623 4942 accu-

2561 5013 2606 5045 ³¹
2641 5012 2810 5068 Marc.
2847 5028 2886 5078 t,
2920 5011 2977 5066 7.
3089 5008 3134 5040 ³¹
3176 5003 3367 5060 Matth.
3409 5016 3493 5067 ιιι,
3532 5001 3621 5055 Η.

2044 5175 2241 5253 κακίας
2271 5175 2774 5253 -άποπλυνιαμένηςμ
2834 5173 3016 5253 Ούδένῌ
3043 5172 3099 5253 δὲ
3130 5167 3303 5253 ,ἦττον
3350 5171 3445 5253 καὶ
3500 5168 3623 5225 καθ’

2043 5247 2202 5301 ἑαυτὸ
2228 5246 2307 5317 τῷ
2338 5243 3022 5318 ἐμπαρέχοντιλὲαυᾲτὸν-τῇ
3056 5243 3266 5318 θεότητι
3289 5243 3430 5318 *τῆς*
3451 5258 3624 5318 προσ.

2041 5311 2648 5389 κυνητῆςΤριάδός-διά
2682 5317 2785 5386 τῆς
2824 5311 3104 5389 δυνάμεως
3131 5311 3242 5368 τῶν
3284 5311 3627 5382 ἐπικλήσεων

2040 5387 2400 5461 χαρισμάτων
2423 5387 2597 5459 ἀρχὴν
2614 5388 2730 5458 ἔχει
2759 5387 2854 5440 καὶ
2886 5390 3090 5456 πηγήν.

2110 5482 2224 5551 (48)
2264 5481 2453 5550 Παρὰ.
2488 5483 2562 5537 lta
2590 5486 2762 5540 codex
2796 5480 3151 5542 Bodleiauus;
3171 5476 3375 5546 Regius
3405 5485 3458 5531 et
3484 5472 3624 5528 Bar-

2041 5553 2285 5611 berinus.
2318 5553 2466 5623 περί.

2115 5642 2227 5715 (49)
2254 5642 2615 5715 Εὐαγγελίῳ.
2652 5641 2898 5715 Deesthin
2932 5642 3091 5715 cold.
3114 5636 3298 5715 ΔΒεείο
3329 5646 3384 5692 et
3423 5635 3622 5694 Barba-

2042 5711 2188 5778 riu'o,
2209 5711 2311 5767 sed
2344 5711 2648 5768 restituitur
2679 5728 2710 5765 e
2730 5711 2917 5765 codice
2949 5711 3254 5765 Bodleiano.

2255 5765 2972 5872 cheudum
3015 5800 3227 5857 videtur
3262 5811 3384 5855 cum
3422 5795 3621 5850 Ferra-
3658 5765 3662 5770 ’

2046 5876 2150 5944 rio,
2177 5873 2472 5947 εἰρηκέναι.
