4194 6402
438 365 539 421 261

1464 354 1821 412 COMMENT.
1863 351 1936 407 IN
1970 352 2165 409 JOAN.
2204 352 2443 410 TOMUS
2478 352 2564 409 Vl.

3601 355 3710 414 262

438 454 603 512 αὑτοῦ
633 452 945 522 ἐπιδημίαν,
973 453 1063 505 ὅτε
1096 451 1188 505 τὸν
1221 450 1507 522 ἄνθρωπον
1546 450 1853 519 ὑπεδήσατο
1883 447 2016 517 (55).

2130 444 2342 515 ligavit,
2378 446 2545 500 etiam
2582 452 2857 499 mortuum
2896 441 3123 515 ligavit:
3159 464 3178 497 ι
3212 444 3269 501 In
3305 447 3408 502 hoc
3440 448 3585 505 enim
3617 449 3698 507 Je-

453 549 516 601 Ὀ
546 548 603 601 δὲ
636 547 725 601 τὸν
758 544 1044 617 ἄνθρωπον
1079 544 1487 616 ὑποδησάμενος
1534 542 1632 598 καὶ
1680 542 1774 594 τὸν
1828 539 2020 611 νεκρὸν

440 640 773 710 ὑπεδήσατο·
815 656 834 690 t
864 638 960 700 Εἰς
991 636 1150 689 τοῦτο
1210 634 1318 706 γὰρ
1364 632 1573 705 Ἰησοῦς
1622 630 1883 697 ἀπέθανε,
1926 629 2021 682 καὶ

439 733 664 803 ἀνέστη,
692 732 779 785 ἵνα
811 730 905 783 καὶ
932 728 1144 800 νεκρῶν
1176 728 1271 782 καὶ
1299 726 1517 791 ζώντων
1566 724 1852 798 κυριεύσῃ·
1884 742 1902 774 ι
1925 721 2025 775 καὶ

438 826 527 880 διὰ
550 823 710 878 τοῦτο
737 823 916 888 ζῶντα
945 822 1040 875 καὶ
1072 821 1263 892 νεκρὸν
1292 820 1618 890 ὑπεδήσατο,
1650 816 1900 870 τουτέστι
1928 813 2021 867 τὸν

438 916 500 969 ἐν
531 917 625 985 γῇ,
657 915 753 967 καὶ
784 913 875 965 τὸν
914 914 970 964 ὲν
1008 911 1131 983 ᾅδου
1156 950 1169 973 ,
1204 911 1291 963 ἴνα
1323 911 1420 963 καὶ
1442 908 1653 981 νεκρῶν
1683 908 1780 962 καὶ
1804 904 2019 971 ζώντων

438 1005 722 1076 κυριεύσῃ.
746 1003 842 1066 Τίς
863 1000 957 1055 οὖν
987 1002 1093 1074 ἄρα
1118 1000 1299 1063 ἱκανὸς
1323 998 1503 1069 κύψας
1522 998 1680 1052 λῦσαι
1702 998 1791 1052 τὸν
1821 997 2020 1068 ἱμάντα

437 1097 548 1151 τῶν
594 1096 851 1151 τοιούτων
900 1094 1285 1166 ὑποδημάτων,
1350 1095 1446 1148 καὶ
1495 1093 1664 1156 λύσας
1711 1092 1787 1164 μὴ
1821 1093 2017 1154 ἐᾶσαι,

437 1190 573 1246 ἀλλὰ
606 1189 747 1244 κατὰ
789 1187 1046 1258 δευτέραν
1078 1186 1368 1259 ἰκανότητα
1401 1185 1690 1239 ἀναλαϐεῖν
1719 1184 1879 1248 αὑτὰ,
1922 1183 2019 1236 καὶ

441 1281 739 1353 βαστάσαι,
783 1279 875 1333 διὰ
919 1277 1014 1332 τοῦ
1061 1281 1119 1332 ὲν
1149 1280 1229 1350 τῇΔ
1267 1279 1454 1350 μνήμῃ
1486 1278 1803 1351 περιφέρειν
1832 1275 1901 1331 τὰ
1932 1293 2018 1330 νε-

440 1373 679 1442 ναημένα
699 1388 714 1437 ;

509 1464 597 1518 19.
637 1464 730 1535 Μὴ
758 1461 1115 1529 ἀνεξέταστον
1144 1461 1201 1514 δὲ
1230 1461 1407 1515 ἐάσθω
1438 1460 1498 1513 τὸ
1541 1460 1710 1531 χωρὶς
1739 1459 1835 1513 τοῦ
1870 1477 1888 1510 t
1917 1458 2015 1511 κύ-

435 1554 543 1624 ψας
570 1573 590 1605 ι
623 1552 827 1625 ὁμοίως
859 1552 1011 1625 παρὰ
1059 1551 1137 1623 τῷ
1172 1554 1357 1624 Λουκᾷ
1398 1552 1495 1606 καὶ
1533 1553 1753 1624 Ἰωάννῃ
1791 1551 2017 1621 εἰρημέ-

436 1662 545 1698 νον.
572 1646 683 1699 Καὶ
728 1644 870 1715 τάχα
920 1644 1191 1715 ἐνδέχεται
1227 1644 1325 1714 μὲν
1368 1644 1617 1714 κύψαντα
1662 1642 1818 1697 λῦσαι
1876 1643 2017 1697 κατὰ

436 1733 498 1789 τὸ
524 1734 939 1807 προειρημένον·
969 1734 1187 1788 δυνατὸν
1224 1734 1280 1787 δὲ
1311 1735 1440 1800 καὶ,
1492 1735 1553 1788 τὸ
1582 1735 1870 1805 ἀνάστημα
1922 1732 2013 1787 τοῦ

436 1827 546 1882 ἀπὸ
574 1828 670 1881 τοῦ
720 1828 899 1897 Λόγου
939 1829 1258 1901 ἐπάρματος
1289 1826 1621 1895 φυλάττοντα
1640 1870 1653 1889 ,
1705 1827 1884 1898 εὑρεῖν
1914 1826 2010 1898 τὴν
2045 1807 2087 1865 Β

438 1921 591 1976 λύσιν
633 1922 742 1976 τῶν
774 1924 834 1976 ἐν
862 1922 942 1994 τῷ
984 1921 1262 1993 ζητεῖσθαι
1294 1920 1591 1991 δεδεμένων
1626 1920 2006 1992 ὑποδημάτων·

436 2014 546 2078 ἶνα,
583 2016 653 2070 τὰ
684 2017 826 2071 αὑτά
850 2034 935 2080 τις
967 2016 1133 2077 λύσας
1165 2013 1271 2067 τῶν
1312 2013 1594 2085 χωριστῶν
1623 2012 2007 2082 ὑποδημάτων,

437 2102 520 2176 ῐδῃ
549 2107 717 2175 Λόγον
744 2107 951 2179 γυμνὸν
980 2106 1089 2159 τῶν
1118 2102 1518 2178 ὑποδεεστέρων
1552 2101 1672 2156 καθ’
1696 2099 1857 2154 αὑτὸν
1883 2100 2009 2154 Υἱὺν

434 2198 530 2252 τοῦ
555 2199 712 2254 Θεοῦ.

503 2375 595 2433 20.
636 2377 712 2431 Οὑ
739 2375 937 2430 ταυτὸν
975 2376 1031 2430 δὲ
1059 2376 1120 2430 τὸ
1164 2396 1183 2428 ι
1217 2376 1289 2449 μὴ
1325 2372 1463 2430 εἶναι
1494 2376 1679 2430 ἱκανὸν
1704 2396 1723 2428 ι
1767 2375 1846 2447 τῷ
1884 2395 1902 2428 ι
1935 2376 2009 2448 μὴ

435 2466 575 2525 εἶναι
623 2470 835 2537 ἀξιον,ι
875 2472 1178 2541 ἀναγράφει
1219 2472 1246 2523 ὁ
1292 2471 1577 2540 Ἰωάννης·
1630 2469 1853 2522 δυνατὸν
1903 2468 2011 2538 γάρ

438 2562 513 2634 μὴ
541 2562 667 2617 ὄντα
694 2562 844 2628 ἄξιον
874 2560 1124 2629 γενέσθαι
1151 2562 1334 2615 ἱκανόν
1354 2578 1366 2591 ·
1402 2560 1624 2615 δυνατὸν
1652 2560 1709 2613 δὲ
1743 2561 1836 2613 καὶ
1861 2557 2010 2624 ἄξιον

431 2652 563 2708 ὄντα
622 2653 848 2725 μηδέπω
900 2649 1038 2707 εἶναι
1081 2654 1285 2708 ἱκανόν.
1344 2655 1407 2707 Εἰ
1454 2654 1563 2725 γὰρ
1593 2654 1705 2706 καὶ
1762 2651 1900 2725 πρὸς
1949 2651 2012 2704 τὸ

435 2747 710 2818 συμφέρον
736 2746 934 2800 δίδοται
970 2746 1040 2800 τὰ
1071 2747 1384 2818 χαρίσματα
1403 2787 1417 2811 ,
1454 2746 1548 2800 καὶ
1578 2746 1639 2798 οὑ
1672 2746 1830 2816 μόνον
1871 2744 2013 2798 κατὰ

433 2841 535 2910 τὴν
586 2839 880 2908 ἀναλογίαν
930 2839 1032 2908 τῆς
1079 2838 1343 2904 πίστεως,
1392 2837 1772 2910 φιλανθρώπου
1812 2838 1878 2892 ἂν
1924 2837 2010 2910 εἴη

432 2930 567 2983 Θεοῦ
630 2930 823 3001 ἔργον,
876 2930 1264 3003 προορωμένου
1334 2928 1538 3000 βλάϐην
1589 2929 1697 2983 άπὸ
1749 2929 2013 3000 οἰήματος

432 3022 990 3095 ἑπακολουθήσοντος,
1034 3024 1067 3094 ἢ
1101 3022 1454 3092 φυσιώσεως,
1492 3022 1553 3075 τὸ
1603 3022 1697 3075 καὶ
1740 3020 1819 3092 τῷ
1876 3019 2013 3091 ἀξίῳ

434 3117 566 3170 ποτὲ
617 3117 693 3189 μὴ
745 3117 948 3173 διδόναι
1001 3118 1101 3191 τὴν
1160 3118 1470 3190 ἱκανότητα.
1532 3117 1747 3171 Οἰκεῖον
1800 3115 1856 3168 δὲ
1915 3115 2013 3185 τῆς

433 3210 797 3280 χρηστότητος
835 3210 931 3263 τοῦ
963 3209 1097 3263 Θεοῦ
1146 3211 1302 3281 νικᾷν
1346 3211 1403 3263 ἐν
1434 3209 1514 3280 τῷ
1564 3209 1872 3280 εὐεργετεῖν
1921 3206 2012 3260 τὸν

433 3301 886 3373 εὐεργετούμενον
931 3302 1385 3374 προλαμϐάνοντα
1419 3302 1508 3354 τὸν
1540 3301 1798 3373 ἐσόμενον
1840 3299 2009 3366 ἄξιον,

434 3392 529 3445 καὶ
561 3392 692 3465 πρὶν
732 3394 957 3465 γένηται
994 3394 1143 3458 ἄξιος
1177 3392 1488 3465 κοσμοῦντα
1536 3393 1698 3447 αὑτὸν
1730 3396 1795 3465 τῇ
1836 3393 2014 3447 ἱκανό-

432 3499 577 3555 τητι,
602 3485 691 3538 ἵνα
726 3486 865 3556 μετὰ
890 3486 992 3556 τὴν
1038 3485 1330 3557 ἱκανότητα
1362 3485 1491 3558 ἔλθῃ
1533 3486 1626 3539 ἐπὶ
1658 3484 1719 3540 τὸ
1757 3485 2012 3555 γενέσθαι

431 3574 602 3643 ἄξιος,
633 3578 729 3631 καὶ
762 3578 837 3649 μὴ
871 3579 1087 3642 πάντως
1115 3578 1227 3649 (57)
1259 3578 1366 3631 ἀπὸ
1386 3578 1479 3631 τοῦ
1517 3574 1657 3632 εἶναι
1688 3578 1835 3644 ἄξιος
1878 3578 2012 3648 φθά-

432 3687 540 3724 νων
585 3671 679 3724 τὸν
710 3670 1072 3743 δωρούμενον,
1109 3670 1204 3723 καὶ
1254 3669 1542 3741 προλαϐὼν
1576 3669 1742 3723 αὑτοῦ
1776 3669 1874 3734 τὰς
1915 3670 2013 3740 χά-

434 3777 608 3834 ριτας,
636 3762 766 3836 ἔλθῃ
795 3764 888 3817 ἐπὶ
914 3763 976 3817 τὺ
1003 3761 1258 3832 γενέσθαι
1294 3762 1492 3826 ἱκανός.
1536 3763 1594 3815 '0
1622 3762 1800 3815 τοίνυν
1841 3762 2013 3816 Ἰωάν-

434 3868 529 3922 νης
565 3854 700 3922 φησι
742 3852 895 3926 παρὰ
940 3854 1039 3925 μὲν
1089 3858 1204 3918 τοῖς
1247 3853 1423 3925 τρισὶν
1465 3852 1567 3906 οὑκ
1604 3847 1742 3905 εἶναι
1793 3851 2007 3914 ἱκανὸς,

434 3943 586 4015 παρὰ
636 3943 694 3996 δὲ
748 3943 827 4016 τῷ
868 3945 1089 4016 Ἰωάννῃ
1138 3945 1241 4000 οὐκ
1290 3940 1432 3999 εἶναι
1494 3942 1665 4009 ἄξιος.
1716 3944 1829 3998 Οὑκ
1875 3944 2009 3997 ἀπο-

435 4037 672 4090 κλείεται
701 4036 759 4091 δὲ
789 4038 848 4102 ὃς
880 4053 944 4106 γε
982 4034 1177 4107 ἔλεγεν
1222 4036 1436 4091 οὑδέπω
1486 4035 1563 4089 ὣν
1624 4036 1807 4099 ἱκανὸς
1854 4052 2011 4104 γεγο-

429 4130 579 4183 νέναι
611 4130 816 4195 ἱκανὸς,
846 4132 894 4184 ει
929 4131 1022 4184 καὶ
1061 4130 1136 4201 μὴ
1164 4128 1313 4194 ἄξιός
1344 4147 1430 4182 πω
1457 4124 1525 4201 ἦν
1544 4145 1558 4159 ·
1600 4129 1694 4183 καὶ
1728 4128 1889 4181 πάλιν
1923 4130 2008 4183 ὅτε

435 4218 617 4289 ἔλεγεν
642 4220 744 4274 οὑκ
774 4216 916 4273 εἶναι
947 4219 1097 4286 ἄξιος
1135 4219 1236 4272 οὑκ
1273 4216 1349 4271 ὢν
1379 4216 1548 4283 ἄξιος,
1596 4217 1892 4287 ἐφθακέναι
1920 4220 2009 4270 ἐπὶ

440 4311 493 4365 τὺ
520 4311 803 4382 γεγονέναι
841 4312 991 4378 ἄξιος
1010 4328 1023 4341 ·
1066 4313 1115 4364 εἰ
1152 4310 1227 4382 μὴ
1259 4310 1367 4382 ἄρα
1396 4327 1481 4374 τις
1512 4312 1629 4383 ἐρεῖ
1660 4309 1753 4364 ἐπὶ
1796 4311 1859 4363 τὸ
1892 4312 2008 4365 κατ’

2120 551 2213 591 sus
2242 546 2492 592 mortuus
2513 546 2618 601 est,
2641 546 2698 592 et
2720 539 3046 604 resurrexit,
3073 547 3131 591 ut
3156 549 3211 592 et
3252 541 3486 594 mortuis
3532 550 3589 597 et
3621 544 3701 595 vi-

2118 631 2373 688 ventibus
2406 632 2718 687 dominetur
2747 631 2829 695 ⁸⁸;
2874 651 2892 684 ι
2928 630 3083 704 [(56)
3107 632 3179 685 ob
3216 646 3449 702 eamque
3475 647 3702 689 causam

2118 735 2176 779 et
2210 724 2396 778 vivum
2442 734 2496 778 et
2525 731 2799 779 mortuum
2828 724 3034 793 ligavit,
3064 723 3121 777 id
3146 732 3230 777 est
3265 732 3321 777 et
3362 738 3485 777 eum
3518 724 3610 794 qui
3650 725 3702 777 in

2122 825 2287 881 terra,
2308 825 2501 870 etcum
2533 816 2627 885 qui
2655 828 2738 870 eSt
2752 815 2893 884 apud
2909 815 3138 892 inferos,
3176 824 3238 869 ut
3268 824 3323 871 et
3352 816 3407 870 in
3436 817 3577 872 vivis
3606 817 3697 871 do-

2117 907 2358 959 minetur
2384 915 2441 961 et
2469 906 2524 960 in
2555 905 2837 978 mortuis]
2868 905 3001 973 Quis
3047 920 3176 978 ergo
3208 906 3437 961 idoneus
3466 918 3553 962 est
3572 921 3695 977 pro-

2117 998 2383 1052 cumbens
2412 997 2629 1053 solvere
2646 999 2936 1068 corrigiam
2963 998 3151 1053 talium
3179 999 3694 1065 calceamentorum,

2117 1105 2288 1159 eaque
2313 1090 2492 1146 soluta
2522 1105 2630 1145 non
2659 1091 3071 1155 dimittere,scd
3105 1106 3169 1147 ex
3202 1092 3371 1146 altera
3398 1092 3694 1149 idoneitate

2116 1198 2177 1238 ea
2221 1183 2465 1253 recipere
2494 1192 2549 1237 et
2580 1198 2817 1251 chtare,
2842 1198 2908 1240 eo
2933 1185 3077 1255 quod
3112 1185 3466 1241 circumferat
3493 1184 3549 1241 in
3574 1199 3691 1239 me-

2117 1276 2288 1329 moria
2320 1290 2441 1346 qu;e
2471 1275 2850 1332 intellexerit?

2186 1476 2273 1532 l9.
2306 1476 2417 1532 Nec
2439 1476 2570 1533 illud
2596 1477 2806 1534 sinatur
2833 1479 3123 1544 intactum,
3151 1479 3375 1547 Lucam,
3407 1479 3690 1536 similiter-

2120 1585 2225 1640 que
2252 1569 2514 1625 Joannem
2566 1586 2776 1639 vocem,
2809 1591 2827 1622 ι
2866 1573 3233 1641 procumbens
3268 1572 3337 1638 ",
3368 1591 3386 1624 ι
3416 1572 3689 1627 omisisse.

2120 1664 2187 1716 Et
2218 1662 2470 1717 fortassis
2515 1663 2737 1731 quidem
2772 1665 3039 1734 contingit
3068 1672 3126 1717 ut
3167 1665 3258 1734 qni
3313 1663 3688 1734 procubuerit,

2115 1756 2492 1822 solvat,juxta
2526 1755 2579 1811 id
2609 1755 2753 1825 quod
2794 1764 2879 1810 est
2910 1755 3154 1820 dictum;
3194 1756 3290 1811 sed
3336 1755 3499 1811 facile
3544 1754 3687 1810 factu

2114 1854 2198 1901 est
2227 1848 2390 1899 etiam
2420 1855 2480 1901 ut
2518 1846 2610 1917 qui
2656 1848 2912 1900 observat
2955 1844 3299 1900 altitudinem
3330 1845 3598 1900 intervalli
3633 1856 3691 1900 et

2115 1938 2276 2008 Spatii
2315 1938 2636 1993 cxsistentis
2669 1953 2698 1991 a
2741 1939 2900 2008 Λόγῳ
2927 1936 3088 2009 [Filio
3114 1934 3257 2007 Dei,]
3295 1936 3538 1992 inveniat
3573 1937 3689 1992 cal-

2114 2039 2521 2085 ceamentorum
2567 2029 2915 2095 solutionem,
2967 2043 3107 2097 quzc,
3144 2044 3266 2082 cum
3299 2029 3422 2098 quis
3449 2043 3509 2081 ea
3536 2044 3688 2098 qua:-

2113 2123 2203 2186 rit,
2242 2122 2404 2192 ligata
2434 2131 2722 2189 apparent,
2776 2130 2835 2174 ut
2869 2136 2931 2175 ea
2976 2119 3099 2190 quis
3130 2136 3253 2175 cum
3309 2119 3533 2175 solverit
3575 2121 3687 2175 cal-

2112 2222 2415 2277 ceamcnta,
2448 2225 2569 2280 qua:
2602 2211 2932 2280 separabilia
2978 2220 3125 2277 sunt,
3156 2211 3340 2265 videat
3366 2209 3535 2279 Λόγον
3567 2209 3688 2283 [Dei

2112 2300 2332 2372 Filium]
2365 2315 2460 2370 per
2494 2313 2552 2354 se
2592 2301 2798 2353 nudum
2834 2298 2999 2354 rebus
3027 2298 3402 2354 inferioribus.

2188 2393 2347 2464 136
2390 2392 2480 2446 ‘20.
2520 2390 2817 2447 Perscribit
2867 2401 3043 2447 autem
3092 2390 3328 2447 Joannes
3353 2389 3400 2422 ³⁸
3443 2406 3459 2445 :
3500 2407 3520 2441 ‹
3569 2388 3689 2445 Non

2112 2502 2233 2540 sum
2259 2502 2358 2553 ego
2389 2484 2604 2555 dignus,
2646 2504 2663 2536 ι
2692 2485 2836 2554 (ιιιοά
2860 2484 3002 2540 idem
3036 2499 3142 2539 non
3179 2492 3263 2539 est
3290 2498 3414 2538 cum
3435 2481 3540 2538 illis
3567 2497 3690 2537 ver-

2113 2578 2199 2632 bis
2228 2576 2272 2609 ³⁹
2302 2594 2319 2631 :
2359 2594 2379 2629 ί
2419 2575 2537 2631 Non
2569 2591 2690 2632 sum
2719 2591 2819 2648 ego
2844 2576 3104 2645 idoneus;
3133 2594 3152 2628 ι
3190 2575 3306 2630 ﬁeri
3341 2575 3693 2645 enimpotest

2113 2668 2280 2739 utqui
2309 2669 2503 2739 dignus
2520 2684 2625 2723 non
2657 2669 2840 2732 sit,sit
2864 2669 3340 2735 idoneus;contra
3370 2668 3462 2737 qui
3496 2668 3691 2738 dignus

2112 2758 2205 2822 sit,
2243 2760 2480 2813 nondum
2514 2760 2585 2814 sit
2619 2760 2868 2815 idoneus.
2901 2760 2959 2815 Si
2988 2761 3134 2815 enim
3159 2760 3325 2816 etiam
3357 2760 3425 2816 ad
3458 2761 3511 2816 id
3542 2761 3688 2831 quod

2112 2850 2329 2918 expedit
2355 2850 2478 2904 data
2508 2862 2639 2905 sunt
2689 2852 2829 2905 dona
2856 2851 2950 2916 ‘°,~
2975 2867 3077 2907 nec
3117 2851 3171 2907 id
3222 2861 3434 2906 tantum
3469 2867 3535 2906 ex
3570 2866 3693 2921 pro-

2112 2941 2361 3009 portione
2394 2940 2541 3008 fidei,
2590 2944 2685 2997 Dei
2726 2944 3024 2999 humanum
3073 2958 3245 3015 genus
3285 2943 3520 2999 amantis
3568 2943 3689 2999 alii-

2112 3032 2253 3088 cium
2284 3032 2391 3089 erit
2415 3034 2766 3105 praevidentis
2801 3044 3192 3092 nocumentum
3229 3051 3297 3091 ex
3337 3035 3575 3092 elatione
3602 3036 3689 3092 vel

2114 3123 2391 3180 inﬂatione
2437 3126 2773 3194 insecutura,
2816 3139 2887 3180 ne
2916 3126 3079 3195 digno
3121 3126 3339 3195 quidem
3396 3126 3691 3197 aliquando

2112 3217 2463 3274 idoneitatem
2517 3218 2668 3273 dare.
2721 3218 3207 3274 Accommodatum
3263 3227 3348 3274 est
3388 3228 3569 3274 autem
3617 3219 3686 3275 ad

2113 3319 2364 3366 naturam
2392 3310 2653 3367 bonitatis
2681 3312 2800 3379 Dei,
2849 3312 3075 3367 vincere
3117 3312 3172 3366 in
3215 3311 3565 3368 conferendis
3598 3313 3691 3368 be-

2109 3402 2320 3457 neficiis
2345 3416 2468 3457 eum
2499 3404 2554 3458 in
2597 3418 2756 3472 quem
2807 3404 3075 3458 beneficia
3109 3402 3497 3471 conferuntur,
3545 3403 3690 3459 anti-

2109 3496 2401 3565 cipareque
2428 3511 2576 3559 eum,
2606 3496 2698 3564 qui
2725 3496 2920 3567 dignus
2950 3495 3166 3549 futurus
3182 3504 3286 3560 est,
3306 3503 3468 3565 atque
3489 3506 3692 3549 ornare

2110 3586 2426 3649 idoneitate,
2459 3594 2519 3639 ut
2542 3591 2667 3655 post
2695 3585 3045 3640 idoneitatem
3097 3594 3425 3654 assequatur
3455 3599 3576 3640 esse
3601 3585 3653 3637 di
3680 3614 3694 3629 ι

2109 3674 2679 3746 gnusznetalisdignu
2726 3674 2947 3729 omnino
2980 3687 3100 3727 cum
3130 3672 3314 3741 fuerit,
3351 3674 3690 3745 praeveniens

2110 3766 2280 3820 Deum
2308 3780 2536 3820 munera
2568 3763 2915 3834 largientem,
2952 3765 3231 3836 ipsiusque
3257 3767 3465 3837 gratias
3487 3766 3688 3831 antici-

2108 3871 2263 3926 pans,
2307 3857 2375 3911 ad
2418 3857 2520 3911 hoc
2554 3856 2825 3926 pertingat
2869 3866 2930 3911 ut
2964 3857 3038 3912 sit
3071 3857 3322 3913 idoneus.
3360 3858 3503 3928 Ergo
3542 3854 3690 3927 apud

2110 3960 2221 4005 tres
2253 3947 2617 4018 evangelistas
2650 3962 2711 4002 se
2745 3962 2852 4001 non
2884 3962 3009 4003 esse
3060 3948 3313 4003 idoneum
3364 3949 3542 4020 inquit
3584 3948 3691 4003 Ba.

2107 4041 2296 4110 ptista,
2332 4039 2471 4109 apud
2504 4037 2770 4094 Joannem
2800 4049 2979 4094 autem
3016 4056 3122 4095 non
3154 4056 3271 4096 esse
3305 4040 3549 4111 dignum.
3575 4040 3691 4099 Nec

2107 4131 2349 4202 profecto
2397 4131 2493 4201 qui
2527 4130 2665 4185 dixit
2691 4146 2751 4187 se
2802 4132 3043 4186 nondum
3088 4135 3356 4188 exsistere
3388 4134 3687 4205 idoneum,

2108 4222 2435 4286 excluditur,
2465 4223 2556 4291 qui
2590 4220 2767 4276 factus
2795 4219 2961 4277 fuerit
3006 4230 3191 4291 postea
3223 4222 3485 4289 idoneus,
3518 4224 3684 4277 etiam

2108 4316 2153 4370 si
2181 4314 2419 4369 nondum
2457 4314 2653 4384 dignus
2687 4323 2872 4380 esset;
2903 4315 2994 4383 qui
3036 4313 3277 4369 vicissim
3304 4330 3428 4369 cum
3461 4314 3600 4370 dixit
3628 4328 3689 4370 se

435 4402 589 4468 ἀξίαν
625 4404 726 4475 τῆς
762 4403 970 4469 λύσεως
1016 4405 1111 4457 κα)⁵
1163 4403 1476 4475 βαστάξεως
1529 4402 1645 4475 (58)
1696 4402 1897 4469 αὐτῶν,
1937 4403 2009 4475 μὴ

2112 4419 2214 4459 non
2245 4420 2365 4462 esse
2395 4407 2638 4476 dignum,
2668 4421 2794 4461 cum
2833 4422 2938 4462 non
2973 4415 3124 4462 esset
3173 4406 3404 4476 dignus,
3438 4421 3548 4462 non
3596 4420 3693 4461 ex-

433 4494 719 4567 χωροῦσαν
746 4495 847 4566 τὴν
904 4495 1103 4568 θνητὴν
1155 4496 1316 4565 φύσιν
1360 4496 1518 4567 ήκειν
1570 4494 1721 4562 ποτὲ,
1753 4494 2012 4566 ἀληθευό-

2112 4498 2367 4562 clutlitur,
2396 4498 2525 4568 quin
2555 4498 2622 4553 ad
2660 4499 2765 4553 hoc
2784 4514 2892 4554 non
2915 4498 3279 4569 pertigeritut
3302 4507 3448 4553 esset
3469 4498 3687 4568 dignus.

436 4607 596 4660 μενον
624 4588 766 4661 ἔχειν
794 4588 857 4643 τὸ
898 4588 1166 4661 μηδέποτε
1208 4587 1463 4657 γενέσθαι
1513 4585 1696 4642 ἱκανὸν
1728 4586 1888 4642 λῦσαι
1921 4588 2008 4642 τὸν

2112 4588 2226 4645 Nisi
2284 4589 2424 4645 forte
2451 4591 2574 4661 quis
2604 4590 2855 4647 dicturus
2883 4600 2986 4659 est,
3016 4606 3083 4646 eo
3113 4591 3257 4659 quod
3291 4591 3538 4647 mortalis
3590 4607 3691 4646 na-

435 4682 635 4753 ἱμάντα
666 4683 774 4737 τῶν
817 4682 1200 4754 ὑποδημάτων,
1228 4681 1324 4736 καὶ
1357 4679 1505 4746 ἄξιον
1543 4679 1639 4734 τοῦ
1675 4680 1841 4734 αὑτοῦ
1862 4696 1875 4711 ·
1912 4681 2010 4735 ὅσα

2112 4692 2230 4736 tura
2262 4698 2369 4738 non
2410 4698 2585 4751 capax
2610 4683 2683 4737 sit
2710 4696 2889 4753 neque
2920 4683 3096 4753 possit
3128 4683 3217 4739 illo
3257 4684 3570 4753 pertingere
3592 4683 3693 4737 ali-

432 4773 490 4827 δὲ
517 4773 612 4827 ἐὰν
656 4775 1019 4845 χωρήσωμεν,
1048 4773 1128 4827 ἔτι
1162 4771 1515 4826 ὑπολείπεται
1548 4770 1615 4824 τά
1660 4771 1885 4842 μηδέπω
1928 4787 2013 4825 νε-

2112 4776 2328 4845 quando
2365 4783 2423 4829 ut
2462 4775 2834 4829 calceamenta
2880 4776 2998 4845 ipsa
3031 4775 3247 4831 solvere
3276 4785 3441 4846 atque
3474 4787 3691 4845 gestare

432 4866 699 4937 νοημένα·
747 4884 767 4918 t
802 4867 957 4919 Ἐπεὶ
1005 4866 1133 4920 ὅταν
1177 4865 1473 4938 συντελέσῃ
1523 4863 1841 4937 ἄνθρωπος,
1891 4865 2011 4918 τότε

2112 4866 2307 4936 possit,
2334 4875 2393 4919 ut
2422 4865 2642 4936 dignum
2676 4875 2762 4921 est
2788 4866 2921 4935 ipsis
2950 4906 2965 4931 ,
2997 4864 3263 4921 Joannem
3296 4881 3427 4922 vera
3456 4881 3690 4921 narran-

432 4956 679 5028 ἇρχεται·
711 4957 806 5011 καὶ
829 4958 955 5011 ὅταν
983 4956 1171 5031 παύσῃ
1204 4955 1337 5027 (59),
1364 4956 1485 5009 τότε
1521 4957 1952 5030 ἀπορηθήσεται,
1983 4976 2004 5010 ι

2112 4966 2221 5012 tem
2254 4956 2456 5011 habere
2484 4957 2641 5020 illud,
2679 4966 2739 5010 ut
2773 4972 3051 5026 nunquam
3076 4956 3244 5011 fuerit
3273 4955 3501 5012 idoneus
3537 4969 3602 5010 ac
3624 4970 3695 5010 ne

433 5048 576 5102 κατὰ
605 5048 706 5120 τὴν
737 5047 912 5119 Ἰησοῦ
944 5047 1064 5102 υἱοῦ
1087 5047 1286 5120 Σειρὰχ
1309 5046 1529 5117 Σοφίαν.

2114 5049 2312 5119 dignus
2342 5049 2565 5118 quidem
2603 5049 2817 5105 solvere
2851 5050 3143 5119 corrigiam
3194 5048 3692 5105 calceamentorum

434 5156 532 5211 pro
579 5141 842 5211 dignitate
889 5140 1058 5209 ipsius
1110 5138 1350 5206 Christi;
1393 5140 1828 5211 quia,quatnvis
1875 5140 2041 5198 multa
2085 5142 2397 5213 cognitione
2439 5142 2807 5212 percepimus,
2848 5141 3025 5199 adhuc
3072 5140 3450 5212 relinquantur
3506 5152 3700 5200 tamen

503 5309 548 5341 ³⁸
575 5309 731 5364 Rom.
763 5324 877 5373 xw,
916 5308 971 5362 9.
1047 5308 1091 5339 ³⁷
1120 5305 1285 5363 Marc.
1314 5325 1351 5373 ι,
1380 5308 1434 5363 7.
1525 5308 1571 5341 ³⁸
1590 5307 1748 5364 Joan.
1776 5324 1819 5376 ι,
1848 5310 1939 5365 27.
2015 5332 2016 5337 η

2112 5309 2253 5368 lare.
2281 5326 2320 5379 ι,
2342 5311 2394 5364 7.
2471 5311 2519 5345 ⁸ο
2552 5311 2713 5367 Rom.
2745 5326 2844 5381 xu,
2875 5310 2931 5366 6.

506 5466 620 5537 (55)
695 5462 1091 5537 Ὑπεδήσατο.
1131 5461 1189 5537 In
1222 5461 1411 5537 codice
1448 5463 1747 5537 Bodleiano
1769 5534 1778 5537 Α
1802 5464 2004 5533 legitur

2112 5466 2395 5537 plevimus.

436 5533 756 5599 ὑπεδύσατο,
818 5536 1006 5607 sicque
1059 5534 1188 5607 legit
1241 5533 1575 5607 Ferrarius;
1606 5534 1807 5607 Avertit
1856 5539 2003 5607 enim

2112 5533 2122 5537 ’
2179 5537 2294 5607 (57)
2348 5537 2616 5604 Πάντως.
2648 5537 2828 5591 Codex
2858 5536 3205 5607 Bodleianns,
3235 5536 3437 5607 πάντα.

434 5607 700 5677 aubindgit
717 5621 748 5677 ,'_
768 5602 931 5677 male,
960 5618 1083 5657 nam
1110 5602 1366 5677 alluditur
1401 5606 1464 5677 ad
1495 5603 1834 5677 ὑποδήματα.
1854 5602 1999 5677 ldetn

2124 5676 2133 5677 ί
2176 5602 2426 5677 (58),Καὶ
2451 5602 2830 5673 βαστάξεως.
2862 5607 2917 5661 In
2944 5606 3101 5661 codd.
3122 5605 3291 5675 Regio
3309 5614 3363 5660 et
3390 5602 3692 5666 Barberino

435 5675 601 5730 codex
622 5674 943 5745 Bodleianus
966 5687 1094 5727 mox
1120 5672 1281 5727 habet
1297 5672 1730 5745 ὑποδησάμενος,
1760 5684 1813 5727 et
1842 5675 2003 5744 paulo

2112 5672 2260 5734 deest
2273 5672 2397 5733 ⁷ικιιί.

434 5741 1027 5819 ροειΑζιίξ-ὑπεδύεατο.
1068 5811 1081 5819 .
1398 5811 1412 5819 _
1458 5741 1466 5744 ⁷
1550 5741 1560 5745 ⁷
1606 5812 1641 5819 _
1713 5812 1725 5819 _
1804 5741 1856 5819 _'

2180 5746 2293 5819 (59)
2325 5748 2508 5806 Codex
2530 5748 2882 5814 Bodleianns,
2909 5745 3211 5815 παύσηται.

506 5811 617 5885 (56)
658 5812 784 5870 Haec
809 5828 840 5871 a
869 5811 1121 5870 Ferrario
1142 5811 1526 5881 praetermissa,
1555 5827 1586 5868 ε
1604 5812 1857 5869 Perionio
1880 5828 2003 5884 sup-
