4194 6432
513 363 620 421 96⁸5

1973 365 2298 424 ORIGENIS

3665 389 3766 448 ΞΜ

515 484 687 540 multa
742 484 982 538 nondum
1013 483 1288 538 intellecta
1323 503 1335 537 :
1368 505 1386 535 ι
1430 484 1697 553 Quoniam
1733 500 1856 540 cum
1887 485 2181 541 absolverit
2220 487 2400 553 homo,
2433 495 2560 544 tunc
2586 488 2776 559 incipit
2817 507 2830 542 :
2871 499 2928 548 et
2957 506 3080 549 cum
3113 493 3400 566 quieverit,
3441 505 3566 556 tunc
3595 502 3770 558 incer-

513 579 754 646 tus.erit,
794 599 815 634 ι
845 581 1000 652 juxta
1029 578 1158 635 Jesu
1197 579 1292 634 ﬁlii
1323 579 1516 635 Sirach
1548 579 1882 650 Sapientiam
1908 583 1976 636 ⁸⁸.

579 677 671 732 21.
707 679 904 733 Adhuc
941 677 1007 733 de
1038 677 1248 733 calceis
1285 678 1430 732 hunc
1461 679 1512 732 in
1544 679 1763 732 modum
1795 679 1937 750 apud
1977 688 2062 734 tre

2266 679 2355 735 2|.
2401 680 2522 734 Ἔτι
2573 683 2700 753 περὶ
2755 683 2864 736 τῶν
2900 683 3263 755 ὑποδημάτων
3308 685 3418 739 τῶν
3466 688 3616 760 παρὰ
3661 695 3773 758 τοῖς

503 767 872 838 cvangelistas
901 767 1198 822 nominatis
1237 767 1610 828 disseramus,
1658 765 1781 822 illos
1809 767 2091 822 conferen-

2196 771 2376 842 τρισὶν
2411 769 2588 836 οὑτως
2615 771 3027 845 ὀνομασθέντων
3055 773 3469 844 εὑαγγελισταῖς
3511 777 3776 832 διαλάϐω-

505 866 588 911 tes
621 871 746 912 cum
785 857 881 914 illo
919 857 1106 914 calceo
1138 858 1230 928 qui
1284 857 1425 926 apud
1461 856 1786 928 discipulum
1823 856 2065 914 Joannen

2199 880 2318 932 μεν,
2380 863 2764 936 συγκρίνοντες
2823 867 3007 919 ἐκεῖνα
3062 865 3140 937 τῷ
3203 867 3354 938 παρὰ
3411 867 3491 940 τῷ
3555 869 3776 942 μαθητῇ

505 963 740 1004 numero
754 949 1016 1020 singulari
1032 950 1398 1005 nominatum
1422 948 1536 1005 Non
1555 965 1674 1004 smn
1689 969 1707 1003 ι
1729 950 1875 1005 enim
1904 965 2086 1020 tego,»

506 1039 708 1110 inquit,
741 1056 760 1088 σ
795 1042 1012 1110 dignus,
1037 1051 1097 1097 ut
1133 1042 1341 1098 solvam
1362 1042 1480 1113 ejus
1533 1043 1827 1114 corrigiam
1874 1043 2088 1098 calcea-

504 1133 675 1187 menti
703 1133 770 1188 ε’.
812 1153 832 1186 t
868 1134 1141 1190 Fortassis
1177 1135 1343 1204 igitur
1378 1135 1550 1190 victus
1577 1150 1607 1190 a
1646 1135 1740 1190 Dei
1773 1136 1948 1207 gratia
1973 1152 2088 1190 mu-

508 1241 612 1280 nus
640 1229 851 1298 accepit
892 1228 1160 1300 (nondum
1195 1228 1432 1298 alioqui,
1473 1239 1740 1300 quantum
1773 1229 1828 1284 iu
1861 1244 1920 1285 se
1943 1239 2085 1294 erat,

505 1316 700 1384 dignus
733 1317 1026 1389 exsisteus)
1065 1317 1307 1374 solvendi
1353 1321 1650 1389 corrigiam
1698 1319 1926 1376 alterius
1968 1323 2084 1376 cal-

502 1418 938 1474 ceameutorum,
975 1423 1099 1466 cum
1152 1411 1522 1480 perspexisset
1559 1411 1702 1466 illius
1735 1411 1877 1466 inter
1910 1412 2086 1466 humi-

505 1508 602 1546 nes
641 1493 959 1559 adventum,
1000 1496 1068 1551 de
1090 1510 1200 1566 quo
1227 1504 1284 1550 et
1312 1497 1658 1553 testiﬁcatur.
1689 1497 1796 1553 Sed
1825 1500 2081 1569 quoniam

501 1584 789 1640 deﬁciebat
829 1586 906 1642 illi
957 1590 1373 1660 comprehensio
1420 1605 1607 1645 rerum
1646 1605 1768 1659 quae
1812 1600 2081 1647 secutum

499 1689 678 1746 erant,
709 1683 974 1739 nescienti
1009 1699 1078 1739 an
1109 1683 1274 1741 Iesus
1306 1695 1454 1741 esset
1494 1686 1662 1741 etiam
1694 1685 1788 1742 illo
1819 1697 2080 1742 venturus

497 1786 611 1840 quo
639 1771 882 1828 futurum
907 1784 1028 1830 erat
1058 1785 1116 1830 ut
1145 1779 1261 1845 ipse
1286 1791 1354 1831 ex
1387 1791 1613 1832 carcere
1655 1777 1958 1832 decollatus
1987 1794 2079 1833 ac-

496 1864 740 1928 cederet,
797 1881 864 1920 au
900 1867 1066 1922 alium
1102 1879 1383 1936 oporteret
1427 1880 1781 1940 exspectare,
1833 1871 1904 1924 ob
1937 1871 2077 1925 hanc

493 1970 720 2016 causam
749 1958 1147 2016 dubitationem
1169 1961 1337 2024 illam,
1363 1976 1486 2032 qua:
1512 1962 1668 2017 nobis
1695 1971 1880 2032 postea
1918 1978 2074 2034 aper-

2205 955 2425 1028 Ίωάννῃ
2456 957 2649 1020 ἑνικῶς
2678 958 3064 1029 ὀνομασθέντι·
3107 979 3125 1010 ι
3155 959 3271 1014 Οὑκ
3303 963 3460 1032 εἰμὶ)
3498 962 3629 1034 γὰρ.
3671 979 3779 1035 φη-

2194 1047 2297 1110 σὶν,
2347 1067 2366 1100 ι
2398 1047 2508 1119 ἐγὼ
2557 1049 2710 1115 ἄξιος
2745 1050 2832 1104 ἵνα
2886 1049 3035 1104 λύσω
3087 1052 3254 1106 αὑτοῦ
3289 1053 3379 1107 τὸν
3427 1055 3630 1126 ἱμάντα
3677 1056 3774 1110 τοῦ

2191 1139 2740 1212 ὑποδήματος.ιτάχα
2769 1138 2862 1196 οὑν
2890 1143 3192 1215 νικώμενος
3219 1145 3331 1199 ὑπὸ
3367 1147 3468 1217 τῆς
3509 1148 3607 1202 τοῦ
3637 1147 3778 1202 Θεοῦ

2189 1231 2412 1302 χάριτος
2457 1232 2671 1304 δωρεὰν
2721 1235 2930 1308 εἴληφε,
2985 1237 3248 1309 (μηδέπω
3287 1239 3411 1292 ὅσον
3459 1241 3546 1310 ἐφ’
3595 1239 3780 1312 ἐαυτῷ

2185 1323 2333 1388 ἄξιος
2361 1323 2436 1377 ὣν
2479 1324 2640 1378 λῦσαι
2681 1326 2774 1380 τδν
2807 1329 3008 1398 ἱμάντα
3040 1327 3138 1383 τοῦ
3185 1330 3374 1401 ἐτέρου
3422 1330 3532 1384 τῶν
3569 1332 3779 1404 ὑποδη-

2188 1415 2419 1485 μάτων.)
2449 1418 2649 1489 νοήσας
2687 1419 2852 1472 αὑτοῦ
2882 1419 2983 1490 τὴν
3012 1421 3070 1472 ὲν
3103 1419 3411 1492 ἀνθρώποις
3447 1421 3607 1492 ὲπιδη
3619 1422 3774 1492 μίαν,

2184 1509 2313 1578 περ).
2361 1505 2430 1583 ἦς
2481 1511 2576 1564 καὶ
2625 1516 2913 1584 μαρτυρεῖ.
2963 1513 3116 1566 Ἐπεὶ
3165 1514 3221 1566 δὲ
3269 1513 3480 1568 ἔλειπεν
3533 1513 3691 1585 αὑτῷ
3735 1516 3772 1586 ἡ

2184 1602 2312 1673 περὶ
2367 1603 2476 1655 τῶν
2534 1603 2661 1675 ἑξῆς
2726 1603 3066 1676 κατάληψις,
3133 1606 3232 1660 οὐκ
3299 1605 3460 1659 είδότι
3537 1605 3777 1676 πότερον

2194 1695 2402 1765 Ἰησοῦς
2429 1699 2577 1751 ἐστιν
2617 1697 2646 1748 6
2675 1698 2838 1752 κάκεῖ
2867 1699 3196 1770 ἐρχόμενος,
3223 1699 3357 1753 ὅπου
3400 1698 3509 1752 ἀπὸ
3533 1698 3639 1769 τῆς
3672 1715 3778 1769 φυ-

2179 1786 2351 1858 λακῆς
2403 1789 2650 1858 γίνεσθαι
2703 1789 2925 1860 ἔμελλεν
2979 1791 3469 1860 ἀποκεφαλισθεὶς,
3513 1783 3776 1863 ἢὲτερον

2179 1879 2482 1952 προσδοκᾷν
2516 1882 2703 1952 ἐχρῆν,
2730 1882 2819 1936 διὰ
2850 1880 3010 1935 τοῦτο
3037 1882 3137 1954 τὴν
3176 1883 3507 1954 σαφέστερον
3535 1882 3776 1956 ὕστερον

2178 1970 2522 2042 ὲπαπόρησιν
2549 1975 2684 2042 ἡμῖν
2725 1973 3062 2045 δηλουμένην
3108 1974 3203 2028 καὶ
3235 1973 3331 2027 νῦν
3364 1975 3772 2047 αἰνιττόμενος,

495 2051 604 2104 tius
641 2049 976 2117 declaratur,
999 2051 1166 2105 etiam
1193 2052 1452 2118 innitens,
1481 2051 1660 2123 inquit
1680 2053 1812 2107 illud
1840 2071 1854 2108 :
1887 2071 1907 2106 t
1953 2053 2065 2108 Non

2181 2063 2316 2132 φησὶ
2343 2029 2434 2115 τό;
2472 2083 2489 2114 t
2520 2029 2635 2116 Ούκ
2671 2029 2790 2135 εἰμί
2831 2029 2942 2133 ὲγὶῦ
2975 2029 3126 2132 ἄξιος
3170 2066 3258 2120 ἵνα
3290 2066 3436 2119 λύσω
3469 2029 3643 2120 αὑτοῦ

493 2157 612 2197 sum
643 2157 746 2214 ego
766 2144 988 2214 dignus,
1021 2143 1179 2215 137
1206 2156 1262 2200 ttt
1289 2145 1496 2201 solvam
1517 2146 1633 2215 ejus
1650 2146 1941 2214 corrigiam
1969 2146 2074 2201 cal-

489 2237 785 2292 ceamenti.
817 2255 837 2288 ι
877 2237 1031 2305 Quod
1060 2241 1106 2294 si
1152 2239 1274 2308 quis
1299 2238 1633 2294 existimarit
1660 2239 1936 2294 curiosius
1968 2239 2072 2294 hoc

488 2343 521 2384 a
547 2331 708 2387 nobis
743 2330 950 2386 dictum
983 2328 1174 2396 fuisse,
1208 2330 1254 2386 is
1279 2330 1331 2384 in
1363 2331 1508 2386 idem
1550 2331 1898 2402 congregabit
1924 2332 2066 2400 quod

491 2419 702 2474 dictum
734 2429 818 2474 est
839 2420 907 2475 de
935 2420 1326 2476 calceamentis
1352 2429 1409 2476 et
1441 2420 1834 2489 calceamento,
1860 2433 1919 2475 ut
1958 2423 2069 2474 vel-

487 2511 567 2566 uti
593 2512 742 2567 dicat
773 2529 788 2566 :
825 2511 1264 2584 Haudquaquam
1318 2513 1518 2584 dignus
1550 2528 1668 2568 sunt
1701 2513 1912 2570 solvere
1944 2529 2068 2570 cor-

488 2604 708 2675 rigiam,
753 2619 824 2661 ne
867 2607 921 2660 in
954 2607 1226 2676 principio
1271 2605 1516 2676 quidem,
1549 2607 1708 2661 unius
1741 2606 1944 2672 calcei;
1981 2606 2065 2661 vel

487 2699 653 2753 etiam
682 2699 826 2754 hunc
864 2699 918 2754 in
945 2701 1164 2754 modqu
1191 2700 1246 2754 in
1277 2715 1445 2756 unum
1466 2699 1658 2755 adduci
1689 2708 1920 2769 possunt
1946 2713 2068 2770 qua

483 2801 723 2862 quatuor
743 2791 1092 2864 evangelista
1108 2793 1381 2847 dixerunt.
1407 2790 1874 2848 Sieuimloannes
1903 2792 2066 2848 intel-

484 2881 688 2953 ligebat
713 2899 834 2955 quae
865 2885 1140 2956 pertinent
1183 2886 1250 2940 ad
1285 2887 1580 2942 adventum
1614 2885 1820 2942 Christi
1845 2887 1910 2941 ad
1943 2901 2062 2950 nos,

483 2975 874 3046 dubitabatque
903 2976 970 3032 de
992 2979 1158 3032 rebus
1191 2977 1569 3048 sequentibus,
1601 2993 1729 3033 vera
1763 2989 1951 3036 narrat
1977 2979 2062 3034 di-

481 3084 614 3126 cens
638 3084 700 3126 se
725 3085 831 3126 non
878 3071 1133 3128 idoneum
1177 3073 1268 3143 qui
1316 3072 1492 3128 solvat
1519 3075 1814 3144 corrigiam
1853 3075 2064 3130 calcea-

483 3172 829 3228 mentorum;
857 3177 959 3219 nec
987 3165 1132 3218 enim
1165 3174 1396 3236 utraque
1425 3165 1590 3220 solvit
1626 3168 1718 3237 qui
1745 3184 1913 3222 unum
1960 3168 2064 3222 sol-

481 3257 644 3312 verit.
673 3256 816 3312 Vera
870 3257 1036 3312 etiam
1085 3268 1275 3311 narrat
1329 3259 1539 3324 dicens,
1571 3276 1592 3311 ι
1630 3260 1924 3330 corrigiam
1953 3259 2064 3314 cal-

2182 2155 2382 2226 ίμάντα
2413 2155 2505 2210 τοῦ
2551 2157 2913 2228 ὑποδήματος.
2950 2178 2967 2209 ι
3006 2159 3066 2212 '0
3093 2159 3150 2212 δὲ
3180 2159 3425 2230 οἰόμενος
3467 2160 3770 2232 περιεργό-

2175 2265 2336 2320 τερον
2381 2248 2540 2302 τοῦτο
2597 2249 2876 2321 είρῆσθαι,
2915 2252 2995 2314 είς
3045 2251 3240 2305 ταυτὸν
3297 2252 3515 2317 συνάξει
3563 2253 3628 2306 τὸ
3658 2252 3772 2308 τῶν

2177 2342 2538 2415 ὑποδημάτων
2569 2345 2663 2397 καὶ
2707 2343 2804 2396 τοῦ
2851 2345 3217 2416 ὑποδήματος.
3246 2347 3334 2400 ἴνα
3369 2348 3536 2402 οἱονεὶ
3590 2349 3729 2421 λέγῃ
3750 2365 3764 2378 °

2175 2433 2440 2504 Οὐδαμῶς
2487 2433 2636 2501 ἄξιός
2683 2436 2800 2507 εἰμι
2831 2435 2990 2490 λῦσαι
3034 2438 3128 2492 τὸν
3182 2439 3412 2509 ἱμάντα,
3461 2439 3587 2494 οὑδὲ
3623 2439 3768 2494 κατὰ

2172 2525 2272 2597 τὴν
2299 2526 2492 2599 ἀρχὴν,
2541 2527 2644 2582 κᾶν
2680 2529 2775 2582 τοῦ
2814 2528 2933 2593 ἑνὸς
2965 2529 3309 2602 ὑποδήματος
3329 2549 3342 2562 ο
3379 2533 3412 2602 ἢ
3446 2533 3543 2586 καὶ
3587 2532 3768 2592 οὕτως

2171 2616 2395 2672 δυνατὸν
2416 2620 2496 2682 εἰς
2514 2618 2573 2671 ἓν
2596 2619 2920 2689 συνάγεσθαι
2944 2621 3013 2674 τὰ
3037 2623 3186 2694 παρὰ
3209 2626 3319 2687 τοῖς
3338 2624 3633 2696 τέσσαρσιν
3650 2623 3766 2696 (60)

2173 2707 2457 2780 εἰρημένα.
2486 2711 2549 2764 Εἰ
2577 2710 2688 2783 γάρ
2719 2714 2749 2766 6
2785 2712 3036 2782 Ἰωάννης
3071 2714 3240 2768 συνίει
3272 2715 3372 2786 μὲν
3398 2715 3468 2770 τὰ
3502 2716 3636 2789 περὶ
3663 2715 3766 2786 τῆς

2171 2801 2405 2856 ἐνταῦθα
2435 2802 2603 2856 αὑτοῦ
2633 2803 2948 2876 ἐπιδημίας,
2982 2807 3248 2878 ὲπηπόρει
3272 2805 3384 2877 (61)
3403 2806 3460 2860 δὲ
3486 2807 3620 2878 περὶ
3652 2805 3766 2860 τῶν

2171 2889 2320 2964 ἑξῆς,
2348 2893 2603 2966 ἀληθεύει
2635 2894 2809 2964 λέγων
2850 2897 3036 2951 καὶτὸ
3067 2897 3141 2970 μὴ
3183 2895 3321 2952 εἶναι
3373 2898 3559 2952 ίκανὺν
3611 2898 3768 2954 λύειν

2169 2983 2261 3040 τὸν
2297 2984 2500 3055 ἱμάντα
2551 2985 2661 3040 τῶν
2712 2986 3103 3058 ὑποδημάτων·
3138 2987 3199 3041 οὑ
3251 2986 3360 3057 γὰρ
3405 2985 3523 3040 λύει
3579 2986 3768 3059 ἀμφό-

2168 3091 2302 3149 τερα
2332 3075 2500 3145 λύσας
2537 3077 2632 3132 τοῦ
2664 3079 2804 3143 ἑνός.
2851 3079 3131 3152 ’ΛληΘεύει
3176 3079 3234 3132 δὲ
3266 3078 3439 3149 λέγων
3483 3082 3586 3134 καὶ
3619 3101 3638 3132 ι
3669 3080 3767 3134 τὸν

2171 3169 2375 3240 ἱμάντα
2400 3168 2496 3224 τοῦ
2529 3171 2899 3244 ὑποδήματος,
2928 3191 2947 3226 t
2986 3174 3130 3238 ἐπεὶ,
3170 3173 3246 3239 ὼς
3288 3173 3640 3247 προείρηται,
3681 3174 3765 3229 ἔτι

2167 3261 2416 3336 διαπορεί
2463 3264 2741 3331 περὶτοῦ,
2785 3265 3014 3336 πότερον
3047 3265 3210 3331 αὑτός
3255 3267 3405 3320 ἐστιν
3435 3266 3763 3340 ἐρχόμενος,

478 3349 775 3416 ceamenti,
811 3369 831 3402 ι
863 3351 1142 3420 quoniam,
1170 3361 1230 3405 ut
1267 3352 1585 3420 praadictum
1622 3362 1730 3417 est,
1759 3354 2060 3408 etiamnum

2169 3353 2202 3428 ἢ
2231 3355 2441 3429 ἕτερος,
2469 3362 2499 3412 6
2531 3359 2694 3412 κάκεῖ
2730 3359 3160 3430 προσδοκητέος,

478 3443 692 3498 dubitat
712 3443 777 3498 de
803 3457 890 3508 eo,
921 3457 990 3497 au
1021 3443 1138 3510 ipse
1166 3442 1237 3497 sit
1261 3441 1353 3498 ille
1387 3454 1666 3508 venturus,
1693 3453 1750 3498 et
1779 3443 1942 3497 etiam
1974 3445 2062 3498 ille

478 3537 902 3603 exspectandus,
941 3550 1010 3588 an
1042 3537 1201 3590 alter.

546 3628 640 3685 22.
672 3629 838 3696 Quin,
866 3629 1009 3700 quod
1053 3631 1120 3684 ad
1153 3630 1206 3684 id
1239 3630 1476 3691 attinet;
1521 3648 1540 3680 ι
1585 3629 1641 3684 In
1677 3630 1856 3685 medio
1893 3628 2060 3684 vestri

478 3732 607 3791 stat,
643 3737 804 3794 quem
833 3737 931 3778 vos
977 3723 1202 3778 nescitis
1225 3723 1292 3788 ",
1320 3743 1340 3776 ι
1365 3723 1480 3778 haec
1496 3723 1814 3778 disserenda
1839 3731 1966 3778 sunt
1993 3723 2060 3778 de

475 3815 618 3873 Filio
677 3815 774 3872 Dei
811 3815 993 3887 Λόγῳ,
1027 3831 1124 3887 per
1155 3832 1316 3887 quem
1350 3818 1533 3871 omnia
1575 3815 1720 3871 facta
1756 3827 1907 3882 sunt,
1937 3817 2062 3872 sub-

476 3916 714 3970 sistente
769 3912 1207 3968 sultstantialiter
1260 3912 1562 3968 secundum
1626 3912 1952 3982 subjectum,
2002 3920 2060 3967 et

477 4006 622 4060 idem
669 4003 974 4059 exsistente
1007 4019 1132 4059 cum
1161 4005 1454 4074 sapientia.
1488 4002 1589 4058 llic
1629 4005 1777 4058 enim
1809 4018 1906 4074 per
1934 4004 2060 4058 uni-

482 4113 692 4154 versam
724 4097 876 4152 orbis
917 4097 1227 4152 machinam
1265 4107 1534 4166 permeat,
1577 4107 1636 4152 ut
1684 4113 1807 4168 qua:
1839 4112 2059 4173 semper

477 4190 635 4255 ﬁunt,
665 4206 762 4260 per
799 4191 973 4260 ipsum
1009 4190 1143 4245 ﬁant
1168 4207 1184 4248 :
1221 4201 1277 4247 et
1302 4192 1368 4246 de
1397 4191 1693 4255 universis,
1720 4204 2058 4260 qumcuuque

473 4278 792 4349 protuleris,
817 4294 1034 4350 semper
1064 4295 1256 4336 verum
1279 4281 1386 4339 erit
1413 4299 1428 4336 :
1467 4300 1488 4336 ι
1527 4282 1722 4338 Omnia
1755 4297 1852 4350 per
1881 4282 2056 4349 ipsum

474 4371 619 4428 facta
647 4381 797 4436 sunt,
827 4381 880 4430 et
900 4373 1019 4428 sine
1045 4375 1163 4444 ipso
1187 4373 1391 4430 factum
1417 4371 1746 4439 estnihil“;
1773 4391 1792 4426 ι
1815 4383 1868 4426 et
1891 4373 2054 4430 illud:

477 4485 498 4518 ι
521 4467 714 4523 Omnia
748 4467 802 4522 in
832 4467 1096 4537 sapientia
1125 4466 1303 4524 fecisti
1321 4467 1390 4523 ".
1414 4486 1433 4520 ι
1462 4466 1620 4536 Quod
1647 4467 1692 4522 si
1718 4481 1814 4536 per
1838 4480 2056 4522 omnem

469 4560 808 4616 creationem
839 4569 1002 4630 atque
1035 4561 1347 4616 universam
1399 4559 1582 4616 mundi
1621 4555 1886 4612 fabricam
1929 4573 2054 4628 pcr-

471 4663 640 4716 meat.
675 4653 728 4707 in
763 4653 940 4708 medio
965 4653 1176 4710 scilicet
1208 4653 1374 4708 etiam
1407 4667 1598 4707 eorum
1637 4659 1746 4705 stat
1773 4650 2053 4720 quiinter-

2229 3631 2320 3686 εε.
2354 3630 2464 3686 Καὶ
2485 3626 2726 3704 περὶτοῦ
2741 3627 2802 3686 δέ
2827 3647 2840 3662 ο
2866 3651 2885 3682 ι
2908 3632 3089 3695 Μέσος
3109 3629 3220 3700 (62)
3241 3631 3396 3702 ὑμῶν
3417 3631 3676 3702 ἕστηκεν,
3699 3631 3764 3687 ὃν

2162 3724 2316 3793 ὑμεῖς
2343 3723 2445 3777 οὑκ
2473 3723 2673 3790 οἴδατε,
2713 3743 2732 3775 ι
2762 3722 2936 3778 ταῦτα
2959 3722 3281 3795 διαληπτέον
3332 3723 3461 3795 περὶ
3491 3723 3590 3777 τοῦ
3621 3723 3761 3778 Υίοῦ

2159 3814 2253 3868 τοῦ
2315 3813 2451 3868 Θεοῦ
2501 3815 2596 3869 τοῦ
2659 3817 2832 3884 Λόγου
2851 3855 2866 3879 ,
2930 3815 2998 3868 δι’
3046 3807 3108 3868 οὗ
3154 3813 3225 3868 τὰ
3269 3815 3450 3870 πάντα
3499 3815 3759 3886 γέγονεν,

2161 3907 2523 3978 ὑφεστηκότος
2546 3907 2820 3970 οὑσιωῗῶς
2849 3906 2992 3961 κατὰ
3035 3907 3097 3960 τὸ
3131 3908 3492 3978 ὑποκείμενον
3516 3907 3616 3962 τοῦ
3652 3909 3758 3962 αύ-

2158 3999 2252 4054 τοῦ
2295 4000 2447 4064 ὗντος
2491 4001 2559 4072 τῇ
2596 3999 2778 4070 σοφίᾳ.
2812 3992 2983 4064 Οὗτος
3013 3998 3124 4072 γὰρ
3152 3999 3222 4056 δι’
3263 3999 3394 4071 ὅλης
3442 4000 3758 4072 πεφοίτηκε

2158 4090 2255 4160 τῆς
2301 4090 2552 4154 κτίσεως,
2585 4089 2672 4144 ἵνα
2700 4088 2788 4144 ἀεὶ
2823 4090 2892 4143 τὰ
2921 4091 3182 4160 γινόμενα
3206 4090 3274 4144 δι’
3300 4091 3465 4146 αὐτοῦ
3493 4092 3758 4163 γένηται⁹

2160 4186 2253 4238 καὶ
2313 4185 2444 4256 περὶ
2505 4185 2708 4250 παντὸς
2767 4183 3084 4238 οὑτινοσοῦν
3134 4184 3224 4238 ἀεὶ
3277 4185 3480 4256 ἀληθὲς
3533 4180 3604 4257 ἦν
3639 4187 3708 4240 τό
3734 4201 3752 4218 ⁸

2164 4296 2182 4328 t
2209 4277 2393 4331 Πάντα
2423 4275 2490 4330 δι’
2522 4276 2688 4330 αὑτοῦ
2719 4277 2958 4347 ἐγένετο,
2995 4278 3090 4330 καὶ
3121 4277 3290 4347 χωρὶς
3315 4276 3484 4330 αὑτοῦ
3517 4278 3754 4347 ἐγένετο

2157 4370 2307 4424 οὐδέν
2330 4386 2344 4400 ο
2379 4389 2398 4422 ι
2453 4371 2548 4426 καὶ
2586 4371 2678 4425 τόο
2719 4391 2738 4423 ι
2769 4372 2957 4426 Πάντα
2993 4373 3051 4426 ὲν
3085 4374 3249 4444 σοφίᾳ
3300 4373 3586 4445 ἐποίησας.
3620 4395 3641 4428 ι
3686 4376 3756 4430 Ei

2155 4463 2209 4516 δὲ
2253 4463 2322 4518 δι’
2355 4464 2485 4536 ὅλης
2529 4465 2630 4538 τῆς
2668 4465 2899 4531 κτίσεως
2930 4465 3258 4538 πεφοίτηκε,
3304 4467 3482 4540 δῆλον,
3526 4468 3612 4522 δτι
3649 4469 3754 4524 καὶ

2155 4553 2260 4610 τῶν
2296 4555 2745 4627 πυνθανομένωνο
2784 4574 2803 4608 ι
2835 4555 2900 4609 Τί
2932 4550 3025 4610 οὖν
3072 4555 3380 4627 βαπτίζεις,
3421 4557 3470 4609 εί
3523 4555 3588 4608 σὺ
3640 4559 3754 4612 οὑκ

2157 4644 2206 4702 εἴ
2234 4651 2264 4702 6
2295 4649 2554 4722 Χριστὸς,
2584 4650 2707 4704 οὐδὲ
2749 4650 2966 4715 Ἠλίας,
3003 4650 3123 4704 οὑδὲ
3157 4651 3186 4704 6
3214 4649 3536 4722 προφήτηςς
3563 4668 3582 4702 ι
3623 4649 3756 4703 Μέ-

472 4749 773 4815 rogabant:
803 4764 822 4798 t
853 4745 995 4812 Quid
1038 4761 1170 4817 ergo
1217 4744 1498 4814 baptizas,
1535 4743 1586 4798 si
1626 4752 1681 4798 tu
1732 4758 1837 4800 non
1865 4757 1928 4798 es
1957 4742 2052 4799 ille

2169 4755 2246 4805 to;
2300 4741 2532 4812 ἕστηκεν
2575 4743 2604 4794 6
2649 4740 2810 4805 αὑτὸς
2857 4739 2952 4794 καὶ
3009 4738 3227 4809 βέϐαιος
3258 4736 3334 4792 ὣν
3386 4738 3590 4808 Λόγος,
3634 4736 3756 4791 ὑπὸ

468 4839 744 4902 Christus.
780 4853 961 4907 neque
983 4837 1157 4902 Elias,
1189 4851 1366 4906 neque
1403 4834 1671 4905 propheta
1705 4835 1797 4890 ille
1811 4834 1904 4889 “7
1938 4853 1956 4886 ι
1994 4833 2051 4889 lu

469 4931 672 4997 medio,
711 4932 956 4999 inquam,
987 4938 1096 4985 stat
1127 4927 1300 4997 Λόγος
1329 4927 1468 4998 ipse,
1493 4927 1626 4999 [hoc
1663 4937 1750 4984 est
1769 4925 1959 5000 ratio,]
1991 4936 2052 4984 et

467 5021 642 5078 Filius
695 5019 793 5075 Dei
821 5037 852 5074 a
879 5019 1044 5075 Patre
1079 5019 1332 5075 ﬁrmatus
1363 5019 1586 5088 ubique.
1629 5016 1728 5075 Vel
1757 5021 1922 5076 verba
1961 5035 2046 5084 ea,

467 5129 490 5164 ι
534 5113 588 5166 in
625 5112 804 5168 medio
835 5109 1005 5168 vestri
1038 5119 1174 5178 stat,
1208 5129 1228 5163 ι
1258 5110 1340 5166 sic
1370 5109 1766 5182 intelligantur,
1793 5112 1920 5184 quia
1947 5113 2044 5166 ho-

466 5204 644 5258 mines
665 5217 762 5258 vos
782 5203 918 5258 estis
953 5203 1183 5257 rationis
1209 5212 1510 5272 compotes,
1549 5203 1755 5259 idcirco
1782 5221 1802 5256 t
1835 5203 1888 5258 in
1928 5219 2043 5258 tne-

464 5296 554 5349 dio
574 5295 742 5350 vestri
771 5304 902 5360 stat,
939 5313 959 5346 ι
993 5309 1060 5348 eo
1099 5294 1246 5362 quod
1277 5293 1332 5349 in
1358 5294 1536 5350 medio
1555 5295 1627 5350 sit
1651 5296 1820 5351 totius
1848 5309 2046 5365 corpo-

467 5391 542 5439 ris
561 5400 626 5440 ea
645 5387 840 5442 anima:
857 5401 984 5458 pars
1001 5386 1478 5456 praestantissima,
1503 5386 1864 5458 principatum
1881 5403 2043 5456 quant

466 5488 686 5542 vocant,
741 5478 1041 5551 Scripturis
1099 5479 1372 5535 inviolatae
1435 5479 1560 5534 ﬁdei
1624 5479 2041 5538 ostendentibus

2150 4831 2243 4888 τοῦ
2285 4831 2500 4905 Πατρὺς
2556 4833 2950 4905 ὲστηριγμένος
3000 4829 3294 4902 πανταχοῦ.
3330 4831 3400 4884 Ἦ
3431 4829 3493 4884 τό
3517 4846 3530 4860 ·
3571 4848 3590 4881 ι
3620 4829 3753 4884 Μέ-

2153 4940 2243 4988 σος
2283 4923 2439 4996 ὑμῶν
2488 4924 2783 4996 ἓστηκεν,›
2820 4923 3119 4989 ἀκουέσθω,
3163 4925 3247 4978 ὅτι
3295 4922 3450 4993 ὑμῶν
3482 4921 3592 4975 τῶν
3646 4922 3754 4976 ἀν-

2149 5015 2402 5088 θρώπων,
2431 5015 2520 5070 διὰ
2551 5015 2612 5069 τὸ
2645 5012 2786 5069 εἶναι
2831 5015 2976 5086 ὑμᾶς
3017 5013 3290 5084 λογικοὺς,
3324 5029 3342 5062 ι
3377 5012 3542 5085 μέσος
3579 5012 3750 5081 ὑμῶν

2149 5105 2338 5173 ἑστὼς,
2368 5126 2388 5161 ι
2425 5107 2504 5179 τῷ
2541 5107 2638 5161 τοῦ
2673 5107 2873 5172 παντὸς
2913 5105 3163 5178 σώματος
3207 5105 3266 5158 ὲν
3312 5105 3462 5176 μέσῳ
3499 5099 3640 5156 εῖναι
3677 5102 3750 5156 ’τὸ

2147 5200 2489 5271 ἡγεμονικὸν,
2532 5199 2910 5254 ἀποδείκνυται
2953 5198 3096 5254 κατὰ
3141 5198 3241 5261 τὰς
3284 5196 3509 5268 Γραφάς
3558 5195 3617 5249 ὲν
3663 5197 3746 5269 τῇ

2147 5292 2344 5366 καρδίᾳ
2391 5293 2672 5364 τυγχάνον.
2718 5294 2779 5348 Οί
2827 5292 3011 5346 τοίνυν
3059 5291 3274 5363 ἔχοντες
3323 5289 3415 5343 τὸν
3465 5288 3640 5357 Λόγον
3675 5288 3789 5366 ὲν

2149 5385 2300 5458 μέσῳ
2335 5387 2564 5453 ἑαυτῶν,
2603 5387 2679 5458 μὴ
2723 5385 3182 5456 διαλαμϐάνοντες
3222 5383 3279 5438 δὲ
3311 5383 3439 5454 περὶ
3481 5381 3581 5452 τῆς
3625 5379 3747 5449 φύ-

2147 5493 2284 5543 σεως
2325 5478 2511 5544 αὑτοῦ,
2541 5480 2676 5551 μηδὲ
2707 5479 2817 5534 ἀπὺ
2849 5478 3009 5543 ποίας
3037 5477 3221 5549 πηγῆς
3260 5477 3357 5531 καὶ
3395 5473 3574 5548 ἀρχῆς
3603 5471 3746 5546 ἐλή-

535 5610 582 5643 δ¹
611 5611 779 5670 Eccli.
803 5628 958 5682 xvut,
981 5615 1035 5670 ϐ.
1113 5615 1158 5648 ⁴¹
1191 5612 1347 5672 Joan.
1377 5631 1420 5694 t,
1440 5616 1532 5671 27.
1605 5615 1652 5650 ⁸⁸
1675 5615 1828 5672 Joau.
1864 5632 1903 5684 ι,
1934 5615 2026 5671 26.

2181 5614 2312 5670 ibid.
2339 5615 2396 5670 5.
2473 5615 2518 5647 ⁸⁸
2545 5615 2680 5670 Psal.
2708 5631 2825 5681 cm,
2855 5615 2946 5670 ει.
3022 5614 3067 5647 ⁸⁸
3089 5612 3248 5669 Joan.
3277 5630 3317 5682 ι,
3343 5612 3438 5671 35.

468 5720 652 5843 ωεδο)
692 5723 872 5779 Codex
911 5725 1142 5796 Regius,
1176 5742 1456 5801 perperam
1480 5769 1495 5795 ,
1522 5729 1650 5800 περὶ
1682 5726 1780 5782 τοῦ
1811 5727 2038 5803 τέσσαρ-

2221 5730 2332 5799 (ﬁl)
2369 5729 2549 5802 Codex
2587 5730 2936 5802 Bodleianns,
2969 5729 3247 5802 ἐνηπόρει.

2224 5802 2336 5872 (62)
2368 5801 2530 5868 ιιιθίιι,
2561 5803 2692 5873 Περὶ
2722 5802 2776 5855 δὲ
2794 5799 2894 5854 -τού
2915 5818 2929 5833 ο
2953 5799 3156 5868 Μέσας,
3179 5811 3287 5857 etc.
