4194 6396
460 379 569 434 263

1531 387 1886 445 COMMENT.
1929 392 1996 446 IN
2037 391 2226 449 JOAN.
2266 393 2504 453 TOMUS
2546 395 2631 452 Vl.

3608 393 3714 449 266

456 496 605 564 lues,
658 497 779 570 μηδ’
807 499 955 564 ὅπως
990 499 1118 553 ποτὲ
1156 502 1478 573 συνέστησεν
1511 506 1693 568 αὐτοῖς
1723 506 1860 576 (65),
1895 501 2033 560 οὗτοι

2144 525 2262 565 eam
2302 512 2352 565 in
2395 511 2558 566 corde
2599 509 2888 565 exsistere.
2929 510 3029 577 Qui
3072 509 3237 576 igitur
3267 510 3317 564 in
3349 510 3432 563 sui
3476 509 3712 579 ipsorum

463 590 630 662 μέσον
664 593 827 645 αὑτὸν
851 592 1066 662 ἔχοντες
1099 595 1198 647 οὐκ
1234 594 1406 648 ἴσασιν
1426 613 1438 626 ο
1464 597 1492 649 6
1521 597 1576 650 δὲ
1605 597 1854 670 Ἰωάννης
1885 600 2033 654 αὑτὸκ

2148 605 2326 658 medio
2357 605 2528 672 Λόγον
2565 604 2690 676 [hoc
2723 615 2806 658 est
2845 602 3132 674 rationem]
3161 603 3381 668 habent,
3410 617 3533 657 cum
3576 604 3718 657 inte-

456 679 586 738 οἶδε.
613 683 686 736 T6
712 684 840 755 γάρ·
869 704 888 734 ι
905 686 1000 738 Ὃν
1018 686 1175 755 ὑμεῖς
1198 687 1296 739 οὐκ
1312 687 1508 752 οἴδατε,
1526 711 1544 744 ι
1577 689 1940 754 ὀνειδιπικῶς
1959 690 2044 744 λε-

457 776 687 845 γόμενον
711 775 821 846 (64)
850 776 986 849 πρὸς
1009 780 1133 842 τοὺς
1154 780 1500 850 Φαρισαίους,
1525 782 1778 852 ἐμφαίνει
1801 783 1878 852 τῷ
1901 782 2044 855 λόγῳ

457 869 520 920 τὸ
549 869 824 938 ἐπιμελῶς
850 871 1142 937 ἐγνωκέναι
1170 871 1261 924 τὸν
1291 873 1384 925 ὑπ’
1413 874 1636 928 ἐκείνων
1673 873 1783 946 (65)
1817 874 2042 944 ἀγνοού-

461 977 639 1028 μενον.
665 962 742 1012 Δι’
771 959 800 1013 6
846 961 939 1014 καὶ
979 961 1259 1029 γινώσκων
1291 965 1452 1018 αὐτὸν
1484 967 1512 1017 6
1541 965 1871 1038 Βαπτιστὴς,
1904 961 2043 1020 οἶδεν

457 1051 632 1103 ὀπίσω
679 1049 844 1104 αὑτοῦ
881 1053 1194 1123 ἐρχόμενον,
1236 1055 1327 1110 τὸν
1361 1058 1418 1109 ἐν
1473 1057 1622 1128 μέσῳ
1673 1057 2038 1128 τυγχάνοντα,

456 1143 702 1196 τουτέστι
734 1144 852 1214 μεθ’
883 1147 1045 1200 αὑτὸν
1075 1148 1169 1201 καὶ
1198 1149 1297 1220 τὴν
1342 1150 1431 1217 ὑφ’
1461 1149 1627 1204 αὑτοῦ
1654 1149 1712 1203 ἐν
1737 1150 1814 1220 τῷ
1845 1150 2041 1221 βαπτίσ-

463 1248 629 1303 σματι
675 1232 1026 1288 διδασκαλίαν
1097 1236 1464 1308 ἐπιδημοῦντα
1518 1242 1632 1302 τοῖς
1685 1239 1820 1293 κατὰ
1872 1240 2041 1308 Λόγον

459 1324 942 1394 ἀπολουσαμένοις.
1003 1326 1076 1378 Οὐ
1131 1327 1324 1382 ταύτὸν
1358 1328 1415 1381 δέ
1458 1329 1780 1400 σημαίνεται
1834 1331 1898 1382 ἐκ
1941 1331 2039 1402 τῆς

465 1435 481 1464 ι
518 1415 691 1468 ὀπίσω
716 1435 734 1467 ι
772 1417 956 1487 φωνῆς
994 1417 1200 1485 ἐνθάδε,
1231 1420 1324 1472 καὶ
1375 1421 1501 1473 ὅταν
1532 1423 1561 1474 6
1601 1420 1810 1492 Ἰησοῦς
1843 1421 2039 1496 πέμπῃ

459 1509 606 1578 ἡμᾶς
636 1507 810 1561 ὀπίσω
836 1509 1057 1563 ἐαυτοῦο
1084 1512 1200 1564 ἐκεῖ
1233 1512 1330 1583 μὲν
1356 1513 1483 1582 γὰρ,
1519 1513 1604 1566 ἵνα
1629 1514 1747 1568 κατ’
1773 1514 1891 1584 ἴχνη
1924 1513 2038 1583 βαί-

457 1617 641 1665 νοντες
687 1602 852 1655 αὑτοῦ
912 1602 1204 1673 φθάσωμεν
1243 1605 1381 1677 πρὸς
1424 1607 1516 1661 τὸν
1562 1607 1813 1678 Πατέρα,
1864 1607 2038 1661 ὀπίσω

457 1692 622 1746 αὑτοῦ
660 1693 906 1763 γίνεσθαι
939 1695 1300 1766 κελευόμεθα·
1335 1698 1521 1752 ἐνθάδε
1560 1698 1616 1752 δὲ
1652 1699 1793 1770 (66),
1830 1700 1918 1753 ἵνα
1945 1700 2039 1772 δη-

459 1785 602 1857 λωθῇ
637 1785 698 1839 τὸ
748 1786 884 1859 μετά
923 1789 1020 1853 τὰς
1063 1789 1306 1844 Ἰωάννου
1353 1791 1696 1857 διδασκαλίας
1731 1795 1874 1863 (ἐπεὶ
1913 1794 2036 1865 ἐλή-

458 1877 615 1931 λυθεν
646 1875 821 1944 οὗτος.
863 1897 882 1931 ι
913 1882 998 1935 ἵνα
1051 1880 1252 1947 πάντες
1305 1883 1633 1938 πιστεύσωσι
1677 1885 1749 1938 δι’
1798 1885 1961 1938 αὐτοῦ
1991 1888 2036 1960 ι)

457 1973 570 2034 τοῖς
621 1973 1219 2044 προευτρεπισαμένοις
1285 1974 1606 2046 ἐπιδημεῖν,
1657 1977 2039 2051 προκεκαθαρ-

461 2062 641 2136 μένοις
674 2063 761 2117 διὰ
791 2063 899 2117 τῶν
941 2064 1198 2134 ἡττόνων,
1244 2065 1382 2137 πρὸς
1424 2067 1534 2137 (67)
1575 2067 1665 2119 τὸν
1702 2067 1908 2121 τέλειον
1952 2069 2038 2122 λόε

457 2171 569 2222 γον.
648 2154 1082 2226 Προηγουμένως
1148 2155 1246 2225 μὲν
1301 2152 1394 2209 οὖν
1463 2157 1694 2228 ἕστηκεν
1752 2159 1781 2210 ὀ
1846 2158 2037 2232 Πατὴρ

456 2245 740 2318 ἄτρεπτος,
765 2248 860 2300 καὶ
887 2247 1244 2309 ἀναλλοίωτος
1282 2245 1385 2300 ὥν·
1423 2248 1621 2320 ἕστηκε
1655 2249 1712 2302 δὲ
1752 2249 1846 2303 καὶ
1877 2250 1908 2302 6
1935 2251 2037 2305 Λό-

454 2353 549 2406 γος
574 2338 738 2391 αὐτοῦ
779 2339 867 2392 ἀεὶ
905 2340 964 2390 ὲν
991 2338 1070 2409 τῷ
1105 2337 1317 2406 σώζειν,
1349 2339 1450 2393 κᾶν
1479 2341 1704 2412 γένηται
1739 2339 1896 2412 σὰρξ,
1935 2341 2036 2394 κᾶν

457 2431 618 2502 μέσος
712 2430 1055 2504 ἀνθρώπων,’
1075 2433 1134 2486 οὐ
1173 2431 1743 2504 καταλαμϐανόμενος,
1771 2433 1886 2486 ἀλλ’
1913 2433 2035 2486 οὑδέ

456 2521 784 2594 βλεπόμενος
809 2539 822 2553 ο
875 2523 1073 2594 ἔστηκε
1113 2524 1171 2577 δέ
1221 2526 1317 2578 καὶ
1367 2525 1667 2592 διδάσκων,
1728 2526 2033 2596 προκαλού-

456 2628 616 2683 μενος
648 2614 856 2677 πάντας
890 2615 982 2667 arti.
1019 2614 1078 2666 τὸ
1108 2614 1282 2668 πίνειν
1311 2614 1420 2668 ἀπὸ
1456 2614 1556 2685 τῆς
1589 2614 1824 2684 ἀφθόνου
1852 2617 2034 2694 πηγῆς

452 2702 653 2758 αὐτοῦ·
705 2706 1053 2777 ιΕίστήκει»
1097 2705 1206 2777 γὰρ
1260 2725 1278 2758 ι
1309 2707 1338 2759 ὀ
1398 2706 1632 2776 Ἰησοῦς,
1686 2707 1780 2761 καὶ
1836 2707 2033 2777 έκραξε

450 2795 660 2865 λέγων·
722 2797 845 2852 Ἐάν
897 2813 982 2860 τις
1050 2796 1218 2868 διψᾷ,
1281 2797 1526 2870 ἐρχέσθω
1585 2800 1720 2872 πρὸς
1788 2799 1891 2871 μὲ,
1941 2801 2035 2854 καὶ

449 2889 673 2942 πινέτω.
701 2909 719 2941 ι

451 2979 600 3036 fonte
626 2995 729 3036 suo
756 2981 1096 3036 abundanti:
1139 2998 1158 3031 ‹
1209 2979 1403 3036 Stahat
1447 2983 1591 3036 enim
1650 2980 1828 3046 Jcsus,
1883 2993 1936 3038 et
1979 2983 2248 3039 clamabat
2295 2987 2480 3043 dicens

450 3071 600 3130 bibat
624 3074 694 3128 ⁸⁷.
724 3094 744 3128 ι

2149 694 2250 746 rint
2287 709 2391 748 non
2428 696 2696 748 disserant
2737 694 2821 748 vel
2853 695 2918 746 de
2961 693 3130 760 ipsius
3172 702 3390 755 natura,
3427 691 3511 746 vel
3546 705 3576 744 a
3611 707 3717 758 quo

2146 783 2298 840 fonte
2358 795 2412 840 ct
2447 785 2714 854 principio
2732 784 2966 848 venerit,
2998 796 3172 852 neque
3207 785 3418 838 tandem
3443 785 3714 852 quomodo

2143 878 2550 931 conﬁrmaverit
2578 877 2746 945 ipsos,
2775 877 2828 929 hi
2849 875 2900 928 in
2931 876 3106 929 medio
3127 875 3208 928 sui
3268 876 3505 943 ipsorum
3539 874 3712 943 Λόγον

2145 965 2222 1037 [et
2238 966 2522 1039 rationem]
2558 983 2616 1024 se
2647 969 2850 1022 habere
2880 970 3148 1022 nesciunt.
3180 969 3252 1022 At
3279 965 3517 1021 Joannes
3545 968 3714 1036 ipsum

2145 1059 2292 1112 novit
2321 1078 2332 1112 :
2363 1060 2463 1113 hoc
2479 1061 2646 1124 enim,
2675 1079 2694 1110 ε
2730 1073 2888 1128 quem
2911 1060 3300 1127 vosnescitis,»
3328 1059 3719 1114 contumeliose

2142 1150 2344 1204 dictum
2379 1150 2446 1203 ad
2481 1149 2802 1216 Pharisaeos,
2859 1152 3097 1206 ostendit
3143 1150 3410 1207 Joannem
3460 1162 3718 1206 accurate

2142 1239 2422 1307 agnovisse
2433 1251 2590 1307 quem
2604 1238 2678 1293 illi
2697 1239 3026 1308 ignorarent.
3043 1241 3211 1308 Quam
3234 1242 3303 1296 ob
3317 1257 3534 1296 causam
3553 1242 3716 1297 etiam

2142 1328 2404 1397 Baptista,
2421 1329 2595 1398 ipsum
2612 1345 2931 1400 agnoscens,
2959 1334 3104 1386 novit
3121 1341 3312 1402 postse
3332 1343 3642 1398 venturum,
3660 1335 3714 1388 in

2144 1422 2323 1475 medio
2345 1422 2721 1490 exsistentem,
2751 1425 2854 1480 hoc
2888 1435 2970 1480 est
2996 1438 3116 1496 post
3146 1443 3226 1490 se,
3264 1440 3320 1483 et
3357 1439 3479 1498 post
3505 1430 3708 1484 doctri-

2139 1525 2262 1564 nam
2291 1525 2321 1565 a
2352 1527 2411 1568 se
2442 1513 2492 1566 in
2531 1511 2801 1582 baptismo
2862 1513 3066 1583 datam,
3107 1519 3480 1574 advenientem
3517 1521 3584 1575 ad
3623 1534 3716 1575 eos

2137 1602 2229 1671 qui
2279 1605 2576 1660 secundum
2622 1606 2942 1661 Sermonem
2993 1606 3110 1678 [seu
3167 1609 3328 1680 138
3409 1610 3713 1684 rationem]

2138 1692 2307 1747 abluti
2339 1695 2542 1751 fuerint
2569 1736 2583 1752 .
2614 1695 2729 1751 Non
2761 1696 2903 1752 idem
2949 1708 3130 1754 autem
3159 1701 3499 1768 signiﬁcatur
3529 1703 3630 1757 hoc
3660 1705 3710 1755 in

2147 1785 2264 1840 loco
2289 1801 2386 1856 per
2409 1803 2594 1844 vocem
2629 1807 2647 1840 ι
2683 1797 2805 1857 post
2848 1806 2867 1839 ι
2906 1798 2961 1842 et
2991 1792 3208 1858 quando
3237 1791 3393 1847 Jesus
3417 1795 3584 1847 mittit
3613 1809 3715 1849 nos

2141 1889 2263 1948 post
2286 1880 2564 1950 seipsum;
2607 1881 2719 1936 illic
2752 1882 2898 1936 enim
2934 1892 3054 1952 post
3083 1885 3259 1952 ipsum
3290 1899 3411 1939 esse
3434 1886 3708 1956 jubemur,

2140 1982 2199 2025 ut
2231 1971 2547 2028 incedentes
2588 1987 2688 2042 per
2719 1973 2887 2041 ipsius
2916 1974 3138 2044 vestigia
3162 2015 3177 2039 ,
3217 1978 3598 2044 perveniamus
3643 1980 3711 2034 ad

2139 2063 2392 2129 Patrem;
2437 2064 2539 2120 hoc
2576 2080 2709 2120 vero
2744 2067 2796 2120 in
2829 2066 2969 2130 loco,
3017 2070 3076 2120 ut
3112 2069 3483 2123 declararetur
3525 2068 3708 2125 Jesum

2139 2167 2265 2227 post
2322 2155 2547 2214 Joannis
2602 2159 2881 2217 doctrinas
2926 2163 3385 2232 (quandoquidem
3422 2163 3508 2218 hic
3537 2166 3708 2228 venit,

2143 2267 2161 2300 ι
2188 2251 2454 2304 ut'omnes
2477 2250 2761 2306 crederent
2786 2267 2882 2321 per
2919 2254 3091 2322 ipsum
3123 2253 3242 2287 ‘7'"
3274 2255 3324 2324 ι)
3355 2257 3612 2311 accedere
3639 2261 3710 2312 ad

2143 2355 2239 2403 cos
2262 2341 2354 2410 qui
2386 2350 2547 2396 antea
2580 2346 2866 2413 praeparati
2892 2345 3124 2402 fuissent
3148 2356 3310 2417 atque
3326 2347 3592 2418 puriﬁcati
3613 2365 3710 2418 per

2143 2432 2402 2490 inferiora
2425 2435 2490 2488 ad
2517 2434 2817 2502 perfectum
2851 2435 3008 2506 λόγον
3060 2436 3178 2509 [seu
3218 2438 3532 2512 rationem].
3562 2440 3710 2496 Prae--

2144 2523 2306 2593 cipue
2350 2526 2534 2594 itaque
2562 2537 2670 2582 stat
2699 2527 2862 2583 Pater
2905 2531 3254 2586 immutabilis
3279 2541 3332 2588 et
3356 2533 3711 2590 inalterabilis

2139 2617 2406 2673 exsistens
2440 2635 2452 2670 :
2478 2628 2586 2673 stat
2618 2630 2797 2676 autem
2819 2631 2873 2676 et
2907 2623 3101 2679 Sermo
3130 2624 3297 2694 ipsius
3328 2640 3564 2697 semper,
3580 2627 3706 2681 dum

2143 2719 2348 2776 servat,
2381 2711 2545 2767 etiam
2581 2714 2623 2769 si
2653 2715 2747 2768 ﬁat
2769 2729 2920 2783 caro,
2961 2717 3176 2772 etiamsi
3203 2718 3256 2771 in
3286 2718 3463 2774 medio
3496 2720 3566 2774 sit
3612 2721 3710 2774 ho-

2142 2801 2368 2870 minum,
2398 2818 2508 2858 non
2539 2806 2988 2875 comprehensus,
3033 2807 3128 2862 sed
3168 2823 3344 2878 neque
3369 2809 3517 2866 visus
3547 2826 3561 2864 :
3601 2819 3712 2866 sta;

2143 2905 2324 2949 autem
2368 2903 2424 2950 et
2469 2897 2692 2963 docens,
2736 2900 2971 2955 invitans
3007 2914 3201 2956 omnes
3235 2901 3298 2956 ad
3343 2902 3634 2959 bibendum
3676 2920 3709 2960 a

2540 3005 2555 3042 ;
2612 2988 2670 3044 Si
2723 2991 2845 3060 quis
2900 2991 3052 3059 sitit,
3106 2993 3287 3049 veniat
3341 2994 3410 3049 ad
3476 3010 3599 3061 me,
3655 3007 3711 3051 et

517 3163 610 3220 23.
663 3164 722 3219 Ὁ
753 3165 810 3218 δὲ
853 3166 1170 3237 Ἡρακλέων
1201 3169 1290 3220 τό’
1332 3185 1350 3218 t
1379 3167 1559 3232 Μέσος
1586 3169 1738 3240 ὑμῶν
1762 3170 2031 3241 ’έστηκεμ

2202 3170 2290 3223 25.
2317 3171 2386 3223 Λι
2419 3168 2736 3230 Hcracleon,
2774 3192 2789 3220 ι
2815 3169 2872 3223 in
2905 3170 3083 3224 medio
3106 3172 3272 3226 vestri
3311 3179 3450 3238 stat,
3485 3191 3504 3222 ›
3538 3175 3708 3226 inter-

450 3259 635 3329 φησὶν,
667 3257 788 3311 ἀντὶ
833 3258 929 3311 τοῦ
991 3259 1171 3330 ιἪδη
1220 3259 1470 3331 πάρεστι,
1520 3262 1612 3314 καὶ
1670 3261 1816 3314 ἐστιν
1863 3265 1922 3314 ἐν
1951 3260 2031 3332 τῷ

448 3349 661 3422 κόσμῳ,
705 3350 802 3405 καὶ
845 3351 904 3403 ἐν
937 3350 1420 3425 ἀνθρώποις,›καὶ
1458 3353 1710 3424 ἐμφανής
1739 3355 1887 3407 ἐστιν
1928 3354 2030 3424 ἠδη

450 3443 615 3498 πᾶσιν
649 3444 809 3515 ὑμῖν·
845 3442 934 3497 διὰ
971 3444 1175 3497 τούτων
1203 3444 1258 3497 δέ
1293 3449 1571 3518 περιαιρεῖ
1610 3446 1671 3499 τὸ
1713 3447 1824 3516 (68)
1855 3463 2032 3519 παρα-

451 3534 644 3588 σταθέν
678 3537 809 3606 περὶ
840 3534 934 3588 τοῦ
973 3535 1453 3605 διαπεφοιτηκέναι
1492 3535 1653 3590 αὐτὸν
1683 3537 1752 3590 δι’
1780 3537 1902 3591 ὅλου
1934 3537 2026 3590 τοῦ

450 3629 679 3699 κόσμου.
710 3627 942 3681 Λεκτέον
968 3625 1078 3697 γὰρ
1109 3627 1247 3700 πρὸς
1274 3627 1464 3680 αὐτόν’
1499 3628 1636 3682 Πότε
1664 3629 1774 3700 γὰρ
1802 3629 1864 3682 οὐ
1888 3630 2029 3702 πάρ-

459 3734 605 3780 εστι;
669 3717 800 3771 πότε
842 3717 888 3770 δ’
928 3719 1028 3771 οὐκ
1063 3717 1210 3772 ἐστιν
1250 3720 1308 3770 ἐν
1338 3719 1416 3790 τῷ
1450 3721 1672 3790 κόσμῳ;
1724 3721 1816 3774 καὶ
1860 3722 2033 3775 ταῦτα

447 3809 542 3862 τοῦ
581 3811 916 3880 Εὐαγγελίου
962 3811 1241 3882 λέγοντος·
1283 3832 1301 3863 ς
1339 3813 1428 3867 Ἐν
1459 3813 1538 3884 τῷ
1571 3813 1762 3885 κόσμῳ
1803 3810 1893 3885 ἦν,
1938 3815 2033 3868 καὶ

445 3903 478 3957 6
507 3903 710 3974 κόσμος
742 3905 809 3958 δι’
836 3904 1000 3958 αὐτοῦ
1029 3905 1265 3974 ἐγένετο,
1299 3907 1394 3959 καὶ
1428 3907 1456 3959 ὁ
1495 3905 1698 3977 κόσμος
1732 3905 1894 3958 αὐτὸν
1933 3905 2034 3957 οὐκ

450 3994 592 4064 ἔγνω
626 3996 762 4068 (69).
791 4016 807 4047 ι
853 3997 964 4050 Καὶ⁹
1007 3996 1094 4050 διὰ
1129 3995 1288 4050 τοῦτο
1335 3997 1430 4051 καὶ
1479 3991 1660 4062 οὗτοι,
1699 3998 1836 4068 πρὸς
1875 3997 1968 4061 οὓς
2004 4000 2034 4050 ὀ

448 4087 626 4156 λόγος,
659 4089 688 4142 ὀ
725 4109 744 4138 ι
775 4087 834 4141 6v
881 4089 1040 4159 ὑμεῖς
1076 4089 1178 4142 οὐκ
1215 4089 1415 4152 οίδατε,
1437 4109 1454 4139 ι
1485 4089 1585 4142 οὐκ
1613 4089 1817 4142 οἴδασιν
1850 4089 2030 4154 αὐτὸν,

450 4181 574 4234 ἐπεὶ
601 4179 814 4234 οὐδέπω
846 4179 941 4232 τοῦ
978 4179 1184 4249 κόσμου
1233 4179 1640 4252 ἐξεληλύθασιν,
1667 4183 1694 4235 ὀ
1730 4181 1788 4234 δὲ
1832 4182 2032 4254 κόσμος

449 4269 612 4322 αὑτὸν
650 4271 750 4323 οὐκ
799 4270 960 4338 ἔγνω.
1017 4271 1175 4324 Ποῖον
1221 4270 1278 4323 δὲ
1329 4271 1520 4342 χρόνον
1570 4271 1804 4325 διέλειπε
1849 4271 1944 4325 τοῦ
1975 4275 2033 4326 ἐν

446 4362 755 4436 ἀνθρώποις
788 4361 965 4430 εἷναι;
1002 4367 1073 4418 Ἦ
1129 4366 1229 4418 οὐκ
1287 4367 1346 4419 ἐν
1393 4363 1590 4436 Ἡσαΐᾳ
1648 4360 1718 4435 ἦν
1786 4364 2029 4434 λέγοντι·

453 4475 473 4507 ι
505 4457 730 4528 Πνεῦμα
779 4459 988 4530 Κυρίου
1021 4460 1110 4511 ἐπ’
1155 4459 1275 4529 ἐμὲ,
1306 4450 1366 4510 οὗ
1410 4458 1617 4511 εἵνεκεν
1648 4457 1833 4530 ἔχρισέ
1879 4475 1976 4530 με·
2010 4479 2029 4511 ι

450 4550 576 4602 καίο
619 4569 639 4603 ι
681 4551 960 4622 Ἐμφανὴς
1007 4551 1272 4622 ἐγενόμην
1321 4555 1432 4615 τοῖς
1462 4552 1561 4622 ἐμὲ
1605 4552 1678 4623 μὴ
1729 4550 1979 4624 ζητοῦσι;
2008 4572 2026 4604 ι

450 4639 774 4709 Λεγέτωσαν
802 4642 856 4696 δὲ
889 4645 938 4695 εί
975 4642 1048 4714 μὴ
1082 4645 1175 4696 καὶ
1206 4645 1263 4697 ἐν
1305 4642 1468 4696 Δαυῖδ
1499 4637 1589 4714 ἦν,
1612 4643 1712 4696 οὐκ
1746 4645 1839 4714 ἀφ’
1864 4643 2026 4696 αὐτοῦ

447 4732 688 4802 λέγοντι’
731 4753 751 4786 ι
791 4735 931 4804 Ἐγὼ
973 4736 1031 4789 δὲ
1071 4736 1410 4808 κατεστάθην
1443 4736 1694 4807 βασιλεὺς
1736 4736 1827 4789 ὑπ’
1859 4737 2025 4790 αὑτοῦ

448 4826 541 4878 ἐπὶ
567 4826 704 4880 Σιὼν
729 4828 854 4900 ὅρος
885 4829 944 4881 τὸ
977 4829 1132 4898 ἅγιον
1170 4828 1362 4882 αὐτοῦ’
1391 4847 1410 4880 ι
1445 4829 1540 4882 καὶ
1563 4828 1663 4882 ὅσα
1704 4827 1770 4880 ἐκ
1811 4825 2024 4898 προσώ-

446 4937 550 4973 που
578 4921 818 4992 Χριστοῦ
846 4922 904 4975 ἐν
929 4921 1176 4992 Ψαλμοῖς
1214 4923 1660 4993 ἀναγέγραπται;
1702 4921 1813 4973 Καὶ
1853 4920 1905 4973 τί
1954 4938 2021 4990 με

443 5013 526 5068 δεῖ
569 5016 692 5069 καθ’
729 5017 960 5070 ἕκαστον
1011 5014 1392 5069 ἀποδεικνύναι
1445 5012 1906 5085 δυσεξαρίθμητον
1935 5013 2023 5065 6v-

443 5125 551 5172 τως
589 5109 699 5179 (70)
755 5109 1110 5180 παραστῆσαι
1159 5106 1405 5180 ἐκοιργῶς
1449 5105 1778 5175 δυνάμενον,
1823 5103 1904 5157 ὅτι
1937 5102 2024 5156 ἀεὶ

517 5223 634 5256 ⁸’⁶⁸⁸
655 5225 812 5280 Joan.
839 5241 877 5290 ι,
909 5225 960 5278 7.
1058 5225 1103 5255 ⁸⁷
1127 5221 1282 5279 Joan.
1316 5237 1412 5287 νη,
1447 5222 1537 5276 57.

517 5366 630 5440 (63)
668 5368 1059 5440 Συνέστησεν
1077 5366 1305 5440 αὐτοῖς..
1324 5363 1636 5440 Legendum
1663 5363 1748 5417 vel
1768 5363 2020 5433 συνέστη-

447 5456 537 5493 σεν
560 5437 776 5504 αὑτούς,
804 5440 884 5510 vel
903 5439 1230 5510 συνέστηκεν
1249 5437 1451 5510 αὐτοῖςἷ

518 5512 628 5584 (64)
661 5503 842 5584 Codex
866 5503 1215 5574 Bodleianus,
1243 5519 1415 5574 recte,
1439 5503 1752 5574 λεγόμενον.
1787 5503 2012 5576 Regius,

447 5580 942 5655 ιηοιε,’γενόμενον.
1154 5649 1164 5655 _
1308 5649 1320 5655 _
1465 5647 1474 5655 _
1630 5648 1643 5655 _
1716 5645 1774 5655 ..
1980 5643 2004 5655 ..

515 5645 845 5716 (65)“Ειίὶἰὶο
875 5649 1051 5705 Huetii
1081 5649 1261 5708 habet,
1303 5647 1560 5718 ἐμφαίνει
1594 5648 1686 5700 τὸν
1716 5645 1899 5718 λόγον,
1937 5645 2016 5714 τῷ

445 5721 720 5803 ἐπιμελῶς
751 5720 1052 5803 ἐγνωκέναι
1072 5721 1134 5773 τὸ
1162 5719 1252 5772 ὑπ’
1269 5716 1517 5783 ἐκείνων,
1548 5723 1643 5772 sed
1672 5717 1838 5771 codex
1870 5716 2016 5770 Bud-

447 5791 656 5846 Ieiauus
690 5802 749 5844 ut
771 5795 824 5845 in
856 5803 1045 5844 nostro
1071 5801 1242 5844 textu.

517 5861 628 5932 (66)
670 5860 920 5918 Ἐνθάδε
941 5859 1028 5915 δέ.
1063 5861 1155 5914 Sic
1189 5860 1358 5914 codex
1394 5858 1756 5925 Bodleianus;
1791 5856 2014 5926 Regius,

720 5959 996 6020 PATBOL.
1042 5956 1158 6019 Gn.
1203 5956 1377 6018 XIV.

1632 5222 1678 5252 ⁸⁸
1714 5219 1870 5276 Joan.
1917 5236 1967 5285 'l,
1999 5219 2087 5272 10.

2133 3268 2378 3327 prctatur
2409 3275 2421 3311 :
2458 3279 2476 3310 ι
2509 3259 2625 3314 Jam
2651 3262 2822 3323 adest,
2855 3270 2909 3315 et
2935 3261 3094 3315 estin
3119 3261 3340 3320 mundo.
3365 3272 3419 3316 et
3451 3263 3592 3316 inter
3609 3279 3710 3316 nos

2132 3365 2323 3405 omnes
2371 3351 2620 3406 homines
2658 3372 2675 3402 ι
2708 3352 2816 3421 jam
2858 3351 3083 3406 visibilis
3116 3360 3201 3406 est
3235 3369 3247 3404 :
3279 3367 3386 3420 qua
3437 3353 3708 3424 interpre-

2133 3442 2336 3496 tatione
2359 3439 2497 3496 tollit
2524 3439 2668 3507 quod
2702 3440 3004 3506 docuimus,
3037 3454 3231 3510 nempe
3264 3444 3407 3510 quod
3449 3443 3566 3512 ipse
3599 3445 3709 3499 dis-

2133 3541 2318 3586 currat
2371 3544 2436 3585 ac
2471 3537 2712 3598 permeet
2757 3544 2856 3600 per
2889 3539 3057 3586 totum
3089 3531 3371 3587 mundum.
3407 3535 3702 3589 Dicendum

2133 3621 2277 3675 enim
2329 3620 2398 3675 ad
2441 3619 2634 3675 illum:
2672 3619 2900 3686 Quando
2946 3620 3090 3675 enim
3119 3636 3231 3676 non
3274 3622 3462 3678 adest?
3489 3628 3705 3693 quando

2133 3725 2315 3768 autem
2345 3727 2451 3767 non
2479 3722 2563 3768 est
2585 3712 2638 3766 in
2670 3713 2918 3767 mundo?
2945 3715 3248 3783 praesertim
3295 3715 3586 3787 Evangelia
3617 3718 3703 3772 di—

2133 3815 2289 3861 cente
2318 3823 2332 3859 :
2367 3823 2386 3856 ι
2422 3804 2481 3860 ln
2518 3804 2721 3860 mundo
2753 3815 2892 3871 erat,
2935 3816 2992 3861 et
3024 3808 3258 3863 mundus
3296 3823 3392 3878 per
3420 3809 3596 3880 ipsum
3631 3811 3708 3865 fa-

2134 3907 2256 3953 ctus
2280 3906 2388 3964 est,
2435 3894 2514 3969 [et
2534 3898 2768 3958 mundus
2799 3911 2921 3951 eum
2955 3911 3064 3952 non
3085 3899 3455 3973 εοειιονίιδδ.)
3484 3918 3502 3951 ι
3539 3900 3606 3955 Et
3637 3904 3706 3954 oh

2134 3997 2274 4050 hanc
2317 4009 2536 4050 causam
2595 3993 2648 4047 hi
2707 3993 2874 4048 etiam
2926 3995 2994 4049 ad
3043 4009 3183 4064 quos
3234 4003 3319 4050 est
3364 4008 3542 4051 sermo
3595 3997 3707 4065 ille,

2141 4105 2159 4138 ι
2186 4101 2345 4157 quem
2371 4101 2471 4140 vos
2500 4085 2743 4149 nescitis,
2776 4103 2795 4136 ι
2825 4086 3073 4141 nesciunt
3107 4101 3256 4152 eum,
3289 4087 3545 4155 quoniam
3569 4105 3708 4143 non-

2134 4178 2261 4232 dum
2298 4191 2330 4230 e
2366 4175 2562 4229 mundo
2603 4174 2806 4244 egressi
2849 4174 3095 4238 fuerant,
3131 4175 3364 4230 mundus
3403 4189 3537 4230 vero
3582 4191 3706 4230 eum

2135 4281 2242 4321 non
2273 4266 2546 4332 cognovit.
2590 4265 2698 4320 Sed
2734 4278 2843 4334 quo
2877 4275 3121 4333 tempore
3149 4267 3386 4320 cessavit
3423 4266 3569 4320 inter
3610 4267 3707 4320 ho.

2135 4359 2311 4413 mines
2352 4358 2507 4412 esse?
2538 4357 2620 4411 An
2645 4369 2752 4410 non
2788 4365 2911 4410 erat
2940 4355 2993 4410 in
3019 4355 3158 4410 Isaia
3192 4357 3441 4413 dicente:
3481 4374 3501 4408 ι
3533 4355 3709 4427 Spiri-

2137 4458 2225 4506 tus
2253 4451 2464 4504 Domini
2493 4462 2657 4518 super
2688 4463 2796 4514 me,
2826 4457 3114 4518 propterea
3137 4449 3283 4517 quod
3313 4450 3469 4503 unxit
3500 4450 3702 4512 me”,i

2063 4533 2107 4588 Ι)
2133 4550 2226 4598 et:
2255 4560 2273 4593 ι
2296 4541 2615 4598 Manifestus
2639 4541 2818 4597 factus
2843 4556 2961 4596 sum
3001 4541 3054 4596 in
3080 4541 3168 4596 his
3192 4541 3285 4611 qui
3318 4557 3405 4597 me
3430 4558 3535 4597 non
3559 4557 3708 4612 quar-

2138 4639 2436 4694 rebant"?
2475 4657 2493 4690 I
2525 4639 2735 4694 Rursus
2767 4639 2952 4693 dicant
2982 4653 3049 4691 an
3087 4638 3141 4691 in
3175 4637 3382 4693 Davide
3417 4653 3522 4692 non
3564 4649 3704 4697 erat.

2133 4745 2239 4785 non
2271 4745 2302 4784 a
2330 4731 2628 4799 semetipso
2657 4730 2875 4784 dicente
2903 4745 2917 4783 :
2953 4746 2973 4779 ι
3017 4729 3128 4800 Ego
3157 4739 3339 4784 autem
3373 4728 3704 4783 constitutus

2130 4837 2250 4877 sum
2280 4836 2375 4876 rex
2401 4822 2469 4876 ah
2497 4835 2562 4877 eo
2579 4836 2741 4891 super
2762 4821 2892 4875 Sion
2921 4832 3158 4876 montem
3190 4829 3436 4874 sanctum
3462 4820 3696 4889 cjus“,.

2131 4926 2185 4967 et
2225 4927 2566 4983 quaecunque
2594 4914 2647 4967 in
2679 4913 2910 4969 Psalmis
2954 4927 3021 4968 ex
3056 4926 3288 4982 persona
3325 4911 3526 4967 Christi
3563 4915 3700 4967 scri-

2132 5019 2225 5078 pta
2256 5007 2424 5062 sunt?
2462 5007 2709 5077 Cumque
2739 5004 3024 5060 evidenter
3062 5005 3260 5059 docere
3287 5019 3479 5074 queam
3515 5001 3699 5059 Jesum

2133 5114 2351 5172 semper
2381 5101 2522 5156 inter
2554 5101 2800 5155 homines
2830 5113 2977 5164 esse,
3008 5099 3076 5152 ad
3106 5097 3547 5152 convincendum
3595 5113 3702 5150 non

2189 5218 2233 5250 ⁸³
2266 5217 2390 5274 lsai.
2413 5233 2525 5283 LXI,
2550 5218 2576 5270 l
2708 5217 2753 5247 ⁹⁰
2784 5215 2907 5270 lsai.
2946 5231 3070 5282 va,
3097 5213 3152 5271 1.
3257 5215 3302 5246 ’⁸
3340 5214 3480 5270 Psal.
3529 5230 3593 5281 ll,
3641 5213 3699 5269 6.

2126 5359 2334 5416 ἐνθάδε.

2197 5431 2310 5502 (67)
2340 5431 2517 5497 Πρός.
2537 5426 2804 5502 Ita_codex_
2817 5424 3170 5502 Bodleiantls;
3187 5421 3330 5502 male
3346 5421 3565 5502 Regius,
3582 5424 3696 5502 καί,

2198 5489 2314 5570 (68)
2341 5489 2636 5568 Περιὶλῑιρεῖ
2651 5499 2740 5552 τό.
2772 5497 2866 5552 Sic
2889 5497 3059 5552 codex
3091 5489 3415 5552 Budleianus
3435 5507 3452 5556 ;
3475 5489 3697 5561 Regius,

2124 5572 2458 5643 περιῃρεῖτο..

2346 5640 2453 5693 Kal
2483 5641 2519 5712 rd
2540 5639 2768 5712 κόσμος
2795 5636 2984 5712 αὐτόν
3006 5636 3118 5689 οὐκ
3158 5632 3330 5700 ἔγνω.
3361 5629 3485 5709 lianc
3511 5634 3696 5691 verba,

2124 5703 2243 5782 qua:
2290 5703 2580 5782 in_t-.odi_ce
2631 5703 2800 5774 Regio
2832 5707 3032 5761 omissa
3071 5714 3218 5766 sunt,
3278 5703 3635 5754 restituuntur
3666 5717 3697 5756 e

2128 5779 2316 5837 codice
2346 5779 2664 5833 Bodleiano.

2197 5851 2308 5922 (70)
2343 5845 2905 5922 Codexﬁodleianus,
2930 5845 3396 5918 δυσεξαριθμήτου
3416 5843 3590 5906 ὃντος.

3273 5944 3315 6004 9
