4194 6416
504 378 613 433 εις-ι

1970 352 2284 413 ORIGENIS

3665 346 3770 404 268

514 506 664 553 recte
693 491 1082 549 lleraclenuem
1116 484 1519 558 exponendo,'c
1568 482 1622 536 in
1680 478 1858 535 medio
1916 474 2079 530 vestri

2193 471 2241 522 ἓν
2271 466 2544 539 ἀνθρώπῳ
2576 465 2687 537 (71)
2721 460 2807 536 ἦν,
2844 465 2977 535 πρὸς
3011 464 3071 516 τὸ
3102 462 3317 530 ἐλέγξαι
3351 464 3451 533 οὐχ
3499 461 3665 532 ὑγιῶς
3691 464 3773 518 ει·

513 600 649 654 stat,
674 610 693 643 ι
712 586 1049 658 exposuisse,
1074 601 1092 633 ι
1116 582 1235 636 .Iam
1254 580 1422 639 adest,
1445 586 1502 632 et
1525 585 1611 632 est
1634 570 1923 632 inmundo,
1948 576 2003 622 et
2033 567 2086 618 in

511 682 758 745 homine,
799 699 820 731 ι
858 678 988 749 quid
1016 692 1153 747 opus
1184 683 1269 730 est
1302 688 1388 728 me
1429 666 1742 739 singulatim
1772 668 2087 732 argumenta

515 790 839 848 congerere,
885 786 1008 827 cum
1045 784 1113 825 ea
1165 769 1257 823 vix
1300 763 1609 823 enumerari
1668 756 1921 828 queant?
1967 753 2086 808 Non

515 846 748 926 absurde
780 875 959 921 tamen
998 861 1140 931 apud
1178 874 1302 916 eum
1331 857 1533 912 dicitur
1552 895 1568 920 ,
1595 851 1738 922 quod
1764 850 1927 904 verba
1960 846 2047 899 illa
2070 886 2085 908 ,

519 978 540 1014 ι
582 962 677 1030 qui
727 966 850 1029 post
901 969 990 1010 me
1039 960 1305 1007 venturus
1368 957 1487 1011 est,
1529 965 1549 998 ι
1588 942 1868 1000 declarant
1919 937 2086 994 Joan-

517 1065 641 1107 nem
687 1060 1088 1120 pmcursorem
1142 1042 1345 1099 Christi
1393 1040 1659 1096 exsistere
1707 1046 1885 1090 :vere
1939 1030 2086 1084 enim

517 1159 626 1201 non
658 1158 816 1199 secus
845 1151 1010 1211 atque
1035 1153 1228 1195 servus
1258 1133 1544 1206 praecurrit
1587 1129 1894 1186 Dominum.
1931 1122 2090 1195 139

516 1236 700 1305 Longe
754 1248 885 1290 vero
959 1229 1263 1303 simplicius
1326 1241 1391 1282 ea
1454 1224 1622 1280 verba
1699 1222 2089 1290 interpretatus

515 1340 599 1387 est
626 1348 642 1385 :
678 1348 698 1382 ι
741 1327 860 1384 Non
888 1341 1008 1382 sum
1047 1337 1148 1394 ego
1175 1321 1392 1392 dignus,
1424 1326 1486 1372 ut
1523 1315 1730 1372 solvam
1762 1313 1880 1383 ejus
1912 1309 2086 1366 corri-

516 1426 661 1488 giam
694 1414 1054 1474 calceamenti
1090 1413 1159 1477 θ’,
1198 1429 1218 1464 ι
1259 1406 1485 1479 perinde
1512 1402 1668 1473 quasi
1704 1401 1937 1454 mteatur
1982 1395 2088 1450 Ba-

515 1486 681 1582 ptista
715 1510 801 1564 his
832 1506 1016 1561 verbis
1043 1516 1102 1559 se
1128 1513 1305 1569 neque
1326 1498 1546 1566 dignum
1575 1491 1670 1562 qui
1697 1490 1884 1545 ultima
1910 1486 2087 1543 oﬂicia

515 1574 571 1657 in
604 1598 884 1655 Christum
911 1590 1184 1649 conferat.
1215 1587 1470 1641 Attamen
1516 1589 1636 1651 post
1684 1578 1824 1633 hanc
1868 1574 2089 1645 exposi-

516 1694 722 1748 tionem
753 1688 892 1746 satis
921 1680 1277 1756 probabiliter
1308 1673 1590 1744 subiunxit
1627 1690 1642 1727 :
1684 1670 1802 1726 Non
1832 1684 1956 1725 sum
1987 1682 2088 1736 ego

514 1787 745 1842 idoneus
773 1789 834 1837 ut
866 1777 973 1835 mei
1012 1773 1185 1847 gratia
1220 1766 1516 1825 descendat
1562 1780 1594 1820 a
1629 1759 2003 1833 magnitudine
2031 1767 2088 1814 et

2198 560 2429 630 ρημένον
2460 559 2554 612 τό·
2593 576 2612 608 ι
2641 557 2779 627 Ἤδη
2824 557 3085 627 πάρεστι,
3129 556 3225 609 καὶ
3271 554 3419 608 ἐστιν
3469 556 3531 610 ὲν
3559 554 3778 626 κόσμῳ,

2194 655 2287 707 καὶ
2315 655 2374 708 ἐν
2401 650 2690 724 ἀνθρώπῳ,
2720 669 2739 701 ι
2779 650 2859 712 εἰς
2885 648 3133 719 διήγησιν
3156 646 3310 718 παρὰ
3329 646 3409 718 τῷ
3435 647 3780 719 Ἡρακλέωνι

2192 746 2311 799 τοῦ·
2352 764 2371 797 ι
2394 745 2572 807 Μέσος
2600 742 2754 813 ὑμῶν
2776 742 3006 811 ἕστηκεν
3026 758 3041 803 ;
3062 763 3081 796 ι
3115 741 3230 793 Οὐκ
3253 739 3534 804 ἀπιθάνως
3560 741 3620 794 δὲ
3648 741 3780 813 παρ’

2194 837 2343 908 αὑτῷ
2380 836 2630 906 λέγεται,
2660 834 2743 887 ὅτι
2772 832 2855 895 τὸ,
2892 851 2911 884 ι
2959 831 3134 884 ὀπίσω
3161 847 3263 900 μου
3320 830 3637 902 ἐρχόμενος,
3664 849 3683 881 ι
3717 830 3781 883 τὸ

2194 927 2497 1000 πρόδρομον
2520 920 2660 979 εἶναι
2679 922 3038 992 τὸνίωάννην
3065 920 3159 974 τοῦ
3182 919 3418 991 Χριστοῦ
3448 920 3631 990 δηλοῖ·
3655 919 3788 990 ἀλη-

2194 1021 2303 1086 θῶς
2325 1023 2434 1093 γὰρ
2452 1018 2694 1090 ὡσπερεὶ
2718 1018 2933 1087 οἰκέτης
2958 1016 3074 1068 ἐστὶ
3096 1015 3414 1086 προτρέχων
3428 1015 3525 1067 τοῦ
3544 1014 3783 1084 Κυρίου.

2193 1116 2335 1170 Πολὺ
2367 1114 2424 1168 δὲ
2453 1111 2822 1182 ἁπλούστερον
2854 1111 2914 1163 τό
2936 1124 2948 1135 °
2994 1127 3012 1159 ι
3038 1110 3153 1161 Οὐκ
3177 1108 3293 1178 εἰμὶ
3324 1106 3470 1171 ἄξιος
3503 1107 3595 1160 ἵνα
3635 1105 3791 1159 λύσω

2192 1207 2358 1262 αὑτοῦ
2402 1205 2494 1261 τὸν
2538 1204 2738 1275 ίμάντα
2764 1200 2858 1255 τοῦ
2892 1199 3262 1271 ὑποδήματος,
3290 1217 3309 1249 ι
3355 1198 3672 1269 ὲξείληφεν,
3699 1197 3787 1251 ὃτι

2192 1300 2313 1355 οὑδὲ
2341 1302 2437 1371 τῆς
2458 1297 2791 1368 ἀτιμοτάτης
2815 1293 3117 1365 ὑπηρεσίας
3135 1291 3235 1361 τῆς
3264 1290 3401 1362 πρὸς
3425 1289 3516 1343 τὸν
3542 1290 3791 1362 Χριστὸν

2193 1393 2342 1459 ἄξιος
2385 1386 2525 1445 εἶναι
2566 1388 2654 1442 διὰ
2681 1387 2885 1442 τούτων
2910 1387 2939 1438 6
2972 1384 3282 1455 Βαπτιστὴς
3308 1381 3587 1452 ὁμολογεῖ.
3636 1382 3793 1453 Πλὴν

2196 1486 2335 1558 μετὰ
2366 1484 2571 1554 ταύτην
2598 1483 2697 1553 τὴν
2740 1478 2968 1549 ἐκδοχὴν
2993 1479 3094 1532 οὑκ
3125 1476 3407 1540 ἀπιθάνως
3434 1473 3792 1545 ὑποϐέϐληκε

2191 1581 2251 1635 τό
2273 1596 2287 1611 ·
2321 1578 2435 1633 Οὐκ
2482 1576 2594 1646 ἐγώ
2634 1575 2752 1645 είμι
2786 1571 2990 1635 ἱκανὸς,
3044 1571 3131 1624 ἵνα
3161 1568 3360 1647 saepe
3403 1566 3651 1640 κατέλθῃ
3678 1565 3794 1621 ἀπὸ

2196 1669 2477 1744 μεγέθους,
2526 1668 2621 1722 καὶ
2660 1666 2862 1737 σάρκα,
2896 1662 3059 1736 λάϐῃ,
3107 1661 3183 1725 ὼς
3230 1659 3506 1731 ὑπόδημα,
3552 1659 3691 1730 περὶ
3721 1654 3796 1731 ἧς

2191 1762 2303 1833 ιγὼ
2325 1762 2480 1832 λόγον
2519 1758 2806 1815 ἀποδοῦναι
2849 1755 2910 1810 οὐ
2938 1755 3193 1826 δύναμαι,
3246 1752 3368 1807 οὐδέ
3390 1750 3792 1823 διηγήσασθαι,

514 1887 744 1931 carnem
768 1837 1044 1939 accipiat:
1055 1879 1153 1919 ceu
1191 1862 1647 1919 calceamentum,
1680 1852 1749 1908 de
1786 1866 1892 1921 qua
1922 1848 2088 1904 ratio-

2193 1855 2504 1928 ἢὲπιλῦσαι
2547 1852 2646 1924 τὴν
2694 1851 2825 1924 περὶ
2866 1849 3039 1919 αὐτῆς
3078 1848 3411 1919 οἰκονομίαν.
3463 1845 3796 1918 Ἀδρότερον

513 1983 638 2026 nem
667 1964 898 2021 reddere
944 1972 1045 2029 ego
1101 1969 1209 2010 non
1253 1951 1430 2017 valeo,
1477 1960 1656 2015 neque
1681 1959 1963 2007 enarrare,
2006 1942 2089 1998 vel

513 2062 727 2117 solvere
762 2056 831 2111 de
857 2056 973 2123 ipsa
999 2044 1490 2117 dispensationem.
1520 2039 1732 2095 Rursus
1756 2037 1937 2092 minus
1959 2049 2089 2105 pru-

512 2152 707 2208 denter
736 2157 901 2215 atque
944 2137 1244 2196 animosius
1283 2131 1589 2189 Heracleon
1637 2130 1775 2200 ipse,
1829 2143 1953 2184 cum
1991 2140 2090 2196 per

512 2243 757 2299 calceum
782 2238 1172 2304 interpretatus
1203 2233 1352 2283 esset
1382 2221 1664 2284 mundum,
1712 2219 1779 2273 ad
1816 2232 1931 2273 rem
1968 2232 2088 2271 ma-

514 2335 599 2405 gis
620 2332 841 2401 impiam
873 2326 1089 2388 transit,
1133 2336 1330 2391 nempe
1371 2318 1441 2374 ad
1481 2312 1906 2374 enuntiandum,
1961 2309 2079 2364 haec

514 2402 700 2481 omnia
736 2419 963 2491 intelligi
999 2417 1162 2473 etiam
1196 2422 1455 2485 Oportere
1495 2407 1563 2465 de
1597 2404 1781 2462 mundi
1824 2402 2089 2457 Fabrica-

514 2529 657 2585 tore,
693 2512 1045 2584 intelligendo
1091 2523 1188 2580 per
1220 2506 1507 2570 Joannem,
1553 2512 1846 2570 personam
1895 2493 2090 2549 Fabri-

514 2607 720 2664 catoris
747 2603 958 2660 mundi.
986 2599 1280 2655 Existimat
1303 2594 1453 2651 enim
1484 2591 1670 2647 mundi
1700 2587 1966 2659 Opilicem
2004 2586 2090 2640 in-

514 2698 769 2755 feriorem
799 2693 1021 2750 Christo
1068 2689 1456 2751 exsisteutem,
1501 2682 1605 2739 hoc
1647 2695 1745 2751 per
1780 2680 1896 2735 haec
1925 2677 2089 2733 verba

514 2789 699 2853 fateri,
729 2785 879 2857 quod
910 2791 996 2838 est
1022 2779 1268 2838 omnium
1304 2773 1713 2846 impiissimum.
1751 2767 1891 2824 Nam
1929 2765 2092 2822 Pater

514 2882 610 2951 qui
661 2879 815 2935 misit
864 2876 1041 2938 illum,
1074 2869 1377 2927 viventium
1426 2869 1569 2923 Deus
1623 2861 1718 2935 (ut
1758 2862 1925 2917 etiam
1977 2860 2091 2929 ipse

517 2972 679 3029 Iesus
702 2978 935 3028 testatur
965 2966 1058 3036 "),
1091 2978 1288 3031 nempe
1315 2960 1618 3023 Abraham,
1638 2957 1788 3012 Isaac
1818 2966 1873 3011 et
1898 2952 2090 3018 Jacob,

514 3077 571 3123 et
600 3066 806 3122 idcirco
835 3061 1097 3118 Dominus
1128 3056 1256 3113 caeli
1282 3064 1339 3110 et
1361 3063 1543 3119 terrae,
1573 3052 1717 3122 quod
1765 3063 1830 3104 ea
1874 3045 2089 3111 fecerit,

2188 1943 2245 2005 δὲ
2297 1951 2394 2004 καὶ¹
2431 1948 2934 2021 μεγαλοφυέστερον
2964 1946 2993 1998 6
3026 1942 3188 2006 αὐτὸς
3226 1940 3537 2013 Ἡρακλέων
3580 1939 3796 2011 κόσμον

2188 2044 2248 2097 τὸ
2275 2042 2528 2114 ὑπόδημα
2574 2040 2954 2113 ἐκδεξάμενος,
3006 2036 3240 2108 μετέστη
3271 2035 3365 2089 ἐπὶ
3401 2034 3463 2087 τὸ
3487 2034 3793 2087 ἀσεϐέστε-

2193 2152 2283 2208 ρον
2312 2132 2693 2205 ἀποφήνασθαι
2741 2129 2912 2186 ταῦτα
2944 2127 3124 2183 πάντα
3173 2128 3285 2181 δεῖν
3343 2125 3644 2180 ἀκούεσθαι
3693 2125 3794 2180 καὶ

2190 2228 2319 2301 περί⁸
2370 2226 2466 2282 τοῦ
2519 2225 2814 2298 προσώπου
2859 2221 3049 2278 τούτου
3100 2222 3212 2293 (72)
3262 2220 3351 2275 διὰ
3389 2219 3488 2273 τοῦ
3534 2220 3793 2275 Ἰωάννου

2189 2321 2501 2392 νοουμένου.
2545 2318 2729 2373 Οῖεται
2782 2315 2892 2388 γὰρ
2924 2315 3016 2369 τὸν
3055 2313 3396 2386 Δημιουργὸν
3439 2312 3537 2367 τοῦ
3578 2313 3793 2383 κόσμου

2190 2414 2452 2469 ἐλάττονα
2470 2411 2599 2465 ὅντα
2628 2408 2723 2464 τοῦ
2749 2407 3008 2480 Χριστοῦ,
3036 2407 3196 2461 τοῦτο
3216 2405 3500 2478 ὁμολογεῖν
3534 2405 3631 2460 διὰ
3661 2404 3790 2459 τού-

2189 2523 2298 2561 των
2341 2504 2450 2559 τῶν
2480 2503 2697 2571 λέξεων,
2749 2502 2888 2572 ὅπερ
2917 2500 3033 2553 ἐστὶ
3062 2500 3280 2554 πάντων
3323 2496 3695 2553 ἀσεὸέστατον
3713 2514 3727 2525 ’
3758 2497 3791 2555 ό

2191 2599 2300 2672 γὰρ
2344 2596 2571 2669 πέμψας
2599 2594 2763 2650 αὐτὸν
2807 2592 3019 2665 Πατὴρ,
3065 2594 3095 2646 ό
3139 2591 3246 2645 τῶν
3278 2589 3495 2656 ζώντων
3524 2590 3683 2658 Θεὸς,
3710 2591 3789 2655 ὡς

2202 2688 2364 2752 αὐτὸς
2424 2684 2628 2758 Ἰησοῦς
2691 2686 2977 2756 μαρτυρεῖ,
3039 2680 3136 2737 τοῦ
3200 2681 3472 2755 Ἀϐραὰμ,
3541 2683 3643 2737 καὶ
3691 2682 3788 2738 τοῦ

2204 2780 2411 2845 Ἰσαὰκ,
2461 2776 2676 2833 καὶτοῦ
2721 2775 2937 2841 Ἰακὼϐ,
2966 2777 2996 2830 6
3025 2775 3116 2829 διὰ
3140 2773 3300 2829 τοῦτο
3332 2773 3543 2846 Κύριος
3574 2772 3671 2829 τοῦ
3696 2776 3788 2830 οὐ·

2193 2872 2358 2947 ρανοῦ
2388 2871 2484 2926 καὶ
2514 2869 2617 2941 τῆς
2646 2846 2772 2940 γῆξ,
2821 2869 2906 2922 ὅτι
2956 2868 3256 2939 πεποίηκεν
3296 2866 3458 2932 αὐτὰ,
3502 2860 3666 2933 οὗτος
3695 2868 3789 2923 καὶ

2195 2964 2357 3035 μόνος
2389 2961 2614 3034 ἀγαθὸς,
2666 2962 2762 3015 καὶ
2814 2956 3014 3031 μείζων
3037 2957 3132 3013 τοῦ
3165 2957 3511 3029 πεμφθέντος
3544 2958 3684 3029 (75).
3725 2960 3790 3013 Ei

2191 3056 2249 3110 δὲ
2292 3056 2407 3121 καὶ,
2456 3054 2533 3119 ώς
2572 3052 3003 3125 προειρήκαμεν,
3054 3050 3344 3122 ἁδρότερον
3392 3050 3649 3122 νενόηται
3696 3054 3792 3106 καὶ

515 3161 606 3216 hic
652 3158 818 3214 etiam
870 3152 1021 3211 solus
1064 3151 1240 3207 bonus
1278 3150 1325 3184 ”
1363 3156 1419 3203 et
1466 3146 1641 3216 major
1694 3152 1778 3199 est
1824 3139 2086 3196 misso”.

2194 3149 2304 3212 πᾶς
2347 3149 2376 3201 6
2423 3146 2627 3217 κόσμος
2671 3144 2924 3235 ὑπόδημα
2970 3141 3109 3198 εἶναι
3152 3144 3247 3198 τοῦ
3289 3143 3462 3216 Ἰησοῦ
3489 3142 3569 3214 τῷ
3622 3145 3793 3216 Ἦρα.

514 3250 670 3316 Quod
715 3248 763 3304 si
813 3245 993 3301 minus
1036 3241 1357 3314 prudenter,
1411 3248 1470 3292 ut
1513 3244 1675 3290 antea
1723 3232 1984 3295 diximus,
2018 3229 2090 3285 ab

2194 3239 2408 3304 κλέωνι,
2459 3239 2574 3293 ἀλλ’
2597 3238 2699 3293 οὐκ
2738 3234 2893 3309 οἶμαι
2924 3237 3035 3292 δεῖν
3081 3236 3597 3307 συγκατατίθεσθαι.
3663 3238 3792 3302 Πῶς

516 3340 850 3399 Heracleone
874 3335 1242 3406 excogitatum
1266 3340 1370 3396 est,
1392 3342 1612 3385 omnem
1630 3325 1796 3380 etiam
1827 3323 2089 3378 mundum

516 3432 947 3489 calceamentum
983 3439 1104 3481 esse
1130 3420 1285 3486 Jesu,
1324 3435 1431 3475 non
1461 3418 1702 3474 arbitror
1738 3421 1991 3486 Oportere
2032 3420 2094 3467 ut

517 3526 595 3580 illi
623 3521 1016 3579 assentiamur.
1050 3514 1336 3583 Quomodo
1378 3514 1525 3567 enim
1578 3523 1703 3565 cum
1753 3506 1845 3563 tali
1892 3503 2092 3560 intelli-

516 3615 696 3689 gentia
729 3611 1036 3671 servabitur
1064 3607 1197 3664 illud
1230 3622 1247 3662 :
1289 3624 1309 3659 ι
1346 3602 1557 3660 Caelum
1606 3601 1743 3656 mihi
1784 3599 1941 3655 sedes
1983 3605 2091 3662 est,

520 3721 666 3764 terra
701 3714 887 3761 autem
920 3699 1236 3759 subsellium
1268 3697 1465 3766 pedum
1504 3708 1752 3750 meorum
1780 3691 1852 3757 ",
1888 3710 1907 3744 ι
1947 3690 2092 3761 quod

517 3800 895 3861 testimonium
923 3797 1003 3852 sic
1028 3794 1198 3851 sumit
1240 3790 1401 3847 Jesus
1441 3788 1668 3859 perinde
1718 3785 1877 3856 quasi
1924 3783 2093 3841 Pater

518 3897 570 3950 id
597 3891 840 3950 dixerit?
874 3906 895 3941 ι
926 3887 1045 3943 Non
1072 3885 1221 3940 enim
1239 3881 1578 3955 juraveritis,
1611 3880 1809 3950 inquit,
1840 3893 1940 3948 per
1975 3892 2091 3935 cte-

521 3991 654 4054 lum,
707 3978 1163 4056 quoniamsedes
1192 3986 1279 4033 est
1328 3974 1423 4031 Dei
1466 3990 1482 4040 ;
1524 3987 1699 4042 neque
1729 3987 1827 4041 per
1864 3981 2093 4036 terram,

517 4076 774 4149 quoniam
812 4070 1130 4129 subsellium
1178 4067 1379 4138 pedum
1422 4063 1544 4133 ejus
1574 4072 1660 4120 est
1691 4064 1763 4117 ⁸⁷.
1797 4081 1818 4116 ι
1858 4062 2092 4118 Proinde

520 4169 813 4242 quomodo,
863 4165 910 4221 si
958 4161 1307 4223 docuerimus
1352 4168 1526 4215 totum
1579 4157 1839 4212 mundum
1889 4155 2094 4211 intelli-

518 4263 760 4335 gendum
782 4272 905 4314 esse
923 4255 1348 4313 calceamentum
1376 4250 1527 4318 .lesu,
1561 4249 1689 4305 illud
1720 4248 2089 4319 intelligetur?

523 4376 543 4408 ι
572 4355 765 4411 Nonne
799 4349 1022 4414 caelum,
1073 4356 1129 4404 et
1168 4357 1371 4402 terram
1426 4357 1527 4414 ego
1569 4341 1789 4413 impleo,
1822 4341 1955 4397 dicit
1991 4343 2095 4399 Do-

519 4450 702 4505 minus
733 4444 811 4499 '9?
832 4462 853 4498 ι
875 4441 1258 4498 Verumtamen
1284 4440 1506 4511 dignum
1526 4444 1613 4493 est
1641 4444 1703 4490 ut
1732 4434 2092 4505 inspiciamus

2193 3334 2302 3406 γὰρ
2331 3331 2469 3405 μετὰ
2497 3333 2598 3404 τῆς
2625 3329 2884 3401 τοιαύτης
2911 3330 3138 3401 ὲκδοχῆς
3168 3328 3468 3402 σωθήσεται
3499 3328 3560 3381 τό
3577 3345 3598 3360 ο
3641 3348 3660 3380 ι
3682 3330 3791 3383 Οὑ-

2197 3425 2356 3497 ρανός
2384 3441 2472 3495 μοι
2497 3421 2705 3496 θρόνος,
2732 3421 2844 3494 ἠδὲ
2863 3421 2935 3494 γῆ
2962 3420 3250 3475 ὑποπόδιον
3268 3421 3377 3475 τῶν
3405 3418 3587 3474 ποδῶν
3611 3438 3737 3491 μου,
3765 3440 3784 3471 ι

2197 3513 2644 3589 μαρτυρούμενον
2672 3513 2748 3578 ὡς
2776 3514 2907 3585 περὶ
2950 3512 3050 3567 τοῦ
3086 3511 3305 3585 Πατρδς
3351 3512 3649 3585 εἰρημένον
3683 3513 3791 3568 ὑπὸ

2189 3607 2293 3662 τοῦ
2345 3605 2557 3680 Ἰησοῦς
2602 3624 2621 3657 ι
2661 3605 2756 3677 Μὴ
2796 3604 2905 3677 γὰρ
2955 3604 3213 3676 όμόσητε,
3266 3604 3422 3675 φησὶ,
3471 3604 3563 3659 τὸν
3631 3605 3794 3680 οὐρα-

2195 3700 2306 3766 νὸν,
2333 3700 2415 3754 ὅτι
2463 3697 2651 3769 θρόνος
2705 3696 2823 3750 ὲστὶ
2866 3695 2960 3750 τοῦ
2994 3695 3153 3759 Θεοῦ,
3203 3694 3337 3767 μηδὲ
3382 3695 3480 3768 τὴν
3517 3696 3647 3768 γῆν,
3701 3698 3786 3751 ὅτι

2193 3790 2479 3847 ὑποπόδιόν
2503 3792 2620 3844 ἐστι
2649 3788 2760 3843 τῶν
2787 3787 2962 3843 ποδῶν
2984 3788 3170 3842 αὑτοῦ.
3202 3806 3221 3839 ι
3264 3788 3391 3851 Πῶς
3412 3788 3489 3854 δὲ,
3525 3788 3668 3859 μετά
3693 3788 3790 3844 τοῦ

2192 3884 2284 3938 τὸν
2313 3883 2431 3938 ὅλον
2459 3882 2662 3953 κόσμον
2691 3879 2948 3951 ὑπόδημα
2980 3879 3217 3935 νοεῖσθαι
3262 3876 3358 3933 τοῦ
3399 3877 3575 3950 Ἰησοῦ
3611 3896 3791 3952 παρα-

2198 3978 2414 4049 στῆσαι,
2440 3976 2693 4046 νοήσεται
2722 3973 2810 4026 τό·
2854 3992 2872 4023 ι
2892 3972 3028 4043 Οὐχὶ
3052 3972 3144 4025 τὸν
3171 3971 3401 4043 οὐρανὸν
3428 3972 3525 4024 καὶ
3552 3971 3655 4043 τὴν
3684 3973 3790 4043 γῆν

2196 4068 2306 4137 ἐγὼ
2333 4066 2545 4139 πληρῶ,
2579 4063 2732 4133 λέγει
2777 4062 3019 4135 Κύριος;
3048 4083 3065 4115 ι
3117 4063 3262 4135 Πλὴν
3292 4061 3443 4128 ἀξιον
3491 4063 3789 4135 ἐπιστῆσαι

2198 4159 2447 4231 πότερον,
2461 4156 2541 4228 τῷ
2558 4155 2649 4210 τὸν
2670 4155 2840 4223 Λόγον
2852 4155 2945 4207 καὶ
2956 4153 3057 4225 τὴν
3078 4153 3279 4224 Σοφίαν
3304 4152 3790 4225 διαπεφοιτηκέναι

2195 4251 2263 4305 δι’
2295 4249 2418 4304 ὅλου
2450 4246 2546 4301 τοῦ
2580 4246 2807 4317 κόσμου,
2838 4245 2931 4298 τὸν
2959 4245 3016 4299 δὲ
3043 4244 3261 4317 Πατέρα
3283 4246 3342 4299 ὲν
3374 4244 3453 4316 τῷ
3476 4244 3591 4316 Υίῷ
3621 4242 3788 4311 εἶναι,

2196 4342 2273 4405 ὡς
2302 4335 2657 4413 παρεθέμεθα
2689 4334 2758 4389 τὰ
2788 4334 2928 4407 ρητά
2978 4335 3057 4389 δεῖ
3104 4335 3295 4407 νοῆσαι
3315 4352 3330 4366 ο
3367 4334 3401 4406 ἢ
3433 4337 3464 4389 6
3508 4352 3789 4408 προηγου-

2200 4435 2379 4509 μένως
2409 4429 2855 4505 περιζωσάμενος
2904 4430 3085 4483 πᾶσαν
3134 4428 3234 4500 τὴν
3284 4428 3482 4493 κτίσιν,
3537 4428 3693 4501 παρὰ
3725 4427 3789 4482 τὸ

518 4553 704 4598 utrum
735 4536 864 4609 quia
892 4533 1083 4591 Sermo
1110 4543 1164 4589 et
1194 4530 1495 4604 Sapientia,
1529 4530 1634 4585 hoc
1667 4536 1752 4584 est
1778 4528 1947 4585 Filius
1972 4528 2088 4596 Dei,

2193 4527 2285 4582 τὸν
2315 4527 2444 4581 Υίὸν
2494 4520 2634 4578 εἶναι
2667 4525 2726 4577 ἐν
2769 4520 2937 4592 αὐτῷ,
2986 4519 3277 4609 ἐχαρίσατο
3323 4518 3402 4590 τῷ
3448 4520 3662 4590 Σωτῆρι
3708 4520 3787 4584 ὡς

516 4649 617 4707 per
676 4641 849 4689 totum
909 4627 1170 4683 mundum
1215 4598 1481 4695 permeet,
1530 4620 1693 4677 Pater
1736 4636 1868 4678 vero
1919 4622 1993 4676 sit
2036 4622 2090 4678 in

2194 4619 2311 4693 μετ’
2342 4617 2507 4674 αὑτὸν
2536 4615 2793 4687 δευτέρῳ,
2850 4613 2942 4667 καὶ
2967 4611 3087 4683 Θεῷ
3119 4598 3276 4682 Λόγῲ
3322 4610 3666 4681 τυγχάνοντι,
3714 4611 3787 4665 δι’

518 4701 678 4789 Filio,
731 4729 792 4777 ut
827 4718 1214 4790 apposuimus;
1250 4714 1415 4770 verba
1457 4710 1806 4782 intelligenda
1848 4710 1963 4767 sint
2021 4726 2090 4765 an

2193 4715 2317 4786 ὅλης
2348 4710 2645 4783 ἐφθακέναι
2687 4705 2798 4779 (74)
2833 4706 2932 4777 τῆς
2964 4705 3216 4768 κτίσεως.
3253 4703 3365 4757 Kal.
3399 4701 3635 4774 μάλιστα
3671 4704 3788 4767 τοῖς

516 4816 791 4889 praecipue
836 4809 1276 4879 circumcingens
1307 4819 1526 4863 omnem
1577 4814 1912 4871 creaturam,
1959 4819 2090 4875 pro-

2193 4804 2512 4877 δυναμένοις
2563 4801 2849 4856 κατανοεῖν
2901 4797 3001 4868 τὴν
3038 4796 3134 4850 τοῦ
3179 4793 3498 4866 τηλικούτου
3549 4792 3787 4865 ούρανοῦ

519 4885 707 4977 nterea
735 4904 880 4975 quod
912 4902 1082 4958 Filius
1114 4901 1187 4957 sit
1216 4900 1269 4954 in
1302 4899 1444 4969 ipso,
1473 4897 1760 4954 donaverit
1786 4895 2090 4964 Servatori,

2193 4898 2533 4953 ἀδιάλειπτον
2569 4892 2805 4963 κίνησιν,
2840 4888 2950 4945 ἀπὸ
2977 4887 3250 4943 ἀνατολῶν
3274 4885 3368 4941 ἐπὶ
3398 4885 3610 4957 δυσμὰς
3644 4902 3788 4956 συμ-

519 4975 675 5070 quasi
705 5005 827 5066 post
863 5008 923 5050 se
949 4994 1211 5059 secundo,
1237 4999 1298 5057 et,
1331 4988 1442 5047 Deo
1470 4987 1629 5061 Λόγῳ
1657 4989 1961 5056 exsistenti,
1993 5003 2090 5057 per

2194 4986 2547 5059 περιάγοντος
2571 4982 2685 5054 (75)
2707 4979 2885 5052 ἑαυτῷ
2910 4980 2973 5033 τὸ
3003 4976 3222 5032 τοσοῦτο
3250 4976 3356 5030 τῶν
3378 4975 3627 5048 ἀστέρων
3651 4975 3789 5049 πλῆ-

522 5102 691 5148 totam
717 5096 1024 5144 creaturam
1055 5099 1357 5156 permeare.
1381 5086 1460 5140 Ac
1489 5083 1836 5152 potissimum
1869 5082 1956 5137 his
1985 5081 2078 5150 qui

2193 5080 2300 5144 θος,
2334 5077 2483 5143 ἀξιον
2537 5074 2689 5127 ἐσται
2728 5073 3011 5144 ζητήσεως
3057 5068 3184 5141 περὶ
3214 5066 3332 5131 τοῦ,
3364 5068 3451 5131 τίς
3481 5067 3515 5137 ἡ
3539 5066 3786 5138 ἐνυπάρ-

590 5189 636 5222 "
658 5185 813 5241 Joan.
844 5200 883 5246 ι,
906 5183 997 5239 27.
1073 5182 1119 5215 ³³
1149 5180 1340 5236 Matth.
1364 5197 1500 5245 χχιι,
1522 5179 1612 5234 52.
1690 5179 1736 5211 ⁸⁸
1760 5178 1890 5233 Luc.
1922 5192 2080 5241 xvm,
2119 5176 2207 5232 l9.
2281 5176 2327 5209 ’⁵
2367 5173 2526 5229 Joan.
2555 5184 2666 5233 xtv,
2689 5167 2781 5222 28.
2854 5166 2916 5237 “1
2942 5165 3067 5221 lsai.
3096 5179 3219 5218 var
3241 5164 3328 5228 ,l.
3404 5160 3449 5192 "
3495 5159 3688 5214 Matth.
3727 5175 3780 5225 ν,

520 5259 611 5324 54,
645 5257 738 5311 '55.
813 5254 859 5287 ⁸⁸
887 5251 1092 5309 Jerem.
1123 5267 1284 5314 xxm,
1320 5251 1415 5304 ΞΑ.

592 5352 706 5429 <21.)
743 5349 886 5429 1.98!“
1089 5347 1415 5429 sreebmec-
1630 5418 1643 5429 .
1997 5414 2051 5429 ,,.

2230 5428 2235 5429 7
2266 5332 2604 5429 (τόὶηοτξτος
2640 5335 2752 5429 Ικαὶ
2778 5330 3247 5429 μόνος-ἐγαθὲς,
3298 5328 3397 5414 amt
3424 5325 3638 5429 μειζαὲ
3665 5323 3783 5429 ᾞῦ
3809 5330 3839 5355 ιι

593 5394 706 5500 ξτες
740 5419 1017 5500 Καξπερὶ
1043 5394 1151 5473 ἑοῧ
1178 5394 1503 5500 έρόᾷιῐεὶοεί
1542 5418 1780 5500 φύςου,
1839 5414 2090 5500 etc.hSic

2194 5394 2613 5500 Ξεὶιξρῖὶθὲνπξεοςξι
2629 5394 2796 5500 {pani
2829 5394 2959 5468 χιιι,⁷
2977 5394 3063 5458 28⁷
3080 5421 3130 5500 ἓν
3152 5394 3476 5500 Πορεύομαι.
3509 5394 3782 5500 πρρςητὺγ

522 5463 724 5548 ιιθὺὲῖιί
740 5463 1145 5546 ῖῖἇξᾷξξῆξξᾷ
1178 5463 1795 5557 ἷιῖξῖιῆ,“ιὲεὲιῖἑῶἷιῖιέ
1838 5463 2090 5557 emas:

2194 5463 2412 5557 Πατέρα
2437 5494 2450 5507 ·
2474 5463 2557 5530 ὅτῖ
2587 5477 2617 5528 6
2644 5475 2834 5546 Πατήρ
2868 5463 2971 5544 μου
3000 5471 3208 5545 μείζων
3234 5463 3334 5543 μου
3361 5463 3498 5522 ἐστί.
3519 5463 3620 5520 Adi
3652 5463 3782 5519 Ori-

525 5564 753 5618 leiauus.
783 5576 811 5613 a
845 5560 1043 5628 quibus
1070 5574 1176 5614 non
1222 5552 1447 5628 recessit
1476 5555 1792 5628 Perionius;
1823 5556 1978 5610 aliter
2004 5564 2089 5608 ta-
2196 5552 2443 5628 geniajta-

524 5648 650 5713 ιηοὲ
683 5602 966 5713 legendum
994 5602 2092 5713 esse_sgaééfipggéééiiéiﬁ?66$;st
2196 5602 2383 5691 “'(74)
2414 5616 2811 5689 βεβρωκέναι.
2862 5613 3028 5671 Forte
3083 5612 3365 5684 legendum
3446 5602 3779 5676 πεφοιτηκέ-

526 5711 581 5756 et
611 5695 844 5754 Ferrarii
874 5698 1267 5768 interpretatio.
1318 5695 1546 5768 Hu'etius
1597 5698 1677 5751 sic
1728 5695 2090 5768 emendavit:
2199 5710 2307 5768 ναι.

2280 5756 2973 5830 (75)ώΣυμπεριάγοντρς.
3038 5753 3130 5809 Sic
3194 5753 3362 5810 codex
3415 5747 3777 5811 Dodleianus;

525 5770 638 5845 καὶ
668 5762 1274 5845 περὶ-τοῦκδη-μιουργοῦ
1306 5766 1400 5821 τοῦ
1422 5767 1647 5845 κόσμου,
1681 5766 1774 5820 τοῦ
1806 5762 2097 5837 προσώπου

2208 5826 2379 5891 θύὶιὶυ
2399 5826 2601 5892 Huetii,
2635 5826 3095 5900 συμπεριάγοντα.

526 5786 638 5853 mat
668 5786 793 5892 negt
821 5786 1274 5845 sou_o~qptoupvou
1306 5786 1400 5821 του
1422 5786 1567 5837 κοσμ

524 5854 716 5894 τουτου
772 5838 827 5892 ιὰ
848 5854 940 5889 του
984 5839 1228 5894 Ἰωάννου
1257 5838 1567 5910 νοουμένου.
