4194 6416
382 377 488 434 269
1471 372 1827 432 COMMENT.
1864 370 1932 427 IN
1964 371 2156 429 JOAN.
2197 371 2435 428 TOMUS
2475 371 2562 428 Vl.
3529 369 3637 429 2'70

385 513 556 569 χουσα
609 494 840 568 δύναμις
895 497 1150 571 τοσαύτη,
1203 500 1297 553 κα⁶ι
1341 494 1639 566 τηλικαύτη
1690 492 1769 564 τῷ
1813 491 1969 546 παντὶ

2075 492 2343 560 dispicere
2367 499 2573 561 queunt
2621 490 2754 544 tanti
2804 490 2924 545 caeli
2975 490 3371 545 indeficicntem
3409 497 3638 554 motum,

385 588 598 658 κόσμῳ.
632 588 854 659 Ἕτερον
885 590 996 662 γὰρ
1029 590 1181 664 παρά
1224 590 1314 645 τὸν
1344 590 1457 660 (76)
1485 587 1704 658 Πατέρα
1752 586 1847 638 καὶ
1879 583 1968 637 τὸν

2077 593 2137 638 ιιι
2169 584 2310 653 quod
2341 583 2717 638 circumducat
2742 583 2808 636 ab
2831 583 3041 637 oriente
3088 585 3140 636 in
3183 581 3518 637 occidentem
3549 596 3641 636 us-

387 680 517 733 Υίδν
545 679 748 752 ταύτην
795 681 1058 753 τολμῆσαι
1095 684 1290 748 εἰπεῖν,
1336 683 1545 755 μήποτε
1577 681 1677 734 οὐκ
1700 677 1848 732 ἐστιν
1880 677 1968 729 εὐ-

2072 689 2177 744 que
2227 683 2431 728 tantam
2475 673 2756 728 stellarum
2806 672 3227 736 multitudinem,
3267 671 3484 742 dignum
3534 670 3642 725 erit

387 770 563 834 σεϐές.

2072 765 2302 835 quaesitu
2333 780 2581 834 quamam
2627 764 2699 818 sit
2745 779 2807 819 ea
2836 764 2918 819 vis
2949 773 3094 818 tanta
3122 772 3174 817 et
3200 763 3325 818 talis
3371 764 3424 817 in
3481 761 3644 836 ιω

388 875 499 915 toto
560 864 763 918 mundo
822 867 1116 923 exsistens.
1165 868 1302 924 Nam
1357 870 1503 924 aliud
1554 868 1694 923 hanc
1737 865 1923 919 dicere
1980 861 2178 916 audere
2234 870 2429 930 praeter
2467 861 2684 915 Patrem
2730 871 2785 916 et
2828 861 3055 926 Filimn,
3109 861 3345 917 fortasse
3394 873 3503 914 non
3557 865 3644 914 est

385 956 556 1024 pium.

460 1050 551 1104 24.
597 1051 794 1106 Ταῦτα
831 1053 901 1107 ἐν
943 1047 1182 1125 Βηθαρᾷ
1215 1055 1328 1126 (77)
1367 1056 1604 1126 ἐγένετο
1643 1060 1834 1128 πέραν
1865 1061 1971 1114 τοῦ

386 1141 709 1212 Ἰορδάνου,
752 1146 907 1201 ὅπου
949 1148 1029 1216 ἦν
1059 1147 1338 1217 Ἰωάννης
1360 1152 1680 1215 βαπτίζων.
1716 1153 1836 1206 Ὅτι
1873 1154 1970 1222 μὲν

389 1227 574 1296 σχεδὸν
600 1231 658 1282 ὲν
693 1233 826 1285 πᾶσι
855 1236 967 1296 τοῖς
1011 1235 1364 1308 ἀντιγράφοις
1397 1241 1608 1294 κεῖται·
1661 1261 1679 1293 ι
1699 1241 1882 1296 Ταῦτα
1908 1243 1966 1294 ὲν

387 1317 628 1390 Βηθανίᾳ
655 1321 891 1389 ἐγένετο,
917 1344 934 1376 ι
989 1327 1088 1379 οὐκ
1120 1327 1443 1399 ἀγνοοῦμεν,
1495 1332 1588 1385 καὶ
1623 1332 1766 1386 ἔοικε
1811 1333 1967 1387 τοῦτο

387 1410 484 1462 καὶ
528 1409 608 1463 ἔτι
651 1414 915 1486 πρότερον
963 1417 1276 1486 γεγονέναι’
1312 1423 1404 1474 καὶ
1450 1423 1598 1494 παρὰ
1635 1425 1966 1494 Ἠρακλέωνι

387 1500 517 1570 ¹γοῦν
551 1503 821 1574 Βηθανίαν
870 1508 1198 1581 ἀνέγνωμεν.
1254 1513 1613 1586 Ἐπείσθημεν
1638 1516 1692 1569 δὲ
1730 1517 1803 1589 μὴ
1857 1518 1966 1572 δεῖν

395 1612 414 1644 ‹
472 1595 712 1668 Βηθανία
750 1617 769 1648 ι
826 1599 1239 1668 ἀναγινώσκειν,
1285 1605 1422 1659 ἀλλά
1464 1607 1777 1680 Βηθαϐαρᾷ,
1813 1613 1966 1679 γενό-

389 1701 542 1755 μενοι
571 1690 630 1740 ὲν
658 1691 771 1753 τοῖς
793 1691 980 1756 τόποις
1011 1693 1121 1766 (78)
1151 1696 1242 1748 ἐπὶ
1265 1698 1504 1770 ἱστορίαν
1532 1699 1639 1753 τῶν
1673 1700 1832 1771 ἰχνῶν
1874 1703 1967 1774 Ἰη-

2141 1048 2232 1102 τι.
2279 1045 2406 1101 Haec
2429 1048 2480 1099 in
2499 1046 2796 1099 Bel/tabum
2822 1048 2964 1115 facta
2989 1055 3133 1113 sunt,
3158 1055 3305 1100 (rans
3321 1043 3640 1109 Iordanem,

2073 1139 2162 1194 ubi
2192 1149 2303 1194 erat
2327 1138 2558 1194 Joannes
2581 1140 2851 1207 baptizans
2883 1139 2949 1190 ’9.
2979 1138 3132 1204 Quod
3165 1139 3216 1191 in
3249 1137 3500 1193 omnibus
3524 1134 3641 1191 fere

2073 1233 2475 1301 exemplaribus
2517 1240 2792 1300 ponatur:
2847 1247 2866 1281 ι
2919 1229 3040 1283 llzcc
3084 1229 3136 1282 in
3183 1229 3444 1285 Bethania
3495 1229 3639 1283 facta

2073 1336 2218 1391 sunt,
2261 1341 2283 1377 ι
2319 1341 2423 1379 non
2454 1324 2792 1394 ignoramus,
2825 1332 2879 1376 et
2914 1323 3122 1376 videtur
3149 1322 3252 1377 hoc
3286 1322 3450 1377 etiam
3478 1332 3641 1378 antea

2073 1417 2272 1472 factum
2307 1415 2516 1471 fuisse:
2549 1414 2690 1469 unde
2721 1414 2864 1484 apud
2894 1412 3283 1469 Heracleonem
3336 1415 3498 1470 etiam
3532 1413 3640 1469 Be-

2075 1506 2316 1560 thaniam
2341 1505 2590 1576 legimus.
2636 1504 2740 1559 Sed
2776 1505 3016 1572 persuasi
3042 1519 3225 1561 smnus
3257 1521 3365 1561 non
3401 1523 3418 1558 ι
3443 1505 3643 1561 Betha-

2073 1598 2183 1661 nia,
2215 1615 2234 1648 ›
2266 1598 2357 1651 sed
2389 1615 2407 1648 ι
2438 1596 2743 1650 Betha‘oara
2771 1617 2790 1648 ι
2813 1613 2936 1653 esse
2973 1597 3420 1666 legendum,cum
3444 1597 3642 1653 adloca

2071 1688 2526 1758 pervenissemus,
2577 1699 2635 1741 ut
2682 1687 2807 1743 Jesu
2855 1688 3359 1759 discipulorumque
3407 1689 3528 1760 ejus
3576 1703 3642 1744 ac

387 1776 506 1840 σοῦ,
541 1779 772 1834 καὶτῶν
819 1783 1079 1856 μαθητῶν
1127 1787 1314 1851 αὐτοῦ,
1365 1791 1460 1843 καὶ
1504 1791 1614 1846 τῶν
1657 1793 1967 1864 προφητῶν.

2075 1779 2458 1848 prophetarum
2486 1778 2715 1846 vcstigia
2747 1778 3164 1846 inspiceremus.
3201 1779 3462 1835 Bethania
3488 1795 3645 1834 nam-

386 1867 630 1938 Βηθανία
661 1872 790 1945 γὰρ,
818 1874 895 1937 ὡς
932 1877 960 1929 ὁ
988 1877 1149 1941 αὐτὸς
1182 1879 1573 1953 εὐαγγελιστής
1617 1901 1771 1954 φησι,
1805 1885 1838 1956 ἡ
1864 1903 1969 1938 πα-

385 1959 508 2028 τρὶς
536 1958 808 2032 Λαζάρου,
837 1964 932 2016 καὶ
964 1965 1218 2036 Μάρθας,
1253 1969 1346 2021 καὶ
1375 1969 1616 2041 Μαρίας,
1643 1971 1836 2041 ἀπέχει
1862 1971 1970 2024 τῶν

395 2049 788 2122 Ἰεροσολύμων
833 2055 1098 2138 σταδίους.
1124 2058 1421 2114 δεκαπέντε
1443 2077 1456 2090 ·
1511 2057 1581 2132 ἦς
1610 2061 1800 2133 πόρρω
1823 2062 1970 2116 ἐστὶν

384 2140 416 2192 ὁ
449 2139 718 2213 Ἰορδάνης
751 2145 1015 2216 ποταμὸς,
1049 2145 1124 2210 ὡς
1169 2147 1278 2200 ἀπὸ
1326 2147 1556 2201 σταδίων
1607 2147 1799 2201 πλατεῖ
1829 2148 1971 2220 λόγῳ

387 2238 507 2301 prs“
561 2234 674 2286 ἀλλ’
719 2236 841 2289 οὐδὲ
884 2237 1172 2310 ὁμώνυμος
1212 2242 1278 2312 τῇ
1330 2240 1569 2312 Βηθανίᾳ
1618 2241 1781 2305 τόπος
1826 2241 1971 2295 ἐστὶν

385 2324 515 2395 περὶ
543 2325 635 2379 τὸν
678 2317 966 2400 Ἰορδάνην.
1016 2331 1334 2386 Δείκνυσθαι
1359 2332 1418 2386 δὲ
1460 2333 1672 2402 λέγουσι
1726 2333 1877 2404 παρά
1904 2336 1969 2405 τῇ

385 2410 644 2486 ὖχθῃτοῦ
691 2417 952 2488 Ἰορδάνου
984 2417 1054 2472 τὰ
1097 2419 1340 2491 Βηθαρᾶ,
1392 2420 1520 2476 ἔνθα
1566 2422 1836 2492 ἱστοροῦσι
1879 2423 1971 2478 τὸν

399 2505 654 2579 Ἰωάννην
689 2507 1078 2578 βεϐαπτικέναι
1097 2528 1110 2541 ·
1148 2511 1262 2566 ἔστι
1298 2530 1358 2566 τε
1389 2515 1422 2586 ἡ
1451 2513 1718 2585 ἑρμηνεία
1741 2514 1835 2568 τοῦ
1863 2514 1974 2567 ὀνό-

386 2614 557 2666 ματος
604 2601 897 2667 ἀκόλουθος
938 2601 1018 2673 τῷ
1079 2603 1412 2676 βαπτίσματι
1457 2603 1548 2658 τοῦ
1597 2602 1973 2676 ὲτοιμάζοντος

383 2693 577 2764 Κυρίῳ
620 2692 749 2747 λαὸν
775 2697 1313 2767 κατεσκευασμένον·
1361 2696 1833 2768 μεταλαμϐάνεται
1863 2697 1971 2769 γὰρ

383 2785 465 2848 είς
511 2779 680 2839 οἷκον
725 2785 1110 2855 κατασκευῆς
1138 2804 1152 2818 ο
1201 2790 1233 2860 ἡ
1282 2789 1338 2842 δὲ
1390 2788 1628 2860 Βηθανία
1675 2789 1757 2852 εἰς
1805 2785 1973 2843 οἷκον

382 2876 680 2944 ὑπακοῆς.
725 2876 838 2930 Ποῦ
871 2878 979 2951 γάρ
1030 2877 1293 2951 ἀλλαχόσε
1344 2880 1510 2952 ἐχρῆν
1558 2879 1837 2950 βαπτίζειν
1883 2880 1973 2933 τὸν

382 2967 758 3023 ἀποσταλέντα
809 2969 1040 3038 ἄγγελον
1089 2970 1196 3043 πρὸ
1249 2971 1541 3044 προσώπου
1594 2970 1689 3025 τοῦ
1733 2972 1972 3043 Χριστοῦ

383 3062 795 3116 κατασκευάσαι
836 3063 938 3135 τὴν
986 3063 1103 3117 ὁδὸν
1135 3063 1298 3118 αὐτοῦ
1353 3063 1664 3135 ἔμπροσθεν
1695 3063 1880 3128 αὐτοῦ,
1935 3063 1968 3135 ἢ

2071 1883 2200 1937 que,
2242 1878 2300 1922 ut
2334 1867 2447 1937 ipse
2478 1869 2654 1935 inquit
2678 1867 3010 1938 evangelista
3037 1870 3078 1933 ί,
3113 1869 3285 1938 patria
3328 1868 3547 1934 Lazari,
3581 1877 3642 1923 et

2071 1959 2280 2025 Mariae,
2305 1970 2359 2014 et
2391 1957 2633 2022 Marthae,
2666 1960 2976 2027 quindecim
3031 1960 3226 2014 stadiis
3257 1975 3287 2014 a
3317 1959 3636 2030 Hierosoly-

2072 2054 2176 2108 mis
2223 2053 2412 2116 distat,
2464 2068 2569 2122 qua
2620 2050 2886 2106 Iordanes
2937 2051 3157 2118 fluvius,
3208 2052 3318 2108 lato
3363 2062 3640 2123 computo,

2075 2143 2226 2197 abest
2271 2141 2466 2197 stadiis
2493 2143 2714 2196 circiter
2752 2143 3026 2213 octoginta
3080 2156 3244 2210 supra
3272 2151 3513 2207 centum,
3547 2141 3643 2197 sed

2073 2250 2248 2304 neque
2278 2236 2429 2290 locus
2481 2243 2565 2290 est
2605 2236 2750 2291 circa
2791 2233 3082 2290 Jordanem
3114 2235 3205 2305 qui
3246 2249 3444 2291 nomen
3488 2250 3645 2290 com-

2073 2340 2237 2380 mune
2263 2324 2459 2380 habeat
2490 2338 2613 2379 cum
2652 2324 2941 2379 Bethania.
2983 2325 3180 2380 Dicunt
3217 2334 3397 2381 autem
3430 2325 3643 2382 ostendi

2073 2417 2219 2471 circa
2269 2417 2503 2472 tumulos
2549 2415 2806 2472 Jordanis
2869 2415 3201 2483 Bethabara,
3257 2418 3347 2475 ubi
3400 2418 3646 2475 historia

2073 2511 2260 2564 dicunt
2281 2507 2544 2565 Joannem
2567 2509 2876 2578 baptizasse
2919 2527 2935 2575 ;
2974 2521 3165 2580 estque
3202 2510 3438 2567 nominis
3471 2512 3644 2567 inter-

2072 2602 2305 2671 pretatio
2326 2617 2667 2672 consequens
2687 2603 3000 2671 baptismali
3029 2604 3387 2674 praeparantis
3418 2605 3645 2661 Domino

2071 2691 2325 2760 populum
2377 2693 2703 2748 instructum
2745 2694 2788 2750 '.
2823 2694 2920 2748 Est
2949 2695 3117 2759 enim,
3153 2695 3199 2750 si
3233 2695 3640 2767 interpreteris,

2073 2784 2260 2838 domus
2295 2784 2659 2840 instructioni:
2681 2801 2701 2840 :
2730 2784 2991 2841 Bethania
3022 2802 3169 2853 vero,
3193 2790 3380 2843 domus
3401 2789 3647 2845 obedien-

2075 2876 2182 2929 tiae.
2226 2875 2360 2930 Nam
2411 2875 2656 2944 profecto
2691 2877 2780 2933 ubi
2825 2879 3104 2949 baptizare
3132 2894 3269 2950 opus
3305 2891 3426 2937 erat
3455 2882 3506 2937 ei
3552 2884 3645 2952 qui

2076 2967 2275 3022 missus
2303 2968 2481 3022 fuerat
2509 2978 2637 3024 ante
2667 2967 2866 3024 faciem
2893 2969 3098 3024 Christi
3130 2969 3197 3024 ad
3228 2973 3642 3042 prmparandum

2073 3059 2215 3112 viam
2255 3060 2424 3129 ipsius
2458 3074 2642 3114 coram
2682 3062 2799 3129 ipso
2837 3061 2878 3126 ³,
2915 3076 3077 3131 quam
3118 3062 3172 3117 in
3210 3062 3372 3118 domo
3431 3059 3639 3117 instru-

383 3153 466 3216 εἰς
510 3153 602 3206 τὸν
633 3154 734 3224 τῆς
780 3155 1128 3226 κατασκευῆς
1153 3151 1335 3222 οἷκον;
1390 3156 1528 3211 Ποία
1574 3157 1630 3211 δὲ
1668 3156 1969 3230 οἰκειοτέρα

2072 3149 2298 3207 ctionis?
2317 3150 2574 3218 Quaenam
2607 3167 2738 3207 vero
2770 3152 2939 3224 magis
2969 3154 3192 3224 propria
3224 3165 3310 3210 est
3338 3157 3512 3225 patria
3541 3155 3645 3225 ipsi

383 3247 584 3318 πατρὶς
609 3248 674 3318 τῇ
717 3245 814 3318 τὴν
847 3246 1059 3318 ἀγαθὴν
1092 3247 1283 3320 μερίδα
1316 3247 1652 3322 ἐκλεξαμένη
1698 3249 1772 3320 μὴ
1806 3249 1968 3318 ἀφαι-

385 3336 657 3408 ρουμένην
688 3337 858 3408 αὐτῆς
887 3337 1138 3408 Μαριὰμ,
1195 3339 1290 3392 καὶ
1341 3341 1409 3410 τῇ
1443 3339 1838 3412 περισπωμένῃ
1883 3339 1971 3395 διά

383 3427 484 3499 τὴν
526 3427 699 3498 Ἰησοῦ
727 3427 994 3500 ὑποδοχὴν
1029 3427 1251 3501 Μάρθα,
1280 3429 1374 3482 καὶ
1399 3429 1477 3500 τῷ
1501 3429 1710 3484 τούτων
1734 3429 1968 3499 ἀδελφῷ,

385 3521 524 3592 φίλῳ
548 3521 653 3574 ὑπὸ
681 3517 774 3576 τοῦ
820 3522 1073 3593 Σωτῆρος
1108 3522 1404 3594 εἰρημένῳ,
1438 3520 1696 3594 Λαζάρῳ,
1733 3522 1767 3592 ἢ
1799 3521 1974 3594 Βηθα-

383 3611 472 3666 via
499 3615 529 3666 ὁ
561 3614 660 3684 τῆς
685 3613 934 3684 ὑπακοῆς
965 3609 1150 3680 οἶκος;
1181 3614 1256 3668 Οὐ
1289 3614 1723 3685 καταφρονητέον
1748 3610 1842 3668 οῦν
1874 3614 1971 3684 τῆς

385 3707 512 3777 περὶ
543 3706 612 3760 τὰ
643 3707 882 3778 ὀνόματα
913 3706 1197 3778 ἀκριϐείας
1230 3705 1306 3774 τῷ
1340 3706 1760 3777 ἀπαραλείπτως
1785 3705 1970 3776 βουλο-

387 3797 536 3868 μένῳ
564 3799 800 3853 συνιέναι
823 3798 892 3852 τὰ
916 3800 1046 3868 ἅγια
1068 3799 1390 3872 γράμματα.
1426 3799 1499 3853 Τὸ
1523 3799 1770 3870 μέντοιγε
1794 3801 1974 3872 ἡμαρ-

383 3889 580 3962 τῆσθαι
608 3891 667 3946 ὲν
701 3893 812 3955 τοῖς
853 3890 1185 3962 Ἑλληνικοῖς
1218 3892 1571 3962 ἀντιγράφοις
1601 3891 1670 3946 τὰ
1703 3894 1830 3964 περὶ
1861 3891 1970 3946 τῶν

383 3982 664 4053 ὀνομάτων
691 3981 983 4053 πολλαχοῦ,
1021 3983 1116 4037 καὶ
1141 3983 1252 4036 ἀπὸ
1280 3982 1485 4037 τούτων
1515 3982 1580 4038 ἄν
1613 4000 1698 4047 τις
1723 3983 1969 4056 πεισθείη

385 4077 445 4130 ὲν
468 4079 581 4142 τοῖς
611 4076 994 4146 Εὑαγγελίοιςο
1029 4078 1064 4148 ἡ
1111 4077 1238 4148 περὶ
1260 4077 1385 4140 τοὺς
1414 4077 1521 4131 ὑπὸ
1548 4076 1656 4132 τῶν
1681 4077 1971 4149 δαιμονίων

382 4168 997 4240 κατακρημνιζομένους
1038 4169 1133 4222 καὶ
1177 4171 1236 4222 ὲν
1268 4171 1334 4240 τῇ
1381 4168 1622 4240 θαλάσσῃ
1669 4185 1970 4240 συμπνιγο-

387 4259 582 4330 μένους
629 4261 848 4332 χοίρους
889 4261 1172 4332 οἰκονομία
1224 4260 1637 4333 ἀναγέγραπται
1686 4261 1970 4330 γεγονέναι

384 4352 444 4403 ἐν
486 4354 551 4422 τῇ
596 4353 752 4424 χώρᾳ
785 4351 895 4406 τῶν
935 4352 1278 4424 Γερασηνῶν.
1319 4353 1536 4423 Γέρασα
1569 4352 1626 4406 δὲ
1667 4352 1769 4423 τῆς
1807 4353 1968 4424 ’Δρα-

385 4443 508 4507 ϐίας
540 4444 658 4498 ἐστὶ
688 4444 867 4509 πόλις,
901 4443 1024 4498 οὔτε
1058 4443 1332 4498 θάλασσαν
1360 4443 1482 4497 οὔτε
1513 4444 1708 4516 λίμνην
1742 4444 1967 4516 πλησίον

386 4536 604 4609 ἔχουσα.
645 4539 755 4592 Καὶ
782 4539 883 4592 οὐκ
904 4537 970 4593 ἂν
1006 4537 1179 4602 οὕτως
1209 4539 1483 4609 προφανὲς
1514 4537 1705 4607 ψεῦδος
1753 4538 1848 4591 καὶ
1882 4539 1970 4591 εὐ-

385 4627 642 4698 έλεγκτον
684 4631 734 4683 οἱ
767 4621 1152 4699 εὐαγγελισταὶ
1197 4630 1509 4702 εἰρήκεσαν,
1559 4629 1750 4701 ἄνδρες
1778 4631 1971 4701 ἐπιμε-

385 4721 494 4785 λῶς
541 4722 899 4792 γινώσκοντες
949 4722 1019 4777 τὰ
1061 4722 1189 4794 περὶ
1241 4723 1341 4794 τὴν
1383 4722 1660 4776 Ἰουδαίαν.
1713 4723 1863 4775 Ἐπεὶ
1912 4720 1970 4774 δὲ

2074 3244 2279 3310 Mariae,
2308 3259 2429 3315 quae
2458 3245 2694 3316 elegerat
2727 3247 2926 3303 bonam
2959 3259 3170 3318 partem
3200 3265 3231 3304 a
3264 3264 3323 3305 se
3352 3266 3459 3307 non
3490 3251 3648 3308 aufe-

2072 3336 2296 3391 rendam
2321 3335 2365 3402 ’⁵,
2409 3345 2466 3393 et
2510 3337 2735 3394 Marthae
2779 3339 2830 3393 in
2869 3339 3086 3396 diversa
3119 3341 3395 3398 distractae
3424 3355 3647 3416 propter

2071 3430 2478 3500 suscipiendum
2528 3429 2712 3486 Jesum
2755 3433 2800 3499 ⁵,
2845 3442 3008 3502 atque
3056 3433 3296 3503 ipsarum
3347 3433 3504 3491 fratri
3541 3437 3650 3493 La-

2074 3539 2223 3591 zaro,
2255 3524 2349 3594 qui
2385 3541 2413 3580 a
2445 3525 2735 3583 Servatore
2777 3529 2986 3584 amicus
3029 3529 3232 3586 dicitur
3271 3532 3316 3597 ⁸,
3347 3548 3512 3604 quam
3542 3532 3646 3590 Be-

2073 3617 2259 3671 thania
2285 3618 2614 3673 obedientiae
2641 3621 2834 3677 domus
2858 3621 2882 3676 ?
2907 3621 3093 3692 Itaque
3115 3626 3510 3681 contemnenda
3534 3643 3641 3682 non

2072 3717 2156 3763 est
2182 3719 2437 3765 accurata
2465 3712 2610 3766 circa
2644 3713 2866 3769 nomina
2900 3713 3177 3785 diligentia
3213 3718 3262 3772 ei
3290 3717 3384 3787 qui
3409 3718 3649 3774 voluerit

2061 3801 2239 3869 probe
2267 3801 2569 3871 intelligere
2611 3814 2833 3860 sanctas
2880 3805 3112 3864 litteras.
3165 3807 3450 3864 Peccatum
3491 3809 3648 3879 equi-

2072 3891 2193 3944 dem
2227 3889 2550 3962 frequenter
2602 3892 2768 3947 fuisse
2821 3896 2872 3948 in
2907 3897 3188 3965 gentilium
3217 3901 3644 3968 exemplaribus.

2074 3978 2309 4050 indeque
2338 3991 2516 4036 errata
2553 3982 2606 4037 in
2654 3984 2964 4055 Evangeliis
3007 3985 3270 4042 translata
3323 3989 3484 4044 facile
3525 3993 3648 4058 quis

2071 4075 2280 4129 credat.
2325 4075 2668 4145 Dispensatio
2722 4093 2957 4148 namque
2995 4079 3143 4136 circa
3193 4094 3388 4151 porcos
3431 4097 3464 4138 e
3514 4097 3648 4154 rupe

2072 4167 2464 4237 praecipitatos,
2493 4178 2548 4224 et
2577 4169 2629 4223 in
2651 4170 2783 4224 mari
2809 4171 3106 4227 suffocatos
3133 4187 3162 4226 a
3194 4171 3479 4228 daemoniis
3505 4176 3648 4229 scri—

2073 4258 2218 4314 bitur
2248 4259 2432 4314 facta"
2471 4260 2641 4316 fuisse
2671 4263 2721 4315 in
2787 4263 2908 4317 loco
2961 4262 3381 4320 Gerasenorum.
3443 4265 3647 4322 Gerasa

2071 4362 2251 4408 autem
2286 4355 2416 4410 urbs
2441 4364 2526 4410 est
2553 4356 2790 4417 Arabiae.
2816 4371 2991 4426 neque
3014 4373 3162 4413 mare
3193 4374 3369 4429 neque
3397 4369 3646 4431 stagnum

2073 4443 2126 4498 in
2154 4446 2460 4515 propinquo
2493 4447 2719 4502 habens.
2760 4445 2874 4503 Nec
2925 4451 3266 4504 mendacium
3308 4450 3444 4506 adeo
3477 4467 3644 4522 aper-

2077 4544 2229 4601 tum,
2285 4539 2540 4608 quodque
2590 4538 2755 4595 facile
2806 4541 3061 4610 redargui
3127 4553 3331 4612 posset,
3383 4543 3651 4602 dixissent

2074 4629 2444 4699 evangelista,
2479 4630 2582 4684 viri
2628 4629 2917 4702 diligenter
2964 4644 3323 4703 agnoscentes
3363 4637 3640 4707 regionem

2075 4718 2294 4779 Judaeze.
2315 4719 2585 4788 Quoniam
2616 4721 2768 4795 14],
2791 4738 2920 4778 vero
2941 4723 2997 4779 in
3029 4725 3218 4796 paucis
3245 4728 3649 4798 exemplaribus

455 4843 500 4874 ”
526 4839 682 4897 Joan.
717 4857 757 4903 ι,
797 4825 922 4895 28(
967 4842 983 4872 ¹
1012 4839 1166 4896 Joan.
1199 4855 1239 4904 ι,
1279 4840 1332 4905 l,
1365 4839 1452 4895 l8.
1531 4842 1550 4871 ²
1574 4839 1703 4893 Luc.
1738 4855 1779 4902 ι,
1811 4840 1900 4894 17.

2072 4839 2163 4893 ιίἀ.
2199 4838 2289 4893 76.
2364 4841 2387 4871 ⁸
2416 4839 2548 4894 Luc.
2573 4855 2629 4906 ι,
2657 4841 2748 4896 41.
2825 4843 2846 4874 ³
2882 4840 3015 4898 ibid.
3046 4841 3138 4897 45.
3214 4838 3415 4894 ‘Joan.
3451 4837 3655 4906 1:1,“;

386 4911 578 4965 Ilauh.
618 4927 739 4974 vm,
767 4909 860 4976 28,
890 4909 992 4966 '52.
1074 4911 1095 4941 ⁷
1129 4909 1298 4966 Marc.
1325 4924 1378 4981 ν,
1409 4914 1460 4977 1,
1492 4909 1558 4964 l5
1587 4927 1601 4976 ;
1635 4911 1764 4964 Luc.
1791 4925 1905 4976 vnt,
1929 4909 1969 4963 2|

2072 4909 2136 4976 ιδ,
2165 4910 2255 4964 37.
2539 4907 2547 4922 '

455 5028 571 5099 (76)
605 5029 786 5100 Editio
827 5027 1032 5090 Huetii.
1063 5029 1191 5100 περὶ
1211 5027 1500 5100 τδνηθιοη
1527 5028 1693 5084 male.

458 5098 573 5168 (Π)
629 5099 819 5153 Ταῦτα
874 5100 945 5153 ἐν
994 5098 1256 5169 Βηθαρᾷ.
1325 5099 1588 5170 Origenes
1649 5101 1702 5170 in
1756 5098 1960 5155 Catena

384 5167 622 5240 quadam
649 5170 816 5240 Regia
851 5172 904 5222 in
931 5167 1093 5224 Joan‘.
1123 5167 1296 5234 1,38:
1329 5167 1448 5240 Χρῆ
1469 5169 1524 5223 δὲ
1557 5167 1962 5240 γινώσκειν,ᾶτι

486 5240 686 5312 ἀκριβῆ
721 5239 1213 5312 τῶν-ἀντιγράφων
1245 5239 1552 5312 ῌΒηδαᾷαρᾷ
1593 5239 1856 5312 περιέχει.
1900 5239 1967 5312 Ἡ

385 5256 457 5293 τα
486 5256 686 5309 ακριηη
728 5257 836 5292 των
867 5256 1022 5307 αντιγ
1059 5256 1213 5309 αφων
1261 5256 1552 5312 ϋηοαοαρᾳ
1593 5257 1660 5293 πε
1702 5256 1856 5310 ιεχει.
1903 5256 1967 5292 ‘u

385 5310 499 5381 γὰρ
529 5310 769 5392 Βηθανία
803 5309 932 5392 οὐχιἒ
963 5259 1139 5392 grerav
1161 5308 1272 5392 ’τοῦ
1311 5310 1574 5392 Ἰορδάνου
1593 5353 1608 5376 ,
1802 5309 1970 5392 ὲγγῦς

386 5378 492 5432 που
549 5378 660 5433 τῶν
717 5378 1104 5451 Ἰεροσολύμων
1157 5378 1512 5451 ἐστίνεῐιιίιίι
1569 5378 1970 5451 scujptumali-

389 5451 609 5520 quando
648 5448 914 5520 reperias,
943 5448 1256 5521 Βηθαραὸἆ,
1303 5449 1597 5518 aliquando
1643 5448 1965 5521 Βηθαϐαρᾶ,

389 5535 510 5588 quae
533 5535 661 5575 vera
695 5521 860 5576 lectio
884 5531 1000 5590 est,
1029 5531 1082 5574 et
1105 5534 1267 5590 quam
1327 5531 1572 5574 secutum
1603 5533 1726 5574 esse
1768 5523 1963 5587 tirige-

391 5605 516 5658 nem
542 5600 751 5645 certum
795 5601 898 5658 est,
926 5589 1079 5658 juxta
1127 5589 1374 5645 codicum
1426 5590 1738 5658 Graecorum
1805 5590 1963 5642 fidem

389 5657 586 5713 Joann.
615 5675 652 5725 I,
677 5659 771 5715 28.
814 5656 965 5714 Hanc
994 5661 1138 5713 enim
1171 5675 1354 5713 vocem
1383 5660 1582 5722 vertit,
1616 5656 1763 5722 οἶκος
1793 5675 1966 5712 κατα-

395 5729 625 5812 σκευῆς..
644 5745 686 5812 _a
713 5740 819 5790 ηἐι
837 5741 1058 5812 σιμή).
1084 5728 1840 5812 quodnaliquandp__rcdditur_
1868 5746 1968 5812 κάς

392 5799 771 5866 τασκευάζειν,
813 5815 869 5857 ut
902 5802 1053 5857 Isaiae
1102 5817 1189 5869 XL,
1228 5799 1317 5866 9.8,
1348 5809 1468 5859 rm
1500 5807 1637 5867 ΠῚΞὭ
1666 5809 1804 5859 ΝἾΊΞ
1825 5798 1966 5862 LXX

2070 5037 2352 5101 verterunt
2380 5044 2394 5081 :
2422 5029 2451 5081 ὁ
2481 5030 2892 5101 κατασκευάσας
2910 5029 2977 5083 τὰ
3010 5030 3157 5101 ἄκρα
3184 5030 3284 5101 τῆς
3317 5030 3442 5101 γῆς.
3479 5031 3555 5088 Ita
3590 5049 3647 5089 et

2072 5097 2224 5172 Isaiae
2250 5101 2485 5172 xun,g7.
2523 5099 2675 5172 Quod
2705 5097 3098 5172 si__scripsisset
3137 5097 3452 5172 Βηθαραϐᾶ,
3477 5118 3648 5172 οιρον

2073 5169 2294 5233 suisset,
2329 5187 2349 5219 ‹
2391 5170 2582 5223 domus
2613 5169 2849 5234 humilis,
2891 5189 2910 5222 ι
2952 5171 3035 5226 vel
3069 5188 3088 5221 ι
3131 5169 3322 5225 domus
3347 5169 3642 5240 vesperae.»

2075 5240 2808 5311 quemadmodum“exponit
2843 5241 3220 5311 Hieronymus
3269 5241 3350 5311 in,
3379 5242 3521 5296 libro
3570 5242 3648 5296 De

2077 5305 2204 5380 locis
2222 5305 2699 5380 HebraiﬁsNertit
2717 5310 3003 5380 utrobique
3019 5305 3646 5375 Ferrarius,Bethabara,

2079 5379 2217 5431 adeo
2253 5380 2414 5448 utsic
2438 5379 2617 5448 ipsius
2637 5379 2892 5434 habuisse
2919 5379 3158 5435 Codicem
3178 5381 3400 5435 dubium
3427 5397 3530 5434 non
3553 5381 3645 5448 sit,

2076 5448 2255 5517 inquit
2292 5447 2537 5502 Huetius.
2582 5447 2966 5504 Verumtamen
3017 5451 3070 5503 in
3108 5450 3294 5504 codice
3350 5447 3646 5505 Bodleiano

2077 5533 2325 5592 necdnon
2358 5519 2625 5592 in_codi_ce
2651 5519 2950 5592 Barberino
2983 5521 3269 5587 utrobique
3310 5518 3510 5591 legitur
3536 5519 3646 5592 Βη-

2076 5586 2236 5659 θαρᾶ,
2268 5604 2369 5640 non
2402 5587 2714 5659 Βηθαϐαρᾶ.

2146 5658 2257 5728 (78)
2291 5658 2710 5727 Γενόμενοιέν
2740 5658 2862 5724 τοῖς
2891 5660 3116 5724 τόποις,
3141 5671 3247 5716 etc.
3284 5659 3339 5712 id
3387 5667 3495 5711 tum
3540 5658 3648 5729 pri-

2077 5745 2221 5800 mum
2257 5729 2466 5800 videtur
2497 5729 2844 5800 contigisse,
2880 5745 3018 5800 cum
3084 5731 3411 5788 Alexandria
3453 5730 3645 5800 pulsus

2077 5799 2340 5854 Caesarea:
2365 5798 2698 5854 domicilium
2729 5799 2938 5853 statuit.
2959 5797 3220 5856 Hunnus.
