4194 6394
391 336 499 391 273
1498 331 1857 389 COMMENT.
1896 330 1964 388 IN
2003 329 2195 388 JOAN.
2234 333 2474 391 TOMUS
2511 335 2599 389 VI.
3563 339 3681 394 τη·

396 453 473 525 τῷ
501 452 726 522 Ἔσδρα.
788 451 897 504 Καὶ
951 451 1014 503 οὐ
1050 448 1487 521 καταφρονητέον
1536 451 1644 502 τῶν
1687 451 1966 522 ὀνομάτων

2096 467 2268 522 usque
2300 455 2368 507 ad
2411 467 2474 507 ea
2506 467 2626 523 qua:
2657 451 2708 505 in
2743 449 3011 521 principio
3062 458 3188 504 sunt
3234 465 3480 519 super...
3502 451 3672 508 Simi-

396 545 741 618 πραγματων
785 543 1201 614 σημαινομένων
1256 543 1350 596 ἀπ’
1381 542 1560 596 αὐτῶν
1594 544 1879 614 χρησίμων
1921 546 1973 614 τῗ

2092 543 2215 598 liter
2263 552 2444 597 autem
2486 543 2540 596 iu
2591 541 2785 596 Esdra.
2835 539 2992 612 142
3045 537 3154 594 Νεε
3196 554 3329 594 vero
3383 542 3668 609 parvipen~

395 640 508 692 τῶν
548 638 729 690 τόπων
779 635 1063 707 ἑρμηνείᾳ.
1107 635 1220 687 Οὐκ
1266 633 1519 705 εὔκαιρον
1545 634 1600 686 δὲ
1629 634 1723 686 νῦν
1749 635 1839 688 τὸν
1864 634 1973 704 περ’

2090 637 2262 692 denda
2290 645 2415 692 sunt
2439 637 2677 700 nomina,
2706 650 2828 688 cum
2853 650 2939 688 res
2967 634 3127 688 utiles
3155 648 3220 687 ex
3254 634 3338 689 eis
3361 633 3670 702 signiﬁcen-

395 731 497 800 τῆς
527 728 762 799 Θεωρίας
802 728 913 780 τῶν
962 727 1240 798 ὀνομάτων
1274 725 1527 790 ἐξετάσαι
1559 726 1734 795 λόγον,
1775 727 1987 797 ἀφέμε-

396 840 489 875 νον
513 821 621 875 τῶν
651 819 1052 890 προκειμένων.

468 998 560 1052 25.
599 999 829 1070 Ίδωμεν
879 998 1056 1052 τοίνυν
1099 997 1168 1050 τὰ
1213 998 1312 1069 τῆς
1359 999 1720 1070 εὐαΠελικῆς
1766 999 1982 1064 λέξεως.

409 1091 683 1162 Ἰορδάνης
716 1091 816 1161 μὲν
845 1090 1206 1162 ἑρμηνεύεται
1245 1091 1357 1161 (86)
1398 1092 1729 1159 κατάϐασις
1765 1093 1982 1147 αὐτῶν.

397 1182 588 1253 Τούτῳ
615 1184 694 1247 δὲ,
721 1184 788 1236 ἵν’
818 1183 992 1248 οὓτως
1023 1185 1185 1250 είπω,
1228 1187 1434 1256 γειτνιᾷ
1474 1187 1534 1238 τὸ
1558 1185 1729 1256 ὄνομα
1759 1186 1850 1238 τοῦ
1892 1188 1987 1239 Ἰα-

402 1274 514 1342 ρὲδ,
568 1275 596 1326 ὃ
627 1275 720 1327 καὶ
768 1275 898 1328 αὐτὸ
931 1277 1290 1346 ἑρμηνεύεται
1331 1277 1721 1341 καταϐαίνων,
1774 1279 1986 1348 ἐπειδή-

397 1384 505 1437 περ
532 1367 821 1436 γεγένηται
849 1366 926 1438 τῷ
951 1368 1256 1439 Μαλελεὴλ,
1285 1368 1360 1431 ὡς
1384 1369 1440 1421 ὲν
1467 1369 1546 1440 τῷ
1587 1369 1756 1440 Ἑνὼχ
1779 1371 1982 1440 γέγρα-

398 1475 531 1510 πται
564 1457 679 1527 (87)
709 1459 783 1526 (εἰ
810 1476 888 1528 τῳ
925 1458 1079 1527 φίλον
1109 1459 1508 1531 παραδέχεσθαι
1536 1462 1612 1525 ὡς
1639 1462 1791 1530 ἅγιον
1817 1463 1878 1514 τὸ
1906 1461 1984 1530 βι-

395 1549 589 1620 ϐλίον),
613 1552 734 1612 ταῖς
761 1550 997 1622 ἡμέραις
1036 1553 1134 1622 τῆς
1160 1552 1266 1606 τῶν
1297 1553 1426 1606 υἱῶν
1456 1553 1549 1608 τοῦ
1573 1554 1708 1608 Θεοῦ
1739 1555 1981 1609 καταϐά-

397 1656 535 1702 σεως
565 1641 657 1693 ἐπὶ
694 1640 793 1704 τὰς
820 1641 1127 1716 θυγατέρας
1159 1646 1266 1700 τῶν
1295 1644 1595 1716 ἀνθρώπων
1616 1663 1629 1677 ·
1665 1648 1853 1718 ἥντινα
1887 1665 1986 1702 κα-

394 1730 624 1784 τάϐασιν
677 1731 1016 1788 αἰνίσσεσθαι
1059 1753 1204 1801 τινες
1247 1737 1578 1808 ὑπειλήφασι
1608 1738 1708 1809 τὴν
1736 1737 1844 1794 τῶν
1875 1738 1981 1810 ψυ-

2093 737 2180 781 ιιιι·
2231 725 2473 782 locorum
2534 725 3008 796 interpretatione.
3067 724 3336 778 Caeterum
3392 723 3534 777 haud
3585 732 3670 779 est

2093 834 2238 874 nunc
2268 828 2632 889 Opportunum
2671 815 2959 870 instituere
3003 830 3313 870 sermonem
3351 815 3417 870 de
3456 815 3670 871 ratione

2090 913 2398 977 nominum,
2421 911 2723 968 omittendo
2753 925 2873 980 quae
2907 918 3036 965 stmt
3067 910 3370 980 proposita.

2158 1003 2252 1057 25.
2294 1002 2663 1070 Quamobrem
2713 1001 2990 1056 videamus
3029 1015 3150 1070 qua:
3185 1003 3251 1054 ad
3295 999 3665 1071 evangelicam

2089 1092 2377 1148 lectionem
2407 1103 2678 1163 spectant.
2712 1092 2983 1148 Jordanes
3013 1093 3232 1162 quidem
3265 1093 3665 1162 interpretatur

2085 1187 2364 1240 descensus
2405 1187 2663 1255 ipsarum.
2701 1184 2840 1239 lluic
2867 1196 3071 1252 autem,
3114 1195 3173 1238 ut.
3199 1184 3270 1237 ita
3305 1183 3660 1252 dicam,vici-

2087 1296 2214 1334 num
2248 1286 2332 1332 est
2369 1293 2565 1333 nomen
2596 1277 2771 1343 lared,
2817 1280 2962 1347 quod
3003 1286 3059 1332 et
3110 1277 3284 1346 ipsum
3335 1277 3664 1345 interpreta-

2088 1385 2176 1427 tur
2224 1371 2562 1434 descendens,
2599 1369 2856 1438 quoniam
2901 1369 3115 1440 genitus
3158 1378 3241 1424 est
3277 1367 3564 1432 Malaleeli,
3602 1378 3662 1422 ut

2087 1467 2138 1520 in
2171 1465 2310 1518 libro
2341 1462 2528 1516 Enoch
2574 1470 2658 1515 est
2699 1461 2960 1529 scriptum
2991 1460 3074 1531 (si
3114 1461 3200 1514 cui
3233 1459 3415 1531 placet
3460 1459 3661 1514 admit-

2086 1567 2202 1613 tere
2232 1555 2430 1610 librum
2463 1563 2522 1606 ut
2551 1560 2798 1608 sanctum
2822 1555 2842 1619 )
2863 1591 2881 1618 ,
2925 1551 3012 1607 his
3040 1551 3253 1618 diebus,
3293 1567 3415 1607 cum
3459 1551 3553 1607 lilii
3585 1551 3661 1608 ls—

2085 1651 2195 1706 rael
2223 1647 2620 1704 descenderent
2650 1645 2716 1699 ad
2741 1645 2883 1698 tilias
2908 1643 3187 1698 hominum
3221 1664 3234 1699 :
3260 1659 3368 1715 quo
3395 1645 3659 1701 descensu

2084 1741 2302 1812 quidam
2338 1738 2597 1808 suspicati
2632 1744 2759 1792 sunt
2797 1735 2949 1790 innui
2982 1735 3291 1791 animarum
3330 1737 3397 1790 ad
3425 1751 3658 1806 corpora

392 1823 505 1893 χῶν
532 1825 758 1880 κάθοδον
780 1827 874 1879 ἐπὶ
916 1828 985 1882 τὰ
1032 1829 1282 1902 σώματα,
1328 1830 1634 1903 θυγατέρας
1679 1830 1973 1903 ἀνθρώπων

2081 1836 2402 1890 descensum
2435 1851 2450 1897 ;
2484 1831 2627 1885 ﬁlias
2652 1829 2937 1883 hominum
2970 1829 3345 1898 metaphorice
3376 1839 3654 1883 terrenum

389 1917 800 1990 τροπικώτερον
832 1920 894 1973 τὸ
937 1921 1126 1990 γήῖνον
1155 1921 1354 1992 σκῆνος
1398 1922 1650 1992 λέγεσθαι
1684 1924 1978 1996 ὑπειληφό-

391 2024 502 2070 τες.
543 2008 606 2060 El
628 2008 691 2080 δὴ
737 2009 884 2063 τοῦθ’
913 2009 1086 2075 οὕτως
1115 2011 1248 2082 ἔχει,
1279 2013 1362 2076 τίς
1404 2011 1470 2066 ἂν
1497 2012 1581 2084 εἴη
1617 2015 1859 2086 ποταμὸς
1879 2033 1979 2069 καο

389 2099 620 2165 τάϐασις
644 2102 844 2169 αὐτῶν,
873 2105 958 2172 ἐφ’
986 2103 1046 2157 ὃν
1072 2105 1363 2174 ἐρχόμενον
1393 2105 1748 2178 καθαίρεσθαι
1773 2108 1854 2161 δεῖ
1879 2109 1979 2163 οὐκ

397 2194 535 2248 ἰδίαν
568 2196 870 2249 κατάϐασιν
893 2197 1329 2268 καταϐεϐηκότα,
1354 2198 1490 2252 ἀλλὰ
1510 2199 1609 2270 τὴν
1639 2199 1748 2252 τῶν
1769 2200 1979 2272 ἀνθρώ-

391 2303 531 2348 πων,
559 2287 592 2357 ἢ
627 2289 656 2340 ὁ
685 2288 876 2359 Σωτὴρ
917 2288 1076 2360 ήμῶν
1123 2287 1374 2359 διορίζων
1407 2293 1532 2355 τοὺς
1557 2291 1662 2344 ὑπὸ
1691 2292 1977 2357 Μωῦσέως

393 2377 919 2450 κληροδοτουμένους
961 2381 1069 2434 ἀπὸ
1116 2381 1227 2434 τῶν
1271 2382 1360 2436 διὰ
1401 2381 1576 2453 Ἰησοῦ
1629 2383 1730 2447 τὰς
1769 2385 1977 2447 οἰκείας

388 2470 884 2541 ἀπολαμϐανόντων
909 2472 1132 2545 μερίδας
1155 2490 1170 2538 ;
1198 2473 1401 2528 Τούτου
1431 2474 1494 2546 δὴ
1525 2474 1620 2528 τοῦ
1642 2475 1730 2530 διὰ
1751 2476 1845 2530 τοῦ
1873 2495 1974 2531 κα-

389 2559 756 2629 ταϐεϐηκότος
789 2563 1036 2634 ποταμοῦ
1057 2563 1125 2616 τὰ
1149 2565 1446 2636 όρμήματα
1469 2567 1870 2638 εὐφραίνουσιν,
1899 2571 1976 2638 ὡς

387 2651 450 2703 ὲν
485 2651 734 2723 Ψαλμοῖς
778 2655 1033 2725 εὕρομεν,
1085 2655 1183 2726 τὴν
1240 2657 1393 2711 πόλιν
1424 2659 1518 2712 τοῦ
1574 2660 1708 2713 Θεοῦ
1758 2662 1857 2734 τὴν
1887 2666 1974 2717 al-

390 2741 592 2812 σθητὴν
629 2744 985 2818 Ἰερουσαλὴμ
1033 2747 1115 2815 (οὐ
1139 2747 1248 2820 γὰρ
1282 2748 1394 2819 ἔχει
1442 2751 1845 2822 παρακείμενον
1874 2772 1975 2809 που

386 2834 608 2904 ταμόν),
655 2834 793 2888 ἀλλὰ
817 2837 916 2907 τὴν
947 2837 1178 2909 ἄμωμον
1209 2837 1306 2891 τοῦ
1331 2839 1467 2892 Θεοῦ
1505 2841 1850 2912 Ἐκκλησίαν,
1895 2844 1975 2897 ol-

389 2925 799 2997 κοδομουμένην
843 2928 938 2980 ἐπὶ
980 2928 1058 2998 τῷ
1107 2930 1342 3001 θεμελίῳ
1383 2931 1493 2985 τῶν
1531 2933 1843 2989 ἀποστόλων
1880 2938 1974 2990 κα)⁸

383 3017 496 3069 τῶν
540 3019 854 3090 προφητῶν,
887 3021 1040 3085 ὃντος
1071 3025 1464 3095 ἀκρογωνιαίου
1516 3027 1752 3097 Χριστοῦ
1797 3029 1974 3101 Ἰησοῦ

387 3105 484 3158 τοῦ
531 3108 741 3180 Κυρίου
774 3109 952 3182 ἡμῶν.
1007 3113 1279 3184 Ἰορδάνην
1329 3114 1580 3185 μέντοιγε
1629 3119 1846 3188 νοητέον
1877 3121 1971 3174 τοῦ

384 3197 522 3252 Θεοῦ
565 3200 737 3268 Λόγον
772 3201 865 3255 τὸν
916 3203 1206 3274 γενόμενον
1241 3205 1441 3276 σάρκα,
1476 3209 1569 3262 καὶ
1619 3211 1973 3282 σκηνώσαντα

385 3290 446 3342 ὲν
471 3292 627 3360 ἡμῖν,
677 3291 881 3363 Ἰησοῦν
912 3294 969 3346 δὲ
994 3295 1088 3348 τὸν
1125 3296 1597 3369 κληροδοτήσαντα
1625 3301 1654 3354 ὃ
1687 3303 1974 3374 ἀνείληφεν

384 3382 764 3453 ἀνθρώπινονο
812 3387 952 3456 ὅπερ
990 3389 1106 3440 ἐστὶ
1155 3391 1249 3442 καὶ
1294 3390 1690 3460 ἀκρογωνιαῖος
1738 3394 1902 3461 λίθος,
1943 3397 1973 3450 ὀ

387 3476 481 3528 καὶ
511 3476 675 3540 αὐτὸς
705 3478 764 3530 ὲν
791 3480 858 3548 τῇ
889 3477 1102 3549 θεότητι
1142 3480 1237 3534 τοῦ
1284 3480 1414 3534 Υἱοῦ
1458 3483 1553 3537 τοῦ
1580 3485 1715 3540 Θεοῦ
1743 3489 1972 3560 γενόμε-

383 3583 494 3630 νος,
521 3567 598 3637 τῷ
621 3568 945 3640 ἀνειλῆφθαι
972 3572 1062 3623 ὑπ’
1087 3571 1253 3626 αὐτοῦ
1276 3572 1511 3640 λούεται,
1545 3578 1638 3630 καὶ
1665 3579 1786 3632 τότε
1807 3583 1974 3653 χωρεῖ

383 3657 484 3728 τὴν
509 3657 768 3730 ἀκέραιον
811 3660 905 3713 καὶ
940 3661 1125 3716 ἄδολον
1151 3666 1482 3736 περιστερὰν
1507 3667 1601 3720 τοῦ
1631 3668 1968 3740 Πνεύματος,

385 3748 776 3821 συνδεδεμένην
821 3751 991 3819 αὐτῷ,
1018 3752 1114 3806 καὶ
1166 3755 1364 3825 μηκέτι
1398 3757 1706 3828 ἀποπτῆναι
1736 3759 1970 3832 δυναμέ-

383 3857 518 3910 νην·
557 3861 576 3892 ι
619 3842 736 3911 Ἐφ’
757 3843 818 3897 ὃν
842 3843 971 3915 γὰρ,
1017 3846 1202 3914 φησὶν,
1249 3847 1346 3901 ἐὰν
1375 3849 1492 3920 ῐδῃς
1513 3851 1574 3904 τὸ
1613 3851 1838 3922 Πνεῦμα
1872 3872 1970 3908 κα-

381 3931 636 3987 ταϐαῖνον
658 3935 755 3988 καὶ
783 3935 940 4006 μένον
968 3938 1057 3991 ἐπ’
1081 3939 1267 4004 αὐτὸν,
1298 3935 1451 4004 οὗτός
1472 3944 1618 3996 ἐστιν
1643 3945 1672 3996 ὁ
1692 3944 1967 4014 βαπτίζων

381 4024 440 4076 ἐν
467 4025 745 4097 Πνεῦματι
793 4029 956 4099 ἁγίῳ.
1001 4050 1020 4083 ι
1075 4031 1176 4086 Διὰ
1225 4033 1382 4087 τοῦτο
1433 4033 1612 4089 λαϐὼν
1645 4037 1706 4090 τὸ
1745 4039 1968 4110 Πνεῦμα

386 4113 545 4180 μένον
571 4117 658 4168 ἐπ’
684 4119 848 4172 αὐτὸν
895 4119 1120 4190 Ἰησοῦν,
1149 4123 1207 4176 ὲν
1239 4124 1392 4196 αὐτῷ
1417 4127 1658 4198 μείναντι
1687 4128 1969 4200 βαπτίζειν

380 4207 507 4270 τοὺς
558 4214 1029 4283 προσερχομένους
1066 4215 1176 4285 (88)
1207 4218 1356 4290 αὐτῷ
1409 4218 1632 4291 δυνηθῇ.
1683 4222 1864 4294 Πέραν
1909 4224 1965 4277 δὲ

380 4298 475 4352 τοῦ
513 4299 797 4372 Ἰορδάνου,
846 4306 986 4360 κατὰ
1032 4307 1103 4362 τὰ
1147 4307 1252 4375 ἔξω
1283 4309 1386 4380 τῆς
1441 4312 1700 4374 Ἰουδαίας
1743 4315 1966 4370 νεύοντα

381 4391 644 4462 κλίματα,
668 4396 727 4449 ὲν
774 4399 841 4469 τῇ
870 4399 1168 4472 Βηθαραϐᾷ
1193 4399 1308 4472 (89)
1344 4401 1597 4472 βαπτίζει
1625 4407 1654 4458 ὁ
1690 4407 1964 4479 Ἰωάννης,

2081 1923 2444 1981 habitaculum
2478 1922 2582 1976 dici
2622 1919 3018 1976 existimantes.
3070 1918 3128 1974 Si
3160 1921 3324 1990 igitur
3349 1922 3454 1976 hoc
3485 1921 3567 1976 sic
3595 1935 3658 1976 se

2080 2018 2270 2080 habet,
2299 2016 2422 2085 quis
2447 2015 2552 2068 erit
2576 2013 2769 2069 ﬂuvius
2798 2015 3091 2069 descensus
3114 2013 3374 2082 ipsorum,
3408 2014 3474 2067 ad
3491 2027 3655 2084 quem

2081 2123 2186 2165 non
2213 2105 2626 2162 descendentem
2656 2106 2879 2174 proprio
2919 2105 3212 2168 descensu,
3259 2104 3353 2158 sed
3389 2103 3656 2158 descensu

2081 2200 2385 2262 hominum,
2415 2196 2726 2266 quicunque
2757 2195 2990 2262 venerit,
3039 2195 3421 2266 puriﬁcatione
3472 2205 3653 2262 egeat,

2080 2289 2187 2345 nisi
2223 2288 2481 2343 Servatur
2514 2296 2720 2352 noster,
2754 2287 3144 2342 disterminans
3167 2301 3261 2343 eos
3280 2289 3369 2358 qui
3401 2303 3430 2342 a
3471 2289 3656 2360 Moyse

2080 2381 2454 2437 [nereditatem
2485 2380 2820 2449 acceperint,
2853 2380 2921 2434 ab
2951 2381 3035 2436 his
3063 2383 3154 2450 qui
3183 2382 3432 2451 proprias
3472 2394 3656 2452 partes

2079 2485 2407 2544 acceperunt
2437 2488 2532 2542 per
2558 2469 2784 2526 Jesum?
2841 2472 3012 2544 llujus
3060 2474 3228 2544 igitur
3274 2475 3528 2542 impetus,
3560 2478 3654 2544 qui

2077 2577 2206 2621 sunt
2257 2580 2356 2635 per
2396 2563 2617 2618 [luvium
2659 2563 3104 2633 descendentem,
3159 2565 3456 2633 laetiﬁcant,
3500 2576 3556 2621 ut
3597 2567 3658 2621 in

2075 2660 2310 2715 Psalmis
2335 2667 2416 2712 est
2445 2655 2708 2724 scriptum
2737 2657 2802 2723 ",
2850 2657 3127 2712 civitatem
3179 2659 3298 2724 Dei,
3340 2673 3446 2713 non
3495 2657 3657 2714 Jeru-

2077 2753 2244 2808 salem
2273 2751 2372 2806 sub
2399 2763 2612 2804 sensum
2642 2750 2924 2804 cadentem
2967 2750 3109 2820 (nec
3155 2751 3301 2805 enim
3346 2749 3651 2806 Jerusalem

2077 2845 2240 2899 habet
2265 2842 2597 2910 adjacentem
2627 2841 2895 2910 ﬂuvium),
2927 2845 3018 2898 sed
3057 2843 3384 2912 inculpatam
3421 2841 3515 2898 Dei
3553 2843 3653 2897 Ec-

2075 2936 2294 2992 clesiam
2344 2935 2669 2989 aedificatam
2709 2949 2874 3006 super
2919 2936 3332 2991 fundamentum
3376 2935 3655 3006 apostolo-

2077 3043 2197 3082 rum
2257 3037 2312 3082 et
2373 3027 2798 3096 prophetarum,
2857 3041 3070 3082 summo
3146 3027 3395 3097 angulari
3466 3026 3646 3097 lapide

2076 3120 2293 3175 Christo
2325 3119 2452 3175 Jesu
2487 3122 2788 3176 exsistente
2821 3121 3048 3174 Domino
3072 3131 3258 3175 nostro
3286 3121 3352 3174 ’³.
3382 3118 3655 3176 Iordanes

2078 3215 2259 3283 itaque
2296 3215 2679 3285 intelligendus
2710 3223 2797 3270 est
2826 3215 2917 3268 ille
2954 3213 3047 3267 Dei
3095 3211 3290 3268 Sermo
3333 3213 3428 3284 qui
3471 3212 3652 3268 lactus

2075 3321 2161 3363 est
2198 3325 2327 3365 caro
2357 3319 2411 3364 et
2445 3310 2712 3366 habitavit
2763 3310 2815 3364 in
2854 3310 3013 3365 nobis
3067 3307 3140 3374 “;
3175 3306 3351 3373 Iesus,
3403 3310 3648 3380 inquam,

2074 3402 2162 3470 qui
2225 3402 2486 3472 quidquid
2533 3403 2826 3472 assumpsit
2881 3402 3198 3464 humanum,
3245 3400 3648 3456 haereditarium

2074 3493 2201 3547 fecit
2227 3508 2242 3546 :
2275 3495 2418 3564 quod
2441 3502 2523 3548 est
2550 3494 2713 3549 etiam
2738 3509 2982 3548 summus
3011 3493 3294 3564 angularis
3323 3492 3483 3562 lapis,
3505 3495 3647 3560 quod

2071 3586 2236 3640 etiam
2270 3588 2444 3657 ipsqu
2479 3587 2532 3640 in
2570 3586 2859 3642 divinitate
2901 3585 3026 3640 Filii
3087 3586 3177 3640 Dei
3229 3584 3456 3652 factum,
3479 3601 3547 3640 ex
3580 3601 3648 3641 eo

2071 3679 2216 3749 quod
2261 3679 2326 3734 ab
2369 3679 2486 3751 ipso
2520 3690 2857 3748 assumptum
2910 3677 3098 3745 fuerit,
3149 3679 3383 3742 lavatur,
3434 3688 3490 3733 et
3533 3689 3646 3732 tum

2071 3772 2548 3842 capitsimplicem
2598 3782 2653 3828 et
2701 3773 2819 3828 sine
2849 3771 2972 3827 dolo
3029 3771 3338 3827 columbam
3387 3772 3650 3843 Spiritus,

2069 3864 2170 3918 sibi
2212 3863 2546 3934 colligatum,
2609 3878 2709 3918 nec
2760 3863 2996 3933 amplius
3049 3861 3271 3917 aVolare
3325 3863 3650 3918 valentem:

2073 3975 2092 4009 ι
2123 3955 2300 4024 Super
2338 3971 2498 4022 quem
2529 3956 2702 4021 enim,
2749 3955 2947 4023 inquit,
2992 3954 3194 4010 videris
3224 3953 3485 4024 Spiritum
3547 3954 3644 4009 tle-

2067 4047 2438 4110 scendentem,
2485 4055 2542 4100 ct
2593 4057 2901 4102 manentem
2926 4059 3091 4115 super
3134 4061 3281 4112 eum,
3313 4046 3400 4100 hic
3433 4055 3518 4100 est
3549 4046 3648 4115 qui

2067 4137 2306 4210 baptizat
2334 4137 2386 4190 in
2417 4135 2623 4206 Spiritu
2672 4147 2868 4194 sancto
2909 4138 2975 4190 ".
3019 4155 3039 4187 ι
3089 4135 3323 4204 Propter
3379 4138 3502 4200 hoc.
3548 4138 3657 4207 qui-

2066 4228 2337 4296 acceperit
2369 4227 2631 4298 Spiritum
2685 4237 2992 4282 manentem
3024 4242 3187 4297 super
3215 4231 3389 4298 ipsum
3429 4227 3642 4294 Jesum,

2065 4317 2346 4386 baptizare
2385 4321 2588 4386 poterit
2623 4319 2689 4374 ad
2719 4335 2779 4374 se
2812 4323 3160 4384 accedentes,
3205 4319 3411 4390 Spiritu
3451 4330 3653 4374 sancto

2066 4411 2120 4465 in
2154 4411 2275 4480 ipso
2307 4421 2679 4480 permanente.
2713 4413 2821 4468 Sed
2847 4423 2998 4470 trans
3029 4413 3348 4478 Iordanem,
3382 4412 3436 4466 in
3467 4412 3642 4482 parti-

377 4484 688 4556 πρόδρομος
720 4487 796 4541 ὢν
840 4490 935 4544 τοῦ
967 4491 1287 4562 ἐληλυθότος
1325 4493 1552 4549 καλέσαι
1591 4496 1653 4548 οὐ
1696 4497 1954 4568 δικαίους,

2075 4506 2162 4558 bus
2192 4514 2344 4558 extra
2370 4489 2610 4559 Judagam
2637 4505 3008 4574 vergentibus,
3058 4506 3110 4559 in
3162 4505 3466 4560 Bethabara
3537 4506 3634 4559 bav-

379 4576 516 4631 ἀλλὰ
562 4579 1305 4652 ἀμαρτωλοὺς,·διδάσκοντος
1352 4586 1426 4658 μὴ
1453 4587 1643 4659 χρείαν
1671 4588 1813 4661 ἔχειν
1837 4593 1961 4657 τοὺς

379 4668 662 4739 ἰσχύοντας
703 4674 886 4746 ἰατροῦ
915 4673 1048 4745 (90),
1103 4677 1241 4731 ἀλλὰ
1289 4678 1416 4742 τοὺς
1463 4680 1648 4745 κακῶς
1697 4683 1951 4754 ἔχοντας·

2066 4597 2237 4666 ptizat
2260 4594 2520 4664 Joannes,
2551 4611 2856 4666 pratcursor
2883 4597 3030 4652 illius
3063 4598 3335 4653 exsistens
3357 4598 3446 4667 qui
3490 4597 3649 4650 venit

2067 4685 2226 4758 143
2257 4700 2363 4740 non
2393 4685 2572 4756 justos
2594 4726 2614 4752 ,
2647 4688 2741 4743 sed
2763 4697 3076 4758 peccatores
3105 4690 3171 4742 ad
3203 4687 3638 4757 resipiscentiam

453 4807 656 4864 "Psal.
693 4826 816 4880 ην,
845 4811 902 4868 5.
981 4813 1025 4845 ³³
1055 4814 1249 4884 Epltes.
1284 4833 1344 4884 tt,
1375 4817 1465 4876 20.
1546 4819 1590 4851 ³⁸
1612 4819 1770 4877 Joan.
1803 4839 1845 4888 ι,
1879 4825 1968 4882 14.

2075 4824 2088 4856 ⁵
2119 4825 2251 4880 ibid.
2279 4825 2370 4880 53.

376 4958 464 5002 ter
503 4949 678 5003 locum
714 4951 806 5006 ubi
837 4967 926 5007 res
951 4953 1136 5010 Saulis
1163 4956 1248 5011 vel
1298 4972 1386 5013 res
1435 4959 1654 5015 Davidis
1709 4976 1950 5018 comme-

378 5032 668 5098 _moraul_ur
703 5023 849 5098 :_hoc
877 5035 982 5098 est,
1008 5027 1074 5078 ad
1108 5037 1271 5098 caput
1309 5043 1484 5097 usque
1517 5032 1824 5098 decimum;
1883 5033 1951 5085 ab

377 5089 673 5163 hoc‘enim
721 5091 840 5146 loco
890 5089 1342 5163 infrequentiores
1393 5089 1526 5154 sunt
1571 5089 1953 5163 prolixaa'illa'.

377 5160 656 5229 nominum
689 5163 1030 5229 propriorum
1049 5160 1060 5163 “
1077 5169 1538 5227 enumerationes.
1573 5160 1844 5228 llusrtus.

447 5227 562 5294 (86)
982 5235 1102 5302 μὲν
1147 5236 1529 5310 ἑρμηνεύεται
1554 5280 1570 5304 ,
1629 5227 1950 5309 clm-Ain",

379 5299 762 5374 sdeseendit.»
800 5299 1291 5374 llieronymns'De'
1345 5299 1602 5364 nominib.
1651 5299 1947 5367 Hebraicis

382 5365 633 5449 rlarden.
691 5373 988 5449 descensio_
1007 5365 1216 5449 eorum,
1258 5377 1369 5442 vel,
1412 5381 1536 5436 vide
1580 5365 1940 5437 Judiciumai

380 5439 483 5492 Alii
509 5438 712 5492 dictum
737 5451 933 5505 putant
961 5438 1252 5500 Jordanem
1281 5463 1310 5500 a
1346 5438 1557 5505 duobus
1586 5451 1825 5507 fontibus
1853 5450 1950 5506 1οι-

377 5517 430 5560 ει
464 5507 597 5586 Dan,
633 5511 776 5586 unde
803 5511 902 5586 hic
927 5514 1102 5586 amnis
1133 5515 1388 5586 proﬂuit;
1416 5535 1524 5586 quo
1547 5523 1705 5577 modo
1728 5523 1946 5577 nomina

379 5578 682 5658 “tangite-[tu
714 5578 1201 5658 suntpordona'et
1226 5578 1492 5644 Tamesis.
1532 5588 1611 5644 In.

445 5644 689 5728 {87);th
713 5649 888 5728 ἐντῷ
927 5651 1476 5728 Ἑνὼχ-γέγραπται,
1509 5669 1616 5714 etc.
1641 5659 1814 5716 Locus
1850 5663 1947 5717 ha-

377 5713 700 5800 betuplibro
730 5713 906 5800 primo
937 5713 1348 5800 Ettgchi',_'l'lsgl
1379 5713 1497 5782 τῶἆ·
1527 5713 1945 5800 ὲγρἦιῧρωιξῂε

373 5798 485 5852 quo
515 5785 875 5855 fragmentum
917 5790 1125 5860 profert
1163 5785 1423 5868 Scaliger
1473 5799 1541 5853 ad
1567 5785 1798 5857 "Euseb.
1862 5785 1938 5857 En

2056 4963 2224 5036 verba
2261 4982 2274 5018 :
2311 4964 2421 5018 Καὶ
2449 4965 2687 5034 ἐγένετο,
2711 4967 2800 5019 ὅτε
2827 4964 3256 5036 ὲπληθύνθησαν-
3285 4965 3332 5015 οἱ
3369 4961 3474 5036 υἱοὶ
3526 4961 3644 5018 τῶν.

2055 5033 2378 5118 ἀνθρώπων,
2427 5036 2792 5160 ὲγεννηθηισαν
2837 5033 3021 5100 αὐτοῖς
3057 5033 3357 5158 θυγατέρῗς
3411 5033 3634 5106 ὡραῖαι,

2056 5106 2151 5158 καὶ
2173 5104 2528 5160 ἐπεθυμησαν
2566 5123 2666 5160 αυτ
2709 5126 2736 5160 ε
2769 5108 2818 5160 οἱ
2850 5108 3207 5160 ἐγρήγοοοι...
3237 5102 3260 5125 τ
3319 5123 3416 5158 σαν
3443 5104 3501 5157 δὲ
3543 5101 3634 5160 οὗ-

2056 5106 2151 5158 καὶ
2164 5101 2535 5179 ’ἐπεθύμησαν
2566 5101 2736 5171 αὖτὰς
2769 5108 2818 5160 οἱ
2850 5101 3416 5179 ἐγρήγοροι’...-τΗσαν
3443 5101 3508 5179 δέ
3543 5101 3640 5161 οῦς

2053 5191 2136 5249 τοι
2164 5182 2230 5239 σ¹,
2261 5173 2668 5249 οἱ-καταϐἁντες
2699 5181 2758 5232 ἐν
2778 5173 2900 5241 ταῖς
2922 5173 3164 5249 ίήμέραις
3196 5175 3404 5249 Ἰαρέδ.
3453 5173 3624 5249 Δξιιιιιε

2056 5243 2261 5316 librum
2297 5245 2486 5302 Graece
2531 5249 2793 5316 scriptum
2848 5243 3057 5302 Itab'uit'
3088 5243 3352 5313 Scaliger.
3415 5245 3634 5316 aliaque

2056 5314 2296 5386 ejusdem
2327 5318 2568 5372 auctoris
2595 5314 2728 5371 falsa
2752 5330 2805 5371 et
2840 5318 3148 5386 supposita,
3174 5314 3628 5386 quemadmodum

2055 5383 2316 5458 discimus
2348 5402 2412 5440 ex
2447 5386 2856 5458 Scaligerianis.
2884 5383 2960 5442 lu;

2125 5455 2243 5523 (88)
2303 5453 2852 5526 Προσερχὸμένους.
2910 5459 2984 5512 Ita
3045 5456 3216 5511 codex
3265 5453 3627 5526 Bodleianus;

2053 5521 2272 5596 Regius,
2307 5521 2654 5596 ἐρχομένους.
2807 5521 2818 5523 “
3247 5595 3268 5596 7
3325 5537 3344 5596 ἐς

2121 5594 2235 5667 (89)
2274 5594 2610 5667 Βῄθαραὅᾷ.
2645 5597 2828 5651 Codex
2853 5597 3198 5667 Barberinus,
3243 5595 3492 5667 Βηθαρᾷ,
3524 5597 3623 5652 sed

2049 5664 2285 5737 omnino
2309 5666 2592 5737 legendum
2625 5677 2684 5720 ut
2709 5682 2870 5737 supra
2895 5665 3220 5737 ΑΒηθαϐαρᾷ.

2123 5734 2236 5815 (90)
2276 5734 2515 5804 Ἰατροῦ.
2549 5735 2642 5792 Sic
2669 5736 2842 5792 codex
2891 5734 3252 5804 Bodleiauus;
3283 5734 3486 5806 Regius
3543 5739 3625 5794 ίαν-

2049 5822 2076 5856 τ
2082 5821 2211 5876 ρων.
2579 5840 2584 5848 -
