4194 6420
566 348 678 413 278

2044 347 2205 406 ORIG
2213 344 2366 438 Ειγιε

3713 336 3816 394 278

569 486 869 532 vocaturos
901 477 971 540 “,
998 478 1199 550 quippe
1229 478 1391 535 docet
1419 495 1523 535 non
1555 494 1692 548 opus
1722 478 1872 535 sanis
1905 477 2134 537 medico.

2242 468 2334 522 καὶ
2380 465 2490 539 γὰρ
2546 465 2625 528 είς
2677 462 2870 535 ἄφεσιν
2919 458 3205 533 ἀμαρτιιῖιν
3258 456 3322 512 τὸ
3359 454 3582 528 λουτρὸν
3609 454 3821 511 δίδοται.

569 574 666 630 sed
691 573 831 629 male
856 574 1183 632 habentibus
1207 578 1273 631 ".
1296 577 1507 633 Etenim
1540 578 1592 633 in
1622 578 1991 634 remissionem
2024 579 2368 645 peccatorum
2399 564 2559 619 datur
2580 560 2859 615 lavacrum
2889 556 2953 611 ".

639 756 734 814 26.
767 757 1035 815 Caeterum
1071 762 1356 831 probabile
1381 773 1465 819 est
1496 762 1729 833 aliquem
1757 804 1773 830 ,
1803 763 1893 833 qui
1925 778 2030 818 non
2062 764 2143 818 in-

572 849 843 907 tellexerit
874 853 1119 909 diversas
1153 855 1220 911 de
1260 854 1552 910 Servatore
1576 854 1843 920 notiones,
1878 853 2141 910 offensum

572 945 637 997 iri
683 959 781 1014 pro
805 944 1073 1015 explicata
1104 944 1354 1003 Jordanis
1384 949 1825 1016 interpretatione
1844 987 1861 1011 ,
1889 963 1955 1002 eo
2000 948 2141 1016 quod

570 1033 812 1092 Joannes
839 1038 1017 1093 dicat:
1057 1056 1076 1091 ι
1107 1038 1220 1109 Ego
1248 1039 1463 1109 baptizo
1487 1042 1540 1094 in
1570 1056 1705 1110 aqua
1733 1057 1746 1093 :
1780 1040 1873 1094 sed
1901 1039 1989 1105 qui
2024 1048 2145 1108 post

574 1143 661 1183 me
701 1139 959 1185 venturus
989 1141 1094 1198 est,
1129 1132 1176 1186 is
1212 1142 1297 1187 est
1325 1148 1411 1189 me
1441 1132 1663 1188 fortior:
1694 1132 1809 1199 ipse
1847 1146 1940 1187 vos
1970 1132 2145 1199 bapti-

571 1221 720 1275 zubit
755 1223 808 1276 in
834 1221 1039 1291 Spiritu
1071 1234 1265 1279 sancto
1295 1226 1358 1278 ⁸⁵.
1393 1244 1412 1278 ι
1449 1226 1527 1279 Ad
1557 1240 1718 1295 quem
1749 1225 1827 1279 sic
1850 1232 1932 1279 est
1959 1224 2141 1278 dicen-

538 1312 738 1370 ‘dum:
770 1318 914 1385 quod
950 1326 1008 1373 ut
1028 1333 1210 1373 sermo
1237 1319 1331 1374 Dei
1355 1320 1605 1388 potabilis
1631 1320 1921 1380 exsistens,
1948 1319 2142 1389 aliqui-

570 1407 673 1464 bus
701 1411 919 1478 quidem
952 1426 1092 1481 aqua
1120 1450 1137 1476 ,
1173 1413 1446 1483 aliquibus
1476 1429 1603 1469 vero
1646 1414 1827 1468 viuum
1860 1412 2142 1468 ltetificans

569 1512 671 1552 cor
701 1498 938 1555 hominis
959 1502 1026 1566 ",
1061 1502 1335 1557 nonnullis
1362 1504 1524 1557 etiam
1556 1503 1777 1573 sanguis
1808 1512 1890 1558 est
1920 1514 2142 1573 propter

570 1586 734 1646 illud:
757 1607 776 1641 ι
795 1589 906 1646 Nisi
926 1591 977 1647 bi
986 1592 1174 1649 beritis
1189 1595 1504 1664 sanguinem
1530 1609 1727 1663 meum,
1744 1610 1850 1649 non
1870 1594 2142 1654 habebitis

571 1682 626 1737 in
654 1683 809 1740 vobis
838 1684 969 1755 ipsis
998 1670 1166 1740 vitam
1191 1687 1233 1718 ἰ
1256 1705 1271 1754 ;
1298 1707 1318 1739 ι
1348 1688 1480 1758 quin
1511 1688 1664 1743 cibus
1690 1689 1886 1754 dictus,
1911 1704 2019 1745 non
2045 1704 2139 1744 ea-

569 1774 691 1827 dem
721 1775 934 1831 ratione
967 1778 1349 1833 consideratnr
1375 1779 1534 1848 panis
1559 1780 1749 1835 vivens
1778 1790 1830 1835 et
1862 1794 2025 1846 caro;
2061 1780 2142 1835 sic

569 1863 744 1933 ipsum
776 1867 1043 1922 exsistere
1071 1868 1340 1937 aliquibus
1372 1868 1588 1938 quidem
1639 1885 1793 1941 aqua:
1825 1869 2095 1940 baptisma
2122 1910 2138 1934 ,

567 1966 624 2012 et
650 1959 895 2027 spiritus,
927 1971 983 2016 et
1013 1962 1173 2031 iguis,
1204 1962 1474 2033 aliquibus
1500 1967 1666 2021 etiam
1710 1966 1976 2037 baptisma
2009 1983 2140 2024 san-

566 2050 766 2120 guinis.
800 2051 874 2107 De
899 2068 1008 2121 quo
1032 2055 1220 2110 ultimo
1252 2057 1576 2126 baptismate
1605 2058 1802 2129 inquit,
1828 2068 1887 2112 ut
1918 2059 2139 2128 quidam

565 2140 861 2208 dixerunt,
901 2143 1044 2199 hoc:
1088 2164 1107 2196 ι
1136 2144 1468 2215 Baptismate
1497 2162 1598 2218 ego
1630 2148 1892 2218 baptizari
1926 2149 2099 2205 habeo
2123 2189 2140 2215 ,

565 2242 621 2289 et
682 2233 1028 2303 aliquomodo
1079 2248 1352 2303 coarctor,
1414 2239 1587 2296 donec
1649 2240 1782 2295 illud
1838 2241 2140 2313 perfectum

562 2324 822 2382 fuerit"!
853 2346 874 2381 ι
905 2326 1043 2383 Huic
1070 2344 1309 2385 consona
1337 2330 1635 2399 discipulus
1654 2329 1890 2389 Joannes
1918 2335 2142 2404 scripsit

563 2413 620 2470 in
670 2415 908 2484 Epistola
935 2419 1005 2485 "',
1052 2420 1267 2484 dicens,
1293 2421 1570 2493 spiritum,
1611 2439 1805 2494 aquam
1834 2435 1890 2481 et
1922 2427 2139 2497 sangui-

561 2521 688 2564 nem
740 2510 843 2565 tria
888 2526 1011 2566 esse
1071 2529 1193 2584 qua:
1231 2514 1370 2570 facta
1404 2514 1610 2571 fuerint
1656 2533 1843 2573 unum.
1897 2519 2142 2590 Cumque

561 2602 707 2657 viam
730 2611 786 2658 et
806 2603 1007 2658 ostium
1033 2618 1093 2659 se
1116 2621 1239 2661 esse
1262 2606 1498 2663 fateatur
1518 2609 1588 2677 “,
1610 2609 1787 2677 palam
1810 2620 1892 2665 est
1916 2611 2141 2668 omnino

562 2709 690 2750 eum
717 2708 823 2749 non
849 2709 972 2751 esse
1009 2697 1208 2753 ostium
1236 2698 1322 2753 cui
1368 2699 1439 2755 sit
1464 2700 1571 2764 via,
1609 2715 1710 2757 nec
1735 2702 1969 2773 amplius
1998 2702 2139 2757 viam

560 2803 686 2847 esse
711 2790 788 2846 illi
833 2791 921 2846 cui
971 2793 1045 2847 sit
1090 2794 1315 2849 ostium.
1364 2795 1642 2866 Quotquot
1687 2812 1822 2867 ergo
1856 2797 2141 2852 initiantur

560 2882 754 2953 primis
784 2883 1070 2940 elementis
1094 2899 1409 2941 sermonum
1442 2887 1559 2954 Dei,
1594 2888 1916 2944 accedentes
1946 2888 2014 2942 ad
2044 2903 2141 2944 vo-

559 2989 683 3032 cem
720 2993 741 3029 ι
768 2975 1054 3032 clamantis
1087 2977 1144 3032 in
1196 2977 1414 3034 deserto
1443 2997 1457 3032 :
1510 2979 1735 3052 Dirigite
1766 2981 1908 3036 viam
1954 2980 2140 3036 Domi-

561 3068 621 3122 ni
647 3068 735 3134 ";
771 3086 793 3121 ι
838 3070 1182 3134 accedentes,
1225 3070 1448 3139 inquam
1471 3112 1490 3137 ,
1526 3080 1679 3127 trans
1705 3070 2019 3137 Iordanem,
2070 3073 2137 3126 ad

561 3176 754 3218 vocem
786 3164 1142 3219 exsistentem
1172 3166 1314 3234 apud
1348 3166 1566 3222 domum
1594 3168 2027 3236 praeparatiOnis,
2059 3168 2140 3222 di-
2165 3176 2207 3233 c

561 3254 799 3325 ligenter
834 3266 1141 3326 prteparent
1174 3272 1252 3320 se,
1288 3266 1348 3312 ut
1373 3259 1700 3327 praecedenti
1745 3262 2139 3330 prteparatione

558 3348 842 3419 percipere
870 3359 1073 3418 queant
1099 3351 1438 3419 spiritualem
1466 3366 1795 3417 sermonem,
1826 3353 1917 3421 qui
1949 3352 2138 3421 impri-

560 3439 726 3494 mitur
752 3455 850 3509 pcr
878 3441 1333 3497 illuminationem
1369 3442 1617 3513 spiritus.
1652 3443 2011 3499 Continenter
2041 3444 2141 3514 igi-

560 3541 652 3588 tur
684 3533 759 3589 rei
787 3535 1077 3603 proposita:
1106 3533 1423 3604 colligentes
1446 3550 1566 3604 qua:
1595 3536 1661 3590 ad
1695 3532 1987 3590 Jordanem
2018 3550 2143 3605 per-

561 3625 763 3692 tinent,
787 3626 1099 3681 accnratius
1114 3627 1523 3682 consideremus
1544 3624 1787 3682 fluvium.
1815 3628 1958 3684 Deus
1981 3630 2142 3700 igitur

560 3732 659 3787 per
686 3716 907 3789 Moysen
944 3717 1181 3773 traducit
1222 3717 1477 3786 populum
1515 3733 1614 3788 per
1633 3733 1782 3774 mare
1803 3717 2048 3777 Rubrum
2072 3723 2139 3788 ",

561 3825 688 3864 cum
720 3808 944 3865 fecisset
973 3821 1034 3865 ut
1059 3825 1198 3881 aqua
1238 3811 1370 3878 ipsis
1398 3825 1589 3865 murus
1614 3822 1760 3867 esset
1792 3828 1822 3867 a
1848 3814 2057 3870 dextris
2087 3826 2141 3871 et

561 3918 594 3960 ιι
618 3903 883 3959 sinistris.
908 3902 1069 3959 Jesus
1093 3919 1223 3958 vero
1248 3904 1482 3958 traducit
1504 3918 1627 3957 eum
1651 3920 1747 3974 per
1765 3905 2053 3963 Jordanem
2072 3910 2141 3963 ’⁷.

560 3998 698 4054 Cum
743 3995 962 4067 legisset
1011 4005 1190 4051 autem
1245 3996 1580 4065 Scripturam
1627 3995 1850 4062 Paulus,
1883 4016 1990 4055 non
2030 4017 2145 4055 am-

560 4091 707 4163 plius
740 4092 1037 4146 secundum
1066 4105 1287 4145 carnem
1322 4090 1400 4143 illi
1439 4091 1680 4147 militans
1717 4092 1965 4165 (noverat
1996 4097 2141 4150 enim

563 4186 740 4257 legem
792 4183 1129 4255 Spiritualem
1159 4185 1301 4253 esse)
1336 4184 1698 4253 spiritualiter
1743 4185 1902 4240 docet
1932 4202 2029 4242 nos
2060 4188 2143 4241 in-

564 4278 858 4348 terpretari
886 4292 1008 4345 quae
1033 4275 1378 4345 contigerunt
1409 4278 1462 4330 in
1496 4277 1725 4332 transitu
1755 4281 1923 4335 maris
1950 4281 2142 4350 Rubri,

563 4372 751 4426 dicens
799 4368 854 4423 in
885 4370 1068 4438 priore
1116 4370 1183 4423 ad
1229 4369 1539 4425 Corinthios
1573 4371 1813 4438 Epistula
1844 4372 1928 4427 ιιι
1962 4392 1980 4424 ι
2009 4372 2144 4429 Nolo

2327 727 2418 782 26.
2449 725 2610 788 Εἰκὸς
2633 721 2688 776 δέ
2718 737 2841 774 τινα
2874 717 2976 783 τὰς
3007 715 3296 787 διαφόρους
3321 711 3560 777 ἐπινοίας
3586 711 3687 766 τοῦ
3716 712 3834 766 Σω-

2250 822 2417 894 τῆρος
2470 820 2544 891 μὴ
2584 815 2874 887 νενοηκότα
2921 809 3249 882 προσκὸψειν
3294 813 3358 881 τῇ
3405 809 3731 883 ἀποδοθείσῃ
3763 812 3831 879 τῇ

2248 914 2377 987 περὶ
2434 912 2527 966 τοῦ
2579 909 2843 983 Ἰορδάνου
2903 904 3201 977 ἑρμηνείᾳ,
3245 902 3333 957 διά
3388 902 3449 956 τὸ
3503 902 3686 972 λέγειν
3744 901 3837 955 τὸν

2260 1006 2513 1077 Ἰωάννην
2528 1021 2550 1055 .·
2595 1021 2614 1054 ι
2659 1000 2800 1070 Ἐγὼ
2826 998 3071 1071 βαπτίζω
3103 999 3164 1051 tv
3189 996 3342 1052 ὕδατι
3360 1012 3375 1027 ·
3406 998 3436 1050 6
3461 995 3516 1049 δὲ
3538 998 3839 1067 ἐρχόμενος

2251 1102 2365 1170 μετ’
2399 1097 2499 1169 ἐμὲ
2534 1092 2879 1168 ἰσχυρότερός
2912 1109 3015 1163 μου
3047 1089 3199 1144 ἐστίν
3229 1105 3246 1121 ο
3276 1088 3436 1152 αὐτὸς
3463 1088 3613 1158 ὑμᾶς
3642 1086 3843 1158 βαπτί-

2250 1209 2329 1244 σει
2356 1192 2413 1243 tv
2448 1186 2724 1257 Πνεύματι
2771 1185 2931 1255 ἁγίῳ.
2972 1203 2989 1233 ι
3021 1182 3164 1254 Πρὸς
3187 1180 3247 1233 6v
3274 1178 3492 1234 λεκτέον
3528 1179 3613 1231 ὃτι
3646 1176 3839 1248 ὥσπερ

2248 1280 2410 1335 ποτὸν
2460 1277 2740 1350 τυγχάνων
2783 1278 2812 1329 6
2855 1273 2948 1328 τοῦ
2995 1270 3129 1326 Θεοῦ
3176 1270 3369 1338 Λόγος,
3412 1264 3495 1332 οἷς
3545 1266 3647 1339 μέν
3689 1268 3843 1321 ἐστιν

2245 1370 2410 1442 ὕδωρ,
2444 1368 2651 1440 ἑτέροις
2679 1366 2735 1420 δὲ
2758 1361 2900 1427 οἶνος
2931 1361 3235 1433 εὐφραίνων
3266 1360 3493 1432 καρδίαν
3517 1357 3840 1429 ἀνθρώπου,

2242 1462 2421 1525 ἀλλοις
2451 1460 2509 1514 δὲ
2538 1454 2677 1530 αἷμα
2699 1457 2789 1512 διὰ
2819 1456 2909 1510 τό·
2952 1474 2972 1506 ι
3013 1456 3138 1509 Ἐἀν
3163 1453 3237 1525 μὴ
3264 1452 3424 1524 πίητε
3459 1469 3560 1524 μου
3589 1449 3654 1504 τὸ
3672 1443 3840 1520 αἷμα,

2242 1555 2342 1609 οὐκ
2373 1554 2523 1624 ἔχετε
2558 1551 2703 1623 ζωὴν
2734 1554 2791 1605 ὲν
2825 1551 3039 1613 ἑαυτοῖς
3062 1565 3076 1580 ο
3118 1567 3137 1601 ι
3162 1547 3298 1603 ἀλλὰ
3329 1546 3426 1601 καὶ
3463 1543 3842 1633 τροφὴολεγό-

2246 1662 2405 1717 μενος
2432 1645 2493 1698 ού
2524 1643 2666 1698 κατά
2694 1641 2757 1696 τὸ
2787 1641 2918 1695 αὐτὸ
2949 1642 3147 1694 νοεῖται
3188 1639 3352 1707 ἄρτος
3385 1636 3493 1702 ζῶν
3527 1637 3627 1690 καὶ
3667 1633 3838 1706 σάρξο

2241 1736 2415 1802 οὕτως
2433 1739 2462 1791 6
2491 1735 2651 1799 αὐτός
2684 1737 2799 1789 ἐστι
2828 1725 3111 1804 βάπτισμα
3138 1730 3349 1796 ὓδατος,
3374 1730 3468 1783 καὶ
3495 1728 3836 1800 πνεύματος,

2171 1835 2214 1892 Β
2244 1831 2337 1885 καὶ
2367 1828 2557 1902 πυρὸς,
2591 1828 2705 1882 τισὶ
2734 1826 2791 1880 δὲ
2820 1825 2914 1879 καὶ
2953 1824 3204 1895 αἵματος.
3246 1823 3382 1896 Περ)⁸
3410 1822 3469 1875 δὲ
3514 1821 3613 1875 τοῦ
3644 1821 3834 1874 τελευ-

2241 1922 2392 1976 ταίου
2426 1920 2820 1991 βαπτίσματος,
2852 1916 2927 1980 ὣς
2956 1932 3122 1979 τινες,
3151 1913 3314 1985 φησὶν
3343 1916 3401 1967 tv
3428 1911 3507 1984 τῷ
3525 1929 3539 1943 ο
3574 1932 3593 1964 ι
3629 1909 3839 1965 Βαπτί-

2244 2030 2409 2084 σματι
2435 2011 2493 2064 δὲ
2522 2011 2630 2081 ἔχω
2665 2010 2773 2080 (9i)
2811 2006 3197 2079 βαπτισθῆναι,
3227 2005 3324 2059 καὶ
3354 2004 3473 2068 πῶς
3509 2004 3839 2074 συνέχομαι,

2241 2107 2345 2170 ἕως
2371 2106 2495 2159 ὅτου
2527 2102 2780 2173 τελεσθῇί
2809 2100 2996 2171 Τούτῳ
3033 2117 3091 2153 τε
3136 2098 3445 2170 συμφώνως
3474 2098 3535 2150 tv
3568 2100 3637 2168 τῇ
3686 2096 3840 2150 Ἐπι-

2243 2195 2400 2266 στολῇ
2434 2196 2462 2248 6
2495 2192 2743 2265 μαθητὴς
2779 2190 3030 2261 Ἰωάννης
3053 2190 3115 2243 τὸ
3143 2187 3383 2260 πνεῦμα,
3426 2188 3521 2242 καὶ
3563 2187 3628 2241 τὸ
3666 2185 3837 2258 ὕδωρ,

2242 2287 2422 2342 καὶτὸ
2449 2280 2589 2357 αἷμα
2625 2282 2901 2355 ἀνέγραψε
2932 2282 3003 2336 τὰ
3029 2280 3157 2352 τρία
3196 2282 3277 2344 είς
3317 2279 3374 2333 ἓν
3407 2279 3694 2350 γινόμενα.
3726 2276 3843 2330 Καὶ

2240 2379 2358 2443 ὁδὸς
2378 2379 2550 2450 δήπου
2581 2375 2678 2429 καὶ
2704 2375 2844 2447 θύρα
2869 2370 3007 2428 εἶναι
3038 2372 3335 2444 ὁμολογῶν,
3366 2372 3546 2443 σαφής
3580 2372 3701 2424 ἐστι
3732 2385 3839 2441 μη-

2239 2471 2387 2524 δέπω
2426 2468 2710 2539 τυγχάνων
2743 2466 2882 2539 θύρα
2929 2459 2976 2534 ᾧ
3020 2464 3099 2518 ἔτι
3143 2464 3260 2528 ὁδός
3301 2465 3436 2529 ἐστι,
3489 2464 3588 2516 καὶ
3639 2460 3838 2533 μηκέτι

2239 2562 2355 2626 ὁδὸς
2395 2554 2441 2630 ᾧ
2469 2561 2534 2633 δὴ
2579 2559 2741 2630 θύρα.
2786 2560 2995 2622 Πάντες
3038 2553 3132 2613 οὖν
3191 2558 3241 2610 oi.
3285 2554 3712 2626 στοιχειούμενοι
3767 2553 3833 2623 τῇ

2241 2656 2383 2727 ἀρχῇ
2423 2653 2532 2707 τῶν
2576 2653 2773 2721 λογίων
2809 2651 2905 2706 τοῦ
2954 2650 3114 2713 Θεοῦ,
3151 2651 3220 2721 τῇ
3269 2650 3420 2719 φωνῇ
3456 2661 3477 2700 ι
3517 2646 3615 2701 τοῦ
3668 2649 3728 2701 tv
3765 2647 3833 2716 τῇ

2240 2746 2435 2817 ἐρήμῳ
2458 2744 2716 2816 βοῶντος·
2751 2744 3025 2798 Εὐθύνατε
3056 2742 3154 2814 τὴν
3184 2741 3302 2795 ὁδὸν
3331 2740 3565 2812 Κυρίου,
3608 2758 3628 2791 ι
3661 2754 3834 2811 προσ-

2244 2834 2434 2900 ιόντες,
2489 2834 2659 2907 πέραν
2704 2833 2798 2887 τοῦ
2845 2833 3107 2904 Ἰορδάνου
3159 2830 3503 2904 τυγχανούσῃ
3553 2828 3709 2901 παρὰ
3758 2825 3837 2898 τῷ

2240 2928 2374 2999 οἴκῳ
2402 2928 2502 2999 τῆς
2533 2928 2900 2997 κατασκευῆς,
2942 2923 3449 2998 εὐτρεπιζέσθωσαν
3481 2924 3625 2996 πρὸς
3658 2922 3719 2975 τὸ
3748 2921 3840 2975 δυ-

2241 3020 2468 3092 νηθῆναι
2499 3020 2587 3074 διὰ
2614 3020 2715 3090 τῆς
2748 3018 3169 3091 προετοιμασίας
3200 3017 3444 3089 χωρῆσαι
3474 3016 3567 3069 τὸν
3604 3032 3839 3086 πνευμα-

2241 3114 2390 3168 τικδν
2413 3113 2589 3182 λόγον,
2617 3113 2967 3184 ἐγγινόμενον
2986 3114 3075 3168 διὰ
3105 3112 3201 3165 τοῦ
3234 3108 3515 3181 φωτισμοῦ
3540 3108 3643 3162 τοῦ
3672 3105 3835 3161 πνεύ-

2246 3223 2434 3277 ματος.
2462 3204 2766 3276 Ἐχομένως
2797 3204 2863 3277 δὴ
2908 3204 3005 3258 τοῦ
3050 3202 3408 3275 προκειμένου
3440 3201 3508 3254 τὰ
3560 3201 3697 3273 περὶ
3742 3197 3836 3252 τοῦ

2253 3297 2517 3369 Ἰορδάνου
2545 3296 2867 3366 συνάγοντες
2895 3296 3284 3369 ἀκριϐέστερον
3306 3294 3398 3349 τὸν
3428 3294 3679 3364 ποταμὸν
3708 3291 3837 3362 νοή-

2243 3406 2443 3462 σωμεν.
2489 3391 2550 3443 Ὀ
2590 3389 2723 3454 Θεὸς
2764 3388 2942 3442 τοίνυν
2984 3387 3071 3443 διὰ
3117 3387 3364 3451 Μωσέως
3394 3382 3702 3449 διαϐιϐάζει
3747 3382 3838 3437 τὸν

2240 3480 2366 3534 λαὸν
2397 3480 2496 3553 τὴν
2531 3479 2796 3552 Ἐρυθρὰν
2843 3479 3137 3544 θάλασσαν,
3193 3478 3325 3532 αὐτὸ
3372 3476 3433 3531 τὸ
3474 3475 3624 3547 ὕδωρ
3653 3475 3838 3538 αὐτοῖς

2242 3574 2475 3645 ποιήσας
2503 3575 2681 3644 τεῖχος
2730 3574 2795 3625 ὲκ
2840 3569 3029 3636 δεξιῶν
3069 3570 3165 3624 καὶ
3197 3569 3256 3637 ἐξ
3300 3566 3623 3640 εὐωνύμων,
3653 3567 3745 3621 διὰ
3779 3566 3838 3621 δὲ

2240 3666 2333 3720 τοῦ
2391 3664 2569 3737 Ἰησοῦ
2612 3666 2705 3719 τὸν
2739 3664 3033 3736 Ἰορδάνην.
3087 3661 3356 3733 Ἐντυχὼν
3406 3661 3465 3715 δὲ
3522 3662 3591 3732 τῇ
3641 3661 3836 3732 Γραφῇ

2240 3761 2271 3813 6
2319 3758 2552 3822 Παῦλος,
2596 3758 2778 3811 οὐκέτι
2830 3757 2971 3811 κατά
3017 3756 3116 3827 τὴν
3171 3755 3350 3827 σάρκα
3401 3754 3842 3826 στρατευόμενος

2243 3848 2416 3919 αὐτῆς
2481 3848 2617 3919 (ᾔδει
2658 3848 2768 3918 γὰρ
2813 3847 2895 3900 ὅτι
2944 3848 2974 3900 6
3016 3847 3180 3918 νόμος
3232 3843 3604 3915 πνευματικός
3661 3843 3834 3913 tam)‘

2243 3940 2629 4011 πνευματικῶς
2656 3939 2895 3993 διδάσκει
2924 3941 3072 4009 ἡμᾶς
3103 3937 3442 4009 ὲξειληφέναι
3466 3934 3535 3989 τὰ
3565 3936 3670 4006 τῆς
3694 3933 3841 3989 κατά

2241 4031 2340 4102 τὴν
2385 4030 2649 4103 Ἐρυθρὰν
2693 4030 2971 4085 θάλασσαν
3013 4029 3206 4093 διόδου,
3256 4028 3429 4097 λέγων
3472 4028 3531 4080 tv
3576 4029 3647 4098 τῇ
3699 4025 3840 4097 πρὸς

2243 4124 2562 4193 Κορινθίους
2603 4122 2876 4194 προτέρα·
2909 4143 2928 4174 ι
2968 4123 3044 4176 υύ
3078 4121 3216 4175 θέλω
3254 4121 3364 4193 γάρ
3400 4121 3545 4191 ὑμᾶς
3592 4120 3839 4188 ἀγνοεῖν,

2245 4216 2480 4283 ἀδελφοὶ,
2515 4215 2598 4268 ὅτι
2622 4216 2672 4267 οἱ
2704 4217 2940 4285 πατέρες
2984 4213 3141 4286 ἡμῶν
3188 4214 3387 4276 πάντες
3415 4212 3521 4266 ὑπὸ
3552 4212 3654 4283 τὴν
3678 4210 3839 4281 νεφέ-

2244 4306 2342 4376 λην
2367 4302 2528 4377 ἦσαν,
2555 4307 2649 4360 καὶ
2685 4307 2885 4370 πάντες
2911 4306 3001 4360 διά
3033 4306 3131 4377 τῆς
3165 4304 3443 4375 θαλάσσης
3475 4303 3716 4375 διῆλθον,
3742 4302 3844 4358 καὶ

2246 4397 2448 4460 πάντες
2492 4398 2572 4460 είς
2598 4397 2689 4450 τὸν
2721 4397 2963 4468 Μωῦσῆν
3005 4396 3364 4451 ἐϐαπτίσαπο
3408 4398 3465 4451 tv
3500 4398 3567 4467 τῇ
3606 4395 3840 4470 νεφέλῃ,

558 4480 664 4521 vos
695 4465 977 4534 ignorare,
1007 4463 1226 4528 fratres,
1251 4479 1440 4519 omnes
1466 4474 1651 4534 patres
1675 4476 1892 4523 nostros
1918 4469 2018 4524 sub
2044 4485 2142 4523 nn-

2246 4489 2341 4542 καὶ
2369 4490 2427 4541 tv
2454 4490 2520 4559 τῇ
2551 4487 2817 4561 θαλάσσῃ,
2848 4463 2940 4542 καῖ
2968 4488 3168 4553 πάντες
3198 4488 3258 4543 τὸ
3284 4488 3420 4544 αὐτὸ
3446 4463 3646 4559 βριῦ-μα

558 4558 628 4613 be
653 4555 844 4618 fuisse.
873 4569 1173 4623 omnesque
1193 4569 1288 4624 per
1311 4570 1458 4610 mare
1480 4556 1765 4625 transisse,
1793 4569 1849 4614 et
1878 4574 2066 4615 omnes
2085 4562 2138 4615 in

2252 4555 2721 4650 panx6vtgoayov,
2769 4555 2865 4633 καὶ
2915 4582 3116 4643 πάντες
3157 4581 3218 4635 τὸ
3252 4555 3618 4651 πνευματικδν
3652 4579 3844 4636 ἔπινον

558 4650 749 4721 Moyse
767 4649 1069 4718 baptizatos
1090 4647 1258 4702 fuisse
1275 4649 1329 4702 in
1351 4648 1517 4712 nube,
1535 4658 1589 4704 et
1604 4650 1655 4703 in
1679 4652 1836 4716 mari,
1869 4663 1924 4708 et
1951 4669 2141 4710 omnes

559 4745 815 4800 eumdem
859 4743 1045 4797 cibum
1098 4738 1259 4811 144
1313 4741 1652 4810 spiritualem
1700 4747 2023 4812 comedisse,
2086 4757 2141 4802 et

559 4849 755 4890 omnes
781 4832 1031 4890 eumdem
1051 4841 1235 4901 potum
1253 4832 1592 4901 spiritualem
1620 4834 1852 4892 bibisse:
1881 4837 2140 4894 bibebant

561 4931 708 4986 enim
727 4944 792 4984 ex
807 4924 1075 4997 spirituali
1095 4934 1362 4995 sequente
1384 4940 1482 4981 eos
1502 4936 1686 4996 petra:
1707 4940 1762 4984 at
1780 4945 1910 4986 vero
1934 4932 2022 4990 illa
2043 4949 2140 5003 pe-

557 5031 645 5079 tra
675 5031 798 5078 erat
837 5019 1114 5076 Christus.
1141 5038 1161 5071 ι
1199 5018 1409 5085 Quibus
1455 5034 1864 5091 consequenter
1894 5037 2141 5092 petamus

557 5117 729 5172 etiam
762 5128 862 5169 nos
893 5121 955 5167 ut
990 5126 1019 5165 a
1044 5111 1154 5166 Deo
1176 5111 1523 5184 accipiamus
1573 5113 1989 5185 intelligentiam
2026 5119 2139 5187 spi-

558 5207 814 5263 ritualem
847 5204 1111 5260 transitus
1146 5202 1400 5259 Jordanis
1429 5220 1525 5275 per
1552 5203 1763 5273 Jesum,
1798 5210 2044 5267 dicentes
2073 5214 2140 5265 de

559 5301 667 5355 hoc
693 5298 861 5354 etiam
907 5296 1097 5371 dicere
1141 5297 1388 5366 potuisse
1413 5296 1669 5352 Paulum:
1704 5299 1838 5356 Nolo
1869 5320 1962 5358 vos
1987 5305 2139 5375 igno-

558 5409 703 5455 rare,
735 5392 965 5458 fratres,
995 5391 1142 5461 quod
1176 5406 1369 5447 omnes
1399 5404 1580 5463 patres
1614 5399 1784 5452 nostri
1820 5414 1916 5467 per
1940 5397 2136 5453 Jorda-

558 5500 684 5539 nem
717 5486 1074 5547 transierunt,
1099 5495 1155 5541 et
1177 5499 1364 5539 omnes
1393 5487 1445 5541 in
1480 5486 1607 5544 Jcsu
1639 5490 1891 5558 baptizati
1920 5492 2140 5546 fuerunt

2248 4672 2426 4742 πόμα·
2487 4668 2668 4725 ἔπινον
2726 4669 2835 4741 γὰρ
2881 4671 2946 4724 ὲκ
2993 4671 3365 4743 πνευματικῆς
3434 4670 3844 4741 ἀκολουθούσης

2249 4763 2486 4835 πέτρας’
2522 4764 2555 4833 ἡ
2587 4762 2761 4833 πέτρα
2788 4762 2846 4816 δὲ
2878 4758 2946 4834 ἦν
2970 4765 2998 4816 6
3024 4763 3278 4835 Χριστός.
3326 4782 3344 4813 ι
3383 4756 3481 4826 Ui;
3523 4761 3844 4827 ἀκολούθως

2247 4856 2343 4908 καὶ
2370 4857 2529 4926 ἡμεῖς
2562 4855 2875 4924 αἱτήσωμεν
2898 4853 3081 4907 λαϐεῖν
3122 4854 3232 4907 ἀπὸ
3270 4853 3365 4907 τοῦ
3392 4852 3528 4907 Θεοῦ
3559 4853 3619 4907 τὸ
3646 4854 3844 4924 νοῆσαι

2247 4945 2628 5017 πνευματικῶς
2653 4947 2755 5017 τὴν
2774 4945 2862 5000 διὰ
2900 4945 3075 5017 Ἰησοῦ
3111 4946 3279 5000 δίοδον
3300 4944 3394 4999 τοῦ
3427 4945 3720 5017 Ἰορδάνου,
3752 4946 3844 4999 λέ·-

2246 5056 2453 5108 γοντες,
2481 5039 2562 5091 ὅτι
2588 5034 2742 5091 εἶπεν
2778 5037 2844 5091 ἂν
2887 5037 2982 5091 καὶ.
3023 5039 3149 5111 περὶ
3178 5037 3381 5109 ταύτης
3412 5038 3441 5089 6
3479 5037 3717 5100 Παῦλος
3755 5039 3835 5091 Οὐ

2246 5130 2385 5183 θέλω
2432 5129 2576 5199 ὑμᾶς
2612 5130 2846 5196 ἀγνοεῖν,
2883 5127 3122 5197 ἀδελφοὶ,
3169 5130 3250 5182 ὅτι
3289 5129 3340 5182 οἱ
3386 5127 3621 5201 πατέρες
3669 5128 3837 5199 ἡμῶν

2247 5222 2446 5284 πάντες
2492 5219 2580 5275 διὰ
2631 5218 2727 5274 τοῦ
2786 5220 3047 5291 Ἰορδάνου
3095 5221 3333 5291 διῆλθον,
3373 5220 3468 5275 καὶ
3510 5221 3715 5285 πάντες
3755 5223 3841 5286 εἰς

2244 5313 2333 5366 τὸν
2376 5314 2582 5386 Ἰησοῦν
2608 5313 2973 5369 ἐϐαπτίσαντο
2995 5315 3053 5367 tv
3079 5312 3158 5382 τῷ
3190 5312 3485 5384 πνεύματι,
3517 5313 3613 5368 καί⁵
3633 5312 3714 5383 τῷ
3739 5330 3843 5368 m-

2243 5404 2420 5475 ταμῴ.
2477 5405 2658 5470 Τύπος
2702 5405 2760 5459 δὲ
2802 5408 2831 5459 6
2868 5405 3245 5476 διαδεξάμενος
3275 5402 3345 5478 ἦν
3385 5406 3591 5478 Μωσῆν
3622 5406 3840 5478 Ἰησοῦς

2244 5495 2335 5549 τοῦ
2368 5497 2746 5569 διαδεξαμένου
2785 5497 2884 5569 τὴν
2927 5497 3016 5551 διὰ
3055 5497 3149 5551 τοῦ
3189 5498 3357 5570 νόμου
3402 5497 3715 5571 οἰκονομίαν
3755 5499 3841 5571 τῷ

633 5577 679 5609 ¹⁶
710 5576 1148 5656 Matth_:_tx.
1212 5578 1253 5609 ’⁷
1288 5578 1538 5656 ibid.__l_5.
1620 5583 1663 5656 ξ’*
1694 5583 1860 5656 Marc.
1900 5600 1939 5650 ι,
1967 5585 2023 5646 4;
2060 5584 2139 5639 Ln

2248 5603 2334 5652 ιιι,
2390 5589 2442 5643 5.
2521 5590 2564 5621 ⁸⁸
2614 5589 2803 5645 Matth.
2856 5605 2938 5652 ιιι,
2992 5589 3074 5642 ll.
3152 5590 3198 5621 ὀ
3233 5589 3379 5645 Psal.
3435 5606 3554 5656 cm,
3615 5588 3705 5646 15.
3786 5592 3835 5625 ’⁸

557 5644 716 5701 Joan.
757 5663 831 5709 v1,
868 5646 957 5701 56.
1036 5648 1082 5679 ²¹
1114 5647 1243 5702 an.
1289 5666 1389 5709 xu,
1430 5651 1519 5705 50.

563 5732 679 5778 xiv.
725 5716 815 5771 22.
892 5717 1070 5775 "Jos.
1108 5737 1190 5787 ιιι,
1240 5721 1323 5785 15,
1372 5722 1452 5777 i6.

1598 5653 1643 5684 "
1679 5656 1692 5707 I
1729 5654 1884 5709 Joau.
1919 5672 1970 5713 ν.
2012 5656 2066 5710 8.

2144 5656 2190 5686 ’⁵
2219 5656 2377 5713 Joan.
2415 5675 2470 5725 κ,
2505 5658 2562 5725 9,
2588 5669 2643 5714 et
2681 5675 2797 5724 xtv,
2847 5663 2899 5715 6.

1530 5724 1575 5753 ’⁸
1614 5723 1743 5794 Cap.
1777 5742 1829 5791 λ,
1870 5742 2009 5780 vers.
2051 5726 2073 5778 1
2119 5743 2236 5796 seq.

2978 5661 3025 5693 “
3074 5657 3233 5715 Joan.
3288 5674 3328 5726 ι,
3379 5660 3475 5717 25.
3548 5661 3596 5694 ²⁶
3645 5660 3835 5720 Exod.

633 5840 1144 5918 (91)Βαπτίσματι
1179 5843 1244 5897 δὲ
1273 5843 1409 5916 ἔχω.
1444 5845 1522 5903 Ita
1555 5846 1876 5905 Bodleianus
1902 5850 2103 5916 codex;
2141 5859 2142 5862 ‘

2242 5850 2338 5920 gius
2376 5866 2468 5919 pro
2500 5850 2833 5923 βαπτίσματι
2864 5851 3021 5906 habet
3056 5849 3356 5921 βάπτισμα.
