4194 6426
488 340 594 394 277

1584 341 1941 398 COMMENT.
1981 343 2047 398 IN
2081 343 2270 398 JOAN.
2310 340 2550 398 TOMUS
2583 340 2673 396 Vl.

3625 336 3729 392 278

484 464 822 536 εὐαγγελικῷ
855 465 1166 536 κηρύγματι
1210 464 1380 535 Ἰησοῦ
1420 464 1513 519 τοῦ
1546 466 1781 536 Χριστοῦ
1805 483 1816 496 ·
1852 467 2059 536 διόπερ,
2092 474 2137 528 Α

2092 474 2137 528 Α
2167 466 2218 519 in
2252 467 2445 536 spiritu
2478 474 2532 518 et
2559 463 2612 519 in
2645 462 2828 517 ﬂuvio.
2861 461 2929 516 At
2958 460 3114 516 Jesus
3149 459 3315 530 Moysi
3342 459 3634 514 succedens
3663 461 3726 515 Il-

483 557 537 611 εῑ
565 556 660 609 καὶ
688 556 888 618 πάντες
915 557 1107 608 ἐκεῖνοι
1154 557 1233 619 είς
1271 556 1474 626 Μωσῆν
1513 556 1862 627 βαπτίζονται
1913 559 1969 609 ἐν
1994 560 2058 628 τῇ

485 646 683 718 νεφέλῃ
725 645 817 698 καὶ
864 647 922 698 ἐν
962 649 1029 716 τῇ
1064 645 1326 720 θαλάσσῃ,
1364 647 1556 720 πικρὸν
1591 648 1688 718 μέν
1730 665 1782 700 τι
1833 648 2060 719 ἔχεικαὶ

484 739 728 811 ἁλμυρὸν
770 739 829 791 τὸ
867 739 1089 792 ἐκείνων
1119 737 1418 808 βάπτισμα,
1442 737 1520 791 ἐτι
1555 737 1899 809 φοϐουμένων
1935 740 2062 804 τοὺς

483 831 712 902 ἐχθροὺς
741 831 870 900 παρ’
899 828 1098 894 αὐτῶν,
1137 832 1230 882 καὶ
1259 828 1610 894 ἀναϐοώντων
1653 831 1789 900 πρὸς
1818 831 1904 884 τὸν
1944 830 2058 883 Κύ-

484 937 602 995 ριον
632 922 725 974 καὶ
751 921 830 991 τῷ
878 923 1048 992 Μωσῇ
1089 920 1377 988 λεγόντων·
1403 940 1421 971 ι
1452 921 1609 992 Παρά
1637 921 1696 974 τὸ
1710 922 1784 992 μὴ
1798 923 2060 992 ὑπάρχειν

487 1015 746 1085 μνήματα
777 1015 834 1066 ἐν
866 1011 1143 1082 Αἰγύπτῳ,
1179 1011 1442 1082 ἐξήγαγες
1469 1014 1615 1082 ἡμᾶς
1657 1012 1960 1067 θανατῶσαι
2003 1016 2059 1066 ἐν

483 1107 555 1177 τῇ
582 1105 804 1177 ἐρήμῳο
835 1103 888 1157 τί
920 1103 1076 1157 τοῦτο
1108 1104 1366 1174 ἐποίησας
1393 1103 1542 1173 ἡμῖν,
1573 1103 1850 1173 ἐξαγαγὼν
1881 1105 1938 1171 ἐξ
1965 1107 2052 1158 Al-

483 1199 726 1266 γύπτου;
763 1217 781 1248 ι
810 1197 883 1250 Τὸ
907 1197 962 1249 δὲ
990 1197 1071 1260 είς
1111 1197 1316 1268 Ἰησοῦν
1342 1196 1639 1267 βάπτισμα,
1669 1200 1725 1250 ἐν
1751 1197 1828 1268 τῷ
1849 1197 2060 1268 άληθῶς

483 1290 676 1359 γλυκεῖ
711 1291 802 1342 καὶ
846 1290 1060 1361 ποτίμῳ
1107 1289 1357 1360 ποταμῷ,
1397 1289 1566 1343 πολλὰ
1589 1289 1701 1360 ἔχει
1729 1291 1858 1362 παρ’
1885 1291 2060 1345 ἐκεῖνο

485 1381 768 1453 ἐξαίρετα,
823 1381 926 1452 ἢδη
976 1382 1347 1454 τρανουμένης
1404 1383 1496 1435 καὶ
1551 1383 1861 1453 πρέπουσαν
1909 1383 2059 1449 τάξιν

485 1473 864 1546 λαμϐανούσης
892 1475 994 1544 τῆς
1026 1474 1332 1538 θεοσεϐείας
1352 1492 1364 1505 ·
1408 1474 1635 1538 κιϐωτὸς
1663 1474 1772 1546 γάρ
1805 1474 1904 1544 τῆς
1933 1477 2059 1528 Δια-

485 1567 662 1638 θήκης
688 1566 895 1636 Κυρίου
919 1564 1015 1618 τοῦ
1047 1563 1182 1617 Θεοῦ
1211 1562 1366 1633 ἡμῶν
1395 1565 1487 1616 καὶ
1517 1564 1683 1634 ἱερεῖς
1716 1563 1812 1617 καὶ
1837 1565 2060 1617 Λευῖται

485 1655 845 1728 πορεύονται,
890 1655 982 1708 τοῦ
1038 1653 1167 1708 λαοῦ
1215 1653 1478 1722 ἑπομένου
1535 1657 1647 1718 τοῖς
1701 1655 2058 1727 θεραπευταῖς

481 1750 577 1804 τοῦ
603 1749 757 1817 Θεοῦ,
785 1749 1036 1804 κάκείνου
1066 1749 1120 1801 δέ
1152 1750 1263 1810 τοῖς
1296 1745 1534 1818 χωροῦσι
1558 1747 1656 1818 τὴν
1689 1749 1816 1820 περὶ
1839 1747 2058 1816 ἁγνείας

2162 574 2294 629 gnra
2330 556 2426 610 fuit
2458 555 2584 611 Jesu
2616 555 2852 619 Christi,
2882 555 2974 625 qui
3009 553 3320 622 evangelica
3350 551 3730 622 praadicatioue

2163 650 2236 703 illi
2283 649 2642 711 meonomiaa,
2683 663 2803 716 qua:
2846 662 2946 716 per
2993 647 3162 716 legem
3215 653 3376 708 erat,
3432 644 3724 710 successit;

2161 755 2320 808 quam
2338 740 2407 794 ob
2428 753 2670 804 causam,
2698 739 2912 794 etiamsi
2939 752 3128 792 omnes
3157 737 3208 791 in
3240 735 3420 807 Moyse
3448 735 3728 804 baptizan-

2165 844 2251 887 tur
2291 833 2343 886 in
2375 830 2516 885 nube
2558 841 2614 886 et
2640 832 2692 886 in
2726 833 2886 897 mari,
2919 845 3166 886 amarum
3210 839 3450 896 attamen
3483 827 3726 882 nonnihil

2161 935 2216 978 et
2247 925 2440 980 falsum
2472 926 2635 980 habet
2666 924 2879 978 illorum
2907 922 3195 992 baptisma,
3219 922 3397 976 adhuc
3423 920 3724 975 timentium

2163 1020 2416 1074 inimicos
2450 1018 2518 1074 ab
2546 1019 2701 1087 ipsis,
2736 1027 2793 1072 et
2821 1017 3168 1072 clamantium
3204 1017 3269 1069 ad
3316 1013 3599 1068 Dominum
3644 1013 3726 1067 di-

2161 1114 2515 1181 centiumque
2546 1110 2714 1180 Moysi
2743 1110 2787 1141 ²⁹
2813 1126 2826 1162 :
2865 1126 2883 1158 ι
2910 1108 3196 1176 Propterea
3227 1107 3369 1177 quod
3408 1119 3512 1160 non
3541 1116 3727 1160 essent

2161 1214 2506 1257 monumenta
2535 1204 2585 1256 in
2619 1201 2876 1272 Egypto,
2905 1199 3136 1254 eduxisti
3161 1214 3276 1263 nos,
3305 1207 3364 1252 ut
3390 1195 3726 1252 interﬁceres

2161 1297 2214 1349 in
2245 1309 2464 1350 eremo:
2495 1293 2646 1366 [quid
2674 1293 2776 1348 hoc
2797 1292 2979 1346 facere
3006 1290 3239 1353 voluisti,
3270 1298 3329 1342 ut
3350 1289 3606 1343 educeres
3631 1301 3728 1341 nos

2159 1399 2226 1438 ex
2245 1382 2512 1454 [Egyplo‘i
2540 1382 2590 1455 ι]
2622 1383 2692 1438 At
2725 1396 2852 1438 vero
2898 1380 3162 1450 baptisma
3201 1379 3255 1434 in
3302 1377 3452 1444 Jesu,
3479 1377 3534 1431 in
3561 1375 3726 1431 ﬂuvio

2160 1488 2287 1529 vere
2314 1473 2456 1529 dulci
2490 1484 2544 1529 et
2576 1472 2821 1544 potabili,
2851 1471 3019 1526 multa
3050 1471 3246 1525 eximia
3283 1485 3395 1539 prae
3427 1469 3517 1525 illo
3544 1467 3722 1538 bapti-

2160 1573 2334 1620 smate
2364 1566 2562 1631 habet,
2594 1565 2848 1619 nimirum
2879 1566 3003 1634 quia
3023 1566 3136 1636 jam
3166 1563 3400 1618 clareret
3425 1561 3722 1630 acciperet-

2160 1672 2265 1726 que
2289 1656 2568 1711 decentem
2591 1657 2834 1711 ordinem
2863 1657 2953 1710 Dei
2977 1657 3175 1712 cultus.
3195 1655 3332 1726 Area
3360 1655 3502 1710 enim
3529 1653 3722 1708 Testa-

2162 1724 2328 1801 menti
2364 1745 2575 1801 Domini
2622 1745 2716 1801 Dei
2772 1746 2966 1811 nostri,
3001 1755 3055 1801 et
3087 1724 3394 1800 sacertﬁtes
3441 1753 3495 1798 et
3545 1743 3724 1797 ievitae

483 1843 720 1914 ἐντολήν.
745 1813 971 1914 ’Ἰησοῦς
991 1841 1046 1894 δὲ
1077 1841 1224 1910 λέγει
1249 1813 1328 1910 τώ
1351 1813 1463 1910 λαῷ
1487 1813 1654 1910 (9i')'
1687 1859 1706 1892 ι
1744 1813 2058 1910 Ἃγνί-σασθε
2093 1813 2133 1866 Β

2093 1813 2133 1866 Β
2163 1837 2490 1906 praecedunt,
2526 1845 2788 1904 sequente
2827 1836 3039 1906 populo,
3071 1845 3441 1905 sequenteque
3476 1835 3567 1889 illo
3611 1833 3723 1888 cul-

482 1935 563 1997 εἰς
595 1933 692 2005 τὴν
722 1931 1155 2006 αὖριον,ποιήσει
1193 1933 1251 1983 ἐν
1285 1932 1414 2001 ἡμῖν
1430 1932 1632 2002 Κύριος
1679 1931 1982 2001 θαυμάσια·
2031 1950 2048 1981 ι

479 2021 702 2086 καὶτοῖς
729 2019 925 2093 ἱερεῦσι
950 2020 1083 2091 μετά
1106 2019 1204 2090 τῆς
1230 2019 1460 2073 κιϐωτοῦ
1507 2021 1606 2091 τῆς
1655 2020 1924 2092 Διαθήκης
1965 2039 2058 2075 κε-

480 2110 625 2164 λεύει
667 2109 1098 2183 προπορεύεσθαι
1146 2111 1453 2184 ἐμπροσθεν
1495 2111 1590 2166 τοῦ
1636 2112 1787 2176 λαοῦ,
1835 2115 1921 2166 ὅτε
1968 2116 2059 2167 καὶ

479 2201 542 2253 τὸ
575 2203 870 2273 μυστήριον
897 2203 997 2274 τῆς
1032 2201 1126 2255 τοῦ
1163 2202 1375 2274 Πατρὸς
1409 2203 1544 2273 πρὸς
1565 2205 1658 2256 τὸν
1687 2204 1814 2257 Υίὸν
1844 2205 1953 2275 (99)
1979 2207 2056 2258 οί-

479 2293 737 2363 κονομίας
778 2293 1120 2364 ἐμφαίνεται,
1168 2294 1609 2366 ὑπερυψούμενον
1649 2296 1741 2348 ὑπ’
1777 2296 1938 2350 αὐτοῦ
1978 2297 2056 2349 δι-

475 2385 659 2450 δόντος
681 2387 945 2458 χάρισμα,
981 2406 999 2438 ι
1033 2387 1099 2441 ἵν’
1129 2389 1186 2440 ἐν
1211 2387 1289 2458 τῷ
1317 2386 1538 2458 ὀνόματι
1583 2388 1755 2458 Ἰησοῦ
1792 2391 1898 2442 πᾶν
1929 2390 2056 2458 γόνυ

477 2477 672 2551 κάμψῃ
711 2477 1070 2549 ἐπουρανίων,
1099 2479 1194 2532 καὶ⁴
1232 2479 1510 2547 ἐπιγείων,
1548 2480 1642 2532 καὶ
1670 2481 2054 2551 καταχθονίων,

477 2569 573 2622 καὶ
619 2570 770 2623 πᾶσα
803 2569 1024 2639 γλῶσσα
1071 2569 1552 2642 ἐξομολογήσηται,
1587 2572 1668 2624 ὅτι
1712 2571 1916 2643 Κύριος
1951 2574 2054 2644 Ἰηρ

477 2663 606 2727 σοῦς
633 2663 866 2736 Χριστὸς
905 2666 985 2728 είς
1014 2663 1170 2729 δόξαν
1193 2663 1324 2718 Θεοῦ
1354 2664 1584 2736 Πατρός.
1621 2684 1640 2716 ι
1667 2665 1766 2717 Διά
1798 2664 1906 2736 γάρ
1937 2666 2057 2718 τού-

473 2771 584 2810 των
614 2754 869 2827 δηλοῦται
901 2758 959 2812 ἐν
990 2755 1069 2827 τῷ
1111 2755 1314 2824 Ἰησοῦ
1349 2757 1820 2828 ἀναγεγραμμένῳ
1846 2756 2018 2810 ταῦτα
2039 2773 2054 2788 ο

2161 1936 2305 1983 tores
2349 1925 2466 1980 Dei.
2512 1925 2778 1981 Caeterum
2822 1928 2906 1981 his
2941 1929 3030 1997 qui
3067 1927 3374 1998 percipiunt
3409 1925 3719 1980 mandatum

2160 2017 2227 2071 de
2261 2015 2708 2081 sanctiﬁcatione,
2756 2016 2891 2071 dicit
2938 2015 3114 2083 Iesus;
3165 2029 3359 2080 nempe
3409 2015 3607 2084 p0pul'o
3639 2013 3717 2066 ³ος

2165 2126 2183 2158 ι
2230 2106 2658 2162 Sanctiﬁcamini
2706 2107 2760 2161 in
2793 2107 3110 2173 crastinum,
3146 2107 3308 2162 faciet
3345 2108 3399 2161 in
3433 2107 3584 2161 vobis
3611 2105 3719 2159 Do-

2160 2198 2339 2253 minus
2373 2197 2666 2252 mirabilia.
2703 2217 2722 2250 ι
2759 2196 2898 2264 Quin
2928 2199 3298 2253 sacerdotibus
3330 2199 3493 2252 etiam
3532 2198 3722 2267 pracci-

2160 2291 2236 2359 pit
2263 2305 2381 2345 cum
2414 2305 2542 2346 arca
2569 2291 2902 2346 Testamenti
2945 2292 3251 2361 praecedere
3283 2305 3464 2346 coram
3499 2288 3718 2358 pupula,

2159 2381 2372 2450 quando
2398 2382 2563 2436 etiam
2593 2381 2908 2452 mysterium
2941 2380 3246 2436 ostenditur
3271 2380 3588 2434 oeconomia:
3617 2377 3721 2432 Pa-

2161 2475 2258 2530 tris
2295 2475 2362 2528 ad
2407 2473 2602 2528 Filium
2649 2472 3104 2542 superexaltatum
3155 2471 3223 2525 ab
3256 2472 3370 2546 ipso
3396 2511 3412 2540 ,
3444 2472 3536 2545 qui
3571 2469 3721 2529 dedit

2158 2566 2233 2620 illi
2263 2565 2369 2620 hoc
2397 2579 2613 2629 munus,
2651 2581 2670 2615 ι
2702 2573 2761 2618 ιιι
2789 2563 2844 2621 in
2874 2563 3094 2622 nomine
3120 2567 3248 2622 Jesu
3273 2581 3434 2622 omne
3462 2581 3600 2638 genu
3627 2565 3721 2618 Ile-

2159 2667 2359 2725 ctatur,
2392 2657 2716 2724 caelestium,
2767 2661 3108 2716 terrestrium
3159 2669 3215 2714 et
3259 2659 3634 2725 infernorum,
3665 2666 3721 2712 et

2155 2752 2332 2808 omnis
2381 2752 2560 2822 lingua
2595 2753 2920 2808 conﬁteatur
2965 2753 3108 2822 qu'od
3140 2749 3296 2808 Jesus
3331 2752 3581 2806 Christus
3615 2746 3719 2805 Dn.

481 2865 500 2898 ι
529 2847 640 2900 Καὶ
665 2844 787 2901 εἷπε
813 2847 1018 2920 Κύριος
1039 2848 1176 2920 πρὸς
1202 2847 1409 2918 Ἰησοῦν
1428 2866 1440 2878 ·
1478 2849 1566 2901 Ἔν
1591 2852 1654 2920 τῇ
1686 2849 1867 2921 ήμέρᾳ
1887 2849 2056 2921 ταύτῃ

2158 2844 2336 2899 minus
2365 2852 2448 2899 est
2475 2846 2541 2898 ad
2576 2843 2805 2914 gloriam
2833 2843 2926 2898 Dei
2953 2843 3129 2898 Patris
3159 2843 3224 2897 ³¹.
3256 2861 3272 2893 ι
3305 2841 3406 2896 Per
3437 2843 3548 2895 haec
3573 2841 3716 2894 enim

473 2938 708 3011 ἄρξομαι
735 2938 947 3009 ὑψῶσαι
981 2958 1040 2994 σε
1079 2941 1409 2996 κατενώπιον
1440 2941 1546 2996 τῶν
1582 2941 1713 2994 υἱῶν
1743 2941 1987 3013 Ἰσραήλ·
2030 2960 2048 2992 ι

2157 2936 2497 2992 declarantur
2524 2936 2614 2991 illa
2643 2976 2658 3002 ,
2693 2951 2815 3006 quae
2848 2945 2974 2991 sunt
3018 2937 3072 2989 in
3115 2936 3253 2990 libro
3285 2935 3376 3003 qui
3418 2933 3719 3002 inscriptus

475 3029 572 3081 καὶ
601 3029 892 3084 ἀκουστέον
919 3029 1011 3083 τοῦ
1045 3031 1248 3102 Κυρίου
1281 3031 1435 3102 ἡμῶν
1475 3031 1645 3102 Ἰησοῦ
1670 3031 1918 3100 λέγοντος
1942 3033 2055 3096 τοῖς

2155 3037 2241 3081 eat
2269 3024 2398 3080 Iesu
2425 3024 2604 3082 Nave:
2629 3044 2648 3078 ι
2677 3026 2744 3082 Ει
2771 3026 2906 3082 dixit
2929 3025 3189 3082 Dominus
3210 3026 3275 3080 ad
3301 3024 3513 3082 Jesum:
3549 3025 3604 3078 In
3633 3024 3719 3078 die

474 3123 612 3185 υἱοῖς
649 3122 898 3193 Ἰσραήλ·
937 3141 954 3174 ι
993 3124 1302 3195 Προσάγετε
1361 3117 1498 3188 ὦδε,
1544 3125 1638 3178 καὶ
1686 3123 1947 3178 ἀκούσετε
1994 3123 2055 3178 τὸ
2079 3151 2120 3210 c

2079 3151 2120 3210 ο
2155 3121 2259 3175 hac
2292 3120 2543 3189 incipiam
2570 3119 2814 3175 exaltare
2841 3129 2893 3174 te
2924 3133 3107 3173 coram
3142 3119 3264 3173 ﬁliis
3304 3118 3466 3172 Israel
3499 3119 3566 3170 “.
3599 3135 3617 3169 ι
3651 3116 3718 3171 Ει

476 3213 625 3283 ῥῆμα
658 3214 864 3286 Κυρίου
907 3213 1002 3268 τοῦ
1035 3213 1172 3267 Θεοῦ
1215 3215 1372 3286 ἡμῶν
1396 3232 1408 3243 ⁸
1445 3217 1502 3270 ὲν
1552 3215 1725 3285 τούτῳ
1757 3213 2049 3284 γνώσεσθε,
2093 3207 2118 3210 ’⁷

2093 3207 2118 3210 ’⁷
2154 3211 2452 3266 audiendus
2477 3219 2560 3266 est
2589 3210 2847 3267 Dominus
2877 3221 3066 3266 noster
3089 3211 3271 3266 dicens
3295 3209 3419 3264 ﬁliis
3445 3208 3614 3263 Israel
3638 3207 3712 3262 ”:

472 3304 553 3356 ὅτι
586 3303 718 3367 Θεὸς
745 3301 852 3368 ζῶν
886 3307 943 3359 ἐν
977 3306 1105 3377 ὑμῖν
1137 3308 1302 3360 ἐστιν.
1334 3307 1422 3360 Ἐν
1447 3305 1555 3378 γὰρ
1587 3306 1664 3377 τῷ
1692 3307 2050 3377 βαπτίσασθαι

2159 3320 2177 3353 ι
2210 3303 2469 3359 Accedite
2499 3303 2624 3366 huc,
2653 3311 2710 3358 et
2733 3303 2965 3359 audietis
2997 3303 3222 3358 verbum
3253 3301 3464 3356 Domini
3494 3300 3586 3354 Dei
3619 3315 3717 3355 no-

471 3397 554 3459 εις
591 3395 797 3466 Ἰησοῦν
833 3397 1176 3468 γνωσόμεθα,
1215 3399 1298 3451 ὅτι
1339 3398 1472 3461 Θεὸς
1506 3397 1614 3462 ζῶν
1651 3401 1708 3453 ἐν
1741 3400 1874 3469 ἡμῖν
1915 3400 2046 3452 ἐστι.

2151 3395 2292 3449 stri:
2340 3395 2394 3448 in
2436 3395 2540 3449 hoc
2581 3395 2884 3466 agnoscetis
2931 3395 3099 3451 Deum
3146 3394 3421 3450 viventem
3467 3393 3519 3446 in
3564 3393 3718 3449 vobis

471 3488 649 3541 Κάκεῖ
683 3490 781 3558 μὲν
826 3489 888 3542 τὸ
932 3490 1124 3559 Πάσχα
1156 3491 1498 3560 ποιήσαντες,
1533 3493 1591 3544 ἐν
1631 3491 1907 3561 Αἰγύπτῳ,
1953 3493 2052 3563 ἀρ-

2151 3501 2291 3541 esse.
2325 3505 2345 3540 ι
2379 3485 2514 3540 Cum
2551 3486 2694 3539 enim
2731 3487 3073 3554 baptizamur
3101 3487 3154 3541 in
3186 3485 3336 3551 Jesu,
3372 3485 3718 3555 agnoscimus

469 3575 572 3648 χὴν
599 3575 698 3646 τῆς
723 3575 903 3642 ἐξόδου
950 3577 1258 3632 ποιοῦνταν
1309 3579 1456 3650 παρά
1493 3579 1551 3632 δέ
1584 3578 1661 3649 τῷ
1697 3578 1869 3651 Ἰησοῦ
1915 3579 2051 3650 μετά

2151 3576 2318 3633 Deum
2351 3577 2621 3630 viventem
2649 3577 2701 3630 in
2733 3576 2890 3632 nobis
2913 3591 3054 3631 esse.
3084 3577 3151 3631 Et
3174 3576 3282 3631 illic
3304 3576 3541 3645 quidem,
3567 3589 3715 3630 nem-

467 3666 570 3738 τὴν
621 3666 792 3722 δίοδον
845 3665 939 3720 τοῦ
978 3668 1264 3740 Ἰορδάνου,
1320 3672 1385 3742 τῇ
1435 3669 1634 3742 δεκάτῃ
1677 3667 1794 3736 τοῦ,
1815 3670 2048 3741 ,πρώτου

2149 3683 2218 3738 pe
2266 3667 2320 3721 in
2372 3665 2606 3738 Egypto
2631 3706 2645 3730 ,
2682 3666 2946 3722 facientes
2977 3666 3206 3732 Pascha,
3249 3666 3570 3737 principium
3600 3667 3715 3720 exi—

470 3759 642 3830 μηνὸς
665 3761 1264 3833 κατεστρατοπέδευσαν
1294 3763 1350 3814 ἐν
1379 3762 1692 3831 Γαλγάλοις,
1722 3764 1810 3816 ὅτε
1836 3761 2050 3834 πρῶτον

2153 3769 2238 3814 tus
2287 3758 2527 3825 faciunt;
2563 3768 2618 3813 at
2664 3773 2805 3816 vero
2843 3759 2984 3828 apud
3038 3757 3236 3814 Jesum'
3257 3769 3379 3828 post
3430 3759 3714 3813 transitum

469 3847 576 3901 ἔδει
607 3846 842 3902 λαϐόντα
884 3848 944 3902 τὸ
986 3850 1254 3921 πρόϐατον
1291 3850 1398 3920 (95)
1447 3852 1779 3922 ἐπονομάσαι
1810 3853 1936 3915 τοὺς
1957 3852 2047 3904 εύ-

2148 3851 2401 3907 Jordanis
2429 3852 2476 3884 “
2502 3853 2709 3908 decima
2745 3853 2905 3923 primi
2938 3855 3142 3910 mensis
3172 3853 3540 3909 castrametati
3589 3863 3716 3908 sunt

467 3937 919 4010 ωχηθησομένους
961 3941 1096 4011 μετά
1143 3940 1203 3994 τὸ
1249 3941 1423 4013 Ἰησοῦ
1479 3941 1777 4013 βάπτισμα.
1829 3945 1939 3997 Καὶ
1979 3946 2044 4015 τῇ

2149 3945 2203 3998 in
2231 3943 2503 4014 Galgalis:
2559 3943 2719 4016 145‘
2747 3945 2960 4015 quando
2991 3946 3226 4017 primum
3257 3949 3574 4015 oportebat,
3621 3945 3713 4015 qui

463 4031 757 4102 ἀκροτόμῳ
806 4033 982 4105 πέτρᾳ
1037 4033 1145 4104 (94)
1198 4034 1302 4087 ὑπὸ
1347 4034 1519 4105 Ἰησοῦ
1571 4038 1620 4088 οἱ
1668 4036 1773 4089 υἱοὶ
1814 4036 2044 4108 Ἰσραὴλ,

2148 4038 2448 4106 accepisset
2477 4053 2659 4104 ovem,
2692 4054 2998 4096 convocare
3029 4042 3414 4097 convivaturos
3461 4051 3584 4112 post
3625 4042 3713 4097 ba-

463 4124 589 4177 6':t0t
631 4125 762 4177 ποτέ
816 4125 1180 4198 ἀπερίτμητοι
1224 4123 1366 4198 ἦσαν
1409 4127 1517 4180 τῶν
1555 4127 1948 4200 ἐξεληλυθότων
1987 4130 2045 4196 ἐξ

2144 4131 2341 4199 ptisma
2378 4129 2526 4185 Jesu.
2565 4130 2727 4187 Petra
2748 4141 2932 4188 autem
2960 4133 3274 4189 acutissima
3317 4134 3713 4190 circumcidun-

457 4218 758 4286 Αἰγύπτου,
789 4220 1203 4291 περιτέμνονται
1222 4237 1235 4250 ο
1269 4221 1360 4274 τὸν
1401 4219 1457 4272 δέ
1487 4221 1787 4293 ὀνειδισμὸν
1818 4221 1918 4292 τῆς
1949 4223 2044 4274 Αἰ-

2149 4232 2233 4277 ιιιι·
2264 4222 2359 4278 ﬁlii
2407 4222 2572 4279 Israel
2605 4239 2634 4278 a
2667 4223 2796 4280 Jesu
2827 4224 2896 4291 ³⁸,
2930 4225 3184 4279 nimirum
3214 4231 3356 4295 quod
3384 4241 3574 4281 omnes
3617 4227 3714 4282 lilii

461 4309 670 4378 γύπτου
715 4311 931 4382 ἀφελεῖν
973 4311 1176 4385 Κύριος
1219 4313 1471 4384 ὁμολογεῖ
1507 4317 1572 4385 τῇ
1615 4313 1797 4386 ἡμέρᾳ
1834 4313 1927 4367 τοῦ
1967 4317 2044 4379 είς

2144 4327 2332 4368 eorum
2362 4315 2453 4384 qui
2485 4317 2687 4386 egressi
2730 4316 2943 4372 fuerant
2971 4332 3039 4371 ex
3066 4316 3317 4388 Egypto,
3347 4317 3711 4373 incircumcisi

474 4400 684 4472 Ἰησοῦν
710 4401 1102 4474 βαπτίσματος,
1123 4405 1212 4457 ὅτε
1249 4404 1456 4475 Ἰησοῦς
1476 4406 1896 4478 περιεκάθαιρεν
1921 4407 2042 4469 τοὺς

2145 4415 2324 4461 essent
2351 4445 2368 4472 ,
2418 4416 2473 4462 et
2509 4408 2857 4476 opprobrium
2887 4407 3104 4480 Egypti
3143 4410 3343 4464 fatetur
3371 4409 3630 4464 Dominus
3656 4424 3717 4464 se

463 4491 615 4556 υἱοὺς
651 4493 883 4564 Ἰσραήλ.
936 4495 1241 4566 Γέγραπται
1296 4496 1432 4568 γάρ·
1465 4515 1483 4548 ι
1518 4496 1628 4548 Καὶ
1672 4493 1792 4549 εἷπε
1839 4495 2040 4570 Κύριος
2074 4489 2115 4544 D

2074 4489 2115 4544 D
2145 4495 2362 4550 auferre
2408 4496 2464 4551 in
2495 4497 2582 4552 die
2630 4497 2968 4566 baptismatis
3002 4498 3058 4552 in
3090 4495 3218 4553 Jesu
3245 4539 3260 4564 ,
3312 4501 3529 4568 quando
3557 4497 3713 4554 Jesus

459 4584 543 4655 τῷ
570 4585 743 4656 Ἰησοῦ
770 4586 870 4657 υἱῷ
897 4587 1074 4658 Ναυῆ·
1118 4587 1205 4640 Ἐν
1239 4590 1305 4660 τῇ
1347 4589 1582 4659 σήμερον
1614 4588 1795 4659 ἡμέρᾳ
1824 4587 2039 4658 ἀφεῖλον

2147 4586 2505 4657 undequaque
2553 4588 2866 4657 puriﬁcavit
2914 4589 3054 4644 ﬁlios
3097 4587 3281 4644 Israel.
3319 4591 3593 4661 Scriptum
3627 4601 3713 4645 est

458 4675 552 4728 τὸν
583 4677 882 4749 ὀνειδισμὸν
923 4679 1198 4747 Αἰγύπτου
1223 4681 1315 4749 ἀφ’
1347 4679 1518 4750 ὑμῶν.
1561 4698 1578 4730 ι
1613 4679 1746 4731 Τότε
1780 4679 2040 4748 ἐποίησαν

2138 4677 2282 4730 enim
2310 4677 2386 4733 3‘:
2425 4697 2443 4730 ι
2474 4678 2541 4732 Et
2569 4680 2709 4734 dixit
2734 4682 2995 4736 Dominus
3028 4682 3092 4736 ad
3121 4679 3305 4736 Jesum
3335 4681 3500 4737 ﬁlium
3529 4680 3707 4737 Nave:

460 4768 514 4822 οἱ
565 4771 672 4823 υίοὶ
723 4771 939 4841 Ἰσραὴλ
1003 4771 1065 4824 τὸ
1113 4773 1304 4841 Πάσχα
1351 4774 1418 4842 τῇ
1477 4770 2042 4843 τεσσαρεσκαιδεκάτῃ

2137 4769 2192 4824 In
2231 4771 2316 4826 die
2343 4771 2443 4826 hac
2478 4773 2685 4828 devolvi
2709 4787 2738 4827 a
2762 4775 2912 4828 vobis
2940 4773 3198 4843 probrum
3221 4773 3456 4842 Egypti.
3497 4793 3517 4826 ι
3558 4774 3712 4829 Tune

458 4861 642 4933 ἡμέρᾳ
663 4861 759 4916 τοῦ
791 4862 960 4933 μηνὸς
995 4862 1172 4934 πολλῴ
1197 4864 1290 4917 τοῦ
1318 4866 1375 4918 ἐν
1405 4862 1665 4935 Αἰγύπτῳ
1696 4863 2039 4935 ἱλαρώτερον,

2138 4862 2383 4919 fecerunt
2407 4864 2505 4919 ﬁlii
2545 4865 2711 4921 Israel
2745 4867 2946 4936 pascha
2986 4866 3396 4935 quartadecima
3430 4867 3515 4920 die
3554 4881 3707 4921 men-

455 4954 547 5007 ὄτε
583 4955 679 5008 καὶ
709 4955 910 5024 ἔφαγον
943 4957 1050 5009 ἀπὸ
1078 4957 1168 5010 τοῦ
1206 4957 1354 5010 σίτου
1387 4957 1486 5024 τῆς
1509 4957 1668 5026 ἀγίας
1700 4958 1804 5028 γῆς
1834 4957 2037 5030 ἄζυμα,

2140 4958 2215 5013 sis
2244 4959 2309 5021 ³⁷,
2337 4959 2496 5030 longe
2519 4975 2682 5029 quam
2707 4961 2759 5014 in
2785 4960 3020 5033 [Egypto
3044 4962 3290 5026 hilarius,
3309 4962 3526 5030 quando
3545 4961 3711 5016 etiam

525 5074 571 5105 "
597 5073 770 5151 Ιξξοει.
821 5075 1077 5151 xw,le
1122 5075 1424 5151 ’°_._Io_s._t_u,
1451 5079 1522 5151 _5,
1553 5077 1614 5151 θ,
1655 5079 1726 5151 ,ἕξ
1751 5079 1998 5151 Philipp.
2022 5095 2083 5147 tt,
2109 5081 2164 5148 9,

2049 5081 2164 5148 t,9,
2199 5083 2284 5134 Il.
2361 5082 2406 5113 ³²
2449 5081 2562 5137 Jos.
2605 5099 2687 5148 ιιι,
2727 5084 2780 5137 7.
2857 5083 2900 5116 ³³
2933 5085 3065 5139 ibid.
3116 5084 3168 5151 9,
3211 5083 3297 5138 ID.
3376 5083 3423 5115 ³⁵
3471 5081 3582 5138 les.
3632 5099 3705 5150 tv,

458 5144 542 5199 I9.
621 5142 668 5174 ³⁵
701 5141 818 5197 los.
854 5159 906 5209 ν,
947 5143 1004 5209 2,
1047 5143 1101 5200 8.
1176 5147 1222 5178 ³⁸
1261 5141 1515 5204 ἱὺὶιίέ9ζ
1571 5148 1614 5180 ³⁷
1653 5148 1786 5204 ibid.
1845 5141 2030 5205 10:12.

529 5258 660 5340 (9I_‘)
693 5259 1104 5340 Paraphrastice
1131 5265 1401 5340 interpres
1438 5269 1604 5324 vertit
1636 5269 1785 5340 hunc
1829 5269 2030 5336 locum,

607 5273 660 5342 ι’)
693 5273 1104 5345 raraphrastice
1131 5273 1401 5345 interpres
1438 5273 1604 5324 vertit
1636 5273 1800 5345 hunc
1829 5273 2030 5336 locum,
2139 5290 2263 5345 τον,

1636 5273 1800 5345 ιιιιιιοΔ
1829 5273 2030 5336 locum,
2139 5282 2403 5345 tor,_etc.
2437 5273 2647 5345 Pascha
2669 5275 2936 5345 intelligit,
2969 5275 3082 5330 Jos.
3106 5291 3157 5343 v,
3191 5275 3275 5330 I0.

454 5331 548 5410 qui
576 5331 654 5410 sic
685 5331 752 5386 ad
781 5331 1014 5388 litteram
1052 5336 1202 5410 reddi
1241 5331 1421 5410 potest
1449 5356 1462 5390 :
1598 5348 1648 5393 et
1676 5339 1875 5394 Levila:
1898 5331 2038 5410 pne;

2209 5343 2321 5413 (94)
2346 5343 2462 5414 Kal,
2484 5342 2560 5412 τῇ
2584 5342 2891 5414 ἀκροτόμζο
2923 5342 3149 5413 πέτρᾳ,
3177 5346 3244 5400 Et
3294 5345 3407 5402 Jos.
3438 5362 3491 5407 v.
3546 5346 3601 5411 2,
3648 5355 3706 5403 et

455 5399 680 5487 f'e'dunt,
729 5414 970 5487 sequente
999 5407 1205 5487 Populo
1243 5399 1469 5487 cultores
1513 5409 1611 5487 _De:'
1631 5449 1646 5472 ,
1693 5399 2036 5487 segyenieque
2135 5399 2314 5487 min:
2337 5429 2410 5479 IV,
2441 5399 2914 5487 25,.fhal3etur'ﬁir,
2941 5399 3186 5487 (ιιιιὶιῇοι
3206 5399 3260 5468 et
3281 5399 3490 5487 pana";
3504 5399 3564 5470 et
3587 5399 3706 5486 'gld;

455 5469 664 5552 iliacos
694 5474 785 5540 qui
796 5469 1106 5552 percipiunt
1150 5481 1461 5552 mandatum
1493 5480 1556 5534 de
1589 5469 2034 5550 sanctiﬁcatione;
2133 5483 2278 5535 dium
2302 5469 2480 5538 son'at.
2522 5469 2693 5550 Quem
2721 5469 2913 5538 autem
2948 5469 3292 5540 intellectum.
3324 5469 3426 5539 hic
3477 5469 3706 5551 habeat,

456 5538 986 5621 magnetem—Iesus
1007 5547 1199 5621 populo
1235 5547 1414 5621 _Ent_1'._
1764 5538 1775 5550 ’
2131 5553 2476 5619 grammatici
2514 5538 2747 5608 cErtant.
2777 5538 2973 5608 Varius
3007 5538 3223 5621 quidem
3252 5565 3336 5608 est
3391 5538 3704 5609 ltodie'cir:

525 5610 639 5689 (92)
687 5613 844 5667 Υιόν.
890 5614 968 5668 Ita
1007 5610 1182 5672 codex
1235 5618 1592 5685 Bodleianus;
1649 5621 1845 5692 Regius
1867 5663 1881 5687 ,
1924 5622 2032 5694 Ἰη-
2131 5610 2478 5694 ἔιιιιιοίεἰοιιίε
2513 5626 2647 5678 ritus
2680 5625 2820 5694 apud
2846 5610 3082 5694 Judaaols,
3107 5624 3200 5694 sed
3233 5623 3378 5678 ferro
3409 5625 3520 5678 fere
3543 5635 3708 5678 utun-

459 5693 637 5768 303X;‘
703 5753 772 5768 ’,Α
1005 5754 1026 5764 η
1205 5757 1263 5768 η
1391 5762 1408 5768 Δ
1466 5762 1522 5768 ,ι
1738 5764 1748 5768 _
2136 5692 2580 5768 IUI'-_At_s_ilicem
2614 5692 2796 5749 tamen
2821 5695 2948 5749 olim
2977 5692 3291 5750 adhibuisse
3341 5707 3540 5763 negare
3591 5713 3719 5750 non.

527 5750 641 5815 (95)
703 5753 840 5808 Ὅτε
908 5754 1145 5822 πρῶτον
1197 5757 1315 5811 ἔδει
1373 5762 1634 5815 λαϐόντα
1693 5764 1754 5815 τὸ
1816 5765 2032 5833 πρόϐα-
2131 5777 2183 5817 at

951 5754 1145 5822 ρῶτον
1197 5757 1315 5811 ἔδει
1373 5762 1634 5815 λαϐόντα
1693 5764 1754 5815 τὸ
1816 5765 2032 5833 πρόϐα-
2131 5764 2320 5817 ausim.
2352 5761 2607 5819 HUE'I'IUS.
