4194 6412
480 276 586 331 279
1967 275 2136 334 ORIG.

2088 276 2289 334 GENIS
3642 296 3744 345 280

477 393 834 452 comederunt
862 411 894 453 e
921 396 1190 454 frumento
1215 406 1376 454 terra!
1403 407 1606 454 sanctae
1634 411 1850 469 azyma,
1882 407 1934 453 et
1966 415 2064 453 no-
2094 416 2133 473 Α

2094 416 2139 474 Α
2165 397 2259 450 καὶ
2293 398 2389 470 νέα
2424 402 2594 472 τροφῇ
2627 399 2721 453 τοῦ
2756 399 2932 471 μάννα
2969 399 3268 473 κρείττονα.
3298 404 3375 457 Οὐ
3407 403 3516 477 γὰρ
3542 404 3634 459 ὅτε
3650 406 3749 479 τὴν

482 505 608 547 vum
655 491 835 547 cibum
904 493 1186 548 meliorem
1240 507 1460 547 manna.
1513 490 1700 560 Neque
1750 492 1897 546 enim
1939 507 2060 544 cum

2164 490 2282 545 κατ’
2314 491 2646 561 ἐπαγγελίαν
2675 491 2778 564 γῆν
2810 492 3164 564 άπειλήφασι,
3193 497 3307 559 τοῖς
3335 495 3614 551 ἐλάττοσιν
3650 498 3748 551 αὐ-

482 593 687 639 terram
739 584 1124 656 promissionis
1173 584 1532 652 acceperint,
1582 582 1869 637 vilioribus
1913 583 2063 637 cibat

2161 582 2290 646 τοὺς
2336 584 2491 656 ἑστιᾷ
2541 583 2706 648 Θεός·
2753 572 2875 637 οὐδὲ
2926 583 3015 638 διὰ
3053 583 3149 638 τοῦ
3196 568 3518 656 τηλικούτου
3573 587 3750 660 Ἰησοῦ

479 692 577 731 eos
609 674 782 743 Deus;
821 691 995 745 neque
1027 675 1165 732 duce
1212 674 1305 731 tali
1339 673 1466 731 Jesu
1501 674 1817 731 inferiorem
1866 689 2061 746 panem

2164 675 2553 751 ὑποδεεστέρου
2596 677 2763 750 ἄρτου
2810 678 3159 751 τυγχάνουσι.
3195 682 3269 735 Τό
3310 684 3359 735 τ’
3394 683 3549 737 ἔσται
3580 682 3752 753 σαφὲς

482 779 873 839 assequuntur.
927 768 1037 823 Hoc
1080 770 1244 824 etiam
1282 770 1629 839 perspicuum
1670 767 1778 824 erit
1809 768 2063 824 conside-

2162 766 2241 840 τῷ
2271 768 2369 841 τὴν
2393 769 2566 842 ἀληθῆ
2595 771 2757 842 άγίαν
2800 773 3051 843 νοήσαντι
3084 772 3210 844 γῆν,
3240 774 3335 828 καὶ
3372 774 3473 847 τὴν
3505 775 3620 831 άνω
3652 776 3753 828 Ἰε-

483 859 623 912 ranti
652 873 833 915 veram
857 869 1210 931 sanctamque
1236 868 1459 928 terram,
1487 861 1742 916 nimirum
1768 875 2061 933 supernam

2163 876 2260 932 ρου
2268 861 2464 933 σαλήμ.
2491 862 2589 916 Διά
2603 861 2760 916 τοῦτο
2773 864 2867 916 καὶ
2884 864 2942 917 ὲν
2954 862 3033 935 τῷ
3051 863 3199 936 αὑτῷ
3218 865 3536 937 Εὑαγγελίῳ
3553 867 3751 921 κεῖται·

481 949 805 1008 Jerusalem.
842 952 994 1008 llanc
1021 954 1091 1006 oh
1118 968 1336 1009 causam
1374 954 1426 1008 in
1451 953 1544 1009 illo
1577 953 1742 1007 ctiam
1772 953 2063 1024 Evangelia

2168 970 2187 1003 ι
2227 953 2291 1004 Ol
2322 954 2555 1025 πατέρες
2584 951 2788 1027 [ὑμῶν]
2821 957 2878 1009 έν
2907 958 2973 1028 τῇ
3002 957 3194 1029 ἐρήμῳ
3227 956 3429 1027 ἔφαγον
3455 958 3520 1012 τὸ
3553 958 3754 1030 μάννα,

481 1045 613 1099 ilhnl
637 1044 855 1116 ponitur
878 1045 921 1077 ³⁸
946 1065 959 1100 :
1028 1065 1045 1098 ι
1068 1044 1259 1101 Patres
1289 1046 1457 1103 vestri
1497 1047 1550 1100 in
1586 1047 1801 1100 deserto
1829 1048 2059 1101 mandu-

2162 1046 2257 1099 καὶ
2286 1045 2586 1101 ἀπέθανον·
2621 1050 2649 1101 6
2685 1047 2876 1117 φαγὼν
2916 1048 3105 1104 τοῦτον
3140 1050 3233 1104 τὸν
3263 1052 3445 1122 ἄρτον,
3482 1050 3642 1122 ζήσει
3674 1052 3756 1117 είς

481 1144 744 1191 caverunt
790 1151 1011 1199 manna,
1047 1147 1103 1192 et
1150 1137 1349 1191 mortui
1402 1145 1552 1192 sunt.
1595 1135 1697 1204 Qui
1737 1138 1880 1193 hunc
1928 1150 2061 1190 vero

2160 1139 2250 1190 τὸν
2272 1139 2464 1195 αἰῶνα.
2496 1159 2515 1193 ι
2546 1138 2619 1193 Τὸ
2652 1139 2750 1210 μὲν
2782 1140 2889 1213 γὰρ
2925 1142 3123 1212 μάννα,
3153 1143 3202 1195 εί
3224 1142 3318 1196 καὶ
3345 1142 3451 1196 ἀπὸ
3485 1137 3583 1196 τοῦ
3615 1141 3754 1196 Θεοῦ

482 1241 674 1292 panem
708 1226 1144 1294 manducaverit,
1179 1226 1223 1281 is
1252 1228 1497 1283 victurus
1525 1237 1610 1283 est
1640 1227 1693 1283 in
1722 1235 2009 1281 aeternum.
2034 1245 2054 1278 ι

2160 1229 2457 1302 διδόμενος,
2488 1230 2652 1303 ἄρτος
2672 1227 2741 1304 ἦν
2776 1232 3078 1305 προκοπῆς,
3117 1232 3282 1306 ἄρτος
3305 1236 3418 1297 τοῖς
3442 1233 3528 1287 ἔτι
3555 1233 3758 1289 παιδα-

481 1315 677 1371 Manna
716 1318 918 1373 etenim
966 1317 1119 1379 illud,
1163 1318 1379 1374 etiamsi
1410 1326 1531 1374 erat
1563 1317 1719 1389 panis
1745 1333 1774 1372 a
1826 1315 1937 1373 Deo
1964 1316 2061 1372 da-

2161 1321 2530 1393 γωγουμένοις
2559 1321 2979 1396 χορηγούμενος,
3009 1322 3171 1396 ἄρτος
3207 1327 3318 1389 τοῖς
3352 1323 3458 1379 ύπδ
3495 1324 3608 1395 (95)
3641 1325 3761 1380 ἑπι-

484 1421 592 1474 lus,
625 1422 747 1465 erat
784 1421 961 1465 tamen
1007 1411 1162 1481 punis
1192 1410 1468 1482 profectus
1500 1419 1555 1466 et
1600 1410 1876 1481 augmenti
1906 1449 1921 1475 ,
1973 1410 2059 1468 his

2159 1414 2395 1485 τρόπους
2423 1414 2519 1469 καὶ
2558 1414 2876 1487 οἰκονόμους
2900 1415 3324 1488 άρμονιώτατος.
3363 1417 3421 1472 '0
3463 1418 3561 1472 καὶ
3593 1419 3655 1471 ὲν
3686 1419 3756 1491 τῇ

481 1503 850 1568 suppeditatus
889 1505 978 1571 qui
1024 1504 1321 1557 etiamnum
1360 1503 1668 1573 indigerent
1707 1502 2057 1575 pmdagogis,

2161 1505 2292 1577 ἁγίᾳ
2317 1507 2386 1578 γῇ
2425 1505 2546 1571 νέος
2584 1506 2695 1561 ἀπὸ
2728 1505 2821 1560 τοῦ
2869 1507 3016 1561 σίτου
3053 1508 3153 1580 τῆς
3183 1506 3308 1578 γῆς,
3346 1507 3523 1582 Ἰησοῦ
3553 1509 3757 1582 προξε-

480 1603 709 1663 eratque
736 1596 892 1665 panis
922 1596 1476 1652 eonvenientissimus
1505 1597 1589 1652 his
1617 1597 1708 1667 qui
1736 1597 1838 1653 sub
1869 1597 2061 1652 tutori-

2161 1597 2398 1662 νοῦντος,
2428 1597 2795 1670 θεριζόμενος,
2827 1597 3001 1654 ἄλλων
3044 1599 3143 1670 μὲν
3173 1599 3587 1655 κεκοπιακότων
3615 1600 3756 1673 (96),

482 1683 584 1739 bus
609 1696 664 1740 et
707 1687 1051 1743 curatoribus
1080 1698 1240 1743 erant
1263 1688 1331 1744 ³⁸.
1375 1688 1447 1744 At
1493 1703 1625 1744 vero
1659 1689 1815 1759 panis
1865 1704 2061 1747 recens

2159 1687 2269 1741 τῶν
2300 1686 2358 1741 δὲ
2392 1687 2648 1761 μαθητῶν
2683 1687 2849 1744 αὐτοῦ
2881 1687 3224 1759 θεριζόντων,
3249 1690 3411 1761 ἄρτος
3437 1685 3508 1762 ἦν
3539 1689 3758 1744 ἐκείνου

480 1779 785 1842 tletnessus,
839 1782 1139 1837 mediatore
1184 1779 1337 1850 Jesu,
1377 1782 1432 1837 in
1484 1790 1630 1839 terra
1661 1793 1853 1838 sancta
1880 1796 1913 1839 e
1942 1781 2060 1838 fru-
2093 1764 2136 1827 Β

2103 1764 2140 1826 Β
2166 1779 2557 1854 ζωτικιῖντερος,
2589 1783 2702 1847 τοῖς
2732 1781 2829 1854 τὴν
2861 1782 3121 1855 πατρῴαν
3151 1782 3516 1855 κληρονομίαν
3545 1783 3636 1837 διὰ
3656 1786 3759 1855 τὴν

478 1877 663 1923 mento
692 1878 872 1936 terrae,
906 1886 968 1927 ea
994 1887 1116 1940 qua:
1148 1873 1238 1927 alii
1291 1873 1683 1928 laboraverunt
1734 1872 2063 1929 metentibus

2162 1873 2475 1946 τελειότητα
2515 1874 2808 1930 ἀπολαϐεῖν
2843 1874 2955 1948 (97)
2997 1875 3314 1948 δυναμένοις
3345 1876 3757 1949 ἀποδιδόμενος.

474 1958 645 2027 ipsius
681 1961 961 2030 discipulis
986 1962 1062 2029 δ’,
1122 1964 1214 2019 illo
1262 1978 1404 2034 pane
1453 1965 1615 2036 longe
1657 1964 1876 2019 vitalior
1901 1975 2058 2021 erat:

2163 1967 2361 2038 Διόπερ
2387 1967 2415 2020 6
2446 1966 2545 2038 μὲν
2572 1965 2763 2038 ἐκείνῳ
2794 1966 2873 2021 ἔτι
2905 1966 3290 2039 παιδευόμενος
3323 1968 3432 2039 (98)
3467 1968 3549 2040 τῷ
3579 1967 3757 2041 ἄρτῳ,

478 2053 567 2119 qui
597 2052 942 2109 distribuitur
973 2056 1041 2110 iis
1069 2056 1164 2125 qui
1220 2057 1465 2127 recipere
1510 2066 1745 2127 possunt
1775 2065 2061 2127 paternam

2161 2057 2239 2128 τῷ
2271 2057 2413 2129 λόγῳ
2449 2057 2674 2112 θάνατον
2704 2057 2957 2124 δέξασθαι
2984 2056 3237 2113 δύναται·
3274 2057 3304 2111 6
3330 2058 3387 2112 δὲ
3416 2057 3638 2129 φθάσας
3660 2056 3761 2112 ἐπὶ

479 2137 856 2199 hereditatem
892 2155 1112 2215 propter
1146 2146 1560 2216 perfectionem.
1611 2146 1879 2215 Quocirca
1905 2186 1920 2210 ,
1966 2147 2058 2218 qui

2160 2148 2254 2202 τὸν
2287 2150 2403 2220 μετ’
2431 2150 2638 2203 ἐκεῖνον
2666 2148 2850 2220 ἄρτον,
2881 2146 3069 2218 φαγὼν
3092 2149 3274 2215 αὐτὸν,
3300 2148 3532 2222 ζήσεται
3562 2152 3645 2215 εις
3664 2148 3760 2205 τὸν

474 2236 773 2292 etiamnum
809 2237 900 2293 illo
930 2253 1071 2308 pane
1096 2240 1345 2296 eruditur
1384 2250 1443 2297 et
1490 2240 1794 2296 instituitur
1823 2240 2061 2295 rationa-

2165 2240 2357 2294 αἰῶνα.
2385 2238 2573 2295 Ταῦτα
2617 2238 2673 2293 δὲ
2718 2240 2892 2297 πάντα
2935 2239 3036 2293 οὐκ
3075 2240 3321 2314 ἀκαίρως
3370 2236 3533 2313 οἶμαι
3572 2258 3758 2314 παρα-

477 2328 663 2384 biliter
703 2342 931 2386 mortem
967 2333 1246 2404 suscipere
1275 2343 1488 2404 potest;
1517 2345 1577 2390 at
1602 2350 1732 2391 vero
1761 2335 1853 2405 qui
1884 2333 2055 2406 perti-

2160 2331 2456 2396 τεθεῖσθαι,
2491 2329 2584 2385 τοῦ
2604 2332 2754 2404 παρά
2772 2331 2849 2403 τῷ
2877 2332 3111 2405 Ἰορδάνῃ
3133 2332 3534 2405 βαπτίσματος,
3565 2334 3623 2386 ὲν
3657 2333 3761 2406 Βη-

480 2420 621 2490 gerit
652 2420 719 2476 ad
773 2438 966 2493 panem
1000 2424 1091 2478 illo
1141 2426 1500 2493 posteriorem
1536 2427 2054 2497 manducaveritque

2161 2423 2303 2496 θαρᾷ
2334 2423 2444 2496 (99)
2478 2423 2583 2477 ὑπὸ
2600 2423 2693 2476 τοῦ
2729 2423 2972 2477 Ἰωάννου
3000 2422 3305 2494 γινομένου,
3333 2421 3751 2493 ὲξεταζομένου.

480 2516 676 2585 ipsum,
730 2517 776 2573 is
804 2519 1048 2587 profecto
1101 2522 1153 2576 in
1198 2532 1463 2578 aeternum
1502 2522 1672 2578 vivet.
1698 2520 1823 2577 llaec
1848 2531 2029 2577 autem
2061 2522 2244 2575 omnia
2278 2533 2383 2573 non
2414 2517 2792 2587 intempestive
2821 2520 3065 2587 apposita
3098 2518 3267 2575 fuisse
3295 2531 3439 2584 reor,
3468 2518 3756 2590 inquiren-

482 2619 562 2662 tes
593 2610 661 2665 de
710 2610 1035 2679 baptismate
1081 2614 1222 2683 quod
1271 2613 1611 2670 eﬂiciebatur
1660 2627 1691 2668 ι
1741 2611 1952 2669 Joanne
1984 2611 2125 2681 apud
2153 2608 2451 2665 Iordanem
2481 2609 2533 2662 in
2561 2605 2885 2663 Bethabara.

547 2703 637 2760 27.
677 2703 783 2759 Sed
824 2707 927 2763 hoc
961 2708 1128 2763 etiam
1160 2709 1561 2764 observandum
1592 2719 1697 2775 est,
1732 2709 1877 2780 quod
1909 2708 2056 2765 Elias

2232 2704 2321 2760 27.
2351 2704 2473 2759 Ἔτι
2504 2702 2559 2757 δὲ
2606 2704 2702 2758 καὶ
2745 2702 2902 2757 τοῦτο
2949 2702 3387 2777 παρατηρητέον,
3421 2702 3506 2757 ὅτι
3541 2701 3756 2775 μέλλων

477 2796 861 2853 Subvehendus
902 2800 1120 2856 turbine
1156 2800 1209 2854 in
1255 2800 1476 2869 etelnm,
1514 2810 1797 2870 acceptum
1832 2798 2054 2871 pallium

2162 2794 2631 2868 ἀναλαμϐάνεσθαι
2692 2796 2877 2861 Ἠλίας
2918 2798 2977 2850 ὲν
3029 2794 3342 2867 συσσεισμῷ
3389 2795 3468 2859 ὼς
3523 2797 3609 2861 είς
3660 2793 3754 2852 τὸν

478 2903 631 2941 suum
658 2889 964 2956 involvens,
990 2893 1326 2960 percusserit
1350 2907 1570 2963 aquam,
1595 2907 1715 2962 quae
1742 2894 1847 2949 huc
1873 2903 1928 2948 et
1950 2892 2059 2947 huc

2162 2889 2411 2960 οὐρανὸν,
2446 2887 2626 2942 λαϐὼν
2681 2888 2779 2960 τὴν
2825 2887 3080 2960 μηλωτὴν
3135 2886 3323 2952 αὑτοῦ,
3380 2887 3477 2941 καὶ
3528 2887 3754 2959 είλήσας

480 2980 650 3036 divisa
685 2991 811 3047 est;
877 2993 930 3036 et
975 2984 1311 3039 transierunt
1352 2984 1544 3051 ambo,
1594 2984 1707 3053 ipse
1742 2982 1973 3048 scilicet,
2000 2991 2058 3038 et
2083 3028 2127 3088 ϐ

2097 3028 2127 3088 Β
2164 2981 2402 3049 ἐπάταξε
2441 2983 2501 3036 τὸ
2526 2981 2688 3054 ὕδωρ,
2722 2982 2860 3052 ὅπερ
2901 2979 3126 3054 διῃρέθη
3159 2979 3289 3033 ἔνθα
3333 2979 3429 3033 καὶ
3461 2977 3624 3035 ένθα’
3657 2980 3753 3036 καὶ

480 3072 694 3129 ιίιὶεειιε
718 3075 783 3141 ⁵⁸,
815 3077 993 3144 aptior
1015 3077 1158 3131 enim
1189 3077 1280 3146 qui
1310 3076 1723 3141 subveheretur,
1755 3074 1934 3132 factus
1974 3086 2059 3131 est
2086 3070 2127 3088 ν

2092 3070 2127 3088 ν
2159 3075 2415 3148 διέϐησαν
2442 3076 2763 3147 ἀμφότεροι,
2793 3073 3035 3146 δηλονότι
3063 3074 3226 3139 αὐτὸς
3257 3073 3352 3129 καὶ
3377 3075 3407 3127 6
3427 3070 3748 3135 Ἐλισσαῖος

480 3164 786 3234 baptizatus
849 3167 905 3222 in
966 3165 1224 3233 .lardane,
1279 3168 1540 3238 quoniam
1609 3167 1902 3223 transitum
1962 3182 2061 3238 per

2158 3169 2591 3241 ἐπιτηδειότερος
2632 3167 2743 3242 γὰρ
2786 3168 2920 3239 πρὸς
2953 3167 3013 3222 τὸ
3043 3164 3423 3238 ἀναληφθῆναι
3451 3166 3752 3236 γεγένηται

478 3273 676 3326 aquam
708 3259 1196 3326 admirabiliorem,
1226 3261 1441 3317 vocavit
1468 3259 1669 3315 Paulus
1700 3260 1772 3328 ",
1806 3270 1865 3317 ut
1897 3275 2060 3330 supe-

2159 3263 2218 3317 ὲν
2252 3262 2332 3334 τῷ
2368 3261 2608 3335 Ἰορδάνῃ
2643 3260 3065 3332 βαπτισάμενος,
3112 3259 3236 3313 ἐπεὶ
3282 3257 3382 3328 τὴν
3429 3255 3497 3311 δι’
3556 3256 3754 3323 ὕδατος

478 3353 591 3406 rius
616 3351 923 3421 posuimus,
954 3352 1241 3422 baptisma.
1278 3351 1441 3424 ιω
1470 3350 1699 3423 Propter
1731 3353 1875 3408 hunc
1897 3352 2061 3423 igitur

2159 3351 2595 3427 παραδοξοτέραν
2638 3350 2886 3405 διάϐασιν
2932 3349 3247 3420 βάπτισμα,
3289 3346 3368 3410 ὡς
3407 3347 3754 3420 προπαρεθι-

480 3445 656 3509 ipsum
695 3443 991 3500 Jordanern
1036 3446 1186 3514 capit
1230 3444 1445 3500 Eliseus
1478 3457 1577 3513 per
1629 3443 1805 3498 Eliam
1856 3443 2056 3499 donum

2159 3446 2323 3519 μεθα,
2354 3445 2636 3516 ὠνόμασεν
2666 3445 2696 3497 6
2738 3442 2969 3506 Παῦλος.
3012 3440 3110 3496 Διά
3156 3441 3248 3496 τδν
3272 3440 3438 3495 αὐτὸν
3463 3439 3528 3513 δὴ
3560 3441 3754 3497 τοῦτον

478 3537 609 3592 illud
642 3538 788 3608 quod
818 3540 1061 3608 cupierat
1093 3537 1345 3607 accipere
1377 3537 1607 3593 dicens:
1643 3553 1663 3587 ι
1701 3535 1802 3597 Sit,
1835 3550 2016 3605 qureso
2040 3575 2058 3603 .

2173 3538 2441 3610 Ἰορδάνην
2472 3540 2641 3609 χωρεῖ
2681 3535 2710 3589 ὃ
2750 3534 3072 3608 βεϐούληται
3104 3533 3353 3606 χάρισμα
3380 3532 3470 3588 διὰ
3502 3534 3690 3589 Ἠλίου
3722 3536 3753 3590 6

478 3630 678 3698 duplex
715 3630 892 3700 portio
920 3631 1145 3696 Spiritus
1172 3630 1251 3685 tui
1277 3642 1448 3699 super
1495 3644 1582 3687 me
1604 3628 1672 3685 ".
1698 3648 1718 3681 ι
1760 3627 1828 3684 Et
1862 3629 2059 3685 fortas-

2164 3626 2459 3696 Ἐλισσαῖος
2479 3628 2683 3692 λαϐεῖν,
2728 3626 2931 3684 εἰπών·
2965 3645 2980 3679 ι
3018 3626 3305 3698 Γενηθήτω
3348 3625 3415 3695 δὴ
3470 3625 3639 3681 διπλᾶ
3687 3627 3746 3679 ἐν

479 3723 555 3776 sis
585 3724 726 3778 hanc
752 3724 822 3778 ob
842 3737 1067 3777 causam
1093 3723 1291 3792 duplex
1322 3721 1537 3791 accepit
1565 3722 1765 3776 donum
1788 3723 1840 3777 iu
1866 3722 2058 3790 spiritu

2161 3721 2429 3793 πνεύματί
2476 3737 2571 3775 σου
2619 3721 2705 3775 ἐπ’
2751 3719 2871 3790 ὲμέ.
2910 3740 2931 3772 ι
2974 3722 3085 3775 Καὶ
3139 3720 3281 3791 τάχα
3326 3719 3416 3774 διά
3467 3718 3630 3773 τοῦτο
3672 3717 3753 3772 δι·-

482 3815 612 3868 Ειίαι
634 3829 802 3882 super
835 3828 897 3868 se
923 3815 1121 3883 ipsum,
1171 3815 1428 3884 quoniam
1470 3814 1553 3870 bis
1587 3815 1834 3870 transivit
1867 3813 2061 3871 Jorda-

2162 3814 2329 3868 πλοῦν
2378 3812 2538 3868 ἔλαϐε
2590 3813 2651 3867 τὸ
2693 3812 2940 3885 χάρισμα
2992 3813 3051 3866 ὲν
3108 3811 3377 3882 πνεύματι
3420 3810 3606 3865 Ἠλίου
3662 3810 3750 3879 ἐφ’

481 3922 640 3960 Item:
691 3905 857 3960 semel
887 3905 1103 3974 quidem
1134 3920 1256 3961 cum
1286 3903 1402 3960 Elia
1449 3904 1496 3936 “
1520 3943 1536 3971 ,
1592 3906 1832 3960 secundo
1878 3914 2060 3960 autem

2161 3906 2373 3971 ἑαυτὸν,
2402 3904 2526 3958 ἐπεὶ
2556 3903 2639 3968 δὶς
2679 3904 2757 3976 (Ι)
2785 3902 2968 3975 διῆλθε
3011 3903 3101 3957 τὸν
3134 3902 3425 3975 Ἰορδάνην,
3462 3899 3614 3969 ἄπαξ
3650 3901 3754 3972 μὲν

480 4014 601 4053 cum
635 4006 861 4067 accepto
906 3998 1070 4067 pallio
1104 3998 1228 4052 Elia:
1269 4016 1289 4050 ι
1317 3999 1586 4065 percussit
1638 4013 1858 4066 aquam,
1890 4006 1942 4052 et
1971 3998 2060 4053 di-

2163 3997 2303 4070 μετὰ
2329 3997 2423 4051 τοῦ
2466 3996 2670 4063 Ἠλίου,
2707 3995 2959 4069 δεύτερον
3001 3996 3058 4049 δὲ
3089 3996 3179 4049 ὅτε
3223 3992 3401 4048 λαϐὼν
3432 3990 3529 4063 τὴν
3568 3990 3753 4063 μηλω-

482 4092 598 4145 sit:
656 4090 756 4145 Ubi
785 4099 871 4144 est
924 4090 1071 4145 Deus
1110 4089 1241 4144 Elia:
1288 4090 1452 4144 etiam
1506 4088 1662 4158 ipse?
1692 4089 1760 4142 Et
1791 4089 2062 4158 percussit

2161 4091 2259 4161 τὴν
2288 4088 2384 4142 τοῦ
2417 4089 2599 4143 Ἠλίου
2637 4107 2659 4142 ι
2690 4086 2929 4153 ἐπάταξε
2964 4087 3027 4139 τὸ
3066 4085 3231 4158 ὕδωρ,
3266 4086 3362 4139 καὶ
3392 4079 3541 4137 εἴη·
3582 4080 3697 4137 Ποῦ
3720 4082 3753 4136 6

479 4194 672 4249 aquas,
701 4188 756 4235 et
792 4179 976 4233 divisit
1018 4180 1126 4234 huc
1155 4190 1211 4233 et
1240 4178 1351 4234 huc
1378 4178 1445 4232 ⁸⁸.
1478 4195 1500 4228 ι

2162 4182 2293 4246 Θεὸς
2330 4181 2510 4235 Ἢλίου
2536 4181 2702 4250 ἄφφω
2736 4179 2847 4250 (2);
2895 4181 2993 4232 καὶ
3040 4177 3278 4244 ἐπάταξε
3311 4176 3383 4231 τά
3426 4175 3614 4240 ὓδατα,
3654 4174 3754 4228 καὶ

546 4271 639 4325 28.
677 4272 748 4324 At
783 4270 831 4325 si
875 4271 997 4341 quis
1028 4269 1342 4325 oﬂ‘endatur
1392 4270 1497 4323 hoc
1518 4268 1689 4335 dicto,
1729 4286 1750 4320 ι
1790 4270 2061 4339 percussit
2161 4271 2202 4326 δι

1223 4281 1342 4324 atur
1392 4270 1497 4323 hoc
1518 4268 1689 4335 dicto,
1729 4286 1750 4320 ι
1790 4270 2061 4339 percussit
2161 4271 2355 4326 διεῖλεν
2386 4270 2515 4324 ἔνθα
2542 4269 2638 4323 καὶ
2672 4267 2821 4323 ἔνθα.
2860 4285 2879 4319 ι

481 4375 706 4430 aquam,
738 4378 759 4412 ι
808 4369 1035 4429 propter
1066 4374 1129 4413 ea
1164 4373 1287 4427 qua!
1338 4358 1590 4427 superius
1643 4372 1674 4410 a
1722 4358 1883 4414 nobis
1928 4370 2059 4415 sunt
2090 4368 2136 4423 ι)

2090 4368 2136 4423 D
2231 4361 2321 4416 28.
2352 4361 2476 4415 Ἐὰν
2497 4361 2554 4415 δέ
2576 4378 2659 4425 τις
2680 4359 2999 4433 προσκόπτῃ
3024 4356 3121 4430 τῷ,
3145 4377 3163 4411 ι
3186 4354 3426 4421 ἐπάταξε
3450 4355 3513 4408 τὸ
3530 4353 3697 4427 ὕδωρ,
3726 4372 3745 4406 ι

485 4453 683 4507 tradita
731 4453 799 4506 de
829 4450 1093 4514 Iordane,
1150 4465 1343 4518 nempe
1389 4450 1535 4519 quod
1588 4447 1841 4507 Jordanis
1889 4453 2061 4520 ﬁgura

2164 4454 2254 4508 διὰ
2287 4454 2357 4509 τά
2400 4453 2814 4525 παραδεδομένα
2857 4455 2991 4524 ἡμῖν
3050 4453 3177 4523 περὶ
3217 4450 3313 4505 τοῦ
3356 4448 3641 4523 Ἰορδάνου,
3691 4448 3752 4513 ὃς

486 4545 652 4600 fuerit
678 4544 951 4600 sermonis
981 4542 1101 4597 Filii
1132 4542 1260 4604 Dei,
1295 4544 1388 4612 qui
1427 4542 1686 4599 humilem
1721 4559 1781 4600 se
1829 4543 2064 4599 reddidit

2164 4548 2335 4612 τύπος
2376 4543 2446 4620 ἧν
2490 4546 2586 4601 τοῦ
2617 4546 2715 4618 τὴν
2760 4545 3064 4600 κατάϐασιν
3109 4544 3265 4617 ἡμῶν
3295 4541 3634 4604 καταϐάντος
3663 4540 3755 4594 λό-

481 4651 637 4704 :cque
674 4649 739 4690 ac
779 4649 915 4700 nos;
941 4633 1229 4689 dicendum
1256 4643 1338 4688 est
1383 4634 1727 4703 perspicuum
1760 4649 1889 4691 esse
1919 4637 2060 4707 apud

2165 4656 2263 4709 γου
2284 4657 2295 4669 ·
2330 4638 2567 4704 λεκτέον,
2596 4639 2676 4692 ὅτι
2715 4637 2866 4709 παρά
2887 4636 2966 4706 τῷ
3005 4635 3313 4707 ’Λποστόλῳ
3352 4633 3540 4704 σαφῶς
3573 4635 3607 4704 ἡ
3651 4633 3754 4686 πέ-

479 4728 821 4798 Apostolum,
854 4726 999 4795 quod
1031 4725 1283 4781 Christus
1306 4726 1380 4781 sit
1405 4735 1578 4796 petra,
1609 4743 1729 4797 qua:
1759 4729 1842 4784 bis
1864 4743 2057 4799 percu-

2164 4749 2270 4803 τρα
2303 4731 2535 4801 Χριστὸς
2572 4727 2659 4801 ἦν,
2689 4731 2811 4801 ἥτις
2849 4733 2917 4803 τῇ
2965 4728 3143 4802 ῥάϐδῳ
3179 4729 3262 4793 δὶς
3307 4728 3629 4799 πλήσσεται,
3658 4728 3750 4781 ἵνα

481 4832 619 4875 mur
651 4822 835 4889 virga,
869 4827 929 4872 ut
970 4816 1161 4873 bibere
1192 4816 1403 4883 possint
1429 4830 1462 4872 e
1492 4818 1758 4889 spirituali
1794 4829 2059 4889 sequente

2162 4824 2430 4896 δυνηθῶσι
2469 4825 2612 4879 πιεῖν
2646 4823 2754 4877 ἀπὸ
2783 4823 2882 4893 τῆς
2935 4820 3313 4893 πνευματικῆς
3346 4818 3748 4889 ἀκολουθούσης

477 4929 574 4968 cos
607 4924 761 4983 petra
796 4912 865 4967 η.
902 4911 997 4965 Est
1038 4909 1206 4979 igitur
1243 4909 1333 4964 ille
1365 4911 1596 4966 verbero
1629 4913 1719 4981 qui
1758 4914 1810 4968 in
1841 4915 2053 4970 dubita-

2164 4917 2389 4989 πέτρας.
2418 4916 2606 4968 Ἔστιν
2635 4909 2728 4968 οὖν
2752 4930 2835 4977 τις
2880 4916 2973 4968 καὶ
3001 4909 3342 4982 ἀγαπώντων
3372 4908 3554 4981 πληγὴ
3593 4908 3652 4963 ὲν
3680 4911 3749 4980 τῇ

482 5005 631 5060 tione
662 5045 679 5071 ,
722 5015 1016 5073 antequam
1054 5003 1231 5056 discat
1259 5001 1405 5071 quod
1449 5004 1712 5072 qtueritur
1732 5046 1748 5071 ,
1780 5008 2051 5063 contraria

2162 5007 2522 5080 ὲπαπορήσει,
2558 5003 2688 5077 πρὶν
2715 5004 2905 5076 μαθεῖν
2950 5003 3009 5056 τὸ
3046 5000 3395 5071 ζητούμενον,
3425 4998 3496 5052 τά
3527 4996 3753 5051 ἐναντία

556 5125 600 5157 ³⁸
658 5123 820 5197 Jna_n.
867 5119 1087 5197 \_'_l,_“_9,
1117 5117 1359 5197 ‘52.”?
1387 5120 1564 5197 Qalat.
1602 5134 1684 5197 tv.
1714 5122 1801 5197 ξ.-
1846 5124 1892 5156 ⁸⁸
1920 5122 2075 5197 Joan.
2102 5140 2182 5197 iv,

2102 5126 2305 5197 331.33.
2382 5125 2522 5197 "iv
2551 5125 2687 5197 Reg.
2719 5137 2782 5188 ιι,
2813 5121 2989 5188 8,11.
3067 5115 3489 5184 “lCor.x,2.
3596 5113 3748 5173 utv

482 5193 616 5265 Reg.
650 5211 711 5260 ιι,
745 5195 799 5250 9.
874 5191 922 5225 “
952 5191 1082 5248 ibid.
1115 5190 1169 5246 8.
1244 5188 1290 5222 “
1325 5191 1437 5247 ibid
1478 5192 1565 5247 M.
1641 5193 1687 5225 ’⁵⁸
1719 5194 1735 5246 Ι
1762 5192 1888 5251 Cor.
1922 5211 1977 5260 ι,
2016 5196 2073 5265 4;
2102 5194 2259 5250 Nutu.
2297 5212 2389 5259 xx,
2428 5196 2511 5249 Η.

543 5310 660 5378 (95)
701 5308 862 5362 Ὑπό.
891 5306 968 5360 lla
998 5305 1167 5382 codex
1199 5305 1561 5382 Bodleianusj
1602 5309 1827 5382 Regius.
1858 5308 1987 5382 ἀπό.

2238 5310 2355 5382 (99l
2390 5307 2649 5382 BnQapc'i.
2690 5307 3139 5382 _Legen_dum.__ut
3174 5318 3390 5382 __supra_,
3421 5299 3745 5382 Βηθαϐαρᾷ.

555 5376 667 5443 (96⁷)
702 5377 1185 5451 Κεκοξτιακότων.
1218 5378 1310 5435 Sic
1329 5378 1502 5434 codex
1529 5376 1891 5437 Bodleianus'.
1949 5381 2060 5435 lte-

2234 5380 2312 5451 (ι)
2347 5382 2469 5451 Δίς.
2503 5379 2660 5451 Deest
2689 5379 2742 5433 iu
2772 5376 3010 5432 editione
3030 5376 3235 5441 Huetii,
3285 5376 3379 5430 sed
3432 5376 3748 5427 restituitur

482 5449 1018 5521 ςίιις,κεκληκότων,
1109 5518 1126 5521 _
1274 5518 1301 5521 Α,
1402 5520 1427 5521 7
1520 5519 1529 5521 Α
1598 5519 1607 5521 _
1689 5519 1699 5521 4
1825 5517 1842 5521 _

1109 5518 1126 5521 _
1274 5518 1301 5521 Α,
1402 5520 1427 5521 7
1520 5519 1529 5521 Α
1598 5519 1607 5521 _
1689 5519 1699 5521 4
1825 5517 1842 5521 _
2162 5449 2403 5521 et-ntlice
2436 5449 2748 5521 Bodleiano.

554 5520 667 5590 (97)
706 5513 1071 5578 Ἀπολαϐεἱν.
1106 5518 1165 5574 ln
1187 5518 1374 5575 codice
1401 5519 1571 5589 Regio
1597 5519 1797 5589 legitur
1821 5517 1900 5571 δεῖ
1918 5518 2061 5590 ἀπο-

2235 5518 2314 5587 (‘2)
2344 5514 2466 5573 1Ιοῦ
2491 5521 2524 5571 ό
2552 5517 2697 5590 Geog-
2736 5518 2934 5590 Ἠλίου
2965 5516 3177 5590 ᾶφφῳλ
3194 5513 3322 5590 Bion
3348 5514 3585 5569 assecuti
3614 5522 3747 5569 sunt

484 5584 693 5654 λαϐεῖν,
718 5595 810 5644 sed
835 5590 919 5644 δεῖ
948 5594 1171 5645 omnino
1194 5584 1527 5660 superﬂuum
1551 5601 1641 5643 est
1655 5584 1737 5660 ὀι
1774 5589 2053 5659 παρέλκει.

2162 5591 2274 5644 ha-c
2298 5584 3062 5660 cotttextusgllehrnici_ver_ba
3099 5585 3231 5639 LXX
3285 5584 3480 5660 Senes.
3515 5593 3615 5660 refl
3637 5594 3742 5660 ἢκ.

557 5661 668 5727 (98)
700 5662 827 5714 Ἔτι
862 5655 1309 5731 παιδευόμενος.
1355 5662 1448 5719 Sic
1490 5661 1661 5718 codex
1695 5655 2055 5726 Bodleiauus;
2166 5680 2207 5711 ιι

2166 5663 2358 5711 «etiam
2389 5662 2554 5726 ipse.»
2593 5658 2669 5710 ltn
2708 5659 2847 5709 lleus
2881 5656 3051 5731 Levit.
3099 5671 3244 5720 xm,
3278 5655 3365 5719 16,
3406 5655 3499 5718 24,
3534 5657 3627 5720 41,
3674 5658 3745 5709 tle

487 5730 710 5798 licgius.
742 5730 1242 5804 ἐπιπαιδευόμενος.

2160 5744 2218 5784 se
2261 5732 2372 5800 ipse
2399 5730 2528 5785 dicit
2552 5746 2565 5783 :
2593 5737 2683 5787 ἐκ
2713 5740 2811 5794 ἢκ,
2842 5730 3030 5783 teliitlll
3052 5743 3204 5783 etwa
