4194 6458
355 343 461 399 281

1454 337 1812 397 COMMENT.
1857 337 1921 392 IN
1960 334 2153 391 IOAN.
2193 336 2434 394 TOMUS
2476 337 2564 392 Vl.

3524 342 3630 398 £32

359 458 784 532 προφερομένων
836 456 915 528 τῷ
973 434 1095 509 τοῦ⁸
1119 454 1279 522 λόγου
1344 454 1771 524 συμπεράσματι
1800 492 1814 515 ,
1870 443 1940 502 ὢν

2050 450 2253 517 profert
2286 452 2558 505 sermonis
2592 448 2952 514 conclusioni,
2980 466 3009 505 a
3041 452 3238 522 quibus
3260 453 3498 511 liberans
3528 473 3626 529 nos

354 552 715 610 ἀπαλλάττων
752 551 904 622 ἡμᾶς
947 551 976 602 6
1016 548 1168 611 Θεὸς,
1204 549 1337 601 ὅπου
1393 548 1488 618 μὲν
1528 547 1721 615 διψῶσι
1764 545 1946 598 δίδωσι

2055 541 2192 594 Deus
2227 543 2500 596 interdum
2575 542 2794 610 quidem
2828 543 3145 599 sitientibus
3173 548 3267 598 dat
3291 555 3504 615 potum,
3539 549 3624 601 iu-

359 644 543 705 ποτὸν,
588 644 724 696 ὅπου
753 642 811 695 δὲ
841 641 901 694 τὸ
932 641 1131 695 άϐατον
1160 640 1234 709 (5)
1260 640 1391 708 ἡμῖν
1424 638 1519 690 καὶ
1550 636 1832 709 ἀχώρητον
1859 636 1940 689 διὰ

2050 632 2259 686 turdum
2304 648 2435 688 vero
2476 634 2617 704 quod
2668 634 2871 686 invium
2912 635 3070 689 nobis
3105 646 3162 691 et
3195 639 3629 708 imperceptihile

356 732 419 785 τὸ
437 730 619 800 βάθος,
652 728 920 784 διόδευτον
936 730 1001 798 τῇ
1019 726 1277 799 διαιρέσει
1301 725 1393 779 τοῦ
1416 726 1575 794 λόγου
1598 724 1947 795 παρασκευά-

359 822 463 887 ζει.
489 820 598 874 τῶν
632 819 902 874 πλείστων
947 819 1023 890 τῷ
1058 817 1370 890 διαιρετικῷ
1397 818 1541 889 λόγῳ
1563 820 1693 889 ἡμῖν
1723 835 1947 888 σαφηνι-

359 912 620 983 ζομένων.
648 912 767 965 Ἔτι
811 910 869 964 δὲ
904 913 984 977 είς
1031 911 1093 964 τὸ
1124 910 1526 983 παραδέξασθαι
1556 910 1654 982 τὴν
1693 910 1821 983 περὶ
1848 908 1942 964 τοῦ

357 1005 739 1075 ποτιμωτάτου
786 1004 883 1058 καὶ
928 1002 1391 1074 χαριστικωτάτου
1450 1001 1712 1073 Ἰορδάνου
1771 1003 1943 1074 ἑρμη-

355 1098 524 1161 νείαν,
560 1097 829 1168 χρήσιμον
863 1092 1203 1166 παραθέσθαι
1231 1094 1324 1147 τόν
1366 1111 1427 1148 τε
1467 1094 1575 1148 ἀπὸ
1612 1094 1709 1165 τῆς
1736 1093 1942 1165 λέπρας

357 1185 788 1258 καθαριζόμενον
823 1184 1043 1255 Ναιμὰν
1072 1185 1166 1239 τὸν
1203 1185 1393 1257 Σύρον,
1436 1186 1528 1240 καὶ
1573 1185 1643 1238 τὰ
1679 1185 1943 1256 λεγόμενα

356 1279 485 1350 περὶ
513 1279 621 1333 τῶν
655 1278 803 1348 παρά
840 1279 950 1340 τοῖς
982 1274 1259 1347 πολεμίοις
1302 1277 1401 1346 τῆς
1434 1276 1743 1340 θεοσεϐείας
1774 1293 1943 1331 ποτα⁸

359 1371 494 1441 μῶν.
547 1371 682 1440 Περὶ
726 1370 823 1440 μὲν
868 1364 961 1423 οὖν
1002 1367 1222 1437 Ναιμὰν
1267 1368 1609 1440 γέγραπται,
1650 1369 1731 1422 ὅτι
1779 1364 1941 1439 ἦλθεν

357 1463 510 1531 ἵππῳ
541 1462 634 1515 καὶ
678 1461 910 1532 ἅρματι,
938 1459 1034 1513 καὶ
1072 1459 1201 1530 ἔστη
1240 1460 1333 1513 ἐπὶ
1366 1459 1558 1531 θύραις
1604 1458 1753 1513 οίκου
1803 1457 1942 1513 Ἐλι-

356 1554 494 1617 σαιὲ,
540 1552 634 1606 καὶ
681 1550 1002 1605 ἀπέστειλεν
1038 1548 1275 1604 Ἐλισαιὲ
1315 1548 1546 1618 ἄγγελον
1586 1548 1721 1621 πρὸς
1754 1548 1938 1614 αὐτὸν,

353 1642 560 1711 λέγων·
598 1663 616 1695 ι
657 1642 949 1714 Πορευθεὶς
978 1642 1163 1696 λοῦσαι
1205 1643 1434 1706 ἑπτάκις
1475 1643 1533 1696 ὲν
1560 1641 1638 1713 τῷ
1676 1640 1939 1713 Ἰορδάνῃ,

354 1737 451 1789 καὶ
471 1735 787 1808 ἐπιστρέψει
810 1738 842 1806 ἡ
869 1734 1005 1806 σάρξ
1032 1752 1125 1789 σου
1151 1735 1257 1797 σοὶ,
1283 1735 1376 1787 καί
1397 1733 1771 1805 καθαρισθήσῃ
1798 1733 1893 1803 (4).
1912 1751 1932 1786 ι

359 1825 487 1876 Ὅτε
515 1825 611 1878 καὶ
637 1823 902 1895 θυμοῦται
944 1824 1163 1895 Ναιμὰν
1201 1825 1263 1877 οὐ
1308 1824 1464 1886 νοῶν,
1490 1826 1572 1878 ὃτι
1600 1826 1628 1877 ὁ
1669 1823 1940 1896 Ἰορδάνης

354 1915 514 1986 ἡμῶν
540 1917 690 1969 ἐστιν
719 1919 747 1970 ὁ
780 1916 1031 1971 ἀπολύων
1057 1918 1181 1981 τοὺς
1211 1916 1300 1971 διὰ
1328 1917 1426 1989 τὴν
1458 1915 1664 1988 λέπραν
1695 1915 1940 1989 ἀκαθάρ-

353 2020 480 2066 τους
505 2006 603 2075 τῆς
629 2004 971 2076 ἀκαθαρσίας
988 2005 1082 2059 καὶ
1103 2003 1348 2076 ἰώμενος,
1366 2006 1486 2077 οὐχὶ
1507 2006 1563 2059 δὲ
1582 2009 1610 2059 6
1634 2007 1937 2078 προφήτηςο

357 2098 635 2169 προφήτου
679 2098 788 2170 γὰρ
815 2097 974 2168 ἔργον
1008 2096 1221 2168 πέμψαι
1257 2098 1352 2151 ἐπὶ
1397 2098 1459 2151 τὸ
1495 2098 1814 2170 θεραπεῦον.
1848 2099 1939 2169 Μὴ

355 2190 555 2255 συνιεὶς
571 2190 752 2243 τοίνυν
776 2190 839 2242 τὸ
856 2188 950 2243 τοῦ
978 2189 1238 2260 Ἰορδάνου
1272 2188 1416 2261 μέγα
1442 2193 1739 2260 μυστήριον
1758 2191 1787 2243 6
1808 2191 1940 2243 Ναι-

355 2277 463 2348 μάν
488 2296 652 2350 φησιν
667 2297 680 2310 ο
705 2299 723 2330 ι
748 2280 876 2332 Ἰδοὺ
897 2279 961 2349 δὴ
975 2277 1162 2347 ἔλεγον
1187 2277 1287 2349 (5),
1320 2279 1403 2332 ὅτι
1428 2279 1645 2342 πάντως
1671 2277 1942 2343 ἐξελεύσε-

349 2388 440 2424 ται
458 2371 593 2444 πρὸς
613 2371 701 2436 μὲ,
720 2372 816 2425 καὶ
836 2372 1219 2441 στήσεται,καὶ
1242 2370 1622 2426 ὲπικαλέσεται
1641 2371 1699 2424 ὲν
1715 2372 1938 2443 ὀνόματι

349 2464 556 2535 Κυρίου
586 2462 723 2517 Θεοῦ
766 2463 964 2528 αὑτοῦ,
1010 2465 1103 2518 καὶ
1141 2464 1392 2536 ἐπιθήσει
1430 2464 1529 2536 τὴν
1572 2467 1732 2537 χεῖρα
1773 2466 1937 2520 αὐτοῦ

348 2555 442 2608 ἐπὶ
471 2555 560 2608 τὸν
597 2555 785 2620 τόπον,
820 2557 916 2609 καὶ
944 2556 1270 2622 ἀποσυνάξει
1315 2557 1377 2610 τὸ
1426 2557 1623 2628 λεπρόν
1643 2573 1655 2586 ·
1699 2576 1717 2608 ι
1746 2556 1805 2610 τὸ
1828 2556 1938 2628 γὰρ

347 2646 614 2701 ἐπιθεῖναι
648 2646 750 2719 τὴν
792 2650 948 2719 χεῖρα
973 2651 1038 2719 τῇ
1065 2647 1263 2719 λέπρᾳ,
1292 2648 1385 2701 καὶ
1425 2646 1741 2719 καθαρίσαι,
1773 2647 1936 2719 μόνου

346 2739 442 2793 τοῦ
464 2739 669 2812 Κυρίου
701 2756 805 2810 μου
829 2739 1004 2811 Ἰησοῦ
1026 2738 1187 2812 ἔργον
1214 2736 1302 2811 ἦν,
1324 2741 1387 2793 οὐ
1412 2739 1570 2810 μόνον
1592 2740 1832 2804 εἰπόντος
1859 2737 1938 2809 τῷ

352 2828 493 2899 μετά
515 2830 751 2895 πίστεως
767 2828 1061 2894 ἀξιώσαντι
1076 2849 1089 2861 ο
1112 2855 1131 2882 ι
1157 2832 1283 2887 Ἐὰν
1312 2831 1493 2905 θέλῃς,
1506 2830 1732 2886 δύνασαί
1757 2848 1824 2903 με
1845 2848 1938 2885 κα-

349 2918 590 2992 θαρίσαι,
612 2940 632 2974 ι
647 2921 709 2974 τό
724 2939 736 2952 ’
751 2922 950 2987 ιΘέλω,
967 2922 1347 2995 καθαρίσθητι.
1375 2944 1391 2975 ι
1416 2924 1557 2995 Πρὸς
1572 2923 1679 2993 γὰρ
1696 2922 1776 2994 τῷ
1794 2922 1937 2994 λόγῳ

350 3012 445 3064 καὶ
476 3012 651 3083 ἥψατο
699 3012 887 3078 αὐτοῦ,
933 3014 1026 3068 καὶ
1071 3014 1404 3087 ἐκαθαρίσθη
1434 3014 1543 3069 άπὸ
1600 3016 1696 3085 τῆς
1726 3014 1936 3087 λέπρας

350 3100 535 3155 αὐτοῦ.
574 3103 694 3159 Ἔτι
729 3103 794 3174 δὴ
833 3102 1181 3174 πλανώμενος
1212 3107 1241 3159 6
1268 3104 1505 3173 Ναιμὰν,
1544 3104 1638 3159 καὶ
1670 3104 1769 3176 οὐχ
1794 3105 1935 3178 ὁρῶν

349 3188 474 3244 ὅσον
506 3192 889 3247 ἀπολείπονται
930 3196 979 3247 οἱ
1012 3194 1189 3267 ἕτεροι
1229 3193 1325 3247 τοῦ
1385 3193 1650 3264 Ἰορδάνου
1700 3195 1936 3266 ποταμοὶ

349 3283 489 3353 πρὸς
517 3284 815 3358 θεραπείαν
848 3286 956 3341 τῶν
1002 3287 1370 3351 πεπονθότων,
1419 3286 1631 3341 ἐπαινεῖ
1679 3289 1804 3352 τοὺς
1839 3289 1937 3361 τῆς

349 3376 644 3446 Δαμασκοῦ
676 3378 953 3449 ποταμοὺς
997 3379 1234 3451 apem
1261 3380 1335 3449 (6)
1364 3380 1459 3433 καὶ
1488 3380 1702 3451 Φαρφὰ,
1737 3380 1931 3448 λέγων’

357 3484 376 3515 ι
406 3467 544 3536 Οὐχὶ
566 3467 772 3536 ἀγαθὸς
804 3468 1040 3541 Ἄρδανά
1054 3469 1147 3522 καὶ
1166 3468 1362 3539 Φαρφὰ
1382 3468 1616 3540 ποταμοὶ
1643 3468 1936 3539 Δαμασκοῦ

354 3558 497 3630 ὑπὲρ
531 3559 705 3613 πάντα
729 3559 799 3613 τά
821 3558 991 3614 ’ύδατα
1033 3559 1283 3631 Ἰσραήλ;
1319 3560 1454 3632 Οὐχὶ
1478 3561 1786 3634 πορευθεὶς,
1813 3559 1938 3615 λού-

352 3666 516 3719 σομαι
539 3652 597 3704 ἐν
623 3652 828 3715 αὐτοῖς,
860 3652 953 3706 καὶ
987 3652 1499 3724 καθαρισθήσομαι;
1541 3673 1561 3705 ι
1590 3654 1802 3725 Ὠσπερ
1829 3653 1938 3724 γὰρ

349 3743 524 3807 οὐδεὶς
563 3744 768 3812 ἀγαθὸς
817 3746 865 3797 εί
900 3745 973 3817 μὴ
1009 3739 1088 3807 εἷς
1117 3747 1146 3798 6
1176 3745 1314 3810 Θεὸς
1340 3748 1369 3799 6
1400 3744 1609 3818 Πατὴρ,
1663 3744 1837 3810 οὕτως
1880 3747 1939 3799 ὲν

350 3838 615 3906 ποταμοῖς
633 3836 807 3900 οὐδεὶς
822 3836 1025 3906 ἀγαθὸς
1047 3839 1095 3890 εἰ
1130 3838 1207 3909 μὴ
1232 3839 1260 3890 ό
1287 3837 1576 3909 Ἰορδάνης,
1605 3838 1698 3892 καὶ
1730 3838 1940 3909 λέπρας

350 3924 661 3992 ἀπαλλάξαι
704 3926 1000 3999 δυνάμενος
1026 3926 1116 3980 τὸν
1164 3925 1306 3997 μετὰ
1351 3927 1586 3991 πίστεως
1616 3927 1714 3999 τὴν
1760 3927 1939 3998 ψυχὴν

350 4016 642 4087 λουόμενον
656 4019 736 4082 εἰς
765 4018 857 4072 τὸν
894 4017 1119 4088 Ἰησοῦν.
1137 4012 1306 4088 υἷμαι
1326 4017 1384 4070 δὲ
1406 4017 1495 4071 διὰ
1522 4016 1709 4071 τοῦτον
1733 4015 1940 4069 κλαίειν

352 4130 771 4203 ἀναγεγράφθαι
804 4132 937 4206 πᾶσι
968 4133 1082 4196 τοῖς
1123 4129 1444 4193 Βαϐυλῶνος
1484 4132 1747 4201 ποταμοῖς
1779 4128 1942 4184 καθε-

353 4219 616 4292 ζομένους
640 4223 767 4286 τοὺς
802 4221 1139 4293 μνησθέντας
1166 4224 1264 4294 τῆς
1292 4220 1449 4276 Σιώνο
1482 4220 1656 4275 ἄλλων
1684 4221 1793 4291 γὰρ
1815 4221 1941 4277 ὑδά-

353 4329 462 4367 των
493 4315 820 4386 γευσάμενοι
851 4316 988 4390 μετὰ
1023 4315 1114 4368 τὸν
1162 4316 1317 4385 ἅγιον
1352 4315 1621 4388 Ἰορδάνην
1649 4317 1699 4369 οἱ
1728 4314 1816 4368 διὰ
1843 4314 1941 4386 τὴν

354 4406 555 4459 κακίαν
587 4406 1139 4475 αίχμαλωτευθέντες,
1175 4409 1255 4471 είς
1302 4407 1610 4477 ὑπόμνησιν
1640 4406 1735 4461 καὶ
1770 4404 1941 4475 ποθὴν

2044 736 2126 781 est
2160 734 2386 795 propter
2410 723 2877 794 profunditatem,
2911 726 3159 792 pervium
3196 726 3324 781 illud
3360 740 3645 798 praeparat.

2046 818 2310 872 divisione
2356 816 2661 881 sermonis,
2711 831 2833 869 cum
2866 815 3267 887 quamplurima
3297 832 3364 873 ex
3416 821 3628 875 ratione

2045 907 2320 962 dividendi
2372 906 2528 961 nobis
2562 906 3000 962 manifestentur.
3053 909 3135 962 Ad
3170 911 3283 964 Ιιςιεε
3332 920 3393 966 ιιι
3423 913 3625 968 admit-

2046 1010 2222 1054 tamus
2274 999 2773 1065 interpretationem
2807 999 2872 1052 de
2912 999 3306 1068 putabilissimo
3336 1011 3392 1056 et
3420 1004 3625 1072 gratia-

2045 1108 2162 1146 rum
2192 1092 2351 1160 pleuo
2378 1091 2638 1157 Jordane,
2676 1091 2807 1145 utile
2854 1086 3013 1145 nobis
3039 1091 3147 1146 erit
3183 1108 3454 1163 apponere
3478 1095 3622 1150 Naa-

2045 1198 2166 1234 man
2204 1181 2350 1235 illum
2396 1182 2592 1251 Syrum
2642 1198 2669 1234 a
2723 1182 2869 1250 lepra
2930 1184 3272 1250 mundatum,
3313 1197 3520 1256 etquae
3545 1187 3625 1241 di-

2042 1283 2241 1331 cuntur
2276 1274 2343 1328 de
2375 1274 2686 1326 ﬂuminibus
2718 1274 2860 1341 apud
2888 1273 3072 1328 hostes
3099 1274 3276 1331 cultus
3308 1276 3492 1330 divini.
3525 1277 3622 1331 At-

2041 1379 2146 1432 que
2175 1365 2240 1419 de
2256 1362 2499 1418 Naaman
2526 1364 2743 1431 quidem
2770 1366 3029 1433 scriptum
3066 1378 3150 1418 est
3172 1366 3239 1430 ⁵⁷,
3275 1366 3421 1435 quod
3461 1378 3623 1421 vene-

2043 1457 2114 1511 rit
2146 1472 2267 1510 cum
2308 1458 2554 1525 equitatu
2602 1466 2657 1510 et
2709 1471 2901 1519 curru,
2949 1466 3004 1511 et
3049 1458 3265 1513 steterit
3303 1467 3431 1514 ante
3476 1456 3623 1515 fores

2040 1548 2230 1602 domus
2275 1546 2466 1611 Elisei,
2501 1549 2758 1617 quodque
2793 1549 3005 1604 miserit
3038 1550 3249 1607 Eliseus
3272 1551 3521 1605 nuntium
3554 1551 3621 1607 ad

2041 1638 2213 1704 illum,
2238 1639 2458 1695 dicens:
2489 1659 2507 1691 ι
2542 1639 2825 1696 Profectus
2850 1640 3034 1695 lavare
3056 1642 3106 1695 in
3134 1640 3374 1697 Jordane
3399 1644 3619 1713 septies,

2039 1739 2095 1784 et
2120 1731 2438 1786 restituetur
2497 1731 2591 1785 tibi
2635 1746 2765 1786 caro
2813 1746 2903 1786 tua
2930 1772 2946 1797 ,
2990 1742 3046 1788 et
3097 1732 3450 1788 mundaberis
3492 1733 3560 1787 ⁸⁸.
3594 1752 3616 1786 ι

1973 1805 2012 1860 Β
2042 1821 2267 1889 Quando
2285 1822 2446 1875 etiam
2476 1832 2845 1877 commovetur
2873 1824 3250 1894 indignatione
3274 1822 3516 1878 Naaman
3545 1824 3618 1890 ⁸⁹,

2043 1930 2147 1968 non
2182 1914 2489 1984 intelligens
2521 1916 2662 1983 quod
2698 1914 2952 1970 Jordanis
2980 1926 3169 1970 noster
3204 1916 3250 1971 is
3277 1918 3351 1970 sit
3383 1917 3474 1985 qui
3519 1917 3620 1970 im-

2044 2007 2272 2059 mundos
2301 2006 2372 2060 oh
2400 2006 2607 2072 lepram
2638 2005 2836 2060 liberat
2861 2009 2931 2061 ab
2963 2008 3304 2063 imnmnditia
3328 2016 3616 2076 sanatqne,

2042 2113 2148 2150 non
2173 2098 2261 2152 ille
2282 2098 2541 2166 propheta
2568 2114 2582 2159 ;
2610 2100 3052 2170 quandoquidem
3076 2100 3354 2170 propheta:
3379 2098 3617 2154 cilicium

2040 2198 2123 2241 est
2174 2188 2391 2241 mittere
2424 2188 2490 2241 ad
2530 2188 2658 2242 lllud
2687 2193 2830 2259 quod
2859 2191 3149 2246 sanitatem
3183 2180 3358 2246 aﬂ'ert‘.
3389 2191 3506 2248 Non
3541 2194 3623 2246 in-

2041 2276 2286 2348 telligens
2318 2277 2482 2346 igitur
2518 2276 2772 2334 Jordauis
2801 2296 3054 2350 magnum
3098 2282 3439 2350 mysterium,
3482 2280 3621 2336 Naa-r

2040 2384 2164 2421 man
2206 2368 2377 2438 inquit
2419 2370 2498 2424 ⁸⁰;
2565 2388 2586 2422 ι
2614 2370 2693 2425 En
2740 2373 2958 2441 quidem
2998 2374 3337 2442 cogitaram:
3385 2375 3620 2430 Omnino

2039 2460 2208 2513 exibit
2236 2461 2303 2513 ad
2342 2476 2443 2525 uie,
2472 2469 2526 2518 et
2558 2471 2711 2517 stans
2739 2464 3008 2519 invocabit
3045 2480 3239 2520 nomen
3271 2464 3486 2521 Domini
3523 2466 3617 2522 Dei

2040 2553 2143 2615 sui,
2179 2552 2520 2622 itnponetque
2552 2570 2770 2610 manum
2805 2571 2956 2611 suam
2989 2559 3056 2611 ad
3083 2558 3262 2613 locum
3303 2568 3357 2614 et
3400 2559 3620 2614 curabit

2038 2642 2262 2712 lepram.
2297 2662 2315 2695 ι
2351 2645 2561 2699 Etenim
2594 2662 2813 2701 manum
2838 2649 3002 2719 lepra:
3031 2650 3312 2719 imponere
3340 2660 3395 2706 et
3421 2667 3618 2708 curare

2038 2735 2206 2791 solius
2230 2736 2437 2791 Domini
2464 2738 2567 2793 mei
2594 2738 2722 2795 .lesu
2747 2739 2983 2795 cilicium
3011 2753 3113 2807 est,
3138 2744 3226 2811 qui
3256 2759 3360 2799 non
3405 2754 3614 2802 tantum

2037 2829 2174 2883 dixit
2200 2846 2321 2884 cum
2349 2831 2452 2886 title
2482 2834 2885 2901 pronuntianti:
2923 2852 2943 2887 ι
2975 2834 3149 2899 Sivis,
3183 2844 3440 2903 potesmc
3459 2855 3615 2894 mun-

2040 2920 2221 2987 dare»
2239 2951 2309 2961 —
2336 2921 2517 2989 «Volo,
2545 2924 2777 2978 mundus
2802 2934 2919 2981 esto
2938 2924 2983 2957 ³⁸
3006 2942 3021 2978 :
3048 2945 3066 2977 ι
3096 2940 3451 2995 praeterquam
3473 2930 3617 2998 quod

2035 3012 2179 3066 enim
2197 3013 2414 3069 locutus
2427 3025 2532 3082 εει,
2551 3015 2707 3086 147
2730 3017 2902 3086 tetigit
2916 3017 3077 3071 etiam
3096 3034 3246 3081 eum,
3263 3030 3316 3073 et
3331 3022 3619 3075 mundatus

1963 3138 2008 3198 Ο
2043 3106 2138 3159 fuit
2165 3122 2195 3158 a
2232 3107 2379 3176 lepra
2419 3122 2539 3169 sua.
2570 3106 2774 3162 Erraus
2799 3107 2963 3161 etiam
2997 3107 3261 3174 Naamau,
3292 3125 3391 3165 nec
3420 3112 3615 3165 videns

2040 3210 2300 3268 quantum
2377 3201 2563 3254 cmteri
2635 3199 2785 3253 ﬂmii
2861 3198 3098 3257 Jordane
3175 3202 3284 3257 sint
3330 3203 3617 3259 inferiores

2039 3303 2300 3360 quantum
2331 3292 2611 3345 attinetad
2642 3290 2940 3345 curandum
2974 3306 3070 3345 eos
3093 3292 3185 3362 qui
3225 3295 3414 3347 morbo
3430 3292 3617 3349 affecti

2039 3392 2185 3441 sunt.
2204 3382 2383 3437 laudat
2404 3382 2648 3437 Damasci
2667 3381 2878 3445 ﬂuvius,
2905 3381 3148 3448 Arbana,
3169 3393 3224 3437 et
3248 3382 3518 3452 Pharpha,
3542 3386 3619 3439 di-

2038 3489 2169 3528 cens
2196 3474 2242 3506 "
2279 3492 2294 3527 :
2334 3493 2354 3527 ι
2390 3473 2582 3528 Annon
2622 3472 2799 3528 bonus
2835 3481 2919 3528 est
2978 3474 3195 3528 Arbaua
3219 3514 3234 3537 ,
3274 3486 3326 3529 et
3360 3475 3611 3546 Pharpha

2039 3564 2189 3619 ﬂuvii
2224 3565 2472 3619 Damasci
2506 3579 2618 3635 pra:
2648 3564 2902 3619 omnibus
2926 3565 3085 3634 aquis
3116 3564 3337 3620 Israelis
3363 3565 3387 3619 τ
3425 3564 3616 3622 Nonne

2039 3658 2311 3725 profectus
2351 3658 2575 3710 lavabor
2612 3656 2666 3709 in
2696 3656 2775 3709 eis
2812 3664 2867 3709 et
2899 3656 3255 3711 mundabor?
3289 3675 3311 3709 ι
3370 3656 3440 3712 Ut
3463 3658 3613 3712 enim

2041 3749 2217 3803 nullus
2249 3750 2441 3815 bonus,
2490 3748 2595 3802 nisi
2628 3762 2789 3810 unus,
2827 3761 3021 3816 nempe
3061 3747 3203 3803 Deus
3231 3747 3399 3803 Pater
3432 3748 3502 3810 ⁵³,
3530 3748 3614 3803 sic

2040 3840 2183 3892 inter
2216 3838 2408 3893 ﬂuvios
2432 3837 2606 3891 nullus
2636 3846 2722 3891 est
2771 3836 2973 3900 bonus,
3017 3837 3119 3892 nisi
3149 3836 3423 3903 Iordanis,
3449 3839 3612 3893 etiam

2042 3946 2071 3985 a
2106 3931 2253 3999 lepra
2290 3930 2527 3985 liberare
2556 3928 2743 3982 valens
2770 3944 2893 3981 eum
2926 3928 3160 3998 quicum
3190 3929 3294 3985 [ide
3322 3929 3466 3984 lavat
3494 3930 3620 3983 aui-

2041 4042 2185 4081 mam
2241 4025 2294 4078 in
2322 4023 2474 4079 Jesu.
2524 4022 2758 4077 Proinde
2813 4038 2992 4076 meum
3025 4033 3110 4078 est
3152 4022 3437 4089 judicium,
3475 4024 3615 4078 scri-

2040 4127 2190 4187 ptum
2218 4115 2387 4171 fuisse
2411 4130 2603 4169 omnes
2636 4115 2893 4169 sedentes
2928 4129 3093 4183 super
3132 4113 3353 4168 ﬂumina
3383 4113 3618 4185 Babylo-

2041 4214 2126 4269 nis
2154 4213 2203 4246 “
2234 4221 2455 4282 propter
2480 4212 2622 4265 hunc
2659 4209 2811 4271 ﬂere.
2844 4209 3105 4263 memoria
3132 4218 3439 4278 repetentes
3461 4209 3616 4267 Sion.

2043 4306 2270 4361 Deducti
2309 4306 2455 4361 enim
2489 4305 2560 4358 ob
2583 4305 2774 4357 vitium
2801 4304 2853 4356 in
2886 4302 3258 4370 captivitatem
3285 4342 3300 4366 ,
3325 4318 3448 4357 cum
3479 4300 3617 4357 alias

2042 4401 2423 4469 degustassent
2448 4410 2618 4464 aquas
2651 4406 2770 4465 post
2798 4403 3049 4447 sanctum
3081 4391 3398 4456 Jordauem,
3421 4393 3475 4446 in
3508 4409 3620 4447 me-

360 4501 603 4569 ἔρχονται
626 4498 701 4570 ('7)
718 4498 812 4553 τοῦ
853 4498 1057 4553 οἰκείου
1092 4500 1187 4553 καὶ
1220 4498 1490 4571 σωτηρίου
1521 4496 1789 4568 ποταμοῦ.
1823 4498 1940 4550 Διό-

2044 4495 2274 4548 muriam
2302 4492 2739 4560 desideriumque
2768 4489 3000 4543 veniunt
3042 4488 3251 4559 proprii
3278 4497 3333 4543 et
3360 4486 3620 4543 salutaris

355 4603 461 4656 περ
483 4586 576 4639 ἐπὶ
598 4586 707 4639 τῶν
727 4586 988 4657 ποταμῶν
1021 4587 1336 4651 Βαϐυλῶνός
1362 4605 1543 4658 φασιν·
1578 4607 1600 4639 ‹
1637 4589 1786 4641 Ἐκεῖ
1808 4590 1939 4641 ἐκα-

356 4677 588 4747 θίσαμέν
609 4697 629 4729 ι
659 4678 771 4748 (καὶ
807 4678 965 4749 δῆλον
993 4679 1076 4732 ὅτι
1106 4679 1195 4733 διὰ
1222 4679 1283 4731 τὸ
1334 4679 1407 4751 μὴ
1435 4678 1691 4732 δύνασθαι
1725 4678 1937 4749 στῆναι)

360 4789 377 4820 ι
424 4771 517 4823 καὶ
562 4771 925 4842 ἐκλαύσαμεν.
970 4791 989 4824 ι
1030 4773 1141 4827 Καὶ
1169 4774 1198 4826 6
1235 4771 1500 4843 Ἱερεμίας
1528 4773 1584 4827 δὲ
1614 4771 1937 4844 ἐπιπλήσσει

352 4864 469 4925 τοῖς
507 4861 748 4916 θέλουσιν
771 4863 1061 4931 Αίγύπτιον
1092 4863 1236 4935 ὕδωρ
1258 4866 1418 4929 πιείν,
1438 4865 1530 4918 καὶ
1551 4863 1939 4918 καταλείπουσι

353 4953 418 5005 τὸ
445 4954 502 5020 ἐξ
530 4954 759 5027 ούρανοῦ
806 4956 1146 5018 καταϐαῖνον,
1193 4956 1285 5009 καὶ
1309 4954 1597 5027 ἐπώνυμον
1642 4956 1741 5027 τῆς
1771 4972 1937 5010 κατα-ο

353 5044 569 5109 ϐάσεως
614 5044 902 5116 τυγχάνον,
951 5046 1043 5099 τὸν
1094 5046 1385 5119 Ἰορδάνην,
1433 5045 1628 5116 λέγων’
1690 5065 1708 5097 ι
1751 5047 1816 5100 Τί
1855 5048 1939 5104 σοι

357 5136 458 5190 καὶ
486 5138 554 5206 τῇ
716 5135 993 5205 Αἰγύπτου
1024 5137 1119 5191 τοῦ
1153 5139 1298 5191 πιεῖν
1330 5137 1474 5210 ὕδωρ
1516 5135 1692 5209 Γηῶν,
1723 5136 1817 5192 καὶ
1842 5137 1940 5191 τοῦ

2043 4585 2213 4639 ﬂuvii.
2275 4583 2574 4652 Propterea
2628 4582 2697 4636 de
2748 4580 2928 4635 ﬂuviis
2959 4580 3250 4651 Babylonis
3298 4579 3551 4648 inquiunt
3599 4593 3617 4632 :

2048 4697 2065 4727 ι
2105 4677 2219 4731 illic
2262 4677 2505 4732 sedimus
2538 4694 2558 4727 ι
2594 4675 2872 4747 (nimirum
2923 4685 3070 4730 stare
3119 4672 3446 4743 nequentes)
3480 4688 3502 4723 ι
3564 4679 3620 4726 ει

2004 4770 2013 4787 ¹
2042 4767 2310 4824 ﬂevimus.
2348 4788 2369 4821 ι
2408 4768 2635 4835 Quando
2660 4771 2825 4825 etiam
2870 4766 3141 4821 Jeremias
3167 4766 3406 4819 minatur
3432 4762 3621 4818 volen-

2048 4862 2191 4916 tibus
2220 4860 2530 4932 Aigyptiam
2565 4875 2763 4929 aquam
2795 4860 2984 4914 bibere
3015 4897 3032 4922 ,
3079 4865 3135 4912 et
3183 4852 3619 4924 relinquentihus

2045 4968 2242 5021 aquam
2277 4969 2309 5007 e
2346 4953 2484 5008 etclo
2516 4953 2934 5007 descendentem
2962 4990 2976 5011 ,
3022 4960 3079 5005 et
3127 4949 3425 5003 descensus
3457 4959 3620 5013 agno-

2046 5061 2167 5099 men
2217 5045 2505 5101 habentem
2552 5043 2870 5107 .lordanem,
2920 5042 3107 5097 dicens
3148 5040 3195 5072 ⁸⁸
3229 5058 3243 5095 :
3280 5058 3299 5092 ι
3339 5038 3491 5093 Nune
3518 5035 3619 5105 igi-

2050 5145 2139 5190 tur
2164 5134 2295 5205 quid
2347 5144 2432 5189 est
2482 5134 2578 5189 tibi
2626 5135 2681 5189 in
2731 5135 2819 5187 via
2851 5132 3093 5203 lEgypti,
3123 5140 3185 5186 ut
3231 5130 3388 5185 bibas
3415 5142 3615 5198 aquam

432 5292 479 5324 "'
509 5289 573 5345 IV
609 5291 740 5360 Reg.
779 5307 834 5354 ν,
866 5293 920 5346 9.
998 5292 1045 5326 ⁸³
1076 5293 1206 5347 ibid.
1238 5291 1379 5346 10.”
1409 5291 1540 5345 ibid.
1573 5292 1660 5346 11.
1736 5291 1783 5323 ⁸⁸⁵
1815 5290 1940 5344 ibid.

2036 5290 2063 5321 ¹¹
2100 5288 2290 5360 Matth.
2318 5304 2438 5351 vni,
2467 5287 2523 5342 ἓ.
2599 5290 2645 5322 ⁸³
2681 5288 2747 5343 IV
2777 5287 2912 5359 Reg.
2951 5301 2999 5355 ιι,
3036 5286 3124 5342 12.
3200 5285 3250 5318 ⁸⁸
3275 5283 3468 5340 Matth.
3495 5298 3614 5350 nx,

364 5362 467 5426 t7;
509 5361 679 5417 Marc.
727 5362 889 5431 ι,18;
933 5363 1063 5419 Luc.
1088 5379 1206 5428 vm,
1238 5362 1323 5417 19.
1418 5362 1465 5394 ⁵⁸
1496 5360 1638 5417 Psal.
1665 5376 1888 5426 csxxvi,
1924 5361 1977 5415 1.

433 5474 513 5544 (5)
542 5475 750 5548 ΕιιίιίοΔ
774 5474 977 5548 Iluetii,
1007 5477 1160 5548 ἅμα,
1214 5476 1383 5533 codex
1430 5476 1776 5541 Bodleianus,
1806 5476 1940 5532 ἄϐα-

363 5561 483 5603 τον.
513 5546 704 5613 sicque
740 5545 866 5614 legit
897 5545 1205 5601 Ferrarius.

440 5617 515 5689 ii)
549 5616 724 5689 Editio
757 5615 957 5683 lluetii,
990 5615 1323 5689 meaptGOﬁ,
1374 5617 1547 5671 codex
1591 5615 1936 5681 Bodleianus,

368 5684 760 5771 καρερεεξθίισςι-

373 5821 390 5836 .
438 5755 514 5825 (ὃ)
540 5754 621 5825 Δὴ
650 5754 881 5827 sum.
903 5754 994 5813 Sic
1022 5758 1186 5815 codex
1212 5756 1573 5824 Bodleianus;
1599 5756 1817 5829 ltcgius.
1835 5757 1938 5810 διέ-

374 5840 545 5892 μεγαν.

2076 5360 2121 5394 ⁵⁵
2147 5358 2353 5416 Jerem.
2388 5376 2447 5422 ιι,
2480 5360 2568 5415 18.

2104 5476 2181 5547 (6)
2208 5476 2404 5547 Codex
2426 5474 2753 5547 Bodleianus
2775 5473 2860 5529 his
2892 5473 3057 5528 habet
3098 5468 3358 5542 ’Δρϐανά,
3410 5467 3614 5538 Regius

2036 5544 2347 5618 utrobique,
2385 5544 2617 5618 ίἈϐανά.
2846 5611 2857 5618 ,
2998 5614 3015 5618 _
3029 5609 3041 5618 _
3167 5608 3191 5618 _
3521 5605 3578 5618 η.

2097 5617 2175 5686 (7)
2207 5605 2726 5689 signatarum:
2764 5611 2863 5689 καὶ
2903 5609 3099 5679 ποθὴν
3157 5608 3454 5689 {play-rut.
3477 5605 3614 5689 “Sic

2036 5676 2184 5757 recte
2207 5676 2370 5757 habet
2392 5676 2566 5757 codex
2589 5676 2948 5743 'llodleianus,
2980 5676 3147 5748 atque
3182 5676 3261 5733 ita
3282 5678 3424 5757 legit
3453 5676 3611 5757 “Fer-.-

2036 5756 2247 5812 rarius;
2283 5753 2574 5810 l’erionius
2606 5767 2768 5819 vero,
2806 5768 2872 5809 ex
2902 5745 3160 5821 perversa
3193 5745 3399 5807 codicis
3450 5745 3607 5816 Regii

2032 5826 2323 5897 scriptura,
2347 5822 2530 5877 ποθέν.
