4194 6428
540 336 648 395 283

2022 330 2183 389 ORIG
2194 330 2346 387 Ele

3685 334 3788 393 284

540 453 713 516 Geon,
742 457 885 505 etut
916 448 1073 505 bibas
1100 463 1299 520 aquam
1337 449 1671 505 ﬂuviorum?
1707 471 1725 503 ι
1773 449 1891 514 vel,
1931 459 1989 503 ut
2025 448 2123 503 lle-

2232 448 2377 498 πιεῖν
2412 446 2556 517 ὕδωρ
2604 445 2900 516 ποταμῶν;
2939 464 2956 496 ι
3004 445 3063 516 ἢ,
3113 444 3188 510 ὡς
3235 445 3295 498 τὸ
3346 443 3627 518 Ἐϐραῖιιὺν
3669 449 3799 520 ἔχει,

544 542 786 598 braicum
818 542 1002 602 habet.
1037 558 1057 592 ι
1083 542 1273 595 bibere
1296 557 1492 610 aquam
1516 542 1672 608 Seor,
1704 562 1722 594 ι
1754 542 1822 598 de
1845 558 1952 612 qua
1981 556 2127 596 nunc

545 633 896 706 propositum
929 649 1032 688 non
1058 643 1143 688 est
1176 634 1378 688 dicere.

620 724 713 779 29.
759 722 912 789 Quod
972 731 1155 777 autem
1206 737 1312 777 non
1343 724 1410 778 de
1465 723 1551 779 his
1598 723 1954 786 ﬂuminibus,
2003 737 2127 791 qua!

546 828 710 869 sensu
750 813 1129 884 percipiuntur
1156 852 1172 879 ,
1222 815 1532 884 praecipuus
1566 816 1641 870 sit
1670 829 1851 870 sermo
1898 814 2124 885 Spiritui

548 908 791 979 loquenti
846 908 901 961 in
948 908 1247 977 Scripturis
1295 922 1323 959 a
1373 909 1483 962 Deo
1538 907 1846 977 inspiratis,
1900 907 1951 960 id
2004 906 2128 961 licet

547 1001 713 1054 etiam
747 1013 976 1054 cernere
1006 1016 1071 1055 ex
1109 1000 1193 1055 his
1220 1014 1340 1069 qua!
1364 1001 1432 1052 ab
1459 998 1710 1053 Ezechiel
1737 998 2128 1068 prophetautur

549 1091 615 1144 ad
644 1088 985 1144 Pharaonem
1019 1105 1199 1161 regem
1243 1088 1461 1160 Egypti
1489 1090 1556 1155 “,
1590 1089 1736 1161 [quas
1766 1090 1847 1143 sic
1874 1089 2072 1142 habent
2107 1105 2121 1141 :

552 1199 573 1233 ι
618 1180 694 1234 Eu
720 1194 821 1250 ego
862 1180 929 1233 ad
966 1189 1040 1244 te,
1067 1195 1100 1234 o
1130 1180 1364 1245 Pharao,
1401 1196 1491 1233 rex
1525 1176 1797 1250 EgyptiJ
1832 1180 2123 1232 draconem

547 1286 834 1340 magnum,
868 1276 1144 1328 sedentem
1180 1272 1233 1325 in
1264 1272 1442 1326 medio
1471 1270 1781 1334 ﬂuviorum,
1819 1280 1871 1325 te
1922 1271 2126 1339 ipsum-

546 1377 652 1431 que
673 1362 1036 1431 alloqueutem
1070 1378 1085 1415 :
1120 1360 1255 1416 Mihi
1286 1370 1413 1416 sunt
1446 1362 1619 1431 ﬂuvii,
1673 1371 1722 1415 et
1754 1377 1849 1431 ego
1879 1360 1980 1430 feci
2012 1376 2123 1423 eos,

546 1463 602 1506 et
647 1451 788 1507 dabo
838 1456 1062 1522 laqueos
1107 1452 1159 1505 in
1193 1452 1441 1506 maxillas
1477 1464 1620 1517 tuas,
1670 1462 1727 1505 et
1775 1449 2125 1522 agglutinabo

551 1543 729 1612 pisces
762 1543 913 1599 ﬂuvii
967 1544 1108 1616 [(10)
1149 1558 1272 1599 cum
1302 1544 1494 1613 pennis
1523 1543 1656 1607 tuis,
1689 1552 1849 1611 teque
1879 1557 1910 1597 ο
1945 1541 2124 1596 medio

547 1635 770 1690 ﬂumine
829 1648 923 1692 tuo
952 1636 1245 1701 redueam,
1289 1645 1347 1691 et
1388 1649 1583 1690 omnes
1619 1635 1799 1705 pisces
1838 1633 2122 1706 ﬂuminis,]

549 1740 605 1784 et
639 1728 889 1798 dejiciam
916 1739 969 1785 te
998 1729 1250 1785 celeriter
1283 1746 1297 1781 :
1326 1737 1381 1783 et
1412 1742 1602 1783 omnes
1633 1728 1813 1797 pisces
1840 1727 1992 1782 ﬂuvii
2028 1743 2122 1784 co-

2232 556 2250 589 ι
2292 536 2385 590 τοῦ
2412 541 2552 592 πιεῖν
2584 537 2727 610 ὓδωρ
2759 535 2901 590 Σιὼν
2934 535 3035 608 (8),
3074 554 3093 588 ι
3136 536 3264 608 περὶ
3287 528 3348 590 οὗ
3377 537 3441 589 ού
3463 535 3559 593 νῦν
3582 538 3799 611 πρόκει-

2225 648 2315 685 ται
2349 630 2549 698 λέγειν.

2295 723 2383 778 29.
2414 723 2535 775 Ὅτι
2564 721 2620 775 δὲ
2644 722 2706 775 οὐ
2723 722 2852 793 περὶ
2881 721 3156 793 αίσθητῶν
3186 719 3445 791 ποταμῶν
3472 722 3502 775 6
3533 721 3805 793 προηγού-

2229 830 2389 885 μενος
2431 813 2590 881 λόγος
2631 813 2748 866 ἐστὶ
2784 812 2862 883 τῷ
2892 815 2951 865 ὲν
2994 816 3113 878 ταῖς
3154 811 3533 877 θεοπνεύστοις
3563 814 3808 884 Γραφαῖς

2226 904 2472 958 λαλοῦντι
2503 903 2802 975 Πνεύματι,
2843 904 2938 958 καὶ
2964 905 3070 959 ἀπὸ
3101 903 3209 957 τῶν
3236 905 3294 957 ὲν
3323 902 3403 974 τῷ
3440 903 3693 976 Ἐζεκιὴλ
3716 906 3812 959 ἐπὶ

2224 993 2424 1068 Φαραὼ
2481 994 2704 1065 βασιλέα
2763 995 3040 1065 Αἰγύπτου
3109 995 3602 1066 προφητευομένων
3664 996 3814 1052 ἔστιν

2229 1085 2378 1151 ἰδεῖν,
2412 1086 2585 1150 οὕτως
2625 1087 2875 1158 ἑχόντων·
2934 1106 2954 1139 ι
3009 1087 3139 1141 Ἰδοὺ
3187 1084 3300 1156 ἐγὼ
3332 1087 3426 1141 ἐπὶ
3465 1088 3549 1153 σὲ,
3588 1087 3810 1160 Φαραὼ,

2227 1179 2446 1250 βασιλεῦ
2489 1179 2764 1249 Αἰγύπτου
2796 1180 2895 1250 (9),
2925 1178 3015 1233 τὸν
3044 1179 3310 1251 δράκοντα
3351 1179 3444 1233 τὸν
3473 1179 3671 1251 μέγαν,
3720 1179 3813 1233 τὸν

2225 1271 2595 1343 ἐγκαθήμενον
2618 1273 2677 1324 ὲν
2707 1271 2857 1342 μέσῳ
2874 1271 3155 1343 ποταμῶν,
3183 1272 3343 1326 αὐτὸν
3362 1270 3611 1340 λέγοντα’
3649 1272 3817 1340 Ἐμοί

2222 1365 2381 1416 εἰσιν
2395 1365 2449 1416 οἱ
2469 1362 2741 1432 ποταμοί,
2769 1362 2870 1416 καί
2890 1359 3004 1432 ἐγὼ
3023 1362 3284 1431 ἐποίησα
3313 1363 3557 1430 αὐτούς’
3584 1363 3680 1415 καὶ
3704 1360 3815 1429 ἐγὼ

2222 1457 2379 1511 δώσω
2401 1458 2635 1527 παγίδας
2666 1458 2746 1521 εἰς
2777 1457 2878 1521 τὰς
2906 1456 3163 1525 σιαγόνας
3193 1473 3311 1525 σου,
3342 1458 3438 1511 καὶ
3471 1455 3816 1527 προσκολλη-

2226 1565 2304 1602 σω
2327 1551 2451 1614 τοὺς
2480 1549 2668 1621 ίχθύας
2688 1548 2782 1603 τοῦ
2810 1548 3057 1620 ποταμοῦ
3089 1549 3226 1622 πρὸς
3248 1549 3346 1613 τὰς
3379 1547 3665 1620 πτέρυγάς
3696 1563 3817 1613 σου,

2224 1637 2319 1691 καὶ
2346 1638 2527 1703 ἀνάξω
2556 1656 2616 1692 σε
2646 1639 2711 1691 ὲκ
2746 1638 2913 1709 μέσου
2938 1637 3033 1691 τοῦ
3053 1638 3303 1710 ποταμοῦ
3335 1654 3454 1702 σου,
3484 1637 3585 1691 καὶ
3605 1637 3819 1699 πάντας

2222 1731 2348 1793 τοὺς
2382 1729 2572 1800 ίχθύας
2600 1728 2695 1783 τοῦ
2721 1727 2989 1800 ποταμοῦ,
3014 1731 3110 1783 καὶ
3135 1729 3428 1784 καταϐαλῶ
3458 1747 3520 1784 σε
3546 1732 3606 1783 ὲν
3637 1729 3812 1799 τάχειο

548 1835 663 1875 ram
718 1820 858 1876 facie
886 1830 1045 1876 terra:
1078 1830 1183 1875 tua;
1211 1819 1449 1886 cadent,
1483 1828 1537 1873 et
1568 1818 1729 1890 148
1754 1834 1860 1873 nou
1892 1833 2120 1889 congre-

2226 1818 2316 1870 καὶ
2358 1818 2567 1883 πάντας
2614 1819 2738 1883 τοὺς
2780 1819 2970 1891 ἰχθύας
2993 1819 3086 1874 τοῦ
3113 1819 3362 1891 ποταμοῦ
3384 1820 3477 1873 ἐπὶ
3515 1818 3815 1891 προσώπου

546 1912 786 1981 gaberis,
818 1921 875 1967 et
921 1928 1026 1967 non
1062 1912 1367 1967 ornaberis.
1408 1929 1428 1963 ι
1466 1911 1635 1977 Quem
1667 1920 1975 1979 serpentem
2001 1927 2125 1966 cor-

545 2005 833 2075 poralern-,
879 2004 934 2059 in
966 2002 1239 2074 corporali
1280 2000 1501 2074 Egypti
1553 2002 1716 2058 ﬂuvio
1744 2003 1918 2057 visum
1954 2002 2125 2059 fuisse

543 2098 904 2167 prodiderunt
952 2111 1188 2167 unquam
1243 2096 1537 2153 historiae?
1592 2096 1828 2151 Proimle
1880 2097 2006 2149 vide
2056 2111 2125 2150 ne

544 2186 687 2244 forte
722 2187 917 2243 ﬂuvius
947 2186 1171 2259 .‘Egypti
1204 2185 1359 2242 locus
1390 2187 1463 2242 sit
1503 2170 1759 2243 draconis
1784 2185 1990 2241 inimici
2023 2200 2123 2240 no-

544 2280 672 2342 stri,
693 2281 785 2348 qui
812 2296 882 2336 ne
908 2279 1132 2351 Moysen
1163 2280 1381 2349 quidem
1410 2294 1636 2350 puerum
1659 2279 1966 2334 interﬁcere
1997 2280 2121 2348 qui-

543 2370 645 2426 vit.
682 2369 756 2426 Ut
786 2379 970 2425 autem
996 2371 1164 2424 draco
1191 2378 1274 2424 est
1303 2370 1356 2423 in
1384 2367 1611 2440 Egypti
1649 2367 1835 2435 ﬂuvio,
1864 2371 1942 2425 sic
1978 2368 2123 2425 Deus

544 2471 631 2518 est
665 2463 719 2516 in
766 2460 933 2516 ﬂuvio
980 2461 1287 2518 lmtiﬂcante
1325 2462 1599 2517 civitatem
1638 2462 1728 2516 Dei
1753 2461 1798 2493 "
1823 2479 1838 2528 ;
1867 2478 1987 2516 nam
2014 2462 2117 2517 Pa-

545 2563 632 2610 ter
662 2556 826 2610 estin
867 2554 1006 2614 Filio
1038 2555 1108 2608 ⁸⁸.
1159 2554 1315 2609 Hanc
1343 2555 1414 2608 ob
1462 2569 1683 2608 causam
1727 2555 1818 2623 qui
1851 2556 1918 2610 ad
1943 2556 2117 2623 ipsum

544 2655 777 2716 pergunt
807 2655 866 2700 ut
895 2646 1163 2712 laventur,
1213 2647 1473 2715 probrum
1517 2647 1795 2716 deponunt
1842 2661 1909 2700 ex
1945 2645 2117 2718 aEgy-

545 2746 639 2808 pto
672 2738 914 2801 ductum,
948 2739 1298 2807 aptioresque
1330 2737 1467 2790 ﬁunt
1512 2746 1572 2791 ut
1625 2737 2019 2801 subvehantur,
2060 2747 2119 2794 et

547 2829 883 2883 tnttndantur
910 2844 939 2882 a
966 2828 1135 2896 lepra,
1168 2827 1706 2897 duplicationemque
1734 2828 1999 2882 donorum
2025 2844 2121 2884 ac-

625 2918 901 2973 ”.Ezech.
933 2934 1081 2983 xxix,
1106 2918 1141 2972 '5
1165 2928 1217 2972 et
1249 2933 1368 2987 seq.

2226 1909 2321 1963 τοῦ
2343 1910 2524 1964 πεδίου
2549 1927 2641 1963 σου
2664 1910 2826 1984 πέσῃ,
2849 1912 2943 1964 καὶ
2970 1911 3032 1964 ού
3072 1910 3149 1982 μὴ
3188 1910 3480 1982 συναχθῇς,
3511 1911 3611 1965 καὶ
3649 1911 3712 1964 οὐ
3742 1911 3817 1981 μὴ

2229 1999 2579 2071 περισταλῇς.
2606 2017 2626 2051 ι
2660 1999 2820 2064 Ποῖος
2852 1999 2963 2071 γὰρ
3007 1998 3317 2071 σωματικὸς
3355 1998 3577 2071 δράκων
3613 1998 3728 2071 (Η)
3759 2000 3817 2052 ὲν

2229 2091 2307 2162 τῷ
2334 2089 2628 2161 σωματικῷ
2658 2089 2758 2161 τῆς
2780 2089 3058 2159 Αἰγύπτου
3108 2089 3338 2161 ποταμῷ
3368 2090 3563 2161 ὀφθεὶς
3600 2091 3821 2161 ἱστόρη-

2228 2183 2319 2238 ταί
2352 2199 2516 2248 ποτε;
2542 2181 2702 2237 Ἀλλὰ
2735 2185 2944 2255 μήποτε
2969 2182 3169 2256 χωρίον
3193 2184 3312 2236 ἐστὶ
3346 2184 3458 2256 (12)
3497 2183 3598 2239 τοῦ
3622 2182 3820 2256 ἐχθροῦ

2224 2276 2380 2349 ἡμῶν
2411 2276 2700 2348 δράκοντος
2730 2277 2759 2329 6
2783 2275 2881 2347 τῆς
2907 2274 3185 2343 Αἰγύπτου
3213 2276 3478 2348 ποταμὸς,
3519 2276 3658 2348 μηδὲ
3692 2293 3820 2330 παι-

2223 2367 2334 2422 δίον
2364 2368 2681 2421 ἀποκτεῖναι
2706 2365 2946 2420 Μωῦσέα
2977 2365 3242 2437 δυνηθείς.
3276 2368 3487 2439 Ὠσπερ
3512 2368 3572 2421 δὲ
3602 2368 3821 2439 δράκων

2226 2462 2284 2513 ὲν
2321 2457 2399 2529 τῷ
2434 2458 2714 2529 Αἰγυπτίῳ
2749 2457 2865 2511 ἐστὶ
2895 2457 3148 2530 ποταμῷ,
3188 2457 3363 2523 οὕτως
3389 2461 3418 2513 ὁ
3455 2459 3597 2524 Θεὸς
3629 2462 3689 2513 ὲν
3744 2458 3818 2529 τῷ

2225 2550 2567 2621 εὐφραίνοντι
2593 2550 2691 2621 τὴν
2718 2548 2871 2602 πόλιν
2893 2548 2987 2603 τοῦ
3009 2550 3145 2603 Θεοῦ
3169 2552 3416 2624 ποταμῷθ
3437 2555 3467 2606 6
3491 2552 3693 2625 Πατὴρ
3713 2553 3820 2624 γὰρ

2224 2646 2284 2699 ὲν
2315 2645 2394 2717 τῷ
2423 2644 2562 2717 Υίῷ.
2608 2644 2708 2699 Διὰ
2733 2643 2892 2699 τοῦτο
2930 2646 2977 2699 οἰ
3015 2645 3300 2717 γενόμενοι
3338 2646 3398 2698 ὲν
3431 2644 3587 2716 αὐτῷ
3618 2645 3712 2698 ἐπὶ
3741 2643 3820 2714 τῷ

2225 2738 2521 2794 λούσασθαι
2546 2739 2638 2792 τὸν
2666 2737 2970 2809 ὀνειδισμὸν
3001 2737 3350 2793 ἀποτίθενται
3383 2737 3484 2809 τῆς
3514 2737 3817 2807 Αἰγύπτου,

2228 2833 2323 2885 καὶ
2341 2830 2762 2903 ἐπιτηδειότεροι
2796 2832 2935 2904 πρὸς
2961 2831 3023 2886 τὸ
3052 2830 3815 2902 ἀναλαμϐάνεσθαιγίνονται,

1462 2917 1508 2949 ⁸⁷
1538 2917 1685 2972 Psal.
1710 2933 1834 2980 xu,
1866 2917 1918 2971 5.
1994 2918 2041 2950 ⁸⁸
2068 2917 2225 2977 Joan.
2253 2936 2309 2985 ι,
2343 2919 2413 2975 58
2445 2928 2504 2976 et
2528 2931 2638 2984 xiv,
2668 2915 2760 2972 l0.

618 3011 696 3084 (8)
732 3014 819 3074 Ἦ,
841 3011 922 3093 ᾡς
948 3011 1015 3065 τὸ
1045 3011 1351 3095 Ἑϐραϊκᾴν
1372 3011 1515 3094 exet.
1548 3011 1655 3094 τρῦ
1680 3014 1840 3096 mele.-
1874 3012 1940 3067 τὸ
1972 3013 2127 3095 ὕδωρ
2154 3020 2196 3079 C
2230 3017 2423 3139 ταὲιοῖς
2453 3015 2672 3139 of:wa
2694 3032 2708 3045 '
2740 3014 2837 3069 καὶ
2864 3015 3010 3079 τίνες
3052 3016 3103 3068 oi
3148 3015 3208 3069 ἐν
3242 3016 3362 3078 ταῖς
3396 3013 3613 3082 φολίσιν
3650 3015 3816 3070 αὐτοῦ

618 3084 716 3137 ὠν.
752 3084 998 3136 Vartetas
1031 3084 1145 3138 haec
1177 3084 1425 3138 lectionis
1455 3093 1695 3149 pertinet
1721 3086 1786 3137 ad
1816 3084 1947 3138 Illud
1981 3103 1995 3137 :
2023 3101 2117 3137 του
2232 3087 2284 3149 ἰχ
2311 3087 2415 3149 Δύες
2439 3102 2453 3149 ;
2543 3086 2601 3138 αὶ
2620 3085 2671 3139 τί
2710 3102 2777 3149 με
2803 3086 2885 3139 δεῖ
2914 3087 3009 3138 ἐπὶ
3034 3086 3257 3139 πλείονα
3284 3085 3721 3149 κατασκευάζειν
3749 3086 3816 3141 τὰ

546 3084 716 3139 Σιών.
736 3084 998 3153 έναι-ιονιιιε
1031 3084 1425 3138 haec'lectionis
1455 3084 1695 3153 pertinet
1721 3086 1786 3137 ad
1816 3084 1947 3138 illud
1981 3103 1995 3137 :
2023 3084 2117 3137 τοῦ

547 3155 692 3226 πιεῖν
720 3152 862 3226 ὕδωρ
886 3152 1060 3226 Γηῶν,
1088 3168 1193 3226 non
1222 3155 1298 3226 ad»
1324 3152 1467 3226 hoc,
1488 3152 1584 3206 τοῦ
1622 3156 1765 3226 πιεῖν
1795 3153 1938 3226 ὕδωρ
1960 3171 2126 3209 ποτα-

594 3224 692 3278 ῶν.
740 3224 966 3277 Codices
1004 3224 1227 3292 Regius.
1268 3223 1625 3285 Bodleiauus.
1685 3223 2018 3279 Barheri‘nus
2070 3234 2125 3279 et

574 3294 834 3347 ’erionius
887 3294 1086 3347 habent
1140 3292 1299 3355 Σιών,
1353 3293 1425 3346 ita
1471 3304 1529 3346 ut
1580 3308 1680 3346 uos
1728 3296 2033 3349 edidimus:
2070 3304 2126 3348 at

549 3364 857 3419 Ferrarius.
898 3380 918 3412 ‹
957 3364 1138 3417 bibere
1163 3380 1358 3431 aquam
1399 3365 1555 3427 Seor,
1588 3381 1606 3413 ι
1640 3374 1805 3428 recte,
1858 3365 2124 3418 Hebraice

549 3436 698 3489 enim
725 3444 807 3504 est
828 3443 1004 3493 nimo.
1035 3436 1175 3488 unde
1199 3436 1367 3504 Σῖρις,
1402 3449 1509 3502 quo
1537 3435 1754 3504 nomine
1785 3433 2124 3502 Nilusappel-

550 3505 716 3569 latur,
759 3503 825 3574 ah
849 3519 1111 3571 aquarum
1153 3502 1393 3572 nigrore.
1421 3506 1563 3557 umle
1595 3521 1622 3557 ιι
1665 3502 1872 3574 Graecis
1899 3506 2123 3574 quibus-

548 3578 672 3629 dam
708 3572 893 3636 Μέλας
914 3575 1133 3642 proprio
1158 3574 1377 3629 nomine
1406 3574 1585 3628 dictus
1622 3584 1726 3628 est.
1761 3572 2123 3629 LXX—reddi-

549 3645 748 3699 derunt
774 3644 949 3714 Γηῶν,
973 3661 1036 3699 ex
1063 3655 1276 3698 vetusto
1298 3659 1508 3708 errore,
1544 3646 1653 3713 iam
1698 3647 1824 3699 inde
1875 3646 1944 3699 ab
1981 3645 2124 3698 auti-

592 3716 673 3770 uis
736 3714 969 3769 deducto
1022 3716 1377 3782 temporibus,
1419 3731 1526 3781 quo
1577 3714 1776 3769 Phison
1825 3723 1881 3769 et
1929 3714 2121 3769 Gehon

592 3731 673 3770 ius
736 3730 969 3769 ueuucto
1022 3730 1377 3782 tempormus,
1419 3731 1526 3781 quo
1577 3730 1776 3769 rmson
1825 3730 1881 3769 et
1929 3730 2121 3769 benon

548 3730 762 3853 ganges
784 3799 905 3838 esse
937 3794 992 3838 et
1040 3783 1191 3838 Nilus
1218 3784 1692 3839 existimabantur.
1720 3785 1791 3839 At
1819 3785 2123 3839 accuratio-

551 3856 703 3909 ribus
731 3854 1095 3925 recentiorum
1129 3856 1409 3908 hominum
1441 3854 1637 3908 studiis
1677 3864 2014 3925 compertum
2038 3865 2121 3908 est

549 3934 785 4005 quatuor
806 3926 982 4005 capita
1014 3924 1158 4005 ﬂuvii
1198 3926 1513 4005 paradisum
1545 3924 1820 4005 irrigantis
1841 3941 1917 4005 _ea
1954 3925 2123 3980 fuisse

552 3995 758 4065 Tigrim
814 4004 869 4065 et
907 3994 1261 4065 Euphratem,
1291 4006 1403 4048 tum
1452 3994 1631 4048 alveos
1656 3994 1778 4050 illos
1821 3997 1991 4065 duos,
2026 4012 2123 4065 per

549 4063 689 4133 ques
720 4064 1023 4133 Euphrates
1056 4063 1259 4135 Tigridi
1292 4065 1588 4135 permistus
1620 4065 1672 4118 in
1710 4067 1889 4119 sinum
1942 4063 2122 4120 Persi-

550 4151 676 4189 eum
703 4135 957 4203 erumpit.
1006 4135 1106 4188 Adi
1131 4133 1366 4202 'Josephi
1422 4133 1681 4203 Scaligeri
1726 4136 1800 4188 De
1856 4140 2117 4192 emendat.

550 4215 707 4270 temp.
745 4205 937 4257 librum
960 4205 1230 4274 quintum,
1260 4216 1315 4259 et
1341 4205 1501 4275 epist.
1534 4207 1660 4271 Ml,
1689 4206 1783 4275 qui
1832 4204 2119 4259 Calvinum

550 4275 840 4343 sententia:
877 4275 1035 4343 hujus
1068 4286 1348 4329 auctorem
1407 4286 1461 4328 et
1505 4277 1847 4332 inventorem
1910 4276 2119 4329 laudat.

2311 3087 2415 3155 his;
2439 3102 2453 3151 ;
2490 3085 2601 3139 Καὶ
2620 3085 2671 3139 τί
2710 3102 2777 3156 με
2803 3086 2885 3139 δεῖ
2904 3087 3009 3156 ίὲπὶ
3034 3086 3257 3156 πλείονα
3282 3085 3721 3156 κατασκευάζειν
3749 3086 3820 3141 τὰ

2350 3150 2581 3226 δεόμενα
2620 3150 2996 3226 κατασκευῇςς
3028 3156 3113 3226 ἐφ’
3159 3150 3242 3218 οἷς
3280 3154 3497 3226 λέγεται
3523 3156 3587 3209 τό
3610 3173 3625 3187 ·
3666 3176 3686 3209 t
3720 3158 3818 3222 Τίς

2228 3225 2408 3296 σοφὸς,
2442 3225 2534 3297 καὶ
2563 3229 2785 3297 συνήσει
2816 3225 3029 3286 ταῦτα;
3063 3225 3097 3297 ἢ
3127 3225 3365 3290 συνετὸς,
3396 3227 3492 3279 καὶ
3514 3227 3819 3296 ἐπιγνώσε-

2224 3314 2314 3350 ται
2338 3296 2519 3367 αὑτά;
2552 3315 2570 3347 ι
2605 3296 2803 3367 Ezerh.
2836 3312 2990 3360 uix,
3013 3297 3068 3361 5,
3090 3296 3145 3351 et
3169 3312 3342 3367 nm,
3366 3296 3422 3359 2,
3451 3312 3554 3364 pro
3581 3312 3650 3351 eo
3675 3298 3819 3367 quod

2225 3366 2369 3421 LXX
2407 3367 2639 3437 reddunt
2702 3366 2953 3437 δράκων,
3012 3366 3279 3437 Hebraice
3332 3367 3567 3437 habetur
3614 3366 3816 3433 Dii-“in.

2224 3439 2369 3507 quod
2398 3451 2502 3490 non
2537 3436 2808 3491 dracones
2831 3437 3027 3500 solum,
3057 3436 3150 3491 sed
3174 3445 3301 3507 cete
3322 3436 3486 3507 etiam
3513 3476 3529 3499 ,
3557 3441 3818 3507 grandio-

2223 3506 2315 3562 res
2348 3507 2523 3576 pisces
2544 3517 2598 3561 et
2619 3516 2898 3574 serpentes
2943 3507 3231 3573 signiﬁcat.
3289 3506 3344 3559 In
3378 3506 3462 3558 his
3494 3506 3819 3564 recenselur

2223 3578 2548 3632 crocodilus.
2579 3592 2740 3632 auem
2766 3578 2868 3629 huc
2900 3577 3018 3632 loco
3045 3576 3349 3632 designavit
3380 3576 3658 3632 Ezechiel.
3691 3579 3817 3632 llam

2223 3592 2548 3639 crocouuns,
2579 3592 2740 3645 quem
2766 3592 2868 3629 nuc
2900 3592 3018 3632 loco
3045 3592 3349 3643 oestgnam
3380 3592 3658 3632 mecmet.
3691 3592 3817 3635 ﬂare

2224 3656 2403 3701 autem
2431 3648 2610 3701 bellua
2642 3645 2863 3715 IEgypti
2901 3662 3081 3712 regem
3112 3647 3406 3714 expressit,
3446 3650 3814 3714 quemadmo-

2225 3719 2350 3789 dum
2394 3717 2589 3789 eadem
2642 3714 2951 3789 {Egyptiaci
3015 3716 3166 3785 regni
3228 3717 3591 3789 postmodunr
3649 3729 3814 3789 typus

2224 3786 2325 3857 luit
2355 3798 2409 3841 et
2449 3786 2782 3857 syiubolum.
2826 3785 2989 3841 Certe
3039 3794 3160 3854 post
3214 3785 3483 3855 adiectam
3561 3785 3818 3844 Rotiiano

2224 3856 2451 3927 imperio
2474 3856 2791 3926 Egyptum,
2824 3856 3062 3927 nummis
3086 3857 3200 3927 suis
3243 3857 3581 3927 crocodilum
3629 3864 3819 3925 Augu-

2224 3926 2341 3983 stus
2364 3931 2578 4009 appingi
2608 3927 2793 4008 voluit.
2816 3926 2954 3992 Quid
2974 3926 3465 4008 quisid-Pharaonem
3487 3926 3819 3999 Egyptiace

2224 3998 2558 4051 crocodilum
2587 3997 2901 4051 smntllcare
2942 4012 3136 4051 COItlICI
3180 4012 3249 4051 ex
3285 4011 3351 4050 eo
3403 4007 3606 4051 potest.
3665 4002 3814 4051 uuod

2222 4002 2558 4052 crocodilum
2587 4002 2901 4066 signiﬁcare
2942 4002 3136 4119 coniici
3180 4012 3249 4051 ex
3285 4011 3351 4050 eo
3403 4007 3606 4064 potest,
3665 4002 3814 4067 quod

2222 4069 2546 4149 Mapud
2576 4067 2922 4149 Arabes,_qui
2953 4083 3039 4120 mu
3070 4077 3119 4149 ta
3145 4067 3214 4149 ab
3236 4064 3508 4136 Egyptiis
3530 4069 3815 4149 eumipsa

2222 4136 2623 4207 signiﬁcatione
2674 4136 2935 4191 vocabula
2980 4137 3209 4207 mutuati
3243 4148 3411 4207 sunt,
3460 4136 3812 4193 crocodilum

2223 4204 2402 4278 sonet.
2428 4208 2564 4278 Nam
2592 4207 2740 4275 quod
2781 4207 2976 4261 scribit
3009 4204 3280 4278 losephgs
3302 4246 3317 4268 .
3347 4206 3527 4278 Antiq.
3559 4209 3659 4262 lib.
3692 4224 3814 4277 vm,

2224 4293 2345 4346 cap.
2366 4277 2421 4341 ‘2,
2475 4296 2493 4327 ι
2540 4274 2879 4331 Pharaonem
2908 4318 2924 4341 ,
2954 4296 2973 4329 ι
3002 4274 3155 4344 apud
3188 4274 3696 4348 Egyptios'regcm
3738 4274 3817 4332 si;

556 4342 827 4425 Vulgata;
862 4364 880 4425 ι
919 4342 985 4399 Ut
1015 4346 1168 4425 bibas
1206 4362 1424 4425 aquam_
1455 4345 1811 4425 turbidam?!
1846 4345 1989 4415 quod
2047 4344 2121 4398 fa-
2154 4371 2197 4425 ι)
2226 4342 2504 4417 gniﬁcare,
2541 4348 2627 4400 vix
2672 4347 2921 4425 cuiquam
2976 4342 3167 4425 ptiobet
3227 4342 3347 4425 qui
3372 4342 3809 4425 _a_nimai'lvertit,

549 4423 697 4484 ctum
741 4416 957 4468 videtur
1008 4430 1072 4467 ex
1114 4415 1301 4469 Grazco
1357 4414 1465 4468 τῶν
1513 4420 1567 4469 0'
1593 4456 1607 4480 ,
1659 4416 1798 4484 apud
1844 4414 1982 4484 quos
2025 4430 2123 4482 pro

550 4481 696 4556 ύδωρ
729 4484 907 4556 Γηῶν.
951 4499 1231 4555 perperam
1282 4485 1515 4542 fortasse
1570 4481 1771 4540 lectum
1814 4481 1919 4553 est,
1982 4481 2125 4556 ὕδωρ

550 4554 730 4624 Γήῖον.
763 4554 1023 4609 Ηυετιυε.

624 4626 701 4694 (9)
721 4623 1265 4693 Προφητευομένων
1295 4626 1467 4680 ἔστιν
1527 4624 1675 4680 ἰδεῖν
1722 4625 1910 4690 οὕτως
1954 4624 2125 4693 ὲχόντ

550 4708 671 4749 των
693 4712 705 4726 ο
761 4695 905 4748 Ἰδοὺ
937 4694 1053 4764 ἐγὼ
1099 4695 1198 4747 ἐπὶ
1242 4696 1351 4760 σὲ,
1381 4694 1610 4763 Φαραὼ,
1639 4694 1903 4760 ,βασιλεῦ
1956 4696 2123 4761 Αὶγύ.

551 4778 724 4818 πτου.
759 4766 884 4820 Haec
914 4766 1290 4837 desiderantur
1314 4767 1367 4821 in
1392 4770 1579 4821 codice
1601 4766 1790 4837 Regio,
1819 4767 1916 4821 sed
1967 4766 2125 4821 resti-

556 4847 779 4890 tuuntur
802 4851 834 4891 e
853 4836 1038 4890 codice
1066 4835 1377 4892 Bodleiano.

624 4907 735 4978 (to)
785 4906 908 4961 Haec
929 4922 994 4960 ex
1055 4908 1502 4974 interpretatione
1567 4906 1799 4962 Periouii
1849 4905 2123 4978 supplevi-

551 4991 694 5031 mus.
1694 4994 1699 4999 '

624 5044 736 5116 (ll)
758 5045 939 5116 Ποῖος
954 5046 1063 5116 γὰρ
1086 5045 1419 5116 σωματικὰθ
1438 5044 1696 5114 δράκων,
1724 5058 1829 5100 etc.
1859 5045 2120 5114 Origenes

552 5115 651 5169 lib.
682 5115 733 5170 tv
760 5115 942 5170 contra
963 5115 1199 5176 Celsum.
1229 5120 1377 5171 ιιίιιιι.
1410 5118 1501 5179 5υ,
1537 5133 1592 5184 μ.
1627 5118 1753 5172 542;
1787 5116 1883 5179 Τίς
1907 5116 1949 5169 δ’
1990 5117 2122 5170 ἁνα-

551 5184 874 5273 γιγνὼσκιυν
889 5185 1161 5273 δράκοντα
1189 5190 1246 5271 εν
1273 5186 1349 5270 τῷ
1365 5187 1646 5273 Αἰγυπτίιρ
1662 5185 2116 5273 ποταμῴκςῶντα,

552 5258 649 5329 καῖ
676 5258 801 5329 τοὺς
834 5255 1019 5327 ἰχθύας
1039 5255 1455 5329 ὲμφωλεύονξας
1484 5255 1650 5329 αὑτοῦ
1676 5255 2055 5329 ταῖςφολίσιν,
2083 5258 2116 5329 ἢ

550 5326 660 5381 ἀπὸ
674 5326 784 5411 τῶν
809 5325 885 5379 π’“
916 5325 1258 5414 χωρημάτων
1295 5325 1390 5379 τοῦ
1423 5325 1622 5413 Φαραὼ
1658 5329 1764 5399 πλη
1806 5327 2008 5397 ούμενα
2050 5325 2121 5409 τά

550 5398 829 5450 Αἰγύπτου
854 5343 979 5450 ἔζη.
1013 5414 1073 5449 ου
1109 5397 1407 5450 προάγεται
1444 5397 1667 5450 αυτόθεν
1695 5344 1830 5450 ποὲε
1860 5399 1920 5450 τὸ
1956 5396 2121 5450 ζητη-

549 5397 834 5470 Λίγύπτου
855 5396 979 5468 ὅρη,
1001 5396 1085 5470 ήού
1109 5397 1407 5470 προάγεται
1444 5396 1667 5451 αὐτόθεν
1695 5396 1830 5470 πρὸς
1860 5396 1920 5451 τὸ
1956 5396 2121 5470 ζητῇς

555 5485 667 5540 σαι,
693 5468 775 5540 τίς
814 5466 1138 5540 ὁ-τοσούτων
1158 5466 1413 5540 δυσωδῶν
1460 5466 1910 5540 προχωρημὰτων
1952 5466 2117 5521 αὑτοῦ

553 5537 777 5609 πληρῶν
807 5537 877 5590 τὰ
909 5537 1216 5605 Αἰγυπτίων
1241 5537 1371 5608 ὅρη·
1404 5536 1516 5591 καῖ’
1539 5536 1662 5592 τινα
1693 5536 1762 5592 τὰ
1797 5540 1904 5593 τῶν
1955 5540 2119 5606 Δίγυ-

556 5609 726 5661 πτίων
753 5609 850 5661 δοίη
871 5624 884 5637 ’
922 5608 1015 5660 καὶ
1039 5606 1181 5661 τίνες
1209 5609 1258 5659 οἱ
1286 5610 1345 5658 ἐν
1372 5608 1631 5661 Αἰγύπτω
1686 5610 1938 5661 ποταμοὶ.
1990 5610 2118 5661 περὶ

556 5624 726 5695 ξτιων
753 5624 852 5689 om
871 5624 884 5637 ο
922 5624 1015 5660 και
1039 5624 1181 5670 τινες
1209 5624 1258 5659 οι
1286 5624 1345 5658 εν
1372 5624 1631 5678 Αιγυπτῳ
1686 5624 1938 5732 mactet,
1990 5624 2117 5681 περι

552 5694 631 5733 ων
659 5679 839 5749 αύχων
860 5677 1004 5750 λέγει
1027 5679 1055 5750 6
1076 5677 1469 5750 προειρημένος
1490 5679 1693 5750 Φαραώ
1715 5698 1727 5710 ·
1764 5700 1782 5731 ι
1806 5681 1819 5699 ‘
1846 5680 1957 5750 ‘poi
1981 5681 2117 5731 εἰσιν

554 5750 607 5820 οἰ
631 5748 1004 5820 ποταμο“ι,καὶ-
1028 5748 1137 5820 ὲγῲ
1157 5748 1389 5820 ἐποίησα
1414 5748 1610 5813 αὐτούς
1630 5767 1643 5781 ο
1672 5770 1689 5802 ι
1724 5750 1815 5804 καὶ
1838 5748 1921 5812 τίς
1946 5752 1974 5802 6
1989 5750 2117 5802 ἀνάο

557 5816 713 5889 λογον
743 5816 854 5884 τοῖς
878 5816 1416 5891 ἀποδειχθησομὲνοις
1443 5820 1551 5874 ἀπὸ
1574 5821 1667 5892 τῆς
1699 5822 1987 5894 ἑρμηνείας
2017 5838 2111 5873 πο-

2230 4432 2391 4486 quam
2420 4432 2563 4541 srepe
2595 4433 2718 4473 «rex
2747 4417 2988 4470 Pharam
3036 4418 3088 4470 in
3146 4418 3321 4471 sacris
3372 4417 3527 4473 libris
3572 4418 3813 4486 legatur.

2232 4488 2342 4542 Nec
2362 4488 2484 4541 simi
2511 4503 2541 4541 e
2572 4497 2657 4541 est
2690 4506 2709 4538 ι
2749 4488 2901 4557 Abba
2933 4499 3111 4557 pater,
3149 4505 3168 4539 ι
3206 4487 3353 4557 quod
3401 4497 3583 4542 exstat
3634 4489 3813 4546 Marc.

3091 4525 3108 4550 ⁹
3149 4525 3168 4539 υ
3207 4525 3353 4550 ιιιινιι
3402 4525 3583 4542 ν-δ.α.
3634 4525 3813 4546 ...ηιυο

2233 4574 2345 4622 xw,
2372 4558 2464 4623 36,
2495 4558 2655 4630 Rom.
2681 4556 2910 4630 vu,_l5,
2937 4568 2985 4611 et
3021 4555 3195 4613 Galat.
3224 4555 3298 4630 iv,
3329 4558 3382 4611 6.
3406 4557 3467 4630 ild
3517 4559 3667 4612 enim
3719 4576 3817 4630 ge-

2233 4631 2511 4699 minarunt
2534 4627 2745 4682 Hebrmi
2782 4626 2971 4683 Graeca
3004 4638 3216 4699 utentes
3240 4629 3473 4695 loquela,
3506 4639 3566 4681 ut
3624 4626 3813 4699 majo-

2233 4714 2346 4753 rem
2380 4698 2610 4753 atfectus
2631 4700 2736 4751 vim
2772 4713 2835 4751 ea
2872 4711 3002 4751 voce
3033 4698 3392 4768 declararent,
3427 4713 3588 4766 quam
3644 4698 3809 4768 pueri

2232 4779 2443 4838 patrem
2472 4768 2804 4838 appellantes
2834 4777 3113 4839 usurpant.
3144 4766 3334 4839 Verius
3380 4784 3486 4821 nou
3526 4778 3635 4839 est!
3648 4766 3811 4839 quod

2230 4836 2362 4893 dant
2391 4836 2624 4910 nominis
2644 4839 2799 4910 illius
2822 4836 3039 4908 etymun
3061 4836 3565 4910 _Philo_.:illcgor_.2,
3600 4836 3812 4910 Or‘ige-

2230 4925 2327 4980 nes
2360 4910 2542 4962 homil.
2569 4907 2601 4961 6
2621 4909 2688 4980 _i_u
2719 4906 2905 4961 Cenes.
2953 4906 3112 4980 n._2.
3143 4923 3197 4976 p.
3224 4907 3315 4971 Π,
3347 4920 3400 4962 et
3435 4906 3817 4980 Hieronymus

2229 4978 2308 5032 De
2333 4980 2586 5036 naminib.
2611 4977 2882 5043 Ilebraic.,
2911 4980 2979 5031 ab
3006 4978 3229 5033 Ilebraao
3264 4992 3455 5047 nempe
3491 4977 3661 5043 ΓΒ(
3680 4995 3815 5037 cum

2235 5048 2503 5114 «Pharao,
2538 5067 2557 5101 ι
2591 5050 2845 5113 reddunt,
2874 5047 3242 5119 61580.61!)th
3274 5053 3674 5119 exterminator
3701 5053 3818 5107 dis-

2229 5120 2418 5189 sipans
2451 5137 2465 5174 :
2497 5138 2516 5172 ι
2551 5119 2711 5187 hujus
2736 5120 2881 5173 enim
2913 5120 3060 5173 vocis
3091 5117 3450 5190 veriloquium
3476 5120 3545 5190 ab
3592 5118 3817 5190 Egyp-

2233 5187 2322 5244 tiis
2362 5191 2650 5258 petendum
2685 5202 2788 5253 est,
2847 5202 2952 5241 non
3002 5190 3072 5242 ab
3114 5187 3378 5242 Hebraeis.
3425 5188 3590 5242 Addit
3633 5187 3814 5258 Eic-

2228 5257 2372 5314 cbiel
2408 5268 2598 5320 μίν-ια’
2625 5269 2747 5341 ’τηῆ
2777 5269 2949 5341 δι’-12η,
2981 5275 2999 5309 ι
3028 5259 3234 5341 cubaris
3289 5258 3342 5311 in
3399 5259 3578 5341 medio
3618 5257 3816 5315 ﬂumi—

2228 5345 2356 5384 num
2387 5346 2607 5385 suorum
2632 5325 2702 5382 ε’»
2737 5332 2789 5383 in
2817 5330 2974 5383 undis
3006 5329 3150 5383 enim
3186 5325 3302 5381 fere
3347 5328 3584 5393 quietem
3633 5345 3814 5397 cape-

2229 5414 2291 5453 re
2315 5400 2506 5454 solitus
2529 5409 2607 5454 est
2635 5399 2976 5464 crocodilus;
3008 5399 3325 5452 Ammianus
3348 5398 3440 5452 lib.
3460 5413 3568 5452 xm
3603 5398 3815 5453 .«Noc-

2227 5470 2374 5593 abas
2401 5471 2689 5539 quiescens
2716 5484 2811 5540 per
2842 5472 3035 5533 undas,
3075 5469 3268 5525 diebus
3292 5469 3438 5522 humi
3479 5471 3750 5526 vescitur.
3784 5490 3806 5522 ι

2280 5555 2490 5593 υετιυε.
2686 5574 2699 5584 -

2280 5555 2490 5594 υετιυε.
2686 5574 2699 5584 -

2299 5610 2413 5680 (η)
2448 5607 2880 5680 Ἁλλὰμήποτε
2916 5607 3133 5676 χωρίον
3170 5607 3326 5680 ἐστι,
3382 5607 3813 5680 etc.__0rigenes

2228 5677 2416 5735 lioinil'.
2453 5681 2488 5735 5
2533 5682 2592 5733 in
2621 5677 2847 5741 Isaiam,
2879 5695 2934 5733 n.
2966 5680 3021 5743 ὃ,
3066 5694 3118 5748 p.
3160 5679 3286 5742 “5,
3322 5694 3350 5731 a
3380 5700 3392 5733 :
3429 5698 3448 5729 ι
3481 5677 3648 5732 νίνίι
3677 5677 3806 5733 Rex

2228 5751 2496 5875 Ξιιιῦιεῖιιιιε
2526 5751 2577 5804 in
2615 5760 2836 5822 pectore
2870 5760 3077 5812 nostro.
3115 5748 3352 5819 quaudiu
3393 5749 3524 5803 vivit
3578 5749 3814 5807 Pharao

2275 5839 2298 5872 il
2342 5837 2371 5875 ll
2400 5835 2479 5874 llS.
2518 5840 2536 5871 ι

2275 5835 2479 5875 :lbtlltts.
2518 5840 2536 5871 ι
