4194 6396
407 348 518 407 285

1501 346 1858 404 COMMENT.
1894 342 1959 398 IN
1998 339 2190 398 JOAN.
2229 343 2469 401 TOMUS
2509 343 2597 400 Vl.

3549 339 3659 398 286

413 467 507 520 καὶ
539 464 648 519 ἀπὸ
671 464 771 536 τῆς
807 462 1155 535 μιαρωτάτης
1189 462 1396 534 λέπρας
1439 463 1844 534 καθαρίζονται,
1896 461 1988 513 καὶ

2097 461 2320 528 cipiunt,
2353 469 2516 528 atque
2541 458 2708 512 etiam
2737 455 2874 510 fiunt
2903 457 2970 509 ad
3005 456 3244 526 Spiritus
3278 457 3451 512 sancti
3501 474 3656 512 rece-

411 556 805 627 διπλασιασμὺν
833 554 1069 627 χωροῦσι
1105 556 1480 626 χαρισμάτων,
1504 555 1596 607 καὶ
1617 555 1823 624 ’έτοιμοι
1851 552 1986 622 πρὸς

414 647 728 718 Πνεύματος
759 647 914 715 ἀγίου
947 645 1256 716 παραδοχὴν
1289 648 1549 714 γίνονται,
1587 646 1730 715 ἄλλῳ
1759 643 1987 714 ποταμῷ

413 741 514 795 οὐκ
540 738 920 809 ἐφιπταμένης
951 737 1050 806 τῆς
1097 739 1468 807 πνευματικῆς
1502 739 1846 808 περιστερᾶς.
1880 735 1988 787 Διό-

418 847 521 900 περ
557 829 1020 899 θεοπρεπέστερον
1043 828 1334 898 νοήσαντες
1365 829 1456 880 τὸν
1491 828 1782 899 Ἰορδάνην,
1811 827 1902 881 καὶ
1929 826 1988 880 τὸ

417 924 474 974 ἐν
497 922 644 992 αὐτῷ
663 921 907 992 λουτρὸν,
938 921 1031 974 καὶ
1063 919 1152 972 τὸν
1190 920 1393 991 Ἰησοῦν
1427 922 1484 974 ἐν
1507 919 1655 990 αύτῴ
1682 920 1986 989 λουόμενον,

417 1016 510 1069 καὶ
550 1015 640 1068 τὸν
693 1015 793 1083 τῆς
831 1011 1177 1081 κατασκευῆς
1228 1008 1394 1077 οἷκον,
1452 1013 1572 1067 ὅσον
1625 1012 1856 1082 δεόμεθα
1891 1011 1990 1082 τῆς

414 1107 670 1178 τοιαύτης
696 1106 958 1174 ὡφελείας
985 1104 1197 1159 ἀπὸτοῦ
1230 1103 1474 1176 ποταμοῦ
1500 1103 1847 1176 ἀρυσώμεθα.

488 1198 576 1252 ⁸50.
615 1195 696 1263 Τῇ
721 1197 1007 1265 ἐπαύριον
1031 1196 1249 1259 ,ϐλέπει
1275 1197 1382 1249 τὸν·
1409 1195 1644 1261 Ἰησοῦν
1674 1195 2000 1266 ἐρχόμενον

418 1287 567 1357 πρὸς
594 1288 797 1342 αὐτόν.
837 1287 1107 1358 Πρότερον
1135 1291 1168 1356 ὴ
1209 1289 1390 1358 μήτηρ
1422 1285 1514 1338 τοῦ
1543 1284 1740 1354 Ἰησοῦ,
1774 1286 1888 1356 ἅμα
1920 1288 1997 1359 τῷ

417 1375 699 1428 συλλαϐεῖν
752 1375 935 1439 αὐτὸν,
985 1378 1052 1446 τῇ
1100 1377 1265 1446 μητρὶ
1310 1375 1405 1428 τοῦ
1445 1375 1689 1428 Ἰωάννου
1727 1375 1821 1428 καὶ
1853 1376 1990 1446 αὐτῇ

418 1465 679 1538 ἐγκύμονι
706 1465 1068 1540 τυγχανούσῃ,
1094 1467 1376 1537 ἐπεδήμει,
1401 1468 1489 1520 ὅτε
1519 1465 1724 1538 μορφού
1734 1483 1890 1536 μενος
1917 1465 1992 1536 τῷ

423 1559 780 1630 μορφουμένῳ
809 1559 1192 1631 ἀκριϐέστερον
1234 1559 1330 1630 τὴν
1381 1559 1657 1631 μόρφωσιν
1691 1558 1990 1629 χαρίζεται,

421 1650 742 1720 σύμμορφον
792 1651 1028 1722 ἐνεργῶν
1061 1650 1222 1704 αὑτὸν
1254 1650 1504 1718 γενέσθαι
1551 1653 1615 1722 τῇ
1649 1651 1776 1722 δόξῃ
1805 1649 1990 1714 αὑτοῦ,

420 1742 560 1796 ὥστε
599 1740 686 1795 διὰ
719 1742 780 1794 τὸ
811 1743 989 1796 κοινὸν
1047 1742 1146 1813 τῆς
1206 1742 1420 1812 μορφῆς
1483 1742 1591 1812 (15)
1640 1741 1890 1811 Ἰωάννην
1931 1757 1990 1792 τε

419 1836 651 1907 Χριστὸν
681 1834 1020 1889 ὑπονοεῖσθαι
1043 1835 1351 1904 τυγχάνειν,
1381 1833 1473 1886 καὶ
1503 1832 1706 1902 Ἰησοῦν
1742 1833 1992 1902 Ἰωάννην

419 1927 725 1982 ἀναστάντα
757 1929 822 1981 ἐκ
854 1928 1060 1998 νεκρῶν
1093 1926 1424 1998 νομίζεσθαι,
1448 1925 1596 1996 παρὰ
1629 1927 1741 1988 τοῖς
1777 1925 1850 1996 μὴ
1888 1925 1994 1977 δια-

421 2025 660 2095 κρίνουσι
684 2023 781 2094 τήν
811 2023 992 2076 εἰκόνα
1013 2023 1120 2076 ἀπὸ
1147 2021 1241 2076 τοῦ
1279 2023 1417 2075 κατά
1449 2023 1548 2092 τὴν
1579 2021 1780 2073 είκόνα·
1811 2019 1903 2072 νῦν
1930 2019 1993 2090 δὴ

417 2119 449 2171 ὁ
491 2114 698 2187 Ἰησοῦς
732 2115 870 2186 μετά
899 2115 968 2168 τὰ
1002 2115 1468 2186 προεξετασθέντα
1501 2112 1770 2184 μαρτύρια
1817 2112 1996 2165 Ἰωάν-

419 2228 512 2264 νου
540 2209 670 2282 περὶ
713 2209 900 2274 αὑτοῦ,
936 2210 1102 2273 αὐτὸς
1136 2209 1390 2280 βλέπεται
1436 2209 1541 2261 ὑπὸ
1569 2207 1662 2261 τοῦ
1694 2205 1993 2260 Βαπτιστοῦ

421 2302 713 2374 ἐρχόμενος
744 2303 880 2374 πρὸς
920 2302 1100 2356 αὐτόν.
1161 2301 1584 2373 Παρατηρητέον
1615 2301 1692 2366 δὲ,
1747 2303 1829 2354 δτι
1881 2302 1997 2352 ἐκεῖ

424 2391 522 2462 μὲν
552 2391 640 2445 διά
663 2391 760 2462 τὴν
787 2390 882 2444 τοῦ
912 2391 1132 2461 Μαρίας
1164 2390 1456 2461 ἀσπασμοῦ
1479 2391 1660 2462 φωνὴν
1679 2390 1994 2462 ἐληλυθυῖαν

421 2487 501 2548 είς
525 2485 593 2537 τὰ
634 2479 747 2538 ὦτα
779 2483 881 2553 τῆς
921 2483 1226 2547 Ἐλισάϐετ,
1265 2485 1459 2554 σκιρτᾷ
1497 2483 1558 2536 τὸ
1585 2483 1780 2554 βρέφος
1817 2485 1996 2538 Ἰωάν-

423 2595 521 2648 νης
562 2579 620 2630 ἐν
667 2579 733 2648 τῇ
793 2577 971 2648 κοιλίᾳ
1016 2577 1115 2646 τῆς
1168 2577 1392 2648 μητρὸς,
1437 2577 1578 2638 τότε,
1622 2577 1697 2639 ὠς
1738 2576 1846 2629 ἀπὸ
1898 2577 1994 2647 τῆς

419 2668 525 2737 γῆς
556 2668 688 2738 (14),
706 2667 1086 2740 λαμϐανούσης
1101 2666 1328 2738 Πνεῦμα
1345 2668 1514 2735 άγιον·
1539 2685 1558 2717 ‹
1596 2666 1840 2734 Ἐγένετο
1864 2665 1992 2737 γὰρ,

421 2758 606 2827 φησὶν,
635 2759 712 2821 ὡς
742 2759 942 2829 ἤκουσε
968 2759 1060 2812 τὸν
1081 2757 1370 2827 ἀσπασμὸν
1398 2757 1498 2826 τῆς
1530 2757 1746 2830 Μαρίας
1783 2758 1816 2825 ή
1867 2755 2001 2808 Ἐλι-

422 2848 605 2913 σά6ετ,
632 2847 916 2920 ἐσκίρτησε
936 2847 994 2900 τὸ
1016 2847 1210 2919 βρέφος
1265 2852 1322 2902 ἐν
1353 2853 1418 2921 τῇ
1454 2849 1630 2919 κοιλίᾳ
1675 2849 1862 2920 αὐτῆς,
1903 2849 1995 2902 καὶ

419 2941 663 3013 ἐπλήσθη
696 2942 1013 3013 Πνεύματος
1062 2942 1216 3011 ἁγίου
1263 2942 1295 3012 ἡ
1329 2941 1628 3002 Ἑλισάϐετ,
1664 2941 1757 2994 καὶ
1791 2940 1998 3010 ἀνεφώ-

420 3050 553 3104 νησε
583 3037 794 3106 κραυγῇ
832 3034 1062 3107 μεγάλῃ,
1099 3035 1192 3088 καὶ
1226 3030 1397 3086 εἶπεν.
1441 3053 1458 3083 ι
1501 3033 1669 3086 Ἔνθα
1717 3033 1771 3085 δὲ
1807 3052 1824 3083 ι
1869 3032 1997 3086 Βλέ-

2089 555 2328 622 ptionem
2367 551 2568 620 parati,
2599 549 2856 602 nimirum
2907 548 2977 602 ad
3005 547 3150 601 aliud
3189 547 3387 602 ﬂumen
3426 562 3531 602 non
3564 549 3659 603 ad-

2087 645 2303 698 volante
2356 643 2630 696 columba.
2663 640 3025 705 Quamobrem
3065 639 3498 708 magnificentius
3525 655 3657 695 con-

2089 737 2328 793 siderato
2357 735 2617 801 Jordane,
2653 735 2931 803 ipsiusque
2955 734 3176 799 lavacro
3211 747 3272 785 ac
3301 729 3429 787 Jesu
3457 733 3548 802 qui
3601 733 3657 785 in

2090 829 2206 896 ipso
2255 825 2490 888 lavatur,
2539 833 2649 877 tum
2681 821 3006 894 [Bethabara
3045 822 3150 874 hoc
3182 818 3290 889 est]
3362 818 3526 872 domo
3577 818 3661 870 in-

2090 917 2427 980 structionis,
2475 925 2684 968 tantum
2737 913 2988 968 utilitatis
3019 927 3050 967 a
3090 911 3254 967 fluvio
3302 912 3660 975 hauriemus,

2090 1018 2353 1078 quantum
2381 1021 2620 1076 egemus.

2163 1192 2252 1248 '50.
2288 1189 2506 1246 Postero
2533 1191 2616 1245 die
2643 1193 2780 1247 videt
2812 1191 3046 1248 Joannes
3068 1192 3252 1245 Jesum
3278 1192 3565 1246 venientem
3591 1192 3660 1244 ad

2091 1302 2146 1339 se
2173 1285 2237 1339 ⁸³.
2267 1284 2425 1341 Prius
2455 1284 2581 1340 Jesu
2623 1295 2816 1351 mater,
2865 1286 3027 1340 simul
3067 1296 3229 1357 atque
3261 1285 3434 1355 ipsum
3462 1299 3660 1339 conce«

2091 1377 2188 1446 pit,
2210 1377 2275 1430 ad
2297 1377 2521 1432 Joannis
2551 1388 2776 1432 matrem
2802 1417 2821 1444 ,
2850 1394 3078 1446 eamque
3140 1389 3351 1434 uterum
3401 1377 3662 1431 ferentem

2092 1469 2292 1540 pergit,
2321 1473 2540 1539 quando
2571 1471 2659 1540 qui
2705 1471 2967 1524 formatur
3004 1472 3396 1525 accuratiorem
3461 1469 3664 1522 forma-

2097 1564 2296 1618 tionem
2323 1565 2488 1616 donat
2517 1563 2565 1618 ei
2600 1563 2688 1631 qui
2729 1563 3088 1625 formabatur,
3138 1561 3476 1617 conformem
3513 1561 3662 1614 illum

2094 1651 2331 1707 cﬂicicns
2362 1667 2470 1707 suae
2510 1651 2717 1722 gloriae,
2750 1653 2886 1706 adeo
2937 1663 2992 1705 ut
3033 1651 3102 1705 ob
3157 1652 3384 1705 formam
3419 1666 3664 1704 commu-

2095 1760 2238 1806 nem,
2292 1741 2528 1798 Joannes
2575 1744 2892 1797 crederetur
2941 1759 3061 1798 esse
3103 1743 3378 1806 Christus,
3427 1751 3480 1796 et
3534 1742 3664 1794 item

2095 1834 2342 1889 Christus
2389 1832 2629 1887 Joannes
2670 1847 2792 1888 esse
2844 1848 2873 1886 a
2928 1834 3160 1887 mortuis
3190 1833 3401 1886 excitus
3445 1841 3666 1900 putare-

2096 1927 2243 1980 tur“
2271 1927 2410 1994 apud
2439 1939 2533 1980 eos
2558 1926 2648 1994 qui
2682 1940 2788 1979 non
2837 1925 3157 1980 discernunt
3186 1925 3328 1979 inter
3371 1923 3663 1991 imaginem

2095 2026 2148 2070 et
2179 2016 2321 2070 inter
2371 2029 2493 2069 eum
2543 2015 2752 2084 quiest
2801 2014 3098 2068 secundum
3152 2011 3472 2080 imaginem;
3523 2026 3665 2065 nunc

2096 2116 2276 2160 autem
2309 2105 2426 2173 ipse
2451 2104 2610 2158 Jesus
2632 2113 2755 2172 post
2796 2119 2882 2168 ea,
2916 2118 3036 2173 quae
3063 2113 3222 2157 antea
3256 2110 3514 2157 accurate
3535 2117 3667 2156 exa-

2097 2195 2449 2259 minavimus,
2481 2193 2788 2249 testimonia
2821 2191 3048 2248 Joannis
3080 2191 3147 2246 de
3195 2191 3333 2260 ipso,
3364 2192 3579 2244 videtur
3634 2207 3664 2244 a

2095 2293 2337 2363 Baptista
2372 2292 2598 2346 veniens
2621 2292 2688 2346 ad
2731 2290 2904 2347 illum.
2935 2287 3040 2344 Sed
3063 2289 3241 2343 obiter
3264 2286 3664 2342 observandum

2095 2395 2180 2442 est
2211 2387 2350 2454 quod
2385 2385 2492 2439 illic
2519 2400 2612 2453 per
2639 2399 2827 2438 vocem
2872 2383 3219 2438 salutationis
3271 2381 3453 2434 Mariae
3476 2421 3493 2446 ,
3544 2395 3667 2450 qua:

2097 2477 2344 2546 pervenit
2377 2477 2443 2530 ad
2489 2491 2651 2530 aures
2679 2475 2983 2540 Elisabeth,
3014 2474 3196 2529 exsilit
3222 2471 3464 2526 Joannes
3489 2472 3670 2527 infans

2098 2572 2152 2624 in
2183 2579 2338 2624 utero
2362 2569 2574 2633 matris,
2601 2578 2712 2622 tum
2746 2568 2910 2623 veluti
2945 2584 2974 2621 a
3010 2578 3199 2622 sancta
3225 2565 3393 2621 Maria
3440 2579 3667 2621 sumen-

2099 2661 2168 2715 tis
2215 2660 2475 2728 Spiritum
2517 2667 2767 2713 sanctum
2797 2676 2812 2712 :
2846 2677 2864 2710 ι
2909 2658 3105 2712 Evenit
3155 2659 3298 2711 cnim
3326 2696 3341 2722 ,
3388 2657 3561 2725 inquit
3595 2656 3667 2722 “,

2097 2761 2153 2802 ut
2177 2749 2382 2803 audivit
2407 2749 2788 2804 salutationem
2812 2748 2992 2802 Mariae
3020 2747 3323 2810 Elisabeth,
3347 2745 3509 2818 149
3531 2745 3667 2800 sub-

2097 2847 2260 2902 silivit
2308 2846 2489 2900 infans
2533 2846 2584 2899 in
2639 2856 2797 2900 utero
2842 2843 2979 2911 ejus,
3028 2853 3082 2898 et
3112 2842 3316 2910 repleta
3349 2852 3432 2896 est
3461 2841 3668 2911 Spiritu

2096 2947 2288 2991 sancto
2310 2935 2608 3000 Elisabeth,
2645 2945 2698 2990 et
2724 2935 3055 2989 exclamavit
3081 2948 3214 2988 voce
3260 2948 3480 3004 magna,
3509 2943 3566 2986 et
3590 2932 3672 2986 di-

2101 3029 2197 3082 xit.
2255 3047 2274 3081 ι
2330 3027 2428 3082 llic
2472 3037 2648 3081 autem
2691 3045 2710 3078 ι
2766 3025 2924 3080 Videt
2963 3024 3200 3081 Joannes
3233 3024 3417 3079 Jesum
3469 3026 3536 3078 ad
3581 3039 3670 3079 se-

423 3143 514 3178 πει
541 3127 570 3179 6
615 3127 868 3196 Ἰωάννης
886 3127 978 3180 τὸν
1009 3126 1215 3197 Ἰησοῦν
1239 3126 1530 3198 ἐρχόμενον
1551 3125 1685 3196 πρὸς
1699 3125 1879 3189 αὑτὸν,
1900 3124 1992 3177 καὶ

2097 3119 2269 3188 ipsum
2304 3120 2627 3184 venientem,
2655 3128 2712 3173 et
2739 3119 2908 3174 dicit:
2937 3119 3072 3174 Ecce
3105 3121 3194 3174 ille
3221 3119 3409 3189 Agnus
3435 3117 3548 3182 Dei,
3577 3118 3672 3187 qui

421 3214 590 3284 λέγει’
625 3217 779 3270 Ἴδεὸ
799 3216 992 3286 Ἀμνὸς
1019 3216 1112 3270 τοῦ
1145 3215 1302 3281 Θεοῦ,
1335 3219 1362 3269 6
1398 3217 1565 3287 αἴρων
1602 3215 1698 3286 τὴν
1721 3217 1996 3286 ἁμαρτίαν

419 3305 515 3360 τοῦ
543 3305 771 3378 κόσμου·
816 3327 834 3358 ›
867 3309 1003 3379 ἀκοῇ
1037 3308 1093 3360 δὲ
1123 3311 1188 3379 τῇ
1232 3307 1486 3378 περὶτῶν
1517 3308 1836 3378 κρειττόνων
1864 3308 1996 3378 πρό-

419 3397 577 3468 τερόν
605 3416 689 3462 τις
726 3399 1060 3464 παιδεύεται,
1092 3401 1185 3454 καὶ
1231 3400 1368 3471 μετά
1398 3400 1570 3453 ταῦτα
1604 3402 1874 3472 αὐτόπτης
1903 3403 1999 3454 αύ-

420 3488 530 3543 τῶν
555 3489 780 3558 γίνεται.
821 3492 942 3544 Ὅτι
975 3491 1222 3561 μέντοιγε
1248 3492 1325 3553 εἰς
1353 3490 1451 3562 τὴν
1490 3491 1770 3562 μόρφωσιν
1794 3491 1999 3562 ὠφέλη-

419 3598 510 3635 ται
533 3583 562 3634 6
604 3583 856 3654 Ἰωάννης
872 3583 980 3636 ἀπὸ
1007 3583 1101 3636 τοῦ
1133 3584 1211 3637 ἐτι
1247 3583 1620 3655 μορφουμένου
1647 3583 1740 3636 τοῦ
1771 3584 1996 3653 Κυρίου,

418 3674 713 3745 γενομένου
760 3679 817 3729 ἐν
850 3679 914 3747 τῇ
953 3677 1121 3748 μητρὶ
1155 3676 1292 3748 πρὸς
1315 3676 1414 3747 τὴν
1459 3676 1758 3739 Ἐλισάὸετ,
1807 3677 1884 3747 τῷ
1909 3694 1998 3730 κε-

420 3768 720 3838 κρατηκότι
749 3768 856 3821 τῶν
894 3769 1198 3840 εἰρημένων
1228 3769 1358 3840 περὶ
1389 3767 1481 3821 τοῦ
1514 3769 1696 3839 φωνὴν
1733 3769 1829 3838 μὲν
1861 3764 1997 3821 εἶναι

417 3860 512 3914 τὸν
553 3861 827 3933 Ἰωάννην,
857 3861 1012 3930 λόγον
1043 3862 1099 3914 δὲ
1123 3862 1214 3914 τὸν
1250 3861 1476 3932 Ἰησοῦν,
1506 3861 1662 3932 δῆλον
1697 3861 1868 3913 ἔσται’
1903 3879 1998 3931 με-

419 3953 558 4026 γάλη
578 3954 687 4026 γὰρ
714 3955 864 4024 φωνὴ
888 3954 1096 4024 γίνεται
1131 3957 1188 4007 ἐν
1225 3956 1290 4025 τῇ
1337 3953 1618 4008 Ἐλισάϐετ
1647 3952 1997 4026 πληρωθείσῃ

421 4045 741 4116 Πνεύματος
771 4046 926 4115 ἁγίου
951 4046 1038 4100 διὰ
1077 4045 1166 4100 τὸν
1195 4045 1482 4116 ἀσπασμὸν
1514 4046 1612 4114 τῆς
1641 4045 1876 4116 Μαρίας,
1923 4045 1997 4109 ὼς

419 4135 557 4207 αὑτὴ
581 4137 614 4207 ή
647 4135 790 4202 λέξις
824 4136 1152 4208 παρίστησιν
1172 4135 1344 4198 οὕτως
1365 4135 1577 4204 ἔχουσα·
1605 4155 1624 4186 ‹
1660 4136 1768 4189 Καὶ
1790 4135 1999 4205 ἀνεφώ-

421 4243 551 4296 νησε
580 4229 795 4297 κραυγῇ
825 4225 1055 4297 μεγάλῃ,
1099 4246 1118 4277 ι
1143 4224 1302 4294 δῆλον
1328 4221 1414 4277 ’ὅτι
1447 4225 1479 4296 ἡ
1526 4225 1825 4287 Ἐλισάὅετ,
1864 4244 1882 4276 ‹
1907 4226 1998 4278 καὶ

419 4315 592 4373 εἶπεν.
628 4338 646 4371 ι
690 4319 752 4371 Ἦ
781 4319 889 4390 γάρ
937 4316 1088 4388 φωνὴ
1136 4314 1228 4369 τοῦ
1280 4316 1572 4386 ἀσπασμοῦ
1620 4318 1716 4388 τῆς
1759 4317 1994 4387 Μαρίας,

419 4411 682 4484 γενομένη
727 4414 785 4464 ἐν
814 4413 925 4473 τοῖς
951 4410 1053 4463 ὠσὶ
1085 4409 1185 4478 τῆς
1236 4407 1544 4471 Ἐλισάϐετ,
1582 4408 1866 4480 ἐπλήρωσε
1907 4407 1996 4460 τὸν

433 4501 686 4574 Ἰωάννην
707 4503 926 4573 ἑαυτῆςο
958 4502 1145 4572 διόπερ
1179 4501 1373 4571 σκιρτᾷ
1395 4501 1423 4552 6
1464 4501 1734 4572 Ἰωάννης,
1765 4502 1858 4554 καὶ
1889 4503 1995 4553 οἱο-

421 4597 502 4649 νεὶ
527 4596 701 4666 στόμα
741 4595 835 4648 τοῦ
865 4594 982 4648 υἱοῦ
1035 4596 1130 4648 καὶ
1172 4595 1438 4668 προφῆτις
1468 4594 1499 4663 ἡ
1548 4595 1730 4664 μήτηρ
1764 4595 1993 4661 γίνεται,

419 4688 778 4756 ἀναφωνοῦσα
807 4690 1020 4759 κραυγῇ
1051 4687 1281 4758 μεγάλῃ,
1311 4687 1403 4740 καὶ
1419 4685 1668 4755 λέγουσα·
1707 4704 1726 4736 ι
1762 4686 1999 4756 Εὐλογη-

423 4779 560 4850 μένη
596 4782 660 4833 σὺ
703 4783 761 4832 ἐν
791 4779 1024 4849 γυναιῇ,
1061 4781 1156 4833 καὶ
1191 4779 1551 4851 εὐλογημένος
1588 4781 1615 4832 6
1642 4778 1851 4850 καρπὸς
1899 4778 1998 4848 τῆς

423 4872 629 4936 κοιλίας
662 4889 777 4926 σου.
821 4893 840 4924 ι
873 4873 1011 4944 Ἤδη
1045 4868 1138 4925 οῦν
1170 4871 1390 4924 δύναται
1417 4871 1571 4941 δῆλος
1605 4871 1732 4940 ἡμῖν
1754 4868 2000 4938 γίνεσθαι

423 4965 517 5017 καὶ
545 4965 579 5035 ὴ
617 4965 753 5034 μετά
785 4964 1020 5034 σπουδῆς
1044 4964 1240 5036 πορεία
1263 4965 1361 5034 τῆς
1392 4964 1611 5034 Μαρίας,
1631 4965 1709 5026 εἰς
1740 4963 1835 5032 τήν
1859 4963 1994 5032 ὀρει-

421 5055 541 5126 νὴν,
595 5057 752 5126 καὶὴ
803 5055 1007 5119 εἴσοδος
1050 5058 1130 5119 είς
1181 5055 1272 5107 τὸν
1323 5051 1470 5107 οἷκον
1513 5054 1804 5123 Ζαχαρίου,
1846 5053 1941 5106 καὶ
1971 5053 2000 5104 6

425 5148 714 5220 ἀσπασμὸς
741 5149 800 5202 ὃν
823 5148 1126 5212 ἀσπάζεται
1147 5149 1245 5218 τὴν
1281 5147 1581 5201 Ἐλισάϐετ.
1612 5147 1730 5199 Ἵνα
1760 5145 1870 5215 γάρ
1904 5161 2000 5215 με-

424 5241 564 5312 ταδῷ
594 5241 687 5310 ἀφ’
733 5236 803 5313 ἦς
847 5241 982 5312 ἔχει,
1026 5239 1085 5306 ἐξ
1135 5239 1196 5296 οὗ
1237 5241 1542 5311 συνείληφε,
1595 5239 1875 5309 δυνάμεως
1922 5235 2001 5307 τῷ

2103 3213 2238 3267 tollit
2270 3221 2551 3281 peccatmn
2591 3213 2772 3267 mundi
2800 3214 2886 3270 “z
2925 3233 2943 3264 ι
2986 3213 3036 3266 in
3082 3214 3247 3267 rebus
3289 3212 3490 3266 etenim
3533 3227 3670 3280 prte-

2099 3305 2391 3369 stantibus,
2439 3321 2535 3373 per
2574 3305 2816 3358 auditum
2855 3305 3091 3374 primum
3123 3304 3246 3373 quis
3275 3303 3544 3367 eruditur,
3577 3303 3674 3356 de-

2101 3399 2223 3454 inde
2254 3400 2505 3454 oculatus
2529 3401 2680 3454 testis
2715 3400 2953 3468 ipsarum
2995 3413 3177 3451 rerum
3221 3398 3300 3452 fit.
3351 3394 3457 3451 Sed
3488 3394 3668 3464 profe-

2057 3505 2060 3508 ‘
2098 3502 2187 3546 cto
2235 3491 2473 3559 adjuvari
2525 3491 2787 3547 Joannem
2836 3493 2902 3545 ad
2940 3491 3318 3546 formationem
3346 3506 3374 3543 a
3406 3489 3672 3552 Domino,

2098 3585 2190 3651 qui
2249 3586 2428 3638 adlmc
2459 3599 2582 3638 cum
2639 3584 2967 3638 formaretur
3017 3583 3260 3651 perrexit
3305 3583 3358 3636 in
3391 3592 3562 3634 matre
3605 3580 3673 3633 ad

2101 3673 2494 3739 Elisabetham,
2525 3677 2575 3729 ei
2607 3676 2954 3745 perspicuum
2984 3675 3089 3728 erit
3121 3675 3213 3742 qui
3264 3672 3499 3728 tenuerit
3553 3684 3674 3739 qua:

2099 3763 2479 3829 disseruimus,
2521 3765 2646 3819 dum
2683 3765 2992 3820 diceremus
3017 3764 3277 3820 Joannem
3308 3777 3427 3817 esse
3458 3775 3672 3826 vocem,

2097 3855 2285 3910 Jesum
2321 3872 2449 3910 vero
2471 3873 2783 3912 sermonem
2813 3875 2832 3914 :
2860 3874 3053 3929 magna
3085 3861 3229 3912 enim
3260 3874 3362 3912 vox
3390 3857 3446 3910 lit
3475 3857 3529 3910 in
3565 3853 3676 3909 Eli-

2100 3953 2292 4008 sabeth
2340 3954 2542 4022 repleta
2598 3953 2801 4023 Spiritu
2833 3965 3027 4009 saneto
3057 3957 3124 4009 ob
3161 3953 3348 4009 Maria:
3387 3952 3670 4008 salutatio-

2101 4060 2250 4110 nem,
2279 4054 2338 4098 ut
2367 4045 2528 4100 lectio
2563 4046 2679 4116 ipsa
2709 4047 2868 4100 docet
2902 4046 3048 4100 hunc
3080 4047 3132 4100 in
3169 4047 3384 4100 modqu
3421 4045 3625 4099 habens
3654 4060 3671 4098 :

2103 4156 2122 4188 ι
2163 4135 2572 4192 Etexclamavit
2597 4153 2727 4192 voce
2751 4153 2944 4204 niagtta
2979 4138 3046 4201 ⁸³,
3081 4156 3099 4188 ι
3127 4138 3336 4191 scilicet
3373 4136 3670 4204 Elisabcth,

2105 4245 2125 4277 ι
2175 4237 2230 4282 et
2271 4229 2429 4282 dixit.
2479 4247 2498 4280 ι
2539 4226 2655 4281 Vox
2704 4229 2848 4282 enim
2889 4226 3231 4281 salutationis
3279 4227 3462 4280 Maria:
3491 4267 3506 4291 ,
3553 4243 3674 4297 quae

2099 4320 2345 4386 pervenit
2386 4321 2450 4373 ad
2484 4335 2644 4373 aures
2687 4318 2966 4373 Elisabcth
2995 4358 3009 4381 ,
3056 4318 3283 4386 replevit
3313 4317 3576 4373 Joannem
3615 4333 3676 4374 se

2101 4412 2248 4480 ipsa;
2286 4427 2448 4481 quam
2486 4412 2556 4466 ob
2593 4428 2810 4466 causam
2836 4409 3071 4465 subsuliit
3097 4411 3355 4475 Joannes,
3393 4421 3678 4480 materque

2101 4503 2264 4556 veluti
2297 4517 2362 4557 os
2394 4503 2489 4557 filii
2537 4514 2593 4558 et
2639 4505 2988 4573 prophetissa
3021 4503 3270 4567 clﬁcitnr,
3305 4519 3440 4557 voce
3481 4519 3677 4573 magna

2099 4594 2419 4650 exclamans
2453 4611 2516 4650 ac
2550 4597 2737 4651 dicens
2769 4614 2784 4651 :
2839 4615 2856 4646 ι
2880 4595 3169 4650 Benedicta
3223 4605 3276 4648 tu
3324 4597 3464 4649 inter
3494 4596 3680 4648 mulie~

2103 4703 2210 4752 res,
2243 4697 2292 4742 et
2325 4689 2646 4746 benedictus
2680 4690 2770 4745 ille
2819 4690 3028 4744 fructus
3062 4693 3267 4746 ventris
3294 4692 3369 4744 tui
3397 4691 3464 4747 “.
3500 4709 3518 4742 ι
3555 4687 3675 4742 Jam

2103 4794 2235 4833 vero
2271 4795 2302 4833 a
2331 4780 2489 4837 nobis
2518 4793 2705 4851 aperte
2732 4786 2966 4855 perspici
2999 4796 3176 4854 potest
3209 4793 3319 4839 tum
3357 4782 3540 4836 Marias
3573 4781 3678 4834 iter

2103 4869 2169 4923 ad
2198 4879 2450 4925 montana
2481 4889 2603 4927 cum
2629 4873 2973 4931 festinatione
2999 4878 3184 4941 “,tum
3212 4876 3483 4945 ingressus
3507 4873 3558 4926 in
3583 4871 3678 4925 do-

2103 4977 2250 5012 mum
2304 4961 2615 5028 Zachariaz,
2646 4981 2711 5020 ac
2763 4967 2961 5020 deinde
3003 4966 3260 5022 salutatio
3313 4981 3418 5034 qua
3475 4964 3679 5018 Salutat

2103 5051 2401 5108 Elisabeth.
2431 5055 2560 5111 llaec
2599 5059 2746 5112 enim
2775 5061 2954 5114 omnia
2985 5062 3266 5124 eveniunt,
3305 5069 3365 5113 ut
3391 5057 3558 5111 Maria
3593 5055 3678 5110 fa-

2102 5143 2217 5198 ciat
2250 5147 2573 5215 participem
2607 5147 2871 5204 Joannem
2908 5151 3225 5222 (etiamnum
3259 5151 3310 5202 in
3361 5158 3516 5202 utero
3560 5161 3678 5201 ma-

2107 5237 2206 5292 tris
2231 5239 2613 5314 exsistentem)
2657 5242 2778 5312 ejus
2807 5244 3062 5312 potentia:
3091 5257 3255 5313 quam
3300 5241 3465 5295 habet
3493 5241 3563 5294 ab
3609 5252 3678 5293 eo

497 5375 728 5452 '_’Joan.
759 5378 1649 5452 [£29579Ltlc.ll|,15;dMnllll.
1685 5373 2137 5452 xiv_,__2_;_ljlarc.
2191 5393 2270 5444 vr,
2322 5379 2414 5448 14,
2460 5381 2561 5443 16ς
2623 5382 2759 5440 Luc.
2805 5399 2884 5452 ix,
2938 5383 2995 5438 8.
3071 5382 3114 5415 ⁸⁸
3161 5380 3298 5435 Luc.
3348 5395 3388 5444 ι,
3438 5379 3532 5446 LI,
3582 5371 3674 5430 49.

427 5447 474 5480 ⁶²
504 5445 661 5504 Joan.
696 5464 737 5514 ι,
760 5449 851 5503 29.
925 5451 972 5482 ⁸³
1007 5451 1138 5505 Luc.
1174 5467 1212 5516 I,
1241 5451 1330 5504 4:2.
1410 5449 1456 5482 “
1491 5452 1623 5504 ibid.
1696 5449 1742 5481 ⁸⁸
1771 5448 1899 5501 ibid.
1934 5445 2024 5510 39,
2059 5446 2149 5500 40.

429 5586 760 5727 φῆςιῇἓὶτο
785 5588 1003 5660 μορφῆς
1050 5589 1222 5645 codex
1262 5589 1582 5646 Bodleiauus
1636 5591 1815 5646 habet.
1854 5591 1994 5663 Γρα-

493 5711 615 5796 ᾙό)
655 5711 790 5797 ’Ᾱξπὸ
828 5727 936 5793 τῆς
965 5728 1096 5797 τῆς.
1131 5728 1185 5780 In
1212 5731 1450 5795 margine
1485 5731 1688 5783 codicis
1716 5729 1990 5787 Bodleiani

433 5796 625 5866 legitur
655 5817 670 5852 z
700 5796 854 5852 Οὕτω
878 5796 981 5852 καί
1008 5801 1066 5853 ἐν
1092 5799 1168 5870 τῷ
1192 5800 1508 5872 ἀντιγράφω
1535 5803 1835 5872 γράφεται,
1867 5803 1986 5874 γῆς.

2099 5565 2222 5644 Alia
2255 5585 2414 5625 manu
2459 5589 2473 5627 :
2516 5572 2654 5644 τάχα
2679 5573 2787 5628 ἀπὸ
2836 5573 2938 5643 τῆς
2987 5569 3146 5644 ἁγίας
3209 5565 3449 5644 Μαρίας.
3499 5571 3672 5644 Quam

2101 5639 2468 5720 conjecturam
2497 5634 2720 5700 secutus
2745 5654 2828 5700 est
2861 5634 3046 5700 insua'
3066 5634 3518 5708 interpretatione
3539 5634 3678 5693 Fer-

2101 5725 2297 5769 rarius.
