4194 6408
479 326 619 409 ⁵εει-ι

1982 316 2307 372 οιιιιιιῖΝιε

3691 319 3796 374 288

513 463 674 518 quen'.
701 455 1050 517 conceperat,
1095 447 1188 516 qui
1220 447 1440 516 quidem
1473 443 1718 502 Jnanues
1748 453 1802 498 et
1831 445 1947 512 ipse
1974 459 2100 512 par-

2215 443 2438 516 Ἰωάννῃ
2457 443 2537 497 ἔτι
2573 447 2631 498 ἐν
2651 448 2716 517 τῇ
2757 447 2941 517 μήτρᾳ
2972 445 3083 515 (15)
3103 446 3424 516 τυγχάνοντι
3453 444 3555 518 τῆς
3592 447 3801 518 μητρὸς

517 545 734 612 ticipem
779 541 1027 596 facturus
1079 551 1202 596 erat
1257 551 1487 594 matrem
1530 540 1677 593 illius
1732 539 1925 609 gratia:
1971 553 2100 606 pro-

514 636 744 706 phetica:
772 651 938 704 quam
971 644 1286 701 acceperat.
1327 633 1390 687 Et
1440 632 1827 688 decentissime
1857 631 2103 700 profecto

517 730 570 782 in
613 737 872 782 montana
908 727 1046 781 tales
1079 726 1522 796 dispensatioucs
1567 726 1947 796 perliciuntur,
1978 738 2102 777 cum

518 820 648 873 ιιίΙιίΙ
677 820 856 882 magni
883 820 1005 888 capi
1039 821 1215 887 possit
1253 821 1324 874 ali
1357 820 1442 873 liis
1473 817 1788 873 hominibus
1817 816 1910 886 qui
1936 815 2106 870 valles

515 915 584 965 ob
609 914 968 968 luuuilitawm
995 913 1216 968 vocandi
1249 921 1400 967 sunt.
1431 911 1556 965 Ideo
1596 911 1699 966 hoc
1725 910 1781 963 in
1811 908 1954 974 loro,
1982 917 2106 974 post

515 1007 742 1062 Joannis
777 1007 1109 1072 testimonia,
1139 1006 1376 1075 primum
1414 1005 1635 1075 quidem
1661 1004 1808 1072 quod
1839 1003 2043 1057 dicitur
2073 1019 2104 1059 ιι

515 1094 722 1149 Joanne
754 1096 1028 1150 clamante
1058 1110 1126 1150 ac
1163 1095 1474 1164 theologum
1512 1102 1711 1163 agente
1733 1093 1779 1124 “
1800 1132 1814 1158 ,
1872 1092 2103 1147 alterum

515 1202 646 1239 vero
681 1187 748 1241 ad
783 1189 1100 1243 sacerdotes
1145 1199 1200 1241 et
1263 1187 1467 1242 levitas
1515 1187 1584 1240 ab
1624 1184 2026 1256 Hierosolymis
2073 1201 2104 1238 a

519 1277 719 1332 Judaeis
757 1277 957 1332 missos
981 1277 1050 1342 ",
1103 1277 1323 1332 tertium
1367 1278 1434 1331 ad
1464 1291 1563 1332 eos
1593 1278 1684 1345 qui
1712 1291 1777 1331 ex
1811 1275 2106 1331 Phariszeis

518 1370 849 1424 exsistentes
899 1370 1153 1425 acerbius
1201 1370 1617 1439 interrogarent
1657 1369 1702 1402 ⁸⁸
1729 1409 1746 1432 ,
1798 1366 1958 1422 Jesus
1993 1367 2104 1435 jam

517 1459 734 1514 videtur
760 1461 831 1515 ab
851 1476 917 1516 eo
941 1463 1034 1532 qui
1071 1462 1451 1516 testimonium
1480 1461 1837 1530 perbibuerat
1863 1461 2105 1516 venienti

519 1553 586 1607 ad
612 1568 704 1618 se,
749 1555 930 1610 adhuc
988 1537 1370 1622 proﬁcientem
1428 1554 1826 1626 melioremque
1867 1555 2107 1609 evaden-

521 1657 655 1716 tem;
678 1648 836 1718 cujus
865 1648 1144 1717 prolectus
1174 1659 1230 1702 et
1262 1649 1329 1702 ad
1364 1649 1590 1702 meliora
1624 1663 1972 1717 progressus,
2008 1661 2106 1700 no-

520 1750 570 1794 ta
606 1750 690 1795 est
715 1756 779 1796 ea
809 1741 951 1806 dies,
983 1757 1106 1810 qua:
1132 1752 1352 1810 postera
1388 1741 1628 1806 dicitur;
1671 1741 1836 1795 veluti
1871 1741 2019 1795 enim
2049 1742 2103 1794 in

517 1833 769 1902 sequenti
805 1833 1207 1888 illuminatione
1239 1844 1294 1888 et
1321 1833 1374 1887 in
1427 1842 1644 1902 postera
1671 1833 1762 1887 die
1787 1843 2014 1901 propter
2033 1845 2100 1886 ea

516 1939 638 1992 quae
669 1935 1097 1992 praeceSseraut,
1133 1923 1294 1982 Jesus
1320 1928 1471 1980 venit
1497 1967 1514 1993 ,
1551 1941 1659 1982 non
1695 1933 1908 1979 tantum
1942 1923 2106 1992 igno-

522 2027 606 2070 ius
620 2017 684 2083 ",
709 2026 966 2087 tanquam
996 2019 1089 2088 qui
1122 2020 1175 2074 in
1209 2021 1388 2075 medio
1413 2020 1630 2074 steterit
1656 2020 1823 2073 etiam
1855 2017 2104 2074 nescicn-

518 2107 676 2170 tium,
707 2112 800 2162 sed
834 2109 949 2180 jam
979 2111 1146 2164 etiam
1182 2111 1408 2166 veniens
1437 2111 1769 2178 conspicuus
1796 2113 1845 2166 ei
1871 2115 1962 2184 qui
1987 2114 2106 2170 haec

521 2208 678 2253 antea
703 2202 1072 2260 atmuutiarat.
1101 2201 1284 2256 Prima
1315 2217 1446 2272 ergo
1476 2203 1565 2256 die
1593 2203 1907 2259 testimonia
1945 2205 2106 2278 150

525 2293 679 2348 liunt.
713 2293 894 2348 Altera
933 2293 1092 2350 Jesus
1109 2298 1174 2350 ad
1198 2295 1466 2351 Joannem
1494 2297 1643 2352 venit
1671 2298 1740 2351 ".
1787 2297 1970 2353 Tertia
2000 2317 2104 2356 au-

525 2397 630 2441 tem
665 2389 708 2420 '”
743 2388 982 2444 Joannes
1011 2389 1156 2461 (cum
1187 2398 1356 2443 staret
1386 2405 1511 2444 cum
1540 2390 1752 2447 duobus
1798 2393 2103 2463 discipulis,

523 2480 856 2551 iutuitusque
895 2491 1042 2536 esset
1110 2481 1296 2538 Jesum
1335 2483 1702 2538 ambulantem
1733 2528 1746 2545 ,
1812 2500 1876 2539 ac
1935 2487 2105 2542 dixis-

520 2580 602 2623 set
638 2585 652 2620 :
681 2571 846 2629 «Ecce
874 2573 1056 2644 Agnus
1079 2571 1166 2627 ille
1200 2571 1347 2640 υυίι)
1379 2582 1686 2640 pra-sentes
1718 2573 1994 2641 admouet,
2025 2578 2103 2632 uti

521 2675 824 2732 sequuntur
855 2664 1053 2718 Filium
1088 2665 1201 2720 Dei.
1248 2663 1368 2720 Jam
1422 2668 1473 2719 iu
1507 2677 1705 2732 quarta
1755 2669 1842 2722 die
1877 2669 1944 2732 ⁷⁸,
1976 2685 2102 2723 cum

519 2758 672 2811 exire
704 2757 861 2812 vellet
907 2757 960 2811 in
1003 2756 1306 2818 Galilmam,
1357 2758 1447 2812 ille
1485 2759 1578 2828 qui
1609 2759 1744 2813 exiit
1768 2761 1836 2814 ad
1860 2777 2106 2829 qutcren-

521 2854 650 2906 dum
687 2853 833 2920 quod
861 2853 1100 2922 perierat
1130 2853 1196 2917 ⁷³,
1249 2853 1456 2906 iuveuit
1512 2851 1841 2923 Philippum,
1872 2863 1929 2910 et
1973 2855 2108 2911 dicit

521 2944 570 2998 ei
601 2961 616 2996 :
649 2943 925 3013 «Sequere
955 2959 1042 2998 me
1056 2945 1124 3002 ".
1149 2963 1167 2995 ι
1199 2943 1294 3000 Die
1320 2959 1450 2998 vero
1471 2945 1651 3006 tertia.
1673 2954 1798 3012 post
1824 2956 2101 3017 quartam,

523 3051 642 3104 quae
693 3047 848 3090 sexta
878 3049 966 3091 est
997 3036 1049 3090 in
1104 3052 1293 3090 earum
1329 3052 1556 3090 numero
1601 3054 1738 3106 quas
1772 3056 1801 3092 a
1836 3040 2106 3110 principio

525 3129 916 3194 recensuimus,
952 3129 1154 3196 nuptize
1206 3128 1338 3182 liunt
1377 3129 1429 3182 iu
1475 3130 1619 3184 Caua
1649 3130 1885 3186 Galila‘a’:
1913 3131 1983 3197 ",
2039 3133 2107 3188 de
2133 3163 2176 3219 ε

521 3216 722 3282 quibus
772 3215 1080 3272 videbimus
1129 3231 1252 3271 cum
1283 3219 1349 3272 ad
1398 3218 1575 3272 locum
1611 3221 1757 3274 ltuuc
1788 3223 2107 3290 perveneri-

525 3322 662 3362 mus.
699 3305 831 3360 illud
880 3311 1044 3360 etiam
1091 3307 1272 3364 obiter
1315 3309 1715 3364 observandum
1758 3313 1904 3381 quod
1938 3312 2109 3368 Maria

515 3397 610 3450 illa
641 3399 992 3467 praestantior
1021 3401 1171 3454 venit
1201 3401 1269 3456 ad
1306 3401 1584 3456 Elisabcth
1634 3401 1953 3457 inferiorem
1985 3443 2002 3469 ,
2054 3416 2111 3458 et

525 3493 699 3549 Filius
731 3494 824 3548 Dei
881 3495 949 3549 ad
1000 3493 1328 3566 Baptistam,
1377 3510 1445 3550 ex
1496 3495 1698 3564 quibus
1753 3497 1804 3550 id
1859 3487 2156 3554 utilitatis.

523 3587 767 3656 capimus
808 3595 870 3642 ut
897 3587 1116 3659 impigri
1165 3587 1342 3644 simus
1389 3589 1460 3644 ad
1515 3587 1797 3644 ferendam
1829 3605 1989 3660 opem
2025 3593 2110 3647 in-

525 3677 822 3733 ferioribus
863 3687 920 3734 et
949 3679 1015 3732 ad
1071 3679 1506 3734 mediocritatem
1572 3683 2038 3738 conservandam.

594 3769 688 3825 51.
723 3770 994 3838 Quoniam
1039 3779 1222 3826 autem
1275 3774 1418 3842 apud
1447 3771 1714 3827 Joauaem
1740 3773 2067 3844 discipulum
2093 3820 2108 3844 ,

525 3863 669 3916 unde
704 3863 771 3917 ad
800 3861 1104 3931 Baptistam
1151 3859 1418 3917 Joannem
1451 3861 1632 3918 veniat
1677 3862 1963 3931 Servatur,
2001 3883 2108 3923 non

524 3954 724 4009 dicitur
745 3991 764 4020 ,
795 3954 902 4008 hoc
935 3953 1202 4010 discimus
1249 3970 1312 4010 ex
1369 3956 1456 4010 his
1485 3972 1606 4026 qum
1641 3955 1927 4014 Matthmus
1971 3961 2112 4014 scri-

525 4047 700 4118 psit"
732 4067 746 4102 :
787 4065 808 4099 ι
856 4046 1010 4101 Tunc
1037 4047 1258 4102 advenit
1284 4047 1443 4104 Jesus
1467 4064 1498 4102 a
1538 4048 1762 4105 Galilzea
1815 4053 1884 4108 ad
1914 4050 2112 4108 Jorda-

525 4152 651 4192 nem
676 4137 742 4194 ad
775 4133 1068 4204 Joaun‘em,
1101 4147 1160 4192 ut
1187 4140 1564 4209 baptizaretur
1589 4143 1657 4198 ab
1689 4142 1802 4198 illo.
1838 4163 1860 4196 ι
1885 4143 1952 4197 At
1976 4142 2114 4198 Mar-

524 4246 626 4286 cus
676 4231 843 4284 etiam
899 4229 1075 4285 locum
1126 4229 1366 4287 Galilm
1421 4232 1631 4288 addidit
1684 4237 1929 4292 dicens:
1971 4255 1991 4288 ι
2043 4236 2113 4292 Ει

525 4327 711 4382 evenit
745 4327 798 4380 in
831 4325 1026 4382 diebus
1073 4325 1180 4380 illis
1231 4335 1289 4380 ut
1317 4327 1536 4382 veniret
1577 4325 1738 4384 Jesus
1779 4345 1810 4384 a
1843 4328 2113 4386 Nazareth

2205 537 2239 604 ή
2274 535 2528 608 Μαριὰμ,
2560 536 2653 591 καὶ
2688 537 2837 608 αὐτῷ
2883 537 3248 609 μεταδώσοντι
3283 539 3353 610 τῇ
3393 537 3567 609 μητρὶ
3609 538 3703 607 ἀφ’
3731 531 3801 608 ἧς

2205 628 2364 684 ἔλαϐε
2395 630 2619 702 χάριτος
2635 632 3002 702 προφητικῖκ,
3029 630 3199 685 ταῦτα
3228 629 3408 684 πάντα
3441 629 3804 700 γίνεται.1(αὶ

2204 721 2555 791 εύλογώτατά
2603 740 2666 792 γε
2698 724 2758 776 ὲν
2787 727 2854 796 τῇ
2879 723 3061 796 ὀρεινῇ
3097 724 3154 778 αἱ
3194 723 3442 777 τοιαῦται
3491 723 3802 794 οἰκονομίαι

2205 817 2602 882 ἐπιτελοῦνται,
2633 818 2849 882 οὐδενὸς
2878 818 3116 890 μεγάλου
3137 817 3488 890 χωρουμένου
3528 817 3639 871 ὑπὸ
3692 815 3806 871 τῶν

2205 909 2293 964 διά
2343 911 2444 982 τὴν
2477 911 2846 982 ταπεινότητα
2889 910 3153 965 κοιλάδων
3201 909 3656 982 κληθησομένων.
3691 907 3806 963 Καὶ

2205 1001 2336 1056 ἔνθα
2378 1002 2438 1056 δὲ
2471 998 2564 1058 οῦν
2597 1003 2735 1074 μετά
2763 1001 2863 1067 τὰς
2903 1003 3151 1056 Ἰωάννου
3198 1001 3534 1073 μαρτυρίας,
3571 999 3809 1074 πρώτην

2210 1093 2308 1164 μὲν
2332 1092 2431 1165 τὴν
2452 1093 2558 1147 ὑπὸ
2591 1095 2926 1165 κεκραγότος
2940 1092 3242 1164 λεγομένην
3274 1091 3370 1146 καὶ
3393 1091 3804 1160 θεολογοῦντος·

2204 1181 2465 1254 δευτέραν
2494 1183 2552 1237 δὲ
2581 1184 2719 1254 πρὸς
2757 1184 2882 1248 τοὺς
2921 1185 3087 1255 ἱερεῖς
3111 1184 3204 1236 καὶ
3237 1181 3492 1246 Λευττας,
3529 1181 3663 1244 τοὺς
3695 1179 3810 1234 ἀπὸ

2217 1275 2606 1348 Ἱεροσολύμων
2631 1277 2738 1330 ὑπὸ
2777 1275 3046 1332 Ἰουδαίων
3082 1274 3550 1346 ἀπεσταλμένους·
3577 1273 3676 1327 καὶ
3695 1273 3811 1345 τρί-

2205 1385 2307 1440 την
2355 1368 2455 1440 τὴν
2489 1369 2626 1441 «pb;
2673 1371 2802 1432 τοὺς
2845 1370 2912 1423 ὲκ
2958 1367 3069 1423 τῶν
3117 1367 3430 1440 Φαρισαίων
3469 1366 3811 1438 πικρότερον

2206 1462 2611 1536 ὲρωτήσαντας,
2659 1461 2868 1533 Ἰησοῦς
2900 1461 3002 1532 ἥδη
3036 1460 3294 1532 βλέπεται
3323 1459 3429 1514 ὑπὸ
3458 1457 3561 1512 τοῦ
3593 1475 3811 1530 μαρτυ-

2207 1555 2498 1625 ρήσαντος,
2520 1555 2813 1627 ἐρχόμενος
2834 1555 2972 1627 πρὸς
2994 1555 3158 1608 αὑτὸν
3187 1554 3270 1608 ἔτι
3297 1553 3692 1626 προκόπτοντα
3713 1551 3811 1606 καὶ

2209 1645 2455 1718 βελτίονα
2487 1648 2773 1719 γινόμενον
2803 1665 2817 1677 ·
2866 1641 2938 1719 ,ἧς
2999 1646 3284 1719 προκοπῆς
3316 1645 3412 1700 καὶ
3458 1641 3808 1716 βελτιώσεως

2209 1741 2476 1812 σύμϐολον
2504 1742 2539 1813 ἡ
2571 1741 2937 1813 ὠνομασμένη
2977 1738 3188 1812 αὔριον·
3219 1739 3383 1792 οἱονεὶ⁵
3408 1737 3522 1810 γάρ
3567 1739 3630 1790 ὲν
3677 1733 3810 1806 ἑξῆς

2209 1832 2495 1904 φωτισμιῖι,
2543 1833 2643 1888 καὶ
2695 1833 2924 1904 δευτέρα
2955 1833 3142 1904 ἡμέρᾳ
3171 1831 3325 1904 παρά
3359 1830 3429 1885 τὰ
3471 1829 3750 1900 πρότερον
3775 1827 3807 1880 ό

2221 1925 2429 1998 Ἰησοῦς
2457 1925 2697 1998 ἔρχεται,
2725 1925 2788 1979 οὐ
2821 1925 2982 1996 μόνον
3012 1923 3415 1994 γινωσκόμενος
3445 1920 3568 1992 (16)
3604 1920 3684 1983 ὡς
3709 1917 3808 1990 μέ-

2211 2036 2302 2084 σος
2329 2018 2575 2090 ἑστηκὼς
2601 2019 2699 2074 καὶ
2722 2017 2832 2072 τῶν
2859 2017 2960 2072 ούκ
2993 2017 3231 2082 εἰδότων,
3260 2015 3375 2070 ἀλλ’
3409 2014 3515 2086 ἤδη
3542 2013 3642 2067 καὶ
3661 2010 3807 2083 όρώο

2214 2131 2372 2186 μενος
2405 2115 2555 2185 ἥκων
2585 2111 2665 2185 τῷ
2688 2111 2864 2168 ταῦτα
2885 2112 3150 2185 πρότερον
3173 2109 3611 2181 ἀποφηναμένῳ.
3650 2103 3811 2179 Πρώ-

2208 2220 2278 2276 τη
2323 2199 2416 2258 οῦν
2461 2205 2646 2277 ἡμέρᾳ
2695 2204 2753 2258 ai
2788 2202 3084 2275 μαρτυρίαι
3121 2201 3382 2272 γίνονται·
3429 2201 3533 2253 καὶ
3575 2199 3813 2271 δευτέρᾳ

2223 2294 2429 2367 Ἰησοῦς
2462 2295 2600 2366 πρὸς
2663 2295 2916 2366 Ἰωάννην
2940 2294 3179 2367 ἔρχεται.
3223 2292 3396 2365 Τρίτῃ
3429 2291 3512 2356 δὲ,
3551 2290 3729 2355 ἑστὼς
3779 2292 3811 2344 ό

2223 2388 2474 2459 Ἰωάννης
2506 2386 2648 2460 μετά
2673 2386 2768 2442 δύο
2800 2385 3080 2460 μαθητῶν,
3113 2383 3303 2439 ὲνιδὼν
3346 2382 3530 2455 Ἰησοῦ
3563 2399 3808 2454 περιπα-

2206 2482 2394 2537 τοῦντι
2413 2481 2558 2555 [καὶ]
2577 2480 2748 2536 είπὼν
2761 2482 2842 2536 τό·
2870 2500 2889 2533 ι
2915 2480 3021 2534 Ἴδε
3044 2482 3073 2534 ό
3093 2478 3294 2552 Ἀμνδς
3313 2477 3408 2531 τοῦ
3439 2475 3604 2542 Θεοῦ,
3627 2495 3647 2527 ι
3673 2492 3810 2547 προ-

2209 2574 2404 2646 τρέπει
2434 2575 2561 2638 τοὺς
2577 2574 2854 2646 παρόντας
2874 2571 3244 2642 ἀκολουθῆσαι
3265 2569 3346 2642 τῷ
3369 2567 3483 2639 Υἱῷ
3507 2568 3610 2622 τοῦ
3642 2567 3801 2620 Θεοῦ.

2209 2666 2321 2720 Καὶ
2365 2667 2602 2739 τετάρτῃ
2649 2665 2881 2740 θελήσας
2917 2663 3156 2730 ἐξελθεῖν
3199 2665 3280 2726 είς
3310 2661 3410 2734 τὴν
3443 2660 3740 2715 Γαλιλαίαν
3775 2659 3808 2714 ὁ

2211 2756 2441 2823 ἐξελθὼν
2479 2756 2716 2829 ζητῆσαι
2761 2757 2823 2811 τὸ
2875 2755 3173 2820 ἀπολωλὸς,
3217 2754 3464 2827 εὑρίσκει
3507 2751 3804 2812 Φίλιππον,

2211 2855 2304 2908 καὶ
2335 2852 2484 2922 λέγει
2517 2850 2684 2923 αὐτῷ·
2725 2870 2744 2902 ι
2805 2847 3112 2902 ’Δκολούθει
3158 2865 3266 2918 μοι.
3303 2865 3322 2898 ι
3360 2845 3441 2917 Τῇ
3473 2844 3536 2897 δὲ
3564 2844 3674 2898 ἀπὸ
3705 2843 3804 2912 τῆς

2211 2945 2498 3017 τετάρτης,
2535 2944 2658 3014 ἥτις
2715 2941 2864 2995 ἐστὶν
2919 2940 3032 3012 (17)
3069 2939 3202 3012 ἕκτη
3232 2937 3342 2991 τῶν
3380 2935 3626 3009 ἀρχῆθεν
3672 2936 3808 3007 ἡμῖν

2211 3035 2670 3108 κατειλεγμένων,
2704 3036 2734 3088 ό
2766 3033 2944 3104 γάμος
2981 3033 3192 3102 γίνεται
3229 3033 3286 3084 ὲν
3317 3030 3474 3100 Κανᾷ
3505 3028 3613 3098 τῆς
3648 3027 3807 3081 Γαλι-

2212 3131 2388 3196 λαίας,
2419 3130 2549 3202 περὶ
2576 3125 2637 3200 οἶ)
2680 3126 2939 3198 εἰσόμεθα
2980 3125 3262 3198 γενόμενοι
3309 3121 3453 3176 κατά
3489 3121 3586 3175 τὸν
3617 3121 3804 3174 τόπον.

2209 3221 2636 3295 Παρατηρητέον
2671 3219 2730 3274 δὲ
2764 3219 2845 3272 ἔτι
2889 3218 2985 3272 καὶ
3028 3217 3206 3280 τοῦτο,
3255 3217 3338 3270 ὅτι
3383 3217 3417 3286 ἡ
3463 3214 3806 3284 διαφέρουσα

2207 3315 2396 3386 Μαρία
2449 3313 2587 3386 «pb;
2635 3311 2736 3382 τὴν
2783 3309 3180 3382 ὑποδεεστέραν
3227 3306 3506 3362 Ἑλισάὸετ
3555 3307 3804 3378 ἔρχεται,

2209 3407 2350 3461 καὶὸ
2381 3405 2512 3470 Υἱὸς
2539 3403 2633 3458 τοῦ
2661 3404 2796 3458 Θεοῦ
2831 3403 2970 3476 πρὸς
2999 3403 3092 3457 τὸν
3132 3399 3468 3472 Βαπτιστὴν,
3504 3398 3579 3452 δι’
3619 3391 3696 3452 ὧν
3725 3397 3809 3461 είς

2207 3499 2270 3552 τὸ
2297 3499 2490 3554 ἄοκνον
2524 3497 2660 3570 πρὸς
2692 3496 2752 3550 τὸ
2771 3495 3000 3566 ὠφελεῖν
3031 3494 3158 3559 τοὺς
3182 3494 3433 3567 ἥττονας,
3455 3491 3552 3547 καὶ
3583 3488 3810 3565 μετριό-

2207 3607 2347 3662 τητα
2365 3587 2748 3662 ὠφελούμεθα.

2279 3773 2371 3828 51.
2408 3773 2562 3827 Ἐπεὶ
2580 3773 2638 3827 δὲ
2667 3773 2816 3846 παρά
2837 3772 2916 3846 τῷ
2938 3772 3152 3846 μαθητῇ
3199 3773 3441 3846 Ἰωάννῃ,
3470 3772 3642 3828 πόθεν
3670 3772 3812 3846 «pb;

2211 3865 2301 3919 τὸν
2334 3865 2646 3936 Βαπτιστὴν
2704 3864 2958 3936 Ἰωάννην
2993 3863 3105 3935 (18)
3157 3865 3188 3918 ό
3221 3862 3412 3934 Σωτὴρ
3444 3860 3696 3934 ἔρχεται,
3743 3859 3809 3916 οὐ

2211 3957 2450 4026 λέγεται,
2480 3956 2638 4011 τοῦτο
2673 3956 3020 4028 μανθάνομεν
3053 3955 3164 4010 ἀπὺ
3205 3955 3300 4009 τοῦ
3343 3953 3632 4010 Ματθαίου
3665 3956 3809 4026 γρά-

2210 4047 2431 4119 ψαντος·
2473 4067 2492 4099 ι
2529 4047 2663 4102 Τότε
2707 4047 3071 4120 παραγίνεται
3106 4048 3136 4100 ὁ
3184 4043 3392 4118 Ἰησοῦς
3427 4045 3538 4100 ἀπὸ
3561 4045 3671 4116 τῆς
3705 4045 3814 4098 Γα-

2211 4141 2420 4204 λιλαίας
2443 4142 2535 4194 ἐπὶ
2557 4139 2648 4194 τὸν
2679 4139 2950 4215 Ἰορδάνην
2977 4139 3116 4211 πρὸς
3136 4138 3226 4192 τὸν
3268 4138 3543 4208 Ἰωάννην,
3574 4137 3672 4190 τοῦ
3714 4137 3812 4208 βα-

2212 4232 2501 4304 πτισθῆναι
2531 4231 2624 4286 ὑπ’
2664 4231 2851 4288 αὑτοῦ.
2901 4252 2920 4284 ι
2965 4231 3022 4286 '0
3051 4231 3109 4285 δὲ
3142 4231 3370 4302 Μάρκος
3404 4229 3620 4284 καὶτὸν
3640 4231 3811 4285 τόπον

2214 4328 2313 4398 τῆς
2347 4325 2638 4385 Γαλιλαίας
2661 4323 3003 4397 προσέθηκεν
3045 4323 3232 4378 εἰπών’
3274 4341 3294 4376 t
3336 4323 3449 4378 Καὶ
3495 4321 3720 4392 ἐγένετο
3749 4323 3810 4374 ὲν

525 4417 785 4484 Galilaeam,
815 4427 874 4472 et
900 4419 1274 4489 baptizaretur
1307 4435 1335 4472 a
1365 4418 1574 4474 Joauuc
1620 4421 1671 4474 iu
1702 4421 1942 4478 Jordaue
1972 4423 2040 4477 ⁷⁷.
2085 4443 2106 4478 ι

2215 4419 2450 4482 ἐκείναις
2491 4420 2612 4482 ταῖς
2657 4418 2914 4490 ἡμέραις,
2959 4413 3122 4488 ἦλθεν
3169 4414 3376 4488 Ἰησοῦς
3408 4414 3516 4468 ἀπὸ
3545 4413 3812 4488 Ναζαρὲτ

527 4511 699 4567 Porro
746 4511 925 4568 Lucas
963 4513 1143 4567 locum
1199 4513 1420 4581 quidem
1476 4513 1702 4567 reticuit
1753 4513 1901 4568 unde
1949 4513 2109 4571 Jcsus

2217 4508 2316 4579 τῆς
2345 4507 2655 4572 Γαλιλαίας,
2698 4509 2792 4562 καὶ
2821 4506 3126 4579 ἐϐαπτίσθη
3158 4509 3238 4571 είς
3272 4506 3365 4560 τὸν
3393 4505 3674 4577 Ἰορδάνην
3703 4506 3812 4559 ὑπὸ

528 4605 771 4671 advenit,
803 4603 1270 4672 praetermittenda
1307 4615 1430 4671 quae
1477 4603 1570 4660 alii
1617 4602 1974 4672 scripserant,
2015 4607 2109 4661 sed

2209 4603 2476 4658 Ἰωάννου.
2522 4623 2540 4655 ι
2583 4604 2800 4668 Λουκᾶς
2830 4603 2888 4657 δὲ
2919 4602 3010 4656 τδν
3037 4602 3138 4675 μὲν
3169 4603 3334 4656 τόπον
3386 4601 3810 4672 ἀπεσιώπησεν,

529 4700 677 4768 quod.
725 4699 794 4753 ab
843 4697 948 4752 illis
987 4713 1098 4752 nun
1159 4696 1474 4761 didicimus,
1529 4694 1644 4764 ipse
1696 4711 1794 4751 nos
1845 4699 2004 4753 docet
2043 4697 2109 4762 ⁷⁸,

2209 4697 2331 4752 ὅθεν
2362 4701 2390 4753 ὁ
2413 4697 2624 4770 Ἰησοῦς
2674 4697 2914 4770 ἔρχεται,
2965 4697 3379 4768 παραχωρήσας
3407 4698 3523 4758 τοῖς
3551 4696 3811 4767 εἰρηκόσι

528 4794 670 4862 quod
701 4807 897 4862 nempe
931 4801 1052 4860 post
1086 4790 1420 4858 baptismum
1462 4792 1786 4847 ascendenti
1823 4791 1926 4859 ipsi
1957 4805 2109 4862 aper-

2209 4792 2301 4845 τὸν
2333 4793 2512 4861 λόγον,
2545 4793 2684 4864 ὅπερ
2727 4791 2785 4845 δὲ
2834 4792 2928 4845 ἀπ’
2978 4789 3204 4844 ἐκείνων
3255 4789 3317 4842 ού
3372 4788 3812 4861 μεμαθήκαμεν,

529 4896 641 4940 ιιιιιι
665 4895 754 4940 est
789 4885 1014 4948 caelum,
1049 4893 1108 4936 et
1147 4883 1432 4937 desrendit
1462 4883 1703 4952 Spiritus
1730 4891 1962 4935 sanctus
1989 4897 2109 4934 ror-

2212 4885 2372 4951 αὐτὸς
2393 4887 2541 4958 ἡμᾶς
2566 4886 2830 4949 διδάσκει,
2857 4887 2933 4952 ὡς
2959 4887 3069 4959 ἄρα
3103 4884 3243 4958 μετά
3273 4883 3335 4937 τὸ
3372 4883 3660 4954 βάπτισμα
3703 4885 3813 4937 αύ-

531 4990 693 5044 porea
741 4974 941 5042 specie,
973 4975 1116 5028 sicut
1161 4971 1431 5028 columba.
1467 4973 1679 5027 liursus
1719 4973 1936 5026 dicente
1984 4971 2109 5025 Mat-

2213 4978 2290 5048 τῷ
2314 4979 2663 5051 ἀνερχομένῳ
2693 4980 2806 5050 (19)
2833 4976 3082 5050 ἀνεῴχθη
3118 4979 3148 5030 ὁ
3181 4976 3431 5049 οὐρανὸς,
3465 4977 3562 5030 καὶ
3595 4976 3811 5048 κατέϐη

534 5071 674 5124 tiizco
695 5066 766 5130 ",
797 5064 1080 5120 Dominum
1101 5065 1436 5134 prohibitum
1465 5080 1494 5118 a
1511 5062 1724 5118 Joanne
1743 5064 1960 5119 dicente
1985 5063 2109 5119 Ser-

2215 5069 2275 5123 τὸ
2309 5071 2464 5141 ἅγιον
2492 5073 2719 5144 Πνεῦμα
2736 5073 3036 5145 σωματικῷ
3058 5071 3212 5137 εἴδει,
3240 5070 3317 5136 ὡς
3345 5071 3669 5142 περιστερά.
3704 5071 3815 5124 Πά-

667 5154 1190 5242 ³99ῐ¹ξ.¹ι¹.⁴Ξ³⁶⁸ἷ¹;.
1251 5162 1295 5194 ε’
1328 5162 1456 5216 ίιιειι·
1482 5160 1580 5242 .19
1629 5168 1684 5242 «ξε
1731 5175 1853 5242 ξορρ
1929 5160 2109 5242 “eid

2211 5165 2315 5242 {et
2350 5184 2468 5238 seq.
2512 5170 2586 5242 7”
2622 5170 2760 5242 ibi:l_._
2783 5168 2872 5223 26.
2949 5170 2996 5201 "°
3030 5167 3189 5242 Joan.
3222 5183 3269 5242 I_,_
3456 5166 3502 5198 "
3538 5165 3671 5242 ibid.
3713 5165 3816 5242 Si.

532 5233 621 5288 56.
695 5232 745 5265 ⁷³
775 5231 905 5286 ibid.
929 5230 1018 5286 45.
1093 5232 1140 5263 ⁷³
1169 5230 1300 5288 Luc.
1335 5248 1450 5294 xix,
1478 5233 1565 5286 l0.
1640 5231 1688 5265 ⁷⁸
1721 5230 1884 5286 Joau.
1912 5232 2066 5297 ι,ι5.

533 5305 664 5357 Luc.
697 5320 782 5368 tu,
811 5302 900 5357 21.
977 5303 1023 5333 ⁷⁹
1051 5301 1203 5356 Matt.
1238 5320 1320 5368 ιιι,
1353 5301 1442 5366 14,
1479 5301 1564 5356 15.

2231 5235 2388 5294 Juau.
2419 5230 2474 5307 ιι,
2503 5241 2556 5294 1.
2631 5241 2679 5277 ⁷⁸
2715 5239 2908 5296 Matth.
2941 5255 3025 5304 ιιι,
3060 5240 3149 5294 15.
3224 5238 3269 5270 ⁷⁷
3305 5235 3474 5291 Marc.
3512 5252 3554 5303 I,
3605 5236 3662 5292 θ.
3761 5237 3814 5270 ⁷⁸

606 5398 719 5471 (l5)
760 5397 988 5468 Μήτρᾳ.
1018 5399 1112 5471 Sic
1132 5401 1312 5471 cedes
1336 5399 1695 5463 Bodlelaults;
1729 5397 1896 5453 editio
1922 5395 2104 5453 lluclii

535 5469 658 5525 cum
681 5469 880 5541 peodice
915 5470 1104 5541 Regio,
1145 5469 1332 5541 μητρί.

607 5540 720 5612 (16)
762 5543 846 5594 Οὐ
873 5536 1068 5612 μόνόν
1097 5536 1562 5610 γινωσκόμενος.
1594 5536 1767 5612 Aliter
1818 5537 1948 5606 legit
1981 5537 2118 5593 Fer-

541 5609 746 5674 rarius;
785 5609 952 5664 vertit
977 5609 1143 5679 uuiui,
1184 5628 1202 5660 t
1239 5628 1343 5664 uuu
1379 5619 1593 5662 tantum
1623 5609 1903 5679 ignotus.)

609 5683 720 5752 (l7)
767 5680 846 5750 Τῇ
879 5679 947 5734 δὲ
977 5681 1093 5736 ἀπὸ
1128 5677 1232 5748 τῆς
1275 5679 1576 5749 τετάρτης,
1611 5679 1741 5745 ἥτις
1774 5677 1985 5752 ἐστίν,
2007 5689 2114 5733 etc.

541 5749 865 5808 Ferrarius:
907 5771 926 5804 ι
951 5753 1047 5808 Dic
1095 5767 1222 5808 vero
1256 5752 1413 5808 tertia
1449 5761 1569 5821 post
1597 5760 1882 5820 quartam;
1910 5768 1927 5802 ι
1972 5749 2116 5820 lege-

2225 5402 2346 5489 υπει
2362 5406 2451 5489 ,Τῇ
2469 5405 2532 5489 ἑὲ
2559 5406 2668 5489 ᾲπδ
2700 5405 2800 5476 τῆς
2825 5409 3097 5489 εετάρτῖις
3117 5406 3302 5489 τρέῖτιιο
3327 5402 3645 5489 ﬁneﬁne-

2297 5475 2449 5545 (l8f
2469 5475 2765 5543 Ἰωάννην.
2827 5475 2987 5531 Deest
3040 5475 3094 5532 in
3138 5475 3380 5534 editione
3437 5475 3659 5540 Huctii,
3711 5475 3818 5534 sed

2227 5547 2536 5600 restituitur
2560 5563 2592 5602 e
2623 5548 2809 5601 codice
2845 5547 3160 5602 Bodleiano.

2297 5615 2410 5684 (19)
2433 5617 2880 5687 ΑἏνε-ρχομένῳ.
2917 5618 3008 5672 Sic
3033 5621 3206 5676 codex
3242 5616 3596 5684 Bodleianus,
3628 5623 3815 5687 tecm,

2226 5687 2392 5744 editio
2428 5685 2633 5756 lluetii,
2650 5685 3114 5761 προσερχομένη).
