4194 6400
431 386 540 441 239

1542 379 1902 438 COMMENT.
1944 377 2009 433 IN
2045 376 2239 434 JOAN.
2277 377 2517 435 TOMUS
2562 376 2648 434 Vl.

3602 387 3710 446 290

428 506 515 561 λιν
543 503 603 557 τὸ
628 503 885 574 Ἰωάννην
919 501 1378 556 διακεκωλυκέναι
1419 501 1509 554 τὸν
1542 502 1771 571 Κύριον,
1791 500 2011 567 λέγοντα

2126 496 2340 553 vatori;
2382 517 2396 547 I
2438 496 2565 550 Mihi
2595 508 2731 565 opus
2765 504 2870 561 est,
2922 506 2979 550 ut
3021 497 3121 552 abs
3168 508 3220 553 te
3261 499 3526 569 baptizer,
3558 513 3615 559 ct
3651 514 3709 561 ta

428 594 511 667 τῷ
543 594 775 666 Σωτῆρι·
807 614 825 644 1
865 593 1009 662 Ἐγὼ
1034 594 1223 664 χρείαν
1251 593 1360 663 ἔχω
1382 592 1488 646 ὑπὸ
1510 592 1602 645 σοῦ
1634 590 2017 661 βαπτισθῆναι,

432 687 607 742 καὶσὺ
639 686 776 758 ἔρχῃ
800 684 936 755 πρὸς
973 685 1071 756 μέε
1116 705 1134 733 ι
1168 683 1246 755 τῷ
1272 683 1538 754 Ματθαίῳ
1571 681 1815 754 εἰρηκότι
1847 680 2021 743 οὐδεὶς

434 777 794 850 προσέθηκεν,
847 776 935 829 ῖνα
987 773 1062 846 μὴ
1108 776 1494 844 ταυτολογῶσι.
1531 775 1640 828 Καὶ
1678 774 1739 827 τὸ
1791 771 1894 825 ὑπὸ
1924 771 2020 824 τοῦ

431 869 639 941 Κυρίου
668 868 725 922 δέ
760 867 897 940 πρὸς
930 867 1095 921 αὑτὸν
1140 867 1449 938 εἰρημένονο
1494 885 1513 917 1
1557 867 1727 936 ’Ἄφες
1748 866 1893 937 ἄρτι*
1928 862 2023 916 οὖ-

427 981 509 1016 τω
540 962 648 1034 γὰρ
680 961 891 1032 πρέπον
924 961 1070 1013 ἐστὶν
1104 960 1233 1031 ἡμῖν
1268 960 1552 1031 πληρῶσαι
1596 961 1774 1012 πᾶσαν
1814 957 2019 1011 δικαιο-

433 1052 619 1123 σύνην,
663 1073 681 1105 ι
719 1052 879 1123 μόνος
895 1051 1199 1121 ἀνέγραψεν
1227 1053 1255 1104 ό
1277 1051 1573 1114 Ματθαῖος.

506 1145 596 1200 52.
632 1145 743 1199 Καὶ
780 1148 965 1213 λέγει’
1001 1144 1124 1199 Ἴδε
1153 1148 1185 1198 ό
1216 1144 1433 1213 Ἀμνὸς
1460 1142 1566 1196 τοῦ
1595 1141 1743 1196 Θεοῦ
1771 1144 1805 1196 ὁ
1834 1140 2016 1209 αἴρων

436 1239 553 1303 τὴν
590 1236 885 1306 ἁμαρτίαν
929 1236 1034 1289 τοῦ
1081 1237 1334 1305 κόσμου.
1371 1234 1538 1288 Πέντε
1583 1233 1738 1297 ζώων
1779 1248 2018 1305 προσφε-

434 1321 675 1392 ρομένων
738 1321 833 1374 ἐπὶ
895 1320 958 1375 τὸ
1015 1320 1436 1395 θυσιαστήριον,
1499 1322 1668 1395 τριῶν
1737 1324 1837 1395 μέν
1893 1340 2019 1394 χερ-

432 1411 622 1477 σαίων,
674 1412 892 1483 πτηνῶν
942 1413 999 1467 δὲ
1056 1413 1170 1479 δύο,
1233 1414 1384 1482 ἄξιόν
1446 1432 1537 1487 μοι
1594 1415 1778 1487 ζητεῖν
1828 1414 2013 1484 φαίνε-

427 1521 520 1558 ται
564 1502 618 1558 τί
673 1503 874 1577 δήποτε
936 1503 1042 1558 ὑπὸ
1091 1504 1187 1560 τοῦ
1214 1505 1465 1560 Ἰωάννου
1509 1507 1539 1559 ὁ
1587 1506 1778 1577 Σωτήρ
1821 1504 2016 1576 ’Λμνὸς

429 1596 665 1666 λέγεται,
731 1596 828 1651 καὶ
888 1596 1042 1651 οὐδὲν
1090 1595 1203 1652 τῶν
1274 1596 1511 1652 λοιπῶνσ
1573 1597 1711 1651 ἀλλὰ
1770 1599 1866 1650 καὶ
1924 1598 2017 1652 ἐπὶ

428 1688 539 1744 τῶν
596 1688 867 1761 χερσαίων
930 1686 1270 1745 καθέκαστον
1329 1678 1496 1761 τριῶν
1562 1689 1787 1760 ἡλικιῶν
1848 1706 2017 1761 προσ-

428 1780 734 1851 αγομένων,
800 1779 911 1835 ἀπὸ
968 1780 1062 1834 τοῦ
1118 1781 1308 1850 γένους
1373 1780 1484 1836 τῶν
1557 1781 1848 1852 προϐάτων
1923 1781 2016 1835 τὸν

2124 587 2280 641 venis
2306 588 2373 641 ad
2405 602 2490 641 me
2518 590 2535 642 ι
2580 607 2598 639 ι
2638 587 2817 642 nullus
2845 589 3124 658 quidpiam
3157 592 3381 655 addidit,
3414 610 3481 648 ne
3518 598 3704 649 eadem

2124 688 2460 747 repeterent.
2492 678 2633 745 Quin
2658 680 2826 732 etiam
2858 679 2997 753 [(20)
3029 683 3174 752 quod
3205 685 3254 736 ei
3291 699 3319 736 a
3354 683 3582 741 Domino
3617 704 3704 741 re-

2122 786 2382 841 stionsutn
2426 781 2509 826 est
2541 786 2556 826 :
2593 789 2611 822 1
2651 769 2782 825 Sine
2835 774 3041 827 modo:
3084 775 3164 828 sic
3199 776 3343 828 enim
3402 777 3556 829 decet
3611 792 3709 834 nos

2123 864 2395 937 implere]
2432 880 2649 918 omnem
2695 865 3013 936 justitiam,
3064 887 3082 919 ι
3122 868 3271 921 solus
3317 869 3513 923 scribit
3556 862 3706 924 illat-

2123 955 2316 1012 tltaats.

2190 1141 2279 1194 52.
2314 1138 2378 1192 Et
2406 1140 2534 1192 dicit
2567 1154 2587 1193 :
2618 1137 2754 1192 Ecce
2793 1140 2973 1208 Agnus
3012 1141 3105 1194 ille
3140 1141 3255 1203 Dei,
3281 1142 3371 1211 qui
3408 1142 3547 1195 tollit
3586 1158 3707 1213 pce-

2120 1243 2295 1286 catum
2326 1231 2508 1284 mundi
2547 1231 2664 1285 ⁸⁹·¹.
2703 1231 2820 1286 Jam
2851 1245 2979 1285 vero
3015 1248 3137 1286 cum
3170 1235 3409 1301 quinque
3443 1235 3701 1288 animalia

2119 1321 2420 1377 offerantur
2484 1337 2649 1391 super
2709 1324 2932 1385 altare,
2991 1326 3274 1378 terrestria
3344 1325 3490 1390 tria,
3560 1326 3702 1380 alata

2119 1416 2264 1480 duo;
2325 1416 2560 1483 qumsitu
2629 1416 2850 1485 dignum
2896 1417 3027 1470 mihi
3078 1418 3295 1471 videtur
3334 1434 3434 1473 cur
3483 1421 3702 1474 tandem

2118 1522 2147 1557 a
2210 1505 2421 1560 Joanne
2471 1506 2739 1561 Servator
2805 1508 3021 1562 dicatur
3073 1512 3305 1578 Agnus,
3367 1521 3423 1564 et
3492 1511 3701 1565 nullum

2118 1608 2481 1662 cmterornm;
2543 1606 2709 1665 atque
2776 1598 2991 1666 etiam,
3052 1615 3151 1654 Clll'
3214 1617 3415 1672 agnum
3472 1619 3539 1657 CX
3602 1616 3698 1674 ge-

2119 1700 2248 1741 nere
2306 1685 2490 1739 ovium
2549 1686 2874 1756 appellarit,
2927 1704 3050 1742 cum
3108 1689 3369 1745 animalia
3426 1693 3541 1746 hanc
3594 1703 3704 1747 ter-

2120 1778 2310 1833 restria
2372 1776 2424 1832 in
2488 1793 2816 1849 unaquaque
2876 1780 3038 1835 trium
3098 1792 3319 1838 aetatum
3372 1784 3699 1840 oil'erantur.

428 1871 603 1945 ἀμνὸν
658 1872 928 1946 ὠνόμασε.
982 1872 1152 1927 Πέντε
1215 1872 1273 1927 δὲ
1334 1871 1449 1938 ζῶα
1510 1872 1684 1928 ταῦτά
1736 1875 1872 1937 ἐστι,
1919 1874 2011 1945 μό-

2116 1871 2366 1943 Quinque
2418 1883 2598 1928 autent
2653 1874 2910 1927 animalia
2968 1878 3084 1931 inec
3139 1884 3305 1941 sunt,
3357 1877 3511 1947 151
3560 1879 3706 1933 vitu-

431 1983 588 2038 σχος,
651 1966 959 2040 πρόϐατον,
1028 1966 1156 2033 αἲξ,
1208 1966 1461 2040 τρυγὼν,
1528 1966 1847 2039 περιστερά.
1900 1968 2013 2021 Καὶ

427 2062 577 2130 τρεῖς
601 2059 808 2132 ήλικίαι
847 2061 1081 2114 ἑκάστου
1115 2061 1224 2114 τῶν
1256 2059 1529 2133 χερσαίων
1561 2053 1753 2125 αὗται,
1785 2060 2010 2131 μόσχος,

430 2149 578 2221 βοῦς,
616 2151 930 2225 μοσχάριον,
961 2152 1134 2223 κριὸς,
1165 2151 1359 2224 ἀμνὸς,
1387 2151 1576 2224 ἀρνίον
1595 2192 1611 2215 ,
1645 2152 1867 2225 τράγος,
1902 2151 2011 2219 αἲξ,

426 2240 650 2313 ἔριφοςο
715 2241 938 2315 πτηνῶν
987 2242 1082 2310 δὲ,
1115 2242 1455 2315 περιστερῶν
1509 2243 1607 2315 μὲν
1656 2243 1767 2315 (21)
1819 2243 2011 2313 ζεῦγος

428 2332 666 2386 νεοσσῶν
697 2333 874 2404 μόνων
894 2374 909 2399 ,
948 2335 1228 2407 τρυγόνων
1258 2334 1450 2405 ζεῦγος
1482 2336 1707 2392 τέλειον.
1737 2338 2009 2410 Ζητητέον

426 2419 521 2477 οὖν
561 2423 641 2493 τῷ
687 2424 996 2497 βουλομένῳ
1053 2426 1300 2497 ἀκριϐῶς
1344 2427 1435 2482 τὸν
1484 2428 1615 2501 περὶ
1654 2429 1763 2484 τῶν
1809 2427 2011 2483 θυσιῶν

430 2514 800 2585 πνευματικὸν
849 2515 1180 2570 καταλαϐεῖν
1228 2517 1389 2586 λόγον
1409 2557 1423 2581 ,
1460 2517 1622 2572 τίνων
1674 2520 2012 2592 ἐπουρανίων

427 2603 789 2676 ὑποδείγματι
842 2607 938 2662 καὶ
972 2607 1101 2680 σκιᾷ
1136 2608 1249 2678 (22)
1280 2608 1433 2663 ταῦτ’
1478 2609 1716 2678 ἐγίνετο,
1753 2611 1847 2663 καὶ
1877 2610 2011 2664 ἐκα-

430 2712 555 2750 στον
584 2696 693 2750 τῶν
733 2696 889 2762 ζώων
925 2699 1019 2752 ἐπὶ
1061 2698 1167 2752 τίνι
1199 2699 1486 2773 νομοθετεῖ
1510 2701 1539 2753 ό
1581 2700 1736 2769 λόγος
1764 2700 2007 2767 θύεσθαι,

428 2787 525 2840 καὶ
565 2787 672 2860 ἰδίᾳ
719 2790 1015 2844 συνακτέον
1066 2790 1133 2844 τά
1177 2791 1308 2864 περὶ
1350 2791 1444 2845 τοῦ
1478 2792 1674 2864 ἀμνοῦ.
1730 2793 1851 2847 Ὀτι
1895 2794 1953 2847 δέ
1982 2795 2012 2848 ὁ

429 2880 693 2951 περὶτῶν
726 2880 927 2935 θυσιῶν
949 2882 1107 2952 λόγος
1136 2882 1264 2955 περί
1307 2901 1466 2937 τινων
1506 2884 1770 2957 οὐρανίων
1806 2903 2013 2958 μυστη-

432 2972 564 3043 ρίων
594 2973 833 3027 νοεῖσθαι
862 2974 1065 3043 ὀφείλει
1084 3016 1099 3039 ,
1129 2975 1263 3047 φησί
1295 2993 1397 3029 που
1425 2978 1454 3030 ό
1496 2976 1810 3041 Ἀπόστολος
1828 2996 1842 3010 ο
1874 2996 1892 3029 1
1922 2978 2012 3032 Οἴ-

428 3082 572 3130 τινες
604 3067 984 3139 ὑποδείγματι,
1014 3069 1111 3123 καὶ
1142 3070 1271 3141 σκιᾷ
1296 3067 1618 3141 λατρεύουσι
1642 3069 1749 3125 τῶν
1774 3071 2012 3144 ἐπουρα-

429 3157 557 3212 νίων
578 3176 592 3189 ·
619 3178 637 3211 ι
667 3160 760 3214 καὶ
780 3159 943 3215 πάλιν
963 3178 976 3191 ·
1008 3179 1027 3211 1
1052 3160 1292 3233 Ἀνάγκη
1314 3156 1406 3215 οὖν
1422 3160 1491 3214 τὰ
1518 3162 1614 3232 μὲν
1637 3160 2010 3233 ὑποδείγματα

427 3249 538 3303 τῶν
572 3251 631 3305 ἐν
661 3254 775 3317 τοῖς
801 3253 1052 3324 οὐρανοῖς
1079 3251 1290 3317 τούτοις
1324 3251 1714 3325 καθαρίζεσθαι
1732 3270 1746 3283 ⁸
1783 3254 1922 3308 αὑτά
1950 3254 2007 3308 δὲ

426 3343 497 3397 τά
528 3343 829 3416 ἐπουράνια
862 3344 1138 3418 κρείττοσι
1182 3342 1397 3408 θυσίαις
1440 3345 1592 3415 παρά
1622 3344 1839 3409 ταύτας.
1876 3364 1896 3397 ι
1938 3344 2013 3399 Τὸ

426 3433 486 3487 δέ
517 3434 641 3488 καθ’
683 3434 742 3487 ἐν
787 3434 1082 3506 δυνηθῆναι
1130 3435 1335 3490 τούτων
1364 3436 1594 3508 εὑρόντα
1638 3435 1888 3493 ἐκλαϐεῖν
1910 3437 2011 3508 τὴν

426 3524 515 3580 sca
571 3526 748 3598 Ἰησοῦ
794 3527 1033 3600 Χριστοῦ
1085 3530 1458 3602 γεγενημένην
1500 3526 1596 3583 τοῦ
1638 3529 2008 3601 πνευματικοῦ

427 3618 594 3691 νόμου
624 3620 683 3690 (ἡ
728 3618 956 3691 ἀλήθεια
997 3620 1205 3691 σφόδρα
1256 3621 1465 3693 μείζων.
1506 3621 1850 3693 τυγχάνουσα
1894 3622 2007 3693 (25)

427 3709 527 3782 τῆς
574 3709 926 3784 ἀνθρωπίνης
984 3711 1246 3784 φύσεως),
1299 3711 1513 3778 οὐδενὸς
1554 3712 1716 3768 ἄλλου
1768 3713 1928 3785 ἔργον
1971 3716 2005 3787 ἢ

424 3800 520 3858 τοῦ
568 3803 775 3857 τελείου
803 3803 960 3871 ἐστὶ,
988 3803 1083 3859 τοῦ
1134 3804 1225 3859 διά
1254 3804 1353 3877 τήν
1408 3803 1522 3871 ἕξιν
1571 3806 1642 3860 τά
1682 3806 2009 3881 αἰσθητήρια

424 3896 853 3968 γεγυμνασμένα
889 3896 1105 3969 ἔχοντος
1142 3896 1280 3970 πρὸς
1324 3898 1594 3970 διάκρισιν
1624 3898 1788 3954 καλοῦ
1822 3918 1880 3954 τε
1915 3901 2007 3955 καὶ

426 3985 621 4053 κακοῦ,
644 3986 943 4060 δυναμένου
968 3987 1076 4041 ἀπὸ
1095 3987 1390 4053 διαθέσεως
1410 3987 1573 4060 άληθε
1582 3988 1779 4061 υούσης
1798 3991 1971 4043 εἰπεῖν
1991 4006 2004 4021 ·

432 4097 453 4131 1
492 4078 693 4150 Σοφίαν
721 4078 779 4133 δὲ
810 4078 1080 4151 λαλοῦμεν
1133 4079 1191 4133 ἐν
1241 4082 1354 4143 τοῖς
1383 4080 1628 4145 τελείοις.
1668 4100 1686 4131 ι
1737 4083 1847 4136 Καὶ
1876 4081 2006 4153 άλη-

427 4170 533 4237 θῶς
561 4172 654 4226 ἐπὶ
680 4170 886 4227 τούτων
911 4172 1057 4225 ἔστιν
1084 4174 1261 4226 εἰπεῖν
1278 4213 1292 4236 ,
1323 4172 1548 4227 καὶτῶν
1575 4174 1784 4239 τούτοις
1828 4193 2007 4247 παρα-

427 4262 704 4334 πλησίων·
760 4282 780 4314 1
824 4263 928 4317 Ἦν
970 4262 1149 4326 οὐδεὶς
1199 4263 1308 4317 τῶν
1364 4263 1639 4336 ἀρχόντων
1687 4266 1878 4319 τούτου
1908 4265 2001 4319 τοῦ

426 4354 621 4419 αίῶνος
652 4354 881 4424 ἔγνωκε.
922 4373 941 4407 ι

496 4448 585 4503 55.
615 4446 762 4519 Πλὴν
806 4447 900 4502 τὸν
946 4446 1117 4520 ἀμνὸν
1167 4448 1227 4504 ἐν
1269 4450 1391 4514 ταῖς
1422 4448 1635 4515 θυσίαις
1666 4449 1761 4505 τοῦ
1796 4450 2002 4505 ἐνδελε-

2117 1966 2218 2029 lus,
2254 1968 2394 2029 ovis,
2441 1980 2627 2035 capra.
2679 1975 2862 2021 turtur
2911 1977 2968 2023 et
3016 1970 3286 2025 colmnba.
3343 1972 3481 2026 Sunt
3534 1971 3700 2027 etiam

2114 2072 2305 2115 anates
2368 2059 2654 2128 cujuslibet
2720 2062 2973 2116 animalis
3042 2065 3321 2117 terrestris
3392 2065 3475 2119 lue
3544 2073 3699 2130 tres,

2114 2147 2337 2211 vitulus,
2369 2145 2488 2211 bos,
2514 2147 2747 2211 vitellus,
2775 2148 2940 2215 aries,
2961 2165 3158 2221 agnus,
3190 2153 3463 2223 agnellus,
3493 2154 3700 2221 hircus.

2113 2251 2302 2308 capra,
2333 2239 2556 2303 haedus;
2590 2238 2855 2293 alatorum
2895 2256 3043 2309 vero,
3084 2244 3458 2298 columbarum
3482 2246 3700 2315 quidem

2108 2326 2319 2398 jugnm,
2343 2329 2438 2384 sed
2468 2327 2520 2382 id
2559 2338 2768 2383 tantum
2817 2331 3109 2399 pullorum,
3133 2347 3188 2387 et
3223 2337 3698 2406 turturumjngum

2113 2415 2439 2485 perfectum.
2467 2415 2855 2485 lnquirendnm
2903 2437 3034 2489 ergo
3079 2431 3163 2477 est
3211 2424 3260 2479 ei
3316 2425 3406 2493 qui
3440 2437 3699 2482 accurate

2112 2507 2412 2575 spiritalem
2440 2508 2707 2563 rationem
2738 2509 3079 2567 victimarum
3113 2518 3578 2585 comprehendere
3601 2534 3697 2571 vo-

2112 2599 2297 2664 luerit,
2324 2614 2553 2670 quornm
2583 2601 2887 2657 caelestium
2937 2607 3236 2675 exemplari
3272 2619 3327 2663 et
3353 2610 3542 2664 umbra
3584 2611 3700 2666 baac

2114 2693 2353 2757 ﬁebant,
2389 2694 2626 2763 itemque
2683 2711 2920 2765 quanam
2990 2699 3207 2753 ratione
3253 2703 3489 2755 sanciat-
3518 2716 3702 2757 sermo

2113 2784 2541 2854 Unumquodque
2582 2785 2784 2839 animal
2805 2787 3128 2853 sacrificari,
3155 2791 3518 2861 privatimque
3544 2792 3699 2848 colli-

2112 2875 2286 2943 genda
2320 2882 2449 2929 sunt.
2476 2889 2597 2943 qua:
2625 2877 2690 2929 de
2720 2891 2859 2945 agno
2894 2878 3166 2931 dicuntur.
3190 2878 3342 2944 Quod
3368 2888 3549 2933 autem
3579 2895 3701 2933 ser-

2113 2980 2201 3018 mo
2228 2965 2571 3020 victimarum
2619 2967 3001 3038 intelligendus
3032 2969 3105 3022 sit
3129 2969 3195 3024 de
3228 2970 3552 3040 quibusdam
3585 2987 3703 3042 my-

2111 3056 2296 3110 steriis
2320 3058 2655 3122 etelestibus,
2696 3061 2856 3113 docet
2900 3060 3190 3128 Apostolus
3222 3061 3412 3116 dicens
3439 3064 3498 3115 ἐ
3537 3080 3556 3113 1
3595 3065 3700 3131 Qui

2111 3146 2452 3215 exemplari,
2486 3157 2541 3201 et
2588 3146 2796 3202 umbrae
2838 3149 3142 3202 ctelestiuni
3184 3149 3533 3213 deserviunt;
3588 3172 3606 3203 ι
3647 3160 3703 3205 et

2034 3234 2081 3298 C
2113 3249 2326 3291 rursum
2355 3237 2379 3268 ³
2409 3254 2425 3290 :
2462 3254 2482 3288 1
2520 3236 2751 3292 Necesse
2784 3252 2914 3307 ergo
2950 3248 3032 3291 est
3072 3246 3130 3290 ut
3158 3238 3489 3306 exemplaria
3521 3252 3700 3293 rerum

2111 3344 2231 3398 quae
2256 3337 2385 3385 sunt
2417 3330 2471 3384 in
2517 3330 2703 3396 caelis,
2740 3330 2891 3385 hisce
2927 3331 3089 3383 rebus
3138 3328 3541 3399 puriﬁcentur;
3582 3330 3700 3395 ipsa

2112 3436 2241 3476 vero
2271 3422 2516 3477 cmlestia
2564 3423 2896 3476 mundentur
2927 3421 3167 3475 victimis
3198 3435 3309 3490 pra:
3351 3421 3436 3474 his
3465 3422 3699 3490 potiori-

2109 3516 2233 3571 bus.
2268 3533 2289 3568 ι
2323 3517 2590 3573 Caeterum
2633 3517 2687 3570 in
2719 3517 2806 3571 bis
2841 3515 3071 3586 singulis
3103 3514 3378 3569 victimam
3416 3516 3547 3585 legis
3584 3518 3697 3584 spi-

2113 3611 2323 3665 ritualis
2349 3626 2448 3679 per
2474 3610 2751 3665 Christum
2778 3607 2976 3665 factam
3002 3620 3164 3678 posse
3187 3608 3436 3662 inuenire
3459 3618 3515 3662 et
3538 3622 3697 3663 enar-

2111 3716 2232 3755 rare
2259 3700 2484 3772 (veritas
2515 3698 2710 3765 major,
2747 3712 2913 3768 quam
2949 3713 3048 3769 pro
3078 3709 3242 3769 captu
3304 3700 3558 3754 humanae
3604 3714 3699 3753 na-

2113 3795 2288 3862 turae),
2308 3794 2511 3849 nullius
2532 3795 2758 3850 alterius
2780 3808 2919 3863 opus
2936 3801 3024 3849 est
3048 3809 3208 3863 quam
3230 3793 3483 3863 perfecti,
3502 3808 3699 3863 nempe

2107 3888 2341 3959 ejns'qui
2372 3903 2565 3944 sensus
2620 3888 2953 3944 exercitatos
2995 3890 3159 3944 habet
3182 3889 3250 3944 ad
3294 3889 3697 3959 dijudicaudum

2108 3990 2221 4035 tum
2255 3983 2479 4049 bonum,
2535 3990 2650 4037 tum
2707 3987 2911 4037 malum
2937 4021 2953 4047 ,
2987 3983 3191 4051 quique
3220 3997 3285 4037 ex
3335 3981 3531 4037 aﬂ‘cctu
3569 3997 3697 4038 vera

2107 4083 2370 4129 narrante
2413 4073 2596 4130 dicere
2635 4084 2858 4145 potest:
2897 4092 2917 4127 1
2951 4074 3274 4145 sapientiam
3303 4087 3485 4128 autem
3524 4074 3696 4143 loqui-

2107 4183 2229 4222 mur
2253 4169 2393 4224 inter
2417 4168 2688 4238 perfectos
2712 4170 2754 4223 ⁵.
2790 4186 2810 4220 ι
2849 4167 2918 4223 Ει
2955 4180 3086 4223 vere
3114 4166 3181 4221 de
3209 4166 3358 4221 hisee
3392 4167 3554 4222 rebus
3587 4170 3699 4224 his-

2104 4276 2211 4331 que
2256 4261 2555 4317 simillimis
2600 4262 2784 4316 dicere
2840 4275 3176 4331 possumus:
3213 4277 3234 4311 1
3283 4258 3459 4327 Quam
3514 4260 3697 4317 nullus

2105 4353 2412 4424 principum
2438 4353 2625 4408 saeculi
2667 4352 2827 4426 hujus
2862 4355 3118 4421 cognovit
3148 4352 3192 4407 ⁸.
3229 4369 3248 4403 ι

2174 4448 2267 4504 55.
2309 4449 2699 4505 Verumtamen
2748 4465 2948 4519 agnum
2999 4449 3053 4504 in
3105 4449 3394 4507 sacrificiis
3432 4449 3696 4523 ἐνδελεχι-

426 4540 623 4614 χισμοῦ
648 4541 975 4614 εὑρίσκομεν
1004 4541 1470 4615 προσφερόμενον.
1514 4543 1670 4597 υῦτω
1705 4543 1761 4597 δὲ
1802 4544 2003 4617 γέγρα-

2110 4543 2247 4614 σμοῦ
2288 4542 2417 4616 [hoc
2439 4553 2522 4599 est
2555 4542 2702 4614 jngis
2731 4540 3045 4614 oblationis]
3081 4541 3391 4599 invenimus
3428 4544 3690 4599 oblatum.

429 4649 593 4686 πται·
634 4651 653 4684 1
688 4631 801 4685 Καὶ⁵
825 4629 997 4687 ταῦτά
1025 4633 1195 4693 ἐστιν,
1222 4629 1258 4685 ἃ
1289 4632 1535 4704 ποιήσεις
1568 4632 1659 4684 ἐπὶ
1690 4630 1785 4685 τοῦ
1813 4631 2000 4686 θυσια-

429 4724 674 4797 στηρίου·
723 4725 954 4796 ’Δμνοὺς
980 4723 1281 4788 ἐνιαυσίους
1318 4722 1582 4796 ἀμώμους
1612 4722 1705 4776 δύο
1726 4723 1826 4795 τὴν
1862 4723 2000 4796 ἠμέ-

430 4835 529 4889 ραν
560 4818 654 4872 ἐπὶ
683 4817 746 4872 τὸ
773 4816 1155 4890 θυσιαστήριον
1194 4813 1512 4886 ἐνδελεχῶς,
1551 4813 1829 4886 κάρπωμα
1859 4813 2003 4868 ἐνδε-

427 4909 701 4983 λεχισμοῦ.
736 4910 843 4964 Τὸν
873 4909 1043 4982 ἀμνὸν
1071 4908 1161 4963 τὸν
1190 4908 1287 4963 ἕνα
1315 4910 1563 4979 ποιήσεις
1604 4907 1667 4961 τὸ
1689 4904 1835 4980 πρωῒ
1853 4947 1868 4972 ,
1907 4906 2001 4960 καὶ

426 5002 517 5057 τὸν
544 5002 714 5074 ἀμνὸν
747 5002 838 5058 τὸν
865 5000 1114 5074 δεύτερον
1137 5001 1386 5073 ποιήσεις
1413 4999 1476 5053 τὸ
1499 4998 1723 5055 δειλινόν
1743 5016 1758 5031 ⁸
1795 5000 1889 5054 καὶ
1916 4998 2003 5052 δέ-

429 5111 590 5148 κατον
645 5091 980 5165 σεμιδάλεως
1035 5091 1430 5163 πεφυραμένης
1475 5091 1641 5163 ἐλαίῳ
1674 5091 2028 5163 κεκομμένῳ·

429 5184 505 5257 τῷ
529 5186 776 5257 τετάρτῳ
810 5183 907 5238 τοῦ
941 5185 1022 5239 εῖν
1052 5186 1195 5239 οἴνου
1222 5183 1334 5255 (24)
1365 5182 1445 5255 τῷ
1471 5182 1628 5255 άμνῷ
1649 5182 1727 5254 τῷ
1757 5183 1859 5237 ἐνί.
1890 5184 2000 5237 Kal.

498 5344 590 5377 ’σοι
616 5340 778 5398 Joan.
812 5357 851 5407 ι,
895 5339 986 5395 29.
1062 5341 1083 5371 ⁸
1110 5339 1272 5396 llebr.
1302 5355 1418 5405 vm,
1446 5340 1498 5396 5.
1576 5339 1598 5371 ³
1632 5339 1797 5396 Hebr.
1834 5358 1913 5407 ιι,
1938 5342 2029 5399 25.

498 5498 609 5571 (20)
651 5498 752 5552 Hie
775 5497 1023 5571 quaedam
1048 5512 1078 5550 ιι
1107 5496 1362 5552 Fet-rario
1393 5496 1781 5565 praetermissa,
1804 5511 1870 5554 ex
1901 5492 1997 5553 Pe-

434 5568 603 5625 rio'nio
630 5568 1021 5637 supplevimns.

501 5634 900 5710 (2011th
952 5635 1041 5701 δὲ,
1069 5634 1464 5710 Απερισξερῶν-
1511 5635 1765 5710 “(alita
1823 5638 1992 5695 codex

434 5706 783 5772 Boitleianus;
820 5708 1020 5779 sicque
1068 5706 1199 5776 legit
1252 5707 1559 5779 Ferrarius.
1602 5707 1781 5763 Editio
1814 5719 1992 5779 autem

437 5780 629 5843 lluetii,
664 5776 892 5850 mqvtbv
919 5778 1038 5847 μὲν,
1069 5779 1414 5850 περιστερᾶς.
1432 5777 1553 5850 μέν,
1579 5789 1686 5831 etc.

501 5850 615 5919 (22)
662 5844 1071 5917 Ὑέοδείγλματι
1119 5844 1218 5902 καὶ
1270 5844 1445 5913 σκιᾷ(
1499 5846 1662 5904 Forte
1711 5850 1992 5922 legendum

2109 4635 2203 4692 Sic
2236 4648 2419 4693 autem
2452 4637 2715 4708 scriptum
2739 4646 2825 4692 est
2850 4635 3030 4690 ‘:-1Et
3059 4636 3177 4692 haec
3213 4645 3336 4692 sunt
3373 4651 3495 4707 qua:
3527 4636 3695 4692 facies

2110 4730 2163 4784 in
2219 4728 2422 4794 altari;
2470 4744 2642 4800 agnos
2674 4729 2964 4785 anniculos
3004 4729 3143 4784 duos
3187 4729 3563 4785 immaculatos
3598 4745 3693 4799 per

2107 4818 2351 4889 singulos
2401 4820 2519 4874 dies
2556 4835 2722 4888 super
2769 4821 2944 4875 altare
2967 4819 3193 4888 iugiter,
3228 4820 3561 4876 oblationem
3596 4834 3693 4874 en-

2105 4909 2446 4965 delechismi.
2469 4913 2681 4982 Agnum
2713 4927 2878 4967 unum
2909 4908 3109 4966 θεῖοι-εδ
3143 4924 3326 4975 mane,
3358 4919 3415 4964 et
3454 4909 3689 4965 alterum

2106 5013 2353 5071 vespere,
2391 4998 2449 5057 et
2492 5004 2758 5058 decimam
2814 5013 3028 5073 partem
3086 5002 3411 5072 similaginis
3471 5003 3689 5056 mistam

2107 5092 2228 5145 oleo
2262 5103 2492 5149 contuso
2534 5108 2660 5149 cum
2712 5103 2908 5163 quarta
2952 5105 3111 5164 parte
3150 5094 3260 5147 vini
3297 5096 3349 5147 in
3382 5108 3523 5164 agno
3558 5105 3689 5147 uno.

2109 5182 2173 5237 Et
2203 5199 2402 5253 agnum
2427 5185 2659 5240 alterum
2684 5184 2879 5242 oti‘eres
2911 5199 3155 5255 vespere,
3180 5183 3333 5253 juxta
3360 5186 3689 5241 sacriﬁcium

2104 5342 2130 5375 δ
2160 5340 2324 5397 lCor.
2352 5356 2413 5408 ιι,
2447 5342 2499 5397 6.
2582 5343 2605 5375 ³
2629 5344 2757 5398 ibid.
2782 5343 2836 5400 8.
2915 5344 2937 5377 ⁸
2973 5344 3144 5400 Exod.
3190 5359 3340 5409 ms,
3369 5343 3437 5400 58
3470 5352 3526 5398 et
3564 5306 3683 5416 seq.

2102 5497 2407 5571 ὑπόδειγμά
2433 5517 2485 5571 τι
2514 5499 2610 5554 καί
2634 5498 2779 5571 σκιά.

2173 5566 2310 5640 (25)
2327 5566 2553 5630 Μείζων
2574 5570 2989 5639 τυγχάνουσα.
3017 5566 3109 5624 Sic
3128 5567 3297 5624 codex
3324 5567 3682 5639 Bodleianus;

2100 5637 2327 5711 Regius,
2357 5640 2544 5711 μεῖζον
2580 5637 2865 5711 τυγχάνον.

2171 5710 2285 5783 (24)
2332 5709 2417 5776 Τῷ
2439 5709 2715 5783 τετάρτω
2741 5710 2847 5765 τοῦ
2871 5710 2970 5783 εῖνΔ
2990 5710 3179 5783 οἴνου,
3210 5719 3317 5783 etc.
3357 5709 3568 5783 Scribe,
3601 5710 3682 5783 τῷ

2097 5781 2341 5852 τετάρτῳ
2372 5780 2464 5834 τοῦ
2504 5779 2611 5835 εῖν·
2650 5782 2743 5835 καὶ
2788 5780 3019 5852 σπονδὴν
3053 5782 3114 5835 τὸ
3164 5779 3426 5850 τέταρτω
3476 5782 3571 5836 τοῦ
3599 5779 3679 5835 εῖν

2098 5851 2263 5918 οἴνου,
2296 5851 2404 5907 etc.
