4194 6412
508 342 609 399 291

1956 336 2283 394 ORIGENIS

3662 339 3770 397 292

506 463 764 536 primum,
794 470 850 518 et
890 460 1045 531 juxta
1094 460 1331 516 libamen
1382 456 1577 528 ipsius.
1613 456 1810 513 Facies
1864 458 2088 513 odorem

2190 458 2281 511 τὸν
2319 456 2488 529 ἀμνὸν
2519 457 2611 511 τὸν
2657 456 2910 529 δεύτερον
2944 456 3191 528 ποιήσεις
3221 456 3283 511 τὸ
3327 456 3557 513 δειλινὸν
3578 496 3594 523 ,
3628 454 3776 513 κατά

508 554 841 626 fragrantia,
876 555 1205 609 oblationem
1234 550 1484 618 Domino,
1504 549 1838 605 sacriﬁcium
1866 550 2085 605 endele-

508 648 706 704 cliismi
737 645 790 701 in
812 647 1191 716 generationes
1226 650 1434 697 vestras
1481 643 1549 697 ad
1579 644 1719 697 ostia
1749 641 2088 698 tabernaculi

510 740 804 796 testimonii
853 754 1035 794 coram
1069 736 1318 799 Domino,
1362 736 1415 789 in
1451 735 1649 805 quibus
1693 749 1963 804 agnoscar
1990 734 2089 788 tibi

507 834 715 889 illic-in
762 841 994 895 tantum,
1023 837 1081 884 ut
1108 829 1306 897 loquar
1338 828 1405 880 ad
1453 835 1544 881 te:
1588 825 1773 896 ibique
1820 825 2090 880 ordinabo

507 926 634 981 ﬁliis
653 924 845 989 Israel,
877 931 932 979 et
962 918 1352 977 sanctiﬁeabor
1379 919 1432 973 in
1465 917 1637 989 gloria
1671 932 1793 971 mea
1820 933 1836 982 ;
1871 926 1929 971 et
1958 931 2089 971 san-

505 1016 832 1073 ctificatione
855 1013 1212 1069 sanetilicabo
1239 1011 1536 1066 tentorium
1568 1010 1888 1066 testimonii.
1933 1027 1953 1061 ι
1988 1008 2092 1064 Ve-

504 1108 903 1163 rumenimvero
956 1118 1203 1174 quamam
1249 1101 1361 1156 alia
1413 1100 1769 1172 intelligibilis
1820 1100 1977 1171 152
2004 1101 2089 1154 vi-

503 1200 666 1255 ctima
698 1195 1077 1268 ἑνδελεχισμοῦ
1113 1193 1244 1265 [hoc
1281 1202 1366 1249 est
1410 1193 1555 1265 jugis
1597 1192 1913 1264 oblationis]
1967 1206 2091 1247 esse

502 1299 680 1361 potest
702 1286 904 1359 λογικῷ
926 1287 1055 1360 [hoc
1081 1294 1185 1352 est,
1217 1286 1267 1339 ei
1294 1285 1387 1354 qui
1417 1285 1656 1340 sermoni
1687 1298 1913 1353 compos
1933 1293 2017 1338 est
2037 1289 2093 1337 et

502 1382 923 1455 sermocinatur]
955 1396 1116 1451 quam
1161 1393 1343 1435 sermo
1378 1375 1656 1442 ﬂoridior,
1688 1376 1984 1448 symbolice
2010 1376 2093 1431 di-

504 1483 622 1531 ctus
649 1491 839 1546 agnus,
866 1475 984 1545 qui,
1014 1472 1174 1530 simul
1200 1483 1362 1541 atque
1386 1471 1686 1525 illustratur
1711 1470 1912 1533 anima,
1930 1468 2093 1525 oller-

506 1578 594 1622 tur
629 1569 767 1638 (haec
820 1570 967 1624 enim
1019 1582 1138 1623 esse
1174 1576 1355 1637 potest
1398 1564 1666 1620 matutina
1699 1562 2089 1618 endelecbismi

504 1661 772 1731 victima),
804 1670 861 1715 et
885 1658 1110 1716 offertur
1140 1661 1306 1715 etiam
1339 1674 1464 1715 cum
1489 1670 1646 1711 mens
1679 1663 1860 1711 cessat
1880 1653 2089 1708 versari

503 1752 559 1807 iu
614 1754 781 1807 rebus
842 1751 1204 1807 divinioribus
1246 1749 1415 1805 ?Non
1460 1750 1607 1804 enim
1659 1755 1840 1817 potest
1875 1759 2089 1814 semper

2191 550 2288 621 τὴν
2320 550 2507 604 θυσίαν
2533 551 2630 622 τὴν
2660 551 2883 623 πρώτην
2916 551 3028 623 (9.5)
3049 591 3064 614 ,
3091 551 3184 603 καὶ
3217 548 3361 603 κατά
3401 547 3502 620 τὴν
3534 548 3773 620 σπονδὴν

2190 643 2376 696 αὐτοῦ.
2427 644 2679 715 Ποιήσεις
2720 645 2896 714 ὀσμὴν
2937 642 3187 706 εὐωδίας,
3238 640 3520 713 κάρτυωμα
3550 640 3769 712 Κυρίῳ,

2191 735 2384 790 θυσίαν
2417 735 2795 807 ἐνδελεχισμοῦ
2833 737 2913 799 εἰς
2946 735 3045 798 τὰς
3076 732 3270 802 γενεάς
3302 731 3488 803 ὑμῶν,
3543 730 3641 785 ἑπὶ
3672 730 3771 785 θύ-

2194 843 2316 897 ραις
2364 827 2464 897 τῆς
2490 827 2693 896 σκηνῆς
2736 826 2828 879 τοῦ
2872 824 3173 897 μαρτυρίου
3224 823 3404 876 ἔναντι
3433 821 3681 894 Κυρίου,
3714 823 3776 875 ἑν

2189 916 2271 982 οἷς
2316 918 2701 991 γνωτθήσομαί
2752 935 2833 971 σοι
2863 920 3009 979 ἐκεῖ,
3052 916 3192 970 ὥστε
3226 914 3458 985 λαλῆσαί
3504 928 3623 967 σοι·
3677 912 3776 967 καὶ

2190 1011 2421 1081 τάξομαι
2452 1014 2568 1064 ἐκεῖ
2594 1014 2707 1075 τοῖς
2752 1012 2887 1073 υἱοῖς
2927 1008 3182 1081 Ἰσραὴλ,
3218 1007 3313 1061 καὶ
3358 1004 3776 1076 ἀγιασθήσομαι

2195 1102 2308 1173 (26)
2338 1105 2397 1156 ἑν
2432 1102 2559 1176 δόξῃ
2593 1120 2725 1174 μου’
2758 1103 2851 1155 καὶ¹
2894 1101 3152 1172 ἁγιασμῷ
3200 1100 3413 1169 ἀγιάσω
3434 1098 3534 1171 τὴν
3564 1100 3777 1169 σκηνὴν

2196 1194 2292 1248 τοῦ
2326 1195 2648 1265 μαρτυρίου.
2692 1214 2710 1246 ›
2746 1196 2879 1247 Ποία
2903 1194 2959 1247 δὲ
2992 1194 3151 1267 ἑτέρα
3178 1193 3336 1246 θυσία
3367 1192 3596 1246 δύναται
3631 1190 3781 1244 ἑνδε-

2199 1282 2456 1355 λεχισμοῦ
2486 1282 2623 1339 εἶναι
2667 1285 2745 1354 τῷ
2784 1283 2985 1354 λογικῷ
3028 1283 3192 1355 νοητὴ
3224 1284 3257 1354 ἢ
3293 1283 3449 1351 λόγος
3480 1278 3776 1353 ἀκμάζων,

2195 1374 2352 1444 λόγος
2382 1377 2550 1447 ἀμνὸς
2596 1376 2936 1448 συμϐολικῶς
2982 1377 3094 1447 (27)
3140 1375 3498 1446 καλούμενος,
3536 1374 3659 1444 ἅμα
3697 1371 3779 1444 τῷ

2194 1468 2521 1536 φωτίζεσθαι
2577 1470 2676 1540 τὴν
2726 1468 2907 1541 ψυχὴν
2952 1467 3408 1538 ἀναπεμπόμενος
3447 1466 3614 1537 (αὕτη
3665 1462 3779 1537 γὰρ

2192 1559 2259 1613 ἂν
2304 1560 2388 1631 εἴη
2443 1558 2639 1631 ἑωθινὴ
2670 1558 2765 1612 τοῦ
2799 1558 3175 1629 ἑνδελεχισμοῦ
3205 1557 3419 1621 θυσία),
3471 1556 3571 1609 καὶ
3607 1554 3778 1610 πάλιν

2192 1650 2286 1703 ἑπὶ
2313 1650 2454 1703 τέλει
2484 1650 2596 1721 (28)
2636 1651 2735 1721 τῆς
2767 1649 2868 1724 τοῦ,
2895 1649 2986 1705 νοῦ
3022 1650 3081 1702 ἑν
3112 1651 3224 1711 τοῖς
3250 1647 3544 1719 θειοτέροις
3567 1646 3779 1717 διατρι-

2193 1741 2296 1812 ϐῆς
2328 1742 2763 1815 ἀναφερόμενος;
2794 1742 2868 1795 Οὐ
2901 1742 3012 1813 γὰρ
3056 1741 3145 1794 ἀεὶ
3178 1740 3397 1793 δύναται
3437 1739 3690 1809 διαρκεῖν
3716 1738 3779 1791 τὸ

502 1843 751 1899 sulﬁeere
797 1853 859 1898 ut
888 1845 959 1898 sit
999 1843 1054 1898 in
1093 1840 1567 1911 praestantioribus
1599 1839 1805 1903 anima,
1848 1836 2087 1907 quandiu

2190 1828 2331 1887 εἶναι
2361 1834 2471 1903 (29)
2531 1836 2589 1886 ἑν
2618 1836 2731 1897 τοῖς
2775 1833 3082 1905 κρείττοσιν
3104 1871 3119 1896 ,
3173 1832 3297 1885 ὅσον
3345 1830 3696 1903 κεκλήρωται
3742 1831 3777 1902 η

502 1934 577 1989 illi
599 1934 1257 2006 contigeritconjunctam
1279 1947 1400 1989 esse
1430 1932 1559 1988 huic
1586 1940 1804 1986 terreno
1824 1939 1880 1986 et
1900 1943 2091 2001 aggra-

501 2025 651 2080 vanti
677 2026 918 2096 corpori.

569 2117 662 2175 54.
699 2116 856 2185 Quod
880 2117 926 2172 si
953 2122 1162 2186 quaerat
1192 2113 1467 2186 quisquid
1496 2112 1740 2168 facturus
1768 2110 1842 2166 sit
1866 2120 2089 2168 sanctus

498 2223 569 2266 eo
623 2218 871 2278 tempore
921 2207 1064 2276 quod
1119 2215 1205 2261 est
1258 2206 1400 2261 inter
1460 2217 1646 2268 mane,
1684 2210 1741 2258 et
1778 2216 2087 2272 vesperam,

503 2303 800 2360 transferat
823 2317 1135 2359 sermonem
1175 2301 1245 2356 ab
1268 2301 1421 2356 hisce
1448 2300 1613 2355 rebus
1644 2312 1765 2368 qua:
1790 2297 1858 2352 ad
1883 2296 2086 2352 cultum

503 2395 799 2452 Mosaicum
849 2395 1146 2465 pertinent,
1186 2403 1245 2449 et
1277 2395 1473 2449 deinde
1524 2390 1845 2462 evangelica
1880 2389 2087 2460 potiora

503 2496 791 2557 sequatur.
826 2486 902 2542 Ut
932 2488 1077 2541 enim
1110 2485 1247 2557 legis
1270 2487 1478 2541 veteris
1533 2485 1850 2541 sacerdotes
1891 2483 2090 2554 princi-

502 2583 648 2653 pium
684 2581 1029 2637 victimarum
1064 2579 1302 2635 oﬂ'erunt
1347 2578 1739 2636 endelecbismi
1779 2578 2087 2640 victimam,

503 2688 568 2728 ac
593 2672 794 2728 deinde
813 2680 941 2726 ante
965 2670 1335 2740 vespertinam
1357 2672 1634 2727 victimam
1675 2671 2087 2736 endelecbismi,

503 2775 732 2821 caeteras
777 2779 848 2820 ex
891 2764 1009 2836 lege
1032 2762 1207 2834 (verbi
1244 2763 1443 2834 gratia,
1482 2780 1583 2835 pro
1611 2764 1845 2831 delicto,
1876 2764 1964 2821 vel
1993 2780 2091 2836 pro

507 2860 594 2914 his
634 2873 754 2928 qua:
792 2869 984 2929 sponte
1008 2874 1113 2913 non
1157 2857 1602 2920 committuntur,
1638 2856 1725 2910 vel
1765 2871 1865 2927 pro
1894 2856 2090 2922 salute,

503 2951 586 3007 vel
616 2965 717 3022 pro
736 2951 1070 3022 precatione,
1087 2950 1172 3005 vel
1188 2963 1287 3019 pro
1305 2948 1590 3019 zelotypia,
1608 2948 1691 3003 vel
1712 2964 1810 3019 pro
1830 2948 2088 3014 Sabbato,

505 3043 589 3099 vel
617 3058 717 3113 pro
755 3041 1056 3107 novilunio,
1081 3050 1137 3096 et
1179 3040 1423 3110 reliquis,
1457 3055 1577 3109 qua;
1604 3040 1824 3111 longum
1856 3049 2008 3096 esset
2035 3041 2089 3094 in

2189 1926 2335 1999 ψυχὴ
2360 1926 2711 1999 συνεζεῦχθαι
2741 1925 2820 1997 τῷ
2843 1927 3019 1997 γηΐνῳ
3046 1925 3141 1979 καὶ⁹
3174 1923 3428 1998 βαροῦντι
3458 1923 3701 1996 σώματι.

2262 2099 2350 2155 54.
2397 2099 2522 2154 Ἐἀν
2570 2098 2629 2153 δέ
2669 2116 2756 2162 τις
2805 2098 2941 2171 ζητῇ
2973 2098 3026 2151 τί
3055 2100 3115 2154 ἑν
3160 2102 3274 2164 τοῖς
3311 2099 3520 2165 μεταξὺ
3568 2099 3673 2171 τῆς
3703 2098 3782 2153 ἑω

2190 2193 2285 2245 καὶ
2316 2190 2554 2263 ἑσπέρας
2581 2193 2797 2264 ποιήσει
2828 2193 2857 2245 ὁ
2887 2192 3074 2260 ἆγιος,
3114 2190 3464 2263 μεταφερέτω
3505 2191 3624 2246 ἀπὸ
3671 2192 3780 2244 τῶν

2191 2284 2332 2339 κατὰ
2360 2284 2456 2356 τὴν
2484 2285 2740 2357 λατρείαν
2771 2284 2864 2339 τὸν
2895 2285 3073 2355 λόγον,
3112 2285 3302 2339 ἔπειτα
3342 2284 3437 2339 καὶ
3469 2284 3535 2338 ἑν
3565 2284 3779 2346 τούτοις

2190 2375 2474 2430 ἀκολουθεί
2504 2377 2639 2447 (50).
2697 2377 2808 2430 Καὶ
2850 2376 2956 2449 γάρ
3006 2378 3123 2431 ἐκεῖ
3167 2378 3217 2430 οἱ
3271 2377 3433 2447 ἱερεῖς
3462 2377 3646 2448 ἀρχὴν
3679 2376 3779 2446 μὲν

2176 2466 2299 2533 ,τῶν
2326 2466 2525 2520 θυσιῶν
2554 2467 2922 2541 προσφέρουσι
2950 2467 3048 2540 τὴν
3076 2467 3170 2522 τοῦ
3205 2466 3616 2538 ἑνδελεχισμοῦ,
3649 2465 3777 2535 ἑξῆς

2188 2560 2248 2613 δὲ
2290 2561 2397 2632 πρὸ
2444 2561 2542 2632 τῆς
2588 2560 2883 2633 ἑσπερινῆς
2930 2560 3024 2615 τοῦ
3059 2559 3439 2631 ἑνδελεχισμοῦ
3488 2559 3594 2623 τὰς
3636 2557 3779 2613 κατά

2191 2650 2284 2705 τὸν
2331 2652 2494 2723 νόμον
2528 2651 2720 2716 λοιπάς
2739 2669 2754 2683 ·
2784 2646 2894 2707 οἷον
2925 2653 3054 2723 περὶ
3086 2651 3497 2723 πλημμελείας,
3548 2650 3584 2721 ἢ
3610 2649 3777 2702 ἀκου-

2193 2743 2343 2809 σίων,
2373 2745 2407 2816 ﬁ
2446 2745 2712 2817 σωτηρίου
2740 2744 2927 2816 εὐχῆς,
2962 2745 2994 2810 ἢ
3031 2743 3380 2815 ζηλοτυπίας,
3408 2742 3443 2814 ἢ
3471 2741 3773 2804 σαϐϐάτου,

2191 2836 2226 2906 ἢ
2251 2836 2547 2907 νουμηνίας
2565 2875 2580 2901 ,
2610 2836 2703 2890 καὶ
2747 2836 2856 2890 τῶν
2884 2835 3085 2889 λοιπῶν
3105 2874 3120 2900 ,
3153 2833 3190 2888 ἀ
3223 2832 3432 2905 μακρὸν
3456 2831 3525 2887 ἀν
3560 2832 3647 2903 εἴη
3680 2831 3775 2885 ἐπὶ

2188 2926 2284 2980 τοῦ
2333 2927 2601 2998 παρόντος
2649 2927 2827 2997 λέγειν
2847 2944 2860 2958 ο
2910 2925 3052 2979 οὔτω
3100 2925 3279 2979 τοίνυν
3323 2923 3418 2978 καὶ
3462 2923 3631 2993 ἡμεῖς
3666 2921 3775 2976 ἀπὸ

2190 3018 2287 3073 τοῦ
2327 3019 2457 3091 περὶ
2496 3021 2597 3091 τῆς
2635 3020 2844 3083 εἰκόνος
2875 3019 3034 3089 λόγου
3060 3016 3418 3088 πεποιημένοι
3456 3015 3561 3088 τὴν
3599 3015 3774 3088 ἀρχὴν

506 3134 801 3204 praesentia
832 3129 1165 3204 recensere),
1205 3131 1286 3187 sic
1328 3133 1492 3187 etiam
1535 3148 1636 3187 nos
1679 3107 1726 3187 av
1746 3146 1997 3187 sermone
2024 3132 2091 3187 de

2191 3111 2290 3182 τῆς
2315 3111 2613 3184 ἀναφορᾶς,
2642 3112 2701 3176 ὅς
2724 3112 2872 3165 ἑστιν
2890 3111 2919 3164 ὁ
2939 3111 3192 3183 Χριστὸς,
3225 3107 3615 3178 διαλαμϐάνειν
3645 3109 3775 3180 περὶ

505 3179 765 3298 imagine,
796 3225 889 3296 qui
919 3234 1006 3281 est
1047 3179 1321 3289 Chlristus,
1359 3223 1692 3280 oblationem
1737 3223 1923 3281 facere
1956 3224 2091 3280 inci-

2193 3179 2547 3270 πολλῶνξκαὶ
2578 3179 3016 3276 ὠφελιμωτάτων
3048 3202 3407 3274 δυνησόμεθα.
3454 3202 3570 3255 Καὶ
3607 3179 3772 3255 πάλιν

504 3318 738 3390 pientes,
764 3318 832 3373 de
860 3317 1044 3374 multis
1093 3319 1283 3388 hisque
1329 3316 1637 3372 utilissimis
1676 3315 1952 3372 disserere
1990 3331 2092 3387 po-

505 3411 757 3467 terimus.
780 3409 1101 3481 Rursusque
1144 3411 1200 3466 in
1232 3411 1318 3466 bis
1357 3423 1479 3480 quae
1508 3408 1711 3465 Christi
1744 3417 1872 3463 sunt
1898 3408 2093 3464 ﬁnien-

508 3514 588 3559 tes
618 3505 685 3559 ad
709 3517 989 3573 vesperam
1021 3502 1188 3557 veluti
1218 3510 1548 3570 noctemque
1575 3500 1978 3573 perveniemus,
2000 3515 2094 3557 ve-

505 3597 719 3652 nientes
739 3595 809 3652 ad
835 3610 1067 3667 corpora
1095 3596 1290 3654 etiam.

575 3687 666 3745 '55.
708 3688 803 3746 Sin
835 3704 967 3745 vero
998 3703 1309 3747 sermonem
1353 3686 1698 3759 exquirimus
1727 3689 1794 3743 de
1834 3684 1960 3742 Iesu
1996 3685 2091 3741 de-

504 3792 811 3839 monstrato
837 3797 866 3837 a
917 3782 1151 3852 Joanne,
1179 3783 1337 3853 juxta
1378 3782 1466 3837 id'
1497 3799 1512 3837 :
1539 3799 1560 3833 ι
1615 3781 1754 3836 Ecce
1782 3781 1969 3851 Agnus
1998 3778 2089 3833 ille

507 3876 626 3941 Dei,
650 3877 740 3946 qui
776 3875 915 3931 tollit
943 3886 1224 3947 peceatum
1258 3874 1468 3939 mundi,
1492 3892 1513 3926 ι
1545 3873 1855 3929 insistentes
1885 3869 1938 3924 in
1974 3870 2091 3938 ipsa

505 3970 909 4042 dispensatione
940 3969 1188 4039 corporei
1229 3969 1496 4024 adventus
1532 3965 1652 4020 Filii
1686 3964 1779 4019 Dei
1820 3965 1888 4018 ad
1923 3963 2089 4016 vitam

508 4063 820 4130 hominum,
848 4077 1049 4133 agnum
1090 4077 1196 4117 non
1243 4061 1412 4116 alium
1457 4057 1890 4115 existimabimus
1926 4069 2086 4124 quam

508 4156 784 4212 hominem
818 4170 834 4219 ;
863 4155 951 4211 hic
977 4154 1123 4209 enim
1161 4170 1181 4204 ι
1211 4152 1378 4208 veluti
1406 4150 1525 4206 ovis
1562 4150 1629 4204 ad
1662 4149 1866 4204 caedem
1896 4147 2092 4200 ductus

506 4261 611 4316 est,
642 4258 700 4304 et
723 4257 979 4317 tanquam
1008 4261 1181 4319 agnus
1209 4260 1393 4302 coram
1426 4243 1688 4300 tondente
1719 4255 1777 4297 se
1802 4247 1983 4292 mutus
1999 4236 2043 4304 ’ς
2065 4254 2084 4287 ι

508 4340 737 4396 dicens:
777 4357 798 4390 ι
832 4337 948 4408 Ego
993 4348 1250 4408 tanquam
1298 4350 1471 4407 agnus
1511 4333 1779 4388 innocens
1811 4329 2004 4393 ducor,
2030 4334 2091 4380 ut

509 4430 847 4487 immoler'.»
876 4430 1047 4498 Quam
1076 4431 1148 4486 ob
1172 4434 1491 4494 causam,et
1516 4425 1573 4480 in
1597 4419 1917 4493 Apocalypsi
1939 4419 1983 4450 ¹⁰
2012 4418 2087 4472 vi-

509 4523 668 4578 detur
706 4536 878 4595 agnus
901 4531 1051 4576 stans
1081 4536 1179 4577 ceu
1212 4519 1549 4574 immolatus.
1578 4513 1682 4569 llic
1712 4514 1875 4583 igitur
1914 4523 2084 4580 agnus
2119 4530 2162 4586 ι)

508 4616 724 4671 occisus
760 4614 1065 4683 puriﬁcatio
1094 4612 1272 4667 lactus
1297 4620 1402 4677 est,
1425 4608 1578 4679 juxta
1623 4603 1886 4675 quasdam
1930 4600 2091 4654 ratio-

510 4721 609 4762 nes
636 4706 903 4773 occultas,
933 4708 1100 4761 totius
1121 4702 1332 4765 mundi,
1358 4716 1456 4771 pro
1485 4715 1593 4769 quo
1619 4697 1691 4752 ob
1717 4707 1957 4750 amorem
1982 4706 2091 4761 quo

510 4796 674 4854 Pater
700 4800 997 4854 humanum
1044 4811 1221 4870 genus
1268 4792 1641 4866 prosequitur,
1675 4788 1877 4842 caedem
1921 4784 2088 4839 etiam

509 4895 770 4965 suscepit,
791 4908 890 4950 suo
925 4895 1094 4965 ipsius
1121 4892 1388 4962 sanguine
1425 4901 1523 4941 nos
1570 4881 1807 4952 peccatis
1834 4876 2088 4933 venditos

512 4985 786 5040 redimens
810 4986 878 5041 ab
904 5001 969 5041 eo
990 4985 1081 5055 qui
1117 4998 1216 5038 nos
1249 4982 1559 5040 seduxerat.
1583 4974 1751 5028 Porro
1770 4972 1861 5042 qui
1890 4982 2086 5040 agnum

512 5077 657 5133 hunc
681 5077 749 5132 ad
770 5078 1099 5134 sacriﬁcium
1131 5074 1416 5136 oll‘erebat,
1447 5071 1586 5126 Deus
1617 5068 1671 5121 in
1699 5064 1921 5120 homine
1948 5068 2087 5126 erat,

2194 3299 2253 3350 ἑν
2296 3300 2408 3362 τοῖς
2452 3298 2579 3369 περὶ
2607 3295 2844 3369 Χριστοῦ
2898 3295 3301 3367 καταλήξαντες
3343 3295 3438 3348 ἑπὶ
3467 3292 3572 3364 τὴν
3607 3291 3774 3347 οἱονεὶ

2192 3388 2433 3460 ἑσπέραν
2467 3389 2743 3459 φθάσομεν
2771 3387 2866 3442 καὶ
2891 3386 3097 3454 νύκτα,
3129 3386 3416 3458 ἐρχόμενοι
3448 3384 3547 3439 καὶ
3577 3384 3672 3439 ἐπὶ
3700 3382 3772 3438 τὰ

2192 3480 2501 3552 σωματικά.

2256 3664 2381 3735 55.’ζ
2405 3664 2530 3718 Ἐἀν
2558 3663 2615 3718 δὲ
2664 3664 2754 3717 τὸν
2785 3663 2941 3733 λόγον
2978 3662 3320 3733 ἐξετάζωμεν
3364 3659 3457 3715 τὸν
3489 3660 3623 3733 περὶ
3668 3660 3767 3716 τοῦ

2186 3755 2533 3828 δεικνυμένου
2592 3753 2769 3827 Ἰησοῦ
2818 3755 2924 3810 ὑπὸ
2978 3754 3073 3809 τοῦ
3137 3754 3413 3820 Ἰωάννου,
3474 3753 3620 3808 κατά
3667 3754 3768 3809 τόο

2195 3867 2214 3900 ι
2247 3841 2415 3912 Οὗτός
2440 3850 2586 3903 ἑστιν
2610 3849 2639 3901 ὁ
2675 3847 2872 3918 Ἀμνδς
2897 3846 2991 3901 τοῦ
3020 3846 3178 3909 Θεοῦ,
3204 3847 3233 3899 ὁ
3260 3845 3430 3918 αἴρων
3452 3845 3550 3916 τὴν
3584 3847 3770 3919 ἀμαρ-

2189 3939 2310 3993 τίαν
2334 3938 2430 3993 τοῦ
2460 3939 2695 4010 κόσμου,
2740 3957 2760 3990 ι
2793 3938 3068 4009 ἱστάμενοι
3094 3938 3180 3990 ἐπ’
3215 3936 3382 4007 αὐτὴν
3427 3936 3526 4007 τὴν
3567 3936 3772 3990 οἱκονο-

2193 4030 2321 4101 μίαν
2352 4031 2453 4100 τῆς
2485 4030 2802 4101 σωματικῆς
2832 4028 2927 4082 τοῦ
2961 4027 3092 4081 Υἱοῦ
3125 4026 3220 4080 τοῦ
3248 4024 3384 4079 Θεοῦ
3424 4027 3503 4090 είς
3538 4026 3633 4079 τὸν
3658 4026 3770 4080 τῶν

2188 4120 2492 4194 ἀνθρώπιον
2524 4122 2636 4193 βίον
2665 4121 2960 4193 ἑπιδημίας
2979 4136 2992 4150 ⁸
3024 4121 3115 4175 τὸν
3142 4119 3311 4191 ἀμνὸν
3349 4119 3449 4172 οὐκ
3480 4117 3641 4173 ἄλλον
3671 4117 3768 4171 τοῦ

2189 4214 2475 4287 ἀνθρώπου
2497 4213 2909 4286 ὑποληψόμεθαο
2931 4206 3085 4276 οὗτος
3104 4212 3212 4283 γὰρ
3237 4230 3256 4264 ι
3279 4210 3355 4275 ὡς
3374 4209 3645 4282 πρόϐατον
3673 4210 3770 4265 ἑπὶ

2192 4306 2404 4379 σφαγὴν
2435 4306 2576 4379 ἤχθη
2596 4347 2612 4370 ,
2660 4308 2756 4360 καὶ
2776 4306 2853 4370 ὡς
2882 4307 3057 4378 ἀμνὸς
3088 4306 3320 4361 ἐνώπιον
3350 4304 3446 4359 τοῦ
3482 4303 3769 4375 κείραντος

2191 4399 2353 4453 αὐτὸν
2389 4398 2637 4468 ἀφωνοςο
2664 4418 2684 4450 ι
2726 4396 2920 4466 λέγων’
2955 4413 2975 4447 ι
3011 4396 3153 4467 Ἐγὼ
3202 4398 3279 4460 ὡς
3325 4395 3511 4469 ἀρνίον
3559 4394 3771 4449 ἄκακον

2192 4494 2456 4564 ἀγόμενον
2501 4492 2597 4547 τοῦ
2643 4492 2923 4548 θύεσθαι.»
2959 4493 3158 4563 Διόπερ
3175 4490 3269 4545 καὶ
3306 4490 3365 4541 ἑν
3408 4490 3474 4559 τῇ
3532 4486 3772 4540 Ἀποκα-

2190 4587 2346 4658 λύψει
2375 4587 2559 4658 ἀρνίον
2586 4586 2779 4658 ὁρᾶται
2824 4583 3054 4655 ἑστηκὸς
3097 4582 3175 4647 ὡς
3204 4579 3565 4651 ἐσφαγμένον.
3594 4570 3768 4640 Οὗτος

2188 4679 2252 4753 δὴ
2276 4681 2305 4734 ὁ
2334 4678 2505 4752 ἀμνδς
2533 4678 2762 4748 σφαγεὶς
2785 4675 3079 4747 καθάρσιον
3110 4672 3423 4745 γεγένηται,
3450 4670 3593 4725 κατά
3616 4687 3771 4733 τινας

2189 4775 2532 4848 ἀπορρήτους
2555 4772 2775 4841 λόγους,
2802 4767 2897 4824 τοῦ
2929 4768 3053 4823 ὅλου
3086 4767 3289 4838 κόσμου
3311 4805 3326 4831 ,
3363 4765 3500 4837 ὑπὲρ
3532 4758 3593 4819 οῦ
3623 4763 3771 4817 κατά

2190 4868 2291 4940 τὴν
2314 4866 2407 4921 τοῦ
2441 4865 2660 4939 Πατρὸς
2689 4861 3095 4935 φιλανθρωπίαν
3132 4859 3228 4914 καὶ
3252 4857 3355 4930 τὴν
3394 4855 3605 4927 σφαγὴν
3643 4856 3773 4908 ἀνε-

2191 4960 2379 5026 δέξατο
2396 4999 2413 5025 ,
2452 4956 2757 5027 ὠνούμενος
2800 4951 2880 5023 τῷ
2927 4950 3120 5007 ἑαυτοῦ
3152 4950 3345 5019 αἵματι
3389 4947 3498 5002 ἀπὸ
3527 4945 3621 5001 τοῦ
3644 4948 3771 5009 ταῖς

2193 5052 2489 5127 ἁμαρτίαις
2509 5050 2659 5123 ἡμᾶς
2675 5045 3151 5121 πιπρασκομένους
3167 5040 3539 5115 ἀγοράσαντος
3556 5036 3692 5112 (51).
3707 5038 3773 5094 '0

584 5198 604 5230 '
632 5194 793 5253 Joan.
820 5214 861 5266 1,
881 5198 972 5254 29.
1050 5197 1072 5229 ⁸
1100 5196 1343 5259 lsa.t.m,
1373 5193 1427 5246 7.
1507 5190 1529 5221 '
1554 5187 1756 5244 Jerem.
1790 5200 1869 5251 xl,
1904 5182 1993 5238 l9.
2071 5181 2115 5213 ¹⁰
2142 5181 2312 5248 Apoc.
2345 5193 2402 5244 v,
2438 5175 2494 5231 6.

515 5314 698 5438 ac(2:)
738 5314 904 5374 Forte
949 5314 1241 5383 legendum
1276 5311 1546 5384 πρωῖνήν,
1577 5316 1634 5366 et
1668 5305 1830 5380 paulo
1859 5312 1983 5376 post
2008 5303 2091 5367 εἰς

583 5405 621 5438 υ.
662 5403 712 5438 ν.

546 5401 712 5439 σμῆν.

738 5457 841 5527 gat
869 5455 1014 5521 ἐκεῖ,
1042 5453 1198 5527 ὥστε
1232 5450 1504 5527 λαλῆσαί
1538 5464 1676 5527 σοιξ
1700 5446 1803 5527 καὶ
1842 5444 2095 5527 τάξομαι

513 5516 640 5597 ἐκεῖ
674 5516 798 5592 τοῖς
836 5516 1279 5595 υἱοῖς-’Ἰσραὴλ
1327 5516 1425 5597 κάξ
1462 5517 1920 5597 ἁγιᾳσθήσομαι.
1969 5516 2093 5597 [iam

519 5596 718 5649 desunt
762 5588 813 5649 i'n
864 5588 1051 5653 codice
1086 5588 1288 5662 Regio,
1327 5594 1422 5649 sed
1459 5588 1874 5662 restituunture
1905 5588 2093 5640 codice

521 5663 841 5737 Bodleiano.
866 5666 984 5723 Mox
1016 5676 1136 5737 post
1163 5658 1421 5736 ἆγιασμῷ
1445 5662 1616 5737 codex
1646 5658 1974 5737 [_l_odl_eianus
2007 5670 2093 5710 re-

522 5734 698 5809 stituit
719 5735 955 5803 ἀγιάσω,
987 5729 1131 5809 quod
1169 5729 1321 5809 deest
1337 5729 1404 5809 'iti
1436 5734 1622 5809 codice
1651 5729 1847 5809 llegio.

592 5802 706 5877 (9⁷)
742 5795 1143 5877 Συμϐοῼίιὲιῶς.
1172 5808 1263 5867 Sic
1283 5805 1453 5865 codex
1482 5795 1835 5867 Bodleianus;
1864 5795 2086 5870 Regius,

2198 5297 2539 5371 συμϐολικός.

2268 5369 2381 5439 (28)
2434 5366 2558 5420 Ἐπὶ
2606 5364 2785 5439 τέλει.
2832 5362 2925 5439 _lta
2976 5361 3149 5418 codex
3195 5356 3523 5414 Bodleianus
3582 5361 3768 5417 recte;

2199 5433 2422 5510 Regius.
2451 5436 2709 5510 ἑπιτελεῖ,
2727 5433 2900 5510 _male.

2261 5493 2352 5580 (iis
2387 5493 2491 5562 "re
2517 5493 2706 5561 arm:
2727 5504 2800 5558 Le
2836 5502 3034 5558 endum
3068 5501 3283 5556 videtur
3316 5496 3395 5553 '1‘"
3427 5493 3589 5550 εἶναι.

2261 5514 2776 5650 (δθζᾲἎκολουθεῖ.
2804 5520 3120 5639 ἱοκειιάιιιη
3165 5571 3248 5628 vel
3283 5516 3589 5624 ἀκίίλουθείτ

2261 5566 2407 5651 (54))Δ
2426 5574 2776 5651 Ἀκολουθεῐ.
2805 5566 3120 5639 Legendum
3165 5571 3248 5628 vel
3283 5566 3645 5624 ἀκολουθείτω
3678 5567 3771 5617 vel

2190 5648 2597 5791 “33632.net
2634 5715 2956 5791 Bodleianus
2992 5714 3042 5767 in
3082 5723 3227 5771 textu
3256 5707 3672 5781 διαπράσαντος,
3708 5702 3765 5758 in

2200 5787 2440 5862 margine
2470 5805 2593 5846 vero
2622 5787 3008 5858 ἀγοράσαντος.
