4194 6396
425 355 534 412 295
1531 353 1884 413 COMMENT.
1926 352 1989 407 IN

2092 352 2219 408 DAN.
2258 352 2496 409 TOMUS
2537 354 2625 411 Vl.
3580 353 3690 413 εει

418 477 477 530 δέ
510 473 880 546 προσαγαγὼν
904 475 1093 530 τοῦτον
1125 477 1216 530 τὸν
1247 476 1420 548 ἀμνὸν
1454 477 1547 529 ἐπὶ
1585 476 1682 547 τὴν
1716 474 1905 528 θυσίαν
1926 513 1939 534 ,
1967 473 1995 523 ὁ

2102 485 2325 539 magnus
2363 471 2643 536 sacerdos,
2681 469 2775 540 qui
2806 469 2911 526 hoc
2940 469 3183 526 declarat
3210 485 3310 541 per
3332 484 3395 527 ea
3426 473 3588 529 verba
3615 473 3684 530 ἰι

419 565 481 618 ἐν
511 564 590 636 τῷ
621 565 893 637 ἀνθρώπῳ
939 563 1007 639 ἦν
1045 568 1214 632 Θεὸς,
1267 569 1440 638 μέγας
1489 568 1815 638 ἀρχιερεὺς,
1849 567 1996 628 ὅστις

2108 579 2128 612 ι
2168 561 2354 615 Nullus
2381 563 2620 616 animam
2653 577 2826 616 meam
2854 576 2883 615 a
2914 577 2999 617 me
3027 562 3187 627 tollit,
3220 561 3378 633 153
3405 563 3497 617 sed
3523 575 3622 634 ego
3649 578 3677 622 ι

420 654 580 710 τοῦτο
619 656 777 725 δηλοῖ
808 657 897 711 διὰ
920 657 1014 711 τοῦ
1035 673 1052 692 ο
1097 677 1116 710 ι
1143 659 1334 724 Οὐδεὶς
1372 660 1516 730 αἴρει
1547 660 1645 728 τὴν
1668 658 1844 729 ψυχήν
1893 674 1995 727 μου

421 746 518 799 ἀπ’
568 745 737 816 ἐμοῦ,
813 748 927 801 ἀλλ’
981 748 1090 817 ἐγὼ
1122 749 1310 820 τίθημι
1367 749 1691 820 αὐτὴν¹ἀπ⁹
1736 747 1993 818 ἐμαυτοῦ.

433 835 712 904 Ἔξουσίαν
745 838 853 909 ἔχω
882 838 1051 894 θεῖναι
1086 841 1274 913 αὐτὴν,
1302 841 1396 896 καὶ
1426 841 1588 894 πάλιν
1615 839 1860 906 ἐξουσίαν
1890 838 1997 909 ἔχω

419 927 606 984 λαϐεῖν
631 930 823 1001 αὐτήν.
849 951 867 982 ι

489 1020 581 1074 56.
619 1020 731 1074 Καὶ
762 1020 936 1095 ταύτῃ
963 1022 1125 1093 θυσίᾳ
1154 1025 1439 1091 συγγενεῖς
1493 1024 1630 1077 εἰσιν
1678 1024 1734 1075 αί
1786 1021 1993 1084 λοιπαὶ,

422 1102 499 1165 ὧν
529 1109 797 1180 σύμϐολόν
843 1115 981 1167 εἰσιν
1012 1114 1071 1166 αἱ
1120 1114 1374 1183 νομικαί·
1411 1113 1595 1166 λοιπαὶ
1631 1112 1688 1166 δὲ
1734 1111 1828 1166 καλ⁵
1861 1128 1994 1180 συγ-

420 1202 597 1265 γενεῖς
620 1200 792 1272 ταύτῃ
821 1204 888 1273 τῇ
920 1200 1080 1272 θυσίᾳ
1108 1201 1285 1256 θυσίαι
1312 1202 1561 1274 ἐκχύσεις
1582 1199 1719 1257 εἶναί
1760 1220 1849 1273 μοι
1873 1202 1996 1271 φαί-

421 1312 601 1348 νονται
626 1294 719 1349 τοῦ
760 1295 872 1349 τῶν
902 1298 1164 1365 γενναίων
1196 1298 1486 1370 μαρτύρων
1516 1298 1764 1368 αἵματος,
1796 1298 1856 1350 οὐ
1889 1296 1993 1368 μά-

418 1403 521 1457 την
570 1387 864 1458 ὁρωμένων
908 1388 1129 1443 ἑστάναι
1168 1390 1273 1442 ὑπὸ
1314 1389 1407 1442 τοῦ
1458 1387 1699 1460 μαθητοῦ
1752 1388 1992 1443 Ἰωάννου

420 1474 575 1546 παρά
600 1474 679 1546 τῷ
708 1476 946 1547 οὐρανίῳ
977 1477 1361 1550 θυσιαστηρίῳ.
1402 1497 1419 1529 ι
1459 1479 1554 1542 Τίς
1585 1477 1641 1531 δέ
1670 1477 1831 1547 σοφὸς
1855 1518 1869 1537 ,
1901 1481 1994 1530 καὶ

422 1568 645 1637 συνήσει
696 1566 904 1633 ταῦτα;
954 1570 1206 1634 συνετὸς,
1268 1570 1359 1622 καὶ
1408 1569 1767 1638 ἐπιγνώσεται
1797 1568 1986 1635 αὐτὰρ

421 1657 566 1730 Πρὸς
591 1657 649 1711 δὲ
674 1657 832 1712 τοῦτο
856 1658 1331 1731 θεωρητικώτερον
1375 1660 1478 1715 κᾶν
1516 1661 1774 1716 ἐπιποσὸν
1814 1677 1994 1729 παρα-

418 1749 674 1815 δέξασθαι
713 1751 806 1804 τὸν
847 1753 976 1824 περὶ
1020 1751 1130 1806 τῶν
1162 1752 1417 1806 τοιούτων
1447 1753 1645 1807 θυσιῶν
1670 1753 1825 1821 λόγον
1845 1792 1861 1817 ,
1892 1769 1993 1805 κα-

2106 656 2427 723 memetipso
2478 670 2620 724 pono
2678 670 2822 710 eam.
2870 655 3203 730 Potestatem
3250 655 3422 711 habeo
3446 655 3680 724 ponendi

2101 762 2245 812 eam,
2280 758 2334 800 et
2365 763 2582 803 rursum
2622 758 2942 818 potestatem
2991 748 3163 805 habeo
3200 748 3449 804 sumendi
3484 762 3625 805 eam.
3656 765 3679 800 ι

2168 1017 2258 1073 56.
2290 1018 2355 1073 Et
2385 1032 2515 1072 sane
2546 1016 2708 1085 hujus
2748 1016 2987 1071 victima:
3019 1024 3260 1087 cognatae
3291 1022 3418 1068 sunt
3447 1022 3678 1075 caelarat,

2098 1124 2326 1180 quarum
2365 1120 2504 1164 nota:
2539 1119 2669 1164 sunt
2700 1108 2942 1179 legales;
2979 1123 3074 1176 per
3108 1119 3333 1161 caeteras
3353 1119 3484 1159 vero
3516 1104 3681 1159 victi-

2100 1218 2219 1257 mas
2252 1203 2377 1257 huic
2399 1202 2631 1256 victimae
2658 1209 2943 1269 cognatas,
2962 1198 3256 1254 effusiones
3288 1197 3531 1264 intelligo
3558 1210 3683 1248 san-

2098 1295 2277 1366 guinis
2333 1311 2723 1365 generosorum
2780 1304 3116 1365 martyrum,
3166 1292 3255 1361 qui
3318 1305 3422 1344 non
3477 1287 3680 1342 frustra

2097 1386 2510 1454 conspiciuntur
2534 1397 2681 1442 stare
2725 1400 2755 1439 a
2789 1383 3050 1453 discipulo
3080 1382 3288 1438 Joanne
3322 1380 3476 1448 juxta
3514 1377 3682 1433 coale-

2098 1485 2178 1531 ste
2210 1477 2400 1531 altare.
2421 1475 2527 1532 Sed
2557 1494 2575 1528 ‹
2610 1476 2738 1547 quis
2768 1476 3007 1545 sapiens,
3029 1484 3082 1527 et
3114 1472 3379 1543 intelliget
3402 1471 3517 1525 haec
3542 1470 3565 1524 Ἰ
3595 1469 3682 1523 vel

2098 1570 2357 1638 prudens,
2391 1576 2449 1623 et
2495 1577 2753 1638 agnoscet
2804 1567 2921 1621 hinc
2949 1567 2992 1597 "
3028 1566 3051 1618 ?
3087 1584 3106 1617 ι
3165 1564 3249 1618 Ad
3306 1563 3421 1617 haec
3466 1561 3681 1615 altioris

2098 1660 2570 1729 contemplationis
2606 1668 2688 1715 est
2736 1659 2819 1713 vel
2852 1658 3122 1713 tantillum
3149 1655 3379 1725 exsequi
3412 1658 3677 1708 rationem

2100 1751 2166 1805 de
2194 1750 2563 1820 hujuscemodi
2598 1751 2861 1817 victimis,
2890 1766 3011 1820 qua:
3049 1756 3284 1819 purgant
3317 1762 3412 1803 eos
3435 1760 3533 1816 pro
3557 1746 3680 1817 qui-

420 1839 726 1914 θαιρουσῶν
757 1845 883 1908 τοὺς
908 1844 1047 1915 ὑπὲρ
1072 1838 1148 1899 ὧν
1186 1846 1573 1917 προσάγονται.
1622 1844 1996 1914 Κατανοητέον

2098 1842 2199 1897 bus
2221 1842 2547 1898 offeruntur.
2578 1843 2982 1901 Consideranda
3011 1857 3140 1914 ergo
3168 1850 3256 1897 est
3286 1843 3428 1896 ratio
3467 1840 3680 1897 sacriﬁ-

417 1934 510 1990 τὸν
562 1933 720 2004 λόγον
766 1937 868 2007 τῆς
922 1937 1391 2010 ὁλοκαυτουμένης
1441 1938 1710 2010 θυγατρὸς
1763 1938 1994 2007 Ἰεφθάε,

417 2027 507 2082 διὰ
554 2029 760 2102 ταύτην
814 2031 980 2103 εὐχήν
1021 2034 1344 2105 νικήσαντος
1390 2034 1517 2096 τοὺς
1553 2035 1701 2097 υίούς
1746 2031 1995 2103 Ἀμμὼν,

417 2116 453 2195 ᾖ
490 2122 859 2194 συνηυδόκησε
889 2124 984 2177 καὶ
1018 2127 1051 2197 ή
1089 2124 1555 2197 ὁλοκαυτουμένη,
1597 2127 1828 2196 λέγουσα
1862 2127 1998 2198 πρὸς

416 2215 510 2269 τὸν
540 2215 753 2286 πατέρα
786 2217 1035 2271 εἰπόνταο
1075 2238 1095 2271 ι
1149 2219 1385 2291 Ἀνέῳξα
1416 2219 1477 2272 τὸ
1509 2220 1684 2290 στόμα
1728 2237 1828 2291 μου
1857 2221 1998 2275 κατά

421 2306 516 2361 σοῦ
548 2309 685 2378 πρὸς
710 2308 915 2381 Κύριον
933 2327 947 2340 ⁸
983 2310 1095 2365 Καὶ
1127 2313 1176 2365 εἰ
1203 2311 1446 2382 ἀνέῳξας
1469 2311 1531 2365 τὸ
1561 2311 1734 2383 στόμα
1765 2329 1856 2366 σου
1877 2315 1996 2366 κατ’

418 2400 555 2472 ἐμοῦ
584 2401 720 2473 πρὸς
756 2401 978 2473 Κύριον,
1012 2404 1154 2457 ποίει
1185 2403 1283 2475 τὴν
1315 2404 1479 2476 εὐχήν
1513 2421 1628 2459 σου.
1664 2423 1682 2457 ι
1722 2405 1998 2477 Ἔμφασις

420 2494 523 2563 μὲν
549 2489 643 2547 οῦν
677 2493 876 2565 πολλῆς
903 2494 1188 2567 ὠμότητος
1216 2495 1307 2549 διὰ
1330 2496 1535 2551 τούτων
1569 2497 1998 2568 παρεισφέρεται

419 2583 513 2637 τοῦ
542 2578 588 2652 ᾧ
613 2584 726 2655 (3‘2)
761 2586 1010 2640 τοιαῦται
1042 2586 1185 2656 ὑπὲρ
1219 2586 1493 2657 σωτηρίας
1533 2584 1837 2656 ἀνθρώπων
1874 2585 1998 2637 ἐπι-

418 2670 698 2725 τελοῦνται
730 2672 910 2727 θυσίαι
929 2690 942 2704 ·
977 2672 1477 2746 μεγαλοφυεστέρου
1498 2674 1554 2727 δὲ
1583 2673 1710 2740 νοῦ,
1746 2674 1841 2728 καὶ
1873 2672 1998 2744 βλέ-

421 2779 616 2828 ποντος
655 2763 725 2818 τὰ
767 2764 1038 2837 λεγόμενα
1071 2767 1181 2838 (55)
1217 2766 1358 2821 κατὰ
1396 2767 1497 2836 τῆς
1545 2767 1799 2839 προνοίας
1844 2766 1998 2820 λύσιν

419 2856 714 2928 χρῄζομεν,
741 2857 811 2911 ἵν’
842 2856 959 2928 ἅμα
982 2858 1111 2929 περὶ
1137 2857 1354 2912 πάντων
1374 2897 1389 2921 ,
1438 2857 1515 2921 ὡς
1546 2858 1999 2931 ἀπορρητοτέρων

418 2946 588 3000 ὄντων
608 2987 624 3013 ,
683 2948 778 3001 καὶ
805 2946 947 3018 ὑπὲρ
972 2947 1321 3019 ἀνθρωπίνην
1368 2947 1530 3016 φύσιν
1561 2947 1958 3018 ἀπολογώμεθα
1979 2965 1995 2981 ο

2098 1946 2234 1992 εοεαε
2261 1937 2382 1992 filia:
2404 1936 2613 2007 Jephte,
2639 1939 2729 2008 qui
2765 1947 2983 2008 pr0pter
3005 1938 3145 1991 hanc
3173 1937 3308 1992 lilios
3330 1938 3561 1992 Ammon
3592 1935 3678 1990 vi-

2094 2029 2191 2094 cit,
2224 2029 2313 2085 cui
2358 2030 2573 2099 quidem
2621 2040 2749 2086 voto
2786 2045 3056 2101 propensa
3090 2029 3193 2083 fuit
3230 2044 3292 2084 ea
3336 2030 3524 2098 etiam,
3556 2043 3680 2100 qua:

2093 2121 2444 2188 offerebatur,
2473 2122 2540 2176 ad
2559 2130 2768 2192 patrem
2792 2122 3099 2178 dicentem:
3138 2141 3157 2172 ι
3195 2123 3457 2192 Apertum
3489 2132 3574 2175 est
3614 2134 3678 2174 os

2093 2227 2274 2266 meum
2305 2214 2592 2268 adversum
2622 2222 2676 2269 te
2700 2212 2768 2268 ad
2811 2213 3104 2267 Dominum
3135 2212 3198 2275 ³³,
3232 2231 3251 2264 ι
3288 2212 3618 2280 respondens
3658 2222 3672 2257 :

2098 2323 2118 2357 ε
2149 2305 2214 2360 Ει
2247 2305 2295 2361 si
2335 2284 2597 2376 aperuisti
2649 2320 2712 2360 os
2759 2315 2909 2358 tuum
2955 2305 3246 2358 adversum
3290 2318 3378 2357 me
3399 2301 3466 2357 ad
3491 2300 3678 2355 Domi-

2092 2412 2240 2463 num,
2272 2397 2358 2453 fac
2390 2406 2572 2452 votum
2604 2405 2755 2451 tuum
2792 2397 2912 2452 ⁸³⁸.»
2942 2397 3119 2465 Atque
3163 2395 3515 2450 simulacrum
3560 2391 3678 2461 qui—

2091 2489 2214 2543 dem
2247 2489 2430 2545 multse
2486 2489 2826 2545 credulitatis
2853 2505 2952 2560 per
2993 2489 3108 2543 haec
3140 2487 3461 2557 producitur
3504 2485 3676 2550 illius,

2089 2582 2178 2639 cui
2211 2582 2343 2638 tales
2370 2597 2470 2653 pro
2494 2582 2776 2638 hominum
2807 2581 2982 2636 salute
3009 2580 3367 2652 perﬁciuntur
3400 2577 3674 2643 victimae;

2089 2680 2183 2736 sed
2215 2678 2460 2750 profecto
2493 2686 2678 2734 mente
2701 2677 3074 2748 generosiore,
3092 2689 3212 2744 quae
3239 2674 3434 2729 calleat
3462 2671 3678 2727 solvere

2088 2784 2209 2839 quae
2235 2770 2489 2824 dicuntur
2527 2779 2716 2824 contra
2753 2767 3156 2838 providentiam
3180 2807 3195 2829 ,
3231 2780 3476 2836 egemus,
3513 2771 3573 2817 ut
3603 2762 3679 2817 si-

2090 2862 2201 2915 mul
2231 2862 2298 2916 de
2325 2860 2576 2916 omnibus
2604 2875 2725 2931 quae
2747 2859 2915 2915 veluti
2961 2858 3257 2913 secretiora
3281 2864 3408 2909 sunt
3435 2866 3490 2910 et
3511 2868 3678 2923 supra

2091 2953 2381 3008 humanam
2412 2964 2686 3019 naturam,
2716 2968 2817 3008 nos
2858 2965 3187 3006 excusemus
3219 2965 3233 3001 :
3269 2966 3287 2999 ι
3317 2947 3507 3018 Magna
3530 2946 3677 3001 enim

426 3057 444 3087 ι
482 3038 732 3107 Μεγάλαι
759 3038 869 3111 γάρ
896 3040 952 3092 αἱ
983 3038 1192 3110 κρίσεις
1214 3039 1310 3093 τοῦ
1348 3039 1485 3093 Θεοῦ
1520 3040 1612 3094 καὶ
1650 3040 1996 3114 δυσδιήγητοι

2092 3042 2288 3113 iudicia
2325 3064 2343 3097 ι
2377 3045 2531 3111 ῡρί,ι
2565 3060 2740 3115 eaque
2771 3058 2935 3115 aegre,
2965 3058 3068 3099 nec
3113 3041 3274 3097 facile
3313 3048 3623 3104 narrantur,
3652 3055 3673 3088 ι

419 3131 509 3185 διὰ
537 3130 696 3185 τοῦτο
719 3132 1035 3186 ἀπαίδευτοι
1066 3130 1237 3202 ψυχαὶ
1266 3131 1668 3205 ἐπλανήθησαν.
1705 3152 1724 3185 ι
1766 3135 1999 3206 Μεμαρ-

420 3220 653 3294 τύρηται
681 3223 738 3276 δὲ
776 3222 870 3276 καὶ
906 3220 1059 3295 παρά
1088 3224 1204 3286 τοῖς
1230 3222 1474 3290 ἔθνεσιν,
1496 3224 1578 3277 ὅτι
1596 3224 1779 3278 πολλοί
1828 3243 1992 3292 τινες,

424 3313 687 3385 λοιμικῶν
718 3314 1106 3387 ἐνσκηψάντων
1135 3317 1196 3371 ἐν
1234 3319 1353 3380 ταῖς
1377 3316 1583 3370 ἑαυτῶν
1615 3317 1839 3390 πατρίσι
1881 3318 1994 3389 (54)

422 3408 767 3479 νοσημάτων,
799 3408 1025 3472 ἑαυτοὺς
1059 3409 1264 3478 σφάγια
1291 3407 1431 3481 ὑπὲρ
1467 3408 1563 3463 τοῦ
1594 3410 1776 3465 κοινοῦ
1812 3429 1995 3483 παρα-

420 3497 707 3554 δεδώκασι.
734 3499 847 3553 Καὶ
873 3499 1235 3572 παραδέχεται
1262 3499 1373 3572 (55)
1399 3501 1554 3556 ταῦθ’
1580 3501 1753 3566 οὕτως
1779 3501 1997 3571 γεγονέ-

422 3609 510 3645 ναι
537 3592 638 3645 οὐκ
683 3591 895 3661 ἀλόγως
941 3595 1239 3659 πιστεύσας
1283 3598 1403 3659 ταῖς
1436 3594 1698 3665 ἱστορίαις
1742 3595 1770 3647 ὁ
1807 3594 1996 3658 πιστὸς

422 3685 691 3757 Κλήμης,
741 3685 848 3739 ὑπὸ
898 3685 1111 3739 Παύλου
1172 3687 1643 3760 μαρτυρούμενος,
1709 3687 1992 3755 λέγοντοςο

429 3794 449 3830 ι
481 3777 637 3831 Μετά
666 3777 1014 3849 Κλήμεντος,
1065 3779 1160 3833 καὶ
1201 3779 1310 3835 τῶν
1334 3779 1538 3835 λοιπῶν
1569 3779 1844 3850 συνεργῶν
1871 3796 1992 3851 μου,

423 3862 499 3924 ὧν
527 3869 595 3923 τὰ
622 3870 862 3941 ὀνόματα
887 3872 944 3924 ἐν
975 3871 1143 3943 βίϐλῳ
1175 3869 1344 3940 ζωῆς.
1382 3889 1401 3922 ι
1432 3869 1543 3942 Τὴν
1579 3869 1768 3941 ὁμοίαν
1798 3870 1856 3924 δὲ
1883 3870 1994 3941 ἔχει

426 3961 743 4031 ἀπέμφασιν
774 3961 921 4035 παρὰ
952 3962 1032 4032 τῷ
1057 3961 1263 4016 θέλοντι
1286 3959 1395 4014 τῶν
1426 3961 1553 4024 τούς
1597 3960 1824 4026 πολλοὺς
1866 3961 1995 4016 λαν-

426 4050 697 4106 θανόντων
752 4051 1067 4123 μυστηρίων
1112 4051 1437 4122 κατηγορεῖν
1457 4089 1471 4113 ,
1498 4051 1593 4104 καὶ
1635 4048 1704 4103 τὰ
1736 4050 1861 4122 περὶ
1887 4050 1996 4105 τῶν

429 4140 722 4214 μαρτύρων
781 4140 1263 4214 προστεταγμέναο
1319 4138 1664 4203 εὐδοκοῦντος
1717 4140 1812 4194 τοῦ
1860 4139 1995 4194 Θεοῦ

430 4234 628 4306 μᾶλλον
671 4236 822 4307 ἡμᾶς
857 4234 1211 4299 ἀναδέξασθαι
1258 4233 1440 4298 πάσας
1477 4232 1868 4304 χαλεπωτάτας
1912 4233 1997 4288 αἱ·

429 4326 551 4390 κίας
595 4327 655 4379 ἐν
708 4324 789 4396 τῷ
833 4324 1114 4397 ὁμολογεῖν
1157 4323 1324 4387 αὐτοῦ
1378 4322 1476 4395 τὴν
1517 4323 1801 4393 θειότητα,
1852 4323 1996 4395 ἢπερ

428 4419 806 4491 ἀπαλλαγῆναι
831 4418 939 4473 τῶν
959 4416 1228 4472 τοσούτων
1248 4414 1618 4488 νομιζομένων
1644 4413 1832 4468 κακῶν
1864 4413 1999 4484 πρὸς

2089 3146 2251 3205 atque
2268 3154 2287 3188 ι
2309 3138 2378 3193 ob
2403 3137 2544 3192 hanc
2568 3151 2789 3191 causam
2816 3136 2980 3191 rudes
3007 3134 3203 3188 animae
3226 3141 3553 3189 erraverunt
3575 3129 3673 3184 ιδ.»

2091 3228 2342 3283 Relatum
2373 3240 2553 3284 autem
2600 3238 2764 3299 atque
2804 3235 3065 3283 testatum
3113 3234 3199 3281 est
3238 3225 3380 3292 apud
3422 3223 3678 3295 gentiles,

2091 3322 2290 3377 multos
2316 3322 2450 3377 caedi
2479 3336 2576 3392 pro
2613 3320 2889 3377 communi
2926 3318 3208 3373 hominum
3250 3316 3427 3372 salute
3467 3315 3680 3386 seipsos

2095 3415 2407 3479 tradidisse,
2430 3428 2553 3470 cum
2586 3412 2900 3483 pestilentes
2938 3408 3113 3465 morbi
3139 3424 3294 3463 suam
3323 3409 3554 3476 patriam
3587 3405 3677 3460 iu-

2089 3508 2377 3562 vasissent.
2427 3506 2492 3561 Et
2542 3507 2655 3561 haec
2697 3505 2772 3559 ita
2832 3503 3084 3559 evenisse
3134 3500 3372 3557 admittit
3407 3514 3512 3554 non
3557 3498 3678 3553 sine

2089 3614 2251 3654 causa
2302 3599 2541 3654 historiis
2576 3598 2806 3653 credens
2829 3596 3080 3652 Clemens
3124 3594 3215 3649 ille
3244 3591 3437 3657 ﬁdelis,
3469 3591 3536 3646 de
3567 3603 3679 3662 quo

2090 3691 2235 3746 hunc
2259 3690 2313 3745 in
2351 3691 2568 3745 modum
2602 3688 2929 3744 testificatur
2957 3684 3158 3742 Paulus
3179 3726 3196 3750 ,
3215 3686 3399 3741 dicens
3418 3682 3481 3736 "z
3503 3681 3677 3736 «Cum

2090 3782 2370 3839 Clemente
2426 3789 2482 3837 et
2526 3780 2750 3851 reliquis
2799 3778 3207 3850 coadjutoribus
3244 3777 3402 3842 meis,
3439 3789 3674 3845 quorum

2089 3874 2306 3929 nomina
2345 3881 2473 3928 sunt
2501 3872 2555 3928 iu
2587 3871 2726 3927 libro
2769 3872 2915 3926 vitae.
2950 3888 2969 3922 ι
3005 3867 3251 3924 Similem
3280 3868 3481 3921 habent
3508 3863 3676 3921 dissi-

2089 3967 2444 4022 militudinem
2478 3963 2617 4035 apud
2663 3977 2787 4019 eum
2818 3962 2910 4033 qui
2937 3960 3068 4017 velit
3097 3956 3354 4031 mysteria
3382 3971 3504 4027 qute
3538 3952 3676 4009 mul-

2092 4071 2177 4114 tos
2216 4058 2388 4112 latent
2416 4058 2693 4122 incusare,
2719 4070 2840 4126 quae
2879 4054 2947 4109 de
2980 4052 3315 4125 martyribus
3350 4050 3672 4115 traduntur;

2090 4148 2201 4204 Deo
2248 4149 2423 4220 magis
2474 4149 2808 4221 approbante
2854 4156 2914 4202 ut
2947 4145 3029 4201 vel
3063 4145 3363 4214 asperrima
3408 4141 3673 4211 supplicia

2087 4242 2276 4298 subire
2307 4242 2594 4312 eligamus,
2624 4241 2753 4297 dum
2786 4241 3110 4296 conﬁtemur
3144 4238 3285 4293 illius
3313 4236 3673 4303 divinitatem,
3714 4294 3720 4299 ς

2087 4348 2249 4402 quam
2276 4348 2307 4387 a
2329 4341 2407 4388 tot
2438 4334 2623 4401 rebus,
2660 4348 2782 4403 quas
2816 4333 2958 4387 mala
3001 4330 3410 4396 existimantur,
3447 4328 3671 4386 liberari

2088 4427 2153 4479 ad
2183 4427 2347 4480 breve
2376 4428 2617 4496 tempus,
2653 4441 2906 4482 sermone
2942 4434 3128 4480 nostro
3155 4422 3356 4492 ubique
3376 4428 3673 4492 sequentes

432 4516 639 4588 βραχὺν
676 4514 900 4586 χρόνον,
932 4512 1075 4583 λόγῳ
1118 4507 1677 4582 συμπεριενεχθέντας
1728 4506 1807 4579 τῷ
1837 4507 1996 4578 θελή-

2092 4518 2422 4573 voluntatem
2468 4519 2814 4574 inimicorum
2845 4517 3114 4573 veritatis.
3153 4515 3516 4583 Quamobrem
3548 4515 3670 4571 exi-

432 4625 563 4679 ματι
599 4605 710 4660 τῶν
742 4601 952 4676 ἐχθρῶν
987 4602 1091 4673 τῆς
1120 4601 1402 4674 ἀληθείας.
1432 4599 1741 4655 Κατάλυσιν
1779 4594 1872 4654 οὖν
1909 4616 1998 4655 νο-

435 4699 654 4773 μιστέον
680 4697 925 4768 γίνεσθαι
958 4696 1241 4766 δυνάμεων
1266 4692 1578 4747 κακοποιῶν
1601 4692 1688 4747 διὰ
1706 4692 1800 4746 τοῦ
1833 4692 1998 4746 θανά-

427 4806 522 4843 του
552 4789 660 4844 τῶν
688 4788 857 4857 ἁγίων
887 4785 1175 4860 μαρτύρων
1193 4823 1209 4849 ,
1238 4778 1349 4838 οἷον
1377 4783 1474 4855 τῆς
1496 4783 1775 4854 ὑπομονῆς
1798 4783 1996 4848 αὐτῶν,

431 4881 527 4934 καὶ
551 4881 650 4952 τῆς
683 4879 793 4950 (56)
825 4876 1113 4950 ὁμολογίας
1138 4875 1238 4943 τῆς
1268 4874 1429 4946 μέχρι
1465 4874 1694 4929 θανάτου
1715 4916 1730 4941 ,
1780 4875 1876 4929 καὶ
1902 4876 1998 4946 τῆς

431 4975 513 5035 εἰς
544 4972 606 5025 τὸ
637 4971 858 5034 εὐσεϐὲς
885 4967 1194 5040 προθυμίας
1218 5007 1234 5031 ,
1264 4966 1644 5038 ἀμϐλυνούσης
1679 4965 1741 5018 τὸ
1778 4965 1873 5030 ὀξύ
1899 4966 2001 5037 τῆς

433 5063 656 5117 ἐκείνων
687 5061 828 5115 κατὰ
855 5060 951 5114 τοῦ
985 5060 1285 5131 πάσχοντος
1334 5056 1652 5128 ἐπιϐουλῆς,
1686 5055 1861 5120 ὥστε,
1891 5057 1999 5127 ἀμ-

433 5155 768 5227 ϐλυνομένης
811 5154 904 5207 καὶ
949 5151 1290 5223 ἀτονησάσης
1332 5149 1433 5221 τῆς
1480 5149 1761 5219 δυνάμεως
1800 5149 1996 5213 αὐτῶν,

433 5251 527 5307 καὶ
549 5250 769 5322 ἐτέρους
794 5248 1044 5311 πλείονας
1063 5246 1171 5300 τῶν
1190 5244 1557 5316 νενικημένων
1583 5244 1827 5299 ἀνίεσθαι
1846 5245 1997 5299 ἐλευ-

2088 4609 2316 4664 stimare
2359 4609 2622 4666 debemus
2672 4607 3095 4665 destructionem
3132 4606 3249 4661 fieri
3302 4606 3667 4675 potentiarnm

2092 4699 2458 4756 maleficarum
2487 4716 2583 4773 per
2611 4710 2838 4756 mortem
2875 4710 3187 4755 sanctorum
3210 4696 3668 4771 martyrum,vel-

2092 4794 2169 4849 uti
2206 4794 2490 4850 tolerantia
2528 4810 2716 4851 eorum
2748 4804 2802 4849 et
2828 4793 3170 4849 confessione
3218 4807 3389 4862 usque
3411 4793 3479 4846 ad
3517 4806 3668 4847 mor-

2094 4893 2240 4950 tem,
2291 4895 2454 4955 atque
2502 4901 2630 4956 erga
2694 4883 2854 4956 154
2900 4885 3155 4954 pietatem
3209 4880 3667 4952 promptitudine,

2093 4976 2477 5032 hebetantibus
2529 4983 2585 5030 et
2628 4975 3004 5045 mitigantibus
3033 4972 3309 5028 feritatem
3343 4970 3666 5026 insidiarum

2092 5079 2445 5140 tyrannorum
2472 5065 2705 5129 illorum,
2727 5073 2916 5120 contra
2950 5071 3027 5118 tot
3047 5063 3321 5118 cruciatus
3349 5059 3667 5131 patientem.

2096 5171 2156 5216 ut
2189 5160 2443 5217 hebetata
2476 5167 2532 5213 et
2564 5157 2728 5213 debili
2758 5155 2968 5211 reddita
2998 5154 3238 5223 potentia
3273 5154 3534 5222 ipsorum,
3573 5149 3665 5204 alii

2095 5254 2259 5309 etiam
2302 5251 2483 5321 plures
2511 5249 2660 5312 victi.
2695 5247 3099 5304 dimitterentur
3129 5245 3338 5300 liberati
3382 5257 3448 5297 eo
3473 5255 3665 5309 onere,

503 5368 545 5401 “
568 5365 724 5424 Joan.
756 5382 816 5433 ι,
851 5367 935 5422 18.
1003 5365 1046 5397 η
1070 5364 1196 5420 Ose.
1227 5378 1333 5425 xiv,
1364 5362 1452 5417 ιο.
1529 5361 1574 5393 ³⁸
1595 5331 1771 5417 Judic.
1809 5377 1885 5430 xl,
1902 5364 1993 5420 55.

2093 5367 2136 5400 ³⁴
2157 5367 2290 5421 ibid.
2320 5363 2413 5420 56.
2490 5360 2536 5394 ’⁵
2560 5359 2691 5430 Sap.
2720 5374 2860 5423 xvu,
2892 5358 2944 5411 Ι.
3022 5355 3067 5387 ’⁸
3108 5352 3339 5421 Philipp.
3369 5363 3446 5414 tv,
3473 5347 3528 5403 5.

503 5456 615 5542 (Ξῖ)
653 5457 1134 5542 ξαρξιςγεοέρετοξι,
1154 5447 1354 5542 τρεῖ-εἶτ’
1383 5463 1501 5542 ac:
1526 5452 1996 5542 ἓῖςμίιᾱεηειτείηε

2111 5459 2300 5542 Regio,
2327 5454 2756 5542 sed‘restituihtlur
2785 5466 2817 5506 e
2850 5449 2970 5506 cod.
3000 5446 3311 5542 Bq’dleiano.

436 5527 643 5611 codicis
678 5528 953 5611 liodleiani
988 5528 1290 5581 restituitur
1319 5527 1510 5580 lacuna
1541 5538 1662 5594 quae
1687 5533 1774 5580 est
1816 5527 1868 5579 in
1901 5542 1996 5582 co-

437 5598 1100 5740 dlc(§5l){e¥'lio..le7~dyera.
1162 5663 1556 5732 Scribendum,
1609 5664 1717 5718 τῶν
1770 5664 1997 5738 λεγομέ-

440 5754 618 5882 νωᾷλιι)
671 5804 775 5863 Ἐν
801 5806 934 5874 ταῖς
961 5806 1191 5864 ἑαυτῶν
1235 5806 1496 5876 πατρίσι.
1528 5806 1693 5864 Deest
1723 5807 1777 5864 in
1810 5806 1999 5865 codice

2329 5510 2439 5581 Kal
2477 5516 3186 5601 rrupacﬁéxfgac,retc._\’ide
3212 5510 3496 5601 epistolam
3529 5510 3672 5579 prio-

2106 5582 2221 5654 rem
2245 5582 2574 5656 Clementis:
2593 5582 2835 5662 cap."55,
2865 5582 2921 5644 et
2953 5582 3414 5662 notas_Cotelerii,

2177 5649 2611 5739 (563Ἶζαὶᾼτῆξε,
2643 5649 2749 5717 etc.
2929 5668 3074 5739 recte
3118 5656 3283 5739 habet
3325 5650 3498 5739 codex
3530 5649 3668 5707 Bod-

2103 5722 2348 5804 leianus;
2382 5722 2757 5792 editio'auletn
2796 5729 2997 5789 lluetii,
3023 5723 3164 5778 κατά
3193 5722 3317 5793 τῆς,
3345 5730 3453 5775 etc.
