4194 6412
551 379 656 436 295

1987 367 2320 425 ()RIGENIS

3727 374 3836 430 296

561 504 670 558 quo
698 488 950 558 potentia:
978 487 1117 543 male
1153 487 1414 545 instantes
1441 501 1534 544 eos
1572 486 1940 559 gravabantct
1975 487 2134 539 lzcdc-

2249 483 2609 557 θερουμένους
2651 481 2744 536 τοῦ
2792 482 3022 555 βάρους,
3058 478 3120 539 οὗ
3155 487 3390 559 πονηραὶ
3419 487 3680 560 δυνάμεις
3715 493 3827 546 ἐπι-

562 581 712 635 hant.
735 582 874 648 Quin
899 580 1065 635 etiam
1098 592 1366 652 martyres
1397 582 1495 650 ipsi
1534 582 1624 650 qui
1655 580 1797 644 passi
1825 585 2135 645 suut,post-

552 688 620 729 ea
659 687 766 729 non
815 671 1066 729 incidunt
1106 675 1158 728 iu
1193 675 1482 744 supplicia,
1514 675 1769 745 quamvis
1807 690 1911 730 nou
1949 675 2146 730 debili-

553 765 681 821 tatis
727 781 792 822 ac
838 766 1126 822 delassatis
1177 767 1263 821 his
1309 772 1401 838 qui
1447 767 1584 822 alios
1649 769 1807 824 malis
1857 769 2144 836 alliciunt,

549 859 809 912 nimirum
841 858 967 927 quia
1004 860 1048 912 is
1075 859 1165 928 qui
1211 860 1374 912 talem
1423 861 1700 914 victimam
1746 861 1964 925 obtulit,
2012 863 2147 916 vicit

551 946 696 1000 hanc
747 947 1082 1000 contrariam
1139 951 1458 1018 potentiam,
1491 960 1745 1021 tauquam
1784 952 1828 1006 si
1882 968 1948 1007 ex
1985 963 2146 1020 parte

551 1035 656 1091 hac
677 1045 861 1092 uterer
890 1038 1245 1094 similitudine
1274 1041 1390 1095 utili
1416 1043 1481 1094 ad
1510 1059 1571 1097 ea
1599 1047 1664 1097 de
1689 1044 1888 1112 quibus
1923 1044 2142 1112 agitur:

548 1125 654 1194 Qui
688 1129 942 1184 interﬁcit
981 1138 1080 1183 aut
1115 1131 1364 1186 carmine
1393 1132 1532 1201 sopit
1561 1134 1765 1188 animal
1793 1147 2140 1201 venenatum,

551 1229 646 1272 aut
685 1220 857 1289 ipsum
886 1220 936 1290 vi
966 1223 1220 1291 quapiam
1267 1237 1498 1278 vacuum
1547 1227 1724 1280 reddit
1754 1240 1783 1280 a
1818 1241 2053 1292 veneno,
2097 1230 2142 1283 is

549 1308 604 1364 in
633 1311 830 1367 multos
860 1310 1139 1369 beneﬂcia’
1154 1313 1390 1379 confert,
1418 1316 1510 1384 qui
1539 1316 1592 1370 iu
1619 1327 1894 1384 posterum
1929 1317 2141 1390 aliquid

549 1401 765 1469 passuri
813 1415 992 1468 erant,
1025 1405 1127 1460 ttisi
1185 1405 1534 1460 interfectum
1583 1408 1714 1462 illud
1767 1408 1850 1462 vel
1906 1411 2141 1480 sepitum

550 1491 747 1549 fuisset
773 1494 856 1550 vel
887 1511 1101 1552 veneno
1146 1509 1500 1553 evacuatum.
1530 1499 1711 1569 Atque
1749 1501 1916 1556 etiam
1951 1501 1996 1558 si
2040 1505 2143 1558 ali-

548 1584 638 1641 cui
667 1601 854 1643 morso
881 1589 1228 1645 manifestum
1271 1589 1389 1657 fiat,
1416 1600 1472 1646 et
1498 1591 1764 1648 liberatus
1786 1592 1876 1649 ille
1900 1609 1930 1648 a
1971 1610 2141 1651 nocu-

550 1687 738 1734 tnento
765 1693 866 1749 per
887 1696 1124 1737 morsum
1148 1693 1451 1750 contracto,
1471 1683 1673 1756 deligat
1691 1686 1882 1741 oculos
1906 1687 1958 1741 in
1993 1704 2140 1743 mor-

550 1780 701 1827 tuum
748 1774 838 1842 qui
867 1773 1130 1838 l:esit,vel
1161 1775 1449 1831 inscendat
1482 1786 1779 1843 mortuum,
1799 1778 1884 1832 vel
1910 1780 2135 1850 attingat

547 1871 852 1930 mortuum,
875 1865 960 1920 vel
993 1876 1177 1938 gustet
1199 1867 1364 1938 hujus
1397 1878 1635 1938 partem,
1673 1869 1768 1924 ﬂet
1801 1884 1934 1924 sane
1977 1885 2134 1926 antea

547 1971 712 2026 passo
740 1957 1032 2022 medicina,
1055 1967 1110 2012 et
1130 1957 1456 2012 beneﬁcium
1489 1957 1558 2012 ab
1577 1972 1645 2012 eo
1664 1956 1754 2028 qui
1778 1956 2140 2014 interfecisset

549 2046 603 2102 id
625 2047 770 2117 quod
793 2047 1041 2103 laedebat.
1057 2047 1244 2102 Simile
1265 2049 1520 2118 quiddam
1545 2048 1662 2103 ﬁeri
1683 2058 1858 2103 morte
1878 2048 2141 2118 piissimo-

546 2151 670 2192 rum
699 2145 995 2208 martyrum
1023 2137 1442 2192 existimandum
1471 2147 1574 2202 est,
1603 2137 1788 2193 multis
1809 2153 1874 2192 ex
1899 2139 2140 2208 ipsorum

549 2238 726 2283 morte
755 2227 1016 2284 indicibili
1040 2228 1274 2299 quadam
1296 2229 1346 2284 vi
1372 2229 1747 2300 adiumentum
1773 2231 2136 2287 sementibus.

621 2335 712 2390 37.
752 2334 1024 2391 Ceterum
1068 2333 1300 2390 multum
1352 2332 1625 2389 immorati
1671 2348 1861 2390 sumus
1889 2334 1957 2389 de
1995 2348 2142 2388 mar-

553 2429 764 2501 tyribus
797 2429 959 2483 verba
989 2428 1276 2490 facientes,
1303 2437 1468 2497 atque
1496 2437 1818 2483 enarrantes
1845 2427 1912 2483 de
1932 2426 2019 2482 his
2047 2427 2138 2496 qui

551 2523 836 2591 perierunt
877 2521 948 2576 ob
981 2519 1300 2590 pestilentes
1342 2519 1788 2585 constitutiones,
1833 2529 1892 2574 ut
1922 2519 2137 2574 videre-

550 2629 671 2668 mus
695 2612 1078 2668 excellentiam
1111 2612 1254 2668 illius
1292 2613 1385 2684 qui
1419 2611 1618 2667 ductus
1644 2621 1727 2667 est
1755 2609 1903 2668 velut
1923 2610 2041 2666 ovis
2070 2609 2138 2664 ad

549 2703 777 2768 caedem,
800 2703 1004 2772 quique
1031 2705 1172 2758 sicut
1199 2719 1372 2774 agnus
1395 2717 1580 2759 coram
1604 2705 1866 2758 tondente
1895 2703 1993 2756 t‘uit
2024 2716 2140 2755 tuu-

552 2807 639 2851 tus
673 2795 741 2850 ".
774 2793 1020 2864 Namque
1067 2795 1114 2850 si
1163 2793 1344 2864 aliqua
1378 2796 1632 2866 gentibus
1663 2810 1770 2850 non
1803 2793 1947 2849 falso
1977 2793 2141 2848 histo-

549 2885 647 2940 riis
689 2885 942 2940 niandata
975 2895 1124 2950 sunt,
1163 2888 1346 2956 aliqua
1371 2901 1501 2944 vero
1547 2898 1657 2942 tum
1701 2885 1770 2941 de
1802 2885 2137 2956 martyribus

549 2985 677 3031 sunt
710 2977 874 3043 dicta,
898 2978 990 3048 qui
1017 2976 1233 3033 fuerunt
1259 2980 1446 3034 mundi
1469 2989 1827 3050 purgamenta
1855 2977 1922 3043 ",
1941 2989 2053 3032 tum
2069 2977 2137 3031 de

548 3065 830 3136 apostolis,
848 3068 940 3138 qui
975 3070 1222 3124 omnium
1251 3069 1641 3140 rcjectamenta
1659 3069 1730 3126 ob
1753 3071 1893 3125 hanc
1909 3082 2134 3124 causam

2245 576 2491 647 κείμεναι
2525 575 2807 651 ἐφόρτιζον
2848 575 2962 647 (57)
3002 578 3096 632 καὶ
3122 577 3440 656 ἔϐλαπτον..
3473 581 3636 636 Ἀλλά
3668 583 3765 636 καὶ
3789 585 3839 638 oi.

2245 667 2514 731 παθόντες
2543 667 2608 720 ἂν
2629 708 2644 731 ,
2705 667 2780 739 μὴ
2831 668 3214 739 άτονησάντων
3264 670 3373 725 τῶν
3421 675 3840 746 ἐνεργησάντων

2246 760 2326 824 είς
2358 758 2578 832 ἐτέρους
2608 760 2677 812 τὰ.
2708 760 2947 832 χείρονα,
2983 761 3170 815 οὐκέτι
3199 763 3598 830 περιπίπτουσι
3630 765 3708 836 τῷ
3736 766 3841 821 πά-

2247 849 2351 912 θει,
2385 851 2712 922 νικήσαντος
2766 850 2859 904 τοῦ
2892 851 2992 924 τὴν
3017 851 3276 925 τοιαύτην
3311 853 3507 910 θυσίαν
3558 874 3845 932 προσαγα-

2245 941 2437 1010 γόντος
2467 940 2625 1013 τήνδε
2659 940 2758 1011 τὴν
2791 942 3178 1016 ἀντικειμένην
3205 945 3464 1016 δύναμιν,
3517 947 3597 1012 ὡς
3640 949 3691 1002 εί
3731 949 3844 1002 ἀπὸ

2249 1033 2449 1105 μέρους
2476 1033 2798 1104 ἐχρησάμην
2831 1034 2998 1088 εἰκόνι
3031 1035 3288 1107 χρησίμῳ
3334 1037 3472 1108 πρὸς
3521 1038 3592 1092 τὰ
3630 1040 3848 1112 προκεί-

2249 1143 2387 1197 μενα
2424 1125 2678 1198 τοιαύτῃ·
2724 1125 2782 1180 '0
2835 1127 2890 1180 τὶ
2923 1127 3164 1200 ἀναιρῶν
3197 1129 3257 1182 τὸ
3300 1129 3506 1184 ἰοϐόλον
3525 1171 3541 1196 ,
3602 1131 3636 1204 ἢ
3671 1149 3844 1187 κατα-

2245 1217 2508 1288 κοιμίζων
2538 1217 2718 1290 ἐπῳδῇ
2745 1219 2778 1290 ἢ
2817 1219 3042 1291 δυνάμει
3066 1220 3196 1287 τινὶ,
3227 1221 3402 1275 κενῶν
3427 1223 3568 1277 αὐτὸ
3599 1225 3698 1278 τοῦ
3735 1225 3839 1289 ἰοῦ,

2246 1311 2475 1375 πολλοὺς
2507 1313 2788 1383 εὐεργετεῖ
2832 1311 2942 1364 τῶν
2973 1312 3198 1386 ὕστερον
3248 1315 3598 1386 πεισομένων
3641 1335 3696 1370 τι
3744 1319 3843 1371 ἀπ’

2245 1403 2412 1458 αὑτοῦ
2431 1447 2446 1471 ,
2481 1406 2531 1458 εί
2559 1405 2634 1476 μὴ
2662 1403 2901 1476 ἀνῄρητο
2920 1444 2935 1469 ,
2976 1406 3009 1478 ἦ
3042 1407 3535 1479 κατακεκοίμιστο,
3567 1407 3603 1480 ἢ
3631 1409 3729 1463 τοῦ
3762 1409 3844 1465 ίοῦ

2246 1497 2538 1552 κεκένωτο.
2577 1499 2641 1551 ΕΞ
2663 1498 2720 1552 δὲ
2743 1498 2970 1552 καὶτῶν
2995 1499 3305 1572 δηχθέντων
3334 1501 3443 1555 τινὶ
3480 1497 3724 1574 φανερὸν
3751 1503 3846 1572 γέο

2245 1608 2390 1644 νοιτο
2429 1591 2560 1663 περὶ
2586 1591 2684 1663 τῆς
2721 1590 2815 1644 ἐπὶ
2844 1591 2922 1663 τῷ
2948 1591 3186 1666 δήγματι
3226 1594 3430 1668 βλάϐης
3450 1635 3466 1661 ,
3498 1573 3844 1668 ἀπαλλαγείς

2245 1701 2305 1739 τε
2345 1683 2648 1737 ἐνατενίσαι
2703 1682 3028 1738 ἀποθανόντι
3067 1685 3144 1758 τῷ
3186 1685 3489 1758 βλάψαντι,
3532 1689 3568 1762 ἦ
3606 1691 3840 1764 ἐπιϐαίη

2247 1776 2467 1850 νεκροῦ,
2499 1777 2532 1849 ἥ
2563 1777 2832 1848 ἐφάψαιτο
2861 1777 3184 1850 τεθνηκότος
3219 1779 3352 1851 (58),
3387 1781 3420 1853 ἢ
3455 1781 3725 1851 γεύσαιτο
3755 1787 3847 1854 μέ-

2245 1886 2374 1943 ρους
2402 1869 2580 1935 τοῦδε,
2607 1870 2807 1938 γένοιτ’
2835 1868 2901 1924 ἂν
2931 1869 3024 1924 καὶ
3043 1870 3124 1943 τῷ
3148 1873 3553 1944 προπεπονθότι
3579 1874 3725 1940 ἴασις
3750 1875 3846 1932 καὶ

2244 1961 2536 2034 εὐεργεσία
2563 1962 2673 2017 ἀπὸ
2707 1960 2801 2016 τοῦ
2842 1961 2902 2015 τὸ
2935 1962 3143 2034 βλάψαν
3171 1965 3513 2038 ἀνῃρηκότος
3535 1985 3550 1998 ·
3596 1967 3842 2024 τοιοῦτόν

2242 2070 2297 2108 τι
2323 2054 2388 2126 δὴ
2417 2054 2637 2126 νοητέον
2669 2053 2749 2126 τῷ
2778 2055 2994 2128 θανάτῳ
3027 2056 3135 2110 τῶν
3179 2056 3598 2113 εὐσεόεστάτων
3636 2060 3845 2132 μαρτύ-

2246 2162 2356 2218 ρων
2377 2145 2647 2216 γίνεσθαι,
2679 2147 2889 2201 πολλῶν
2916 2148 3108 2220 ἀφάτῳ
3140 2148 3247 2203 τινὶ
3271 2149 3504 2222 δυνάμει
3527 2152 3846 2227 ὠφελουμέ-

2242 2254 2349 2292 νων
2380 2238 2489 2292 ἀπδ
2521 2238 2616 2293 τοῦ
2645 2237 2875 2294 θανάτου
2903 2240 3100 2296 αὐτῶν.

2313 2327 2404 2383 57.
2443 2327 2944 2402 Προσδιετρίψαμεν
2971 2330 3050 2394 δὲ,
3087 2331 3230 2404 ὑπὲρ
3263 2330 3359 2386 τοῦ
3392 2332 3454 2386 τὸ
3487 2334 3608 2407 ('59)
3639 2334 3844 2407 ἐξαίρε-

2242 2438 2332 2474 τον
2363 2421 2492 2476 ἰδεῖν
2517 2420 2614 2475 τοῦ
2641 2421 2718 2486 ὡς
2740 2423 3010 2494 πρόϐατον
3047 2423 3142 2476 ἐπὶ
3169 2423 3382 2496 σφαγὴν
3419 2425 3708 2496 ἀχθέντος,
3751 2429 3844 2482 καὶ

2240 2513 2318 2578 ὼς
2350 2513 2526 2586 ἀμνοῦ
2561 2514 2792 2569 ἐνώπιον
2834 2515 2926 2570 τοῦ
2972 2517 3258 2588 κείραντος
3298 2517 3524 2588 ἀφώνου
3542 2560 3558 2583 ,
3603 2518 3684 2590 τῷ
3715 2522 3840 2593 περὶ

2242 2603 2355 2658 τῶν
2389 2603 2686 2676 μαρτύρων
2717 2603 2860 2677 λόγῳ
2879 2647 2894 2671 ,
2926 2606 3022 2660 καὶ
3053 2605 3132 2678 τῷ
3162 2607 3305 2680 ὑπὲρ
3349 2608 3458 2662 τῶν
3488 2609 3840 2682 τεθνηκότων

2248 2697 2339 2752 διὰ
2391 2697 2618 2769 λοιμικὰ
2668 2701 3067 2770 καταστήματα
3110 2699 3430 2772 διηγήματι.
3463 2701 3531 2754 Εἰ
3575 2702 3687 2774 γάρ
3711 2703 3836 2757 τάδε

2243 2793 2344 2864 μὲν
2371 2791 2479 2846 ὑπὸ
2515 2791 2782 2863 Ἐλλήνων
2811 2793 2873 2846 ού
2903 2794 3079 2866 μάτην
3107 2795 3389 2868 ἱστόρηται
3409 2835 3424 2862 ,
3465 2795 3540 2850 τὰ
3563 2797 3620 2851 δὲ
3653 2797 3836 2862 καλῶς

2244 2891 2374 2963 περὶ
2411 2888 2522 2943 τῶν
2573 2887 2866 2961 μαρτύρων
2911 2887 3126 2961 εἴρηται
3178 2887 3691 2960 περικαθαρμάτων
3742 2887 3836 2942 τοῦ

2243 2981 2450 3054 κόσμου
2484 2981 2906 3068 γινομένωνυκαὶ
2944 2979 3161 3034 πάντων
3189 2979 3478 3052 περίψημα
3525 2979 3837 3063 λεγομένων

2239 3073 2328 3127 διά
2354 3073 2528 3128 ταῦτα
2559 3073 2667 3127 τῶν
2695 3059 3042 3138 ἀποστόλων,
3088 3071 3141 3126 τί
3170 3071 3512 3143 ὑποληπτέον
3544 3073 3641 3127 καὶ
3672 3059 3833 3144 πηλί-

550 3159 830 3216 dicuntur.
853 3161 983 3229 quid
1011 3168 1066 3215 et
1093 3171 1366 3230 quantum
1399 3163 1745 3218 sentiendum
1772 3173 1857 3219 est
1889 3166 1956 3217 de
1979 3161 2135 3232 Aguo

2241 3185 2336 3222 κον
2364 3169 2494 3240 περὶ
2527 3166 2624 3221 τοῦ
2662 3163 2860 3238 Ἀμνοῦ
2894 3164 2987 3220 τοῦ
3019 3165 3155 3220 Θεοῦ
3176 3205 3190 3230 ,
3220 3164 3310 3219 διὰ
3349 3164 3509 3219 τοῦτο
3545 3165 3831 3237 θυομένου,

550 3251 643 3306 ἱΙΙο
669 3252 788 3316 Dei,
819 3254 910 3322 qui
940 3256 1011 3308 ob
1043 3255 1184 3310 hanc
1213 3269 1440 3310 causam
1477 3255 1824 3310 sacriﬁcatur
1847 3293 1861 3319 ,
1887 3263 1947 3308 ut
1983 3251 2137 3309 tollat

549 3351 979 3412 peccatum,non
1007 3345 1440 3415 paucorum,sed
1462 3347 1628 3402 totius
1650 3347 1869 3410 mundi,
1900 3359 2000 3415 pro
2028 3358 2134 3414 quo

547 3449 604 3494 et
631 3453 822 3508 passus
851 3439 970 3493 est?
1007 3457 1026 3492 ι
1061 3439 1320 3506 Quamvis
1355 3441 1500 3494 enim
1557 3450 1745 3510 peccet
1780 3438 1999 3510 aliquis,
2042 3440 2137 3492 ad-

547 3542 797 3586 vocatum
829 3531 1092 3587 habemus
1109 3531 1250 3603 apud
1287 3529 1504 3586 Patrem
1531 3529 1717 3586 Jesum
1734 3529 2014 3586 Christum
2041 3531 2133 3600 ju-

548 3633 729 3690 stum;
773 3623 930 3694 155
959 3633 1016 3680 et
1041 3625 1155 3694 ipse
1181 3625 1496 3695 propitiatio
1521 3633 1608 3680 est
1636 3639 1734 3695 pro
1767 3623 2006 3693 peccatis
2035 3637 2136 3676 no-

549 3717 678 3771 stris
711 3733 726 3772 :
753 3735 858 3772 nun
889 3733 988 3786 pro
1019 3719 1220 3774 nostris
1253 3726 1437 3774 autem
1463 3727 1694 3780 tantum,
1719 3717 1814 3771 sed
1840 3717 2002 3770 etiam
2037 3731 2137 3786 pro

551 3806 720 3860 totius
769 3807 952 3862 mundi
979 3806 1062 3875 ¹⁶;
1095 3826 1114 3860 ι
1151 3811 1408 3879 quoniam
1445 3827 1464 3860 ι
1492 3808 1756 3864 Servatur
1779 3817 1860 3863 est
1891 3808 2132 3862 omnium

551 3897 834 3952 hominum
863 3939 879 3965 ,
909 3907 962 3953 et
990 3900 1227 3955 maxime
1254 3900 1494 3956 fidelium
1520 3901 1564 3933 ”
1598 3918 1612 3957 :
1650 3919 1670 3954 ι
1711 3901 1798 3970 qui
1830 3915 1930 3955 suo
1965 3901 2135 3970 ipsius

549 3989 813 4060 sanguine
849 4008 867 4041 ι
903 3991 1352 4063 chirographum,
1374 3991 1520 4062 quod
1554 3993 1820 4046 adversus
1862 4004 1962 4046 nos
1984 3999 2128 4054 erat,

2242 3257 2326 3312 ἵνα
2360 3258 2468 3331 ἄρῃ
2496 3257 2772 3329 ἁμαρτίαν
2801 3256 2903 3311 οὐκ
2929 3255 3150 3326 ὀλίγων,
3177 3255 3292 3310 ἀλλ’
3325 3254 3448 3310 ὅλου
3475 3256 3575 3310 τοῦ
3603 3257 3831 3326 κόσμου,

2242 3349 2384 3422 ὑπὲρ
2401 3343 2463 3403 οὗ
2479 3347 2818 3404 καὶπέπονθε
2839 3365 2854 3415 ;
2881 3367 2900 3400 ι
2926 3348 3044 3402 Κᾶν
3066 3347 3176 3420 γάρ
3189 3365 3274 3412 τις
3293 3347 3543 3422 ἁμάρτῃ,
3556 3351 3836 3422 παράκλη-

2240 3459 2332 3496 τον
2360 3441 2557 3512 ἐχομεν
2581 3440 2716 3512 πρὸς
2735 3440 2826 3494 τὸν
2847 3439 3070 3512 Πατέρα
3109 3437 3316 3510 Ἰησοῦν
3329 3439 3566 3513 Χριστὸν
3600 3439 3829 3506 δίκαιον,

2241 3531 2337 3586 καὶ
2385 3531 2547 3595 αὐτὸς
2583 3531 2806 3602 ἱλασμός
2839 3531 2956 3584 ἐστι
3007 3529 3136 3603 περὶ
3175 3528 3285 3584 τῶν
3316 3529 3607 3601 ἁμαρτιῶν
3637 3532 3830 3604 ἡμῶν·

2238 3623 2339 3677 οὐκ
2366 3623 2460 3676 ἐπὶ
2490 3621 2597 3675 τῶν
2629 3621 2914 3693 ἡμετέρων
2941 3620 2999 3674 δὲ
3028 3619 3208 3692 μόνον,
3247 3620 3383 3675 ἀλλά
3417 3621 3511 3675 καὶ
3538 3621 3672 3694 περὶ
3711 3622 3832 3677 ὅλου

2236 3711 2333 3766 τοῦ
2367 3713 2606 3784 κόσμου·
2640 3730 2659 3764 ι
2693 3713 2817 3766 ἐπεὶ
2848 3731 2868 3764 ι
2903 3712 3096 3785 Σωτήρ
3126 3713 3241 3765 ἐστι
3267 3714 3484 3768 πάντων
3498 3713 3830 3787 ἀνθρώπων,

2238 3803 2334 3858 καὶ
2368 3804 2605 3876 μάλιστα
2635 3803 2841 3858 πιστῶν
2859 3819 2872 3834 °
2904 3803 2933 3856 ὁ
2967 3802 3255 3874 ἐξαλείψας
3291 3803 3354 3858 τὸ
3381 3803 3504 3858 καθ’
3529 3805 3691 3878 ἡμῶν
3719 3825 3830 3879 χει-

2239 3898 2514 3970 ρόγραφον
2540 3917 2557 3950 ›
2595 3897 2674 3970 τῷ
2707 3897 2902 3952 ἐαυτοῦ
2955 3897 3149 3969 αἵματι
3175 3938 3190 3962 ,
3231 3915 3249 3950 ι
3281 3897 3376 3952 καὶ
3421 3897 3564 3970 ἄρας
3594 3899 3730 3954 αὐτὸ
3767 3902 3830 3954 ἐκ

2233 3989 2328 4042 τοῦ
2371 3990 2539 4061 μέσου
2560 4029 2576 4055 ,
2619 4008 2638 4042 ι
2659 3987 2749 4044 ἵνα
2779 3989 2912 4060 μηδὲ
2943 3988 3064 4061 ῐχνη
3095 3989 3198 4044 κᾶν
3231 3989 3686 4062 ἀπαληλιμμένον
3719 3990 3830 4046 τῶν

548 4079 776 4144 delevit,
809 4089 867 4135 et
897 4080 1027 4136 illud
1055 4080 1277 4137 sustulit
1302 4095 1333 4136 e
1357 4081 1554 4148 medio,
1576 4093 1630 4140 et
1649 4082 1816 4139 amxit
1837 4083 1982 4140 cruci
2009 4081 2077 4150 ὀ,
2107 4100 2126 4133 ι

2241 4083 2649 4156 ἁμαρτημάτων
2695 4082 3018 4156 εὑρίσκηται
3039 4125 3054 4149 ,
3110 4101 3129 4135 ι
3172 4084 3266 4138 καὶ
3317 4083 3682 4156 προσηλώσας
3750 4085 3829 4156 τῷ

549 4181 610 4228 ut
636 4186 705 4228 ne
733 4173 960 4244 vestigia
1009 4173 1235 4245 quidem
1291 4181 1643 4238 peccatorum
1697 4181 2128 4242 perpetratorum

2241 4173 2458 4247 σταυρῷ
2477 4193 2491 4206 ·
2527 4193 2546 4226 ι
2573 4204 2644 4213 -
2665 4173 2726 4240 ὃς
2751 4175 3199 4246 ἀπεκδυσάμενος
3227 4175 3325 4240 τὰς
3361 4175 3537 4250 ἀρχὰς
3561 4216 3578 4242 ,
3611 4177 3828 4242 καὶτὰς

551 4267 903 4323 inveniantur
934 4283 950 4322 :
984 4267 1074 4338 qui
1110 4283 1130 4319 ι
1165 4263 1482 4336 exspoliaus
1510 4263 1851 4334 principatus
1882 4281 1945 4320 ac
1977 4275 2133 4335 ροισι

2241 4265 2488 4332 ἐξουσίας
2517 4266 2896 4338 ἐδειγμάτισεν
2937 4267 2997 4320 ἐν
3033 4269 3100 4339 τῇ
3136 4268 3418 4340 παρρησίᾳ.
3447 4267 3827 4340 θριαμϐεύσας

653 4433 697 4465 ¹⁶
727 4431 828 4486 lsa.
858 4443 908 4494 ι,
936 4443 1018 4490 ιιι,
1051 4427 1104 4480 7.
1181 4424 1223 4456 ¹⁷
1249 4421 1272 4476 Ι
1296 4421 1422 4477 Cor.
1457 4435 1528 4486 tv,
1559 4418 1647 4474 l5.
1727 4417 1769 4448 ’⁸
1792 4423 1811 4470 1
1834 4419 1990 4471 Joau.
2031 4431 2092 4482 tt,
2123 4418 2138 4470 l

2243 4457 2255 4470 .
2333 4418 2376 4451 ¹⁹
2405 4416 2426 4471 Ι
2455 4415 2595 4471 Tim.
2627 4430 2699 4481 tv,
2740 4413 2826 4471 10.
2903 4413 2949 4446 “
2983 4411 3162 4468 Colos.
3197 4427 3257 4478 tt,
3287 4412 3371 4467 ιι.

619 4537 734 4608 (37)
787 4537 1147 4608 Ἐφόρτιζον.
1180 4537 1274 4594 Sic
1299 4537 1471 4594 codex
1506 4536 1868 4597 Bodleianus;
1902 4533 2122 4604 Regius,

2241 4547 2366 4608 ne_s_:
2404 4531 3072 4608 Mapaprtipqcatjemi
3121 4530 3274 4608 παρὰ
3304 4533 3418 4608 τοῖς
3455 4531 3689 4608 ἔθνεσιν,
3737 4534 3823 4608 δτι

548 4601 834 4682 ἐφοίτίζον.
853 4601 871 4608 ⁷
906 4601 959 4682 ,ί
1206 4677 1224 4682 Α
1371 4676 1382 4682 _
1527 4674 1540 4682 _
1709 4673 1723 4682 _
1769 4671 1802 4682 _
1863 4671 1894 4682 __
1934 4672 1946 4682 _
1983 4601 2002 4604 ⁷
2233 4603 2416 4682 πολλοί
2447 4601 2612 4667 τινες,
2644 4601 2908 4682 λοιμικῶν
2939 4601 3328 4682 ἐνσκηψάιξτων
3352 4603 3825 4682 ἐνπαῖςηέαυτῶὶρ

619 4671 747 4752 (58f
773 4676 1504 4752 ’Esadgi-actOfeoy-nxdrog.
1525 4674 1600 4730 Ita
1622 4673 1744 4730 cod.
1765 4671 2122 4738 Bodleiauus;

2241 4673 2469 4752 πατρίσιΔ
2486 4691 2614 4752 νοση
2625 4671 2831 4752 μάτων,
2857 4671 3486 4752 ἐαυτῷ-ς’σφάγιαηιξπὲρ
3499 4673 3608 4752 σοῦ
3635 4676 3824 4730 κοινοῦ

549 4740 774 4820 Regius,
799 4740 1005 4820 ἐῷάῷαι
1033 4747 1130 4820 τοῦ
1154 4740 1506 4820 τεθνηκότος.
1565 4814 1577 4820 _
1720 4815 1748 4820 _
1843 4815 1854 4820 _
2045 4811 2086 4820 _
2231 4740 2668 4820 παραδεδῴκασι.
2703 4744 2814 4798 Καὶ
2851 4740 3222 4820 παραδέχεται
3243 4740 3408 4820 ταῦθ’
3447 4740 3612 4820 ξοῦτω
3657 4761 3824 4820 γεγο-

621 4811 736 4894 (39)
762 4811 1620 4894 ’ῌροέδιετρίψᾳμεήδὲηρπὲρ
1641 4815 1760 4894 τοῦ·
1782 4815 1876 4878 τό,
1903 4824 2010 4869 etc.
2045 4811 2125 4894 F.‘_x
2229 4811 2400 4894 ξέναι,
2433 4814 2534 4869 οὐκ
2556 4813 2772 4894 ἀλόγως
2803 4811 3101 4894 πιστεύσας
3133 4815 3260 4894 ταῖς¹
3286 4813 3602 4894 ἱστορίαιςέ
3625 4811 3823 4894 πιστὸς

552 4883 643 4947 his
677 4883 866 4946 verbis
890 4883 1274 4944 Tillemontius
1301 4886 1504 4959 aliquid
1537 4883 1713 4959 supra
1730 4887 1923 4940 deesse
1947 4887 2126 4950 suspi-

2241 4887 2496 4959 Κλήμης,
2547 4883 2654 4939 ὑπὸ
2707 4883 2920 4959 Παύλου
2986 4883 3452 4959 μαρτυρούμενος.
3505 4903 3524 4936 ι
3563 4883 3818 4959 Relatum

552 4973 731 5026 catur,
763 4961 854 5015 ubi
902 4969 1017 5030 tum
1063 4957 1511 5030 demat-tyribus,
1540 4955 1651 5012 tum
1678 4957 1754 5030 Ade
1784 4963 1935 5025 peste
1982 4969 2123 5022 qua-
2230 4955 2797 5030 antemac__testatuut
2833 4957 2996 5030 etiam
3024 4955 3423 5024 apudgentiles
3447 4964 3551 5030 est.
3587 4956 3816 5030 multos,

551 5033 676 5085 dam
706 5025 851 5100 qua:
905 5028 1092 5082 nullihi
1139 5025 1474 5100 inultistoria
1517 5027 1816 5100 reperitur,
1873 5037 2124 5100 quisque,
2229 5043 2349 5100 cum
2388 5025 2703 5096 pestilentes
2733 5025 2910 5100 tuorhi
2941 5034 3350 5100 grassarentur,
3385 5025 3597 5100 seipsos
3643 5025 3699 5079 in
3735 5028 3818 5079 vi-

557 5093 764 5171 iuquit,
793 5100 937 5171 circa
967 5113 1170 5171 annum
1191 5095 1300 5153 252
1330 5093 1590 5171 fortassis
1605 5107 1848 5171 grassata
1873 5105 1978 5171 est,
2005 5093 2128 5149 Ori-
2229 5093 2423 5171 etima's
2460 5111 2569 5171 pro
2605 5096 2782 5171 patria
2836 5093 3145 5171 tradidisse.
3175 5096 3356 5171 Atque
3405 5093 3524 5171 haec
3569 5093 3642 5148 ita
3678 5110 3816 5171 eve-

552 5163 722 5242 genus
747 5163 922 5242 multa
948 5166 1372 5242 verbafecerat.
1406 5163 1996 5242 Verum—id__non_satis
2036 5179 2126 5242 a_s-
2230 5169 2376 5242 uisse
2426 5163 2842 5242 admittit,_non
2896 5163 3016 5242 sine
3049 5179 3215 5242 causa
3275 5165 3816 5242 h_istoriis__ct_'edens

2228 5239 2480 5293 Clemens
2519 5237 2608 5290 ille
2641 5235 2850 5300 ﬁdelis,
2901 5239 2990 5289 cui
3047 5235 3420 5290 testimonium
3473 5233 3735 5290 tribuitur
3785 5251 3818 5290 ι

2231 5308 2416 5362 Paulo.
2447 5327 2465 5360 ι
2521 5308 2732 5364 Similia
2770 5305 2977 5376 profert
3013 5305 3314 5376 iniisdem
3361 5305 3816 5376 Commentariis,

2231 5389 2361 5433 tom.
2415 5393 2614 5439 xxvttt.
2656 5374 2808 5431 num.
2855 5377 2946 5436 15,
2980 5384 3036 5430 et
3079 5375 3176 5440 lib,
3203 5389 3258 5429 tv
3289 5377 3343 5428 in
3397 5374 3690 5443 Epictetum
3745 5375 3818 5430 nd

2230 5449 2512 5513 Romanos,
2540 5464 2660 5517 cap.
2684 5448 2738 5512 5,
2759 5463 2909 5502 num.
2929 5445 2994 5514 4;
3019 5445 3290 5515 atquelib.
3319 5454 3540 5500 tcontra
3569 5443 3814 5517 Celsum,

2232 5535 2380 5573 num.
2398 5520 2464 5574 51
2478 5561 2490 5574 .
2511 5515 2654 5574 Nihil
2676 5531 2842 5587 porro
2865 5518 3130 5587 notiusiis
3144 5532 3265 5585 quae
3290 5517 3604 5587 referuntur
3618 5516 3685 5587 de
3701 5515 3818 5568 Me-

2235 5603 2446 5656 noeceo,
2502 5584 2706 5647 Codro}
2740 5585 3006 5648 Macaria.
3057 5584 3382 5656 Protegenia
3430 5595 3487 5656 et
3534 5584 3810 5656 Pandora,

2231 5659 2490 5714 Pliilautis
2515 5659 2800 5721 fratribus,
2827 5656 2919 5710 Lei
2957 5656 3193 5722 liliabus,
3219 5655 3432 5719 Curtio.
3464 5655 3642 5710 Deciis
3661 5655 3814 5707 aliis-

2235 5729 2475 5855 q;e,|qui
2507 5743 2569 5784 se
2597 5730 2742 5785 ultro
2774 5727 2933 5785 morti
2969 5741 3068 5798 pro
3098 5729 3372 5784 communi
3406 5729 3609 5782 civium
3637 5726 3813 5780 salute

2235 5814 2266 5850 ο
2311 5809 2365 5854 ιιι
2391 5809 2568 5855 erunt.

2233 5800 2568 5856 obtulerunt.

554 5235 779 5310 Sequor,
813 5239 958 5294 unde
990 5237 1263 5310 conjicere
1295 5239 1534 5310 potuerit
1575 5238 1974 5310 eruditissimus
2021 5235 2125 5310 vir.

559 5306 860 5380 liliumque
924 5309 1069 5380 enim
1116 5309 1204 5380 hic
1255 5309 1571 5380 exsequitur
1619 5307 2018 5380 Origenes,__et
2051 5306 2129 5380 de

557 5375 911 5451 martyribus,
941 5388 996 5451 et
1039 5378 1104 5432 de
1149 5379 1216 5434 iis
1253 5380 1358 5451 qui
1381 5375 1658 5446 perierunt
1686 5375 1758 5451 ob
1791 5375 2128 5451 pestilentia-

557 5465 678 5505 rum
702 5443 1134 5505 'constitutiones
1182 5443 1432 5518 Superius
1476 5452 1651 5518 verba
1690 5443 2130 5518 faci'etts.__Uude

556 5520 783 5574 minime
809 5521 1157 5574 detruncatus
1186 5513 1459 5588 putandus
1487 5530 1571 5573 est
1603 5517 1690 5571 ille
1720 5517 1889 5588 locus.
1925 5513 2130 5569 Deinde

560 5602 690 5642 vero
721 5590 811 5643 hic
847 5603 958 5644 non
1000 5587 1272 5658 agitur’de
1301 5589 1367 5643 iis
1397 5588 1488 5656 qui
1521 5601 1656 5658 nova
1705 5587 1935 5658 quadam
1977 5598 2132 5658 pusue

561 5659 868 5728 consumpti
898 5653 1179 5727 perie'rint.
1209 5659 1302 5713 sed
1329 5663 1397 5713 de
1416 5653 1493 5712 iis
1525 5657 1619 5726 qui
1650 5653 1954 5723 antiquitus
1981 5653 2126 5722 apud

565 5727 816 5794 gentiles,
860 5743 982 5781 cum
1017 5730 1330 5796 pestilentes
1375 5729 1545 5782 morbi
1591 5737 2010 5796 grassarentur,
2044 5739 2132 5796 scf

565 5792 712 5868 ipsos
762 5797 814 5849 in
867 5792 1114 5868 victimas
1173 5812 1272 5868 pro
1325 5799 1500 5866 patria
1559 5792 1921 5868 tradiderunt.
1946 5792 2130 5868 _Q_und

564 5861 844 5924 evidenter
887 5865 1054 5933 liquet
1094 5883 1160 5923 ex
1176 5861 1258 5924 ’σο
1289 5861 1437 5936 quod
1477 5880 1642 5933 supra
1681 5875 1757 5920 ait
1789 5865 1904 5929 ipse
1939 5861 2128 5929 Orige-
