4194 6412
432 334 540 388 297

1529 335 1882 394 (ῘΟΜΜΕΝΤ.
1919 330 1988 391 ΙΝ
2026 338 2217 395 JOAN.
2256 340 2493 396 TOMUS
2532 340 2620 397 Vl.

3579 352 3688 408 298

432 453 494 506 ἐν
525 450 600 521 τῷ
633 450 790 521 ξύλῳ.
819 470 837 502 ι
883 453 995 505 Καὶ
1044 451 1264 525 θαρρεῖν
1302 451 1433 521 γοῦν
1487 453 1790 525 θλιϐόμενοι
1832 456 1890 508 ὲν
1932 455 2001 525 τῷ

2115 468 2286 513 states
2318 462 2614 514 ostentavit
2645 461 2819 529 palam
2874 464 3216 533 triumphans
3262 466 3313 520 in
3345 468 3491 540 ligno
3540 472 3608 525 ¹¹.
3662 492 3684 525 ι

430 540 624 611 κόσμῳ
660 540 1047 613 διδασκόμεθα,
1079 542 1176 613 τὴν
1205 543 1382 597 αἰτίαν
1409 546 1503 598 τοῦ
1532 547 1753 619 θαρρεῖν
1794 549 2002 619 μανθά-

430 648 616 696 νοντες
656 632 862 704 ταύτην
889 626 1030 687 εἶναι
1081 634 1143 686 τὸ
1179 637 1489 707 νενικῆσθαι
1528 638 1618 692 τὸν
1659 640 1879 711 κόσμον,
1917 643 2009 695 καὶ

429 723 672 795 δηλονότι
706 724 1070 796 ὑποτετάχθαι
1096 726 1175 797 τῷ
1202 734 1483 798 νικήσαντι
1505 732 1686 785 αὐτόν.
1723 732 1822 786 Διὰ
1852 733 2011 786 τοῦτο

431 816 611 869 πάντα
640 815 710 869 τά
750 816 912 887 ἔθνη,
967 817 1229 874 ἀνεθέντα
1277 822 1385 874 ἀπὸ
1441 822 1550 877 τῶν
1593 824 1858 898 πρότερον
1892 829 2011 881 ἐπι-

429 908 777 979 κρατούντων
807 910 1148 965 δουλεύουσιν
1189 913 1365 984 αὐτῷ,
1406 934 1425 966 ‹
1457 915 1538 969 ὅτι
1570 916 1837 988 ἐρρύσατο
1867 936 2010 972 πτω-

430 1000 525 1072 χὸν
553 1003 616 1055 ἐκ
640 1002 901 1056 δυνάστου
933 1023 951 1054 ι
979 1004 1066 1057 διὰ
1091 1004 1185 1057 τοῦ
1219 1005 1350 1059 ἰδίου
1378 1006 1607 1072 πάθους,
1642 1029 1659 1059 ‹
1685 1009 1776 1063 καὶ
1804 1010 2009 1082 πένητα

430 1085 476 1159 ᾧ
501 1092 842 1167 οὐχ,ύπῆρχε
871 1094 1065 1165 βοηθός
1093 1094 1227 1168 (40).
1260 1117 1278 1148 ι
1319 1090 1487 1162 Οὗτος
1523 1098 1588 1171 δὴ
1612 1102 1640 1153 ὁ
1671 1100 1881 1171 Σωτὴρ,
1914 1119 2009 1154 ταο

430 1185 702 1251 πεινώσας
745 1188 1106 1259 συκοφάντην,
1153 1189 1240 1243 διὰ
1275 1189 1369 1242 τοῦ
1397 1191 1586 1245 ἑαυτὸν
1610 1193 2008 1246 τεταπεινωκέ-

428 1295 551 1343 ναι,
588 1279 1011 1350 συμπαραμένει
1050 1278 1129 1351 τῷ
1174 1282 1351 1353 νοητῷ
1382 1283 1518 1354 ήλίῳ
1568 1285 1675 1357 πρὸ
1716 1286 1813 1356 τῆς
1864 1284 2006 1355 λαμ-

427 1372 706 1443 προτάτης
742 1371 1069 1443 Ἐκκλησίας
1091 1413 1107 1437 ,
1147 1374 1551 1446 τροπικώτερον
1585 1376 1820 1447 Σελήνης
1852 1374 2006 1443 λεγο-

429 1464 600 1534 μένης
625 1501 641 1525 ,
696 1463 982 1533 τυγχάνων
1032 1464 1235 1533 γενεῶν
1292 1470 1524 1535 γενεαῖς.
1571 1466 1796 1520 Ἀνελὼν
1835 1467 1891 1520 δὲ
1919 1466 2006 1520 διὰ

424 1553 520 1607 τοῦ
565 1554 770 1618 πάθους
804 1556 931 1619 τοὺς
973 1557 1266 1628 πολεμίους
1315 1560 1345 1611 ὁ
1396 1562 1454 1612 ὲν
1512 1559 1732 1630 πολέμῳ
1783 1558 2005 1621 δυνατὸς

423 1648 521 1700 καὶ
553 1648 812 1718 κραταιὸς
858 1647 1083 1721 Κύριος,
1120 1649 1417 1722 καθαρσίου
1463 1652 1715 1722 δεόμενος
1760 1650 1853 1704 τοῦ
1898 1651 2005 1704 ἀπὸ

432 1740 595 1809 μόνου
624 1739 721 1793 τοῦ
752 1741 969 1812 Πατρὸς
1007 1742 1156 1814 αὐτῷ
1200 1742 1419 1814 δοθῆναι
1450 1745 1543 1797 ἐπὶ
1575 1745 1686 1807 τοῖς
1729 1743 2002 1813 ἀνδραγα-

2112 549 2300 619 Itaque
2330 550 2513 607 alllicti
2548 554 2599 607 in
2630 555 2833 610 mundo
2885 557 3147 612 docemur
3180 558 3476 627 confidere,
3518 566 3691 619 conli-

2112 640 2271 696 dendi
2323 659 2542 699 causam
2596 646 2737 701 hanc
2785 663 2905 703 esse
2957 649 3133 705 edocti
3182 652 3307 719 quia
3357 655 3586 710 mundus
3615 657 3688 711 sit

2110 738 2331 799 victus,
2386 752 2545 805 quem
2598 739 2946 808 perspicuum
3009 751 3092 796 est
3133 744 3327 801 victort
3377 745 3681 811 subiectum

2110 827 2304 881 fuisse.
2346 826 2500 882 Unde
2529 829 2693 882 etiam
2723 844 2914 885 omnes
2939 842 3150 899 gentes,
3191 835 3451 891 absolutae
3491 839 3561 893 ab
3597 839 3685 894 bis

2110 923 2202 990 qui
2255 930 2380 975 ante
2412 922 2849 991 praevaluerant,
2890 927 3138 981 serviunt
3181 928 3306 998 ipsi,
3347 946 3367 980 ι
3423 931 3684 999 quoniam

2110 1013 2365 1068 liberavit
2393 1016 2702 1070 mendicum
2728 1034 2755 1070 a
2788 1027 3031 1087 potente,
3073 1039 3091 1071 ι
3132 1035 3228 1089 per
3265 1024 3537 1091 propriam
3563 1037 3687 1091 pas.

2110 1103 2339 1168 sionem,
2365 1123 2383 1153 ι
2419 1115 2472 1159 et
2507 1120 2819 1175 pauperem,
2854 1107 2946 1162 cui
2980 1108 3157 1164 nullus
3187 1120 3307 1164 erat
3334 1109 3633 1177 adiutor“.
3659 1131 3679 1165 ι

2111 1193 2209 1248 llic
2252 1195 2418 1264 igitur
2444 1197 2701 1252 Servator
2723 1242 2738 1262 ,
2790 1199 3074 1256 humiliato
3099 1202 3490 1259 calumniatore
3514 1206 3560 1237 ”
3594 1205 3685 1275 (eo

2109 1281 2253 1349 quod
2300 1286 2541 1353 seipsum
2580 1285 2993 1359 btuniliaverit).
3036 1305 3159 1351 cum
3189 1291 3510 1359 iutelligibili
3556 1292 3686 1349 Sole

2108 1386 2422 1444 permanet,
2450 1393 2634 1433 coram
2675 1381 3106 1449 splendidissima
3143 1386 3380 1442 Ecclesia
3407 1387 3549 1460 (qua:
3573 1386 3714 1444 tro—‘

2107 1463 2226 1532 pice
2261 1465 2386 1518 luna
2419 1466 2641 1538 dicitur)
2672 1483 2701 1521 a
2748 1472 3101 1539 generatione
3145 1473 3200 1528 in
3246 1478 3682 1545 generationem.

2108 1554 2177 1609 Et
2202 1570 2321 1609 cum
2351 1556 2535 1611 hostes
2568 1573 2664 1625 per
2701 1563 3008 1628 passionem
3038 1564 3353 1621 sustulisset
3388 1578 3582 1637 potens
3626 1578 3685 1625 et

2109 1648 2268 1704 fortis
2299 1650 2351 1703 in
2395 1652 2541 1706 bello
2571 1653 2830 1710 Dominus
2857 1656 2921 1721 ³⁸,
2954 1659 3146 1727 poculo
3181 1660 3558 1730 purificatorio
3594 1663 3684 1717 in-

2108 1743 2301 1812 digens
2329 1744 2497 1813 (quod
2528 1761 2556 1797 a
2590 1745 2708 1800 solo
2737 1745 2904 1802 Patre
2930 1748 3000 1803 ob
3048 1760 3199 1806 recte
3245 1751 3392 1807 facta
3425 1754 3543 1809 dari
3575 1754 3681 1809 sibi

430 1830 640 1902 θήμασι
672 1831 973 1902 δυναμένου
999 1874 1014 1898 ,
1065 1834 1265 1887 κωλύει
1307 1834 1467 1887 αὑτὸν
1498 1834 1734 1905 ἅψασθαι
1761 1835 1859 1906 τὴν
1888 1838 2001 1891 Μα-

2111 1832 2352 1906 potest),
2409 1836 2661 1905 prohibet
2693 1836 2918 1893 Mariam
2972 1842 3211 1911 seipsum
3268 1852 3533 1912 tangere,
3592 1846 3680 1901 di-

427 1925 573 1996 ρίαν,
595 1922 770 1992 λέγων
789 1942 803 1955 ·
837 1943 855 1976 t
889 1926 978 1996 Μή
1017 1943 1117 1995 μου
1148 1927 1341 1990 ἅπτου,
1369 1925 1521 1980 οὔπω
1552 1926 1659 1999 γάρ
1694 1928 2007 1999 ἀναϐέϐηκα

423 2015 562 2086 πρὸς
592 2014 685 2069 τὸν
709 2016 933 2089 Πατέρα
949 2035 962 2047 ·
994 2018 1130 2071 ἀλλά
1159 2019 1415 2090 πορεύου.
1445 2020 1540 2072 καὶ
1564 2019 1685 2072 εἰπὲ
1710 2023 1824 2083 τοῖς
1848 2021 2005 2074 ἀδελ-

422 2108 543 2174 φοῖς
576 2124 679 2178 μου
700 2125 714 2138 ο
746 2109 1059 2181 Πορεύομαι
1091 2111 1229 2182 πρὸς
1258 2112 1350 2165 τὸν
1378 2112 1598 2183 Πατέρα
1627 2130 1750 2182 μου,
1779 2114 1873 2166 καὶ
1896 2115 2006 2167 Πα-

419 2202 554 2274 τέρα
584 2201 761 2273 ὑμῶν,
791 2204 886 2256 καὶ
922 2203 1056 2257 Θεόν
1077 2222 1199 2275 μου,
1232 2205 1325 2258 καὶ
1353 2204 1486 2257 Θεὸν
1513 2204 1686 2275 ὑμῶν.
1719 2225 1737 2257 ι
1770 2207 1899 2259 Ὅτε
1948 2209 2005 2261 δὲ

421 2293 717 2365 πορεύεται
760 2295 1059 2367 νικηφόρος
1116 2296 1209 2348 καὶ
1262 2296 1657 2367 τροπαιοφόρος
1716 2299 1855 2368 μετὰ
1892 2298 2002 2368 (41)

419 2384 516 2439 τοῦ
569 2386 634 2439 ἐκ
678 2386 888 2458 νεκρῶν
923 2387 1252 2452 ἀναστάντος
1298 2386 1568 2458 σώματος,
1603 2389 1744 2459 (πῶς
1773 2390 1881 2463 γὰρ
1911 2390 2004 2443 ἀλ-

420 2476 527 2542 λως
573 2477 654 2531 δεῖ
685 2482 825 2532 νοεῖν
862 2478 955 2541 τὸ,
988 2491 1016 2529 ‘t
1049 2478 1216 2532 Οὔπω
1246 2479 1560 2549 ἀναϐέϐηκα
1594 2480 1729 2552 πρὸς
1765 2481 1857 2535 τὸν
1893 2484 2004 2536 Πα-

419 2570 554 2641 τέρα
589 2571 867 2641 μου;›κα“ι
908 2569 969 2623 τὸ
992 2592 1040 2635 ,ι
1062 2571 1370 2644 Πορεύομαι
1403 2571 1460 2624 δὲ
1498 2572 1635 2643 πρὸς
1664 2571 1756 2626 τὸν
1782 2574 2001 2646 Πατέρα

425 2677 563 2730 μου;
590 2660 636 2732 ι)
662 2660 783 2712 τότε
808 2660 905 2729 μέν
924 2676 1071 2723 τινες
1105 2659 1323 2728 λέγουσι
1353 2658 1611 2730 δυνάμεις
1631 2676 1644 2688 ·
1675 2678 1693 2709 t
1725 2659 1821 2724 Τίς
1843 2656 2001 2724 οὗτος

417 2755 447 2804 ὁ
493 2752 937 2824 παραγενόμενος
984 2750 1043 2816 ἐξ
1098 2750 1308 2823 Ἐδὼμ,
1353 2751 1606 2823 ἐρύθημα
1653 2753 1882 2822 ἱματίων
1936 2756 2001 2806 ὲκ

420 2845 609 2917 Βοσὼρ
631 2885 647 2911 ,
716 2843 891 2908 οὕτως
939 2845 1138 2913 ὡραῖος
1179 2845 1292 2916 (42)
1318 2861 1332 2909 ;
1364 2863 1383 2895 ι
1415 2846 1463 2897 οἱ
1496 2845 1550 2898 δὲ
1584 2845 2002 2917 προπέμποντες

417 2934 581 2990 αὐτὸν
605 2937 717 2999 τοῖς
742 2936 834 2988 ἐπὶ
861 2935 969 2988 τῶν
996 2933 1263 3005 οὐρανίων
1286 2931 1468 2986 πυλῶν
1490 2934 1846 3004 τεταγμένοις
1868 2936 2001 3004 φασὶ

418 3027 511 3080 τό’
555 3047 574 3079 ι
605 3027 809 3099 Ἄρατε
841 3026 1036 3090 πύλας,
1087 3027 1136 3079 οἱ
1181 3026 1459 3097 ἄρχοντες,
1493 3025 1667 3095 ὑμῶν,
1700 3026 1793 3079 καὶ
1831 3027 2001 3099 ἐπάρ-

417 3117 569 3187 θητε,
610 3115 775 3169 πύλαι
814 3116 1044 3179 αἰώνιοι,
1107 3117 1202 3169 καὶ
1244 3114 1612 3167 εἰσελεύσεται
1662 3116 1690 3167 ὁ
1747 3115 2000 3186 βασιλεὺς

416 3210 515 3279 τῆς
546 3207 725 3279 δόξης.
763 3227 782 3259 ι
818 3208 941 3260 Ἔτι
974 3207 1032 3259 δὲ
1071 3204 1455 3269 πυνθάνονται,
1483 3206 1665 3269 οἱονεὶ,
1711 3207 1759 3259 εἰ
1789 3206 1868 3258 δεῖ
1907 3206 1998 3259 οὖ-

413 3314 524 3362 τως
561 3299 757 3360 εἰπεῖν,
809 3295 1138 3368 ᾑμαγμένην
1187 3293 1299 3364 (45)
1348 3293 1513 3345 αὐτοῦ
1564 3292 1853 3363 βλέποντες
1897 3292 1997 3363 τὴν

415 3387 618 3453 δεξιάν,
669 3388 767 3441 καὶ
809 3385 930 3439 ὅλον
961 3383 1392 3457 πεπληρωμένον
1429 3383 1539 3436 τῶν
1578 3383 1686 3436 ἀπὸ
1724 3383 1824 3452 τῆς
1878 3384 1999 3452 ἀρι-

413 3481 596 3544 στείας
616 3480 793 3551 ἔργων
812 3497 826 3511 ο
865 3497 883 3528 ι
911 3479 1009 3532 Διά
1026 3478 1078 3531 τί
1110 3495 1203 3531 σου
1227 3476 1434 3549 ἐρυθρά
1460 3476 1529 3529 τὰ
1557 3477 1768 3546 ἱμάτια,
1803 3477 1897 3529 καὶ
1928 3475 1998 3528 τά

413 3571 687 3643 ἐνδύματά
718 3588 811 3624 σου
845 3571 922 3633 ὡς
961 3568 1301 3639 ἀποπάτημα
1339 3567 1499 3638 ληνοῦ
1532 3567 1773 3639 πλήρους
1827 3584 1995 3621 κατα-

390 3664 841 3735 ·πεπατημένης;
869 3682 888 3714 ι
929 3663 1017 3716 ὅτε
1060 3662 1151 3715 καὶ
1188 3660 1579 3733 ἀποκρίνεται·
1622 3678 1640 3709 t
1670 3658 1996 3714 Κατέθλασα

414 3755 633 3821 αὐτούς.
666 3775 684 3807 ι
725 3754 967 3825 Ἀληθῶς
995 3754 1105 3826 γάρ
1131 3753 1223 3806 ἐπὶ
1245 3752 1458 3816 τούτοις
1479 3752 1726 3823 δεδέηται
1747 3751 1842 3804 τοῦ
1870 3750 1996 3802 πλῦ-

413 3865 502 3903 ναι
540 3868 560 3900 t
589 3850 647 3901 ὲν
670 3847 799 3919 οἴνῳ
833 3846 932 3917 τὴν
964 3845 1154 3916 στολὴν
1182 3844 1368 3903 αὑτοῦ.
1412 3846 1506 3898 καὶ
1545 3847 1603 3897 ἐν
1642 3844 1832 3914 αἵματι
1861 3861 1991 3897 στα-

414 3941 586 4013 φυλῆς
620 3942 720 4011 τὴν
769 3939 1059 4010 περιϐολὴν
1116 3938 1305 3992 αὐτοῦ.
1334 3958 1351 3988 ι
1396 3939 1507 4000 Τὰς
1560 3938 1668 4008 γὰρ
1707 3936 1993 4001 ἀσθενείας

413 4033 570 4104 ήμῶν
601 4030 812 4097 λαϐὼν,
844 4033 938 4085 καὶ
970 4031 1069 4095 τὰς
1099 4030 1287 4093 νόσους
1333 4029 1604 4099 βαστάξας
1624 4072 1638 4094 ,
1684 4029 1885 4092 παντός
1932 4046 1990 4083 τε

407 4124 507 4180 τοῦ
561 4127 768 4195 κόσμου
808 4124 947 4196 ἄρας
982 4125 1083 4193 τὴν
1114 4122 1410 4194 ἁμαρτίαν,
1440 4125 1536 4176 καὶ
1558 4124 1682 4185 τοὺς
1707 4121 1991 4184 τοσούτους

410 4219 778 4289 εὐεργετήσας
797 4256 812 4279 ,
842 4218 982 4286 τάχα
1013 4214 1134 4268 τότε
1168 4215 1450 4285 βάπτισμα
1492 4213 1679 4285 εἴληφε
1703 4214 1764 4267 τὸ
1790 4212 1989 4276 παντὸς

408 4312 505 4365 τοῦ
546 4310 936 4381 ὑπονοηθέντος
966 4309 1032 4362 ἂν
1072 4309 1223 4381 παρά
1259 4312 1373 4373 τοῖς
1402 4308 1712 4381 ἀνθρώποις
1759 4312 1943 4380 μεῖζον
1970 4350 1986 4372 ,

410 4402 538 4475 περὶ
569 4396 629 4456 οὗ
657 4397 812 4471 οἶμαι
847 4400 1010 4453 αὐτὸν
1045 4400 1358 4471 εἰρηκέναι·
1408 4420 1425 4450 ι
1456 4401 1749 4471 Βάπτισμα
1782 4401 1837 4454 δὲ
1879 4400 1989 4470 ἔχω
2024 4460 2029 4465 ,

412 4492 776 4564 βαπτισθῆναι
797 4531 813 4555 ,
869 4491 962 4544 καὶ
998 4490 1114 4553 πῶς
1145 4493 1438 4563 συνέχομαι
1465 4534 1479 4555 ,
1518 4494 1622 4558 ἕως
1650 4489 1710 4548 οὗ
1746 4495 1855 4565 (liti)
1899 4512 1987 4547 τε-

412 4554 605 4654 λεσθῇῑ
632 4602 649 4632 ι
673 4554 805 4635 ’Ἵνα
822 4582 931 4651 γὰρ
961 4554 1363 4654 τολμηρότερον
1391 4554 1697 4653 βασανίζων
1721 4554 1810 4639 τδν
1835 4554 1990 4654 λόγον
2022 4554 2069 4614 D

414 4676 524 4730 στῶ
552 4675 690 4748 πρὸς
714 4675 784 4728 τά
825 4675 929 4728 ὑπὸ
962 4675 1070 4729 τῶν
1116 4676 1383 4731 πλείστων
1421 4678 1812 4749 ὑπονοούμενα,
1843 4679 1995 4747 λεγέ-

408 4786 593 4825 τωσαν
629 4771 758 4841 ἡμῖν
782 4772 830 4823 οἱ
852 4772 912 4823 τὸ
937 4771 1220 4841 βάπτισμα
1247 4770 1309 4822 τὸ
1341 4771 1615 4841 μέγιστον,
1643 4772 1782 4844 ὑπὲρ
1809 4773 1838 4825 ὃ
1868 4771 1996 4825 ἄλλο

409 4862 509 4915 οὐκ
560 4862 678 4915 ἐστι
732 4862 917 4932 νοῆσαι
951 4863 1254 4934 βάπτισμα,
1297 4863 1619 4934 νομίσαντες
1646 4865 1811 4918 αὑτοῦ
1853 4860 1995 4918 εἶναι

407 4955 471 5006 τὸ
505 4952 822 5023 μαρτύριον,
854 4954 908 5006 τί
952 4954 1152 5024 δήποτε
1186 4953 1326 5026 μετά
1359 4953 1518 5007 τοῦτο
1565 4954 1714 5024 λέγει
1766 4958 1831 5026 τῇ
1870 4957 1991 5009 Μα-

411 5045 578 5117 ριάμ·
622 5064 640 5094 ‹
672 5045 762 5114 Μή
798 5062 897 5115 μου
926 5043 1097 5098 ἅπτου
1126 5061 1140 5106 ;
1183 5065 1200 5094 ι
1243 5044 1410 5115 ἐχρῆν
1432 5046 1540 5117 γὰρ
1577 5046 1775 5117 μᾶλλον
1801 5046 1991 5099 ἑαυτὸν

410 5136 744 5209 ἐμπαρέχειν
791 5137 856 5206 τῇ
890 5135 1000 5206 ἀφῇ
1022 5176 1036 5199 ,
1068 5134 1166 5188 ἀτε
1217 5134 1278 5188 τὸ
1320 5135 1528 5188 τέλειον
1589 5136 1870 5206 βάπτισμα
1903 5135 1990 5189 διὰ

2110 1942 2242 1983 cens
2269 1928 2315 1959 ³⁸
2346 1942 2362 1980 :
2400 1945 2419 1979 ι
2479 1927 2557 1982 Ne
2593 1942 2678 1982 me
2720 1937 2955 1998 tangas,
2994 1933 3231 1987 nondum
3267 1936 3412 1990 enim
3454 1937 3681 1994 ascendi

2108 2020 2178 2073 ad
2204 2018 2422 2074 Patrem
2457 2035 2635 2075 meum
2662 2036 2677 2086 ;
2708 2025 2804 2075 sed
2835 2023 2990 2089 vade,
3021 2033 3075 2077 et
3101 2024 3189 2079 dic
3220 2025 3481 2082 fratribus
3506 2029 3679 2085 meis:

2112 2109 2261 2166 Vado
2277 2111 2343 2165 ad
2363 2109 2580 2165 Patrem
2602 2127 2803 2175 meum,
2824 2120 2880 2167 et
2900 2112 3117 2169 Patrem
3142 2126 3406 2181 vestrum,
3435 2128 3490 2173 et
3510 2118 3678 2174 Deum

2105 2213 2288 2252 meum
2316 2241 2332 2266 ,
2362 2208 2417 2253 et
2448 2199 2617 2254 Deum
2650 2211 2914 2257 vestrum.
2963 2225 2983 2256 ι
3017 2203 3285 2261 Caeterum
3333 2222 3456 2262 cum
3506 2213 3684 2279 pergit

2106 2290 2357 2345 victoriis
2407 2291 2733 2361 tropaeisque
2782 2303 3050 2361 onustus,
3111 2312 3234 2351 cum
3269 2314 3501 2369 corpore
3530 2303 3677 2371 quod

2104 2396 2173 2435 ex
2202 2383 2432 2437 mortuis
2462 2396 2866 2450 resurrexerat,
2895 2387 3188 2454 (quomodo
3214 2390 3357 2444 enim
3388 2391 3547 2448 aliter
3597 2395 3683 2447 in-

2109 2472 2354 2543 telligere
2393 2484 2609 2543 Oportet
2642 2476 2771 2532 illud
2802 2496 2816 2532 :
2854 2496 2873 2529 ι
2914 2479 3164 2536 Nondum
3201 2484 3418 2537 asceudi
3472 2485 3538 2539 ad
3575 2484 3683 2540 Pa-

2104 2573 2243 2619 trem
2298 2567 2535 2624 meum?
2599 2587 2618 2620 ι
2679 2579 2734 2623 et
2800 2570 2933 2625 illud
2989 2588 3007 2630 :
3067 2590 3086 2624 ι
3143 2573 3294 2629 Vado
3345 2574 3411 2628 ad
3460 2575 3678 2632 Patrem

2105 2656 2327 2710 meum?
2365 2655 2413 2731 ι)
2448 2674 2591 2714 nunc
2640 2660 2839 2729 aliqua:
2888 2662 3107 2732 quidem
3153 2666 3412 2734 potentia:
3439 2666 3626 2722 dicunt
3657 2685 3676 2722 :

2110 2763 2128 2794 ‹
2162 2743 2298 2811 Quis
2329 2756 2414 2801 est
2463 2746 2564 2802 iste
2594 2748 2684 2816 qui
2720 2750 2935 2805 accedit
2966 2766 3032 2807 ex
3064 2752 3259 2819 Edom,
3309 2754 3479 2809 rubra
3511 2758 3680 2812 vesti-

2106 2845 2287 2888 menta
2332 2835 2537 2891 habens
2575 2851 2641 2890 ex
2673 2836 2865 2903 Bosor,
2922 2841 3059 2895 adeo
3090 2842 3370 2910 speciosus
3393 2843 3439 2874 “
3468 2842 3492 2895 ?
3528 2861 3546 2895 ι
3574 2843 3679 2910 Qui

2104 2942 2233 2983 vero
2264 2929 2529 2997 prazibant
2560 2929 2734 2997 illum,
2769 2932 2874 2985 illis
2908 2932 3001 3001 qui
3030 2932 3273 3002 praefecti
3317 2941 3475 2988 erant
3508 2946 3681 3002 portis

2104 3019 2421 3076 caelestibus
2478 3022 2733 3092 inquiunt
2766 3041 2780 3077 :
2824 3042 2845 3076 ς
2881 3023 3077 3079 Tollite
3104 3034 3288 3093 portas
3314 3064 3329 3089 ,
3382 3026 3677 3096 principes.

2102 3124 2335 3180 vestras,
2363 3126 2417 3171 et
2454 3118 2764 3187 elevamini,
2794 3129 2963 3188 porta:
2997 3120 3304 3182 aaternales,
3345 3129 3401 3173 et
3434 3119 3682 3173 introibit

2104 3223 2197 3261 rex
2231 3207 2415 3278 gloria:
2445 3210 2514 3264 ".
2545 3228 2564 3261 ι
2601 3209 2896 3280 Propterea
2928 3224 3058 3264 vero
3100 3209 3480 3280 interrogant,
3511 3209 3677 3266 veluti

2104 3311 2325 3373 aspectu
2360 3303 2497 3371 ipso,
2532 3314 2592 3357 ιιι
2622 3305 2693 3357 ita
2720 3304 2901 3359 dicam
2926 3344 2941 3368 ,
2982 3303 3154 3373 ipsius
3179 3305 3455 3359 dexteram
3484 3305 3677 3359 viden-

2107 3408 2188 3450 tes
2212 3406 2556 3451 cruentatam
2577 3433 2593 3460 ,
2621 3412 2860 3466 eumque
2911 3405 3081 3452 totum
3129 3396 3393 3466 repletum
3421 3397 3677 3466 operibus

2102 3496 2326 3541 strenue
2361 3488 2534 3556 gestis
2567 3503 2582 3542 :
2615 3506 2634 3538 ι
2671 3486 2852 3552 Quare
2881 3488 3042 3542 rubra
3076 3497 3204 3543 sunt
3224 3488 3543 3542 vestimenta
3583 3495 3675 3541 tua

2102 3580 2242 3635 sicut
2293 3582 2531 3636 calcatio
2585 3581 2874 3635 torcularis
2928 3581 3071 3650 pleni
3127 3596 3227 3635 uva
3265 3581 3469 3636 calcata
3500 3580 3596 3634 ’3?
3651 3601 3670 3632 ι

2102 3673 2322 3740 quando
2355 3683 2411 3726 et
2443 3673 2731 3742 respondet
2766 3688 2781 3728 :
2818 3690 2837 3723 ι
2873 3672 3095 3728 Calcavi
3129 3688 3224 3728 eos
3269 3675 3336 3724 '9.
3376 3691 3395 3725 ι
3431 3672 3568 3728 Vere
3600 3673 3671 3727 ob

2104 3763 2219 3815 haac
2255 3763 2512 3834 indiguit,
2550 3774 2608 3817 ut
2638 3764 2847 3819 lavaret
2878 3783 2896 3816 ι
2932 3765 2984 3818 in
3015 3764 3142 3819 vino
3168 3764 3363 3819 stolam
3413 3780 3590 3827 suam,
3623 3772 3679 3821 et

2104 3851 2265 3923 156
2280 3857 2665 3909 vestimentum
2697 3855 2925 3910 suumin
2953 3854 3215 3925 sanguine
3233 3870 3366 3909 uvae.
3394 3876 3413 3908 ι
3446 3855 3678 3909 lnlirmi-

2103 3955 2244 3998 tates
2282 3946 2424 4001 enim
2453 3956 2670 4001 nostras
2693 3961 2816 4000 cum
2846 3949 3188 4013 sumpsisset,
3220 3947 3678 4016 mgritudinesque

2097 4037 2440 4104 portasset”,
2455 4040 2726 4107 totiusque
2741 4038 2924 4092 mundi
2941 4046 3220 4106 peccatum
3234 4053 3354 4092 cum
3370 4037 3677 4092 sustulisset

2096 4134 2154 4182 et
2168 4127 2220 4180 in
2240 4137 2315 4181 tot
2333 4127 2593 4182 beneficia
2611 4127 2949 4192 contulisset,
2968 4126 3211 4182 fortassis
3227 4137 3333 4180 tum
3349 4128 3675 4197 baptismum

2094 4220 2303 4288 accepit
2331 4221 2524 4287 quovis
2558 4219 2684 4283 alio,
2705 4218 2951 4287 quiapud
2979 4219 3227 4273 homines
3254 4221 3549 4289 excogitari
3579 4234 3678 4290 po-

2098 4320 2220 4374 test,
2244 4313 2527 4382 majorem,
2548 4318 2741 4384 dequo
2772 4329 2894 4368 reor
2917 4328 3039 4368 eum
3068 4312 3310 4367 dixisse:
3347 4330 3366 4364 ‹
3401 4313 3678 4383 Baptismo

2095 4416 2275 4458 autem
2295 4405 2466 4459 habeo
2492 4405 2782 4474 baptizari,
2818 4413 2873 4458 et
2899 4404 3169 4473 quomodo
3197 4416 3468 4481 coarctor.
3505 4405 3677 4460 donec

2094 4495 2393 4561 perfectum
2423 4494 2588 4549 fuerit
2626 4495 2704 4549 "l
2738 4513 2758 4547 ι
2806 4493 2875 4548 Ut
2901 4494 3045 4549 enim
3083 4494 3343 4549 audacius
3371 4494 3674 4547 orationem

2094 4585 2386 4653 explorans
2432 4587 2630 4641 instem
2664 4587 2730 4640 ad
2760 4601 2827 4642 ea
2864 4601 2986 4653 qua:
3014 4586 3232 4656 plurimi
3265 4587 3509 4642 sentiunt
3536 4625 3554 4653 ,
3586 4586 3673 4641 di-

2094 4685 2230 4731 cant
2262 4678 2418 4732 nobis
2445 4680 2536 4748 qui
2575 4679 2899 4749 martyrium
2930 4679 3102 4747 ipsius
3130 4678 3458 4747 baptismum
3483 4679 3677 4733 existi-

2098 4777 2253 4823 mant
2278 4770 2575 4824 maximum
2606 4786 2750 4833 esse,
2781 4786 2946 4839 supra
2977 4785 3141 4838 quem
3171 4769 3335 4823 alium
3362 4770 3678 4837 excogitare

2094 4857 2421 4927 baptismum
2454 4876 2558 4913 non
2600 4861 2763 4915 liceat
2789 4900 2805 4925 ,
2836 4877 2931 4915 cur
2982 4860 3196 4914 tandem
3228 4870 3349 4928 post
3376 4861 3478 4913 hoc
3525 4858 3677 4913 dicat

2096 4949 2325 5009 Mariae:
2370 4970 2389 5002 ι
2425 4951 2501 5007 Ne
2532 4968 2618 5008 me
2664 4963 2855 5021 tangas
2882 4952 2952 5014 ³³.
2986 4971 3005 5002 ι
3044 4953 3333 5022 oportebat
3372 4949 3517 5003 enim
3569 4951 3676 5004 sei-

2097 5058 2255 5110 psum
2287 5046 2460 5109 magis
2490 5045 2755 5099 exhibere
2784 5048 3134 5114 tangendum,
3167 5052 3428 5113 tanquam
3459 5043 3551 5112 qui
3579 5056 3675 5112 per

2101 5135 2424 5207 mysterium
2459 5137 2731 5208 passionis
2772 5136 3100 5205 baptismum
3133 5135 3456 5204 sumpsisset
3489 5134 3671 5202 perfe-

480 5297 525 5330 ²¹
558 5295 692 5351 ibid.
718 5294 805 5349 15.
881 5295 925 5326 ²¹
943 5294 1088 5349 Psal.
1119 5293 1376 5357 Lut,12.
1454 5293 1501 5326 ³³
1530 5295 1658 5348 ibid.
1686 5294 1812 5357 4,5.
1891 5294 1936 5325 “
1951 5292 2001 5347 Pt

2104 5310 2263 5360 χχιιι,
2283 5295 2337 5349 8.
2413 5294 2461 5327 ⁸⁸
2478 5293 2634 5352 Joan.
2654 5311 2743 5348 xx.
2768 5294 2854 5349 17.
2931 5295 2978 5325 ’⁵
3000 5292 3125 5347 lsai.
3145 5308 3295 5355 thtt,
3322 5292 3373 5346 1.
3452 5292 3497 5323 ’⁷
3528 5290 3669 5345 Psal.

410 5384 564 5430 mu,
599 5367 653 5419 7.
728 5366 773 5397 ’⁸
801 5365 924 5421 lsai.
948 5382 1104 5430 unt,
1128 5365 1183 5419 2.
1261 5367 1304 5397 ⁸³
1349 5365 1481 5419 ibid.
1512 5367 1569 5419 5.
1643 5365 1686 5397 ³⁰
1711 5364 1834 5420 lsai.
1869 5380 1985 5432 LIII,

2139 5365 2180 5396 ³¹
2207 5366 2341 5420 Luc.
2377 5381 2474 5432 xu,
2499 5364 2588 5420 50.
2666 5365 2711 5397 ³⁸
2733 5363 2892 5419 Joan.
2929 5380 3022 5428 xx,
3048 5362 3135 5416 17.

481 5502 590 5575 (ιο)
631 5496 717 5575 ’ρ
730 5503 843 5570 οὐχ
874 5500 1111 5570 ὑπῆρχε
1139 5501 1386 5575 βοηθός.
1413 5499 1506 5555 Sic
1536 5503 1700 5575 code;
1736 5499 1982 5575 Bodleia-

2162 5497 2275 5569 (42)
2331 5497 2574 5567 Ὠραῖος.
2616 5500 2707 5555 Sic
2752 5500 2913 5555 codd.
2963 5499 3291 5555 Bodleianus
3319 5507 3374 5558 et
3414 5497 3665 5553 Βενθεῑὲ-

408 5569 1009 5642 nuarum—Barberiuo,
1040 5569 1213 5636 recte;
1245 5571 1447 5639 Regius
1474 5569 1633 5635 male,
1663 5571 1740 5633 ὡς
1769 5571 1982 5642 ὑπῆρχε

2103 5584 2248 5642 fill-Si
2263 5569 2437 5642 editio
2471 5569 3262 5642 Hue‘tii,“perperautLopai’og.

410 5641 811 5782 βῗὲῗῗὶηετά.
848 5710 937 5782 Ita_
958 5720 1108 5765 recte
1145 5710 1362 5782 codices
1404 5708 1730 5782 Bodleianus
1760 5719 1816 5768 et
1846 5708 1983 5767 Bar-

412 5779 666 5849 beriuus;
699 5783 866 5838 editio
898 5780 1100 5846 lluetii,
1128 5779 1293 5843 κατά,
1321 5780 1486 5837 male.

815 5881 1092 5942 ΡΑτιιοι.
1138 5879 1259 5940 Gs.
1292 5879 1464 5942 XIV.

2152 5638 2275 5709 ⁴(43)
2312 5639 2539 5693 Codices
2573 5636 2898 5695 Bodleianus
2923 5650 2980 5695 et
3020 5636 3379 5705 Barberiuus,
3410 5636 3575 5694 οἱονεὶ
3623 5642 3680 5691 ἐν

2089 5708 2222 5762 εῖδει
2240 5778 2245 5779 ν
2262 5710 2435 5779 εἰπεῖν
2462 5709 2811 5779 ᾑμαγμένην,

2160 5778 2276 5851 (44)
2322 5776 2426 5835 Οὗ.
2457 5776 2551 5835 Sic
2583 5776 2757 5833 codex'
2784 5778 3137 5845 Bodleianus;
3175 5778 3399 5845 Regius,
3441 5777 3582 5835 ὅτου,

3240 5880 3314 5939 10
