4194 6428
516 336 622 392 291.)

1971 330 2292 390 ORIGENIS

3679 341 3784 396 300

513 464 684 509 ctum.
720 449 824 503 Sed
855 449 1112 518 quoniam
1139 489 1155 514 ,
1187 457 1248 502 ut
1283 447 1636 516 praediximus
1665 484 1684 510 ,
1714 446 1880 502 rebus
1907 448 2097 501 adver-

2206 442 2298 496 τοῦ
2337 444 2633 516 μυστηρίου
2661 442 2756 497 τοῦ
2792 441 3000 508 πάθους
3026 442 3308 515 εἰληφότα.
3350 445 3492 499 Ἀλλ’
3522 449 3644 502 ἐπεὶ
3665 490 3681 514 ,
3710 451 3787 516 ὼς

515 563 613 604 sus
635 544 977 598 adversarios
1004 539 1259 611 praeclare
1279 539 1466 608 gestis,
1491 553 1629 608 Opus
1651 539 1890 593 habebat
1911 539 2098 594 lavare

520 656 540 689 ι
586 638 639 690 in
675 636 801 689 vino
836 632 1031 689 stolam
1079 646 1232 686 suam
1257 670 1272 693 ,
1303 639 1358 682 et
1398 630 1452 682 in
1495 630 1764 700 sanguine
1791 645 1908 683 uva:
1933 629 2098 683 vesti-

517 741 757 785 tnenlum
813 742 971 781 suum
1004 725 1070 789 ³³,
1113 743 1132 777 ι
1184 721 1436 776 ascendit
1491 723 1560 776 ad
1611 722 1908 792 agricolam
1955 734 2099 775 verte

515 823 664 880 illius
695 824 822 876 vitis
845 821 911 885 “,
946 831 1140 887 nempe
1183 815 1426 880 Patrem,
1480 823 1542 867 ut
1576 814 1684 869 illic
1716 814 1893 879 lotus,
1946 821 2100 883 post-

513 928 677 986 quam
706 911 1044 966 ascendisset
1069 910 1122 962 in
1152 906 1346 970 altum,
1386 905 1663 973 captivata
1691 905 2011 974 captivitate
2027 903 2095 968 ³⁵,

514 1003 912 1067 descenderet,
939 1001 1092 1054 varia
1126 999 1315 1053 ferens
1348 998 1707 1062 charismata,
1741 1012 1936 1066 nempe
1960 996 2098 1050 divi-

514 1113 606 1152 sas
635 1095 894 1164 apostolis
920 1093 1134 1162 linguas
1173 1090 1339 1144 veluti
1390 1091 1602 1160 igneas.
1634 1098 1797 1157 atque
1833 1090 1998 1144 etiam
2029 1087 2098 1143 ad

515 1188 728 1240 futuros
761 1186 812 1239 in
848 1184 996 1238 omni
1030 1182 1247 1237 actione
1275 1189 1502 1235 sanctos
1534 1179 1758 1248 angelos
1787 1220 1802 1242 ,
1837 1179 2096 1233 liberatu-

514 1295 606 1334 ros
629 1279 794 1347 ipsos.
828 1277 971 1330 Ante
1029 1275 1136 1328 bas
1171 1273 1318 1327 enim
1351 1272 1796 1340 dispensationes
1823 1269 2095 1340 purificati

512 1371 756 1426 nondum
789 1383 913 1423 cum
944 1373 1148 1430 essent,
1179 1377 1411 1432 capaces
1439 1376 1548 1416 non
1583 1371 1744 1416 erant
1779 1361 2096 1432 angelorum

515 1462 582 1518 ad
617 1477 676 1516 se
707 1461 996 1523 adventus,
1035 1456 1288 1510 fortassis
1337 1468 1404 1508 ne
1457 1451 1666 1521 angelis
1709 1450 1932 1520 quidem
1965 1451 2098 1520 ipsis

515 1555 710 1608 adesse
741 1547 1050 1604 volentibus
1084 1547 1193 1610 liis,
1219 1546 1312 1615 qui
1347 1546 1585 1598 nomium
1623 1543 1828 1611 optime
1863 1540 2096 1595 instituti

515 1640 903 1712 purificatique
930 1653 960 1692 a
991 1635 1120 1692 Jesu
1167 1635 1420 1689 fuissent.
1455 1633 1638 1688 Solius
1665 1631 1809 1686 enim
1840 1629 1969 1686 Jesu
2000 1630 2098 1684 be-

516 1735 803 1806 nignitatis
860 1739 980 1786 erat
1026 1745 1150 1786 cum
1208 1726 1589 1798 peccatoribus
1623 1767 1639 1790 ,
1686 1736 1742 1782 et
1794 1723 2098 1794 publicanis

518 1831 852 1886 manducare
899 1835 956 1881 et
986 1825 1176 1880 bibere
1226 1823 1295 1886 ³⁸,
1330 1831 1499 1888 atque
1539 1835 1670 1876 suos
1727 1819 1899 1888 ipsius
1930 1820 2097 1889 pedes

515 1925 761 1995 praebere
788 1919 1048 1991 lacrymis
1083 1915 1453 1986 resipiscentis
1486 1911 1810 1980 peccatricis
1845 1910 1914 1974 ⁸⁷,
1943 1919 1998 1965 et
2027 1911 2095 1964 ad

515 2026 752 2072 mortem
780 2027 954 2081 usque
979 2026 1078 2080 pro
1103 2007 1286 2078 impiis
1315 2005 1672 2071 descendere,
1703 2019 1810 2059 non
1845 2004 2096 2073 rapinam

516 2110 878 2166 arbitrantem
916 2121 990 2160 se
1017 2118 1138 2159 esse
1177 2101 1444 2172 aqualem
1485 2101 1618 2162 Deo,
1664 2106 1719 2152 et
1763 2098 2096 2152 inanientem

508 2202 888 2272 semetipsum,
947 2197 1093 2251 servi
1131 2195 1306 2249 forma
1361 2202 1572 2258 sumpta
1623 2187 1857 2244 “(Haec
1912 2199 2094 2245 autem

515 2295 698 2352 omnia
729 2291 1044 2362 perficiens,
1094 2285 1274 2340 l‘atris
1323 2285 1499 2353 magis
1533 2282 1869 2336 voluntatem
1919 2280 2094 2349 ipsum

508 2386 786 2443 tradentis
816 2397 916 2452 pro
957 2380 1137 2448 impiis
1167 2377 1486 2446 perficiebat
1523 2390 1685 2440 quam
1713 2388 1866 2426 suam
1898 2372 2094 2442 ipsius.

517 2481 700 2532 Bonus
731 2475 932 2532 etenim
967 2483 1051 2527 est
1096 2471 1295 2532 Pater;
1351 2467 1612 2522 Servator
1643 2479 1772 2520 vero
1805 2465 1985 2535 imago
2013 2474 2098 2519 est

512 2567 780 2626 bonitatis
817 2565 988 2635 ipsius
1024 2561 1068 2594 "
1105 2577 1122 2617 :
1151 2573 1318 2630 porro
1365 2557 1467 2612 toti
1521 2556 1722 2611 mundo
1752 2554 1930 2610 officia
1963 2569 2099 2611 eon-

511 2663 724 2723 ferens,
747 2659 1006 2727 quoniam
1052 2655 1195 2709 Deus
1229 2653 1284 2707 in
1319 2651 1540 2707 Christo
1571 2650 1830 2702 mundum
1863 2647 1964 2702 sibi
1994 2647 2097 2718 ipsi

515 2752 841 2810 reconciliat
871 2749 940 2816 ⁸ο,
990 2757 1155 2802 antea
1206 2753 1432 2815 propter
1491 2742 1754 2796 malitiam
1813 2741 2094 2795 inimicum

516 2846 747 2908 factum,
779 2851 890 2897 tum
923 2841 1032 2904 via,
1067 2848 1179 2892 tum
1213 2836 1404 2891 ordine
1449 2832 1621 2888 officia
1654 2831 1869 2887 confert
1905 2833 1990 2886 bis
2010 2846 2098 2886 re-

505 2936 622 2992 bus
651 2934 705 2988 in
741 2947 880 3002 quas
919 2931 1035 2999 ipse
1071 2925 1334 2982 beneficia
1367 2923 1616 2988 confert,
1647 2937 1754 2975 non
1791 2921 1974 2976 subito
2005 2935 2099 2975 ac-

516 3027 727 3097 cipiens
753 3021 1052 3078 scabellum
1103 3019 1325 3090 pedum,
1370 3031 1563 3086 nempe
1609 3015 1859 3070 inimicos
1882 3030 2093 3071 omnes.

2202 537 2557 608 προείπομεν,
2597 537 2667 590 τὰ
2699 537 2838 590 κατά
2865 535 2976 588 τῶν
3010 536 3403 607 ἀντικειμένων
3437 539 3785 613 ἀνδραγαθή-

2205 645 2350 698 ματα
2391 627 2706 698 πεποιηκὼς
2733 671 2748 694 ,
2801 627 2973 681 ἐδεῖτο
3020 625 3115 680 τοῦ
3156 627 3352 682 πλῦναι
3394 647 3412 680 ι
3448 631 3508 682 ὲν
3533 632 3662 702 οἴνῳ
3689 633 3792 704 τὴν

2202 721 2394 791 στολὴν
2422 719 2586 774 αὑτοῦ
2607 761 2620 784 ,
2655 722 2750 774 καὶ
2781 721 2839 773 ὲν
2883 721 3077 791 αἵματι
3119 719 3395 790 σταφυλῆς
3431 721 3533 792 τὴν
3568 723 3792 794 περιϐο-

2200 811 2296 883 λὴν
2326 813 2513 876 αὑτοῦ,
2542 833 2559 864 ι
2598 814 2752 883 ἀνῄει
2802 814 2936 884 πρὸς
2973 813 3063 865 τὸν
3120 811 3365 883 γεωργὸν
3393 813 3494 883 τῆς
3530 813 3792 885 ἀληθινῆς

2199 904 2445 974 ἀμπέλου
2485 905 2734 975 Πατέρα,
2774 905 2840 956 ἵν’
2867 907 2983 958 ἐκεῖ
3028 903 3502 975 ἀποπλυνάμενος,
3544 905 3686 975 μετά
3731 905 3794 958 τὸ

2200 995 2464 1066 ἀναϐῆναι
2507 997 2587 1059 είς
2629 995 2800 1066 ὕψος,
2856 995 3305 1067 αἰχμαλωτεύσας
3350 995 3447 1066 τὴν
3507 997 3796 1068 αἰχμαλω-

2202 1086 2358 1152 σίαν,
2410 1088 2622 1158 καταϐῇ
2671 1089 2852 1159 φέρων
2890 1087 2961 1140 τά
3009 1085 3230 1140 ποικίλα
3277 1087 3638 1160 χαρίσματα,
3695 1088 3796 1152 τὰς

2199 1175 2700 1250 διαμεμερισμένας
2729 1181 2842 1242 τοῖς
2875 1178 3192 1242 ἀποστόλοις
3235 1178 3486 1247 γλώσσας
3513 1180 3651 1234 ὡσεὶ
3686 1199 3799 1234 πυο·

2205 1267 2314 1337 ρὸς,
2348 1271 2441 1320 καὶ
2469 1269 2596 1330 τοὺς
2627 1267 3035 1338 παρεσομένους
3061 1267 3120 1320 ὲν
3163 1267 3311 1339 πάσῃ
3347 1265 3550 1340 πράξει
3603 1269 3798 1338 ἁγίους

2199 1359 2499 1428 ἀγγέλους,
2552 1361 2647 1414 καὶ
2682 1360 3012 1432 ῥυσομένους
3041 1361 3258 1426 αὐτούς.
3295 1362 3410 1433 Πρὸ
3451 1363 3554 1434 γὰρ
3585 1363 3798 1416 τούτων

2199 1453 2306 1506 τῶν
2329 1453 2672 1524 οἰκονομιῶν,
2705 1454 2798 1508 ἆτε
2827 1454 3053 1524 μηδέπω
3088 1455 3492 1526 κεκαθαρμένοι
3525 1456 3630 1510 οὑκ
3660 1455 3805 1526 ἐχών-

2198 1636 2306 1689 τῶν
2341 1635 2680 1706 βουλομένων
2737 1654 2822 1690 πω
2861 1639 2974 1700 τοῖς
3028 1637 3102 1708 μὴ
3147 1637 3642 1709 εὐτρεπισαμένοις
3704 1639 3804 1692 καὶ

2200 1728 2630 1800 κεκαθαρμένοις
2685 1729 2790 1782 ὑπὸ
2841 1730 2936 1783 τοῦ
2992 1729 3166 1800 Ἰησοῦ
3216 1735 3495 1801 παρεῖναι.
3534 1732 3652 1802 Τῆς
3687 1731 3800 1804 γὰρ

2127 1790 2171 1846 Β
2213 1824 2388 1896 Ἰησοῦ
2411 1790 2582 1895 ’μόνου
2611 1790 3024 1897 ιριλανθρωπίας
3054 1790 3126 1898 ἦν
3161 1790 3678 1899 μετάάμαρτωλῶν
3699 1790 3800 1882 καὶ

2197 1916 2444 1969 τελωνῶν
2478 1916 2700 1980 ἐσθίειν,
2747 1918 2840 1970 καὶ
2893 1917 3070 1969 πίνειν
3097 1957 3112 1982 ,
3154 1917 3250 1970 καὶ
3289 1918 3555 1988 παρέχειν
3596 1917 3798 1972 ἑαυτοῦ

2198 2010 2325 2072 τοὺς
2354 2010 2521 2073 πόδας
2552 2012 2664 2074 τοῖς
2691 2007 2949 2081 δακρύοις
2978 2009 3078 2080 τῆς
3117 2009 3491 2079 μετανοούσης
3523 2011 3795 2082 ἁμαρτω-

2197 2099 2312 2164 λοῦ,
2360 2101 2455 2154 καὶ
2492 2101 2651 2172 μέχρι
2695 2101 2924 2156 θανάτου
2965 2102 3318 2156 καταϐαίνειν
3355 2103 3503 2175 ὑπὲρ
3538 2102 3758 2156 ἀσεϐῶν
3781 2145 3796 2164 ,

2197 2193 2293 2262 οὑχ
2323 2194 2616 2264 ἁρπαγμὸν
2655 2194 2956 2265 ἡγουμένου
2987 2193 3096 2263 (45)
3127 2190 3360 2248 τὸ.εἷναι
3395 2194 3490 2248 ῐσα
3529 2194 3675 2266 Θεῷ,
3703 2195 3800 2248 καὶ

2199 2285 2388 2338 κενοῦν
2413 2286 2602 2339 ἑαυτὸν
2637 2287 2736 2358 τὴν
2766 2286 2860 2340 τοῦ
2905 2286 3090 2340 δούλου
3130 2286 3506 2357 λαμϐάνοντος
3553 2289 3797 2358 μορφήν.

2199 2373 2382 2426 Ταῦτα
2413 2374 2468 2426 δὲ
2503 2375 2678 2429 πάντα
2710 2373 3009 2439 ἐπιτελῶν,
3065 2373 3264 2445 μᾶλλον
3314 2375 3376 2429 τὸ
3424 2375 3650 2448 θέλημα
3701 2375 3796 2429 τοῦ

2199 2465 2410 2537 Πατρὸς
2441 2467 2535 2520 τοῦ
2570 2467 2903 2539 παραδόντος
2949 2468 3138 2522 ἑαυτὸν
3168 2467 3308 2540 ὑπὲρ
3336 2467 3557 2522 ἀσεϐῶν
3599 2469 3795 2522 ἐπετέ-

2197 2556 2277 2610 λει
2314 2559 2458 2631 ἥπερ
2481 2559 2542 2612 τὸ
2577 2559 2790 2612 ἑαυτοῦ.
2833 2561 2890 2611 ὐ
2922 2559 3019 2630 μὲν
3052 2559 3161 2631 γὰρ
3197 2559 3385 2630 Πατὴρ
3405 2560 3638 2628 ἀγαθός·
3675 2563 3704 2614 ό
3739 2560 3797 2614 δὲ

2197 2650 2388 2722 Σωτὴρ
2421 2651 2583 2705 εἰκὼν
2623 2652 2722 2722 τῆς
2770 2651 3100 2721 ἀγαθότητος
3135 2651 3335 2706 αὑτοῦ·
3374 2651 3560 2706 πάντα
3603 2653 3660 2707 δὲ
3704 2653 3798 2706 τὸν

2197 2742 2401 2814 κόσμον
2430 2744 2755 2816 εὐεργετῶν,
2775 2745 2897 2797 ἐπεὶ
2919 2743 3052 2808 Θεὸς
3074 2745 3131 2797 ὲν
3156 2743 3378 2815 Χριστῷ
3411 2744 3626 2816 κόσμον
3661 2761 3797 2798 κατ-

2197 2835 2452 2890 αλλάσσει
2502 2836 2716 2907 ἑαυτῷ,
2770 2837 3034 2908 πρότερον
3076 2835 3166 2888 διὰ
3209 2834 3306 2906 τὴν
3357 2836 3566 2891 κακίαν
3600 2835 3799 2908 ἐχθρὸν

2197 2930 2580 3000 γεγενημένον,
2623 2928 2727 3000 ὁδῷ
2760 2930 2855 2983 καὶ
2883 2928 3036 2996 τάξει
3067 2928 3137 2982 τὰ
3169 2927 3610 2998 εὑεργετούμενα
3636 2931 3797 3001 εὐερ-

2198 3024 2366 3090 γετεῖ,
2407 3024 2508 3075 οὐκ
2541 3021 3081 3094 ἀθρόως.λαμ6άνων
3115 3024 3406 3078 ὑποπόδιον
3444 3025 3558 3080 τῶν
3591 3025 3796 3090 ποδῶν,

505 3118 660 3174 ‘Dicit
689 3117 835 3172 enim
869 3115 937 3169 ad
977 3113 1150 3181 ipsum
1194 3107 1623 3176 uniuscujusque
1679 3107 1850 3160 nostri
1906 3105 2094 3160 Domi-

2199 3115 2404 3176 πάντας
2436 3117 2562 3179 τοὺς
2595 3115 2850 3188 ὲχθρούςυ
2888 3117 3039 3186 λέγει
3067 3117 3176 3188 γὰρ
3220 3118 3369 3190 αὐτῷ
3409 3119 3439 3172 ό
3471 3120 3674 3194 Πατὴρ
3719 3117 3800 3191 τῷ

517 3225 649 3264 num
677 3207 840 3262 Pater
879 3225 892 3261 :
939 3223 958 3255 ‹
991 3205 1132 3258 Sede
1181 3217 1210 3255 a
1248 3200 1456 3256 dextris
1492 3199 1652 3261 meis,
1686 3198 1858 3252 donec
1893 3213 2092 3268 ponam

517 3302 770 3357 inimicos
806 3309 927 3353 tuos
978 3293 1275 3351 seabellum
1325 3293 1522 3364 pedum
1581 3302 1800 3346 tuorum
1843 3291 1910 3344 δ’.
1958 3308 1976 3341 ι
2031 3289 2097 3344 Ει

509 3395 632 3450 bene
687 3393 820 3446 fiunt
872 3388 1050 3460 quoad
1085 3387 1308 3442 ultimus
1365 3384 1526 3455 157
1578 3384 1871 3448 inimicus,
1907 3399 2098 3460 nempe

515 3502 687 3550 mors,
742 3484 812 3538 ab
845 3483 963 3550 ipso
1012 3479 1322 3535 destructus
1354 3476 1519 3530 fuerit
1547 3475 1615 3529 δ’.
1659 3474 1717 3530 Si
1763 3489 1896 3528 vero
1925 3473 2099 3528 consi-

515 3575 894 3632 deraveriutus
925 3572 1054 3641 quid
1107 3570 1174 3624 sit
1209 3568 1405 3638 subjici
1451 3566 1672 3622 Christo
1709 3565 1897 3635 (idque
1928 3564 2099 3618 maxi-

515 3684 606 3724 me
634 3684 698 3723 ex
733 3667 838 3720 illis
868 3665 1050 3719 verbis
1083 3681 1098 3717 :
1133 3682 1151 3714 ε
1195 3659 1330 3716 Cum
1387 3669 1568 3713 autem
1622 3659 1725 3728 ipsi
1754 3657 1935 3710 omnia
1970 3658 2099 3710 sub-

512 3765 658 3834 iecta
707 3763 950 3825 fuerint,
1007 3768 1135 3811 tunc
1172 3757 1290 3827 ipse
1343 3753 1516 3808 Filius
1563 3751 1882 3819 subjicietur
1927 3749 1974 3802 ei
2006 3748 2098 3818 qui

514 3857 697 3912 omnia
736 3854 838 3910 sibi
875 3851 1108 3922 subjecit
1139 3843 1208 3911 ⁸³,
1263 3847 1311 3916 ι)
1351 3855 1412 3899 ιιι
1452 3845 1672 3915 dignum
1727 3853 1812 3897 est
1857 3842 2100 3897 bonitate

509 3948 611 4004 Dei
645 3947 1049 4002 universorum.
1085 3939 1454 4006 intelligemus
1497 3937 1712 4004 Aguutn
1763 3934 1883 3999 Dei,
1915 3933 2101 3987 tollen-

514 4053 626 4098 tem
681 4047 968 4108 peccatum
1000 4031 1208 4086 mundi.
1247 4029 1446 4082 Verum
1477 4042 1584 4080 non
1634 4027 1874 4080 omnium
1909 4041 2099 4096 pecca-

511 4141 632 4189 tum
673 4131 742 4184 ab
791 4127 944 4196 Aguo
973 4122 1242 4184 aufertur,
1278 4132 1472 4186 nempe
1503 4131 1695 4170 eorum
1726 4116 1822 4185 qui
1857 4131 1965 4170 non
1997 4120 2098 4172 do.

515 4223 632 4278 lent
661 4222 862 4289 quique
913 4231 1018 4268 non
1052 4211 1366 4281 afﬂiguntur
1394 4209 1570 4260 donec
1620 4206 1861 4260 ablatum
1913 4206 2097 4262 fuerit.
2131 4200 2134 4204 ’

512 4313 699 4383 'Spina:
721 4319 957 4376 namque
986 4318 1092 4358 non
1121 4308 1331 4354 tantum
1367 4297 1568 4360 infixae,
1607 4297 1700 4352 sed
1733 4297 1903 4350 etiam
1937 4297 2100 4352 altius

513 4404 776 4460 radicata:
809 4399 861 4452 iu
896 4393 1149 4451 inanibus
1175 4390 1548 4459 cujuscunque
1575 4403 1671 4458 per
1699 4388 1888 4443 vitium
1923 4398 2096 4446 temu-

2197 3204 2387 3276 Κυρίῳ
2417 3204 2648 3258 ἑκάστου
2685 3205 2842 3276 ἡμῶν
2865 3223 2879 3237 ·
2921 3227 2938 3259 ι
2977 3207 3162 3262 Κάθου
3186 3211 3249 3262 ὲκ
3277 3209 3468 3276 δεξιῶν
3503 3229 3644 3282 μου,
3692 3211 3800 3274 ἓως

2196 3293 2262 3349 ἂν
2291 3294 2369 3348 θῶ
2400 3298 2528 3360 τοὺς
2559 3296 2788 3368 ἐχθρούς
2821 3315 2916 3351 σου
2949 3300 3240 3353 ὑποπόδιον
3273 3300 3381 3354 τῶν
3415 3301 3599 3356 ποδῶν
3641 3319 3794 3356 σου-ι

2199 3386 2293 3441 καὶ⁹
2320 3387 2495 3440 ταῦτα
2516 3386 2724 3456 γίνεται
2756 3390 2860 3453 ἓως
2889 3391 2918 3442 ό
2950 3390 3177 3462 ἔσχατος
3211 3389 3404 3463 ἐχθρὸς
3429 3432 3444 3456 ,
3475 3394 3508 3446 ό
3537 3393 3797 3456 θάνατος,

2197 3480 2290 3532 ὑπ’
2322 3479 2487 3534 αὑτοῦ
2523 3481 2861 3553 καταργηθῇ.
2908 3483 3032 3538 Ἐάν
3069 3484 3126 3538 δὲ
3170 3483 3232 3537 τὸ
3277 3483 3688 3538 ὑποτάσσεσθαι
3723 3483 3804 3555 τῷ

2197 3569 2420 3642 Χριστῷ
2475 3572 2759 3643 νοήσωμεν
2790 3573 2819 3624 ὅ
2852 3589 2904 3624 τι
2952 3573 3070 3626 ποτ’
3106 3573 3242 3636 ἐστὶ,
3288 3573 3503 3644 μάλιστ’
3541 3577 3612 3628 ἐκ
3663 3573 3760 3628 τοῦ
3783 3591 3797 3605 ο

2205 3682 2223 3712 ε
2262 3664 2432 3716 Ὅταν
2464 3661 2519 3715 δὲ
2559 3662 2708 3734 αὑτῴ
2739 3662 2807 3716 τά
2841 3662 3020 3717 πάντα
3062 3665 3308 3734 ὑποταγῇ
3330 3705 3344 3728 ,
3399 3665 3523 3717 τότε
3568 3664 3739 3728 αὐτὸς
3771 3664 3804 3716 ὁ

2199 3754 2327 3819 Υἱὸς
2379 3755 2781 3824 ὑποταγήσεται
2837 3753 2916 3826 τῷ
2964 3755 3291 3823 ὑποτάξαντι
3335 3755 3488 3826 αὑτῷ
3519 3758 3741 3810 πάντα·
3775 3775 3796 3808 ι

2199 3843 2364 3908 ἀξίως
2394 3845 2494 3916 τῆς
2527 3843 2864 3915 ἀγαθότητος
2898 3844 2992 3898 τοῦ
3027 3845 3135 3899 τῶν
3167 3846 3306 3902 ὅλων
3353 3846 3488 3900 Θεοῦ
3525 3849 3802 3918 νοήσομεν

2197 3936 2288 3990 τὸν
2318 3937 2489 4008 ἀμνὸν
2535 3935 2630 3990 τοῦ
2664 3935 2800 3990 Θεοῦ
2837 3936 3060 4008 αἴροντα
3091 3939 3188 4010 τὴν
3239 3939 3516 4010 ἁμαρτίαν
3548 3939 3651 3992 τοῦ
3705 3939 3802 3992 κό-

2201 4043 2358 4099 σμου.
2382 4029 2455 4082 υὺ
2491 4028 2708 4082 πάντων
2733 4027 2787 4082 δὲ
2821 4029 2854 4098 ἡ
2889 4029 3133 4101 ἁμαρτία
3163 4031 3270 4084 ὑπὸ
3305 4031 3398 4084 τοῦ
3433 4031 3613 4102 ἀμνοῦ
3645 4031 3805 4102 αἶρε⁶

2198 4137 2318 4183 ται,
2359 4120 2432 4192 μὴ
2483 4119 2825 4188 ἀλγούντων,
2880 4123 3015 4194 μηδὲ
3069 4122 3532 4194 βασανιζομένων,
3565 4125 3676 4188 ἕως
3739 4117 3804 4179 οὗ

2199 4211 2338 4285 ἀρθῇ
2370 4213 2503 4286 (46).
2544 4215 2810 4268 Ἀκανθαι
2845 4215 2953 4287 γὰρ
2984 4217 3042 4270 οὑ
3078 4217 3238 4286 μόνον
3267 4217 3627 4287 ἐμπαρεῖσαι,
3660 4215 3806 4272 ἀλλά

2200 4307 2294 4362 καὶ
2346 4307 2576 4361 ἐπιπολὺ
2622 4306 2933 4378 ριζωθεῖσαι
2981 4307 3091 4378 (47)
3141 4309 3200 4360 ὲν
3231 4311 3351 4370 ταῖς
3391 4308 3550 4378 χερσὶ
3583 4309 3806 4374 παντὸς

2199 4397 2292 4452 τοῦ
2346 4399 2434 4454 διὰ
2491 4399 2590 4470 τὴν
2645 4399 2844 4452 κακίαν
2893 4399 3286 4470 μεθυσθέντος,
3343 4401 3437 4453 καὶ
3483 4401 3548 4452 τὸ
3601 4403 3808 4472 νήφειν

513 4494 672 4561 lenti,
714 4491 919 4560 quique
975 4484 1333 4541 sobrietatem
1383 4479 1721 4550 perdiderit,
1769 4478 1922 4548 juxta
1957 4481 2092 4536 illud

2198 4492 2623 4556 ἀπολωλεκότος,
2666 4491 2807 4544 κατά
2859 4492 2922 4544 τὸ
2969 4493 3026 4544 ὲν
3076 4491 3405 4562 Παροιμίαις
3463 4493 3802 4564 εἰρημένον·

514 4587 661 4658 quod
691 4585 744 4638 iu
797 4578 1113 4635 Proverbiis
1141 4575 1341 4628 dicitur
1374 4590 1389 4627 :
1425 4591 1443 4623 ι
1487 4571 1670 4640 Spinte
1702 4584 2002 4627 nascuntur
2041 4575 2092 4628 in

511 4693 680 4733 manu
721 4671 1002 4730 temulenti
1033 4668 1105 4732 “,
1139 4687 1158 4720 ι
1199 4676 1464 4736 quantum
1515 4665 1719 4720 doloris
1772 4666 1987 4736 parient
2041 4668 2092 4720 in

505 4789 581 4829 eo
607 4769 701 4842 qui
737 4767 876 4821 tales
907 4764 1124 4834 plantas
1147 4759 1432 4814 admiserit
1472 4759 1522 4812 iu
1549 4775 1748 4830 corpus
1779 4777 1889 4814 sua:
1926 4761 2094 4831 ipsius

513 4867 733 4926 animae,
783 4861 898 4931 jam
950 4857 1134 4912 dicere
1162 4852 1534 4907 difﬁcillimum
1567 4863 1672 4910 est.
1709 4853 1842 4908 Nam
1877 4854 2094 4909 abscin-

509 4959 679 5013 datur
699 4959 915 5023 oportet
941 4963 972 5001 a
1002 4959 1252 5002 sermone
1287 4944 1377 4998 Dei
1408 4945 1658 5010 viventis,
1688 4947 2093 5016 peuetmutiore

511 5048 710 5122 quovis
737 5043 918 5116 gladio
947 5039 1202 5105 utrinque
1260 5038 1549 5103 incidente,
1596 5049 1650 5092 et
1679 5039 1884 5093 efficaci
1922 5038 1990 5101 ⁸⁵,
2037 5047 2092 5092 et

2207 4603 2224 4633 ι
2258 4583 2530 4636 Ἀκανθαι
2566 4581 2790 4652 φύονται
2846 4584 2904 4636 ὲν
2955 4582 3098 4653 χειρὶ
3142 4581 3237 4635 τοῦ
3276 4580 3551 4652 μεθύσου,
3599 4602 3620 4634 ι
3674 4583 3807 4638 ὅσον

2205 4675 2366 4730 πόνον
2400 4677 2786 4749 ἐνεργάσονται
2815 4675 2894 4747 τῷ
2929 4677 2997 4729 τὰ
3027 4675 3251 4728 τοιαῦτα
3279 4674 3426 4744 φυτά
3459 4677 3540 4738 εἰς
3571 4675 3638 4728 τὸ
3668 4677 3808 4730 ἐαυ-

2202 4766 2296 4821 τοῦ
2327 4767 2488 4838 σῶμα
2515 4767 2615 4838 τῆς
2632 4767 2812 4838 ψυχῆς
2844 4765 3268 4838 παραδεξαμένῳ
3307 4765 3410 4836 ἤδη
3445 4765 3554 4835 (48)
3573 4765 3677 4819 καὶ
3715 4766 3811 4820 λέ-

2202 4877 2321 4926 γειν
2343 4862 2644 4932 ἀμήχανον.
2661 4858 3096 4930 Κατατμηθῆναι
3119 4857 3226 4929 γάρ
3248 4857 3353 4911 ὑπὸ
3368 4857 3460 4910 τοῦ
3475 4859 3808 4930 τομωτέρου

2205 4953 2387 5024 πάσης
2431 4953 2708 5024 μαχαίρας
2746 4953 2998 5023 διστόμου
3031 4950 3191 5019 λόγου
3236 4949 3438 5014 ζῶντος
3469 4947 3608 5002 Θεοῦ
3638 4990 3654 5013 ,
3707 4950 3812 5004 καὶ

2200 5045 2476 5116 ἐνεργοῦς,
2514 5046 2607 5099 καὶ
2643 5045 3083 5116 καυστικωτέρου
3105 5042 3304 5106 παντὸς
3329 5041 3520 5113 πυρὸς,
3550 5041 3812 5114 ἀνάγκη,

589 5166 634 5197 ⁸³
671 5165 874 5220 Geues.
909 5157 1167 5229 nimii.
1246 5157 1292 5189 “
1320 5157 1480 5215 toan,
1511 5175 1598 5220 ιν,
1632 5161 1683 5213 ς.
1760 5157 1807 5197 .a
1829 5157 2030 5229 Epp“.
2057 5173 2097 5212 μ

2198 5165 2234 5229 ῖς
2266 5163 2412 5219 Psal.
2437 5181 2606 5227 van,
2647 5163 2733 5218 19.
2809 5163 2855 5194 ³⁸
2879 5162 3049 5216 Marc.
3078 5178 3138 5228 tt,
3170 5161 3258 5216 16.
3309 5159 3379 5229 ,³⁷
3411 5157 3549 5229 hic;
3572 5172 3680 5229 νυν
3705 5157 3809 5229 58-

512 5235 563 5270 ⁸⁸
595 5234 834 5304 Philipp.
880 5245 940 5295 ll,
962 5232 1025 5304 β,
1157 5299 1195 5304 __
1222 5231 1264 5304 3_°
1298 5229 1423 5298 Sap.
1447 5247 1542 5304 vti,
1568 5230 1660 5284 96.

511 5306 565 5342 “
585 5299 760 5362 Prov:
779 5299 927 5367 ixvt,
955 5301 1008 5356 9.
1085 5300 1131 5331 “
1156 5299 1320 5355 llebr.
1357 5318 1429 5369 iv,
1458 5301 1545 5356 f2.

589 5445 706 5519 ($5)
744 5443 927 5519 Codex
977 5440 1305 5519 Barberinus
1357 5451 1506 5519 recte
1552 5439 1734 5519 habet,
1763 5433 2094 5519 ἡγουμένου,

514 5507 751 5575 refertur
801 5517 945 5569 enim
982 5514 1050 5568 ad
1092 5513 1403 5581 praecedens
1455 5509 1629 5580 ’1ησοῦ
1671 5507 1865 5578 μόνου·
1926 5507 2094 5560 editio

516 5588 722 5652 liuetii,
760 5600 1063 5654 perperam,
1098 5583 1416 5654 ἡγούμενον.

589 5643 721 5727 (ιθ)
744 5643 890 5721 Ἔωξ·
923 5651 993 5710 οὗ
1033 5643 1204 5722 ἆμῦᾖ.
1373 5665 1516 5708 recte
1554 5651 1715 5704 habet
1746 5647 1916 5702 codex
1953 5643 2094 5699 Bud-

515 5720 1331 5799 lciantis;intllegio’dcestob.
1411 5794 1423 5799 _
1545 5791 1579 5799 ﬁ
1642 5789 1672 5799 η
1714 5789 1724 5799 .

591 5797 702 5871 (Π)
744 5784 1126 5857 "praeerat.
1181 5794 1274 5851 Sic
1328 5794 1496 5850 codex
1545 5789 1906 5856 Bodleianus;
1978 5784 2087 5841 fle-

1762 5229 1807 5260 “
1829 5228 1870 5281 ll
1889 5225 2080 5294 Cor.v,
2106 5229 2192 5284 l9.

2291 5236 2336 5267 “
2367 5235 2510 5290 Psal.
2543 5251 2649 5291 cu.
2684 5237 2733 5288 1.
2839 5233 2885 5264 ⁸³
2915 5233 2934 5287 l
2969 5232 3097 5288 Cor.
3133 5247 3225 5298 xv,
3256 5228 3344 5284 26.
3441 5228 3488 5260 “
3517 5227 3655 5282 ibid.
3701 5227 3807 5285 28.

2207 5437 2352 5507 gius,
2381 5437 2636 5506 ῥιζῶσαι.
3564 5494 3576 5508 ⁸

2222 5577 2230 5578 ί
2278 5504 2390 5578 (48)
2436 5504 2579 5578 Ἠδη
2623 5502 2724 5558 καί
2753 5500 2955 5572 λέγειν
2985 5499 3323 5578 sip-tuerer.
3362 5497 3440 5552 fta
3468 5505 3814 5578 πωπω-οι)-

2204 5567 2306 5632 dei
2351 5567 2711 5639 Bodleianus,
2753 5567 2942 5642 Sicque
2992 5567 3427 5642 légit'interpres
3473 5567 3808 5642 Ferrarius.

2201 5647 2382 5702 Codex
2421 5645 2643 5715 Regius,
2691 5639 3014 5716 perperam,
3051 5639 3177 5715 ᾔδει
3226 5641 3320 5694 καὶ
3372 5639 3574 5709 λέγειν,
3623 5639 3810 5698 omitt-

2165 5743 2177 5750 -
2203 5720 2363 5775 tendo
2386 5717 2687 5787 ἀμήχανον.
