4194 6412
447 369 547 424 3m

1512 365 1865 420 COMMENT.
1909 364 1972 419 IN
2012 364 2202 421 JOAN.
2241 365 2477 421 TOMUS
2512 366 2602 421 Vl.

3594 366 3699 420 502

444 491 543 545 τὸν
592 489 685 543 ἐπὶ
734 487 987 542 τοσοῦτον
1041 491 1120 551 είς
1159 488 1317 558 βάθος
1359 489 1454 558 τῆς
1488 490 1679 542 ἑαυτοῦ
1714 490 1890 559 ψυχῆς
1934 489 2023 561 τὴν

2134 506 2297 559 supra
2328 505 2541 546 omnem
2590 488 2769 557 ignem
2803 486 3176 551 comburente,
3203 489 3447 557 quisquis
3477 503 3541 542 eo
3572 503 3705 558 pro-

448 582 650 637 κακίαν
682 583 1031 652 χωρήσαντα,
1068 582 1143 644 ὡς
1176 580 1426 649 γενέσθαι
1456 583 1619 634 αὐτὸν
1656 582 1758 651 γῆν
1804 581 2033 634 ἀκανθο-

450 674 639 746 φόρον.
674 675 784 727 Καὶ
815 674 997 745 δεήσει
1032 672 1127 725 ἐπὶ
1169 672 1266 743 τὴν
1295 673 1547 744 τοιαύτην
1572 673 1749 744 ψυχὴν
1776 672 2033 743 πεμφθῆ-

449 784 538 821 ναι
565 766 626 819 τὸ
653 766 903 835 εὑρίσκον
934 765 1032 827 τὰς
1062 764 1301 827 ἀκάνθας
1338 765 1448 837 πῦρ
1474 806 1489 826 ,
1531 768 1625 820 καὶ
1664 766 1824 837 μέχρι
1857 765 2033 818 αὐτῶν

452 859 784 928 στησόμενον
816 858 904 910 διὰ
929 859 1029 930 τὴν
1061 858 1252 911 ἑαυτοῦ
1307 857 1575 929 θειότητα,
1625 859 1719 911 καὶ
1751 858 1811 911 ού
1868 874 2035 928 προσ-

449 949 736 1021 εμπρῆσον
788 949 1061 1020 ἆλωναςῆ
1112 950 1349 1021 στάχυας
1392 949 1605 1001 πεδίων.
1658 948 1762 1001 Τοῦ
1793 949 2032 1018 αἴροντος

449 1018 655 1112 (Μηδὲ
684 1041 783 1113 τὴν
827 1018 1103 1113 ἁμαρτίαν
1155 1018 1285 1095 τοῦ⁸
1309 1041 1516 1112 κόσμου
1580 1040 1775 1111 ’Λμνοῦ
1808 1040 1894 1095 διὰ
1937 1042 2034 1112 τῆς

451 1133 591 1196 ἰδίας
649 1133 864 1203 σφαγῆς
907 1132 1214 1203 ἀρχομένου
1270 1133 1381 1185 ὁδοὶ
1412 1133 1736 1203 τυγχάνουσι
1770 1132 2057 1196 πλείονες,Δ

447 1218 525 1277 ὧν
574 1225 629 1277 αἱ
682 1224 782 1294 μὲν
837 1226 1029 1293 σαφεῖς
1054 1223 1195 1279 εἶναι
1229 1229 1341 1288 τοῖς
1392 1225 1604 1288 πολλοῖς
1651 1225 1941 1289 δύνανται,
1977 1227 2031 1277 αἱ

447 1314 505 1367 δὲ
538 1314 664 1377 τοὺς
685 1312 974 1377 τοσούτους
1007 1313 1368 1369 λανθάνουσαι
1393 1319 1505 1380 τοῖς
1526 1316 1628 1386 τῆς
1664 1316 1812 1380 θείας
1842 1317 2032 1383 σοφίας

447 1400 785 1472 ἀξιουμένοις
818 1442 832 1466 ,
873 1400 954 1467 οἷς
1003 1405 1183 1475 μόνοις
1224 1407 1332 1460 εἰσὶ
1378 1406 1665 1478 γνώριμοι.
1708 1408 1773 1460 Τί
1815 1409 1923 1479 γὰρ
1954 1409 2034 1461 δεῖ

447 1493 628 1561 λέγειν
661 1496 728 1549 δι’
758 1497 898 1549 ὅσων
925 1497 1061 1550 ὁδῶν
1086 1515 1171 1562 τις
1203 1499 1296 1552 ἐπὶ
1319 1500 1379 1552 τὸ
1410 1500 1686 1552 πιστεύειν
1727 1500 1944 1571 ἔρχεται
1974 1503 2032 1553 ἐν

446 1582 776 1655 ἀνθρώποις,
804 1586 885 1639 ἔτι
918 1588 977 1642 ὲν
1010 1589 1086 1658 τῷ
1113 1589 1338 1660 τοιούτῳ
1368 1591 1582 1662 σώματι
1618 1593 1790 1664 παρὸν
1818 1595 2033 1664 ἑκάστῳ

448 1677 570 1732 καθ’
604 1678 765 1732 αὑτὸν
798 1681 1145 1747 ὲπισκοπεῖν;
1177 1683 1315 1754 πλὴν
1349 1684 1436 1737 διὰ
1470 1685 1576 1738 τῶν
1606 1684 1737 1739 ὁδῶν
1784 1687 1898 1739 ἐστι
1938 1686 2029 1738 τοῦ

447 1769 725 1826 πιστεύειν
759 1772 854 1825 καὶ
886 1773 1135 1846 αἴρεσθαι
1171 1776 1268 1846 τὴν
1301 1778 1588 1846 ἁμαρτίαν,
1609 1776 1698 1830 διὰ
1730 1778 2026 1848 μαστίγων,

446 1863 539 1915 καὶ
568 1862 895 1933 πνευμάτων
926 1864 1214 1936 πονηρῶν,
1268 1866 1360 1919 καὶ
1408 1866 1578 1919 νόσων
1610 1867 2028 1936 χαλεπωτάτων,

447 1954 540 2006 καὶ
571 1953 851 2023 μαλακιῶν
899 1958 1337 2011 ὲπιπονωτάτων.
1373 1957 1468 2021 Τίς
1505 1954 1597 2011 οὖν
1633 1958 1744 2029 (50)
1778 1954 1884 2011 οἶδε
1934 1960 2025 2012 καὶ

443 2046 513 2099 τὰ
561 2045 698 2115 μετὰ
738 2045 951 2112 ταῦτα;
1020 2049 1339 2116 Ἀναγκαῖον
1395 2050 1452 2102 δὲ
1510 2046 1579 2119 ἦν
1613 2050 1754 2121 ὑπὲρ
1800 2048 1893 2102 τοῦ
1952 2050 2024 2120 μὴ

442 2137 794 2207 ἀναινεθῆναι
813 2139 902 2192 τὸν
928 2138 1186 2193 δοκοῦντα
1207 2144 1273 2211 τῇ
1300 2141 1544 2206 ἐξετάσει
1571 2141 1666 2194 τοῦ
1700 2142 1860 2211 λόγου
1886 2160 2028 2213 παρ-

444 2231 755 2285 ακολουθεῖν
795 2231 891 2286 τοῦ
932 2233 1181 2302 λέγοντος
1205 2253 1218 2264 ο
1266 2253 1284 2285 ‹
1331 2234 1438 2287 Ἴδε
1463 2236 1491 2286 ὁ
1526 2235 1720 2304 Ἀμνὸς
1750 2234 1840 2287 τοῦ
1865 2234 2025 2298 Θεοῦ,

442 2322 473 2375 ὁ
506 2323 676 2394 αἴρων
700 2323 801 2395 τὴν
824 2326 1098 2397 ἁμαρτίαν
1130 2324 1226 2378 τοῦ
1271 2327 1499 2397 κόσμου,
1531 2345 1550 2377 ι
1590 2326 1866 2379 ὲπιπλεῖον
1900 2327 2029 2397 περὶ

439 2413 647 2468 τούτων
680 2415 988 2479 διαλαϐεῖν,
1035 2418 1120 2480 ἵν’,
1169 2417 1369 2480 εἰδότες
1414 2418 1495 2470 ὅτι
1551 2416 1645 2470 καὶ
1696 2414 1853 2486 θυμῷ
1891 2415 2026 2468 Θεοῦ

442 2506 591 2561 ἔστιν
640 2509 960 2579 ἐλεγχθῆναι
982 2550 996 2571 .
1049 2511 1141 2563 καὶ
1170 2511 1306 2581 ὀργῇ
1342 2509 1477 2562 Θεοῦ
1512 2508 1904 2580 παιδευθῆναι,
1940 2508 2028 2561 διά

439 2597 503 2650 τὸ
554 2600 634 2663 εἰς
666 2599 973 2671 ὑπερϐολὴν
1013 2600 1391 2673 φιλάνθρωπον
1445 2601 1635 2654 οὐδένα
1676 2600 1850 2671 πάντη
1899 2598 2024 2653 ὰνέ-

440 2689 668 2758 λεγκτον
704 2692 801 2744 καὶ
844 2692 1165 2745 ἀπαίδευτον
1210 2692 1438 2755 ἐῶντος,
1490 2692 1668 2745 πάντα
1708 2693 2023 2763 ποιήσωμεν

441 2783 522 2844 είς
546 2781 607 2834 τὸ
632 2781 889 2853 δεηθῆναι
927 2781 1037 2853 (51)
1081 2781 1335 2835 τοιούτων
1368 2780 1606 2852 ἐλέγχων
1627 2820 1641 2844 ,
1680 2782 1774 2835 καὶ
1806 2780 1905 2850 τῆς
1938 2778 2027 2833 διὰ

439 2872 548 2924 τῶν
580 2874 1002 2927 ὲπιπονωτάτων
1028 2873 1294 2935 παιδείας.

2140 578 2423 635 funditatis
2450 594 2561 634 sua!
2610 580 2780 648 ipsius
2808 579 3005 632 animae
3024 580 3245 633 admisit
3280 579 3500 641 vitium,
3534 589 3596 632 ut
3628 579 3711 631 fa-

2138 682 2260 727 ctus
2310 672 2382 727 sit
2416 682 2564 726 terra
2596 672 2781 741 spinas
2824 672 3161 742 germinans.
3189 670 3258 725 Et
3301 672 3545 738 profecto
3571 686 3712 739 opus

2138 763 2242 816 erit
2273 764 2338 816 ad
2390 763 2700 833 hujusmodi
2741 765 2978 817 animam
3014 765 3192 834 ignem
3227 764 3368 817 mitti
3419 763 3707 817 invenien-

2138 866 2246 910 tem
2279 857 2484 925 spinas,
2514 872 2793 925 propeque
2825 871 2919 911 eas
2950 865 3211 915 stantem,
3239 872 3304 910 ac
3328 866 3707 925 penetrantem

2134 961 2232 1003 sua
2268 948 2439 1016 ipsius
2466 948 2783 1011 divinitate,
2817 963 2918 1002 nee
2953 951 3363 1003 combusturum
3417 962 3577 1001 areas
3625 946 3709 1000 vel

2138 1039 2319 1108 spicas
2349 1054 2687 1108 camporum.
2727 1040 2925 1093 Verum
2964 1042 3244 1094 enimvero
3274 1038 3419 1109 Agni
3463 1039 3710 1095 tollentis

2137 1142 2417 1200 peccatum
2464 1132 2672 1197 mundi,
2715 1132 2877 1202 idque
2915 1147 3010 1202 per
3036 1133 3309 1202 propriam
3339 1134 3541 1188 caedem
3570 1133 3709 1186 inci-

2137 1220 2355 1288 pientis,
2381 1223 2688 1291 complures
2715 1235 2842 1277 sunt
2871 1224 2972 1278 vim
2998 1240 3013 1286 ;
3051 1240 3282 1293 quarum
3330 1225 3451 1280 alia:
3481 1226 3701 1296 quidem

2137 1312 2435 1367 manifestae
2482 1326 2712 1382 possunt
2740 1330 2862 1372 esse
2910 1317 3113 1387 vulgo',
3160 1318 3280 1372 alia:
3305 1333 3435 1373 vero
3461 1355 3477 1382 ,
3509 1319 3705 1388 vulgus

2134 1403 2363 1459 latentes
2388 1444 2403 1467 ,
2442 1406 2528 1460 his
2560 1408 2651 1475 qui
2684 1408 2865 1462 divina
2899 1410 3168 1477 sapientia
3206 1410 3354 1480 digni
3388 1409 3558 1465 habiti
3591 1409 3712 1464 fue-

2138 1498 2267 1558 rint,
2300 1497 2497 1565 quibus
2530 1500 2661 1553 solis
2689 1511 2817 1554 sunt
2861 1512 3021 1556 notae.
3058 1501 3195 1567 Quid
3241 1502 3385 1556 enim
3434 1517 3572 1573 opus
3627 1512 3713 1555 est

2136 1603 2419 1643 recensere
2450 1601 2585 1659 quot
2620 1591 2722 1646 viis
2748 1593 2816 1646 ad
2843 1595 3176 1649 credendum
3200 1596 3385 1651 veniat
3415 1597 3536 1665 quis
3572 1595 3714 1648 inter

2134 1679 2403 1745 homines,
2451 1696 2574 1735 cum
2604 1682 2774 1736 liceat
2802 1685 3118 1753 unicuique,
3149 1688 3275 1740 dum
3308 1688 3484 1741 adhuc
3517 1690 3567 1739 iu
3605 1685 3713 1740 hoc

2133 1783 2215 1828 est
2244 1771 2494 1843 corpore,
2539 1790 2604 1828 ex
2657 1792 2716 1831 se
2766 1778 2820 1832 id
2867 1779 3269 1835 considerare?
3320 1778 3710 1834 Verumtamen

2066 1862 2105 1918 Β
2136 1880 2231 1934 per
2263 1867 2383 1920 vias
2414 1868 2667 1922 credendi
2718 1869 2842 1923 licet
2893 1881 3178 1938 peccatum
3226 1886 3448 1941 quoque
3482 1871 3669 1927 tollere
3694 1910 3711 1935 ,

2134 1971 2231 2028 per
2258 1956 2491 2026 ﬂagella,
2546 1974 2641 2029 per
2692 1961 2922 2028 spiritus
2954 1962 3144 2030 malos,
3177 1978 3276 2031 per
3319 1963 3540 2018 morbos
3568 1961 3709 2017 dilﬁ-

2134 2043 2384 2110 cillimos,
2413 2058 2510 2115 per
2536 2045 2882 2103 infirmitates
2908 2050 3385 2107 laboriosissimas.
3411 2052 3545 2119 Quis
3573 2069 3705 2122 ergo

2135 2138 2284 2192 novit
2306 2153 2427 2207 qme
2454 2149 2586 2194 sunt
2609 2142 2776 2195 etiam
2806 2152 2927 2211 post
2957 2143 3115 2198 haec?
3149 2143 3419 2198 Cmterum
3454 2159 3708 2198 necessa-

2135 2230 2271 2282 rium
2300 2231 2417 2296 fuit,
2453 2245 2521 2283 ne
2550 2246 2932 2301 respueremus
2971 2249 3092 2287 eum
3128 2237 3218 2304 qui
3247 2236 3463 2302 assequi
3495 2236 3710 2289 videtur

2133 2335 2314 2374 veram
2348 2323 2758 2391 intelligentiam
2797 2327 3067 2381 sermonis
3102 2326 3250 2382 illius
3302 2329 3395 2396 qui
3444 2327 3579 2382 dicit
3610 2328 3654 2358 “
3692 2344 3706 2379 :

2137 2431 2155 2462 ι
2187 2411 2327 2469 Ecce
2353 2417 2541 2483 Agnus
2570 2417 2658 2470 ille
2690 2417 2807 2483 Dei,
2844 2419 2934 2487 qui
2964 2419 3097 2473 tollit
3129 2431 3409 2487 peccatum
3441 2419 3649 2482 mundi,
3683 2437 3703 2469 ι

2130 2507 2337 2563 diutius
2389 2511 2455 2563 de
2507 2510 2659 2565 hisce
2695 2512 2857 2565 rebus
2887 2513 3158 2567 disserere
3188 2553 3202 2578 ,
3245 2524 3304 2566 ut
3336 2512 3573 2566 scientes
3607 2526 3707 2565 nos

2131 2608 2187 2653 et
2215 2597 2399 2655 lurore
2428 2602 2517 2655 Dei
2546 2601 2838 2671 aliquando
2867 2604 3139 2675 redargui,
3159 2615 3215 2659 et
3243 2607 3322 2659 ira
3353 2605 3444 2658 Dei
3478 2604 3708 2673 corripi,

2133 2690 2404 2745 nemiuem
2430 2694 2500 2746 oh
2538 2708 2779 2749 amorem
2812 2710 2937 2765 erga
2969 2711 3139 2766 genus
3172 2697 3492 2761 humanum,
3521 2694 3605 2749 vel
3640 2695 3709 2749 ad

2133 2782 2459 2853 hyperbolen
2493 2798 2685 2854 usque,
2715 2788 2946 2841 sinentis
2996 2789 3217 2842 omnino
3273 2787 3701 2857 irredargutum,

2135 2883 2296 2943 atque
2331 2891 2434 2929 nou
2470 2889 2780 2947 correptum
2811 2919 2825 2941 ,
2878 2880 3064 2933 omnia
3096 2878 3362 2934 faciamus
3413 2891 3467 2934 nt
3506 2879 3709 2933 talibus

441 2967 924 3037 redargutiouibus
951 2977 1114 3036 atque
1149 2970 1493 3036 correptione
1523 2982 1586 3022 ea
1632 2983 1751 3037 qua:
1784 2968 1885 3021 sita
1925 2976 2012 3021 est
2047 2968 2100 3021 in
2129 2971 2292 3027 rebus
2345 2975 2663 3042 asperrimis
2708 2986 2873 3044 atque
2928 2976 3347 3043 molestissiinis,
3389 2991 3494 3031 non
3544 2991 3706 3048 egea-

441 3074 585 3112 lllllS.

510 3152 599 3206 53.
642 3153 1028 3207 Ἐπισκεπτέον
1062 3154 1117 3207 δὲ
1153 3153 1230 3224 τῷ
1275 3154 1656 3226 ἐντυγχάνοντι
1706 3154 1777 3207 τά
1825 3155 1883 3207 ὲν
1915 3155 2023 3216 τοῖς

2204 3154 2367 3225 158
2401 3154 2491 3210 58.
2525 3153 2849 3210 Consideret
2884 3155 3106 3226 insuper
3135 3155 3306 3210 lector
3334 3163 3549 3224 oportet
3570 3170 3705 3226 quae

437 3246 727 3317 προτέροις
762 3250 896 3318 ἡμῖν
940 3248 1225 3319 είρημένα,
1263 3248 1401 3318 μετὰ
1441 3248 1794 3318 παραθέσεως
1845 3247 2025 3301 πλειό-

434 3354 543 3389 νων
590 3338 1069 3409 παραδειγμάτων.
1124 3341 1249 3411 περὶ
1289 3338 1384 3392 τοῦ
1426 3341 1478 3392 τί
1517 3341 1841 3411 σημαίνεται
1883 3339 2025 3392 κατὰ

433 3432 537 3500 τὴν
577 3430 798 3502 Γραφὴν
858 3432 923 3483 ἐκ
984 3432 1086 3501 τῆς
1140 3434 1368 3500 κόσμος
1402 3434 1618 3502 φωνῆς·
1663 3432 1725 3484 ού
1768 3431 1877 3503 γὰρ
1936 3431 2025 3484 εύ-

434 3522 594 3590 λογον
625 3524 921 3595 ἡγησάμην
959 3523 1321 3593 παλιλλογεῖν.
1352 3525 1464 3578 Οὐκ
1490 3523 1793 3595 ἀγνοοῦμεν
1818 3523 1874 3575 δέ
1902 3539 2024 3575 τινα

433 3618 637 3688 κόσμον
670 3618 1014 3689 ὲξειληφέναι
1062 3618 1156 3691 τὴν
1204 3617 1528 3688 Ἐκκλησίαν
1575 3618 1764 3688 μόνην,
1819 3616 2022 3685 κόσμον

433 3705 601 3763 οὖσαν
636 3710 729 3762 τοῦ
770 3711 1011 3781 κόσμου·
1063 3712 1185 3763 ἐπεὶ
1232 3712 1325 3765 καί
1363 3710 1476 3780 φῶς
1521 3709 1738 3778 λέγεται
1780 3708 1872 3760 τοῦ
1931 3708 2022 3760 κό-

435 3819 602 3872 σμου·
653 3822 670 3853 ι
706 3803 893 3872 Ὑμεῖς
936 3801 1044 3874 γὰρ
1086 3805 1241 3870 ἐστὲ,
1287 3803 1454 3873 φησὶ,
1528 3801 1590 3854 τὸ
1641 3802 1755 3869 φῶς
1785 3800 1880 3853 τοῦ
1928 3800 2019 3853 κό-

436 3913 595 3964 σμου.
630 3915 647 3945 ι
683 3896 901 3966 Κόσμος
925 3895 981 3948 δὲ
1016 3896 1108 3949 τοῦ
1157 3896 1363 3966 κόσμου
1392 3899 1423 3966 ἡ
1457 3892 1783 3965 ”Εκκλησία,
1814 3892 2018 3961 κόσμου

434 3988 604 4058 αὐτῆς
647 3987 934 4058 γινομένου
987 3986 1226 4059 Χριστοῦ
1257 4028 1271 4051 ,
1312 3986 1405 4039 τοῦ
1440 3985 1656 4056 πρώτου
1693 3984 1870 4052 φωτὸς
1924 3982 2017 4035 τοῦ

435 4082 662 4151 κόσμου.
702 4080 1081 4149 Κατανοητέον
1104 4078 1168 4149 δὴ
1190 4082 1237 4132 εἰ
1263 4079 1337 4150 μὴ
1362 4077 1457 4131 τοῦ
1484 4075 1647 4130 αὐτοῦ
1672 4075 1879 4143 κόσμου
1905 4072 2019 4140 φῶς

432 4168 571 4225 εἷναι
606 4172 824 4240 λέγεται
856 4174 884 4224 ὁ
910 4170 1165 4242 Χριστὸς,
1202 4171 1298 4222 καὶ
1326 4171 1375 4222 οἱ
1406 4166 1646 4238 μαθηταὶ
1673 4165 1837 4219 αὐτοῦ
1859 4181 1871 4192 °
1904 4163 2015 4216 ἀλλ’

433 4264 522 4315 ὅτε
574 4265 671 4334 μὲν
717 4261 950 4333 Χριστὸς
1000 4259 1114 4329 φῶς
1159 4260 1254 4312 τοῦ
1300 4260 1505 4327 κόσμου
1549 4258 1699 4319 ἐστὶ,
1747 4256 1886 4325 τάχα
1920 4256 2018 4323 τῆς

445 4356 771 4427 Ἐκκλησίας
811 4356 929 4407 ἐστὶ
970 4354 1104 4422 φῶς⁸
1149 4353 1238 4406 ὅτε
1269 4352 1325 4405 δὲ
1352 4355 1397 4405 οἱ
1432 4350 1670 4421 μαθηταὶ
1697 4348 1862 4401 αὐτοῦ
1902 4348 2016 4416 σῶς

430 4448 525 4503 τοῦ
551 4450 779 4519 κόσμου,
813 4449 1021 4520 μήποτε
1057 4445 1167 4499 τῶν
1198 4444 1699 4517 παρακαλουμένων
1721 4442 1826 4494 εἰσὶ
1857 4441 1971 4509 φῶς
1998 4479 2012 4501 ,

2127 3263 2294 3317 supra
2333 3257 2460 3301 sunt
2487 3264 2515 3301 a
2554 3248 2708 3302 nobis
2744 3248 2915 3309 dicta,
2943 3263 3066 3301 cum
3098 3249 3437 3318 appositione
3467 3249 3705 3317 complu-

2125 3337 2267 3392 rium
2300 3337 2678 3406 exeinplorum
2710 3337 2776 3391 de
2801 3352 2866 3392 eo
2899 3340 3041 3407 quod
3072 3348 3176 3403 est,
3211 3340 3339 3408 quid
3368 3340 3705 3410 significetur

2121 3428 2277 3498 juxta
2310 3427 2649 3497 Scripturam
2684 3444 2780 3497 per
2806 3444 2991 3483 vocem
3024 3432 3252 3483 mundus
3298 3430 3375 3495 ‘7;
3412 3446 3512 3486 nec
3553 3431 3699 3486 enim

2125 3532 2551 3576 consentaneum
2605 3537 2726 3576 esse
2766 3523 2950 3590 putavi
2991 3533 3254 3590 repetere.
3307 3521 3424 3576 Non
3484 3523 3701 3593 ignora-

2125 3630 2244 3669 mus
2275 3624 2457 3668 autem
2496 3614 2787 3682 quemdam
2824 3615 3145 3682 exposuisse
3181 3630 3278 3683 per
3309 3618 3565 3667 mundum
3597 3613 3699 3668 Ec-

2124 3705 2347 3761 clesiam
2380 3705 2551 3762 solam
2574 3743 2590 3769 ,
2637 3704 2899 3759 mundum
2928 3716 2987 3759 et
3011 3717 3397 3759 ornamentum
3428 3706 3701 3760 exsisten-

2125 3807 2231 3851 tem
2263 3795 2491 3861 mundi;
2530 3795 2975 3865 quandoquidem
3010 3796 3097 3848 lux
3134 3795 3299 3849 etiam
3353 3796 3536 3850 mundi
3567 3796 3702 3849 dicio-

2124 3901 2255 3942 tur:
2292 3906 2312 3940 ‹
2355 3889 2465 3944 Vos
2513 3889 2661 3943 enim
2698 3889 2870 3950 estis,
2930 3867 3106 3957 inquit
3153 3887 3220 3951 ¹⁸⁸,
3263 3887 3353 3941 lux
3409 3887 3617 3941 mundi.
3673 3904 3693 3938 ι

2121 3979 2350 4034 Mundus
2379 3988 2564 4034 autem
2589 3993 2646 4034 et
2676 3990 3061 4033 ornamentum
3094 3979 3279 4032 mundi
3315 3986 3398 4032 est
3434 3977 3697 4044 Ecclesia,

2121 4070 2337 4125 Christo
2383 4069 2685 4125 exsisteute
2717 4070 2919 4124 mundo
2953 4078 3008 4123 et
3041 4079 3361 4121 ornamento
3415 4066 3698 4129 Ecclesiae,

2121 4163 2320 4232 quippe
2344 4162 2435 4231 qui
2471 4162 2543 4215 sit
2575 4163 2746 4229 prima
2772 4160 2862 4214 lux
2896 4161 3080 4214 mundi
3113 4160 3178 4211 ³³.
3229 4159 3696 4214 Considerandum

2120 4265 2302 4309 autem
2351 4261 2434 4308 est
2470 4269 2599 4306 num
2649 4251 2892 4320 ejusdem
2948 4253 3131 4305 mundi
3197 4253 3288 4304 lux
3332 4267 3453 4305 esse
3482 4251 3703 4306 dicatur

2118 4346 2376 4401 Christus
2403 4353 2457 4399 et
2483 4345 2733 4413 discipuli
2762 4344 2900 4413 ejus.
2934 4343 3171 4399 Proinde
3199 4346 3342 4407 vide,
3369 4358 3460 4407 ne,
3482 4345 3700 4412 quando

2118 4439 2369 4495 Christus
2401 4439 2490 4493 lux
2519 4449 2607 4495 est
2636 4440 2846 4502 mundi,
2878 4437 3134 4492 fortassis
3166 4436 3254 4490 lux
3289 4441 3359 4490 sit
3400 4436 3698 4504 Ecclesite;

430 4545 635 4615 ἑτέρων
686 4544 855 4596 ὄντων
916 4541 1067 4613 παρὰ
1113 4538 1208 4610 τὴν
1270 4536 1640 4615 Ἐκκλησίαν,
1697 4535 1886 4602 ὥσπερ
1939 4531 2013 4600 τῷ

2123 4533 2338 4602 quando
2368 4548 2497 4588 vero
2546 4532 2796 4604 discipuli
2831 4533 2948 4603 ejus
2976 4532 3068 4585 lux
3115 4541 3244 4584 sunt
3274 4530 3484 4596 mundi,
3537 4530 3699 4583 invo-

433 4636 629 4706 Παύλῳ
678 4635 807 4705 περὶ
854 4633 1056 4686 τούτων
1112 4632 1325 4702 εἴρηται
1372 4632 1443 4681 ἐν’
1483 4627 1560 4698 τῷ
1602 4625 1870 4697 προοιμίῳ
1912 4624 2012 4691 τῆς

431 4728 701 4799 προτέρας
734 4727 870 4799 πρὸς
902 4729 1026 4790 τοὺς
1045 4723 1366 4798 Κορινθίους
1411 4718 1728 4787 Ἐπιστολῆς
1750 4716 2013 4787 γράφοντι

435 4842 454 4873 ‹
486 4826 550 4893 τῇ
585 4819 881 4891 Ἐκκλησία
918 4819 1011 4872 τοῦ
1045 4818 1179 4871 Θεοῦ
1201 4858 1215 4879 ,
1252 4819 1348 4870 σὺν
1390 4816 1525 4867 πᾶσι
1580 4815 1691 4876 τοῖς
1733 4810 2014 4864 ἐπικαλου-

434 4915 618 4985 μένοις
647 4915 706 4966 τὸ
737 4914 908 4984 ὄνομα
934 4911 1028 4964 τοῦ
1061 4910 1269 4980 Κυρίου
1310 4906 1482 4977 Ἰησοῦ
1522 4904 1779 4977 Χριστοῦ.
1823 4923 1839 4954 ι
1887 4902 2011 4954 Ἐάν

428 5025 513 5071 τις
568 5008 766 5078 ὑπονοῇ
801 5006 894 5060 τοῦ
932 5005 1137 5075 κόσμου
1194 5000 1307 5070 φῶς
1349 4998 1601 5067 λέγεσθαι
1643 4997 1743 5067 τὴν
1786 4993 2014 5064 Ἐκκλη-

429 5101 573 5165 σίαν,
608 5101 770 5155 οἱονεὶ
804 5099 898 5153 τοῦ
933 5096 1122 5152 λοιποῦ
1157 5097 1348 5165 γένους
1387 5094 1492 5147 τῶν
1532 5090 1832 5163 ἀνθρώπων
1857 5130 1870 5151 ,
1916 5087 2011 5141 καὶ

425 5190 537 5247 τῶν
560 5192 829 5254 ἀπίστων,
855 5191 903 5244 εί
939 5192 1036 5261 μὲν
1081 5184 1435 5261 προφητικῶς
1477 5184 1636 5238 τοῦτο
1655 5183 1743 5236 διὰ
1768 5182 1857 5235 τὸν
1882 5180 2011 5249 περὶ

426 5285 613 5347 τέλους
637 5284 793 5351 λόγον
823 5282 1117 5355 ὲκλὴψεται
1137 5320 1152 5344 ,
1187 5279 1327 5349 τάχα
1361 5278 1474 5348 ἔχει
1520 5275 1704 5346 χώραν
1743 5275 1805 5326 τὸ
1849 5271 2005 5339 λεγό-

431 5395 617 5449 μενοψ
669 5379 717 5430 εἰ
750 5376 807 5430 δὲ
841 5377 916 5439 ὡς
950 5376 1049 5447 ἤδη
1107 5373 1391 5444 γινόμενον
1434 5370 1580 5441 (ἐπεὶ
1609 5369 1671 5421 τὸ
1703 5367 1818 5437 φῶς
1864 5382 2007 5428 τινος

427 5469 651 5539 φωτίζει
700 5473 877 5523 ἐκεῖνο
904 5464 966 5523 οὗ
996 5470 1112 5520 ἐστι
1157 5465 1347 5537 φῶς),
1388 5462 1751 5518 δεικνύτωσαν
1783 5461 1902 5526 πῶς
1945 5461 2008 5513 τὸ

497 5610 544 5643 ⁴⁸
574 5608 734 5670 Joan.
759 5625 800 5678 ι,
822 5611 913 5667 ‘29.
988 5611 1034 5644 "
1066 5610 1223 5667 Joan.
1257 5625 1294 5675 ι,
1327 5608 1410 5665 l0.
1477 5608 1534 5639 *‘l
1577 5607 1770 5661 Matth.
1802 5620 1857 5669 ν,
1900 5603 1983 5657 14.

500 5732 610 5801 (49)
654 5733 770 5787 Τοῦ
799 5733 1097 5802 αἴροντος,
1139 5742 1242 5786 etc.
1284 5732 1374 5785 Sic
1430 5729 1592 5783 habet
1628 5728 1797 5782 codex
1855 5725 1998 5781 Bod-

430 5797 1333 5880 leianhus;_itt_|{ejg_iodeest105;”
1411 5865 1435 5880 τ
1552 5867 1588 5880 n
1669 5866 1682 5879 θ
1795 5865 1859 5880 W
1908 5860 1938 5880 φ

502 5872 612 5944 (50)
651 5865 835 5932 Codex
861 5865 1220 5932 "Bodleianus
1270 5870 1364 5934 Τίς
1408 5865 1500 5943 ἦν,
1552 5866 1755 5940 Regius
1795 5865 1859 5921 Τί
1908 5865 1997 5939 ἦν,

2061 5601 2106 5634 ⁸³
2137 5596 2527 5665 Joan.vtu,12.

2118 4626 2360 4679 cautium
2392 4626 2504 4679 sint
2536 4624 2622 4679 lux
2656 4668 2670 4691 ,
2726 4625 2818 4694 qui
2873 4624 3074 4678 diversi
3125 4632 3256 4677 sunt
3284 4613 3379 4676 'ab
3410 4621 3649 4676 Ecclesia
3680 4661 3697 4686 ,

2119 4720 2580 4788 quemadmodum
2633 4734 2660 4771 a
2716 4716 2886 4771 Paulo
2940 4717 3145 4770 dictum
3194 4726 3278 4770 est
3327 4717 3379 4769 in
3430 4716 3699 4785 prommio

2120 4812 2319 4881 prioris
2362 4809 2617 4878 Epistolac
2658 4810 2726 4862 ad
2771 4808 3080 4863 Corinthios
3118 4808 3395 4862 scribente
3434 4824 3454 4858 ι
3497 4807 3565 4861 ad
3594 4806 3698 4861 Ec-

2121 4902 2342 4957 clesiam
2397 4900 2516 4969 Dei,
2572 4916 2696 4957 cum
2752 4901 3006 4954 omnibus
3058 4900 3151 4969 qui
3208 4899 3467 4965 invocant
3499 4912 3697 4952 nomen

2120 4994 2337 5049 Domini
2370 4994 2545 5048 nostri
2579 4993 2709 5047 .Iesu
2753 4993 2955 5047 Christi
2980 4993 3048 5045 ⁸ο.
3086 5011 3104 5042 ι
3138 4993 3193 5045 Si
3222 4992 3347 5059 quis
3387 4990 3698 5058 suspicetur

2116 5084 2416 5140 Ecclesiam
2457 5085 2769 5140 dicilucem
2802 5083 3013 5147 mundi,
3052 5082 3156 5137 hoc
3184 5089 3269 5135 est
3309 5077 3504 5147 reliqui
3532 5094 3698 5148 gene-

2115 5181 2190 5231 ris
2211 5175 2489 5230 hominum
2516 5184 2571 5229 et
2600 5171 2922 5236 infidelium,
2956 5173 3219 5241 siquidem
3253 5168 3570 5239 prophetice
3591 5168 3696 5223 hoc

2114 5266 2567 5337 interpretabitur
2614 5274 2837 5333 pr0pter
2890 5274 3199 5316 sermonem
3246 5262 3315 5314 de
3341 5274 3692 5313 consumma-

2114 5355 2282 5422 tione,
2319 5353 2554 5409 fortasse
2584 5354 2764 5407 locum
2795 5350 3113 5406 habetillud
3145 5349 3293 5419 quod
3328 5346 3569 5413 dicitur;
3604 5348 3689 5402 sin

2116 5462 2248 5502 vero
2274 5455 2532 5517 tauquam
2552 5444 2671 5512 jam
2698 5443 2901 5498 factum
2933 5442 2986 5497 id
3016 5438 3389 5496 considerabit
3411 5438 3692 5508 (quoniam

2605 5595 2649 5627 ⁸⁸
2681 5593 2848 5650 lCor.
2877 5608 2917 5658 ι,
2947 5591 3003 5646 2.

2114 5724 2298 5863 mli?)
2340 5793 2443 5863 Εἰς
2478 5788 2542 5863 τῷ
2575 5780 2879 5855 δεηθῆναι.
2922 5780 3207 5839 Ferrarius
3240 5780 3456 5839 videtur
3498 5776 3699 5844 legisse

2114 5861 2204 5928 εἰς
2222 5863 2284 5916 τὸ
2320 5861 2395 5933 μὴ
2422 5861 2698 5933 δεηθῆναι.
