4194 6402
515 356 624 414 503

1979 351 2299 408 ORIGENIS

3675 365 3779 420 3M

516 469 606 525 lux
643 468 877 538 alicujus
912 467 1148 522 illustrat
1197 467 1329 522 illud
1358 509 1373 533 ,
1408 468 1564 536 (Iljtls
1592 477 1673 522 est
1718 466 1856 538 lux).
1906 476 2083 521 osten-

2197 467 2380 521 λοιπὸν
2421 468 2576 536 γένος
2615 469 2908 540 φωτίζεται
2937 471 3041 525 ύπδ
3071 472 3167 544 τῆς
3193 477 3683 548 παρεπιδημούσης
3707 479 3784 550 τῷ

515 566 649 619 daut
691 563 964 633 quomodo
997 561 1260 631 reliquum
1312 577 1483 632 genus
1517 561 1826 616 illustratur
1874 561 1943 615 ah
1993 562 2094 614 Ec-

515 657 683 711 clesia
735 655 1118 727 peregrinante
1144 655 1195 709 in
1231 656 1453 710 nmudo.
1484 654 1637 721 Quod
1671 656 1714 709 si
1750 655 1853 708 hoc
1908 665 2096 711 osten-

515 750 647 804 dere
688 756 990 818 nequeunt,
1028 747 1313 802 advertant
1345 764 1472 802 num
1503 758 1646 802 ret-te
1677 749 2093 816 exposuerimns

515 841 691 897 lucem
719 855 842 896 esse
874 838 1200 904 Ecclesiam,
1235 850 1289 892 et
1322 841 1582 892 mtmdnm
1615 842 1959 894 invocantes.
1987 840 2092 894 Sed

517 932 705 988 vocula
731 949 855 1002 qua:
880 933 1152 1001 sequitur,
1175 930 1353 1000 posita
1385 929 1439 982 in
1465 930 1758 1000 Evangelio
1782 945 1811 982 a
1844 929 2094 984 Mztllltaeu

515 1025 718 1080 tradito
759 1024 1030 1093 exprimet
1080 1023 1483 1078 enarrationem
1516 1023 1565 1076 ei
1613 1023 1706 1092 qni
1739 1021 2094 1092 diligentissi-

518 1123 929 1194 me.scrutatur
982 1113 1339 1184 Scripturas:
1377 1133 1394 1165 ι
1431 1111 1540 1168 Vos
1588 1115 1734 1169 enim
1760 1151 1778 1179 ,
1814 1113 1988 1182 inquit
2021 1115 2089 1175 “.

519 1208 651 1264 estis
676 1207 758 1262 sal
792 1216 995 1270 terrae;
1052 1225 1072 1258 ι
1127 1206 1358 1260 fortasse
1401 1220 1498 1275 per
1527 1215 1732 1261 terram
1785 1207 2094 1276 intelligens

517 1299 760 1368 reliquos
780 1298 1053 1362 homines.
1072 1311 1305 1367 quorum
1339 1297 1418 1351 sal
1443 1305 1572 1352 sunt
1596 1297 1685 1366 qui
1713 1298 2087 1356 crediderunt.

519 1399 772 1446 auctores
801 1391 1132 1446 exsistentes
1159 1400 1216 1445 ut
1260 1390 1498 1444 mundus
1527 1395 1780 1444 servetur
1806 1398 2090 1457 propterea

518 1483 658 1552 quod
682 1483 910 1539 credant
937 1500 952 1548 ;
994 1493 1120 1538 tunc
1148 1484 1292 1538 enim
1325 1484 1726 1538 consummatio
1752 1482 1880 1545 erit,
1924 1481 1972 1537 si
2005 1480 2088 1536 sal

517 1576 819 1630 inl’atuatus
849 1573 1040 1640 fuerit,
1068 1585 1123 1630 et
1154 1591 1262 1630 non
1294 1575 1365 1630 sit
1390 1573 1622 1644 amplius
1653 1577 1746 1646 qui
1777 1576 1937 1631 saliat
1964 1591 2093 1632 coa-

519 1676 808 1738 scrvetque
840 1675 1040 1721 terram
1075 1683 1090 1719 :
1121 1665 1377 1735 quoniam
1405 1664 1598 1734 liquet,
1629 1668 1677 1720 si
1716 1665 1940 1733 impleta
1973 1667 2092 1721 fue-

2198 561 2388 632 κόσμῳ
2416 562 2762 634 Ἐκκλησίας.
2807 564 2870 617 Εἰ
2904 563 2961 618 δὲ
2991 564 3148 618 τοῦτο
3177 565 3452 620 δεικνύναι
3493 569 3556 622 ού
3601 569 3785 626 δύναν-

2195 669 2306 716 ται,
2336 654 2789 725 ὲπιστησάτωσαν
2820 657 3028 727 μήποτε
3056 657 3224 726 ὑγιῶς
3264 659 3632 732 ὲξειλήφαμεν
3669 662 3790 733 φῶς

2200 746 2298 815 μὲν
2348 742 2483 799 εἶναι
2516 746 2615 817 τὴν
2663 747 3019 820 Ἐκκλησίαν,
3073 749 3276 818 κόσμον
3315 749 3372 803 δὲ
3428 753 3556 816 τοὺς
3589 755 3787 806 ἐπικαο

2195 835 2509 906 λουμένους.
2557 839 2620 891 Ἡ
2672 838 2729 892 δὲ
2763 839 2890 910 ἑξῆς
2946 838 3099 912 φωνὴ
3143 841 3369 912 κειμένη
3414 842 3472 894 ὲν
3503 842 3585 914 τῷ
3642 843 3790 898 κατὰ

2195 926 2476 981 Ματθαϊον
2515 928 2592 999 τῷ
2640 929 3038 1000 ἐπιμελέστατα
3085 932 3378 1003 ὲρευνῶντι
3418 933 3518 998 τὰς
3557 935 3598 986 Γ
3603 936 3787 1006 ραφὰς

2199 1019 2543 1089 παραστήσει
2598 1020 2697 1090 τὴν
2752 1019 3035 1093 διήγησιν·
3089 1041 3108 1073 ι
3153 1023 3347 1095 Ὑμεῖς
3385 1024 3517 1096 γὰρ,
3571 1026 3787 1096 φησὶν,

2197 1111 2320 1162 ἐστὲ
2371 1109 2432 1162 τὸ
2471 1111 2606 1174 ἅλας
2638 1113 2737 1183 τῆς
2777 1113 2913 1184 γῆςσ
2950 1133 2968 1166 ι
3023 1113 3163 1184 τάχα
3217 1114 3316 1185 τῆς
3358 1115 3463 1186 γῆς
3504 1116 3621 1170 τῶν
3675 1116 3790 1170 λοι-

2195 1203 2314 1257 πῶν
2378 1204 2684 1276 ἀνθρώπων
2739 1207 3065 1277 νοουμένων,
3115 1201 3190 1261 ὧν
3235 1207 3370 1271 ἃλας
3407 1211 3546 1262 εἰσιν
3586 1212 3638 1263 οἱ
3691 1228 3792 1264 πε-

2195 1296 2565 1361 πιστευκότες,
2597 1298 2758 1352 αἴτιοι
2787 1299 2881 1352 τοῦ
2911 1298 3194 1370 τηρεῖσθαι
3224 1299 3315 1352 τὸν
3348 1299 3555 1370 κόσμον
3579 1300 3673 1354 διὰ
3696 1301 3790 1354 τοῦ

2195 1387 2472 1440 πιστεύειν
2498 1389 2885 1458 τυγχάνοντεςο
2920 1389 3041 1442 τότε
3068 1388 3178 1461 γὰρ
3205 1391 3239 1460 ἡ
3284 1389 3565 1444 συντέλεια
3595 1391 3752 1445 ἔσται
3771 1431 3787 1457 ,

2194 1480 2290 1533 ἐὰν
2322 1478 2382 1532 τὸ
2409 1480 2547 1545 ἀλας
2575 1481 2857 1553 μωρανθῇ,
2895 1482 2988 1535 καὶ
3025 1483 3221 1553 μηκέτι
3331 1484 3394 1536 τὸ
3439 1483 3656 1549 ἀλίζον,
3694 1486 3794 1538 καὶ

2195 1573 2499 1645 συντηροῦν
2554 1575 2653 1646 τήν
2699 1576 2832 1647 γῆν·
2885 1578 3008 1630 ἐπεὶ
3058 1576 3258 1645 σαφὲς,
3308 1578 3426 1641 ὅτι,
3491 1577 3592 1632 ὲάν
3657 1578 3798 1650 πλη-

2194 1665 2360 1738 θυνθῇ
2407 1669 2439 1738 ή
2478 1667 2710 1738 ἀνομία,
2750 1668 2847 1721 καὶ
2889 1667 3040 1740 ψυχῇ
3080 1671 3114 1740 ή
3143 1668 3332 1739 ἀγάπη
3382 1670 3477 1723 ὲπὶ
3524 1669 3630 1740 τῆς
3684 1671 3796 1742 γῆς

519 1759 590 1812 rit
617 1756 902 1826 iniquitas,
923 1764 979 1810 et
1005 1753 1319 1824 refriguerit
1351 1755 1596 1810 charitas
1632 1771 1800 1826 super
1825 1765 2025 1811 terram
2043 1758 2091 1791 “

2197 1758 2307 1829 (ῶς
2329 1760 2422 1813 κα)⁵
2459 1760 2621 1814 αὐτὸν
2667 1761 2761 1815 τὸν
2805 1761 3038 1833 Σωτῆρα
3069 1761 3423 1832 διστακτικὴν
3453 1761 3800 1832 προενέγκα-

518 1845 536 1916 (
565 1854 620 1899 ut
645 1846 812 1899 etiam
845 1843 1114 1900 Servator
1145 1843 1262 1912 ipse
1293 1845 1513 1899 dubiam
1553 1843 1768 1912 profert
1801 1861 1988 1902 vocem
2025 1848 2091 1902 de

521 1939 605 1992 his
632 1937 724 2007 qui
765 1937 819 1991 in
849 1952 951 1992 suo
1009 1935 1180 2005 ipsius
1234 1937 1469 1991 adventu
1523 1948 1722 2004 erunt,
1777 1939 1970 1994 dicens
1999 1940 2088 2000 "z

521 2042 542 2076 ι
577 2024 958 2081 Verumtamen
981 2041 1106 2080 cum
1147 2025 1356 2081 venerit
1379 2025 1548 2083 Filius
1575 2028 1838 2094 hominis.
1858 2046 1984 2086 num
2018 2033 2094 2087 in-

519 2116 701 2172 veniet
727 2116 885 2172 tidem
915 2131 1081 2186 super
1112 2127 1312 2172 terram
1339 2119 1362 2172 2
1389 2120 1436 2190 ο)
1463 2119 1704 2174 futuram
1752 2137 2093 2180 consumma-

513 2211 718 2264 tionem
778 2209 980 2265 εει-ηιξ.
1023 2208 1245 2264 Dicatur
1292 2211 1476 2280 itaque
1532 2212 1777 2268 Ecclesia
1835 2217 2088 2282 mundus,

515 2298 734 2368 quando
751 2313 780 2351 a
800 2296 1095 2353 Servatore
1116 2299 1448 2367 illustratur;
1473 2317 1572 2358 nos
1585 2314 1764 2359 autem
1777 2308 2092 2376 quaerimus,

517 2408 584 2445 an
621 2399 842 2460 propter
873 2389 1044 2446 illud:
1077 2409 1096 2442 ι
1135 2391 1272 2446 Ecce
1315 2392 1502 2464 Agnus
1532 2394 1622 2450 ille
1663 2396 1779 2463 Dei,
1825 2398 1919 2467 qui
1957 2398 2094 2455 tollit

514 2485 986 2557 159peccatnm
1031 2487 1211 2540 mundi
1244 2484 1312 2552 “,
1343 2505 1362 2539 ι
1404 2488 1750 2558 interpretari
1797 2490 2092 2548 debeamus

520 2579 778 2632 mundum
839 2576 1197 2648 spiritualiter
1249 2592 1373 2634 esse
1419 2579 1721 2639 Ecclesiam
1777 2581 2094 2650 (ablatione

515 2680 868 2739 peccatorum
903 2669 1262 2726 circumclusa
1315 2671 1369 2725 in
1420 2671 1534 2726 sola
1580 2671 1887 2744 Ecclesia).
1948 2675 2094 2742 Quo-

518 2761 678 2817 modo
708 2761 854 2816 euim
883 2761 1029 2831 quod
1060 2776 1090 2816 a
1113 2761 1377 2832 discipulo
1411 2778 1512 2819 suo
1540 2763 1596 2819 in
1630 2763 1866 2834 Epistola
1895 2765 2095 2822 dicitur

513 2843 603 2910 de'
621 2853 933 2921 Serv-atore,
958 2852 1048 2924 qui
1067 2853 1378 2924 propitiatio
1401 2865 1486 2912 est
1507 2871 1603 2927 pro
1630 2858 1893 2928 peccatis,
1925 2859 2094 2914 inter-

517 2946 876 3016 pretabimur,
909 2947 989 3002 sic
1014 2947 1224 3004 habens
1257 2968 1272 3004 :
1313 2966 1332 3001 ι
1364 2947 1473 3004 Sed
1494 2958 1550 3002 et
1593 2949 1640 3004 si
1671 2950 1796 3018 quis
1826 2965 2089 3020 peccave-

513 3042 608 3109 rit,
679 3041 1002 3096 advocatum
1065 3043 1332 3097 habemus
1401 3043 1544 3112 apud
1619 3041 1835 3098 Patrem
1903 3042 2089 3100 Jesum

2196 1850 2320 1904 σθαι
2369 1853 2497 1922 περὶ
2564 1850 2674 1904 τῶν
2725 1852 2784 1905 ὲν
2831 1853 2898 1922 τῇ
2959 1850 3227 1922 ἐπιδημίᾳ
3287 1850 3486 1906 ἑαυτοῦ
3551 1852 3744 1923 φωνὴν
3777 1894 3793 1919 ,

2193 1942 2416 2010 λέγοντα
2440 1957 2453 1970 °
2492 1961 2510 1993 ι
2547 1941 2714 2012 Πλὴν.
2744 1945 2774 1996 6
2823 1942 2950 2005 Υἱὸς
3003 1941 3098 1996 τοῦ
3132 1941 3421 2012 ἀνθρώπου
3455 1940 3630 1996 ἐλθὼν
3683 1938 3795 2014 ἄρα

2193 2033 2414 2105 εὑρήσει
2445 2033 2544 2105 τὴν
2591 2035 2776 2088 πίστιν
2805 2035 2899 2087 ἐπὶ
2928 2035 3029 2104 τῆς
3056 2033 3161 2104 γῆς
3186 2050 3202 2097 ;
3235 2033 3253 2104 )
3296 2054 3315 2086 ι
3347 2035 3473 2088 τότε
3504 2033 3793 2088 συντέλεια

2194 2126 2345 2180 ἔσται
2361 2127 2454 2180 τοῦ
2480 2125 2693 2191 αἰῶνος.
2709 2127 2963 2195 Λεγέσθω
2983 2126 3162 2181 τοίνυν
3183 2129 3216 2198 ή
3241 2126 3542 2197 Ἐκκλησία
3563 2127 3796 2198 κόσμος,

2193 2223 2283 2275 ὅτε
2316 2221 2420 2274 ὑπὸ
2454 2219 2550 2274 τοῦ
2584 2220 2835 2292 Σωτῆρος
2876 2221 3193 2290 φωτίζεται·
3225 2223 3387 2291 ἡμεῖς
3420 2219 3476 2273 δὲ
3511 2220 3798 2292 ζητοῦμεν

2194 2316 2242 2367 εἰ
2268 2315 2410 2369 κατά
2437 2314 2526 2367 τό’
2568 2333 2586 2365 ι
2625 2313 2732 2366 Ἴδε
2759 2315 2788 2368 6
2827 2313 3020 2384 Ἀμνὸς
3055 2312 3149 2367 τοῦ
3193 2312 3331 2367 Θεοῦ
3353 2353 3368 2377 ,
3410 2316 3439 2368 6
3466 2314 3652 2386 αἴρων
3695 2312 3799 2384 τὴν

2195 2406 2469 2479 ἁμαρτίαν
2495 2406 2588 2460 τοῦ
2620 2406 2850 2477 κόσμου,
2885 2426 2903 2458 ι
2935 2406 3138 2476 κόσμον
3169 2407 3400 2478 ἡγητέον
3431 2405 3649 2478 νοητῶς
3679 2406 3792 2476 (5‘2)

2193 2500 2292 2571 τὴν
2343 2499 2668 2570 Ἐκκλησίαν
2718 2499 3189 2571 (περικλειομένου
3237 2498 3332 2552 τοῦ
3380 2497 3642 2570 ατρεσθαι
3695 2498 3795 2568 τήν

2193 2593 2470 2665 ἁμαρτίαν
2495 2595 2576 2656 είς
2608 2593 2776 2663 μόνην
2801 2591 2899 2663 τὴν
2936 2590 3310 2662 Ἐκκλησίαν).
3339 2590 3465 2654 Πῶς
3495 2592 3612 2662 γὰρ
3645 2591 3708 2644 τὸ
3733 2592 3790 2643 ὲν

2194 2685 2260 2754 τῇ
2291 2683 2580 2754 Ἐπιστολῇ
2605 2681 2710 2735 ὑπὸ
2737 2681 2832 2736 τοῦ
2865 2682 3030 2736 αὐτοῦ
3064 2680 3306 2752 μαθητοῦ
3337 2682 3636 2753 εἰρημένον
3660 2683 3789 2754 περὶ

2193 2774 2288 2829 τοῦ
2311 2775 2566 2846 Σωτῆρος
2605 2773 2838 2845 ἱλασμοῦ
2870 2775 3000 2844 περὶ
3031 2774 3138 2827 τῶν
3172 2773 3456 2846 ἁμαρτιῶν
3486 2775 3790 2844 τυγχάνον-

2192 2884 2284 2932 τος
2302 2865 2699 2939 διηγησόμεθα,
2732 2865 2907 2930 οῦτως
2937 2865 3058 2936 ἔχον
3083 2882 3097 2895 ·
3129 2883 3147 2917 ι
3177 2865 3287 2920 Καὶ
3308 2864 3404 2918 ἐάν
3435 2881 3519 2928 τις
3539 2863 3786 2937 ἁμάρτῃ,

2197 2959 2545 3031 παράκλητον
2587 2959 2783 3030 ἔχομεν
2817 2959 2955 3030 πρὸς
3002 2958 3096 3011 τὸν
3135 2957 3360 3028 Πατέρα
3393 2956 3608 3028 Ἰησοῦν
3652 2957 3788 3026 Χρι-

2197 3054 2321 3107 στὸν
2368 3053 2613 3107 δίκαιονο
2679 3051 2774 3106 καὶ
2833 3051 2996 3114 αὐτὸς
3049 3049 3276 3120 ἱλασμός
3325 3049 3441 3102 ἐστι
3489 3049 3624 3120 περὶ
3677 3047 3786 3100 τῶν

505 3135 794 3190 ’(Ζὴτῐειιιιη
819 3134 1061 3203 justum;
1088 3145 1144 3191 et
1173 3136 1286 3206 ipse
1309 3144 1392 3190 est
1421 3135 1736 3206 propitiatio
1763 3151 1862 3207 pro
1891 3151 2088 3205 pecca-

2195 3146 2481 3219 ἁμαρτιῶν
2514 3146 2672 3218 ήμῶν
2693 3163 2706 3176 ·
2748 3145 2808 3198 ού
2848 3145 2980 3217 περὶ
3024 3144 3132 3198 τῶν
3164 3141 3451 3215 ἡμετέρων
3502 3142 3565 3196 δὲ
3601 3142 3786 3213 μόνον,

514 3229 589 3281 tis
641 3228 877 3292 nostris;
934 3244 1042 3282 non
1094 3243 1193 3297 pro
1228 3228 1435 3282 nostris
1481 3238 1662 3284 autem
1714 3237 1948 3295 tantum,
1995 3231 2090 3286 sed

515 3321 678 3374 etiam
713 3336 812 3390 pro
840 3322 1004 3377 totius
1051 3323 1236 3378 mundi
1269 3323 1358 3377 "l
1386 3342 1404 3375 ι
1432 3321 1498 3377 Et
1522 3325 1668 3392 quod
1695 3325 1837 3394 apud
1863 3323 2088 3380 Paulum

510 3425 618 3482 est,
642 3414 770 3470 huic
814 3430 939 3470 reor
973 3429 1094 3472 esse
1129 3415 1342 3480 simile,
1397 3417 1475 3472 sic
1532 3416 1742 3473 habens
1776 3435 1790 3474 :
1826 3436 1846 3468 ι
1876 3419 1976 3486 Qui
2007 3427 2094 3475 est

514 3505 778 3562 Servatur
804 3509 1043 3562 omnium
1079 3507 1382 3575 hominum,
1427 3509 1664 3564 maxime
1691 3509 1932 3566 ﬁdelium
1957 3511 2026 3570 “.
2065 3531 2084 3564 ι

512 3599 728 3656 Rursus
745 3600 810 3654 ad
839 3599 983 3654 hunc
1019 3599 1197 3654 locum
1234 3598 1536 3655 Heracleou
1578 3601 1803 3658 veniens
1825 3643 1842 3670 ,
1886 3603 2091 3674 absque

511 3693 696 3762 aliqua
730 3693 1119 3763 approbatione
1166 3701 1220 3746 et
1257 3693 1598 3762 appositione
1627 3693 2088 3756 testimoniorum,

513 3786 761 3848 cntrntiat
823 3784 1087 3843 Joannem
1158 3794 1414 3860 tanquam
1481 3788 1800 3858 prophetam
1855 3787 2088 3842 dicere:

517 3908 536 3940 ι
568 3888 752 3957 Agnus
787 3885 879 3940 Dei
926 3886 970 3917 ⁸⁷
998 3902 1012 3950 ;
1044 3902 1066 3936 ι
1119 3894 1176 3941 et
1203 3896 1262 3941 ut
1287 3883 1725 3941 excellentiorem
1751 3883 2074 3954 prophetam

511 3979 722 4042 dicere,
775 3977 918 4046 «qui
971 3974 1147 4030 aufert
1207 3983 1489 4043 peccatum
1553 3970 1762 4025 umndi.
1793 3987 1814 4022 ι
1847 3969 2089 4038 Quorum

513 4069 748 4141 primum
773 4067 1059 4124 existimat
1087 4065 1154 4120 de
1175 4079 1405 4136 corpore
1446 4065 1563 4133 ejus
1607 4061 1740 4127 dici,
1789 4065 2087 4117 secundum

511 4177 643 4217 vero
669 4161 738 4218 de
767 4176 851 4228 eo,
879 4161 1021 4231 quod
1051 4168 1134 4216 est
1161 4159 1214 4214 in
1237 4172 1488 4229 corpore,
1523 4158 1648 4228 quia
1685 4171 1859 4226 agnus
1893 4155 2094 4226 imper-

510 4251 690 4308 fectus
734 4252 807 4306 sit
853 4253 904 4306 in
940 4250 1121 4306 ovium
1171 4264 1404 4320 genere;
1458 4258 1626 4318 atque
1661 4248 1769 4302 tale
1806 4247 1972 4301 etiam
2019 4245 2092 4300 sit

512 4357 716 4412 corpus
769 4341 1176 4412 comparatione
1227 4339 1584 4395 inhabitantis
1633 4338 1689 4392 in
1735 4337 1872 4407 ipso.
1917 4333 2092 4388 «Per-

513 4433 801 4488 fectionem
849 4447 1014 4499 vero,
1073 4433 1268 4502 inquit.
1311 4431 1357 4486 si
1410 4431 1630 4486 volebat
1660 4427 1876 4498 corpori
1932 4427 2090 4482 attri—

510 4527 699 4590 huere,
729 4525 951 4579 arietem
992 4524 1166 4595 ipsum
1208 4523 1599 4578 immolandum
1630 4521 1880 4577 dixisset.
1913 4539 1934 4573 »
1981 4519 2089 4575 Sed

2193 3239 2331 3294 ἀλλά
2377 3240 2474 3294 κα)⁸
2519 3239 2649 3310 περὶ
2677 3237 2801 3292 ὅλου
2838 3236 2932 3290 τοῦ
2963 3235 3205 3306 κόσμους
3248 3253 3267 3286 ι
3303 3235 3399 3288 καὶ
3434 3233 3495 3286 τὸ
3531 3232 3786 3306 παράτῷ

2195 3330 2394 3402 Παύλῳ
2421 3331 2478 3385 δὲ
2507 3329 2714 3384 τούτων
2743 3328 2951 3400 νομίζω
2979 3323 3120 3382 εἶναι
3164 3325 3574 3397 παραπλήσιον,
3612 3323 3786 3388 οὕτως

2191 3423 2346 3494 ἔχον·
2384 3441 2404 3474 ι
2449 3423 2547 3486 ’⁸ος
2575 3424 2692 3475 ἐστι
2722 3420 2915 3492 Σωτὴρ
2945 3419 3162 3474 πάντων
3187 3415 3512 3488 ἀνθρώπων,
3549 3417 3785 3487 μάλιστα

2191 3515 2422 3571 πιστῶν.
2457 3534 2476 3568 ι
2516 3514 2686 3569 Πάλιν
2711 3514 2771 3568 ὲν
2789 3512 2869 3584 τῷ
2897 3513 3049 3582 τόπῳ
3067 3513 3096 3565 6
3130 3509 3447 3581 ’Πρακλέων
3466 3508 3783 3579 γενόμενος,

2191 3607 2362 3679 χωρὶς
2389 3607 2571 3678 πάσης
2619 3603 2986 3674 κατασκευῆς,
3020 3602 3116 3656 καὶ
3165 3599 3530 3674 παραθέσεως
3567 3616 3780 3671 μαρτυ-

2193 3695 2346 3770 ριῶν,
2371 3695 2756 3766 ἀποφαίνεται,
2777 3694 2944 3750 ὅτιτὸ
2967 3693 3068 3764 μέν
3094 3708 3108 3723 ⁸
3138 3709 3158 3744 t
3208 3690 3403 3762 ’Δμνδς
3435 3688 3531 3742 τοῦ
3565 3689 3725 3751 Θεοῦ,
3757 3708 3775 3737 ι

2191 3789 2269 3853 ῶς
2307 3791 2593 3861 προφήτης
2621 3787 2789 3859 φησὶν
2813 3787 2845 3840 6
2881 3785 3167 3856 Ἰωάννης·
3199 3783 3260 3838 τὸ
3287 3782 3347 3836 δέ
3372 3799 3386 3814 ·
3428 3801 3448 3834 ι
3504 3782 3567 3836 '0
3608 3783 3780 3852 αἴρων

2189 3877 2291 3950 τὴν
2327 3877 2601 3950 ἁμαρτίαν
2641 3875 2738 3930 τοῦ
2773 3875 3002 3947 κόσμου,
3047 3893 3066 3926 ι
3103 3874 3180 3939 ῶς
3211 3871 3599 3944 περισσότερον
3647 3888 3781 3942 προ-

2193 3973 2384 4045 φήτου.
2416 3973 2527 4027 Καὶ
2556 3971 2730 4026 οἴεται
2761 3970 2825 4024 τὸ
2849 3971 2950 4042 μὲν
2990 3969 3254 4042 πρότερον
3283 3967 3413 4039 περὶ
3457 3965 3554 4021 τοῦ
3590 3970 3782 4036 σῶμα·

2190 4081 2282 4128 τος
2311 4063 2477 4118 αὑτοῦ
2507 4061 2787 4132 λέγεσθαι,
2813 4062 2876 4115 τὸ
2901 4061 2956 4115 δὲ
3004 4061 3258 4132 δεύτερον
3305 4058 3434 4131 περὶ
3473 4058 3570 4112 τοῦ
3607 4059 3669 4112 ὲν
3697 4055 3775 4128 τῷ

2193 4155 2426 4226 σώματι.
2459 4155 2538 4226 τῷ
2568 4156 2659 4210 τὸν
2683 4155 2855 4228 ἀμνὸν
2876 4153 3042 4224 ἀτελῆ
3065 4149 3204 4208 εἶναι
3232 4153 3291 4207 ὲν
3317 4151 3397 4222 τῷ
3427 4149 3538 4205 τῶν
3571 4149 3778 4222 προϐάο

2191 4263 2300 4300 των
2337 4249 2487 4316 γένει
2505 4265 2523 4280 ο
2553 4247 2698 4301 οὕτω
2723 4246 2779 4299 δὲ
2800 4245 2894 4299 καὶ
2917 4246 2978 4300 τὸ
3009 4245 3168 4316 σῶμα
3197 4243 3498 4316 παραθέσει
3522 4243 3618 4296 τοῦ
3642 4245 3782 4296 ὲνοι-

2193 4337 2417 4401 κοῦντος
2445 4337 2618 4411 αὐτῷ.
2647 4356 2666 4390 t
2705 4337 2781 4391 Τὸ
2806 4335 2864 4390 δὲ
2893 4335 3102 4390 τέλειον
3128 4337 3176 4389 εί
3198 4330 3474 4398 ἐϐούλετο,
3509 4335 3668 4404 φησι,
3699 4331 3778 4406 τῷ

2195 4426 2405 4499 σώματι
2439 4428 2807 4500 μαρτυρῆσαι,
2835 4425 2990 4498 κριὸν
3019 4420 3172 4480 εἶπεν
3215 4424 3282 4480 ἂν
3317 4424 3377 4478 τὸ
3414 4424 3608 4496 μέλλον
3662 4425 3777 4497 (55)

2122 4502 2166 4558 θ
2193 4518 2592 4589 θύεσθαι.›ούχ
2612 4517 2855 4591 ήγοῦμαι
2876 4517 2934 4570 δὲ
2964 4513 3103 4571 εἶναι
3132 4517 3428 4586 ἀναγκαῖον
3454 4513 3600 4586 μετὰ
3621 4514 3778 4586 τηλι-

514 4629 621 4669 ιιοη
650 4613 886 4669 arhitror
909 4629 1130 4670 uecessa
1141 4617 1280 4669 rium
1300 4627 1424 4670 esse
1448 4623 1571 4684 post
1596 4621 1680 4667 tot
1704 4612 2090 4682 inquisitiones

2194 4609 2400 4673 καύτας
2440 4605 2810 4679 γεγενημένας
2845 4607 3125 4674 ἐξετάσεις
3160 4606 3435 4672 ταυτίζειν
3480 4603 3596 4677 (54)
3645 4605 3780 4677 περὶ

511 4705 719 4764 factas.
755 4706 943 4760 eadem
976 4705 1082 4759 hoc
1125 4706 1178 4760 in
1215 4707 1336 4760 loco
1369 4714 1652 4774 repetere,
1689 4703 2090 4758 contendentes

2192 4701 2285 4756 τὸν
2315 4701 2500 4764 τόπον,
2530 4699 2964 4772 ἀγωνιζομένους
3009 4699 3147 4771 πρὸς
3175 4699 3245 4753 τά
3277 4697 3513 4762 εὐτελῶς
3543 4696 3651 4751 ύπδ
3683 4697 3777 4753 τοῦ

509 4807 701 4852 contra
732 4811 795 4851 ea
831 4811 951 4866 qua:
979 4797 1121 4852 dixit
1151 4795 1449 4850 Heracleou
1495 4811 1686 4864 parum
1718 4797 1894 4850 docte.
1941 4792 2088 4850 Tan-

2203 4793 2576 4866 Ἦρακλέωνος
2622 4793 2904 4864 εἰρημένα.
2937 4791 3112 4846 Μόνον
3150 4791 3209 4846 δὲ
3249 4791 3408 4846 τοῦτο
3439 4793 3782 4862 ἐπισημειω-

515 4897 628 4940 tum
653 4887 756 4942 hoc
782 4885 960 4941 adhuc
991 4895 1228 4950 notetur,
1255 4885 1422 4956 quod,
1451 4894 1510 4939 ut
1539 4885 1626 4938 vis
1658 4885 1891 4941 mundus
1915 4900 2085 4956 capax

2192 4885 2334 4949 τέον,
2364 4885 2468 4948 ὅτι,
2496 4886 2685 4958 ὥσπερ
2732 4884 2891 4956 μόγις
2923 4885 3035 4954 (55)
3083 4882 3360 4956 ἐχώρησεν
3402 4885 3430 4938 6
3454 4883 3662 4953 κόσμος
3683 4882 3778 4936 τὸν

508 4979 654 5034 illius
700 4978 801 5032 fuit
827 5018 845 5045 ,
897 4979 988 5048 qui
1027 4979 1264 5048 seipsum
1306 4976 1555 5042 inanivit,
1599 4977 1679 5032 sic
1716 4992 1856 5048 agno
1885 4987 1940 5034 et
1979 4993 2086 5033 non

2193 4973 2507 5030 κενώσαντα
2525 4974 2736 5038 ἑαυτὸν,
2768 4973 2941 5038 οὕτως
2974 4974 3172 5045 ἀμνοῦ,
3210 4973 3306 5028 κα)⁸
3333 4975 3396 5029 ού
3430 4972 3588 5045 κριοῦ
3618 4971 3778 5045 ἐδεή-

507 5069 679 5124 ariete
712 5081 849 5139 opus
889 5069 1058 5123 fuisse
1087 5069 1156 5120 ad
1192 5068 1340 5122 illius
1387 5065 1740 5122 auferendum
1778 5078 2082 5137 peccatum.

2192 5067 2281 5140 θη,
2306 5069 2394 5123 ἵνα
2421 5067 2562 5140 ἀρθῇ
2589 5067 2754 5122 αὐτοῦ
2781 5070 2816 5140 ή
2849 5070 3092 5141 ἁμαρτία
3115 5069 3251 5138 (56).

1272 5164 1607 5218 Λείπουσιν
1640 5166 1694 5216 ol
1723 5163 1892 5232 τόμοι
1919 5160 2193 5232 ἕϐδομος,
2221 5162 2321 5216 καί
2348 5161 2583 5232 ὄγδοος,
2616 5163 2715 5217 καὶ
2745 5163 3022 5232 lar-rarae.

576 5278 618 5309 "
647 5278 837 5333 Matth.
867 5293 921 5346 ν,
952 5276 1038 5330 15.
1128 5275 1179 5346 ξ’
1213 5273 1402 5328 Matth.
1433 5289 1578 5335 xxrv,
1615 5273 1700 5326 η.
1795 5272 1845 5303 ⁵³
1872 5273 2004 5326 Luc.
2033 5288 2086 5326 ιι

2198 5273 2251 5326 8.
2327 5273 2373 5304 ⁸⁵
2399 5272 2557 5327 Joan.
2600 5290 2645 5339 ι,
2678 5275 2767 5331 29.
2861 5277 2908 5308 ⁵⁸
2945 5278 3144 5334 lJoan.
3175 5295 3236 5336 ll.
3271 5280 3329 5346 l,
3363 5283 3417 5336 ἲ.
3512 5281 3558 5313 "
3589 5281 3611 5336 Ι
3643 5280 3784 5338 Tim.

508 5365 582 5413 tv,
621 5350 707 5403 10.
783 5348 829 5379 ⁸⁷
861 5345 1019 5402 Joan.
1053 5361 1091 5409 ι,
1117 5345 1208 5399 29.

581 5454 693 5530 (53)
726 5453 928 5530 :qut:
969 5467 1027 5505 ν.
1058 5447 1148 5504 Sic
1173 5447 1325 5504 Bodl.
1340 5467 1369 5530 _:
1395 5447 1617 5521 Regius,
1642 5450 1863 5530 νοητέον
1901 5448 2090 5530 ὑγιῶςἴ

2197 5463 2505 5530 perperam.
2538 5453 2754 5530 τέξειν,
2787 5470 2886 5524 pro
2914 5470 3022 5525 quo
3063 5455 3293 5512 Huetius
3333 5459 3620 5529 legendum
3653 5473 3791 5512 cen-

725 5517 816 5591 Τῷ
839 5517 1068 5592 σώματι
1091 5517 1506 5592 μαρτιψῆσαιξ
1533 5522 1702 5588 κριὸν
1725 5517 2095 5592 ἐϊπενᾲᾶν-τὸ
2200 5517 2373 5592 Sebat,
2405 5520 2702 5586 ἐξετάζειν.

509 5589 896 5675 μέλλονίοις.
926 5589 1026 5675 ςιω
1068 5589 1240 5675 (itide:
1289 5591 1632 5675 Bodleiauus,
1682 5602 1866 5673 recte;
1897 5589 2091 5675 Regius

2241 5591 2386 5670 ,(55)
2413 5592 2589 5675 Qodd.
2635 5593 2964 5675 Bttrberinus
3000 5605 3056 5650 et
3097 5595 3424 5654 Bodleianus
3468 5597 3645 5668 μόγις,
3681 5597 3794 5654 Re-

514 5659 798 5736 perperam
855 5665 1019 5720 habet
1054 5660 1134 5732 τῷ
1173 5661 1332 5734 σῶμα
1355 5679 1368 5692 ·
1408 5662 1470 5714 τὸ
1519 5661 1904 5734 μαρτυρῆσαι,
1948 5659 2091 5730 κριὸν

516 5739 693 5790 εἰπεῖν
729 5736 862 5788 αὐτὸ
898 5735 960 5788 τὸ
999 5734 1213 5801 μέλλον,
1256 5744 1360 5788 etc.
1901 5799 1930 5801 _
2021 5800 2027 5801 γ

2204 5659 2324 5729 gius
2361 5659 2535 5731 μόλις,
2569 5665 2712 5732 quod
2745 5665 2887 5718 idem
2914 5676 3016 5720 est.
3468 5659 3480 5668 ’
3549 5659 3561 5666 ’

2282 5732 2393 5801 (56)
2425 5733 2623 5790 Αὐτοῦ
2662 5735 2700 5801 ἠ
2739 5734 3014 5801 ἁμαρτία.
3059 5737 3221 5796 Deest
3264 5739 3321 5795 in
3367 5739 3554 5797 codice
3594 5735 3771 5801 Regio

516 5753 693 5790 ειπειν
729 5753 862 5788 αυτο
898 5753 960 5788 το
999 5753 1213 5807 μελθιον,
1256 5753 1360 5788 εις.

590 5806 702 5878 (ει)
759 5803 1071 5867 Τὰυτιζειν.
1129 5805 1218 5862 Sic
1273 5805 1443 5862 codex
1492 5802 1849 5870 Bodleianus;
1899 5799 2091 5874 Regius

2269 5753 2393 5862 ano)
2425 5753 2623 5815 ᾃυζου
2662 5753 2700 5801 η
2739 5753 3014 5816 αμαρζια.
3059 5753 3221 5796 υοοει
3264 5755 3321 5795 ιιι
3367 5753 3554 5797 οοαιοο
3595 5753 3790 5812 negto,

2208 5817 2268 5860 se
2335 5812 2640 5861 restituitur
2667 5821 2697 5862 e
2727 5805 3040 5863 Bodleiano.
3729 5863 3739 5868 -
