4194 6412
480 358 621 418 ὅῦὅε

1552 360 1910 416 COMMENT.
1952 359 2015 414 IN
2051 358 2244 415 JOAN.
2280 360 2517 415 TOMUS
2550 359 2621 416 Χ.

3634 350 3740 420 3m

1645 720 2591 855 ΩΡΙΓΕΝΟΥΣ

1094 954 1232 1012 [DN
1265 955 1396 1009 ΕΙΣ
1436 956 1521 1009 ΤΟ
1558 954 1746 1007 ΚΑΤΑ
1784 952 2116 1007 ΙΩΑΝΝΙΙΝ
2143 952 2187 1003 Ε
2199 951 2629 1005 ΥΑΓΓΕΛΙΟΝ
2657 948 3137 1006 ΕΞΒΓΗΤΙΚΩΝ

1874 1117 2257 1205 ΤΟΜΟΣ
2293 1111 2373 1201 Ι’.

1775 1451 2458 1572 ORIGENIS

930 1681 1704 1750 COMMENTARIORUM
1749 1682 1832 1742 IN
1875 1678 2404 1742 EVANGELIUM
2448 1675 2874 1739 SECUNDUM
2912 1671 3293 1737 JOANNEM

1810 1860 2063 1953 ΤοΜ
2089 1859 2231 1949 US
2299 1860 2425 1946 X.
2482 1934 2495 1947 κ

555 2197 608 2254 Ι.
640 2217 659 2250 ι
691 2199 847 2254 Μετά
866 2198 1022 2253 τοῦτο
1044 2199 1250 2272 κατέϐη
1273 2200 1353 2264 εἰς
1371 2199 1750 2271 Καφαρναοὺμ
1770 2198 1953 2265 αὐτὸς,
1971 2198 2067 2253 καὶ

2246 2194 2406 2268 160
2435 2196 2483 2251 ι.
2524 2212 2544 2246 ι
2574 2193 2769 2249 Postea
2800 2191 3081 2247 descendit
3114 2189 3497 2258 Capharnaum
3529 2186 3667 2258 ipse,
3700 2194 3759 2241 et

487 2292 515 2362 ἢ
548 2293 735 2361 μήτηρ
766 2291 953 2355 αὐτοῦ,
976 2293 1071 2346 καὶ
1092 2295 1138 2346 οἱ
1167 2292 1406 2363 ἀδελφοὶ,
1438 2294 1531 2347 καὶ
1553 2294 1603 2345 οί
1640 2292 1878 2363 μαθηταὶ
1902 2309 1916 2322 ο
1974 2292 2068 2351 καὶ

482 2384 602 2435 ἐκεῖ
652 2382 872 2453 ἔμειναν
922 2384 984 2436 οὐ
1032 2383 1233 2448 πολλὰς
1264 2385 1500 2457 ἡμέρας.
1547 2384 1657 2437 Καὶ
1712 2384 1879 2451 ὲγγὺς
1906 2378 1976 2453 ἦν
2007 2382 2068 2435 τὸ

483 2472 677 2544 Πάσχα
707 2474 818 2527 τῶν
852 2474 1139 2538 Ἰουδαίων,
1181 2477 1276 2529 καὶ
1327 2476 1497 2546 ἀνέϐη
1540 2477 1620 2539 εἰς
1660 2475 2004 2548 Ἱεροσόλυμα
2039 2475 2068 2525 ὁ

496 2565 724 2635 Ἰησοῦς,
754 2566 846 2619 καὶ
869 2561 1028 2638 εὗρεν
1067 2570 1124 2621 ὲν
1149 2566 1226 2637 τῷ
1260 2567 1389 2639 ἱερῷ
1415 2569 1540 2631 τοὺς
1569 2568 1882 2632 πωλοῦντας
1917 2568 2065 2638 βόας,

484 2660 582 2710 καὶ
605 2657 876 2728 πρὸὅατα,
910 2659 1006 2714 καὶ
1035 2660 1383 2732 περιστερὰς,
1408 2660 1499 2713 καὶ
1538 2663 1665 2724 τοὺς
1698 2662 2069 2733 κερματιστὰς

483 2750 827 2820 καθημένους
850 2767 862 2779 ·
895 2751 989 2804 καὶ
1007 2753 1238 2822 ποιήσας
1258 2752 1334 2814 ὡς
1351 2750 1679 2822 φραγέλλιον
1704 2753 1769 2803 ἐκ
1796 2752 2064 2822 σχοινίων,

483 2840 696 2905 πάντας
718 2841 971 2906 ἐξέϐαλεν
999 2844 1063 2895 ὲκ
1101 2842 1196 2896 τοῦ
1253 2842 1423 2915 ἱεροῦ,
1450 2843 1521 2896 τά
1548 2861 1606 2895 τε
1649 2843 1916 2907 πρὸὅατα,
1976 2845 2070 2898 καὶ

482 2934 610 2996 τοὺς
643 2932 794 3003 βόας,
825 2935 919 2986 καὶ
952 2933 1059 2988 τῶν
1093 2933 1457 2988 κολλυϐιστῶν
1492 2934 1675 3005 ἐξέχεε
1703 2934 1770 2988 τὰ
1794 2934 2067 3007 κέρματα,

484 3030 581 3081 καὶ
607 3027 705 3084 τὰς
724 3027 1006 3098 τραπέζας
1037 3027 1363 3100 ἀνέστρεψε,
1393 3029 1489 3082 καὶ
1520 3031 1633 3092 τοῖς
1672 3028 1772 3092 τὰς
1820 3045 2071 3099 περιστε-

488 3120 589 3191 ρὰς
623 3119 893 3173 πωλοῦσιν
945 3114 1132 3173 εἶπεν·
1166 3118 1375 3192 Ἀρατε
1433 3120 1605 3175 ταῦτα
1661 3118 1947 3174 ἐντεῦθεν.
1996 3121 2069 3191 μὴ

486 3204 693 3267 ποιεῖτε
724 3212 817 3265 τὸν
861 3207 1009 3265 οἷκον
1044 3211 1138 3265 τοῦ
1182 3213 1398 3283 Πατρός
1453 3229 1553 3285 μου
1602 3208 1749 3266 οἷκον
1782 3212 2068 3284 ἐμπορίου.

485 3303 620 3356 Τότε
649 3303 999 3375 ἐμνήσθησαν
1037 3305 1086 3357 οἱ
1125 3306 1365 3375 μαθηταὶ
1411 3304 1600 3369 αὐτοῦ,
1628 3306 1710 3359 ὅτι
1757 3305 2073 3377 γεγραμμέσ

483 3411 577 3449 νον
599 3396 773 3459 ἐστὶν,
801 3396 885 3449 ὅτι
918 3396 977 3450 '0
1010 3395 1171 3469 ζῆλος
1211 3396 1308 3450 τοῦ
1352 3396 1505 3452 οἴκου
1560 3416 1652 3452 σου
1688 3398 2073 3469 καταφάγεταί

490 3505 580 3557 με.
654 3486 1058 3559 Ἀπεκρίθησαν
1084 3484 1177 3541 οὖν
1204 3491 1251 3542 οἱ
1293 3490 1557 3554 Ἰουδαῖοι,
1585 3492 1680 3545 καὶ
1710 3487 1869 3545 εἶπαν
1901 3491 2067 3562 αὐτῷ’

2172 2300 2345 2343 mater
2370 2286 2506 2356 ejus,
2537 2297 2594 2341 et
2627 2286 2827 2339 fratres
2862 2283 3000 2353 ejus,
3026 2294 3081 2337 et
3116 2279 3367 2349 discipuli
3399 2279 3550 2348 ejus;
3593 2288 3648 2333 et
3678 2278 3755 2335 ibi

2170 2389 2495 2435 manserunt
2561 2394 2667 2433 non
2728 2377 2914 2431 multis
2983 2375 3200 2430 diebus.
3263 2372 3510 2428 Instabat
3572 2381 3756 2427 autem

2169 2474 2378 2530 Pascha
2402 2473 2738 2536 Judzeorum,
2764 2482 2819 2527 et
2839 2470 3087 2527 ascendit
3108 2468 3545 2539 Hierosolymam
3567 2464 3756 2530 Jesus,

2170 2576 2226 2621 et
2252 2568 2457 2637 reperit
2497 2566 2551 2619 in
2581 2563 2782 2635 templo
2824 2578 2918 2618 eos
2965 2562 3058 2631 qui
3115 2562 3423 2617 vendebant
3472 2562 3662 2625 boves,
3704 2569 3761 2615 et

2170 2673 2320 2722 oves,
2344 2667 2399 2712 et
2430 2657 2730 2722 columbas,
2761 2666 2821 2711 et
2850 2656 3156 2709 mensarios
3190 2655 3444 2711 sedentes
3476 2671 3489 2706 :
3520 2667 3757 2722 eumque

2172 2750 2392 2805 fecisset
2411 2751 2567 2820 quasi
2598 2748 2870 2819 ﬂagellum
2901 2764 2969 2802 ex
3003 2746 3259 2803 funiculis
3280 2789 3296 2814 ,
3320 2761 3510 2803 omnes
3537 2746 3693 2814 ejecit
3727 2761 3759 2799 e

2173 2844 2393 2915 templo,
2420 2859 2552 2899 oves
2581 2842 2764 2909 simul,
2799 2858 2864 2897 ac
2890 2843 3097 2909 boves;
3146 2850 3201 2896 et
3252 2840 3646 2895 mensariorum
3682 2852 3759 2893 aes

2171 2935 2377 3000 effudit,
2425 2946 2480 2990 et
2521 2950 2739 2991 mensas
2773 2935 3076 2999 subvertit,
3136 2943 3191 2990 et
3231 2934 3319 2989 his
3351 2933 3442 3005 qui
3475 2931 3759 2988 columbas

2171 3029 2483 3086 vendebant
2525 3028 2663 3083 dixit
2706 3045 2721 3083 :
2771 3027 2996 3084 Auferte
3048 3030 3149 3085 ista
3205 3029 3372 3094 hinc,
3429 3041 3532 3082 nec
3593 3026 3759 3081 facite

2173 3124 2392 3177 domum
2442 3120 2626 3178 Patris
2685 3121 2817 3190 mei,
2854 3121 3071 3175 domum
3126 3129 3418 3177 mercatus.
3464 3118 3757 3176 Recordati

2174 3228 2304 3269 vero
2338 3222 2467 3269 sunt
2507 3213 2759 3283 discipuli
2810 3219 2930 3282 ejus
2964 3213 3107 3282 quod
3139 3212 3403 3283 scriptum
3431 3222 3517 3269 est
3549 3230 3562 3266 :
3595 3210 3761 3267 Zelus

2175 3289 2367 3359 domus
2402 3316 2509 3359 tua:
2546 3305 2729 3359 exedit
2776 3319 2878 3358 me.
2920 3303 3341 3374 Responderunt
3387 3318 3521 3373 ergo
3558 3301 3756 3366 Judaei,

2176 3406 2231 3452 et
2264 3396 2524 3452 dixerunt
2556 3395 2607 3451 ei
2638 3413 2653 3449 :
2684 3395 2838 3462 Quod
2874 3397 3091 3467 signum
3128 3395 3285 3449 nobis
3316 3394 3562 3449 ostendis
3585 3407 3761 3463 quan-

2177 3487 2464 3557 doquidem
2491 3487 2592 3542 ista
2622 3488 2739 3557 agis
2763 3487 2787 3540 ?
2815 3486 3122 3558 Respondit
3165 3484 3359 3552 Jesus,
3389 3494 3444 3542 et
3464 3485 3598 3540 dixit
3631 3486 3712 3541 eis
3742 3503 3757 3539 :

486 3580 554 3633 Τί
589 3583 813 3650 σημεῖον
832 3579 1096 3645 δεικνύεις
1123 3582 1275 3652 ἡμῖν,
1303 3583 1384 3636 ὅτι
1432 3584 1604 3636 ταῦτα
1655 3586 1865 3648 ποιείς;
1909 3584 2071 3635 ’Λπε-

2180 3580 2453 3635 Destruite
2478 3580 2735 3650 templum
2762 3579 2876 3646 Dei,
2903 3592 2959 3635 et
2986 3582 3040 3635 in
3070 3580 3240 3635 tribus
3262 3580 3456 3635 diebus
3483 3578 3760 3635 suscitabo

487 3671 653 3745 κρίθη
694 3671 924 3744 Ἰησοῦς,
953 3674 1047 3727 καὶ
1073 3670 1193 3727 εἷπε
1214 3691 1226 3704 ·
1268 3673 1478 3728 Λύσατε
1507 3675 1600 3727 τὸν
1630 3676 1755 3728 ναὸν
1789 3674 1879 3728 τοῦ
1913 3674 2069 3738 Θεοῦ,

485 3766 584 3819 καὶ
637 3766 697 3818 ὲν
733 3765 913 3834 τρισὶν
961 3766 1195 3839 ἡμέραις
1222 3767 1401 3837 ἐγερῶ
1450 3768 1632 3821 αὐτόν.
1675 3766 2074 3838 Ἀπεκρίθησαν

485 3852 582 3911 οὖν
602 3860 651 3911 οἱ
694 3858 966 3912 Ἰουδαῖοι·
1000 3860 1421 3931 Τεσσαρὰκοντα
1456 3860 1548 3912 καὶ
1583 3859 1642 3925 ἒξ
1672 3859 1847 3912 ἔτεσιν
1874 3858 2074 3929 ᾠκοδο-

490 3949 641 4020 μήθη
667 3952 696 4003 ὁ
727 3951 854 4015 ναὸς
886 3945 1059 4014 οὗτος,
1088 3952 1180 4004 καὶ
1219 3953 1282 4006 σὺ
1310 3951 1367 4005 ἐν
1388 3953 1566 4021 τρισὶν
1597 3950 1831 4022 ἡμέραις
1865 3952 2076 4021 ἐγερεῖς

486 4043 684 4109 αὖτόν;
732 4043 970 4106 Ἐκεῖνος
996 4042 1054 4096 δὲ
1086 4042 1241 4112 ἔλεγε
1275 4043 1517 4115 περὶτοῦ
1546 4041 1675 4095 ναοῦ
1704 4041 1798 4094 τοῦ
1824 4041 2076 4112 σώματος

487 4134 675 4191 αὑτοῦ.
711 4135 841 4187 Ὅτε
887 4131 981 4188 οὖν
1026 4135 1238 4208 ἠγέρθη
1282 4138 1347 4190 ὲκ
1379 4135 1609 4206 νεκρῶν,
1646 4136 1996 4207 ἐμνήσθησαν
2027 4135 2075 4189 οἱ

490 4225 735 4298 μαθηταὶ
762 4227 948 4291 αὑτοῦ,
985 4228 1066 4281 ὅτι
1097 4228 1257 4282 τοῦτο
1285 4228 1460 4297 ἔλεγε,
1507 4230 1601 4282 καὶ
1640 4229 1967 4282 ἐπίστευσαν
2009 4231 2072 4299 τῇ

487 4316 679 4389 Γραφῇ
728 4320 822 4372 καί
863 4318 942 4389 τῷ
998 4319 1142 4391 λόγῳ
1188 4320 1248 4374 ὃν
1288 4316 1442 4372 εἶπεν
1478 4323 1507 4373 ὁ
1542 4320 1767 4393 Ἰησοῦς.
1808 4322 1892 4384 Ὠς
1914 4322 1971 4374 δὲ
2008 4316 2076 4391 ἦν

489 4409 549 4461 ὲν
604 4413 719 4473 τοῖς
760 4411 1156 4482 Ἱεροσολύμοις
1199 4414 1257 4466 ἐν
1304 4411 1383 4482 τῷ
1419 4414 1633 4485 Πάσχα,
1679 4416 1738 4468 ὲν
1772 4418 1837 4486 τῇ
1890 4418 2072 4488 ἑορτῇ,

491 4500 823 4553 ἐπίστευσαν
857 4503 937 4565 εἰς
978 4502 1038 4554 τὸ
1090 4501 1261 4573 ὄνομα
1306 4503 1471 4556 αὑτοῦ
1520 4504 1703 4558 πολλοὶ
1747 4505 2077 4577 θεωροῦντες

488 4590 657 4645 αὐτοῦ
699 4592 768 4645 τὰ
817 4596 1017 4664 σημεῖα
1068 4592 1103 4647 ἃ
1156 4596 1348 4650 ἐποίει.
1381 4596 1553 4660 Αὐτὸς
1579 4598 1635 4651 δὲ
1678 4600 1706 4651 ὁ
1741 4599 1946 4669 Ἰησοῦς
1978 4601 2078 4653 οὐκ

490 4684 809 4739 ἐπίστευσεν
873 4688 1064 4740 ἑαυτὸν
1113 4688 1315 4752 αὐτοῖς,
1346 4688 1435 4742 διὰ
1488 4689 1548 4742 τὸ
1597 4690 1758 4743 αὑτὸν
1789 4691 2078 4761 γινώσκειν

492 4776 723 4841 πάντας,
760 4778 855 4832 καὶ
880 4779 962 4832 ὅτι
992 4776 1059 4831 ου’
1083 4781 1270 4850 χρείαν
1303 4775 1446 4850 εἶχεν
1481 4782 1569 4834 ἶνα
1615 4799 1698 4846 τις
1748 4788 2077 4857 μαρτυρήσῃ

2178 3671 2330 3727 illud.
2378 3673 2643 3727 Dixerunt
2691 3687 2821 3741 ergo
2879 3670 3051 3727 Judrci
3091 3671 3505 3742 :Quadraginta
3564 3679 3620 3725 et
3661 3683 3760 3725 sex

2176 3764 2334 3819 annis
2356 3765 2683 3820 mdiﬁcatum
2711 3774 2793 3820 est
2825 3764 3083 3833 templum
3128 3766 3253 3830 hoc,
3302 3773 3357 3819 et
3398 3773 3454 3818 tu
3491 3764 3546 3818 in
3587 3762 3761 3818 tribus

2176 3859 2369 3913 diebus
2420 3858 2712 3913 suscitabis
2747 3857 2925 3913 illud?
2962 3858 3032 3912 At
3077 3857 3168 3912 ille
3208 3857 3428 3912 dicebat
3456 3856 3527 3913 de
3560 3855 3760 3927 templo

2177 3949 2424 4018 corporis
2453 3951 2555 4004 sui.
2586 3949 2721 4004 Cum
2760 3965 2888 4019 ergo
2937 3949 3237 4004 suscitatus
3266 3958 3413 4003 esset
3442 3964 3474 4004 e
3506 3949 3759 4012 mortuis,

2179 4041 2445 4097 recordati
2487 4053 2616 4095 sunt
2661 4042 2912 4112 discipuli
2947 4042 3065 4112 ejus
3098 4043 3242 4110 quod
3275 4043 3377 4097 hoc
3427 4041 3676 4107 dixisset,
3706 4050 3764 4095 et

2178 4134 2524 4188 crediderunt
2559 4134 2859 4202 Scriptum
2881 4174 2896 4197 ,
2932 4142 2988 4189 et
3025 4133 3262 4188 sermoni
3287 4173 3303 4197 ,
3351 4148 3513 4203 quem
3548 4134 3765 4189 dixerat

2177 4228 2358 4282 Jesns.
2391 4227 2523 4280 Cum
2557 4236 2740 4280 autem
2776 4237 2923 4281 esset
2947 4225 3334 4294 Hierosolymis
3364 4226 3416 4278 in
3448 4224 3679 4290 Pascha,
3708 4224 3762 4279 in

2177 4320 2269 4373 die
2299 4318 2461 4381 festo,
2490 4317 2641 4372 multi
2667 4318 3018 4373 crediderunt
3041 4317 3092 4371 in
3119 4330 3314 4372 nomen
3345 4315 3485 4386 ejus,
3517 4315 3764 4371 videntes

2177 4412 2334 4481 signa
2367 4411 2503 4482 ejus.
2537 4426 2657 4479 quae
2689 4411 2904 4465 edebat.
2934 4409 3054 4481 Ipse
3091 4419 3272 4465 autem
3306 4407 3465 4465 Jesus
3498 4424 3606 4464 non
3640 4423 3764 4463 cre-

2180 4504 2721 4573 debatsemetipsum
2750 4504 2853 4570 eis,
2892 4519 2958 4558 eo
2983 4503 3129 4573 quod
3174 4504 3290 4573 ipse
3329 4512 3512 4558 nosset
3545 4516 3762 4568 omnes,
3832 4501 3845 4515 ‘

2181 4611 2282 4650 nec
2312 4611 2448 4666 opus
2480 4596 2704 4650 haberet
2756 4605 2814 4651 ut
2854 4595 3373 4665 aliquis'tesuretnr
3410 4596 3477 4650 de
3516 4594 3757 4650 homine.

2182 4689 2301 4757 Ipse
2324 4689 2470 4743 enim
2499 4688 2705 4744 sciebat
2733 4689 2861 4758 quid
2897 4699 3043 4743 esset
3068 4686 3121 4741 in
3149 4688 3365 4742 homine
3386 4688 3454 4745 ⁸⁸.
3482 4707 3501 4740 ι
3537 4688 3761 4744 Numeri

2180 4783 2270 4851 qui
2304 4781 2356 4834 in
2390 4782 2505 4851 ipso
2537 4781 2898 4837 Numerorum
2942 4782 3083 4837 libro
3112 4782 3307 4851 scripti
3333 4782 3581 4844 fuerunt,
3607 4780 3761 4849 juxta

494 4870 621 4940 περὶ
650 4867 961 4941 ἀνθρώπου.
1001 4870 1173 4933 Αὐτὸς
1222 4871 1330 4942 γάρ
1360 4872 1624 4940 ἐγίνωσκε
1678 4875 1730 4927 τί
1781 4870 1849 4945 ἦν
1895 4877 1952 4928 ὲν
2000 4876 2072 4946 τῷ

2182 4875 2470 4941 quamdam
2527 4878 2932 4943 proportionem
2987 4875 3401 4932 convenientem
3466 4875 3762 4943 unicuique

494 4964 783 5035 ἀνθρώπῳ.
825 4983 844 5014 ι
884 4964 971 5016 Ἐν
998 4963 1133 5034 αὐτῇ
1167 4960 1277 5033 (57)
1306 4961 1790 5034 ἀναγεγραμμένοι
1830 4966 2073 5036 ἀριθμοὶ,

495 5055 637 5108 κατά
662 5071 784 5107 τινα
814 5052 1106 5122 ἀναλογίαν
1143 5051 1491 5123 ἁρμόζουσαν
1522 5055 1738 5127 ἑκάστῳ
1765 5057 2075 5127 πράγματι,

494 5144 718 5218 Γραφῆς
751 5143 1083 5217 ἠξιώθησαν.
1134 5147 1482 5215 Ἐξεταστέον
1508 5147 1565 5202 δὲ
1591 5150 1664 5221 μή
1691 5165 1821 5202 ποτε
1856 5149 1953 5220 μία
1969 5148 2078 5202 τῶν

570 5353 616 5385 ⁸⁸
650 5352 809 5408 Joan.
853 5370 914 5417 ll,
957 5355 1023 5409 i2
1061 5368 1213 5424 seqq.

572 5537 681 5607 (57)
713 5536 896 5609 Codex
927 5536 1253 5609 Bodleianns
1281 5537 1340 5609 tv
1366 5538 1523 5609 αὐτῇ.
1549 5547 1679 5603 etc.;
1706 5537 1929 5609 Regius,
1957 5552 2084 5609 per-

539 5621 708 5670 eram,
731 5609 789 5659 ὲν
810 5607 982 5667 αὐτοί,
1009 5617 1115 5661 etc.
1142 5607 1297 5676 Apud
1324 5607 1612 5674 utrumque
1634 5607 1894 5663 locusest
1920 5607 2086 5661 niani-

525 5678 965 5762 estenmendo'sus.
981 5677 1058 5731 lta
1073 5678 1288 5762 videtur
1305 5679 1496 5762 legisse
1511 5678 1819 5762 Ferrarius:
1836 5679 1928 5762 Ἔχ
1944 5679 2083 5762 αὕτη

2186 4965 2287 5030 rei,
2316 4964 2600 5036 Scriptura
2623 4966 2768 5037 digni
2797 4967 2967 5023 habiti
2994 4979 3141 5023 sunt.
3167 4966 3551 5037 lnquirendum
3576 4975 3759 5020 autem

2186 5069 2270 5113 est
2291 5074 2359 5111 an
2388 5075 2527 5114 unus
2548 5076 2611 5115 ex
2637 5060 2837 5132 Moysis
2857 5061 3013 5116 libris
3029 5059 3386 5115 Numerorum
3408 5060 3761 5129 inscriptione

2187 5158 2426 5216 notatus,
2476 5152 2743 5208 rationem
2780 5168 3127 5209 numerorum
3166 5153 3367 5211 eximie
3415 5153 3606 5208 doceat
3641 5165 3758 5214 eos,

2180 5536 2473 5611 ἀναλογίαν
2516 5537 2859 5611 ἁρμόζουσαν
2881 5536 3121 5611 ςέκάστῳ
3167 5536 3486 5611 πράγματι,
3533 5536 3575 5589 Γ
3578 5535 3757 5611 ραςρῆς

2180 5607 2510 5679 ἠξιώθησαν,
2538 5606 2852 5677 ἕξεταστέον
2875 5607 2939 5679 δὴ
2972 5606 3201 5680 μήποτε,
3216 5606 3225 5608 “
3240 5618 3343 5661 etc.
3366 5607 3394 5680 ?_
3418 5606 3758 5680 Certe'ejus-

2184 5677 2326 5733 modi
2361 5677 2522 5735 lectio
2550 5682 2729 5733 minus
2751 5677 3214 5743 absonavidetur,
3245 5686 3318 5741 et,
3352 5678 3396 5729 si
3432 5677 3519 5730 cui
3553 5678 3754 5746 placet,

517 5744 1010 5820 prtGpt'bvﬁqui
1061 5744 1539 5820 ἀναγεγραμμένοι
1585 5748 1828 5820 ἀριθμοί.
1884 5744 2072 5814 Quidni

2185 5750 2444 5806 vertenda
2473 5750 2581 5804 erit
2606 5768 2618 5803 :
2654 5750 2758 5820 «Si
2785 5748 2980 5804 litteris
3008 5747 3306 5817 consignati
3334 5744 3576 5820 Numeri,
3602 5744 3755 5816 juxta

509 5815 708 5885 legatur
750 5833 764 5869 ι
794 5817 958 5871 Αὐτοὶ

990 5816 1470 5890 ἀναγεγραμμένοι
1509 5816 1751 5891 ἀριθμοῐ,
1788 5820 1929 5874 κατά
1964 5834 2072 5873 τινα

2187 5821 2475 5890 quamdam
2518 5819 2806 5888 unicuique
2846 5820 2924 5874 rei
2968 5816 3265 5889 congruam
3315 5816 3714 5888 proportionem
3745 5848 3759 5874 9
