4194 6412
473 341 580 402 307

1931 331 2187 391 ORICEN
2195 333 2258 388 IS

3639 339 3745 394 308

475 457 568 526 qni
602 452 974 522 hujuscemodi
1010 464 1266 512 accurate
1311 455 1642 526 investigare
1677 454 1882 512 valent.
1933 454 2058 509 llaec

2170 453 2359 523 βίϐλων
2386 453 2629 518 Μωσέως
2661 453 3113 525 ἐπιγεγραμμένη
3145 455 3416 527 Ἀριθμοὶ,
3453 456 3750 528 ἐξαιρέτως

473 557 656 604 autem
688 548 755 602 ad
785 557 835 602 te
854 548 1011 602 initio
1036 549 1231 603 decimi
1255 549 1410 620 161
1443 550 1574 603 tomi
1602 549 1861 603 dicuntur
1890 564 1919 602 a
1951 565 2058 612 me,

475 635 796 708 frequenter
823 639 875 692 in
901 637 1183 708 Scriptura
1221 654 1507 692 numerum
1537 638 1822 693 denariqu
1861 638 2062 692 eximia

475 731 840 801 praerogativa
876 731 1206 800 impertitum
1235 731 1588 797 observante,
1623 741 1683 786 ut
1716 733 1812 786 tibi
1846 745 2064 800 quoque

478 822 607 877 licet
638 823 928 894 diligenter
977 825 1376 888 considerare,
1437 835 1548 877 tum
1602 826 1844 894 speranti
1895 824 2062 877 etiam

479 916 619 981 fore,
660 925 718 971 ut
747 915 951 986 aliquid
989 916 1162 986 majus
1190 932 1221 972 a
1250 917 1360 972 Deo
1395 919 1446 972 in
1491 919 1636 973 hunc
1669 927 1880 972 tomum
1913 916 2062 970 acci-

481 1009 638 1080 pias;
667 1010 812 1080 quod
851 1019 910 1065 ut
932 1009 1236 1080 contingat,
1285 1026 1385 1080 pro
1427 1011 1639 1064 viribus
1680 1011 1924 1079 praebere
1969 1023 2066 1062 nos

481 1103 630 1172 ipsos
668 1102 778 1156 Deo
803 1111 1096 1167 tenternus,
1142 1103 1234 1171 qui
1281 1103 1430 1171 cupit
1469 1102 1675 1172 optima
1710 1101 1916 1170 largiri.
1958 1099 2064 1154 Sed

481 1192 826 1262 incipiendus
872 1193 1002 1248 hinc
1039 1202 1124 1248 est
1158 1191 1336 1247 liber:
1371 1211 1390 1244 ι
1421 1192 1612 1247 Postea
1651 1191 1932 1247 descendit
1959 1189 2064 1244 Ca-

479 1287 787 1357 pharnaum
820 1285 960 1356 ipse,
990 1292 1043 1340 et
1072 1294 1249 1340 mater
1277 1283 1421 1352 ejus,
1476 1293 1532 1340 et
1574 1283 1772 1339 fratres
1806 1283 1956 1352 ejus,
2011 1291 2066 1336 et

479 1379 732 1446 discipuli
775 1377 928 1448 ejus,
978 1389 1036 1435 et
1070 1389 1391 1435 manserunt
1437 1376 1508 1432 ibi
1559 1392 1666 1432 non
1723 1376 1905 1430 multis
1943 1376 2064 1430 die-

478 1471 583 1526 bus
616 1470 684 1524 ”.
710 1489 730 1523 ι
773 1470 949 1526 Etiam
990 1471 1175 1526 ceteri
1209 1480 1323 1526 tres
1352 1470 1445 1540 qui
1481 1468 1774 1538 Evangelia
1822 1471 2065 1537 scripse-

479 1577 633 1634 runt,
675 1569 929 1638 inquiunt
975 1568 1267 1624 Dominum
1331 1567 1385 1622 in
1431 1565 1716 1622 Galilaeam
1771 1563 2066 1618 secessisse

479 1669 606 1730 post
643 1661 815 1732 ipsius
849 1671 1040 1716 contra
1089 1659 1368 1716 diabolmn
1414 1665 1720 1722 certamen,
1775 1655 2066 1710 Hattbaaus

480 1763 664 1809 autem
717 1765 772 1809 et
819 1753 1020 1819 Lucas,
1066 1753 1216 1824 prius
1276 1768 1401 1808 cum
1459 1751 1702 1807 venisset
1757 1748 2061 1814 Nazaretb,

479 1855 666 1915 postea
692 1846 782 1902 illa
807 1847 995 1902 relicta
1022 1845 1322 1917 profectum
1353 1844 1629 1900 habitasse
1651 1841 2059 1912 Capharnaum.

479 1938 770 1996 Matthmus
806 1955 937 1996 vero
980 1950 1036 1995 et
1079 1938 1294 1994 Marcus
1322 1952 1545 1993 causam
1573 1937 1739 1991 etiam
1767 1935 2059 2004 quamdam

480 2033 666 2088 dicunt
686 2047 786 2086 cur
814 2031 930 2102 ipse
955 2031 1080 2086 inde
1100 2030 1436 2094 discesserit,
1465 2042 1658 2098 nempe
1677 2027 1802 2096 quia
1820 2029 2063 2082 audisset

479 2123 742 2180 Joannem
786 2124 856 2178 ab
887 2121 1100 2180 Herode
1143 2123 1196 2178 in
1231 2135 1510 2178 carcerem
1543 2117 1841 2187 conjectum
1870 2119 2058 2176 fuisse.

481 2217 696 2272 Habent
746 2225 928 2272 autem
990 2231 1049 2272 se
1099 2217 1181 2271 sic
1210 2217 1373 2270 verba
1403 2213 1671 2274 .Matthzei
1721 2213 1937 2282 quidem
1971 2213 2058 2266 σοι

487 2329 508 2362 ι
540 2308 694 2365 Tunc
725 2309 931 2364 omittit
957 2307 1104 2362 illum
1134 2306 1403 2374 diabolus,
1441 2315 1496 2362 et
1527 2321 1656 2361 ecce
1688 2306 1867 2374 angeli
1905 2322 2062 2362 acce-

481 2403 704 2468 debant,
745 2410 802 2457 et
843 2400 1237 2455 ministrabant
1289 2399 1363 2455 ei.
1413 2399 1550 2454 Cum
1601 2397 1846 2454 audisset
1876 2407 2061 2452 autem

480 2490 640 2551 Iesus
681 2490 947 2550 Joannem
1005 2493 1263 2545 traditum
1320 2504 1478 2556 esse,
1537 2488 1764 2544 secessit
1817 2488 1871 2543 in
1915 2487 2064 2544 Gali-

481 2586 680 2655 lteam;
711 2599 788 2654 et,
822 2588 1016 2644 relicta
1048 2585 1341 2649 Nazareth,
1389 2582 1663 2654 proiectus
1713 2583 1978 2638 habitavit
2010 2582 2061 2636 in

481 2684 810 2752 Capharnao
845 2679 1143 2740 maritima,
1178 2679 1230 2733 in
1284 2679 1482 2732 ﬁnibus
1515 2677 1762 2731 Zahulon
1799 2686 1854 2732 et
1883 2675 2065 2746 Neph-

484 2770 1112 2842 thalim,utimpleretur
1131 2769 1276 2840 quod
1305 2769 1508 2824 dictum
1537 2769 1715 2823 fuerat
1745 2783 1843 2838 per
1869 2769 2063 2824 Isaiam

485 2863 834 2931 prophetam,
895 2864 1168 2919 dicentem
1201 2879 1217 2918 :
1251 2862 1423 2918 Terra
1467 2862 1750 2927 Zabulon,
1801 2872 1856 2917 et
1919 2872 2063 2917 terra

486 2951 832 3022 Nephthalim
871 2973 883 3008 :
917 2972 936 3004 ι
961 2963 1017 3010 et
1039 2965 1161 3024 post
1189 2969 1276 3020 ea,
1312 2967 1437 3022 qua
1467 2955 1612 3008 dicta
1645 2962 1771 3006 sunt
1808 2952 1862 3007 in
1891 2951 2023 3006 Isaia
2046 2994 2060 3019 ,

485 3047 620 3102 dicit
656 3064 670 3100 :
713 3065 732 3098 ι
758 3045 835 3101 Ex
865 3060 932 3102 eo
965 3056 1209 3118 tempore
1252 3047 1419 3118 carpit
1457 3045 1616 3102 Jesus
1656 3047 1980 3116 praedicare,
2010 3057 2066 3101 et

485 3138 1107 3210 dicerezkesipiscite,
1165 3139 1334 3196 instat
1399 3142 1548 3195 enim
1613 3154 1838 3208 regnum
1901 3139 2058 3195 caelo,
2093 3179 2136 3236 ε

485 3247 608 3286 rum
643 3270 659 3286 .
705 3250 726 3284 ι
767 3231 981 3288 Marcus
1017 3249 1148 3287 vero
1192 3251 1205 3286 :
1247 3249 1266 3280 ι
1312 3229 1380 3284 Et
1419 3241 1578 3294 erat,
1650 3232 1848 3301 inquit,
1888 3231 1944 3286 in
1971 3231 2064 3286 de-

483 3331 633 3378 serto
675 3321 1042 3392 quadraginta
1089 3321 1204 3377 dies
1247 3332 1302 3376 et
1347 3319 1710 3393 quadraginta
1758 3329 1971 3386 noctes,
2012 3329 2067 3374 et

486 3417 850 3472 tentabatura
873 3415 1079 3471 Satana
1118 3433 1132 3469 :
1163 3424 1391 3485 eratque
1428 3430 1551 3470 cum
1585 3413 1749 3479 feris,
1800 3422 1854 3467 et
1893 3411 2066 3482 angeli

484 3507 874 3563 ministrabant
931 3507 1032 3562 illi.
1110 3505 1405 3578 Postquam
1458 3517 1640 3562 autem
1699 3505 1933 3559 traditus
1987 3513 2070 3558 est

483 3599 742 3664 Joannes,
762 3597 1092 3656 venitlesus
1132 3601 1184 3656 in
1217 3600 1522 3665 Galilaeam,
1559 3599 1860 3670 praedicans
1889 3597 2068 3651 Evan-

483 3691 684 3762 gelium
718 3693 836 3756 Dei,
863 3706 1061 3762 nempe
1094 3713 1106 3746 :
1143 3692 1431 3763 lmpletum
1467 3701 1556 3748 est
1588 3702 1799 3761 tempus
1822 3733 1838 3757 ,
1873 3691 2069 3749 instat-

483 3798 593 3854 que
641 3799 865 3854 regnum
919 3783 1040 3838 Dei.
1071 3783 1400 3853 Resipiscite
1424 3827 1438 3848 ,
1485 3794 1543 3838 et
1581 3783 1790 3838 credite
1823 3784 2070 3855 Evange-

484 3875 558 3931 lio
599 3876 665 3930 “.
699 3895 718 3929 ι
760 3875 967 3931 Deinde
1026 3892 1150 3932 cum
1183 3887 1498 3931 enarrasset
1519 3876 1586 3931 de
1630 3877 1845 3931 Andrea
1898 3888 1952 3932 et
2003 3880 2071 3931 de

482 3968 668 4035 Petro,
734 3967 1049 4038 Jacoboque
1094 3983 1158 4023 ac
1201 3966 1450 4033 Joanne,
1510 3968 1706 4023 scribit
1749 3970 1906 4023 lucc:
1951 3987 1970 4019 ι
2006 3969 2070 4022 Et

483 4063 768 4132 ingressus
796 4071 882 4116 est
909 4059 1316 4132 Capharnaum,
1349 4070 1405 4114 et
1425 4061 1611 4116 statim
1642 4060 1889 4116 sabbatis
1912 4062 2070 4116 doce-

482 4152 579 4208 bat
607 4153 661 4208 in
689 4151 1003 4224 Synagoga.
1031 4173 1051 4206 ι
1079 4151 1263 4208 Lucas
1296 4167 1426 4208 vero
1456 4168 1470 4204 :
1512 4171 1530 4204 ι
1562 4153 1776 4208 Etcum
1816 4168 2070 4208 consum-

482 4254 734 4312 masset,
797 4245 1009 4315 inquit,
1075 4245 1429 4300 tentationem
1497 4243 1788 4311 diabolus,
1846 4244 2072 4299 recessit

482 4337 554 4392 ab
589 4335 684 4392 illo
714 4351 888 4406 usque
924 4337 992 4392 ad
1031 4347 1266 4406 tempus.
1309 4337 1376 4392 Et
1408 4351 1664 4392 reversus
1699 4347 1786 4391 est
1821 4334 1980 4390 Iesus
2015 4336 2068 4389 in

481 4429 692 4484 virtute
739 4427 978 4499 Spiritus
1035 4429 1091 4484 in
1153 4429 1470 4494 Galilaeam,
1530 4439 1586 4484 et
1629 4428 1774 4484 fama
1808 4429 1944 4484 exiit
1977 4442 2071 4496 per

2165 545 2257 598 τὸν
2292 547 2420 617 περὶ
2448 546 2696 618 ἀριθμῶν
2727 550 2836 610 τοῖς
2881 548 2950 600 τά
2987 548 3212 600 τοιαῦτα
3246 548 3543 619 ἐξιχνεύειν
3588 551 3748 603 δυνα-

2168 637 2348 708 μένοις
2381 637 2623 691 διδάσκει
2671 638 2847 707 λόγον.
2880 638 3065 692 Ταῦτα
3118 639 3176 692 δέ
3212 658 3301 709 μοι
3357 642 3415 693 ἐν
3470 642 3614 712 ἀρχῇ
3654 639 3750 694 τοῦ

2163 727 2392 780 δεκάτου
2438 729 2606 799 τόμον
2654 729 2870 797 λέγεται
2918 731 3055 802 πρὸς
3102 731 3184 795 σὲ,
3232 730 3503 801 πολλαχοῦ
3551 731 3752 803 ὁρῶντι

2165 819 2265 888 τῆς
2297 820 2518 891 Γραφῆς
2573 822 2937 893 διαφερούσης
2993 823 3294 894 προνομίας
3349 823 3615 895 τετυχότα
3662 825 3756 878 τὸν

2164 910 2295 964 δέκα
2322 913 2668 984 ἀριθμὸν,·ὠς
2699 915 2874 968 ἔνεστι
2897 917 2991 969 καὶ
3024 917 3106 968 σο)⁸
3131 915 3407 986 ἐπιμελῶς
3439 921 3756 982 κατανοεῖν,

2167 1002 2438 1068 ἐλπίζοντι
2470 1006 2531 1059 τὸ
2562 1006 2826 1076 λήψεσθαι
2843 1007 2950 1061 ἀπὸ
2973 1007 3109 1060 Θεοῦ
3137 1008 3296 1061 πλέον
3321 1027 3372 1062 τι
3395 1009 3492 1062 καὶ
3525 1011 3608 1072 είς
3633 1009 3760 1064 τοῦ-

2164 1112 2257 1150 τον
2288 1097 2379 1150 τὸν
2426 1097 2617 1168 τόμον’
2665 1099 2804 1170 ὅπερ
2858 1099 2944 1152 ἵνα
2991 1099 3266 1170 ὑπαρχθῇ,
3303 1100 3447 1154 κατὰ
3498 1100 3757 1172 δύναμιν,

2165 1190 2500 1260 ἐμπαρέχειν
2528 1192 2755 1254 ἑαυτοὺς
2784 1191 2861 1262 τῷ
2892 1191 3182 1263 δωρεῖσθαι
3215 1191 3286 1244 τὰ
3311 1192 3580 1246 κάλλιστα
3630 1194 3759 1264 βου-

2164 1282 2375 1354 λομένῳ
2428 1284 2548 1355 Θεῷ
2600 1283 2938 1356 πειρώμεθα.
2982 1285 3236 1355 Ἀρκτέον
3285 1285 3344 1338 δὲ
3383 1285 3480 1338 τοῦ
3537 1285 3750 1355 βιϐλίου

2167 1375 2414 1428 ἐντεῦθεν
2435 1394 2447 1406 ·
2481 1396 2497 1426 ι
2531 1375 2686 1430 Μετὰ
2715 1376 2873 1430 τοῦτο
2897 1377 3102 1448 κατέϐη
3128 1380 3208 1441 είς
3236 1379 3626 1449 Καφαρναοὺμ
3654 1382 3758 1431 αὑ-

2163 1469 2274 1532 τὸς,
2306 1471 2400 1524 καὶ
2428 1473 2460 1541 ἡ
2492 1472 2674 1542 μήτηρ
2704 1470 2892 1537 αὑτοῦ,
2918 1471 3012 1525 καὶ
3037 1473 3088 1524 οί
3115 1471 3355 1541 ἀδελφοὶ,
3380 1473 3476 1525 καὶ
3495 1473 3547 1525 οί
3580 1471 3762 1544 μαθη-

2163 1563 2274 1624 ταὶ,
2307 1563 2402 1615 καὶ
2435 1565 2550 1615 ἐκεῖ
2601 1562 2814 1633 ἔμεινεν
2865 1564 2926 1616 οὑ
2985 1563 3187 1626 πολλὰς
3227 1565 3462 1636 ἡμέρας.
3503 1585 3522 1616 ι
3560 1566 3676 1619 Καὶ
3707 1567 3759 1620 οί

2165 1653 2342 1707 λοιποὶ.
2368 1658 2518 1724 τρεῖς
2551 1654 2662 1725 (58)
2696 1655 3005 1726 γράψαντες
3029 1656 3098 1710 τὰ
3137 1657 3447 1726 Εὑαγγέλια
3485 1658 3630 1729 μετά
3665 1658 3761 1713 τὸν

2167 1746 2304 1817 πρὸς
2326 1747 2416 1800 τὸν
2430 1747 2671 1801 διάϐολος
2685 1748 2872 1816 ἀγῶνα
2885 1748 2979 1803 τοῦ
2991 1749 3218 1821 Κυρίου,
3245 1751 3325 1813 είς
3349 1749 3448 1821 τήν
3460 1749 3760 1808 Γαλιλαίαν

2169 1837 2334 1907 φασὶν
2363 1839 2526 1892 αὑτὸν
2555 1840 3051 1911 ἀνακεχωρηκέναι,
3097 1840 3372 1906 Ματθαῖος
3395 1841 3454 1894 δὲ
3485 1842 3584 1896 καὶ
3618 1843 3762 1896 Δου-

2168 1929 2290 1993 κάς,
2324 1928 2589 2000 πρότερον
2615 1931 2904 2001 γενόμενον
2948 1933 3008 1985 ἐν
3055 1931 3352 2003 Ναξάροις,
3407 1933 3552 2005 μετά
3585 1933 3762 1989 ταῦτα

2169 2018 2596 2075 καταλελοιπότα
2633 2022 2774 2076 αὐτὰ
2818 2021 3038 2077 ἐλθόντα
3075 2025 3455 2096 κατῳκηκέναι
3509 2029 3592 2090 εἰς
3643 2028 3765 2080 Ka-

2171 2113 2478 2184 φαρναούμ.
2498 2115 2554 2168 ὐ
2569 2115 2626 2168 δὲ
2651 2115 2931 2180 Ματθαῖος
2953 2118 3046 2171 καὶ
3067 2117 3291 2190 Μάρκος
3308 2119 3404 2172 καὶ
3419 2119 3612 2173 αἰτίαν
3639 2119 3766 2174 τινὰ

2170 2203 2384 2274 λέγουσι
2415 2205 2508 2259 τοῦ
2543 2207 2706 2260 αὑτὸν
2736 2208 2943 2262 ἐκεῖθεν
2987 2211 3498 2282 ἀνακεχωρηκέναι,
3529 2213 3593 2266 τὸ
3626 2214 3765 2285 ἀκηυ

2171 2301 2375 2365 κοέναι,
2403 2303 2487 2356 ὃτι
2520 2302 2772 2373 Ἰωάννης
2821 2302 3116 2377 παρεδόθη.
3149 2305 3302 2376 Ἔχει
3353 2305 3411 2358 δέ
3459 2305 3647 2372 οὕτως
3693 2306 3764 2360 τά

2171 2397 2333 2468 ρητά,
2365 2397 2457 2450 τοῦ
2507 2398 2608 2468 μὲν
2641 2397 2961 2451 Ματθαίου’
3005 2417 3023 2448 ι
3076 2397 3210 2450 Τότε
3259 2397 3490 2467 ἀφίησιν
3524 2397 3691 2452 αὐτὸν
3735 2400 3764 2452 ό

2168 2490 2432 2555 διάϐολος,
2469 2491 2562 2545 καὶ
2595 2491 2704 2545 ἰδοὺ
2734 2491 2954 2560 ἄγγελοι
2984 2491 3307 2563 προσῆλθον,
3345 2491 3442 2546 καὶ
3471 2491 3763 2564 διηκόνων

2171 2584 2318 2654 αὑτῷ
2348 2585 2482 2655 (39).
2517 2584 2779 2648 Ἀκούσας
2801 2585 2879 2649 δέ,
2905 2585 2984 2638 ὅτι
3025 2586 3277 2656 Ἰωάννης
3311 2585 3616 2657 παρεδόθη,
3639 2587 3764 2640 ἀνε-

2169 2676 2418 2750 χώρησεν
2452 2681 2530 2742 είς
2563 2677 2875 2742 Γαλιλαίαν,
2896 2681 2990 2733 καὶ
3010 2677 3327 2733 καταλιπὼν
3349 2679 3446 2752 τὴν
3471 2677 3760 2753 Ναζαρὲθ,

2171 2769 2341 2823 ἐλθὼν
2368 2771 2690 2842 κατῴκησεν
2731 2773 2812 2835 είς
2843 2773 3224 2844 Καφαρναοὺμ
3258 2771 3358 2844 τὴν
3400 2773 3762 2845 παραθαλασ-

2173 2861 2314 2926 σίαν,
2359 2865 2417 2916 ὲν
2449 2865 2620 2936 ὁρίοις
2656 2863 2942 2918 Ζαϐουλὼν
2978 2866 3072 2919 καὶ
3117 2865 3455 2937 Νεφθαλείμ,
3495 2867 3586 2921 ἵνα
3625 2866 3764 2939 πλη-

2173 2955 2320 3026 ρωθῇ
2351 2956 2410 3008 τὸ
2443 2957 2606 3028 ῥηθὲν
2638 2956 2726 3009 διὰ
2766 2957 2990 3010 Ἡσαΐου
3012 2955 3106 3010 τοῦ
3133 2959 3438 3029 προφήτου,
3464 2956 3756 3027 λέγοντος·

2171 3045 2249 3115 Γῆ
2274 3045 2560 3100 Ζαϐουλὼν
2583 3047 2756 3117 καὶγῆ
2785 3046 3236 3118 Νεφθαλείμ(ϋθ)·
3265 3067 3282 3098 ι
3320 3049 3414 3101 καὶ
3438 3049 3584 3118 μετά
3601 3049 3671 3103 τὰ
3703 3052 3762 3102 ἐν

2170 3137 2248 3209 τῷ
2288 3140 2485 3210 Ἡσαΐᾳ
2514 3139 2672 3212 ῥητὰ,
2704 3139 2882 3208 λέγει·
2926 3159 2944 3192 t
2995 3141 3127 3194 Ἀπὸ
3165 3141 3290 3194 τότε
3338 3140 3546 3212 ήρξατο
3581 3145 3610 3195 ὁ
3660 3143 3766 3214 Ἰη-

2175 3229 2299 3294 σοῦς
2321 3231 2634 3302 κηρύσσειν,
2669 3233 2764 3285 καὶ
2792 3232 2972 3300 λέγειν
2995 3249 3007 3262 ’
3045 3233 3391 3296 Μετανοεῖτε,
3419 3233 3622 3304 ἦγγικε
3655 3233 3765 3306 γάρ

2175 3322 2208 3393 ἡ
2254 3322 2500 3394 βασιλεία
2547 3323 2654 3378 τῶν
2701 3325 2970 3393 οὐρανῶν.
3014 3344 3032 3377 ι
3073 3325 3132 3378 Ὀ
3173 3326 3230 3378 δέ
3283 3326 3546 3398 Μάρκοςο
3593 3346 3613 3378 ι
3652 3328 3765 3380 Καὶ

2168 3409 2273 3484 ἦν,
2338 3416 2535 3486 φησιν,
2602 3416 2660 3469 ἐν
2719 3417 2791 3486 τῇ
2837 3418 3031 3489 ἐρήμῳ
3082 3419 3492 3490 τεσσαράκοντα
3545 3421 3766 3492 ἡμέρας

2172 3509 2266 3561 καὶ
2315 3508 2719 3577 τεσσαράκοντα
2763 3509 2964 3574 νύκτας
3016 3509 3150 3581 (61),
3209 3511 3610 3583 πειραζόμενος
3659 3513 3767 3566 ὑπὸ

2169 3597 2264 3650 τοῦ
2303 3598 2546 3650 Σατανᾶ·
2573 3599 2667 3651 καὶ
2695 3594 2764 3670 ἦν
2793 3598 2931 3670 μετά
2965 3597 3073 3651 τῶν
3107 3598 3335 3671 θηρίων,
3369 3600 3464 3652 καὶ
3501 3602 3554 3652 οἱ
3596 3602 3767 3669 ἄγγε-

2170 3691 2252 3744 λοι
2305 3693 2590 3764 διηκόνουν
2644 3691 2814 3764 αὐτῷ.
2870 3693 3031 3747 Μετά
3071 3694 3128 3748 δὲ
3167 3693 3228 3746 τὸ
3255 3694 3635 3766 παραδοθῆναι
3670 3696 3767 3750 τὸν

2185 3785 2454 3856 Ἰωάννην,
2486 3781 2650 3858 ἦλθεν
2674 3787 2702 3838 ό
2747 3786 2954 3857 Ἰησοῦς
2979 3789 3059 3851 είς
3084 3787 3184 3858 τὴν
3214 3787 3525 3853 Γαλιλαίαν,
3561 3790 3768 3862 κηρύσ-

2173 3894 2282 3932 σων
2309 3877 2370 3931 τὸ
2397 3879 2732 3948 Εὐαγγέλιον
2759 3878 2852 3932 τοῦ
2875 3878 3034 3940 Θεοῦ.
3065 3880 3148 3932 ὅτι
3179 3879 3535 3954 πεπλήρωται
3564 3885 3594 3936 ὁ
3633 3901 3764 3939 και-

2173 3971 2286 4042 ρὸς,
2313 3970 2405 4025 καὶ
2433 3975 2662 4042 ηγγικεν
2701 3973 2733 4043 ή
2766 3970 3008 4042 βασιλεία
3051 3971 3144 4025 τοῦ
3190 3972 3348 4030 Θεοῦ.
3404 3975 3764 4043 Μετανοεῖτε,

2171 4064 2266 4118 καὶ
2321 4063 2604 4116 πιστεύετε
2651 4062 2730 4134 τῷ
2783 4063 3122 4135 Εὑαγγελίῳ.
3159 4085 3176 4114 ι
3210 4065 3463 4128 Ἔπειτα,
3493 4067 3768 4139 διηγησά-

2175 4170 2334 4224 μενος
2367 4153 2617 4224 καὶπερὶ
2651 4153 2922 4225 Ἀνδρέου,
2972 4155 3062 4208 καὶ
3108 4155 3314 4226 Πέτρου
3338 4195 3352 4218 ,
3393 4156 3655 4211 Ἰακώϐου
3702 4177 3768 4213 τε

2172 4246 2267 4298 καὶ⁵
2308 4245 2578 4311 Ἰωάννου,
2621 4245 2928 4317 ἀναγράφει
2976 4247 3182 4301 ταῦτα·
3223 4267 3241 4298 t
3295 4248 3406 4301 Kal
3441 4250 3769 4322 εἰσπορευό-

2176 4355 2334 4409 μενος
2371 4341 2450 4401 είς
2501 4339 2902 4410 Καφαρναοὺμ,
2951 4339 3044 4392 καὶ
3085 4339 3287 4403 εὐθέως
3328 4343 3439 4405 τοῖς
3493 4341 3766 4396 σάϐϐασιν

2173 4430 2451 4484 ἐδίδασκεν
2519 4431 2598 4493 εἰς
2649 4431 2748 4501 τὴν
2802 4431 3147 4502 συναγωγήν.
3204 4450 3222 4481 ι
3292 4432 3349 4485 '0
3402 4431 3457 4485 δὲ
3509 4435 3764 4500 Λουκᾶςο

481 4521 795 4578 universam
841 4524 1116 4593 regionem
1171 4525 1238 4578 de
1291 4525 1433 4592 ipso,
1489 4532 1546 4580 et
1593 4523 1706 4593 ipse
1735 4523 1967 4577 docebat
2013 4520 2066 4574 in

2179 4542 2197 4574 ι
2224 4525 2332 4578 Καὶ
2371 4523 2714 4588 συντελέσας,
2771 4527 2924 4595 φησὶ,
2960 4526 3052 4578 τὸν
3094 4526 3398 4597 πειρασμὸν
3423 4527 3451 4578 ὁ
3483 4526 3764 4593 διάϐολος,

482 4615 782 4688 synagogis
812 4629 1030 4683 eorum,
1071 4627 1126 4672 et
1155 4617 1565 4687 gloriﬁcabatur
1596 4619 1664 4671 ab
1693 4616 1968 4671 omnibus.
2003 4613 2069 4668 Et

482 4705 639 4762 venit
684 4707 738 4761 in
801 4705 1038 4773 Nazara,
1089 4707 1179 4763 ubi
1235 4718 1360 4765 erat
1405 4708 1684 4773 nutritus,
1733 4705 2068 4773 intravitque

489 4797 647 4870 162
677 4799 973 4855 secundum
1033 4801 1485 4857 consuetudinem
1531 4815 1685 4854 suam
1735 4799 1823 4854 die
1873 4797 2069 4853 sabba-

486 4897 664 4944 torum
695 4890 750 4945 in
795 4889 1142 4964 Synagogam
1171 4894 1237 4949 ".
1269 4913 1288 4947 ι
1355 4894 1601 4962 Cumque
1641 4892 1916 4948 docuisset
1945 4905 2068 4962 qua:

483 4980 543 5038 in
591 4980 824 5040 Nazaris
857 4989 926 5042 ab
975 4988 1096 5058 ipso
1141 4988 1288 5044 dicta
1333 4987 1553 5044 fuerant
1602 4989 1670 5054 ⁸³,
1717 4987 2072 5056 furoremque

558 5167 608 5206 ⁸⁹
631 5167 995 5237 1020.11.12.
1073 5172 1118 5204 ⁸ο
1143 5171 1275 5244 Cap.
1302 5189 1375 5238 Iv,
1415 5188 1468 5228 v.
1504 5173 1565 5228 ll
1598 5188 1752 5243 seqq.
1829 5171 1871 5203 ⁸³
1906 5170 2072 5226 Marc.
2100 5185 2141 5235 ι,
2175 5169 2245 5226 l3
2275 5186 2431 5243 seqq.

2175 4615 2386 4686 ἀπέστη
2418 4617 2514 4670 ἀπ’
2561 4616 2728 4671 αὐτοῦ
2777 4617 2905 4689 ἄχρι
2954 4616 3167 4688 καιροῦ.
3223 4618 3332 4670 Καὶ
3365 4617 3768 4688 ὑπέστρεψενό

2188 4707 2396 4779 Ἰησοῦς
2425 4711 2485 4763 ἐν
2517 4713 2584 4782 τῇ
2607 4710 2837 4780 δυνάμει
2891 4709 2985 4763 τοῦ
3017 4709 3336 4782 Πνεύματος
3369 4713 3447 4776 είς
3475 4710 3572 4782 τὴν
3599 4712 3767 4765 Γαλι-

2174 4800 2350 4865 λαίαν,
2383 4801 2479 4855 καὶ
2523 4803 2680 4874 φήμη
2731 4801 2924 4873 ἐξῆλθε
2958 4802 3079 4856 καθ’
3120 4803 3247 4872 ὅλης
3290 4804 3390 4873 τῆς
3443 4802 3762 4876 περιχώρου

2178 4893 2306 4964 περὶ
2326 4893 2514 4958 αὐτοῦ,
2546 4893 2642 4946 καὶ
2669 4892 2831 4957 αὐτὸς
2872 4893 3150 4948 ἐδίδασκεν
3179 4894 3237 4946 ἐν
3263 4896 3385 4956 ταῖς
3416 4899 3772 4963 συναγωγαῖς

2177 4984 2380 5050 αὐτῶν,
2407 4983 2764 5058 δοξαζόμενος
2795 4986 2900 5040 ὑπὸ
2927 4987 3165 5041 πάντων.
3193 4987 3305 5041 Καὶ
3335 4982 3500 5058 ἦλθεν
3536 4988 3616 5051 εἰς
3651 4985 3772 5040 Νά-

2513 5173 2557 5204 ⁶¹
2598 5171 2732 5227 Luc.
2769 5187 2844 5239 tv,
2897 5171 2964 5226 l5
2995 5186 3148 5242 seqq.
3229 5171 3274 5202 “
3320 5170 3451 5226 ibid.
3486 5169 3548 5224 2|
3603 5185 3772 5244 seqq.

491 5355 775 5428 Scriptura
805 5355 953 5426 digni
981 5354 1158 5411 habiti
1195 5364 1344 5420 sunt,
1383 5363 1533 5409 certe
1573 5353 1960 5424 inquirendum
1991 5361 2075 5407 cst
2182 5369 2214 5410 e
2241 5355 2428 5428 codice
2453 5352 2776 5428 Bodleiano.

491 5443 623 5483 num
655 5427 796 5482 forte
825 5442 987 5487 unus.
1015 5436 1122 5481 etc.
1159 5443 1178 5475 ι

563 5497 680 5569 (58)
719 5496 828 5552 Kal
859 5499 914 5550 οί
941 5496 1142 5551 λοιποὶ
1175 5493 1497 5569 τςρεςιὶ’ς.“5ἰ(ιΔ
1512 5492 1684 5548 codex
1719 5491 2072 5569 Bodleianus,

492 5561 732 5636 optime;
772 5569 915 5621 male
966 5583 1096 5622 vero
1146 5561 1319 5621 codex
1367 5563 1600 5636 Regius.
1647 5564 1741 5636 καί
1792 5565 1840 5636 οί
1893 5561 2074 5636 λοιποὶ

493 5634 624 5710 gap.
657 5637 1100 5710 lluicperversae
1143 5637 1361 5694 lectioni
1399 5634 1668 5708 originem
1710 5635 1858 5690 dedit
1893 5634 2071 5698 littera

493 5708 536 5763 Γ
565 5708 871 5780 numeralis
893 5725 991 5778 pro
1014 5711 1182 5780 τρεῖς.

564 5779 677 5842 (59)
719 5775 907 5847 Αίντῷζ
943 5775 1101 5837 Deest
1127 5781 1181 5836 iu
1209 5779 1395 5837 codice
1435 5775 1630 5848 Regio,
1654 5776 1750 5834 sed
1782 5783 2072 5832 revocatur

2254 5425 2367 5498 (60)
2400 5426 2517 5498 Καὶ
2569 5426 2647 5497 τῆ
2693 5427 3056 5498 Νεφθαλείμ.
3108 5423 3245 5498 Ilaec
3277 5423 3661 5498 desiderantur
3706 5420 3772 5481 in

2179 5494 2368 5553 codice
2399 5494 2592 5566 Regio,
2623 5494 2718 5551 Sed
2755 5494 3116 5552 restituuntur
3147 5510 3178 5548 e
3212 5494 3527 5566 Bodleiano.

2251 5567 2363 5639 (61)
2403 5563 2512 5622 Καὶ
2557 5566 3013 5636 τεσσαράκοντα
3058 5568 3300 5639 νύκτας,
3354 5563 3512 5618 Deest
3561 5565 3768 5639 in‘eo-

2180 5629 2300 5720 dice
2327 5629 2642 5705 Bodleiano,
2675 5629 2776 5696 nec
2817 5639 3018 5696 lectum
3049 5649 3133 5694 est
3164 5638 3232 5692 ab
3258 5629 3578 5705 interprete
3621 5629 3769 5694 Fer-

2179 5723 2348 5765 rario.
