4194 6398
443 331 547 389 309

1527 340 1884 399 COMMENT.
1923 340 1990 397 IN
2025 340 2216 398 JOAN.
2257 339 2493 397 TOMUS
2529 341 2599 397 X.

3586 349 3711 403 51ον

443 446 607 520 ζαρα,
637 441 700 504 οὗ
728 441 797 521 ἦν
827 451 1229 525 τεθραμμένος,
1261 456 1353 511 καὶ
1379 456 1593 528 εἰσῆλθε
1637 457 1778 512 κατὰ
1808 458 1869 510 τὸ
1901 458 2021 510 είω-

2132 472 2319 512 eorum
2361 459 2457 527 qui
2499 466 2659 513 erant
2693 457 2744 511 in
2780 458 3067 530 Synagoga
3100 462 3362 516 adversus
3398 461 3591 531 ipsum,
3638 475 3696 519 ut

443 540 536 605 θὺς
564 540 714 611 αὐτῷ
735 541 793 594 ἐιν
825 546 889 615 τῇ
914 546 1096 618 ήμέρᾳ
1134 547 1245 601 τῶν
1277 548 1559 603 σαϐϐάτων
1604 552 1683 614 είς
1715 548 1811 620 τὴν
1855 566 2015 603 συνα-

442 637 651 707 γωγήν.
691 653 710 686 ι
741 634 1107 709 [παραστήσας
1126 640 1183 693 δὲ
1212 640 1280 693 τὰ
1299 643 1356 694 ὲν
1380 642 1653 713 Ναξάροις
1675 643 1822 715 αὐτῷ
1862 645 2015 713 εἰρη-

447 729 603 802 μένα,
636 731 732 785 καὶ
758 733 849 785 τὸν
866 735 995 787 κατ’
1019 731 1184 785 αὐτοῦ
1211 732 1380 804 θυμὸν
1404 733 1513 788 τῶν
1540 736 1597 787 ὲν
1627 738 1693 806 τῇ
1709 735 2018 803 συναγωγῇ,

442 822 814 878 ἐκϐαλλόντων
842 824 1005 879 αὐτὸν
1029 824 1135 889 ἔξω
1178 826 1279 896 τῆς
1320 827 1548 891 πόλεως,
1578 830 1671 881 καὶ
1709 828 2021 897 ἀγαγόντων

449 932 468 963 ι
498 912 604 980 ῑως
623 913 826 986 ὀφρύος
855 915 950 969 τοῦ
978 915 1157 988 ὅρους,
1190 917 1275 986 ἐφ’
1304 913 1363 971 οῦ
1392 920 1446 970 αἱ
1470 917 1653 981 πόλεις
1684 917 1863 971 αὐτῶν
1891 917 2024 987 ᾠκο-

441 1005 696 1077 δόμηντο,
729 1006 871 1060 ὥστε
896 1010 1335 1081 κατακρημνίσαι
1360 1010 1540 1075 αὐτὸν,
1572 1030 1590 1061 ι
1626 1010 1719 1064 καὶ
1750 1029 1769 1061 ι
1796 1008 2024 1072 ὼςδιελ-

2120 548 2210 615 qui
2241 545 2528 613 eiecissent
2556 562 2678 601 eum
2712 563 2742 602 e
2769 550 2992 604 civitate
3015 590 3031 615 ,
3080 566 3142 605 ac
3170 550 3451 606 duxissent
3482 570 3501 603 ι
3525 569 3698 624 usque

2124 638 2190 692 ad
2222 639 2574 707 supercilium
2604 643 2832 705 montis,
2873 656 3037 710 super
3067 657 3229 713 quem
3262 643 3456 697 civitas
3486 644 3696 699 illorum

2122 740 2239 785 erat
2301 731 2604 798 aediﬁcata,
2665 742 2724 786 ut
2784 734 3193 802 praecipitarent
3251 750 3467 799 eum,»
3542 746 3598 790 et
3640 746 3700 790 ut

2131 840 2149 873 ι
2174 825 2443 876 transiens
2470 838 2568 892 per
2612 824 2846 878 medium
2886 825 3098 879 illorum
3130 828 3279 893 ibat,
3317 848 3336 879 ι
3386 829 3698 896 superaddit

2124 915 2240 969 hare
2273 933 2286 969 :
2326 934 2344 967 ι
2377 914 2442 969 Et
2471 917 2751 970 descendit
2794 915 3175 986 Capharnaum
3229 920 3505 974 civitatem
3550 919 3699 976 Gali-

2125 1010 2255 1075 laaze,
2285 1019 2341 1064 et
2364 1012 2591 1067 docebat
2619 1012 2738 1065 illos
2759 1012 2996 1067 sabbatis
3031 1014 3094 1066 “.
3129 1032 3146 1064 ι

444 1101 554 1157 θὼν
590 1102 679 1158 διὰ
704 1106 871 1176 μέσου
905 1105 1082 1159 αὐτῶν
1114 1106 1143 1158 6
1172 1105 1375 1175 Κύριος
1409 1104 1717 1176 ἐπορεύετο,
1762 1124 1778 1156 ι
1817 1101 2171 1157 ὲπισυνάπτει
2227 1101 2401 1157 ταῦτα
2425 1122 2439 1136 ο
2479 1123 2497 1155 ι
2546 1106 2658 1158 Καὶ
2708 1105 2971 1176 κατῆλθεν
3030 1107 3109 1167 εἰς
3167 1108 3545 1179 Καφαρναοὺμ
3596 1106 3699 1162 πό·

442 1197 527 1252 λιν
552 1199 652 1271 τῆς
680 1199 988 1264 Γαλιλαίας,
1018 1202 1110 1254 καὶ
1135 1196 1203 1271 ἧν
1232 1200 1496 1254 διδάσκων
1542 1201 1740 1263 αὐτοὺς
1770 1202 1827 1252 ὲν
1858 1201 1970 1260 τοῖς
2014 1195 2268 1249 σάϐϐασι.
2299 1217 2318 1248 ι

514 1296 571 1351 2.
602 1297 715 1369 Τὴν
748 1298 876 1369 περὶ
911 1297 1115 1351 τούτων
1150 1296 1261 1367 (62)
1301 1294 1555 1367 ἀληθειαν
1584 1294 1906 1352 ἀποκεῖσθαι
1960 1295 2016 1347 ὲν

2191 1293 2246 1348 2.
2290 1292 2587 1349 Veritatem
2640 1296 2709 1349 de
2756 1294 2905 1349 hisce
2954 1294 3116 1349 rebus
3148 1305 3361 1363 oportet
3403 1297 3695 1367 repositam

444 1389 558 1450 τοῖς
604 1388 837 1457 νοητοῖς,
871 1385 946 1457 μὴ
994 1386 1258 1459 λυομένης
1288 1386 1387 1456 τῆς
1425 1385 1718 1455 διαφωνίας
1763 1384 2017 1455 ἀφεῖσθαι

2132 1398 2237 1439 esse
2270 1385 2322 1438 in
2359 1386 2441 1440 his
2479 1401 2597 1455 quae
2637 1388 2821 1441 animo
2846 1399 3164 1456 cernuntur,
3209 1400 3303 1443 aut
3330 1389 3375 1444 si
3405 1390 3697 1444 dissonan-

444 1477 545 1547 τῆς
579 1476 833 1549 περὶτῶν
868 1477 1214 1545 Εὐαγγελίων
1244 1478 1498 1541 πίστεως,
1529 1476 1605 1541 ὡς
1638 1478 1739 1530 οὐκ
1780 1476 2016 1547 ἀληθῶν,

445 1568 567 1623 οὐδὲ
597 1569 853 1641 θειοτέρῳ
873 1569 1146 1640 Πνεῦματι
1172 1569 1571 1641 γεγραμμένων
1605 1569 1740 1640 (65),
1770 1569 1802 1640 ἢ
1835 1570 2020 1623 ἐπιτε-

2124 1476 2194 1527 tia
2244 1491 2352 1529 non
2397 1476 2659 1541 solvatur,
2700 1477 2954 1534 recedere
3012 1495 3042 1533 a
3099 1482 3202 1535 lide
3252 1480 3695 1550 Evangeliorum,

2124 1576 2377 1636 tanquam
2403 1583 2523 1637 qua:
2554 1582 2681 1622 vere
2717 1583 2825 1622 non
2870 1569 2981 1623 sint
3033 1573 3233 1639 scripta
3278 1586 3372 1638 per
3405 1570 3695 1639 Spiritum.

448 1660 766 1729 τευγμένως
795 1654 1412 1731 ἀπομνημονευθέντων
1444 1660 1715 1732 ἑκατέρως
1743 1660 1850 1733 γάρ
1876 1659 2022 1728 λέγε-

2132 1675 2299 1730 neque
2323 1662 2433 1715 sint
2454 1662 2723 1716 diviniora
2760 1676 2935 1731 neque
2967 1665 3173 1732 optimo
3197 1664 3389 1719 ordine
3418 1678 3697 1719 commen-

450 1766 539 1803 ται
573 1749 930 1820 συντετάχθαι
978 1751 1011 1820 ἡ
1047 1748 1250 1803 τούτων
1293 1750 1505 1822 Γραφή.
1543 1752 1883 1827 Λεγέτωσαν¹
1910 1752 2019 1823 γὰρ

449 1843 580 1914 ἡμῖν
612 1844 662 1895 οἱ
711 1841 1141 1915 παραδεχόμενοι
1185 1840 1255 1894 τὰ
1304 1845 1543 1915 τέσσαρα
1577 1844 1900 1913 Εὑαγγέλια,
1929 1846 2023 1898 καὶ

448 1933 548 2005 τὴν
571 1934 835 1990 δοκοῦσαν
860 1934 1157 2002 διαφωνίαν
1184 1934 1420 2004 οἰόμενοι
1456 1934 1529 2006 μὴ
1565 1935 1787 1989 λύεσθαι
1811 1936 1897 1989 διὰ
1926 1937 2023 2007 τῆς

450 2026 762 2097 ἀναγωγῆς,
794 2026 929 2097 πρὸς
955 2032 1075 2089 ταῖς
1124 2028 1534 2099 προηρῃμέναις
1562 2030 1693 2098 ἡμῖν
1737 2029 2021 2099 ἐπαπορή’

452 2133 571 2171 σεσι
596 2119 725 2191 περ)⁸
748 2118 855 2171 τῶν
898 2119 1303 2190 τεσσαράκοντα
1329 2120 1423 2173 τοῦ
1471 2119 1775 2191 πειρασμοῦ
1803 2120 2024 2191 ἡμερῶν

450 2210 702 2281 οὐδαμῶς
726 2210 1039 2281 δυναμένων
1075 2209 1258 2283 χώραν
1304 2211 1448 2282 ἔχειν
1483 2211 1632 2283 παρὰ
1664 2211 1742 2283 τῷ
1783 2214 2021 2285 Ἰωάννῃ,

454 2300 584 2353 πότε
614 2300 839 2369 γέγονεν
869 2302 927 2377 ὲν
956 2303 1021 2371 τῇ
1071 2302 1447 2372 Καφαρναοὺμ
1480 2304 1509 2355 6
1544 2301 1774 2373 Κύριος·
1818 2305 1866 2355 εί
1915 2302 2025 2372 γὰρ

456 2391 595 2462 μετὰ
631 2392 730 2455 τὰς
769 2390 828 2455 ἒξ
877 2390 969 2444 τοῦ
1023 2392 1111 2445 ὅτε
1156 2393 1455 2464 ἐϐαπτίσθη
1511 2394 1723 2465 ἡμέρας
1757 2392 1843 2466 (τῇ
1893 2394 2025 2466 ἕκτῃ

453 2483 752 2557 γενομένης
777 2486 877 2552 τῆς
901 2485 1041 2539 κατὰ
1066 2485 1155 2537 τὸν
1182 2488 1240 2538 ὲν
1272 2487 1428 2556 Κανᾷ
1451 2487 1550 2556 τῆς
1591 2487 1879 2553 Γαλιλαίας
1926 2490 2026 2558 γά-

459 2594 558 2649 μον
612 2578 968 2648 οἰκονομίας),
1012 2576 1170 2647 δῆλον
1201 2578 1281 2631 ὅτι
1326 2576 1449 2631 οὔτε
1495 2579 1855 2651 πεπείρασται
1892 2581 2026 2650 (64),

453 2668 578 2723 οὔτε
609 2672 666 2722 ὲν
691 2667 967 2741 Ναζάροις
992 2670 1226 2738 ἐγένετο,
1249 2669 1369 2723 οὔτε
1405 2670 1657 2742 Ἰωάννης
1690 2691 1777 2726 πω
1807 2673 2031 2743 παρεδέ-

453 2762 596 2819 δοτο.
630 2761 783 2815 Μετὰ
830 2758 922 2815 οῦν
967 2761 1064 2832 τὴν
1097 2763 1493 2833 Καφαρναοὺμ,
1552 2761 1677 2814 ἔνθα
1723 2763 1934 2833 ἔμεινεν
1967 2764 2028 2815 οὺ

454 2854 657 2919 πολλὰς
684 2855 915 2926 ἡμέρας,
945 2854 1037 2907 τοῦ
1067 2854 1257 2924 Πάσχα
1300 2852 1408 2906 τῶν
1444 2853 1707 2908 Ἰουδαίων
1746 2855 1911 2923 ἐγγὺς
1940 2854 2022 2906 δν-

452 2966 568 3012 τος,
594 2946 761 3015 ἀνέϐη
799 2948 1164 3017 Ἰεροσόλυμα,
1212 2949 1300 3000 ὅτε
1354 2946 1603 3000 ἐκϐάλλει
1654 2950 1720 3001 ὲκ
1751 2949 1843 3002 τοῦ
1882 2948 2027 3020 ἱεροῦ

2124 1761 2266 1818 tata;
2299 1761 2528 1822 utroque
2560 1755 2702 1807 enim
2738 1757 2899 1811 modo
2924 1758 3121 1810 dicitur
3146 1756 3422 1823 Scriptura
3443 1757 3694 1810 ordinata

2124 1843 2311 1898 fuisse.
2348 1842 2543 1897 Dicant
2592 1846 2739 1898 enim
2789 1846 2945 1901 nobis
3002 1845 3093 1914 qui
3148 1844 3420 1913 recipiunt
3463 1858 3698 1914 quatuor

2125 1933 2435 2003 Evangelia,
2468 1944 2523 1990 et
2548 1937 2863 1990 exiStimant
2906 1948 3258 2007 apparentem
3297 1935 3694 1990 dissonantium

2125 2043 2229 2082 non
2256 2028 2474 2083 dissolvi
2508 2044 2604 2098 per
2626 2045 2924 2099 anagogen,
2957 2037 3150 2098 prteter
3173 2030 3460 2098 praedictas
3485 2043 3512 2081 a
3538 2030 3699 2084 nobis

2123 2119 2494 2175 dubitationes
2521 2120 2588 2175 de
2614 2120 2969 2191 quadraginta
3011 2121 3201 2176 diebus
3240 2120 3580 2181 tenlaliunis,
3603 2122 3695 2189 qui

2126 2212 2346 2267 minime
2399 2211 2576 2266 locum
2637 2212 2838 2267 habere
2903 2222 3132 2283 possunt
3185 2212 3325 2282 apud
3390 2210 3693 2276 Joannem,

2124 2303 2339 2373 quando
2378 2302 2478 2358 fuit
2506 2303 2560 2357 in
2596 2302 2917 2372 Capharnao
2962 2304 3241 2358 Dominus.
3296 2302 3429 2356 Nam
3477 2303 3520 2357 si
3574 2314 3699 2372 post

2127 2410 2222 2447 sex
2253 2393 2366 2447 dies
2412 2394 2481 2447 ab
2521 2407 2589 2447 eo
2636 2402 2900 2463 tempore,
2930 2406 3212 2462 postquam
3270 2393 3572 2461 baptizatus
3615 2400 3701 2447 est

2127 2481 2304 2550 Jesus,
2339 2482 2439 2536 fuit
2466 2483 2518 2537 in
2547 2483 2869 2553 Capharnao
2902 2484 2921 2555 (
2946 2496 3097 2539 sexta
3126 2486 3213 2539 die
3243 2485 3381 2539 facta
3411 2486 3697 2552 dispensa-

2131 2575 2277 2628 tione
2331 2585 2386 2628 et
2448 2575 2710 2629 miraculo
2767 2576 2819 2629 in
2876 2578 3097 2645 nuptiis,
3143 2577 3195 2630 in
3241 2575 3387 2630 Cana
3423 2574 3698 2642 Galilaexe)

2130 2665 2469 2733 perspicuum
2512 2674 2631 2730 est,
2671 2681 2847 2735 neque
2882 2677 3150 2721 tentatum
3186 2666 3390 2733 fuisse,
3433 2681 3608 2736 neque
3644 2667 3698 2721 in

2131 2752 2357 2808 Nazaris
2416 2753 2604 2819 fuisse,
2667 2769 2840 2827 neque
2891 2755 3155 2812 Joannem
3206 2758 3385 2813 adhuc
3443 2757 3699 2811 traditum

2132 2847 2316 2901 fuisse.
2363 2846 2550 2916 Itaque
2591 2858 2713 2916 post
2738 2849 3141 2917 Capbarnaum,
3201 2851 3294 2905 ubi
3349 2850 3547 2905 mansit
3591 2865 3701 2904 non

2135 2939 2335 2993 multos
2367 2940 2500 3005 dies,
2553 2954 2676 2995 cum
2710 2940 2915 2997 Pascha
2951 2955 3096 2998 esset
3137 2942 3443 2999 Judaaorum
3484 2943 3536 2997 in
3573 2958 3701 3013 pro-

455 3044 528 3098 τά
552 3060 612 3097 τε
642 3043 886 3115 πρόϐατα
931 3044 1026 3098 καὶ
1055 3044 1181 3106 τοὺς
1216 3043 1363 3114 βόας,
1420 3045 1514 3097 καὶ
1544 3045 1723 3114 ὲκχέει
1754 3045 1862 3099 τῶν
1899 3063 2025 3117 κερ-

2133 3033 2334 3100 pinquo
2358 3033 2423 3097 “,
2459 3032 2701 3088 ascendit
2729 3034 3177 3107 Hierosolymam,
3200 3038 3417 3107 quando
3438 3052 3470 3091 e
3501 3036 3703 3105 templo

461 3135 738 3207 ματιστῶν
760 3138 830 3190 τὰ
848 3137 1119 3209 κέρματα.
1143 3139 1325 3191 Ἐοικε
1346 3136 1401 3189 δὲ
1424 3138 1480 3189 ἐν
1505 3141 1614 3202 τοῖς
1642 3139 1903 3211 Ἰεροσολύ
1912 3157 2031 3211 μοις

456 3232 489 3285 6
512 3231 621 3285 τῶν
648 3231 955 3304 Φαρισαίων
980 3233 1161 3303 ἄρχων
1198 3234 1505 3304 Νικόδημος
1534 3234 1723 3295 νυκτὸς
1758 3233 1896 3305 πρὸς
1932 3233 2030 3285 αὑ-

459 3326 554 3379 τὸν
583 3325 758 3397 ἀρχὴν
785 3323 894 3396 (65)
935 3325 1272 3396 ἐληλυθέναι,
1310 3326 1403 3379 καὶ
1449 3326 1744 3395 ἀκηκοέναι
1795 3326 1965 3378 ταῦτα
1996 3325 2032 3380 ἃ

458 3418 668 3483 ἔξεστιν
694 3422 758 3474 ὲκ
786 3420 881 3473 τοῦ
918 3419 1247 3487 Εὑαγγελίου
1288 3419 1491 3473 λαϐεῖν.
1530 3439 1546 3469 ι
1578 3419 1730 3472 Μετὰ
1775 3418 1831 3472 δὲ
1860 3418 2032 3472 ταῦτα

457 3507 619 3581 ἦλθεν
650 3513 680 3564 6
711 3510 939 3582 Ἰησοῦς,
971 3512 1066 3564 καὶ
1088 3512 1137 3564 οἱ
1179 3512 1414 3582 μαθηταὶ
1465 3511 1628 3563 αὐτοῦ
1658 3513 1736 3574 εἰς
1762 3511 1860 3581 τὴν
1903 3511 2035 3562 Ἰου-

456 3602 611 3656 δαίαν
638 3604 763 3674 γῆν,
821 3604 916 3657 καὶ
966 3604 1084 3655 ἐκεῖ
1128 3602 1361 3673 διέτριϐε
1400 3602 1516 3673 μετ’
1543 3602 1741 3664 αὐτῶν,
1786 3602 1881 3655 καὶ
1911 3601 2035 3655 ἐϐά-

460 3693 616 3758 πτιζε
646 3693 769 3747 καθ’
794 3693 854 3747 ὃν
895 3694 1087 3765 καιρὸν
1118 3689 1186 3764 ἦν
1218 3694 1313 3747 καὶ
1355 3694 1607 3762 Ἰωάννης
1652 3692 1929 3762 βαπτίζων
1978 3695 2036 3745 ὲν

457 3784 632 3840 Αἰνὼν
659 3786 828 3855 ἐγγὺς
874 3784 967 3838 τοῦ
1028 3784 1232 3856 Σαλείμ
1267 3786 1400 3852 (66),
1434 3787 1516 3839 ὅτι
1566 3785 1737 3839 ῦδατα
1770 3785 1939 3838 πολλὰ
1965 3780 2034 3855 ἦν

459 3878 594 3939 ἐκεῖ,
638 3880 736 3932 καὶ
787 3878 1160 3949 παρεγίνοντο,
1194 3878 1289 3931 καὶ
1337 3878 1705 3943 ἐϐαπτίζοντο.
1733 3877 1900 3932 Οὔπω
1929 3878 2035 3948 γὰρ

457 3962 527 4040 ἦν
560 3968 891 4041 βεϐλημένος
942 3971 1021 4033 είς
1076 3970 1173 4039 τὴν
1222 3968 1465 4039 φυλακὴν
1511 3972 1539 4022 6
1582 3970 1852 4038 Ἰωάννης,
1892 3988 1911 4021 ι
1945 3970 2035 4022 ὅτε

472 4063 566 4117 καὶ
588 4062 804 4130 ἐγένετο
830 4061 1054 4132 ζήτησις
1080 4063 1144 4114 ὲκ
1178 4062 1284 4115 τῶν
1315 4061 1568 4132 μαθητῶν
1624 4064 1865 4117 Ἰωάννου
1900 4063 2039 4134 μετὰ

475 4154 743 4209 Ἰουδαίων
795 4156 921 4226 περὶ
964 4155 1328 4225 καθαρισμοῦ,
1380 4156 1473 4208 καὶ
1531 4151 1691 4227 ἦλθον
1752 4156 1886 4228 πρὸς
1944 4156 2035 4210 τὸν

478 4246 729 4317 Ἰωάννην
779 4244 1029 4314 λέγοντες
1076 4247 1204 4317 περὶ
1255 4245 1349 4300 τοῦ
1403 4245 1653 4317 Σωτῆρος
1709 4246 1804 4299 τό·
1857 4266 1874 4298 ι
1930 4248 2036 4301 Ἴδε

463 4336 615 4404 οὗτος
651 4339 923 4411 βαπτίζει,
974 4342 1068 4393 καὶ
1101 4340 1305 4403 πάντες
1344 4339 1591 4411 ἔρχονται
1621 4340 1756 4412 πρὸς
1790 4341 1971 4395 αὐτόν.
2012 4361 2030 4392 ι

2133 3121 2292 3189 ejecit
2320 3132 2433 3176 tum
2464 3139 2611 3189 Oves,
2661 3134 2770 3179 tum
2822 3129 3018 3192 boves,
3057 3139 3111 3183 et
3149 3132 3545 3185 mensariorum
3594 3142 3702 3183 aera

2132 3210 2341 3267 ell'udit.
2396 3213 2616 3269 Videtur
2671 3227 2850 3271 autem
2897 3216 3251 3286 Nicodemus,
3300 3220 3701 3275 Phariszeorum

2134 3306 2405 3376 princeps,
2432 3315 2594 3361 noctu
2616 3307 2680 3361 ad
2701 3308 2874 3377 ipsum
2912 3310 3179 3380 principio
3207 3310 3420 3365 venisse
3446 3308 3703 3365 Hieroso-

2134 3395 2354 3466 lymam,
2417 3399 2745 3467 audisseque
2774 3414 2894 3469 qua
2939 3399 3065 3454 licet
3100 3415 3165 3455 ex
3210 3400 3504 3471 Evangelio
3554 3402 3705 3456 acci-

2134 3505 2264 3558 pere
2294 3490 2359 3542 “.
2392 3509 2411 3542 ι
2442 3489 2570 3544 Post
2606 3492 2719 3545 haec
2749 3511 2767 3543 ι
2811 3501 2993 3545 autem
3025 3510 3043 3542 ι
3067 3492 3217 3547 venit
3243 3492 3420 3556 Jesus,
3457 3501 3512 3547 et
3541 3492 3706 3547 disci-

2136 3583 2245 3653 puli
2285 3583 2404 3652 ejus
2438 3584 2489 3637 in
2539 3593 2741 3638 terram
2796 3584 3062 3649 Judmam,
3117 3594 3171 3639 et
3229 3585 3340 3640 illic
3389 3588 3707 3642 morabatur

2135 3690 2260 3729 eum
2289 3676 2389 3740 eis,
2417 3689 2481 3729 ac
2514 3676 2866 3742 baptizabat,
2900 3690 3008 3744 quo
3039 3686 3283 3745 tempore
3312 3688 3429 3732 erat
3459 3687 3515 3732 et
3545 3677 3706 3733 Joan-

2136 3784 2232 3837 nes
2264 3767 2542 3835 baptizans
2601 3768 2652 3819 in
2706 3766 2885 3821 Enon
2919 3766 3075 3834 juxta
3115 3767 3307 3833 Salim,
3371 3770 3494 3837 quia
3554 3787 3707 3837 aqua:

2138 3859 2318 3913 multa:
2339 3869 2491 3913 erant
2525 3858 2654 3923 illic,
2693 3869 2749 3912 et
2797 3859 3107 3939 veniebant,
3162 3875 3225 3913 ac
3272 3861 3705 3929 baptizabantur.

2136 3950 2384 4005 Nondum
2420 3952 2564 4005 enim
2610 3950 2888 4017 conjecms
2932 3950 3108 4006 fuerat
3143 3953 3196 4004 in
3231 3965 3504 4008 carcerem
3543 3954 3708 4008 Joan-

2138 4059 2287 4109 nes,»
2316 4043 2531 4111 quando
2587 4051 2643 4096 et
2665 4051 2784 4096 orta
2812 4044 3042 4112 quaestio
3059 4053 3223 4097 estex
3251 4045 3531 4114 discipulis
3547 4044 3711 4099 Joan-

2138 4136 2221 4189 nis
2244 4135 2310 4190 de
2328 4135 2701 4202 puriﬁcatione
2720 4149 2844 4188 cum
2861 4118 3085 4200 Judaris',
3107 4145 3161 4190 et
3180 4145 3441 4191 venerunt
3460 4137 3524 4191 ad
3549 4135 3712 4191 Joan-

2140 4244 2259 4282 nem
2327 4228 2571 4283 dicentes
2588 4227 2654 4283 de
2671 4225 2980 4283 Servatore:
3001 4215 3171 4282 «Ecce
3190 4229 3235 4282 is
3252 4229 3511 4298 baptizat,
3527 4238 3579 4282 et
3600 4244 3713 4281 om-

2140 4333 2234 4371 nes
2262 4318 2482 4371 veniunt
2508 4318 2574 4372 ad
2600 4334 2721 4373 eum
2748 4317 2815 4372 ⁸⁷.
2854 4336 2872 4368 ι
2929 4317 3227 4371 Audierant
3275 4320 3418 4372 enim
3454 4318 3707 4387 Baptistae

476 4408 799 4501 ’Δκηκδασιν
849 4432 957 4484 άπὸ
1010 4430 1103 4484 τοῦ
1153 4408 1460 4484 Βαπτιστοῦ
1502 4408 1712 4500 λόγους,
1762 4432 1855 4496 οὓς
1893 4433 2030 4488 ἔστιν

2146 4409 2761 4478 verbaquazaecuratius
2783 4425 2851 4465 ex
2877 4410 2991 4478 ipsa
3025 4408 3305 4478 Scriptura
3339 4409 3387 4442 ⁸⁸
3413 4410 3536 4464 licet
3560 4425 3714 4465 assu-

466 4523 560 4576 ἀπ’
639 4522 814 4593 αὐτῆς
888 4522 988 4593 τῆς
1057 4522 1283 4592 Γραφῆς
1352 4523 1742 4595 ἀκριϐέστερον
1825 4524 2034 4579 λαϐεῖν.

467 4612 597 4665 Εῑδὲ
629 4611 1053 4681 πυνθανομένοις
1080 4614 1212 4682 ἡμῖν
1241 4613 1367 4683 περὶ
1394 4612 1507 4675 τοῦ,
1544 4614 1672 4667 πότε
1704 4614 1892 4682 γέγονε
1927 4614 2037 4685 (67)

466 4703 679 4777 πρῶτον
697 4706 755 4758 ὲν
779 4707 846 4776 τῇ
872 4706 1250 4776 Καφαρναοὺμ
1278 4708 1307 4758 ὁ
1340 4706 1590 4783 Χριστὸς,
1621 4709 1687 4778 τῇ
1714 4707 1856 4774 λέξει
1887 4710 2039 4761 Ματ-

467 4794 616 4850 θαίου
637 4796 854 4851 καὶτῶν
876 4797 1079 4850 λοιπῶν
1098 4796 1189 4849 δύο
1210 4798 1626 4864 ἀκολουθοῦντες
1649 4801 1880 4871 φήσουσι
1906 4801 2041 4871 μετὰ

466 4890 556 4942 τὸν
588 4890 911 4961 πειρασμὸν,
941 4890 1049 4953 ὅτε,
1072 4889 1415 4943 καταλείπων
1446 4890 1545 4963 τὴν
1574 4891 1845 4963 Ναζαρὲθ,
1873 4891 2040 4945 ἐλθὼν

469 4981 783 5053 κατῴκησεν
815 4982 895 5045 είς
918 4983 1294 5054 Καφαρναοὺμ
1316 4982 1414 5054 τὴν
1432 4984 1892 5054 παραθαλασσίαν·
1924 4984 2042 5047 πῶς

531 5143 581 5177 ⁸⁸
623 5142 755 5200 Luc.
818 5160 889 5199 Iv.
920 5143 1115 5200 29-51.

468 5213 518 5248 ⁸³
560 5213 747 5268 Matth.
771 5230 848 5282 tv,
882 5216 971 5278 Η,
1004 5215 1091 5269 l5.

542 5306 654 5395 (62)
698 5309 818 5395 τὴν
848 5308 981 5378 περὶ
1014 5310 1259 5395 tacitam,
1287 5315 1392 5362 etc.
1425 5305 1783 5395 Sctzillienlflum
1811 5305 1910 5395 δεῖ,
1930 5306 2038 5395 τὴν

476 5376 602 5450 περὶ
636 5376 871 5443 τούτων,
900 5376 1004 5433 etc.
1050 5379 1147 5432 Hie
1193 5391 1248 5433 et
1297 5392 1438 5447 sxa-pe
1478 5377 1603 5430 alibi
1640 5376 1836 5432 littera:
1880 5376 2039 5430 ﬁdem

477 5449 715 5505 detrahit
744 5449 1031 5519 Origenes,
1066 5464 1230 5517 quam
1258 5447 1717 5519 anagogicis‘suis
1744 5447 2041 5516 expositio-

479 5520 635 5572 nibus
658 5516 952 5573 conciliare
986 5516 1196 5572 nititur.
1227 5518 1361 5572 Vide
1399 5516 1769 5585 praelationem
1801 5527 2043 5571 nostram

476 5592 542 5643 ad
572 5598 775 5642 tomum
809 5589 1130 5641 secuinlum.

545 5656 658 5727 (63)
691 5656 845 5712 Οὐδὲ
873 5656 1142 5727 θειοτέρῳ
1174 5657 1469 5724 Πνεῦματι
1499 5655 2046 5727 τεγραμμένων.βίο

480 5725 819 5782 [εσιειιτιιιρι
850 5729 1020 5780 codex
1053 5725 1401 5789 Bodleianus,
1446 5725 1727 5794 perperam
1776 5741 1904 5783 vero
1937 5725 2044 5782 Re-

475 5801 618 5873 gius,
643 5795 763 5852 οὐδὲ
792 5796 1080 5869 θειοτέρων
1109 5796 1378 5871 πνεύματι
1410 5796 1812 5868 γεγραμμένον.

1220 5146 1264 5177 ⁸⁸
1292 5146 1450 5203 Joan.
1494 5163 1556 5213 ll,
1601 5148 1787 5203 12-15.

1885 5149 1931 5180 ⁸⁸
1961 5147 2119 5205 Joan.
2164 5164 2270 5211 ιιι,
2316 5145 2340 5199 l
2378 5159 2534 5214 seqq.

2135 4515 2301 4555 mere.
2321 4500 2476 4571 163
2498 4501 2649 4567 Quod
2670 4502 2713 4556 si
2731 4500 3185 4571 interrogantibus
3205 4500 3360 4554 nobis
3382 4500 3593 4567 quando
3612 4504 3717 4568 pri-

2137 4606 2281 4644 mum
2306 4592 2409 4645 fuit
2431 4594 2482 4645 in
2504 4592 2822 4659 Capharnao
2841 4590 3113 4653 Christus,
3139 4590 3229 4657 qui
3257 4590 3544 4645 lectionem
3574 4588 3716 4643 Mat-

2140 4684 2262 4737 tbwi
2295 4684 2736 4753 reliquorumque
2757 4684 2985 4737 duorum
3021 4691 3343 4751 sequuntur,
3373 4683 3572 4746 dicent,
3598 4692 3719 4749 post

2143 4778 2509 4841 tentationem,
2530 4777 2743 4845 quando
2768 4775 2953 4830 relicta
2978 4774 3244 4829 Nazareth
3266 4772 3538 4843 profectus
3557 4774 3716 4827 babi-

2150 4870 2283 4924 tavit
2332 4871 2383 4923 in
2430 4869 2776 4938 Capltarnao,
2824 4882 2945 4935 quae
2984 4876 3066 4921 est
3099 4866 3291 4921 civitas
3322 4865 3595 4920 maritima
3632 4865 3715 4916 ‘9:

2149 4965 2420 5032 quomodo
2464 4963 2628 5018 simul
2683 4977 2870 5016 verum
2924 4975 3045 5015 esse
3075 4960 3256 5014 dicent
3312 4967 3367 5012 et
3419 4957 3547 5012 illud
3574 4957 3722 5026 quod

2609 5140 2653 5171 "
2692 5142 2821 5197 ibid.
2852 5138 3041 5193 22-26.
3119 5137 3164 5169 ⁸⁸
3200 5135 3361 5192 Joan.
3395 5152 3433 5201 ι,
3469 5135 3537 5189 15
3563 5149 3719 5206 seqq.

2220 5303 2330 5378 (64)
2374 5303 2523 5378 ρῦτε
2559 5302 2970 5378 πεπείρασται.
3014 5302 3105 5358 Sne
3148 5302 3315 5357 codex
3359 5299 3720 5366 Bodleianus;

2150 5373 2373 5443 Regius,
2395 5375 2484 5427 ὅτε
2514 5373 2872 5444 πεπείρασται
2892 5414 2905 5427 .

2224 5437 2623 5513 (ῙὶὕγἉρχήν.
2680 5437 2770 5497 Sic
2826 5445 2998 5498 codex
3069 5441 3426 5502 Bodleianus;
3482 5437 3722 5507 Regius,

2151 5515 2621 5676 Σαξείμ.
2683 5583 2758 5637 Ita
2821 5584 2995 5639 codex
3053 5578 3416 5644 Bodleianus;
3484 5575 3721 5647 Regius,

2179 5654 2807 5794 A?é%,1;3:;e.7'érors.
2859 5722 2950 5779 Sic
2987 5719 3156 5779 codex
3204 5716 3565 5786 Bodleianus;
3612 5716 3724 5773 Re-

2151 5796 2270 5864 gius
2305 5794 2488 5851 omisit
2515 5794 2664 5847 πότε.
