4194 6406
547 294 648 349 5ἰί

1998 302 2319 360 ΟΒΙΟΕΝΙΞ

3697 315 3799 369 512

547 416 688 485 apud
717 414 1053 480 Matthaaum,
1080 424 1136 469 et
1157 415 1394 470 Marcum
1427 416 1629 473 dictum
1659 424 1778 481 est,
1807 427 1989 475 Jesum
2018 420 2118 475 sci-

2226 423 2342 494 ἅμα
2370 422 2544 495 ἀληθῆ
2574 418 2714 477 εἰναι
2747 425 2930 497 ἐροῦσι
2953 425 3013 477 τό
3043 440 3101 479 τε
3132 425 3283 498 παρά
3310 426 3389 497 τῷ
3418 427 3683 499 Ματθαίῳ
3711 431 3805 483 καὶ

550 506 675 561 licet
702 506 993 560 secessisse
1023 508 1073 558 in
1102 507 1379 562 Galilaeam
1402 509 1473 572 ",
1517 517 1775 578 tanquam
1806 512 1899 581 qui
1943 512 2122 565 audis-

546 604 632 651 set
655 592 921 649 Joannem
947 597 1201 649 traditum
1233 595 1434 662 fuisse;
1463 605 1519 652 et
1550 598 1701 663 illud,
1728 600 1870 665 quod
1890 599 2120 669 positum

546 693 635 740 est
666 685 805 753 apud
836 684 1104 740 Joannem
1127 685 1174 717 “
1194 728 1210 751 ,
1243 686 1452 739 scilicet
1484 686 1717 740 nondum
1745 685 1912 742 fuisse
1942 687 2123 757 Bapti-

549 785 689 830 stam
720 776 1024 845 conjectum
1050 777 1102 830 in
1126 791 1425 840 carcerem,
1443 778 1536 830 sed
1565 778 1841 845 baptizare
1865 778 1918 831 in
1942 776 2119 832 Enou

543 868 697 936 juxta
728 868 930 932 Salim;
974 869 1025 922 id
1065 868 1209 938 quod
1241 869 1462 937 ponitur
1486 879 1608 938 post
1647 870 1978 924 mansionem
2014 871 2119 925 Do-

548 960 681 1016 mini
716 960 1103 1030 inCapharnao
1130 962 1201 1025 ",
1230 972 1283 1015 et
1309 973 1431 1031 post
1465 977 1746 1016 ascensum
1776 964 1840 1015 ad
1872 962 2122 1018 llieroso-

548 1050 772 1124 lymam,
802 1051 1034 1121 indeque
1062 1053 1129 1106 ad
1156 1050 1397 1106 Iudaeam
1433 1054 1753 1107 descensum
1794 1054 1842 1084 ⁷⁸
1861 1093 1875 1117 ,
1905 1068 1967 1108 ac
2002 1064 2121 1122 post

550 1145 749 1197 multas
780 1143 914 1197 alias
938 1145 1270 1199 mconomias
1296 1153 1349 1198 et
1384 1144 1853 1213 dispensatioues?
1899 1145 2037 1212 Quin
2072 1146 2118 1199 si

548 1236 616 1289 de
663 1235 788 1290 aliis
835 1236 1204 1304 compluribus
1265 1236 1552 1305 diligenter
1620 1237 1741 1305 quis
1804 1236 2122 1305 exquisierit

552 1325 838 1395 Evangelia
858 1327 923 1381 de
943 1325 1280 1382 dissonantia
1304 1326 1601 1381 secundum
1625 1328 1931 1391 historiam,
1956 1342 2121 1398 quam

547 1416 856 1485 singulatim
888 1418 1221 1473 tentabimus
1243 1431 1344 1487 pro
1384 1418 1525 1472 virili
1550 1418 1619 1473 ob
1660 1418 1849 1476 oculos
1895 1434 2118 1489 ponere,

549 1507 815 1577 vertigine
845 1507 1069 1563 aﬂ'ectus
1090 1552 1103 1575 ,
1145 1511 1227 1562 vel
1253 1519 1443 1566 renuet
1468 1510 1799 1565 conﬁrmare
1828 1511 2116 1581 Evangelia

547 1607 808 1668 tanquam
838 1615 990 1667 vera,
1017 1610 1072 1656 et
1117 1602 1321 1672 judicio
1351 1619 1448 1658 suo
1477 1601 1580 1658 sibi
1611 1601 1818 1671 eligens
1848 1604 1992 1672 quod
2025 1617 2118 1657 vo-

549 1688 732 1756 luerit,
759 1691 918 1746 alicui
948 1692 1185 1762 ipsorum
1218 1694 1628 1765 Evangeliorum
1654 1693 1976 1760 adhaerebit,
2010 1709 2119 1748 non

2226 517 2438 588 Μάρκῳ
2484 519 2791 590 εἰρημένον,
2840 517 2915 581 ὡς
2943 519 3031 571 διά
3052 517 3114 571 τὸ
3151 520 3449 588 ἀκηκοέναι
3481 521 3644 574 αὑτὸν
3678 524 3801 592 περί

2224 608 2319 661 τοῦ
2364 609 2609 663 Ἰωάννου
2645 609 3058 681 παραδοθέντος,
3093 612 3173 675 εἰς
3214 612 3313 682 τὴν
3354 612 3647 666 Γαλιλαίαν
3676 614 3812 667 ἀνα-

2226 700 2591 770 χωρήσαντος·
2616 703 2711 755 καὶ
2738 701 2800 753 τὸ
2824 701 2974 773 παρὰ
2996 700 3074 772 τῷ
3110 703 3332 776 Ἰωάννῃ
3364 704 3503 773 μετά
3523 706 3618 757 καὶ
3642 704 3810 768 άλλας

2224 789 2533 861 οἰκονομίας
2583 791 2720 862 πρὸς
2759 795 2826 862 τῇ
2858 792 2917 844 έν
2941 792 3321 862 Καφαρναοὺμ
3365 795 3500 864 μονῇ
3530 792 3809 864 κείμενον,

2226 882 2320 933 καὶ
2350 880 2447 952 τὴν
2475 883 2555 944 εἰς
2596 882 2939 954 Ἰεροσόλυμα
2978 882 3089 953 (68)
3123 883 3326 948 ἀνοδον,
3362 886 3462 955 τήν
3499 901 3563 937 τε
3593 887 3675 947 εἰς
3709 884 3814 952 τὴν

2239 972 2492 1027 Ἰουδαίαν
2514 973 2719 1027 ἐκεῖθεν
2738 973 2981 1035 κάθοδον,
3009 975 3093 1028 ὅτι
3115 974 3267 1028 οὔπω
3282 974 3617 1046 βεϐλη
3640 969 3709 1045 ἦν
3729 976 3813 1038 εἰς

2227 1063 2471 1136 φυλακὴν
2495 1066 2523 1117 ό
2563 1065 2835 1137 Ἰωάννης,
2867 1065 2979 1119 ἀλλ’
3012 1064 3304 1131 ἐϐάπτιζεν
3340 1069 3399 1120 ὲν
3430 1063 3614 1120 Αἰνὼν
3642 1066 3814 1135 ὲγγὺς

2224 1155 2319 1210 τοῦ
2340 1156 2570 1227 Σαλείμ;
2596 1157 2704 1210 Καὶ
2725 1157 2819 1210 ἐπὶ
2849 1157 3022 1212 ἀλλων
3049 1158 3107 1212 δὲ
3146 1157 3405 1212 πλειόνων
3426 1158 3480 1211 εἰ
3499 1174 3588 1221 τις
3614 1160 3816 1228 ἐπιμε-

2223 1248 2330 1312 λῶς
2361 1247 2602 1314 ἐξετάζοι
2634 1248 2701 1303 τὰ
2731 1251 3038 1319 Εὑαγγέλια
3080 1251 3209 1321 περὶ
3235 1250 3335 1321 τῆς
3362 1250 3506 1304 κατά
3533 1248 3634 1321 τὴν
3668 1252 3814 1302 ίστο-

2227 1340 2349 1412 ρίαν
2395 1340 2772 1412 ἀσυμφωνίας,
2806 1342 2997 1412 ἥντινα
3014 1338 3137 1395 καθ’
3154 1343 3383 1397 ἕκαστον
3425 1340 3816 1412 πειρασόμεθα

2225 1431 2366 1486 κατά
2386 1433 2445 1487 τὸ
2472 1432 2691 1486 δυνατὸν
2710 1434 3073 1504 παραστῆσαι,
3099 1433 3500 1497 σκοτοδινιάσας
3531 1434 3656 1504 ἦτοι
3686 1434 3818 1487 ἀπο-
3910 1471 3919 1479 ο

2227 1527 2480 1596 στήσεται
2521 1523 2613 1577 τοῦ
2648 1524 2847 1597 κυροῦν
2880 1525 2954 1588 ὡς
2984 1524 3197 1597 άληθῶς
3225 1525 3295 1579 τά
3335 1522 3673 1593 Εὑαγγέλια,
3721 1523 3817 1577 κς.ιί⁵

2227 1614 2688 1686 ἀποκληρωτικῶς
2719 1617 2799 1671 ἑνὶ
2839 1615 3015 1669 αὐτῶν
3048 1615 3439 1687 προσθήσεται,
3475 1615 3553 1685 μὴ
3598 1612 3817 1685 τολμῶν

2225 1705 2400 1778 πάντη
2445 1705 2653 1760 ἀθετεῖν
2679 1707 2779 1777 τὴν
2818 1707 2946 1778 περὶ
2977 1706 3070 1760 τοῦ
3102 1708 3304 1779 Κυρίου
3333 1707 3494 1778 ⁴ἡμῶν
3525 1706 3734 1759 πίστινο
3777 1703 3812 1774 ἢ

547 1783 755 1838 audens
778 1783 1025 1840 funditus
1047 1784 1326 1839 infirmare
1354 1785 1421 1840 de
1445 1783 1675 1839 Domino
1711 1790 1902 1839 nostro
1928 1782 2118 1845 (idem;

2222 1794 2575 1870 πρόσιέμενος
2602 1798 2669 1851 τά
2696 1799 2956 1870 τέσσαρα,
2992 1795 3135 1853 εἶναι
3167 1798 3366 1870 ἀληθὲς
3397 1798 3582 1854 αὐτῶν
3625 1798 3729 1852 οὐκ
3752 1796 3816 1850 ὲν

547 1876 636 1931 vel
670 1876 966 1932 admittens
1013 1887 1251 1946 quatuor
1298 1892 1418 1933 esse
1469 1873 1803 1945 Evangelia,
1838 1874 2119 1928 veritatem

550 1969 791 2039 ipsorum
826 1987 932 2024 non
962 1971 1014 2026 in
1046 1971 1235 2028 formis
1268 1982 1324 2028 et
1364 1970 1777 2027 cbaracteribus
1815 1969 2115 2040 corporali-

546 2062 652 2119 bus
690 2077 810 2118 esse
837 2064 1116 2134 adjunget.

618 2171 674 2225 5.
719 2169 789 2228 Ut
813 2182 993 2227 autem
1038 2172 1277 2243 aliquam
1313 2170 1808 2227 considerationem
1840 2168 2123 2224 sententia:

548 2278 613 2317 ac
640 2261 943 2318 voluntatis
972 2262 1387 2333 Evangeliorum
1437 2261 1505 2317 de
1548 2261 1699 2316 hisce
1744 2259 1908 2316 rebus
1937 2276 2119 2314 suma-

551 2368 695 2415 mus,
722 2353 880 2408 nobis
907 2352 1011 2406 hoc
1037 2361 1123 2406 est
1142 2353 1452 2408 dicendum.
1494 2351 1624 2407 Esto
1646 2352 1968 2422 quibusdam
1992 2353 2122 2423 Spi-

550 2448 656 2502 ritu
674 2445 839 2501 Deum
862 2447 1193 2512 videntibus,
1209 2447 1479 2518 hujusque
1500 2463 1779 2505 sermones
1796 2449 1861 2503 ad
1881 2457 2119 2514 sanctos,

548 2550 713 2610 atque
737 2541 1101 2609 praesentiam.
1124 2556 1227 2610 qua
1254 2540 1361 2595 illis
1381 2556 1439 2594 se
1458 2540 1635 2603 oll'ert,
1660 2541 1950 2612 praecipuis
1980 2550 2117 2596 tem-

549 2630 770 2699 poribus
791 2630 1063 2701 prolectus
1097 2632 1333 2701 ipsorum
1367 2629 1552 2703 (atque
1591 2631 1646 2686 hi
1678 2631 1862 2701 plures
1890 2647 2121 2688 numero

545 2721 836 2784 exsistant,
865 2732 920 2776 et
950 2722 1183 2778 diversis
1210 2722 1265 2776 in
1289 2721 1446 2790 locis,
1479 2738 1579 2778 nec
1601 2722 1873 2778 similibus
1899 2723 2120 2778 omnino

545 2811 831 2868 beneﬁciis
871 2811 1110 2883 aﬂ‘ecti);
1162 2822 1311 2878 esto,
1364 2817 1624 2883 inquam,
1665 2813 2000 2883 propositum
2036 2817 2120 2868 his

547 2904 775 2976 singulis
800 2921 896 2959 sua
931 2905 1249 2960 renuntiare
1273 2947 1288 2970 ,
1341 2919 1460 2974 qua:
1488 2902 1693 2974 Spiritu
1742 2911 1856 2958 tum
1888 2904 1954 2959 de
1986 2903 2117 2970 Deo,

549 3004 665 3050 tum
701 2996 768 3053 de
803 2997 1146 3053 sermonibus
1178 2996 1327 3064 ejus,
1373 3012 1435 3051 ac
1488 2998 1555 3052 de
1581 2995 2010 3067 apparitionibus
2051 2996 2118 3049 ad

546 3096 765 3144 satietas
789 3087 995 3154 vident,
1027 3089 1098 3141 ita
1139 3098 1195 3142 ut
1223 3089 1311 3143 hic
1339 3087 1557 3158 quidem
1591 3087 1864 3142 renuntiet
1886 3101 2008 3156 quae
2034 3085 2117 3140 di-
2143 3125 2186 3182 ε

547 3188 768 3244 cuntur,
812 3179 895 3234 vel
921 3189 1209 3247 aguntura
1241 3179 1351 3235 Deo
1383 3180 1436 3234 in
1478 3179 1568 3233 tali
1610 3178 1730 3233 loco
1770 3180 1895 3234 huic
1938 3180 2114 3250 justo,

544 3269 637 3327 ille
671 3285 801 3326 vero
832 3286 952 3339 quae
994 3270 1132 3326 alius
1157 3286 1254 3341 per
1278 3270 1498 3327 oracula
1532 3271 1613 3325 vel
1646 3271 1904 3334 audierit,
1929 3271 2012 3327 vel
2039 3285 2119 3326 re-

543 3362 774 3432 ceperit,
808 3371 862 3416 et
882 3360 1021 3417 alius
1053 3372 1253 3433 praeter
1287 3365 1423 3419 duos
1453 3363 1738 3432 praedictos
1763 3362 1893 3418 velit
1921 3376 2019 3416 nos
2047 3360 2116 3416 de

544 3449 729 3522 aliquo
755 3454 914 3508 tertio
939 3451 1159 3508 docere.
1184 3452 1315 3508 Esto
1336 3461 1516 3509 autem
1541 3454 1704 3509 etiam
1732 3453 1928 3523 aliquis
1950 3467 2114 3523 quar-

542 3553 666 3608 tus.
702 3545 923 3615 perinde
957 3554 1120 3614 atque
1177 3546 1231 3600 bi
1275 3556 1386 3602 tres
1441 3545 1685 3610 faciens,
1722 3545 2117 3616 conferantque

541 3637 596 3691 bi
621 3646 856 3705 quatuor
890 3637 1030 3692 inter
1055 3653 1115 3692 se
1139 3638 1208 3692 de
1231 3638 1554 3708 quibusdam
1583 3655 1705 3710 qua:
1737 3638 1973 3709 Spiritus
2010 3639 2117 3695 illis

541 3729 905 3799 suggesserit,
956 3731 1102 3784 etde
1129 3729 1253 3785 aliis
1286 3730 1437 3785 brevi
1482 3730 1732 3786 oratione
1781 3729 2114 3796 renuntient,

540 3823 676 3876 adeo
717 3830 776 3875 ut
806 3821 1115 3891 huiusmodi
1141 3823 1251 3877 sint
1298 3822 1515 3877 illorum
1543 3822 1914 3878 narrationes:
1954 3822 2114 3879 Visus

541 3924 626 3969 est
655 3913 794 3969 Deus
820 3913 948 3968 huic
980 3914 1082 3968 hoc
1113 3922 1379 3985 tempore,
1409 3914 1513 3970 hoc
1540 3915 1592 3969 in
1628 3914 1770 3979 loco,
1816 3923 1872 3970 et
1894 3914 2009 3971 haec
2035 3914 2113 3970 illi

540 4004 709 4061 fecit:
745 4005 887 4059 hunc
915 4005 968 4059 in
999 4007 1218 4061 modum
1252 4006 1298 4060 si
1345 4006 1419 4059 illi
1456 4003 1615 4077 165.
1653 4008 1969 4077 apparuerit
2019 4005 2113 4062 tali

540 4095 737 4160 forma,
775 4104 831 4150 et
858 4111 1018 4153 manu
1047 4097 1201 4152 duxit
1225 4098 1293 4151 ad
1335 4098 1480 4152 hunc
1504 4097 1714 4161 locum,
1752 4096 1842 4151 ubi
1886 4097 2001 4152 haec
2035 4096 2113 4153 fe-

537 4193 633 4246 cit.
676 4191 965 4247 Secundus
1001 4191 1191 4246 eodem
1227 4200 1469 4261 tempore
1498 4204 1604 4260 quo
1644 4189 1759 4246 haec
1802 4190 1944 4246 dicta
1986 4198 2115 4245 sunt

537 4284 683 4341 facta
709 4285 874 4341 fuisse
892 4286 1032 4353 apud
1052 4284 1311 4354 primum,
1339 4281 1545 4341 referat
1560 4283 1725 4338 Deum
1744 4282 1916 4336 visum
1944 4280 2113 4337 fuisse

538 4381 592 4434 in
621 4379 852 4448 quadam
879 4379 1011 4432 urbe
1034 4376 1269 4443 cuipiam
1302 4375 1540 4430 secundo
1578 4375 1760 4446 (quem
1802 4375 1918 4443 ipse
1957 4374 2109 4444 velit)

2222 1893 2335 1955 τοῖς
2369 1895 2698 1963 σωματικοῖς
2720 1892 3110 1964 χαρακτῆρσιν.

2292 2182 2347 2236 5.
2372 2182 2543 2253 ’Υπὲρ
2566 2182 2622 2236 δὲ
2645 2182 2730 2236 τοῦ
2763 2182 2933 2253 ποσὴν
2951 2182 3193 2236 ἐπίνοιαν
3215 2182 3310 2236 τοῦ
3330 2182 3678 2255 βουλήματος
3701 2183 3810 2236 τῶν

2223 2274 2567 2343 Εὑαγγελίων
2588 2275 2844 2347 περὶτῶν
2859 2275 3114 2329 τοιούτων
3136 2276 3345 2339 λαϐεῖν,
3375 2278 3469 2331 καὶ
3502 2276 3665 2330 τοῦτο
3678 2279 3810 2346 ἡμῖν

2222 2363 2459 2418 λεκτέον.
2499 2365 2679 2418 Ἔστω
2705 2365 2815 2418 τισί
2853 2364 3211 2436 προκείμενον
3241 2363 3503 2435 βλέπουσι
3530 2366 3612 2437 τῷ
3644 2365 3809 2419 πνεύ-

2225 2474 2355 2528 ματι
2392 2457 2483 2510 τὸν
2531 2456 2686 2520 Θεὸν,
2716 2458 2810 2510 καὶ
2864 2457 2990 2520 τοὺς
3037 2456 3228 2511 τούτου
3276 2459 3412 2530 πρὸς
3454 2459 3591 2521 τοὺς
3624 2460 3810 2527 ἁγίους

2220 2549 2430 2618 λόγους,
2464 2550 2564 2620 τήν
2591 2552 2649 2602 τε
2680 2549 3000 2620 παρουσίαν,
3031 2551 3097 2620 ἥν
3129 2550 3391 2623 πάρεστιν
3425 2551 3615 2615 αὑτοτς
3656 2549 3807 2616 ἐξαι-

2222 2641 2398 2713 ρέτοις
2439 2644 2650 2713 καιροῖς
2697 2641 2796 2712 τῆς
2838 2642 3119 2715 προκοπῆς
3160 2640 3337 2695 αὐτῶν
3381 2641 3807 2712 ἐπιφαινόμενος

2221 2733 2461 2804 (πλέοσιν
2502 2730 2621 2787 οὖσι
2648 2733 2741 2787 τὸν
2769 2732 3023 2805 ἀριθμὸν,
3057 2734 3152 2786 καὶ
3187 2737 3245 2787 ὲν
3277 2733 3559 2804 διαφόροις
3595 2734 3801 2796 τόποις,

2218 2826 2320 2897 οὐχ
2343 2826 2609 2897 ὁμοειδεῖς
2634 2842 2695 2878 τε
2719 2826 2893 2897 πάντη
2930 2825 3248 2900 εὐεργεσίας
3274 2826 3801 2898 εὐεργετουμένοις),

2219 2915 2434 2987 ἑκάστῳ
2465 2916 2569 2989 ἰδίᾳ
2596 2916 2945 2985 ἀπαγγεῖλαι,
2972 2916 3009 2971 ἀ
3050 2917 3233 2987 βλέπει
3261 2916 3339 2988 τῷ
3370 2916 3644 2988 πνεύματι
3676 2918 3803 2988 περὶ

2217 3007 2310 3061 τοῦ
2359 3009 2515 3074 Θεοῦ,
2563 3011 2657 3064 καὶ
2700 3009 2808 3064 τῶν
2835 3010 3008 3079 λόγων
3051 3012 3215 3065 αὑτοῦ
3235 3051 3250 3076 ,
3281 3010 3389 3064 τῶν
3421 3028 3479 3063 τε
3509 3012 3651 3082 πρὸς
3677 3013 3802 3074 τοὺς

2218 3100 2404 3171 ἁγίους
2433 3101 2766 3173 έμφανειῶν,
2812 3101 2952 3156 ὥστε
2980 3103 3129 3157 τόνδε
3165 3103 3265 3174 μὲν
3296 3102 3424 3174 περὶ
3461 3103 3634 3157 τῶνδε
3665 3103 3799 3175 τῷῖε

2220 3191 2299 3263 τῷ
2347 3192 2540 3265 δικαίῳ
2564 3193 2726 3273 ,κατά
2780 3194 2928 3248 τόνδε
2979 3194 3071 3249 τὸν
3129 3196 3292 3248 τόπον
3337 3194 3652 3265 λεγομένων
3695 3196 3802 3250 ὑπὸ

2218 3283 2376 3349 Θεοῦ,
2420 3286 2512 3338 καὶ
2546 3288 2932 3358 πραττομένων
2978 3287 3359 3356 ἀπαγγέλλειν·
3391 3288 3545 3342 τόνδε
3576 3289 3635 3343 δὲ
3674 3291 3801 3363 περί⁵

2217 3375 2327 3429 τῶν
2355 3378 2555 3449 ἐτέρων
2585 3378 3114 3450 χρησμῳδουμένων,
3150 3381 3242 3433 καὶ
3267 3379 3727 3452 ἐπιτελουμένων,
3764 3382 3797 3452 ἢ

2217 3466 2375 3521 ἄλλον
2405 3468 2533 3540 περί
2558 3486 2703 3534 τινος
2732 3470 2914 3542 τρίτου
2936 3470 3089 3544 παρά
3107 3472 3230 3535 τοὺς
3256 3475 3688 3544 προειρημένους
3707 3473 3801 3528 δύο

2216 3557 2389 3612 θέλειν
2417 3561 2565 3631 ἡμᾶς
2607 3559 2898 3615 διδάσκειν.
2937 3563 3118 3615 Ἔστω
3141 3562 3197 3615 δέ
3225 3581 3310 3627 τις
3337 3565 3431 3618 xai
3452 3565 3715 3637 τέταρτος
3739 3567 3800 3619 τὸ

2216 3648 2477 3718 ἀνάλογον
2492 3650 2603 3712 τοῖς
2622 3649 2769 3721 τρισί
2786 3649 2912 3722 περί
2927 3667 3070 3713 τινος
3099 3650 3288 3705 ποιῶν.
3324 3651 3800 3722 Συμφερέσθωσαν

2214 3737 2270 3792 δὲ
2302 3740 2353 3792 οἰ
2394 3740 2653 3811 τέσσαρες
2678 3735 2821 3794 οῦτοι
2849 3741 2975 3811 περί
3004 3759 3163 3795 τινων
3204 3741 3310 3795 ὑπὸ
3353 3742 3445 3796 τοῦ
3482 3743 3800 3813 πνεύματος

2215 3831 2397 3896 αὐτοῖς
2426 3831 2874 3903 ὑποϐαλλομένων
2909 3832 3178 3903 ἀλλήλοις,
3213 3834 3307 3886 καὶ
3336 3832 3465 3905 περὶ
3502 3834 3708 3905 ἑτέρων
3741 3837 3799 3888 ἐν

2213 3922 2377 3994 ὀλίγῳ
2409 3923 2954 3996 παραγγελλέτωσαν,
2989 3923 3130 3977 ὥστε
3160 3920 3298 3977 εἶναι
3331 3924 3587 3989 τοιαύτας
3618 3925 3798 3979 αὐτῶν

2212 4012 2311 4077 τάς
2342 4013 2638 4086 διηγήσεις·
2682 4034 2700 4066 ι
2751 4014 2926 4087 Ὠφθη
2958 4015 2988 4067 ό
3024 4015 3154 4079 Θεὸς
3185 4014 3319 4086 τῷδε
3348 4017 3488 4071 κατά
3519 4016 3671 4070 τόνδε
3709 4017 3798 4072 τὸν

2212 4105 2402 4176 καιρὸν
2428 4107 2486 4159 ὲν
2512 4105 2649 4176 τῷδε
2682 4104 2760 4177 τῷ
2786 4105 2957 4176 τόπῳ,
2992 4106 3088 4160 καὶ
3122 4106 3248 4160 τάδε
3280 4106 3428 4178 αὑτῷ
3471 4108 3796 4181 πεποίηκεν

2211 4197 2382 4263 οὕτως
2403 4201 2451 4252 εἰ
2471 4197 2621 4270 αὐτῷ
2642 4198 3057 4269 ἐπιφαινόμενος
3087 4197 3273 4267 τοιῷδε
3295 4197 3373 4269 τῷ
3407 4199 3669 4270 σχήματι,
3700 4200 3798 4252 καὶ

2210 4289 2620 4363 ὲχειραγώγησε
2642 4292 2720 4355 εἰς
2735 4291 2884 4345 τόνδε
2917 4290 3027 4362 (69)
3057 4291 3148 4343 τὸν
3168 4293 3351 4355 τόπον,
3375 4289 3501 4343 ἔνθα
3523 4272 3796 4362 πεποίηκε

2208 4381 2355 4436 τάδε.
2402 4381 2459 4436 Ὀ
2490 4382 2738 4455 δεύτερος
2759 4382 2899 4436 κατά
2921 4383 3010 4436 τὸν
3036 4384 3198 4438 αὐτὸν
3223 4385 3336 4446 τοῖς
3363 4382 3676 4455 εἰρημένοις
3703 4399 3797 4451 γε-

535 4468 822 4524 exsistenti
871 4469 923 4523 in
967 4468 1086 4523 loco
1111 4467 1265 4522 valde
1303 4474 1515 4522 remoto
1570 4482 1599 4519 a
1632 4465 1750 4521 loco
1788 4466 2023 4536 prioris,
2053 4475 2108 4522 et

2218 4469 2423 4537 γονέναι
2462 4470 2613 4542 παρά
2644 4469 2721 4541 τῷ
2741 4471 2988 4543 προτέρῳ
3012 4473 3201 4543 χρόνον
3229 4472 3285 4525 έν
3316 4489 3421 4525 τινι
3445 4472 3597 4525 πόλει
3622 4474 3797 4532 ἀπαγ-

535 4563 673 4615 alios
697 4562 886 4615 eodem
918 4570 1159 4628 tempore
1185 4572 1465 4615 sermones
1494 4573 1525 4612 a
1553 4558 1660 4612 Deo
1683 4557 1811 4613 huic
1837 4573 1996 4628 quem
2024 4573 2110 4615 se-

536 4653 776 4707 cundum
823 4654 1123 4720 posuimus,
1170 4651 1390 4705 habitos
1441 4649 1612 4707 fuisse
1640 4650 1809 4705 dicat.
1846 4648 2109 4705 Similiter

532 4745 604 4801 de
629 4746 792 4799 tertio
822 4754 878 4799 et
918 4755 1117 4814 quarto
1162 4743 1584 4798 existimandum
1615 4751 1715 4798 est.
1751 4743 2110 4797 Consentiant

534 4852 713 4897 autem
770 4842 846 4909 hi,
891 4851 951 4895 ut
1000 4840 1373 4911 praediximus,
1408 4841 1553 4892 inter
1609 4853 1668 4893 se
1721 4853 1849 4891 vera
1905 4838 1970 4891 de
2002 4838 2109 4889 Deo

534 4934 873 4999 nuntiantes,
903 4934 1077 5003 deque
1105 4933 1275 5001 ipsius
1306 4947 1434 5001 erga
1467 4932 1676 4998 aliquos
1705 4930 2015 4993 beneficiis,
2050 4931 2101 4983 in

530 5024 855 5093 quibusdam
890 5023 1298 5078 narrationibus
1345 5037 1480 5093 quas
1530 5022 1633 5089 ipsi
1677 5022 2005 5075 renuntient.
2042 5021 2100 5075 Ei

529 5114 696 5183 igitur
722 5114 813 5183 qui
848 5115 1127 5169 existimat
1157 5115 1349 5167 horum
1392 5112 1738 5181 scriptiouem
1770 5126 1891 5166 esse
1935 5112 2107 5167 histo-

535 5205 695 5267 riam,
732 5203 814 5257 vel
851 5219 946 5272 per
974 5204 1263 5271 imaginem
1296 5202 1540 5257 historim
1578 5201 1644 5255 ad
1704 5216 1791 5255 res
1835 5202 2101 5270 quasdam

529 5309 696 5355 veras
719 5296 1144 5361 accommodari,
1194 5296 1398 5365 quique
1433 5293 1737 5349 arbitratur
1764 5294 1933 5348 Deum
1979 5309 2101 5351 esse

634 5461 687 5497 ⁷⁸
722 5462 868 5520 Ibid.
899 5465 1003 5531 i2;
1041 5462 1208 5518 Marc.
1244 5477 1282 5528 ι,
1315 5461 1402 5517 ﬂ.
1486 5462 1529 5492 '”
1558 5458 1714 5515 Joan.
1748 5476 1828 5524 nr,
1874 5460 1967 5524 23,
1992 5462 2086 5518 24.

599 5600 715 5681 (ϋβ)
756 5602 880 5681 Εἰς.
913 5601 1312 5682 Ἰεροσόλυμα.
1372 5596 1463 5652 Sic
1514 5597 1681 5653 c‘odex
1740 5596 2098 5663 Bodleiauus;

539 5668 738 5738 Regius
773 5670 961 5726 omisit
989 5672 1088 5733 εἰς.
1209 5668 1219 5670 ἡ

605 5740 715 5797 ((39)
761 5744 861 5807 εἰς
902 5741 1097 5797 τόνδε.
1132 5740 1222 5797 Sic
1257 5741 1421 5797 habet
1454 5739 1625 5794 codex
1655 5735 2012 5803 Bodleianus;
2050 5737 2101 5790 in

2161 5465 2204 5496 ἰ
2230 5456 2422 5515 Joann.
2467 5474 2529 5521 n,
2568 5457 2656 5522 12,
2694 5459 2780 5522 15,
2815 5472 2908 5527 seq

2212 4560 2445 4629 γελλέτω
2478 4560 2590 4633 (70)
2611 4561 2703 4616 τὸν
2733 4562 2865 4615 Θεὸν
2896 4557 3094 4631 ὦφθαι,
3126 4556 3169 4631 ᾧ
3204 4563 3299 4616 καί
3328 4562 3489 4627 αὐτὸς
3518 4567 3652 4641 νοεῖ,
3686 4565 3795 4618 τίνι

2210 4652 2446 4725 δευτέρῳ
2471 4654 2584 4708 ὄντι
2603 4656 2660 4708 ὲν
2685 4654 2819 4709 πολὺ
2849 4655 3316 4726 ἀπεσχοινισμένῳ
3343 4655 3493 4726 τόπῳ
3522 4657 3675 4725 παρά
3702 4657 3794 4711 τὸν

2209 4743 2373 4796 τόπον
2391 4743 2482 4796 τὸν
2500 4743 2594 4797 τοῦ
2629 4744 2919 4816 προτέρου,
2952 4746 3046 4799 καὶ
3075 4745 3294 4817 ἐτέρους
3326 4744 3516 4815 λόγους
3548 4747 3795 4817 ἀναγρα-

2212 4834 2359 4904 φέτω
2393 4835 2535 4890 κατά
2583 4837 2673 4890 τὸν
2698 4836 2859 4890 αὑτὸν
2897 4838 3088 4908 καιρὸν
3120 4836 3394 4909 εἰρῆσθαι,
3500 4837 3645 4891 κατά
3692 4839 3793 4910 τὴν

2209 4927 2464 4981 ὑπόθεσιν
2485 4928 2784 5001 εἰλήφαμεν
2812 4930 3069 5002 δευτέρῳ.
3098 4932 3179 4985 Τά
3210 4931 3267 4985 δὲ
3288 4930 3641 5002 παραπλήσια
3660 4930 3794 5003 περὶ

2208 5020 2301 5073 τοῦ
2330 5020 2512 5092 τρίτου
2536 5023 2629 5075 καὶ
2653 5021 2746 5075 τοῦ
2776 5022 3033 5093 τετάρτου
3048 5023 3284 5093 νοητέον.
3318 5020 3791 5092 Συμφερέσθωσαν

2208 5110 2285 5175 δὲ,
2319 5112 2394 5175 ὡς
2407 5114 2834 5185 προειρήκαμεν,
2866 5109 3009 5167 οῦτοι
3042 5112 3110 5165 τὰ
3150 5112 3321 5184 ἁληθῆ
3353 5112 3791 5181 ἀπαγγέλλοντες

2210 5206 2337 5277 περὶ
2364 5205 2459 5259 τοῦ
2492 5206 2648 5270 Θεοῦ,
2685 5208 2778 5261 καὶ
2807 5206 2914 5259 τῶν
2942 5208 3076 5277 πρός
3100 5224 3250 5268 τινας
3270 5206 3598 5277 εὐεργεσιῶν
3620 5203 3790 5260 αὐτοῦ

2209 5299 2476 5369 ἀλλήλοις,
2512 5299 2604 5352 ὲπί
2635 5317 2797 5354 τινων
2824 5300 3318 5369 ἀπαγγελλομένων
3344 5298 3435 5352 ὑπ’
3463 5297 3641 5353 αὐτῶν
3670 5295 3793 5370 διη-

3005 5458 3052 5489 ”¹³
3075 5457 3231 5512 Joan.
3265 5472 3345 5522 ιιιι,
3372 5455 3467 5513 22.

2210 5597 2382 5659 Regio
2412 5595 2559 5647 deest
2587 5595 2686 5654 εἰς.

2249 5655 2405 5747 μυ),
2446 5661 2903 5747 Ἀπαῃελλέτω
2937 5661 3028 5717 Sic
3064 5662 3234 5717 codex
3278 5658 3628 5726 Bodleianus;
3673 5655 3787 5711 Re-

2212 5733 2353 5805 gius,
2383 5733 2803 5804 ἀπαγγέλλεται.
