4194 6412
368 338 475 393 513

1462 340 1822 398 (ἸΟΜΜΕΝΤ.
1860 342 1926 398 ΙΝ
1961 341 2155 400 JOAN.
2196 344 2435 400 TOMUS
2470 345 2540 401 X.

3527 346 3639 402 δη

365 452 606 524 γήσεων.
639 451 793 520 Δόξει
814 454 993 508 τοίνυν
1021 455 1101 526 τῷ
1125 458 1367 529 ἱστορίαν
1399 455 1537 512 εἶναι
1563 460 1835 530 νομίζοντι
1864 460 1951 531 τὴκ

2067 462 2119 515 in
2156 460 2274 515 loco
2298 464 2594 516 secundum
2626 462 3191 532 circumscriptionem
3212 503 3228 528 ,
3262 463 3456 520 eodem
3500 475 3637 518 tem-

365 545 574 600 τούτων
601 547 823 617 γραφὴν
851 548 888 617 ἦ
906 548 994 601 διὰ
1023 550 1230 613 εἰκόνος
1270 552 1549 622 ἱστορικῆς
1573 552 1709 623 πρός
1736 569 1859 605 τινα
1889 553 1956 606 τά

367 638 497 692 ὄντα
526 640 874 711 παραστῆσαι
906 639 1205 711 πράγματα
1255 642 1390 713 (71),
1427 644 1633 697 καὶτὸν
1665 644 1797 697 Θεὸν
1825 646 1957 697 ὐπο-

369 730 700 801 λαμϐάνοντι
735 731 877 785 κατὰ
908 732 1256 805 περιγραφὴν
1292 732 1431 788 εἶναι
1462 736 1521 789 ὲν
1542 736 1716 807 τόπῳ,
1750 738 1823 808 μὴ
1862 736 1954 789 δυ-

370 820 604 891 νάμενον
630 820 710 893 τῷ
746 820 895 892 αὐτῷ
936 823 1185 888 πλείονας
1216 826 1395 897 ἐαυτῷ
1428 828 1725 898 ἐμποιῆσαι
1755 845 1958 896 φαντα-

373 914 495 976 σίας
545 912 804 979 πλείοσιν,
852 917 910 968 ὲν
950 915 1158 969 πλείοσι
1191 918 1398 981 τόποις,
1432 920 1526 972 καὶ
1575 919 1794 974 πλείονα
1841 920 1956 992 ἅμα

371 1004 568 1073 λέγειν,
624 1005 848 1059 δυνατὸν
886 1006 996 1077 (72)
1044 1003 1180 1062 εἶναι
1212 1009 1498 1079 ἀληθεύειν
1540 1010 1633 1076 οὓς
1677 1011 1957 1084 ὑπεθέμην

369 1095 661 1167 τέσσαρας,
708 1096 787 1168 τῷ
813 1098 1070 1153 ἀδύνατον
1102 1096 1236 1153 εἶναι
1278 1104 1336 1155 ἐν
1369 1102 1507 1174 τῷδέ
1536 1121 1643 1157 τινι
1688 1102 1766 1174 τῷ
1802 1122 1956 1158 τετα-

369 1188 559 1259 γμένῳ
588 1188 767 1261 καιρῷ
795 1189 888 1242 τὸν
912 1189 1044 1243 Θεὸν
1081 1185 1236 1254 εἶναι,
1268 1190 1361 1245 ἅτε
1399 1194 1493 1246 καὶ
1522 1192 1663 1247 κατὰ
1692 1209 1956 1265 περιγρα-

371 1280 477 1351 φὴν
509 1280 671 1334 αὐτὸν
713 1280 1035 1352 νενοημένον
1071 1282 1128 1333 ὲν
1156 1282 1306 1353 τόπῳ
1342 1277 1503 1346 εἶναι,
1541 1284 1634 1338 καὶ
1666 1285 1820 1357 τῷδε,
1861 1283 1956 1337 καὶ

367 1371 504 1443 τῷδε
543 1372 722 1441 λέγειν
758 1372 908 1437 τάδε,
938 1375 1034 1427 καὶ
1068 1372 1214 1437 τάδε,
1232 1376 1327 1429 καὶ
1362 1378 1536 1429 ποιεῖν
1561 1375 1707 1441 τάδε,
1746 1376 1840 1430 καὶ
1885 1375 1955 1429 τά

302 1478 309 1481 “
369 1468 582 1532 τούτοις
615 1467 855 1531 ἐναντία,
897 1468 1009 1535 καὶ,
1044 1468 1176 1540 φέρε
1202 1470 1401 1532 εἰπεῖν,
1432 1467 1792 1541 καθεζόμενον
1819 1469 1952 1541 ἅμα,

369 1560 464 1614 καὶ
482 1558 693 1613 ἑστῶτα
723 1556 881 1614 εἶναι·
907 1562 956 1613 εἰ
980 1563 1009 1614 6
1033 1561 1134 1631 μὲν
1172 1560 1308 1631 τῷδε
1335 1559 1413 1630 τῷ
1436 1560 1614 1631 καιρῷ
1641 1561 1814 1630 λέγων
1845 1561 1954 1632 (75)

369 1653 534 1706 αὐτὸν
559 1652 773 1707 ἑστῶτα
798 1654 923 1708 τάδε
954 1654 1078 1709 τινὰ
1105 1656 1408 1727 εἰρηκέναι,
1439 1654 1473 1726 ἢ
1504 1656 1863 1727 πεποιηκέναι
1896 1657 1954 1709 ἐν

369 1744 508 1815 τῷδε
538 1745 619 1815 τῷ
648 1745 823 1816 τόπῳ,
857 1748 887 1800 6
915 1747 973 1801 δὲ
1004 1748 1388 1819 καθεζόμενον.

439 1831 491 1885 4.
516 1833 727 1905 Ὠσπερ
751 1830 844 1888 οὖν
869 1834 963 1888 ἐπὶ
991 1834 1220 1900 τούτων,
1245 1828 1319 1888 ὧν
1336 1833 1634 1906 ὑπεθέμην,
1662 1833 1953 1905 ὲκληφθεὶς

368 1921 399 1975 6
431 1919 555 1986 νοῦς
577 1922 686 1976 τῶν
722 1924 1033 1996 ἱστορικῶν,
1062 1927 1372 1997 χαρακτῆρι
1401 1925 1767 1997 βουληθέντων
1805 1927 1953 1998 ἡμᾶς

366 2009 576 2076 διδάξαι
602 2010 671 2065 τὰ
695 2012 800 2065 ὑπὸ
830 2012 923 2066 τοῦ
948 2014 1040 2068 νοῦ
1070 2015 1251 2069 αὐτῶν
1265 2014 1671 2088 τεθεωρημένα,
1697 2017 1953 2088 οὐδεμίαν

370 2103 439 2158 ἂν
469 2104 717 2177 εὑρεθείη
751 2104 888 2177 ἔχων
918 2107 1236 2178 διαφωνίαν,
1271 2111 1321 2162 εἰ
1355 2110 1405 2162 οἰ
1432 2109 1696 2182 τέσσαρες
1725 2106 1834 2164 εἶεν
1863 2126 1952 2163 σο-

370 2195 480 2265 φοί·
512 2194 655 2250 οὕτω
677 2198 897 2270 νοητέον
917 2199 1013 2253 καὶ
1041 2201 1134 2253 ἐπὶ
1163 2198 1270 2254 τῶν
1299 2199 1582 2271 τεσσάρων
1607 2200 1753 2272 ἔχειν
1784 2201 1951 2271 εὐαγ-

368 2286 651 2356 γελιστῶν,
687 2290 1193 2363 καταχρησαμένων
1224 2291 1322 2363 μὲν
1347 2291 1559 2356 πολλοῖς
1581 2291 1690 2346 τῶν
1728 2292 1869 2347 κατά
1893 2293 1953 2346 τὸ

367 2381 653 2451 τεράστιον
699 2383 795 2436 καὶ
842 2382 1274 2454 παραδοξότατον
1314 2383 1416 2454 τῆς
1459 2384 1741 2455 δυνάμεως
1777 2383 1950 2457 Ἰησοῦ

369 2474 781 2546 πεπραγμένοις
807 2475 903 2529 καὶ
931 2475 1261 2547 εἰρημένοις,
1293 2474 1403 2528 ἐσθ’
1436 2477 1572 2529 ὅπου
1618 2477 1711 2530 καὶ
1753 2493 1954 2548 προσυ-

369 2566 654 2635 φανάντων
690 2570 757 2639 τῇ
789 2567 981 2639 Γραφῇ
1038 2568 1179 2639 μετὰ
1222 2568 1440 2634 λέξεως,
1477 2569 1553 2631 ὡς
1587 2570 1717 2641 περὶ
1758 2570 1950 2643 αἰσθη-

366 2658 474 2711 τῶν
502 2658 645 2730 (74),
684 2659 745 2713 τὸ
772 2659 1029 2733 καθαρῶς
1060 2661 1268 2732 νοητῶς
1308 2662 1492 2726 αὐτοῖς
1521 2662 1948 2733 τετρανωμένον.

369 2752 446 2804 Οὐ
474 2751 871 2820 καταγινώσκω
908 2753 1081 2824 δήπου
1117 2754 1214 2808 καὶ
1244 2755 1327 2822 τὸ,
1360 2754 1436 2819 ὡς
1487 2754 1628 2809 κατά
1667 2754 1766 2827 τὴν
1810 2757 1951 2809 ἱστο-

372 2847 513 2917 ρίαν,
562 2847 762 2920 ἑτέρως
806 2848 1118 2917 γενόμενον,
1172 2848 1310 2920 πρὸς
1350 2848 1411 2901 τὸ
1446 2850 1716 2920 χρήσιμον
1745 2848 1950 2903 τούτων

372 2939 634 3010 μυστικοῦ
664 2939 868 2995 σκοποῦ
910 2940 1255 3011 μετατιθέναι
1286 2957 1404 3004 πως
1445 2942 1662 3007 αὐτοὺς,
1687 2941 1828 2995 ὥστε
1869 2943 1949 2994 εἰ-

367 3036 490 3087 πεῖν
512 3035 575 3087 τὸ
599 3036 659 3087 ὲν
687 3035 839 3105 τόπῳ
870 3034 1178 3104 γενόμενον,
1211 3035 1289 3098 ὼς
1311 3036 1368 3086 ὲν
1391 3034 1581 3107 ἑτέρῳο
1622 3034 1655 3105 ἢ
1679 3033 1741 3087 τὸ
1757 3036 1815 3087 ὲν
1839 3032 1948 3104 τῷ·

366 3125 520 3198 δετῷ
550 3124 744 3198 καιρῷ,
779 3126 854 3190 ὼς
886 3128 944 3179 ἐν
977 3125 1143 3196 ἄλλῳ,
1175 3125 1270 3179 καὶ
1299 3126 1362 3179 τὸ
1383 3127 1582 3180 οὑτωσὶ
1613 3124 1947 3194 ἀπαγγελλό-
1976 3154 2019 3211 C

371 3236 532 3289 μενον
554 3219 667 3289 (75)
707 3219 846 3290 μετά
868 3235 1013 3283 τινος
1044 3218 1399 3291 παραλλαγῆς
1427 3218 1625 3282 αὐτοὺς
1655 3217 1951 3287 πεποιηκέ-

365 3327 476 3365 ναι.
504 3312 797 3380 Προέκειτο
820 3309 930 3383 γὰρ
959 3311 1161 3375 αὐτοῖς,
1206 3312 1341 3364 ὅπου
1371 3310 1470 3380 μὲν
1502 3309 1781 3381 ἐνεχώρει,
1820 3309 1952 3381 ἀλη-

368 3402 545 3459 θεύειν
577 3403 966 3474 πνευματικῶς
997 3403 1115 3474 ἅμα
1166 3404 1262 3456 καὶ
1308 3402 1658 3473 σωματικῶς·
1706 3403 1840 3456 ὅπου
1876 3403 1949 3474 μὴ

369 3495 645 3567 ἐνεδέχετο
660 3495 1005 3566 ἀμφοτέρως,
1037 3495 1352 3566 προκρίνειν
1380 3494 1440 3547 τὸ
1462 3494 1829 3564 πνευματικὸν
1856 3493 1950 3547 τοῦ

367 3589 702 3660 σωματικοῦ,
741 3587 1047 3660 σωζομένου
1089 3587 1347 3651 πολλάκις
1390 3586 1484 3639 τοῦ
1517 3585 1749 3658 ἀληθοῦς
1790 3603 1952 3640 πνευ-

369 3677 600 3749 ματικοῦ
645 3680 704 3732 ὲν
729 3678 810 3749 τῷ
840 3678 1159 3749 σωματικῷ,
1193 3679 1269 3741 ὼς
1322 3676 1390 3731 ἂν
1416 3676 1561 3730 εἴποι
1605 3694 1708 3742 τις,
1742 3676 1947 3747 ψευδεῖ·

364 3771 444 3834 ὡς
484 3773 533 3824 εἰ
569 3772 662 3824 καὶ
712 3770 822 3824 ἀπὸ
861 3770 963 3841 τῆς
996 3769 1236 3842 ἱστορίας
1266 3769 1537 3840 λέγοιμεν,
1560 3769 1643 3821 ὅτι
1684 3770 1713 3821 6
1758 3768 1951 3822 Ἰακὼϐ

366 3863 593 3932 φάσκων
623 3860 703 3934 τῷ
747 3862 951 3916 Ἰσαάκ·
984 3880 1004 3914 t
1051 3860 1191 3930 Ἐγὼ
1235 3860 1407 3915 Ἠσαῦ
1433 3862 1461 3913 6
1489 3860 1829 3932 πρωτότοκός
1856 3878 1951 3914 σου

365 3954 505 4020 υἱὸς,
530 3974 547 4006 ι
578 3954 718 4009 κατὰ
740 3955 843 4027 μὲν
870 3954 933 4008 τὸ
959 3953 1325 4025 πνευματικὸν
1357 3953 1609 4025 ἠλήθευε,
1635 3952 1951 4021 μεταλαϐὼν

363 4047 475 4100 τῶν
508 4046 895 4119 πρωτοτοκίων
937 4045 1038 4117 ἥδη
1079 4047 1137 4099 ὲν
1172 4045 1250 4116 τῷ
1284 4044 1501 4117 ἀδελφῷ
1535 4044 1954 4116 παραπολλυμέ-

364 4157 493 4205 νων,
522 4140 618 4195 καὶ
639 4140 727 4193 διὰ
746 4141 846 4211 τῆς
869 4140 1064 4211 στολῆς
1092 4139 1200 4193 τῶν
1224 4156 1283 4191 τε
1305 4137 1531 4210 ὲριφίων
1553 4137 1837 4209 δερμάτων
1859 4137 1951 4190 τὸν

364 4229 568 4298 ἔξωθεν
603 4232 928 4305 χαρακτῆρα
976 4230 1070 4285 τοῦ
1113 4230 1286 4285 Ἡσαῦ
1331 4229 1634 4294 ἀναλαϐὼν,
1675 4230 1768 4283 καὶ
1799 4230 1953 4299 γενό-

368 4340 528 4393 μενος
557 4323 725 4395 χωρὶς
751 4324 852 4395 τῆς
883 4321 1140 4393 αἰνούσης
1165 4322 1256 4374 τὸν
1285 4320 1417 4374 Θεὸν
1435 4321 1617 4391 φωνῆς
1645 4319 1835 4386 Ἡσαῦ,
1864 4322 1950 4375 ἵνα

362 4413 550 4486 χώραν
591 4413 729 4486 λάϐῃ
767 4414 904 4486 πρὸς
931 4414 992 4467 τὸ
1021 4411 1378 4484 εὐλογηθῆναι
1422 4412 1649 4483 ὕστερον
1681 4413 1711 4466 6
1756 4412 1946 4467 Ἡσαῦ.

2059 567 2194 622 pore
2224 562 2584 620 nequeunletn
2620 554 2803 620 plures
2838 555 2905 608 de
2944 556 3065 623 ipso
3105 555 3429 624 iugenerare
3473 556 3637 610 visio-

2061 659 2160 699 nes
2192 643 2467 711 pluribus,
2521 645 2574 697 in
2608 644 2857 713 pluribus
2890 643 3061 708 locis,
3119 659 3220 700 nec
3267 645 3422 713 plura
3468 646 3634 701 etiam

2059 734 2217 789 simul
2244 735 2456 801 dicere,
2489 734 2766 788 videbitur
2795 735 3127 803 impossibile
3155 750 3280 790 esse
3314 745 3374 790 ut
3408 736 3463 791 hi
3498 752 3636 805 qua-

2060 834 2202 890 tuor,
2229 840 2367 895 quos
2397 828 2782 897 supposuimus
2805 867 2821 891 ,
2845 842 2973 882 vera
3014 839 3237 883 narrent
3264 844 3331 884 ex
3360 844 3427 884 eo
3447 871 3463 897 ,
3488 832 3634 898 quod

2059 918 2220 971 facile
2248 916 2393 972 factu
2423 934 2528 972 non
2553 920 2624 973 sit
2654 919 2820 973 Deum
2847 934 2969 974 esse
2998 919 3051 972 in
3084 920 3188 974 hoe
3217 922 3452 990 quodam
3481 929 3638 976 certo

2062 1019 2337 1081 tempore,
2386 1012 2513 1081 quia
2565 1013 2727 1066 etiam
2773 1014 3152 1069 consideratus
3200 1013 3369 1067 fuerit
3406 1028 3533 1069 esse
3574 1014 3630 1070 in

2058 1101 2177 1157 loco
2200 1102 2496 1156 secundum
2524 1103 3124 1173 circumscriptionem,
3153 1113 3209 1159 et
3255 1103 3406 1169 huic,
3448 1113 3504 1158 et
3556 1103 3632 1159 iili

2057 1194 2197 1257 haec.
2228 1202 2285 1248 et
2314 1192 2399 1247 illa
2431 1193 2639 1260 dicere,
2667 1204 2724 1249 et
2759 1194 2938 1250 facere
2970 1196 3087 1250 haec
3107 1234 3123 1261 ,
3170 1203 3225 1251 et
3275 1196 3361 1250 his
3413 1207 3636 1251 contra-

2057 1286 2160 1349 ria,
2184 1293 2259 1349 et,
2288 1294 2344 1338 ut
2380 1286 2453 1340 ita
2498 1286 2707 1349 dicam,
2760 1287 3038 1341 sedentem
3094 1286 3256 1341 simul
3290 1297 3346 1341 et
3397 1295 3633 1343 stantem

2056 1392 2210 1441 esse;
2244 1378 2509 1446 siquidem
2541 1392 2681 1431 unus
2709 1378 2855 1433 dicat
2904 1380 3006 1433 hoc
3036 1387 3283 1449 tempore
3322 1394 3447 1433 eum
3483 1388 3635 1432 stan-

2060 1476 2164 1519 tem
2193 1467 2306 1521 bzcc
2335 1466 2537 1521 dixisse
2560 1478 2666 1531 ,-et
2700 1469 2814 1524 haec
2843 1467 3040 1524 fecisse
3081 1469 3134 1523 in
3171 1470 3275 1525 hoc
3310 1470 3454 1537 loco,
3491 1469 3634 1526 alius

2059 1573 2186 1614 vero
2216 1560 2521 1614 sedentem.

1986 1805 2028 1865 Β
2122 1842 2179 1895 4.
2221 1838 2293 1896 Ut
2319 1839 2487 1910 igitur
2518 1854 2711 1896 sensus
2739 1846 3027 1907 perceptus
3052 1836 3467 1901 historicorum,
3500 1837 3635 1892 cha-

2054 1945 2266 1989 ractere
2296 1942 2349 1988 et
2376 1932 2549 1988 forma
2603 1933 2656 1987 in
2708 1933 2797 1987 his
2852 1946 2989 2001 quos
3043 1932 3305 2000 supposui
3349 1929 3489 1985 velle
3531 1942 3635 1986 nos

2054 2028 2257 2090 dicere,
2297 2040 2419 2098 quae
2450 2040 2607 2080 mens
2638 2026 2877 2095 ipsorum
2906 2023 3272 2093 perspexerit,
3309 2022 3513 2077 nullam
3547 2023 3634 2079 in-

2056 2116 2329 2170 veniretur
2355 2116 2558 2169 habere
2596 2115 2983 2170 dissonantiam
3005 2154 3020 2178 ,
3056 2115 3102 2168 si
3136 2123 3369 2182 quatuor
3413 2112 3625 2167 fuerint

2054 2210 2360 2280 sapientes;
2396 2209 2477 2263 sic
2520 2209 2686 2261 etiam
2732 2208 2785 2260 in
2827 2217 3067 2277 quatuor
3109 2206 3465 2277 evangelistis
3513 2220 3627 2259 rem

2053 2314 2113 2357 se
2154 2301 2357 2356 habere
2412 2299 2821 2370 intelligendum
2870 2307 2991 2365 est,
3036 2299 3386 2352 abutentihus
3440 2296 3630 2351 multis

2053 2403 2166 2447 tum
2192 2392 2354 2447 dictis
2374 2389 2535 2454 Iesu,
2560 2391 2716 2459 juxta
2746 2390 2891 2445 illius
2934 2389 3301 2458 prodigiosam
3351 2396 3409 2443 et
3455 2390 3629 2443 admi-

2054 2483 2437 2538 rabilissimam
2468 2481 2801 2551 potentiam;
2848 2480 3124 2535 interdum
3176 2482 3344 2535 etiam
3384 2490 3631 2535 atteren-

2054 2572 2196 2627 tibus
2234 2572 2299 2627 ad
2333 2572 2671 2641 Scripturam
2698 2586 2822 2627 cum
2858 2571 3096 2626 dictione
3133 2571 3295 2625 veluti
3345 2571 3412 2624 de
3451 2571 3632 2626 sensi-

2051 2666 2270 2730 bilibus,
2299 2665 2439 2733 quod
2473 2664 2579 2719 illis
2606 2679 2741 2733 puro
2770 2679 2835 2718 ac
2861 2664 2977 2718 solo
3002 2664 3275 2719 intellectu
3313 2664 3631 2719 manifesta-

2053 2766 2165 2811 tum
2220 2765 2359 2810 erat.
2418 2752 2539 2808 Non
2601 2756 2940 2823 reprehendo
3004 2766 3185 2811 autem
3239 2758 3390 2826 ipsos
3444 2756 3632 2826 aliquo

2052 2857 2210 2919 pacto
2271 2846 2669 2916 transposuisse
2718 2848 2788 2903 ad
2846 2848 3133 2904 utilitatem
3196 2850 3438 2921 mystica:
3498 2863 3634 2903 con-

2051 2945 2395 2999 siderationis
2447 2946 2637 3000 harum
2689 2959 2907 3009 rerum,
2982 2944 3037 2999 id
3114 2944 3293 3012 quod,
3362 2951 3630 3013 quantum

2052 3038 2248 3091 attinet
2276 3038 2343 3091 ad
2376 3037 2685 3102 historiam,
2713 3037 2822 3092 alio
2854 3037 3016 3090 modo
3046 3034 3249 3091 factum
3294 3034 3499 3096 fuerat.
3553 3034 3629 3089 ita

2053 3136 2113 3182 ut
2138 3128 2282 3196 quod
2317 3142 2425 3182 uno
2453 3127 2571 3182 loco
2606 3128 2813 3181 factum
2860 3125 3070 3189 fuerat,
3125 3134 3383 3195 tanquam
3418 3126 3473 3179 in
3523 3124 3631 3180 alio

2053 3230 2261 3291 gestum
2287 3222 2381 3284 sit,
2413 3230 2735 3284 narrarent;
2769 3218 2924 3291 165
2949 3218 3034 3273 vel
3058 3221 3202 3289 quod
3224 3234 3331 3273 uno
3358 3227 3629 3287 tempore,

2054 3322 2312 3382 tanquam
2342 3313 2394 3366 in
2427 3312 2563 3378 alio;
2602 3322 2658 3365 et
2681 3311 2840 3373 illud.
2872 3310 3015 3378 quod
3048 3325 3156 3363 uno
3190 3309 3350 3363 modo
3386 3324 3633 3377 pronun-

2054 3406 2247 3460 tiatum
2302 3403 2503 3466 fuerat,
2551 3418 2678 3457 cum
2711 3401 2946 3469 quadam
2983 3400 3306 3454 alteratioue
3336 3401 3627 3455 referrent.

2051 3493 2399 3563 Propositum
2431 3494 2574 3547 enim
2621 3492 2732 3546 illis
2775 3501 2893 3546 erat
2938 3506 3068 3545 vera
3102 3505 3362 3554 narrare,
3398 3500 3452 3543 et
3472 3490 3633 3559 spiri-

2054 3585 2275 3640 tualiter
2298 3594 2352 3640 et
2383 3584 2760 3653 corporaliter,
2792 3584 2883 3637 ubi
2919 3583 3134 3644 liceret;
3174 3582 3265 3636 ubi
3307 3591 3487 3637 autem
3521 3598 3629 3636 non

2052 3678 2404 3747 contingebat
2456 3688 2767 3746 utrumque,
2815 3690 2932 3731 rem
2988 3674 3248 3744 praeferre
3289 3674 3629 3744 spiritualem

2053 3771 2134 3825 rei
2180 3785 2480 3840 corporeae,
2519 3778 2733 3825 servata
2786 3783 2934 3838 stepe
2976 3767 3208 3823 veritate
3256 3765 3525 3836 spirituali
3575 3767 3630 3819 in

2055 3861 2352 3931 corporali,
2398 3870 2458 3914 ut
2497 3859 2697 3929 aliquis
2731 3858 2976 3925 diceret,
3013 3857 3319 3914 mendacio.
3352 3855 3629 3923 Quemad-

2052 3954 2270 4006 modum
2303 3952 2348 4006 si
2387 3952 2551 4004 etiam
2598 3966 2665 4005 ex
2722 3949 2948 4006 historia
2986 3949 3297 4003 diceremus
3343 3946 3517 4002 Iacob
3546 3944 3631 4000 di-

2053 4054 2263 4099 centem
2290 4043 2473 4099 Isaac:
2528 4060 2548 4094 ς
2582 4042 2693 4112 Ego
2719 4057 2839 4097 sum
2879 4042 3021 4095 Esau
3062 4040 3456 4111 primogenitus
3506 4049 3633 4094 tuus

2055 4135 2197 4189 filius
2221 4134 2289 4199 ⁷⁵,
2324 4153 2343 4185 ι
2382 4134 2677 4189 secundum
2722 4133 3056 4188 intellectum
3101 4131 3319 4201 quidem
3368 4131 3631 4201 spiritua-

2053 4226 2158 4280 lem
2189 4239 2441 4279 narrasse
2464 4239 2595 4280 vera
2627 4225 2968 4294 (participem
3002 4222 3203 4279 factum
3237 4221 3634 4291 primogenitu-

2054 4332 2274 4384 rarum,
2315 4323 2435 4383 quae
2491 4299 2542 4370 in
2580 4316 2747 4372 fratre
2792 4316 2905 4386 jam
2959 4316 3271 4386 perierant,
3302 4323 3358 4369 et
3416 4322 3633 4384 recepta

2054 4407 2227 4461 forma
2252 4416 2308 4462 et
2340 4407 2509 4475 figura
2565 4408 2708 4460 Esau
2757 4416 2990 4461 externa
3024 4422 3119 4476 per
3145 4415 3350 4460 vestem
3385 4404 3631 4460 haedina-

363 4505 519 4577 Τάχα
542 4507 650 4578 γὰρ
680 4509 729 4559 εἰ
776 4506 850 4578 μὴ
884 4506 1153 4578 ηὐλόγητο
1194 4502 1388 4558 Ἰακὼϐ
1418 4504 1493 4567 ὡς
1534 4503 1725 4567 Ἡσαῦ,
1756 4504 1856 4557 οὐκ
1880 4503 1947 4557 ἂν

2055 4514 2173 4552 rum
2204 4498 2475 4571 pellium),
2520 4507 2686 4569 atque
2733 4497 2940 4553 factum
2974 4498 3114 4553 Esau
3170 4496 3291 4551 sine
3332 4512 3465 4552 voce
3518 4496 3635 4551 latio

362 4598 487 4653 οὐδὲ
525 4600 694 4653 Ἠσαῦ
719 4600 843 4654 καθ’
870 4599 1061 4653 ἑαυτὸν
1083 4597 1336 4662 δέξασθαι
1353 4598 1453 4667 τὴν
1476 4597 1724 4667 εὐλογίαν
1754 4592 1865 4663 οἷός
1886 4615 1945 4651 τε

360 4685 453 4758 ἦν.
478 4692 589 4744 Καὶ
620 4693 649 4744 6
687 4689 896 4761 Ἰησοῦς
933 4690 1115 4743 τοίνυν
1147 4688 1316 4743 πολλά
1345 4691 1462 4742 ἐστι
1509 4692 1630 4752 ταῖς
1659 4691 1945 4755 ἐπινοίαις,

360 4776 439 4837 ὧν
457 4782 709 4837 ἐπινοιῶν
726 4783 872 4846 εἰκὸς
890 4782 1017 4846 τοὺς
1032 4779 1420 4852 εὐαγγελιστάς
1435 4780 1721 4852 διαφόρους
1740 4781 1947 4846 ὲννοίας

359 4873 758 4944 λαμϐάνοντας,
784 4872 896 4927 ἐσθ’
929 4873 1017 4926 ὅτε
1041 4872 1137 4925 καί¹
1159 4870 1602 4943 συμφερομένους
1628 4870 1943 4941 άλλους(76)

359 4966 493 5036 περί
524 4982 687 5019 τινων
715 4964 1156 5037 ἀναγεγραφέναι
1183 4963 1251 5017 τὰ
1274 4961 1600 5032 Εὐαγγέλια·
1619 4957 1728 5016 οἷον
1746 4962 1945 5034 ἀληθὲς

359 5061 535 5113 εἰπεῖν
565 5060 657 5123 τὰ,
681 5058 758 5123 ὡς
790 5060 930 5131 πρὸς
951 5059 1051 5131 τὴν
1091 5056 1258 5123 λέξιν,
1296 5056 1646 5126 ἀντικείμενα
1682 5054 1814 5126 περ).
1846 5053 1941 5108 τοῦ

360 5151 566 5224 Κυρίου
599 5152 778 5225 ἡμῶν,
813 5152 893 5205 ὅτι
932 5151 1156 5222 γέγονεν
1182 5152 1249 5203 ὲκ
1280 5146 1473 5213 Δαυῒδ,
1508 5148 1603 5202 καὶ
1630 5149 1692 5201 οὐ
1719 5147 1940 5216 γέγονεν

433 5244 483 5277 ⁷⁸
510 5242 652 5301 Gen.
680 5260 859 5310 mm,
899 5245 988 5301 l9.

431 5367 552 5439 (71)
596 5370 666 5427 Ἠ
709 5369 823 5439 διὰ,
856 5370 1088 5436 εἰκόνος
1134 5367 1443 5437 ἱστορικῆς
1491 5366 1644 5439 πρός
1689 5380 1824 5439 τινα
1843 5365 1948 5439 ῃτὰ

363 5432 511 5517 ὄντα
534 5432 946 5517 ’παραστῆσαι
973 5432 1435 5517 πρᾶχματᾴηϋὸ
1459 5432 1583 5517 cod.
1613 5435 1797 5517 ΒοιΗά
1843 5432 1947 5488 Re-

362 5515 496 5592 gius
516 5508 802 5592 perperam
828 5508 1027 5592 habet,
1078 5508 1186 5592 ἷδιμ
1216 5508 1425 5592 εἰκόνος
1469 5508 1750 5577 ἱστορικῆς
1775 5521 1945 5575 προσ..

365 5578 540 5637 θοιτὸν
569 5578 697 5633 ὅντα
729 5580 1081 5702 παραστῆσαι
1110 5579 1179 5634 τὰ
1209 5578 1529 5649 πράγματα.
1625 5645 1639 5661 ο
1925 5643 1937 5655 ,

372 5652 880 5774 ιεῼῖἔιιξῐδγ.
916 5650 1139 5707 Videtur
1167 5650 1513 5704 scribendum
1544 5647 1825 5709 ἀδυνατον,
1862 5651 1938 5699 υιι

372 5720 505 5790 legit
534 5720 840 5776 Ferrarius.

442 5791 554 5864 (73)
593 5789 820 5863 Λέγων.
848 5789 1082 5848 Omnino
1108 5788 1453 5846 scribendum
1480 5795 1564 5844 est
1588 5785 1756 5854 ὶέγοι.

2052 4592 2216 4646 dante
2244 4592 2446 4658 Deum,
2505 4600 2563 4645 ut
2611 4592 2808 4647 deinde
2857 4592 3035 4645 locum
3083 4592 3356 4646 inveniret
3389 4590 3529 4645 Esau
3565 4587 3634 4643 ad

2053 4685 2485 4740 benedictionem
2516 4685 2977 4754 consequendam.
3012 4683 3145 4738 Nam
3168 4682 3419 4746 fortasse,
3450 4684 3501 4736 ni
3533 4683 3634 4737 beo

2052 4778 2305 4833 nedictus
2333 4777 2525 4833 fuisset
2556 4776 2725 4833 Jacob
2762 4788 3017 4847 tanquam
3051 4777 3214 4839 Esau,
3250 4792 3320 4831 ne
3348 4775 3486 4829 Esau
3511 4774 3634 4841 qui-

2052 4868 2175 4923 dem
2217 4885 2418 4940 capere
2448 4871 2721 4939 quivissct
2767 4885 2836 4924 ex
2871 4884 2933 4925 se
2985 4868 3441 4925 benedictionem.
3474 4863 3633 4920 Iesus

2054 4961 2217 5031 igitur
2241 4961 2410 5016 multa
2427 4973 2510 5017 est
2526 4963 2823 5018 secundum
2842 4965 3025 5017 varias
3050 4961 3320 5025 notiones,
3338 4973 3402 5013 ex
3435 4956 3631 5025 quibus

2051 5053 2332 5123 probabile
2356 5064 2442 5110 est
2474 5055 2837 5124 evangelistas
2866 5055 3115 5108 notiones
3139 5058 3417 5105 sumentes
3448 5048 3631 5101 diver-

2048 5161 2169 5213 sas,
2198 5147 2469 5202 interdum
2493 5149 2657 5202 etiam
2685 5150 2821 5202 alias
2844 5147 2909 5201 de
2932 5143 3255 5215 quibusdam
3282 5139 3632 5197 consentien-

2121 5358 2233 5431 (74)
2282 5358 2378 5431 Ὧς
2405 5358 2542 5431 περὶ
2568 5353 2891 5425 αἰσθητῶν.
2940 5351 3105 5408 Forte
3136 5349 3484 5406 scribendum
3528 5343 3636 5398 ὡσ-

2049 5427 2223 5498 περεὶ’
2236 5427 2513 5498 αἰσθητόν,
2545 5440 2651 5483 etc.

2119 5448 2842 5622 ξξέ)αὲῖῗιυ‹ἷὲξτὲνίόἓδῗείιιηιιε.
2868 5491 3067 5548 οὕτωσ).
3108 5485 3586 5556 ἀπαγγελλόμενον
3606 5499 3624 5517 ο

2119 5585 2220 5622 rex
2252 5568 2471 5622 Renius.
2503 5567 2663 5622 male.
2688 5565 2861 5622 οὕτως
2900 5566 2949 5616 εί
2983 5558 3469 5622 ἐπαγγελλόμενον.
3503 5555 3621 5611 Mox

2047 5555 2226 5626 codex,
2252 5568 2471 5637 Regius,
2503 5567 2663 5630 male,
2688 5565 2861 5629 οὕτως
2900 5566 2949 5616 εί
2983 5555 3469 5637 ἐπαγγελλόμενον.
3503 5555 3621 5611 Mox

2044 5641 2212 5694 Codex
2248 5627 2595 5703 Bodleianus,
2637 5627 2803 5699 recte,
2836 5627 3221 5702 πεποιηκέναι,
3263 5627 3485 5697 Regius,
3517 5640 3620 5680 πε-

2048 5708 2544 5852 ποῖῼῶέῖἓὶὶλους.
2580 5774 2938 5833 Scribendum
2973 5771 3183 5828 videtur
3211 5765 3479 5833 ἀλλήλοις.
