4194 6384
553 317 662 375 515

2000 321 2321 379 ORIGENIS

3709 321 3818 377 3l6

559 445 640 490 tes
669 436 958 506 scripsisse
985 437 1296 507 Evangelia.
1331 439 1495 494 Verbi
1531 440 1736 508 gratia:
1775 441 1973 495 Verum
2022 451 2123 504 est,

2238 443 2294 493 ὲκ
2320 439 2503 492 Δαυῖδ.
2543 438 2763 510 Ἀληθὲς
2796 439 2894 509 μὲν
2923 439 3033 510 γὰρ
3059 437 3140 502 τὸ,
3177 441 3399 508 γέγονεν
3429 440 3500 492 ἐκ
3523 435 3695 490 Δαυῖδ
3721 438 3820 506 (ὡς

557 530 703 598 quod
733 530 800 582 ad
830 539 1034 583 textum
1057 532 1268 593 attinet,
1291 532 1568 584 contraria
1599 531 1784 586 dicere
1809 533 1875 587 de
1899 533 2128 588 Domino

557 629 769 688 nostro,
819 635 1013 689 nempe
1063 637 1186 675 eum
1230 625 1471 692 genitum
1499 638 1566 676 ex
1598 623 1785 686 David,
1813 635 1866 678 et
1900 641 2005 678 non
2041 640 2132 694 ge-

558 711 732 766 nitum
760 727 823 764 ex
853 713 1039 766 David.
1079 711 1274 766 Verum
1331 715 1532 768 etenim
1578 725 1662 768 est
1700 717 1938 782 genitum
1966 717 2132 771 fuisse

561 817 633 856 ex
662 802 828 856 David
871 803 955 871 (ut
993 804 1154 857 etiam
1184 805 1473 873 Apostolus
1519 806 1796 874 inquit":
1835 826 1854 859 ι
1887 808 2131 874 genitum

561 909 632 950 ex
665 896 872 952 semine
902 897 1070 951 David
1099 900 1396 953 secundum
1434 900 1676 970 carnem)
1703 941 1718 964 ,
1759 902 1805 954 si
1843 903 1908 955 ad
1937 916 2134 970 corpus

562 987 732 1056 ipsius
776 987 1108 1054 referamus;
1144 989 1337 1043 falsum
1382 1001 1560 1046 autem
1595 991 1698 1046 hoc
1737 992 1913 1062 ipsum
1945 1003 2051 1058 est,
2087 993 2133 1047 si

559 1079 630 1132 de
665 1080 934 1135 diviniore
993 1080 1164 1150 ipsius
1221 1083 1460 1151 potentia
1520 1083 1949 1140 intellexerimus
2007 1099 2131 1140 eum

561 1169 804 1238 genitum
842 1171 1008 1227 luisse
1041 1188 1106 1227 ex
1142 1175 1347 1228 semine
1377 1173 1566 1228 David.
1616 1173 1933 1229 Declaratus
1972 1191 2130 1229 nam-

561 1273 669 1328 que
723 1261 892 1317 Filius
939 1264 1033 1318 Dei
1087 1263 1188 1318 fuit
1227 1279 1350 1318 cum
1380 1266 1619 1334 potentia
1665 1267 1732 1318 ⁷⁸.
1769 1266 1835 1320 Et
1885 1267 2137 1322 fortassis

561 1351 708 1408 hanc
759 1354 829 1410 ob
884 1369 1103 1410 causam
1131 1365 1330 1411 sanctae
1359 1359 1654 1426 prophetia:
1690 1357 1979 1426 aliquoties
2006 1375 2132 1412 eum

563 1455 815 1512 servum,
846 1445 1130 1516 aliquoties
1169 1457 1348 1502 autem
1399 1463 1522 1504 eum
1557 1447 1755 1503 Filium
1801 1450 2134 1518 praedicant;

567 1547 789 1590 servum
819 1537 1036 1606 quidem
1068 1549 1289 1608 preptcr
1334 1541 1477 1594 servi
1516 1541 1785 1604 formam,
1825 1550 1880 1596 et
1908 1542 2033 1611 quia
2069 1557 2137 1596 ex

569 1623 808 1691 Davide;
856 1627 1055 1683 Filium
1082 1645 1212 1684 vero
1249 1631 1342 1686 Dei
1394 1643 1618 1702 propter
1643 1633 1940 1702 potentiam
1981 1649 2136 1688 suam

569 1716 1020 1789 primogenitam:
1051 1722 1131 1776 sic
1163 1739 1348 1778 verum
1379 1733 1462 1779 est
1487 1721 1670 1780 dicere
1705 1740 1828 1779 eum
1864 1725 2136 1782 hominem

2229 531 2324 584 καὶ
2345 533 2374 583 ὁ
2413 529 2732 592 Ἀπόστολός
2762 545 2913 598 φησι·
2952 547 2972 580 ι
3013 527 3105 581 τοῦ
3139 529 3428 599 γενομένου
3457 531 3523 581 ἐκ
3559 513 3827 597 σπέρμαέ

2227 639 2318 686 τος
2339 621 2499 676 Δαυῒδ
2523 623 2661 676 κατὰ
2690 622 2865 692 σάρκα
2903 621 2970 691 ι),
2997 623 3046 673 εἰ
3077 621 3138 674 τὸ
3173 620 3485 692 σωματικὸν
3527 617 3702 672 αὑτοῦ
3730 620 3828 670 ἐκ·

2232 715 2499 786 λάϐομεν·
2522 714 2714 784 ψευδὲς
2740 715 2796 767 δὲ
2820 715 2951 768 αὐτὸ
2975 713 3155 778 τοῦτο,
3196 715 3244 766 εί
3277 713 3366 766 ἐπὶ
3392 712 3497 782 τῆς
3533 710 3832 781 θειοτέρας

2229 807 2507 878 δυνάμεως
2540 806 2806 877 ἀκούομεν
2841 806 2904 858 τὸ
2941 805 3221 873 γεγονέναι
3263 803 3421 857 αὐτὸν
3454 805 3524 855 ἐκ
3560 800 3832 872 σπέρμα-

2229 917 2320 962 τος
2354 899 2532 952 Δαυῖδ·
2567 897 2773 969 ὡρίσθη
2812 897 2921 968 γὰρ
2957 896 3084 960 Υίδς
3128 893 3263 948 Θεοῦ
3313 896 3370 948 ἐν
3397 893 3661 964 δυνάμει.
3721 891 3839 945 Καὶ

2230 991 2369 1061 τάχα
2389 990 2476 1044 διὰ
2499 989 2656 1044 τοῦτο
2676 991 2732 1043 αἱ
2761 991 2912 1058 ἆγιαι
2949 989 3274 1060 προφητεῖαι
3305 987 3438 1038 ὅπου
3478 985 3584 1056 μὲν
3615 982 3836 1048 δοῦλον,

2231 1083 2365 1136 ὅπου
2394 1081 2451 1135 δὲ
2485 1083 2609 1134 Υίὺν
2634 1081 2794 1135 αὐτὸν
2829 1079 3241 1152 ἀναγορεύουσι·
3268 1077 3451 1131 δοῦλον
3483 1076 3592 1148 μὲν
3621 1075 3716 1129 διὰ
3735 1075 3840 1146 τὴν

2232 1173 2420 1228 δούλου
2445 1175 2676 1247 μορφὴν,
2698 1175 2794 1227 καὶ
2811 1174 2922 1226 ⁸τδν
2945 1175 3009 1226 ἐκ
3039 1172 3352 1243 σπέρματος
3382 1167 3575 1222 Δαυΐδ·
3612 1167 3754 1222 Υίὸν
3780 1167 3842 1221 δὲ

2233 1264 2368 1318 Θεοῦ
2385 1265 2525 1319 κατά
2544 1265 2655 1334 (77)
2681 1264 2778 1336 τὴν
2803 1264 3146 1336 πρωτότοκον
3165 1262 3331 1316 αὑτοῦ
3359 1261 3622 1332 δύναμιν·
3657 1259 3840 1324 οὕτως,

2235 1357 2395 1410 αὑτὸν
2448 1356 2646 1426 ἀληθὲς
2689 1358 2861 1409 εἰπεῖν
2893 1355 3196 1428 ἄνθρωπον,
3227 1355 3321 1408 καὶ
3368 1353 3470 1406 οὐκ
3506 1351 3841 1424 ἄνθρωπον·

2235 1447 2520 1519 ἄνθρωπον
2555 1448 2696 1502 κατά
2737 1449 2798 1502 τὸ
2826 1448 3057 1502 θανάτου
3083 1447 3346 1500 δεκτικόν·
3376 1446 3480 1498 οὐκ
3527 1443 3839 1513 ἄνθρωπον

2235 1537 2292 1590 δέ
2330 1537 2473 1591 κατά
2511 1539 2575 1590 τὸ
2623 1536 2908 1609 ἀνθρώπου
2943 1535 3232 1608 θειότερον.
3289 1533 3430 1604 Ἐγὼ
3457 1534 3506 1588 δ’
3535 1528 3705 1604 οἶμαι
3737 1532 3841 1585 καὶ

2235 1629 2327 1683 τὸν
2371 1628 2672 1699 Μαρκίωνα
2716 1627 2827 1698 (78)
2873 1625 3346 1698 παρεκδεξάμενον
3381 1627 3566 1694 ὑγιεῖς
3612 1623 3841 1692 λόγους,

2239 1719 2532 1774 ἀθετοῦντα
2586 1719 2750 1772 αὑτοῦ
2788 1719 2887 1790 τὴν
2919 1721 2985 1772 ἐκ
3016 1719 3233 1791 Μαρίας
3258 1718 3496 1789 γένεσιν,
3555 1715 3711 1770 κατὰ
3740 1714 3846 1787 τὴν

571 1821 628 1864 et
661 1825 770 1865 non
801 1811 1102 1866 hominem:
1139 1813 1412 1868 hominem
1441 1815 1690 1884 quidem,
1723 1824 1952 1885 propter
2006 1816 2137 1872 illud

2241 1809 2392 1864 θείαν
2412 1809 2574 1863 αὐτοῦ
2597 1809 2756 1880 φύσιν
2775 1809 3176 1878 ἀποφήνασθαι,
3195 1809 3271 1872 ὡς
3293 1807 3401 1879 ἄρα
3426 1808 3534 1861 οὐκ
3563 1803 3842 1876 ἐγεννήθη

565 1903 709 1970 quod
745 1903 934 1956 mortis
969 1913 1054 1957 est
1101 1919 1311 1974 capax;
1361 1916 1621 1961 caeterum
1671 1922 1778 1960 non
1833 1907 2135 1973 hominem,

566 2001 788 2064 propter
815 1993 946 2049 illud
986 1997 1132 2066 quod
1164 1997 1384 2052 homine
1405 2008 1489 2053 est
1519 1997 1774 2053 divinius.
1809 1998 1922 2070 Ego
1956 2011 2136 2056 autem

569 2083 805 2140 arbitror
841 2087 1006 2141 etiam
1067 2089 1395 2144 Marcionem
1439 2099 1783 2159 respuentem
1837 2092 2138 2148 doctrinam

565 2187 776 2242 sanam,
807 2185 863 2231 et
892 2178 1224 2247 rejirientem
1253 2181 1423 2248 ipsius
1442 2196 1509 2235 ex
1531 2180 1700 2236 Maria
1727 2193 1928 2249 ortum,
1967 2197 2143 2238 enun-

569 2263 736 2320 tiasse
762 2279 884 2320 eum
911 2267 1067 2336 juxta
1097 2269 1337 2324 divinam
1365 2280 1616 2325 naturam
1648 2273 1890 2340 genitum
1921 2289 1988 2330 ex
2021 2274 2138 2330 Ma-

569 2356 649 2411 ria
685 2373 790 2412 non
818 2357 1020 2426 fuisse,
1069 2368 1126 2416 et
1177 2362 1316 2416 hanc
1351 2364 1420 2417 ob
1467 2378 1685 2418 causam
1737 2379 1930 2420 ausum
1975 2365 2142 2424 fuisse

569 2445 752 2502 delere
782 2447 884 2502 hos
913 2448 1060 2504 locos
1087 2464 1155 2504 ex
1185 2450 1501 2521 Evangelio;
1545 2456 1634 2508 cui
1665 2455 1847 2510 simile
1879 2457 2138 2524 quiddam

571 2536 720 2606 passi
752 2536 922 2592 fuisse
955 2538 1008 2592 hi
1049 2539 1300 2595 videntur
1321 2542 1410 2611 qui
1437 2542 1586 2596 illius
1616 2543 2008 2600 humanitatem
2039 2547 2139 2600 tol-

567 2625 720 2694 lunt,
772 2627 944 2683 solam
993 2628 1141 2685 illius
1169 2631 1509 2687 divinitatem
1551 2635 1926 2702 admittentes,
1981 2637 2142 2710 166

567 2727 736 2790 atque
758 2719 842 2776 his
871 2723 1154 2787 contrarii,
1178 2723 1270 2792 qui
1302 2724 1642 2778 divinitatem
1669 2727 1786 2794 ejus
1825 2727 2138 2794 obliterauit,

568 2811 846 2868 hominem
891 2828 1012 2868 eum
1053 2814 1332 2870 hominum
1381 2817 1624 2870 omnium
1677 2818 2040 2886 jusrissimum
2088 2829 2145 2876 et

568 2906 980 2962 sanctissimum
1011 2907 1166 2964 fassi.
1210 2909 1348 2975 Quin
1383 2909 1477 2979 qui
1536 2911 1888 2966 introducunt
1933 2913 2143 2982 opinio-

569 3013 694 3054 uem
725 3001 851 3070 quia
886 3016 990 3056 non
1031 3001 1398 3057 intellexerint
1437 3017 1563 3057 eum
1607 3004 1698 3073 qui
1747 3023 1766 3056 ι
1799 3005 2038 3073 seipsum
2072 3009 2141 3061 ad

2240 1900 2306 1953 ἐκ
2334 1899 2572 1971 Μαρίας,
2607 1899 2702 1953 καὶ
2739 1898 2826 1952 διὰ
2854 1899 3013 1952 τοῦτο
3038 1898 3430 1970 τετολμηκέναι
3479 1893 3844 1968 περιγράψω

2237 1991 2460 2054 τούτους
2504 1991 2632 2054 τοὺς
2667 1989 2869 2054 τόπους
2899 1989 3007 2043 ἀπὸ
3037 1988 3132 2042 τοῦ
3157 1987 3516 2057 Εὑαγγελίου·
3554 1979 3603 2055 ᾧ
3652 2001 3840 2057 παρα-

2239 2083 2466 2155 πλήσιον
2499 2081 2822 2136 πεπονθέναι
2847 2082 3126 2151 φαίνονται
3163 2083 3214 2134 οἱ
3257 2079 3620 2152 ἀναιροῦντες
3667 2073 3838 2131 αὐτοῦ

2189 2237 2200 2250 ,
2239 2176 2338 2247 τὴν
2360 2174 2771 2247 ἀνθρωπότητα,
2789 2174 2884 2228 καὶ
2903 2174 3068 2244 μόνην
3089 2173 3255 2228 αὑτοῦ
3279 2173 3378 2242 τὴν
3403 2171 3646 2243 θεότητα
3664 2185 3843 2240 παρα-

2239 2260 2542 2338 δεξάμενοι,
2588 2267 2643 2321 οἵ
2678 2283 2738 2320 τε
2783 2266 2992 2330 τούτοις
3039 2265 3292 2329 ἐναντίοι,
3330 2263 3426 2317 καὶ
3463 2263 3571 2334 τὴν
3601 2261 3836 2331 θεότητα

2241 2359 2406 2414 αὑτοῦ
2431 2359 2890 2431 περιγράψαντες,
2917 2359 3010 2412 τὸν
3029 2357 3086 2412 δὲ
3113 2343 3399 2430 ἄνθρωπον
3429 2355 3509 2418 ὡς
3535 2354 3696 2423 ἆγιον
3743 2351 3838 2404 καὶ

2241 2451 2579 2506 δικαιότατον
2611 2452 2827 2506 πάντων
2867 2449 3169 2521 ἀνθρώπων
3212 2449 3673 2520 ὁμολογήσαντες.
3722 2442 3836 2496 Καὶ

2240 2547 2291 2599 oi
2340 2546 2438 2618 τὴν
2489 2545 2710 2616 δόκησιν
2749 2543 2807 2596 δὲ
2851 2543 3182 2611 εἰσάγοντες,
3222 2558 3241 2591 ι
3275 2539 3366 2593 τὸν
3408 2533 3836 2591 ταπεινώσαντα

2241 2640 2404 2695 αὑτὸν
2450 2640 2610 2713 μέχρι
2651 2641 2905 2700 θανάτου,
2953 2636 3048 2691 καὶ
3075 2635 3314 2706 ὑπήκοον
3336 2631 3632 2702 γενόμενον
3671 2628 3831 2700 μέχρι

2245 2732 2479 2804 σταυροῦ
2521 2752 2538 2784 ι
2592 2731 2666 2803 μὴ
2723 2731 3036 2802 νοήσαντες,
3091 2727 3250 2796 μόνον
3293 2725 3350 2779 δὲ
3402 2723 3464 2776 τὸ
3511 2720 3726 2782 ἀπαθὲς
3771 2717 3833 2770 τὸ

2241 2827 2488 2895 κρεῖττον
2513 2823 2712 2888 παντὸς
2730 2822 2970 2876 τοιούτου
2986 2818 3388 2891 συμπτώματος
3405 2813 3826 2886 φαντασθέντες,

2244 2919 2566 2990 ἀποστερεῖν
2616 2918 2764 2988 ἡμᾶς
2806 2915 2868 2968 τὸ
2907 2915 3030 2967 ὅσον
3082 2912 3166 2980 ἐφ’
3215 2912 3426 2973 ἑαυτοῖς
3469 2907 3692 2961 θέλουσι
3732 2901 3826 2955 τοῦ

2244 3011 2461 3064 πάντων
2513 3007 2816 3080 ἀνθρώπων
2857 3005 3199 3060 δικαιοτάτου
3234 3001 3548 3074 ἀνθρώπου,
3579 2999 3642 3054 ού
3669 2998 3828 3051 δυνα-

569 3102 802 3146 mortem
828 3107 1002 3162 usque
1028 3092 1618 3150 humiliavitobediens
1652 3096 1832 3152 factus
1869 3112 2042 3168 usque
2073 3099 2140 3152 ad

2249 3103 2442 3173 μένους
2467 3101 2534 3154 δι’
2565 3100 2775 3154 ἐκείνου
2817 3097 3085 3163 σώζεσθαι
3120 3095 3254 3166 (79)·
3283 3094 3360 3158 ὡς
3393 3093 3504 3164 γὰρ
3540 3113 3570 3194 ι
3611 3091 3676 3194 δι’
3711 3087 3829 3152 ἐνὸς

569 3197 794 3238 crucem
841 3185 909 3252 7",
942 3201 960 3234 ι
999 3193 1059 3240 et
1083 3185 1254 3239 solam
1290 3186 1411 3256 ejus
1442 3200 1561 3240 eam
1591 3199 1800 3253 partem
1821 3229 1836 3252 ,
1864 3203 1986 3258 quae
2021 3203 2145 3258 per-

573 3273 971 3329 turbationibus
993 3284 1166 3339 vacat,
1189 3290 1416 3346 quaeque
1445 3279 1695 3346 superior
1719 3289 1802 3334 est
1829 3280 2024 3350 quovis
2051 3281 2145 3335 tali

569 3381 700 3422 casu
730 3365 1201 3436 imagiuaverunt,
1258 3381 1356 3434 pro
1383 3367 1526 3423 virili
1565 3382 1665 3423 sua
1703 3385 1768 3424 eo
1799 3371 2018 3427 homine
2052 3374 2144 3443 qui

572 3458 851 3514 hominum
881 3457 1125 3512 omnium
1163 3457 1233 3513 sit
1249 3457 1584 3528 justissimus
1609 3499 1624 3522 ,
1671 3460 1885 3529 privare
1916 3477 2018 3518 nos
2049 3478 2148 3518 vo-

571 3550 712 3618 lunt,
743 3551 838 3622 qui
862 3565 968 3604 non
990 3565 1280 3620 possumus
1303 3564 1401 3620 per
1433 3551 1607 3620 ipsum
1637 3553 1874 3606 servari:
1913 3563 1972 3607 ut
1997 3555 2142 3610 enim

578 3657 601 3693 ι
635 3655 734 3711 per
763 3656 930 3694 unum
967 3641 1242 3695 hominem
1286 3655 1469 3704 mors,
1504 3660 1524 3693 ι
1573 3641 1652 3695 sic
1680 3651 1734 3696 et
1789 3659 1810 3694 ι
1850 3658 1945 3713 per
1980 3660 2142 3700 unum

572 3731 848 3788 hominem
888 3751 908 3784 ι
937 3732 1062 3788 vitae
1083 3731 1404 3800 justiﬁcatio
1433 3732 1500 3790 ".
1547 3732 1736 3803 Neque
1759 3735 1906 3790 enim
1939 3737 2146 3792 utilita-

573 3831 686 3880 tem
715 3824 1150 3896 percepissemus
1179 3839 1244 3878 ex
1265 3822 1401 3878 Filio
1421 3824 1536 3888 Dei,
1561 3826 1629 3888 si,
1659 3836 1872 3882 remoto
1899 3828 2144 3896 homine,

573 3917 702 3972 talis
747 3925 888 3972 esset
939 3914 1114 3985 qualis
1156 3923 1276 3969 erat
1328 3915 1384 3969 in
1431 3915 1698 3984 principio
1741 3919 1880 3986 apud
1925 3917 2147 3974 Patrem

574 4009 776 4074 Deum,
811 4023 986 4076 neque
1020 4008 1294 4062 hominem
1321 4009 1742 4078 assumpsisset,
1771 4009 1862 4080 qui
1901 4011 2142 4066 omnium

2244 3191 2530 3263 ἀνθρώπου
2563 3193 2591 3245 ό
2631 3191 2878 3254 θάνατος,
2905 3189 3077 3253 οὕτως
3113 3189 3206 3242 κα)⁵
3231 3187 3299 3240 δι’
3331 3187 3448 3249 ἐνὸς
3474 3183 3765 3256 ἀνθρώπου
3801 3199 3821 3232 ι

2244 3286 2278 3356 ἡ
2313 3285 2410 3356 τῆς
2453 3282 2599 3354 ζωῆς
2625 3284 2923 3344 δικαίωσις.
2972 3281 3086 3335 Οὐκ
3117 3279 3183 3334 ἂν
3213 3279 3384 3351 χωρὶς
3411 3276 3505 3331 τοῦ
3541 3275 3828 3349 ἀνθρώπου

2246 3372 2610 3445 χωρησάντων
2633 3371 2790 3442 ἡμῶν
2820 3372 2918 3442 τὴν
2949 3371 3057 3424 ἀπὸ
3081 3369 3176 3424 τοῦ
3207 3368 3365 3437 λόγου
3391 3367 3686 3438 ὠφέλειαν,
3730 3364 3826 3435 μέ-

2247 3481 2428 3528 νοντος
2453 3467 2634 3528 ὁποῖος
2664 3459 2733 3534 ἦν
2760 3463 2860 3532 τὴν
2897 3463 3072 3535 ἀρχὴν
3106 3462 3243 3534 πρὸς
3281 3461 3376 3514 τὸν
3409 3460 3634 3532 Πατέρα
3673 3457 3826 3520 Θεὸν,

2249 3557 2345 3612 καὶ
2386 3555 2460 3628 μὴ
2520 3555 2880 3618 ἀναλαϐόντος
2933 3555 3043 3626 (80)
3104 3554 3410 3626 ἄνθρωπον,
3464 3551 3559 3606 τὸν
3611 3551 3827 3604 πάντων

2255 3646 2488 3718 πρῶτον,
2523 3646 2617 3698 καὶ
2650 3645 2866 3698 πάντων
2893 3643 3238 3715 τιμιώτερον,
3263 3644 3358 3696 καὶ
3384 3643 3604 3696 πάντων
3633 3638 3830 3710 μᾶλλον

2251 3736 2632 3808 καθαρώτερον
2662 3737 2822 3789 αὐτὸν
2865 3736 3114 3807 χωρῆσαι
3148 3735 3465 3806 δυνάμενον*
3505 3733 3625 3804 μεθ’
3653 3731 3712 3784 ὃν
3739 3730 3830 3784 καὶ

2251 3833 2411 3902 ἡμεῖς
2429 3827 2682 3895 δέξασθαι
2705 3823 2808 3882 οἷοί
2833 3845 2892 3882 τε
2918 3829 3079 3882 αὑτὸν
3110 3827 3366 3900 ἐσόμεθα,
3386 3829 3620 3892 ἕκαστος
3649 3821 3831 3878 τοσοῢο

2253 3939 2342 3976 τον
2369 3921 2462 3974 καὶ
2479 3921 2738 3980 τοιοῦτον,
2771 3923 2952 3984 ὁποῖος
2974 3916 3062 3990 ἦν,
3095 3919 3244 3990 αὐτῷ
3274 3918 3530 3989 ποιοῦμεν
3551 3918 3650 3972 καὶ
3677 3913 3830 3986 πηλί-

2245 4035 2348 4090 κην
2375 4015 2557 4088 χώραν
2588 4016 2700 4086 (81)
2729 4016 2787 4068 ἐν
2811 4017 2876 4087 τῇ
2908 4015 3050 4086 ψυχῇ
3081 4014 3256 4086 ἡμῶν.
3287 4013 3471 4066 Ταῦτα
3499 4012 3557 4066 δέ
3595 4030 3686 4084 μοι
3715 4007 3824 4080 (82)

572 4101 784 4171 primus
820 4108 874 4154 et
901 4098 1154 4154 omnibus
1178 4099 1571 4165 honorabilior,
1605 4114 1669 4154 ac
1709 4099 1864 4171 longe
1893 4102 2143 4158 omnibus

2241 4109 2421 4163 πάντα
2435 4109 2644 4181 εῐρηται
2667 4108 2769 4178 τῆς
2791 4108 3194 4181 ἐμφαινομένης
3208 4108 3502 4176 διαφωνίας
3523 4107 3634 4160 τῶν
3651 4105 3826 4170 Εὐαγ-

567 4192 768 4262 purior
796 4191 1002 4246 valeret
1030 4191 1203 4261 ipsum
1234 4206 1462 4262 capere;
1501 4201 1624 4262 post
1647 4206 1808 4280 quem
1845 4194 2142 4264 poterimus

575 4285 949 4352 unusquisque
977 4293 1222 4340 nostrum
1257 4293 1464 4340 tantum
1490 4300 1555 4340 ac
1573 4283 1755 4350 talem,
1785 4285 1966 4355 qualis
1995 4295 2140 4351 erat,

2243 4200 2442 4268 γελίων
2473 4200 2822 4272 παραστῆσαι
2855 4197 3190 4272 θέλοντιτδῷ
3215 4199 3316 4272 τῆς
3339 4198 3715 4272 πνευματικῆς
3739 4197 3827 4248 ὲκ-

2245 4291 2430 4365 δοχῆς-

573 4379 753 4448 ipsum
820 4391 1060 4446 capere,
1135 4379 1183 4434 si
1255 4377 1435 4434 locum
1491 4378 1850 4450 magnitudini
1906 4379 2024 4448 ejus
2083 4388 2494 4442 convenientem
2543 4388 2598 4442 in
2661 4387 2842 4442 anima
2899 4396 3084 4442 nostra
3130 4385 3642 4457 prmparaverirnus.
3695 4378 3818 4433 Haec

575 4484 758 4530 autem
801 4474 983 4530 omnia
1028 4474 1161 4530 mihi
1212 4475 1358 4530 dicta
1404 4484 1534 4530 sunt
1581 4473 1866 4531 declarare
1913 4476 2161 4546 volenti,
2199 4480 2284 4536 via
2308 4483 2608 4554 spiritualis
2639 4482 3034 4554 intelligentia,
3097 4492 3449 4554 apparentem
3501 4473 3821 4550 Evangelia-

574 4583 696 4624 rum
723 4567 1136 4622 dissonantiam.

609 4663 698 4719 '5.
739 4664 794 4717 In
849 4662 1098 4718 eumdem
1147 4668 1324 4718 autem
1372 4662 1549 4717 locum
1606 4660 1915 4730 huiusmodi
1979 4664 2143 4720 etiam

2323 4665 2374 4720 5.
2405 4667 2502 4730 Ei;
2520 4665 2577 4720 δὲ
2600 4666 2691 4720 τδν
2721 4667 2882 4722 αὐτὸν
2908 4666 3070 4720 τόπον
3095 4664 3188 4721 καὶ
3205 4662 3432 4734 τοιούτῳ
3456 4656 3828 4733 παραδείγμα-

569 4755 1117 4832 exemplo‘utendum
1149 4763 1252 4820 est,
1285 4755 1494 4811 scilicet
1519 4752 1746 4808 Paulum
1783 4755 2061 4811 carnalem
2092 4771 2151 4814 se

575 4865 698 4906 esse
723 4850 1003 4906 venditum
1031 4849 1132 4904 sub
1155 4857 1379 4919 peccato
1404 4848 1586 4903 dicere
1611 4846 1683 4912 ⁷³,
1715 4861 1817 4902 nec
1849 4847 2147 4919 quidquam

2255 4775 2308 4812 τι
2349 4759 2635 4832 χρηστέον,
2677 4760 2760 4813 ὅτι
2789 4758 3002 4824 Παῦλος
3027 4763 3056 4814 ὀ
3089 4758 3187 4830 μὲν
3222 4755 3483 4829 σαρκικὺς
3514 4747 3826 4824 πεπρᾶσθαι

2255 4849 2401 4920 λέγει
2427 4850 2534 4905 ὑπὸ
2547 4852 2646 4924 τὴν
2683 4851 2977 4923 ἁμαρτίαν,
3000 4851 3096 4904 καὶ
3123 4849 3276 4904 οὐδὲν
3304 4844 3618 4917 ἀνακρίνειν
3637 4835 3747 4902 οἷός
3767 4853 3826 4890 τε

642 4971 691 5004 ⁷⁸
731 4970 891 5026 Rom.
922 4983 962 5033 ι,
996 4969 1050 5024 5.
1125 4968 1174 5000 ⁷⁸
1203 4967 1334 5023 Ibid.
1370 4967 1426 5022 4.
1499 4967 1548 5000 ⁷⁷
1573 4965 1807 5038 Philipp.
1843 4983 1906 5035 ιι,
1935 4966 1988 5022 8.
2060 4969 2106 5001 ’⁸
2136 4970 2143 5025 1

2238 4986 2320 5028 or.
2347 4964 2461 5036 ἰν,
2500 4969 2591 5026 21.
2662 4970 2709 5002 ⁷⁸
2737 4968 2898 5024 Rom.
2921 4984 3018 5031 vn,
3039 4966 3130 5035 Η,
3161 4965 3248 5021 l5.

645 5085 758 5157 (77)
786 5083 896 5140 Kal.
917 5083 1028 5157 τὸν
1053 5082 1122 5157 ἐκ
1149 5081 1715 5157 (ξπέρμαξοςᾉαυΐδο
1748 5081 1886 5157 Hor
1905 5081 1974 5157 δὲ
1990 5083 2148 5157 -Θεοῦ

573 5152 750 5220 κατὰ,
773 5167 883 5212 etc.
917 5153 994 5208 lta
1019 5155 1142 5207 cod.
1171 5152 1320 5224 Bodl.
1340 5169 1366 5224 5A
1385 5152 1584 5223 Regius
1615 5168 1712 5224 pro
1748 5153 1842 5207 καὶ
1868 5152 1960 5206 τόν
1989 5155 2150 5209 habet

571 5229 697 5300 cfp),
710 5237 780 5300 ‘et
808 5225 1204 5300 plttisiljoch
1234 5221 1392 5300 Θεού.

645 5289 760 5370 (78)
812 5295 954 5370 Ἐγὼ
989 5293 1042 5370 ὃ)
1079 5289 1240 5370 οἶμαι
1276 5292 1373 5347 καί
1405 5291 1872 5370 τόν-Μαρκίωνα,
1901 5301 2008 5370 εις.
2047 5293 2152 5370 ve-

577 5364 763 5424 sanam
814 5364 954 5420 hanc
1002 5365 1068 5418 de
1114 5365 1334 5417 Christo
1383 5364 1688 5431 opinionem
1738 5379 1802 5417 ex
1849 5364 2149 5431 inquinatis

574 5437 1038 5495 Cerduniauorum
1082 5433 1288 5487 lacunis
1317 5433 1572 5487 hauserat
1618 5433 1840 5487 Marcio.
1869 5433 2000 5487 Vide
2027 5450 2148 5503 qua:

577 5510 645 5564 de
671 5525 738 5562 eo
769 5517 824 5560 et
871 5505 990 5571 ejus
1028 5519 1193 5574 opera
1225 5503 1497 5572 corruptis
1539 5502 1840 5574 Scriptura:
1883 5503 2015 5557 locis
2047 5502 2150 5558 ad-

576 5577 789 5635 notavit
820 5573 1381 5646 Epiphallittsiltfcres.
1408 5589 1668 5646 xutcap.
1699 5573 1760 5640 l;
1799 5575 1991 5629 haeres.
2018 5589 2152 5642 nu,

575 5663 700 5710 cap.
728 5651 784 5710 8,
809 5644 981 5710 9,“,
1010 5655 1064 5700 et
1096 5645 1218 5698 alibi
1251 5647 1474 5715 passim.
1510 5644 1772 5700 Hunnus.

645 5718 756 5790 (79)
803 5719 886 5772 Οὐ
916 5713 1400 5790 νδυναιιένούςδί
1444 5715 1678 5790 ἐκείνου
1721 5713 2031 5790 σώζεσθαι.
2063 5713 2155 5770 Sic

581 5785 779 5845 habent
826 5789 1040 5844 codices
1074 5785 1422 5844 ’Barberinus
1465 5796 1516 5842 et
1547 5786 1782 5858 Regius;
1831 5785 2153 5842 Bodleianus

2253 5101 2402 5151 vero,
2440 5087 2502 5140 οὐ
2532 5085 2830 5156 δυναμένου
2861 5084 2928 5137 δι’
2971 5080 3166 5156 ἐαυεοῦ
3203 5077 3506 5156 σῴζεσθαι,
3552 5091 3712 5148 quam
3746 5073 3822 5127 le-

2255 5159 2490 5212 ctionem
2523 5152 2682 5210 male'
2699 5164 2921 5210 secutus
2945 5165 3028 5208 est
3057 5152 3364 5207 Ferrarius.

2323 5227 2438 5297 (80)
2489 5226 2937 5297 Ἀναλαόόντος.
2976 5224 3276 5297 $ic__codex
3322 5218 3675 5284 Bodleiauus;
3720 5213 3823 5269 Re—

2253 5292 2375 5373 gius
2391 5292 2462 5373 pet
2505 5296 2858 5373 Barberinus:
2885 5292 3273 5373 ὰναλαδόντα..
3477 5359 3491 5373 ⁹

2324 5368 2436 5438 (81)
2477 5366 2646 5432 Αὐτῷ
2684 5365 2977 5438 amiciat”:
2998 5365 3096 5417 καὶ
3123 5363 3390 5438 πηλίκην
3416 5359 3635 5438 χώραν.
3666 5357 3822 5413 Forte

2254 5429 2538 5508 legendum
2568 5429 2625 5508 εἴ
2649 5434 2798 5508 αύτῷ
2828 5429 3088 5508 ποιούμεν
3120 5433 3216 5508 καὶ
3234 5429 3481 5508 κτηλίκην
3516 5429 3755 5508 χώραν...

2336 5508 2447 5579 (82)
2493 5505 2685 5579 Ταῦτα
2715 5498 2784 5579 δέ
2806 5523 2928 5575 μοι.
2961 5498 3086 5559 Haec
3129 5498 3614 5579 deslderantur'jn:
3643 5498 3822 5579 codice

2261 5569 2454 5647 Regio,
2487 5577 2582 5632 sed
2615 5569 2993 5647 restituuntur
3032 5589 3064 5627 e
3097 5573 3378 5647 codicibus
3429 5571 3728 5647 Bodleiano
3765 5569 3818 5647 et

2262 5638 2576 5702 Baneriuo.
2614 5644 2733 5701 Ilox
2766 5661 2865 5715 pro
2894 5645 2995 5716 τῆς
3029 5643 3434 5716 ἐμφαινομένης
3481 5638 3818 5700 scribendum

2262 5719 2476 5776 videtur
2501 5716 2601 5782 τὰς
2636 5715 3060 5790 ἐμφαινομένας.
