4194 6412
335 354 449 408 517

1440 361 1795 417 COMMENT.
1831 362 1896 417 IN
1928 363 2119 419 ΜΛΝ.
2163 366 2399 423 TOMUS
2438 369 2504 425 Χ.

3489 365 3594 423 318

331 470 405 551 ἦν
632 479 661 531 ό
706 479 763 531 δὲ
792 480 1158 550 πνευματικὸς
1202 481 1517 553 ἀνακρίνειν
1565 485 1761 549 πάντα,
1825 486 1918 538 καί

2023 488 2326 557 dijudicare
2379 506 2570 559 posse;
2634 490 2969 560 spiritualem
3023 502 3153 543 vero
3214 483 3392 541 omnia
3452 486 3594 553 diju-

336 572 431 626 ὑπ’
453 572 665 636 οὐδενὸς
692 573 1097 643 ἀνακρίνεσθαι.
1129 573 1239 627 Καὶ
1261 574 1354 626 τοῦ
1390 575 1487 645 μὲν
1514 576 1777 647 σαρκικοῦ
1812 580 1919 632 εισι

336 664 532 735 τίκςυναί⁸
570 682 590 713 ‹
624 663 701 715 Οὐ
730 664 839 737 γὰρ
860 663 888 717 ὃ
909 664 1067 729 θέλω,
1096 665 1254 719 τοῦτο
1283 667 1532 737 πράσσω,
1555 668 1669 721 ἀλλ’
1689 668 1717 720 ὃ
1752 670 1915 740 μισῶ,

334 756 498 811 τοῦτο
526 754 682 807 ποιῶο
716 773 735 805 ι
763 755 859 808 τοῦ
886 754 942 808 δὲ
976 758 1373 827 πνευματικοῦ·
1404 761 1470 811 Ὅ
1499 759 1635 813 θέλω
1668 762 1915 832 πράσσω,

335 851 435 905 καὶ
458 850 486 903 ὃ
520 849 664 923 μισῶ
690 851 749 902 οὐ
777 849 933 905 ποιῶ.
964 850 1123 903 Ἀλλὰ
1143 852 1236 904 καὶ
1262 853 1290 905 ό
1316 852 1586 924 ἁρπαγεὶς
1612 853 1716 917 ἕως
1733 853 1916 924 τρίτου

333 946 591 1018 οὐρανοῦ,
628 945 723 998 καὶ
757 945 994 1007 ἀκούσας
1020 945 1231 1016 ἄρρητα
1262 946 1500 1017 ῥήματα,
1520 946 1704 1019 ἕτερος
1718 943 1787 1018 ἦν
1812 965 1917 1000 πα-

339 1038 410 1112 ρὰ
458 1038 550 1091 τὸν
594 1037 838 1106 λέγονται
878 1054 896 1087 ι
940 1037 1074 1107 Περὶ
1124 1035 1219 1089 τοῦ
1271 1036 1511 1089 τοιούτου
1546 1040 1913 1110 καυχήσομαι,

336 1125 481 1198 ὑπὲρ
509 1125 565 1178 δὲ
612 1123 855 1195 ἐμαυτοῦ
899 1125 958 1178 οὐ
991 1127 1355 1199 καυχήσομαι.
1408 1147 1426 1177 ι
1464 1128 1527 1181 Εἰ
1568 1128 1624 1181 δὲ
1670 1129 1763 1182 καὶ
1805 1133 1916 1194 τοῖς

349 1217 622 1282 Ἰουδαίοις
645 1218 723 1280 ὼς
768 1217 1018 1282 Ἰουδαῖος
1054 1220 1281 1287 γίνεται,
1324 1221 1411 1274 ἵνα
1459 1221 1747 1286 Ἰουδαίους
1780 1240 1912 1295 κερ-

333 1308 495 1381 δήσῐΓ
528 1308 764 1370 καὶτοῖς
804 1307 910 1360 ὑπὸ
952 1307 1134 1379 νόμον,
1177 1309 1254 1373 ὡς
1291 1310 1396 1362 ὑπὸ
1442 1310 1624 1381 νόμον,
1656 1311 1745 1366 ἵνα
1787 1314 1913 1378 τοὺς

334 1397 443 1451 ὑπὸ
465 1397 628 1467 νόμον
649 1397 890 1469 κερδήσῃ
924 1396 1058 1470 (84)⁶
1090 1401 1203 1462 τοῖς
1227 1417 1288 1452 τε
1322 1400 1566 1470 ἀνόμοις,
1591 1402 1667 1467 ὡς
1689 1404 1910 1474 ἄνομος,

337 1490 413 1561 μὴ
447 1489 524 1542 ὢν
568 1490 768 1560 ἄνομος
799 1488 957 1555 Θεοῦ,
989 1488 1102 1543 ἀλλ’
1132 1489 1355 1562 ἔννομος
1383 1493 1639 1562 Χριστοῦ,
1674 1494 1761 1547 ἵνα
1786 1512 1912 1567 κερ-

333 1581 475 1654 δήσῃ
504 1580 914 1652 τοὺς“ἀνόμους·
956 1582 1047 1634 καὶ⁵
1075 1585 1188 1646 τοῖς
1220 1583 1502 1639 ἀσθενέσιν
1534 1586 1786 1658 ἀσθενὴς,
1824 1588 1911 1641 ἴνα

330 1676 461 1737 τοὺς
491 1672 737 1737 ἀσθενεῖς
774 1674 1033 1748 κερδήσῃ,
1068 1675 1246 1746 δῆλον,
1287 1678 1370 1731 ὅτι
1404 1677 1715 1743 ἐξεταστέον
1744 1680 1908 1734 αὐτοῦ

331 1765 458 1829 τοὺς
480 1764 690 1833 λόγους,
715 1764 821 1836 ἰδίᾳ
845 1764 944 1836 μὲν
965 1768 1088 1832 τοὺς
1127 1768 1429 1835 Ἰουδαίους,
1454 1771 1557 1842 ἰδίᾳ
1571 1771 1626 1823 δὲ
1648 1771 1734 1824 ὅτε
1763 1773 1908 1827 ἐστὶν

2027 579 2212 632 dicare
2255 595 2452 647 posse,
2481 591 2536 633 et
2588 594 2616 632 a
2658 580 2876 634 nemine
2921 578 3153 646 judicari
3184 577 3251 631 ”.
3290 577 3357 631 Et
3398 593 3595 631 carna-

2026 668 2093 723 lis
2116 670 2331 737 quidem
2364 671 2444 725 hae
2469 682 2595 726 sunt
2620 686 2816 726 voces:
2875 690 2894 722 ι
2931 669 3046 724 Non
3083 672 3228 723 enim
3270 670 3412 738 quod
3446 669 3591 732 volo,

2027 758 2131 812 hoc
2162 758 2324 825 facio,
2359 761 2453 813 sed
2482 762 2626 828 quod
2654 760 2775 824 odi,
2810 759 2913 813 hoc
2956 758 3098 813 facio
3120 759 3201 824 ⁸¹;
3243 779 3261 812 ι
3299 759 3597 830 spiritualis

2023 864 2187 904 vero:
2222 849 2374 915 Quod
2410 850 2552 915 volo,
2583 851 2682 904 hoc
2715 851 2875 915 facio,
2901 852 3120 918 etquod
3151 851 3260 915 odi,
3298 866 3400 904 non
3431 849 3592 905 facio.

2024 940 2163 1007 Quin
2218 942 2378 995 etiam
2427 943 2517 1010 qui
2569 952 2753 1011 raptus
2809 942 3099 1009 fuitusque
3122 943 3188 995 ad
3228 942 3446 995 tertium
3476 957 3590 996 cte-

2022 1034 2156 1101 lum,
2186 1044 2239 1089 et
2273 1035 2478 1089 audivit
2503 1051 2703 1091 arcnna
2736 1035 2898 1090 verba
2913 1036 2982 1101 θ’,
3019 1035 3265 1089 diversus
3292 1035 3498 1088 eratab
3525 1050 3591 1089 eo

2023 1129 2113 1198 qui
2151 1128 2403 1183 dicebat:
2445 1146 2464 1178 ι
2500 1128 2604 1182 Pro
2634 1131 2735 1182 bac
2788 1143 2847 1183 re
2878 1128 3187 1197 gloriabor,
3231 1142 3327 1194 pro
3363 1142 3448 1180 me
3478 1125 3597 1194 ipso

2020 1230 2201 1275 autem
2237 1236 2341 1274 non
2374 1219 2645 1289 gloriabor
2661 1220 2728 1274 ⁸³.
2756 1241 2774 1273 ι
2799 1220 2894 1274 Sin
2932 1235 3060 1274 vero
3090 1220 3252 1274 etiam
3276 1217 3477 1273 Judaeis
3525 1220 3597 1273 sit

2019 1313 2177 1380 quasi
2204 1310 2441 1376 Judaeus,
2471 1322 2527 1364 ut
2554 1310 2768 1366 Iudaeos
2795 1311 3134 1376 lucrifaciat;
3165 1322 3220 1365 et
3254 1311 3337 1364 his
3370 1310 3459 1378 qui
3494 1311 3596 1365 sub

2021 1404 2139 1473 lege
2163 1413 2346 1465 erant,
2389 1414 2643 1473 tanquam
2675 1404 2775 1458 sub
2807 1404 2925 1473 lege
2956 1413 3123 1467 esset,
3159 1415 3215 1456 ut
3241 1417 3337 1457 eos
3360 1403 3451 1470 qui
3496 1403 3597 1457 sub

2018 1494 2138 1564 lege
2189 1504 2371 1560 erant,
2431 1493 2881 1559 lucrifaceret“;
2942 1502 2996 1548 et
3045 1494 3137 1548 his
3182 1494 3273 1561 qui
3319 1493 3440 1545 sine
3479 1490 3597 1559 lege

2016 1597 2195 1653 erant,
2225 1598 2480 1657 tanquam
2514 1595 2658 1641 esset
2685 1587 2802 1640 sine
2832 1586 2981 1655 lege,
3008 1601 3129 1640 cum
3165 1599 3271 1638 non
3313 1592 3458 1639 esset
3480 1584 3600 1637 sine

2016 1681 2138 1751 lege
2165 1680 2276 1734 Deo
2298 1719 2313 1743 ,
2344 1679 2440 1734 sed
2464 1677 2732 1732 obnoxius
2777 1676 2880 1745 legi
2909 1675 3132 1739 Christi,
3168 1684 3226 1728 ut
3253 1673 3603 1727 lucrifaceret

2015 1773 2266 1841 exleges;
2300 1780 2355 1826 et
2380 1769 2612 1823 inﬁrmis
2639 1766 2910 1831 inﬁrmus,
2943 1776 3001 1819 ut
3031 1766 3275 1818 inﬁrmos
3308 1762 3597 1817 lucriface-

332 1855 413 1919 ὡς
436 1854 540 1910 ὑπὸ
565 1856 753 1926 νόμον,
772 1854 866 1909 καὶ
882 1854 1068 1910 ἄλλοτε
1087 1857 1173 1911 ὅτε
1191 1859 1338 1912 ἐστὶν
1364 1860 1440 1922 ὡς
1460 1861 1679 1930 ἄνομος,
1697 1859 1807 1913 ἐσθ’
1821 1862 1911 1915 ὅτε

2023 1875 2121 1929 ret,
2161 1862 2504 1933 perspicuum
2533 1868 2615 1915 est
2650 1857 3012 1928 inquirendas
3036 1870 3157 1910 esse
3188 1855 3481 1923 diligenter
3510 1866 3599 1906 ra-

331 1947 389 2001 δὲ
405 1948 494 2001 ὅτε
511 1946 719 2017 γίνεται
739 1936 990 2018 ἀσθενής.
1009 1942 1134 2003 Οἷον
1161 1948 1197 2002 ἀ
1218 1947 1371 2017 λέγει
1392 1949 1537 2004 κατά
1559 1950 1910 2023 συγγνώμην,

331 2039 395 2092 οὐ
427 2040 545 2091 κατ’
569 2038 860 2111 ἐπιταγὴν,
889 2039 1120 2110 ἀσθενὴς
1134 2037 1209 2092 ὢν
1224 2039 1391 2108 λέγει·
1415 2059 1434 2091 ι
1459 2041 1554 2103 Τίς
1568 2042 1697 2115 γὰρ,
1726 2044 1913 2116 φησὶν,

334 2130 571 2196 ἀσθενεῖ,
592 2132 689 2184 καὶ
711 2130 811 2184 οὐκ
840 2131 1081 2198 ἀσθενῶ;
1109 2133 1269 2186 »Ὅτε
1291 2131 1347 2183 δὲ
1373 2130 1611 2203 ξύρεται,
1642 2136 1734 2187 καὶ¹
1751 2152 1919 2208 προσ-

335 2221 508 2294 φορὰν
548 2222 872 2293 προσφέρει,
913 2221 946 2292 ἢ
978 2221 1071 2276 τὸν
1108 2221 1372 2293 Τιμόθεον
1409 2225 1747 2296 περιτέμνει,
1784 2228 1916 2280 Ἰου-

332 2315 480 2377 δαῖος
536 2313 780 2382 γίνεται·
833 2315 924 2366 ὅτε
971 2314 1028 2366 δὲ
1080 2313 1383 2385 Ἀθηναίοις
1430 2316 1621 2386 φησίν·
1663 2335 1682 2368 ι
1743 2313 1917 2389 Εὗρον

335 2404 557 2476 βωμὸν,
604 2406 665 2459 ὲν
721 2397 767 2473 ᾧ
816 2404 1156 2479 ἐγέγραπτο,
1204 2405 1491 2477 Ἀγνώστῳ
1532 2407 1686 2479 Θεῷ·
1739 2408 1768 2462 ὃ
1825 2404 1918 2463 οὖν

333 2497 657 2567 ἀγνοοῦντες
679 2497 973 2564 εὐσεϐεῖτε,
1003 2497 1161 2552 τοῦτο
1183 2497 1294 2568 ἐγὼ
1325 2500 1678 2570 καταγγέλλω
1707 2502 1861 2572 ὑμῖνο
1897 2521 1914 2553 ι

333 2592 426 2645 καὶ
455 2590 550 2644 τό·
594 2609 612 2642 ι
653 2591 742 2655 Ὠς
785 2590 880 2645 καί
914 2608 1059 2656 τινες
1088 2592 1200 2646 τῶν
1229 2593 1352 2648 καθ’
1393 2593 1541 2663 ὑμᾶς
1569 2594 1814 2664 ποιητῶν
1845 2597 1921 2648 εἰ-

337 2682 570 2753 ρήκασι·
620 2681 727 2735 Τοῦ
768 2680 879 2754 γὰρ
924 2682 1019 2735 καὶ
1051 2682 1206 2752 γένος
1248 2684 1438 2755 ἐσμὲν,
1488 2702 1508 2735 ι
1558 2686 1670 2748 τοῖς
1698 2685 1923 2757 ἀνόμοις

329 2771 410 2834 ὡς
439 2771 640 2842 ἄνομος
674 2770 916 2841 γίνεται,
960 2772 1246 2827 εὐσέϐειαν
1296 2773 1589 2845 μαρτυρῶν
1635 2778 1747 2838 τοῖς
1791 2776 1923 2828 ἀσε-

336 2863 642 2930 6εστάτοις,
679 2865 775 2919 κᾶὶ
801 2864 880 2937 τῷ
924 2866 1165 2920 εἰπόντιο
1207 2884 1226 2917 ι
1266 2867 1361 2920 Ἐκ
1400 2867 1521 2930 Διὸς
1551 2866 1918 2938 ἀρχώμεσθα’

333 2955 430 3010 τοῦ
462 2956 572 3028 γὰρ
601 2957 696 3012 καὶ
739 2956 893 3026 γένος
921 2959 1109 3029 ἐσμὲν,
1150 2978 1168 3010 ι
1205 2958 1692 3031 καταχρησάμενος
1726 2960 1864 3030 πρὸς
1894 2958 1924 3013 δ

337 3048 608 3102 ἐϐούλετο.
636 3049 790 3120 Τάχα
820 3049 865 3103 δ’
899 3049 1013 3102 ἐσθ’
1052 3051 1187 3104 ὅπου
1214 3054 1328 3116 τοῖς
1366 3050 1441 3122 μὴ
1482 3050 1778 3117 Ἰουδαίοις,
1815 3051 1922 3104 ὑπὸ

333 3140 500 3211 νόμον
531 3142 610 3206 δὲ,
646 3142 751 3196 ὑπὸ
775 3141 938 3213 νόμον
968 3141 1199 3211 γίνεται.

2023 1957 2201 2011 tiones
2268 1952 2428 2023 hujus
2497 1952 2611 2016 rei,
2693 1951 2853 2019 idque
2924 1948 3175 2017 privatim
3242 1945 3296 2000 in
3373 1943 3599 2012 singulis

2017 2049 2131 2104 sive
2192 2062 2316 2102 cum
2369 2044 2609 2101 efﬁcitur
2668 2052 2924 2111 tanquam
2992 2038 3243 2101 Judaaus,
3302 2036 3416 2089 sive
3474 2050 3598 2090 cum

2020 2151 2282 2209 tanquam
2314 2139 2416 2192 sub
2463 2136 2601 2204 lege,
2662 2136 2779 2189 sive
2817 2148 2941 2186 cum
2968 2140 3048 2185 est
3089 2128 3244 2199 quasi
3296 2128 3415 2182 sine
3455 2126 3595 2195 lege,

2019 2232 2135 2286 sive
2202 2230 2474 2285 interdum
2534 2228 2704 2282 etiam
2781 2225 3017 2279 efﬁcitur
3099 2223 3367 2277 inﬁrmus.
3434 2216 3596 2273 Verbi

2019 2324 2221 2393 gratia,
2250 2323 2338 2376 illa
2363 2335 2483 2390 quae
2506 2319 2640 2375 dicit
2704 2327 2926 2387 propter
2971 2315 3184 2369 veniam
3235 2328 3340 2368 non
3380 2321 3601 2382 propter

2026 2417 2184 2489 167
2217 2415 2505 2485 imperium
2537 2412 2607 2478 ⁸⁵,
2637 2417 2897 2480 tanquam
2937 2409 3184 2463 inﬁrmus
3211 2407 3479 2460 exsistens
3512 2406 3596 2458 di-

2022 2511 2096 2562 cit
2123 2525 2137 2561 :
2170 2523 2189 2557 ι
2223 2503 2354 2570 Quis
2373 2504 2543 2567 enim,
2584 2500 2784 2569 inquit,
2816 2497 3144 2561 inﬁrmatur,
3172 2504 3227 2550 et
3252 2509 3349 2563 ego
3379 2508 3484 2546 non
3517 2493 3602 2546 in-

2025 2599 2215 2653 ﬁrmor
2240 2596 2321 2650 “‘l
2358 2614 2377 2646 ›
2411 2593 2546 2649 Cum
2595 2602 2775 2647 autem
2825 2589 3101 2652 tondetur,
3157 2594 3214 2640 et
3269 2585 3599 2640 oblationem

2023 2687 2202 2754 oﬁ‘ert,
2244 2689 2330 2742 vel
2372 2684 2716 2739 Timotheum
2763 2679 3132 2743 circumcidit,
3181 2678 3243 2732 ﬁt
3291 2674 3510 2731 Judaaus
3528 2673 3599 2727 ⁸⁷.

2031 2777 2260 2846 Quando
2287 2785 2465 2829 autem
2495 2772 2918 2830 Atheniensibus
2944 2769 3118 2837 inquit
3145 2784 3160 2821 :
3189 2785 3207 2818 ι
3240 2768 3421 2820 Inveni
3452 2779 3601 2817 aram

2027 2870 2080 2924 in
2114 2883 2219 2938 qua
2248 2868 2505 2936 scriptum
2530 2874 2684 2921 erat:
2712 2863 2897 2933 Ignoto
2943 2862 3072 2916 Deo.
3114 2859 3269 2926 Quod
3292 2872 3422 2926 ergo
3449 2858 3604 2924 igno-

2028 2965 2212 3011 rantes
2236 2954 2436 3016 colitis,
2460 2953 2679 3022 hocego
2700 2952 2855 3005 vobis
2870 2950 3131 3003 annuntio
3145 2948 3192 2980 ⁸⁸
3213 2963 3228 3011 ;
3262 2966 3281 2999 ι
3326 2955 3381 3000 et
3432 2944 3563 2999 illud
3581 2959 3602 3000 :

2042 3061 2061 3095 ι
2090 3046 2244 3103 Sicut
2266 3053 2320 3098 et
2353 3043 2574 3113 quidam
2630 3042 2952 3096 vestratium
2985 3049 3261 3109 poetarum
3293 3037 3549 3092 dixerunt
3583 3049 3600 3089 ;

2026 3137 2198 3207 Hujus
2219 3137 2365 3191 enim
2398 3144 2452 3189 et
2483 3148 2655 3204 genus
2683 3147 2874 3187 sumus
2895 3130 2980 3194 ⁸⁸,
3033 3149 3052 3182 ι
3092 3130 3177 3183 his
3216 3128 3306 3198 qui
3340 3128 3457 3183 sine
3485 3126 3605 3198 lege

334 3241 515 3298 erant,
550 3234 613 3289 ﬁt
645 3243 902 3303 tanquam
938 3234 1056 3288 sine
1093 3233 1231 3303 lege,
1266 3232 1527 3303 pietatem
1586 3233 1816 3290 testibus
1849 3231 2076 3287 ﬁrmans
2126 3226 2483 3299 impiissimis,
2515 3234 2572 3279 et
2623 3224 2714 3278 illo
2762 3223 2855 3292 qui
2908 3221 3039 3277 dicit
3071 3236 3082 3269 :
3117 3238 3136 3271 ι
3166 3219 3249 3273 Ab
3292 3217 3425 3273 Jove
3457 3220 3605 3288 prin.

332 3328 561 3398 cipium,
588 3346 606 3378 ι
640 3327 734 3382 illo
776 3327 926 3383 illius
957 3328 1333 3391 hemistichia,
1378 3347 1397 3380 ι
1437 3327 1571 3384 Nam
1624 3329 1782 3398 hujus
1835 3326 2125 3399 progenies
2179 3324 2345 3380 etiam
2387 3336 2596 3385 sumus,
2633 3339 2654 3373 ι
2708 3319 2911 3373 abusus
2958 3316 3027 3372 ad
3066 3315 3117 3371 id
3173 3315 3318 3386 quod
3365 3313 3602 3382 volebat,

331 3424 595 3483 Fortasse
643 3440 774 3480 vero
819 3425 1093 3479 interdum
1144 3423 1251 3489 his,
1279 3424 1371 3493 qui
1402 3439 1510 3479 non
1541 3432 1667 3479 sunt
1698 3421 1896 3485 Judtei,
1927 3420 2021 3477 sed
2043 3421 2142 3475 sub
2168 3417 2308 3489 lege,
2340 3416 2400 3470 ﬁt
2429 3414 2528 3469 sub
2553 3412 2686 3483 lege.
3100 3478 3113 3487 ι

408 3523 461 3577 6.
504 3523 691 3577 Ταῦτα
732 3522 791 3577 δὲ
832 3523 893 3576 οὐ
931 3527 1091 3594 μόνον
1122 3522 1201 3585 εἰς
1233 3521 1303 3575 τὰ
1349 3522 1477 3592 περὶ
1526 3520 1622 3575 τοῦ
1669 3519 1918 3593 Σωτῆρος

2102 3515 2157 3571 6.
2184 3515 2453 3570 Caaterum
2481 3510 2598 3565 haec
2622 3506 2869 3577 exempla
2903 3522 3008 3562 non
3056 3506 3229 3563 solum
3258 3506 3409 3562 utilia
3451 3505 3607 3562 nobis

331 3617 583 3690 χρήσιμα
626 3618 758 3687 ἡμῖν
807 3618 923 3668 ἐστι
952 3614 1021 3669 τά
1052 3614 1497 3686 παραδείγματα,
1547 3613 1685 3667 ἀλλά
1715 3613 1809 3666 καὶ
1841 3614 1922 3676 εἰς

331 3710 406 3764 τά
435 3711 563 3782 περὶ
594 3709 703 3762 τῶν
742 3708 1018 3781 μαθητῶν,
1064 3709 1192 3780 περὶ
1235 3700 1309 3761 ὧν
1343 3709 1438 3761 καὶ
1484 3707 1664 3762 αὐτῶν
1693 3706 1807 3760 ἐστι
1839 3718 1920 3770 τις

335 3802 481 3859 κατὰ
511 3803 572 3855 τὸ
621 3802 783 3874 ῥητὸν
816 3801 1101 3870 διαφωνία.
1156 3800 1309 3869 Τάχα
1336 3798 1445 3871 γὰρ
1472 3801 1537 3869 τῇ
1570 3798 1784 3869 ἐπινοίᾳ
1828 3797 1921 3850 eb-

339 3896 665 3969 ρισκόμενος
710 3896 817 3949 ὑπὸ
842 3894 938 3948 τοῦ
989 3894 1120 3948 ἰδίου
1167 3890 1396 3961 ἀδελφοῦ
1429 3891 1609 3962 Σίμων
1645 3888 1920 3961 Ἀνδρέου,

335 3989 433 4042 καὶ
474 3989 724 4041 ἀκούωνσ
775 3987 895 4040 (Σὺ
948 3983 1197 4057 κληθήσῃ
1250 3982 1512 4053 Κηφᾶς,›
1564 3980 1751 4051 ἕτερός
1808 3982 1923 4032 ἐστι

334 4080 490 4155 παρὰ
521 4081 611 4135 τὸν
643 4078 919 4152 ὁρώμενον
970 4079 1087 4149 ἅμα
1130 4076 1210 4148 τῷ
1250 4074 1463 4145 ἀδελφῷ
1493 4074 1599 4127 ὑπὸ
1645 4073 1738 4126 τοῦ
1772 4088 1925 4142 περι-

336 4175 638 4238 πατοῦντος
685 4171 838 4244 παρὰ
876 4170 976 4244 τὴν
1022 4169 1296 4223 θάλασσαν
1347 4166 1448 4237 τῆς
1492 4164 1781 4227 Γαλιλαίας
1823 4164 1926 4232 ’1η-

334 4267 456 4333 σοῦ,
498 4268 593 4321 καὶ
623 4265 892 4320 ἀκούοντα
920 4263 1034 4335 ἄμα
1080 4262 1275 4331 ἐκείνῳ
1300 4259 1380 4331 τῷ
1414 4257 1672 4331 Ἀνδρέᾳο
1714 4275 1731 4307 ι
1761 4254 1924 4308 Δεῦτε

334 4362 513 4416 ὀπίσω
564 4378 687 4432 μου,
728 4359 825 4413 καὶ
874 4357 1086 4427 ποιήσω
1119 4355 1264 4425 ὑμᾶς
1320 4353 1490 4416 ἁλιεῖς
1544 4349 1867 4422 ἀνθρώπων.
1902 4367 1921 4398 ι

336 4452 591 4522 Ἔπρεπε
643 4449 752 4521 γὰρ
792 4446 870 4519 τῷ
916 4446 1036 4518 Θεῷ
1083 4444 1193 4517 (85)
1247 4443 1611 4514 λογικώτερον
1652 4438 1929 4508 ἀπαγγέλ-

335 4542 484 4597 λοντι
534 4542 664 4614 περὶ
714 4539 810 4593 τοῦ
858 4538 1150 4609 γενομένου
1188 4534 1389 4606 σαρκὸς
1437 4533 1634 4602 Λόγου,
1685 4531 1779 4584 καὶ
1826 4528 1926 4599 τὴν

2025 3620 2156 3667 sunt
2182 3611 2236 3664 in
2270 3609 2439 3663 rebus
2469 3605 2798 3668 Servatoris,
2829 3616 3016 3656 verum
3047 3603 3211 3657 etiam
3246 3602 3299 3657 in
3329 3601 3491 3656 rebus
3524 3599 3607 3653 di-

2029 3701 2383 3773 scipulorum,
2411 3703 2479 3752 de
2519 3698 2715 3767 quibus
2756 3697 2921 3750 etiam
2959 3694 3092 3765 ipsis
3121 3702 3206 3749 est
3238 3694 3481 3763 qumdatn
3517 3706 3602 3747 sev

2025 3794 2262 3850 cundum
2280 3799 2485 3845 textum
2504 3788 2858 3844 dissonantia.
2878 3785 3011 3840 Nam
3031 3786 3261 3841 fortasse
3278 3783 3487 3848 Simon,
3512 3781 3605 3853 qui

2027 3903 2057 3942 a
2100 3900 2202 3941 suo
2235 3883 2406 3938 fratre
2428 3881 2644 3936 Andrea
2678 3882 2976 3944 invenitur,
3018 3889 3074 3933 et
3102 3876 3294 3931 audit:
3337 3894 3356 3927 ι
3392 3873 3474 3930 Tu
3511 3889 3612 3931 vo-

2026 3979 2243 4034 caberis
2268 3977 2479 4047 Cephas
2503 3972 2940 4045 “,icegitatione
2954 3971 3203 4026 diversus
3229 3968 3395 4025 estab
3425 3983 3491 4023 eo
3515 3967 3610 4037 qui

2027 4073 2245 4126 \idetur
2281 4084 2405 4123 cum
2453 4067 2625 4120 fratre
2656 4079 2685 4116 a
2715 4061 3264 4122 Jesu,deambulante
3286 4061 3435 4129 juxta
3461 4072 3611 4113 mare

2026 4162 2264 4220 Galilmm
2290 4179 2305 4227 ;
2346 4159 2592 4214 diversus
2612 4156 2780 4211 etiam
2809 4156 2877 4208 ab
2906 4170 2971 4208 eo
2994 4154 3085 4224 qui
3113 4169 3234 4207 cum
3276 4152 3366 4206 illo
3389 4152 3606 4205 Andrca

2028 4256 2237 4326 pariter
2267 4251 2418 4305 audit
2448 4268 2463 4307 :
2496 4268 2516 4302 ι
2554 4250 2749 4304 Venite
2788 4260 2906 4318 post
2946 4263 3053 4310 me,
3082 4254 3138 4301 et
3174 4245 3369 4300 faciam
3402 4260 3493 4297 vos
3527 4243 3609 4310 pi-

2030 4355 2278 4399 scatores
2319 4341 2597 4396 hominum
2625 4339 2692 4393 9‘.
2733 4357 2752 4390 ι
2787 4338 3019 4392 Dccebat
3053 4337 3197 4391 enim
3222 4335 3388 4403 utqui
3418 4349 3613 4388 renun-

2034 4439 2205 4491 tiabat
2254 4434 2499 4489 solidiori
2537 4433 2748 4487 ratione
2788 4432 2853 4484 de
2891 4428 3067 4499 Λόγῳ,
3102 4425 3231 4500 [hoc
3260 4437 3341 4480 est
3376 4427 3442 4478 de
3475 4423 3614 4477 Filio

2031 4527 2174 4601 Dei,]
2199 4530 2289 4598 qui
2332 4525 2507 4581 factus
2540 4536 2624 4579 est
2651 4539 2801 4587 caro,
2832 4523 2925 4592 qui
2963 4522 3126 4574 etiam
3155 4529 3332 4574 ortum
3370 4519 3509 4571 hanc
3545 4516 3616 4570 ob

335 4636 550 4708 γένεσιν
577 4608 667 4689 διὰ
692 4632 852 4687 τοῦτο
874 4608 960 4703 μὴ
990 4608 1367 4702 ἀναγράψαντι
1394 4625 1487 4681 τοῦ
1522 4628 1580 4678 ὲν
1604 4625 1745 4695 ἀρχῇ
1790 4621 1918 4691 πρὸς

2035 4637 2263 4678 Causam
2304 4636 2410 4674 non
2446 4617 2664 4686 scripsit
2696 4615 2821 4669 Filii
2856 4614 2944 4668 Dei
2976 4612 3296 4668 exsistentis
3328 4611 3381 4664 in
3414 4608 3617 4679 princi-

336 4700 428 4782 τὸν
460 4725 591 4779 Θεὸν
618 4724 819 4793 Λόγου,
859 4700 994 4794 μηδὲ
1032 4700 1146 4774 τὸν
1173 4718 1323 4790 παρὰ
1365 4720 1432 4789 τῇ
1474 4716 1717 4787 θαλάσσῃ
1761 4714 1918 4783 εὑρη-

2033 4714 2123 4785 pio
2174 4713 2316 4780 apud
2371 4709 2661 4774 Deum,.ne
2695 4708 2976 4761 inventum
3002 4702 3220 4771 quidem
3250 4700 3393 4770 apud
3440 4712 3616 4761 mare,

336 4818 523 4891 μένον,
549 4817 644 4870 καὶ
676 4815 887 4870 ἐκεῖθεν
936 4811 1271 4883 καλούμενον
1316 4812 1512 4873 εἰπεῖν,
1544 4806 1679 4860 ἀλλά
1702 4805 1793 4857 τὸν
1837 4804 1918 4856 εὑ·

2036 4807 2270 4874 indeque
2311 4810 2564 4857 vocatum
2621 4800 2826 4862 dicere,
2864 4800 2958 4852 sed
3014 4809 3240 4851 narrare
3279 4794 3553 4848 inventum
3585 4806 3616 4843 a

337 4877 665 4986 ρισκόμενον
715 4909 823 4962 ὑπὸ
874 4905 969 4960 τοῦ
1029 4877 1260 4974 ἀδελφοῦ
1318 4902 1600 4974 μείναντος
1652 4896 1803 4969 παρὰ
1846 4894 1918 4967 τῷ

2038 4900 2229 4963 fratre,
2280 4895 2370 4964 qui
2408 4893 2614 4947 mansit
2657 4890 2798 4960 apud
2839 4887 3023 4945 Jesum
3075 4889 3207 4943 hora
3245 4886 3477 4947 decima,
3526 4882 3620 4951 qui

346 4973 527 5077 Ἶησοῦ
554 5004 619 5073 τῇ
644 5001 848 5073 δεκάτῃ
876 4997 1015 5071 ὥρᾳ,
1044 4998 1139 5050 καὶ
1166 4973 1256 5048 διὰ
1283 4973 1345 5048 rb
1370 4992 1543 5056 οὕτως
1575 4988 1918 5063 εὑρίσκεσθαι

2034 4992 2199 5046 etiam
2247 5003 2314 5044 eo
2348 4986 2493 5057 quod
2539 4988 2619 5041 sic
2665 4986 2919 5039 inventus
2952 4980 3141 5045 fuerit,
3172 4992 3298 5033 mox
3342 4973 3622 5044 acceperit

338 5065 541 5159 εὐθέως
565 5065 1004 5165 λέψδάωῦτίτδ
1028 5089 1249 5161 Κηφᾶς.
1295 5086 1352 5139 '0
1381 5086 1490 5157 γὰρ
1518 5085 1793 5156 ὁρώμενος
1819 5079 1918 5133 ὑπὲ

2036 5099 2235 5139 nomen
2286 5080 2507 5150 Cepbaa.
2561 5079 2695 5132 Nam
2748 5078 2841 5147 qui
2893 5075 3098 5129 viditur
3149 5086 3181 5126 a
3240 5065 3622 5125 deambulante

342 5189 432 5246 σοῦ
480 5153 915 5261 περιπατοῦντος
965 5153 1270 5254 παράντὴν
1304 5153 1580 5235 θάλασσαν
1624 5153 1723 5247 τῆς
1773 5175 1811 5227 Γ
1816 5174 1918 5227 αλιι

2033 5175 2194 5245 juxta
2234 5189 2385 5230 mare
2408 5171 2666 5236 Galilzeze,
2701 5171 2794 5223 vix
2829 5165 3123 5237 aliquando
3147 5161 3312 5217 etiam
3341 5166 3463 5229 post
3490 5153 3624 5210 illud

407 5330 501 5386 ⁸⁸1
528 5331 655 5387 Cor.
688 5343 751 5392 ll,
784 5326 875 5382 15.
972 5325 1016 5357 ⁸⁸
1046 5324 1206 5378 Rom.
1234 5337 1329 5384 vn,
1355 5320 1443 5382 15,
1477 5320 1573 5392 l9L
1667 5317 1712 5351 ³³
1740 5315 1918 5392 Ιιροιζ

2023 5328 2056 5367 ι.
2080 5326 2189 5392 3n,
2211 5310 2266 5365 ’5.
2338 5308 2385 5341 ⁸³
2408 5307 2552 5392 ibid;
2575 5306 2629 5360 5.
2665 5301 3028 5392 (ix,
3057 5300 3293 5392 ggnseq.
3332 5294 3464 5392 ἠιξ

334 5361 894 5467 ιιιῗόἶὶῗυῗσῖί
927 5412 970 5459 1.
1004 5361 1219 5467 givmﬁ.’
1242 5361 1606 5467 :91?"
1638 5361 1918 5452 xxi-22::-

2023 5361 2056 5367 η
2079 5361 2278 5437 dixit.
2311 5361 2453 5444 xvn,
2483 5377 2576 5432 23.
2664 5377 2708 5409 ⁸⁸
2744 5379 2872 5430 ὼια.
2901 5372 2973 5428 ‘28
3013 5361 3023 5365 ⁷
3070 5361 3296 5425 "1031-1-
3331 5383 3371 5435 19
3406 5364 3500 5430 δι’
3526 5361 3623 5416 θ’

341 5462 390 5517 δ’
411 5462 605 5530 Matth.
636 5485 715 5538 IV,
748 5467 836 5536 {8,
871 5467 975 5533 l9;
1004 5464 1175 5520 Marc.
1213 5480 1252 5529 ι,
1291 5464 1377 5526 16,
1406 5462 1494 5514 17.

565 5614 749 5671 Codex
795 5610 1026 5681 Regius,
1061 5608 1346 5690 ἀνακρίνει
1391 5600 1500 5668 οἷός
1532 5621 1591 5690 τε
1621 5599 1711 5685 .ᾗ,

2039 5586 2844 5690 ‘.£"3€.f"é‘?1.‘.’£‘°f.i‘i€§f‘ffﬂg
2865 5575 3296 5690 13.28%}:th
3322 5570 3465 5628 “me
3485 5580 3616 5623 νθτο

413 5647 524 5690 ‘00]
565 5647 749 5671 wucA
800 5647 1026 5681 “ub-ua,
1061 5647 1346 5680 νιννυιιηιυ-
1393 5647 1498 5668 ν-νη,
1543 5647 1591 5656 --
1647 5647 1711 5676 η,
1751 5647 1918 5664 ..η-,γι

340 5686 673 5743 Ριοάιθίειηιιε
739 5692 923 5737 autem
989 5690 1045 5736 et
1104 5679 1441 5735 Barberinus
1503 5686 1563 5729 ut
1621 5675 1673 5728 in
1741 5684 1918 5726 nostra

2041 5647 2580 5743 εοόξδζιῖλείςξυέἔ-καὶ
2601 5647 2727 5723 τοῖς
2742 5647 3032 5743 Mopsum
3061 5647 3318 5743 restim};

343 5718 673 5743 “vulsus-unt
739 5718 923 5737 aulo-II
989 5718 1045 5736 ιη
1104 5718 1200 5735 ναι
1216 5718 1302 5735 νυ.
1321 5718 1441 5730 ιιιυυ
1504 5718 1563 5729 ι..
1621 5718 1673 5728 ...
1741 5718 1883 5726 -.....--
1900 5718 1918 5724 ..

343 5769 520 5814 ῑεκιιι.
1835 5810 1854 5814 _.

2049 5718 2225 5814 "(35)
2259 5718 2400 5797 651,7).
2435 5718 2562 5787 Haec
2593 5718 2998 5795 γοκπαρέλκει,
3028 5728 3078 5775 et
3108 5718 3331 5773 omnino
3359 5718 3443 5767 cst
3471 5720 3622 5763 rese-

417 5809 530 5900 t84)
568 5822 680 5881 Καὶ
722 5820 843 5892 τοῖς
874 5824 994 5878 ὑπὸ
1043 5822 1252 5891 νόμον,
1296 5818 1376 5885 ὡς
1418 5815 1536 5872 ὑπὸ
1579 5816 1786 5885 νόμον,
1832 5810 1935 5865 ἵνα
2046 5809 2239 5864 cauda.
