4194 6436
593 331 700 388 319

2059 330 2382 389 OBIGENIS

3754 331 3866 388 3‘20

595 452 796 521 accipit
824 469 838 506 :
871 469 891 502 ι
923 451 1004 506 Tu
1035 466 1094 506 es
1118 450 1334 516 Petrus,
1357 460 1414 507 et
1433 465 1596 519 super
1626 452 1766 508 hanc
1798 465 2006 524 petram
2035 452 2166 508 tedi-

2278 450 2431 514 λαίας
2466 449 2622 520 μόλις
2661 448 2790 503 ποτὲ
2823 449 2918 503 καὶ¹
2953 447 3177 522 ὕστερον
3217 448 3485 520 λαμϐάνει
3518 448 3614 502 τό·
3655 466 3675 499 ι
3707 447 3781 500 Σὺ
3817 443 3870 501 εῐ

598 543 774 598 ﬁcaho
804 542 1104 600 Ecclesiam
1136 558 1310 597 meam
1333 543 1375 574 "
1399 543 1440 599 ⁶.
1469 542 1759 598 iEtJesum
1785 544 2003 612 quidem
2029 543 2170 612 apud

595 632 862 694 Joannem
878 646 1180 708 agnoscunt
1207 634 1488 704 baptizare
1517 633 1778 690 Pharisaei
1805 635 1859 690 in
1892 634 2172 705 discipulis

595 728 740 800 ejus,
767 744 892 785 cum
930 728 1056 783 aliis
1075 727 1241 783 rebus
1266 725 1558 796 praecipuis
1586 727 1754 784 etiam
1781 727 1882 781 hoc
1921 725 2129 782 iaciens
2154 744 2168 780 :

599 829 659 874 at
693 821 834 891 apud
867 829 976 876 tres
1003 818 1162 877 Jesus
1186 819 1602 890 haudquaquam
1633 818 1898 888 baptizat.
1947 817 2175 888 Insuper

597 908 843 980 Baptista
884 907 1123 967 Joannes
1152 913 1291 983 apud
1335 910 1580 979 ejusdem
1627 911 1867 965 nominis
1896 909 2175 980 evangeli—

597 1013 740 1056 stam
763 1013 1076 1069 perseverat
1106 1018 1210 1058 non
1241 1002 1522 1072 conjectus
1552 1002 1604 1056 in
1640 1015 1942 1057 carcerem.
1969 999 2172 1056 Contra

597 1094 738 1161 apud
773 1093 1088 1150 Matthazum
1119 1094 1234 1150 fere
1261 1103 1469 1150 tentato
1496 1093 1622 1150 Jesu
1654 1095 1712 1148 in
1750 1108 2024 1150 carcerem
2066 1103 2174 1149 tra—

594 1185 772 1249 ditur;
799 1200 962 1255 quatu
993 1187 1062 1239 ob
1089 1200 1313 1240 causam
1342 1186 1548 1242 secedit
1578 1185 1742 1240 etiam
1781 1183 1942 1240 Jesus
1971 1184 2025 1238 in
2061 1183 2174 1240 Ga-

595 1275 818 1343 lilaeam,
855 1291 1057 1332 cavens
1083 1278 1224 1332 trudi
1255 1277 1307 1332 in
1335 1291 1612 1332 carcerem
1636 1275 1837 1347 :168
1865 1275 2084 1345 quando
2107 1291 2176 1334 ne

594 1367 808 1422 carceri
863 1368 1085 1437 quidem
1140 1368 1371 1424 traditus
1428 1368 1702 1422 invenitur
1744 1367 1987 1436 Baptista
2034 1368 2176 1436 apud

591 1454 882 1513 Joannem.
929 1456 1164 1515 Proinde
1195 1461 1322 1530 quis
1362 1458 1498 1514 adeo
1531 1457 1750 1528 sapiens
1779 1466 1835 1512 et
1876 1459 1932 1513 in
1962 1467 2174 1513 tantum

595 1549 826 1606 idoneus
847 1560 952 1617 est,
981 1560 1040 1604 ut
1069 1559 1235 1604 lctunt
1253 1547 1438 1606 Iesum
1467 1565 1538 1604 et
1564 1558 1804 1620 quatuor
1825 1549 2178 1620 evangelistis

596 1641 798 1708 discat,
835 1643 1037 1712 quique
1072 1643 1248 1697 valeat
1280 1654 1722 1710 unamquamque
1767 1656 1880 1695 rem
1919 1641 2174 1711 privatim

595 1748 918 1801 agnoscere,
963 1749 1262 1805 omnesque
1281 1732 1485 1791 Christi
1528 1732 1714 1787 videre
1741 1731 1826 1787 vel
1860 1733 2176 1804 peregrina-

2272 542 2508 613 Πέτρος,
2549 543 2643 595 καί
2683 543 2777 596 ὲπὶ
2817 541 2990 614 ταύτῃ
3035 543 3104 612 τῇ
3154 541 3334 613 πέτρᾳ
3376 541 3733 612 οἰκοδομήσω
3769 555 3873 610 μου

2271 634 2370 706 τὴν
2405 633 2751 706 Ἐκκλησίαν.
2774 653 2793 686 ι
2827 635 2940 688 Καὶ
2981 638 3010 689 6
3040 635 3141 706 μὲν
3179 635 3332 707 παρά
3361 635 3439 706 τῷ
3489 634 3723 707 Ἰωάννῃ
3769 635 3876 704 Ἰη-

2274 724 2401 788 σοῦς
2445 723 2774 794 γινώσκεται
2801 725 2955 800 παρά
2991 728 3107 789 τοῖς
3145 724 3460 796 Φαρισαίοις
3490 721 3784 796 βαπτίζων
3816 724 3881 778 ιν

2271 819 2385 882 τοῖς
2415 818 2684 891 μαθηταῖς
2716 819 2906 884 αὐτοῦ,
2951 817 3230 890 βαπτίζων
3263 817 3376 890 (86)
3431 819 3532 872 καὶ
3567 817 3718 889 μετά
3764 815 3881 871 τῶν

2273 906 2448 962 ἀλλων
2489 907 2782 980 ἐξαιρέτων
2816 907 3098 962 καὶτοῦτο
3138 911 3335 966 ποιῶν·
3364 909 3394 962 6
3423 907 3482 962 δὲ
3538 907 3707 980 παρά
3761 907 3882 971 τοῖς

2272 1001 2451 1071 τρισὶν
2509 999 2718 1071 Ἰησοῦς
2775 998 3026 1073 οὐδαμῶς
3079 999 3352 1072 βαπτίζει.
3409 1000 3536 1054 Ἔτι
3589 999 3655 1052 δὲ
3701 998 3807 1052 καὶ
3851 999 3885 1053 6

2274 1089 2585 1162 Βαπτιστὴς
2636 1091 2890 1162 Ἰωάννης
2930 1092 3093 1168 μέχρι
3140 1091 3338 1145 πολλοῦ
3387 1091 3545 1163 παρά
3587 1089 3674 1161 τῷ
3722 1090 3885 1160 6pm-

2274 1181 2430 1255 νύμῳ
2463 1183 2824 1254 εύαγγελιστῇ
2869 1184 3103 1255 διαρκεῖ,
3138 1181 3212 1255 μὴ
3258 1181 3605 1254 βεϐλημένος
3639 1182 3729 1246 είς
3779 1197 3887 1252 φυ-

2274 1275 2467 1347 λακήν.
2507 1275 2566 1328 Ὀ
2598 1275 2656 1330 δὲ
2694 1275 2846 1348 παρὰ
2889 1275 2967 1348 τῷ
2992 1274 3261 1344 Ματθαίῳ
3287 1273 3473 1346 σχεδὸν
3515 1273 3706 1345 Ἰησοῦ
3755 1290 3882 1326 πει.

2278 1366 2580 1442 ραζομένου
2622 1368 2703 1431 εἰς
2735 1366 2834 1437 τὴν
2877 1364 3124 1436 φυλακὴν
3159 1363 3517 1435 παραδίδοται
3538 1381 3554 1394 ·
3588 1363 3663 1418 δι’
3691 1363 3758 1418 ὃν
3787 1363 3889 1418 καὶ

2275 1459 2551 1530 ἀναχωρεῖ
2571 1459 2601 1512 6
2637 1457 2842 1530 Ἰησοῦς
2880 1459 2963 1521 είς
2993 1456 3092 1529 τὴν
3114 1455 3405 1510 Γαλιλαίαν
3437 1455 3888 1529 περιιστάμενος

2274 1549 2336 1602 τὸ
2380 1549 2636 1619 γενέσθαι
2665 1551 2723 1604 ὲν
2755 1553 2821 1621 τῇ
2871 1549 3117 1622 φυλακῇ’
3155 1547 3269 1602 ἀλλ’
3293 1547 3414 1602 οὐδὲ
3442 1549 3781 1620 εὑρίσκεται
3823 1548 3887 1602 ὲν

2275 1639 2355 1711 τῷ
2392 1641 2614 1716 Ἰωάννῃ
2647 1643 2677 1696 6
2720 1642 3034 1712 Βαπτιστὴς
3091 1641 3522 1715 παραδιδόμενος
3567 1641 3657 1706 είς
3708 1641 3888 1710 φυλα-

2278 1733 2402 1805 κήν.
2433 1733 2530 1797 Τίς
2575 1733 2621 1786 δ’
2657 1723 2830 1798 οὕτως
2879 1733 3063 1802 σοφὸς,
3097 1733 3193 1786 καὶ
3227 1733 3320 1786 ἐπὶ
3350 1731 3616 1788 τοσοῦτον
3663 1732 3883 1798 ἱκανὸς,

595 1824 798 1890 tiones,
835 1825 917 1881 vel
962 1840 1276 1892 sermones,
1314 1824 1401 1881 vel
1450 1824 1656 1896 opera?
1689 1825 1762 1881 Ac
1787 1827 2175 1882 convenienter

2278 1821 2349 1886 ὡς
2397 1823 2577 1876 πάντα
2623 1823 2717 1876 τὸν
2759 1821 2967 1893 Ἰησοῦν
2997 1823 3106 1876 ἀπὸ
3135 1823 3243 1878 τῶν
3285 1823 3581 1894 τεσσάρων
3642 1823 3888 1892 εὐαγγε-

594 1919 810 1989 quidem
834 1919 1084 1988 praesenti
1115 1918 1234 1974 loco
1245 1919 1622 1974 existimamus
1632 1928 1784 1974 sexto
1804 1917 1892 1973 die
1913 1917 2171 1974 Servato-

594 2025 736 2076 rem,
762 2011 985 2080 quando
1017 2010 1218 2065 factum
1254 2019 1338 2066 est
1382 2009 1660 2081 negotium
1703 2007 1836 2062 illud
1861 2008 2172 2077 nuptiarum

592 2103 650 2159 in
701 2101 848 2158 Cana
891 2101 1149 2170 Galilaaze,
1199 2101 1546 2158 descendisse
1594 2098 1998 2168 Capharnaum,
2027 2099 2172 2168 quod

591 2191 990 2264 interpretatur
1021 2211 1149 2264 ager
1178 2192 1580 2257 consolationis,
1613 2205 1736 2244 cum
1773 2199 1965 2256 matre,
1989 2201 2043 2246 et
2066 2190 2173 2246 fra-

591 2283 788 2350 tribus,
816 2291 872 2338 et
894 2283 1196 2354 discipulis.
1227 2283 1310 2337 Ad
1340 2292 1534 2352 agrum
1579 2295 1814 2349 namque
1843 2279 2172 2336 consolatio-

595 2378 684 2432 nis
709 2384 831 2446 post
860 2375 1077 2444 epulum
1104 2375 1234 2430 illud
1258 2376 1384 2429 vino
1405 2373 1622 2429 celebre
1644 2387 1768 2427 cum
1793 2379 1988 2436 matre,
2019 2387 2171 2429 cum-

595 2483 702 2536 que
732 2467 1013 2536 discipulis
1041 2467 1228 2522 venire
1253 2465 1602 2520 Servatorem
1643 2477 1868 2520 necesse
1890 2471 2012 2517 erat
2039 2477 2171 2518 con-

594 2560 900 2615 solaturum
952 2560 1266 2628 discipulos,
1311 2569 1476 2627 atque
1513 2573 1633 2613 eam
1679 2559 1916 2612 animam
1954 2572 2075 2627 quae
2103 2571 2169 2611 ex

596 2651 803 2722 Spiritu
841 2661 1032 2706 sancto
1059 2660 1404 2722 conceperat,
1437 2659 1604 2705 eteos
1631 2650 1724 2720 qui
1755 2650 1863 2704 illic
1881 2651 2166 2705 utilitatem

593 2749 962 2811 perceperunt
989 2756 1003 2792 :
1036 2740 1472 2804 consolaturum,
1508 2737 2085 2817 inquam,elructi_bus
2117 2737 2169 2789 in

591 2844 726 2897 agro
756 2831 918 2900 pleno
944 2831 1158 2884 futuris.

2273 1911 2472 1966 λιστῶν
2531 1913 2721 1984 μαθεῖν
2738 1952 2754 1978 ,
2812 1914 2906 1967 καὶ
2965 1913 3197 1968 ἕκαστον
3261 1913 3369 1986 ίδίᾳ
3429 1913 3698 1986 χωρῆσαι
3752 1915 3882 1986 νοῆ-

2275 2021 2366 2059 σαι
2413 2004 2548 2076 (87),
2575 2006 2670 2063 καὶ
2717 2005 2898 2071 πάσας
2936 2006 3104 2062 αὑτοῦ
3133 2006 3234 2071 τάς
3264 2007 3387 2061 καθ’
3424 2007 3669 2060 ἕκαστον
3712 2005 3884 2061 τόπον

2279 2097 2407 2151 ίδεῖν
2433 2095 2588 2168 έπιδη
2598 2097 2746 2168 μίας,
2765 2098 2861 2152 καὶ
2874 2091 3087 2167 λόγους,
3109 2098 3206 2152 καὶ
3225 2097 3362 2169 ἔργα
3379 2114 3394 2164 ;
3417 2099 3533 2152 Καὶ
3553 2096 3594 2152 ἀ
3619 2097 3878 2170 μέντοιγε

2273 2189 2416 2244 κατά
2444 2189 2535 2243 τὸν
2564 2189 2677 2260 (88)
2727 2191 3088 2262 προκείμενον
3137 2195 3325 2256 τόπον,
3359 2191 3681 2255 ἀκολούθως
3719 2190 3878 2262 νομί-

2277 2281 2443 2352 ζομεν
2475 2283 2542 2352 τῇ
2579 2280 2716 2354 ἕκτῃ
2758 2282 2944 2354 ἡμέρᾳ
2976 2283 3069 2337 τὸν
3111 2283 3342 2354 Σωτῆρα
3380 2281 3492 2354 (89)
3519 2320 3536 2346 ,
3574 2283 3667 2336 ἴιτε
3711 2282 3879 2352 γεγέ-

2276 2389 2436 2444 νηται
2461 2373 2496 2444 ἡ
2535 2371 2678 2426 κατά
2713 2373 2803 2426 τὸν
2829 2374 3009 2445 γάμον
3037 2375 3322 2446 οἰκονομία
3348 2376 3406 2428 ιν
3438 2371 3606 2442 Κανᾷ
3642 2373 3748 2444 τῆς
3773 2373 3879 2428 Γα-

2277 2463 2522 2530 λιλαίας,
2575 2464 3015 2536 καταϐεϐηκέναι
3067 2467 3186 2536 ἅμα
3233 2469 3301 2538 τῇ
3361 2466 3536 2538 μητρὶ
3558 2507 3578 2533 ,
3625 2466 3723 2521 καὶ
3760 2468 3876 2530 τοῖς

2277 2555 2551 2626 ἀδελφοῖς,
2582 2557 2678 2610 καὶ
2717 2559 2831 2621 τοῖς
2867 2555 3136 2628 μαθηταῖς
3185 2560 3265 2622 είς
3315 2557 3416 2629 τὴν
3449 2558 3872 2629 Καφαρναοὺμ,

2273 2647 2408 2719 ὅπερ
2433 2645 2794 2720 ἑρμηνεύεται
2822 2649 3005 2718 ἀγδοός
3031 2647 3478 2718 παρακλήσεως
3503 2649 3642 2721 (90).
3677 2649 3872 2721 Ἐχρῆν

2275 2737 2386 2810 γὰρ
2433 2739 2575 2810 μετά
2602 2738 2702 2809 τὴν
2745 2741 2802 2792 ὲν
2831 2739 2911 2811 τῷ
2943 2739 3072 2811 οἴνῳ
3111 2741 3346 2812 εὐωχίαν
3388 2741 3484 2795 καὶ
3524 2743 3611 2805 είς
3653 2741 3746 2795 τδν
3773 2741 3872 2811 τῆς

2275 2829 2672 2901 παρακλήσεως
2713 2831 2884 2902 ἀγρὸν
2923 2832 3042 2904 ἀμα
3088 2834 3155 2903 τῇ
3193 2833 3383 2904 μητρὶ,
3417 2833 3513 2886 καὶ
3542 2835 3660 2897 τοῖς
3694 2831 3868 2904 μαθη-

589 2924 708 2985 ταῖς
757 2921 1072 2993 ἐληλυθέναι
1109 2921 1201 2976 τὸν
1252 2921 1511 2992 Σωτῆρα,
1573 2919 2024 2992 παρακαλέσοντα
2076 2919 2168 2973 ἐπὶ
2227 2925 2340 2986 τοῖς
2401 2926 2460 2978 έν
2507 2923 2588 2995 τῷ
2646 2923 2845 2996 πλήρει
2914 2923 3070 2996 ἀγρῷ
3125 2925 3406 2998 ἐσομένοις
3461 2927 3701 2997 καρποῖς
3743 2923 3869 2987 τοὺς

595 3014 1072 3087 μαθητευομένους
1125 3015 1221 3070 καὶ
1264 3015 1362 3087 τὴν
1403 3013 1784 3086 συνειληφυίαν
1833 3015 2012 3088 ψυχὴν
2051 3015 2164 3086 (91)
2201 3017 2268 3070 ὲκ
2315 3016 2410 3072 τοῦ
2448 3019 2604 3088 ἁγίου
2643 3020 2960 3091 Πνεύματος
2980 3059 2997 3082 .
3039 3021 3073 3092 ἢ
3126 3023 3253 3084 τοὺς
3297 3021 3414 3073 ὲκεῐ
3456 3017 3864 3090 ὠφελημένους,

669 3108 724 3158 7.
753 3104 1114 3172 Quaerendum
1145 3113 1388 3160 attamen
1413 3119 1588 3174 quare
1613 3105 1681 3158 ad
1732 3106 1952 3176 nuptias
1977 3105 2176 3160 fratres

2353 3106 2404 3162 7.
2446 3109 2720 3181 Ζητητέον
2770 3110 3020 3181 μέντοιγε
3065 3109 3152 3164 διά
3183 3110 3236 3163 τί
3285 3111 3366 3174 είς
3409 3110 3507 3182 μὲν
3550 3111 3646 3165 τὸν
3694 3110 3868 3181 γάμον

592 3197 713 3266 ejus
741 3213 846 3252 non
881 3208 1175 3262 vocentur;
1207 3197 1304 3253 sed
1331 3211 1506 3268 neque
1535 3206 1690 3252 erant
1715 3197 1859 3264 illic;
1902 3214 2000 3254 nec
2028 3197 2174 3253 enim

595 3289 802 3344 dictum
831 3299 953 3345 est:
984 3289 1040 3343 In
1071 3289 1453 3359 Capharnaum
1479 3298 1660 3342 autem
1692 3287 2024 3344 descendunt
2053 3305 2176 3350 ann

597 3380 740 3450 ipso,
770 3389 828 3436 et
865 3389 1039 3436 matre
1078 3397 1200 3448 sua,
1231 3391 1286 3435 et
1315 3382 1617 3452 discipulis.
1654 3381 1881 3452 Insuper
1925 3397 2179 3452 quaeren-

597 3483 724 3526 dum
775 3488 946 3542 quare
997 3477 1142 3527 nunc
1187 3489 1293 3527 non
1336 3469 1714 3542 ingrediuntur
1761 3473 2175 3544 Capharnaum,

598 3579 774 3634 neque
800 3565 1105 3620 ascendunt
1145 3565 1211 3619 ad
1243 3566 1439 3634 ipsam,
1470 3567 1564 3621 sed
1614 3568 1969 3622 descendunt.
2001 3566 2180 3634 Quare

595 3657 722 3712 vide
747 3672 816 3712 an
855 3657 958 3713 hoc
989 3659 1044 3712 in
1079 3657 1200 3713 loco
1227 3673 1324 3727 per
1350 3658 1550 3712 fratres
1581 3658 1944 3728 intelligentiae
1965 3659 2076 3713 sint
2097 3659 2180 3713 hze

596 3749 856 3819 potentiae
889 3762 1010 3818 quae
1043 3764 1169 3802 cum
1215 3751 1335 3818 ipso
1384 3749 1812 3814 descenderunt,
1853 3764 1975 3818 qua:
2015 3747 2178 3804 etiam

598 3843 666 3895 ad
725 3840 943 3910 nuptias
975 3849 1178 3894 vocata:
1231 3855 1337 3894 non
1387 3851 1518 3894 sunt
1561 3840 1632 3895 ob
1671 3856 1733 3895 ea
1769 3857 1890 3912 quae
1929 3837 2181 3911 ιιι-ωόίιί-

597 3947 745 3998 mus,
775 3949 900 3988 cum
939 3933 1080 3988 infra
1109 3943 1165 3988 et
1199 3934 1250 3986 in
1285 3933 1420 3988 locis
1455 3934 1837 3988 humilioribus
1861 3934 2119 4005 juventur
2143 3929 2179 3985 ii

597 4025 692 4096 qui
725 4025 926 4080 Christi
956 4026 1228 4081 habentur
1255 4026 1531 4096 discip‘uli,
1587 4037 1642 4082 et
1691 4027 1917 4081 alterius
1959 4025 2182 4096 generis

599 4118 878 4182 homines;
922 4120 1211 4186 quoniam,
1256 4121 1302 4176 si
1347 4130 1572 4174 vocatur
1637 4131 1816 4175 mater
1867 4119 2018 4190 ejus,
2071 4121 2183 4177 sint

599 4213 819 4282 quidam
845 4211 1196 4280 proﬁcientes
1220 4225 1274 4267 et
1299 4211 1722 4278 l'rnctillcantes,
1753 4213 1820 4268 ad
1848 4229 1984 4284 quos
2017 4215 2182 4269 etiam

599 4302 888 4356 descendit
925 4303 1182 4358 Dominus
1218 4305 1334 4374 ipse
1369 4319 1493 4359 cum
1523 4305 1788 4360 ministris
1825 4306 1978 4360 verbi
2012 4303 2103 4365 Dei
2127 4314 2184 4358 et

599 4391 903 4462 discipulis,
961 4395 1096 4448 tales
1131 4393 1428 4464 adjuvans,
1471 4407 1646 4450 matre
1699 4395 1800 4450 sibi
1846 4397 2011 4451 etiam
2046 4395 2186 4450 assi-

2276 3200 2339 3253 οὔ
2365 3199 2654 3256 καλοῦνται
2687 3203 2736 3256 οἱ
2777 3203 2998 3270 ἀδελφοὶ
3024 3201 3190 3256 αὐτοῦ
3211 3219 3224 3232 ·
3262 3202 3377 3256 ἀλλ’
3407 3202 3527 3256 οὐδὲ
3558 3198 3704 3274 ἦσαν
3735 3205 3866 3266 ἐκεῖ,

2275 3291 2337 3344 οὗ
2387 3291 2497 3362 γὰρ
2540 3291 2788 3362 εἴρηταιο
2830 3295 2911 3357 είς
2947 3293 3005 3346 δὲ
3038 3293 3138 3366 τὴν
3189 3293 3573 3365 Καφαρναοὺμ
3613 3292 3869 3347 καταϐαί-

2277 3399 2427 3438 νουσι
2476 3383 2593 3454 μετ’
2637 3384 2824 3446 αὐτοῦ,
2869 3386 2964 3438 καὶ
3009 3385 3109 3454 τῆς
3143 3385 3356 3457 μητρὸς
3401 3384 3595 3449 αὑτοῦ,
3641 3386 3736 3440 καὶ
3763 3385 3870 3438 τῶν

2281 3473 2557 3546 μαθητῶν,
2589 3477 2708 3530 Ἔτι
2754 3477 2811 3530 δὲ
2851 3476 3168 3544 ἐξεταστέον
3204 3477 3294 3530 διὰ
3323 3477 3376 3530 τί
3419 3474 3510 3530 νῦν
3543 3477 3648 3530 οὐκ
3688 3475 3868 3546 είσέρ-

2278 3584 2464 3637 χονται
2497 3570 2577 3633 είς
2615 3569 2714 3640 τὴν
2754 3569 3156 3641 Καφαρναοὺμ,
3187 3569 3324 3641 μηδὲ
3371 3568 3758 3622 ἀναϐαίνουσιν
3790 3570 3868 3633 είς

2279 3658 2468 3730 αὐτὴν,
2515 3658 2652 3714 ἀλλὰ
2703 3660 3148 3714 καταϐαίνουσιν.
3187 3658 3334 3732 Ὅρα
3385 3656 3479 3714 οὗν
3532 3663 3586 3714 εί
3639 3659 3871 3714 ἐνταῦθα

2279 3752 2408 3816 τοὺς
2450 3751 2711 3821 ἀδελφοὺς
2774 3753 2893 3806 ἀντὶ
2937 3752 3048 3807 τῶν
3117 3751 3676 3824 συγκαταϐεϐηκυιῶν
3722 3750 3871 3824 αὐτῷ

2281 3843 2564 3914 δυνάμεων
2605 3844 2927 3915 ὲκληπτέον,
2961 3845 3021 3898 οὑ
3058 3843 3410 3914 καλουμένων
3455 3845 3537 3908 είς
3571 3845 3663 3897 τὸν
3694 3844 3869 3913 γάμον

2282 3933 2404 3988 καθ’
2429 3934 2498 3998 ἃς
2542 3937 2776 4006 εἴπαμεν
2814 3935 3128 4006 διηγήσεις,
3178 3934 3476 4006 κατωτέρω
3507 3933 3564 3986 δὲ
3592 3935 3654 3987 ὲν
3685 3933 3872 3987 ὑποδε-

2283 4028 2524 4100 εστέροις
2555 4029 2663 4080 τῶν
2696 4028 3143 4099 χρηματιζόντων
3179 4027 3436 4098 μαθητῶν
3467 4025 3561 4080 τοῦ
3605 4026 3870 4098 Χριστοῦ,

2283 4121 2378 4172 καὶ
2408 4120 2567 4174 ἄλλου
2601 4121 2777 4184 εἴδους
2818 4119 3002 4191 ὠφελη
3012 4121 3188 4190 μένων
3209 4137 3222 4149 ·
3251 4120 3354 4181 ὅτι,
3395 4120 3443 4172 εί
3485 4117 3734 4171 καλεῖται
3763 4118 3869 4188 μή·

2282 4227 2388 4282 τηρ
2440 4209 2626 4275 αὐτοῦ,
2675 4211 2783 4264 εἰσί
2831 4229 2976 4275 τινες
3029 4209 3543 4282 καρποφοροῦντες,
3592 4211 3732 4282 πρὸς
3779 4207 3870 4273 οὓς

2285 4301 2449 4365 αὐτός
2482 4319 2540 4354 τε
2592 4302 2906 4356 καταϐαίνει
2955 4306 2984 4356 6
3025 4302 3229 4376 Κύριος
3275 4303 3372 4354 σὺν
3407 4305 3519 4364 τοίς
3570 4301 3870 4372 ὑπηρέταις

2285 4389 2380 4445 τού
2414 4392 2612 4462 Λόγου,
2653 4395 2746 4446 καὶ
2784 4393 3086 4465 μαθηταῖς,
3121 4393 3246 4456 τοὺς
3294 4390 3574 4454 τοιούτους
3623 4390 3869 4460 ὠφελῶν,

598 4493 797 4538 stente.
830 4485 974 4539 Sane
1003 4487 1094 4556 qui
1125 4487 1470 4558 appellantur
1497 4488 1904 4558 Capharnaum,
1934 4485 2177 4541 videntur

2289 4487 2384 4540 καὶ
2409 4486 2510 4558 τῆς
2555 4489 2762 4558 μητρὸς
2796 4487 2947 4559 αὑτῷ
2994 4485 3406 4558 συμπαρούσης.
3450 4484 3693 4537 Ἐοίκασί
3732 4499 3795 4551 γε
3823 4483 3873 4536 oi

600 4588 710 4627 non
735 4589 930 4642 capere
960 4577 1358 4632 diuturniorem
1393 4575 1546 4642 Iesu,
1581 4592 1906 4647 eorumque,
1937 4575 2030 4646 qui
2060 4590 2182 4631 cum

601 4665 722 4735 ipso
768 4666 1185 4734 descenderant,
1232 4670 1374 4740 apud
1420 4685 1482 4724 se
1532 4669 2010 4736 consuetudinem,
2046 4669 2188 4723 unde

602 4771 826 4814 manent
851 4762 1069 4831 quidem
1105 4763 1246 4833 apud
1279 4763 1426 4832 ipsos
1455 4777 1560 4818 non
1598 4763 1784 4818 multis
1807 4763 2024 4818 diebus.
2053 4761 2188 4816 Nam

601 4868 729 4921 ager
759 4855 1146 4911 consolationis
1177 4853 1401 4912 infernae
1421 4871 1530 4910 non
1558 4858 1705 4927 capit
1732 4854 2190 4910 illuminationem

604 4950 670 5003 de
697 4951 879 5006 inultis
895 4951 1256 5020 dogmatibus,
1281 4968 1462 5009 rerum
1486 4953 1728 5012 tenuium
1747 4966 1872 5007 cum
1893 4949 1969 5006 sit
1993 4965 2190 5021 capax.

671 5096 718 5129 ιι
747 5099 980 5156 kMatth.
1007 5117 1115 5167 xvi,
1145 5099 1232 5167 18.

675 5241 792 5311 (86)
829 5241 1148 5303 Βαπτίζων.
1183 5244 1345 5298 Deest
1377 5242 1430 5297 in
1463 5243 1587 5299 cod.
1629 5241 1912 5298 Bodleian.
1947 5249 2004 5296 et
2044 5239 2190 5296 vide-

602 5322 696 5369 ιω·
722 5317 1095 5367 resecandnin.

676 5383 789 5465 (ειη
827 5384 964 5466 Ἰρίᾳ
989 5384 1258 5466 χωρῆσαι
1272 5381 1513 5466 feriam.
1542 5383 1617 5438 Ita
1647 5382 1817 5439 codex
1840 5381 2194 5453 Bodleianus;

604 5453 826 5522 Regius,
853 5453 1194 5526 διαχωρῆσαι
1214 5455 1426 5526 νοῆσαι.

678 5526 791 5588 (88)
831 5522 1005 5580 Καὶᾶ
1029 5522 1308 5596 μέντοιγε
1328 5525 1485 5596 κατὰ,
1510 5526 1636 5588 τόν,
1664 5535 1772 5580 etc.
1809 5525 1882 5577 Ita
1913 5522 2110 5596 legitur
2135 5522 2188 5575 in

605 5597 861 5650 onmilms
894 5600 1092 5652 nostris
1123 5613 1288 5660 mss.;
1335 5595 1565 5652 lluetius
1607 5611 1739 5651 vero
1769 5595 2058 5666 legendum
2095 5607 2190 5662 pu-

609 5667 737 5719 tavit
764 5666 906 5738 κατὰ
933 5669 1180 5738 μέντοιγε
1202 5667 1314 5733 τόν,
1363 5679 1468 5722 etc.

679 5738 801 5812 (89i_
835 5734 964 5792 Post
1013 5734 1245 5812 Σωτῆρα
1296 5741 1470 5793 codex
1519 5737 1846 5812 Bodleianus
1888 5735 2040 5792 addit
2090 5750 2187 5787 1r:-

612 5806 917 5879 ποιηκέναι,
961 5813 1054 5865 scd
1087 5806 1310 5867 ouniino
1341 5811 1626 5866 redundat.

2283 4578 2608 4650 καλούμενοι
2654 4582 3038 4653 Καφαρναοὺμ
3087 4581 3160 4653 μὴ
3209 4582 3410 4651 χωρεῖν
3440 4577 3538 4648 τὴν
3592 4575 3874 4630 ὲπιπλείον

2279 4670 2563 4744 διατριϐὴν
2611 4675 2743 4745 παρ’
2771 4675 2956 4738 αὐτοῖς
2993 4674 3089 4728 τοῦ
3127 4673 3326 4743 Ἰησοῦ,
3373 4675 3468 4726 καὶ
3515 4671 3625 4726 τῶν
3671 4685 3877 4738 συγκα-

2285 4765 2650 4820 ταϐαινόντων
2692 4766 2874 4838 αὐτῷ·
2923 4767 3045 4820 ὅθεν
3097 4765 3318 4838 μένουσι
3367 4764 3468 4836 μὲν
3515 4763 3646 4835 παρ’
3693 4763 3877 4824 αὐτοῖς

2286 4859 2347 4912 οὐ
2383 4860 2491 4931 μὴν
2531 4860 2734 4924 πολλὰς
2763 4860 3005 4931 ήμέρας’
3043 4861 3133 4913 τὸν
3165 4858 3272 4931 γάρ
3304 4857 3434 4929 περὶ
3465 4857 3730 4910 πλειόνων
3761 4853 3876 4924 (92)

2288 4949 2576 5023 δῡγμάτων
2613 4954 2894 5024 φωτισμὸν
2929 4953 2958 5004 6
2987 4952 3088 5022 τῆς
3135 4951 3432 5022 κατωτέρω
3475 4947 3878 5020 παρακλήσεως

2366 5235 2483 5305 (90)
2539 5229 2951 5305 Καφαρναοὺμ
2975 5267 2989 5292 ,
3041 5227 3189 5296 ὅπερ
3223 5222 3624 5305 fmina-adscr);
3664 5218 3860 5305 Ἀγρὸς

2293 5293 2759 5376 πάραᾶιλησὲωξ.
2814 5293 3175 5376 Hieronymus
3212 5293 3288 5350 oe
3339 5293 3599 5376 nonanno.
3657 5295 3869 5376 Hebri

2287 5361 2866 5445 .Cnpharndum,'ager
2890 5409 2908 5436 ,
2947 5361 3037 5445 cet'
3080 5366 3205 5422 ulla
3243 5363 3641 5420 consolationis.
3685 5361 3730 5416 Δ
3763 5367 3881 5422 -ω

2292 5441 2482 5517 pagus,
2509 5455 2567 5499 et
2599 5456 2736 5506 Dm.
2777 5441 3080 5517 consolatus
3116 5447 3238 5517 ξεί..
3412 5505 3425 5517 _
3519 5505 3556 5517 Α
3615 5503 3646 5517 η
3685 5501 3697 5513 ο

2364 5503 2481 5590 (illi
2505 5503 3206 5590 Σιύνκιέπζηεουῖαν·ιδὺηςχῄν.⁸
3221 5507 3314 5590 lta_
3329 5505 3496 5562 codex
3519 5503 3880 5568 Bodleianus;

2294 5578 2520 5658 Regius,
2553 5578 2935 5658 συνιειλήφυίίαν
2983 5578 3564 5658 αὐτὴνψυχηντιθιο...

2371 5642 2484 5728 (92)
2507 5642 2661 5725 ’Περὶ
2683 5642 3002 5728 πλειόνων,
3026 5642 3152 5728 οιιςζ⁵
3164 5642 3226 5728 in
3252 5642 3492 5728 elfitione
3523 5643 3701 5702 lluelii
3730 5642 3882 5697 deest

2300 5715 2450 5802 περί,
2469 5715 2619 5798 ἰ]υοιῖ
2660 5724 2966 5788 restituitur
2990 5715 3024 5777 ε
3054 5721 3244 5776 codice
3272 5715 3588 5776 Bodleiano.
