4194 6408
325 349 440 407 δτι

1437 341 1799 401 ΟΟΜΜΕΝΤ.
1836 340 1903 395 ΙΝ
1944 340 2135 397 ιοΑΝ.
2174 343 2413 401 TOMUS
2450 345 2522 400 Χ.

3499 350 3605 404 5‘22

328 469 506 542 ἀγρὸς
545 469 606 522 οὐ
652 467 855 539 χωρεῖ,
906 464 1250 538 ὀλιγωτέρων
1305 463 1589 534 τυγχάνων
1651 459 1918 521 δεκτικὸς.

2038 458 2294 514 Praeterea
2317 470 2376 514 ut
2397 461 2674 515 videamus
2691 455 3056 513 diﬂ‘erentiam
3073 474 3260 515 eorum
3277 462 3366 530 qui
3391 464 3507 530 plus
3524 466 3604 517 vel

330 560 684 634 Παραθετέον
742 559 801 612 δὲ
857 558 1005 629 πρὸς
1043 559 1104 610 τὸ
1160 557 1436 628 θεωρῆσαι
1489 552 1753 625 διαφορὰς
1816 551 1925 603 τῶν

331 658 620 713 ἐπιπλεῖον
653 655 686 726 ἢ
721 654 941 708 ἔλαττον
984 651 1287 722 δεχομένων
1328 648 1419 701 τὸν
1471 643 1681 717 Ἰησοῦν
1723 644 1781 694 έν
1813 640 1923 711 τῷ·

339 767 361 800 c
400 748 549 800 Ἐκεῖ
579 745 801 816 ἔμειναν
836 744 898 796 οὐ
935 742 1134 804 πολλὰς
1161 740 1395 811 ἡμέρας,
1429 757 1446 788 ι
1481 735 1543 788 τὸ
1578 737 1635 788 ὲν
1665 733 1743 803 τῷ
1786 730 1930 786 κατὰ

332 838 619 894 Ματθαῖον
645 837 725 908 τῷ
757 836 1050 892 ἀναστάντι
1080 835 1144 886 ὲκ
1174 830 1382 902 νεκρῶν
1426 824 1928 899 μεμαθητευμένοις

335 931 654 1000 λεγόμενον,
702 928 798 981 κα)⁵
839 925 1324 994 ἀποστελλομένοις
1364 918 1704 992 μαθητεῦσαι
1751 917 1930 969 πάντα

333 1022 413 1076 τά
445 1022 591 1093 έθνη,
628 1019 800 1084 οὕτως
832 1018 953 1089 έχον
973 1034 986 1048 ·
1029 1036 1048 1068 ε
1087 1016 1239 1079 Ἰδοὺ,
1279 1014 1395 1085 μεθ’
1422 1011 1576 1083 ὑμῶν
1608 1012 1721 1080 είμι
1750 1008 1932 1070 πιάσας

334 1111 443 1173 τὰς
489 1110 698 1181 ἡμέρας
723 1109 830 1171 ἕως
865 1108 967 1177 τῆς
996 1104 1304 1168 συντελείας
1349 1104 1442 1157 τοῦ
1494 1102 1687 1165 αἰῶνος
1709 1119 1722 1130 ·
1757 1119 1776 1152 ι
1820 1102 1931 1162 τοῖς

344 1202 448 1273 μὲν
494 1202 603 1272 γὰρ
659 1202 837 1255 πάντα
881 1201 980 1254 ὅσα
1039 1199 1310 1269 ἐνδέχεται
1370 1198 1531 1264 φύσιν
1585 1193 1932 1265 ἀνθρωπίνην

341 1292 547 1361 γνῶναι
584 1292 665 1345 ἕτι
704 1291 938 1345 ἐνταῦθα
964 1292 1337 1361 τυγχάνουσαν
1377 1286 1677 1356 εἰσομένοις
1714 1283 1933 1352 λέγεται

339 1383 630 1447 δεικτικῶς
662 1383 754 1436 τό·
810 1400 831 1434 t
870 1380 1013 1451 Ἐγὼ
1064 1381 1180 1453 μεθ’
1230 1381 1382 1452 ὑμῶν
1412 1382 1557 1452 εἰμι·
1587 1398 1605 1431 ι
1659 1377 1754 1430 καὶ
1803 1374 1933 1445 περὶ

342 1477 529 1546 πάσης
558 1474 657 1546 τῆς
688 1476 749 1527 ὲν
778 1475 892 1537 τοῖς
922 1473 1317 1545 θεωρουμένοις
1353 1472 1463 1542 (9'5)
1506 1467 1769 1539 ἀνατολῆς
1797 1466 1934 1537 ἡμέ-

347 1583 451 1638 ρας
514 1565 764 1628 πλείονας
825 1564 1085 1636 ποιούσης
1152 1566 1265 1628 τοῖς
1339 1562 1778 1634 μακαριωτάτοις
1833 1558 1892 1611 τό
1916 1573 1930 1587 ·

351 1676 374 1709 ι
399 1658 583 1721 Πάσας
622 1658 722 1721 τὰς
769 1657 1014 1729 ἡμέρας,
1054 1656 1162 1719 ἕως
1200 1656 1301 1726 τῆς
1345 1653 1653 1716 συντελείας
1678 1650 1775 1705 τοῦ
1813 1649 1936 1703 αἰῶ-

2031 548 2211 602 minus
2234 549 2541 618 suscipiunt
2563 546 2775 612 Jesum,
2804 549 3109 602 addendum
3138 561 3224 605 est
3250 552 3431 605 verbis
3460 553 3565 607 illis
3591 571 3608 607 :

2035 660 2053 691 ι
2083 639 2195 695 Illic
2221 651 2537 695 manserunt
2569 655 2676 694 non
2712 638 2896 693 multis
2926 639 3087 711 169
3111 642 3299 698 diebus
3324 642 3394 707 ”,
3425 664 3444 696 ι
3478 645 3608 699 illud

2031 732 2173 799 quod
2203 732 2406 786 dicitur
2434 748 2463 786 a
2485 730 2713 787 Domino
2749 733 3070 788 resuscitato
3101 750 3169 788 ex
3203 737 3434 790 mortuis
3467 736 3609 807 apud

2031 824 2360 890 Matthmum,
2377 824 2657 893 discipulis
2675 824 2856 880 missis
2873 827 2937 879 ad
2958 826 3255 879 docendum
3275 842 3466 881 omnes
3482 843 3608 896 gen-

2034 928 2132 980 tes,
2165 916 2245 970 sic
2278 916 2523 971 habens:
2558 934 2576 967 ι
2600 917 2739 971 Ecce
2764 931 2864 986 ego
2891 917 3177 970 vobiscum
3204 933 3323 970 sum
3357 919 3611 973 omnibus

2032 1007 2241 1073 diebus,
2276 1019 2444 1074 usque
2469 1009 2535 1060 ad
2566 1004 3095 1060 consummationem
3125 1005 3418 1062 smculi’h
3450 1006 3613 1059 Nam-

2033 1114 2138 1168 que
2160 1098 2432 1167 agnituris
2458 1097 2680 1167 quidem
2721 1100 2902 1151 omnia
2948 1113 3285 1168 quaecunque
3313 1113 3613 1165 agnoscere

2032 1198 2209 1258 potest
2240 1189 2476 1244 humana
2510 1196 2724 1253 natura,
2754 1187 2881 1242 dum
2936 1188 3028 1242 hic
3064 1188 3247 1258 degit,
3285 1189 3484 1243 dicitur
3517 1192 3614 1244 de—

2034 1280 2387 1335 monstrative
2408 1280 2510 1335 hoc
2541 1297 2555 1333 :
2591 1299 2610 1332 ι
2644 1279 2758 1350 Ego
2789 1281 3071 1337 vobiscum
3103 1295 3221 1336 sum
3253 1295 3267 1332 :
3308 1299 3327 1334 ι
3363 1280 3430 1333 de
3459 1280 3612 1335 omni

2034 1387 2165 1427 vero
2196 1380 2341 1438 ortu,
2374 1382 2431 1427 et
2467 1371 2895 1442 illuminatione,
2937 1371 3173 1441 quaehis
3213 1370 3484 1439 exoritur,
3518 1372 3608 1439 qui

2035 1467 2407 1538 speculantur,
2440 1481 2670 1535 quaeque
2719 1466 2835 1521 dies
2877 1466 3059 1537 plures
3116 1466 3187 1522 ob
3232 1465 3422 1521 oculos
3461 1464 3615 1535 ponit

2036 1555 2388 1620 beatissimis,
2444 1554 2620 1610 illud:
2667 1574 2687 1608 ι
2732 1556 2999 1613 Omnibus
3058 1555 3268 1619 diebus,
3318 1569 3488 1623 usque
3529 1553 3600 1608 ad

2037 1645 2564 1701 consummationem
2612 1648 2830 1714 saeculi;
2864 1668 2883 1701 ι
2923 1648 2989 1702 de
3024 1648 3111 1702 his
3139 1655 3318 1703 autem
3357 1648 3449 1716 qui
3480 1654 3615 1701 sunt

344 1766 470 1813 νος·
499 1769 517 1801 ι
557 1749 688 1822 περὶ
731 1748 789 1802 δὲ
833 1748 942 1801 τῶν
979 1751 1038 1801 ὲν
1086 1747 1483 1818 Καφαρναοὺμ,
1522 1744 1659 1816 πρὸς
1706 1740 1829 1808 οὒς,
1859 1740 1934 1804 ὡς

2039 1739 2092 1792 in
2134 1738 2479 1808 Capharnao,
2513 1738 2580 1792 ad
2631 1753 2791 1808 quos,
2839 1748 3030 1809 utpote
3065 1738 3205 1794 infra
3245 1739 3612 1803 exsistentes,

347 1837 773 1908 ὑποδεεστέρους
824 1835 1265 1898 καταϐαίνουσιν,
1308 1835 1369 1886 οὐ
1421 1833 1581 1905 μόνον
1624 1835 1653 1886 ὁ
1697 1828 1931 1902 Ἰησοῦς,

2038 1837 2372 1891 descendunt
2406 1851 2513 1891 non
2565 1836 2738 1890 solum
2777 1827 2957 1903 Iesus,
3003 1846 3199 1893 verum'
3222 1838 3390 1891 etiam
3438 1845 3614 1891 mater

345 1927 484 1981 ἀλλά
527 1928 621 1980 καὶ
661 1928 695 1998 ἡ
737 1929 920 1999 μήτηρ
973 1926 1175 1990 αὐτοῦ,
1222 1926 1316 1978 καὶ
1353 1926 1404 1978 oi.
1454 1921 1675 1992 ἀδελφοὶ
1735 1919 1930 1984 αὐτοῦ,

345 2020 444 2074 καὶ
484 2021 533 2074 οἱ
584 2019 852 2092 μαθηταί·
909 2037 927 2071 ι
961 2019 1107 2074 Ἐκεῖ
1160 2018 1383 2087 ἔμειναν
1431 2017 1493 2070 οὐ
1550 2014 1750 2077 πολλὰς
1793 2013 1933 2084 ἡμέ-

351 2130 474 2185 ρελις⁶
507 2132 527 2164 ι

422 2206 477 2260 8.
518 2204 679 2269 Εἰκὸς
723 2204 781 2258 δὲ
810 2204 913 2257 οὐκ
944 2202 1153 2271 ἀλόγως
1200 2200 1455 2272 ζητήσειν
1504 2199 1675 2261 τινάς,
1722 2198 1769 2250 εί
1800 2197 1934 2268 μετὰ

348 2298 532 2359 πάσας
567 2299 669 2360 τὰς
709 2296 922 2367 ἡμέρας
951 2295 1142 2347 τούτου
1166 2293 1260 2346 τοῦ
1300 2291 1494 2355 αἰῶνος
1521 2293 1623 2344 οὐκ
1655 2289 1735 2343 ἔτι
1780 2289 1932 2342 ἔσται

342 2391 380 2444 ὁ
405 2387 605 2441 εἰπών·
649 2407 669 2439 ι
709 2387 839 2440 Ἰδοὺ
869 2387 978 2457 ὲγὼ
1007 2385 1127 2457 μεθ’
1166 2383 1340 2455 ὑμῶν,
1371 2401 1390 2435 ι
1439 2381 1579 2453 μετά
1609 2381 1716 2435 τῶν
1750 2397 1933 2452 χωρη-

349 2479 563 2534 σάντων
604 2479 788 2541 αὑτὸν,
840 2496 859 2527 α
884 2477 991 2541 ἕως
1022 2477 1122 2547 τῆς
1176 2473 1483 2537 συντελείας
1514 2472 1608 2526 τοῦ
1659 2472 1881 2533 αἰῶνοςο
1909 2490 1927 2521 ι

344 2572 412 2626 τὸ
454 2571 564 2643 γὰρ
594 2570 723 2635 ἕως,
754 2569 918 2624 οἱονεὶ
971 2567 1324 2639 περιγραφήν
1355 2583 1476 2619 τινα
1506 2564 1657 2636 δηλοῖ
1714 2563 1929 2635 χρόνου.

344 2662 583 2717 Λεκτέον
616 2661 675 2714 δὲ
718 2658 980 2731 καὶπρὸς
1015 2657 1193 2721 τοῦτο,
1235 2656 1317 2709 ὃτι
1359 2657 1421 2709 οὐ
1451 2654 1645 2707 ταύτόν
1692 2654 1809 2706 ἐστι
1849 2653 1930 2716 τὸ,

349 2772 376 2806 ο
405 2753 539 2809 Μεθ’
587 2752 740 2823 ὑμῶν
785 2753 901 2821 εἰμι
933 2750 1068 2820 (94),
1095 2769 1114 2801 ι
1156 2750 1254 2820 τῷ,
1299 2750 1386 2802 Ἐν
1417 2750 1545 2818 ὑμῖν
1596 2749 1731 2819 είμι.
1780 2746 1933 2816 Τάχα

342 2843 444 2900 οὖν
471 2842 802 2916 κυριώτερον
832 2841 1086 2912 λέγοιμεν
1116 2842 1215 2895 οὐκ
1244 2842 1301 2894 ἐν
1326 2843 1439 2904 τοῖς
1475 2837 1934 2911 μαθητευομένοις

343 2936 493 2993 εἶναι
534 2938 626 2991 τὸν
671 2938 936 3008 Σωτῆρα,
985 2934 1122 2989 ἀλλά
1170 2934 1285 3006 μετ’
1330 2931 1530 2999 αὐτῶν,
1577 2934 1699 2985 ὅσον
1737 2929 1816 3002 τῷ
1855 2929 1934 3001 νῷ

342 3033 453 3088 οὐκ
484 3031 785 3099 ὲφθάκασιν
821 3028 933 3098 (95)
973 3027 1068 3080 ἐπὶ
1113 3026 1211 3098 τὴν
1241 3024 1336 3078 τοῦ
1367 3023 1561 3088 αἰῶνος
1599 3023 1928 3077 συντέλειαν.

2034 1928 2169 1996 ejus,
2211 1938 2268 1984 et
2311 1927 2513 1986 fratres
2547 1932 2702 2003 ejus,
2747 1940 2804 1985 et
2839 1929 3132 2000 discipuli,
3169 1929 3404 1984 dicitur:
3443 1947 3463 1980 ι
3499 1928 3613 1984 Illic

2035 2023 2356 2078 manserunt
2384 2039 2491 2079 non
2529 2024 2713 2079 multis
2738 2024 2949 2080 diebus.
2966 2043 2986 2077 ι

2112 2207 2167 2261 8.
2199 2205 2475 2262 Credibile
2512 2215 2691 2261 autem
2743 2215 2828 2260 est
2881 2204 3095 2273 aliquos
3139 2219 3249 2259 non
3284 2204 3400 2259 sine
3446 2217 3612 2258 causa

2036 2301 2362 2370 quaesituros
2393 2314 2458 2352 an
2501 2307 2625 2368 post
2671 2311 2864 2352 omnes
2910 2296 3074 2365 hujus
3125 2294 3309 2349 saeculi
3357 2296 3475 2349 dies
3504 2310 3612 2350 non

2038 2394 2269 2461 amplius
2320 2392 2535 2445 futurus
2588 2391 2659 2445 sit
2700 2404 2822 2443 cum
2871 2389 2955 2444 his
2998 2389 3093 2457 qui
3140 2403 3267 2443 eum
3299 2389 3615 2456 acceperint

2038 2500 2209 2554 usque
2240 2486 2304 2538 ad
2343 2483 2874 2540 consummationem
2907 2481 3113 2547 saeculi,
3150 2480 3239 2534 ille
3281 2479 3370 2549 qui
3419 2479 3559 2533 dixit
3594 2496 3611 2513 ο

2040 2596 2059 2628 ‹
2093 2576 2234 2630 Ecce
2274 2590 2374 2646 ego
2405 2574 2682 2639 vobiscum
2716 2588 2836 2627 sum
2865 2587 3036 2642 usque
3071 2572 3139 2626 ad
3187 2570 3616 2625 consummatio-

2037 2680 2160 2720 nem
2190 2664 2412 2730 saeculi;
2454 2683 2474 2715 ι
2509 2678 2633 2717 nam
2661 2663 2926 2732 particula
2973 2677 3137 2732 usque
3179 2661 3347 2716 veluti
3373 2661 3613 2715 cireum-

2035 2745 2385 2826 scriptionem
2419 2757 2713 2825 quamdam
2765 2755 2986 2810 denotat
3040 2754 3321 2822 temporis.
3377 2751 3615 2808 Proinde

2036 2846 2104 2901 ad
2133 2848 2238 2902 hoc
2263 2847 2425 2902 etiam
2466 2855 2552 2901 est
2594 2846 2902 2911 dicendum,
2941 2860 3048 2899 non
3084 2844 3226 2899 idem
3254 2858 3398 2908 esse,
3431 2862 3450 2895 ι
3502 2840 3611 2897 Vo-

2035 2941 2247 2996 biscum
2278 2955 2421 3004 sum,
2461 2957 2480 2991 »
2516 2947 2594 3005 et,
2628 2938 2683 2993 In
2714 2938 2869 2992 vobis
2914 2951 3057 2992 sum.
3091 2935 3459 3003 Quamobrem
3504 2934 3614 2989 for-

2041 3038 2185 3083 tasse
2220 3029 2395 3098 magis
2440 3028 2659 3097 proprie
2704 3028 3050 3090 diceremus,
3103 3040 3210 3080 non
3250 3025 3302 3078 in
3335 3021 3613 3093 discipulis

357 3124 535 3177 Ἕπάν
573 3122 631 3176 δὲ
661 3122 760 3192 τὴν
790 3121 884 3174 τοῦ
922 3120 1127 3190 κόσμου
1170 3115 1573 3188 σταυρωθέντος
1610 3116 1791 3179 αὐτοῖς
1835 3115 1934 3186 τὴν

2041 3118 2381 3174 Servatorem
2418 3132 2556 3181 esse,
2608 3118 2705 3172 sed
2747 3132 2870 3172 cum
2925 3115 3085 3185 ipsis,
3130 3124 3398 3183 quantum
3432 3122 3613 3169 mento

346 3213 667 3268 συντέλειαν
716 3210 881 3265 αὐτοῦ
936 3211 1202 3263 ὲνστᾶσαν
1243 3208 1305 3262 τὸ
1350 3208 1473 3261 ὅσον
1515 3206 1610 3260 ἐπὶ
1643 3208 1710 3277 τῇ
1756 3203 1935 3259 αὐτῶν

347 3308 676 3379 παρασκευῇ
729 3304 1087 3374 θεωρήσωσι,
1130 3301 1252 3355 τότε
1303 3301 1404 3354 οὐκ
1446 3300 1527 3353 ἔτι
1574 3300 1689 3370 μετ’
1731 3297 1933 3361 αὐτῶν,

345 3396 467 3452 ἀλλ’
491 3398 549 3450 ὲν
578 3396 759 3457 αὐτοῖς
779 3395 1071 3463 γενομένου
1098 3390 1192 3444 τοῦ
1226 3388 1424 3461 Ἰησοῦ,
1452 3386 1639 3461 ἐροῦσι
1666 3387 1749 3452 τὸ,
1780 3405 1798 3437 ι
1823 3386 1938 3440 Οὐκ

341 3489 433 3545 ἔτι
466 3486 544 3552 ζῶ
576 3486 707 3555 ἐγὼ,
755 3485 824 3557 ζῇ
853 3485 910 3539 δὲ
942 3486 1001 3537 ὲν
1044 3483 1171 3551 ἐμοὶ
1203 3482 1466 3553 Χριστός·
1499 3502 1516 3534 ι
1561 3480 1656 3535 καὶ
1700 3480 1782 3545 τὸ,
1822 3498 1840 3530 ι
1871 3479 1935 3531 Ei

340 3582 580 3652 δοκιμὴν
612 3582 823 3650 ζητεῖτε
864 3578 957 3633 τοῦ
1000 3581 1058 3632 ἐν
1108 3580 1235 3649 ἐμοὶ
1278 3576 1563 3640 λαλοῦντος
1610 3572 1878 3648 Χριστοῦ;
1910 3593 1930 3625 ο

342 3674 538 3728 Ταῦτα
573 3674 631 3727 δὲ
674 3673 906 3744 λέγομεν
925 3712 939 3736 ,
985 3670 1329 3743 τηρουμένης
1376 3685 1495 3731 πως
1529 3667 1637 3738 ἰδίᾳ
1685 3668 1778 3719 καὶ
1836 3665 1936 3736 τῆς

343 3766 694 3837 παριστάσης
738 3763 964 3834 ὲκδοχῆς
1009 3762 1091 3826 τὸ,
1133 3780 1152 3812 ‹
1178 3760 1358 3823 πάσας
1400 3759 1500 3821 τὰς
1540 3757 1752 3829 ἡμέρας
1778 3775 1797 3807 ι
1842 3754 1933 3807 λέ-

343 3856 567 3926 γεσθαι,
595 3855 695 3918 τὰς
734 3874 752 3905 ι
782 3854 888 3918 ἕως
914 3851 1225 3915 συντελείας
1249 3850 1345 3905 τοῦ
1383 3849 1601 3913 αἰῶνος,
1624 3867 1642 3900 ι
1686 3845 1829 3901 κατὰ
1865 3846 1935 3900 τὰ

343 3944 550 4014 ἐφικτά
589 3946 656 4017 τῇ
690 3942 1008 4017 ἀνθρωπίνῃ
1039 3941 1200 4011 φύσει
1228 3939 1557 3996 καταλαϐεῖν
1585 3937 1666 3992 ἔτι
1699 3935 1935 3991 ἐνταῦθα

343 4035 721 4109 τυγχανούσῃο
772 4035 890 4088 ἐστι
935 4034 1044 4105 γὰρ
1086 4035 1178 4088 καὶ
1227 4032 1444 4100 ἐκείνης
1490 4029 1592 4100 τῆς
1639 4026 1935 4101 ἑρμηνείας

344 4125 693 4197 τηρουμένης
736 4125 1031 4194 ἐπιστῆσαι
1077 4123 1156 4193 τῷ
1185 4122 1298 4195 (οε)
1318 4121 1434 4191 ἐγὼ
1454 4159 1470 4184 ,
1516 4120 1604 4175 ἴνα
1632 4123 1661 4174 ὁ
1700 4119 1799 4192 μὲν
1830 4119 1935 4183 ἕως

344 4215 455 4286 τῆς
507 4216 817 4282 συντελείας
873 4215 1013 4289 μετὰ
1066 4214 1174 4269 τῶν
1226 4212 1705 4283 ἀποστελλομένων
1761 4210 1934 4283 μαθη-

342 4309 528 4363 τεύειν
557 4308 737 4364 πάντα
766 4309 834 4363 τὰ
871 4308 998 4380 έθνη
1102 4311 1131 4362 ὁ
1159 4306 1403 4371 κενώσας
1448 4306 1659 4371 ἑαυτὸν,
1698 4307 1791 4361 καὶ
1834 4307 1934 4377 τὴν

341 4401 445 4455 τοῦ
494 4401 679 4456 δούλου
727 4402 943 4473 μορφὴν
992 4399 1198 4455 λαϐὼν⁸
1235 4399 1477 4471 ὡσπερεὶ
1522 4399 1579 4453 δὲ
1608 4399 1767 4453 τοῦτο
1820 4398 1931 4471 (97)

341 4488 537 4561 ἔτερος
585 4490 644 4543 ὲν
687 4492 753 4560 τῇ
805 4488 1134 4543 καταστάσει
1180 4487 1277 4552 ὣν,
1309 4491 1376 4560 τῇ
1421 4488 1529 4560 πρὸ
1556 4488 1650 4542 τοῦ
1698 4489 1933 4543 κενῶσαι
1965 4475 2009 4530 Ῑ)

341 4579 563 4643 ἑαυτὸν,
602 4581 742 4652 μετά
784 4582 885 4652 τὴν
936 4581 1244 4635 συντέλειαν
1295 4580 1391 4635 τοῦ
1432 4580 1658 4646 αἰῶνος,
1703 4581 1933 4653 γένηται

352 4670 501 4741 ερετά
550 4672 789 4737 τούτων,
850 4693 869 4723 σ
895 4673 1001 4737 ἓως
1031 4692 1048 4725 ι
1106 4673 1212 4727 ὑπὸ
1266 4673 1362 4727 τοῦ
1422 4673 1637 4746 Πατρὸς
1689 4692 1707 4725 ι
1734 4674 1932 4730 τεθῶσι

352 4765 560 4829 πάντες
610 4768 659 4820 oi
710 4766 896 4838 ἐχθροὶ
930 4767 1094 4822 αὐτοῦ
1137 4767 1428 4821 ὑποπόδιον
1467 4766 1574 4821 τῶν
1609 4767 1786 4821 ποδῶν
1836 4769 1934 4822 αὐ-

343 4860 468 4922 τοῦ,
496 4879 514 4911 ι
566 4861 703 4932 μετὰ
731 4861 908 4916 ταῦτα
942 4881 962 4913 t
991 4862 1080 4915 ὅτε
1125 4859 1491 4933 παραδίδωσιν
1513 4882 1533 4913 ι
1572 4862 1600 4914 ὁ
1625 4861 1753 4925 Υἱὸς
1788 4879 1807 4912 ι
1834 4860 1931 4934 τὴν

349 4950 630 5026 βκσιλείαν
659 4953 739 5025 τῷ
765 4953 885 5027 Θεῷ
915 4954 1007 5007 καὶ
1040 4953 1237 5023 Πατρὶ,
1263 4971 1283 5005 ι
1311 4950 1405 5005 τοῦ
1439 4952 1652 5023 Πατρὸς
1683 4952 1936 5025 ἐροῦντος

461 5106 509 5137 ⁶²
535 5103 693 5159 Joan.
730 5119 791 5165 it.
830 5102 914 5158 12.

350 5175 404 5208 ⁸⁷
432 5174 665 5246 Philipp.
699 5189 757 5239 ιι,
788 5175 839 5227 7.

1026 5104 1072 5137 ”
1108 5102 1299 5159 Matth.
1342 5115 1532 5165 xxvm,
1563 5099 1655 5154 20.

950 5172 996 5206 ’⁸
1020 5173 1186 5228 Hebr.
1225 5190 1275 5237 x,
1306 5173 1390 5228 15.

438 5322 550 5395 (95)
573 5324 819 5396 Λέγεται
837 5321 1242 5396 δεικτικῶς....
1265 5319 1335 5396 s3;
1352 5316 1478 5396 τοῖς
1500 5317 1942 5396 θεωρουμὲφςοις.

365 5386 495 5449 Haec
521 5386 704 5450 utnni'a
737 5397 939 5449 desunt
975 5395 1029 5446 in
1069 5386 1261 5446 codice
1292 5389 1481 5458 Regio,
1522 5402 1587 5440 ac
1634 5386 1860 5458 proinde
1890 5386 1944 5458 in

363 5465 610 5520 editione
646 5463 864 5532 Huetii;
922 5462 1016 5519 sed
1063 5454 1425 5517 restituuntur
1480 5472 1513 5513 e
1563 5457 1750 5511 codice
1800 5454 1944 5509 Bod-

363 5534 568 5591 leiano.

446 5607 555 5675 t94)
595 5607 779 5662 Codex
831 5605 1162 5661 Bodleianus
1209 5601 1447 5675 restituit
1493 5599 1612 5675 τῷ,
1676 5599 1765 5652 Ἐν
1811 5598 1940 5669 ὑμῖν

367 5676 509 5741 eiut,
538 5673 680 5745 quod
708 5677 1051 5731 desideratur
1085 5676 1138 5728 in
1161 5673 1561 5745 codiceltegio.

443 5738 568 5813 (95f
608 5748 796 5801 Ὅσον
822 5744 905 5811 τῷ
945 5744 1032 5811 νῷ
1069 5747 1180 5799 οὐκ
1216 5739 1570 5813 ἐφθάκαςιν.
1619 5738 1939 5813 Ιιειροριίηις

366 5807 730 5875 ιιθιιθιόοιιει
755 5807 1106 5885 Bodleianus;
1135 5807 1272 5871 male
1301 5827 1429 5869 vero
1459 5809 1679 5883 Regius,
1699 5812 1835 5864 ὅσων
1862 5807 1939 5882 τῷ

1767 5096 1816 5129 ’⁸
1842 5095 2016 5152 Galat.
2049 5110 2123 5164 ιι,
2151 5096 2241 5152 20.

2038 3227 2144 3265 non
2201 3210 2563 3281 praevenerint
2622 3209 3144 3264 consummationem
3193 3205 3402 3264 saeculi.
3473 3205 3613 3260 Cum

2036 3319 2168 3358 vero
2215 3303 2508 3359 instantem
2564 3301 3097 3358 consummationem
3140 3299 3331 3353 mundi
3378 3297 3614 3352 viderint

2036 3398 2139 3453 sibi
2170 3396 2441 3462 cruciﬁxi,
2469 3405 2732 3467 quantum
2763 3396 2832 3449 ad
2859 3395 3079 3449 illorum
3103 3403 3357 3449 conatum
3391 3393 3611 3454 attinet,

2039 3500 2168 3545 tunc
2200 3505 2311 3545 non
2332 3489 2566 3560 amplius
2589 3503 2713 3544 cum
2747 3487 2901 3557 ipsis,
2941 3489 3035 3542 sed
3076 3488 3128 3541 in
3156 3486 3289 3556 ipsis
3313 3487 3623 3549 exsistente

2035 3580 2184 3646 Jesu,
2217 3580 2403 3635 dicent
2460 3579 2631 3635 illud:
2672 3598 2691 3631 ι
2722 3575 2841 3631 Νοιι
2889 3577 3122 3647 amplius
3156 3576 3280 3630 vivo
3329 3591 3462 3646 ego,
3516 3574 3613 3629 sed

2035 3673 2171 3727 vivit
2216 3672 2270 3727 in
2316 3686 2403 3726 me
2451 3670 2704 3726 Christus
2727 3669 2810 3734 “,
2846 3687 2865 3720 ι
2911 3679 2966 3722 et
3009 3668 3139 3722 illud
3174 3685 3187 3722 :
3221 3687 3239 3719 ι
3272 3668 3357 3721 Δη
3395 3667 3616 3736 experi-

2036 3770 2276 3814 mentum
2310 3758 2552 3828 quaeritis
2585 3757 2853 3827 loquentis
2885 3757 2938 3811 in
2980 3771 3067 3812 me
3099 3756 3300 3812 Christi
3330 3756 3459 3809 "h
3487 3754 3617 3815 Haec

2036 3860 2217 3906 autem
2261 3850 2517 3913 dicimus,
2565 3850 2856 3904 observata
2889 3848 3144 3918 privatim
3178 3863 3207 3901 a
3244 3849 3403 3907 nobis
3437 3850 3619 3922 aliquo

2036 3944 2197 3999 modo
2222 3957 2286 3997 ea
2333 3941 2672 4013 expositione
2709 3956 2830 4010 quae
2856 3942 3037 4004 docet,
3077 3958 3097 3992 ε
3127 3940 3383 3997 omnibus
3404 3942 3616 4010 diebus,

2037 4050 2208 4106 usque
2243 4035 2310 4089 ad
2352 4033 2886 4090 consummationem
2927 4031 3108 4089 saeculi
3142 4050 3163 4086 ι
3197 4032 3303 4091 dici
3343 4036 3502 4106 juxta
3553 4050 3617 4091 ea

2035 4146 2157 4201 qua:
2212 4129 2450 4184 humana
2505 4137 2698 4182 natura
2746 4125 3217 4195 comprehendere
3260 4137 3457 4196 pmest,
3489 4130 3617 4183 dum

2036 4219 2211 4276 hocin
2242 4219 2444 4274 mundo
2464 4217 2716 4282 exsistit;
2737 4232 2859 4270 naut
2882 4230 3166 4286 possumus
3190 4218 3377 4284 etiam,
3402 4227 3616 4272 servata

2036 4311 2127 4365 illa
2157 4307 2631 4379 interpretatione,
2664 4318 2854 4362 notare
2873 4307 3196 4364 vocabulum
3218 4324 3335 4378 ego,
3361 4317 3420 4362 ut
3445 4322 3618 4377 usque

2036 4401 2104 4456 ad
2135 4398 2662 4455 consummationem
2689 4412 2812 4452 cum
2846 4396 2934 4453 his
2962 4399 3055 4466 qui
3090 4398 3373 4452 mittentur
3410 4401 3477 4453 ad
3518 4401 3617 4453 do-

2038 4492 2271 4548 cendum
2325 4505 2519 4547 omnes
2564 4500 2755 4561 gentes
2790 4490 2858 4554 ⁹⁶,
2901 4490 2971 4544 sit
3017 4488 3126 4555 ille,
3186 4491 3279 4560 qui
3332 4491 3620 4546 evacuavit

2037 4587 2299 4656 seipsum,
2326 4581 2499 4638 forma
2534 4582 2675 4637 servi
2701 4589 2913 4651 sumpta
2936 4580 2981 4613 ³⁷
3015 4601 3028 4636 :
3060 4590 3314 4651 tanquam
3343 4590 3522 4635 autem
3548 4581 3618 4635 ab

2040 4678 2145 4732 hoc
2178 4675 2317 4731 alius
2349 4674 2404 4729 in
2428 4684 2567 4728 statu
2597 4671 2922 4742 praecedenti
2976 4686 3129 4726 suam
3161 4672 3614 4736 exinanitionem,

2036 4780 2163 4840 post
2188 4769 2715 4824 consummationem
2749 4765 2929 4822 surculi
2960 4767 3032 4821 sit
3052 4781 3174 4820 cum
3194 4766 3334 4831 istis,
3357 4785 3376 4818 ι
3406 4768 3610 4821 donec.

2038 4881 2067 4919 a
2102 4863 2270 4919 Patre
2302 4881 2322 4915 ι
2366 4862 2527 4932 positi
2556 4859 2765 4915 fuerint
2788 4873 2980 4915 onmes
3009 4858 3213 4913 inimici
3244 4857 3362 4928 ejus
3406 4856 3615 4911 subsel-

2041 4954 2171 5010 lium
2204 4955 2399 5026 pedum
2448 4955 2568 5026 ejus
2584 4955 2629 4987 ⁸⁸
2669 4972 2688 5007 ›
2733 4962 2854 5023 post
2880 4953 3018 5031 haec,
3047 4969 3067 5004 ι
3107 4966 3234 5007 cum
3280 4950 3565 5006 tradiderit
3591 4966 3613 5001 ι

2354 5095 2399 5129 ⁸⁵
2434 5095 2479 5151 Π
2507 5096 2632 5154 Cor.
2669 5116 2795 5163 xm,
2832 5102 2885 5157 ὅ.
2998 5104 3047 5137 ⁹⁶
3084 5104 3277 5160 Matth.
3311 5122 3498 5175 xxvut,
3530 5105 3621 5165 l9.

2054 5313 2130 5386 νῷ
2163 5315 2264 5368 οὐκ
2284 5311 2603 5386 ὲφθακρσιν.

2127 5386 2241 5453 (96)
2296 5370 2399 5449 Τῷ.
2423 5384 2523 5453 Sic
2541 5380 2711 5436 codex
2739 5377 3067 5453 Bodleianus
3091 5391 3129 5453 ;_
3151 5373 3375 5453 Regius,
3402 5370 3484 5425 τό.

2275 5441 2474 5531 Τοῦτο.
2502 5451 2645 5531 {iege
2665 5450 2877 5531 τούτου.
2898 5448 3093 5531 Totum
3118 5441 3262 5531 hunc
3297 5444 3481 5522 locum
3499 5441 3634 5531 Fer:-
3735 5503 3741 5515 '

2267 5504 2480 5577 videtur
2504 5504 2721 5589 legisse
2752 5538 2764 5571 :
2795 5518 2986 5589 ὥσπερ
3019 5519 3067 5569 εἰ
3097 5511 3218 5589 εἷπε
3239 5512 3428 5589 τοῦτοί
3449 5504 3631 5589 _'vcrtit

2052 5598 2225 5660 enim,
2254 5606 2504 5664 tanquam
2523 5582 2690 5644 sivhoc
2723 5582 2969 5664 dixisset,
2992 5587 3130 5664 quod
3163 5594 3229 5637 stt
3252 5597 3369 5662 cum
3404 5582 3487 5664 Itis
3513 5587 3629 5648 post

2046 5652 2549 5721 consuinmoiionem
2580 5660 2764 5715 circuli
2790 5652 2958 5723 alius,
2972 5652 3222 5712 satiatem
3245 5652 3301 5705 in
3324 5660 3473 5705 statu
3494 5663 3632 5721 pra:-

2047 5737 2248 5793 cedenti
2271 5749 2422 5790 suam
2452 5730 2882 5787 exinanitionem.
