4194 6406
587 318 694 372 5⁸ὶῖ
2089 325 2212 380 0111(

2292 323 2410 380 ζΝἰὸ
3751 325 3860 380 εει

591 430 763 488 Filius
789 453 806 484 ι
846 450 1074 501 regnum
1111 436 1245 500 Deo,
1293 447 1346 493 et
1372 437 1518 494 Patri
1539 439 1640 503 ",t
1687 441 1849 512 17o
1896 440 2054 496 Patre
2090 443 2212 502 di-.

2292 442 2461 503 ιύτοῖς
2503 441 2593 493 τόο
2652 459 2671 490 ι
2709 441 2839 494 Ἰδοὺ
2887 440 3000 508 ἐγὼ
3055 439 3170 510 μεθ’
3198 441 3353 511 ὑμῶν
3387 442 3521 509 εἰμι,
3551 459 3570 494 ι
3624 441 3860 513 Πότερον

592 537 755 583 cente
803 529 958 581 illis:
1003 549 1021 582 ι
1057 530 1200 587 Ecce
1243 548 1348 604 ego
1396 534 1677 589 vobiscum
1708 551 1826 589 sum
1851 537 1890 590 ¹.
1933 555 1953 589 ι
1986 537 2176 592 Utrum

2292 533 2356 595 se,
2389 535 2567 597 πάσας
2611 534 2825 605 ἡμέρας
2863 535 2967 596 ἓως
3004 533 3158 586 τοῦδε
3190 533 3283 586 τοῦ
3325 532 3546 602 χρόνον,
3582 533 3619 604 ἦ
3655 533 3864 600 ἁπλῶς,

591 638 728 678 vero
762 625 1019 681 omnibus
1043 628 1236 683 diebus
1262 643 1434 700 usque
1459 631 1525 684 ad
1554 631 1657 686 hoc
1688 640 1922 701 tempus,
1962 647 2028 686 an
2050 634 2182 688 sim-

596 714 817 784 pliciter
851 718 1113 772 omnibus
1140 718 1360 787 diebus,
1392 737 1460 774 an
1495 736 1599 775 non
1631 723 1906 789 omnibus,
1932 725 2028 778 sed
2057 738 2180 777 om-

598 810 679 873 ni,
733 817 920 877 potest
947 810 1039 878 qui
1086 810 1219 864 velit
1259 812 1629 867 considerare.
1671 813 1824 868 Nunc
1865 815 2009 868 enim
2063 829 2183 882 quae

601 903 880 970 proposita
918 913 1045 956 sunt
1089 917 1192 957 nos
1232 919 1339 958 non
1379 905 1699 974 permittunt
1744 921 1914 974 usque
1955 905 2088 960 adeo
2113 905 2184 961 ab

599 993 851 1048 oratione
880 993 1114 1063 digredi.

678 1081 739 1136 9.
773 1083 920 1137 Sane
953 1083 1252 1139 Heracleon
1295 1085 1409 1152 ipse
1455 1103 1724 1145 enarrans
1753 1105 1770 1143 :
1809 1107 1828 1140 ι
1863 1089 2057 1145 Postea
2084 1093 2184 1147 de-

603 1177 817 1230 scendit
864 1175 917 1230 in
949 1176 1328 1245 Capharnaum
1349 1183 1394 1245 ¹,
1425 1199 1444 1234 ι
1471 1182 1694 1236 alterius
1727 1198 1913 1238 rursus
1963 1186 2185 1253 dispen-

605 1267 834 1324 sationis
863 1268 1188 1338 principium
1221 1270 1398 1338 inquit
1431 1272 1720 1336 declarari,
1756 1289 1888 1328 voce
1919 1276 2184 1330 descendit

606 1373 714 1412 non
769 1361 944 1413 otiose
972 1358 1152 1423 dicta;
1203 1369 1259 1413 et
1295 1359 1470 1429 inquit
1520 1360 1841 1428 Capharnao
1888 1362 2184 1430 significari

605 1449 723 1508 hec
751 1461 1005 1524 extrema
1056 1450 1265 1518 mundi,
1311 1451 1426 1506 haec
1461 1452 1787 1517 materialia,
1823 1454 1891 1506 ad
1943 1469 2063 1524 quae
2095 1454 2190 1510 de-

607 1519 842 1597 scendit.
877 1559 897 1594 ι
941 1541 1008 1596 Ει
1038 1543 1164 1608 quia
1213 1556 1319 1596 non
1354 1553 1536 1612 aptus,
1564 1544 1761 1612 inquit,
1815 1519 1979 1599 essct-
2015 1546 2187 1613 locus,

615 1633 752 1688 nihil
785 1648 847 1688 ea
900 1633 954 1686 in
1007 1632 1237 1688 civitate
1269 1635 1354 1689 vel
1386 1635 1619 1697 fecisse.
1652 1636 1740 1691 vel
1776 1636 1991 1692 locutus
2023 1637 2190 1693 fuisse

623 1724 849 1779 dicitur.
890 1743 910 1777 ι
947 1724 1316 1790 Quamobrem
1359 1725 1403 1781 si
1465 1727 1520 1781 in
1572 1728 1800 1796 reliquis
1844 1731 2191 1801 evangelistis

610 1816 880 1886 scriptum
918 1816 1130 1884 fuisset,
1158 1817 1293 1871 nihil
1331 1819 1383 1872 in
1406 1817 1731 1888 Capharnao
1760 1818 2047 1874 Dominum
2091 1836 2192 1876 no-

614 1917 791 1961 strum
836 1907 922 1963 vel
967 1908 1168 1964 fecisse
1213 1908 1298 1962 vel
1339 1909 1570 1974 dixisse,
1620 1908 1856 1965 fortasse
1887 1911 2192 1966 dubitasse-

614 2013 737 2052 mus
765 1999 1007 2069 recipere
1039 1999 1211 2068 ipsius
1242 1999 1768 2068 interpretationem.
1816 2001 1968 2056 Nunc
2006 2012 2190 2057 autem

610 2089 896 2144 Matthmus
927 2090 1150 2159 quidem
1210 2090 1499 2144 Dominum
1533 2101 1804 2156 nostrum,
1858 2093 2042 2148 relicta
2086 2093 2192 2148 Na-

613 2182 826 2245 zat'eth,
851 2181 1158 2252 profectum
1188 2183 1472 2238 habitasse
1501 2183 1883 2252 Capharnaum
1913 2184 2189 2240 civitatem

615 2274 1003 2338 maritimam',
1037 2284 1092 2328 et
1132 2275 1332 2330 exinde
1367 2275 1585 2330 initium
1623 2277 1954 2344 praedicandi
2001 2277 2193 2332 fecisse

617 2366 813 2435 inquit,
847 2365 1153 2419 dicentem:
1179 2383 1197 2415 ι
1233 2363 1580 2433 Resipiscite,
1605 2365 1772 2419 instat
1794 2367 1940 2420 enim
1961 2383 2192 2437 regnum

622 2455 888 2511 caelorum
923 2454 966 2508 ⁸.
1005 2473 1024 2506 ι
1057 2454 1270 2509 Marcus
1325 2471 1458 2509 vero
1485 2456 1530 2520 ⁵,
1587 2466 1872 2525 postquam
1930 2467 2192 2514 tentasset

623 2547 911 2603 Domlnum
935 2546 1203 2612 diabolus,
1232 2558 1519 2617 postquam
1537 2548 1774 2602 traditus
1812 2548 2003 2604 fuisset
2030 2549 2194 2605 Joan-

618 2655 715 2696 nes
743 2641 795 2695 in
824 2654 1130 2704 carcerem,
1175 2639 1332 2694 nobis
1371 2641 1663 2694 annuntiat
1705 2639 1990 2695 Dominum
2033 2643 2196 2698 adve-

617 2735 766 2789 nisse
800 2732 855 2786 in
905 2729 1184 2786 Galilaeam
1233 2729 1622 2801 praedicantem
1656 2731 2016 2800 Evangelium
2049 2733 2189 2799 Dei;

619 2825 1001 2896 ingrediuntur
1053 2821 1219 2877 etiam
1277 2820 1660 2890 Capharnaum
1718 2833 1838 2892 post
1875 2824 2192 2880 electionem

620 2927 856 2989 quatuor
879 2917 1212 2986 piscatorum
1243 2915 1309 2969 ad
1339 2914 1674 2969 functionem
1705 2916 1949 2971 muneris
1972 2927 2192 2986 aposto-

619 3011 736 3078 lici,
789 3010 1088 3080 statimque
1139 3006 1385 3062 sabbatis
1435 3007 1622 3061 docuit
1673 3008 1725 3061 in
1789 3023 2100 3081 synagoga,
2137 3021 2194 3067 et

2281 627 2461 690 πάσας
2497 626 2596 689 τὰς
2628 627 2868 698 ἡμέρας,
2897 625 3051 680 τοῦδε
3081 626 3263 689 πάσας
3293 625 3430 695 (98),
3474 625 3616 679 ἀλλά
3659 628 3864 691 πᾶσαν,

2280 715 2452 769 ἔνεστι
2502 719 2725 770 σκοπεῖν
2763 717 2842 786 τῷ
2890 716 3215 787 βουλομένῳ.
3271 715 3387 769 Νῦν
3431 716 3542 788 γάρ
3587 717 3738 786 ἡμᾶς
3769 717 3875 771 οὐκ

2281 809 2501 862 ἀπαιτεί
2531 807 2598 860 τά
2625 809 2959 880 προκείμενα
2985 809 3081 861 ἐπὶ
3109 806 3364 862 τοσοῦτον
3399 807 3753 878 παρεκϐἦναι
3777 807 3872 861 τοῦ

2281 898 2460 968 λόγου.

2350 1087 2404 1141 9.
2457 1084 2516 1137 '0
2557 1084 2804 1154 μέντοιγε
2844 1080 3155 1155 Ἡρακλέων
3185 1083 3267 1147 τὸ,
3307 1101 3325 1132 ι
3356 1081 3510 1136 Μετά
3538 1080 3706 1134 τοῦτο
3737 1097 3880 1136 κατ-

2284 1177 2380 1248 έϐη
2425 1178 2506 1240 εἰς
2551 1177 2966 1248 Καφαρναοὺμ,
3013 1194 3032 1226 ι
3086 1173 3248 1237 αὐτὸς
3278 1173 3670 1244 διηγούμενος,
3711 1173 3883 1244 ἄλλης

2285 1269 2444 1323 πάλιν
2473 1269 2782 1338 οἰκονομίας
2814 1269 2986 1338 ἀρχήν
3019 1283 3151 1335 φησι
3181 1265 3501 1337 δηλοῦσθαι,
3546 1267 3652 1318 οὐκ
3687 1265 3880 1336 ἀργῶς

2283 1359 2376 1414 τοῦ
2418 1360 2634 1428 κατέϐη
2668 1359 2987 1430 εἰρημένου·
3034 1357 3126 1410 καί
3159 1375 3291 1428 φησι
3336 1358 3438 1429 τὴν
3484 1358 3886 1428 Καφαρναοὺμ

2286 1452 2571 1524 σημαίνειν
2601 1451 2777 1504 ταῦτα
2805 1452 2874 1504 τὰ
2923 1449 3124 1520 ἔσχατα
3176 1448 3270 1502 τοῦ
3327 1448 3558 1518 κόσμου,
3603 1447 3784 1502 ταῦτα
3815 1447 3886 1502 τὰ

2286 1543 2446 1598 ὑλικά
2487 1546 2569 1608 εἰς
2615 1543 2652 1597 ἃ
2683 1542 2937 1613 κατῆλθε·
2984 1541 3077 1595 καὶ
3111 1540 3198 1594 διὰ
3242 1540 3303 1592 τὸ
3351 1541 3651 1604 ἀνοίκειον,
3688 1542 3882 1610 φησιν,

2287 1632 2425 1690 εῖναι
2456 1635 2546 1689 τὸν
2577 1635 2763 1697 τόπον,
2793 1634 2914 1688 οὐδὲ
2943 1631 3258 1704 πεποιηκώς
3289 1649 3342 1685 τι
3373 1631 3596 1700 λέγεται
3626 1633 3687 1685 ἐν
3715 1633 3883 1703 αὐτῇ,

2287 1724 2322 1795 ἢ
2355 1722 2686 1793 λελαληκώς.
2719 1724 2783 1776 Εἰ
2819 1722 2916 1794 μὲν
2944 1719 3038 1776 οὖν
3074 1722 3208 1793 μηδὲ
3242 1724 3299 1775 ἐν
3329 1724 3440 1785 τοῖς
3468 1721 3684 1785 λοιποῖς
3709 1723 3888 1790 Εὐαγ-

2221 1793 2489 1883 1δγελίοις
2523 1815 2838 1886 πεποιηκώς
2885 1831 2969 1877 τι,
3012 1815 3045 1884 ἢ
3081 1811 3390 1885 λελαληκὼς
3429 1814 3489 1866 ἐν
3527 1816 3598 1884 τῇ
3645 1814 3888 1884 Καφαρ-

2291 1905 2464 1974 ναοὺμ
2500 1906 2528 1957 6
2571 1905 2776 1976 Κύριος
2819 1903 2975 1974 ἡμῶν
3021 1903 3417 1972 ἀνεγέγραπτο,
3463 1904 3613 1972 τάχα
3656 1901 3726 1955 ἂν
3777 1901 3888 1954 ἐδι-

2293 2001 2567 2072 στάξαμεν
2610 2001 2739 2071 περί⁷
2779 1999 2870 2052 τοῦ
2916 1995 3322 2068 παραδέξασθαι
3352 1994 3518 2048 αὑτοῦ
3571 1996 3677 2066 τὴν
3710 1995 3887 2067 ἑρμη-

2291 2092 2458 2145 νείαν.
2507 2091 2642 2144 Νυνὶ
2686 2090 2742 2142 δὲ
2789 2091 2818 2142 ό
2862 2089 3137 2150 Ματθαῖος
3189 2085 3564 2140 καταλιπόντα
3615 2089 3753 2156 φησί
3790 2087 3883 2138 τὸν

2292 2182 2495 2255 Κύριον
2541 2179 2696 2251 ἡμῶν
2733 2180 2834 2250 τὴν
2881 2176 3169 2249 Ναζαρὲθ,
3213 2176 3438 2230 ἐλθόντα
3489 2177 3884 2247 κατῳκηκέναι

2291 2275 2373 2338 εἰς
2404 2273 2781 2342 Καφαρναοὺμ
2825 2270 2922 2342 τὴν
2955 2269 3427 2342 παραθαλασσίαν,
3470 2270 3571 2322 καὶ
3617 2269 3730 2322 ἀπὸ
3759 2269 3882 2322 τότε

2291 2364 2463 2435 ἀρχὴν
2491 2364 2585 2417 τοῦ
2623 2363 2920 2435 κηρύσσειν
2968 2362 3298 2432 πεποιῆσθαι
3336 2361 3595 2430 λέγοντα’
3649 2381 3668 2412 ι
3703 2362 3884 2415 Μετα-

2291 2459 2484 2520 νοεῖτε,
2512 2457 2707 2526 ῆγγικε
2733 2455 2842 2526 γὰρ
2875 2459 2908 2527 η
2947 2455 3196 2526 βασιλεία
3226 2454 3334 2508 τῶν
3374 2455 3644 2526 οὐρανῶν.
3672 2473 3691 2506 ι
3736 2454 3793 2508 '0
3822 2453 3881 2508 δὲ

2292 2550 2516 2622 Μάρκος
2539 2549 2646 2603 ἀπὸ
2667 2548 2762 2602 τοῦ
2793 2549 2928 2622 πρὸς
2962 2549 3053 2603 τὸν
3085 2549 3329 2603 διάϐολον
3361 2547 3696 2619 πειρασμοῦ,
3743 2545 3881 2618 μετά

2291 2642 2354 2696 τὸ
2388 2641 2756 2714 παραδοθῆναι
2796 2641 2888 2695 τὸν
2924 2641 3198 2712 Ἰωάννην,
3248 2639 3585 2709 ἀπαγγέλλει
3627 2641 3759 2710 ἡμῖν
3799 2640 3878 2702 εἰς

2292 2734 2392 2804 τὴν
2421 2733 2706 2787 Γαλιλαίαν
2750 2731 3090 2804 κηρύσσοντα
3133 2732 3196 2785 τὺ
3231 2732 3566 2801 Εὐαγγέλιον
3605 2729 3700 2784 τοῦ
3743 2727 3876 2783 Θεοῦ

2294 2825 2610 2897 ἐληλυθέναι
2638 2824 2728 2879 τὸν
2756 2825 2982 2896 Κύριον·
3016 2825 3109 2877 καὶ
3152 2823 3291 2895 μετά
3317 2824 3418 2893 τὴν
3457 2825 3537 2886 εἰς
3573 2821 3877 2892 ἀποστολὴν

2295 2917 2522 2990 ἐκλογὴν
2567 2918 2675 2972 τῶν
2733 2917 3017 2986 τεσσάρων
3071 2917 3270 2970 ἀλιέων
3328 2914 3745 2987 εἰσπορεύονται
3801 2916 3878 2976 εἰς

2265 3016 2691 3091 ,Καφαρναοὺμ
2723 3016 2818 3068 καὶ
2845 3015 3006 3079 εὐθὺς
3031 3019 3146 3080 τοῖς
3185 3013 3452 3068 σάϐϐασιν
3493 3012 3772 3066 ἐδίδασκεν
3798 3013 3878 3075 εἰς

618 3102 1086 3171 obstupescebant
1125 3117 1290 3172 super
1326 3099 1571 3155 doctrina
1619 3098 1790 3155 illius.
1846 3100 1985 3167 Quin
2029 3103 2192 3158 etiam

2293 3109 2394 3180 τὴν
2443 3108 2784 3179 συναγωγὴν,
2836 3108 2931 3162 καὶ
2991 3109 3386 3178 ἐξεπλήσσοντο
3434 3106 3527 3160 ἐπὶ
3579 3109 3649 3178 τῇ
3690 3106 3872 3177 διδαχῇ

621 3197 888 3252 actionem
913 3194 1204 3264 quamdam
1239 3208 1362 3248 eum
1391 3191 1588 3246 fecisse
1615 3190 1668 3243 in
1707 3190 2027 3261 Capharnao
2054 3195 2194 3248 scri-

621 3289 734 3352 hit,
762 3287 946 3343 statim
973 3286 1117 3341 enim
1143 3284 1353 3354 inquit'
1386 3301 1401 3337 :
1427 3301 1448 3334 ι
1473 3283 1601 3336 Erat
1620 3283 1673 3337 in
1707 3298 1978 3354 synagoga
2007 3300 2194 3340 eorum

621 3379 788 3434 homo
815 3376 1028 3446 spiritui
1052 3373 1331 3430 immundo
1362 3373 1653 3438 obnoxius,
1676 3383 1731 3426 et
1760 3373 2088 3429 exclamavit
2116 3377 2198 3431 di-

624 3484 798 3526 cens:
833 3468 918 3522 Ah
945 3465 1078 3536 quid
1114 3466 1190 3519 rei
1250 3465 1407 3519 nobis
1445 3475 1619 3520 tecum
1654 3475 1772 3528 est,
1798 3463 1924 3521 Jesu
1962 3467 2199 3525 Nazare-

625 3560 736 3617 ne?
761 3559 956 3615 venisti
1007 3556 1074 3610 ad
1125 3556 1460 3625 perdendum
1500 3557 1644 3611 nos?
1672 3559 1794 3611 novi
1832 3569 1906 3622 te,
1941 3561 2064 3629 quis
2098 3561 2196 3628 sis,

629 3652 889 3707 nimirum
922 3647 1013 3701 ille
1055 3646 1226 3700 Filius
1257 3644 1374 3700 Dei.
1414 3646 1479 3700 Et
1512 3648 1814 3717 increpavit
1853 3650 2000 3704 illum
2042 3651 2200 3708 Iesus

629 3745 854 3800 dicens:
897 3740 1250 3800 Obmutesce,
1310 3746 1366 3790 ct
1423 3739 1508 3792 exi
1566 3740 1635 3793 ab
1690 3743 1926 3796 homine.
1974 3743 2197 3799 Etcum

628 3832 1014 3900 discerpsisset
1041 3844 1165 3883 eum
1199 3828 1422 3896 spiritus
1453 3829 1784 3896 immundus,
1817 3833 2202 3890 exclamasset-

629 3940 739 3995 que
767 3938 904 3978 voce
937 3936 1154 3992 magna,
1194 3921 1326 3974 exiit
1350 3922 1418 3976 ab
1443 3936 1527 3975 eo.
1558 3924 1622 3977 Et
1650 3927 2050 3995 obstupuerunt
2081 3941 2201 3982 om-

630 4033 750 4073 nes.
788 4035 808 4068 ι
845 4013 913 4068 Et
951 4029 1144 4068 socrus
1173 4012 1409 4068 Simonis
1441 4013 1700 4069 liberatur
1731 4017 1784 4070 in
1823 4018 2144 4088 Capharnao
2165 4032 2201 4075 ι

631 4105 792 4161 febri.
823 4105 904 4158 Ad
934 4103 1052 4158 haec
1086 4101 1300 4156 Marcus
1332 4103 1766 4174 inquit'vesperi
1800 4117 2016 4163 curatos
2035 4108 2202 4165 fuisse

629 4213 824 4253 omnes
845 4195 985 4250 male
1003 4197 1290 4260 habentes,
1311 4207 1366 4250 et
1384 4197 1473 4266 qui
1493 4212 1522 4250 a
1541 4198 1818 4254 daemoniis
1836 4201 2196 4271 agitabantur.

629 4290 770 4358 Quin
786 4290 952 4345 etiam
979 4288 1156 4343 Lucas
1174 4288 1372 4342 similia
1395 4304 1516 4342 cum
1543 4287 1724 4345 Marco
1743 4290 2202 4362 loquitur'deCa-

629 4386 899 4455 pharnao,
919 4382 1142 4436 dicens:
1162 4398 1181 4431 ι
1211 4380 1276 4434 Ει
1293 4381 1440 4436 venit
1454 4383 1507 4434 in
1525 4382 1906 4450 Capharnaum
1924 4385 2198 4442 civitatem

2296 3200 2482 3254 αὐτοῦ.
2519 3200 2678 3254 Ἀλλά
2716 3203 2810 3254 καὶ
2854 3199 3052 3272 πρᾶξιν
3094 3201 3258 3254 αὐτοῦ
3302 3200 3612 3272 ἀναγράφει
3654 3215 3878 3270 γεγενη-

2300 3291 2466 3362 μένην
2506 3293 2562 3344 ἐν
2596 3293 3002 3363 Καφαρναούμ·
3040 3293 3201 3357 εὐθὺς
3235 3295 3344 3365 γάρ
3385 3309 3588 3362 φησιν·
3631 3312 3650 3344 ι
3679 3293 3767 3346 Ἐν
3813 3295 3877 3364 τῇ

2298 3383 2586 3452 συναγωγῇ
2639 3381 2816 3435 αὐτῶν
2873 3379 2944 3452 ἦν
2977 3383 3265 3456 ἄνθρωπος
3309 3384 3368 3436 ἐν
3419 3383 3695 3453 πνεύματι
3745 3383 3881 3437 ἀκα-

2297 3472 2501 3544 θάρτῳ,
2529 3473 2624 3526 καὶ
2668 3474 2932 3544 ἀνέκραξε
2975 3474 3149 3544 λέγων
3171 3493 3184 3506 ο
3221 3477 3346 3538 Ἔα,
3374 3475 3426 3528 τί
3459 3478 3594 3546 ἡμῖν
3638 3477 3734 3529 καὶ
3777 3475 3878 3539 σοὶ,

2310 3566 2482 3637 Ἰησοῦ
2526 3564 2847 3638 Ναζαρηνέ;
2895 3563 3057 3638 ἦλθες
3106 3565 3368 3621 ἀπολέσαι
3419 3569 3602 3638 ήμᾶς;
3648 3567 3880 3638 Οῑδαμέν

2299 3675 2358 3712 σε
2386 3658 2468 3720 τίς
2512 3654 2581 3722 εἰ,
2621 3659 2649 3711 6
2683 3659 2808 3723 Υἱὸς
2840 3659 2934 3711 τοῦ
2973 3659 3131 3713 Θεοῦ.
3167 3661 3277 3713 Kal.
3305 3661 3638 3732 ἐπετίμησεν
3667 3661 3814 3731 αὐτῷ
3851 3661 3881 3713 6

2311 3747 2514 3820 Ἰησοῦς
2546 3749 2717 3817 λέγων
2736 3766 2749 3779 '
2781 3749 3082 3821 Φιμώθητι,
3117 3753 3214 3805 καὶ
3245 3751 3426 3818 ἔξελθε
3463 3752 3521 3817 ἐξ
3553 3751 3724 3806 αὑτοῦ
3748 3769 3760 3782 ’
3792 3753 3881 3805 ὅτε

2299 3841 2394 3893 καὶ
2428 3839 2736 3912 ἐσπάραξεν
2764 3841 2927 3894 αὑτὸν
2961 3841 3021 3894 τὸ
3059 3842 3280 3912 πνεῦμα
3311 3843 3374 3896 τὸ
3420 3843 3758 3915 ἀκάθαρτον,
3789 3843 3883 3897 καὶ

2300 3932 2555 4002 φωνῆσαν
2585 3935 2736 4003 φωνῇ
2769 3933 2981 4006 μεγάλῃ
3009 3934 3234 4004 ἐξῆλθεν
3257 3931 3318 4000 ἐξ
3359 3935 3545 3990 αὐτοῦ.
3576 3937 3691 3990 Καὶ
3715 3935 3886 4006 ἐθαμο

2298 4023 2546 4096 ϐήθησαν
2561 4021 2820 4089 ἅπαντες.
2843 4025 3037 4098 »Καὶή
3071 4027 3308 4100 πενθερὰ
3346 4027 3589 4098 Σίμωνος
3640 4028 3736 4081 τοῦ
3784 4045 3887 4081 πυο

2301 4114 2458 4187 ρετοῦ
2490 4117 2895 4170 ἀπαλλάσσεται
2940 4119 2998 4172 ἐν
3045 4121 3109 4190 τῇ
3153 4119 3555 4191 Καφαρναούμ.
3593 4121 3741 4191 Πρὸς
3769 4120 3886 4173 τού-

2298 4223 2411 4271 τοις
2434 4209 2463 4261 ὁ
2494 4208 2721 4280 Μάρκος
2749 4209 2883 4279 φησί
2914 4210 3151 4283 ἑσπέρας
3177 4212 3554 4283 γεγενημένης
3584 4214 3643 4264 ἐν
3673 4215 3736 4284 τῇ
3770 4215 3884 4264 Ka—

2300 4300 2585 4370 φαρναοὺμ
2622 4299 3054 4371 τεθεραπεῦσθαι
3092 4301 3302 4366 πάντας
3343 4302 3469 4365 τοὺς
3496 4302 3687 4366 κακῶς
3731 4303 3882 4374 έχον-

2299 4407 2398 4454 τας
2427 4392 2521 4444 καὶ
2557 4390 3048 4464 δαιμονιζομένους.
3096 4395 3207 4447 Καὶ
3246 4397 3274 4447 6
3308 4395 3525 4458 Λουκᾶς
3570 4394 3627 4446 δὲ
3660 4394 3728 4448 τὰ
3777 4412 3886 4446 πα·-

627 4473 1084 4542 (ἶίιιίιωω,ἰὺί(ιιιε
1113 4472 1343 4526 docebat
1381 4473 1500 4528 illos
1523 4473 1778 4530 sabbatis.
1821 4476 1886 4531 Et
1913 4479 2200 4548 stupebant

2302 4480 2575 4552 ραπλήσια
2616 4474 2694 4551 τῷ
2732 4481 2944 4552 Μάρκῳ
2975 4482 3310 4551 ἀπαγγέλλει
3346 4485 3474 4556 περὶ
3511 4483 3613 4554 τῆς
3655 4485 3887 4554 Καφαρ-

628 4583 794 4640 super
813 4565 968 4636 171
999 4565 1245 4619 doctrina
1270 4565 1406 4636 ejus,
1421 4566 1544 4634 quia
1561 4581 1687 4622 cum
1708 4579 1972 4638 potestate
1983 4571 2206 4641 conjun-

629 4670 750 4715 ctus
769 4669 889 4714 erat
914 4671 1095 4710 sermo
1116 4655 1304 4726 ipsius.
1329 4656 1392 4709 Et
1412 4657 1463 4710 in
1487 4673 1756 4729 synagoga
1787 4672 1901 4714 erat
1927 4663 2086 4717 homo
2103 4663 2201 4717 ha-

627 4751 767 4806 bens
785 4745 1040 4818 spiritum
1065 4745 1326 4799 daemonis
1351 4745 1705 4813 immundi,et
1728 4750 2203 4810 exclamavitvoce

629 4859 824 4915 magna
861 4843 1046 4896 dicens
1078 4859 1092 4895 :
1130 4839 1252 4904 Eia,
1282 4841 1412 4911 quid
1465 4844 1561 4897 tibi
1600 4844 1879 4901 nobiscum
1923 4859 2029 4915 est,
2068 4848 2197 4906 Jesu

626 4935 952 4994 Nazarene?
983 4935 1178 4990 venisti
1223 4933 1296 5004 ad.
1327 4936 1656 5002 perdendum
1693 4940 1828 4995 nos?
1856 4943 1968 4997 scio
1997 4952 2048 4997 te
2079 4945 2200 5014 quis

627 5033 727 5098 sis,
756 5029 992 5086 Sanctus
1029 5027 1119 5082 ille
1151 5026 1268 5098 Dei.
1302 5026 1369 5081 Et
1396 5027 1697 5100 increpavit
1727 5031 1878 5088 illum
1901 5033 2079 5103 Jesus,
2115 5036 2199 5090 di~

627 5137 761 5180 eens
789 5137 806 5175 :
839 5119 1186 5182 Obmutesce,
1215 5127 1271 5172 et
1291 5119 1378 5174 exi
1409 5120 1480 5174 ab
1508 5135 1594 5175 eo.
1626 5121 1692 5178 Et
1723 5139 1844 5180 cum
1878 5127 2197 5197 projecisset

629 5215 780 5271 illum
817 5211 1148 5267 daemonium
1180 5210 1234 5264 in
1266 5209 1520 5278 medium,
1548 5214 1683 5270 exiit
1711 5215 1780 5270 ab
1811 5217 1923 5283 illo,
1953 5219 2198 5290 nihilque

626 5308 703 5363 illi
732 5306 936 5361 nocuit.
974 5323 994 5356 ι
1033 5303 1098 5358 Et
1136 5312 1323 5374 postea
1373 5316 1559 5360 narrat
1587 5308 1627 5373 ',
1667 5313 1938 5380 quomodo
1971 5325 2199 5383 surgens

626 5399 892 5455 Dominus
934 5410 966 5451 e
999 5411 1270 5468 synagoga
1316 5397 1596 5468 ingressus
1623 5409 1706 5456 est
1753 5403 1806 5458 in
1857 5405 2074 5460 domum
2107 5405 2196 5460 Si-

2299 4571 2502 4642 ναοὺμ,
2557 4570 2764 4640 λέγων’
2827 4589 2845 4622 ι
2908 4572 3020 4624 Καὶ
3086 4568 3250 4644 ἦλθεν
3309 4575 3390 4636 εἰς
3459 4573 3884 4643 Καφαρναοὺμ,

2298 4660 2450 4714 πόλιν
2521 4661 2620 4731 τῆς
2681 4659 3008 4724 Γαλιλαίας,
3079 4663 3172 4715 καὶ
3234 4659 3302 4734 ἦν
3362 4661 3630 4716 διδάσκων
3684 4663 3887 4726 αὐτοὺς

2298 4755 2356 4806 ἐν
2409 4755 2522 4817 τοῖς
2597 4752 2850 4807 σάϐϐασι.
2913 4753 3025 4806 Καὶ
3077 4753 3470 4824 ἐξεπλήσσοντο
3527 4755 3620 4807 ἐπὶ
3678 4757 3746 4824 τῇ
3806 4753 3889 4806 δι-

2296 4847 2432 4918 δαχῇ
2484 4845 2672 4910 αὐτοῦ,
2711 4845 2792 4898 ὅτι
2841 4845 2900 4898 ὲν
2934 4845 3151 4917 ἐξουσίᾳ
3196 4842 3263 4916 ἦν
3295 4848 3323 4899 6
3353 4845 3510 4914 λόγος
3553 4844 3744 4898 αὑτοῦ.
3779 4845 3890 4898 Καὶ

2304 4941 2360 4992 ὲν
2387 4942 2452 5010 τῇ
2505 4921 2795 5008 συναγωγῇ
2837 4933 2905 5008 ἦν
2940 4937 3225 5010 ἄνθρωπος
3261 4937 3403 5008 ἒχων
3435 4937 3654 5007 πνεῦμα
3689 4936 3888 5006 δαιμο-

2303 5031 2418 5084 νίου
2460 5029 2792 5103 ἀκαθάρτου,
2829 5029 2922 5082 καὶ
2961 5028 3226 5102 ἀνέκραξε
3259 5031 3410 5100 φωνῇ
3453 5029 3700 5100 μεγάλῃ·
3758 5029 3886 5092 Ἔα,

2303 5123 2356 5177 τί
2389 5125 2522 5194 ἡμῖν
2563 5122 2658 5174 καὶ
2693 5121 2798 5185 σοὶ,
2845 5117 3020 5191 Ἰησοῦ
3064 5117 3394 5189 Ναζαρηνέ;
3427 5113 3591 5188 ἦλθες
3620 5116 3890 5170 ἀπολέσαι

2304 5218 2487 5288 ήμᾶς;
2515 5213 2651 5270 Οἶδά
2681 5232 2739 5268 σε
2773 5213 2856 5277 τίς
2889 5209 2960 5272 εἷ.
2988 5214 3017 5266 6
3035 5213 3228 5281 Ἀγιος
3253 5211 3348 5264 τοῦ
3373 5209 3533 5266 Θεοῦ.
3561 5209 3672 5264 Καὶ
3698 5209 3888 5262 ἐπετί-

2312 5327 2484 5382 μησεν
2513 5307 2661 5379 αὐτῷ
2693 5309 2722 5361 6
2766 5305 2996 5378 Ἰησοῦς,
3019 5305 3211 5374 λέγων·
3241 5302 3544 5375 Φιμώθητι,
3577 5302 3674 5357 καὶ
3702 5301 3890 5367 ἔξελθε

2305 5404 2402 5456 ἀπ’
2432 5401 2619 5456 αὑτοῦ.
2653 5401 2788 5454 Τότε
2833 5401 2928 5454 καὶ
2975 5399 3136 5471 ῥίψαν
3179 5397 3342 5452 αὐτὸν
3375 5395 3438 5450 τὸ
3490 5396 3768 5467 δαιμόνιον
3810 5395 3891 5456 εἰς

695 5559 780 5614 νί
806 5559 935 5634 cor.
961 5573 1050 5623 xv,
1079 5558 1177 5634 25Ζ
1218 5560 1256 5634 __‘
1280 5558 1472 5634 Matth.
1497 5579 1692 5626 xxvtu.
1719 5564 1810 5620 ΞΟ.
1889 5569 1910 5600 ²
1931 5565 2089 5622 Joan.
2129 5583 2188 5634 Il,

2292 5607 2302 5621 .
2374 5565 2395 5596 ³
2432 5562 2621 5617 Matth.
2656 5577 2734 5624 tv,
2759 5561 2844 5617 l3.
2907 5562 2926 5593 ⁸
2951 5563 3079 5619 ibid.
3114 5563 3199 5617 l7.
3267 5560 3289 5592 '
3314 5557 3480 5612 Marc.
3511 5571 3550 5622 ι,
3580 5553 3752 5622 13,14
3769 5566 3892 5623 seq.

626 5637 644 5664 ε
678 5636 810 5688 mm.
837 5629 906 5686 at
930 5647 1048 5701 seq.

697 5796 812 5870 (98)
861 5793 1038 5852 Τοῦδε
1059 5793 1278 5866 πάσας.
1312 5795 1451 5872 Lego
1478 5760 1648 5875 6.066%
1667 5801 1864 5867 πάσας.

1157 5630 1177 5654 "
1217 5631 1350 5686 ibid.
1378 5633 1436 5688 51
1479 5651 1594 5706 seq.
1669 5635 1843 5694 8Luc.
1875 5654 1950 5705 ιν,
1986 5638 2055 5697 55
2077 5630 2195 5709 seq.
2274 5639 2293 5669 ο
2323 5634 2454 5692 Luc.
2493 5649 2558 5698 tv,
2600 5634 2684 5701 58,
2722 5636 2810 5689 59.
