4194 6412
335 324 447 381 325

1437 322 1793 377 COMMENT.
1834 321 1902 376 IN
1941 321 2135 379 JOAN.
2178 322 2420 381 TOMUS
2459 325 2529 382 X.

3487 330 3599 388 326

335 445 519 516 μέσον,
563 442 786 515 ἐξῆλθεν
835 444 929 497 ἀπ’
978 442 1162 507 αὑτοῦ,
1206 442 1372 514 μηδὲν
1411 442 1620 513 βλάψαν
1672 444 1854 496 αὑτόν.
1896 463 1913 490 ι

2024 443 2221 506 monis.
2252 454 2307 497 et
2351 460 2473 498 cum
2503 445 2843 514 increpasset
2874 446 3067 501 febrim
3112 446 3165 500 in
3202 461 3363 501 socru
3405 447 3596 517 ipsius,

335 536 448 590 Καὶ
478 535 615 606 μετὰ
643 534 817 588 ταῦτα
844 535 956 605 (99)
988 535 1326 603 ἀπαγγέλλει
1370 535 1446 598 ὡς
1478 533 1717 597 ἀναστὰς
1749 537 1777 588 ό
1808 533 1922 586 K6-

335 646 453 704 ριος
499 629 607 681 ἀπὸ
647 630 748 699 τῆς
803 630 1130 696 συναγωγῆς
1184 628 1431 699 εἰσῆλθεν
1475 630 1553 691 εἰς
1596 628 1693 698 τὴν
1742 628 1920 681 οἰκίαν

336 722 601 793 Σίμωνος,
635 723 729 774 καὶ
764 723 1095 792 ἐπιτιμήσας
1140 720 1217 791 τῷ
1262 722 1321 773 ἐν
1360 723 1426 791 τῇ
1473 719 1708 790 πενθερᾷ
1753 718 1918 772 αὑτοῦ

337 811 560 883 πυρετῷ
630 811 944 883 ἀπήλλαξεν
1007 813 1178 884 αὑτὴν
1247 812 1348 881 τῆς
1403 812 1580 865 νόσου·
1666 811 1783 882 μεθ’
1852 812 1921 882 ἢν

335 902 799 976 θεραπευθεῶαν,
828 918 847 951 ι
875 903 1104 969 Δύντος,
1182 905 1355 975 φησὶ,
1410 904 1503 957 τοῦ
1563 904 1734 976 ἡλίου,
1785 904 1920 956 πάν-

330 1011 425 1060 τες
453 996 568 1049 ὅσοι
601 991 746 1066 εἶχον
770 994 1126 1060 ἀσθενοῦντας
1154 996 1329 1060 νόσοις
1360 997 1434 1065 (l)
1474 983 1764 1063 ποικίλαις,
1783 991 1916 1066 ἦγον

333 1086 536 1151 αὐτοὺς
590 1087 727 1159 πρὸς
782 1089 972 1143 αὐτόν’
1026 1091 1054 1142 ὁ
1096 1088 1153 1143 δὲ
1208 1090 1288 1142 ἐνὶ
1334 1089 1549 1158 ἑκάστῳ
1595 1088 1771 1141 αὐτῶν
1819 1086 1917 1150 τὰς

333 1181 525 1252 χεῖρας
578 1178 786 1243 ἐπιθεὶς
825 1179 1156 1251 ἐθεράπευεν
1202 1181 1278 1252 (2)
1326 1180 1541 1244 αὑτούς.
1598 1181 1917 1251 Ἐξήρχοντο

337 1268 395 1322 δέ
431 1270 526 1322 καὶ
564 1269 816 1340 δαιμόνια
862 1270 969 1323 ἀπὸ
1006 1271 1214 1324 πολλῶν
1261 1271 1665 1342 κραυγάζοντα,
1707 1270 1802 1323 καὶ
1832 1269 1918 1322 λέ-

343 1374 526 1427 γοντα,
557 1360 639 1412 ὅτι
677 1360 750 1413 Σὺ
787 1355 839 1412 εἷ
867 1361 896 1413 ὁ
928 1360 1056 1424 Υἱὸς
1084 1361 1176 1413 τοῦ
1211 1360 1365 1413 Θεοῦ·
1397 1361 1492 1414 καὶ
1520 1359 1787 1431 ἐπιτιμῶν
1817 1359 1918 1412 οὐκ

337 1453 422 1506 εἷα
459 1451 602 1506 αὑτά
630 1453 831 1517 λαλεῖν,
864 1453 945 1507 ὅτι
974 1454 1191 1525 ᾔδεισαν
1224 1454 1457 1525 Χριστὸν
1489 1454 1650 1506 αὑτὸν
1694 1449 1854 1506 εἶναι.
1891 1470 1910 1504 ι

339 1544 523 1600 Ταῦτα
560 1546 616 1597 δὲ
648 1545 822 1596 πάντα
862 1543 988 1611 περὶ
1019 1542 1125 1595 τῶν
1158 1544 1215 1593 ἐν
1256 1541 1630 1611 Καφαρναοὺμ
1664 1539 1741 1609 τῷ
1777 1542 1889 1592 Σω-

338 1634 465 1704 τῆρι
514 1633 813 1703 εἰρημένων
862 1632 954 1684 καὶ
990 1630 1389 1701 πεπραγμένων
1440 1630 1889 1700 παρεστήσαμεν,

340 1726 478 1796 ὑπὲρ
514 1723 608 1777 τοῦ
652 1722 864 1791 ἐλέγξαι
901 1722 998 1792 τὴν
1046 1720 1415 1792 Ἡρακλέωνος
1452 1718 1771 1790 ἑρμηνείαν,
1810 1717 1897 1770 λέ-

2024 533 2276 587 liberavit
2298 549 2415 587 eam
2442 551 2470 587 a
2507 535 2716 590 morbo.
2746 534 2873 590 Post
2907 551 3070 605 quam
3106 537 3410 601 liberatam,
3446 557 3464 589 ι
3492 536 3600 594 Oc-

2023 626 2259 688 cidente,
2280 627 2457 695 inquit
2492 627 2556 693 ¹⁰,
2584 628 2698 684 sole
2728 643 2919 683 omnes
2939 630 3029 697 qui
3053 629 3323 684 habebant
3351 629 3600 686 inﬁrmos

2020 717 2189 773 variis
2226 718 2452 784 morbis,
2487 720 2761 775 ducebant
2802 721 2925 776 illos
2960 721 3026 775 ad
3069 736 3231 774 euut:
3265 729 3320 774 at
3351 720 3438 775 ille
3481 722 3597 775 sin-

2020 807 2163 875 gulis
2192 824 2386 862 manus
2417 810 2701 877 imponens
2730 811 2957 864 sanabat
2990 825 3104 865 eos.
3141 810 3376 864 Exibant
3416 820 3596 865 autem

2021 900 2285 953 daemonia
2325 917 2354 955 a
2407 902 2591 956 multis
2639 902 2959 968 clamantia,
2997 917 3061 956 ac
3108 900 3490 957 dicentiazTu
3538 915 3600 955 es

2022 990 2112 1044 ille
2146 991 2317 1045 Filius
2352 992 2488 1047 Dei:
2521 1005 2574 1047 et
2609 993 2897 1063 increpans
2927 1011 3035 1048 non
3076 994 3290 1049 sinebat
3316 1009 3378 1047 ea
3427 994 3595 1064 loqui,

2019 1083 2163 1150 quod
2195 1084 2441 1138 sciebant
2482 1084 2659 1153 ipsum
2708 1101 2831 1141 esse
2861 1086 3159 1141 Christum.
3193 1104 3211 1136 ι
3253 1085 3374 1139 llaec
3415 1095 3595 1138 autem

2018 1175 2202 1227 omnia
2233 1175 2515 1231 docuimus
2560 1192 2626 1230 cx
2658 1177 2742 1232 his
2772 1192 2893 1247 quae
2927 1177 3186 1232 Servatur
3206 1178 3294 1241 vel
3323 1176 3480 1245 dixit,
3510 1175 3598 1232 vel

2022 1262 2154 1317 fecit
2190 1264 2241 1317 in
2280 1264 2625 1334 Capbarnao,
2664 1278 2724 1320 ut
2754 1269 3213 1337 redargueremus
3243 1268 3599 1323 Heraclcouis

2020 1356 2552 1427 interpretationem,
2574 1361 2839 1417 dicentis:
2871 1381 2889 1414 ι
2920 1362 3074 1420 Hanc
3100 1364 3170 1420 ob
3193 1379 3414 1419 causam
3437 1362 3598 1421 Jesus

2019 1447 2217 1502 dicitur
2250 1462 2424 1518 neque
2453 1449 2653 1504 fecisse
2682 1450 2886 1521 aliquid
2918 1454 2969 1507 in
3005 1468 3091 1521 ea,
3111 1464 3204 1508 aut
3228 1454 3442 1511 locutus
3460 1455 3591 1513 fuis-

2031 1556 2108 1595 se.
2148 1560 2165 1590 ι
2193 1538 2299 1593 Aut
2337 1540 2478 1593 enim
2524 1541 2981 1599 considerationes
3021 1546 3155 1599 duas
3192 1548 3312 1601 urbi
3352 1547 3596 1617 Caphar-

2030 1645 2191 1683 naum
2232 1630 2429 1683 tribuat
2465 1630 2623 1683 etiam
2664 1632 2795 1699 ipse,
2827 1621 2889 1687 'et
2937 1635 3146 1699 doceat,
3187 1639 3596 1705 et,persnadeat

2030 1721 2338 1789 qualesnam
2377 1720 2516 1786 sint;
2557 1732 2649 1775 aut
2692 1722 2795 1776 hoc
2824 1723 3000 1779 facere
3033 1742 3139 1780 non
3170 1727 3373 1789 valens,
3414 1730 3594 1785 dicere

338 1831 554 1886 γοντος·
603 1834 621 1865 ι
667 1814 768 1867 Διά
802 1813 957 1867 τοῦτο
992 1813 1114 1866 οὑδέ
1151 1811 1463 1883 πεποιηκώς
1500 1830 1550 1864 τι
1586 1811 1802 1879 λέγεται
1838 1811 1897 1862 ἐν

2033 1819 2207 1864 cesset
2244 1808 2580 1864 Servatorem
2615 1810 2812 1866 frustra
2855 1814 2909 1867 in
2949 1815 3180 1884 aliquem
3208 1817 3385 1871 locum
3428 1821 3593 1873 adve—

337 1906 507 1976 αὑτῇ,
547 1905 579 1975 ἢ
619 1903 946 1975 λελαληκὼς.
997 1922 1015 1955 ι
1062 1904 1131 1955 Ἢ
1166 1902 1274 1973 γὰρ
1310 1902 1403 1955 δύο
1438 1901 1677 1963 ἐπινοίας
1712 1901 1897 1954 διδότω

337 1997 433 2051 καὶ
488 1997 649 2059 αὐτὸς
696 1997 795 2065 τῆς
831 1995 1236 2067 Καφαρναοὺμ,
1275 1995 1368 2047 καὶ
1419 1992 1762 2065 παριστάτω,
1804 1993 1898 2046 καὶ

340 2087 580 2139 πεισάτω
634 2085 793 2149 ποίας
825 2102 838 2117 ο
891 2086 924 2156 ἢ
986 2085 1142 2138 τοῦτο
1198 2087 1415 2154 ποιῆσαι
1479 2083 1551 2155 μὴ
1605 2083 1899 2153 δυνάμενος

338 2170 651 2244 ἀφιστάσθω
708 2174 802 2227 τοῦ
863 2171 1038 2241 λέγειν
1108 2172 1196 2225 τὸν
1263 2171 1486 2241 Σωτῆρα
1550 2170 1723 2242 μάτην
1792 2168 1900 2221 τινὶ

337 2268 486 2338 τόπῳ
522 2268 598 2338 (5)
637 2264 1110 2336 ἐπιδεδημηκέναι.
1148 2263 1258 2316 Καὶ¹
1308 2263 1468 2333 ἡμεῖς
1517 2261 1604 2326 δὲ,
1652 2258 1786 2314 Θεοῦ
1821 2258 1902 2312 δι-

2032 1901 2195 1955 nisse.
2248 1904 2318 1955 At
2368 1917 2497 1966 nos,
2539 1902 2650 1956 Dco
2686 1903 2882 1968 dante,
2922 1922 3043 1960 cum
3082 1910 3489 1977 pervenerimus
3526 1913 3594 1967 ad

2034 1992 2176 2046 hunc
2217 2001 2447 2055 textum,
2486 1994 2802 2049 conabimur
2847 1998 3194 2054 manifestare
3244 2018 3355 2056 non
3390 2019 3593 2058 vanum

2031 2082 2195 2138 fuisse
2241 2084 2381 2139 illius
2430 2100 2742 2153 accessum,
2792 2089 3001 2144 etiamsi
3053 2106 3117 2145 ex
3156 2092 3384 2147 lectione
3421 2093 3593 2149 ferme

2031 2185 2285 2246 appareat
2319 2192 2443 2231 eum
2497 2177 2565 2231 ad
2610 2178 2787 2248 aliqua
2834 2181 2951 2235 loca
2996 2182 3295 2251 profectum
3332 2185 3470 2239 nihil
3508 2184 3594 2241 fe-

2033 2279 2193 2319 CISSB.

338 2364 536 2426 δόντος,
576 2360 856 2430 γενόμενοι
894 2359 1033 2413 κατὰ
1067 2357 1135 2412 τὰ
1168 2355 1393 2412 τοιαῦτα
1428 2357 1602 2426 χωρία
1638 2357 1737 2425 τῆς
1800 2358 2256 2427 συναναγνώσεως
2291 2361 2424 2414 ὅπου
2460 2361 2606 2427 δόξαι
2646 2363 2810 2435 μηδὲν
2846 2364 2922 2436 (4)
2961 2364 3215 2437 ἡνυκέναι
3251 2369 3594 2442 ἐπιδημήσας

338 2451 558 2522 χωρίοις
594 2450 724 2512 τισὶ,
767 2447 1137 2518 πειρασόμεθα
1170 2447 1231 2500 τὸ
1269 2446 1342 2516 μὴ
1384 2445 1609 2515 μάταιον
1645 2445 1744 2515 τῆς
1806 2444 2102 2519 ἐπιδημίας
2138 2452 2301 2504 αὑτοῦ
2338 2453 2633 2523 τρανῶσαι.

410 2538 498 2593 10.
544 2537 663 2591 Ἔτι
698 2539 755 2592 δὲ
790 2540 818 2591 ὁ
854 2536 1157 2600 Ματθαῖος,
1199 2536 1529 2598 εἰσελθόντος
1562 2533 1657 2587 τοῦ
1695 2536 1901 2605 Κυρίου

2107 2541 2193 2595 10.
2224 2542 2491 2598 Praeterea
2515 2560 2644 2598 vero
2668 2544 2969 2612 Mattbteus,
3004 2548 3339 2621 ingrediente
3363 2552 3592 2607 Domino

338 2634 420 2695 εὶς
456 2631 553 2702 τὴν
589 2631 995 2702 Καφαρναοὺμ,
1038 2630 1171 2700 φησὶ
1205 2629 1295 2681 τὸν
1331 2627 1718 2698 ἑκατόνταρχον
1755 2623 1903 2695 αὐτῷ

2033 2631 2088 2684 in
2123 2631 2496 2702 Capharnaum
2518 2676 2533 2701 ,
2576 2635 2748 2705 inquit
2792 2640 3161 2696 centurionem
3195 2644 3261 2698 ad
3295 2645 3594 2699 iosumac—

334 2727 817 2798 προσεληλυθέναι,
852 2728 1097 2797 λέγοντα’
1137 2748 1155 2779 ι
1193 2729 1249 2781 '0
1278 2732 1407 2793 παῖς
1436 2747 1538 2800 μου
1574 2730 1830 2802 βέϐληται
1860 2729 1913 2783 ἐν

2017 2730 2248 2786 cessisse
2276 2730 2542 2799 dicentem
2571 2747 2587 2787 :
2623 2750 2642 2783 ι
2671 2730 2931 2790 Famulus
2960 2750 3115 2792 meus
3142 2741 3418 2796 decumbit
3450 2743 3599 2799 domi

331 2822 399 2891 τῇ
448 2820 593 2892 οἰκίᾳ
625 2821 1012 2891 παραλυτικὸς,
1056 2820 1245 2883 δεινῶς
1285 2820 1727 2893 βασανιζόμενος,
1763 2842 1781 2875 ι
1824 2823 1913 2877 καὶ

2018 2821 2372 2891 paralyticus,
2402 2836 2466 2876 ac
2520 2821 2760 2891 graviter
2812 2824 3175 2880 dlscruciatur
3205 2826 3318 2880 ιι.»
3373 2836 3430 2882 et
3475 2836 3597 2896 post

332 2912 632 2982 ἀκηκοέναι
665 2913 781 2984 μεθ’
816 2913 976 2984 ἕτερα
1007 2914 1274 2985 εἰρημένα
1317 2914 1395 2984 τῷ
1432 2915 1624 2986 Κυρίῳ
1664 2917 1791 2986 περὶ
1818 2916 1913 2968 αὐ-

2018 2913 2123 2968 alia
2155 2930 2272 2983 quae
2305 2914 2568 2969 Dominus
2612 2915 2679 2970 de
2718 2915 2838 2985 ipso
2867 2918 3034 2982 dicit,
3067 2918 3289 2975 audisse
3317 2937 3330 2972 :
3370 2936 3391 2972 ι
3420 2919 3591 2985 Vade,

331 3004 425 3059 τοῦ
455 3005 530 3075 (5)
558 3006 636 3059 τό·
687 3024 706 3057 ι
746 3006 985 3075 Ὕπαγε,
1030 3007 1125 3060 καὶ
1165 3007 1242 3070 ὡς
1277 3006 1603 3069 ἐπίστευσας
1628 3007 1912 3079 γενηθήτω

2017 3015 2070 3060 et
2095 3007 2237 3061 sicut
2283 3004 2585 3068 credidisti,
2637 3006 2731 3062 fiat
2760 3008 2854 3062 tibi
2880 3011 2951 3076 ¹¹;
2983 3028 3000 3060 ι
3033 3020 3087 3065 et
3130 3011 3198 3065 dc
3229 3009 3376 3064 Petri
3430 3026 3592 3067 socru

332 3114 439 3151 σοι’
472 3117 491 3149 ι
521 3097 613 3151 καὶ
637 3097 705 3149 τὰ
745 3098 875 3168 περὶ
902 3099 1001 3169 τῆς
1027 3097 1119 3151 τοῦ
1138 3098 1346 3171 Πέτρου
1378 3100 1456 3168 (6)
1482 3098 1748 3171 πενθερᾶς
1775 3100 1913 3170 σύμ-

331 3207 488 3258 φωνα
511 3192 621 3251 τοῖς
642 3189 821 3253 ἄλλοις
844 3189 964 3241 δυσὶ
994 3191 1088 3243 καὶ
1114 3190 1276 3254 αὑτὸς
1307 3190 1667 3261 παρέστησεν.
1719 3189 1915 3259 Ἡγοῦ-

333 3300 435 3353 μαι
476 3283 533 3335 δέ
564 3278 703 3335 εἶναι
747 3281 1048 3352 φιλότιμον,
1098 3282 1191 3335 καὶ
1236 3282 1446 3354 πρέπον
1486 3281 1568 3352 τῷ
1596 3284 1653 3335 ἐν
1695 3282 1915 3354 Χριστῷ

330 3370 626 3442 φιλομαθεῖ
666 3376 993 3441 συναγαγεῖν
1030 3372 1104 3442 (7)
1137 3373 1245 3426 ἀπὸ
1276 3373 1384 3425 τῶν
1417 3372 1700 3445 τεσσάρων
1735 3374 1915 3442 Εὐαγ-

326 3466 528 3537 γελίων
565 3466 742 3519 πάντα
773 3466 841 3520 τὰ
863 3465 991 3537 περὶ
1018 3465 1117 3536 τῆς
1154 3466 1536 3537 Καφαρναοὺμ
1562 3467 1915 3536 ἀναγεγραμ-

332 3559 495 3630 μένα,
518 3559 614 3612 καὶ
638 3560 765 3622 τοὺς
793 3560 850 3611 ἐν
874 3558 1009 3629 αὐτῇ
1042 3557 1252 3627 λόγους,
1277 3558 1371 3610 καὶ
1396 3557 1532 3629 ἔργα
1557 3557 1651 3610 τοῦ
1684 3557 1910 3629 Κυρίου,

327 3650 426 3705 καὶ
458 3650 647 3712 ὁσάκις
676 3652 755 3712 είς
796 3649 964 3720 αὐτὴν
999 3645 1388 3721 ἐπιδεδήμηκε,
1426 3650 1523 3703 καὶ
1558 3648 1634 3713 ὥς
1675 3666 1806 3702 ποτε
1835 3649 1911 3722 (8)

331 3744 435 3816 μὲν
474 3742 691 3809 λέγεται
723 3743 1157 3813 καταὸεὸηκέναι
1181 3745 1261 3806 είς
1294 3744 1483 3814 αὐτὴν,
1513 3743 1644 3795 ποτέ
1680 3742 1736 3795 δὲ
1769 3744 1912 3796 εἰσε-

326 3836 638 3908 ληλυθέναι,
681 3836 777 3889 καὶ
832 3834 1023 3888 πόθεν·
1052 3834 1223 3888 ταῦτα
1276 3835 1385 3905 γὰρ
1430 3835 1676 3906 ἀλλήλοις
1726 3852 1912 3888 συντε-

328 3928 495 3984 θέντα
534 3927 635 3981 οὑκ
685 3929 837 3982 ἐάσει
875 3928 1018 3998 ἡμᾶς
1061 3926 1338 3981 διαπεσεῖν
1380 3928 1458 3990 είς
1503 3928 1603 3997 τὴν
1635 3927 1765 3998 περὶ
1813 3927 1911 3998 τῆς

331 4025 716 4096 Καφαρναοὺμ
757 4018 1006 4093 ἐκδοχὴν.
1055 4018 1204 4090 Πλὴν
1252 4020 1302 4071 εί
1337 4018 1432 4071 καὶ
1470 4017 1751 4082 νοσοῦντες
1794 4019 1912 4072 ἐκεῖ

332 4116 746 4188 θεραπεύονται,
782 4115 877 4168 καὶ
908 4114 1065 4167 ἄλλαι
1092 4110 1352 4183 δυνάμεις
1399 4111 1516 4162 ἐκεῖ
1552 4109 1812 4179 γίνονται,
1849 4109 1910 4162 τό

328 4226 388 4261 τε
422 4208 737 4281 κηρύσσειν,
772 4226 790 4258 ι
826 4205 1141 4275 Ἥγγικενή
1174 4200 1417 4276 βασιλεία
1445 4200 1552 4254 τῶν
1584 4201 1848 4273 οὐρανῶν,
1883 4220 1901 4252 ι

2019 3112 2256 3153 consona
2285 3096 2403 3152 aliis
2428 3098 2636 3154 duobus
2665 3101 2830 3156 etiam
2860 3102 2975 3170 ipse
3010 3102 3211 3157 docuit.
3237 3101 3473 3158 Proinde
3496 3104 3595 3160 ho-

2020 3191 2304 3248 norificum
2366 3202 2421 3248 et
2459 3193 2662 3251 Christi
2725 3198 2974 3254 studioso
3033 3202 3296 3255 decorum
3349 3201 3595 3257 arbitror

2015 3298 2156 3351 esse,
2193 3284 2449 3355 colligere
2479 3302 2545 3341 ex
2577 3298 2809 3356 quatuor
2836 3291 3144 3359 Evangeliis
3172 3307 3353 3346 omnia
3383 3308 3502 3361 quae
3523 3293 3593 3348 de

2014 3371 2335 3444 Capharnao
2362 3385 2489 3432 sunt
2517 3377 2744 3447 scripta,
2771 3395 3167 3451 sermonesque
3190 3382 3321 3437 inea
3350 3382 3589 3447 habitos,

2015 3473 2071 3519 et
2093 3480 2256 3531 opera
2282 3467 2523 3533 Domini,
2555 3477 2610 3523 et
2631 3471 2843 3539 qu0ties
2872 3474 2939 3525 ad
2964 3472 3136 3540 ipsam
3163 3474 3417 3539 accessit,
3449 3484 3504 3530 et
3529 3482 3591 3530 ut

2014 3555 2306 3627 aliquando
2331 3558 2549 3627 quidem
2582 3560 2929 3616 descendisse
2965 3564 3123 3633 172
3156 3564 3222 3618 ad
3257 3565 3426 3634 ipsam
3455 3565 3591 3620 dici-

2015 3657 2122 3714 tur,
2160 3651 2451 3719 aliquando
2481 3666 2614 3706 vero
2646 3653 2921 3723 ingressus
2951 3654 3153 3722 fuisse;
3179 3664 3234 3709 et
3264 3656 3424 3710 unde.
3459 3654 3588 3713 Hzrc

2015 3741 2160 3795 enim
2196 3742 2340 3797 inter
2386 3757 2443 3797 se
2480 3743 2678 3798 collata
2727 3760 2831 3799 non
2878 3746 3061 3801 sinent
3101 3762 3200 3801 nos
3236 3748 3490 3803 aberrare
3535 3750 3587 3803 in

2014 3832 2099 3887 bis
2133 3848 2253 3902 quae
2286 3835 2353 3889 ad
2390 3834 2808 3904 intelligentiam
2843 3838 3083 3893 civitatis
3123 3838 3425 3908 Capbarnai
3464 3854 3591 3910 per-

2015 3923 2210 3977 tinent.
2251 3923 2520 3979 Cazterum
2552 3927 2763 3980 etiamsi
2803 3938 3137 3999 aegrotantes
3165 3929 3272 3984 illic
3299 3940 3587 3994 curentur,

2013 4023 2070 4069 et
2096 4015 2216 4069 alia:
2262 4017 2493 4072 virtutes
2525 4017 2635 4071 illic
2666 4017 2820 4082 fiant,
2852 4018 2978 4073 inde
3018 4026 3199 4073 tamen
3253 4018 3448 4088 incipit
3477 4018 3589 4072 Do-

2014 4105 2190 4161 minus
2204 4109 2524 4177 prmdicare,
2543 4109 2686 4177 quod
2710 4126 2729 4160 ι
2753 4109 2918 4163 instat
2935 4124 3158 4177 regnum
3183 4109 3444 4163 ccelorum
3469 4109 3532 4164 ¹³;
3559 4127 3581 4162 ο

2013 4198 2066 4253 id
2097 4200 2238 4268 quod
2263 4199 2480 4255 videtur
2501 4201 2716 4271 signum
2750 4215 2892 4265 esse,
2915 4211 2972 4255 ut
2995 4202 3265 4271 principio
3293 4203 3586 4258 subosten-

331 4297 542 4351 ἐκεῖθεν
566 4297 813 4369 ἄρχεται,
852 4296 1027 4349 ἔοικεν
1060 4290 1199 4348 εἶναι
1230 4291 1517 4365 σύμϐολον,
1542 4292 1618 4356 ὡς
1646 4291 1788 4345 κατά
1813 4292 1909 4357 τὰς

2017 4290 2214 4355 (limus,
2238 4290 2337 4346 loci
2366 4292 2643 4360 cujusdam
2671 4293 2998 4356 humilioris,
3019 4296 3108 4363 qui
3134 4292 3366 4350 fortasse
3393 4309 3590 4349 conso-

328 4392 507 4463 ἀρχὰς
551 4391 907 4462 ὑπεδείξαμεν
955 4391 1050 4460 (9),
1078 4388 1463 4460 ὑποδεεστέρου
1497 4386 1643 4449 τινὸς
1684 4387 1906 4459 χωρίου,

330 4484 729 4556 παρακλήσεως
770 4484 911 4553 τάχα
952 4482 1038 4535 διὰ
1071 4481 1162 4534 τὸν
1208 4479 1418 4551 Ἰησοῦν
1443 4477 1752 4549 γινομένου,
1806 4496 1910 4531 πα-

333 4575 711 4649 ρακαλέσαντα
755 4576 841 4643 ἐφ’
889 4570 971 4636 οἷς
1012 4571 1236 4637 ἐδίδαξε,
1291 4573 1386 4625 καὶ
1440 4569 1738 4641 πεποίηκεν
1796 4571 1913 4623 ἐκεῖ

327 4662 427 4715 τοῦ
457 4662 622 4716 τόπου
666 4663 882 4731 χωρίου
929 4660 1366 4729 παρακλήσεως
1387 4678 1399 4689 ·
1448 4660 1604 4735 ἴσμεν
1661 4658 1769 4731 γὰρ
1814 4660 1911 4713 καὶ

328 4754 513 4807 τόπων
542 4753 781 4823 ὀνόματα
821 4753 1083 4821 ἐπώνυμα
1120 4751 1453 4821 τυγχάνοντα
1485 4750 1599 4811 τοῖς
1635 4747 1778 4801 κατὰ
1819 4747 1910 4800 τὸν

343 4842 552 4915 Ἰησοῦν
582 4843 933 4916 πράγμασιν
979 4843 1168 4913 ὥσπερ
1192 4841 1263 4894 τὰ
1308 4842 1573 4912 Γέργεσα,
1612 4839 1741 4894 ἔνθα
1773 4856 1912 4910 παρ-

407 5031 452 5064 ’⁸
485 5029 615 5085 Luc.
651 5045 725 5096 tv,
761 5029 866 5094 40,
896 5029 988 5083 41.
1069 5027 1110 5059 ¹¹
1141 5028 1333 5082 Matth.
1366 5041 1486 5088 vm.
1518 5025 1573 5080 6.
1649 5025 1692 5057 ¹²
1727 5023 1858 5080 ibid.
1889 5027 1977 5082 15.

400 5144 518 5268 899)
545 5145 655 5198 Καὶ
685 5143 836 5225 μετὰ
872 5141 1159 5223 ταῦταΛη
1200 5139 1371 5211 Regio
1397 5139 1584 5195 codice
1605 5139 1758 5194 deest
1788 5139 1903 5206 καί,

471 5218 699 5268 habetur
734 5231 787 5268 tn
818 5212 1137 5267 Bodleiano.
1180 5233 1186 5239 ’

332 5212 431 5269 sed
471 5212 699 5269 habetur
734 5216 787 5268 in
818 5212 1137 5267 Bodleiano.
1180 5233 1186 5239 α

405 5285 481 5352 (Ι)
516 5285 697 5339 Codex
721 5283 1068 5352 Bodleianus,
1097 5280 1343 5352 ἀσθενεῖς
1375 5282 1432 5333 ἐν
1466 5281 1656 5352 νόσοις.

405 5286 448 5352 (l
516 5285 697 5339 Codex
721 5285 1068 5345 Bodleianus,
1097 5285 1343 5343 ἀσθενεῖς
1375 5285 1432 5333 ἐν
1466 5285 1656 5344 νόσοις.

405 5285 481 5423 (Ξζ
505 5355 684 5409 Codex
716 5351 1061 5418 Bodleianus,
1092 5350 1445 5423 ἐθεράπευεν,
1483 5351 1685 5422 Regius
1707 5349 1907 5423 ἐθερά-

329 5441 553 5478 πευσεν.

409 5497 486 5563 (5)
521 5494 702 5547 Codex
726 5492 1071 5556 Bodleianus,
1098 5491 1177 5563 τῷ
1196 5491 1380 5563 τόπῳ.

407 5561 485 5629 (4)
530 5564 714 5634 Codex
761 5563 1109 5634 Bodleiauus,
1151 5561 1255 5634 τῆς
1299 5561 1752 5631 συναναγνώσεώς
1803 5579 1906 5616 που

334 5634 564 5704 δοξάσῃς
596 5633 760 5703 μηδὲν
797 5631 1165 5704 ἀνίηνυκέναι.

410 5700 669 5773 (sinapi
706 5700 923 5773 acroi).
972 5703 1062 5758 Sic
1115 5703 1285 5760 codex
1334 5700 1659 5760 Bodleianus
1719 5713 1906 5770 recte;

337 5771 537 5841 Regi—us
565 5776 695 5841 παρ’
725 5771 908 5827 αὑτοῦ.

2011 4379 2235 4437 lationis
2266 4383 2418 4439 locus
2452 4382 2684 4439 efﬁcitur
2730 4397 2828 4453 per
2855 4382 3041 4440 Jesum
3071 4386 3293 4438 dantem
3333 4385 3407 4439 illi
3440 4384 3585 4440 sola-

2016 4488 2138 4527 men
2170 4488 2238 4529 ex
2278 4475 2363 4530 his
2395 4490 2515 4544 quae
2546 4477 2656 4532 illic
2693 4476 2882 4533 docuit
2904 4489 2958 4532 et
2985 4477 3114 4532 fecit
3143 4479 3196 4530 in
3238 4476 3357 4532 loco
3383 4478 3475 4547 qui
3504 4486 3589 4532 est

2014 4563 2391 4619 consolationis
2425 4583 2549 4636 ager
2572 4582 2593 4621 :
2626 4567 2832 4622 scimus
2854 4567 2999 4621 enim
3030 4568 3195 4621 etiam
3223 4567 3467 4623 locorum
3492 4582 3588 4622 no-

2015 4656 2158 4710 mina
2194 4656 2435 4727 ejusdem
2470 4660 2706 4714 nominis
2748 4673 2870 4715 esse
2916 4675 3042 4714 cum
3089 4661 3254 4714 rebus
3278 4674 3376 4728 per
3404 4657 3586 4715 Iesum

2016 4744 2213 4811 factis;
2245 4750 2700 4817 quemadmodum
2745 4750 2984 4821 Gergesa
3029 4751 3184 4816 urbs,
3216 4751 3303 4805 ubi
3356 4766 3587 4821 rogave-

2017 4846 2145 4893 runt
2190 4854 2313 4894 eum
2350 4841 2597 4898 locorum
2629 4843 2848 4899 illorum
2878 4846 3029 4900 cives
3090 4854 3148 4898 ut
3177 4858 3208 4899 e
3244 4844 3441 4900 finibus
3473 4846 3588 4901 suis

2055 5024 2100 5057 "
2132 5025 2322 5081 Matth.
2350 5041 2429 5092 tv,
2463 5026 2551 5082 i7.

2204 5142 2313 5196 Τοῦ
2330 5142 2584 5228 ρέξρρυ,
2614 5141 2764 5228 deest
2795 5142 2849 5196 in
2892 5143 3080 5228 codice
3126 5141 3316 5228 Regio,
3352 5141 3447 5228 sed
3493 5156 3615 5228 ref.

2012 5213 2303 5283 stituiture
2328 5213 2643 5283 Bodleiano,
2672 5214 2759 5265 ubi
2788 5228 2909 5267 mox
2936 5214 3131 5283 legitur
3165 5213 3452 5283 σύμφωνα,
3478 5226 3588 5269 non

2014 5282 2340 5353 συμφώνως,
2366 5284 2443 5335 uti
2478 5282 2639 5353 habet
2669 5284 2841 5336 codex
2871 5282 3090 5351 Regius.

2086 5350 2162 5439 (ἶ)
2186 5351 2573 5422 Συναγηγεῒν.
2608 5351 2682 5406 Ita
2714 5355 2885 5407 codex
2931 5350 3291 5423 Bodleianus;
3350 5350 3584 5422 Regius,
3624 5398 3637 5407 .

2014 5438 2287 5491 συναγειν.

2034 5494 2163 5581 ‘_(8)_
2194 5493 2296 5581 ᾭς
2327 5505 2491 5547 ποτε.
2526 5491 2619 5549 Sic
2670 5492 2839 5549 codex
2889 5491 3244 5555 Bodleiauus;
3293 5489 3349 5543 in
3408 5488 3586 5563 Regio
3664 5495 3669 5500 ·

2015 5564 2170 5702 defigi;
2194 5581 2640 5704 ﬂammei».
2659 5632 2750 5690 Sic
2772 5631 2943 5690 codex
2968 5627 3325 5696 Bodleiauus;
3359 5629 3580 5702 Regius,

2020 5702 2415 5777 ὑπεδεξάμεθα.
