4194 6416
577 359 686 418 ΞΠ

2058 342 2216 400 ORIG
2227 341 2381 397 ENIS

3736 330 3841 384 3%

580 479 978 546 discederet“,
1019 477 1476 548 interpretatione
1503 485 1611 539 est,
1655 471 1917 528 habitatio
1947 469 2164 538 ejicien-

2278 465 2529 536 ικάλεσαν
2573 459 2738 516 αὐτὸν
2778 457 3079 531 μεταῦῆναι
3128 456 3194 508 ἐκ
3232 453 3344 507 τῶν
3388 451 3553 524 ὁρίων
3589 449 3771 505 αὐτῶν
3795 449 3848 504 oi

577 577 736 630 tium.
770 574 1007 628 Rursum
1051 573 1118 627 de
1143 571 1470 638 Capharnao
1496 569 1615 622 haec
1653 566 1817 622 etiam
1845 559 2166 618 observavi-

578 679 726 728 mus,
759 664 812 716 in
844 677 906 716 ea
945 677 1050 715 non
1103 660 1276 714 solum
1325 657 1627 728 praedicare
1685 652 1975 707 Dominum
2017 649 2168 702 ince-

579 754 724 828 pisse
751 772 766 808 :
805 774 824 806 ι
853 753 1024 816 Instat
1057 752 1323 806 caelorum
1361 762 1626 820 regnum;
1659 763 1678 798 ι
1717 758 1928 809 verum,
1963 749 2024 796 ut
2051 749 2180 794 tres‘

577 846 926 916 evangelista:
975 844 1288 909 ostendunt,
1327 842 1533 912 primas
1571 837 1682 892 illic
1725 837 1888 891 etiam
1934 833 2164 886 virtutes

579 939 840 996 edidisse.
867 937 1107 1003 Quorum
1135 935 1322 989 nullus
1345 935 1399 987 in
1434 933 1518 986 his
1543 927 1887 983 mirabilibus
1909 939 2030 994 qua:
2053 924 2165 992 pri-

581 1045 728 1085 mum
755 1031 895 1084 laeta
924 1027 1096 1081 fuisse
1121 1025 1340 1094 scripsit
1365 1024 1419 1078 in
1447 1020 1794 1090 Capharnao,
1813 1017 2055 1071 imitatus
2077 1022 2165 1069 est

584 1123 638 1178 in
673 1121 914 1177 notando
937 1120 1116 1190 primo
1148 1116 1418 1173 miraculo
1437 1112 1760 1183 discipulum
1784 1109 2046 1164 Joannem
2079 1105 2164 1161 di-

584 1225 800 1270 centem
823 1230 837 1266 :
862 1211 1009 1267 «Hoc
1029 1211 1242 1265 initium
1265 1209 1544 1280 signorum
1573 1201 1912 1259 ediditJesus
1937 1201 1990 1254 in
2018 1198 2168 1254 Cana

583 1307 818 1363 Galilaaa:
844 1307 942 1360 ".i
963 1303 1152 1374 Neque
1178 1302 1322 1358 enim
1344 1310 1464 1356 erat
1495 1299 1708 1354 initium
1735 1296 2012 1362 signorum
2039 1291 2171 1346 illud

587 1399 730 1469 quod
753 1399 958 1453 editum
989 1398 1092 1452 l'uit
1121 1397 1174 1451 in
1207 1394 1550 1463 Capharnao,
1581 1405 1647 1446 eo
1669 1389 1812 1458 quod
1836 1387 2169 1456 pracipuum

585 1493 802 1563 quidem
826 1491 1036 1562 signum
1059 1488 1181 1544 Filii
1201 1488 1291 1542 Dei
1316 1486 1388 1540 sit
1412 1481 1738 1539 exhilaratio
1755 1497 1768 1545 ;
1787 1490 1840 1533 at
1863 1487 2090 1548 propter
2106 1489 2171 1531 ea

588 1599 710 1654 qua:
752 1583 1067 1639 hominibus
1095 1581 1371 1641 accidunt,
1397 1578 1468 1631 sit
1497 1572 2030 1643 repraesentativum;
2061 1582 2170 1621 non

590 1687 700 1732 tam
757 1691 857 1745 per
891 1675 1227 1731 curationem
1274 1673 1456 1726 Verbo
1502 1665 1961 1738 pulchritudinem
2020 1673 2174 1716 suam

588 1776 921 1831 ostentante,
956 1765 1082 1820 dum
1106 1777 1282 1834 aegros
1327 1768 1503 1822 curat,
1537 1769 1700 1825 quam
1741 1754 1866 1807 dum
1889 1750 2073 1804 sobria
2089 1761 2178 1816 po-

2266 555 2376 608 τῶν
2429 553 2630 625 χοίρων
2680 551 2791 623 (10)
2851 549 3088 610 πολῖται,
3145 543 3507 617 ἑρμηνεύεται
3565 543 3855 612 παροικία

2267 639 2737 715 ἐπιϐεϐληκότων.
2778 643 2900 696 Ἔτι
2933 641 2991 694 δὲ
3023 640 3121 694 καὶ¹
3146 637 3307 691 τοῦτο
3335 637 3464 708 περὶ
3493 635 3594 706 τῆς
3624 635 3855 705 Καφαρ-

2266 738 2442 809 ναοὺμ
2471 738 2874 808 τετηρήκαμεν,
2922 732 3005 786 ὅτι
3036 731 3098 784 οὐ
3137 727 3297 800 μόνον
3343 729 3402 781 ἐν
3452 725 3594 796 αὐτῇ
3638 722 3854 796 κηρύσ-

2267 843 2382 880 σειν
2413 825 2496 892 τὸ,
2532 844 2550 876 ι
2592 825 2862 892 Ἤγγικεν
2894 823 2928 892 ἡ
2963 818 3210 891 βασιλεία
3245 815 3356 869 τῶν
3385 812 3661 886 οὐρανῶν,
3701 832 3720 865 ι
3756 813 3861 884 ἦρ-

2268 919 2412 983 ξατο·
2446 915 2602 980 ἀλλά,
2633 915 2776 968 κατά
2805 915 2932 976 τοὺς
2962 913 3110 982 τρεῖς
3133 906 3546 977 εὐαγγελιστάς,
3581 906 3688 969 τάς
3713 903 3865 976 πρώ-

2263 1026 2364 1072 τας
2407 1007 2662 1078 δυνάμεις
2704 1007 2820 1058 ἐκεῖ
2862 1002 3182 1073 πεποίηκεν.
3224 997 3413 1061 Οὐδεὶς
3443 997 3499 1050 δὲ
3533 995 3649 1049 τῶν
3686 993 3863 1067 τριῶν

2268 1102 2354 1171 ἐφ’
2381 1097 2464 1164 οἷς
2491 1099 2708 1171 πρῶτον
2741 1095 3016 1168 ἀνέγραψε
3054 1091 3382 1165 παραδόξοις
3419 1091 3478 1144 ὲν
3511 1092 3581 1161 τῇ
3619 1089 3865 1160 Καφαρ-

2267 1194 2443 1262 ναοὺμ
2493 1189 2880 1262 γεγενημένοις
2922 1186 3022 1258 τὴν
3059 1184 3150 1239 τοῦ
3189 1181 3434 1256 μαθητοῦ
3475 1180 3740 1235 Ἰωάννου
3771 1177 3871 1232 ἐπὶ

2268 1285 2346 1356 τῷ
2389 1283 2592 1356 πρώτῳ
2649 1283 2797 1355 ἔργῳ
2854 1279 3154 1351 σημείωσιν
3207 1271 3500 1346 πεποίηται
3566 1273 3866 1341 λέγοντος·

2276 1397 2295 1430 ι
2325 1375 2542 1444 Ταύτην
2573 1374 2746 1445 ἀρχὴν
2777 1371 2888 1425 τῶν
2918 1369 3159 1441 σημείων
3192 1367 3448 1438 ἐποίησεν
3479 1367 3509 1420 ὁ
3564 1363 3783 1434 Ἰησοῦς
3811 1365 3874 1418 ἐν

2272 1469 2429 1539 Κανᾷ
2448 1467 2548 1536 τῆς
2572 1462 2882 1528 Γαλιλαίας.
2911 1482 2930 1516 ι
2958 1463 3034 1516 Οὐ
3068 1456 3264 1533 γὰρῆν
3294 1457 3438 1530 ἀρχὴ
3463 1455 3578 1510 τῶν
3617 1454 3873 1525 σημείων

2271 1560 2334 1613 τὸ
2379 1562 2436 1613 ἐν
2465 1555 2864 1628 Καφαρναοὺμ,
2897 1553 2976 1624 τῷ
3010 1549 3424 1624 προηγούμενον
3455 1549 3558 1619 μὲν
3614 1547 3872 1618 σημείων

2275 1646 2415 1706 εἶναι
2446 1649 2540 1703 τοῦ
2571 1647 2702 1702 Υίοῦ
2735 1647 2828 1701 τοῦ
2863 1645 2998 1699 Θεοῦ
3029 1643 3127 1716 τὴν
3165 1642 3504 1714 εὐφροσύνην
3530 1656 3545 1669 °
3587 1639 3682 1692 διὰ
3713 1637 3775 1690 δὲ
3801 1635 3874 1691 τὰ

2276 1745 2385 1806 τοῖς
2404 1739 2712 1813 ἀνθρώποις
2743 1727 3129 1810 συμϐεόηκότα
3154 1733 3566 1806 παραστατικὸν
3593 1732 3736 1802 (Η),
3767 1730 3871 1802 οὐχ

589 1859 738 1912 tione
761 1873 856 1914 eos
885 1844 1178 1919 exhilarat,
1202 1852 1398 1924 quibus
1419 1865 1515 1921 per
1541 1845 1903 1902 valetudinem
1923 1840 2174 1898 convivio

2278 1832 2445 1895 οὕτως
2476 1831 2574 1901 τὴν
2616 1829 2915 1901 θεραπείαν
2959 1824 3402 1895 ἐπιδεικνυμένου
3451 1823 3552 1877 τοῦ
3587 1820 3772 1890 Λόγου
3805 1818 3872 1873 τὸ

589 1951 858 2006 interesse
887 1949 1034 2002 licet.

2279 1923 2410 1976 ῑδιον
2457 1919 2672 1982 κάλλος,
2730 1921 2789 1972 ἐν
2827 1917 2906 1988 τῷ
2947 1915 3272 1988 θεραπεύειν
3317 1915 3443 1978 τοὺς
3493 1910 3871 1976 πεπονθότας,

587 2046 713 2101 ὅσον
744 2047 804 2100 ἐν
835 2044 914 2116 τῷ
941 2041 1258 2123 εὐφραίνειν
1302 2037 1382 2111 τῷ
1415 2034 1665 2110 νηφαλίῳ
1698 2032 1901 2102 πόματι
1926 2029 2050 2091 τοὺς
2087 2022 2176 2079 διὰ
2204 2017 2296 2074 τοῦ
2329 2017 2590 2087 ὑγιαίνειν
2613 2014 2706 2071 καὶ
2739 2013 2942 2084 εὐωχία
2967 2011 3247 2083 σχολάζειν
3279 2009 3640 2080 δυναμένους.

655 2162 742 2215 ll.
781 2180 800 2212 ι
839 2161 908 2216 Ει
945 2161 1251 2230 proximum
1282 2165 1398 2212 erat
1438 2155 1642 2210 Pascha
1675 2150 1984 2208 Judaaorum
2023 2153 2091 2206 η.
2138 2166 2166 2205 ι

581 2251 983 2324 Sapientissimi
1014 2251 1241 2306 Joannis
1271 2247 1602 2319 diligentiam
1642 2259 1854 2299 mecum
1885 2251 2170 2314 reputans,

593 2343 904 2416 quaerebam
931 2341 1062 2408 quid
1092 2338 1194 2394 sibi
1227 2337 1358 2392 velit
1383 2333 1813 2389 additamentum
1835 2327 2170 2416 ,ιιιιιιινονιιηιΣ

591 2409 724 2504 dua:
754 2434 901 2488 enim
935 2431 1039 2485 alia
1068 2444 1200 2500 gens
1226 2427 1394 2482 habet
1421 2421 1708 2480 Paschalis
1731 2417 2129 2474 solemnitatem
2152 2409 2178 2465 1

593 2527 867 2596 Quocirca
913 2538 1034 2579 eum
1088 2519 1391 2576 sull'eeisset
1431 2515 1651 2570 dicere:
1684 2511 1752 2565 Et
1777 2509 1830 2563 in
1871 2507 2178 2596 pr0pinquo

595 2595 714 2678 erat
739 2616 947 2672 Pascha
977 2635 990 2670 :
1021 2611 1146 2667 vide
1175 2624 1242 2664 ne
1271 2607 1412 2662 forte
1443 2604 1649 2660 Pascha
1677 2600 1984 2655 Judzcorum
2018 2595 2166 2649 diea-

595 2721 684 2766 tur
709 2707 776 2764 ad
825 2703 1197 2762 dill‘erentiam
1244 2695 1533 2752 Pascbatis
1581 2690 1755 2748 divini
1789 2708 1803 2744 :
1837 2685 2177 2758 quandoqui-

2345 2132 2432 2187 H.
2476 2151 2494 2182 ι
2535 2127 2646 2184 Kal.
2681 2131 2846 2198 ἐγγὺς
2878 2124 2946 2202 ἦν
2989 2129 3052 2182 τὺ
3095 2129 3285 2199 Πάσχα
3332 2125 3442 2180 τῶν
3501 2124 3812 2178 Ἰουδαίωνε
3837 2142 3860 2176 ι

2271 2224 2386 2297 Τὴν
2433 2222 2530 2278 τοῦ
2580 2222 2888 2292 σοφωτάτου
2952 2221 3200 2275 Ἰωάννου
3252 2217 3522 2286 ἐξετάζων
3571 2215 3867 2290 ἀκρίϐειαν

2272 2316 2391 2369 κατ’
2415 2314 2670 2385 ἐμαυτὸν,
2707 2313 2933 2385 ἐζήτουν
2953 2313 3006 2367 τί
3038 2313 3282 2384 βούλεται
3310 2310 3458 2382 αὐτῷ
3487 2312 3522 2381 ἡ
3549 2309 3866 2382 προσθήκη,

2270 2404 2392 2462 τῶν
2435 2405 2748 2460 Ἰουδαίων.
2778 2405 2938 2458 Ποίου
2972 2406 3081 2475 γάρ
3110 2403 3268 2458 ἄλλου
3297 2402 3481 2466 ἔθνους
3510 2403 3667 2455 ἐστὶν
3701 2401 3864 2472 ἑορτὴ

2274 2497 2337 2552 τὸ
2357 2497 2582 2568 Πάσχα;
2620 2496 2824 2568 Διόπερ
2854 2496 3127 2567 αὐταρκες
3163 2491 3231 2566 ἦν
3271 2495 3445 2547 εἰπεῖν
3478 2493 3617 2564 (12)·
3653 2493 3766 2546 Καὶ
3793 2486 3862 2561 ἦν

2278 2589 2444 2658 ἐγγὺς
2464 2587 2526 2640 τὸ
2555 2587 2762 2658 Πάσχα·
2796 2587 3006 2658 μήποτε
3045 2587 3102 2640 δὲ
3127 2587 3250 2640 ἐπεὶ
3285 2587 3348 2640 τὸ
3379 2585 3476 2658 μέν
3500 2587 3560 2640 τί
3594 2585 3716 2638 ὲστι
3743 2583 3861 2636 Πά-

2280 2696 2384 2750 σχα
2412 2679 2748 2751 ἀνθρώπινον
2793 2678 2900 2732 τῶν
2937 2679 3010 2751 μὴ
3039 2678 3181 2733 κατά
3211 2677 3466 2750 βούλησιν
3497 2678 3604 2748 τῆς
3637 2675 3862 2748 Γραφῆς

599 2804 721 2856 dem
753 2799 991 2855 alterum
1025 2802 1111 2850 est
1142 2789 1352 2846 Pascha
1401 2785 1722 2848 humanum,
1769 2793 1962 2847 nempe
1989 2789 2175 2830 eorum

2279 2771 2670 2826 ἐπιτελούντων
2694 2771 2857 2825 αὐτόο
2893 2770 2955 2826 τὸ
2987 2772 3043 2826 δέ
3070 2789 3120 2825 τι
3150 2771 3314 2834 θεῖον,
3353 2771 3415 2824 τὸ
3439 2769 3667 2841 ἀληθὲς,
3702 2766 3866 2820 πνεύ-

597 2893 692 2964 qui
751 2905 858 2946 non
921 2885 1204 2942 celebrant
1248 2881 1378 2936 illud
1409 2893 1476 2932 ex
1525 2875 1805 2928 voluntate
1847 2869 2175 2937 Scriptura;

2284 2881 2410 2934 ματι
2457 2865 2550 2918 καὶ
2583 2863 2808 2936 ἀληθείᾳ
2851 2865 3242 2936 ἐνεργούμενον
3278 2863 3384 2916 ὑπὸ
3431 2862 3542 2916 τῶν
3591 2862 3865 2930 πνεύματι

599 2952 832 3038 alterum
863 2991 996 3033 vero
1029 2973 1298 3036 divinum,
1327 2983 1516 3024 verum
1554 2963 1790 3026 scilicet,
1813 2959 1958 3029 quod
1979 2957 2175 3028 spiritu

2281 2957 2373 3009 καὶ
2397 2955 2623 3028 ἀληθείᾳ
2667 2956 3113 3028 προσκυνούντων
3140 2957 3230 3010 τὸν
3258 2957 3412 3020 Θεὸν,
3432 2952 3864 3009 ἀντιδιέσταλτιι

601 3087 659 3135 et
703 3073 942 3128 veritate
981 3065 1262 3138 perﬁcitur
1310 3063 1380 3117 ab
1412 3061 1499 3116 his
1543 3057 1636 3129 qni
1678 3055 1845 3110 Deum
1879 3051 2071 3120 spiritu
2122 3059 2177 3104 et

2283 3047 2418 3118 πρὸς
2445 3049 2536 3102 τὸν
2566 3047 2736 3138 θεῖον,
2765 3048 2826 3102 τὸ
2855 3048 3148 3119 λεγόμενον
3179 3046 3300 3102 τῶν
3326 3046 3646 3105 Ἰουδαίων.
3677 3041 3864 3098 Ἀκού-

603 3133 838 3223 veritate
870 3133 1122 3218 adorant.
1165 3155 1470 3210 Audiamus
1518 3151 1684 3220 igitur
1728 3145 1938 3199 Domini
1967 3143 2034 3198 de
2076 3141 2177 3196 Pa-

2285 3153 2465 3208 σωμεν
2492 3136 2622 3206 γοῦν
2654 3137 2746 3190 τοῦ
2782 3139 2988 3208 Κυρίου
3019 3138 3436 3208 νομοθετοῦντος
3464 3136 3526 3189 τὺ
3559 3136 3779 3206 Πάσχα,
3811 3133 3863 3190 τί

605 3257 797 3314 senate
835 3254 1010 3323 legem
1060 3244 1362 3302 sancientis
1395 3238 1584 3300 verba,
1615 3234 1833 3306 quando
1867 3233 2028 3288 etiam
2067 3231 2178 3303 pri-

607 3359 756 3402 mum
791 3341 1130 3398 nominatum
1165 3333 1344 3389 fuitin
1371 3329 1654 3396 Scriptura
1688 3325 1730 3355 ”
1761 3341 1774 3377 :
1818 3341 1837 3374 ι
1875 3323 1940 3378 Ει
1971 3323 2180 3376 locutus

604 3449 684 3492 est
713 3433 975 3490 Dominus
1001 3429 1068 3483 ad
1108 3426 1330 3497 Moysen
1364 3431 1420 3476 et
1443 3423 1623 3472 Aaron
1650 3417 1703 3470 in
1747 3423 1891 3470 terra
1936 3415 2178 3486 Egypti,

608 3530 802 3591 dicens
831 3542 846 3580 :
882 3519 1040 3594 [(15)
1082 3515 1284 3573 Mensis
1318 3515 1418 3566 iste
1449 3510 1604 3564 vobis
1651 3507 1864 3562 initium
1916 3507 2178 3592 mensium

611 3622 716 3674 erit
745 3636 760 3674 :
801 3616 1016 3686 primus
1059 3611 1165 3664 erit
1187 3605 1346 3660 vobis
1373 3602 1427 3658 in
1454 3599 1729 3654 mensibus
1756 3597 1904 3652 anni.
1935 3595 2182 3666 Loquere

607 3712 675 3766 ad
731 3709 1048 3763 universum
1102 3707 1308 3752 coetum
1363 3693 1600 3748 filiorum
1648 3689 1849 3754 Israel,
1905 3689 2179 3763 dicens:]

612 3798 772 3872 173
784 3795 1004 3853 Decima
1023 3789 1228 3846 mensis
1245 3785 1405 3852 hujus
1423 3784 1575 3840 tollat
1592 3781 1958 3850 unusquisque
1981 3796 2180 3852 agnum
2215 3839 2232 3854 γ

608 3909 707 3962 per
739 3887 994 3948 familias,
1027 3891 1082 3934 et
1113 3880 1306 3934 domos
1321 3888 1578 3946 suas;iet
1598 3883 1720 3945 post
1755 3888 1948 3943 pauca,
1982 3875 2033 3927 iu
2059 3875 2182 3944 qui-

609 3986 716 4039 bus
743 3978 983 4036 nondum
1018 3972 1230 4028 Pascha
1262 3969 1578 4024 nominatim
1608 3967 1808 4022 dictum
1841 3966 2184 4029 luerat,sub-

608 4076 794 4148 jungit
819 4071 905 4124 ¹⁸ε
944 4089 964 4122 ι
993 4067 1086 4124 Sic
1129 4073 1307 4118 autem
1347 4061 1492 4115 illum
1525 4061 1868 4115 comedetis:
1896 4057 2074 4113 Renes
2097 4071 2185 4112 ve-

609 4170 706 4226 stri
729 4159 1101 4222 circumcincti
1133 4165 1318 4218 erunt,
1337 4159 1392 4207 et
1409 4151 1776 4206 calceamenta
1802 4159 1982 4206 vestra
2005 4150 2058 4203 in
2086 4163 2181 4217 pe-

611 4261 772 4318 dibus
799 4253 1020 4320 vestris,
1051 4259 1108 4307 et
1136 4247 1308 4302 baculi
1332 4246 1384 4300 in
1414 4245 1663 4300 manibus
1687 4242 1902 4311 vestris,
1924 4250 1980 4298 et
2002 4253 2186 4296 come-

614 4351 758 4409 detis
781 4349 955 4418 ipsum
971 4357 1096 4398 cum
1120 4337 1472 4393 l'eStinatione
1497 4353 1512 4390 :
1539 4334 1748 4390 Pascha
1776 4343 1860 4390 est
1889 4329 2134 4388 Domini:
2158 4346 2179 4379 ο

615 4461 715 4501 nec
744 4441 892 4497 enim
920 4437 1087 4492 dicit:
1117 4432 1323 4488 Pascha
1348 4439 1430 4485 est
1449 4439 1708 4486 vestrum.
1736 4429 1796 4483 Et
1823 4427 1984 4497 paulo
2005 4431 2123 4494 post
2141 4423 2185 4456 ¹⁹

2283 3245 2435 3298 φησι,
2481 3231 2570 3282 ὅτε
2612 3230 2707 3282 καὶ
2763 3228 2978 3301 πρῶτον
3032 3229 3347 3300 ὠνόμασται
3402 3232 3460 3282 ἐν
3513 3231 3584 3299 τῇ
3638 3228 3860 3299 Γραφῇο

2286 3342 2306 3375 ι
2337 3324 2446 3377 Καὶ
2477 3319 2598 3378 εἶπε
2633 3325 2836 3396 Κύριος
2871 3325 3010 3397 πρὸς
3053 3325 3293 3396 Μωῡσῆν
3316 3325 3410 3378 καὶ
3451 3321 3662 3394 Ἀαρὼν
3698 3325 3756 3376 ἐν
3790 3323 3861 3392 γῇ

2279 3415 2555 3485 Αἰγύπτου
2588 3416 2783 3486 λέγων·
2837 3417 2895 3470 '0
2941 3417 3047 3488 μὴν
3087 3410 3241 3481 οὗτος
3287 3417 3418 3487 ὑμῖν
3455 3415 3604 3486 ἀρχὴ
3655 3411 3864 3486 μηνῶν,

2281 3507 2499 3579 πρῶτός
2537 3509 2684 3562 ἐστιν
2717 3507 2845 3578 ὑμῖν
2877 3510 2934 3560 ὲν
2963 3510 3076 3572 τοῖς
3101 3507 3235 3580 μησὶ
3259 3507 3354 3561 τοῦ
3381 3506 3656 3561 ἐνιαυτοῦ.
3691 3505 3868 3575 Λάλη-

2282 3615 2372 3651 σον
2405 3597 2540 3669 πρὸς
2590 3600 2767 3652 πᾶσαν
2813 3599 3131 3669 συναγωγὴν
3173 3597 3308 3652 υἱῶν
3354 3596 3574 3669 Ἰσραὴλ
3598 3637 3616 3663 ,
3667 3597 3862 3666 λέγων’

2283 3691 2360 3762 Τῇ
2407 3690 2608 3762 δεκάτῃ
2662 3691 2757 3744 τοῦ
2812 3689 2979 3762 μηνὸς
3028 3689 3219 3744 τούτου
3268 3689 3588 3743 λαϐέτωσαν
3635 3689 3868 3753 ἕκαστος

2281 3783 2550 3854 πρόϐατον
2580 3784 2700 3836 κατ’
2741 3783 2924 3847 οἴκους
2953 3784 3216 3854 πατριῶνο
3258 3803 3277 3836 ι
3314 3784 3409 3836 καὶ
3440 3783 3558 3854 μετ’
3594 3783 3778 3851 ὀλίγα,
3809 3783 3870 3836 ἐν

2281 3869 2362 3938 οἷς
2404 3873 2614 3926 οὐδέπω
2656 3872 2716 3926 τὸ
2763 3874 2956 3945 Πάσχα
2999 3874 3260 3944 ὀνομαστὶ
3306 3875 3524 3945 εἴρητο,
3567 3875 3863 3946 ἐπιφέρει·

2287 3982 2306 4016 ι
2349 3964 2504 4018 Οὕτω
2534 3964 2590 4018 δὲ
2625 3964 2865 4034 φάγεσθε
2914 3966 3073 4020 αύτό·
3103 3969 3158 4020 ai
3181 3967 3382 4036 ὀσφύες
3408 3965 3562 4037 ὑμῶν
3598 3963 3873 4038 περιεζω-

2284 4057 2498 4126 σμέναι,
2527 4057 2622 4109 καὶ
2648 4056 2715 4110 τά
2743 4058 3064 4130 ὑποδήματα
3090 4060 3245 4130 ὑμῶν
3271 4061 3330 4113 ἐν
3356 4060 3468 4122 τοῖς
3495 4057 3660 4112 ποσὶν
3687 4057 3866 4129 ὑμῶν,

2283 4149 2377 4200 καὶ
2411 4149 2469 4200 αἱ
2503 4146 2794 4218 βακτηρίαι
2842 4150 2900 4201 ἐν
2931 4153 3051 4215 ταῖς
3083 4151 3274 4224 χερσὶν
3317 4150 3494 4220 ὑμῶν,
3540 4149 3640 4204 καὶ
3683 4149 3870 4204 ἔδεσθε

2281 4235 2414 4290 αὐτὸ
2449 4235 2586 4305 μετά
2621 4235 2874 4306 σπουδῆς·
2917 4237 3114 4309 Πάσχα
3147 4239 3264 4292 ἐστὶ
3309 4237 3405 4290 τοῦ
3453 4235 3690 4308 Κυρίου.
3744 4255 3762 4288 ι
3793 4236 3871 4290 Οὐ

2285 4327 2396 4397 γάρ
2426 4341 2560 4396 φησι
2581 4342 2593 4354 ο
2636 4325 2826 4396 Πάσχα
2857 4328 3004 4381 ἐστὶν
3037 4328 3210 4399 ὑμῶν.
3247 4327 3358 4382 Καὶ
3398 4329 3514 4398 μετ’
3556 4326 3715 4396 ὀλίγα
3747 4325 3874 4379 δεύ-

2285 4433 2442 4488 τερον
2475 4414 2648 4480 οὕτως
2677 4416 2929 4488 ὀνομάζει
2958 4418 3056 4490 τὴν
3091 4420 3316 4491 ἐορτὴν·
3351 4437 3370 4469 ι
3425 4419 3536 4471 Kal.
3557 4419 3738 4480 ἔσται,
3775 4417 3873 4470 ἐὰν

611 4537 695 4592 sic
723 4536 918 4589 iterum
950 4527 1198 4582 nominat
1238 4523 1630 4578 solemnitatem
1661 4537 1674 4574 :
1713 4539 1734 4572 ι
1769 4519 1830 4574 Et
1864 4519 1987 4580 erit,
2018 4516 2064 4569 si
2095 4513 2176 4568 di-

2284 4508 2480 4578 λέγωσι
2509 4508 2647 4579 πρὸς
2668 4509 2809 4579 ὑμᾶς
2829 4511 2880 4562 οί
2911 4511 3020 4562 υἱοὶ
3041 4499 3213 4579 ὑμῶν·
3247 4511 3344 4574 Τίς
3368 4513 3402 4582 ὴ
3427 4499 3657 4581 λατρεία
3681 4509 3826 4582 αὕτη
3849 4526 3866 4575 ;

615 4627 794 4684 xerint
816 4622 970 4676 vobis
993 4619 1086 4674 lilii
1113 4615 1281 4672 vestri
1312 4634 1325 4670 :
1353 4614 1482 4682 Qua:
1501 4623 1586 4669 est
1609 4614 1709 4668 ista
1733 4608 1964 4682 religio?
1993 4604 2186 4662 dicetis

613 4719 680 4774 ad
711 4730 808 4771 eos
843 4731 857 4768 :
893 4709 1126 4767 Victima
1157 4717 1240 4762 est
1264 4703 1470 4762 Pascha
1511 4705 1745 4767 Domini,
1776 4699 2029 4772 quoniam
2053 4708 2182 4766 pro-

611 4807 748 4864 texit
783 4803 972 4859 domos
999 4798 1228 4854 ﬁliorum
1259 4795 1445 4854 Israel.
1476 4813 1494 4848 ι
1524 4793 1874 4861 Rursumque
1899 4794 2024 4856 post
2050 4799 2182 4854 pau-

609 4910 672 4950 ca
705 4893 796 4944 '°:
834 4906 853 4940 ι
891 4887 1130 4942 Locutus
1173 4893 1258 4940 est
1306 4893 1488 4940 autem
1535 4882 1797 4938 Dominus
1844 4880 1911 4932 ad
1961 4873 2180 4945 Moysen

611 4998 666 5044 et
698 4986 878 5041 Aaron
925 4979 1149 5034 dicens:
1195 4975 1318 5033 Haec
1369 4985 1452 5033 est
1502 4975 1589 5030 lex
1634 4969 1954 5028 Paschalis:
1989 4963 2182 5021 Omnis

610 5076 914 5148 alienigena
956 5087 1020 5125 ex
1060 5085 1124 5126 eo
1167 5086 1272 5126 non
1324 5070 1573 5127 comedet
1593 5067 1660 5118 ".
1684 5083 1703 5117 ι
1739 5062 1806 5116 Et
1838 5072 2026 5114 rursus
2062 5064 2185 5125 post

611 5146 832 5243 pauca:
870 5180 890 5216 ι
921 5161 979 5217 Si
1016 5162 1140 5232 quis
1175 5173 1358 5217 autem
1387 5159 1689 5216 accesserit
1728 5155 1794 5209 ad
1823 5167 1918 5207 vos
1943 5146 2186 5219 prosely-

721 5331 766 5364 ⁸⁸
804 5327 990 5384 Matth.
1029 5345 1146 5394 vni,
1185 5327 1259 5390 ις
1291 5325 1455 5380 Marc.
1490 5339 1546 5390 v,
1581 5321 1675 5377 i7:
1711 5319 1837 5372 Luc.
1873 5328 1992 5376 νιιι,
2030 5312 2117 5366 l7.
2197 5311 2238 5342 ¹⁸
2267 5311 2424 5372 Joan.
2455 5325 2514 5375 ιι,
2549 5311 2632 5364 Η.

723 5403 794 5439 tm
848 5401 904 5439 ιι
1043 5401 1085 5432 η
1115 5399 1222 5439 inm
1271 5395 1360 5439 96-
1385 5395 1452 5439 Q7
1584 5391 1630 5422 ³ο
1664 5391 1795 5439 ibid.
1819 5386 1909 5439 45.
2013 5385 2055 5414 ’ί
2085 5383 2218 5439 ibid.
2247 5383 2318 5438 ﬂ

2145 5401 2218 5438 tu.

565 5397 935 5462 ‘uibiuut.
1043 5386 1452 5460 ηὼιαζεθλι
1531 5386 1909 5444 ἰοιυιιιμιε.

685 5577 800 5650 (ιο)
835 5575 1080 5644 Χοίρων.
1114 5564 1474 5650 Scribendum
1503 5556 1985 5650 videtur."

682 5624 799 5724 il-
1351 5636 1443 5724 Sic
1485 5634 1676 5724 codexl
1697 5624 2204 5724 Ιξὸιιὶξίξιῐιιιῖἓξ-

614 5696 1213 5796 εὶιῖᾆξίπεριῖςτατικόν.
1264 5707 1507 5796 l'lttetius’
1539 5703 1750 5776 legebat
1800 5696 2203 5773 περιστατικά,

615 5775 731 5864 Si;
751 5775 927 5851 οὓτως
965 5783 1110 5839 κατά
1143 5779 1240 5850 τὴν
1278 5775 1596 5846 θεραπείαν.

2285 4601 2380 4654 καὶ
2411 4601 2586 4671 ἐρεῖτε
2615 4600 2828 4664 αὐτοῖς’
2873 4601 3043 4654 Θυσία
3084 4602 3144 4654 τὸ
3178 4603 3370 4672 Πάσχα
3399 4601 3494 4654 τοῦ
3523 4601 3759 4672 Κυρίου,
3791 4601 3873 4664 ὡς

2283 4692 2554 4745 ἐσκέπασε
2588 4693 2712 4756 τοὺς
2737 4692 2916 4756 οἴκους
2937 4693 3047 4746 τῶν
3071 4691 3200 4745 υἱῶν
3237 4692 3472 4764 Ἰσραήλ.
3509 4711 3530 4745 ›
3561 4691 3676 4744 Καὶ
3704 4690 3874 4744 πάλιν

2281 4782 2338 4836 δὲ
2370 4784 2486 4854 μετ’
2512 4783 2668 4853 ὀλίγα
2693 4800 2706 4814 ·
2757 4804 2775 4835 ι
2820 4780 2956 4838 Eine
2990 4785 3048 4839 δὲ
3087 4786 3291 4857 Κύριος
3331 4785 3468 4854 πρὸς
3498 4784 3748 4853 Μωῦσῆν
3779 4783 3878 4838 καὶ

2293 4875 2502 4948 Ἀαρὼν
2534 4877 2737 4947 λέγων·
2767 4873 2934 4942 Οὗτος
2961 4880 2990 4932 ὀ
3027 4878 3189 4948 νόμος
3217 4876 3310 4931 τοῦ
3353 4878 3544 4947 Πάσχα
3567 4891 3581 4906 ο
3619 4877 3742 4940 Πᾶς
3774 4877 3874 4930 ἀλ-

2286 4967 2508 5041 λογενὴς
2551 4971 2651 5024 οὐκ
2697 4969 2872 5024 ἔδεται
2907 4971 2999 5024 ἀπ’
3052 4969 3235 5024 αὐτοῦ.
3297 4989 3314 5022 ι
3361 4969 3472 5024 Καὶ
3525 4969 3690 5024 πάλιν
3751 4967 3880 5040 μετ’

2289 5059 2472 5128 ὀλίγα·
2513 5079 2531 5112 ι
2579 5062 2704 5116 Ἑάν
2745 5061 2803 5116 δέ
2835 5079 2919 5125 τις
2947 5061 3218 5134 προσέλθῃ
3261 5061 3396 5132 πρὸς
3422 5061 3568 5132 ὑμᾶς
3589 5060 3876 5130 προσήλυ-

2290 5167 2401 5219 τος,
2437 5155 2532 5207 καὶ
2560 5157 2684 5226 ποιῇ
2723 5154 2785 5208 τὸ
2815 5154 3006 5224 Πάσχα
3033 5153 3262 5225 Κυρίου,
3293 5153 3664 5224 περιτεμεῖται
3697 5147 3875 5203 αὑτοῦ

2777 5309 2821 5340 ⁸⁸
2856 5307 2987 5364 ibid.
3019 5309 3107 5366 15.
3222 5308 3262 5338 ¹⁷
3295 5306 3466 5361 Exod.
3491 5320 3587 5369 an,
3615 5305 3713 5359 1-3
3742 5317 3870 5376 seq.

2374 5548 2487 5620 (12)
2518 5545 2745 5620 ξίπεῖν.
2779 5545 2962 5620 codex
2991 5545 3333 5620 Bodleianus,
3370 5549 3418 5600 εἰ
3444 5541 3616 5600 εἶπεν.

2309 5609 2492 5747 mil?)
2534 5619 2662 5676 Haec
2709 5634 2774 5675 ex
2824 5619 3274 5690 interpretatione
3321 5609 3556 5675 Perionii
3611 5609 3904 5690 siipplevi-
