4194 6436
383 368 490 423 529

1477 361 1829 418 COMMENT.
1868 361 1938 416 IN
1971 360 2167 416 JOAN.
2213 360 2455 420 TOMUS
2493 364 2563 419 Χ.

3530 369 3635 426 530

385 484 499 537 πᾶν
538 480 844 554 ἀρσενικόν.
875 500 895 534 ι
934 482 1358 554 Παρατηρητέον
1384 482 1461 546 δὲ,
1497 482 1581 536 ὅτι
1619 482 1677 535 ἑν
1713 484 1781 553 τῇ
1803 484 1963 553 νομο-

2065 489 2175 544 tus,
2203 491 2259 536 et
2284 482 2479 538 fecerit
2514 483 2720 539 Pascha
2754 481 2993 551 Domini,
3039 484 3444 541 circumcidetis
3474 501 3635 541 omne

386 575 544 647 θεσίᾳ
571 574 810 646 οὐδαμοῦ
832 575 1070 645 λέγεται,
1097 577 1289 647 Πάσχα
1330 577 1503 648 ὑμιτκν,
1538 577 1655 630 ἀλλ’
1688 575 1833 638 ἆπαξ
1862 578 1960 646 μὲν

386 669 448 720 ἑν
472 661 554 730 οἷς
581 666 927 738 προεθέμεθα
958 668 1124 738 χωρὶς
1150 668 1331 739 πάσης
1359 669 1694 740 προσθήκης,
1737 669 1856 740 τρὶς
1879 668 1957 731 δὲ,

393 775 414 807 ι
444 756 518 808 Τὸ
550 756 743 827 Πάσχα
770 756 863 811 τοῦ
898 757 1103 828 Κυρίου
1145 776 1164 809 ι
1210 758 1354 829 Πρὸς
1379 758 1435 811 δὲ
1463 759 1524 812 τὸ
1556 756 1960 829 παραδέξασθαι

386 846 534 900 τοῦθ’
562 847 735 911 οὕτως
761 847 906 919 ἔχειν
932 848 1060 920 περὶ
1087 848 1181 919 τῆς
1205 848 1468 919 διαφορᾶς
1502 848 1596 901 τοῦ
1641 849 1824 918 πάσχα
1852 849 1961 900 Κυ-

388 938 508 1008 ρίου
532 938 626 991 καὶ
649 938 833 1008 πάσχα
868 936 1134 991 Ἰουδαίων
1158 935 1354 1006 ἴδωμεν
1375 936 1551 990 καὶτὰ
1573 938 1630 988 ἑν
1650 934 1729 1006 τῷ
1766 935 1961 1006 Ἡσαΐᾳ

386 1028 576 1083 τοῦτον
608 1029 699 1082 τὸν
725 1029 926 1102 τρόπον
950 1028 1244 1101 εἰρημένα·
1277 1046 1297 1079 t
1332 1026 1443 1091 Τάς
1464 1028 1762 1099 νουμηνίας
1784 1024 1957 1097 ὑμῶν,

387 1120 575 1174 καιτά
603 1119 868 1184 σάϐϐατα,
902 1119 997 1174 καὶ
1032 1120 1247 1191 ἡμέραν
1277 1117 1521 1190 μεγάλην
1545 1118 1643 1170 οὐκ
1674 1116 1957 1187 ἀνέχομαιο

386 1211 661 1282 νηστείαν,
692 1211 787 1265 καὶ
818 1209 1018 1283 ἀργίαν
1050 1212 1146 1264 καὶ
1189 1209 1289 1274 τὰς
1319 1208 1617 1280 νουμηνίας
1655 1207 1834 1277 ὑμῶν,
1866 1206 1962 1259 καὶ

386 1301 488 1365 τὰς
523 1301 715 1374 ἑορτάς
743 1301 897 1373 ὑμῶν
927 1304 1076 1373 μισεῖ
1105 1303 1139 1373 ή
1169 1301 1314 1374 ψυχή
1343 1318 1466 1373 μου.
1507 1320 1526 1351 ι
1558 1300 1671 1354 Οὐκ
1715 1299 1824 1351 ῐδια
1852 1296 1960 1368 γὰρ

386 1391 584 1446 ἑαυτοῦ
624 1409 789 1464 φησιν
826 1395 855 1446 ό
892 1391 1097 1464 Κύριος
1126 1393 1196 1447 τά
1238 1393 1343 1447 ὑπὸ
1380 1391 1489 1446 τῶν
1538 1389 1960 1463 ἁμαρτανόντων

387 1483 799 1556 ἐπιτελούμενα,
826 1483 932 1538 ὑπὸ
957 1485 1056 1556 τῆς
1078 1484 1254 1555 ψυχῆς
1281 1483 1465 1551 αὐτοῦ,
1487 1484 1540 1537 εί
1560 1482 1643 1547 τίς
1667 1481 1799 1535 ποτέ
1821 1484 1956 1543 ἐστι,

390 1575 696 1647 μισούμενα
719 1576 852 1649 (Id),
901 1575 1026 1630 οὕτε
1061 1575 1160 1640 τὰς
1196 1577 1514 1648 νουμηνίας,
1546 1575 1670 1629 οὕτε
1714 1575 1783 1629 τά
1825 1574 1958 1627 σάϐ-

389 1664 550 1729 ϐατα,
575 1663 700 1718 οὔτε
728 1665 940 1737 ἡμέραν
966 1665 1228 1737 μεγάλην,
1260 1664 1384 1719 οὕτε
1411 1666 1684 1738 νηστείαν,
1715 1664 1839 1719 οὔτε
1861 1664 1960 1728 τὰς

390 1755 606 1827 ἑορτάς.
661 1756 749 1811 Ἐν
820 1755 1067 1827 μέντοιγε
1121 1758 1188 1827 τῇ
1250 1754 1539 1828 νομοθεσίᾳ
1587 1757 1686 1827 τῆς
1748 1755 1957 1820 Ἐξόδου

388 1823 519 1920 περὶ
557 1823 833 1902 σαϐϐάτου
873 1823 1045 1902 ταῦτα
1087 1823 1324 1916 λέγεταιί
1374 1866 1394 1899 ‹
1440 1823 1576 1902 Εἷπε
1715 1849 1957 1921 Μωῦσῆς
1986 1823 2032 1882 Β

388 1940 528 2009 πρὸς
574 1938 810 2004 αὐτούς’
860 1937 1031 1992 Τοῦτο
1068 1939 1130 1993 τὸ
1184 1938 1337 2010 ῥῆμα
1379 1937 1408 1992 ὃ
1445 1939 1673 2010 ἑλάλησε
1717 1938 1952 2011 Κύριος·

388 2034 642 2087 Σάϐϐατα
689 2034 991 2096 ἀνάπαυσις
1040 2032 1171 2101 ἁγία
1213 2031 1291 2102 τῷ
1343 2032 1566 2105 Κυρίῳο
1618 2052 1636 2084 ι
1674 2033 1785 2087 Καὶ
1837 2032 1955 2104 μετ’

385 2127 573 2196 ὀλίγα·
637 2145 658 2178 ι
724 2122 861 2180 Eine
925 2125 982 2179 δὲ
1029 2127 1059 2180 ὁ
1107 2125 1365 2196 Μωῦσῆς·
1443 2125 1671 2195 Φάγετε,
1719 2127 1958 2199 σήμερον

388 2218 497 2291 γάρ
536 2220 653 2272 ἑστι
694 2217 941 2272 σάϐϐατα
971 2217 1048 2289 τῷ
1092 2218 1302 2290 Κυρίῳ.
1350 2236 1369 2271 ι
1412 2219 1523 2272 Καὶ
1570 2221 1627 2271 ἑν
1683 2218 1959 2291 Ἀριθμοίς

388 2307 493 2380 πρὸ
540 2306 744 2361 τούτων
792 2307 878 2377 ἐφ’
923 2307 1130 2379 ἑκάστῃ
1168 2308 1328 2379 ἑορτῇ
1378 2306 1598 2372 θυσιῶν,
1644 2307 1721 2371 ὡς
1761 2309 1958 2381 ἑορτῆς

387 2397 554 2469 οὕσης
576 2399 719 2451 κατά
738 2398 829 2451 τὸν
863 2397 1023 2469 νόμον
1045 2397 1141 2451 τοῦ
1166 2397 1566 2469 ἑνδελεχισμοῦ,
1597 2400 1690 2452 καὶ
1721 2400 1960 2471 ἑκάστης

388 2493 620 2565 ἡμέρας,
672 2492 845 2546 ταῦτα
885 2491 1213 2563 γέγραπταιο
1271 2510 1290 2542 t
1340 2492 1450 2545 Καὶ
1488 2491 1716 2562 ἑλάλησε
1753 2491 1958 2565 Κύριος

388 2587 525 2663 πρὸς
568 2585 810 2657 Μωῦσῆν
829 2601 844 2616 ο
890 2584 1244 2655 ’Δπάγγειλαι
1269 2586 1381 2648 τοῖς
1416 2584 1552 2647 υἱοῖς
1594 2583 1831 2656 Ἰσραὴλ,
1866 2586 1960 2640 καὶ

387 2680 533 2752 ἑρείς
564 2678 701 2751 πρὸς
724 2679 920 2742 αὐτοὺς
944 2676 1135 2747 λέγων·
1166 2676 1246 2730 Τὰ
1270 2676 1421 2748 δῶρά
1445 2694 1568 2748 μου,
1598 2677 1809 2748 δόματά
1833 2696 1957 2749 μου,

388 2771 737 2844 καρπώματά
785 2786 887 2841 μου
938 2772 1018 2834 είς
1081 2768 1253 2841 ὀσμὴν
1309 2769 1535 2831 εὐωδίας
1600 2769 1958 2842 διατηρήσετε

389 2863 723 2937 προσφέρειν
758 2879 848 2933 μοι
880 2863 937 2914 ἑν
971 2863 1090 2925 ταῖς
1118 2862 1330 2932 ἑορταῖς
1354 2878 1476 2932 μου.
1509 2861 1619 2914 Καὶ
1653 2863 1798 2933 ἑρεῖς
1822 2863 1958 2933 πρὸς

391 2955 616 3019 αὐτούς·
659 2954 840 3008 Ταῦτα
880 2954 950 3008 τά
991 2953 1360 3025 καρπώματα,
1404 2955 1506 3007 ὅσα
1548 2955 1848 3026 προσάξετε
1878 2956 1957 3027 τῷ

392 3048 599 3119 Κυρίῳ.
630 3067 649 3099 ι
695 3047 849 3110 ’ἰδίας
876 3046 987 3117 γάρ
1008 3044 1200 3116 ἑορτὰς
1221 3044 1491 3117 ὠνόμασε,
1514 3047 1609 3098 καὶ
1639 3047 1700 3098 οὐ
1731 3046 1840 3100 τῶν
1874 3064 1960 3100 νο-

2062 571 2236 638 ipsius
2289 574 2680 628 masculinum.
2714 593 2733 627 ι
2768 574 3035 629 Caeterum
3068 574 3199 628 illud
3235 575 3632 631 observandum

2061 672 2166 728 est,
2197 667 2340 733 quod
2373 666 2425 719 in
2458 665 2595 735 legis
2623 666 2906 721 sanctione
2938 664 3123 720 nullibi
3167 666 3401 733 dicatur,
3428 666 3630 723 Pascha

2061 762 2320 818 vestrum,
2351 755 2444 809 sed
2491 756 2543 809 in
2576 757 2659 810 his
2693 770 2811 824 quae
2841 755 3152 821 citavimus,
3180 756 3352 812 semel
3396 767 3633 821 tantum,

2066 862 2086 895 ι
2119 845 2348 913 Pascha,
2372 864 2391 898 ι
2434 846 2639 915 absque
2678 846 2787 901 ullo
2829 847 3228 914 additamenta,
3258 857 3316 903 et
3344 858 3445 911 ter,
3483 867 3501 899 ι
3526 848 3631 903 Pa-

2061 937 2188 991 scha
2216 937 2449 991 Domini.
2481 957 2498 989 ι
2536 936 2602 993 Ut
2635 954 2763 992 vero
2796 938 3185 994 confirmemus
3215 940 3318 995 hoc
3339 938 3419 994 sic
3442 953 3501 994 se
3531 939 3633 993 ba-

2061 1028 2191 1083 bere
2215 1030 2281 1085 de
2309 1028 2616 1085 differentia
2666 1029 2951 1085 Paschalis
2979 1028 3195 1085 Domini
3245 1042 3302 1087 et
3346 1029 3633 1087 Paschalis

2059 1121 2393 1187 Judaeorum,
2424 1122 2706 1176 videamus
2733 1138 2855 1193 qua:
2887 1123 2942 1177 in
2983 1123 3122 1178 Isaia
3148 1123 3291 1179 hunc
3318 1123 3375 1178 in
3412 1125 3631 1179 modum

2061 1222 2189 1269 sunt
2220 1215 2422 1285 scripta
2449 1215 2494 1247 “
2520 1231 2536 1268 :
2579 1234 2598 1266 ι
2627 1213 2919 1270 Novilunia
2970 1225 3175 1283 vestra,
3201 1225 3257 1271 et
3298 1214 3554 1280 Sabbata,
3578 1228 3633 1272 et

2061 1308 2203 1361 diem
2236 1322 2487 1377 magnam
2534 1322 2639 1363 non
2669 1306 2878 1373 tolero;
2908 1307 3193 1377 jejunium,
3221 1316 3279 1363 et
3314 1308 3629 1379 segnitiam,

2064 1406 2121 1453 et
2151 1398 2428 1453 novilunia
2442 1407 2706 1463 vestra,et
2729 1398 3051 1455 festivitates
3074 1408 3286 1455 vestras
3304 1399 3421 1455 odit
3447 1399 3631 1453 anima

2062 1504 2204 1544 mea.
2238 1508 2256 1541 ι
2299 1489 2519 1544 Minime
2541 1490 2684 1543 enim
2714 1492 2784 1547 ad
2815 1491 3053 1561 seipsum
3104 1491 3323 1561 proprie
3356 1490 3630 1559 pertinere

2062 1583 2237 1650 inquit
2274 1582 2532 1638 Dominus
2578 1598 2700 1653 quae
2745 1599 2774 1636 a
2831 1582 3212 1651 peccatoribus
3246 1582 3628 1651 perficiuntur,

2063 1674 2214 1746 [(16)
2251 1676 2319 1731 ab
2363 1676 2542 1729 anima
2581 1675 2718 1742 ejus,
2751 1676 2795 1729 si
2828 1691 2951 1745 qua:
2986 1675 3205 1732 tandem
3251 1675 3339 1728 illa
3366 1684 3472 1739 est,
3504 1675 3631 1728 odio

2062 1765 2295 1840 babita,]
2334 1782 2441 1821 non
2469 1766 2764 1831 novilunia,
2801 1781 2907 1821 non
2923 1766 3180 1829 Sabbala,
3212 1780 3317 1821 non
3339 1766 3483 1821 diem
3515 1780 3632 1819 ma-

2061 1874 2244 1930 gnam,
2281 1875 2385 1914 non
2431 1857 2723 1927 jejunium,
2770 1872 2879 1913 non
2930 1856 3274 1912 festivitates.
3307 1856 3541 1911 Rursum
3577 1857 3630 1910 in

2062 1951 2402 2021 legislatione
2446 1951 2612 2005 Exodi
2666 1951 2781 2005 haec
2831 1953 2900 2005 de
2940 1947 3182 2005 Sabbato
3236 1949 3494 2004 dicuntur
3536 1948 3626 2002 "z

2065 2063 2086 2099 ι
2115 2044 2261 2100 Dixit
2288 2053 2465 2099 autem
2496 2043 2708 2114 Moyses
2735 2041 2802 2097 ad
2828 2057 2924 2097 eos
2954 2060 2968 2096 :
2992 2041 3105 2098 Hoc
3125 2049 3210 2098 est
3238 2040 3458 2098 verbum
3482 2044 3628 2110 quod

2061 2135 2272 2191 locutus
2296 2147 2380 2190 est
2400 2136 2696 2190 Dominus:
2730 2132 2970 2189 Sabhata
2998 2135 3216 2204 requies
3249 2143 3435 2189 sancta
3468 2143 3632 2190 erunt

2060 2225 2310 2281 Domino.
2333 2243 2353 2276 ι
2388 2225 2454 2280 Ει
2484 2235 2604 2294 post
2631 2239 2800 2294 pauca
2829 2223 2911 2278 ’δε
2948 2242 2966 2273 ι
2993 2223 3142 2279 Dixit
3168 2234 3349 2279 autem
3381 2223 3627 2295 Moyses:

2060 2316 2364 2382 Comedite,
2393 2317 2552 2373 hodie
2600 2318 2747 2372 enim
2779 2327 2905 2372 sunt
2940 2316 3182 2372 Sabbata
3234 2317 3479 2372 Domino.
3511 2335 3531 2369 ι
3564 2316 3633 2371 Et

2061 2410 2117 2465 in
2142 2408 2422 2478 Numeris,
2470 2421 2599 2466 ante
2633 2410 2730 2466 has
2776 2410 3028 2466 victimas
3060 2424 3183 2480 quas
3225 2407 3530 2465 offeruntur
3574 2409 3629 2463 in

2060 2501 2291 2573 singulis
2339 2500 2746 2570 festivitatibus,
2778 2502 3005 2573 perinde
3051 2501 3210 2570 quasi
3263 2500 3462 2571 singuli
3515 2499 3632 2554 dies

2061 2592 2185 2649 festi
2240 2594 2351 2649 sint
2392 2591 2547 2662 iuxta
2596 2592 2769 2665 legem
2817 2591 3202 2649 endelechismi
3250 2591 3339 2664 [id
3370 2600 3455 2648 est
3483 2591 3630 2662 iugis

2059 2685 2430 2761 oblationis],‘
2457 2687 2573 2741 haec
2616 2686 2820 2756 scripta
2863 2685 3096 2741 sunt":
3137 2704 3158 2738 ι
3190 2685 3259 2740 Et
3293 2684 3506 2741 locutus
3548 2696 3635 2741 est

2061 2777 2320 2833 Dominus
2358 2777 2429 2833 ad
2468 2776 2687 2848 Moysen
2720 2794 2734 2829 :
2764 2775 3034 2831 Renuntia
3066 2775 3192 2831 filiis
3231 2774 3421 2843 Israel,
3461 2785 3511 2829 et
3548 2775 3631 2830 lo-

2061 2887 2229 2942 quere
2255 2871 2321 2925 ad
2343 2869 2662 2934 eos,dicens
2689 2887 2702 2922 :
2737 2869 2886 2923 Dona
2908 2883 3049 2935 mea,
3074 2881 3302 2923 munera
3328 2864 3634 2928 mea,obla-

2063 2964 2236 3017 tiones
2283 2976 2434 3017 meas
2481 2962 2534 3014 in
2593 2961 2819 3014 odorem
2873 2958 3161 3014 suavitatis
3213 2958 3635 3027 perseverabitis

2060 3054 2257 3110 oﬂ‘erre
2300 3054 2429 3107 mihi
2485 3054 2541 3107 in
2596 3052 2986 3108 festiv-tatibus
3023 3052 3180 3106 meis.
3226 3051 3293 3106 Et
3326 3052 3474 3107 dices
3512 3053 3631 3106 eis:

391 3140 825 3213 μοθετουμένων,
874 3139 971 3202 τὰς
1011 3137 1334 3233 ἐκκειμένας
1376 3140 1433 3191 ἑν
1474 3141 1540 3209 τῇ
1594 3139 1807 3210 Γραφῇ,
1859 3140 1956 3193 καὶ

2065 3147 2156 3202 He
2193 3156 2323 3201 sunt
2352 3144 2680 3209 oblationes,
2706 3158 2843 3212 quas
2883 3139 3131 3198 offeretis
3165 3142 3414 3198 Domino.
3442 3162 3462 3195 ι
3505 3143 3637 3210 Quae

395 3232 543 3303 δῶρα
563 3230 751 3296 αὐτοῦ,
776 3231 871 3284 καὶ
895 3229 1101 3300 δόματα
1125 3219 1313 3283 αὑτοῦ.
1344 3230 1566 3300 Ὅμοιον
1591 3229 1648 3282 δέ
1670 3247 1724 3282 τι
1747 3231 1959 3293 τούτοις

391 3326 509 3379 ἑστὶ
552 3324 649 3379 καὶ
687 3322 816 3395 περὶ
866 3322 959 3375 τοῦ
993 3320 1122 3375 λαοῦ
1155 3324 1213 3375 ἑν
1266 3324 1334 3393 τῇ
1376 3322 1568 3392 Ἐξὸδῳ
1615 3323 1965 3393 ἀναγεγραμ-

399 3417 581 3488 μένον,
606 3417 757 3478 ὃστις
799 3413 904 3467 ὑπὸ
942 3412 1038 3466 τοῦ
1071 3412 1207 3466 Θεοῦ
1254 3412 1383 3476 ἴδιος
1419 3409 1558 3468 εἶναι
1595 3414 1846 3484 λέγεται,
1873 3415 1964 3468 ὅτε

394 3508 469 3579 μὴ
495 3508 825 3579 ἁμαρτάνει·
853 3503 1245 3577 ἀποκηρύττων
1275 3503 1332 3557 δὲ
1367 3505 1527 3558 αὑτὸν
1562 3506 1620 3556 ἑν
1658 3507 1724 3575 τῇ
1772 3522 1965 3577 μοσχο.

393 3600 546 3671 ποιίᾳ
582 3599 709 3652 λαὸν
745 3596 1024 3660 Μωῦσέως
1058 3596 1309 3667 ὠνόμασε
1329 3614 1343 3627 ·
1364 3615 1383 3649 ι
1408 3595 1556 3665 Πρὸς
1570 3597 1678 3669 γὰρ
1743 3596 1844 3667 μὲν
1874 3596 1965 3650 τὸν

390 3690 589 3763 Φαραὼ
640 3691 819 3761 ἐρεῖς,
874 3688 1035 3760 (φησί’
1078 3687 1217 3741 Τάδε
1270 3684 1421 3754 λέγει
1471 3687 1705 3760 Κύριος·
1763 3687 1964 3753 ἑξαπό-

395 3782 600 3837 στειλον
628 3782 720 3836 τὸν
745 3780 870 3834 λαόν
895 3796 1015 3851 μου,
1041 3780 1128 3833 ἴνα
1148 3778 1420 3851 λατρεύσῃ
1451 3796 1540 3850 μοι
1563 3781 1621 3834 ἑν
1645 3782 1713 3851 τῇ
1747 3781 1941 3851 ἐρήμῳ

393 3873 489 3927 ἐὰν
529 3873 587 3927 δὲ
630 3873 705 3945 μὴ
747 3872 910 3944 βούλῃ
946 3872 1324 3938 ἐξαποστεῖλαι
1365 3872 1458 3926 τὸν
1507 3872 1633 3926 λαόν
1679 3890 1805 3943 μου,
1852 3872 1959 3925 ἰδοὺ

394 3968 504 4037 ἑγὼ
547 3965 921 4034 ἐξαποστέλλω
945 3966 1037 4019 ἐπὶ
1084 3964 1164 4027 σὲ,
1209 3964 1304 4017 καὶ
1338 3964 1431 4016 ἐπὶ
1469 3963 1597 4027 τοὺς
1632 3962 1965 4035 θεράποντάς

396 4076 512 4123 σου,
553 4058 649 4111 καὶ
686 4058 780 4110 ἐπὶ
816 4057 908 4109 τὸν
935 4055 1063 4109 λαόν
1089 4071 1205 4118 σου,
1242 4055 1336 4107 καὶ
1372 4054 1466 4105 ἑπὶ
1496 4055 1622 4117 τοὺς
1654 4054 1834 4117 οἴκους
1869 4069 1962 4105 σου

394 4149 715 4220 κυνόμυιαν,
758 4147 853 4202 καὶ
888 4145 1289 4218 πλησθήσονται
1330 4146 1387 4199 ai.
1438 4144 1607 4199 οἰκίαι
1650 4144 1759 4197 τῶν
1800 4147 1965 4215 Λίγυ-

398 4244 569 4298 πτίων
593 4241 693 4313 τῆς
715 4240 1034 4311 κυνομυίας,
1065 4238 1159 4291 καὶ
1204 4239 1283 4301 εἰς
1304 4236 1404 4309 τὴν
1426 4237 1550 4307 γῆν,
1589 4237 1674 4306 ἐφ’
1708 4231 1776 4308 ἧς
1804 4238 1961 4303 εἰσιν,

2064 3238 2209 3292 enim
2239 3234 2504 3305 expositae
2529 3244 2657 3290 sunt
2686 3234 2738 3287 in
2773 3232 3066 3303 Scriptura
3094 3233 3440 3299 festivitates,
3482 3250 3633 3298 suas.

2065 3342 2171 3382 non
2206 3340 2419 3388 eorum,
2447 3324 2644 3392 quibus
2661 3323 2759 3392 ,lex
2786 3322 3039 3390 traditur,
3063 3323 3388 3394 appellavit;
3415 3338 3469 3378 et
3495 3327 3634 3381 dona

2064 3434 2161 3476 sua
2203 3432 2412 3487 suaque
2476 3430 2721 3470 munera.
2766 3413 2863 3470 His
2914 3425 3099 3469 autem
3147 3417 3404 3483 quiddam
3459 3418 3637 3473 simile

2063 3511 2325 3580 scriptum
2358 3519 2443 3564 est
2487 3508 2542 3562 in
2577 3507 2764 3563 Exodo
2794 3508 2863 3563 de
2895 3507 3115 3578 populo,
3152 3508 3313 3581 174
3338 3524 3498 3577 quem
3533 3511 3638 3566 Do-

2068 3601 2247 3657 minus
2271 3615 2373 3655 non
2404 3608 2718 3670 peccantem
2751 3614 2907 3654 suum
2930 3613 3052 3654 esse
3083 3615 3209 3655 cum
3237 3602 3487 3667 dixisset,
3515 3617 3638 3656 rur-

2066 3707 2161 3748 sus
2208 3691 2494 3755 eumdem,
2533 3691 2662 3760 quia
2709 3690 2936 3745 vitulum
2982 3690 3306 3753 conﬂasset,
3353 3693 3636 3758 abdicans,

2064 3781 2264 3853 Moysis
2290 3783 2547 3851 populum
2567 3781 2893 3837 nominavit.
2932 3799 2953 3832 ι
2975 3782 3053 3837 Ad
3088 3781 3431 3838 Pharaonem
3466 3785 3635 3844 enim.

2065 3874 2242 3942 inquit
2258 3874 2329 3940 “,
2376 3874 2526 3929 dices
2562 3871 2728 3927 :IIaec
2779 3873 2911 3929 dicit
2950 3873 3210 3929 Dominus
3243 3890 3260 3929 :
3295 3875 3516 3929 Dimitte
3540 3890 3640 3944 po-

2062 3966 2251 4036 pulum
2287 3981 2491 4031 meum,
2516 3975 2575 4019 ut
2597 3965 2873 4021 sacrificet
2898 3965 3029 4020 mihi
3062 3966 3114 4020 in
3139 3966 3359 4021 deserto
3386 3981 3401 4018 :
3433 3967 3477 4021 si
3510 3982 3641 4021 vero
3687 4012 3691 4019 ς

2062 4058 2311 4113 nolueris
2344 4056 2623 4111 dimittere
2652 4057 2910 4126 populum
2936 4071 3143 4121 meum,
3159 4070 3288 4111 ecce
3309 4070 3408 4126 ego
3428 4058 3637 4111 mittam

2068 4151 2122 4205 in
2159 4161 2230 4215 te,
2267 4159 2324 4203 et
2352 4149 2411 4204 in
2448 4163 2639 4204 servos
2669 4158 2810 4212 tuos,
2842 4157 2898 4202 et
2924 4148 2979 4201 in
3013 4148 3269 4216 populum
3308 4154 3556 4211 tuum,et
3584 4147 3636 4202 in

2068 4241 2257 4291 domos
2288 4247 2409 4291 tuas
2448 4250 2665 4290 muscas
2691 4236 2937 4303 caninas,
2975 4245 3031 4291 et
3060 4236 3427 4307 implebantur
3448 4237 3640 4292 domus

396 4336 482 4389 ἑπ⁹
511 4334 700 4404 αύτῆςο
727 4334 821 4387 καὶ
845 4329 1204 4403 παραδοξάσω
1227 4331 1294 4399 τῇ
1320 4329 1502 4401 ἡμέρᾳ
1527 4328 1709 4399 ἐκείνῃ
1736 4329 1833 4400 τὴν
1862 4330 1965 4400 γῆν

2066 4327 2451 4400 Egyptiorum
2494 4327 2697 4383 muscis
2735 4327 2969 4392 caninis,
3009 4327 3149 4381 etin
3184 4336 3410 4391 terram,
3441 4328 3492 4380 in
3533 4342 3640 4397 qua

395 4427 437 4478 Γ
439 4426 595 4495 εσὲμ,
638 4424 721 4493 ἐφ’
753 4418 820 4494 ἧς
848 4425 876 4475 ὁ
912 4421 1039 4484 λαός
1070 4437 1172 4492 μου
1210 4419 1429 4472 ἔπεστιν
1463 4419 1549 4471 ἐπ’
1574 4419 1763 4490 αὐτῆς,
1802 4418 1886 4488 ἐφ’
1921 4412 1966 4487 ᾧ

2069 4431 2216 4485 sunt,
2243 4421 2296 4474 in
2324 4435 2388 4475 ea
2414 4420 2702 4475 immittam
2730 4436 2744 4473 :
2777 4428 2831 4474 et
2860 4418 3179 4487 glorificabo
3204 4419 3255 4471 in
3289 4418 3376 4472 die
3401 4416 3493 4472 illa
3522 4428 3639 4471 ter-

396 4517 499 4570 ούκ
526 4517 641 4568 ἔστι
666 4515 955 4584 κυνόμυια,
992 4513 1078 4566 ἵνα
1098 4511 1266 4589 εἰδῇς,
1291 4510 1374 4563 ὅτι
1396 4508 1508 4578 ἐγώ
1534 4512 1649 4581 εἰμι
1690 4510 1913 4583 Κύριος,
1935 4514 1965 4564 ὁ

2069 4524 2188 4569 ram
2218 4511 2439 4579 Gesem,
2465 4513 2518 4568 in
2553 4527 2662 4582 qua
2686 4512 2919 4582 papulus
2957 4526 3112 4566 meus
3141 4512 3302 4577 inest,
3332 4520 3558 4565 eatenus
3585 4521 3642 4562 ut

394 4606 601 4678 Κύριος
630 4606 810 4675 πάσης
830 4604 928 4673 τῆς
954 4602 1079 4671 γῆς.
1111 4603 1223 4655 Καὶ
1243 4599 1398 4654 δώσω
1425 4601 1708 4672 διαστολὴν
1733 4602 1836 4656 ἀνὰ
1878 4602 1966 4673 μέ-

396 4713 491 4751 σον
517 4695 609 4749 τοῦ
635 4692 769 4765 ἐμοῦ
802 4693 952 4747 λαοῦ.
980 4692 1120 4763 Πρὸς
1146 4691 1203 4744 δὲ
1223 4690 1316 4744 τὸν
1347 4690 1583 4744 Μωῦσέα
1611 4690 1839 4762 ἑλάλησε
1860 4691 1966 4744 Κύ-

396 4805 513 4861 ριος
539 4787 729 4857 λέγων·
759 4783 970 4849 Βάδιζε.
998 4781 1264 4853 κατάϐηθι
1288 4781 1348 4835 τὸ
1377 4781 1561 4853 τάχος,
1590 4783 1831 4857 ἡνόμησε
1856 4784 1965 4856 γὰρ

392 4882 425 4935 ὁ
467 4878 593 4942 λαός
617 4894 733 4944 σου,
774 4875 869 4940 οὒς
889 4873 1155 4946 ἐξήγαγες
1198 4874 1264 4926 ὲκ
1312 4874 1415 4945 γῆς
1439 4874 1550 4947 (15)
1595 4875 1891 4944 Αἰγύπτου.
1941 4895 1960 4928 ι

396 4971 609 5042 Ὥσπερ
646 4964 741 5023 οὖν
776 4970 806 5021 ὁ
848 4966 976 5030 λαὸς
1024 4966 1099 5036 μὴ
1141 4965 1473 5036 ἁμαρτάνων
1514 4967 1633 5036 μὲν,
1683 4966 1778 5021 τοῦ
1827 4967 1962 5021 Θεοῦ

394 5063 565 5126 ἑστιν,
625 5058 954 5131 ἁμαρτάνων
992 5056 1050 5111 δὲ
1087 5057 1187 5111 οὐκ
1230 5057 1310 5110 ἐτι
1341 5057 1559 5126 λέγεται
1605 5056 1743 5114 εἶναι
1775 5060 1960 5114 αὑτοῦ·

393 5151 541 5206 οὕτω
587 5151 683 5204 καὶ
726 5150 782 5203 αί
824 5148 1030 5221 ἑορταὶ,
1078 5149 1170 5201 ὅτε
1219 5149 1319 5219 μὲν
1369 5149 1650 5219 μισοῦνται
1702 5152 1808 5205 ὑπὸ
1865 5152 1968 5222 τῆς

396 5244 492 5299 τοῦ
520 5243 725 5315 Κυρίου
764 5241 963 5311 ψυχῆς,
992 5239 1101 5292 τῶν
1125 5240 1547 5311 ἁμαρτανόντων
1588 5242 1725 5305 εἰσὶν
1761 5244 1964 5312 ἑορταίο

504 5360 554 5391 "
580 5359 687 5413 lsa.
718 5373 759 5423 ι,
792 5356 882 5419 15,
918 5356 1009 5411 i4.

397 5431 443 5462 ’⁷
472 5430 646 5484 Exod.
677 5443 852 5493 xxx”,
878 5426 933 5478 7.

474 5540 589 5611 (14)
629 5537 764 5592 Ὑπὸ
801 5535 912 5606 τῆς
934 5534 1155 5611 Δἐἶινυχῆς
1191 5538 1400 5599 αὐτοῦ,
1427 5535 1485 5588 εἷ
1518 5534 1611 5600 τίς
1649 5535 1963 5611 ποτέ-ἑστι,

394 5607 752 5681 μισούμενα.
810 5608 1229 5681 Equidenrnaac
1254 5616 1475 5681 exstant
1498 5621 1550 5681 tn
1579 5608 1776 5681 codd.“
1795 5607 1963 5681 Iiegio

399 5674 457 5735 et
484 5674 797 5740 Barberino,
827 5674 923 5731 sed
953 5676 1329 5730 desiderantur
1348 5676 1399 5728 in
1430 5674 1616 5729 codice
1646 5674 1960 5740 Bodleiano,

397 5766 565 5819 queui
597 5758 820 5819 secutus
849 5757 937 5800 est
974 5745 1286 5819 Ferrarius,
1321 5744 1590 5819 immerito
1616 5744 1866 5819 culpatus
1894 5746 1961 5798 ab

405 5813 619 5883 fluetio,
669 5818 822 5887 quasi
859 5831 922 5870 ea
963 5816 1179 5885 Origeni
1235 5813 1546 5884 gratificans
1599 5815 1961 5884 praetermise-

722 5912 987 5972 Ριτιιοι.
1048 5913 1165 5974 Gn.
1225 5909 1397 5970 XIV.

1105 5355 1158 5387 “
1184 5355 1357 5413 Exod.
1389 5373 1499 5419 xvr,
1519 5357 1613 5412 25.
1691 5358 1736 5388 ’⁸
1761 5357 1893 5412 ibid.
1918 5357 2011 5412 25.

2073 4604 2127 4659 in
2164 4604 2251 4659 illa
2308 4620 2414 4660 non
2464 4605 2535 4659 sit
2582 4618 2768 4659 musca
2803 4602 3000 4657 canina
3033 4616 3048 4655 :
3088 4611 3146 4655 ut
3202 4603 3345 4656 scias
3384 4604 3639 4671 quoniam

2073 4694 2173 4762 ego
2195 4710 2314 4750 sum
2333 4694 2614 4760 Dominus,
2639 4694 2899 4748 Dominus
2913 4693 3181 4746 universae
3205 4701 3385 4745 terrae.
3411 4690 3477 4745 Et
3500 4693 3640 4747 dabo

2071 4783 2434 4839 diﬂ'erentiam
2488 4784 2630 4838 inter
2675 4783 2928 4853 populum
2980 4796 3185 4837 meum.
3212 4811 3283 4822 —
3309 4783 3389 4837 Ad
3416 4782 3637 4853 Moysen

2015 4910 2023 4917 .
2072 4882 2252 4929 autem
2280 4873 2494 4929 locutus
2518 4885 2603 4930 est
2634 4872 2918 4935 Dominus,
2938 4870 3163 4926 dicens:
3185 4872 3349 4935 Vade,
3373 4873 3639 4928 descende

2069 4964 2344 5031 celeriter,
2404 4964 2569 5035 impie
2622 4964 2767 5019 enim
2816 4964 2983 5033 gessit
3034 4961 3263 5032 populus
3313 4972 3454 5029 tuus,
3501 4978 3641 5032 quos

2069 5056 2304 5111 eduxisti
2333 5070 2400 5111 ex
2428 5066 2568 5112 terra
2598 5053 2814 5125 λεωριὶ
2837 5056 2903 5107 ³⁷.
2940 5073 2960 5107 a
2997 5054 3355 5121 Quamobrem
3379 5064 3437 5109 ut
3470 5070 3639 5125 popu-

2073 5147 2160 5203 lus
2209 5162 2322 5202 tton
2366 5162 2600 5218 peccans
2651 5146 2878 5216 papulus
2912 5146 3005 5201 Dei
3047 5157 3152 5213 est,
3178 5161 3416 5216 peccans
3451 5157 3632 5201 autem

2071 5255 2182 5296 non
2209 5239 2338 5295 item
2363 5256 2379 5300 ;
2405 5239 2479 5293 ita
2503 5247 2558 5293 et
2582 5236 2932 5302 festivitates,
2959 5252 3084 5292 cum
3106 5237 3321 5292 Domini
3342 5239 3522 5292 anima
3543 5252 3636 5291 eas

2086 5347 2133 5389 ⁵⁵
2162 5355 2322 5411 Num.
2351 5371 2554 5421 nvut,
2589 5354 2615 5407 I
2646 5364 2701 5409 et
2719 5369 2835 5423 seq.
2912 5353 2957 5385 ⁸⁸
2987 5353 3162 5407 Exod.
3183 5368 3303 5419 vnt,
3333 5350 3399 5405 21
3433 5361 3489 5406 et
3514 5366 3634 5418 seq.

2073 5544 2247 5677 niis)
2295 5602 2561 5677 ’Egrﬁg.
2596 5605 2753 5677 Deest
2786 5606 2837 5660 in
2883 5605 3119 5661 editione
3151 5603 3355 5669 IIuetii,
3413 5603 3508 5658 sed
3540 5617 3638 5657 ex-

2066 5687 2178 5732 stat
2206 5675 2259 5729 in
2298 5676 2484 5730 codice
2517 5675 2829 5730 Bodleiano.

2128 5747 2243 5817 (I6)
2272 5745 2397 5799 Haec
2432 5746 2488 5797 in
2514 5742 3311 5812 Ferrarianainterpretatione
3329 5740 3636 5799 desiderata

2058 5817 2444 5886 supplevimus.

3122 5900 3192 5961 11
