4194 6428
579 356 678 412 551

2016 355 2338 415 ORIGENIS

3716 361 3823 417 53?.

578 473 933 547 prosequitur
952 474 1099 540 odio,
1127 474 1469 543 peccantium
1491 485 1617 530 sunt
1637 474 1993 540 festivitates;
2018 492 2142 531 cum

2246 478 2334 530 ὅτε
2363 477 2420 531 δέ
2445 477 2551 531 ὑπὸ
2574 477 2670 532 τοῦ
2707 477 2914 550 Κυρίου
2950 474 3392 548 νομοθετοῦνται,
3435 475 3640 549 Κυρίου
3679 471 3817 529 εἶναι

577 581 708 621 vero
743 580 836 621 eas
880 567 1143 621 Dominus
1182 567 1374 630 sancit,
1418 566 1631 622 Domini
1688 582 1811 623 esse
1865 568 2141 624 dicuntur.

579 659 777 713 Verum
810 659 1163 714 festivitatum
1196 674 1301 712 una
1334 669 1418 712 est
1443 661 1608 714 etiam
1646 660 1881 726 Pascha,
1916 661 2062 731 quod
2093 663 2144 715 in

578 750 850 821 Evangelii
874 750 1149 820 proposita
1182 749 1489 819 Scriptura,
1519 768 1625 806 non
1655 753 1892 818 Domini,
1925 754 2019 807 sed
2051 751 2151 806 Ju-

577 841 813 895 ἀέξοι-ωτι
852 839 1058 894 Pascha
1095 841 1314 895 dicitur.
1360 840 1570 896 Rursus
1602 841 1729 895 alibi
1761 842 1935 909 inquit
1963 859 1977 895 :
2015 858 2034 891 ι
2058 842 2149 895 Hae

576 941 703 985 sunt
740 930 950 985 Domini
994 931 1345 996 festivitates,
1370 947 1509 1000 quas
1553 934 1697 1002 ipsas
1726 934 1998 988 vocabitis
2025 948 2151 988 san-

577 1034 693 1078 ctas
721 1025 786 1077 ’8.
818 1042 835 1074 ι
875 1023 950 1076 Ex
986 1024 1196 1079 Domini
1230 1024 1412 1091 itaque
1445 1039 1580 1079 voce
1612 1039 1716 1077 non
1745 1024 1869 1078 licet
1902 1025 1987 1079 his
2024 1039 2147 1094 qua:

576 1115 883 1175 docuimus,
907 1116 1313 1171 contradicere.
1347 1117 1543 1171 Verum
1575 1131 1642 1171 ex
1672 1117 1911 1186 Epistola
1942 1118 2007 1169 ad
2041 1116 2148 1171 Co-

577 1204 810 1259 rinthios
836 1206 883 1237 "
911 1206 1270 1275 probabiliter
1307 1207 1508 1277 aliquis
1534 1218 1761 1277 quaarat,
1790 1224 1891 1263 cur
1917 1208 2148 1277 Aposto-

578 1295 663 1350 lus
713 1296 953 1351 scribat:
991 1316 1011 1349 ι
1041 1298 1253 1352 Etenim
1302 1297 1516 1353 Pascha
1559 1307 1810 1353 nostrum
1858 1313 1958 1369 pro
1988 1298 2144 1353 nobis

577 1388 886 1443 immolatus
920 1397 1004 1444 est
1036 1388 1325 1454 Christus;
1364 1408 1384 1442 ι
1436 1404 1543 1443 non
1586 1390 1728 1444 enim
1777 1390 1857 1445 ait
1887 1408 1901 1443 :
1934 1389 2143 1445 Pascha

576 1478 789 1535 Domini
822 1481 1127 1536 immolatus
1154 1492 1240 1536 est
1270 1482 1540 1537 Christus.
1579 1482 1663 1537 Ad
1693 1497 1816 1553 qua:
1855 1484 2142 1539 dicendurm

574 1580 682 1637 est,
732 1572 815 1626 vel
863 1573 1182 1643 Apostolum
1213 1574 1417 1629 dixisse
1459 1574 1783 1644 simplicius,
1810 1574 2019 1630 Pascha
2047 1590 2145 1629 no-

575 1669 747 1717 strum
781 1662 1140 1725 immolatum,
1171 1665 1312 1732 quod
1343 1678 1440 1733 pro
1474 1665 1629 1721 nobis
1654 1666 1991 1720 immolatum
2015 1664 2142 1733 fuit,

574 1753 658 1807 vel
690 1768 905 1809 omnem
947 1755 1072 1810 eam‘
1109 1755 1483 1821 festivitatem,
1510 1771 1631 1825 qua:
1683 1771 1874 1811 revera
1929 1757 1999 1811 sit
2036 1756 2142 1812 Do-

2251 572 2766 642 προσαγορεύονται.
2816 570 2938 625 Τῶν
2986 569 3045 622 δὲ
3096 569 3296 642 ἑορτῶν
3342 568 3440 639 μία
3480 569 3597 622 ἐστὶ
3628 569 3722 622 καὶ
3766 568 3828 621 τὸ

2247 664 2458 734 Πάσχα,
2476 667 2611 736 ὅπερ
2635 667 2692 718 ἐν
2714 665 2780 735 τῇ
2805 663 3139 735 προκειμένῃ
3160 661 3252 715 τοῦ
3277 661 3609 728 Εύαγγελίου
3631 662 3822 732 Γραφῇ

2248 755 2309 807 ού
2362 754 2456 808 τοῦ
2499 755 2727 826 Κυρίου,
2763 753 2899 808 ἀλλά
2942 752 3052 806 τῶν
3101 752 3369 805 Ἰουδαίων
3414 747 3556 804 εἶναι
3581 751 3826 819 λέγεται.

2247 847 2358 899 Καὶ
2408 846 2638 916 ἀλλαχοῦ
2679 847 2756 909 δὲ,
2780 866 2798 898 ‹
2828 840 3016 908 Ain-at,
3062 845 3245 914 φησὶν,
3286 843 3341 894 αἱ
3383 841 3569 913 ἑορταὶ
3594 839 3829 910 Κυρίου,

2246 938 2313 1002 ἂς
2331 938 2587 992 καλέσετε
2617 938 2790 1002 αὐτάς
2813 937 3017 1009 κλητὰς
3046 935 3225 1004 ἁγίας.
3266 953 3284 985 ι
3323 932 3456 985 ’Δπὸ
3475 932 3578 1004 μέν
3606 927 3704 984 οὖν
3730 929 3835 1000 τῆς

2244 1028 2338 1083 τοῦ
2388 1030 2593 1101 Κυρίου
2631 1031 2815 1101 φωνῆς
2856 1030 2955 1083 ούκ
2998 1027 3144 1081 ἐστιν
3185 1024 3487 1093 ἀντιλέγειν
3529 1018 3617 1085 οἷς
3656 1037 3832 1092 παρε-

2249 1120 2523 1191 στήσαμεν
2562 1118 2693 1191 (17)’
2724 1119 2965 1183 πιθανῶς
3002 1118 3059 1172 δέ
3098 1136 3183 1182 τις
3210 1117 3319 1170 άπὸ
3354 1115 3448 1170 τοῦ
3494 1113 3836 1167 Ἀποστϐλου

2245 1210 2470 1282 ζητήσει
2496 1213 2552 1265 ἐν
2577 1213 2642 1282 τῇ
2666 1210 2803 1282 πρὸς
2837 1210 3155 1281 Κορινθίους
3179 1208 3611 1278 ἀναγράφοντος·
3651 1222 3671 1255 ι
3721 1205 3837 1257 Καὶ

2246 1302 2355 1374 γὰρ
2407 1302 2466 1355 τδ
2506 1303 2697 1374 Πάσχα
2749 1302 2905 1373 ήμῶν
2938 1301 3079 1372 ύπέρ
3122 1300 3281 1371 ⁴ἡμῶν
3317 1298 3432 1369 (18)
3477 1296 3653 1367 ἐτύθη
3697 1296 3839 1365 Χρι-

2247 1394 2369 1458 στός
2391 1412 2403 1425 ’
2433 1414 2451 1447 ι
2480 1395 2542 1447 οὐ
2574 1396 2682 1467 γὰρ
2707 1394 2859 1465 φησί’
2885 1394 2968 1455 ,Τὸ
2996 1394 3189 1465 Πάσχα
3225 1391 3428 1463 Κυρίου
3467 1388 3641 1460 ἐτύθη
3695 1390 3840 1459 Χρι-

2246 1489 2389 1553 στός.
2418 1487 2528 1541 Καὶ
2558 1487 2693 1559 πρὸς
2724 1485 2955 1539 τοῦτοδὲ
2985 1484 3222 1546 λεκτέον,
3247 1483 3366 1554 ῆτοι
3402 1482 3486 1534 ὅτι
3518 1479 3841 1534 ἁπλούστε-

2249 1598 2341 1652 ρον
2379 1581 2571 1649 Πάσχα
2605 1579 2762 1650 ήμῶν
2806 1578 2962 1632 τυθὲν
3000 1577 3061 1631 τδ
3100 1577 3167 1629 δι’
3194 1577 3344 1647 ἡμᾶς
3385 1574 3552 1628 τυθέν
3581 1573 3840 1644 εἴρηκεν,

2244 1672 2278 1742 ἢ
2309 1675 2389 1727 ὅτι
2440 1674 2589 1726 πᾶσα
2632 1671 2791 1743 ἑορτὴ
2826 1667 3051 1741 ,άληθῶς
3088 1668 3321 1741 Κυρίου.
3370 1662 3446 1721 ὧν
3480 1666 3588 1737 μία
3625 1666 3749 1718 ἐστί¹
3777 1665 3843 1718 τὸ

2246 1759 2459 1830 Πάσχα,
2488 1760 2588 1813 οὐκ
2633 1761 2691 1812 ἐν
2731 1758 2905 1829 τούτῳ
2949 1758 3028 1829 τῷ
3061 1757 3239 1822 αἰῶνι,
3277 1756 3400 1810 οὐδὲ
3428 1757 3527 1809 ἐπὶ
3556 1757 3690 1825 γῆς,
3718 1754 3841 1808 ἀλλ’

576 1845 729 1912 mini,
764 1860 992 1915 quarum
1027 1861 1134 1900 una
1172 1856 1257 1901 est
1288 1846 1525 1913 Pascha,
1565 1862 1673 1902 non
1704 1846 1757 1901 in
1788 1848 1890 1902 hoc
1916 1847 2137 1914 saeculo,

2247 1851 2304 1903 ἐν
2341 1850 2419 1920 τῷ
2451 1848 2697 1921 μέλλοντι
2730 1850 2824 1903 καὶ
2870 1852 2927 1902 ἐν
2962 1849 3231 1918 οὐρανοῖς,
3277 1848 3547 1919 ἐνστάσης
3587 1847 3695 1918 τῆς
3742 1846 3843 1916 βα.-

573 1950 747 2006 neque
780 1950 942 2005 super
973 1946 1194 2004 terram,
1226 1939 1320 1993 sed
1352 1938 1403 1991 in
1435 1937 1620 1994 futuro
1646 1948 1701 1993 et
1742 1939 1796 1992 in
1826 1937 2012 2002 caelis,
2052 1939 2138 1993 in-

571 2039 753 2083 stante
780 2029 1043 2084 caelorum
1087 2044 1274 2101 regno,
1302 2030 1638 2086 celebratum
1671 2030 1762 2084 iri.
1789 2029 1931 2097 Quin
1960 2030 2027 2086 de
2055 2028 2140 2086 fee

571 2120 907 2175 stivitatibus
952 2120 1061 2177 illis
1098 2138 1238 2177 unus
1274 2123 1557 2178 duodecim
1610 2124 1994 2193 pr0phetarum
2049 2123 2137 2177 in-

569 2213 691 2283 quit
715 2212 803 2267 ”:
840 2229 860 2264 ι
890 2213 1030 2281 Quid
1060 2212 1274 2268 facietis
1305 2214 1357 2268 in
1387 2216 1575 2271 diebus
1606 2214 1966 2281 celebritatis,
1989 2223 2046 2270 et
2082 2214 2139 2270 in

571 2306 762 2360 diebus
786 2305 1099 2361 festivitatis
1132 2306 1391 2361 Domini?
1427 2326 1447 2360 ι
1487 2308 1551 2363 Ει
1576 2309 1630 2363 ἰη
1654 2307 1897 2378 Epistola
1932 2306 2000 2363 ad
2032 2306 2141 2364 He-

575 2396 749 2451 braeos
777 2395 1039 2452 Paulus“
1066 2411 1081 2450 :
1109 2416 1128 2448 ι
1163 2397 1268 2452 Sed
1291 2399 1602 2455 accessistis
1623 2400 1690 2453 ad
1716 2408 1952 2455 montem
1980 2398 2137 2464 Sion,

570 2495 629 2540 et
657 2488 726 2540 ad
753 2485 1027 2540 civitatem
1062 2487 1157 2541 Dei
1184 2488 1437 2551 viventis,
1469 2487 1768 2544 Jerusalem
1806 2489 2138 2559 supercmle-

570 2586 732 2644 stem,
773 2586 829 2634 et
854 2579 921 2634 ad
951 2579 1222 2649 myriadas
1255 2580 1602 2649 angelorum,
1642 2596 1840 2650 nempe
1884 2582 1952 2635 ad
1997 2581 2141 2636 cele-

570 2671 843 2739 britatem,
870 2680 926 2725 et
964 2671 1263 2729 Ecclesiam
1296 2674 1779 2745 primogenitorum
1807 2673 2138 2743 scriptorum

569 2763 625 2818 in
651 2762 829 2819 curiis.
860 2782 880 2817 ι
918 2762 984 2818 Et
1019 2765 1074 2819 in
1103 2763 1344 2836 Epistola
1375 2766 1442 2821 ad
1469 2765 1822 2821 Colossenses
1845 2763 1930 2816 ":
1968 2780 1989 2816 ι
2019 2762 2137 2819 Non

570 2856 735 2926 igitur
751 2855 960 2925 judicet
986 2855 1183 2925 aliquis
1206 2870 1299 2911 vos
1329 2857 1382 2909 in
1426 2856 1571 2920 cibo,
1594 2864 1650 2910 et
1682 2857 1733 2910 in
1770 2863 1921 2924 potu,
1958 2862 2051 2907 aut
2085 2855 2138 2907 in

568 2956 725 3015 parte
752 2948 855 3002 diei
883 2946 1027 3012 festi,
1060 2957 1153 3001 aut
1183 2947 1237 3000 in
1272 2946 1575 3014 novilunio,
1609 2947 1692 3004 vel
1718 2944 1994 3013 Sabbatis,
2019 2959 2140 3015 qua:

568 3047 696 3093 sunt
727 3038 918 3094 umbra
950 3038 1280 3096 futurorum.
1305 3057 1326 3093 ι

2243 1941 2447 2006 σιλείας
2496 1941 2605 1996 τῶν
2663 1941 2907 2013 οὐρανῶν
2961 1940 3456 2012 ἐπιτελεσθήσεται.
3525 1940 3645 1993 Καὶ
3705 1936 3843 2011 περὶ

2241 2034 2464 2087 ἐκείνων
2489 2051 2554 2097 γε
2586 2033 2694 2088 τῶν
2723 2033 2923 2105 ἑορτῶν
2951 2034 2979 2086 ό
3028 2033 3126 2104 μὲν
3168 2027 3248 2096 εἷς
3287 2032 3395 2085 τῶν
3434 2030 3655 2085 δώδεκα
3694 2045 3839 2100 προ-

2241 2125 2425 2197 φητῶν
2451 2143 2603 2199 φησι·
2653 2146 2672 2178 ι
2712 2126 2777 2179 Τί
2822 2126 3076 2196 ποιήσετε
3100 2127 3158 2178 ἐν
3182 2124 3418 2196 ἡμέραις
3454 2125 3837 2196 πανηγύρεως

2241 2217 2333 2269 καὶ
2374 2220 2431 2271 ἐν
2468 2217 2707 2289 ἡμέραις
2754 2216 2947 2287 ἑορτῆς
2981 2215 3076 2269 τοῦ
3111 2216 3351 2287 Κυρίου;
3385 2234 3403 2267 ι
3447 2217 3476 2269 ό
3516 2216 3580 2269 δέ
3614 2214 3839 2277 Παῦλος

2240 2309 2299 2361 ἐν
2318 2310 2384 2379 τῇ
2409 2308 2546 2379 πρὸς
2583 2307 2868 2379 Ἐϐραίους
2887 2326 2899 2338 ·
2953 2326 2971 2359 ι
3022 2307 3182 2360 Ἀλλὰ
3210 2307 3658 2379 προσεληλύθατε
3692 2305 3835 2361 Σιὼν

2240 2398 2377 2467 ὄρει,
2414 2397 2510 2450 καὶ
2555 2397 2706 2450 πόλει
2745 2397 2882 2450 θεοῦ
2931 2396 3153 2462 ζῶντος,
3198 2397 3556 2470 Ἰερουσαλὴμ
3599 2399 3837 2467 ἐπουρα-

2239 2488 2337 2560 νίῳ
2357 2489 2450 2542 καὶ
2478 2488 2734 2559 μυριάσιν
2755 2489 3024 2558 ἀγγέλων,
3043 2488 3370 2561 πανηγύρει,
3394 2488 3491 2542 καὶ
3521 2486 3834 2559 Ἐκκλησία

2239 2581 2599 2653 πρωτοτόκων
2638 2580 3145 2652 ἀπογεγραμμένων
3184 2581 3244 2634 ἐν
3265 2581 3537 2651 οὐρανοῖς.
3576 2599 3594 2630 ι
3624 2579 3740 2632 Καὶ
3770 2579 3833 2629 ἐν

2237 2675 2307 2743 τῇ
2347 2670 2483 2742 πρὸς
2520 2670 2877 2734 Κολοσσαεῖς·
2911 2691 2929 2721 r
2960 2669 3051 2741 Μὴ
3086 2665 3180 2723 οὖν
3201 2687 3284 2733 τις
3310 2671 3453 2740 ὑμᾶς
3488 2668 3733 2741 κρινέτω
3772 2670 3836 2722 ἐν

2240 2760 2441 2833 βρώσει
2486 2762 2580 2814 καὶ
2623 2764 2681 2814 ἐν
2716 2761 2894 2824 πόσει,
2929 2760 2963 2830 ῆ
3004 2762 3063 2813 ἐν
3099 2759 3254 2830 μέρει
3293 2759 3504 2831 ἑορτῆς,
3548 2759 3585 2830 ἦ
3623 2772 3835 2829 νουμηη

2240 2853 2377 2918 νίας,
2404 2853 2436 2925 ἢ
2465 2853 2751 2908 σαϐϐάτων
2785 2853 2822 2907 ἆ
2859 2855 2976 2906 ἐστι
3012 2852 3141 2907 σκιὰ
3174 2852 3284 2906 τῶν
3314 2851 3646 2924 μελλόντων.
3693 2871 3714 2905 ι

643 3128 802 3199 175
832 3128 918 3184 ιε.
948 3128 1122 3183 Porro
1151 3138 1352 3195 autem,
1394 3141 1630 3198 quonam
1665 3135 1828 3197 pacto
1869 3124 2139 3182 festivita-

2314 3130 2400 3183 12.
2426 3129 2559 3184 Τίνα
2588 3129 2644 3182 δὲ
2673 3128 2873 3200 τρόπον
2918 3130 2976 3182 ἐν
3005 3130 3116 3191 τοῖς
3155 3126 3499 3197 ἐπουρανίοις
3518 3166 3534 3187 ,
3569 3119 3650 3180 ὧν
3696 3126 3831 3183 σκιὰ

569 3230 672 3287 tes,
706 3236 931 3290 quarum
962 3222 1152 3275 umbra
1201 3218 1346 3289 apud
1384 3219 1603 3274 Iudaeos
1644 3218 1964 3289 corporales
1992 3226 2133 3283 erat,

565 3310 1069 3381 perfectionemque
1110 3309 1235 3365 Filii
1276 3310 1370 3364 Dei
1400 3309 1708 3379 percepturi
1738 3309 1910 3363 simus
1942 3309 1995 3361 in
2043 3322 2136 3362 su»-

566 3401 1000 3473 percatlestibus,
1068 3405 1168 3459 sub
1226 3402 1377 3458 illam
1427 3415 1613 3456 veram
1671 3400 1844 3470 legem
1899 3400 2134 3469 primum

568 3509 861 3564 puerorum
892 3510 1045 3550 more
1076 3496 1326 3551 instructi
1353 3493 1494 3564 apud
1524 3501 1804 3547 curatores
1833 3501 1888 3547 et
1910 3505 2138 3546 (necno-

567 3600 709 3652 mos,
745 3589 919 3642 donec
949 3588 1125 3642 aderit
1163 3603 1227 3643 ea
1265 3586 1525 3657 temporis
1563 3585 1841 3655 plenitudo
1874 3598 1995 3654 qua:
2029 3582 2136 3639 illic

566 3687 671 3745 est,
714 3677 949 3734 oﬂicium
996 3688 1083 3734 est
1130 3679 1276 3734 illius
1324 3676 1609 3748 sapientiae
1639 3691 1759 3747 quae
1789 3676 1842 3729 in
1875 3675 2135 3746 mysterio

566 3768 891 3822 abscondita
939 3768 1062 3833 fuit,
1115 3769 1465 3824 manifestare
1516 3777 1574 3823 et
1619 3767 1865 3822 contueri
1899 3780 2019 3835 quae
2066 3764 2136 3817 de

566 3859 708 3914 cibis
762 3859 881 3927 lege
931 3861 1271 3924 sanciuntur,
1322 3877 1443 3931 quae
1476 3860 1720 3934 symbola
1769 3868 1895 3914 sunt
1943 3873 2133 3913 eorum

567 3966 688 4022 qua:
714 3952 828 4007 illic
856 3955 1129 4008 nutritura
1161 3965 1310 4020 sunt,
1343 3954 1648 4024 fortemque
1681 3953 1962 4008 redditura
2011 3949 2131 4004 ani-

567 4058 713 4096 mam
746 4053 1003 4098 nostram.
1035 4044 1106 4097 At
1133 4058 1262 4100 vero
1284 4044 1516 4113 aliquem
1545 4053 1750 4100 temere
1778 4043 2133 4112 imaginatum

567 4137 737 4192 fuisse
768 4143 1040 4192 tantarum
1063 4137 1549 4208 intelligentiarum
1572 4138 1816 4208 pelagus,
1845 4137 2136 4191 volentem-

566 4249 673 4305 que
702 4244 923 4289 set-vare
964 4235 1239 4303 quomodo
1269 4233 1447 4288 cultus
1477 4232 1762 4303 praesentis
1808 4230 1912 4285 loci
1954 4230 2132 4299 Speci-

568 4341 695 4380 men
726 4335 891 4394 atque
913 4326 1102 4379 umbra
1133 4325 1202 4378 sit
1228 4323 1722 4393 supercaalestium,
1753 4321 2135 4390 volentemque

568 4416 870 4488 intelligere
900 4416 1149 4471 victimas
1169 4427 1224 4471 et
1248 4431 1428 4480 ovem,
1456 4414 1771 4484 praecedere
1793 4427 1856 4467 ac
1873 4426 2135 4481 superare

2241 3223 2393 3293 παρὰ
2452 3224 2564 3285 τοῖς
2628 3222 2959 3291 σωματικοῖς
3019 3218 3288 3283 Ἰουδαίοις
3345 3214 3413 3288 ἦν
3437 3257 3453 3281 ,
3511 3220 3718 3289 ἑορτὰς
3776 3219 3832 3271 οἰ

2244 3314 2342 3383 μὲν
2377 3312 2484 3384 (19)
2525 3311 2629 3365 ὑπὸ
2660 3312 2749 3364 τὸν
2790 3310 2966 3382 ἀληθῆ
3008 3310 3270 3381 πρότερον
3309 3309 3835 3380 παιδαγωγούμενοι

2238 3405 2401 3475 νόμον
2433 3403 2584 3475 παρὰ
2624 3402 2937 3474 ἐπιτρόποις
2981 3403 3071 3456 καὶ
3102 3401 3435 3471 οἰκονόμοις,
3468 3402 3574 3465 ἐως
3613 3402 3677 3455 τὸ
3719 3402 3841 3456 ἐκεῖ

2240 3498 2512 3567 πλήρωμα
2543 3495 2634 3550 τοῦ
2683 3496 2873 3566 χρόνου
2915 3496 3099 3565 ἐνστῇ,
3134 3494 3229 3547 καὶ
3257 3494 3353 3565 τὴν
3381 3494 3711 3565 τελειότητα
3737 3493 3837 3547 τοῦ

2240 3588 2371 3641 Υἱοῦ
2399 3588 2493 3642 τοῦ
2525 3588 2660 3643 Θεοῦ
2690 3590 3046 3662 χωρήσωμεν,
3087 3586 3246 3659 ἔργον
3274 3587 3463 3656 σοφίας
3486 3588 3593 3657 τῆς
3628 3589 3691 3641 ἐν
3726 3606 3837 3659 μυ-

2241 3682 2447 3752 στηρίῳ
2474 3679 2971 3752 ὰποκεκρυμμένης
2987 3678 3103 3731 ἐστί
3129 3676 3456 3749 φανερῶσαι,
3481 3677 3573 3730 καὶ
3611 3679 3685 3732 τὰ
3701 3679 3836 3751 περὶ

2242 3772 2542 3844 βρωμάτων
2592 3770 3024 3842 νομοθετούμενα
3071 3768 3313 3840 σύμϐολα
3358 3768 3467 3821 τῶν
3511 3768 3642 3822 ἐκεῖ
3697 3770 3834 3841 μελ-

2239 3867 2435 3920 λόντων
2486 3865 2724 3936 τρέφειν,
2767 3864 2861 3918 καὶ
2916 3864 3277 3934 ἰσχυροποιεῖν
3311 3861 3467 3932 ἡμῶν
3509 3859 3615 3931 τὴν
3643 3861 3835 3932 ψυχὴν

2238 3957 2571 4028 τυγχάνοντα
2603 3957 2844 4027 θεωρεῖν.
2873 3956 3007 4025 Είκῆ
3034 3955 3089 4008 δὲ
3127 3953 3568 4022 φαντασιωθέντα
3600 3954 3737 4007 τινὰ
3767 3953 3835 4007 τὸ

2240 4047 2472 4115 πέλαγος
2512 4046 2619 4100 τῶν
2669 4046 2934 4099 τοσούτων
2975 4044 3262 4115 νοημάτων
3282 4082 3298 4106 ,
3348 4042 3443 4095 καὶ
3493 4041 3833 4112 βουλόμενον

2240 4138 2411 4192 σῶσαι
2458 4138 2575 4201 πῶς
2618 4139 2652 4210 ἡ
2702 4137 2841 4190 κατὰ
2883 4138 3046 4190 τόπον
3086 4134 3309 4207 λατρεία
3365 4134 3677 4203 ὑπόδειγμα
3729 4134 3835 4188 καὶ

2241 4232 2368 4286 σκιά
2390 4232 2507 4285 ἐστι
2537 4232 2645 4284 τῶν
2664 4229 3018 4301 ἐπουρανίων,
3041 4229 3110 4283 τά
3133 4245 3193 4281 τε
3223 4227 3440 4298 θύματα
3469 4228 3562 4279 καὶ
3588 4227 3656 4279 τὸ
3691 4227 3838 4297 πρό-

2240 4324 2400 4377 ϐατον
2430 4323 2618 4393 νοῆσαι
2644 4321 2981 4392 βουλόμενον,
3006 4318 3270 4391 προκόψαι
3292 4319 3383 4371 καὶ
3397 4318 3473 4388 τῷ
3507 4318 3834 4388 Ἀποστόλῳ

2239 4413 2437 4484 ἐπᾶραι
2477 4413 2573 4483 μὲν
2620 4409 2773 4481 ἡμῶν
2815 4410 2875 4463 τὸ
2921 4411 3175 4481 φρόνημα
3218 4407 3528 4479 βουληθέντι
3566 4407 3682 4458 ἀπὸ
3711 4407 3834 4459 τῶν

565 4507 670 4560 erit
698 4504 1040 4573 Apostolum,
1086 4506 1178 4574 qui
1228 4507 1569 4575 prudentiam
1609 4504 1831 4574 quidem
1890 4514 2131 4558 nostram

2241 4508 2437 4578 γηΐνων
2468 4505 2595 4575 περὶ
2631 4502 2724 4557 τοῦ
2752 4504 2916 4574 νόμου
2942 4502 3247 4572 δογμάτων,
3280 4501 3341 4552 ού
3370 4501 3510 4553 πάνυ
3538 4497 3593 4550 δέ
3634 4515 3835 4569 παρα-

564 4600 776 4669 erigere
806 4599 976 4654 voluit
1004 4615 1033 4653 a
1070 4599 1413 4667 dogmatibus
1465 4598 1535 4653 de
1573 4597 1691 4668 lege
1726 4596 1979 4660 terrenis,
2029 4608 2129 4665 pa-

565 4705 684 4744 rum
718 4698 893 4745 tamen
925 4690 1164 4745 ostendit
1194 4688 1465 4758 quomodo
1500 4687 1681 4742 futura
1711 4685 1820 4741 sint
1866 4687 2001 4740 hac.
2035 4684 2129 4739 Sin

563 4796 693 4835 vero
720 4782 884 4836 etiam
918 4780 1259 4844 festivitates,
1285 4794 1515 4849 quarum
1565 4792 1669 4832 una
1708 4786 1791 4832 est
1831 4776 2031 4840 Pacha,
2065 4776 2134 4831 ad

563 4870 806 4925 futurum
840 4870 1094 4926 saeculum
1129 4871 1487 4934 reducuntur,
1520 4868 1698 4923 adhuc
1748 4868 1919 4936 magis
1947 4866 2130 4919 consi-

563 4962 866 5018 derandum
915 4972 1001 5018 est
1040 4962 1313 5033 quomodo
1365 4962 1532 5015 etiam
1581 4974 1725 5014 nunc
1771 4957 1979 5013 Pascha
2030 4972 2132 5011 no-

559 5066 734 5110 strum
762 5055 1071 5111 immolatus
1100 5056 1173 5111 sit
1197 5053 1446 5110 Christus
1474 5064 1529 5109 et
1555 5053 1606 5107 in
1632 5060 1907 5124 posterum
1934 5051 2129 5104 immo-

560 5150 782 5205 labitur.

634 5242 722 5296 l5.
746 5240 1013 5295 Caeterum
1049 5238 1116 5293 ad
1142 5237 1283 5292 hanc
1319 5238 1628 5307 dogmatum
1657 5243 1970 5290 nostrorum
1994 5248 2129 5303 .per-

558 5332 876 5405 plexitatent
892 5346 1065 5401 pauca
1097 5338 1225 5384 sunt
1253 5330 1410 5384 nobis
1440 5329 1708 5392 addenda,
1736 5342 1855 5394 qua:
1892 5334 2126 5380 tractatu

665 5473 712 5505 ³⁸
747 5470 920 5527 Levit.
952 5486 1113 5531 xxttt,
1144 5470 1200 5526 2.
1275 5471 1320 5504 ³⁸
1349 5469 1518 5526 lCor.
1548 5484 1603 5533 v,
1632 5469 1684 5523 7.
1761 5468 1806 5500 '°
1831 5467 1956 5524 Ose.
1984 5483 2063 5532 ιι,
2102 5465 2156 5520 5.

630 5583 741 5657 (L7)
769 5584 1263 5657 Παρεστήσαμεν.
1294 5581 1385 5638 Sic
1408 5581 1582 5637 codex
1608 5579 1966 5645 Bodleianus;
2002 5579 2122 5635 edi»

560 5653 650 5726 ιίοξ
667 5653 865 5726 ﬂuet“.
888 5656 1334 5726 παρεσνεήκοεμεν·

631 5723 745 5795 (18)
770 5718 1167 5795 Ὑπὲρ
1195 5718 1548 5795 Desideratur
1579 5721 1630 5777 in
1652 5720 1891 5780 editione
1916 5718 2121 5787 iluetii,

560 5792 656 5849 sed
696 5792 922 5850 habetur
948 5792 1000 5847 in
1021 5792 1225 5853 codice
1258 5792 1572 5850 Bodleiano.

2240 4599 2498 4669 στήσαντι
2539 4594 2656 4659 πῶς
2691 4594 2865 4647 ταῦτα
2902 4592 3083 4664 μέλλει
3133 4590 3397 4660 γίνεσθαι.
3449 4588 3574 4642 Ἐὰν
3621 4588 3686 4641 δὲ
3731 4589 3836 4642 καὶ

2239 4689 2443 4759 ἐορταί,
2473 4681 2548 4742 ὧν
2580 4688 2676 4758 μία
2700 4686 2809 4757 ('30)
2835 4686 2895 4738 τὸ
2917 4686 3107 4754 Πάσχα
3144 4684 3279 4747 ἐστὶ,
3314 4684 3408 4735 καὶ
3441 4682 3535 4735 ἐπὶ
3563 4681 3657 4733 τὸν
3691 4680 3836 4751 μέλ-

2236 4781 2398 4836 λοντα
2417 4779 2704 4848 ἀνάγονται
2724 4776 2915 4839 αἰῶνα,
2942 4776 3020 4829 ἔτι
3044 4774 3242 4847 μᾶλλον
3271 4772 3666 4842 ἐπισκοπητέον
3699 4771 3835 4835 πῶς

2239 4872 2334 4924 καὶ
2383 4870 2479 4924 νῦν
2515 4870 2577 4922 τὸ
2613 4868 2804 4939 Πάσχα
2841 4868 2997 4939 ἡμῶν
3038 4865 3203 4937 ἐτύθη
3249 4864 3514 4936 Χριστὸς,
3544 4865 3638 4916 καὶ
3674 4864 3831 4934 μετὰ

2237 4961 2407 5016 ταῦτα
2432 4961 2743 5034 τυθήσεται.

2308 5236 2392 5291 15.
2411 5233 2665 5304 Ὀλίγαιδέ
2690 5234 2771 5296 είς
2791 5231 2887 5303 τὴν
2900 5230 3241 5304 ἐπαπόρησιν
3260 5228 3367 5282 τῶν
3385 5228 3669 5311 δογμάτων
3702 5245 3828 5281 παι

2236 5325 2487 5399 ραθετέον
2502 5324 2658 5397 ἡμῶν
2683 5323 2817 5388 ἰδίας
2831 5321 3098 5392 δεομένων
3125 5320 3504 5391 πραγματείας
3520 5317 3828 5389 ἐξαιρέτου

2234 5466 2275 5499 ³¹
2312 5465 2475 5521 Hebr.
2508 5481 2601 5528 xu,
2628 5464 2721 5528 22,
2742 5463 2833 5518 23.
2912 5463 2957 5493 ³¹
2984 5461 3101 5518 Col.
3137 5475 3201 5528 tt,
3234 5459 3322 5529 16,
3353 5459 3439 5516 17.

2205 5568 2215 5577 ’
2305 5578 2419 5651 (19)
2460 5576 2697 5645 Ἑορτὰς
2723 5578 2777 5629 ol
2806 5574 2942 5644 μέν.
2992 5574 3303 5646 Legendum
3335 5573 3567 5630 fortasse
3608 5571 3827 5643 ἑορτά-

2455 5715 2679 5786 Ἑορταί
2711 5708 2799 5789 Si)?
2820 5715 2948 5789 μία.
2970 5714 3065 5774 Sic
3092 5715 3264 5774 codex
3295 5713 3651 5780 Bodleianus;
3686 5714 3827 5768 edi-

2234 5785 2317 5847 tio
2350 5785 2553 5855 ﬂuetii,
2575 5786 2775 5858 ἑορτῶν
2809 5785 2928 5861 μία.
