4194 6408
434 355 548 411 533

1534 353 1886 412 COMMENT.
1918 353 1986 408 IN
2020 352 2208 409 JOAN.
2244 352 2478 409 TOMUS
2517 353 2581 408 Χ.

3574 357 3678 412 534

434 473 531 524 καὶ
549 471 890 539 πολυϐίϐλου,
905 475 1104 538 παντός
1115 492 1173 528 τε
1185 473 1294 545 (‘21)
1307 473 1400 527 τοῦ
1411 473 1552 527 κατά
1565 474 1727 542 νόμον
1752 471 2014 544 μυστικοῦ
2043 477 2088 533 Α

2011 498 2014 514 ι
2043 477 2088 533 Α
2118 483 2341 540 egerent
2391 471 2647 541 praecipui
2678 484 2742 525 ac
2776 471 2957 541 magni
3006 470 3151 538 libri,
3186 485 3414 542 quaeque
3452 473 3667 527 omninc

432 563 617 633 λόγου,
629 566 725 618 καὶ
741 565 845 636 ἰδίᾳ
859 566 969 619 τῶν
982 567 1124 620 κατὰ
1134 566 1232 630 τὰς
1246 565 1456 638 ἐορτάς,
1479 567 1573 618 καὶ
1595 564 1674 617 ἔτι
1696 563 1907 618 ίδικώτε
1916 579 2005 634 ρον

435 656 566 729 περὶ
580 655 673 708 τοῦ
694 656 908 727 Πάσχα.
926 656 1193 711 Ἰουδαίων
1207 658 1316 728 μὲν
1332 653 1429 710 οῦν
1441 656 1502 710 τὸ
1522 655 1715 726 Πάσχα
1738 654 2009 727 πρόϐατόν

436 745 554 797 ἐστι
577 744 857 816 θυόμενον,
882 745 1290 817 λαμϐανόμενον
1318 746 1531 816 ἑκάστῳ
1562 748 1682 798 κατ’
1705 745 1885 807 οίκους
1912 759 2009 797 πα-

436 835 623 908 τριῶν,
642 839 738 889 καὶ
751 837 996 891 ἐπιτελού
1004 855 1161 908 μενον
1187 836 1411 909 μυριάσι
1434 835 1796 907 σφαζομὲναις
1819 835 2007 906 ἀμνῶν

437 929 531 982 καὶ
554 929 777 999 ἐρίφων,
808 929 1016 982 πλείοσι
1045 930 1186 984 κατὰ
1214 930 1310 1001 τὴν
1349 928 1636 996 ἀναλογίαν
1655 926 1749 981 τοῦ
1774 926 2007 999 ἀριθμοῦ

433 1018 546 1073 τῶν
558 1018 721 1071 οἴκων
737 1019 826 1071 τοῦ
842 1019 996 1086 λαοῦ,
1017 1020 1078 1073 τὸ
1104 1020 1160 1073 δὲ
1184 1022 1218 1091 ἡ
1226 1020 1339 1092 μῶν
1362 1021 1501 1092 ὑπὲρ
1515 1020 1669 1091 ἡμῶν
1692 1019 1802 1091 (22)
1819 1019 2011 1089 Πάσχα

434 1111 600 1183 ἐτύθη
624 1112 876 1183 Χριστός.
900 1113 1010 1165 Καὶ
1032 1113 1192 1167 πάλιν
1213 1112 1435 1167 ἐκείνων
1470 1112 1567 1183 μὲν
1581 1112 1697 1166 ἐστι
1718 1113 1784 1167 τὰ
1804 1111 2006 1183 ἄζυμα,

432 1202 837 1273 ἀφανιζομένης
878 1204 1060 1274 πάσης
1105 1202 1284 1274 ζύμης
1326 1204 1393 1257 ἐκ
1439 1203 1549 1257 τῶν
1592 1202 1754 1257 οἴκων
1795 1202 2005 1256 αὐτῶν·

435 1295 597 1365 ἡμεῖς
624 1294 681 1347 δὲ
707 1292 1040 1365 ἑορτάζομεν
1065 1295 1128 1347 οὐ
1157 1293 1302 1365 ζύμῃ
1339 1293 1562 1365 παλαιᾷ,
1590 1294 1711 1347 οὐδὲ
1734 1293 1879 1365 ζύμῃ
1909 1310 2009 1347 κα-

434 1387 559 1448 κίας
613 1386 707 1438 καὶ
738 1386 1022 1456 πονηρίας,
1044 1384 1158 1439 ἀλλ’
1187 1388 1244 1438 ἐν
1273 1386 1500 1457 ἀζύμοις
1533 1385 1874 1456 είλικρινείας
1918 1385 2011 1438 καὶ

432 1474 707 1545 ἀληθείας.
740 1475 803 1526 Εἰ
841 1474 899 1526 δέ
925 1476 1043 1527 ἐστί
1070 1493 1123 1529 τι
1157 1475 1339 1547 τρίτον
1366 1475 1514 1548 παρά
1540 1475 1609 1529 τά
1631 1475 1895 1547 εἰρημένα
1918 1475 2011 1528 δύο

432 1565 625 1634 Πάσχα
651 1563 744 1617 τοῦ
771 1566 976 1635 Κυρίου
1006 1568 1100 1619 καὶ
1136 1566 1385 1636 ’Λζύμων
1411 1566 1594 1639 ἑορτὴ,
1624 1566 2011 1638 ἀκριϐέστερον

430 1655 747 1719 ἐξεταστέον
791 1655 880 1709 διὰ
920 1657 981 1711 τὸ
1027 1658 1389 1729 ὑποδείγματι
1429 1660 1524 1712 καὶ
1569 1660 1700 1729 σκιᾷ
1733 1658 2011 1729 λατρεύειν

430 1744 674 1807 ἐκείνους
698 1743 807 1797 τῶν
836 1747 1176 1817 ἐπουρανίων
1204 1749 1449 1814 ἐκείνων,
1480 1751 1575 1803 καὶ
1600 1750 1661 1802 ού
1697 1750 1856 1819 μόνον
1882 1747 2013 1821 βρώ-

2116 564 2457 631 requirerent
2483 561 2764 631 mysticam
2792 563 2842 614 in
2868 562 2985 630 lege
3007 561 3355 616 exsistentem
3388 561 3673 621 rationem,

2113 661 2168 707 et
2200 653 2499 720 praesertim
2551 667 2732 707 rerum
2769 667 2955 707 earum
3002 652 3266 707 rationem
3297 665 3416 722 quae
3446 660 3571 705 sunt
3622 652 3675 704 iu

2114 742 2524 804 festivitatibus,
2557 751 2723 811 atque
2755 742 2920 796 etiam
2965 743 3138 811 magis
3184 742 3453 811 precipue
3489 757 3677 795 eorum

2113 847 2233 902 quat
2259 833 2326 887 ad
2357 833 2563 889 Pascha
2602 834 2895 901 pertinent.
2921 833 3186 900 Quocirca
3212 833 3521 890 Iudaeorum
3553 834 3677 898 qui-

2115 927 2236 981 dem
2284 924 2517 991 Pascha,
2557 927 2677 981 ovis
2707 934 2794 981 est
2822 939 2942 993 quae
2986 927 3320 993 immolatur,
3357 940 3517 996 quam
3564 927 3681 980 sin-

2114 1019 2223 1089 guli
2254 1018 2356 1074 sibi
2386 1028 2609 1072 sumunt
2636 1032 2731 1087 per
2758 1019 2947 1074 domos
2978 1019 3331 1083 familiarum,
3362 1029 3414 1073 et
3458 1017 3681 1087 perlici-

2118 1118 2205 1163 tur
2230 1124 2352 1163 cum
2381 1109 2626 1178 pluribus
2658 1110 2992 1181 myriadibus
3018 1124 3277 1178 agnorum
3313 1119 3367 1163 et
3399 1110 3677 1164 haedorum

2114 1202 2331 1266 occisis,
2359 1203 2510 1271 juxta
2547 1203 2959 1271 proportionem
3005 1204 3216 1258 numeri
3252 1204 3532 1258 domorum
3581 1219 3679 1272 po-

2116 1293 2272 1361 puli;
2315 1304 2561 1347 nostrum
2598 1306 2726 1348 vero
2772 1291 2979 1348 Pascha
3019 1309 3115 1363 pro
3156 1293 3313 1349 nobis
3366 1293 3678 1348 immolatus

2116 1393 2200 1439 est
2232 1383 2499 1439 Christus.
2549 1384 2761 1439 Rursus
2810 1383 2886 1437 illi
2944 1399 3133 1455 azyma
3184 1385 3405 1449 habent,
3459 1397 3682 1439 cessare

2118 1474 2379 1530 facientes
2410 1476 2476 1529 de
2526 1474 2779 1529 domibus
2819 1474 2931 1529 suis
2982 1489 3142 1529 omne
3180 1474 3552 1534 fermentum;
3583 1486 3681 1525 nos

2117 1574 2297 1619 autem
2321 1564 2644 1620 festivitates
2666 1564 2877 1635 agimus
2903 1582 2922 1616 ι
2962 1579 3068 1619 non
3095 1564 3147 1619 in
3172 1562 3441 1619 fermento
3470 1572 3677 1628 vetere,

2120 1670 2297 1726 neque
2332 1656 2386 1710 in
2433 1655 2698 1711 fermento
2748 1655 2968 1710 malitiae
3040 1665 3096 1710 et
3151 1655 3428 1724 nequitiae,
3470 1655 3565 1709 sed
3625 1655 3679 1708 in

2118 1749 2331 1819 azymis
2352 1748 2686 1805 sinceritatis
2718 1759 2776 1804 et
2799 1750 3049 1805 veritatis
3069 1750 3137 1802 ³³.
3172 1768 3191 1801 ι
3212 1750 3294 1804 An
3321 1763 3452 1804 vero
3481 1758 3683 1817 praeter

435 1853 604 1907 ματα,
629 1838 725 1890 καὶ
753 1839 996 1909 πόματα,
1018 1842 1110 1894 καὶ
1136 1841 1446 1913 νεομηνίας,
1469 1841 1563 1895 καὶ
1594 1841 1860 1906 σάϐϐατα,
1885 1842 2020 1895 ἀλλά
2051 1838 2091 1891 Β

2051 1838 2091 1891 Β
2121 1842 2207 1896 illa
2233 1841 2340 1896 duo
2373 1856 2494 1910 quae.
2516 1843 2775 1907 diximus,
2810 1842 2884 1895 sit
2908 1843 3185 1923 quoddam
3216 1844 3436 1895 tertium
3466 1839 3681 1895 Pascha

430 1928 529 1980 καὶ
558 1928 656 1990 τὰς
683 1929 874 2001 ἐορτάς
920 1931 1076 1984 σκιὰν
1114 1928 1251 1985 εἶναι
1289 1932 1397 1986 τῶν
1439 1933 1760 2003 μελλόντων.
1791 1932 2013 2004 Πρῶτον

429 2017 497 2089 δὴ
520 2019 614 2072 τοῦ
644 2021 965 2075 Ἀποστόλου
984 2022 1234 2091 λέγοντος
1256 2039 1270 2054 δ
1301 2043 1319 2075 ι
1355 2025 1428 2078 Τὸ
1458 2026 1650 2094 Πάσχα
1672 2025 1825 2096 ἡμῶν
1849 2025 2012 2095 ἐτύθη

431 2112 691 2183 Χριστὸς,
729 2132 749 2166 ι
778 2115 1117 2186 ἐπαπορήσει
1143 2132 1227 2178 τις
1252 2116 1389 2186 πρὸς
1412 2116 1575 2169 αὑτὸν
1598 2116 1802 2169 ταῦτα.
1834 2116 1897 2169 Εἰ
1922 2117 2015 2169 τύ-

433 2219 538 2267 ⁴ιοος
567 2206 683 2258 ἐστὶ
707 2205 809 2275 τῆς
831 2207 1067 2277 Χριστοῦ
1088 2206 1295 2270 θύσεως
1318 2207 1378 2259 τὸ
1404 2208 1551 2279 παρά
1588 2208 1860 2271 Ἰουδαίοις
1883 2208 2016 2280 πρό-

433 2293 623 2361 ϐατον,
653 2298 773 2367 ἢτοι
805 2298 972 2368 ἐχρῆν
1003 2298 1081 2363 ἓν,
1109 2298 1206 2352 καὶ
1231 2297 1304 2369 μὴ
1331 2298 1500 2352 πολλὰ
1527 2298 1748 2351 θύεσθαι
1769 2299 1898 2369 παρ’
1920 2299 2016 2351 αύο

433 2391 549 2452 τοῖς
575 2388 842 2459 πρόϐατα,
874 2388 1062 2462 ὥσπερ
1097 2385 1178 2454 εἷς
1209 2391 1355 2443 ἐστιν
1383 2393 1411 2443 ό
1436 2390 1669 2461 Χριστός
1688 2408 1701 2421 ο
1738 2392 1771 2461 ἢ
1806 2390 2014 2443 πολλῶν

436 2479 713 2551 θυομένων
739 2481 1048 2554 προϐάτων,
1081 2483 1245 2536 οἱονεὶ
1278 2482 1505 2546 πολλοὺς
1528 2482 1795 2554 Χριστοὺς
1820 2483 2016 2553 θυομέ-

433 2586 563 2635 νους
605 2572 912 2636 ἀκολούθως
958 2572 1038 2644 τῷ
1079 2573 1254 2644 τύπῳ.
1289 2574 1593 2645 Ζητητέον,
1634 2574 1721 2627 ἵνα
1762 2574 1820 2627 δὲ
1858 2574 2016 2627 τοῦτο

435 2664 964 2735 παραπεμψώμεθα,
998 2664 1112 2728 πῶς
1154 2664 1216 2719 τὸ
1263 2665 1527 2736 θυόμενον
1572 2665 1841 2736 πρόϐατον
1877 2668 2015 2736 Χρι-

437 2754 567 2808 στοῦ
595 2757 837 2827 περιέχει
875 2757 1059 2811 εἰκόνα
1084 2756 1177 2811 τοῦ
1216 2758 1316 2828 μὲν
1350 2756 1623 2828 προϐάτου
1652 2757 1757 2810 ὑπὸ
1781 2757 1888 2810 τῶν
1916 2775 2015 2829 τη-

441 2847 679 2919 ρούντων
716 2848 806 2901 τὸν
840 2849 1003 2920 νόμον
1050 2848 1308 2920 θυομένου
1335 2890 1348 2911 ,
1380 2849 1619 2920 Χριστοῦ
1661 2848 1719 2903 δὲ
1758 2847 1864 2902 ὑπὸ
1907 2848 2015 2903 τῶν

439 2938 885 3009 παραϐαινόντων
916 2940 1080 2995 αὐτὸν
1110 2940 1496 3012 ἀναιρουμένου
1517 2958 1529 2970 ·
1577 2940 1655 2994 ἐτι
1688 2940 1746 2994 δὲ
1782 2941 1898 3004 πῶς
1925 2941 2016 2994 ἐπὶ

439 3027 677 3100 Χριστοῦ
727 3029 821 3081 τόυ
862 3048 881 3080 ι
917 3030 1184 3097 Φάγονται
1228 3029 1297 3083 τά
1343 3030 1478 3102 κρέα
1523 3030 1694 3102 ταύτῃ
1742 3032 1807 3102 τῇ
1859 3032 2015 3084 νυκτὶ

438 3118 582 3172 ὀπτὰ
617 3120 768 3189 πυρὶ,
794 3119 888 3172 καὶ
913 3118 1098 3190 ἄζυμα
1122 3120 1215 3172 ἐπὶ
1247 3118 1509 3191 πικρίδων
1531 3118 1758 3182 ἔδονται,
1793 3138 1812 3171 ι
1845 3121 2018 3191 ἑρμηρ

438 3209 655 3263 νευτέον
674 3226 688 3241 ’
723 3210 819 3263 καὶ
838 3209 897 3263 τό
916 3226 931 3241 ·
961 3229 979 3261 ‹
1020 3211 1135 3263 Οὐκ
1166 3209 1349 3263 ἐδεσθε
1372 3211 1467 3265 ἀπ’
1491 3211 1668 3266 αὐτῶν
1695 3212 1865 3283 ὠμὸν,
1894 3213 2015 3267 οὐδὲ
2043 3192 2084 3248 C-

436 3297 719 3369 ήψημένον
746 3300 805 3351 ἐν
829 3298 1002 3363 ὕδατι,
1039 3299 1156 3352 ἀλλ’
1203 3299 1236 3369 ἢ
1270 3298 1412 3353 ὀπτά
1444 3305 1577 3373 πυρί
1598 3319 1611 3330 ·
1653 3301 1890 3373 κεφαλὴν
1917 3303 2015 3355 σὺν

436 3392 551 3452 τοῖς
580 3390 707 3443 ποσὶ
731 3391 956 3454 καὶτοῖς
984 3389 1272 3455 ἐνδοσθίοις
1295 3409 1308 3422 ·
1333 3393 1434 3446 οὒκ
1458 3392 1778 3467 ἀπολείψετε
1804 3395 1896 3446 ἀπ’
1917 3394 2015 3446 αύ-

438 3480 548 3532 τῶν
574 3480 679 3544 ἕως
706 3480 872 3553 πρωῒ,
901 3482 996 3534 καὶ
1023 3481 1212 3535 ὀστοῦν
1238 3483 1299 3535 ού
1336 3483 1651 3555 συντρίψετε
1679 3484 1771 3541 ἀπ’
1799 3482 1977 3538 αὐτῶν
1998 3500 2012 3515 ο

436 3572 510 3626 τὰ
542 3572 597 3626 δὲ
621 3573 1058 3644 καταλειπόμενα
1096 3575 1190 3627 ἀπ’
1223 3574 1403 3628 αὐτῶν
1431 3576 1536 3639 ἓως
1570 3574 1715 3646 πρωῒ
1742 3574 2018 3629 κατακαύ-

439 3680 582 3716 σετε.
620 3683 639 3714 ι
676 3666 859 3718 Ἔοικε
898 3666 955 3718 δὲ
997 3664 1103 3736 τῷ,
1144 3684 1162 3717 t
1205 3666 1423 3719 Ὀστοῦν
1461 3667 1523 3718 ού
1565 3667 1882 3737 συντρίψετε
1921 3667 2014 3719 ἀπ’

438 3755 603 3808 αὐτοῦ
638 3756 773 3826 (9.5),
812 3776 830 3810 ι
865 3758 895 3809 ό
929 3758 1182 3829 Ἰωάννης
1224 3759 1283 3811 ὲν
1321 3757 1400 3828 τῷ
1445 3758 1763 3829 Εὑαγγελίῳ
1813 3758 2015 3828 κεχρῆ-

440 3850 587 3913 σθαι,
621 3851 697 3913 ὡς
728 3849 1120 3922 ἀναφερομένῳ
1149 3851 1241 3903 ἐπὶ
1268 3850 1366 3919 τὴν
1395 3852 1523 3922 περὶ
1550 3851 1643 3904 τὸν
1676 3851 1903 3922 Σωτῆρα
1935 3852 2014 3903 οἰ-

2122 1934 2354 1999 Domini,
2384 1943 2441 1988 et
2467 1933 2735 1989 festivitas
2757 1949 3091 2003 azymorum,
3138 1935 3445 1988 accuratius
3470 1932 3685 1989 exami-

2121 2026 2357 2081 nandum
2384 2034 2486 2092 est,
2522 2039 2588 2081 eo
2616 2026 2759 2095 quod
2784 2026 2871 2079 illa
2905 2024 3151 2094 exemplo
3184 2034 3238 2078 et
3262 2024 3467 2079 umbrae
3498 2039 3680 2077 rerum

2119 2115 2590 2187 supercmlestium
2619 2116 2887 2177 serviant,
2916 2129 3013 2169 nec
3043 2126 3252 2169 tantum
3282 2116 3411 2180 cibi,
3443 2124 3497 2168 et
3529 2130 3681 2180 vasa,

2120 2218 2176 2263 et
2222 2205 2522 2270 novilunia,
2578 2213 2635 2260 et
2680 2203 2937 2268 Sabbata,
2994 2205 3089 2259 sed
3142 2206 3304 2260 etiam
3357 2203 3682 2260 festivitates

2119 2296 2325 2351 umbrae
2359 2296 2471 2350 sint
2496 2294 2820 2351 futurorum.
2860 2293 3099 2349 Primum
3129 2294 3293 2365 igitur
3316 2296 3573 2364 Apostolo
3598 2298 3684 2351 di-

2120 2397 2279 2442 cente
2302 2406 2316 2442 :
2353 2403 2373 2439 t
2398 2386 2605 2441 Pascha
2626 2396 2870 2441 nostrum
2896 2384 3208 2440 immolatus
3229 2382 3673 2448 estChristus”,t

2121 2475 2189 2530 de
2235 2475 2386 2529 hisce
2437 2474 2705 2529 dubitabit
2734 2474 2970 2544 aliquis,
3026 2473 3212 2529 dicens
3251 2493 3266 2528 :
3297 2474 3353 2529 Si
3386 2475 3505 2530 ovis
3536 2479 3681 2545 apud

2118 2565 2332 2621 Iudaeos
2360 2567 2534 2636 figura
2560 2574 2677 2620 erat
2711 2566 3092 2622 immolationis
3121 2567 3349 2633 Christi,
3382 2568 3465 2622 vel
3516 2583 3683 2637 opor-

2122 2659 2293 2713 tuisse
2329 2673 2515 2722 unam,
2564 2671 2668 2710 non
2708 2657 2894 2726 plures
2919 2672 3047 2712 oves
3082 2657 3373 2723 immolari,
3421 2659 3685 2728 quemad-

2122 2748 2339 2803 modum
2392 2763 2532 2803 unus
2583 2748 2744 2819 176
2781 2758 2865 2802 est
2910 2747 3180 2814 Christus,
3227 2750 3311 2803 vei
3338 2765 3461 2804 cum
3503 2752 3684 2807 multa:

2122 2841 2539 2896 immolarentur
2584 2856 2733 2905 owes,
2772 2841 2971 2897 multos
3004 2843 3194 2905 etiam,
3241 2852 3300 2897 ut
3347 2844 3420 2896 ita
3467 2842 3679 2914 loquar,

2124 2933 2480 2989 immolandos
2524 2932 2691 2988 fuisse
2728 2933 2978 2989 Cbristos
3024 2946 3423 3004 consequenter
3472 2938 3680 3008 ﬁgurae.

2124 3024 2194 3081 Ut
2244 3040 2427 3081 autem
2490 3026 2595 3081 hoc
2641 3027 3159 3095 praetermittamus,
3207 3031 3553 3099 quaerendum
3600 3042 3685 3087 est

2124 3119 2398 3187 quomodo
2440 3117 2560 3172 ovis
2604 3132 2725 3187 qua:
2792 3117 3106 3173 immolatur
3156 3121 3437 3176 contineat
3480 3122 3680 3177 Christi

2120 3210 2431 3280 imaginem,
2466 3225 2589 3264 cum
2618 3211 2734 3265 haec
2770 3210 2992 3280 quidem
3034 3210 3347 3266 immoletur
3381 3213 3449 3268 ab
3491 3214 3557 3269 iis
3590 3216 3682 3283 qui

2116 3310 2339 3356 servant
2397 3299 2591 3370 legem,
2637 3299 2889 3356 Christus
2936 3315 3065 3355 vero
3112 3301 3457 3359 iuterimatur
3495 3306 3683 3360 abhis

2116 3395 2207 3463 qui
2232 3408 2349 3448 eam
2400 3396 2899 3463 transgrediuntur.
2950 3394 3332 3464 lnquirendum
3386 3405 3471 3452 est
3511 3399 3676 3453 ctiam

2117 3485 2383 3553 quomodo
2435 3485 2502 3540 de
2558 3484 2775 3539 Christo
2827 3484 2958 3539 illud
3024 3486 3491 3550 interpretandum
3543 3489 3615 3542 sit
3662 3505 3677 3540 :

2123 3593 2143 3627 ι
2182 3575 2353 3629 Edent
2394 3590 2588 3630 carnes
2637 3576 2739 3630 hac
2786 3585 2943 3630 nocte
2991 3588 3146 3631 assas
3192 3560 3324 3645 igni,
3379 3586 3435 3633 et
3485 3592 3676 3649 azyma

2115 3667 2278 3722 edent
2308 3682 2431 3721 cum
2462 3667 2699 3738 intybis;
2738 3685 2757 3720 ι
2793 3676 2846 3720 et
2877 3667 3049 3723 illud:
3091 3686 3109 3717 ι
3145 3668 3262 3723 Non
3296 3671 3591 3726 comedetis
3612 3688 3680 3729 ex

2115 3760 2195 3814 eis
2229 3763 2476 3825 crudum,
2506 3774 2681 3829 neque
2709 3759 2967 3815 elixatum
3000 3775 3165 3830 aqua,
3194 3762 3287 3817 sed
3318 3771 3526 3818 tantum
3559 3782 3679 3820 assa

2118 3853 2223 3922 igni
2256 3872 2268 3906 :
2304 3861 2463 3920 caput
2484 3866 2608 3905 cum
2640 3851 2883 3920 pedibus,
2905 3859 2960 3904 et
2981 3851 3257 3908 intestinis
3289 3852 3680 3930 {comedetis},

441 3941 734 4011 κονομίαν,
787 3941 883 3993 καὶ
931 3942 1020 3994 ὅτε
1055 3942 1113 3993 ἐν
1155 3939 1234 4011 τῷ
1283 3939 1433 4012 νόμῳ
1465 3941 1576 4013 (24)
1614 3941 1920 3995 κελεύονται
1954 3942 2017 3994 τὸ

2118 3960 2216 3999 ηεε
2248 3943 2563 4011 relinquetis
2593 3958 2657 3997 ex
2690 3944 2771 3997 eis
2801 3958 2971 4012 usque
2999 3958 3173 4008 mane,
3206 3953 3260 3999 et
3298 3961 3361 4002 os
3402 3962 3508 4002 non
3536 3964 3681 4004 com-

439 4034 706 4105 πρόϐατον
732 4032 1003 4097 ἐσθίοντες
1032 4031 1222 4086 ὀστοῦν
1254 4033 1417 4086 αὐτοῦ
1456 4034 1529 4104 μὴ
1560 4034 1885 4106 συντρίϐειν.
1916 4034 2017 4087 Λέ-

2117 4035 2375 4089 minuetis
2405 4049 2468 4087 ex
2495 4033 2575 4087 eis
2602 4049 2617 4097 ;
2653 4043 2706 4087 et
2735 4047 2858 4101 qua:
2881 4047 2947 4087 ex
2971 4034 3051 4087 eis
3079 4035 3293 4090 residua
3319 4047 3479 4091 erunt
3509 4055 3680 4109 usque

438 4141 525 4192 γει
554 4124 611 4177 δέ
639 4123 812 4187 οὕτως
838 4141 852 4154 υ
892 4142 910 4175 t
939 4119 1141 4177 ’Ἦλθον
1172 4119 1265 4177 οῦν
1305 4127 1355 4177 oi
1388 4124 1716 4195 στρατιῶται
1742 4164 1758 4186 ,
1789 4126 1883 4180 καὶ
1920 4125 2013 4179 τοῦ

2118 4141 2296 4192 mane,
2320 4125 2645 4180 comburetis
2669 4126 2735 4178 ³⁸.
2779 4143 2798 4176 ι
2837 4124 3063 4179 Videtur
3091 4135 3269 4182 autem
3306 4130 3357 4183 in
3388 4130 3682 4201 Evangelio

442 4218 541 4287 μὲν
581 4216 798 4288 πρώτου
841 4217 1111 4283 κατέαξαν
1150 4218 1217 4270 τὰ
1257 4217 1444 4288 σκέλη,
1470 4218 1563 4270 καὶ
1596 4217 1689 4270 τοῦ
1734 4218 1893 4272 ἄλλου
1921 4217 2013 4271 τοῦ

2114 4213 2353 4270 Joannes
2385 4215 2431 4246 ³⁸
2458 4215 2533 4268 uti
2575 4216 2679 4271 hoc
2709 4216 2877 4283 dicto,
2920 4234 2939 4267 ι
2972 4230 3036 4271 os
3063 4232 3169 4271 non
3204 4208 3584 4278 comminuetis
3615 4240 3681 4278 ex

441 4307 912 4379 συσταυρωθέντος
941 4308 1090 4378 αὐτῷ
1115 4324 1129 4338 ·
1173 4309 1265 4360 ἐπὶ⁵
1305 4307 1361 4360 δὲ
1389 4308 1480 4360 τὸν
1517 4308 1723 4380 Ἰησοῦν
1750 4308 2011 4372 ἐλθόντες,

2114 4322 2201 4370 eo,
2235 4325 2256 4355 ι
2292 4306 2514 4374 perinde
2550 4307 2704 4376 quasi
2736 4305 3003 4361 referatur
3040 4309 3107 4364 ad
3152 4313 3511 4366 oeconomiam
3547 4313 3679 4369 Ser-

438 4399 515 4461 ὠς
561 4395 698 4452 εἶδον
730 4399 829 4471 ήδη
873 4399 1033 4452 αὐτὸν
1065 4398 1364 4469 τεθνηκότα
1386 4439 1402 4463 ,
1434 4400 1495 4452 οὐ
1538 4399 1804 4463 κατέαξαν
1851 4401 2013 4454 αὑτοῦ

2118 4398 2341 4463 vatoris,
2366 4409 2420 4452 et
2444 4398 2510 4451 ad
2536 4397 2665 4450 illud
2695 4404 2923 4465 tempus,
2947 4398 3168 4465 quando
3191 4401 3244 4453 in
3275 4400 3396 4470 lege
3419 4402 3680 4472 jubentur

440 4490 508 4544 τά
530 4490 715 4561 σκέλη,
754 4490 869 4545 ἀλλ’
896 4488 977 4553 εἷς
1003 4491 1113 4544 τῶν
1144 4489 1496 4563 στρατιωτῶν
1528 4491 1696 4564 λόγχῃ
1727 4492 1827 4563 τὴν
1860 4491 2016 4544 πλευ·
2048 4540 2089 4593 D

2048 4540 2089 4593 Ο
2116 4506 2269 4545 ovem
2306 4492 2649 4547 comedentes
2688 4503 2751 4543 os
2791 4506 2900 4545 non
2960 4498 3261 4545 conterere.
3314 4493 3451 4548 Dicit
3497 4504 3677 4549 autem

443 4580 545 4652 ρὰν
576 4582 740 4634 αὑτοῦ
765 4581 940 4646 ἕνυξε.
978 4582 1086 4636 Καὶ
1127 4583 1346 4653 ἐξῆλθεν
1371 4582 1531 4645 εὐθὺς
1557 4578 1695 4653 αἷμα
1732 4584 1824 4635 καὶ
1849 4582 2014 4655 ὓδωρ.
2048 4578 2086 4593 ν

2048 4578 2086 4593 ν
2125 4584 2202 4637 sic
2230 4583 2273 4613 ³⁷
2309 4601 2322 4636 :
2351 4598 2371 4633 ι
2405 4580 2680 4649 Venerunt
2722 4594 2851 4648 ergo
2903 4579 3129 4644 milites,
3164 4591 3220 4635 et
3246 4582 3407 4650 primi
3462 4585 3679 4652 quidem

441 4673 552 4725 Καὶ
593 4674 622 4725 ό
660 4672 921 4743 ἑωρακὼς
978 4674 1405 4745 μεμαρτύρηκε,
1442 4674 1535 4727 καὶ
1580 4674 1804 4745 ἀληθινὴ
1849 4674 2014 4728 αὑτοῦ

2118 4670 2399 4741 fregerunt
2430 4682 2611 4733 crura,
2654 4676 2708 4723 et
2735 4668 2980 4733 alterius,
3009 4669 3099 4737 qui
3129 4684 3253 4723 cum
3285 4684 3350 4724 co
3387 4673 3681 4745 crucifixus

442 4764 590 4816 ἐστιν
615 4765 649 4833 ή
676 4764 970 4835 μαρτυρία.
996 4765 1104 4817 Καὶ
1132 4767 1337 4828 ἐκεῖνος
1362 4760 1522 4829 οἶδεν,
1547 4766 1627 4819 ὅτι
1649 4766 1820 4838 ἀληθῆ
1846 4767 2014 4835 λέγει,

2117 4771 2235 4818 erat
2262 4780 2276 4816 :
2314 4763 2381 4815 ad
2412 4759 2597 4814 Jesum
2638 4770 2819 4815 autem
2847 4773 2971 4814 cum
3000 4760 3301 4827 venissent,
3329 4769 3390 4815 ut
3429 4761 3682 4817 viderunt

441 4853 530 4907 ἴνα
560 4854 653 4906 καὶ⁵
685 4854 840 4924 ὑμεῖς
867 4854 1178 4925 πιστεύητε.
1224 4856 1471 4923 Ἐγένετο
1503 4856 1612 4929 γάρ
1640 4857 1830 4920 ταῦτα,
1858 4858 1945 4910 ἵνα
1972 4860 2005 4929 ή

2100 4867 2239 4907 cum
2265 4850 2377 4921 jam
2413 4861 2707 4914 mortuum,
2754 4866 2862 4905 non
2912 4851 3193 4921 fregerunt
3219 4851 3337 4919 ejus
3362 4867 3543 4917 crura,
3570 4857 3678 4908 'sed

438 4945 628 5017 Γραφὴ
653 4946 941 5018 πληρωθῇ·
962 4948 1215 5002 Ὀστοῦν
1228 4950 1412 5004 αὑτοῦ
1432 4953 1503 5004 οὐ
1520 4951 1964 5018 σύντριϐήσετε.
1991 4971 2008 5003 ι

2119 4957 2256 4996 unus
2284 4942 2511 4996 militum
2549 4941 2736 4996 lancea
2791 4942 2931 4995 latus
2975 4941 3094 5011 ejus
3125 4941 3277 4995 fodit.
3326 4943 3392 4996 Et
3422 4943 3679 4999 continuo

437 5038 549 5090 Καὶ
572 5037 704 5091 ἄλλα
724 5039 781 5091 δὲ
812 5039 984 5111 μυρία
1017 5040 1168 5111 παρά
1196 5040 1367 5094 ταῦτά
1399 5044 1514 5095 ἐστι
1541 5040 1610 5093 τά
1635 5042 1770 5113 πρὸς
1793 5042 1890 5112 τὴν
1914 5042 2007 5095 τοῦ

2119 5034 2322 5088 ellluxit
2348 5034 2568 5104 sanguis
2596 5042 2650 5088 et
2685 5047 2844 5102 aqua.
2902 5033 2967 5087 Et
2997 5033 3090 5103 qui
3116 5035 3272 5097 vidit,
3311 5035 3675 5090 testimonium

452 5127 771 5181 Ἀποστόλου
818 5129 962 5193 λέξιν
998 5130 1517 5201 ἀναζητηθησόμενα
1540 5171 1554 5197 ,
1599 5131 1692 5185 καὶ
1742 5132 1870 5203 περὶ
1917 5132 2012 5185 τοῦ

2120 5127 2415 5198 perhibuit,
2452 5136 2509 5182 et
2552 5141 2743 5181 verum
2794 5136 2877 5181 est
2919 5127 3287 5182 testimonium
3320 5126 3457 5197 ejus.
3491 5127 3557 5182 Et
3591 5127 3678 5182 ille

513 5292 756 5363 ιιιοοτ.⁴
786 5325 840 5374 v,
868 5309 922 5365 8.
998 5312 1205 5366 “ibid.
1254 5313 1304 5367 7.
1384 5256 1994 5383 "-Exod:x1t,8seq.
2073 5310 2553 5377 “Joan.x1x,36.
2632 5309 2675 5340 ιτ
2703 5308 2836 5364 ibid.
2871 5307 2943 5362 σε
2966 5316 3021 5361 ei.
3050 5304 3202 5376 seqq.

494 5490 604 5563 (ει)
617 5493 848 5563 Πάν-τός
862 5491 1184 5563 reridetur
1198 5491 1395 5563 legisse
1408 5490 1917 5563 Ferrariusjtdvrm;
1928 5507 2010 5563 τε.

503 5561 617 5629 (2‘2)
653 5562 822 5630 Ὑπὲρ
847 5562 1035 5631 ἡμῶν.
1086 5561 1268 5617 Βεεεῐ
1297 5563 1352 5615 in
1398 5562 1633 5616 editione
1661 5561 1864 5627 ﬂuetii,
1916 5562 2011 5614 sed

440 5636 621 5687 exsl'at
651 5632 704 5683 in
729 5630 914 5685 codice
942 5630 1257 5685 Bodleiano.

513 5699 626 5769 (23)
660 5702 734 5754 Τὰ
748 5699 816 5753 δὲ
840 5702 1317 5769 καταλειπόμενα
1346 5700 1447 5754 ἀπ’
1473 5699 1670 5753 αὐτῶν
1702 5699 1811 5763 ἕως
1837 5699 2006 5767 πρωῒ,

2118 5493 2221 5545 ἀπ’
2253 5491 2460 5545 αὐτοῦ.
2491 5490 2615 5545 Hac
2642 5489 3021 5545 desiderantur
3055 5489 3107 5541 in
3134 5489 3321 5542 codice
3358 5486 3673 5551 Bodleiano,

2120 5576 2223 5641 nec
2253 5562 2476 5629 proinde
2504 5560 2692 5614 Latine
2725 5574 2879 5614 versa
2920 5567 3046 5613 sunt.
3091 5558 3160 5612 ab
3197 5558 3494 5625 interprete
3532 5556 3668 5612 Fer-

2117 5645 2301 5769 ηἱὲίιῖ)
2343 5699 2438 5751 Ἑν
2485 5697 2567 5761 τῷ
2610 5700 2789 5769 νόμῳ.
2848 5697 3136 5769 Ferrarius
3191 5696 3425 5769 videtun
3456 5697 3673 5769 legisse,

442 5767 870 5826 κατακαύσετε.
880 5772 1077 5825 "Eous
1092 5767 1275 5837 eam,
1303 5769 1547 5825 Ὀστοῦν
1559 5771 1629 5823 οὐ
1648 5769 2008 5837 συντρίψετε

2113 5767 2242 5823 ἄνευ
2275 5770 2465 5839 νόμου,
2493 5770 2653 5823 vertit
2680 5768 2823 5824 enim
2857 5785 2877 5819 ι
2904 5768 3020 5824 sine
3049 5767 3164 5831 lege
3197 5785 3216 5819 ι
3246 5780 3344 5835 pro
3372 5784 3391 5817 t
3413 5768 3466 5822 in
3500 5768 3668 5837 lege»
