4194 6436
596 355 701 408 5'55

2051 360 2370 415 ORIGENIS

3719 368 3822 421 536

593 476 715 538 scit,
771 474 914 543 quod
963 489 1088 528 vera
1129 475 1295 540 dicat,
1343 481 1404 528 ut
1447 483 1501 530 et
1552 490 1649 531 vos
1697 477 1952 532 credatis.
2004 478 2208 536 Facta;

2270 476 2478 544 Πάσχα,
2531 475 2754 528 καὶτῶν
2793 473 3072 545 Ἀζύμων,
3117 472 3581 545 ἐξετασθησόμενα
3627 476 3714 538 δὲ,
3749 478 3822 541 ὡς

593 574 720 621 sunt
747 567 893 620 enim
937 567 1072 633 haec,
1108 575 1170 620 ut
1201 565 1481 635 Scriptura
1536 568 1853 637 impleretur
1890 587 1903 621 :
1945 573 2016 625 Os
2050 585 2155 624 non

593 659 959 713 comminuetis
1024 673 1090 711 ex
1145 672 1226 709 eo.
1283 677 1302 709 ι
1365 659 1502 723 Quin
1556 660 1658 713 alia
1704 651 1986 714 innumera
2031 669 2157 713 sunt

591 760 784 818 praeter
812 749 923 803 haec
975 749 1039 801 ad
1077 748 1363 802 lectionem
1400 751 1643 818 Apostoli
1681 751 2068 814 examinanda,
2101 762 2156 805 et

591 843 654 895 de
685 839 972 906 Paschate,
1016 847 1069 893 et
1096 841 1160 893 de
1191 840 1396 909 azymis
1425 857 1438 892 :
1475 841 1832 895 examinanda
1863 851 2064 905 autem,
2096 853 2157 897 ut

595 943 750 986 antea
779 932 1033 994 diximus,
1069 932 1364 999 scriptione
1395 943 1650 986 accurata
1675 933 1974 1002 longissimi
2006 934 2151 990 libri.

590 1023 742 1076 Nunc
768 1034 946 1077 autem
971 1025 1134 1078 veluti
1162 1040 1259 1094 per
1283 1025 1660 1094 compendium
1688 1025 1803 1080 haec
1831 1027 1882 1080 in
1915 1028 2150 1081 medium

586 1115 898 1178 aﬂ‘erentes,
930 1131 1049 1184 quae
1075 1128 1335 1186 apparent
1375 1119 1540 1173 dubia
1571 1127 1790 1188 propter
1816 1119 2149 1188 propositam

588 1205 891 1269 lcetionem,
933 1206 1012 1261 sic
1038 1207 1248 1262 solvere
1275 1208 1622 1271 tentabimus,
1666 1207 1798 1261 illud
1838 1209 2000 1262 etiam
2034 1222 2148 1262 me-

585 1301 760 1356 moria
810 1307 1154 1365 repetentes:
1205 1315 1224 1348 ι
1263 1296 1360 1352 Hic
1391 1307 1478 1352 est
1519 1298 1609 1352 ille
1655 1299 1841 1368 Agnus
1893 1298 2007 1361 Dei,
2057 1299 2150 1368 qui

587 1392 732 1446 tollit
761 1400 1040 1459 peccatum
1067 1387 1248 1441 mundi
1285 1387 1352 1451 ³⁸,
1390 1406 1409 1438 ι
1451 1389 1701 1456 quoniam
1729 1397 1782 1440 et
1808 1389 1860 1441 in
1891 1387 2151 1442 Paschate

591 1502 607 1535 ι
649 1498 714 1537 ex
743 1481 899 1551 agnis
933 1499 951 1532 ι
1011 1479 1209 1548 inquit,
1249 1495 1268 1529 ι
1309 1487 1362 1530 et
1390 1478 1554 1532 [mdis
1585 1478 1810 1531 sumetis
1835 1477 1900 1531 θ’.
1938 1497 1957 1530 ι
1996 1479 2150 1532 Vide-

587 1585 671 1630 tur
724 1573 885 1626 etiam
915 1568 1151 1622 Joannes
1180 1567 1513 1637 evangelista
1557 1582 1680 1622 cum
1723 1566 1890 1621 Paulo
1919 1583 2150 1624 consen-

586 1666 729 1720 tiens
757 1660 955 1717 similia
989 1658 1147 1714 dubia
1176 1659 1375 1712 habere
1400 1659 1468 1712 de
1496 1659 1579 1713 his
1601 1673 1720 1728 quae
1748 1673 1778 1712 a
1806 1659 1962 1713 nobis
1991 1659 2145 1713 inda-

581 1766 704 1828 gata
737 1764 883 1810 sunt.
915 1753 1207 1806 Dicendum
1243 1758 1420 1804 autem
1456 1759 1542 1806 est
1563 1751 1630 1805 ad
1657 1752 1780 1817 hoc,
1810 1752 1857 1806 si
1901 1771 1920 1804 ι
1953 1751 2146 1808 Sermo

2257 568 2681 636 προειρήκαμεν,
2705 566 3116 637 προηγουμένης
3140 565 3458 619 πολυόίὸλου
3484 569 3826 638 συγγραφῆς.

2257 660 2368 712 Νῦν
2410 661 2466 713 δὲ
2495 661 2568 723 ὡς
2615 663 2672 714 ὲν
2714 662 2948 731 ἐπιτομῇ
2996 659 3084 712 διὰ
3131 657 3228 728 τὴν
3274 657 3640 727 προκειμένην
3684 658 3828 724 λέξιν

2256 750 2426 804 ταῦτα
2463 751 2826 821 παραθέμενοι
2851 792 2865 814 ,
2901 751 2968 803 τὰ
3014 750 3310 819 φαινόμενα
3347 749 3422 811 ὼς
3469 750 3527 802 ὲν
3571 749 3836 821 βραχέσιν

2253 839 2394 894 οῦτω
2434 842 2582 896 λύειν
2632 842 3039 914 πειρασόμεθα,
3083 840 3517 911 ὑπομνησθέντες
3564 841 3661 894 καὶ
3701 839 3830 894 τοῦ·

2262 950 2283 980 ι
2312 927 2477 997 Οὗτός
2505 934 2903 1005 έστινόἈμνὸς
2936 934 3029 987 τοῦ
3063 932 3219 997 Θεοῦ,
3263 935 3291 986 6
3325 934 3493 1004 αῐρων
3524 933 3626 1006 τὴν
3653 933 3838 1002 ἁμαρ-

2253 1023 2374 1077 τίαν
2404 1023 2498 1076 τοῦ
2525 1025 2750 1094 κόσμου,
2799 1043 2817 1075 ι
2850 1026 2969 1077 ἐπεὶ
2999 1024 3092 1077 καὶ
3113 1025 3170 1075 ὲν
3197 1023 3275 1093 τῷ
3307 1023 3497 1093 Πάσχα
3531 1041 3550 1073 ι
3585 1022 3697 1078 ἀπὸ
3725 1021 3838 1074 τῶν

2253 1114 2469 1185 ἀμνῶν,
2514 1117 2682 1186 φησὶ,
2734 1118 2828 1170 καὶ
2875 1117 2981 1169 τῶν
3031 1115 3236 1186 ἐρίφων
3299 1114 3552 1185 λήψεσθε.
3611 1133 3632 1165 ι
3682 1113 3842 1178 Δόξει

2251 1208 2344 1258 καὶ
2367 1207 2477 1274 (ᾶὸ)
2506 1209 2534 1258 ό
2556 1207 2941 1278 εὑαγγελιστὴς
2969 1208 3207 1278 συνᾴδων
3230 1206 3308 1277 τῷ
3332 1206 3529 1276 Παύλῳ
3551 1205 3842 1268 τοιαύταις

2251 1297 2526 1365 ἐνέχεσθαι
2565 1298 2674 1352 τῶν
2716 1299 3097 1370 ἐξητασμένων
3157 1298 3433 1369 ἀπορίαις.
3469 1295 3711 1350 Λεκτέον
3761 1295 3842 1359 δὲ,

2248 1386 2351 1448 ὅτι,
2387 1389 2434 1439 εί
2472 1406 2490 1439 ι
2544 1388 2599 1442 ’0
2627 1390 2796 1458 Λόγος
2836 1391 3025 1459 γέγονε
3068 1389 3226 1460 σάρξ,
3271 1409 3287 1440 ι
3326 1388 3418 1442 καί
3469 1405 3638 1458 φησιν
3668 1389 3698 1439 ὁ
3726 1387 3844 1440 Κύ-

2251 1495 2384 1548 ριος,
2420 1497 2440 1530 ι
2495 1480 2620 1534 Ἐάν
2667 1481 2741 1552 μὴ
2789 1483 3001 1552 φάγητε
3047 1483 3145 1553 τὴν
3191 1482 3367 1552 σάρκα
3415 1479 3510 1533 τοῦ
3552 1477 3690 1533 Υἱοῦ
3743 1479 3842 1531 τοῦ

2248 1571 2561 1643 ἀνθρώπου,
2591 1574 2684 1626 καὶ
2714 1573 2873 1643 πίητε
2901 1573 3062 1627 αὑτοῦ
3093 1575 3154 1627 τὸ
3180 1568 3339 1643 αἷμα,
3373 1573 3473 1625 οὐκ
3498 1569 3656 1641 ἔχετε
3692 1570 3844 1640 ζωήν

2247 1665 2306 1716 ὲν
2359 1665 2588 1728 ἑαυτοῖς.
2630 1667 2686 1718 '0
2733 1665 2958 1740 τρώγων
2995 1683 3097 1736 μου
3135 1666 3233 1735 τὴν
3281 1666 3479 1736 σάρκα,
3522 1663 3622 1716 καὶ
3665 1661 3844 1714 πίνων

2251 1775 2350 1828 μου
2388 1759 2448 1811 τὸ
2485 1754 2656 1829 αἷμα,
2701 1760 2812 1829 ἔχει
2852 1760 2994 1830 ζωὴν
3045 1758 3258 1814 αἰώνιον
3282 1777 3293 1788 ·
3339 1756 3493 1826 κάγὼ
3537 1755 3845 1824 ἀναστήσω

583 1849 755 1902 factus
794 1854 876 1900 est
917 1857 1048 1898 caro
1071 1843 1138 1909 δ’,
1179 1861 1198 1894 ι
1246 1852 1301 1896 et
1337 1842 1514 1912 inquit
1540 1841 1799 1897 Dominus
1846 1841 1891 1875 “
1928 1859 1942 1896 :
1981 1861 1999 1894 ι
2033 1843 2143 1898 Nisi
2177 1834 2208 1890 Ε

2252 1850 2413 1904 αὑτὸν
2441 1852 2497 1904 ὲν
2528 1854 2594 1922 τῇ
2623 1851 2821 1922 ἐσχάτη
2851 1852 3031 1923 ἡμέρᾳ
3055 1868 3068 1880 ·
3105 1854 3138 1922 ἡ
3175 1852 3281 1922 γάρ
3313 1849 3450 1922 σάρξ
3493 1865 3599 1918 μου
3627 1846 3844 1918 ἀληθής

582 1936 1041 1993 manducaveritis
1075 1949 1292 1990 carnem
1334 1933 1456 1988 Filii
1493 1933 1758 1998 nominis,
1799 1942 1854 1988 et
1897 1934 2146 1990 biberitis

580 2030 695 2098 eius
728 2029 1068 2098 sanguinem,
1104 2041 1209 2080 non
1251 2023 1520 2079 habebitis
1549 2024 1718 2078 vitam
1750 2024 1804 2078 in
1836 2024 2011 2080 vobis.
2041 2027 2141 2092 Qui

580 2121 871 2175 manducat
895 2133 1066 2172 meam
1087 2130 1328 2180 carnem,
1359 2124 1413 2169 et
1439 2115 1573 2168 bibit
1599 2129 1776 2168 meum
1801 2117 2141 2183 sanguinem,

581 2211 745 2265 habet
777 2211 940 2263 vitam
979 2217 1240 2263 aeternam
1270 2224 1283 2260 :
1315 2213 1371 2259 et
1413 2220 1514 2276 ego
1555 2205 1896 2261 resuscitabo
1926 2222 2050 2260 eum
2088 2207 2141 2260 in

580 2302 873 2356 novissimo
911 2301 997 2354 die
1040 2317 1054 2354 :
1095 2313 1228 2354 caro
1264 2297 1408 2351 enim
1444 2309 1562 2350 mea
1605 2310 1731 2351 vere
1763 2305 1849 2351 est
1885 2297 2060 2360 cibus,
2091 2304 2145 2352 et

583 2393 742 2462 177
778 2391 998 2460 sanguis
1025 2404 1176 2444 meus
1205 2404 1332 2444 vere
1359 2397 1445 2443 est
1472 2395 1628 2456 potus
1669 2405 1682 2451 ;
1713 2388 1805 2457 qui
1851 2387 2144 2441 manducat

581 2501 754 2540 meam
796 2498 1035 2545 carnem,
1081 2489 1135 2535 et
1170 2481 1306 2535 bibit
1341 2494 1521 2533 meum
1555 2478 1896 2548 sanguinem,
1951 2476 2006 2532 in
2056 2492 2145 2531 me

582 2585 785 2640 manet,
820 2585 875 2630 et
914 2589 1014 2644 ego
1055 2573 1106 2627 in
1145 2573 1236 2627 illo
1279 2589 1296 2638 ;
1341 2592 1360 2625 ι
1411 2572 1642 2626 fortasse
1689 2571 1829 2625 hanc
1867 2585 1990 2626 esse
2019 2584 2144 2624 car-

585 2683 704 2724 nem
733 2667 870 2736 Agni
900 2666 1136 2721 tollentis
1187 2673 1463 2735 peccatum
1498 2662 1709 2729 mundi,
1760 2672 1815 2716 et
1845 2662 1990 2716 hunc
2019 2675 2141 2716 esse

577 2760 892 2828 sanguinem
927 2758 993 2813 de
1020 2772 1127 2824 quo
1169 2769 1370 2824 ponere
1424 2767 1649 2808 necesse
1692 2753 1764 2808 sit
1815 2767 1980 2821 super
2007 2753 2142 2806 duos

581 2855 765 2916 postes
791 2854 845 2900 et
873 2859 1035 2914 super
1072 2844 1235 2898 limen
1285 2844 1337 2898 in
1384 2843 1470 2898 his
1501 2844 1748 2898 domibus
1783 2842 1830 2874 “
1862 2842 1912 2896 in
1945 2843 2142 2911 quibus

575 2937 912 2992 comedimus
939 2934 1143 2989 Pascha
1174 2951 1188 2987 :
1217 2943 1380 3004 atque
1405 2950 1468 2990 ex
1511 2932 1669 3002 hujus
1712 2931 1851 3000 Agni
1881 2932 2140 2985 carnibus

579 3027 863 3082 comedere
908 3036 1160 3096 oportere
1203 3027 1256 3081 in
1315 3027 1498 3081 mundi
1549 3037 1812 3094 tempore,
1859 3027 2002 3094 quod
2054 3034 2139 3079 est

577 3135 684 3175 nox
723 3138 738 3184 ;
771 3135 924 3174 assas
977 3135 1105 3173 vero
1153 3135 1346 3175 carnes
1394 3134 1514 3175 esse
1566 3118 1972 3172 manducandas
2015 3132 2135 3170 cum

577 3228 712 3280 pane
729 3227 790 3266 ex
806 3213 1028 3281 atymis,
1042 3211 1471 3279 quandoquidem
1493 3209 1583 3264 Dei
1599 3208 1789 3264 Sermo
1805 3226 1910 3263 non
1932 3219 2136 3263 tantum
2168 3185 2208 3243 (ἶ

573 3313 656 3358 est
685 3318 838 3358 caro.
875 3302 1053 3370 luquit
1084 3303 1287 3373 igitur:
1329 3319 1346 3352 ι
1384 3301 1494 3370 Ego
1523 3317 1641 3354 sum
1678 3302 1833 3371 panis
1863 3302 1988 3354 vita}
2014 3301 2091 3366 u;
2117 3319 2134 3352 ι

573 3402 663 3447 et:
703 3410 724 3444 ι
761 3392 858 3446 llic
887 3403 966 3447 est
1001 3393 1176 3461 panis,
1217 3391 1307 3460 qui
1345 3391 1411 3443 de
1451 3391 1593 3445 caelo
1624 3392 1922 3456 descendit,
1957 3401 2017 3445 ut
2046 3393 2137 3460 qui

573 3498 638 3536 ex
669 3483 785 3551 ipso
817 3482 1132 3546 comederit,
1163 3495 1268 3534 non
1303 3490 1507 3549 pereat.
1547 3481 1656 3550 Ego
1706 3496 1824 3534 sum
1862 3480 2017 3549 panis
2056 3483 2137 3535 vi-

571 3589 692 3637 vus,
741 3575 831 3644 qui
871 3575 937 3627 de
979 3573 1116 3627 caelo
1144 3573 1396 3628 descendi
1443 3591 1456 3625 :
1493 3573 1536 3626 si
1566 3573 1687 3641 quis
1733 3574 2138 3627 manducaverit

573 3684 639 3722 ex
698 3669 799 3722 hoc
846 3683 1000 3736 pane,
1060 3667 1203 3720 vivet
1243 3669 1293 3720 in
1340 3675 1600 3720 aeternum
1647 3667 1715 3718 “.
1775 3683 1793 3716 ι
1853 3664 1964 3720 Nec
2007 3680 2139 3720 sane

573 3757 928 3827 ignorandum
954 3768 1037 3812 est
1069 3773 1286 3812 omnem
1311 3758 1493 3813 cibum
1525 3759 1748 3814 abusive
1777 3774 1969 3828 panem
2004 3757 2132 3822 dici,

571 3851 1019 3919 quemadmodum
1062 3853 1128 3904 de
1161 3851 1343 3922 Moyse
1369 3853 1630 3922 scriptum
1661 3861 1746 3906 est
1779 3852 1828 3905 in
1868 3851 2134 3906 Deutero-

573 3945 752 3998 nomio
777 3944 821 3974 ⁸⁵
841 3963 854 3998 :
875 3963 892 3994 ‹
920 3945 1282 4015 Quadraginta
1309 3946 1498 4000 diebus
1529 3961 1722 4015 panem
1753 3962 1856 4000 non
1876 3947 2132 4008 comedit,

568 4043 623 4086 ct
656 4049 849 4102 aquam
894 4049 998 4088 non
1031 4035 1187 4098 bibit,
1224 4055 1242 4087 ι
1276 4050 1373 4104 pro
1409 4052 1472 4090 eo
1507 4037 1650 4104 quod
1680 4047 1783 4098 est,
1810 4035 1995 4104 Neque
2028 4037 2133 4089 sic-

567 4141 711 4191 cum,
738 4140 913 4195 neque
940 4126 1221 4181 humidum
1244 4129 1482 4193 gustavit
1513 4129 1715 4181 cihum.
1744 4128 1898 4192 Quod
1931 4126 2134 4179 idcirco

566 4216 874 4283 observavi,
903 4217 1026 4286 quia
1050 4217 1199 4270 dicat
1227 4216 1464 4270 Joannes
1492 4217 1546 4270 in
1581 4232 1679 4272 suo
1714 4216 2005 4285 Evangelio
2035 4215 2087 4246 ”
2119 4235 2131 4268 :

575 4330 592 4361 ι
623 4311 688 4363 Et
719 4309 875 4378 panis
901 4309 1066 4363 etiam
1096 4323 1260 4377 quem
1293 4323 1392 4377 ego
1422 4308 1577 4370 dabo,
1605 4322 1733 4362 caro
1773 4321 1893 4361 mea
1920 4317 2001 4362 est
2033 4322 2131 4376 pro

567 4401 753 4455 mundi
781 4400 909 4456 vita.
949 4419 968 4452 ι
1007 4399 1274 4454 Caeterum
1321 4400 1376 4452 in
1413 4399 1615 4468 intybis
1649 4397 1984 4452 comedimus
2011 4411 2133 4449 car-

568 4507 662 4546 nes
695 4493 841 4562 agni,
878 4500 933 4544 et
962 4504 1177 4560 azyma,
1199 4488 1284 4542 vel
1318 4504 1441 4544 cum
1479 4505 1578 4544 nos
1607 4488 1838 4557 poenitet
1874 4495 2129 4556 peccato-
2167 4520 2208 4573 Β

569 4599 684 4636 rum
709 4593 1042 4646 nostrorum,
1063 4592 1119 4637 et
1147 4580 1514 4651 alliigimurea
1534 4581 1758 4635 tristitia
1781 4595 1900 4648 quae
1927 4594 1991 4632 ex
2024 4579 2130 4632 Deo

563 4682 665 4739 est,
696 4689 920 4743 quaeque
972 4682 1228 4742 operatur
1278 4672 1436 4727 nobis
1485 4674 1540 4726 in
1586 4671 1812 4726 salutem
1865 4672 2132 4740 paeniten-

564 4767 699 4820 tiam
727 4767 774 4798 ’⁵⁷
809 4781 916 4821 non
946 4765 1312 4835 pmnitendam
1357 4780 1374 4830 ;
1409 4763 1493 4819 vel
1533 4779 1657 4818 cum
1703 4765 1773 4818 ob
1811 4763 2130 4818 vexationes

565 4868 616 4908 et
649 4863 916 4908 tormenta
949 4861 1260 4924 quaarentes
1291 4854 1596 4908 enutrimur
1622 4852 1689 4906 ab
1717 4852 1848 4920 ipsis
1881 4867 2000 4921 qua:
2043 4852 2128 4905 in-

567 4945 853 4999 veniuntur
904 4945 1156 5000 veritatis
1210 4943 1700 5014 speculationibus.
1759 4942 1873 4996 Non
1942 4958 2126 4998 conte-

563 5037 736 5091 denda
771 5045 854 5091 est
882 5037 1047 5105 igitur
1075 5037 1202 5106 agni
1233 5051 1360 5090 caro
1376 5038 1565 5098 cruda,
1590 5035 1816 5102 perinde
1838 5049 1899 5088 ac
1926 5032 2130 5089 faciunt

566 5128 756 5183 litterae
786 5129 949 5191 servi,
984 5143 1134 5183 more
1163 5129 1524 5182 animantium
1556 5128 1769 5183 ratione
1800 5126 2124 5188 carentium,

630 5290 675 5323 ³⁸
702 5290 861 5363 Joan.
898 5289 1100 5363 139.“,
1123 5291 1168 5323 ³⁹
1201 5291 1367 5363 Exod.
1399 5309 1496 5356 xtl,
1526 5293 1581 5346 5.
1657 5292 1703 5331 ⁸⁸
1733 5291 1889 5363 ιινοεῃ.
1923 5307 1959 5356 Ι,
1993 5293 2080 5348 Η.
2158 5293 2197 5323 δ’

2243 5293 2384 5350 Ioan.
2421 5311 2494 5356 v1.
2521 5295 2588 5347 54
2617 5309 2732 5363 seq.

2251 1943 2366 1994 ἐστι
2396 1941 2615 2012 βρῶσις,
2646 1943 2823 1996 καὶτὸ
2853 1939 2992 2013 αἷμά
3031 1960 3129 2014 μου
3169 1942 3374 2012 ἀληθής
3416 1943 3531 1992 ἐστι
3564 1937 3728 1999 πόσις
3759 1953 3775 1968 ⁸
3810 1937 3843 1988 ό

2249 2031 2475 2102 τρώγων
2510 2050 2610 2104 μου
2635 2033 2734 2103 τὴν
2763 2034 2939 2104 σάρκα
2959 2073 2973 2096 ,
3009 2035 3099 2086 καὶ
3139 2033 3308 2087 πίνων
3343 2049 3443 2102 μου
3476 2031 3536 2084 τὸ
3585 2026 3750 2099 αἷμα,
3779 2028 3841 2078 ὲν

2251 2127 2374 2196 ἐμοὶ
2408 2125 2578 2196 μένει,
2622 2125 2778 2194 κάγὼ
2811 2128 2868 2178 ὲν
2913 2125 3082 2196 αὑτῷ,
3118 2145 3136 2176 ι
3173 2126 3380 2195 μήποτε
3428 2123 3567 2193 αὑτή
3607 2124 3762 2175 ἐστιν
3801 2121 3836 2188 ἡ

2251 2217 2388 2288 σάρξ
2411 2217 2504 2270 τοῦ
2533 2218 2776 2289 αἴροντος
2803 2219 2902 2287 τὴν
2932 2218 3205 2288 ἁμαρτίαν
3236 2214 3330 2268 τοῦ
3375 2214 3586 2284 κόσμου
3633 2209 3837 2282 ἀμνοῦ,

2251 2310 2343 2362 καὶ
2372 2310 2514 2362 τοῦτ’
2541 2311 2656 2362 ἔστι
2685 2311 2745 2364 τὸ
2784 2307 2921 2380 αἷμα
2942 2349 2955 2373 ,
2998 2311 3090 2378 ἀφ’
3138 2303 3198 2362 οῦ
3245 2306 3448 2360 τιθέναι
3479 2305 3563 2358 δεῖ
3597 2303 3696 2356 ἐπὶ
3727 2301 3839 2354 τῶν

2247 2399 2340 2452 δύο
2373 2399 2643 2470 σταθμῶν,
2677 2402 2770 2454 καὶ
2815 2401 2906 2452 ἐπὶ
2948 2400 3046 2471 τὴν
3085 2399 3242 2469 φλιάν
3289 2400 3346 2450 ἐν
3390 2399 3502 2458 τοῖς
3529 2396 3709 2458 οἴκοις
3732 2432 3746 2456 ,
3779 2393 3838 2444 ἐν

2247 2486 2328 2555 οἷς
2360 2492 2607 2562 ἐσθίομεν
2637 2493 2699 2545 τὸ
2727 2493 2938 2562 Πάσχα,
2965 2494 3060 2546 καὶ
3083 2491 3192 2545 ἀπὸ
3231 2491 3338 2544 τῶν
3372 2489 3467 2542 τοῦ
3493 2487 3677 2558 ἀμνοῦ
3711 2486 3833 2540 τού-

2248 2600 2340 2636 του
2376 2584 2456 2636 δεῖ
2487 2587 2675 2652 φαγεῖν
2718 2585 2894 2655 κρεῶν
2926 2586 2984 2638 έν
3023 2584 3100 2654 τῷ
3143 2582 3237 2636 τοῦ
3281 2582 3486 2652 κόσμου
3517 2581 3742 2653 χρόνῳ,
3776 2579 3837 2641 ὃς

2249 2675 2366 2726 ἐστι
2407 2673 2502 2740 νύξ
2525 2690 2537 2704 ·
2581 2674 2721 2727 όπτά
2759 2674 2816 2728 δὲ
2842 2675 2910 2728 τὰ
2939 2674 3076 2746 κρέα
3106 2673 3238 2744 πυρὶ
3281 2672 3515 2743 βρωτέων
3553 2670 3700 2742 μετά
3736 2669 3836 2723 τοῦ

2247 2763 2355 2816 ἀπὸ
2381 2763 2604 2834 ἀζύμων
2642 2766 2807 2836 ἄρτου
2827 2782 2839 2794 ·
2871 2768 2899 2818 ὁ
2941 2765 3046 2836 γάρ
3074 2763 3168 2818 τοῦ
3202 2762 3338 2816 Θεοῦ
3370 2763 3541 2830 Λόγος
3572 2762 3640 2815 οὑ
3669 2761 3833 2831 μόνον

2248 2855 2363 2906 ἐστὶ
2389 2854 2543 2925 σάρξ.
2565 2856 2702 2926 Φησὶ
2721 2854 2850 2923 γοῦν
2869 2872 2881 2885 ο
2914 2874 2932 2906 ι
2973 2853 3117 2923 Ἐγώ
3143 2855 3256 2924 είμι
3279 2855 3309 2906 ό
3332 2853 3496 2924 ἄρτος
3513 2848 3795 2923 τῆςζωῆς·
3814 2871 3832 2902 ι

2247 2945 2360 3009 καὶ,
2379 2969 2396 3000 ι
2417 2943 2740 3010 Οὗτόςὲστιν
2755 2947 2783 2999 6
2806 2946 2967 3016 ἄρτος
2988 2948 3016 2998 ὁ
3045 2947 3108 2998 ἐκ
3130 2942 3223 2996 τοῦ
3249 2939 3477 3013 οὐρανοῦ
3510 2938 3628 3007 (26)
3665 2953 3834 2990 κατα-

2245 3032 2446 3086 ϐαίνων
2470 3073 2484 3096 ,
2515 3033 2602 3086 ἵνα
2631 3051 2717 3096 τις
2755 3034 2812 3099 ἐξ
2860 3033 3022 3088 αὑτοῦ
3056 3033 3204 3102 φάγῃ
3227 3071 3241 3093 ,
3287 3031 3381 3083 καὶ
3428 3028 3502 3099 μὴ
3534 3026 3793 3098 ἀποθάνῃ
3814 3043 3826 3054 ·

2258 3123 2398 3192 Ἐγώ
2423 3126 2537 3195 εἰμι
2559 3126 2587 3177 6
2617 3126 2778 3196 ἄρτος
2805 3125 2834 3175 ό
2862 3125 3035 3189 ζῶν,ό
3063 3125 3125 3176 ὲκ
3154 3120 3248 3174 τοῦ
3277 3117 3506 3191 ούρανοῦ
3538 3117 3794 3178 καταϐάς
3812 3133 3826 3145 ο

2244 3216 2336 3269 έάν
2376 3234 2460 3280 τις
2508 3218 2654 3287 φάγῃ
2697 3218 2762 3269 ἐκ
2807 3215 2994 3269 τούτου
3046 3213 3137 3268 τοῦ
3187 3212 3386 3282 ἄρτου,
3419 3209 3574 3279 ζήσει
3620 3210 3704 3271 είς
3737 3206 3832 3260 τὸν

2243 3309 2429 3362 αἰῶνα.
2467 3327 2486 3359 ι
2521 3310 2634 3362 Οὑκ
2676 3307 2965 3377 ἀγνοητέον
3015 3307 3280 3377 μέντοιγε,
3323 3305 3403 3356 ὃτι
3452 3303 3604 3354 πᾶσα
3644 3298 3829 3372 τροφὴ

2242 3398 2720 3472 καταχρηστικιίντε
2731 3417 2818 3469 ρον
2842 3401 3005 3468 ἄρτος
3031 3397 3279 3464 λέγεται,
3313 3393 3387 3456 ὡς
3420 3393 3511 3444 ἐπὶ
3535 3390 3832 3452 Μωῦσέως

2242 3491 2299 3542 ὲν
2357 3492 2434 3562 τῷ
2486 3490 2888 3561 Δευτερονομίῳ
2930 3489 3264 3558 γέγραπται·
3320 3503 3338 3534 t
3399 3482 3832 3553 Τεσσαράκοντα

2240 3584 2455 3654 ἡμέρας
2485 3583 2646 3654 ἄρτον
2666 3583 2764 3635 οὑκ
2795 3581 2986 3650 ἔφαγε,
3012 3582 3104 3634 καὶ
3127 3579 3270 3649 ὓδωρ
3299 3578 3399 3630 οὑκ
3431 3576 3606 3638 ἔπιεν,
3643 3595 3664 3626 ›
3704 3575 3832 3628 ἀντὶ

2237 3673 2352 3735 τοῦ,
2376 3674 2496 3726 οὔτε
2515 3675 2682 3744 ξηρᾶς
2713 3672 2833 3725 οὔτε
2869 3673 3040 3742 ὑγρᾶς
3070 3669 3356 3740 μετείληφε
3385 3667 3612 3737 τροφῆς.
3650 3665 3834 3718 Τοῦτο

2237 3765 2292 3817 δέ
2319 3783 2409 3834 μοι
2433 3767 2723 3836 τετήρηται
2748 3763 2836 3817 διὰ
2874 3764 2934 3817 τὸ
2958 3764 3051 3814 καὶ
3075 3763 3132 3814 ἐν
3161 3760 3238 3829 τῷ
3271 3758 3410 3812 κατά
3446 3757 3706 3827 Ἰωάννην
3729 3756 3829 3808 λέ-

2237 3857 2426 3926 γεσθαι
2455 3875 2467 3888 ο
2507 3875 2526 3908 ‹
2557 3858 2667 3909 Καὶ
2695 3859 2722 3909 6
2750 3855 2910 3926 ἄρτος
2941 3855 3018 3916 δὲ,
3043 3854 3100 3906 ὃν
3135 3851 3244 3920 ἐγὼ
3273 3850 3449 3913 δώσω,
3473 3852 3506 3920 ή
3544 3849 3690 3920 σάρξ
3722 3867 3831 3919 μου

2238 3947 2385 3998 ἐστὶν
2414 3945 2552 4016 ὑπὲρ
2584 3946 2682 4014 τῆς
2719 3945 2810 3997 τοῦ
2841 3943 3044 4013 κόσμου
3074 3941 3231 4010 ζωῆς.
3273 3961 3291 3991 ι
3332 3941 3487 3992 Ἤτοι
3510 3941 3566 3992 δὲ
3603 3939 3697 3992 διὰ
3725 3931 3831 4002 τάς

2237 4037 2328 4090 ἐπὶ
2349 4039 2460 4098 τοῖς
2487 4038 2878 4107 ἁμαρτήμασιν
2907 4039 2938 4104 ἡ
2949 4035 3063 4105 μῶν
3093 4034 3377 4104 μετανοίας
3394 4033 3491 4103 τὴν
3512 4032 3656 4085 κατά
3686 4032 3832 4085 Θεὸν

2236 4129 2410 4199 λύπην
2449 4129 2800 4198 λυπουμένων
2822 4165 2837 4190 ,
2876 4126 3161 4196 μετάνοιαν
3191 4127 3269 4188 εἰς
3304 4125 3576 4195 σωτηρίαν
3605 4125 3831 4193 ἀμετα-

2239 4221 2465 4290 μέλητον
2498 4222 2628 4290 ἡμῖν
2667 4216 3042 4288 ἐργαζομένην
3064 4255 3080 4280 ,
3129 4215 3220 4269 ἐπὶ
3254 4215 3514 4285 πικρίδων
3557 4214 3831 4284 ἐσθίομεν

2235 4311 2371 4382 κρέα
2397 4311 2490 4364 τοῦ
2521 4309 2718 4380 ἀμνοῦ,
2744 4311 2837 4361 καὶ
2859 4308 2928 4361 τὰ
2965 4307 3178 4378 ἄζυμαο
3214 4307 3246 4376 ἢ
3291 4307 3377 4360 διὰ
3418 4307 3514 4369 τάς
3547 4306 3832 4375 βασάνους

2236 4399 2522 4471 ζητοῦντες
2545 4400 2638 4452 καὶ
2659 4399 2976 4469 τρεφόμενοι
3005 4399 3112 4452 ἀπὸ
3143 4398 3252 4450 τῶν
3276 4396 3689 4469 εὑρισκομένων
3726 4397 3837 4465 τῆς

2234 4491 2488 4562 ἀληθείας
2534 4490 2922 4561 θεωρημάτων.
2959 4492 3070 4544 Οὐκ
3111 4490 3266 4561 ὠμὴν
3306 4486 3397 4543 οῦν
3439 4489 3678 4560 βρωτέον
3723 4488 3835 4559 τὴν

2239 4583 2416 4653 σάρκα
2439 4582 2532 4635 τοῦ
2561 4582 2754 4652 ἀμνοῦ,
2781 4582 2967 4653 ὥσπερ
2994 4581 3234 4634 ποιοῦσιν
3262 4583 3310 4633 οἱ
3341 4582 3437 4651 τῆς
3470 4578 3670 4644 λέξεως
3701 4579 3839 4632 δοῦ-

2235 4673 2314 4728 λοι
2347 4675 2544 4745 τρόπον
2573 4673 2780 4741 ἀλόγων
2809 4673 2962 4737 ζώων
2992 4673 3086 4726 καὶ
3119 4671 3642 4744 ἀποτεοηριωμένων
3677 4670 3835 4740 πρὸς

2234 4768 2358 4830 τοὺς
2388 4765 2600 4835 άληθῶς
2628 4765 2896 4833 λογικοὺς,
2924 4764 3012 4818 διά
3041 4763 3134 4817 τοῦ
3162 4766 3396 4817 συνιέναι
3427 4761 3720 4832 βούλεσθαι
3757 4763 3836 4816 τὰ

2235 4855 2612 4926 πνευματικά,
2659 4855 2818 4923 λόγου
2877 4853 3380 4925 μεταλαμϐάνοντες
3431 4853 3542 4922 (27)
3604 4853 3837 4922 θηρίων

2235 4949 2690 5019 ἀπηγριωμένων.
2720 4945 3095 5016 Φιλοτιμητέον
3123 4945 3178 4997 δὲ
3210 4944 3288 5014 τῷ
3315 4946 3394 5007 εἰς
3426 4943 3614 5012 ἕψησιν
3641 4960 3838 5012 μετα-

2235 5038 2561 5109 λαμϐάνοντι
2582 5038 2642 5090 τὸ
2666 5037 2813 5107 ὠμὸν
2836 5037 2932 5105 τῆς
2955 5036 3196 5107 Γραφῆς,
3229 5035 3302 5104 μὴ
3321 5035 3414 5086 ἐπὶ
3434 5033 3494 5086 τὸ
3527 5031 3839 5103 πλαδαρώ-

2232 5147 2408 5200 τερον,
2440 5129 2533 5183 καὶ
2562 5128 2942 5200 ὑδαρέστερον,
2968 5128 3062 5180 καὶ
3087 5125 3441 5196 ἐκλελυμένον
3468 5122 3842 5194 μεταλαμϐά-

2809 5293 2854 5326 ’⁸¹
2883 5293 3051 5348 Exod.
3089 5309 3185 5356 χιι,
3215 5293 3267 5356 7,
3290 5291 3380 5346 ‘22.
3462 5289 3506 5323 ⁸³
3533 5287 3693 5343 Joan.
3734 5305 3826 5353 τι,

553 5363 648 5416 48.
726 5362 771 5392 ⁸³
805 5360 1140 5415 ὶὺίιΙ.5θ-52.
1215 5361 1259 5392 ’⁵⁵
1306 5363 1464 5417 Deut.
1500 5379 1576 5426 Ix,
1623 5363 1678 5416 9.
1754 5362 1798 5393 “
1841 5358 1996 5417 Joan.
2035 5379 2108 5424 vl,
2148 5363 2208 5417 ΒΞ

2312 5364 2355 5396 ’⁸⁷
2387 5364 2426 5419 ll
2453 5358 2794 5428 Cor.vn,'10.

630 5498 743 5564 (25)
773 5497 940 5560 Δόξει
959 5499 1078 5554 καί.
1107 5499 1196 5554 Sic
1220 5501 1386 5552 codex
1410 5498 1760 5561 Dodleiauus;
1787 5500 1958 5555 editio
1983 5501 2126 5557 Πυθ-

562 5569 643 5628 lii,
667 5567 816 5631 δόξαι
851 5567 957 5638 γὰρ
990 5569 1102 5621 καί.

631 5638 742 5704 (‘26)
786 5638 848 5688 Ὃ
877 5637 944 5689 ἐκ
977 5637 1083 5690 τοῦ
1115 5637 1396 5706 οὐρανοῦ.
1430 5637 1519 5693 Sic
1547 5640 1717 5694 codex
1754 5638 2081 5696 Bodleianus
2108 5658 2121 5706 ;

562 5707 776 5779 Regius,
807 5708 834 5758 6
864 5707 923 5770 ἐξ
947 5708 1197 5779 ούρανοῦ.

632 5776 743 5845 (Ξῖ)
781 5779 973 5845 Λόγου
997 5776 1574 5847 μεταλαμϐάνοντες,
1603 5789 1713 5837 etc.
1765 5779 1887 5836 ΗΜ
1920 5780 2124 5834 habent

2235 5503 2397 5560 codd.
2425 5502 2770 5566 Bodleianus,
2806 5501 3006 5569 Regius
3029 5512 3083 5554 et
3113 5501 3462 5555 Barherinus.
3493 5498 3672 5554 Vertit
3707 5499 3832 5555 Pe-

2237 5574 2474 5638 rionius,
2513 5592 2530 5622 ι
2570 5573 2798 5625 rationis
2817 5573 3112 5639 participes
3137 5571 3371 5624 ferarum
3407 5572 3757 5632 bestiarum;
3810 5595 3828 5623 ι

2237 5643 2520 5696 Ferrarius
2553 5643 2763 5696 videtur
2812 5642 3095 5709 legendum
3121 5651 3359 5706 putasse.
3387 5641 3578 5708 ἄλογον
3636 5655 3831 5708 μετα-

2233 5711 2526 5775 6άλλοντας
2572 5711 2776 5782 θηρίων
2803 5710 3262 5782 ἀπηγριωμένων,
3294 5716 3435 5778 qnod
3469 5711 3641 5780 inagis
3684 5713 3825 5778 plat-

2232 5793 2336 5836 ρει.
