4194 6416
413 363 518 418 337

1514 361 1868 419 COMMENT.
1913 361 1978 414 IN
2026 355 2218 416 JOAN.
2259 357 2496 415 TOMUS
2530 357 2595 410 Χ.

3556 350 3659 405 538

412 501 527 536 νειν
556 482 623 536 τά
644 484 1025 555 γεγραμμένα,
1050 484 1188 554 ὅπερ
1209 482 1449 537 ποιοῦσιν
1474 488 1521 538 oi
1554 486 1874 557 κνηθόμενοι
1897 484 1995 554 τὴν
2025 491 2068 544 Α

2025 491 2070 544 Α
2099 491 2153 536 et
2189 481 2527 536 saevientium
2573 483 2763 533 contra
2815 488 2908 530 eos
2937 471 3029 542 qui
3062 472 3264 528 idcirco
3288 471 3497 525 ratione
3533 487 3657 525 vere

412 574 606 645 ἀκοὴν,
642 575 737 627 καὶ
768 575 876 628 ἀπὸ
907 575 1004 645 μὲν
1030 575 1129 644 τῆς
1161 573 1416 644 ἀληθείας
1442 576 1873 648 ἀποστρέφοντες
1898 577 1992 628 αύ-

411 666 535 737 τὴν,
563 667 654 719 ἐπὶ
681 667 738 718 δὲ
782 665 843 718 τὸ
883 666 1164 736 ἀνειμένον
1198 666 1291 718 καὶ
1322 665 1675 737 ὑδαρέστερον
1707 667 1808 736 τῆς
1841 665 1993 718 πολι-

414 758 567 820 τείας
614 757 1119 827 μεταλαμϐάνοντες
1169 755 1268 819 τὰς
1321 759 1440 809 κατ’
1495 758 1693 819 αὐτοὺς
1751 758 1990 826 ἀγωγάς.

427 849 619 918 Ἡμεῖς
662 848 716 900 δὲ
757 847 833 917 τῷ
871 847 1042 911 ζέοντι
1099 848 1401 916 πνεύματι,
1447 848 1540 900 καὶ
1604 850 1718 911 τοῖς
1782 847 1993 917 διδομέ-

416 956 529 1002 νοις
560 939 671 1008 (28)
704 940 809 992 ὑπὸ
836 937 970 991 Θεοῦ
997 938 1278 1010 διαπύροις
1322 939 1529 1007 λόγοις,
1574 939 1791 1002 ὁποίους
1836 940 1995 1006 Ἱερε-

419 1031 550 1101 μίας
587 1031 798 1102 εἰλήφει
845 1031 951 1084 ἀπὸ
986 1031 1077 1084 τοῦ
1109 1031 1354 1100 λέγοντος
1395 1032 1532 1101 πρὸς
1556 1032 1749 1084 αὐτόν’
1792 1049 1810 1082 ι
1862 1031 1992 1084 Ἰδοὺ

414 1120 621 1174 δέδωκα
642 1123 767 1184 τοὺς
787 1121 978 1188 λόγους
1011 1138 1113 1190 μου
1144 1123 1223 1183 εἰς
1243 1122 1303 1174 τὸ
1329 1121 1500 1191 στόμα
1527 1138 1619 1174 σου
1646 1120 1775 1190 πῦρ,
1802 1139 1820 1172 ι
1855 1119 1994 1173 ὀπτά

418 1212 732 1282 ποιήσωμεν
756 1210 823 1262 τά
851 1211 984 1281 κρέα
1021 1209 1114 1264 τοῦ
1149 1209 1320 1281 ἀμνοῦ
1342 1251 1355 1274 ,
1386 1211 1525 1264 ὥστε
1559 1211 1684 1273 τοὺς
1717 1209 1992 1280 μεταλαμ-

418 1300 679 1362 ϐάνοντας
709 1299 888 1352 αὐτῶν
920 1299 1130 1366 λέγειν,
1157 1299 1392 1370 Χριστοῦ
1428 1302 1483 1352 ἐν
1513 1301 1642 1370 ἡμῖν
1689 1298 1990 1362 λαλοῦντος,

414 1392 500 1444 ὅτι
534 1410 553 1442 ι
577 1391 639 1443 Ἦ
663 1390 861 1460 καρδία
884 1394 915 1462 ἠ
926 1390 1040 1461 μῶν
1070 1392 1331 1461 καιομένη
1353 1387 1420 1461 ἦν
1448 1393 1505 1444 ὲν
1539 1392 1604 1460 τῇ
1629 1389 1752 1460 όδῷ,
1783 1390 1858 1452 ὡς
1888 1390 1996 1460 διή-

415 1497 594 1548 νοιγεν
622 1481 752 1550 ἡμῖν
784 1479 882 1542 τὰς
913 1481 1153 1551 Γραφάς.
1187 1501 1204 1532 ι
1231 1482 1293 1534 Et
1317 1481 1372 1534 δὲ
1393 1483 1472 1543 είς
1500 1481 1559 1533 τὸ
1579 1480 1815 1533 τοιοῦτον
1849 1482 1992 1550 ἡμᾶς

415 1570 649 1641 ζητῆσαι
678 1571 810 1641 πυρὶ
834 1571 1067 1640 ὀπτῆσαι
1089 1572 1268 1641 δεήσει
1288 1569 1356 1623 τὰ
1381 1570 1473 1623 τοῦ
1500 1570 1608 1641 (29)
1637 1569 1807 1640 ἀμνοῦ
1831 1569 1990 1638 κρέα,

415 1663 750 1733 παραθετέον
779 1662 879 1732 τὴν
907 1661 1192 1731 ὁμολογίαν
1223 1657 1284 1716 οὗ
1315 1661 1602 1714 ἐπεπόνθει
1643 1662 1736 1714 ἐπὶ
1767 1664 1878 1723 τοῖς
1907 1660 1993 1713 λό-

414 1771 536 1822 γοις
577 1755 666 1807 τοῦ
701 1753 836 1806 Θεοῦ
869 1752 1074 1816 πάθους
1117 1753 1384 1825 Ἱερεμίας
1415 1753 1586 1821 λέγων
1609 1771 1621 1783 ·
1661 1772 1679 1804 ι
1720 1753 1828 1806 Καὶ
1869 1752 1992 1820 ὲγέ-

415 1862 539 1899 νετο
561 1844 635 1908 ὡς
664 1843 775 1915 πῦρ
809 1845 1093 1914 καιόμενον
1113 1884 1126 1908 ,
1161 1844 1357 1913 φλέγον
1391 1846 1448 1896 ὲν
1483 1847 1592 1907 τοῖς
1619 1843 1829 1906 ὀστέοις
1865 1860 1986 1912 μου,

415 1939 510 1992 καὶ
554 1941 818 2009 παρεῖμαι
865 1937 1164 2000 πάντοθεν,
1207 1939 1299 1990 καὶ
1338 1937 1398 1989 ού
1445 1937 1677 2007 δύναμαι
1725 1937 1928 2006 φέρειν.
1964 1955 1982 1988 ι

427 2030 686 2098 Ἀρκτέον
706 2029 762 2082 δὲ
792 2030 849 2082 ὲν
873 2029 950 2099 τῷ
975 2028 1174 2081 ἐσθίειν
1198 2028 1305 2081 ἀπὸ
1334 2031 1432 2098 τῆς
1461 2029 1719 2100 κεφαλῆς,
1746 2031 1990 2082 τουτέστι

412 2123 525 2176 τῶν
549 2123 987 2193 κορυφαιοτάτων
1011 2121 1103 2174 καὶ
1133 2119 1375 2190 ἀρχικῶν
1407 2119 1691 2190 δογμάτων
1727 2122 1855 2191 περὶ
1884 2119 1990 2172 τῶν

413 2214 786 2285 ἐπουρανίων⁸
835 2213 928 2266 καὶ
973 2211 1338 2282 καταληκτέον
1381 2211 1472 2263 ἐπὶ
1517 2213 1642 2274 τοὺς
1678 2211 1876 2274 πόδας,
1924 2211 1992 2264 τὰ.

414 2306 616 2376 ἔσχατα
637 2305 747 2358 τῶν
780 2304 1113 2376 μαθημάτων
1134 2303 1203 2356 τὰ
1227 2301 1493 2371 ζητοῦντα
1524 2303 1651 2374 περὶ
1678 2303 1777 2372 τῆς
1807 2303 1990 2356 τελευ-

413 2398 574 2460 ταίας
605 2400 661 2450 ἐν
693 2399 805 2459 τοῖς
830 2391 949 2449 οὖσι
979 2394 1222 2463 φύσεως,
1268 2395 1387 2464 ἦτοι
1424 2393 1532 2446 τῶν
1563 2393 1924 2464 ὑλικωτέρων,
1954 2394 1986 2464 ἢ

413 2489 525 2542 τῶν
561 2485 928 2556 καταχθονίων
948 2524 962 2547 ,
989 2485 1022 2554 ἢ
1053 2485 1160 2538 τῶν
1195 2483 1444 2554 πονηρῶν
1497 2482 1820 2553 πνευμάτων
1839 2521 1853 2546 ,
1897 2483 1992 2535 καὶ

415 2578 736 2648 ἀκαθάρτων
766 2576 1076 2646 δαιμονίων.
1117 2577 1174 2629 '0
1194 2575 1302 2646 γὰρ
1329 2575 1455 2646 περ).
1483 2574 1661 2628 αὐτῶν
1693 2574 1846 2642 λόγος
1876 2574 1991 2627 ἓτε-

417 2688 511 2742 ρος
555 2669 630 2722 ὢν
662 2668 879 2733 αὐτῶν,
929 2667 1348 2736 ὲναποκείμενος
1381 2668 1491 2729 τοῖς
1529 2666 1846 2737 μυστηρίοις
1892 2666 1992 2736 τῆς

416 2762 639 2833 Γραφῆς
674 2759 893 2814 δύναται
935 2758 1334 2830 τροπικὼτερον
1366 2757 1520 2821 πόδες
1553 2756 1865 2828 ὠνομάσθαι
1895 2755 1988 2810 τοῦ

415 2851 610 2921 ἀμνοῦ.
645 2851 754 2904 Καὶ
784 2850 894 2903 τῶν
934 2850 1215 2904 ὲνδοσθίων
1243 2850 1328 2917 δὲ,
1363 2849 1702 2920 ὲσωτερικῶν
1727 2849 1824 2902 καὶ
1858 2850 1991 2902 ἀπο-

416 2938 843 3009 κεκρυμμένων,
873 2939 972 2991 οὐκ
1002 2938 1284 3008 ἀφεκτέον.
1339 2939 1426 3002 Ὠς
1468 2940 1548 2992 ὲνὶ
1575 2939 1631 2991 δὲ
1674 2937 1884 3009 σώματι
1921 2941 1986 3010 τῇ

416 3030 602 3100 ἁπάσῃ
633 3029 1014 3106 προσελθετιξον
1055 3031 1242 3101 Γραφῇ
1263 3069 1277 3093 ,
1315 3032 1409 3084 καὶ
1437 3031 1534 3095 τὰς
1567 3033 1626 3084 ἐν
1653 3033 1720 3102 τῇ
1755 3031 1990 3103 ἁρμονίᾳ

2097 582 2322 627 utuntur
2358 572 2482 641 quia
2519 569 2690 624 velint
2717 564 3015 634 intelligere
3051 563 3378 633 spiritualia,
3423 563 3476 616 id
3511 563 3658 632 quod

2097 665 2308 718 ratione
2334 673 2486 717 caret
2515 662 2752 715 ferarutn
2801 657 3097 727 agrestium
3142 655 3511 708 immutantes.
3548 652 3655 706 Sed

2095 757 2486 812 elaborandum
2505 761 2587 808 est
2612 746 2998 804 transmutanti
3021 745 3343 800 cruditatem
3361 741 3656 810 Scriptura;

2096 851 2162 905 ad
2192 848 2516 910 coctionem,
2549 857 2616 898 ne
2647 843 2700 896 in
2733 841 2933 911 aliquid
2968 839 3262 902 humidius,
3293 844 3348 890 et
3377 833 3654 904 aquosius,

2096 949 2151 994 et
2200 937 2516 993 dissolutum
2575 941 2896 988 transui-utet
2940 947 3002 986 ea
3053 945 3171 999 quae
3227 929 3426 997 Scripta
3477 935 3654 981 sunt:

2096 1031 2235 1099 quod
2266 1028 2472 1082 faciunt
2507 1027 2814 1095 prurientes
2844 1025 3082 1088 auribus,
3127 1030 3180 1076 et
3208 1036 3238 1074 a
3266 1019 3503 1074 veritate
3529 1016 3654 1085 qui-

2096 1123 2216 1177 dem
2243 1135 2336 1176 eas
2364 1119 2751 1185 avertentes",
2779 1118 2844 1173 ad
2873 1117 3158 1171 remissam
3192 1121 3369 1167 autem
3401 1120 3457 1166 et
3481 1108 3659 1164 ﬂacci-

2096 1215 2217 1268 dam
2248 1211 2458 1266 vivendi
2491 1213 2756 1264 rationem
2789 1225 2883 1264 sua
2925 1207 3173 1262 instituta
3208 1209 3653 1258 transmutantes.

2094 1304 2204 1358 Nos
2235 1319 2360 1357 vero
2400 1302 2623 1355 ferventi
2663 1301 2877 1368 spiritu,
2911 1309 2966 1354 et
3005 1296 3189 1367 ignitis
3233 1293 3580 1349 sermonibus
3625 1304 3653 1342 a

2096 1393 2205 1448 Deo
2255 1393 2416 1454 datis,
2471 1390 2658 1458 quales
2707 1389 2971 1443 Jeremias
3013 1395 3321 1454 sumpserat
3354 1383 3422 1436 ab
3465 1395 3528 1435 eo
3563 1380 3655 1448 qui

2094 1485 2193 1538 sibi
2232 1483 2442 1538 dicebat
2474 1497 2488 1534 :
2527 1499 2546 1531 ι
2586 1481 2723 1534 Ecce
2760 1495 2860 1549 ego
2909 1480 3028 1534 dedi
3079 1489 3358 1532 sermones
3405 1486 3554 1527 meos
3601 1472 3653 1523 in

2094 1589 2155 1630 os
2187 1583 2335 1628 tuum
2377 1574 2550 1641 ignem
2586 1571 2653 1634 δ’,
2703 1590 2721 1620 ι
2763 1584 2912 1625 assas
2960 1569 3227 1622 faciamus
3259 1564 3382 1634 agni
3419 1577 3650 1626 carnes;

2095 1667 2166 1720 ita
2195 1675 2250 1718 ut
2283 1665 2373 1733 qui
2403 1677 2499 1718 eas
2531 1660 2829 1730 capiemus,
2857 1657 3074 1713 Christo
3104 1656 3156 1710 in
3193 1655 3348 1708 nobis
3378 1653 3650 1720 loquente,

2093 1757 2337 1812 dicamus
2365 1772 2378 1807 :
2410 1773 2428 1805 ι
2472 1751 2661 1806 Nonne
2695 1764 2791 1804 cor
2829 1757 3074 1804 nostrum
3102 1746 3301 1800 ardens
3333 1753 3449 1798 erat
3493 1740 3654 1810 178

2090 1849 2143 1903 in
2172 1849 2278 1912 via,
2314 1847 2438 1902 dum
2487 1845 2723 1912 aperiret
2763 1840 2920 1896 nobis
2959 1839 3273 1908 Scripturas
3303 1836 3348 1867 ⁵ο
3383 1834 3406 1886 ?
3441 1851 3460 1885 ι
3501 1833 3652 1898 Quod

2091 1940 2134 1994 si
2170 1937 2234 1991 ad
2268 1937 2406 1990 hanc
2435 1950 2549 1989 rem
2581 1932 2925 2002 quaerendam
2953 1943 3140 1983 assare
3167 1926 3277 1996 igni
3305 1925 3424 1993 agni
3451 1936 3648 1976 carnes

2091 2044 2226 2098 opus
2261 2027 2388 2093 erit,
2425 2025 2478 2079 in
2505 2024 2738 2078 medium
2771 2019 3102 2075 afferendum
3133 2027 3217 2071 eSt
3244 2016 3298 2070 id
3327 2012 3466 2082 quod
3492 2026 3651 2066 occa-

2091 2122 2244 2176 sione
2269 2119 2557 2173 verborum
2602 2115 2697 2168 Dei
2751 2127 2976 2183 passum
3006 2125 3065 2178 se
3098 2110 3302 2164 fatetur
3345 2105 3648 2160 Jeremias:

2096 2230 2116 2263 ι
2147 2211 2213 2264 Ει
2240 2209 2414 2263 factus
2444 2216 2526 2262 est
2555 2214 2613 2259 nt
2644 2204 2783 2275 ignis
2811 2201 3160 2263 comburens,
3193 2199 3390 2253 ardens
3426 2198 3476 2250 in
3517 2197 3656 2250 ossi-

2090 2301 2192 2355 bus
2235 2301 2415 2353 meis:
2445 2305 2500 2352 et
2529 2295 2772 2351 resolvor
2817 2291 3078 2362 undique,
3125 2300 3181 2346 et
3223 2289 3495 2345 sustinere
3544 2301 3650 2342 non

2091 2377 2306 2459 possum
2337 2391 2408 2445 ⁸³.
2437 2407 2456 2440 ι
2496 2386 2862 2455 Incipiendum
2897 2391 3077 2436 autem
3103 2392 3212 2447 est,
3254 2382 3378 2436 dum
3410 2378 3652 2434 comedi-

2092 2497 2232 2547 mus,
2260 2497 2289 2535 a
2317 2481 2515 2550 capite,
2554 2479 2657 2534 hoc
2684 2485 2765 2531 est
2793 2491 2822 2529 a
2845 2475 3114 2543 supremis
3135 2483 3190 2529 et
3213 2473 3488 2543 primariis
3551 2475 3649 2529 do—

2091 2573 2361 2646 gmatibus
2393 2573 2460 2628 de
2485 2570 2645 2626 rebus
2676 2565 3152 2639 supercmlestibus
3179 2584 3194 2632 ;
3220 2577 3276 2620 et
3300 2564 3650 2621 desinendum

2092 2667 2148 2720 in
2197 2664 2383 2734 pedes,
2427 2662 2685 2717 nimirum
2737 2660 2790 2714 in
2835 2659 3058 2714 ultimas
3101 2656 3454 2726 disciplinas,
3505 2671 3654 2724 quae-

2092 2765 2274 2812 rentes
2313 2754 2379 2808 de
2412 2753 2603 2808 ultima
2656 2760 2846 2805 natura
2894 2747 2948 2803 in
2991 2747 3231 2813 entibus,
3267 2746 3351 2800 vel
3385 2747 3452 2801 de
3493 2745 3656 2800 rebus

2090 2841 2482 2906 materialibus,
2515 2840 2598 2895 vel
2636 2838 3004 2904 terrestribus,
3037 2837 3124 2892 vel
3167 2836 3322 2891 malis
3361 2835 3650 2904 spiritibus

2090 2942 2147 2990 et
2181 2934 2406 3004 impuris
2434 2930 2784 2987 daemonibus.
2833 2929 2969 2984 Nam
3013 2929 3130 2983 (ieri
3179 2936 3350 2998 potest
3383 2937 3442 2996 ut
3469 2942 3652 2981 sermo

2092 3021 2160 3078 de
2187 3022 2340 3092 ipsis,
2371 3021 2617 3076 diversus
2645 3020 2922 3074 exsistens
2953 3020 3021 3075 ab
3059 3019 3168 3074 illis
3197 3018 3540 3083 sublimibus,
3568 3032 3655 3072 re-

415 3121 516 3189 τῆς
560 3119 672 3212 (50)
707 3120 885 3190 πάσης
931 3120 1226 3184 συνθέσεως
1268 3120 1440 3191 αὐτῆς
1485 3121 1851 3184 εύτονωτάτας
1895 3121 1990 3174 καὶ
2016 3153 2058 3212 c

2016 3153 2058 3212 α
2093 3113 2342 3170 conditus
2370 3113 2422 3168 in
2449 3112 2722 3183 mysteriis
2744 3111 3069 3181 Scriptum,
3097 3113 3266 3181 pedes
3291 3113 3415 3182 agni
3448 3112 3651 3181 tropice

419 3211 781 3281 στερροτάτας
829 3211 1056 3281 συνοχὰς
1099 3211 1160 3264 οὐ
1209 3211 1563 3282 συντριπτέον
1586 3252 1601 3278 ,
1647 3212 1771 3266 οὐδὲ
1811 3212 1992 3268 διακο-

418 3299 581 3351 πτέον
605 3337 620 3362 ,
650 3299 784 3370 ὅπερ
817 3301 1176 3371 πεποιήκασιν
1216 3303 1266 3354 oi
1295 3301 1392 3371 τὴν
1426 3301 1651 3372 ἑνότητα
1676 3299 1769 3354 τοῦ
1797 3305 1854 3356 ὲν
1888 3303 1992 3357 πά-

419 3404 542 3452 σαις
569 3391 686 3453 ταῖς
706 3389 946 3458 Γραφαίς
979 3391 1285 3464 πνεύματος
1311 3393 1372 3446 τὸ
1395 3393 1518 3446 ὅσον
1552 3394 1638 3446 ἐπ’
1667 3393 1847 3456 αὐτοῖς
1869 3409 1992 3446 συν-

417 3477 714 3549 τρίϐοντες.
743 3479 894 3552 Αὕτη
942 3482 1238 3554 μέντοιγεή
1268 3484 1376 3537 ἀπὸ
1400 3483 1495 3537 τοῦ
1527 3482 1700 3554 ἀμνοῦ
1732 3501 1991 3555 προειρη-

423 3570 554 3642 μένη
592 3572 894 3643 προφητεία
913 3572 1010 3644 τὴν
1034 3574 1202 3628 νύκτα
1239 3574 1402 3646 μόνην
1435 3575 1583 3645 ἡμᾶς
1625 3575 1872 3646 τρεφέτω
1895 3573 1989 3627 τοῦ

418 3662 477 3713 ὲν
503 3661 579 3733 τῷ
602 3662 702 3734 βίῳ
727 3663 977 3728 σκότους’
1002 3663 1076 3729 ὡς
1105 3664 1212 3736 γὰρ
1235 3664 1336 3734 τῆς
1363 3665 1624 3736 ἀνατολῆς
1635 3665 1750 3736 ’τῆς
1781 3665 1992 3736 ἡμέρας

418 3752 527 3808 τῶν
564 3755 702 3824 μετά
729 3755 818 3808 τὸν
859 3755 970 3826 βίον
1002 3754 1188 3809 τοῦτον
1227 3756 1378 3809 οὐδὲν
1422 3757 1806 3811 καταλειπτέον
1836 3757 1990 3809 ἐσται

418 3846 548 3917 ἡμῖν
589 3847 688 3918 τῆς
738 3848 830 3900 ἐπὶ
870 3847 964 3900 τοῦ
1013 3847 1280 3919 παρόντος
1342 3849 1503 3918 μόνου
1550 3847 1818 3920 χρησίμου
1860 3850 1990 3920 ἡμῖν

418 3935 561 3992 οὕτω
602 3939 829 4010 τροφῆς.
877 3940 1260 4012 Παρελθούσης
1312 3939 1422 4010 γὰρ
1477 3939 1578 4010 τῆς
1626 3940 1811 4004 νυκτὸς
1835 3980 1849 4001 ,
1897 3941 1990 3995 καὶ

417 4031 753 4103 ἐπελθούσης
790 4034 888 4103 τῆς
934 4034 1070 4103 μετά
1105 4033 1276 4086 ταῦτα
1313 4033 1547 4104 ἡμέρας,
1587 4030 1678 4084 τὸν
1728 4031 1990 4102 μηδαμῶς

417 4120 526 4173 ἀπὸ
550 4119 656 4173 τῶν
688 4120 1054 4192 παλαιοτέρων
1085 4127 1178 4175 καὶ
1207 4122 1502 4191 κατωτέρω
1525 4119 1834 4190 ςυμούντων
1861 4122 1992 4185 ἄζυ-

423 4228 522 4280 μον
554 4209 768 4281 ἕχοντες
796 4211 957 4283 ἄρτον
986 4212 1289 4282 φαγόμεθα,
1331 4213 1597 4283 χρήσιμον
1632 4213 1762 4281 ἡμῖν
1791 4212 1987 4283 ἐσόμε-

418 4319 528 4366 νον,
553 4303 658 4366 έως
687 4301 812 4374 δοθῇ
846 4303 906 4356 τὸ
935 4305 1072 4374 μετά
1101 4303 1193 4357 τὸν
1217 4304 1422 4373 ἄζυμον
1453 4304 1562 4374 (51)
1601 4304 1794 4373 μάννα,
1825 4306 1858 4375 ἡ
1890 4306 1990 4373 ἀγ-

417 4393 610 4464 γελικὴ
655 4394 748 4447 καὶ
799 4393 872 4466 μὴ
919 4394 1228 4466 ἀνθρωπίνη
1277 4396 1468 4466 τροφή.
1528 4395 1770 4466 Ἑκάστῳ
1807 4396 1987 4450 τοίνυν

2093 3207 2405 3263 nominatus
2441 3206 2533 3260 sit.
2577 3205 2716 3272 Quin
2747 3205 2815 3259 ab
2844 3203 3136 3270 intestinis,
3179 3215 3236 3259 et
3276 3204 3650 3271 interioribus,

2091 3305 2146 3352 et
2188 3294 2453 3350 abstrusis
2481 3310 2588 3350 non
2623 3293 2983 3348 recedendum
3025 3301 3146 3359 est;
3180 3294 3275 3349 sed
3306 3294 3373 3346 ad
3407 3293 3653 3362 Scriptu-

2093 3402 2208 3441 ram
2236 3397 2403 3440 totam
2432 3388 2655 3456 perinde
2687 3396 2850 3454 atque
2891 3384 2957 3438 ad
3005 3399 3172 3438 unum
3203 3397 3398 3452 corpus
3426 3387 3655 3440 acceda-

2093 3493 2213 3534 mus
2235 3487 2469 3548 oportet,
2498 3492 2596 3532 nec
2615 3475 3011 3532 collacerandae
3032 3475 3505 3545 discindendaaque
3526 3488 3655 3532 sunt

2092 3581 2206 3627 tum
2235 3570 2713 3636 constantissimae,
2754 3580 2867 3625 tum
2901 3567 3216 3623 fortissima;
3247 3569 3542 3623 harmoniae
3571 3579 3652 3624 to-

2092 3663 2202 3719 tius
2254 3661 2666 3732 compositionis
2709 3662 2880 3732 ipsius
2919 3678 2935 3718 :
2969 3661 3020 3715 id
3056 3661 3198 3730 quod
3243 3660 3489 3716 fecerunt
3534 3662 3645 3730 qui,

2091 3761 2352 3821 quantum
2405 3751 2459 3804 in
2511 3749 2642 3819 ipsis
2675 3758 2777 3816 est,
2835 3748 2995 3804 unius
3042 3748 3302 3802 unitatem
3335 3747 3645 3817 Spiritus-in

2091 3844 2346 3900 omnibus
2400 3841 2698 3912 Scripturis
2770 3841 3118 3896 exsistentem
3171 3839 3524 3896 collacerant.
3586 3839 3649 3892 Et

2092 3949 2222 3990 sane
2280 3936 2395 3990 haec
2441 3935 2700 4004 prmdicta
2747 3947 2814 3988 ex
2858 3945 2997 4001 agno
3041 3932 3344 4002 prophetia,
3387 3946 3491 3986 una
3535 3932 3647 3986 sola

2095 4034 2258 4080 nocte
2289 4025 2656 4091 tenebrarum,
2689 4038 2809 4093 quae
2855 4032 2982 4077 sunt
3022 4023 3076 4078 in
3104 4024 3358 4092 praesenti
3387 4023 3517 4088 vita,
3553 4037 3651 4075 nos

2091 4115 2337 4180 nutriat;
2373 4123 2624 4184 tanquam
2675 4114 2818 4168 enim
2861 4114 3142 4170 exoriente
3183 4113 3270 4168 die
3311 4127 3492 4167 rerum
3531 4121 3650 4180 post

2088 4217 2410 4274 praesentem
2439 4206 2606 4259 vitam
2639 4205 2966 4272 futurarum,
2989 4205 3070 4262 sic
3094 4221 3192 4262 nos
3220 4204 3354 4260 nihil
3386 4205 3648 4275 reliquum

2089 4296 2268 4352 facere
2301 4298 2557 4353 debemus
2585 4297 2652 4352 de
2682 4299 2806 4355 cibo
2842 4299 3016 4356 solum
3058 4298 3213 4354 nobis
3257 4299 3308 4353 in
3359 4297 3648 4366 praesentia

2091 4389 2230 4443 utili.
2261 4389 2396 4444 Cum
2441 4389 2587 4443 enim
2634 4405 2739 4444 nox
2768 4391 3118 4458 praeterierit,
3168 4406 3234 4447 ac
3274 4389 3650 4460 supervenerit

417 4485 576 4554 ἡμῶν
617 4483 825 4537 θυέσθω
873 4484 934 4536 τὸ
975 4484 1242 4556 πρόϐατον
1289 4485 1346 4538 ἐν
1393 4487 1552 4537 παντὶ
1583 4483 1716 4555 οίκῳ
1758 4489 1988 4555 πατριᾶς
2020 4479 2065 4534 D

2020 4479 2065 4534 D
2095 4491 2280 4552 postea
2334 4481 2472 4547 dies,
2522 4495 2778 4551 azymum
2829 4483 3090 4538 habentes
3113 4481 3544 4552 ,haudquaquam
3584 4496 3650 4535 ex

417 4575 595 4648 ἡμῶν,
629 4578 724 4630 καὶ
754 4577 973 4632 δυνατὸν
999 4577 1138 4630 ἔστω
1163 4576 1309 4630 τόνδε
1343 4576 1445 4647 μέν
1483 4594 1604 4630 τινα
1631 4581 1986 4649 παρανομεῖν,

421 4667 497 4738 μὴ
519 4667 714 4722 θύοντα
735 4669 797 4722 τὸ
825 4669 1091 4741 πρόϐατον
1119 4707 1132 4727 ,
1160 4669 1251 4721 τὸν
1286 4669 1342 4721 δὲ
1371 4668 1550 4721 πᾶσαν
1575 4669 1860 4738 φυλάττειν
1883 4670 1986 4740 τὴν

417 4759 634 4830 ἐντολὴν
657 4758 872 4824 θύοντα,
907 4761 998 4814 καὶ
1025 4761 1366 4832 περιέψοντα,
1392 4762 1484 4814 καὶ
1511 4763 1693 4816 ὀστέον
1716 4762 1877 4817 αὑτοῦ
1908 4763 1982 4834 μὴ

419 4851 792 4921 συντρίϐοντα.
838 4852 947 4906 Καὶ
974 4851 1144 4915 οὕτως
1186 4855 1242 4904 ὲν
1286 4853 1509 4923 βραχέσι
1563 4854 1863 4923 συμφώνως
1914 4858 1980 4927 τῇ

418 4940 744 5011 ἀποστολικῇ
794 4940 986 5012 ὲκδοχῇ
1020 4942 1110 4993 καὶ
1154 4939 1232 5009 τῷ
1275 4941 1332 4994 ἐν
1370 4939 1446 5010 τῷ
1483 4941 1798 5013 Εύαγγελίῳ
1827 4943 1984 5014 ἀμνῷ

417 5030 747 5084 ἀποδιδόσθω
778 5030 888 5102 (52)
936 5031 996 5084 τὸ
1033 5031 1188 5084 τυθὲν
1235 5031 1427 5101 Πάσχα
1469 5033 1720 5101 Χριστός.
1755 5035 1828 5088 Οὐ
1877 5035 1984 5106 γάρ

418 5122 696 5192 νομιστέον
725 5121 793 5175 τά
814 5122 1058 5193 ἱστορικά
1086 5122 1369 5194 ἱστορικῶν
1395 5121 1531 5177 εἷναι
1559 5124 1780 5191 τύπους,
1807 5127 1898 5179 καὶ
1918 5128 1985 5180 τὰ

419 5214 707 5284 σωματικά
741 5215 1086 5285 σωματικῶν,
1119 5215 1252 5269 ἀλλά
1276 5214 1342 5268 τά
1373 5217 1658 5285 σωματικά
1700 5234 1990 5289 πνευματι-

418 5306 562 5369 κῶν,
598 5307 692 5360 καὶ
736 5304 804 5359 τά
854 5306 1101 5376 ἱστορικά
1135 5306 1359 5378 νοητῶν.
1407 5306 1691 5378 Ἀναδῆναι
1727 5307 1805 5378 τῷ
1847 5307 1987 5381 λόγῳ

2087 4575 2382 4640 veteribus,
2414 4583 2470 4629 et
2496 4590 2562 4629 ex
2594 4574 2678 4629 his
2703 4574 2796 4644 qui
2830 4573 3041 4630 inferne
3072 4574 3417 4638 fermentant,
3456 4589 3649 4642 panem

2086 4668 2416 4723 comedimus
2461 4667 2616 4723 nobis
2645 4682 2884 4736 eousque
2923 4666 3289 4735 profuturum,
3323 4669 3497 4722 donec
3532 4675 3653 4735 po:t

2086 4775 2333 4832 azymuni
2365 4759 2524 4814 fuerit
2565 4759 2718 4815 nobis
2745 4760 2930 4814 datum
2964 4773 3178 4823 manna,
3219 4760 3323 4815 hoc
3361 4767 3446 4813 est
3487 4775 3650 4828 ange-

2090 4854 2228 4908 licus
2255 4851 2342 4905 ille
2375 4857 2428 4906 et
2460 4865 2567 4906 non
2598 4851 2867 4906 humanus
2892 4848 3063 4904 cibus.
3097 4851 3180 4905 Ab
3204 4865 3526 4919 unoquoque
3555 4851 3650 4917 igi-

2093 4957 2178 4999 tur
2208 4952 2452 4999 nostrum
2481 4943 2786 4998 immoletur
2809 4945 2929 4998 ovis
2966 4945 3022 4999 in
3053 4942 3202 4998 omni
3241 4942 3399 4997 domo
3431 4942 3648 4997 familiae

2093 5047 2313 5093 nostrae.
2347 5036 2533 5093 Facile
2553 5037 2718 5090 etiam
2750 5034 2892 5090 factu
2922 5036 3013 5101 sit,
3038 5043 3096 5090 ut
3122 5035 3318 5104 aliquis
3348 5045 3647 5103 transgres-

2092 5143 2185 5182 sor
2233 5127 2305 5182 sit
2344 5127 2501 5196 legis,
2545 5141 2651 5180 non
2689 5134 2934 5180 mactans
2971 5140 3148 5191 ovem,
3181 5127 3290 5182 alio
3334 5126 3642 5180 universmn

2093 5230 2347 5276 servante
2397 5218 2732 5283 mandatum,
2777 5227 3052 5275 mactante
3081 5226 3137 5273 et
3181 5227 3474 5286 coquente,
3502 5226 3558 5272 et
3585 5231 3646 5269 os

2091 5311 2211 5380 ejus
2247 5326 2352 5366 non
2388 5309 2780 5380 confringente.
2811 5310 2877 5365 Et
2898 5309 2999 5371 sic,
3029 5317 3089 5363 ut
3115 5323 3278 5377 quam
3328 5308 3644 5363 brevissime

524 5399 626 5452 ⁵⁸11
653 5399 792 5453 Tim.
823 5415 896 5463 tv,
923 5400 978 5466 5,
1007 5401 1059 5456 4.
1138 5399 1184 5432 ⁸⁸
1213 5399 1412 5456 Jerem.
1432 5417 1485 5467 ν,
1506 5402 1594 5456 14.
1667 5403 1712 5435 ⁵ο
1735 5401 1865 5456 Luc.
1903 5419 2049 5472 XXIV,
2078 5407 2169 5462 '52.

1138 5399 1184 5432 ⁸⁸
1213 5399 1412 5456 Jerem.
1432 5417 1485 5467 ν,
1506 5402 1594 5456 14.
1667 5403 1712 5435 ⁵ο
1735 5401 1865 5456 Luc.
1903 5419 2049 5472 sxw,
2078 5407 2169 5462 ’52.
2245 5409 2288 5440 ⁸¹
2317 5406 2520 5465 Jerem.
2547 5423 2638 5473 xx,
2679 5407 2731 5462 9.

493 5491 817 5565 ('2§l_go:lex
845 5492 1066 5565 Regius,
1102 5494 1223 5565 κατ’
1253 5493 1414 5546 αὑτοῦ
1438 5492 1745 5565 ἀναγωγάς.
1791 5494 1981 5565 Ἡμεῖς

417 5564 476 5617 δὲ
503 5559 580 5632 τῷ
613 5559 1236 5633 ζέοντιτοίςδιδομένοιτ·
1290 5576 1432 5629 etc.;
1472 5559 1795 5621 Bodleianus
1826 5559 1884 5619 ui.
1924 5559 1976 5620 in

423 5644 608 5686 nostro
658 5643 804 5684 est".

494 5701 605 5768 (29)
637 5641 730 5753 lSic
761 5701 920 5754 habet
957 5702 1123 5756 code-.3
1159 5702 1500 5763 Bodleianns,
1529 5702 1666 5754 male
1706 5718 1833 5755 vero
1879 5719 1973 5756 co-

422 5773 524 5827 dex
556 5770 774 5839 ﬂights,
803 5772 894 5834 Εἰς
915 5771 970 5824 δὲ
991 5771 1050 5823 τὸ
1080 5771 1318 5824 τοιοῦτον
1349 5768 1600 5839 ζητῆσαι,
1633 5773 1764 5841 πυρὶ
1809 5773 1975 5842 ὀπτῆοο

2090 5517 2178 5554 σαι
2204 5502 2261 5554 δὲ
2291 5502 2407 5566 ἄξει
2427 5501 2494 5554 τὰ
2520 5501 2636 5563 τοῦ,
2674 5509 2778 5553 etc.

2157 5571 2266 5640 (50)
2297 5565 2476 5625 (Index
2519 5569 2860 5640 Bodleianus,
2894 5567 2992 5640 τᾲς
3021 5565 3410 5640 ἁρμονίαςμτῆς

2155 5635 2266 5708 (51)
2298 5641 2476 5694 Codex
2505 5639 2857 5708 Bodleianns,
2892 5638 2956 5690 τὸ
2981 5635 3120 5708 κατὰ
3151 5635 3223 5708 ςιτζ)Δ
3243 5635 3478 5708 ἄζυμον.

2154 5703 2263 5776 (52)
2293 5709 2432 5764 Idem
2466 5713 2634 5764 codex
2667 5706 3012 5767 Bodleianus.
3040 5703 3408 5758 ἀποδίδοσθαι.
