4194 6464
528 355 633 411 359

2020 348 2342 405 ORIGENIS

3692 360 3801 416 540

534 477 736 535 dicam,
767 484 1010 525 consone
1034 466 1345 539 apostolicae
1383 465 1751 536 intelligentiae
1782 475 1833 521 et
1867 482 2102 535 evange-

2216 466 2303 520 καὶ
2349 467 2443 520 ἐπὶ
2477 467 2538 520 τὸ
2570 468 2752 538 τρίτον
2792 467 2984 539 Πάσχα
3019 469 3567 544 ἐπιτελεσθησόμενον
3600 476 3659 528 ἐν
3698 493 3806 546 μυ-

536 569 642 623 lieo
675 581 817 637 agno
846 568 1157 634 designetur
1176 563 1425 619 Christus
1459 577 1582 618 esse
1632 562 1967 616 immolatum
2004 559 2107 613 Pa-

536 661 692 713 scha.
743 657 930 728 Neque
970 657 1115 710 enim
1147 655 1571 709 existimandum
1606 662 1690 708 est
1728 653 1985 712 historica
2019 652 2106 705 hi-

533 749 858 803 storicorum
884 759 1005 800 esse
1026 747 1247 814 liguras,
1278 753 1336 797 et
1367 741 1667 811 corporalia
1701 740 2101 809 corporalium:

534 841 630 893 sed
657 838 961 907 corporalia
988 835 1375 905 spiritualium,
1404 842 1460 888 et
1496 834 1750 888 historica
1781 847 1961 885 rerum
1986 845 2105 899 qua

2214 561 2389 631 ριάσιν
2414 560 2680 629 ἀγγέλων,
2704 562 3008 633 πανηγύρει
3036 564 3458 637 ἐπιτελειοτάτῃ,
3488 568 3588 621 καὶ
3622 586 3807 638 μακα-

2211 651 2447 721 ριωτάτῃ
2480 650 2644 721 ἐξόδῳ
2672 651 2766 706 νῦν
2797 653 2897 705 οὐκ
2929 652 3073 707 ἔστιν
3099 654 3415 724 ἀναγκαῖον,
3453 658 3549 710 κα)⁸
3587 658 3804 712 τούτων

2207 741 2485 794 ἐπι-πλεῖον
2519 742 2613 795 καὶ
2647 744 3054 816 περισσότερον,
3090 748 3222 817 παρ’
3258 746 3287 799 δ
3334 747 3534 819 ἀπῄτει
3573 748 3642 802 τὸ
3670 752 3809 804 ἀνά-

2206 849 2456 905 γνωσμα,
2486 834 2792 905 εἰρημένων
2825 837 2977 907 ἡμῖν.

531 944 711 989 mente
734 934 1122 1005 percipiuntur.
1155 930 1436 984 Rationem
1453 939 1633 983 autem
1659 937 1898 984 nostram
1923 927 2090 983 etiam
2125 927 2190 982 ad
2210 931 2421 984 tertium
2447 930 2609 1000 179
2622 932 2851 999 Pascha,
2881 934 3024 1002 quod
3046 934 3097 989 in
3121 934 3605 991 innumerabilium
3636 951 3813 1007 ange-

530 1031 706 1082 lorqu
765 1026 1073 1095 frequentia
1115 1033 1169 1079 et
1218 1024 1585 1090 multitudine,
1623 1022 1674 1077 in
1732 1020 2130 1093 perfectissimo
2161 1020 2588 1098 beatissimoque
2625 1031 2771 1085 exitu
2823 1028 3215 1099 perliciendum
3265 1041 3370 1098 est,
3422 1035 3618 1091 venire
3657 1047 3813 1089 nunc

530 1134 637 1174 non
686 1130 769 1173 est
814 1131 1057 1181 necesse,
1089 1131 1211 1169 cum
1264 1116 1381 1169 haec
1428 1123 1484 1169 et
1530 1115 1690 1169 latius
1726 1125 1781 1169 et
1821 1112 2093 1182 c0piosius
2117 1126 2280 1183 quam
2305 1115 2472 1172 lectio
2502 1120 2685 1188 exigat
2717 1120 3194 1189 disputaverimus.

602 1209 898 1265 “Nerium
919 1223 1021 1262 non
1046 1206 1540 1275 impervestigatum
1564 1206 1846 1258 sinendum
1868 1212 1949 1259 est
1967 1217 2104 1271 quo—

531 1297 691 1351 modo
722 1296 775 1349 in
809 1294 1108 1364 propinquo
1156 1302 1277 1348 erat
1320 1292 1525 1348 Pascha
1566 1291 1898 1357 Judaeorum,
1925 1307 2104 1362 quan-

531 1389 601 1441 do
634 1396 752 1440 erat
783 1384 1038 1440 Dominus
1071 1385 1232 1438 simul
1266 1400 1390 1438 cum
1419 1393 1615 1446 matre,
1645 1393 1701 1436 et
1724 1382 2007 1445 fratribus,
2044 1389 2103 1437 et

532 1476 809 1548 discipulis
834 1478 884 1530 iu
925 1475 1246 1546 Capharnao
1273 1476 1340 1529 ⁸¹¹.
1379 1476 1558 1544 Atque
1586 1477 1635 1528 in
1670 1475 1957 1542 Evangelia
1979 1473 2103 1543 qui-

533 1574 653 1625 dem
704 1571 997 1625 secundum
1064 1567 1373 1621 Matthaeum
1421 1566 1468 1597 ⁸³
1500 1566 1758 1620 dimissus
1794 1583 1822 1618 a
1863 1565 2102 1633 diabolo,

533 1678 655 1717 cum
686 1661 1033 1715 advenissent
1067 1659 1547 1727 ministrareutque
1580 1657 1656 1711 illi
1687 1657 1889 1727 angeli,
1923 1658 2106 1713 audis-

2278 1206 2364 1261 14.
2406 1210 2519 1263 Οὐκ
2554 1209 2820 1281 ἀζήτητον
2863 1210 2921 1262 δέ
2966 1210 3087 1262 οὐδὲ
3128 1211 3312 1265 ἐατέον
3358 1212 3476 1276 πῶς
3524 1214 3708 1282 ἐγγὺς
3735 1208 3811 1286 ἦν

2204 1298 2265 1352 τὸ
2308 1299 2499 1371 Πάσχα
2552 1301 2658 1354 τῶν
2702 1301 2991 1366 Ἰουδαίων,
3024 1302 3115 1354 ὅτε
3154 1297 3224 1373 ἦν
3259 1305 3289 1357 ὁ
3319 1302 3527 1375 Κύριος
3565 1305 3694 1375 ἃμα
3733 1308 3807 1377 τῇ

2208 1393 2395 1463 μητρὶ,
2440 1392 2532 1445 καὶ
2566 1395 2681 1456 τοῖς
2719 1393 2985 1462 ἀδελφοῖς.
3040 1394 3135 1446 καὶ
3174 1396 3287 1457 τοῖς
3321 1394 3600 1466 μαθηταῖς
3636 1397 3698 1448 ἐν
3734 1398 3806 1468 τῇ

2212 1482 2610 1553 Καφαρναούμ.
2641 1483 2730 1537 Ἐν
2754 1482 2855 1554 μὲν
2880 1480 2974 1539 οὖν
2999 1485 3075 1555 τῷ
3098 1485 3237 1539 κατά
3264 1484 3544 1540 Ματθαῖον
3569 1484 3811 1553 ἀφεθεὶς

2212 1574 2321 1628 ἀπὸ
2367 1574 2460 1628 τοῦ
2502 1574 2769 1636 διαϐόλου,
2806 1575 2915 1628 τῶν
2957 1576 3206 1644 ἀγγέλων
3243 1574 3663 1646 προσελθόντων
3710 1574 3813 1626 καὶ

2211 1666 2599 1720 διακονούντων
2623 1667 2792 1737 αὐτῷ,
2823 1667 3063 1732 ἀκούσας
3092 1669 3347 1740 Ἰωάννην
3372 1668 3811 1739 παραδεδόσθαι,

534 1763 723 1822 selque
754 1752 1017 1807 Joannem
1070 1751 1324 1803 traditum
1375 1748 1566 1815 fuisse,
1604 1750 1832 1804 secessit
1878 1748 1931 1802 in
1957 1748 2102 1804 Gali-

2216 1758 2561 1830 ἀνεχώρησεν
2606 1761 2687 1823 είς
2718 1760 2817 1830 τὴν
2862 1759 3172 1825 Γαλιλαίαν,
3208 1761 3301 1814 καὶ
3347 1758 3676 1813 καταλιπὼν
3707 1760 3813 1830 τὴν

536 1847 709 1909 lanam,
742 1854 799 1899 et
831 1844 1018 1898 relicta
1052 1841 1260 1897 Nazara
1293 1840 1572 1910 profectus
1611 1842 1874 1897 habitavit
1918 1843 1971 1897 in
1999 1842 2105 1897 Ca-

536 1937 799 2003 pharnao.
855 1933 1057 1989 Deinde
1106 1946 1230 1986 cum
1279 1931 1571 2001 incepisset
1622 1931 2105 2001 praedicationem,

534 2026 892 2098 elegissctque
935 2034 1171 2094 quatuor
1218 2022 1517 2093 piscatores
1549 2023 1848 2090 apostolos,
1891 2021 2108 2076 docuis-

535 2126 725 2186 setque
777 2116 832 2169 in
885 2115 1176 2186 synagogis
1227 2115 1391 2169 totius
1426 2112 1704 2177 Galilaeze,
1753 2121 2109 2181 sanassetque

536 2209 639 2264 sibi
680 2208 899 2275 allatos,
940 2208 994 2262 in
1030 2218 1266 2262 montem
1301 2206 1569 2269 ascendit,
1603 2206 1842 2276 dicitque
1874 2205 2109 2259 beatitu-

537 2300 693 2355 tliues
726 2309 776 2353 et
804 2313 925 2368 quae
966 2299 1053 2353 his
1087 2307 1214 2353 sunt
1241 2299 1487 2368 proxima
1521 2297 1588 2352 “.
1619 2297 1753 2352 Cum
1790 2312 1919 2351 vero
1955 2295 2110 2349 linis-

538 2398 623 2445 set
655 2389 800 2444 illam
832 2389 1135 2445 doctrinam
1171 2389 1648 2458 descendissetque
1675 2387 1743 2444 de
1784 2396 1986 2454 monte,
2018 2385 2111 2440 de-

538 2498 647 2537 nuo
673 2482 1053 2550 Capharnaum
1082 2482 1407 2552 ingreditur,
1439 2482 1671 2551 indeque
1702 2480 1982 2550 ingressus
2014 2492 2111 2532 na-

538 2575 670 2637 vim,
704 2576 901 2629 transit
930 2575 997 2629 ad
1026 2574 1204 2630 locum
1236 2573 1698 2646 Gergesenorum,
1731 2588 1761 2627 e
1785 2585 2015 2642 quorum
2048 2569 2110 2622 li-

541 2668 701 2722 nibus
729 2676 944 2737 rogatus
981 2668 1260 2724 discedere
1280 2669 1352 2736 ",
1384 2683 1505 2722 cum
1542 2666 1721 2722 navim
1760 2664 2111 2722 conscendis-

539 2770 644 2827 set,
681 2759 913 2829 trajecit,
941 2770 998 2816 et
1026 2761 1178 2816 venit
1218 2762 1272 2815 in
1303 2762 1578 2817 civitatem
1622 2776 1774 2816 suam
1808 2801 1824 2826 ,
1859 2760 1948 2817 ubi
1994 2762 2112 2829 qui-

542 2852 769 2907 busdam
789 2851 1023 2906 sanitate
1052 2852 1255 2908 reddita
1278 2853 1604 2908 circumibat
1625 2852 1876 2906 civitates
1898 2865 2108 2919 omnes,

539 2954 597 3003 at
644 2945 834 3010 vicos,
862 2943 1062 2997 docens
1103 2944 1156 2997 in
1210 2944 1497 3014 synagogis
1544 2958 1736 2998 eorum
1779 2942 1848 2997 ⁵⁸.
1887 2941 2114 3013 Aliaque

541 3035 938 3107 quamplurima
990 3045 1175 3106 postea
1209 3037 1363 3103 liuut,
1393 3048 1682 3105 antequam
1727 3037 1944 3092 adnotet
1980 3037 2113 3091 Mat-

545 3130 716 3186 timus
750 3128 1036 3185 Paschatis
1077 3140 1291 3198 tempus
1326 3129 1396 3184 ⁸⁷.
1428 3127 1569 3195 Quin
1599 3130 1764 3184 etiam
1806 3131 1945 3201 apud
1977 3131 2114 3186 aios
2140 3108 2183 3167 ο

542 3221 929 3291 εναηεειίειεε,
950 3234 1237 3292 postquam
1260 3216 1780 3277 diversatus'fuisset
1797 3222 1851 3276 in
1876 3221 2115 3291 Caphar-

545 3328 652 3368 που
680 3311 940 3369 Dominus
962 3354 978 3380 ,
1028 3329 1135 3369 non
1171 3314 1449 3369 invenitur
1476 3315 1619 3383 quod
1650 3314 1865 3369 dicatur
1909 3313 2114 3370 Pascha

542 3419 665 3460 esse
701 3404 755 3459 in
804 3406 1143 3476 propinquo:
1176 3420 1407 3474 quorum
1435 3405 1722 3461 consilium
1753 3421 1975 3462 servare
2021 3422 2117 3477 po-

548 3498 678 3553 terit
706 3498 798 3568 qui
838 3499 1092 3569 cogitarit
1126 3513 1246 3569 quae
1276 3498 1329 3552 in
1365 3498 1740 3567 superioribus
1770 3500 1837 3553 de
1868 3498 2118 3569 Caphar-

547 3605 652 3646 nao
697 3591 1135 3647 disseruerimus.
1173 3589 1539 3645 Commoratio
1571 3590 1680 3655 illa,
1730 3604 1853 3644 cum
1904 3588 2117 3645 Judae-

549 3700 666 3739 rum
701 3683 904 3740 Pascha
951 3686 1205 3748 instaret,
1234 3681 1418 3753 paulo‘
1465 3680 1657 3736 melior
1701 3682 1801 3737 hoc
1832 3681 1948 3752 ipso
1977 3681 2114 3735 iacta

547 3778 667 3841 fuit,
706 3792 881 3847 eoque
925 3777 1288 3846 prastantior,
1335 3775 1571 3829 maxime
1619 3774 1875 3845 quoniam
1929 3775 1980 3828 in
2017 3772 2117 3827 Pa—

544 3867 731 3921 schate
756 3864 1062 3920 Iudaeorum
1113 3865 1463 3921 inveniuntur
1490 3865 1545 3919 in
1587 3864 1790 3935 templo
1817 3866 2117 3919 vendentes

547 3956 732 4023 boves,
785 3966 844 4011 et
888 3970 1038 4019 oves,
1073 3963 1131 4010 et
1177 3955 1488 4021 columbas;
1540 3964 1758 4025 propter
1783 3969 1903 4023 quae
1949 3952 2116 4007 etiam

548 4062 651 4102 non
694 4047 931 4112 additur,
980 4045 1216 4114 Domini,
1251 4049 1345 4102 sed
1378 4045 1694 4101 Iudaeorum
1737 4059 1858 4100 esse
1887 4044 2113 4100 Pascha.

553 4138 621 4194 Ut
665 4140 808 4195 enim
844 4140 1035 4195 domus
1067 4137 1244 4195 Patris
1299 4140 1440 4195 facta
1475 4147 1557 4194 est
1608 4140 1799 4193 domus
1845 4146 2118 4193 mercatus

548 4232 687 4299 apud
719 4246 836 4298 eos,
877 4232 968 4301 qui
1000 4232 1172 4301 ipsam
1208 4248 1313 4288 non
1363 4230 1808 4294 sanctiﬂeabant;
1840 4229 1919 4284 sic
1952 4230 2116 4284 etiam

550 4324 755 4378 Pascha
783 4324 1001 4379 Domini
1037 4325 1237 4379 factum
1268 4334 1352 4379 est
1391 4324 1716 4389 humanum,
1747 4333 1801 4377 et
1830 4320 2116 4376 Judaicum

480 4422 485 4427 “
546 4416 758 4472 Pascha
809 4418 952 4488 apud
987 4432 1081 4473 eos
1111 4417 1201 4488 qui
1238 4415 1367 4470 illud
1403 4414 1668 4485 abjectius
1701 4423 1758 4469 et
1784 4414 2117 4486 corporalius

546 4509 832 4581 elegerint.
876 4509 1143 4565 Caeterum
1175 4508 1309 4563 alias
1345 4506 1683 4563 commodius
1709 4507 1894 4562 videre
1922 4507 2027 4562 erit
2061 4514 2115 4560 et

547 4617 668 4671 quae
692 4602 760 4656 ad
788 4601 1071 4657 Paschalis
1098 4610 1308 4671 tempus
1334 4599 1625 4670 pertinent,
1656 4598 1798 4667 quod
1823 4599 1970 4653 circa
1999 4614 2119 4654 ver-

551 4710 679 4749 num
707 4694 1093 4766 aequinoctium
1121 4694 1409 4764 contingit,
1439 4701 1494 4747 et
1532 4692 1577 4746 si
1608 4692 1738 4762 quid
1772 4691 1916 4747 aliud
1972 4706 2121 4762 qua-

547 4788 656 4842 stio
681 4802 787 4856 qua
815 4787 882 4842 de
915 4787 1095 4856 agitur
1131 4786 1368 4855 postulat
1395 4784 1797 4854 expoliendum.
1831 4781 1975 4839 Sane
2022 4784 2123 4840 lle-

549 4879 790 4943 racleon,
828 4898 847 4932 ι
880 4877 1005 4934 llaec
1030 4894 1243 4951 magna,
1276 4878 1473 4947 inquit,
1497 4886 1579 4931 est
1610 4874 1912 4931 festivitas:
1947 4877 2116 4948 ligura

547 4973 693 5024 σειιίιη
724 4971 992 5042 passionis
1036 4972 1343 5027 Servatoris
1379 4979 1530 5037 erat,
1562 4971 1778 5039 quando
1810 4986 1917 5025 non
1946 4973 2118 5028 solum

552 5064 713 5134 180
739 5064 1160 5119 interﬁciebatur
1182 5066 1523 5128 ovis,verum
1552 5064 1718 5118 etiam
1745 5078 1958 5119 comesa
1988 5081 2123 5135 pra:—

549 5157 706 5208 beret
752 5154 993 5225 requiem
1041 5171 1057 5222 ;
1108 5161 1164 5209 et
1216 5152 1492 5207 immolata
1545 5152 1764 5221 quidem
1813 5155 2120 5224 passionem

551 5244 860 5301 Servatoris
884 5246 940 5300 in
983 5247 1183 5300 utendo
1210 5244 1571 5316 signiﬁcabat,
1607 5260 1825 5301 comesa
1872 5261 2004 5301 vero
2035 5262 2121 5302 re-

546 5340 729 5409 quiem
756 5337 990 5394 futuram
1019 5338 1072 5391 in
1109 5338 1364 5406 nuptiis.»
1400 5338 1769 5408 Apposuimus
1795 5346 1973 5392 autem
2006 5353 2127 5393 ver-

552 5434 617 5484 ba
650 5432 820 5501 ipsius
845 5469 861 5496 ,
897 5438 954 5484 ut
983 5444 1105 5485 cum
1140 5429 1436 5485 viderimus
1464 5429 1640 5484 virum
1686 5429 1827 5485 hunc
1869 5432 2035 5489 tantis
2070 5432 2126 5487 in

624 5580 670 5609 "
701 5577 859 5631 Joan.
907 5593 968 5640 ιι,
1006 5576 1093 5650 l_2_,
1136 5575 1232 5650 £33.
1265 5574 1347 5650 __"
1372 5573 1563 5650 Matth.
1596 5591 1680 5650 tv,
1709 5577 1767 5635 ll
1806 5593 1920 5650 seq.
1996 5578 2044 5613 “
2074 5578 2117 5636 Μ

2216 5582 2262 5636 ιι.
2301 5595 2352 5646 v,
2402 5596 2473 5647 vr,
2510 5595 2608 5636 vn.

552 5647 596 5679 '°
625 5650 810 5702 Matth.
847 5662 922 5712 ix,
946 5646 1112 5716 1-36.
1185 5647 1232 5678 "
1261 5645 1448 5700 Matth.
1479 5660 1627 5711 xxvi,
1653 5645 1707 5702 2.

632 5785 746 5855 {33)
771 5782 948 5840 Codex
977 5782 1301 5841 Bodleianus
1354 5781 1661 5852 τυγχάνειν.

2215 1848 2463 1920 Ναζαρὰ,
2495 1848 2664 1902 ἐλθὼν
2700 1847 3021 1920 κατῴκησεν
3045 1851 3124 1914 είς
3153 1850 3566 1921 Καφαρναούμο
3608 1851 3812 1904 ἔπειτα

2214 1941 2519 2011 ἀρξάμενος
2540 1940 2856 2012 κηρύσσειν,
2885 1942 2977 1995 καὶ
2998 1942 3355 2011 ἐκλεξάμενος
3374 1943 3500 2005 τοὺς
3518 1942 3812 2013 τέσσαρας

2207 2030 2377 2092 ἁλιεῖς
2408 2027 2758 2088 ἀποστόλους,
2792 2024 3009 2090 διδάξας
3056 2041 3116 2077 τε
3170 2027 3228 2077 ἐν
3277 2027 3400 2088 ταῖς
3443 2025 3807 2093 συναγωγαῖς

2206 2121 2335 2190 ὅλης
2373 2119 2473 2189 τῆς
2523 2116 2828 2180 Γαλιλαίας,
2875 2117 2967 2169 καὶ
3010 2115 3356 2187 θεραπεύσας
3399 2116 3527 2179 τοὺς
3593 2130 3806 2187 προσε-

2208 2210 2494 2281 νεχθέντας
2535 2208 2705 2279 αὐτῷ,
2752 2207 3041 2278 ἀνέρχεται
3098 2209 3176 2271 είς
3223 2208 3285 2260 τὸ
3328 2208 3470 2280 ὅρος.
3504 2210 3608 2262 καὶ
3650 2208 3804 2276 λέγει

2208 2303 2335 2364 τοὺς
2360 2300 2760 2371 μακαρισμοὺς,
2802 2296 2896 2349 καὶ
2936 2296 3006 2349 τά
3043 2297 3278 2367 ἐχόμενα
3317 2297 3529 2351 αὐτῶν·
3569 2297 3806 2361 τελέσας

2209 2391 2266 2445 δὲ
2303 2392 2516 2461 ἐκείνην
2561 2391 2659 2462 τὴν
2689 2392 3060 2456 διδασκαλίαν,
3108 2390 3351 2453 καταϐὰς
3386 2392 3451 2443 ἐκ
3495 2389 3596 2442 τοῦ
3638 2389 3804 2462 ὅρους

2211 2482 2515 2554 εἰσέρχεται
2565 2484 2645 2547 είς
2683 2485 3062 2555 Καφαρναοὺμ
3111 2475 3380 2554 δεύτερον,
3432 2482 3693 2536 κάκεῖθεν
3744 2481 3803 2535 δὲ

2210 2574 2382 2645 ἐμϐὰς
2416 2576 2497 2638 είς
2534 2575 2713 2627 πλοῖον
2740 2578 2884 2647 περᾷ
2914 2578 2993 2639 είς
3020 2577 3118 2646 τὴν
3156 2574 3341 2647 χώραν
3373 2573 3481 2627 τῶν
3522 2574 3803 2645 Γεργεση-

2211 2667 2343 2724 νῶν·
2391 2668 2762 2739 παρακληθείς
2791 2686 2847 2721 τε
2886 2670 3182 2740 μεταϐῆναι
3209 2669 3316 2723 ἀπὸ
3348 2668 3454 2722 τῶν
3492 2670 3660 2740 ὁρίων
3700 2670 3800 2722 αὐ-

2210 2762 2340 2825 τῶν,
2373 2758 2547 2831 ἐμϐάς
2580 2761 2660 2823 είς
2699 2760 2880 2813 πλοῖον
2909 2760 3219 2830 διεπέρασε,
3250 2760 3345 2814 καί⁸
3375 2758 3537 2831 ἦλθεν
3579 2763 3661 2825 είς
3699 2762 3800 2833 τὴν

2215 2853 2348 2907 ίδίαν
2364 2853 2536 2918 πόλιν,
2564 2852 2691 2908 ἔνθα
2720 2852 3015 2924 θεραπείας
3044 2853 3361 2917 ἐπιτελέσας
3387 2853 3538 2917 τινὰς
3563 2854 3801 2925 περιῆγε

2210 2944 2310 3008 τάς
2342 2945 2524 3008 πόλεις
2555 2946 2752 3009 πάσας,
2788 2945 2881 2999 καὶ
2912 2943 3011 3007 τὰς
3035 2942 3249 3013 κώμας,
3278 2942 3540 2998 διδάσκων
3572 2946 3635 2998 ἐν
3679 2946 3800 3007 ταῖς

2216 3040 2556 3107 συναγωγαῖς
2592 3037 2793 3091 αὐτῶν.
2826 3037 2935 3091 Καὶ
2959 3036 3093 3091 ἄλλα
3124 3035 3180 3089 δὲ
3207 3035 3433 3089 πλεῖστα
3463 3036 3602 3106 μετά
3626 3036 3799 3089 ταῦτα

2215 3128 2446 3196 γίνεται,
2476 3129 2604 3199 πρὶν
2627 3127 3132 3199 ἐπισημειωσασθαι
3158 3127 3249 3181 τὸν
3278 3127 3554 3180 Ματθαῖον
3576 3128 3671 3182 τὸν
3703 3125 3799 3179 τοῦ

2215 3221 2408 3292 Πάσχα
2450 3221 2660 3293 καιρόν.
2699 3222 2809 3274 Καὶ
2865 3220 3014 3291 παρά
3059 3224 3173 3285 τοῖς
3222 3220 3431 3278 λοιποῖς
3474 3220 3532 3275 δὲ
3574 3222 3803 3291 εὐαγγε-

2214 3312 2423 3377 λισταῖς
2454 3312 2592 3384 μετά
2622 3312 2719 3383 τὴν
2759 3312 2816 3364 ὲν
2845 3314 2910 3383 τῇ
2946 3312 3326 3383 Καφαρναοὺμ
3366 3311 3660 3383 διατριϐὴν
3705 3310 3804 3381 οὐχ

2216 3406 2527 3477 εὑρίσκεται
2568 3405 2733 3472 ἐγγὺς
2763 3403 2825 3456 τὸ
2857 3404 3048 3474 Πάσχα
3090 3399 3227 3459 εἶναι
3269 3404 3588 3476 λεγόμενον·
3625 3403 3803 3457 σῶσαι

2215 3496 2273 3549 δέ
2291 3497 2353 3549 τὸ
2377 3495 2622 3567 βούλημα
2647 3493 2755 3549 τῶν
2781 3494 2990 3567 ἀνδρῶν
3024 3497 3172 3549 ἐστιν
3213 3496 3546 3567 ἐννοήσαντα
3575 3495 3649 3548 τά
3672 3494 3802 3566 περὶ¹

2215 3587 2714 3657 τῆςηΚαφαρναοὺμ
2741 3585 3004 3657 εἰρημένα
3035 3589 3166 3659 ἡμῖν
3202 3589 3259 3640 ἐν
3290 3590 3404 3650 τοῖς
3425 3587 3531 3660 πρὸ
3566 3587 3799 3641 τούτων.

2230 3678 2565 3750 Ἐνδιατριϐὴ
2588 3678 2812 3749 πλησίον
2832 3679 3089 3749 τυγχάνει
3114 3679 3225 3750 (⁸55)
3258 3679 3352 3732 τοῦ
3384 3679 3492 3732 τῶν
3530 3680 3803 3734 Ἰουδαίων

2219 3774 2405 3843 πάσχα
2439 3772 2604 3842 ὀλίγῳ
2643 3772 2996 3844 βελτιουμένη
3038 3774 3166 3845 παρ’
3205 3772 3357 3838 αὐτὸ,
3404 3773 3498 3826 καὶ
3533 3774 3802 3845 κρείττων

2217 3865 2381 3921 αὐτοῦ
2399 3865 2757 3936 τυγχάνουσα,
2787 3865 2880 3918 καὶ
2902 3864 3131 3937 μάλιστα
3156 3866 3355 3935 ἐπεὶέν
3380 3865 3456 3936 τῷ
3485 3866 3677 3937 Πάσχα
3696 3866 3801 3919 τῶν

2230 3951 2495 4005 Ἰουδαίων
2519 3952 2866 4025 εὑρίσκονται
2898 3956 2955 4006 ἐν
2978 3952 3055 4025 τῷ
3093 3953 3223 4026 ἱερῷ
3246 3956 3295 4007 οἱ
3330 3953 3634 4018 πωλοῦντες
3678 3957 3802 4019 τοὺς

2220 4042 2367 4115 βόας,
2399 4047 2492 4099 καὶ
2530 4046 2596 4100 τὰ
2639 4044 2904 4117 πρόϐατα,
2953 4046 3048 4099 καὶ
3085 4046 3183 4109 τὰς
3214 4047 3571 4119 περιστεράς’
3608 4046 3678 4100 δι’
3706 4047 3803 4111 οὓς

2218 4137 2299 4190 ἐτι
2354 4138 2553 4208 μᾶλλον
2603 4137 2888 4208 πρόκειται
2933 4137 3007 4209 μὴ
3062 4138 3169 4193 τοῦ
3215 4139 3461 4208 Κυρίου,
3506 4138 3644 4194 ἀλλά
3685 4139 3803 4194 τῶν

2230 4226 2524 4282 Ἰουδαίων
2548 4224 2686 4281 εἶναι
2723 4228 2784 4281 τὺ
2819 4228 3040 4299 Πάσχα·
3075 4228 3151 4293 ὡς
3180 4228 3288 4301 γὰρ
3323 4230 3352 4282 ὁ
3385 4226 3532 4293 οἶκος
3558 4228 3651 4283 τοῦ
3692 4231 3803 4285 Πα-

2219 4319 2347 4393 τρδς
2367 4320 2588 4389 γέγονεν
2620 4315 2767 4383 οἷκος
2797 4321 3062 4393 ἐμπορίου
3104 4320 3253 4392 παρά
3279 4323 3392 4384 τοῖς
3434 4322 3509 4394 μὴ
3544 4321 3802 4390 άγιάζου-

2224 4430 2309 4467 σιν
2352 4414 2513 4469 αὐτόν
2537 4430 2553 4442 ἠ
2586 4413 2729 4467 οὕτω
2760 4415 2852 4466 καὶ
2895 4414 2955 4466 τὸ
2986 4414 3178 4484 Πάσχα
3211 4413 3414 4486 Κυρίου
3443 4413 3801 4487 ἀνθρώπινον,

2222 4506 2316 4561 καὶ
2369 4506 2656 4560 Ἰουδαϊκὸν
2709 4506 2897 4577 Πάσχα
2952 4506 3102 4578 παρά
3144 4509 3256 4569 τοῖς
3282 4507 3662 4579 ταπεινότερον
3709 4510 3804 4561 καὶ

2226 4598 2678 4671 σωματικώτερον
2717 4599 2852 4653 αὐτὸ
2886 4597 3287 4669 ἐκλεξαμένοις.
3323 4598 3722 4671 Εὐκαιρότερον
3747 4600 3805 4655 δὲ

2223 4693 2282 4746 ἐν
2319 4692 2497 4758 ἄλλοις
2548 4692 2699 4747 ἔσται
2737 4692 2866 4746 ίδεῖν
2909 4693 3003 4745 καὶ
3043 4693 3111 4746 τὰ
3157 4692 3284 4764 περὶ
3320 4690 3415 4744 τοῦ
3462 4693 3654 4763 χρόνου
3710 4686 3805 4744 τοῦ

2224 4785 2436 4858 Πάσχα,
2476 4787 2604 4859 περὶ
2642 4786 2740 4857 τὴν
2774 4785 2995 4857 ἐαρινὴν
3039 4784 3328 4857 ίσημερίαν
3363 4784 3670 4855 γινομένου,
3711 4786 3806 4837 καὶ

2231 4879 2361 4932 εἴτι
2398 4879 2587 4950 ἕτερον
2620 4880 2841 4932 ἀπαιτεῖ
2878 4878 2939 4931 τὸ
2985 4878 3274 4950 πρόϐλημα
3311 4876 3802 4949 ἐπεξεργάσασθαι.

2239 4971 2298 5024 '0
2358 4971 2606 5042 μέντοιγε
2674 4969 3013 5042 Ἡρακλέων,
3066 4989 3084 5020 ι
3131 4968 3301 5038 Αὕτη,
3366 4969 3560 5040 φησιν,
3615 4968 3649 5038 ἡ
3720 4983 3809 5037 με·

2229 5063 2368 5134 γάλη
2400 5065 2558 5135 ἑορτή
2582 5080 2595 5092 ·
2632 5060 2725 5115 τοῦ
2757 5062 2865 5133 γάρ
2885 5061 3090 5125 πάθους
3114 5060 3209 5113 τοῦ
3241 5060 3493 5132 Σωτῆρος
3515 5058 3685 5123 τύπος
3715 5054 3805 5129 ἦν,

2230 5158 2318 5211 ὅτε
2355 5158 2416 5210 οὐ
2445 5158 2605 5226 μόνον
2646 5157 2899 5228 ἀνῃρεῖτο
2939 5154 3000 5207 τὸ
3041 5153 3330 5225 πρόϐατον,
3374 5152 3509 5206 ἀλλά
3543 5154 3638 5206 καὶ
3678 5151 3809 5206 ἀνά-

2232 5266 2430 5303 παυσιν
2465 5251 2723 5321 παρεῖχεν
2758 5247 3089 5317 ἐσθιόμενον,
3132 5247 3227 5300 καὶ
3272 5244 3529 5316 θυόμενον
3570 5245 3670 5315 μὲν
3712 5240 3808 5296 τοῦ

2235 5340 2440 5404 πάθους
2462 5339 2556 5393 τοῦ
2591 5340 2841 5411 Σωτῆρος
2878 5339 3027 5391 τδοέν
3060 5338 3249 5408 κόσμῳ
3291 5338 3607 5407 ἐσήμαινεν,
3638 5332 3810 5388 ἐσθιό-

2237 5451 2399 5505 μενον
2425 5433 2481 5487 δὲ
2511 5434 2610 5502 τὴν
2644 5433 2948 5487 ἀνάπαυσιν
2969 5432 3068 5502 τὴν
3089 5433 3146 5484 ἐν
3177 5431 3359 5501 γάμῳ.
3401 5448 3419 5480 ι
3454 5426 3809 5501 Παρεθέμεθα

2714 5579 2759 5614 ⁵⁸
2796 5576 2983 5633 Matth.
3043 5591 3157 5643 vm,
3214 5576 3265 5641 1,
3321 5569 3374 5639 5,
3430 5570 3525 5636 25,
3568 5568 3658 5633 Ξ8,
3718 5566 3805 5622 Si.
