4194 6408
391 333 495 388 5H

394 449 456 504 δέ
478 442 643 501 αὐτοῦ
683 404 988 513 τήν-λέξιν,
1027 434 1114 488 ἵνα
1147 431 1220 494 ὡς
1249 430 1307 483 ἐν
1350 425 1686 498 τηλικούτοις
1718 422 1923 487 ἀναστρ

1489 302 1843 364 COMMENT.
1879 299 1944 356 lN
1980 292 2173 352 JOAN.
2215 285 2453 345 TOMUS
2493 280 2568 336 X.’

1926 415 1979 467 έ-
2008 419 2053 473 Α
2084 408 2241 465 rebus
2296 402 2441 458 nullo
2475 400 2738 468 apparatu
2770 393 3107 451 versantem,
3156 384 3250 440 sed
3297 382 3646 449 contemptim

3530 259 3638 317 342

402 477 643 504 υθυιυιιυυ
760 477 780 494 ν
824 477 881 492 ....
920 477 988 502 ..,
1030 477 1114 488 ν..
1150 477 1219 494 ..τ
1251 477 1300 483 --

402 557 527 610 φειν
559 536 651 589 τὸν
682 477 851 603 άύδρα
885 477 1368 599 ζταρερῤιμμένως,
1405 477 1511 571 ’καὶ
1557 477 1787 585 ὑδαρῶς,
1838 477 1976 579 μετά

2094 511 2133 557 ιι
2157 500 2275 554 sine
2312 492 2589 555 ﬁrmitate,
2618 484 2789 555 magis
2817 483 2991 552 ipsum
3025 477 3407 549 despiciamus.

408 596 633 701 μηδενὸς
663 596 1162 678 κατάσκευα-στικοῦ
1194 608 1591 679 θεωρήσαντες,
1638 599 1835 673 μᾶλλον
1875 596 1976 650 αύ-

403 720 499 776 τοῦ
530 713 1046 787 καταφρονήσωμεν.

478 806 568 887 13.
610 849 630 882 t
672 828 782 883 Kal.
815 823 983 893 ἀνέϐη
1027 822 1106 884 εἰς
1149 815 1498 889 Ἱεροσόλυμα
1536 813 1564 864 6
1616 803 1846 878 Ἰησοῦς,
1887 801 1981 856 καὶ

407 920 580 997 εὗρεν
617 925 675 975 ἐν
716 918 796 989 τῷ
831 914 962 988 ἱερῷ
1016 914 1142 975 τοὺς
1188 905 1499 968 πωλοῦντας
1550 902 1700 973 βόας,
1750 897 1843 953 καὶ
1884 911 1983 947 πε·

414 987 689 1091 ριστεράς,
748 987 842 1064 καὶ
886 987 1014 1069 τοὺς
1064 998 1430 1076 κερματιστὰς
1466 993 1826 1064 καθημένους.
1869 987 1982 1042 Kal.

410 1077 645 1179 ποιήσας
675 1077 1008 1173 ’φραγέλλιον
1047 1096 1113 1148 ὲκ
1162 1091 1411 1162 σχοινίων
1456 1084 1740 1151 ἐξέϐαλλεν
1777 1083 1843 1134 ἐκ
1888 1077 1981 1132 τοῦ

415 1171 561 1272 ίεροῖι
585 1196 655 1250 τά
671 1171 742 1248 τε
764 1190 1030 1265 πρόϐατα,
1063 1187 1158 1240 καὶ
1180 1186 1306 1247 τοὺς
1338 1181 1482 1253 βόας,
1524 1178 1618 1232 καὶ⁸
1653 1174 1760 1228 τῶν
1799 1171 1987 1226 κολλυ-

414 1262 614 1344 ϐιστῶν
677 1262 858 1355 ἐξέχεε
916 1280 985 1334 τὰ
1054 1279 1338 1349 κέρματα,
1394 1272 1489 1327 καὶ
1547 1268 1645 1332 τὰς
1711 1262 1986 1337 τραπέζας

415 1377 711 1450 ἀνέστρεψε
751 1374 882 1446 (54)·
921 1373 1015 1425 καὶ
1052 1372 1166 1434 τοῖς
1216 1369 1314 1431 τὰς
1346 1362 1674 1438 περιστερὰς
1717 1357 1987 1413 πωλοῦσιν

416 1474 598 1529 εἶπενο
632 1470 833 1541 ’Ἄρατε
870 1464 1044 1519 ταῦτα
1073 1460 1340 1525 ἐντεῦθεν,
1386 1459 1458 1530 μὴ
1494 1457 1695 1509 ποιεῖτε
1726 1452 1817 1505 τὸν
1846 1445 1990 1503 οἶκον

414 1570 512 1623 τοῦ
556 1566 769 1639 Πατρός
806 1581 907 1635 μου
942 1557 1089 1615 οἷκον
1130 1554 1413 1629 ἐμπορίου.
1459 1551 1593 1604 Τότε
1640 1545 1991 1616 ἐμνήσθησαν

417 1663 468 1715 οῖ
501 1633 738 1732 μαθηταὶ
763 1633 951 1717 αὑτοῦ,
984 1654 1066 1705 ὅτι
1108 1643 1493 1719 γεγραμμένον
1517 1638 1665 1693 ἐστίν
1684 1655 1697 1667 ·
1743 1636 1800 1689 '0
1827 1633 1993 1703 ζῆλος

2153 774 2241 830 15.
2279 791 2297 824 ι
2319 768 2387 825 Ει
2415 762 2661 823 ascendit
2695 753 3119 823 Hierosolymam
3155 747 3336 810 Jesus,
3367 752 3423 799 et
3452 740 3657 812 reperit

2084 867 2137 922 in
2170 861 2366 931 templo
2394 872 2508 921 eos,
2541 852 2634 925 qui
2668 846 2972 905 vendebant
2995 842 3184 904 boves,
3214 845 3271 891 et
3299 847 3452 897 oves,
3477 840 3532 885 et
3555 844 3653 884 co-

2082 921 2314 1018 lumbas,
2350 958 2405 1006 et
2436 921 2738 1004 mensarios
2765 938 3041 995 sedentes.
3067 932 3137 987 Et
3163 944 3283 985 cum
3313 927 3531 982 fecisset
3558 921 3657 974 lla-

2085 1046 2281 1119 gellum
2312 1057 2342 1098 e
2373 1035 2656 1113 funiculis,
2706 1029 2865 1100 eiecit
2914 1042 2945 1081 e
2979 1021 3181 1092 templo
3207 1032 3335 1074 oves
3365 1011 3546 1077 simul,
3591 1024 3658 1063 ac

2085 1099 2165 1119 ον
2204 1099 2207 1100 ν
2375 1105 2382 1113 .
2738 1099 2746 1100 κ

2085 1141 2295 1201 boves;
2330 1139 2385 1188 et
2415 1125 2813 1186 mensariorum
2841 1134 2914 1175 ags
2941 1114 3156 1177 eﬂ'udit,
3188 1119 3244 1166 et
3273 1120 3493 1162 mensas
3526 1099 3655 1157 sub-

2085 1228 2248 1284 vertit
2269 1192 2292 1281 ε’
2317 1233 2372 1279 et
2404 1222 2513 1287 his,
2549 1218 2640 1289 qui
2673 1210 2954 1270 columbas
2981 1202 3306 1266 vendebant,
3340 1195 3507 1252 dixit:
3545 1192 3660 1245 Au-

2088 1320 2227 1375 ferte
2258 1315 2361 1371 ista
2389 1312 2542 1374 hinc,
2569 1281 2672 1362 nec
2703 1302 2865 1359 facite
2892 1300 3112 1354 domum
3157 1290 3341 1345 Patris
3392 1284 3519 1348 mei,
3559 1281 3660 1334 do-

2092 1424 2237 1466 mum
2272 1414 2568 1463 mercatus.
2611 1395 2766 1451 Tunc
2795 1387 3066 1448 recordati
3097 1392 3220 1440 sunt
3249 1375 3500 1447 discipuli
3544 1372 3663 1442 ejus

2093 1501 2350 1570 scriptum
2382 1507 2503 1567 esse
2529 1509 2543 1547 :
2598 1487 2759 1542 Zelus
2791 1485 2984 1539 domus
3016 1488 3125 1531 tua:
3154 1470 3390 1529 comedit
3420 1480 3509 1522 me
3533 1464 3605 1518 ⁸⁸.
3642 1479 3662 1513 ι

2092 1555 2397 1645 Notandum
2433 1582 2649 1652 quidem
2683 1584 2769 1631 est
2802 1573 3065 1628 Joannem
3102 1565 3344 1622 scribere
3374 1555 3668 1614 secundum

2095 1682 2223 1736 Jesu
2280 1691 2417 1746 opus
2468 1671 2639 1726 fuisse
2667 1667 2719 1722 id
2754 1663 2896 1735 quod
2935 1660 3062 1715 fecit
3093 1671 3220 1727 erga
3266 1659 3517 1721 repertos
3541 1661 3572 1701 a
3611 1660 3671 1699 se

418 1754 514 1808 τοῦ
551 1751 702 1806 οἴκου
747 1766 839 1803 σου
868 1739 1245 1813 καταφάγεταί
1282 1753 1368 1809 με.
1409 1754 1427 1787 ι
1463 1727 1826 1802 Σημειωτέον,
1857 1723 1994 1777 ὅτιὸ

2095 1723 2223 1736 ην..
2283 1723 2416 1746 Ἴ.--
2468 1723 2596 1726 __,_,
2770 1723 2786 1735 _
3159 1723 3182 1727 ν

2099 1790 2163 1829 ve
2203 1774 2393 1827 dentes
2424 1778 2574 1827 oves,
2606 1769 2661 1815 et
2693 1759 2884 1820 boves,
2931 1762 2988 1809 et
3033 1747 3312 1805 columbas
3343 1745 3397 1798 in
3428 1739 3627 1809 templo
3653 1753 3668 1802 ;

426 1848 524 1918 μὲν
552 1844 800 1914 Ἰωάννης
835 1838 1083 1908 δεύτερον
1103 1833 1260 1904 ἔργον
1275 1826 1369 1882 τοῦ
1413 1823 1588 1896 Ἰησοῦ
1608 1817 1915 1890 ἀναγράφει
1935 1814 1997 1867 τὸ

423 1905 552 2006 περὶ
575 1933 684 1987 τῶν
719 1905 777 1986 ἐν
815 1930 892 2000 τῷ
922 1905 1053 1999 ίερῷ
1085 1921 1415 1995 εὑρεθέντων
1445 1916 1535 1969 ὑπ’
1567 1910 1731 1966 αὐτοῦ
1761 1905 1999 1963 πωλούν-

422 1998 531 2081 των
557 2025 706 2096 βόας,
733 2021 828 2077 καὶ
860 1998 1127 2092 πρόϐατα,
1148 2015 1243 2069 καὶ
1269 2007 1595 2084 περιστεράς
1613 2023 1626 2036 ·
1660 2006 1709 2057 οἱ
1737 2002 1794 2055 δὲ
1823 1998 1999 2053 λοιποὶ

427 2091 612 2189 σχεδδν
650 2113 786 2186 πρὸς
827 2091 914 2181 τῷ
932 2107 1096 2171 τέλει,
1135 2106 1228 2158 ἐπὶ
1259 2102 1360 2171 τῆς
1392 2097 1533 2153 κατά
1564 2096 1626 2148 τὸ
1654 2091 1822 2154 πάθος
1854 2091 1999 2143 οἰκο-

425 2182 618 2280 νομίας
661 2182 724 2260 τὺ
772 2200 1150 2272 παραπλήσιον
1195 2193 1467 2248 ποιοῦσιν·
1518 2189 1609 2242 καὶ
1642 2187 1671 2237 6
1709 2184 1805 2255 μέν
1846 2182 2001 2234 Ματ-

431 2272 576 2363 (αῖος
620 2297 818 2360 οὕτως·
851 2314 870 2347 ι
911 2293 1021 2347 Καὶ
1064 2286 1393 2347 εἰσελθόντος
1427 2279 1592 2336 αὐτοῦ
1639 2281 1718 2343 εἰς
1772 2272 2001 2347 Ἱεροσό-

429 2390 598 2461 λυμα,
652 2386 871 2457 ἐσείσθη
941 2384 1090 2437 πᾶσα
1127 2382 1161 2450 ἠ
1208 2377 1360 2439 πόλις
1405 2374 1671 2442 λέγουσα·
1719 2369 1815 2431 Τίς
1857 2368 2003 2418 ἐστιν

429 2459 618 2546 οὗτοςς
650 2480 714 2533 Οί
740 2478 796 2531 δὲ
817 2475 962 2548 ὄχλοι
980 2473 1183 2541 ἔλεγον·
1203 2463 1372 2530 Οὗτός
1397 2468 1544 2520 ἐστιν
1588 2459 1792 2532 Ἰησοῦς
1819 2459 1847 2511 6
1875 2473 2006 2528 προ-

432 2571 631 2642 φήτης,
661 2570 690 2622 6
719 2567 828 2620 ἀπὸ
851 2547 1107 2634 Ναζαρὲτ
1138 2561 1238 2630 τῆς
1273 2555 1560 2617 Γαλιλαίας
1579 2570 1593 2584 ·
1631 2552 1725 2606 καὶ
1761 2547 2006 2619 εἰσῆλθεν

444 2661 652 2733 Ἰησοῦς
686 2661 764 2723 είς
805 2658 866 2711 τὸ
909 2655 1070 2728 ἱερὸν,
1116 2655 1209 2707 καὶ
1239 2648 1457 2717 ἐξέϐαλε
1490 2646 1698 2708 πάντας
1738 2642 1863 2705 τοὺς
1892 2656 2008 2692 πω-

433 2754 660 2817 λοῦντας
684 2754 779 2807 καὶ
809 2748 1172 2820 ἀγοράζοντας
1204 2746 1262 2797 ἐν
1293 2741 1372 2814 τῷ
1405 2739 1556 2812 ἱερῷ,
1603 2737 1699 2791 καὶ¹
1744 2734 1844 2799 τὰς
1873 2749 2012 2805 τρα-

436 2844 606 2909 πέζας
633 2843 742 2896 τῶν
792 2837 1153 2894 κολλυϐιστῶν
1202 2829 1539 2903 κατέστρεψε
1593 2826 1729 2899 ('55),
1777 2826 1872 2879 καὶ
1912 2823 2011 2888 τὰς

436 2934 705 3006 καθέδρας
726 2931 834 2985 τῶν
867 2927 1190 2983 πωλούντων
1218 2924 1317 2987 τὰς
1353 2918 1684 2992 περιστεράς
1704 2935 1719 2949 ο
1746 2914 1842 2969 καὶ
1865 2913 2013 2982 λέγει

437 3005 620 3089 αὐτοῖς
641 3041 655 3055 ο
687 3023 999 3095 Γέγραπται
1019 3036 1031 3050 ·
1092 3017 1153 3072 '0
1194 3013 1341 3079 οἶκός
1392 3029 1491 3085 μου
1528 3007 1676 3074 οἶκος
1708 3005 2016 3080 προσευχῆς

2103 1881 2225 1923 cum
2254 1859 2432 1917 ueteri
2480 1855 2596 1911 fere
2623 1853 2678 1907 in
2723 1850 2853 1913 line,
2880 1844 3121 1899 vicinum
3166 1838 3297 1894 illud
3326 1833 3530 1888 faciant
3560 1830 3674 1883 dis-

2105 1951 2410 2032 pensationi
2438 1948 2514 2004 illi
2543 1959 2663 2017 quae
2711 1950 2833 1999 erat
2859 1949 3102 2008 tempore
3129 1930 3432 2002 passionis;
3464 1935 3520 1981 et
3546 1922 3677 1978 Mat-

2104 2014 2274 2106 thaeus
2298 2043 2513 2117 quidem
2543 2014 2625 2094 sic
2644 2036 2725 2090 "z
2761 2051 2781 2085 ι
2812 2031 3022 2087 Etcum
3054 2027 3313 2081 intrasset
3344 2014 3457 2089 ipse
3487 2015 3679 2071 Hiero-

2105 2146 2386 2217 solymam,
2414 2141 2684 2208 commota
2707 2135 2790 2183 est
2814 2124 3065 2181 universa
3086 2118 3300 2181 civitas,
3324 2113 3507 2168 dicens
3523 2106 3678 2175 :Quis

2104 2199 2580 2295 est'hict'rurbée
2611 2230 2792 2276 autem
2829 2215 3114 2272 dicebam:
3144 2208 3243 2263 Hic
3282 2218 3367 2261 εει
3402 2204 3558 2259 Jesns
3587 2199 3680 2254 ille

2110 2424 2363 2496 templum
2392 2462 2407 2488 ,
2435 2427 2490 2473 et
2521 2412 2679 2487 eiecit
2704 2419 2894 2464 omnes
2927 2399 3226 2456 vendentes
3261 2400 3316 2449 et
3346 2398 3588 2446 ementes
3621 2388 3676 2442 in

2110 2514 2347 2585 templo;
2397 2515 2720 2573 mensasque
2783 2493 3180 2553 mensariorutn
3214 2527 3231 2553 ,
3280 2493 3334 2539 et
3394 2479 3684 2538 cathedras

2109 2571 2457 2663 vendentium
2514 2571 2794 2653 columbas
2852 2582 3119 2643 subvertit
3174 2598 3188 2634 :
3248 2586 3303 2633 et
3354 2574 3487 2629 dicit
3522 2571 3602 2625 eis
3658 2586 3677 2624 :

2113 2698 2386 2765 Scriptum
2413 2698 2495 2746 est
2514 2706 2529 2743 :
2551 2688 2751 2742 Domus
2778 2693 2915 2743 mea,
2942 2676 3134 2730 domus
3166 2666 3495 2741 precationis
3522 2677 3688 2717 voca-

2111 2751 2293 2855 bitur;
2324 2794 2380 2840 at
2403 2798 2501 2838 vos
2521 2773 2881 2838 facitisjllam
2914 2766 3222 2838 speluncam
3251 2761 3542 2814 latronum.
3573 2773 3592 2806 ι
3618 2751 3691 2807 At

2116 2882 2326 2937 Marcus
2351 2876 2431 2928 σοι
2470 2892 2488 2925 ι
2514 2871 2579 2926 Et
2603 2866 2828 2923 veniunt
2871 2855 3338 2926 Hierosolymam:
3382 2851 3693 2917 ingressus-

2115 2986 2221 3043 que
2267 2967 2421 3024 .lesus
2452 2964 2506 3019 in
2539 2956 2797 3028 templum
2850 2949 3014 3020 coepit
3043 2945 3241 3014 ejicere
3274 2956 3369 2997 eos
3408 2939 3501 3009 qui
3552 2952 3689 2991 vcn-

2118 3038 2315 3122 debant
2343 3067 2397 3115 et
2425 3053 2678 3113 emebant
2717 3050 2775 3102 in
2825 3041 3066 3113 templo:
3095 3048 3151 3093 et
3190 3048 3405 3090 mensas
3439 3038 3691 3101 argenta-

440 3115 803 3215 κληθήσεται·
886 3112 1043 3182 ὑμεῖς
1108 3107 1166 3161 δέ
1241 3103 1403 3160 αὐτὸν
1480 3103 1681 3155 ποιεῖτε
1750 3096 2012 3168 σπήλαιον

586 3205 613 3215 ..
781 3204 834 3215 ...
874 3202 914 3215 ...
961 3200 1042 3215 ..,
1205 3213 1213 3215 _
1319 3194 1424 3215 "4
1458 3194 1695 3215 ._-_-___.
1735 3189 1813 3215 ,πρ
1857 3187 2011 3215 ειη..-

2118 3096 2315 3122 υσυαιιι
2343 3096 2397 3115 νιν
2425 3096 2677 3113 ynnynu..-
2720 3096 2775 3102 --_
2830 3096 2911 3101 --ν
2941 3096 2957 3113 ἰ
3504 3096 3527 3101 ν

2120 3158 2325 3211 riorum
2361 3147 2629 3215 sellasque
2678 3135 3027 3194 vendentium
3057 3126 3337 3185 columbas
3384 3119 3692 3178 subvertit:

439 3205 674 3280 λῃστῶν.
715 3223 733 3256 ι
781 3204 839 3257 '0
869 3202 927 3256 δέ
960 3200 1216 3271 Μάρκος·
1259 3214 1279 3248 ι
1319 3194 1431 3249 Καὶ
1455 3194 1702 3265 ἔρχονται
1733 3189 1813 3251 εἰς
1857 3187 2018 3259 Ἱερο-

444 3279 685 3371 σόλυμα·
717 3297 809 3352 καί
841 3292 1094 3349 εἰσελθὼν
1122 3293 1202 3355 είς
1232 3289 1293 3343 τὸ
1319 3287 1460 3359 ἱερὸν
1495 3283 1698 3357 ἤρξατο
1740 3279 2018 3335 ἐκϐάλλειν

443 3394 570 3458 τοὺς
618 3390 932 3452 πωλοῦντας
982 3387 1077 3441 καὶ⁵
1128 3380 1497 3454 ἀγοράζοντας
1534 3380 1593 3432 ἐν
1621 3375 1698 3446 τῷ
1728 3372 1874 3446 ἱερῷ,
1925 3371 2021 3425 καὶ

443 3486 547 3549 τὰς
580 3480 857 3555 τραπέζας
885 3478 992 3531 τῶν
1030 3472 1396 3537 ¹κολλυϐιστῶν
1434 3465 1751 3538 ἀνέστρεψε,
1788 3463 1882 3517 καὶ
1922 3463 2021 3525 τὰς

446 3552 716 3646 καθέδρας
751 3570 860 3624 τῶν
897 3567 1221 3623 πωλούντων
1256 3563 1356 3627 τὰς
1399 3557 1747 3632 περιστερὰς,
1796 3554 1890 3608 καὶ
1922 3552 2023 3606 οὐκ

446 3644 736 3738 ήφιενῖῖνα
776 3678 861 3724 τις
908 3658 1156 3730 διενέγκῃ
1204 3652 1395 3716 σκεῦος
1441 3650 1530 3704 διὰ
1561 3648 1655 3702 τοῦ
1694 3645 1872 3717 ἱεροῦ·
1929 3644 2024 3697 κα)⁴

449 3735 717 3820 ἐδίδασκε,
767 3755 861 3808 καὶ
903 3751 1085 3819 ἔλεγεν
1125 3747 1335 3809 αὐτοῖς·
1381 3745 1455 3797 Ού
1501 3741 1831 3812 γέγραπται,
1874 3737 1956 3789 ὅτι
1997 3735 2025 3787 6

449 3844 597 3912 οἶκός
645 3864 747 3918 μου
791 3840 935 3907 οἶκος
985 3840 1296 3914 προσευχῆς
1350 3834 1681 3906 κληθήσεται
1730 3830 1866 3883 πᾶσι
1911 3828 2026 3889 τοῖς

451 3917 694 4003 ἔθνεσινς
778 3936 966 4007 Ὑμεῖς
1020 3934 1078 3987 δέ
1147 3928 1486 4000 πεποιήκατε
1545 3922 1706 3976 αὐτὸν
1765 3917 2025 3991 σπήλαιον

452 4026 687 4099 λῃστῶν.
730 4044 749 4078 ι
802 4004 861 4078 Ὀ
898 4023 955 4077 δὲ
1006 4021 1247 4082 Λουκᾶςο
1287 4035 1306 4068 ι
1353 4015 1466 4070 Καὶ
1496 4012 1572 4077 ὠς
1603 4011 1848 4083 ἤγγισεν,
1906 4004 2028 4059 ἰδὼν

454 4098 553 4189 τήν
586 4116 760 4180 πόλιν,
797 4114 1055 4169 ἔκλαυσεν
1089 4113 1174 4166 ἐπ’
1210 4107 1379 4180 αὐτὴν
1413 4103 1545 4176 (56),
1590 4101 1794 4168 λέγων·
1833 4099 1953 4151 Ὅτι
1979 4098 2030 4149 εί

457 4188 627 4278 ἔγνως
660 4209 717 4260 ἐν
748 4208 814 4277 τῇ
842 4204 1024 4276 ἡμέρα
1046 4201 1221 4274 ταύτῃ
1268 4198 1363 4251 καὶ
1390 4196 1454 4249 σὺ
1496 4193 1565 4247 τὰ
1598 4190 1732 4263 πρὸς
1772 4188 1992 4259 εἰρήνην
2011 4201 2025 4214 ο

458 4300 553 4355 νῦν
579 4299 636 4352 δὲ
663 4295 868 4369 ἐκρύϐη
893 4295 1000 4349 ἀπὸ
1024 4290 1315 4363 ὀφθαλμῶν
1341 4304 1456 4351 σου,
1485 4287 1566 4339 ἔπι
1590 4283 1808 4353 ἥξουσιν
1827 4278 2031 4350 ἡμέραι

460 4392 553 4443 ἐπὶ
590 4388 671 4451 σὲ,
704 4388 797 4443 καὶ¹
831 4381 1321 4456 περικυκλώσουσι,
1350 4377 1441 4431 καὶ
1477 4369 1752 4437 συνέξουσί
1806 4385 1866 4421 σε
1894 4366 2031 4421 πάν·-

460 4476 632 4542 τοθεν,
672 4475 765 4529 καὶ
796 4464 1071 4542 ἐδαφιοῦσί
1104 4487 1184 4534 σε,
1230 4468 1322 4521 καὶ
1348 4465 1417 4520 τὰ
1443 4464 1608 4518 τέκνα
1654 4477 1769 4525 σου,
1806 4458 1901 4513 καὶ

463 4568 728 4639 ἀφήσουσι
752 4564 895 4618 λίθον
920 4562 1013 4616 ἐπὶ
1042 4560 1188 4614 λίθον
1221 4561 1279 4613 ἐν
1314 4557 1415 4621 σοὶ,
1451 4553 1566 4609 ἀνθ’
1602 4545 1676 4607 ὧν
1714 4550 1813 4603 οὐκ
1862 4547 2033 4616 ἔγνως

463 4637 768 4727 τδνῖκαιρὸν
798 4656 896 4727 τῆς
921 4652 1223 4722 ἐπισκοπῆς
1266 4666 1379 4703 σου.
1414 4646 1525 4700 Kal.
1565 4641 1821 4697 εἰσελθὼν
1853 4641 1932 4703 εἰς
1973 4637 2034 4690 τὸ

466 4751 607 4823 ἱερὸν
635 4749 838 4822 ἧρξατο
866 4744 1146 4800 ἐκϐάλλειν
1188 4743 1311 4803 τοὺς
1352 4736 1684 4799 πωλοῦντας,
1718 4732 1888 4800 λέγων
1933 4729 2032 4782 αὐ-

463 4820 574 4903 τοῖς
592 4857 605 4870 ·
637 4820 983 4909 Γέγραπται·
1018 4833 1128 4913 Kal.
1151 4829 1302 4884 ἔσται
1329 4829 1357 4880 6
1383 4823 1528 4890 οἶκός
1571 4841 1669 4896 μου
1692 4820 1838 4885 οἶκος
1863 4835 2034 4891 προσ-

467 4929 648 4999 ευχῆς·
689 4928 848 4998 ὑμεῖς
883 4925 941 4978 δὲ
965 4911 1257 4995 ἐποιήσατε
1282 4918 1442 4974 αὐτὸν
1467 4915 1729 4988 σπήλαιον
1753 4911 1983 4986 λῃστῶν.
2010 4930 2030 4963 ι

472 5022 611 5073 Ἕτι⁸
635 5019 694 5073 δὲ
725 5012 821 5072 καὶ
859 5014 1017 5069 τοῦτο
1061 5009 1501 5085 παρατηρητέον,
1556 5007 1637 5060 ὅτι
1668 5007 1782 5068 τοῖς
1813 5001 2036 5077 εἰρημέ-

470 5127 576 5174 νοις
612 5108 761 5179 παρὰ
787 5109 899 5170 τοῖς
938 5104 1116 5178 τρισὶν
1143 5102 1238 5155 ἐπὶ
1263 5103 1328 5172 τῇ
1359 5102 1440 5163 είς
1484 5095 1826 5169 Ἱεροσόλυμα
1868 5090 2038 5161 ἀνόδῳ

470 5204 560 5285 τοῦ
590 5200 820 5271 Κυρίου,
853 5197 975 5252 καθ’
1005 5197 1072 5268 ἢν
1109 5194 1284 5248 ταῦτα
1328 5191 1625 5261 πεποίηκεν
1677 5190 1734 5240 ἐν
1773 5184 1848 5256 τῷ
1889 5182 2036 5259 ἱερῷ,

472 5282 538 5345 τὰ
579 5288 928 5362 παραπλήσια
974 5282 1280 5355 ἀνέγραψεν
1307 5284 1345 5336 t6
1400 5278 1651 5349 Ἰωάννης
1690 5273 1827 5348 μετὰ
1869 5271 2041 5327 πολλά

475 5384 771 5454 γεγονέναι,
810 5380 948 5452 μετὰ
992 5378 1184 5449 ἑτέραν
1214 5372 1379 5430 αὐτοῦ
1420 5372 1569 5444 παρά
1614 5372 1711 5442 τὴν
1748 5367 2038 5438 ἐπιδημίαν

476 5481 584 5542 τοῖς
638 5472 1048 5546 Ἰεροσολύμοις.
1094 5467 1251 5523 Οὕτω
1304 5466 1362 5520 δέ
1402 5460 1758 5534 κατανοητέον
1788 5457 1858 5512 τὰ
1888 5459 2040 5528 εἰρη-

549 5616 594 5649 ⁵⁸
610 5615 742 5679 Joan
782 5613 922 5680 ",15
947 5625 1064 5678 seq.
1164 5608 1210 5640 '9
1241 5597 1639 5667 Matth.xxx,10
1668 5611 1784 5666 seq.

555 5730 662 5797 (Si)
694 5730 873 5783 Culex
904 5724 1249 5797 Bodleianus,
1282 5716 1562 5797 ἀνέτρεψε.

701 5779 1038 5854 idem-codex
1069 5779 1396 5851 Bodleianus
1415 5779 1652 5853 'itérum,
1681 5779 1963 5852 ἀνέτρεψε.

1887 5592 2110 5648 “Marc.
2126 5604 2202 5654 ιι,
2232 5587 2300 5641 15
2320 5598 2436 5654 seq.

2120 3261 2223 3302 nec
2273 3236 2618 3313 permittebat
2676 3238 2737 3286 ut
2783 3228 3071 3299 quisquam
3113 3219 3423 3289 deportaret
3454 3227 3550 3267 vas
3595 3224 3693 3281 per

2123 3304 2378 3408 templum
2405 3348 2421 3399 ;
2453 3337 2508 3384 et
2535 3325 2787 3387 docebat,
2818 3320 3005 3375 dicens
3035 3314 3180 3370 illis:
3211 3310 3401 3365 Nonne
3428 3304 3690 3374 scriptum

2123 3441 2206 3487 est
2230 3450 2242 3485 τ
2277 3427 2477 3482 Domus
2508 3433 2649 3483 mea,
2690 3415 2882 3470 domus
2909 3403 3238 3481 precationis
3261 3398 3544 3455 vocabitur
3572 3408 3689 3449 om-

2123 3523 2281 3578 nibus
2306 3510 2598 3589 gentibus?
2635 3505 2744 3561 V'os
2773 3512 2953 3557 autem
2984 3495 3191 3553 fecistis
3204 3494 3338 3547 ream
3374 3487 3690 3556 speluncam

2126 3577 2413 3668 latronum.
2437 3625 2456 3659 ι
2488 3604 2663 3659 Lucas
2688 3611 2819 3652 vero
2846 3595 2927 3647 “z
2970 3610 2988 3643 ι
3022 3590 3090 3645 Ει
3125 3594 3185 3641 ut
3214 3577 3692 3655 apprOpinquavit.

2123 3706 2315 3760 videns
2342 3699 2640 3760 civitatem,
2688 3688 2838 3745 ﬂevit
2883 3697 3046 3753 super
3089 3678 3259 3742 illam,
3294 3675 3515 3729 dicens:
3553 3668 3693 3734 Quia

2127 3795 2171 3850 si
2193 3788 2538 3862 cognovisses
2560 3791 2615 3837 et
2641 3789 2698 3835 tu
2728 3779 2781 3832 in
2816 3775 2903 3830 die
2926 3770 3017 3826 illa
3049 3783 3168 3839 qua:
3191 3767 3257 3821 ad
3292 3761 3518 3835 pacem!
3553 3772 3695 3813 nunc

2128 3858 2306 3941 autem
2336 3877 2607 3937 occultata
2644 3879 2768 3927 sunt
2796 3867 2866 3922 ab
2907 3863 3080 3920 oculis
3105 3862 3231 3927 tuis,
3281 3858 3408 3928 quia
3439 3864 3697 3923 superve-

2128 3977 2278 4032 nient
2312 3972 2408 4027 tibi
2439 3969 2552 4024 dies
2581 4005 2597 4031 ,
2627 3973 2682 4019 et
2715 3955 3133 4017 circumdabant
3182 3961 3254 4018 te,
3282 3960 3337 4006 et
3380 3949 3596 4018 cingent
3647 3953 3699 3998 te

2130 4068 2387 4136 undique,
2417 4069 2472 4117 et
2504 4057 2619 4115 solo
2647 4052 2938 4123 aequabunt
2970 4057 3044 4113 te,
3079 4054 3133 4102 et
3163 4045 3301 4099 ﬁlios
3331 4052 3470 4105 tuos,
3500 4050 3556 4093 et
3589 4051 3696 4092 non

2131 4132 2439 4228 relinquent
2472 4150 2629 4221 181
2681 4148 2735 4200 in
2780 4154 2833 4199 te
2870 4141 3101 4210 lapidem
3138 4149 3302 4206 super
3345 4132 3602 4203 lapidem,
3636 4142 3702 4182 eo

2132 4252 2274 4322 quod
2304 4263 2414 4303 non
2455 4238 2776 4314 cognoveris
2826 4244 3039 4303 tempus
3086 4225 3416 4284 visitationis
3459 4233 3580 4277 tuae.
3638 4221 3706 4274 Et

2134 4346 2411 4415 ingressus
2444 4338 2499 4391 in
2533 4331 2813 4402 templum,
2843 4325 3011 4395 cmpit
3040 4323 3240 4393 ejicere
3261 4318 3579 4378 vendentes,
3622 4316 3706 4366 dl-

1937 4407 2037 4509 $5..
2071 4464 2112 4517 ι)
2137 4407 2269 4504 cens
2314 4433 2461 4489 illis:
2500 4427 2777 4495 Scriptum
2815 4429 2899 4475 est
2937 4434 2953 4472 :
2984 4416 3051 4472 Et
3077 4415 3182 4469 erit
3212 4413 3402 4468 domus
3434 4423 3578 4472 mea,
3603 4407 3701 4459 do-

2139 4546 2260 4587 mus
2300 4521 2664 4600 precationis;
2704 4531 2802 4572 vos
2851 4523 3034 4568 autem
3069 4506 3276 4563 fecistis
3304 4504 3450 4558 illam
3482 4499 3703 4571 spelun-

2138 4637 2257 4679 cam
2289 4621 2578 4674 latronum.
2612 4631 2633 4665 ι
2666 4610 2938 4664 Praeterea
2976 4604 3081 4663 hoc
3103 4600 3266 4655 etiam
3300 4592 3699 4651 observandum

2139 4721 2245 4781 est,
2271 4710 2416 4782 quod
2435 4708 2536 4764 'his
2564 4718 2681 4774 quae
2702 4700 2845 4757 dicta
2870 4704 2996 4753 sunt
3018 4692 3159 4763 apud
3194 4699 3305 4744 tres
3339 4682 3703 4753 evangelistas

2138 4808 2194 4863 in
2220 4817 2446 4860 ascensu
2477 4795 2690 4855 Domini
2721 4794 2787 4848 ad
2813 4788 3263 4857 Hierosolymam,
3289 4783 3343 4836 in
3361 4793 3468 4851 quo
3496 4778 3610 4831 haec
3626 4775 3704 4829 fe-

2140 4900 2220 4956 cit
2244 4899 2298 4953 in
2329 4892 2552 4961 templo,
2584 4887 2782 4945 similia
2817 4881 3099 4951 scripserit
3119 4877 3356 4934 Joannes
3387 4880 3505 4941 post
3533 4868 3702 4923 multa

2143 4992 2311 5047 fuisse
2344 4987 2506 5049 facta,
2544 4993 2737 5049 nempe
2778 4983 2901 5047 post
2931 4973 3160 5028 alterum
3212 4968 3380 5039 ipsius
3413 4963 3701 5018 adventum

2145 5085 2211 5140 ad
2230 5077 2679 5148 Hierosolymam,
2701 5086 2731 5124 a
2760 5066 3011 5140 praesenti
3039 5064 3332 5119 diversum.
3358 5056 3495 5111 Sunt
3524 5061 3703 5106 autem

2147 5179 2290 5234 hunc
2337 5173 2394 5229 in
2447 5167 2664 5225 modum
2715 5157 3141 5218 consideranda:
3196 5163 3360 5222 atque
3413 5150 3467 5203 in
3516 5144 3708 5216 primis

2146 5285 2266 5343 quae
2300 5282 2331 5322 a
2366 5264 2619 5319 Matthaao
2648 5258 2934 5312 traduntur
2967 5253 3046 5308 °’:
3100 5266 3119 5300 ι
3148 5247 3216 5303 Ει
3244 5259 3367 5300 cum
3411 5238 3706 5310 appropin-

2146 5323 2403 5435 quassent
2440 5346 2843 5419 Hierosolymis,
2874 5352 2929 5398 et
2974 5340 3250 5395 venissent
3295 5329 3603 5399 Betbpbage
3642 5323 3712 5378 ad

2150 5415 2383 5508 montem
2405 5415 2703 5504 Olivarum,
2730 5447 2856 5491 tunc
2878 5432 3034 5496 Jesus
3057 5428 3206 5483 misit
3231 5426 3364 5478 duos
3394 5415 3709 5485 discipulos,

2510 5580 2553 5613 “
2569 5578 2698 5633 Luc.
2717 5590 2832 5641 χιχ,
2854 5572 2918 5627 ιιι
2937 5583 3051 5638 seq.
3141 5565 3186 5597 ⁸³
3210 5561 3403 5618 Matth.
3421 5573 3531 5620 ut,
3548 5554 3576 5608 1
3593 5568 3710 5621 seq.

2194 5686 2334 5844 ,ξω
2379 5700 2565 5757 Codex
2600 5674 2927 5753 Bodleianus
2957 5702 3053 5760 pro
3081 5684 3167 5736 ἐπ’
3203 5679 3393 5750 αὐτήν,
3427 5677 3593 5732 habet
3627 5676 3715 5726 ἐπ’

2194 5794 2215 5827 ‘J
2292 5810 2307 5828 ι

2148 5793 2285 5831 αυτῐι
2292 5810 2307 5828 ι
