  <div class='ocr_page' id='page_1' title='image "/cluster/home/n/w/nwhite01/storage/ocr_20150623/14:no.4/coo.31924054872928/181.png"; bbox 0 0 4170 6446; ppageno 0'>
   <div class='ocr_carea' id='block_1_1' title="bbox 457 321 560 374">
    <p class='ocr_par' dir='ltr' id='par_1_1' title="bbox 457 321 560 374">
     <span class='ocr_line' id='line_1_1' title="bbox 457 321 560 374; baseline 0 0"><span class='ocrx_word' id='word_1_1' title='bbox 457 321 560 374; x_wconf 61' lang='grc'><strong>543</strong></span> 
     </span>
    </p>
   </div>
   <div class='ocr_carea' id='block_1_2' title="bbox 1937 316 2258 373">
    <p class='ocr_par' dir='ltr' id='par_1_2' title="bbox 1937 316 2258 373">
     <span class='ocr_line' id='line_1_2' title="bbox 1937 316 2258 373; baseline -0.003 0"><span class='ocrx_word' id='word_1_2' title='bbox 1937 317 2094 373; x_wconf 80' lang='lat' dir='ltr'><strong>ORlG</strong></span> <span class='ocrx_word' id='word_1_3' title='bbox 2103 316 2188 370; x_wconf 84' lang='grc' dir='ltr'><strong>ΕΝ</strong></span> <span class='ocrx_word' id='word_1_4' title='bbox 2195 316 2258 372; x_wconf 88' lang='lat' dir='ltr'><strong>IS</strong></span> 
     </span>
    </p>
   </div>
   <div class='ocr_carea' id='block_1_3' title="bbox 3593 318 3702 372">
    <p class='ocr_par' dir='ltr' id='par_1_3' title="bbox 3593 318 3702 372">
     <span class='ocr_line' id='line_1_3' title="bbox 3593 318 3702 372; baseline -0.009 0"><span class='ocrx_word' id='word_1_5' title='bbox 3593 318 3702 372; x_wconf 67' lang='grc'><strong>544</strong></span> 
     </span>
    </p>
   </div>
   <div class='ocr_carea' id='block_1_4' title="bbox 459 429 2035 505">
    <p class='ocr_par' dir='ltr' id='par_1_4' title="bbox 459 433 2026 505">
     <span class='ocr_line' id='line_1_4' title="bbox 459 433 2026 505; baseline -0.002 -17"><span class='ocrx_word' id='word_1_6' title='bbox 459 437 646 488; x_wconf 71' lang='lat' dir='ltr'><strong>dicens</strong></span> <span class='ocrx_word' id='word_1_7' title='bbox 692 435 805 489; x_wconf 89' lang='lat' dir='ltr'><strong>eis:</strong></span> <span class='ocrx_word' id='word_1_8' title='bbox 835 433 910 490; x_wconf 88' lang='lat' dir='ltr'><strong>Ite</strong></span> <span class='ocrx_word' id='word_1_9' title='bbox 943 437 996 489; x_wconf 91' lang='lat' dir='ltr'><strong>in</strong></span> <span class='ocrx_word' id='word_1_10' title='bbox 1023 436 1228 500; x_wconf 91' lang='lat' dir='ltr'><strong>vicum,</strong></span> <span class='ocrx_word' id='word_1_11' title='bbox 1260 437 1350 502; x_wconf 88' lang='lat' dir='ltr'><strong>qui</strong></span> <span class='ocrx_word' id='word_1_12' title='bbox 1389 452 1419 489; x_wconf 91' lang='lat' dir='ltr'><strong>e</strong></span> <span class='ocrx_word' id='word_1_13' title='bbox 1455 436 1672 505; x_wconf 73' lang='lat' dir='ltr'><strong>regione</strong></span> <span class='ocrx_word' id='word_1_14' title='bbox 1707 435 1871 488; x_wconf 79' lang='lat' dir='ltr'><strong>vestri</strong></span> <span class='ocrx_word' id='word_1_15' title='bbox 1920 443 2026 496; x_wconf 82' lang='lat' dir='ltr'><strong>est,</strong></span> 
     </span>
    </p>
   </div>
   <div class='ocr_carea' id='block_1_5' title="bbox 2135 429 3697 505">
    <p class='ocr_par' dir='ltr' id='par_1_5' title="bbox 2135 429 3697 502">
     <span class='ocr_line' id='line_1_5' title="bbox 2135 429 3697 502; baseline 0.002 -20"><span class='ocrx_word' id='word_1_16' title='bbox 2135 430 2298 499; x_wconf 84' lang='grc' dir='ltr'>μένα·</span> <span class='ocrx_word' id='word_1_17' title='bbox 2331 430 2424 484; x_wconf 77' lang='grc' dir='ltr'><strong>καὶ</strong></span> <span class='ocrx_word' id='word_1_18' title='bbox 2459 430 2670 500; x_wconf 86' lang='grc' dir='ltr'>πρῶτόν</span> <span class='ocrx_word' id='word_1_19' title='bbox 2711 447 2774 499; x_wconf 92' lang='grc' dir='ltr'><strong>γε</strong></span> <span class='ocrx_word' id='word_1_20' title='bbox 2825 430 2894 484; x_wconf 86' lang='grc' dir='ltr'><strong>τά</strong></span> <span class='ocrx_word' id='word_1_21' title='bbox 2941 429 3202 502; x_wconf 82' lang='grc' dir='ltr'>Ματθαίῳ</span> <span class='ocrx_word' id='word_1_22' title='bbox 3235 429 3347 502; x_wconf 80' lang='lat'><strong>(37)</strong></span> <span class='ocrx_word' id='word_1_23' title='bbox 3391 429 3697 501; x_wconf 72' lang='grc' dir='ltr'>λεγόμενα·</span> 
     </span>
    </p>
   </div>
   <div class='ocr_carea' id='block_1_6' title="bbox 457 526 2023 596">
    <p class='ocr_par' dir='ltr' id='par_1_6' title="bbox 457 526 2023 596">
     <span class='ocr_line' id='line_1_6' title="bbox 457 526 2023 596; baseline -0.001 -19"><span class='ocrx_word' id='word_1_24' title='bbox 457 536 511 577; x_wconf 91' lang='lat' dir='ltr'><strong>et</strong></span> <span class='ocrx_word' id='word_1_25' title='bbox 533 527 713 578; x_wconf 88' lang='lat' dir='ltr'><strong>statim</strong></span> <span class='ocrx_word' id='word_1_26' title='bbox 737 526 1023 580; x_wconf 78' lang='lat' dir='ltr'><strong>invenietis</strong></span> <span class='ocrx_word' id='word_1_27' title='bbox 1049 528 1255 580; x_wconf 87' lang='lat' dir='ltr'><strong>asinam</strong></span> <span class='ocrx_word' id='word_1_28' title='bbox 1280 527 1574 595; x_wconf 74' lang='lat' dir='ltr'><strong>alligatam,</strong></span> <span class='ocrx_word' id='word_1_29' title='bbox 1597 538 1649 581; x_wconf 89' lang='lat' dir='ltr'><strong>et</strong></span> <span class='ocrx_word' id='word_1_30' title='bbox 1674 526 1873 596; x_wconf 87' lang='lat' dir='ltr'><strong>pullum</strong></span> <span class='ocrx_word' id='word_1_31' title='bbox 1901 540 2023 578; x_wconf 92' lang='lat' dir='ltr'><strong>cum</strong></span> 
     </span>
    </p>
   </div>
   <div class='ocr_carea' id='block_1_7' title="bbox 459 613 2025 685">
    <p class='ocr_par' dir='ltr' id='par_1_7' title="bbox 459 613 2025 685">
     <span class='ocr_line' id='line_1_7' title="bbox 459 613 2025 685; baseline -0.001 -17"><span class='ocrx_word' id='word_1_32' title='bbox 459 630 556 676; x_wconf 81' lang='lat' dir='ltr'><strong>ea;</strong></span> <span class='ocrx_word' id='word_1_33' title='bbox 601 613 807 676; x_wconf 83' lang='lat' dir='ltr'><strong>solvite,</strong></span> <span class='ocrx_word' id='word_1_34' title='bbox 845 625 897 669; x_wconf 91' lang='lat' dir='ltr'><strong>et</strong></span> <span class='ocrx_word' id='word_1_35' title='bbox 931 617 1184 670; x_wconf 83' lang='lat' dir='ltr'><strong>adducite</strong></span> <span class='ocrx_word' id='word_1_36' title='bbox 1217 617 1376 669; x_wconf 86' lang='lat' dir='ltr'><strong>mihi:</strong></span> <span class='ocrx_word' id='word_1_37' title='bbox 1429 627 1482 670; x_wconf 91' lang='lat' dir='ltr'><strong>et</strong></span> <span class='ocrx_word' id='word_1_38' title='bbox 1525 618 1570 671; x_wconf 88' lang='lat' dir='ltr'><strong>si</strong></span> <span class='ocrx_word' id='word_1_39' title='bbox 1599 618 1726 685; x_wconf 82' lang='lat' dir='ltr'><strong>quis</strong></span> <span class='ocrx_word' id='word_1_40' title='bbox 1760 616 1912 670; x_wconf 87' lang='lat' dir='ltr'><strong>vobis</strong></span> <span class='ocrx_word' id='word_1_41' title='bbox 1941 614 2025 668; x_wconf 92' lang='lat' dir='ltr'><strong>di-</strong></span> 
     </span>
    </p>
   </div>
   <div class='ocr_carea' id='block_1_8' title="bbox 460 705 2022 777">
    <p class='ocr_par' dir='ltr' id='par_1_8' title="bbox 460 705 2022 777">
     <span class='ocr_line' id='line_1_8' title="bbox 460 705 2022 777; baseline 0.002 -21"><span class='ocrx_word' id='word_1_42' title='bbox 460 706 601 758; x_wconf 84' lang='lat' dir='ltr'><strong>xerit</strong></span> <span class='ocrx_word' id='word_1_43' title='bbox 636 723 648 757; x_wconf 91' lang='lat'><strong>:</strong></span> <span class='ocrx_word' id='word_1_44' title='bbox 692 705 828 772; x_wconf 87' lang='lat' dir='ltr'><strong>Quid</strong></span> <span class='ocrx_word' id='word_1_45' title='bbox 857 705 1066 762; x_wconf 73' lang='lat' dir='ltr'><strong>facitis?</strong></span> <span class='ocrx_word' id='word_1_46' title='bbox 1093 710 1321 763; x_wconf 89' lang='lat' dir='ltr'><strong>dicetis:</strong></span> <span class='ocrx_word' id='word_1_47' title='bbox 1365 709 1626 763; x_wconf 85' lang='lat' dir='ltr'><strong>Dominus</strong></span> <span class='ocrx_word' id='word_1_48' title='bbox 1657 710 1738 762; x_wconf 83' lang='lat' dir='ltr'><strong>his</strong></span> <span class='ocrx_word' id='word_1_49' title='bbox 1769 724 1902 777; x_wconf 86' lang='lat' dir='ltr'><strong>opus</strong></span> <span class='ocrx_word' id='word_1_50' title='bbox 1928 707 2022 760; x_wconf 85' lang='lat' dir='ltr'><strong>ha-</strong></span> 
     </span>
    </p>
   </div>
   <div class='ocr_carea' id='block_1_9' title="bbox 463 797 2025 854">
    <p class='ocr_par' dir='ltr' id='par_1_9' title="bbox 463 797 2025 854">
     <span class='ocr_line' id='line_1_9' title="bbox 463 797 2025 854; baseline 0.003 -7"><span class='ocrx_word' id='word_1_51' title='bbox 463 797 590 849; x_wconf 71' lang='lat' dir='ltr'><strong>bet:</strong></span> <span class='ocrx_word' id='word_1_52' title='bbox 636 805 692 850; x_wconf 92' lang='lat' dir='ltr'><strong>et</strong></span> <span class='ocrx_word' id='word_1_53' title='bbox 738 797 1024 852; x_wconf 71' lang='lat' dir='ltr'><strong>confestim</strong></span> <span class='ocrx_word' id='word_1_54' title='bbox 1073 800 1311 854; x_wconf 79' lang='lat' dir='ltr'><strong>dimittet</strong></span> <span class='ocrx_word' id='word_1_55' title='bbox 1341 815 1453 854; x_wconf 92' lang='lat' dir='ltr'><strong>eos.</strong></span> <span class='ocrx_word' id='word_1_56' title='bbox 1501 799 1612 854; x_wconf 83' lang='lat' dir='ltr'><strong>Hoc</strong></span> <span class='ocrx_word' id='word_1_57' title='bbox 1642 811 1821 853; x_wconf 87' lang='lat' dir='ltr'><strong>autem</strong></span> <span class='ocrx_word' id='word_1_58' title='bbox 1857 809 2025 852; x_wconf 88' lang='lat' dir='ltr'><strong>totum</strong></span> 
     </span>
    </p>
   </div>
   <div class='ocr_carea' id='block_1_10' title="bbox 464 884 2026 959">
    <p class='ocr_par' dir='ltr' id='par_1_10' title="bbox 464 884 2026 959">
     <span class='ocr_line' id='line_1_10' title="bbox 464 884 2026 959; baseline 0.004 -24"><span class='ocrx_word' id='word_1_59' title='bbox 464 884 662 939; x_wconf 75' lang='lat' dir='ltr'><strong>factum</strong></span> <span class='ocrx_word' id='word_1_60' title='bbox 691 899 792 951; x_wconf 90' lang='lat' dir='ltr'><strong>est,</strong></span> <span class='ocrx_word' id='word_1_61' title='bbox 824 898 880 942; x_wconf 91' lang='lat' dir='ltr'><strong>ut</strong></span> <span class='ocrx_word' id='word_1_62' title='bbox 904 889 1219 958; x_wconf 83' lang='lat' dir='ltr'><strong>impleretur</strong></span> <span class='ocrx_word' id='word_1_63' title='bbox 1243 891 1384 959; x_wconf 90' lang='lat' dir='ltr'><strong>quod</strong></span> <span class='ocrx_word' id='word_1_64' title='bbox 1414 889 1612 944; x_wconf 89' lang='lat' dir='ltr'><strong>dictum</strong></span> <span class='ocrx_word' id='word_1_65' title='bbox 1655 901 1738 944; x_wconf 91' lang='lat' dir='ltr'><strong>est</strong></span> <span class='ocrx_word' id='word_1_66' title='bbox 1774 906 1867 957; x_wconf 89' lang='lat' dir='ltr'><strong>per</strong></span> <span class='ocrx_word' id='word_1_67' title='bbox 1901 904 2026 957; x_wconf 89' lang='lat' dir='ltr'><strong>pro-</strong></span> 
     </span>
    </p>
   </div>
   <div class='ocr_carea' id='block_1_11' title="bbox 464 977 2027 1042">
    <p class='ocr_par' dir='ltr' id='par_1_11' title="bbox 464 977 2027 1042">
     <span class='ocr_line' id='line_1_11' title="bbox 464 977 2027 1042; baseline 0.004 -14"><span class='ocrx_word' id='word_1_68' title='bbox 464 977 682 1042; x_wconf 83' lang='lat' dir='ltr'><strong>phetam</strong></span> <span class='ocrx_word' id='word_1_69' title='bbox 713 980 1012 1034; x_wconf 83' lang='lat' dir='ltr'><strong>dicentem:</strong></span> <span class='ocrx_word' id='word_1_70' title='bbox 1046 981 1220 1036; x_wconf 89' lang='lat' dir='ltr'><strong>Dicite</strong></span> <span class='ocrx_word' id='word_1_71' title='bbox 1247 984 1372 1038; x_wconf 69' lang='lat' dir='ltr'><strong>ﬁlia:</strong></span> <span class='ocrx_word' id='word_1_72' title='bbox 1399 982 1557 1038; x_wconf 89' lang='lat' dir='ltr'><strong>Sion:</strong></span> <span class='ocrx_word' id='word_1_73' title='bbox 1595 981 1731 1036; x_wconf 83' lang='lat' dir='ltr'><strong>Ecce</strong></span> <span class='ocrx_word' id='word_1_74' title='bbox 1762 981 1874 1034; x_wconf 72' lang='lat' dir='ltr'><strong>[lex</strong></span> <span class='ocrx_word' id='word_1_75' title='bbox 1907 989 2027 1035; x_wconf 92' lang='lat' dir='ltr'><strong>tuus</strong></span> 
     </span>
    </p>
   </div>
   <div class='ocr_carea' id='block_1_12' title="bbox 463 1069 2026 1142">
    <p class='ocr_par' dir='ltr' id='par_1_12' title="bbox 463 1069 2026 1142">
     <span class='ocr_line' id='line_1_12' title="bbox 463 1069 2026 1142; baseline 0.004 -23"><span class='ocrx_word' id='word_1_76' title='bbox 463 1069 612 1122; x_wconf 88' lang='lat' dir='ltr'><strong>venit</strong></span> <span class='ocrx_word' id='word_1_77' title='bbox 638 1081 980 1133; x_wconf 86' lang='lat' dir='ltr'><strong>mansuetus,</strong></span> <span class='ocrx_word' id='word_1_78' title='bbox 1013 1084 1066 1126; x_wconf 90' lang='lat' dir='ltr'><strong>et</strong></span> <span class='ocrx_word' id='word_1_79' title='bbox 1089 1075 1285 1129; x_wconf 87' lang='lat' dir='ltr'><strong>sedens</strong></span> <span class='ocrx_word' id='word_1_80' title='bbox 1315 1089 1477 1142; x_wconf 85' lang='lat' dir='ltr'><strong>super</strong></span> <span class='ocrx_word' id='word_1_81' title='bbox 1501 1073 1728 1132; x_wconf 88' lang='lat' dir='ltr'><strong>asinam,</strong></span> <span class='ocrx_word' id='word_1_82' title='bbox 1753 1081 1804 1125; x_wconf 90' lang='lat' dir='ltr'><strong>et</strong></span> <span class='ocrx_word' id='word_1_83' title='bbox 1828 1071 2026 1137; x_wconf 91' lang='lat' dir='ltr'><strong>pullum</strong></span> 
     </span>
    </p>
   </div>
   <div class='ocr_carea' id='block_1_13' title="bbox 464 1158 2028 1233">
    <p class='ocr_par' dir='ltr' id='par_1_13' title="bbox 464 1158 2028 1233">
     <span class='ocr_line' id='line_1_13' title="bbox 464 1158 2028 1233; baseline 0.005 -24"><span class='ocrx_word' id='word_1_84' title='bbox 464 1158 632 1212; x_wconf 86' lang='lat' dir='ltr'><strong>lilium</strong></span> <span class='ocrx_word' id='word_1_85' title='bbox 667 1159 980 1232; x_wconf 77' lang='lat' dir='ltr'><strong>subjugalis.</strong></span> <span class='ocrx_word' id='word_1_86' title='bbox 1012 1160 1242 1216; x_wconf 80' lang='lat' dir='ltr'><strong>ProfeCti</strong></span> <span class='ocrx_word' id='word_1_87' title='bbox 1277 1173 1457 1216; x_wconf 88' lang='lat' dir='ltr'><strong>autem</strong></span> <span class='ocrx_word' id='word_1_88' title='bbox 1493 1164 1742 1233; x_wconf 87' lang='lat' dir='ltr'><strong>discipuli</strong></span> <span class='ocrx_word' id='word_1_89' title='bbox 1784 1163 2028 1218; x_wconf 82' lang='lat' dir='ltr'><strong>fecerunt</strong></span> 
     </span>
    </p>
   </div>
   <div class='ocr_carea' id='block_1_14' title="bbox 464 1251 2027 1323">
    <p class='ocr_par' dir='ltr' id='par_1_14' title="bbox 464 1251 2027 1323">
     <span class='ocr_line' id='line_1_14' title="bbox 464 1251 2027 1323; baseline 0.006 -21"><span class='ocrx_word' id='word_1_90' title='bbox 464 1251 606 1304; x_wconf 87' lang='lat' dir='ltr'><strong>sicut</strong></span> <span class='ocrx_word' id='word_1_91' title='bbox 636 1264 964 1322; x_wconf 64' lang='lat' dir='ltr'><strong>praceperat</strong></span> <span class='ocrx_word' id='word_1_92' title='bbox 1000 1255 1104 1310; x_wconf 80' lang='lat' dir='ltr'><strong>illis</strong></span> <span class='ocrx_word' id='word_1_93' title='bbox 1127 1255 1306 1322; x_wconf 84' lang='lat' dir='ltr'><strong>Jesus,</strong></span> <span class='ocrx_word' id='word_1_94' title='bbox 1334 1268 1389 1312; x_wconf 92' lang='lat' dir='ltr'><strong>et</strong></span> <span class='ocrx_word' id='word_1_95' title='bbox 1421 1259 1759 1312; x_wconf 83' lang='lat' dir='ltr'><strong>adduxerunt</strong></span> <span class='ocrx_word' id='word_1_96' title='bbox 1790 1259 2027 1323; x_wconf 82' lang='lat' dir='ltr'><strong>asinam,</strong></span> 
     </span>
    </p>
   </div>
   <div class='ocr_carea' id='block_1_15' title="bbox 461 1343 2026 1418">
    <p class='ocr_par' dir='ltr' id='par_1_15' title="bbox 461 1343 2026 1418">
     <span class='ocr_line' id='line_1_15' title="bbox 461 1343 2026 1418; baseline 0.008 -26"><span class='ocrx_word' id='word_1_97' title='bbox 461 1353 516 1393; x_wconf 91' lang='lat' dir='ltr'><strong>et</strong></span> <span class='ocrx_word' id='word_1_98' title='bbox 547 1343 790 1410; x_wconf 89' lang='lat' dir='ltr'><strong>pullum,</strong></span> <span class='ocrx_word' id='word_1_99' title='bbox 831 1357 884 1400; x_wconf 89' lang='lat' dir='ltr'><strong>ct</strong></span> <span class='ocrx_word' id='word_1_100' title='bbox 935 1347 1309 1416; x_wconf 88' lang='lat' dir='ltr'><strong>imposuerunt</strong></span> <span class='ocrx_word' id='word_1_101' title='bbox 1361 1366 1526 1418; x_wconf 87' lang='lat' dir='ltr'><strong>super</strong></span> <span class='ocrx_word' id='word_1_102' title='bbox 1569 1368 1662 1405; x_wconf 87' lang='lat' dir='ltr'><strong>eos</strong></span> <span class='ocrx_word' id='word_1_103' title='bbox 1708 1353 2026 1406; x_wconf 87' lang='lat' dir='ltr'><strong>vestimenta</strong></span> 
     </span>
    </p>
   </div>
   <div class='ocr_carea' id='block_1_16' title="bbox 461 1436 2028 1500">
    <p class='ocr_par' dir='ltr' id='par_1_16' title="bbox 461 1436 2028 1500">
     <span class='ocr_line' id='line_1_16' title="bbox 461 1436 2028 1500; baseline 0.006 -13"><span class='ocrx_word' id='word_1_104' title='bbox 461 1450 592 1500; x_wconf 82' lang='lat' dir='ltr'><strong>sua,</strong></span> <span class='ocrx_word' id='word_1_105' title='bbox 623 1445 679 1490; x_wconf 90' lang='lat' dir='ltr'><strong>et</strong></span> <span class='ocrx_word' id='word_1_106' title='bbox 709 1436 907 1492; x_wconf 90' lang='lat' dir='ltr'><strong>insedit</strong></span> <span class='ocrx_word' id='word_1_107' title='bbox 941 1439 1066 1493; x_wconf 90' lang='lat' dir='ltr'><strong>illis.</strong></span> <span class='ocrx_word' id='word_1_108' title='bbox 1101 1439 1336 1494; x_wconf 85' lang='lat' dir='ltr'><strong>Plurima</strong></span> <span class='ocrx_word' id='word_1_109' title='bbox 1374 1453 1555 1498; x_wconf 88' lang='lat' dir='ltr'><strong>autem</strong></span> <span class='ocrx_word' id='word_1_110' title='bbox 1614 1443 1772 1496; x_wconf 88' lang='lat' dir='ltr'><strong>turba</strong></span> <span class='ocrx_word' id='word_1_111' title='bbox 1817 1453 2028 1497; x_wconf 88' lang='lat' dir='ltr'><strong>strave-</strong></span> 
     </span>
    </p>
   </div>
   <div class='ocr_carea' id='block_1_17' title="bbox 465 1527 2028 1603">
    <p class='ocr_par' dir='ltr' id='par_1_17' title="bbox 465 1527 2028 1603">
     <span class='ocr_line' id='line_1_17' title="bbox 465 1527 2028 1603; baseline 0.009 -29"><span class='ocrx_word' id='word_1_112' title='bbox 465 1534 589 1577; x_wconf 89' lang='lat' dir='ltr'><strong>runt</strong></span> <span class='ocrx_word' id='word_1_113' title='bbox 629 1527 948 1582; x_wconf 81' lang='lat' dir='ltr'><strong>vestimenta</strong></span> <span class='ocrx_word' id='word_1_114' title='bbox 977 1543 1071 1582; x_wconf 88' lang='lat' dir='ltr'><strong>sua</strong></span> <span class='ocrx_word' id='word_1_115' title='bbox 1101 1530 1150 1582; x_wconf 93' lang='lat' dir='ltr'><strong>in</strong></span> <span class='ocrx_word' id='word_1_116' title='bbox 1178 1532 1284 1584; x_wconf 85' lang='lat' dir='ltr'><strong>via.</strong></span> <span class='ocrx_word' id='word_1_117' title='bbox 1320 1531 1490 1586; x_wconf 89' lang='lat' dir='ltr'><strong>Porro</strong></span> <span class='ocrx_word' id='word_1_118' title='bbox 1519 1533 1709 1597; x_wconf 69' lang='lat' dir='ltr'><strong>turbae,</strong></span> <span class='ocrx_word' id='word_1_119' title='bbox 1743 1549 1861 1602; x_wconf 78' lang='lat' dir='ltr'><strong>qua:</strong></span> <span class='ocrx_word' id='word_1_120' title='bbox 1896 1549 2028 1603; x_wconf 75' lang='lat' dir='ltr'><strong>pra:-</strong></span> 
     </span>
    </p>
   </div>
   <div class='ocr_carea' id='block_1_18' title="bbox 459 1616 2024 1686">
    <p class='ocr_par' dir='ltr' id='par_1_18' title="bbox 459 1616 2024 1686">
     <span class='ocr_line' id='line_1_18' title="bbox 459 1616 2024 1686; baseline 0.008 -20"><span class='ocrx_word' id='word_1_121' title='bbox 459 1616 726 1669; x_wconf 83' lang='lat' dir='ltr'><strong>cedebant</strong></span> <span class='ocrx_word' id='word_1_122' title='bbox 750 1634 892 1682; x_wconf 89' lang='lat' dir='ltr'><strong>eum,</strong></span> <span class='ocrx_word' id='word_1_123' title='bbox 922 1631 975 1673; x_wconf 91' lang='lat' dir='ltr'><strong>et</strong></span> <span class='ocrx_word' id='word_1_124' title='bbox 1005 1622 1387 1686; x_wconf 82' lang='lat' dir='ltr'><strong>sequebantur,</strong></span> <span class='ocrx_word' id='word_1_125' title='bbox 1415 1623 1727 1678; x_wconf 86' lang='lat' dir='ltr'><strong>clamabant</strong></span> <span class='ocrx_word' id='word_1_126' title='bbox 1755 1625 2024 1678; x_wconf 87' lang='lat' dir='ltr'><strong>dicentes:</strong></span> 
     </span>
    </p>
   </div>
   <div class='ocr_carea' id='block_1_19' title="bbox 461 1706 2029 1785">
    <p class='ocr_par' dir='ltr' id='par_1_19' title="bbox 461 1706 2029 1785">
     <span class='ocr_line' id='line_1_19' title="bbox 461 1706 2029 1785; baseline 0.008 -26"><span class='ocrx_word' id='word_1_127' title='bbox 461 1706 715 1762; x_wconf 73' lang='lat' dir='ltr'><strong>&quot;osanna</strong></span> <span class='ocrx_word' id='word_1_128' title='bbox 740 1710 848 1764; x_wconf 82' lang='lat' dir='ltr'><strong>ﬁlio</strong></span> <span class='ocrx_word' id='word_1_129' title='bbox 878 1713 1062 1778; x_wconf 81' lang='lat' dir='ltr'><strong>David,</strong></span> <span class='ocrx_word' id='word_1_130' title='bbox 1095 1715 1416 1770; x_wconf 89' lang='lat' dir='ltr'><strong>benedictus</strong></span> <span class='ocrx_word' id='word_1_131' title='bbox 1438 1719 1528 1785; x_wconf 90' lang='lat' dir='ltr'><strong>qui</strong></span> <span class='ocrx_word' id='word_1_132' title='bbox 1561 1718 1703 1768; x_wconf 87' lang='lat' dir='ltr'><strong>venit</strong></span> <span class='ocrx_word' id='word_1_133' title='bbox 1733 1719 1783 1770; x_wconf 89' lang='lat' dir='ltr'><strong>in</strong></span> <span class='ocrx_word' id='word_1_134' title='bbox 1811 1719 2029 1772; x_wconf 90' lang='lat' dir='ltr'><strong>nomine</strong></span> 
     </span>
    </p>
   </div>
   <div class='ocr_carea' id='block_1_20' title="bbox 2132 518 3707 593">
    <p class='ocr_par' dir='ltr' id='par_1_20' title="bbox 2132 518 3707 593">
     <span class='ocr_line' id='line_1_20' title="bbox 2132 518 3707 593; baseline 0.003 -22"><span class='ocrx_word' id='word_1_135' title='bbox 2132 540 2149 570; x_wconf 78' lang='grc' dir='ltr'><strong>ι</strong></span> <span class='ocrx_word' id='word_1_136' title='bbox 2193 522 2301 573; x_wconf 76' lang='grc' dir='ltr'>Καὶ</span> <span class='ocrx_word' id='word_1_137' title='bbox 2320 523 2407 574; x_wconf 82' lang='grc' dir='ltr'>ὅτε</span> <span class='ocrx_word' id='word_1_138' title='bbox 2459 523 2682 592; x_wconf 73' lang='grc' dir='ltr'>ἤγγισεν</span> <span class='ocrx_word' id='word_1_139' title='bbox 2722 524 2801 585; x_wconf 87' lang='grc' dir='ltr'>εἰς</span> <span class='ocrx_word' id='word_1_140' title='bbox 2853 523 3216 592; x_wconf 81' lang='grc' dir='ltr'>Ἱεροσόλυμα,</span> <span class='ocrx_word' id='word_1_141' title='bbox 3265 523 3358 576; x_wconf 79' lang='grc' dir='ltr'>καὶ</span> <span class='ocrx_word' id='word_1_142' title='bbox 3403 518 3568 593; x_wconf 80' lang='grc' dir='ltr'>ἦλθεν</span> <span class='ocrx_word' id='word_1_143' title='bbox 3623 526 3707 586; x_wconf 86' lang='grc' dir='ltr'><strong>είς</strong></span> 
     </span>
    </p>
   </div>
   <div class='ocr_carea' id='block_1_21' title="bbox 2126 612 3706 684">
    <p class='ocr_par' dir='ltr' id='par_1_21' title="bbox 2126 612 3706 684">
     <span class='ocr_line' id='line_1_21' title="bbox 2126 612 3706 684; baseline 0.001 -21"><span class='ocrx_word' id='word_1_144' title='bbox 2126 613 2418 684; x_wconf 68' lang='grc' dir='ltr'>Βηθφαγὴν</span> <span class='ocrx_word' id='word_1_145' title='bbox 2448 615 2586 684; x_wconf 83' lang='grc' dir='ltr'>πρὸς</span> <span class='ocrx_word' id='word_1_146' title='bbox 2611 615 2670 666; x_wconf 84' lang='grc' dir='ltr'><strong>τὸ</strong></span> <span class='ocrx_word' id='word_1_147' title='bbox 2700 614 2824 684; x_wconf 77' lang='grc' dir='ltr'>ὅρος</span> <span class='ocrx_word' id='word_1_148' title='bbox 2864 613 2972 666; x_wconf 89' lang='grc' dir='ltr'><strong>τῶν</strong></span> <span class='ocrx_word' id='word_1_149' title='bbox 3029 613 3271 676; x_wconf 79' lang='grc' dir='ltr'><strong>Ἐλαιῶν,</strong></span> <span class='ocrx_word' id='word_1_150' title='bbox 3319 612 3438 664; x_wconf 87' lang='grc' dir='ltr'>τότε</span> <span class='ocrx_word' id='word_1_151' title='bbox 3489 612 3706 682; x_wconf 87' lang='grc' dir='ltr'>Ἰησοῦς</span> 
     </span>
    </p>
   </div>
   <div class='ocr_carea' id='block_1_22' title="bbox 2125 702 3708 776">
    <p class='ocr_par' dir='ltr' id='par_1_22' title="bbox 2125 702 3708 776">
     <span class='ocr_line' id='line_1_22' title="bbox 2125 702 3708 776; baseline -0.003 -16"><span class='ocrx_word' id='word_1_152' title='bbox 2125 705 2411 760; x_wconf 84' lang='grc' dir='ltr'>ἀπέστειλε</span> <span class='ocrx_word' id='word_1_153' title='bbox 2454 706 2546 759; x_wconf 75' lang='grc' dir='ltr'>δύο</span> <span class='ocrx_word' id='word_1_154' title='bbox 2587 706 2852 776; x_wconf 71' lang='grc' dir='ltr'>μαθητὰς,</span> <span class='ocrx_word' id='word_1_155' title='bbox 2903 706 3079 774; x_wconf 88' lang='grc' dir='ltr'>λέγων</span> <span class='ocrx_word' id='word_1_156' title='bbox 3129 706 3348 768; x_wconf 81' lang='grc' dir='ltr'>αὐτοῖς·</span> <span class='ocrx_word' id='word_1_157' title='bbox 3393 702 3708 774; x_wconf 80' lang='grc' dir='ltr'>Πορεύεσθε</span> 
     </span>
    </p>
   </div>
   <div class='ocr_carea' id='block_1_23' title="bbox 2127 794 3712 868">
    <p class='ocr_par' dir='ltr' id='par_1_23' title="bbox 2127 794 3712 868">
     <span class='ocr_line' id='line_1_23' title="bbox 2127 794 3712 868; baseline -0.003 -18"><span class='ocrx_word' id='word_1_158' title='bbox 2127 800 2206 861; x_wconf 84' lang='grc' dir='ltr'><strong>είς</strong></span> <span class='ocrx_word' id='word_1_159' title='bbox 2237 798 2332 868; x_wconf 78' lang='grc' dir='ltr'>τὴν</span> <span class='ocrx_word' id='word_1_160' title='bbox 2369 797 2558 868; x_wconf 81' lang='grc' dir='ltr'><strong>κώμην</strong></span> <span class='ocrx_word' id='word_1_161' title='bbox 2588 798 2685 868; x_wconf 86' lang='grc' dir='ltr'><strong>τὴν</strong></span> <span class='ocrx_word' id='word_1_162' title='bbox 2719 798 2978 851; x_wconf 79' lang='grc' dir='ltr'><strong>ἀπέναντι</strong></span> <span class='ocrx_word' id='word_1_163' title='bbox 3013 797 3123 866; x_wconf 80' lang='grc'><strong>(58)</strong></span> <span class='ocrx_word' id='word_1_164' title='bbox 3159 797 3332 866; x_wconf 88' lang='grc' dir='ltr'>ὑμῶν,</span> <span class='ocrx_word' id='word_1_165' title='bbox 3373 797 3466 848; x_wconf 72' lang='grc' dir='ltr'><strong>καὶ</strong></span> <span class='ocrx_word' id='word_1_166' title='bbox 3495 794 3712 856; x_wconf 81' lang='grc' dir='ltr'>εὐθέως</span> 
     </span>
    </p>
   </div>
   <div class='ocr_carea' id='block_1_24' title="bbox 2127 885 3713 961">
    <p class='ocr_par' dir='ltr' id='par_1_24' title="bbox 2127 885 3713 961">
     <span class='ocr_line' id='line_1_24' title="bbox 2127 885 3713 961; baseline -0.004 -18"><span class='ocrx_word' id='word_1_167' title='bbox 2127 891 2384 961; x_wconf 79' lang='grc' dir='ltr'>εὑρήσετε</span> <span class='ocrx_word' id='word_1_168' title='bbox 2415 891 2533 942; x_wconf 83' lang='grc' dir='ltr'>δνον</span> <span class='ocrx_word' id='word_1_169' title='bbox 2552 889 2859 960; x_wconf 81' lang='grc' dir='ltr'><strong>δεδεμένην,</strong></span> <span class='ocrx_word' id='word_1_170' title='bbox 2886 889 2978 941; x_wconf 79' lang='grc' dir='ltr'><strong>καὶ</strong></span> <span class='ocrx_word' id='word_1_171' title='bbox 3011 889 3188 940; x_wconf 84' lang='grc' dir='ltr'>πῶλον</span> <span class='ocrx_word' id='word_1_172' title='bbox 3224 889 3340 958; x_wconf 88' lang='grc' dir='ltr'>μετ’</span> <span class='ocrx_word' id='word_1_173' title='bbox 3369 887 3539 956; x_wconf 77' lang='grc' dir='ltr'>αὐτῆς</span> <span class='ocrx_word' id='word_1_174' title='bbox 3563 904 3576 916; x_wconf 90' lang='grc'><strong>·</strong></span> <span class='ocrx_word' id='word_1_175' title='bbox 3610 885 3713 936; x_wconf 77' lang='grc' dir='ltr'>λῦ-</span> 
     </span>
    </p>
   </div>
   <div class='ocr_carea' id='block_1_25' title="bbox 2129 979 3714 1052">
    <p class='ocr_par' dir='ltr' id='par_1_25' title="bbox 2129 979 3714 1052">
     <span class='ocr_line' id='line_1_25' title="bbox 2129 979 3714 1052; baseline -0.004 -18"><span class='ocrx_word' id='word_1_176' title='bbox 2129 999 2315 1044; x_wconf 82' lang='grc' dir='ltr'>σαντες</span> <span class='ocrx_word' id='word_1_177' title='bbox 2336 982 2568 1050; x_wconf 88' lang='grc' dir='ltr'>ἀγάγετέ</span> <span class='ocrx_word' id='word_1_178' title='bbox 2596 999 2714 1052; x_wconf 88' lang='grc' dir='ltr'>μοι·</span> <span class='ocrx_word' id='word_1_179' title='bbox 2747 982 2836 1035; x_wconf 74' lang='grc' dir='ltr'><strong>καὶ</strong></span> <span class='ocrx_word' id='word_1_180' title='bbox 2865 982 2957 1034; x_wconf 76' lang='grc' dir='ltr'><strong>ἐάν</strong></span> <span class='ocrx_word' id='word_1_181' title='bbox 2982 999 3064 1044; x_wconf 89' lang='grc' dir='ltr'><strong>τις</strong></span> <span class='ocrx_word' id='word_1_182' title='bbox 3092 981 3218 1049; x_wconf 86' lang='grc' dir='ltr'>ὑμῖν</span> <span class='ocrx_word' id='word_1_183' title='bbox 3257 981 3403 1050; x_wconf 81' lang='grc' dir='ltr'>εἴπῃ·</span> <span class='ocrx_word' id='word_1_184' title='bbox 3429 980 3491 1030; x_wconf 92' lang='grc' dir='ltr'><strong>Τί</strong></span> <span class='ocrx_word' id='word_1_185' title='bbox 3532 979 3714 1030; x_wconf 88' lang='grc' dir='ltr'>ποιεῖ-</span> 
     </span>
    </p>
   </div>
   <div class='ocr_carea' id='block_1_26' title="bbox 2125 1069 3712 1143">
    <p class='ocr_par' dir='ltr' id='par_1_26' title="bbox 2125 1069 3712 1143">
     <span class='ocr_line' id='line_1_26' title="bbox 2125 1069 3712 1143; baseline -0.003 -19"><span class='ocrx_word' id='word_1_186' title='bbox 2125 1091 2184 1126; x_wconf 84' lang='grc' dir='ltr'><strong>τε</strong></span> <span class='ocrx_word' id='word_1_187' title='bbox 2216 1072 2402 1137; x_wconf 85' lang='grc' dir='ltr'>τοῦτο;</span> <span class='ocrx_word' id='word_1_188' title='bbox 2432 1076 2626 1143; x_wconf 83' lang='grc' dir='ltr'>ἐρεῖτε,</span> <span class='ocrx_word' id='word_1_189' title='bbox 2650 1074 2730 1126; x_wconf 79' lang='grc' dir='ltr'>ὅτι</span> <span class='ocrx_word' id='word_1_190' title='bbox 2756 1075 2784 1125; x_wconf 98' lang='lat'><strong>6</strong></span> <span class='ocrx_word' id='word_1_191' title='bbox 2805 1073 3005 1142; x_wconf 84' lang='grc' dir='ltr'>Κύριος</span> <span class='ocrx_word' id='word_1_192' title='bbox 3035 1071 3213 1125; x_wconf 77' lang='grc' dir='ltr'>αὐτῶν</span> <span class='ocrx_word' id='word_1_193' title='bbox 3235 1070 3420 1141; x_wconf 82' lang='grc' dir='ltr'>χρείαν</span> <span class='ocrx_word' id='word_1_194' title='bbox 3446 1071 3580 1138; x_wconf 78' lang='grc' dir='ltr'>ἔχει·</span> <span class='ocrx_word' id='word_1_195' title='bbox 3617 1069 3712 1120; x_wconf 81' lang='grc' dir='ltr'>εὑ-</span> 
     </span>
    </p>
   </div>
   <div class='ocr_carea' id='block_1_27' title="bbox 2127 1161 3713 1231">
    <p class='ocr_par' dir='ltr' id='par_1_27' title="bbox 2127 1161 3713 1231">
     <span class='ocr_line' id='line_1_27' title="bbox 2127 1161 3713 1231; baseline -0.003 -14"><span class='ocrx_word' id='word_1_196' title='bbox 2127 1165 2220 1228; x_wconf 74' lang='grc' dir='ltr'><strong>θὺς</strong></span> <span class='ocrx_word' id='word_1_197' title='bbox 2245 1166 2299 1218; x_wconf 85' lang='grc' dir='ltr'>δὲ</span> <span class='ocrx_word' id='word_1_198' title='bbox 2332 1165 2616 1218; x_wconf 84' lang='grc' dir='ltr'><strong>ἀποστελεῖ</strong></span> <span class='ocrx_word' id='word_1_199' title='bbox 2646 1166 2859 1228; x_wconf 87' lang='grc' dir='ltr'>αὐτούς.</span> <span class='ocrx_word' id='word_1_200' title='bbox 2896 1165 3064 1218; x_wconf 87' lang='grc' dir='ltr'>Τοῦτο</span> <span class='ocrx_word' id='word_1_201' title='bbox 3091 1164 3146 1216; x_wconf 89' lang='grc' dir='ltr'>δὲ</span> <span class='ocrx_word' id='word_1_202' title='bbox 3169 1164 3409 1231; x_wconf 91' lang='grc' dir='ltr'>γέγονεν,</span> <span class='ocrx_word' id='word_1_203' title='bbox 3447 1163 3535 1215; x_wconf 86' lang='grc' dir='ltr'><strong>ἵνα</strong></span> <span class='ocrx_word' id='word_1_204' title='bbox 3564 1161 3713 1230; x_wconf 88' lang='grc' dir='ltr'>πλη-</span> 
     </span>
    </p>
   </div>
   <div class='ocr_carea' id='block_1_28' title="bbox 2131 1254 3714 1329">
    <p class='ocr_par' dir='ltr' id='par_1_28' title="bbox 2131 1254 3714 1329">
     <span class='ocr_line' id='line_1_28' title="bbox 2131 1254 3714 1329; baseline -0.003 -20"><span class='ocrx_word' id='word_1_205' title='bbox 2131 1257 2274 1328; x_wconf 88' lang='grc' dir='ltr'>ρωθῇ</span> <span class='ocrx_word' id='word_1_206' title='bbox 2301 1257 2359 1310; x_wconf 81' lang='grc' dir='ltr'>τὸ</span> <span class='ocrx_word' id='word_1_207' title='bbox 2389 1258 2552 1328; x_wconf 81' lang='grc' dir='ltr'>ῥηθὲν</span> <span class='ocrx_word' id='word_1_208' title='bbox 2587 1258 2675 1312; x_wconf 84' lang='grc' dir='ltr'>διὰ</span> <span class='ocrx_word' id='word_1_209' title='bbox 2704 1258 2797 1311; x_wconf 89' lang='grc' dir='ltr'><strong>τοῦ</strong></span> <span class='ocrx_word' id='word_1_210' title='bbox 2843 1259 3117 1329; x_wconf 74' lang='grc' dir='ltr'>προφήτου</span> <span class='ocrx_word' id='word_1_211' title='bbox 3162 1256 3408 1324; x_wconf 90' lang='grc' dir='ltr'>λέγοντος</span> <span class='ocrx_word' id='word_1_212' title='bbox 3429 1273 3441 1285; x_wconf 88' lang='grc'><strong>·</strong></span> <span class='ocrx_word' id='word_1_213' title='bbox 3491 1254 3714 1307; x_wconf 83' lang='grc' dir='ltr'>Εἴπατε</span> 
     </span>
    </p>
   </div>
   <div class='ocr_carea' id='block_1_29' title="bbox 2125 1345 3715 1421">
    <p class='ocr_par' dir='ltr' id='par_1_29' title="bbox 2125 1345 3715 1421">
     <span class='ocr_line' id='line_1_29' title="bbox 2125 1345 3715 1421; baseline -0.003 -19"><span class='ocrx_word' id='word_1_214' title='bbox 2125 1353 2192 1420; x_wconf 79' lang='grc' dir='ltr'>τῇ</span> <span class='ocrx_word' id='word_1_215' title='bbox 2246 1350 2473 1421; x_wconf 53' lang='grc' dir='ltr'><strong>θυγατρὶ⁵</strong></span> <span class='ocrx_word' id='word_1_216' title='bbox 2522 1350 2690 1403; x_wconf 87' lang='grc' dir='ltr'>Σιών·</span> <span class='ocrx_word' id='word_1_217' title='bbox 2761 1350 2890 1403; x_wconf 73' lang='grc' dir='ltr'>Ἰδοὺ</span> <span class='ocrx_word' id='word_1_218' title='bbox 2947 1351 2976 1402; x_wconf 88' lang='grc' dir='ltr'><strong>ὁ</strong></span> <span class='ocrx_word' id='word_1_219' title='bbox 3027 1347 3279 1419; x_wconf 87' lang='grc' dir='ltr'>βασιλεύς</span> <span class='ocrx_word' id='word_1_220' title='bbox 3326 1363 3419 1398; x_wconf 90' lang='grc' dir='ltr'><strong>σου</strong></span> <span class='ocrx_word' id='word_1_221' title='bbox 3478 1345 3715 1415; x_wconf 72' lang='grc' dir='ltr'>ἔρχεται</span> 
     </span>
    </p>
   </div>
   <div class='ocr_carea' id='block_1_30' title="bbox 2129 1436 3714 1514">
    <p class='ocr_par' dir='ltr' id='par_1_30' title="bbox 2129 1436 3714 1514">
     <span class='ocr_line' id='line_1_30' title="bbox 2129 1436 3714 1514; baseline -0.004 -20"><span class='ocrx_word' id='word_1_222' title='bbox 2129 1441 2327 1511; x_wconf 82' lang='grc' dir='ltr'>πραῢς,</span> <span class='ocrx_word' id='word_1_223' title='bbox 2364 1443 2456 1494; x_wconf 78' lang='grc' dir='ltr'><strong>καὶ</strong></span> <span class='ocrx_word' id='word_1_224' title='bbox 2484 1439 2825 1514; x_wconf 76' lang='grc' dir='ltr'>ἐπιϐεϐηκὼς</span> <span class='ocrx_word' id='word_1_225' title='bbox 2853 1442 2948 1494; x_wconf 76' lang='grc' dir='ltr'><strong>ἐπὶ</strong></span> <span class='ocrx_word' id='word_1_226' title='bbox 2979 1440 3120 1502; x_wconf 77' lang='grc' dir='ltr'>ὄνον,</span> <span class='ocrx_word' id='word_1_227' title='bbox 3163 1439 3256 1492; x_wconf 78' lang='grc' dir='ltr'><strong>καὶ</strong></span> <span class='ocrx_word' id='word_1_228' title='bbox 3291 1437 3467 1489; x_wconf 84' lang='grc' dir='ltr'>πῶλον</span> <span class='ocrx_word' id='word_1_229' title='bbox 3498 1436 3714 1499; x_wconf 78' lang='grc' dir='ltr'>ὑποζυ-</span> 
     </span>
    </p>
   </div>
   <div class='ocr_carea' id='block_1_31' title="bbox 2127 1529 3716 1604">
    <p class='ocr_par' dir='ltr' id='par_1_31' title="bbox 2127 1529 3716 1604">
     <span class='ocr_line' id='line_1_31' title="bbox 2127 1529 3716 1604; baseline -0.003 -19"><span class='ocrx_word' id='word_1_230' title='bbox 2127 1533 2266 1600; x_wconf 87' lang='grc' dir='ltr'>γίου.</span> <span class='ocrx_word' id='word_1_231' title='bbox 2315 1534 2678 1604; x_wconf 76' lang='grc' dir='ltr'>Πορευθέντες</span> <span class='ocrx_word' id='word_1_232' title='bbox 2729 1533 2786 1586; x_wconf 87' lang='grc' dir='ltr'><strong>δέ</strong></span> <span class='ocrx_word' id='word_1_233' title='bbox 2831 1535 2879 1585; x_wconf 75' lang='grc' dir='ltr'>οἱ</span> <span class='ocrx_word' id='word_1_234' title='bbox 2927 1532 3184 1602; x_wconf 80' lang='grc' dir='ltr'>μαθηταὶ,</span> <span class='ocrx_word' id='word_1_235' title='bbox 3232 1529 3326 1583; x_wconf 76' lang='grc' dir='ltr'><strong>καὶ</strong></span> <span class='ocrx_word' id='word_1_236' title='bbox 3377 1529 3716 1598; x_wconf 78' lang='grc' dir='ltr'>ποιήσαντες</span> 
     </span>
    </p>
   </div>
   <div class='ocr_carea' id='block_1_32' title="bbox 2128 1619 3712 1696">
    <p class='ocr_par' dir='ltr' id='par_1_32' title="bbox 2128 1619 3712 1696">
     <span class='ocr_line' id='line_1_32' title="bbox 2128 1619 3712 1696; baseline -0.004 -18"><span class='ocrx_word' id='word_1_237' title='bbox 2128 1625 2306 1686; x_wconf 87' lang='grc' dir='ltr'>καθὼς</span> <span class='ocrx_word' id='word_1_238' title='bbox 2339 1624 2666 1696; x_wconf 78' lang='grc' dir='ltr'>προσέταξεν</span> <span class='ocrx_word' id='word_1_239' title='bbox 2690 1625 2872 1688; x_wconf 81' lang='grc' dir='ltr'>αὐτοῖς</span> <span class='ocrx_word' id='word_1_240' title='bbox 2900 1626 2929 1676; x_wconf 89' lang='lat'><strong>6</strong></span> <span class='ocrx_word' id='word_1_241' title='bbox 2966 1623 3192 1694; x_wconf 83' lang='grc' dir='ltr'>Ἰησοῦς,</span> <span class='ocrx_word' id='word_1_242' title='bbox 3211 1624 3416 1693; x_wconf 74' lang='grc' dir='ltr'>ἢγαγον</span> <span class='ocrx_word' id='word_1_243' title='bbox 3435 1621 3535 1691; x_wconf 83' lang='grc' dir='ltr'><strong>τὴν</strong></span> <span class='ocrx_word' id='word_1_244' title='bbox 3560 1619 3712 1680; x_wconf 82' lang='grc' dir='ltr'>ὄνον,</span> 
     </span>
    </p>
   </div>
   <div class='ocr_carea' id='block_1_33' title="bbox 2128 1711 3714 1786">
    <p class='ocr_par' dir='ltr' id='par_1_33' title="bbox 2128 1711 3714 1786">
     <span class='ocr_line' id='line_1_33' title="bbox 2128 1711 3714 1786; baseline -0.004 -16"><span class='ocrx_word' id='word_1_245' title='bbox 2128 1716 2332 1770; x_wconf 76' lang='grc' dir='ltr'>καὶτὸν</span> <span class='ocrx_word' id='word_1_246' title='bbox 2351 1715 2549 1780; x_wconf 86' lang='grc' dir='ltr'>πῶλον,</span> <span class='ocrx_word' id='word_1_247' title='bbox 2582 1717 2676 1768; x_wconf 69' lang='grc' dir='ltr'><strong>καὶ</strong></span> <span class='ocrx_word' id='word_1_248' title='bbox 2703 1715 2978 1786; x_wconf 85' lang='grc' dir='ltr'>ἐπέθηκαν</span> <span class='ocrx_word' id='word_1_249' title='bbox 3009 1716 3093 1767; x_wconf 89' lang='grc' dir='ltr'>ἐπ’</span> <span class='ocrx_word' id='word_1_250' title='bbox 3128 1714 3306 1768; x_wconf 81' lang='grc' dir='ltr'>αὐτῶν</span> <span class='ocrx_word' id='word_1_251' title='bbox 3325 1713 3435 1782; x_wconf 79' lang='grc'><strong>(59)</strong></span> <span class='ocrx_word' id='word_1_252' title='bbox 3473 1711 3548 1764; x_wconf 78' lang='grc' dir='ltr'>τὰ</span> <span class='ocrx_word' id='word_1_253' title='bbox 3575 1711 3714 1781; x_wconf 81' lang='grc' dir='ltr'>ίμάο</span> 
     </span>
    </p>
   </div>
   <div class='ocr_carea' id='block_1_34' title="bbox 467 1787 2035 1870">
    <p class='ocr_par' dir='ltr' id='par_1_34' title="bbox 467 1797 2032 1861">
     <span class='ocr_line' id='line_1_34' title="bbox 467 1797 2032 1861; baseline 0.008 -13"><span class='ocrx_word' id='word_1_254' title='bbox 467 1797 710 1852; x_wconf 83' lang='lat' dir='ltr'><strong>Domini:</strong></span> <span class='ocrx_word' id='word_1_255' title='bbox 747 1799 996 1855; x_wconf 70' lang='lat' dir='ltr'><strong>Hosmma</strong></span> <span class='ocrx_word' id='word_1_256' title='bbox 1038 1803 1088 1855; x_wconf 93' lang='lat' dir='ltr'><strong>iu</strong></span> <span class='ocrx_word' id='word_1_257' title='bbox 1119 1803 1424 1860; x_wconf 78' lang='lat' dir='ltr'><strong>altissimis!</strong></span> <span class='ocrx_word' id='word_1_258' title='bbox 1463 1826 1480 1856; x_wconf 76' lang='grc' dir='ltr'><strong>ι</strong></span> <span class='ocrx_word' id='word_1_259' title='bbox 1528 1807 1731 1860; x_wconf 83' lang='lat' dir='ltr'><strong>Deinde</strong></span> <span class='ocrx_word' id='word_1_260' title='bbox 1766 1823 1896 1861; x_wconf 87' lang='lat' dir='ltr'><strong>vero</strong></span> <span class='ocrx_word' id='word_1_261' title='bbox 1943 1823 2032 1861; x_wconf 82' lang='lat' dir='ltr'><strong>se-</strong></span> 
     </span>
    </p>
   </div>
   <div class='ocr_carea' id='block_1_35' title="bbox 2135 1787 3713 1870">
    <p class='ocr_par' dir='ltr' id='par_1_35' title="bbox 2135 1800 3713 1870">
     <span class='ocr_line' id='line_1_35' title="bbox 2135 1800 3713 1870; baseline -0.004 -9"><span class='ocrx_word' id='word_1_262' title='bbox 2135 1824 2220 1861; x_wconf 89' lang='grc' dir='ltr'><strong>τια</strong></span> <span class='ocrx_word' id='word_1_263' title='bbox 2275 1806 2474 1870; x_wconf 80' lang='grc' dir='ltr'>αὐτῶν,</span> <span class='ocrx_word' id='word_1_264' title='bbox 2537 1807 2630 1859; x_wconf 64' lang='grc' dir='ltr'><strong>καλ⁵</strong></span> <span class='ocrx_word' id='word_1_265' title='bbox 2677 1805 3000 1859; x_wconf 78' lang='grc' dir='ltr'>ἐπεκάθισεν</span> <span class='ocrx_word' id='word_1_266' title='bbox 3051 1804 3233 1857; x_wconf 88' lang='grc' dir='ltr'>ἐπάνω</span> <span class='ocrx_word' id='word_1_267' title='bbox 3277 1803 3474 1856; x_wconf 81' lang='grc' dir='ltr'>αὐτῶν.</span> <span class='ocrx_word' id='word_1_268' title='bbox 3545 1804 3606 1854; x_wconf 85' lang='lat'><strong>&#39;0</strong></span> <span class='ocrx_word' id='word_1_269' title='bbox 3652 1800 3713 1854; x_wconf 78' lang='grc' dir='ltr'>δὲ</span> 
     </span>
    </p>
   </div>
   <div class='ocr_carea' id='block_1_36' title="bbox 463 1894 2027 1967">
    <p class='ocr_par' dir='ltr' id='par_1_36' title="bbox 463 1894 2027 1967">
     <span class='ocr_line' id='line_1_36' title="bbox 463 1894 2027 1967; baseline 0.007 -27"><span class='ocrx_word' id='word_1_270' title='bbox 463 1902 702 1958; x_wconf 90' lang='lat' dir='ltr'><strong>qunntur</strong></span> <span class='ocrx_word' id='word_1_271' title='bbox 741 1911 752 1945; x_wconf 96' lang='lat'><strong>:</strong></span> <span class='ocrx_word' id='word_1_272' title='bbox 793 1894 899 1948; x_wconf 67' lang='lat' dir='ltr'><strong>«Et</strong></span> <span class='ocrx_word' id='word_1_273' title='bbox 943 1911 1064 1949; x_wconf 89' lang='lat' dir='ltr'><strong>cum</strong></span> <span class='ocrx_word' id='word_1_274' title='bbox 1120 1897 1379 1951; x_wconf 77' lang='lat' dir='ltr'><strong>intrasset</strong></span> <span class='ocrx_word' id='word_1_275' title='bbox 1431 1899 1545 1966; x_wconf 89' lang='lat' dir='ltr'><strong>ipse</strong></span> <span class='ocrx_word' id='word_1_276' title='bbox 1579 1898 2027 1967; x_wconf 84' lang='lat' dir='ltr'><strong>Hierosolymam,</strong></span> 
     </span>
    </p>
   </div>
   <div class='ocr_carea' id='block_1_37' title="bbox 465 1988 2032 2059">
    <p class='ocr_par' dir='ltr' id='par_1_37' title="bbox 465 1988 2032 2059">
     <span class='ocr_line' id='line_1_37' title="bbox 465 1988 2032 2059; baseline 0.004 -24"><span class='ocrx_word' id='word_1_277' title='bbox 465 1994 732 2038; x_wconf 62' lang='lat' dir='ltr'><strong>commota</strong></span> <span class='ocrx_word' id='word_1_278' title='bbox 767 1998 850 2041; x_wconf 90' lang='lat' dir='ltr'><strong>est</strong></span> <span class='ocrx_word' id='word_1_279' title='bbox 876 1988 1124 2041; x_wconf 87' lang='lat' dir='ltr'><strong>universa</strong></span> <span class='ocrx_word' id='word_1_280' title='bbox 1161 1990 1372 2051; x_wconf 85' lang='lat' dir='ltr'><strong>civitas.</strong></span> <span class='ocrx_word' id='word_1_281' title='bbox 1406 2008 1423 2038; x_wconf 76' lang='grc' dir='ltr'><strong>ι</strong></span> <span class='ocrx_word' id='word_1_282' title='bbox 1471 2004 1592 2059; x_wconf 85' lang='lat' dir='ltr'><strong>qua:</strong></span> <span class='ocrx_word' id='word_1_283' title='bbox 1640 1989 1690 2040; x_wconf 90' lang='lat' dir='ltr'><strong>in</strong></span> <span class='ocrx_word' id='word_1_284' title='bbox 1736 1990 2032 2058; x_wconf 89' lang='lat' dir='ltr'><strong>superiori-</strong></span> 
     </span>
    </p>
   </div>
   <div class='ocr_carea' id='block_1_38' title="bbox 468 2077 2033 2137">
    <p class='ocr_par' dir='ltr' id='par_1_38' title="bbox 468 2077 2033 2137">
     <span class='ocr_line' id='line_1_38' title="bbox 468 2077 2033 2137; baseline 0.006 -9"><span class='ocrx_word' id='word_1_285' title='bbox 468 2077 567 2128; x_wconf 90' lang='lat' dir='ltr'><strong>bus</strong></span> <span class='ocrx_word' id='word_1_286' title='bbox 599 2077 909 2134; x_wconf 87' lang='lat' dir='ltr'><strong>citavimus.</strong></span> <span class='ocrx_word' id='word_1_287' title='bbox 961 2079 1112 2136; x_wconf 80' lang='lat' dir='ltr'><strong>Nunc</strong></span> <span class='ocrx_word' id='word_1_288' title='bbox 1146 2096 1276 2137; x_wconf 87' lang='lat' dir='ltr'><strong>vero</strong></span> <span class='ocrx_word' id='word_1_289' title='bbox 1309 2084 1471 2135; x_wconf 87' lang='lat' dir='ltr'><strong>verba</strong></span> <span class='ocrx_word' id='word_1_290' title='bbox 1524 2082 1686 2135; x_wconf 79' lang='lat' dir='ltr'><strong>Marci</strong></span> <span class='ocrx_word' id='word_1_291' title='bbox 1721 2082 2033 2137; x_wconf 87' lang='lat' dir='ltr'><strong>considere-</strong></span> 
     </span>
    </p>
   </div>
   <div class='ocr_carea' id='block_1_39' title="bbox 468 2167 2032 2244">
    <p class='ocr_par' dir='ltr' id='par_1_39' title="bbox 468 2167 2032 2244">
     <span class='ocr_line' id='line_1_39' title="bbox 468 2167 2032 2244; baseline 0.007 -26"><span class='ocrx_word' id='word_1_292' title='bbox 468 2183 586 2220; x_wconf 89' lang='lat' dir='ltr'><strong>mus</strong></span> <span class='ocrx_word' id='word_1_293' title='bbox 609 2167 689 2222; x_wconf 80' lang='lat'><strong>”:</strong></span> <span class='ocrx_word' id='word_1_294' title='bbox 729 2187 748 2220; x_wconf 78' lang='grc' dir='ltr'><strong>ι</strong></span> <span class='ocrx_word' id='word_1_295' title='bbox 785 2169 848 2222; x_wconf 85' lang='grc' dir='ltr'>Ει</span> <span class='ocrx_word' id='word_1_296' title='bbox 880 2187 999 2223; x_wconf 90' lang='lat' dir='ltr'><strong>cum</strong></span> <span class='ocrx_word' id='word_1_297' title='bbox 1031 2175 1463 2242; x_wconf 84' lang='lat' dir='ltr'><strong>apprOpinquant</strong></span> <span class='ocrx_word' id='word_1_298' title='bbox 1519 2173 1930 2244; x_wconf 84' lang='lat' dir='ltr'><strong>Hierosolymis,</strong></span> <span class='ocrx_word' id='word_1_299' title='bbox 1963 2176 2032 2229; x_wconf 88' lang='lat' dir='ltr'><strong>ad</strong></span> 
     </span>
    </p>
   </div>
   <div class='ocr_carea' id='block_1_40' title="bbox 467 2255 2030 2330">
    <p class='ocr_par' dir='ltr' id='par_1_40' title="bbox 467 2255 2030 2330">
     <span class='ocr_line' id='line_1_40' title="bbox 467 2255 2030 2330; baseline 0.008 -23"><span class='ocrx_word' id='word_1_300' title='bbox 467 2255 775 2329; x_wconf 80' lang='lat' dir='ltr'><strong>Bethphage</strong></span> <span class='ocrx_word' id='word_1_301' title='bbox 821 2269 875 2314; x_wconf 86' lang='lat' dir='ltr'><strong>et</strong></span> <span class='ocrx_word' id='word_1_302' title='bbox 901 2261 1239 2329; x_wconf 85' lang='lat' dir='ltr'><strong>Bethaniam,</strong></span> <span class='ocrx_word' id='word_1_303' title='bbox 1267 2263 1420 2329; x_wconf 83' lang='lat' dir='ltr'><strong>juxta</strong></span> <span class='ocrx_word' id='word_1_304' title='bbox 1451 2277 1683 2318; x_wconf 81' lang='lat' dir='ltr'><strong>momem</strong></span> <span class='ocrx_word' id='word_1_305' title='bbox 1728 2264 2030 2330; x_wconf 86' lang='lat' dir='ltr'><strong>Olivarum,</strong></span> 
     </span>
    </p>
   </div>
   <div class='ocr_carea' id='block_1_41' title="bbox 466 2349 2032 2422">
    <p class='ocr_par' dir='ltr' id='par_1_41' title="bbox 466 2349 2032 2422">
     <span class='ocr_line' id='line_1_41' title="bbox 466 2349 2032 2422; baseline 0.006 -21"><span class='ocrx_word' id='word_1_306' title='bbox 466 2349 668 2403; x_wconf 86' lang='lat' dir='ltr'><strong>emittit</strong></span> <span class='ocrx_word' id='word_1_307' title='bbox 716 2353 850 2406; x_wconf 87' lang='lat' dir='ltr'><strong>duos</strong></span> <span class='ocrx_word' id='word_1_308' title='bbox 877 2368 907 2406; x_wconf 91' lang='lat' dir='ltr'><strong>e</strong></span> <span class='ocrx_word' id='word_1_309' title='bbox 938 2355 1214 2422; x_wconf 87' lang='lat' dir='ltr'><strong>discipulis</strong></span> <span class='ocrx_word' id='word_1_310' title='bbox 1245 2356 1356 2409; x_wconf 87' lang='lat' dir='ltr'><strong>suis</strong></span> <span class='ocrx_word' id='word_1_311' title='bbox 1380 2394 1396 2421; x_wconf 92' lang='lat'><strong>,</strong></span> <span class='ocrx_word' id='word_1_312' title='bbox 1435 2369 1490 2410; x_wconf 87' lang='lat' dir='ltr'><strong>et</strong></span> <span class='ocrx_word' id='word_1_313' title='bbox 1537 2357 1666 2410; x_wconf 91' lang='lat' dir='ltr'><strong>dicit</strong></span> <span class='ocrx_word' id='word_1_314' title='bbox 1695 2357 1836 2411; x_wconf 91' lang='lat' dir='ltr'><strong>illis:</strong></span> <span class='ocrx_word' id='word_1_315' title='bbox 1867 2358 2032 2412; x_wconf 82' lang='lat' dir='ltr'><strong>Abite</strong></span> 
     </span>
    </p>
   </div>
   <div class='ocr_carea' id='block_1_42' title="bbox 470 2441 2034 2518">
    <p class='ocr_par' dir='ltr' id='par_1_42' title="bbox 470 2441 2034 2518">
     <span class='ocr_line' id='line_1_42' title="bbox 470 2441 2034 2518; baseline 0.008 -28"><span class='ocrx_word' id='word_1_316' title='bbox 470 2442 523 2492; x_wconf 93' lang='lat' dir='ltr'><strong>in</strong></span> <span class='ocrx_word' id='word_1_317' title='bbox 545 2441 742 2506; x_wconf 89' lang='lat' dir='ltr'><strong>vicum,</strong></span> <span class='ocrx_word' id='word_1_318' title='bbox 765 2444 854 2512; x_wconf 89' lang='lat' dir='ltr'><strong>qui</strong></span> <span class='ocrx_word' id='word_1_319' title='bbox 887 2458 918 2498; x_wconf 90' lang='lat' dir='ltr'><strong>e</strong></span> <span class='ocrx_word' id='word_1_320' title='bbox 949 2446 1167 2515; x_wconf 80' lang='lat' dir='ltr'><strong>regione</strong></span> <span class='ocrx_word' id='word_1_321' title='bbox 1195 2449 1357 2502; x_wconf 87' lang='lat' dir='ltr'><strong>vestri</strong></span> <span class='ocrx_word' id='word_1_322' title='bbox 1409 2460 1493 2502; x_wconf 89' lang='lat' dir='ltr'><strong>est</strong></span> <span class='ocrx_word' id='word_1_323' title='bbox 1518 2489 1533 2514; x_wconf 92' lang='lat'><strong>,</strong></span> <span class='ocrx_word' id='word_1_324' title='bbox 1559 2460 1611 2503; x_wconf 89' lang='lat' dir='ltr'><strong>et</strong></span> <span class='ocrx_word' id='word_1_325' title='bbox 1643 2450 1831 2503; x_wconf 86' lang='lat' dir='ltr'><strong>statim</strong></span> <span class='ocrx_word' id='word_1_326' title='bbox 1855 2451 2034 2518; x_wconf 79' lang='lat' dir='ltr'><strong>ingre-</strong></span> 
     </span>
    </p>
   </div>
   <div class='ocr_carea' id='block_1_43' title="bbox 471 2533 2034 2612">
    <p class='ocr_par' dir='ltr' id='par_1_43' title="bbox 471 2533 2034 2612">
     <span class='ocr_line' id='line_1_43' title="bbox 471 2533 2034 2612; baseline 0.008 -29"><span class='ocrx_word' id='word_1_327' title='bbox 471 2533 684 2588; x_wconf 87' lang='lat' dir='ltr'><strong>dientes</strong></span> <span class='ocrx_word' id='word_1_328' title='bbox 711 2536 765 2588; x_wconf 92' lang='lat' dir='ltr'><strong>in</strong></span> <span class='ocrx_word' id='word_1_329' title='bbox 802 2537 954 2591; x_wconf 87' lang='lat' dir='ltr'><strong>illttm</strong></span> <span class='ocrx_word' id='word_1_330' title='bbox 986 2539 1277 2595; x_wconf 88' lang='lat' dir='ltr'><strong>invenietis</strong></span> <span class='ocrx_word' id='word_1_331' title='bbox 1310 2542 1510 2612; x_wconf 90' lang='lat' dir='ltr'><strong>pullum</strong></span> <span class='ocrx_word' id='word_1_332' title='bbox 1543 2543 1841 2612; x_wconf 83' lang='lat' dir='ltr'><strong>alligatum,</strong></span> <span class='ocrx_word' id='word_1_333' title='bbox 1873 2557 2034 2611; x_wconf 88' lang='lat' dir='ltr'><strong>super</strong></span> 
     </span>
    </p>
   </div>
   <div class='ocr_carea' id='block_1_44' title="bbox 471 2627 2034 2698">
    <p class='ocr_par' dir='ltr' id='par_1_44' title="bbox 471 2627 2034 2698">
     <span class='ocr_line' id='line_1_44' title="bbox 471 2627 2034 2698; baseline 0.006 -22"><span class='ocrx_word' id='word_1_334' title='bbox 471 2641 632 2693; x_wconf 88' lang='lat' dir='ltr'><strong>quem</strong></span> <span class='ocrx_word' id='word_1_335' title='bbox 662 2627 837 2683; x_wconf 88' lang='lat' dir='ltr'><strong>nullus</strong></span> <span class='ocrx_word' id='word_1_336' title='bbox 871 2631 1046 2684; x_wconf 90' lang='lat' dir='ltr'><strong>adhuc</strong></span> <span class='ocrx_word' id='word_1_337' title='bbox 1071 2631 1346 2686; x_wconf 89' lang='lat' dir='ltr'><strong>hominum</strong></span> <span class='ocrx_word' id='word_1_338' title='bbox 1372 2634 1503 2688; x_wconf 80' lang='lat' dir='ltr'><strong>sedi:</strong></span> <span class='ocrx_word' id='word_1_339' title='bbox 1532 2653 1544 2686; x_wconf 88' lang='lat'><strong>:</strong></span> <span class='ocrx_word' id='word_1_340' title='bbox 1579 2633 1770 2687; x_wconf 87' lang='lat' dir='ltr'><strong>solvite</strong></span> <span class='ocrx_word' id='word_1_341' title='bbox 1797 2648 1943 2698; x_wconf 92' lang='lat' dir='ltr'><strong>eum,</strong></span> <span class='ocrx_word' id='word_1_342' title='bbox 1977 2641 2034 2687; x_wconf 90' lang='lat' dir='ltr'><strong>et</strong></span> 
     </span>
    </p>
   </div>
   <div class='ocr_carea' id='block_1_45' title="bbox 471 2718 2034 2792">
    <p class='ocr_par' dir='ltr' id='par_1_45' title="bbox 471 2718 2034 2792">
     <span class='ocr_line' id='line_1_45' title="bbox 471 2718 2034 2792; baseline 0.008 -24"><span class='ocrx_word' id='word_1_343' title='bbox 471 2718 741 2772; x_wconf 74' lang='lat' dir='ltr'><strong>adducite.</strong></span> <span class='ocrx_word' id='word_1_344' title='bbox 774 2721 839 2774; x_wconf 88' lang='lat' dir='ltr'><strong>Et</strong></span> <span class='ocrx_word' id='word_1_345' title='bbox 869 2721 914 2776; x_wconf 94' lang='lat' dir='ltr'><strong>si</strong></span> <span class='ocrx_word' id='word_1_346' title='bbox 941 2723 1064 2792; x_wconf 85' lang='lat' dir='ltr'><strong>quis</strong></span> <span class='ocrx_word' id='word_1_347' title='bbox 1095 2723 1250 2779; x_wconf 83' lang='lat' dir='ltr'><strong>vobis</strong></span> <span class='ocrx_word' id='word_1_348' title='bbox 1281 2725 1506 2780; x_wconf 82' lang='lat' dir='ltr'><strong>dixerit:</strong></span> <span class='ocrx_word' id='word_1_349' title='bbox 1538 2726 1646 2780; x_wconf 80' lang='lat' dir='ltr'><strong>Cur</strong></span> <span class='ocrx_word' id='word_1_350' title='bbox 1676 2726 1851 2781; x_wconf 82' lang='lat' dir='ltr'><strong>facitis</strong></span> <span class='ocrx_word' id='word_1_351' title='bbox 1889 2727 2034 2781; x_wconf 78' lang='lat' dir='ltr'><strong>hoc?</strong></span> 
     </span>
    </p>
   </div>
   <div class='ocr_carea' id='block_1_46' title="bbox 473 2811 2033 2886">
    <p class='ocr_par' dir='ltr' id='par_1_46' title="bbox 473 2811 2033 2886">
     <span class='ocr_line' id='line_1_46' title="bbox 473 2811 2033 2886; baseline 0.007 -23"><span class='ocrx_word' id='word_1_352' title='bbox 473 2811 636 2867; x_wconf 90' lang='lat' dir='ltr'><strong>dicite</strong></span> <span class='ocrx_word' id='word_1_353' title='bbox 670 2814 811 2881; x_wconf 87' lang='lat' dir='ltr'><strong>quod</strong></span> <span class='ocrx_word' id='word_1_354' title='bbox 849 2814 1110 2871; x_wconf 86' lang='lat' dir='ltr'><strong>Dominus</strong></span> <span class='ocrx_word' id='word_1_355' title='bbox 1138 2832 1205 2872; x_wconf 85' lang='lat' dir='ltr'><strong>eo</strong></span> <span class='ocrx_word' id='word_1_356' title='bbox 1254 2832 1390 2886; x_wconf 83' lang='lat' dir='ltr'><strong>Opus</strong></span> <span class='ocrx_word' id='word_1_357' title='bbox 1426 2818 1632 2885; x_wconf 89' lang='lat' dir='ltr'><strong>habet,</strong></span> <span class='ocrx_word' id='word_1_358' title='bbox 1674 2827 1730 2873; x_wconf 91' lang='lat' dir='ltr'><strong>et</strong></span> <span class='ocrx_word' id='word_1_359' title='bbox 1779 2819 2033 2874; x_wconf 88' lang='lat' dir='ltr'><strong>continuo</strong></span> 
     </span>
    </p>
   </div>
   <div class='ocr_carea' id='block_1_47' title="bbox 475 2900 2030 2981">
    <p class='ocr_par' dir='ltr' id='par_1_47' title="bbox 475 2900 2030 2981">
     <span class='ocr_line' id='line_1_47' title="bbox 475 2900 2030 2981; baseline 0.009 -29"><span class='ocrx_word' id='word_1_360' title='bbox 475 2900 622 2953; x_wconf 89' lang='lat' dir='ltr'><strong>illum</strong></span> <span class='ocrx_word' id='word_1_361' title='bbox 651 2903 825 2956; x_wconf 89' lang='lat' dir='ltr'><strong>mittet</strong></span> <span class='ocrx_word' id='word_1_362' title='bbox 853 2903 974 2958; x_wconf 91' lang='lat' dir='ltr'><strong>huc.</strong></span> <span class='ocrx_word' id='word_1_363' title='bbox 1007 2904 1074 2959; x_wconf 87' lang='lat' dir='ltr'><strong>Et</strong></span> <span class='ocrx_word' id='word_1_364' title='bbox 1100 2908 1372 2974; x_wconf 86' lang='lat' dir='ltr'><strong>abierunt,</strong></span> <span class='ocrx_word' id='word_1_365' title='bbox 1399 2919 1455 2965; x_wconf 93' lang='lat' dir='ltr'><strong>et</strong></span> <span class='ocrx_word' id='word_1_366' title='bbox 1483 2911 1805 2965; x_wconf 84' lang='lat' dir='ltr'><strong>invenerunt</strong></span> <span class='ocrx_word' id='word_1_367' title='bbox 1829 2912 2030 2981; x_wconf 86' lang='lat' dir='ltr'><strong>pullum</strong></span> 
     </span>
    </p>
   </div>
   <div class='ocr_carea' id='block_1_48' title="bbox 471 2991 2034 3066">
    <p class='ocr_par' dir='ltr' id='par_1_48' title="bbox 471 2991 2034 3066">
     <span class='ocr_line' id='line_1_48' title="bbox 471 2991 2034 3066; baseline 0.01 -24"><span class='ocrx_word' id='word_1_368' title='bbox 471 2991 747 3060; x_wconf 83' lang='lat' dir='ltr'><strong>alligatum</strong></span> <span class='ocrx_word' id='word_1_369' title='bbox 785 2992 939 3061; x_wconf 82' lang='lat' dir='ltr'><strong>juxta</strong></span> <span class='ocrx_word' id='word_1_370' title='bbox 970 2995 1191 3064; x_wconf 87' lang='lat' dir='ltr'><strong>januam</strong></span> <span class='ocrx_word' id='word_1_371' title='bbox 1238 2997 1370 3053; x_wconf 78' lang='lat' dir='ltr'><strong>foris</strong></span> <span class='ocrx_word' id='word_1_372' title='bbox 1407 3000 1459 3053; x_wconf 93' lang='lat' dir='ltr'><strong>in</strong></span> <span class='ocrx_word' id='word_1_373' title='bbox 1497 3000 1678 3066; x_wconf 85' lang='lat' dir='ltr'><strong>bivio,</strong></span> <span class='ocrx_word' id='word_1_374' title='bbox 1719 3011 1774 3056; x_wconf 89' lang='lat' dir='ltr'><strong>et</strong></span> <span class='ocrx_word' id='word_1_375' title='bbox 1821 3002 2034 3057; x_wconf 88' lang='lat' dir='ltr'><strong>solvunt</strong></span> 
     </span>
    </p>
   </div>
   <div class='ocr_carea' id='block_1_49' title="bbox 2134 1896 3711 1970">
    <p class='ocr_par' dir='ltr' id='par_1_49' title="bbox 2134 1896 3711 1970">
     <span class='ocr_line' id='line_1_49' title="bbox 2134 1896 3711 1970; baseline -0.003 -18"><span class='ocrx_word' id='word_1_376' title='bbox 2134 1900 2380 1962; x_wconf 87' lang='grc' dir='ltr'>πλεῖστος</span> <span class='ocrx_word' id='word_1_377' title='bbox 2420 1899 2575 1970; x_wconf 82' lang='grc' dir='ltr'>δχλος</span> <span class='ocrx_word' id='word_1_378' title='bbox 2618 1899 2895 1968; x_wconf 76' lang='grc' dir='ltr'>ἔστρωσαν</span> <span class='ocrx_word' id='word_1_379' title='bbox 2949 1896 3156 1950; x_wconf 86' lang='grc' dir='ltr'>ἐαυτῶν</span> <span class='ocrx_word' id='word_1_380' title='bbox 3187 1897 3255 1948; x_wconf 81' lang='grc' dir='ltr'><strong>τά</strong></span> <span class='ocrx_word' id='word_1_381' title='bbox 3297 1897 3486 1966; x_wconf 76' lang='grc' dir='ltr'>ἱμάτια</span> <span class='ocrx_word' id='word_1_382' title='bbox 3536 1897 3599 1947; x_wconf 83' lang='grc' dir='ltr'><strong>ἐν</strong></span> <span class='ocrx_word' id='word_1_383' title='bbox 3639 1899 3711 1964; x_wconf 69' lang='grc' dir='ltr'>τῇ</span> 
     </span>
    </p>
   </div>
   <div class='ocr_carea' id='block_1_50' title="bbox 2130 1983 3712 2060">
    <p class='ocr_par' dir='ltr' id='par_1_50' title="bbox 2130 1983 3712 2060">
     <span class='ocr_line' id='line_1_50' title="bbox 2130 1983 3712 2060; baseline -0.006 -17"><span class='ocrx_word' id='word_1_384' title='bbox 2291 1991 2338 2043; x_wconf 86' lang='grc' dir='ltr'>οἱ</span> <span class='ocrx_word' id='word_1_385' title='bbox 2376 1989 2433 2042; x_wconf 86' lang='grc' dir='ltr'><strong>δέ</strong></span> <span class='ocrx_word' id='word_1_386' title='bbox 2473 1989 2618 2059; x_wconf 81' lang='grc' dir='ltr'>ὄχλοι</span> <span class='ocrx_word' id='word_1_387' title='bbox 2662 1990 2712 2040; x_wconf 88' lang='grc' dir='ltr'><strong>οί</strong></span> <span class='ocrx_word' id='word_1_388' title='bbox 2759 1990 3088 2058; x_wconf 82' lang='grc' dir='ltr'>προάγοντες</span> <span class='ocrx_word' id='word_1_389' title='bbox 3136 1987 3298 2040; x_wconf 84' lang='grc' dir='ltr'>αὑτὸν</span> <span class='ocrx_word' id='word_1_390' title='bbox 3341 1985 3475 2054; x_wconf 70' lang='grc'>(40),</span> <span class='ocrx_word' id='word_1_391' title='bbox 3527 1983 3628 2036; x_wconf 72' lang='grc' dir='ltr'><strong>καὶ</strong></span> <span class='ocrx_word' id='word_1_392' title='bbox 3659 1984 3712 2034; x_wconf 80' lang='lat' dir='ltr'><strong>oi.</strong></span> 
     </span>
    </p>
   </div>
   <div class='ocr_carea' id='block_1_51' title="bbox 2131 2073 3706 2151">
    <p class='ocr_par' dir='ltr' id='par_1_51' title="bbox 2131 2073 3706 2151">
     <span class='ocr_line' id='line_1_51' title="bbox 2131 2073 3706 2151; baseline -0.006 -16"><span class='ocrx_word' id='word_1_393' title='bbox 2131 2082 2544 2144; x_wconf 83' lang='grc' dir='ltr'>ἀκολουθοῦντες</span> <span class='ocrx_word' id='word_1_394' title='bbox 2604 2081 2868 2151; x_wconf 76' lang='grc' dir='ltr'>ἔκραξαν·</span> <span class='ocrx_word' id='word_1_395' title='bbox 2934 2080 3160 2133; x_wconf 83' lang='grc' dir='ltr'>Ὡσαννά</span> <span class='ocrx_word' id='word_1_396' title='bbox 3215 2077 3292 2148; x_wconf 83' lang='grc' dir='ltr'><strong>τῷ</strong></span> <span class='ocrx_word' id='word_1_397' title='bbox 3350 2077 3450 2147; x_wconf 80' lang='grc' dir='ltr'><strong>υἱῷ</strong></span> <span class='ocrx_word' id='word_1_398' title='bbox 3502 2073 3706 2137; x_wconf 78' lang='grc' dir='ltr'>Δαυῒδ,</span> 
     </span>
    </p>
   </div>
   <div class='ocr_carea' id='block_1_52' title="bbox 2131 2166 3710 2242">
    <p class='ocr_par' dir='ltr' id='par_1_52' title="bbox 2131 2166 3710 2242">
     <span class='ocr_line' id='line_1_52' title="bbox 2131 2166 3710 2242; baseline -0.004 -18"><span class='ocrx_word' id='word_1_399' title='bbox 2131 2173 2487 2242; x_wconf 79' lang='grc' dir='ltr'>εὐλογημένος</span> <span class='ocrx_word' id='word_1_400' title='bbox 2515 2174 2542 2224; x_wconf 92' lang='lat'><strong>6</strong></span> <span class='ocrx_word' id='word_1_401' title='bbox 2564 2173 2855 2242; x_wconf 75' lang='grc' dir='ltr'>ἐρχόμενος</span> <span class='ocrx_word' id='word_1_402' title='bbox 2872 2174 2927 2224; x_wconf 82' lang='grc' dir='ltr'><strong>ἐν</strong></span> <span class='ocrx_word' id='word_1_403' title='bbox 2952 2173 3172 2240; x_wconf 83' lang='grc' dir='ltr'>ὀνόματι</span> <span class='ocrx_word' id='word_1_404' title='bbox 3200 2169 3402 2240; x_wconf 75' lang='grc' dir='ltr'>Κυρίου</span> <span class='ocrx_word' id='word_1_405' title='bbox 3420 2186 3433 2198; x_wconf 89' lang='grc'><strong>·</strong></span> <span class='ocrx_word' id='word_1_406' title='bbox 3473 2166 3710 2219; x_wconf 84' lang='grc' dir='ltr'>Ὡσαννὰ</span> 
     </span>
    </p>
   </div>
   <div class='ocr_carea' id='block_1_53' title="bbox 2132 2258 3711 2332">
    <p class='ocr_par' dir='ltr' id='par_1_53' title="bbox 2132 2258 3711 2332">
     <span class='ocr_line' id='line_1_53' title="bbox 2132 2258 3711 2332; baseline -0.004 -17"><span class='ocrx_word' id='word_1_407' title='bbox 2132 2265 2190 2316; x_wconf 90' lang='grc' dir='ltr'><strong>ἐν</strong></span> <span class='ocrx_word' id='word_1_408' title='bbox 2235 2267 2347 2325; x_wconf 86' lang='grc' dir='ltr'>τοῖς</span> <span class='ocrx_word' id='word_1_409' title='bbox 2394 2263 2654 2332; x_wconf 66' lang='grc' dir='ltr'>ὑψίστοις.</span> <span class='ocrx_word' id='word_1_410' title='bbox 2704 2283 2721 2314; x_wconf 74' lang='grc' dir='ltr'><strong>ι</strong></span> <span class='ocrx_word' id='word_1_411' title='bbox 2778 2262 2933 2332; x_wconf 79' lang='grc' dir='ltr'>Ἑξῆς</span> <span class='ocrx_word' id='word_1_412' title='bbox 2981 2261 3037 2314; x_wconf 85' lang='grc' dir='ltr'><strong>δὲ</strong></span> <span class='ocrx_word' id='word_1_413' title='bbox 3077 2261 3278 2314; x_wconf 77' lang='grc' dir='ltr'>τούτων</span> <span class='ocrx_word' id='word_1_414' title='bbox 3324 2259 3471 2311; x_wconf 78' lang='grc' dir='ltr'>ἐστί·</span> <span class='ocrx_word' id='word_1_415' title='bbox 3523 2278 3543 2308; x_wconf 76' lang='grc' dir='ltr'><strong>ι</strong></span> <span class='ocrx_word' id='word_1_416' title='bbox 3596 2258 3711 2310; x_wconf 73' lang='grc' dir='ltr'>Καὶ</span> 
     </span>
    </p>
   </div>
   <div class='ocr_carea' id='block_1_54' title="bbox 2131 2348 3709 2424">
    <p class='ocr_par' dir='ltr' id='par_1_54' title="bbox 2131 2348 3709 2424">
     <span class='ocr_line' id='line_1_54' title="bbox 2131 2348 3709 2424; baseline -0.003 -19"><span class='ocrx_word' id='word_1_417' title='bbox 2131 2354 2463 2416; x_wconf 81' lang='grc' dir='ltr'>εἰσελθόντος</span> <span class='ocrx_word' id='word_1_418' title='bbox 2496 2353 2659 2406; x_wconf 79' lang='grc' dir='ltr'>αὐτοῦ</span> <span class='ocrx_word' id='word_1_419' title='bbox 2699 2356 2778 2416; x_wconf 85' lang='grc' dir='ltr'>εἰς</span> <span class='ocrx_word' id='word_1_420' title='bbox 2824 2354 3186 2424; x_wconf 85' lang='grc' dir='ltr'>Ἱεροσόλυμα,</span> <span class='ocrx_word' id='word_1_421' title='bbox 3229 2352 3445 2419; x_wconf 78' lang='grc' dir='ltr'>ἐσείσθη</span> <span class='ocrx_word' id='word_1_422' title='bbox 3477 2352 3633 2402; x_wconf 74' lang='grc' dir='ltr'>πᾶσα</span> <span class='ocrx_word' id='word_1_423' title='bbox 3673 2348 3709 2419; x_wconf 80' lang='grc' dir='ltr'>ἡ</span> 
     </span>
    </p>
   </div>
   <div class='ocr_carea' id='block_1_55' title="bbox 2133 2441 3711 2515">
    <p class='ocr_par' dir='ltr' id='par_1_55' title="bbox 2133 2441 3711 2515">
     <span class='ocr_line' id='line_1_55' title="bbox 2133 2441 3711 2515; baseline -0.003 -19"><span class='ocrx_word' id='word_1_424' title='bbox 2133 2445 2306 2508; x_wconf 86' lang='grc' dir='ltr'>πόλις,</span> <span class='ocrx_word' id='word_1_425' title='bbox 2337 2464 2356 2496; x_wconf 69' lang='grc' dir='ltr'><strong>ι</strong></span> <span class='ocrx_word' id='word_1_426' title='bbox 2390 2445 2545 2498; x_wconf 82' lang='grc' dir='ltr'>ἅτινα</span> <span class='ocrx_word' id='word_1_427' title='bbox 2575 2445 2924 2515; x_wconf 83' lang='grc' dir='ltr'>παρεθέμεθα</span> <span class='ocrx_word' id='word_1_428' title='bbox 2954 2446 3011 2499; x_wconf 79' lang='grc' dir='ltr'><strong>ἐν</strong></span> <span class='ocrx_word' id='word_1_429' title='bbox 3039 2448 3152 2506; x_wconf 88' lang='grc' dir='ltr'>τοῖς</span> <span class='ocrx_word' id='word_1_430' title='bbox 3176 2444 3279 2514; x_wconf 76' lang='grc' dir='ltr'><strong>πρὸ</strong></span> <span class='ocrx_word' id='word_1_431' title='bbox 3309 2443 3531 2495; x_wconf 87' lang='grc' dir='ltr'>τούτων.</span> <span class='ocrx_word' id='word_1_432' title='bbox 3581 2441 3711 2493; x_wconf 74' lang='lat' dir='ltr'><strong>AsJ—</strong></span> 
     </span>
    </p>
   </div>
   <div class='ocr_carea' id='block_1_56' title="bbox 2132 2532 3710 2608">
    <p class='ocr_par' dir='ltr' id='par_1_56' title="bbox 2132 2532 3710 2608">
     <span class='ocr_line' id='line_1_56' title="bbox 2132 2532 3710 2608; baseline -0.005 -17"><span class='ocrx_word' id='word_1_433' title='bbox 2132 2556 2266 2608; x_wconf 87' lang='grc' dir='ltr'>τερα</span> <span class='ocrx_word' id='word_1_434' title='bbox 2291 2537 2348 2590; x_wconf 91' lang='grc' dir='ltr'>δὲ</span> <span class='ocrx_word' id='word_1_435' title='bbox 2366 2537 2433 2589; x_wconf 83' lang='grc' dir='ltr'>τὰ</span> <span class='ocrx_word' id='word_1_436' title='bbox 2453 2538 2680 2606; x_wconf 79' lang='grc' dir='ltr'>Μάρκου</span> <span class='ocrx_word' id='word_1_437' title='bbox 2701 2553 2714 2564; x_wconf 92' lang='grc'><strong>·</strong></span> <span class='ocrx_word' id='word_1_438' title='bbox 2762 2554 2780 2586; x_wconf 71' lang='grc' dir='ltr'><strong>ι</strong></span> <span class='ocrx_word' id='word_1_439' title='bbox 2825 2537 2933 2588; x_wconf 78' lang='grc' dir='ltr'>Καὶ</span> <span class='ocrx_word' id='word_1_440' title='bbox 2956 2537 3043 2588; x_wconf 84' lang='grc' dir='ltr'>ὅτε</span> <span class='ocrx_word' id='word_1_441' title='bbox 3077 2535 3385 2602; x_wconf 78' lang='grc' dir='ltr'>ἐγγίζουσιν</span> <span class='ocrx_word' id='word_1_442' title='bbox 3417 2534 3496 2595; x_wconf 88' lang='grc' dir='ltr'><strong>είς</strong></span> <span class='ocrx_word' id='word_1_443' title='bbox 3543 2532 3710 2600; x_wconf 80' lang='grc' dir='ltr'>Ἱερο-</span> 
     </span>
    </p>
   </div>
   <div class='ocr_carea' id='block_1_57' title="bbox 2135 2624 3708 2700">
    <p class='ocr_par' dir='ltr' id='par_1_57' title="bbox 2135 2624 3708 2700">
     <span class='ocr_line' id='line_1_57' title="bbox 2135 2624 3708 2700; baseline -0.005 -17"><span class='ocrx_word' id='word_1_444' title='bbox 2135 2631 2358 2700; x_wconf 88' lang='grc' dir='ltr'>σόλυμα,</span> <span class='ocrx_word' id='word_1_445' title='bbox 2410 2632 2488 2693; x_wconf 85' lang='grc' dir='ltr'>εἰς</span> <span class='ocrx_word' id='word_1_446' title='bbox 2529 2628 2821 2699; x_wconf 76' lang='grc' dir='ltr'>Βηθφαγὴν</span> <span class='ocrx_word' id='word_1_447' title='bbox 2863 2629 2956 2682; x_wconf 80' lang='grc' dir='ltr'><strong>καὶ</strong></span> <span class='ocrx_word' id='word_1_448' title='bbox 2996 2626 3285 2697; x_wconf 85' lang='grc' dir='ltr'>Βηθανίαν,</span> <span class='ocrx_word' id='word_1_449' title='bbox 3314 2625 3449 2695; x_wconf 84' lang='grc' dir='ltr'>πρὸς</span> <span class='ocrx_word' id='word_1_450' title='bbox 3477 2624 3536 2676; x_wconf 82' lang='grc' dir='ltr'><strong>τὸ</strong></span> <span class='ocrx_word' id='word_1_451' title='bbox 3580 2624 3708 2694; x_wconf 85' lang='grc' dir='ltr'>δρος</span> 
     </span>
    </p>
   </div>
   <div class='ocr_carea' id='block_1_58' title="bbox 2131 2713 3705 2788">
    <p class='ocr_par' dir='ltr' id='par_1_58' title="bbox 2131 2713 3705 2788">
     <span class='ocr_line' id='line_1_58' title="bbox 2131 2713 3705 2788; baseline -0.006 -14"><span class='ocrx_word' id='word_1_452' title='bbox 2131 2722 2240 2775; x_wconf 87' lang='grc' dir='ltr'><strong>τῶν</strong></span> <span class='ocrx_word' id='word_1_453' title='bbox 2293 2721 2535 2784; x_wconf 86' lang='grc' dir='ltr'>Ἐλαιῶν,</span> <span class='ocrx_word' id='word_1_454' title='bbox 2591 2719 2905 2773; x_wconf 84' lang='grc' dir='ltr'>ἀποστέλλει</span> <span class='ocrx_word' id='word_1_455' title='bbox 2945 2718 3038 2771; x_wconf 80' lang='grc' dir='ltr'><strong>δύο</strong></span> <span class='ocrx_word' id='word_1_456' title='bbox 3073 2718 3178 2771; x_wconf 91' lang='grc' dir='ltr'><strong>τῶν</strong></span> <span class='ocrx_word' id='word_1_457' title='bbox 3227 2714 3480 2788; x_wconf 82' lang='grc' dir='ltr'>μαθητῶν</span> <span class='ocrx_word' id='word_1_458' title='bbox 3513 2713 3705 2777; x_wconf 83' lang='grc' dir='ltr'>αὑτοῦ,</span> 
     </span>
    </p>
   </div>
   <div class='ocr_carea' id='block_1_59' title="bbox 2131 2807 3710 2880">
    <p class='ocr_par' dir='ltr' id='par_1_59' title="bbox 2131 2807 3710 2880">
     <span class='ocr_line' id='line_1_59' title="bbox 2131 2807 3710 2880; baseline -0.007 -13"><span class='ocrx_word' id='word_1_459' title='bbox 2131 2818 2226 2867; x_wconf 79' lang='grc' dir='ltr'>καὶ</span> <span class='ocrx_word' id='word_1_460' title='bbox 2245 2813 2391 2880; x_wconf 85' lang='grc' dir='ltr'>λέγει</span> <span class='ocrx_word' id='word_1_461' title='bbox 2419 2813 2632 2876; x_wconf 83' lang='grc' dir='ltr'>αὐτοῖς·</span> <span class='ocrx_word' id='word_1_462' title='bbox 2682 2812 2950 2879; x_wconf 84' lang='grc' dir='ltr'>Ὑπάγετε</span> <span class='ocrx_word' id='word_1_463' title='bbox 2981 2813 3060 2872; x_wconf 87' lang='grc' dir='ltr'><strong>είς</strong></span> <span class='ocrx_word' id='word_1_464' title='bbox 3093 2809 3189 2880; x_wconf 85' lang='grc' dir='ltr'><strong>τὴν</strong></span> <span class='ocrx_word' id='word_1_465' title='bbox 3221 2807 3413 2877; x_wconf 85' lang='grc' dir='ltr'>κώμην</span> <span class='ocrx_word' id='word_1_466' title='bbox 3434 2807 3531 2876; x_wconf 83' lang='grc' dir='ltr'>τὴν</span> <span class='ocrx_word' id='word_1_467' title='bbox 3577 2822 3710 2858; x_wconf 88' lang='grc' dir='ltr'>κατ-</span> 
     </span>
    </p>
   </div>
   <div class='ocr_carea' id='block_1_60' title="bbox 2131 2898 3710 2973">
    <p class='ocr_par' dir='ltr' id='par_1_60' title="bbox 2131 2898 3710 2973">
     <span class='ocr_line' id='line_1_60' title="bbox 2131 2898 3710 2973; baseline -0.007 -15"><span class='ocrx_word' id='word_1_468' title='bbox 2131 2903 2309 2958; x_wconf 69' lang='grc' dir='ltr'>έναντι</span> <span class='ocrx_word' id='word_1_469' title='bbox 2339 2902 2510 2973; x_wconf 86' lang='grc' dir='ltr'>ὑμῶν,</span> <span class='ocrx_word' id='word_1_470' title='bbox 2538 2903 2633 2956; x_wconf 74' lang='grc' dir='ltr'><strong>καὶ</strong></span> <span class='ocrx_word' id='word_1_471' title='bbox 2662 2902 2821 2965; x_wconf 74' lang='grc' dir='ltr'>εὐθὺς</span> <span class='ocrx_word' id='word_1_472' title='bbox 2848 2902 3198 2972; x_wconf 85' lang='grc' dir='ltr'>πορευόμενοι</span> <span class='ocrx_word' id='word_1_473' title='bbox 3225 2901 3304 2963; x_wconf 88' lang='grc' dir='ltr'><strong>είς</strong></span> <span class='ocrx_word' id='word_1_474' title='bbox 3328 2900 3519 2967; x_wconf 75' lang='grc' dir='ltr'>αὐτὴν,</span> <span class='ocrx_word' id='word_1_475' title='bbox 3543 2898 3710 2968; x_wconf 85' lang='grc' dir='ltr'>εὑρή-</span> 
     </span>
    </p>
   </div>
   <div class='ocr_carea' id='block_1_61' title="bbox 2134 2989 3706 3065">
    <p class='ocr_par' dir='ltr' id='par_1_61' title="bbox 2134 2989 3706 3065">
     <span class='ocr_line' id='line_1_61' title="bbox 2134 2989 3706 3065; baseline -0.004 -17"><span class='ocrx_word' id='word_1_476' title='bbox 2134 3013 2254 3049; x_wconf 86' lang='grc' dir='ltr'>σετε</span> <span class='ocrx_word' id='word_1_477' title='bbox 2289 2995 2463 3048; x_wconf 81' lang='grc' dir='ltr'>πῶλον</span> <span class='ocrx_word' id='word_1_478' title='bbox 2491 2995 2790 3065; x_wconf 84' lang='grc' dir='ltr'>δεδεμένον,</span> <span class='ocrx_word' id='word_1_479' title='bbox 2815 2996 2898 3064; x_wconf 82' lang='grc' dir='ltr'><strong>ἐφ’</strong></span> <span class='ocrx_word' id='word_1_480' title='bbox 2928 2995 2985 3046; x_wconf 87' lang='grc' dir='ltr'><strong>δν</strong></span> <span class='ocrx_word' id='word_1_481' title='bbox 3019 2994 3191 3056; x_wconf 80' lang='grc' dir='ltr'>οὐδεὶς</span> <span class='ocrx_word' id='word_1_482' title='bbox 3221 2992 3280 3044; x_wconf 77' lang='grc' dir='ltr'><strong>οῦ</strong></span> <span class='ocrx_word' id='word_1_483' title='bbox 3293 3009 3371 3044; x_wconf 85' lang='grc' dir='ltr'><strong>πω</strong></span> <span class='ocrx_word' id='word_1_484' title='bbox 3398 2989 3706 3060; x_wconf 82' lang='grc' dir='ltr'>ἀνθρώπων</span> 
     </span>
    </p>
   </div>
   <div class='ocr_carea' id='block_1_62' title="bbox 474 3081 2035 3178">
    <p class='ocr_par' dir='ltr' id='par_1_62' title="bbox 474 3083 2035 3160">
     <span class='ocr_line' id='line_1_62' title="bbox 474 3083 2035 3160; baseline 0.009 -25"><span class='ocrx_word' id='word_1_485' title='bbox 474 3083 644 3136; x_wconf 87' lang='lat' dir='ltr'><strong>illum.</strong></span> <span class='ocrx_word' id='word_1_486' title='bbox 685 3083 751 3138; x_wconf 86' lang='lat' dir='ltr'><strong>Et</strong></span> <span class='ocrx_word' id='word_1_487' title='bbox 787 3087 1028 3142; x_wconf 92' lang='lat' dir='ltr'><strong>nonnulli</strong></span> <span class='ocrx_word' id='word_1_488' title='bbox 1062 3103 1272 3156; x_wconf 88' lang='lat' dir='ltr'><strong>eorum,</strong></span> <span class='ocrx_word' id='word_1_489' title='bbox 1317 3092 1410 3160; x_wconf 89' lang='lat' dir='ltr'><strong>qui</strong></span> <span class='ocrx_word' id='word_1_490' title='bbox 1455 3093 1560 3148; x_wconf 91' lang='lat' dir='ltr'><strong>illic</strong></span> <span class='ocrx_word' id='word_1_491' title='bbox 1594 3095 1846 3158; x_wconf 86' lang='lat' dir='ltr'><strong>stabant,</strong></span> <span class='ocrx_word' id='word_1_492' title='bbox 1894 3096 2035 3149; x_wconf 84' lang='lat' dir='ltr'><strong>dice-</strong></span> 
     </span>
    </p>
   </div>
   <div class='ocr_carea' id='block_1_63' title="bbox 2135 3081 3708 3178">
    <p class='ocr_par' dir='ltr' id='par_1_63' title="bbox 2135 3081 3708 3178">
     <span class='ocr_line' id='line_1_63' title="bbox 2135 3081 3708 3178; baseline -0.006 -38"><span class='ocrx_word' id='word_1_493' title='bbox 2135 3086 2380 3142; x_wconf 79' lang='grc' dir='ltr'>ἐκάθισε·</span> <span class='ocrx_word' id='word_1_494' title='bbox 2416 3086 2612 3140; x_wconf 81' lang='grc' dir='ltr'>λύσατε</span> <span class='ocrx_word' id='word_1_495' title='bbox 2637 3085 2819 3148; x_wconf 82' lang='grc' dir='ltr'>αὑτὸν,</span> <span class='ocrx_word' id='word_1_496' title='bbox 2844 3087 2938 3138; x_wconf 78' lang='grc' dir='ltr'><strong>καὶ</strong></span> <span class='ocrx_word' id='word_1_497' title='bbox 2972 3087 3182 3156; x_wconf 83' lang='grc' dir='ltr'>φέρετε.</span> <span class='ocrx_word' id='word_1_498' title='bbox 3218 3083 3324 3136; x_wconf 71' lang='grc' dir='ltr'><strong>Καὶ</strong></span> <span class='ocrx_word' id='word_1_499' title='bbox 3348 3081 3442 3135; x_wconf 84' lang='grc' dir='ltr'><strong>ἐάν</strong></span> <span class='ocrx_word' id='word_1_500' title='bbox 3468 3098 3549 3144; x_wconf 85' lang='grc' dir='ltr'><strong>τις</strong></span> <span class='ocrx_word' id='word_1_501' title='bbox 3581 3082 3708 3178; x_wconf 68' lang='grc' dir='ltr'>ὑμῖν</span> 
     </span>
    </p>
   </div>
   <div class='ocr_carea' id='block_1_64' title="bbox 472 3173 2035 3255">
    <p class='ocr_par' dir='ltr' id='par_1_64' title="bbox 472 3175 2035 3255">
     <span class='ocr_line' id='line_1_64' title="bbox 472 3175 2035 3255; baseline 0.009 -28"><span class='ocrx_word' id='word_1_502' title='bbox 472 3175 603 3227; x_wconf 85' lang='lat' dir='ltr'><strong>bant</strong></span> <span class='ocrx_word' id='word_1_503' title='bbox 631 3175 770 3230; x_wconf 84' lang='lat' dir='ltr'><strong>illis:</strong></span> <span class='ocrx_word' id='word_1_504' title='bbox 805 3177 943 3244; x_wconf 85' lang='lat' dir='ltr'><strong>Quid</strong></span> <span class='ocrx_word' id='word_1_505' title='bbox 972 3179 1148 3235; x_wconf 80' lang='lat' dir='ltr'><strong>facitis</strong></span> <span class='ocrx_word' id='word_1_506' title='bbox 1177 3182 1446 3238; x_wconf 83' lang='lat' dir='ltr'><strong>solventes</strong></span> <span class='ocrx_word' id='word_1_507' title='bbox 1483 3185 1731 3255; x_wconf 84' lang='lat' dir='ltr'><strong>pullum?</strong></span> <span class='ocrx_word' id='word_1_508' title='bbox 1757 3189 1827 3240; x_wconf 90' lang='lat' dir='ltr'><strong>At</strong></span> <span class='ocrx_word' id='word_1_509' title='bbox 1851 3187 1926 3242; x_wconf 89' lang='lat' dir='ltr'><strong>illi</strong></span> <span class='ocrx_word' id='word_1_510' title='bbox 1957 3189 2035 3241; x_wconf 89' lang='lat' dir='ltr'><strong>di-</strong></span> 
     </span>
    </p>
   </div>
   <div class='ocr_carea' id='block_1_65' title="bbox 2135 3173 3708 3255">
    <p class='ocr_par' dir='ltr' id='par_1_65' title="bbox 2136 3173 3708 3250">
     <span class='ocr_line' id='line_1_65' title="bbox 2136 3173 3708 3250; baseline -0.005 -20"><span class='ocrx_word' id='word_1_511' title='bbox 2136 3179 2295 3250; x_wconf 77' lang='grc' dir='ltr'>εἴπῃ·</span> <span class='ocrx_word' id='word_1_512' title='bbox 2339 3179 2404 3230; x_wconf 91' lang='grc' dir='ltr'>Τί</span> <span class='ocrx_word' id='word_1_513' title='bbox 2428 3181 2630 3231; x_wconf 82' lang='grc' dir='ltr'>ποιεῖτε</span> <span class='ocrx_word' id='word_1_514' title='bbox 2662 3175 2849 3239; x_wconf 88' lang='grc' dir='ltr'>τοῦτο;</span> <span class='ocrx_word' id='word_1_515' title='bbox 2889 3176 3101 3239; x_wconf 85' lang='grc' dir='ltr'>εἴπατε,</span> <span class='ocrx_word' id='word_1_516' title='bbox 3130 3179 3214 3232; x_wconf 85' lang='grc' dir='ltr'>ὅτι</span> <span class='ocrx_word' id='word_1_517' title='bbox 3244 3175 3272 3226; x_wconf 88' lang='grc' dir='ltr'><strong>ὁ</strong></span> <span class='ocrx_word' id='word_1_518' title='bbox 3302 3173 3502 3244; x_wconf 85' lang='grc' dir='ltr'>Κύριος</span> <span class='ocrx_word' id='word_1_519' title='bbox 3537 3173 3708 3224; x_wconf 83' lang='grc' dir='ltr'>αὑτοῦ</span> 
     </span>
    </p>
   </div>
   <div class='ocr_carea' id='block_1_66' title="bbox 475 3269 2036 3344">
    <p class='ocr_par' dir='ltr' id='par_1_66' title="bbox 475 3269 2036 3344">
     <span class='ocr_line' id='line_1_66' title="bbox 475 3269 2036 3344; baseline 0.009 -26"><span class='ocrx_word' id='word_1_520' title='bbox 475 3277 672 3321; x_wconf 78' lang='lat' dir='ltr'><strong>xerunt</strong></span> <span class='ocrx_word' id='word_1_521' title='bbox 703 3269 782 3323; x_wconf 93' lang='lat' dir='ltr'><strong>eis</strong></span> <span class='ocrx_word' id='word_1_522' title='bbox 811 3274 1266 3338; x_wconf 85' lang='lat' dir='ltr'><strong>quemadmodum</strong></span> <span class='ocrx_word' id='word_1_523' title='bbox 1301 3288 1629 3344; x_wconf 64' lang='lat' dir='ltr'><strong>praeceperat</strong></span> <span class='ocrx_word' id='word_1_524' title='bbox 1658 3277 1846 3343; x_wconf 68' lang='lat' dir='ltr'><strong>Iesus;</strong></span> <span class='ocrx_word' id='word_1_525' title='bbox 1879 3289 1932 3334; x_wconf 86' lang='lat' dir='ltr'><strong>et</strong></span> <span class='ocrx_word' id='word_1_526' title='bbox 1957 3279 2036 3332; x_wconf 81' lang='lat' dir='ltr'><strong>si-</strong></span> 
     </span>
    </p>
   </div>
   <div class='ocr_carea' id='block_1_67' title="bbox 474 3358 2039 3436">
    <p class='ocr_par' dir='ltr' id='par_1_67' title="bbox 474 3358 2039 3436">
     <span class='ocr_line' id='line_1_67' title="bbox 474 3358 2039 3436; baseline 0.01 -28"><span class='ocrx_word' id='word_1_527' title='bbox 474 3358 675 3410; x_wconf 88' lang='lat' dir='ltr'><strong>nebant</strong></span> <span class='ocrx_word' id='word_1_528' title='bbox 723 3360 882 3415; x_wconf 86' lang='lat' dir='ltr'><strong>illos:</strong></span> <span class='ocrx_word' id='word_1_529' title='bbox 917 3373 971 3416; x_wconf 93' lang='lat' dir='ltr'><strong>et</strong></span> <span class='ocrx_word' id='word_1_530' title='bbox 1000 3368 1337 3420; x_wconf 82' lang='lat' dir='ltr'><strong>adduxerunt</strong></span> <span class='ocrx_word' id='word_1_531' title='bbox 1368 3367 1568 3436; x_wconf 90' lang='lat' dir='ltr'><strong>pullum</strong></span> <span class='ocrx_word' id='word_1_532' title='bbox 1613 3371 1678 3423; x_wconf 89' lang='lat' dir='ltr'><strong>ad</strong></span> <span class='ocrx_word' id='word_1_533' title='bbox 1724 3369 1905 3424; x_wconf 82' lang='lat' dir='ltr'><strong>Jesum</strong></span> <span class='ocrx_word' id='word_1_534' title='bbox 1936 3410 1951 3434; x_wconf 89' lang='lat'><strong>,</strong></span> <span class='ocrx_word' id='word_1_535' title='bbox 1984 3379 2039 3426; x_wconf 87' lang='lat' dir='ltr'><strong>et</strong></span> 
     </span>
    </p>
   </div>
   <div class='ocr_carea' id='block_1_68' title="bbox 475 3446 2036 3522">
    <p class='ocr_par' dir='ltr' id='par_1_68' title="bbox 475 3446 2036 3522">
     <span class='ocr_line' id='line_1_68' title="bbox 475 3446 2036 3522; baseline 0.01 -24"><span class='ocrx_word' id='word_1_536' title='bbox 475 3446 776 3512; x_wconf 79' lang='lat' dir='ltr'><strong>iniecerunt</strong></span> <span class='ocrx_word' id='word_1_537' title='bbox 819 3451 977 3522; x_wconf 75' lang='lat'><strong>182</strong></span> <span class='ocrx_word' id='word_1_538' title='bbox 1033 3455 1109 3508; x_wconf 93' lang='lat' dir='ltr'><strong>illi</strong></span> <span class='ocrx_word' id='word_1_539' title='bbox 1165 3456 1488 3510; x_wconf 88' lang='lat' dir='ltr'><strong>vestimenta</strong></span> <span class='ocrx_word' id='word_1_540' title='bbox 1535 3474 1651 3512; x_wconf 89' lang='lat' dir='ltr'><strong>sua.</strong></span> <span class='ocrx_word' id='word_1_541' title='bbox 1702 3461 1810 3512; x_wconf 82' lang='lat' dir='ltr'><strong>Alii</strong></span> <span class='ocrx_word' id='word_1_542' title='bbox 1858 3470 2036 3515; x_wconf 87' lang='lat' dir='ltr'><strong>autem</strong></span> 
     </span>
    </p>
   </div>
   <div class='ocr_carea' id='block_1_69' title="bbox 476 3540 2034 3612">
    <p class='ocr_par' dir='ltr' id='par_1_69' title="bbox 476 3540 2034 3612">
     <span class='ocr_line' id='line_1_69' title="bbox 476 3540 2034 3612; baseline 0.012 -24"><span class='ocrx_word' id='word_1_543' title='bbox 476 3540 696 3595; x_wconf 82' lang='lat' dir='ltr'><strong>l&#39;rondes</strong></span> <span class='ocrx_word' id='word_1_544' title='bbox 719 3543 998 3598; x_wconf 66' lang='lat' dir='ltr'><strong>caedebant</strong></span> <span class='ocrx_word' id='word_1_545' title='bbox 1022 3546 1088 3600; x_wconf 90' lang='lat' dir='ltr'><strong>de</strong></span> <span class='ocrx_word' id='word_1_546' title='bbox 1109 3547 1415 3612; x_wconf 84' lang='lat' dir='ltr'><strong>arboribus,</strong></span> <span class='ocrx_word' id='word_1_547' title='bbox 1443 3560 1495 3604; x_wconf 91' lang='lat' dir='ltr'><strong>et</strong></span> <span class='ocrx_word' id='word_1_548' title='bbox 1513 3553 1829 3604; x_wconf 87' lang='lat' dir='ltr'><strong>sternebant</strong></span> <span class='ocrx_word' id='word_1_549' title='bbox 1849 3552 1902 3606; x_wconf 91' lang='lat' dir='ltr'><strong>in</strong></span> <span class='ocrx_word' id='word_1_550' title='bbox 1931 3555 2034 3606; x_wconf 86' lang='lat' dir='ltr'><strong>via.</strong></span> 
     </span>
    </p>
   </div>
   <div class='ocr_carea' id='block_1_70' title="bbox 473 3629 2039 3710">
    <p class='ocr_par' dir='ltr' id='par_1_70' title="bbox 473 3629 2039 3710">
     <span class='ocr_line' id='line_1_70' title="bbox 473 3629 2039 3710; baseline 0.011 -29"><span class='ocrx_word' id='word_1_551' title='bbox 473 3629 541 3681; x_wconf 78' lang='lat' dir='ltr'><strong>Et</strong></span> <span class='ocrx_word' id='word_1_552' title='bbox 571 3631 662 3698; x_wconf 92' lang='lat' dir='ltr'><strong>qui</strong></span> <span class='ocrx_word' id='word_1_553' title='bbox 692 3634 1066 3699; x_wconf 68' lang='lat' dir='ltr'><strong>praecedebant</strong></span> <span class='ocrx_word' id='word_1_554' title='bbox 1093 3675 1110 3699; x_wconf 93' lang='lat'><strong>,</strong></span> <span class='ocrx_word' id='word_1_555' title='bbox 1160 3638 1364 3707; x_wconf 91' lang='lat' dir='ltr'><strong>quique</strong></span> <span class='ocrx_word' id='word_1_556' title='bbox 1400 3644 1768 3710; x_wconf 86' lang='lat' dir='ltr'><strong>sequebantur</strong></span> <span class='ocrx_word' id='word_1_557' title='bbox 1789 3682 1804 3706; x_wconf 87' lang='lat'><strong>,</strong></span> <span class='ocrx_word' id='word_1_558' title='bbox 1837 3645 2039 3699; x_wconf 86' lang='lat' dir='ltr'><strong>clama-</strong></span> 
     </span>
    </p>
   </div>
   <div class='ocr_carea' id='block_1_71' title="bbox 475 3719 2037 3802">
    <p class='ocr_par' dir='ltr' id='par_1_71' title="bbox 475 3719 2037 3802">
     <span class='ocr_line' id='line_1_71' title="bbox 475 3719 2037 3802; baseline 0.012 -32"><span class='ocrx_word' id='word_1_559' title='bbox 475 3719 603 3774; x_wconf 85' lang='lat' dir='ltr'><strong>bant</strong></span> <span class='ocrx_word' id='word_1_560' title='bbox 653 3723 929 3778; x_wconf 86' lang='lat' dir='ltr'><strong>dicentes:</strong></span> <span class='ocrx_word' id='word_1_561' title='bbox 985 3725 1258 3797; x_wconf 86' lang='lat' dir='ltr'><strong>Hosanna,</strong></span> <span class='ocrx_word' id='word_1_562' title='bbox 1312 3730 1624 3787; x_wconf 86' lang='lat' dir='ltr'><strong>benedictus</strong></span> <span class='ocrx_word' id='word_1_563' title='bbox 1675 3735 1765 3802; x_wconf 90' lang='lat' dir='ltr'><strong>qui</strong></span> <span class='ocrx_word' id='word_1_564' title='bbox 1808 3736 1950 3789; x_wconf 86' lang='lat' dir='ltr'><strong>venit</strong></span> <span class='ocrx_word' id='word_1_565' title='bbox 1984 3738 2037 3789; x_wconf 92' lang='lat' dir='ltr'><strong>in</strong></span> 
     </span>
    </p>
   </div>
   <div class='ocr_carea' id='block_1_72' title="bbox 475 3815 2037 3896">
    <p class='ocr_par' dir='ltr' id='par_1_72' title="bbox 475 3815 2037 3896">
     <span class='ocr_line' id='line_1_72' title="bbox 475 3815 2037 3896; baseline 0.01 -31"><span class='ocrx_word' id='word_1_566' title='bbox 475 3815 694 3869; x_wconf 90' lang='lat' dir='ltr'><strong>nomine</strong></span> <span class='ocrx_word' id='word_1_567' title='bbox 744 3817 994 3875; x_wconf 89' lang='lat' dir='ltr'><strong>Domini:</strong></span> <span class='ocrx_word' id='word_1_568' title='bbox 1029 3820 1378 3876; x_wconf 81' lang='lat' dir='ltr'><strong>Benedictum</strong></span> <span class='ocrx_word' id='word_1_569' title='bbox 1427 3828 1569 3894; x_wconf 91' lang='lat' dir='ltr'><strong>quod</strong></span> <span class='ocrx_word' id='word_1_570' title='bbox 1621 3833 1763 3890; x_wconf 86' lang='lat' dir='ltr'><strong>venit</strong></span> <span class='ocrx_word' id='word_1_571' title='bbox 1814 3842 2037 3896; x_wconf 73' lang='lat' dir='ltr'><strong>regnum</strong></span> 
     </span>
    </p>
   </div>
   <div class='ocr_carea' id='block_1_73' title="bbox 476 3907 2042 3973">
    <p class='ocr_par' dir='ltr' id='par_1_73' title="bbox 476 3907 2042 3973">
     <span class='ocr_line' id='line_1_73' title="bbox 476 3907 2042 3973; baseline 0.013 -20"><span class='ocrx_word' id='word_1_572' title='bbox 476 3907 645 3971; x_wconf 66' lang='lat' dir='ltr'><strong>patris</strong></span> <span class='ocrx_word' id='word_1_573' title='bbox 678 3911 844 3963; x_wconf 92' lang='lat' dir='ltr'><strong>nostri</strong></span> <span class='ocrx_word' id='word_1_574' title='bbox 887 3910 1082 3966; x_wconf 89' lang='lat' dir='ltr'><strong>David:</strong></span> <span class='ocrx_word' id='word_1_575' title='bbox 1114 3912 1368 3968; x_wconf 89' lang='lat' dir='ltr'><strong>Hosanna</strong></span> <span class='ocrx_word' id='word_1_576' title='bbox 1403 3917 1454 3968; x_wconf 94' lang='lat' dir='ltr'><strong>in</strong></span> <span class='ocrx_word' id='word_1_577' title='bbox 1489 3918 1807 3973; x_wconf 82' lang='lat' dir='ltr'><strong>altissimis!</strong></span> <span class='ocrx_word' id='word_1_578' title='bbox 1857 3918 1925 3973; x_wconf 83' lang='lat' dir='ltr'><strong>Et</strong></span> <span class='ocrx_word' id='word_1_579' title='bbox 1957 3921 2042 3972; x_wconf 84' lang='lat' dir='ltr'><strong>in-</strong></span> 
     </span>
    </p>
   </div>
   <div class='ocr_carea' id='block_1_74' title="bbox 473 3998 2042 4076">
    <p class='ocr_par' dir='ltr' id='par_1_74' title="bbox 473 3998 2042 4076">
     <span class='ocr_line' id='line_1_74' title="bbox 473 3998 2042 4076; baseline 0.009 -27"><span class='ocrx_word' id='word_1_580' title='bbox 473 4013 704 4065; x_wconf 23' lang='lat' dir='ltr'><strong>gressus,</strong></span> <span class='ocrx_word' id='word_1_581' title='bbox 731 4009 814 4054; x_wconf 89' lang='lat' dir='ltr'><strong>est</strong></span> <span class='ocrx_word' id='word_1_582' title='bbox 847 3998 1267 4072; x_wconf 82' lang='lat' dir='ltr'><strong>Hierosolymam</strong></span> <span class='ocrx_word' id='word_1_583' title='bbox 1301 4005 1353 4060; x_wconf 88' lang='lat' dir='ltr'><strong>in</strong></span> <span class='ocrx_word' id='word_1_584' title='bbox 1391 4009 1671 4076; x_wconf 87' lang='lat' dir='ltr'><strong>templum,</strong></span> <span class='ocrx_word' id='word_1_585' title='bbox 1700 4019 1753 4063; x_wconf 87' lang='lat' dir='ltr'><strong>et</strong></span> <span class='ocrx_word' id='word_1_586' title='bbox 1787 4025 1905 4063; x_wconf 92' lang='lat' dir='ltr'><strong>cum</strong></span> <span class='ocrx_word' id='word_1_587' title='bbox 1933 4011 2042 4065; x_wconf 89' lang='lat' dir='ltr'><strong>cir-</strong></span> 
     </span>
    </p>
   </div>
   <div class='ocr_carea' id='block_1_75' title="bbox 474 4093 2042 4171">
    <p class='ocr_par' dir='ltr' id='par_1_75' title="bbox 474 4093 2042 4171">
     <span class='ocr_line' id='line_1_75' title="bbox 474 4093 2042 4171; baseline 0.01 -30"><span class='ocrx_word' id='word_1_588' title='bbox 474 4093 872 4161; x_wconf 74' lang='lat' dir='ltr'><strong>rumspexisset</strong></span> <span class='ocrx_word' id='word_1_589' title='bbox 906 4097 1106 4162; x_wconf 87' lang='lat' dir='ltr'><strong>omnia,</strong></span> <span class='ocrx_word' id='word_1_590' title='bbox 1139 4096 1362 4168; x_wconf 87' lang='lat' dir='ltr'><strong>jamque</strong></span> <span class='ocrx_word' id='word_1_591' title='bbox 1400 4109 1610 4168; x_wconf 85' lang='lat' dir='ltr'><strong>tempus</strong></span> <span class='ocrx_word' id='word_1_592' title='bbox 1645 4111 1786 4156; x_wconf 91' lang='lat' dir='ltr'><strong>esset</strong></span> <span class='ocrx_word' id='word_1_593' title='bbox 1822 4117 2042 4171; x_wconf 88' lang='lat' dir='ltr'><strong>vesper-</strong></span> 
     </span>
    </p>
   </div>
   <div class='ocr_carea' id='block_1_76' title="bbox 479 4186 2042 4262">
    <p class='ocr_par' dir='ltr' id='par_1_76' title="bbox 479 4186 2042 4262">
     <span class='ocr_line' id='line_1_76' title="bbox 479 4186 2042 4262; baseline 0.008 -26"><span class='ocrx_word' id='word_1_594' title='bbox 479 4186 673 4251; x_wconf 87' lang='lat' dir='ltr'><strong>tinum,</strong></span> <span class='ocrx_word' id='word_1_595' title='bbox 725 4189 997 4257; x_wconf 82' lang='lat' dir='ltr'><strong>ingressus</strong></span> <span class='ocrx_word' id='word_1_596' title='bbox 1022 4199 1105 4244; x_wconf 89' lang='lat' dir='ltr'><strong>est</strong></span> <span class='ocrx_word' id='word_1_597' title='bbox 1135 4191 1453 4245; x_wconf 65' lang='lat' dir='ltr'><strong>Bethaniam</strong></span> <span class='ocrx_word' id='word_1_598' title='bbox 1483 4208 1603 4247; x_wconf 91' lang='lat' dir='ltr'><strong>cum</strong></span> <span class='ocrx_word' id='word_1_599' title='bbox 1634 4194 1957 4262; x_wconf 85' lang='lat' dir='ltr'><strong>duodecim;</strong></span> <span class='ocrx_word' id='word_1_600' title='bbox 1987 4205 2042 4249; x_wconf 92' lang='lat' dir='ltr'><strong>et</strong></span> 
     </span>
    </p>
   </div>
   <div class='ocr_carea' id='block_1_77' title="bbox 477 4280 2043 4352">
    <p class='ocr_par' dir='ltr' id='par_1_77' title="bbox 477 4280 2043 4352">
     <span class='ocr_line' id='line_1_77' title="bbox 477 4280 2043 4352; baseline 0.008 -23"><span class='ocrx_word' id='word_1_601' title='bbox 477 4288 693 4342; x_wconf 91' lang='lat' dir='ltr'><strong>postero</strong></span> <span class='ocrx_word' id='word_1_602' title='bbox 721 4280 807 4333; x_wconf 92' lang='lat' dir='ltr'><strong>die</strong></span> <span class='ocrx_word' id='word_1_603' title='bbox 832 4320 846 4342; x_wconf 87' lang='lat'><strong>,</strong></span> <span class='ocrx_word' id='word_1_604' title='bbox 884 4297 1006 4334; x_wconf 89' lang='lat' dir='ltr'><strong>cum</strong></span> <span class='ocrx_word' id='word_1_605' title='bbox 1053 4286 1292 4338; x_wconf 86' lang='lat' dir='ltr'><strong>exissent</strong></span> <span class='ocrx_word' id='word_1_606' title='bbox 1327 4285 1608 4352; x_wconf 81' lang='lat' dir='ltr'><strong>Bethania,</strong></span> <span class='ocrx_word' id='word_1_607' title='bbox 1640 4287 1856 4339; x_wconf 90' lang='lat' dir='ltr'><strong>esuriit.</strong></span> <span class='ocrx_word' id='word_1_608' title='bbox 1887 4306 1906 4338; x_wconf 73' lang='grc' dir='ltr'><strong>ι</strong></span> <span class='ocrx_word' id='word_1_609' title='bbox 1949 4289 2043 4342; x_wconf 89' lang='lat' dir='ltr'><strong>De-</strong></span> 
     </span>
    </p>
   </div>
   <div class='ocr_carea' id='block_1_78' title="bbox 479 4368 2037 4444">
    <p class='ocr_par' dir='ltr' id='par_1_78' title="bbox 479 4368 2037 4444">
     <span class='ocr_line' id='line_1_78' title="bbox 479 4368 2037 4444; baseline 0.009 -24"><span class='ocrx_word' id='word_1_610' title='bbox 479 4368 601 4422; x_wconf 89' lang='lat' dir='ltr'><strong>inde</strong></span> <span class='ocrx_word' id='word_1_611' title='bbox 632 4379 752 4437; x_wconf 87' lang='lat' dir='ltr'><strong>post</strong></span> <span class='ocrx_word' id='word_1_612' title='bbox 785 4372 916 4426; x_wconf 86' lang='lat' dir='ltr'><strong>ﬁcus</strong></span> <span class='ocrx_word' id='word_1_613' title='bbox 951 4375 1202 4430; x_wconf 73' lang='lat' dir='ltr'><strong>arefacta:</strong></span> <span class='ocrx_word' id='word_1_614' title='bbox 1238 4377 1572 4444; x_wconf 86' lang='lat' dir='ltr'><strong>mysterium,</strong></span> <span class='ocrx_word' id='word_1_615' title='bbox 1603 4395 1620 4426; x_wconf 77' lang='lat' dir='ltr'><strong>t</strong></span> <span class='ocrx_word' id='word_1_616' title='bbox 1663 4381 1884 4433; x_wconf 88' lang='lat' dir='ltr'><strong>veniunt</strong></span> <span class='ocrx_word' id='word_1_617' title='bbox 1917 4379 2037 4435; x_wconf 83' lang='lat' dir='ltr'><strong>Ilie-</strong></span> 
     </span>
    </p>
   </div>
   <div class='ocr_carea' id='block_1_79' title="bbox 2136 3258 3707 3343">
    <p class='ocr_par' dir='ltr' id='par_1_79' title="bbox 2136 3258 3707 3343">
     <span class='ocr_line' id='line_1_79' title="bbox 2136 3258 3707 3343; baseline -0.006 -18"><span class='ocrx_word' id='word_1_618' title='bbox 2136 3272 2324 3343; x_wconf 90' lang='grc' dir='ltr'>χρείαν</span> <span class='ocrx_word' id='word_1_619' title='bbox 2371 3270 2502 3341; x_wconf 77' lang='grc' dir='ltr'>ἔχει,</span> <span class='ocrx_word' id='word_1_620' title='bbox 2560 3269 2652 3323; x_wconf 77' lang='grc' dir='ltr'><strong>καὶ</strong></span> <span class='ocrx_word' id='word_1_621' title='bbox 2710 3268 2870 3330; x_wconf 80' lang='grc' dir='ltr'>εὐθὺς</span> <span class='ocrx_word' id='word_1_622' title='bbox 2917 3267 3078 3320; x_wconf 84' lang='grc' dir='ltr'>αὑτὸν</span> <span class='ocrx_word' id='word_1_623' title='bbox 3125 3266 3412 3318; x_wconf 87' lang='grc' dir='ltr'>ἀποστελεί</span> <span class='ocrx_word' id='word_1_624' title='bbox 3439 3258 3564 3316; x_wconf 80' lang='grc' dir='ltr'>ὦδε.</span> <span class='ocrx_word' id='word_1_625' title='bbox 3599 3263 3707 3316; x_wconf 71' lang='grc' dir='ltr'><strong>Καὶ</strong></span> 
     </span>
    </p>
   </div>
   <div class='ocr_carea' id='block_1_80' title="bbox 2136 3354 3709 3433">
    <p class='ocr_par' dir='ltr' id='par_1_80' title="bbox 2136 3354 3709 3433">
     <span class='ocr_line' id='line_1_80' title="bbox 2136 3354 3709 3433; baseline -0.006 -16"><span class='ocrx_word' id='word_1_626' title='bbox 2136 3362 2398 3433; x_wconf 82' lang='grc' dir='ltr'>ἀπῆλθον,</span> <span class='ocrx_word' id='word_1_627' title='bbox 2449 3362 2542 3415; x_wconf 78' lang='grc' dir='ltr'><strong>καὶ</strong></span> <span class='ocrx_word' id='word_1_628' title='bbox 2588 3354 2747 3431; x_wconf 79' lang='grc' dir='ltr'>εὗρον</span> <span class='ocrx_word' id='word_1_629' title='bbox 2793 3359 2970 3412; x_wconf 87' lang='grc' dir='ltr'>πῶλον</span> <span class='ocrx_word' id='word_1_630' title='bbox 3017 3357 3298 3426; x_wconf 87' lang='grc' dir='ltr'>δεδεμένον</span> <span class='ocrx_word' id='word_1_631' title='bbox 3357 3355 3492 3427; x_wconf 84' lang='grc' dir='ltr'>πρὸς</span> <span class='ocrx_word' id='word_1_632' title='bbox 3535 3354 3709 3426; x_wconf 74' lang='grc' dir='ltr'>θύραν</span> 
     </span>
    </p>
   </div>
   <div class='ocr_carea' id='block_1_81' title="bbox 2135 3445 3710 3521">
    <p class='ocr_par' dir='ltr' id='par_1_81' title="bbox 2135 3445 3710 3521">
     <span class='ocr_line' id='line_1_81' title="bbox 2135 3445 3710 3521; baseline -0.008 -15"><span class='ocrx_word' id='word_1_633' title='bbox 2135 3453 2240 3519; x_wconf 77' lang='grc' dir='ltr'>ἔξω</span> <span class='ocrx_word' id='word_1_634' title='bbox 2267 3453 2358 3506; x_wconf 81' lang='grc' dir='ltr'>ἐπὶ</span> <span class='ocrx_word' id='word_1_635' title='bbox 2388 3452 2483 3505; x_wconf 90' lang='grc' dir='ltr'><strong>τοῦ</strong></span> <span class='ocrx_word' id='word_1_636' title='bbox 2510 3451 2772 3521; x_wconf 86' lang='grc' dir='ltr'>ἀμφόδου,</span> <span class='ocrx_word' id='word_1_637' title='bbox 2805 3449 2897 3502; x_wconf 72' lang='grc' dir='ltr'>καὶ</span> <span class='ocrx_word' id='word_1_638' title='bbox 2928 3449 3144 3501; x_wconf 80' lang='grc' dir='ltr'>λύουσιν</span> <span class='ocrx_word' id='word_1_639' title='bbox 3193 3446 3378 3500; x_wconf 81' lang='grc' dir='ltr'>αὐτόν.</span> <span class='ocrx_word' id='word_1_640' title='bbox 3420 3445 3529 3498; x_wconf 86' lang='grc' dir='ltr'>Καί</span> <span class='ocrx_word' id='word_1_641' title='bbox 3564 3460 3710 3506; x_wconf 80' lang='grc' dir='ltr'>τινες</span> 
     </span>
    </p>
   </div>
   <div class='ocr_carea' id='block_1_82' title="bbox 2135 3536 3710 3610">
    <p class='ocr_par' dir='ltr' id='par_1_82' title="bbox 2135 3536 3710 3610">
     <span class='ocr_line' id='line_1_82' title="bbox 2135 3536 3710 3610; baseline -0.009 -10"><span class='ocrx_word' id='word_1_642' title='bbox 2135 3546 2243 3599; x_wconf 90' lang='grc' dir='ltr'><strong>τῶν</strong></span> <span class='ocrx_word' id='word_1_643' title='bbox 2271 3548 2384 3599; x_wconf 82' lang='grc' dir='ltr'>ἐκεῖ</span> <span class='ocrx_word' id='word_1_644' title='bbox 2405 3545 2652 3598; x_wconf 79' lang='grc' dir='ltr'>ἑστώτων</span> <span class='ocrx_word' id='word_1_645' title='bbox 2681 3543 2866 3610; x_wconf 75' lang='grc' dir='ltr'>ἔλεγον</span> <span class='ocrx_word' id='word_1_646' title='bbox 2893 3543 3075 3603; x_wconf 78' lang='grc' dir='ltr'>αὐτοῖς</span> <span class='ocrx_word' id='word_1_647' title='bbox 3094 3557 3106 3569; x_wconf 89' lang='grc'><strong>·</strong></span> <span class='ocrx_word' id='word_1_648' title='bbox 3153 3539 3216 3591; x_wconf 90' lang='grc' dir='ltr'><strong>Τί</strong></span> <span class='ocrx_word' id='word_1_649' title='bbox 3258 3541 3457 3590; x_wconf 81' lang='grc' dir='ltr'>ποιεῖτε</span> <span class='ocrx_word' id='word_1_650' title='bbox 3491 3536 3710 3597; x_wconf 79' lang='grc' dir='ltr'>λύοντες</span> 
     </span>
    </p>
   </div>
   <div class='ocr_carea' id='block_1_83' title="bbox 2137 3627 3708 3702">
    <p class='ocr_par' dir='ltr' id='par_1_83' title="bbox 2137 3627 3708 3702">
     <span class='ocr_line' id='line_1_83' title="bbox 2137 3627 3708 3702; baseline -0.01 -9"><span class='ocrx_word' id='word_1_651' title='bbox 2137 3641 2227 3693; x_wconf 82' lang='grc' dir='ltr'><strong>τὸν</strong></span> <span class='ocrx_word' id='word_1_652' title='bbox 2265 3639 2478 3702; x_wconf 87' lang='grc' dir='ltr'>πῶλον;</span> <span class='ocrx_word' id='word_1_653' title='bbox 2515 3638 2578 3690; x_wconf 83' lang='grc' dir='ltr'><strong>Οἱ</strong></span> <span class='ocrx_word' id='word_1_654' title='bbox 2609 3636 2664 3688; x_wconf 83' lang='grc' dir='ltr'>δὲ</span> <span class='ocrx_word' id='word_1_655' title='bbox 2703 3633 2857 3688; x_wconf 81' lang='grc' dir='ltr'>εἷπον</span> <span class='ocrx_word' id='word_1_656' title='bbox 2897 3635 3078 3695; x_wconf 72' lang='grc' dir='ltr'>αὐτοῖς</span> <span class='ocrx_word' id='word_1_657' title='bbox 3117 3630 3294 3693; x_wconf 84' lang='grc' dir='ltr'>καθὼς</span> <span class='ocrx_word' id='word_1_658' title='bbox 3332 3627 3483 3682; x_wconf 84' lang='grc' dir='ltr'>εἶπεν</span> <span class='ocrx_word' id='word_1_659' title='bbox 3519 3631 3547 3681; x_wconf 91' lang='lat'><strong>6</strong></span> <span class='ocrx_word' id='word_1_660' title='bbox 3601 3629 3708 3696; x_wconf 85' lang='grc' dir='ltr'><strong>’1η-</strong></span> 
     </span>
    </p>
   </div>
   <div class='ocr_carea' id='block_1_84' title="bbox 2140 3717 3710 3798">
    <p class='ocr_par' dir='ltr' id='par_1_84' title="bbox 2140 3717 3710 3798">
     <span class='ocr_line' id='line_1_84' title="bbox 2140 3717 3710 3798; baseline -0.01 -14"><span class='ocrx_word' id='word_1_661' title='bbox 2140 3731 2296 3794; x_wconf 89' lang='grc' dir='ltr'>σοῦς·</span> <span class='ocrx_word' id='word_1_662' title='bbox 2344 3731 2437 3783; x_wconf 76' lang='grc' dir='ltr'>καὶ</span> <span class='ocrx_word' id='word_1_663' title='bbox 2464 3728 2680 3798; x_wconf 78' lang='grc' dir='ltr'>ἀφῆκαν</span> <span class='ocrx_word' id='word_1_664' title='bbox 2723 3725 2948 3788; x_wconf 82' lang='grc' dir='ltr'>αὐτούς·</span> <span class='ocrx_word' id='word_1_665' title='bbox 2988 3725 3082 3778; x_wconf 71' lang='grc' dir='ltr'><strong>καὶ</strong></span> <span class='ocrx_word' id='word_1_666' title='bbox 3129 3723 3348 3794; x_wconf 82' lang='grc' dir='ltr'>φέρουσι</span> <span class='ocrx_word' id='word_1_667' title='bbox 3390 3720 3479 3772; x_wconf 77' lang='grc' dir='ltr'>τὸν</span> <span class='ocrx_word' id='word_1_668' title='bbox 3532 3717 3710 3771; x_wconf 79' lang='grc' dir='ltr'>πῶλον</span> 
     </span>
    </p>
   </div>
   <div class='ocr_carea' id='block_1_85' title="bbox 2140 3811 3712 3893">
    <p class='ocr_par' dir='ltr' id='par_1_85' title="bbox 2140 3811 3712 3893">
     <span class='ocr_line' id='line_1_85' title="bbox 2140 3811 3712 3893; baseline -0.007 -18"><span class='ocrx_word' id='word_1_669' title='bbox 2140 3823 2274 3893; x_wconf 86' lang='grc' dir='ltr'>πρὸς</span> <span class='ocrx_word' id='word_1_670' title='bbox 2302 3822 2390 3875; x_wconf 79' lang='grc' dir='ltr'><strong>τὸν</strong></span> <span class='ocrx_word' id='word_1_671' title='bbox 2432 3819 2653 3891; x_wconf 83' lang='grc' dir='ltr'>Ἰησοῦν,</span> <span class='ocrx_word' id='word_1_672' title='bbox 2684 3820 2778 3871; x_wconf 76' lang='grc' dir='ltr'><strong>καὶ</strong></span> <span class='ocrx_word' id='word_1_673' title='bbox 2809 3817 3187 3871; x_wconf 79' lang='grc' dir='ltr'>ἐπιϐάλλουσιν</span> <span class='ocrx_word' id='word_1_674' title='bbox 3235 3813 3382 3883; x_wconf 81' lang='grc' dir='ltr'>αὐτῷ</span> <span class='ocrx_word' id='word_1_675' title='bbox 3419 3811 3487 3865; x_wconf 75' lang='grc' dir='ltr'><strong>τὰ</strong></span> <span class='ocrx_word' id='word_1_676' title='bbox 3519 3811 3712 3880; x_wconf 79' lang='grc' dir='ltr'>ἱμάτια</span> 
     </span>
    </p>
   </div>
   <div class='ocr_carea' id='block_1_86' title="bbox 2140 3906 3710 3978">
    <p class='ocr_par' dir='ltr' id='par_1_86' title="bbox 2140 3906 3710 3978">
     <span class='ocr_line' id='line_1_86' title="bbox 2140 3906 3710 3978; baseline -0.01 -5"><span class='ocrx_word' id='word_1_677' title='bbox 2140 3919 2336 3973; x_wconf 81' lang='grc' dir='ltr'>αὐτῶν.</span> <span class='ocrx_word' id='word_1_678' title='bbox 2375 3917 2557 3971; x_wconf 74' lang='grc' dir='ltr'>’Ἄλλοι</span> <span class='ocrx_word' id='word_1_679' title='bbox 2590 3915 2647 3968; x_wconf 84' lang='grc' dir='ltr'><strong>δέ</strong></span> <span class='ocrx_word' id='word_1_680' title='bbox 2669 3914 2952 3976; x_wconf 80' lang='grc' dir='ltr'>στοιὸάδας</span> <span class='ocrx_word' id='word_1_681' title='bbox 2983 3913 3243 3977; x_wconf 75' lang='grc' dir='ltr'>κόψαντες</span> <span class='ocrx_word' id='word_1_682' title='bbox 3277 3911 3341 3962; x_wconf 84' lang='grc' dir='ltr'><strong>ἐκ</strong></span> <span class='ocrx_word' id='word_1_683' title='bbox 3375 3908 3482 3959; x_wconf 87' lang='grc' dir='ltr'><strong>τῶν</strong></span> <span class='ocrx_word' id='word_1_684' title='bbox 3523 3906 3710 3978; x_wconf 80' lang='grc' dir='ltr'>ἀγρῶν</span> 
     </span>
    </p>
   </div>
   <div class='ocr_carea' id='block_1_87' title="bbox 2141 4000 3713 4082">
    <p class='ocr_par' dir='ltr' id='par_1_87' title="bbox 2141 4000 3713 4082">
     <span class='ocr_line' id='line_1_87' title="bbox 2141 4000 3713 4082; baseline -0.008 -20"><span class='ocrx_word' id='word_1_685' title='bbox 2141 4012 2417 4082; x_wconf 81' lang='grc' dir='ltr'>ἔστρωσαν</span> <span class='ocrx_word' id='word_1_686' title='bbox 2438 4011 2518 4072; x_wconf 83' lang='grc' dir='ltr'><strong>είς</strong></span> <span class='ocrx_word' id='word_1_687' title='bbox 2534 4007 2632 4078; x_wconf 83' lang='grc' dir='ltr'><strong>τὴν</strong></span> <span class='ocrx_word' id='word_1_688' title='bbox 2652 4008 2787 4060; x_wconf 82' lang='grc' dir='ltr'>ὁδόν.</span> <span class='ocrx_word' id='word_1_689' title='bbox 2808 4007 2916 4058; x_wconf 71' lang='grc' dir='ltr'><strong>Καὶ</strong></span> <span class='ocrx_word' id='word_1_690' title='bbox 2935 4008 2982 4057; x_wconf 86' lang='grc' dir='ltr'>οἱ</span> <span class='ocrx_word' id='word_1_691' title='bbox 3012 4005 3363 4073; x_wconf 78' lang='grc' dir='ltr'>προάγοντες,</span> <span class='ocrx_word' id='word_1_692' title='bbox 3395 4000 3488 4052; x_wconf 75' lang='grc' dir='ltr'><strong>καὶ</strong></span> <span class='ocrx_word' id='word_1_693' title='bbox 3512 4001 3558 4052; x_wconf 86' lang='grc' dir='ltr'>οἱ</span> <span class='ocrx_word' id='word_1_694' title='bbox 3588 4000 3713 4050; x_wconf 81' lang='grc' dir='ltr'>ἀκο-</span> 
     </span>
    </p>
   </div>
   <div class='ocr_carea' id='block_1_88' title="bbox 2141 4090 3711 4170">
    <p class='ocr_par' dir='ltr' id='par_1_88' title="bbox 2141 4090 3711 4170">
     <span class='ocr_line' id='line_1_88' title="bbox 2141 4090 3711 4170; baseline -0.009 -16"><span class='ocrx_word' id='word_1_695' title='bbox 2141 4101 2453 4164; x_wconf 85' lang='grc' dir='ltr'>λουθοῦντες</span> <span class='ocrx_word' id='word_1_696' title='bbox 2467 4097 2695 4170; x_wconf 76' lang='grc' dir='ltr'>ἔκραζον</span> <span class='ocrx_word' id='word_1_697' title='bbox 2708 4114 2721 4128; x_wconf 86' lang='grc'><strong>·</strong></span> <span class='ocrx_word' id='word_1_698' title='bbox 2742 4095 2989 4159; x_wconf 79' lang='grc' dir='ltr'>Ὡσαννὰ,</span> <span class='ocrx_word' id='word_1_699' title='bbox 3006 4095 3198 4164; x_wconf 77' lang='grc' dir='ltr'>εὐλογη</span> <span class='ocrx_word' id='word_1_700' title='bbox 3208 4092 3400 4163; x_wconf 84' lang='grc' dir='ltr'>μένοςὸ</span> <span class='ocrx_word' id='word_1_701' title='bbox 3420 4090 3711 4162; x_wconf 78' lang='grc' dir='ltr'>ἐρχόμενος</span> 
     </span>
    </p>
   </div>
   <div class='ocr_carea' id='block_1_89' title="bbox 2143 4182 3713 4263">
    <p class='ocr_par' dir='ltr' id='par_1_89' title="bbox 2143 4182 3713 4263">
     <span class='ocr_line' id='line_1_89' title="bbox 2143 4182 3713 4263; baseline -0.01 -16"><span class='ocrx_word' id='word_1_702' title='bbox 2143 4198 2200 4247; x_wconf 81' lang='grc' dir='ltr'><strong>ἐν</strong></span> <span class='ocrx_word' id='word_1_703' title='bbox 2228 4193 2448 4263; x_wconf 83' lang='grc' dir='ltr'>ὀνόματι</span> <span class='ocrx_word' id='word_1_704' title='bbox 2471 4192 2697 4262; x_wconf 80' lang='grc' dir='ltr'>Κυρίου·</span> <span class='ocrx_word' id='word_1_705' title='bbox 2724 4188 3072 4258; x_wconf 75' lang='grc' dir='ltr'>Εὐλογημένη</span> <span class='ocrx_word' id='word_1_706' title='bbox 3106 4189 3139 4256; x_wconf 86' lang='grc' dir='ltr'><strong>ἡ</strong></span> <span class='ocrx_word' id='word_1_707' title='bbox 3172 4185 3438 4258; x_wconf 89' lang='grc' dir='ltr'>ἐρχομένη</span> <span class='ocrx_word' id='word_1_708' title='bbox 3467 4182 3713 4252; x_wconf 88' lang='grc' dir='ltr'>βασιλεία</span> 
     </span>
    </p>
   </div>
   <div class='ocr_carea' id='block_1_90' title="bbox 2142 4275 3708 4372">
    <p class='ocr_par' dir='ltr' id='par_1_90' title="bbox 2142 4275 3708 4372">
     <span class='ocr_line' id='line_1_90' title="bbox 2142 4275 3708 4372; baseline -0.007 -34"><span class='ocrx_word' id='word_1_709' title='bbox 2142 4285 2234 4338; x_wconf 85' lang='grc' dir='ltr'><strong>τοῦ</strong></span> <span class='ocrx_word' id='word_1_710' title='bbox 2270 4284 2481 4354; x_wconf 83' lang='grc' dir='ltr'>Πατρὸς</span> <span class='ocrx_word' id='word_1_711' title='bbox 2511 4282 2666 4372; x_wconf 72' lang='grc' dir='ltr'>ημῶν</span> <span class='ocrx_word' id='word_1_712' title='bbox 2695 4280 2880 4334; x_wconf 82' lang='grc' dir='ltr'>Δαυῒδ·</span> <span class='ocrx_word' id='word_1_713' title='bbox 2940 4279 3167 4332; x_wconf 78' lang='grc' dir='ltr'>Ὡσαννά</span> <span class='ocrx_word' id='word_1_714' title='bbox 3201 4281 3257 4330; x_wconf 93' lang='grc' dir='ltr'><strong>ἐν</strong></span> <span class='ocrx_word' id='word_1_715' title='bbox 3303 4279 3413 4338; x_wconf 84' lang='grc' dir='ltr'>τοῖς</span> <span class='ocrx_word' id='word_1_716' title='bbox 3447 4275 3708 4344; x_wconf 72' lang='grc' dir='ltr'>ὑψίστοις.</span> 
     </span>
    </p>
   </div>
   <div class='ocr_carea' id='block_1_91' title="bbox 2145 4367 3712 4444">
    <p class='ocr_par' dir='ltr' id='par_1_91' title="bbox 2145 4367 3712 4444">
     <span class='ocr_line' id='line_1_91' title="bbox 2145 4367 3712 4444; baseline -0.008 -16"><span class='ocrx_word' id='word_1_717' title='bbox 2145 4376 2253 4428; x_wconf 73' lang='grc' dir='ltr'>Καὶ</span> <span class='ocrx_word' id='word_1_718' title='bbox 2274 4367 2623 4444; x_wconf 80' lang='grc' dir='ltr'>είσῆλθενέἰς</span> <span class='ocrx_word' id='word_1_719' title='bbox 2665 4374 3028 4443; x_wconf 83' lang='grc' dir='ltr'>Ἱεροσόλυμα,</span> <span class='ocrx_word' id='word_1_720' title='bbox 3054 4371 3132 4432; x_wconf 88' lang='grc' dir='ltr'>εἰς</span> <span class='ocrx_word' id='word_1_721' title='bbox 3152 4368 3213 4421; x_wconf 84' lang='grc' dir='ltr'>τὸ</span> <span class='ocrx_word' id='word_1_722' title='bbox 3239 4368 3402 4436; x_wconf 83' lang='grc' dir='ltr'>ἱερὸν,</span> <span class='ocrx_word' id='word_1_723' title='bbox 3434 4367 3527 4419; x_wconf 72' lang='grc' dir='ltr'><strong>καὶ</strong></span> <span class='ocrx_word' id='word_1_724' title='bbox 3558 4382 3712 4436; x_wconf 87' lang='grc' dir='ltr'>περι-</span> 
     </span>
    </p>
   </div>
   <div class='ocr_carea' id='block_1_92' title="bbox 477 4456 2035 4538">
    <p class='ocr_par' dir='ltr' id='par_1_92' title="bbox 477 4457 2035 4538">
     <span class='ocr_line' id='line_1_92' title="bbox 477 4457 2035 4538; baseline 0.013 -32"><span class='ocrx_word' id='word_1_725' title='bbox 477 4457 828 4526; x_wconf 81' lang='lat' dir='ltr'><strong>t&#39;osolymam.</strong></span> <span class='ocrx_word' id='word_1_726' title='bbox 860 4461 924 4513; x_wconf 87' lang='lat' dir='ltr'><strong>Et</strong></span> <span class='ocrx_word' id='word_1_727' title='bbox 951 4462 1224 4532; x_wconf 81' lang='lat' dir='ltr'><strong>ingressus</strong></span> <span class='ocrx_word' id='word_1_728' title='bbox 1249 4464 1299 4518; x_wconf 92' lang='lat' dir='ltr'><strong>in</strong></span> <span class='ocrx_word' id='word_1_729' title='bbox 1337 4465 1613 4533; x_wconf 87' lang='lat' dir='ltr'><strong>templum,</strong></span> <span class='ocrx_word' id='word_1_730' title='bbox 1645 4470 1810 4536; x_wconf 67' lang='lat' dir='ltr'><strong>tmpit</strong></span> <span class='ocrx_word' id='word_1_731' title='bbox 1841 4470 2035 4538; x_wconf 77' lang='lat' dir='ltr'><strong>ejicere</strong></span> 
     </span>
    </p>
   </div>
   <div class='ocr_carea' id='block_1_93' title="bbox 2135 4456 3714 4538">
    <p class='ocr_par' dir='ltr' id='par_1_93' title="bbox 2147 4456 3714 4538">
     <span class='ocr_line' id='line_1_93' title="bbox 2147 4456 3714 4538; baseline -0.009 -17"><span class='ocrx_word' id='word_1_732' title='bbox 2147 4468 2477 4538; x_wconf 70' lang='grc' dir='ltr'>ϐλεψάμενος</span> <span class='ocrx_word' id='word_1_733' title='bbox 2509 4467 2704 4527; x_wconf 84' lang='grc' dir='ltr'>πάντα,</span> <span class='ocrx_word' id='word_1_734' title='bbox 2741 4464 2835 4533; x_wconf 63' lang='grc' dir='ltr'><strong>ὀψὲ</strong></span> <span class='ocrx_word' id='word_1_735' title='bbox 2870 4463 2968 4533; x_wconf 77' lang='grc' dir='ltr'>ἥδη</span> <span class='ocrx_word' id='word_1_736' title='bbox 3017 4461 3180 4530; x_wconf 73' lang='grc' dir='ltr'>οὔσης</span> <span class='ocrx_word' id='word_1_737' title='bbox 3212 4461 3309 4530; x_wconf 78' lang='grc' dir='ltr'>τῆς</span> <span class='ocrx_word' id='word_1_738' title='bbox 3345 4458 3510 4529; x_wconf 76' lang='grc' dir='ltr'>ὧρας,</span> <span class='ocrx_word' id='word_1_739' title='bbox 3559 4456 3714 4522; x_wconf 79' lang='grc' dir='ltr'>ἐξῆλ·</span> 
     </span>
    </p>
   </div>
   <div class='ocr_carea' id='block_1_94' title="bbox 478 4549 2039 4623">
    <p class='ocr_par' dir='ltr' id='par_1_94' title="bbox 478 4549 2039 4623">
     <span class='ocr_line' id='line_1_94' title="bbox 478 4549 2039 4623; baseline 0.014 -25"><span class='ocrx_word' id='word_1_740' title='bbox 478 4549 790 4615; x_wconf 89' lang='lat' dir='ltr'><strong>vendentes,</strong></span> <span class='ocrx_word' id='word_1_741' title='bbox 828 4571 846 4603; x_wconf 78' lang='grc' dir='ltr'><strong>ι</strong></span> <span class='ocrx_word' id='word_1_742' title='bbox 885 4565 938 4605; x_wconf 88' lang='lat' dir='ltr'><strong>et</strong></span> <span class='ocrx_word' id='word_1_743' title='bbox 966 4569 1084 4622; x_wconf 74' lang='lat' dir='ltr'><strong>qua:</strong></span> <span class='ocrx_word' id='word_1_744' title='bbox 1127 4569 1429 4623; x_wconf 89' lang='lat' dir='ltr'><strong>sequuntur</strong></span> <span class='ocrx_word' id='word_1_745' title='bbox 1470 4560 1612 4614; x_wconf 92' lang='lat' dir='ltr'><strong>hunc</strong></span> <span class='ocrx_word' id='word_1_746' title='bbox 1657 4561 1711 4615; x_wconf 90' lang='lat' dir='ltr'><strong>in</strong></span> <span class='ocrx_word' id='word_1_747' title='bbox 1747 4563 1964 4617; x_wconf 90' lang='lat' dir='ltr'><strong>modmn</strong></span> <span class='ocrx_word' id='word_1_748' title='bbox 2008 4581 2039 4620; x_wconf 86' lang='lat' dir='ltr'><strong>a</strong></span> 
     </span>
    </p>
   </div>
   <div class='ocr_carea' id='block_1_95' title="bbox 474 4638 2044 4725">
    <p class='ocr_par' dir='ltr' id='par_1_95' title="bbox 474 4638 2044 4725">
     <span class='ocr_line' id='line_1_95' title="bbox 474 4638 2044 4725; baseline 0.012 -32"><span class='ocrx_word' id='word_1_749' title='bbox 474 4638 620 4694; x_wconf 86' lang='lat' dir='ltr'><strong>Luca</strong></span> <span class='ocrx_word' id='word_1_750' title='bbox 653 4653 872 4696; x_wconf 85' lang='lat' dir='ltr'><strong>narrata</strong></span> <span class='ocrx_word' id='word_1_751' title='bbox 895 4645 974 4698; x_wconf 72' lang='lat' dir='ltr'><strong>“z</strong></span> <span class='ocrx_word' id='word_1_752' title='bbox 1016 4665 1034 4696; x_wconf 76' lang='grc' dir='ltr'><strong>ι</strong></span> <span class='ocrx_word' id='word_1_753' title='bbox 1069 4645 1137 4700; x_wconf 84' lang='grc' dir='ltr'>Ει</span> <span class='ocrx_word' id='word_1_754' title='bbox 1168 4650 1370 4715; x_wconf 87' lang='lat' dir='ltr'><strong>evenit,</strong></span> <span class='ocrx_word' id='word_1_755' title='bbox 1403 4667 1525 4704; x_wconf 91' lang='lat' dir='ltr'><strong>cum</strong></span> <span class='ocrx_word' id='word_1_756' title='bbox 1554 4658 2044 4725; x_wconf 87' lang='lat' dir='ltr'><strong>appropinquasset</strong></span> 
     </span>
    </p>
   </div>
   <div class='ocr_carea' id='block_1_96' title="bbox 482 4732 2040 4818">
    <p class='ocr_par' dir='ltr' id='par_1_96' title="bbox 482 4732 2040 4818">
     <span class='ocr_line' id='line_1_96' title="bbox 482 4732 2040 4818; baseline 0.013 -35"><span class='ocrx_word' id='word_1_757' title='bbox 482 4735 546 4785; x_wconf 80' lang='lat' dir='ltr'><strong>ad</strong></span> <span class='ocrx_word' id='word_1_758' title='bbox 577 4732 878 4807; x_wconf 78' lang='lat' dir='ltr'><strong>Bethphage</strong></span> <span class='ocrx_word' id='word_1_759' title='bbox 899 4749 953 4793; x_wconf 90' lang='lat' dir='ltr'><strong>et</strong></span> <span class='ocrx_word' id='word_1_760' title='bbox 985 4740 1324 4806; x_wconf 85' lang='lat' dir='ltr'><strong>Bethaniam,</strong></span> <span class='ocrx_word' id='word_1_761' title='bbox 1357 4742 1514 4810; x_wconf 83' lang='lat' dir='ltr'><strong>juxta</strong></span> <span class='ocrx_word' id='word_1_762' title='bbox 1542 4756 1794 4812; x_wconf 88' lang='lat' dir='ltr'><strong>montem,</strong></span> <span class='ocrx_word' id='word_1_763' title='bbox 1823 4751 1914 4818; x_wconf 91' lang='lat' dir='ltr'><strong>qui</strong></span> <span class='ocrx_word' id='word_1_764' title='bbox 1947 4767 2040 4803; x_wconf 85' lang='lat' dir='ltr'><strong>vo-</strong></span> 
     </span>
    </p>
   </div>
   <div class='ocr_carea' id='block_1_97' title="bbox 479 4827 2046 4902">
    <p class='ocr_par' dir='ltr' id='par_1_97' title="bbox 479 4827 2046 4902">
     <span class='ocr_line' id='line_1_97' title="bbox 479 4827 2046 4902; baseline 0.013 -26"><span class='ocrx_word' id='word_1_765' title='bbox 479 4837 634 4880; x_wconf 85' lang='lat' dir='ltr'><strong>catur</strong></span> <span class='ocrx_word' id='word_1_766' title='bbox 659 4827 952 4893; x_wconf 89' lang='lat' dir='ltr'><strong>Olivarum,</strong></span> <span class='ocrx_word' id='word_1_767' title='bbox 981 4833 1125 4886; x_wconf 89' lang='lat' dir='ltr'><strong>misit</strong></span> <span class='ocrx_word' id='word_1_768' title='bbox 1143 4835 1280 4888; x_wconf 87' lang='lat' dir='ltr'><strong>duos</strong></span> <span class='ocrx_word' id='word_1_769' title='bbox 1303 4836 1618 4902; x_wconf 87' lang='lat' dir='ltr'><strong>discipulos,</strong></span> <span class='ocrx_word' id='word_1_770' title='bbox 1643 4841 1858 4895; x_wconf 83' lang='lat' dir='ltr'><strong>dicens:</strong></span> <span class='ocrx_word' id='word_1_771' title='bbox 1887 4841 2046 4897; x_wconf 82' lang='lat' dir='ltr'><strong>Abite</strong></span> 
     </span>
    </p>
   </div>
   <div class='ocr_carea' id='block_1_98' title="bbox 479 4919 2044 5001">
    <p class='ocr_par' dir='ltr' id='par_1_98' title="bbox 479 4919 2044 5001">
     <span class='ocr_line' id='line_1_98' title="bbox 479 4919 2044 5001; baseline 0.012 -31"><span class='ocrx_word' id='word_1_772' title='bbox 479 4919 534 4971; x_wconf 90' lang='lat' dir='ltr'><strong>in</strong></span> <span class='ocrx_word' id='word_1_773' title='bbox 585 4923 864 4976; x_wconf 87' lang='lat' dir='ltr'><strong>castellum</strong></span> <span class='ocrx_word' id='word_1_774' title='bbox 898 4927 1041 4993; x_wconf 89' lang='lat' dir='ltr'><strong>quod</strong></span> <span class='ocrx_word' id='word_1_775' title='bbox 1087 4935 1170 4980; x_wconf 80' lang='lat' dir='ltr'><strong>est</strong></span> <span class='ocrx_word' id='word_1_776' title='bbox 1203 4941 1269 4979; x_wconf 81' lang='lat' dir='ltr'><strong>ex</strong></span> <span class='ocrx_word' id='word_1_777' title='bbox 1302 4930 1552 4995; x_wconf 85' lang='lat' dir='ltr'><strong>adverso,</strong></span> <span class='ocrx_word' id='word_1_778' title='bbox 1607 4931 1659 4984; x_wconf 94' lang='lat' dir='ltr'><strong>in</strong></span> <span class='ocrx_word' id='word_1_779' title='bbox 1694 4935 1838 5001; x_wconf 89' lang='lat' dir='ltr'><strong>quod</strong></span> <span class='ocrx_word' id='word_1_780' title='bbox 1875 4935 2044 4989; x_wconf 88' lang='lat' dir='ltr'><strong>intro-</strong></span> 
     </span>
    </p>
   </div>
   <div class='ocr_carea' id='block_1_99' title="bbox 478 5016 2043 5094">
    <p class='ocr_par' dir='ltr' id='par_1_99' title="bbox 478 5016 2043 5094">
     <span class='ocr_line' id='line_1_99' title="bbox 478 5016 2043 5094; baseline 0.01 -28"><span class='ocrx_word' id='word_1_781' title='bbox 478 5023 670 5068; x_wconf 88' lang='lat' dir='ltr'><strong>euntes</strong></span> <span class='ocrx_word' id='word_1_782' title='bbox 722 5016 1008 5071; x_wconf 90' lang='lat' dir='ltr'><strong>invenietis</strong></span> <span class='ocrx_word' id='word_1_783' title='bbox 1049 5019 1249 5088; x_wconf 90' lang='lat' dir='ltr'><strong>pullum</strong></span> <span class='ocrx_word' id='word_1_784' title='bbox 1301 5021 1576 5088; x_wconf 80' lang='lat' dir='ltr'><strong>alligatum</strong></span> <span class='ocrx_word' id='word_1_785' title='bbox 1604 5064 1619 5088; x_wconf 91' lang='lat'><strong>,</strong></span> <span class='ocrx_word' id='word_1_786' title='bbox 1659 5027 1709 5077; x_wconf 93' lang='lat' dir='ltr'><strong>in</strong></span> <span class='ocrx_word' id='word_1_787' title='bbox 1744 5041 1851 5094; x_wconf 88' lang='lat' dir='ltr'><strong>quo</strong></span> <span class='ocrx_word' id='word_1_788' title='bbox 1887 5043 2043 5082; x_wconf 87' lang='lat' dir='ltr'><strong>nemo</strong></span> 
     </span>
    </p>
   </div>
   <div class='ocr_carea' id='block_1_100' title="bbox 481 5109 2039 5183">
    <p class='ocr_par' dir='ltr' id='par_1_100' title="bbox 481 5109 2039 5183">
     <span class='ocr_line' id='line_1_100' title="bbox 481 5109 2039 5183; baseline 0.011 -29"><span class='ocrx_word' id='word_1_789' title='bbox 481 5120 714 5172; x_wconf 87' lang='lat' dir='ltr'><strong>unquam</strong></span> <span class='ocrx_word' id='word_1_790' title='bbox 748 5109 1025 5162; x_wconf 88' lang='lat' dir='ltr'><strong>hominum</strong></span> <span class='ocrx_word' id='word_1_791' title='bbox 1051 5111 1229 5176; x_wconf 88' lang='lat' dir='ltr'><strong>sedit;</strong></span> <span class='ocrx_word' id='word_1_792' title='bbox 1261 5113 1455 5166; x_wconf 86' lang='lat' dir='ltr'><strong>solvite</strong></span> <span class='ocrx_word' id='word_1_793' title='bbox 1477 5115 1652 5179; x_wconf 90' lang='lat' dir='ltr'><strong>illum,</strong></span> <span class='ocrx_word' id='word_1_794' title='bbox 1675 5127 1731 5169; x_wconf 88' lang='lat' dir='ltr'><strong>et</strong></span> <span class='ocrx_word' id='word_1_795' title='bbox 1758 5118 2039 5183; x_wconf 88' lang='lat' dir='ltr'><strong>adducite;</strong></span> 
     </span>
    </p>
   </div>
   <div class='ocr_carea' id='block_1_101' title="bbox 478 5200 2044 5272">
    <p class='ocr_par' dir='ltr' id='par_1_101' title="bbox 478 5200 2044 5272">
     <span class='ocr_line' id='line_1_101' title="bbox 478 5200 2044 5272; baseline 0.008 -22"><span class='ocrx_word' id='word_1_796' title='bbox 478 5211 528 5250; x_wconf 85' lang='lat' dir='ltr'><strong>et</strong></span> <span class='ocrx_word' id='word_1_797' title='bbox 555 5200 599 5252; x_wconf 91' lang='lat' dir='ltr'><strong>si</strong></span> <span class='ocrx_word' id='word_1_798' title='bbox 629 5201 751 5268; x_wconf 85' lang='lat' dir='ltr'><strong>quis</strong></span> <span class='ocrx_word' id='word_1_799' title='bbox 778 5215 872 5254; x_wconf 89' lang='lat' dir='ltr'><strong>vos</strong></span> <span class='ocrx_word' id='word_1_800' title='bbox 900 5202 1346 5272; x_wconf 82' lang='lat' dir='ltr'><strong>interrogaveril:</strong></span> <span class='ocrx_word' id='word_1_801' title='bbox 1379 5207 1557 5272; x_wconf 84' lang='lat' dir='ltr'><strong>Quare</strong></span> <span class='ocrx_word' id='word_1_802' title='bbox 1581 5209 1831 5263; x_wconf 84' lang='lat' dir='ltr'><strong>solvitis?</strong></span> <span class='ocrx_word' id='word_1_803' title='bbox 1857 5209 1937 5264; x_wconf 91' lang='lat' dir='ltr'><strong>sic</strong></span> <span class='ocrx_word' id='word_1_804' title='bbox 1959 5211 2044 5265; x_wconf 84' lang='lat' dir='ltr'><strong>di-</strong></span> 
     </span>
    </p>
   </div>
   <div class='ocr_carea' id='block_1_102' title="bbox 478 5292 2045 5366">
    <p class='ocr_par' dir='ltr' id='par_1_102' title="bbox 478 5292 2045 5366">
     <span class='ocr_line' id='line_1_102' title="bbox 478 5292 2045 5366; baseline 0.007 -22"><span class='ocrx_word' id='word_1_805' title='bbox 478 5292 648 5345; x_wconf 88' lang='lat' dir='ltr'><strong>cetis:</strong></span> <span class='ocrx_word' id='word_1_806' title='bbox 683 5292 818 5358; x_wconf 88' lang='lat' dir='ltr'><strong>Quia</strong></span> <span class='ocrx_word' id='word_1_807' title='bbox 857 5292 1116 5348; x_wconf 91' lang='lat' dir='ltr'><strong>Dominus</strong></span> <span class='ocrx_word' id='word_1_808' title='bbox 1153 5311 1218 5350; x_wconf 92' lang='lat' dir='ltr'><strong>eo</strong></span> <span class='ocrx_word' id='word_1_809' title='bbox 1251 5312 1386 5366; x_wconf 89' lang='lat' dir='ltr'><strong>opus</strong></span> <span class='ocrx_word' id='word_1_810' title='bbox 1420 5298 1602 5352; x_wconf 88' lang='lat' dir='ltr'><strong>habet.</strong></span> <span class='ocrx_word' id='word_1_811' title='bbox 1640 5301 1909 5360; x_wconf 82' lang='lat' dir='ltr'><strong>Ahierunt</strong></span> <span class='ocrx_word' id='word_1_812' title='bbox 1949 5318 2045 5355; x_wconf 88' lang='lat' dir='ltr'><strong>au-</strong></span> 
     </span>
    </p>
   </div>
   <div class='ocr_carea' id='block_1_103' title="bbox 500 5387 2042 5454">
    <p class='ocr_par' dir='ltr' id='par_1_103' title="bbox 500 5387 2042 5454">
     <span class='ocr_line' id='line_1_103' title="bbox 500 5387 2042 5454; baseline 0.01 -19"><span class='ocrx_word' id='word_1_813' title='bbox 500 5399 586 5435; x_wconf 89' lang='lat' dir='ltr'><strong>em</strong></span> <span class='ocrx_word' id='word_1_814' title='bbox 619 5387 892 5454; x_wconf 75' lang='lat' dir='ltr'><strong>iliscipuli,</strong></span> <span class='ocrx_word' id='word_1_815' title='bbox 926 5399 978 5441; x_wconf 91' lang='lat' dir='ltr'><strong>et</strong></span> <span class='ocrx_word' id='word_1_816' title='bbox 1020 5388 1340 5444; x_wconf 88' lang='lat' dir='ltr'><strong>invenerunt</strong></span> <span class='ocrx_word' id='word_1_817' title='bbox 1369 5391 1510 5445; x_wconf 89' lang='lat' dir='ltr'><strong>sicut</strong></span> <span class='ocrx_word' id='word_1_818' title='bbox 1543 5392 1758 5446; x_wconf 80' lang='lat' dir='ltr'><strong>dixerat</strong></span> <span class='ocrx_word' id='word_1_819' title='bbox 1787 5395 1886 5451; x_wconf 88' lang='lat' dir='ltr'><strong>eis.</strong></span> <span class='ocrx_word' id='word_1_820' title='bbox 1927 5394 2042 5450; x_wconf 88' lang='lat' dir='ltr'><strong>Sol-</strong></span> 
     </span>
    </p>
   </div>
   <div class='ocr_carea' id='block_1_104' title="bbox 547 5479 1828 5556">
    <p class='ocr_par' dir='ltr' id='par_1_104' title="bbox 547 5479 1828 5556">
     <span class='ocr_line' id='line_1_104' title="bbox 547 5479 1828 5556; baseline 0.006 -22"><span class='ocrx_word' id='word_1_821' title='bbox 547 5479 592 5508; x_wconf 75' lang='lat'><strong>“</strong></span> <span class='ocrx_word' id='word_1_822' title='bbox 617 5483 783 5535; x_wconf 83' lang='lat' dir='ltr'><strong>Marc.</strong></span> <span class='ocrx_word' id='word_1_823' title='bbox 861 5498 936 5542; x_wconf 65' lang='grc' dir='ltr'>ιιι.</span> <span class='ocrx_word' id='word_1_824' title='bbox 971 5482 994 5534; x_wconf 84' lang='grc'><strong>1</strong></span> <span class='ocrx_word' id='word_1_825' title='bbox 1031 5501 1147 5554; x_wconf 91' lang='lat' dir='ltr'><strong>seq.</strong></span> <span class='ocrx_word' id='word_1_826' title='bbox 1226 5485 1271 5517; x_wconf 76' lang='lat'><strong>“</strong></span> <span class='ocrx_word' id='word_1_827' title='bbox 1297 5483 1428 5538; x_wconf 88' lang='lat' dir='ltr'><strong>an.</strong></span> <span class='ocrx_word' id='word_1_828' title='bbox 1465 5501 1573 5548; x_wconf 78' lang='lat' dir='ltr'><strong>xix,</strong></span> <span class='ocrx_word' id='word_1_829' title='bbox 1603 5486 1674 5540; x_wconf 74' lang='lat'><strong>29</strong></span> <span class='ocrx_word' id='word_1_830' title='bbox 1710 5503 1828 5556; x_wconf 83' lang='lat' dir='ltr'><strong>seq.</strong></span> 
     </span>
    </p>
   </div>
   <div class='ocr_carea' id='block_1_105' title="bbox 552 5576 1744 5643">
    <p class='ocr_par' dir='ltr' id='par_1_105' title="bbox 552 5576 1744 5643">
     <span class='ocr_line' id='line_1_105' title="bbox 552 5576 1744 5643; baseline 0.003 -15"><span class='ocrx_word' id='word_1_831' title='bbox 552 5576 663 5641; x_wconf 77' lang='lat'><strong>(37)</strong></span> <span class='ocrx_word' id='word_1_832' title='bbox 693 5577 870 5632; x_wconf 80' lang='lat' dir='ltr'><strong>Codex</strong></span> <span class='ocrx_word' id='word_1_833' title='bbox 897 5579 1236 5643; x_wconf 85' lang='lat' dir='ltr'><strong>Bodleianns,</strong></span> <span class='ocrx_word' id='word_1_834' title='bbox 1275 5581 1416 5633; x_wconf 81' lang='grc' dir='ltr'>κατὰ</span> <span class='ocrx_word' id='word_1_835' title='bbox 1446 5582 1744 5633; x_wconf 59' lang='grc' dir='ltr'>Ινιατθαῖον.</span> 
     </span>
    </p>
   </div>
   <div class='ocr_carea' id='block_1_106' title="bbox 552 5648 1728 5714">
    <p class='ocr_par' dir='ltr' id='par_1_106' title="bbox 552 5648 1728 5714">
     <span class='ocr_line' id='line_1_106' title="bbox 552 5648 1728 5714; baseline 0.003 -16"><span class='ocrx_word' id='word_1_836' title='bbox 552 5648 660 5714; x_wconf 73' lang='grc'><strong>458)</strong></span> <span class='ocrx_word' id='word_1_837' title='bbox 692 5649 832 5700; x_wconf 87' lang='lat' dir='ltr'><strong>Idem</strong></span> <span class='ocrx_word' id='word_1_838' title='bbox 862 5652 1026 5702; x_wconf 80' lang='lat' dir='ltr'><strong>codex</strong></span> <span class='ocrx_word' id='word_1_839' title='bbox 1059 5649 1398 5710; x_wconf 79' lang='lat' dir='ltr'><strong>Bodleianns,</strong></span> <span class='ocrx_word' id='word_1_840' title='bbox 1428 5652 1728 5703; x_wconf 80' lang='grc' dir='ltr'>κατέναντι.</span> 
     </span>
    </p>
   </div>
   <div class='ocr_carea' id='block_1_107' title="bbox 554 5717 1761 5786">
    <p class='ocr_par' dir='ltr' id='par_1_107' title="bbox 554 5717 1761 5786">
     <span class='ocr_line' id='line_1_107' title="bbox 554 5717 1761 5786; baseline 0.004 -16"><span class='ocrx_word' id='word_1_841' title='bbox 554 5718 661 5786; x_wconf 77' lang='grc'><strong>(59)</strong></span> <span class='ocrx_word' id='word_1_842' title='bbox 701 5717 840 5771; x_wconf 84' lang='lat' dir='ltr'><strong>Idem</strong></span> <span class='ocrx_word' id='word_1_843' title='bbox 883 5721 1048 5773; x_wconf 71' lang='lat' dir='ltr'><strong>codex</strong></span> <span class='ocrx_word' id='word_1_844' title='bbox 1093 5721 1432 5786; x_wconf 78' lang='lat' dir='ltr'><strong>Bodleiauus,</strong></span> <span class='ocrx_word' id='word_1_845' title='bbox 1463 5723 1548 5772; x_wconf 79' lang='grc' dir='ltr'>ἐπ’</span> <span class='ocrx_word' id='word_1_846' title='bbox 1584 5723 1761 5775; x_wconf 71' lang='grc' dir='ltr'>αὐτόν.</span> 
     </span>
    </p>
   </div>
   <div class='ocr_carea' id='block_1_108' title="bbox 2146 4551 3712 4631">
    <p class='ocr_par' dir='ltr' id='par_1_108' title="bbox 2146 4551 3712 4631">
     <span class='ocr_line' id='line_1_108' title="bbox 2146 4551 3712 4631; baseline -0.01 -16"><span class='ocrx_word' id='word_1_847' title='bbox 2146 4563 2234 4615; x_wconf 88' lang='grc' dir='ltr'><strong>θεν</strong></span> <span class='ocrx_word' id='word_1_848' title='bbox 2256 4564 2334 4624; x_wconf 84' lang='grc' dir='ltr'><strong>είς</strong></span> <span class='ocrx_word' id='word_1_849' title='bbox 2353 4560 2621 4631; x_wconf 89' lang='grc' dir='ltr'>Βηθανίαν</span> <span class='ocrx_word' id='word_1_850' title='bbox 2652 4560 2790 4629; x_wconf 80' lang='grc' dir='ltr'>μετά</span> <span class='ocrx_word' id='word_1_851' title='bbox 2815 4556 2922 4608; x_wconf 85' lang='grc' dir='ltr'><strong>τῶν</strong></span> <span class='ocrx_word' id='word_1_852' title='bbox 2946 4554 3172 4616; x_wconf 79' lang='grc' dir='ltr'>δώδεκα,</span> <span class='ocrx_word' id='word_1_853' title='bbox 3228 4555 3324 4606; x_wconf 72' lang='grc' dir='ltr'><strong>καὶ</strong></span> <span class='ocrx_word' id='word_1_854' title='bbox 3357 4555 3421 4621; x_wconf 83' lang='grc' dir='ltr'>τῇ</span> <span class='ocrx_word' id='word_1_855' title='bbox 3454 4551 3712 4621; x_wconf 79' lang='grc' dir='ltr'>ἐπαύριον</span> 
     </span>
    </p>
   </div>
   <div class='ocr_carea' id='block_1_109' title="bbox 2147 4643 3716 4725">
    <p class='ocr_par' dir='ltr' id='par_1_109' title="bbox 2147 4643 3716 4725">
     <span class='ocr_line' id='line_1_109' title="bbox 2147 4643 3716 4725; baseline -0.006 -19"><span class='ocrx_word' id='word_1_856' title='bbox 2147 4654 2466 4720; x_wconf 78' lang='grc' dir='ltr'>ἐξελθόντων</span> <span class='ocrx_word' id='word_1_857' title='bbox 2509 4653 2685 4706; x_wconf 85' lang='grc' dir='ltr'>αὐτῶν</span> <span class='ocrx_word' id='word_1_858' title='bbox 2726 4655 2834 4708; x_wconf 81' lang='grc' dir='ltr'><strong>ἀπὸ</strong></span> <span class='ocrx_word' id='word_1_859' title='bbox 2865 4655 3151 4725; x_wconf 86' lang='grc' dir='ltr'>Βηθανίας,</span> <span class='ocrx_word' id='word_1_860' title='bbox 3193 4652 3496 4706; x_wconf 82' lang='grc' dir='ltr'>ἐπείνασεν.</span> <span class='ocrx_word' id='word_1_861' title='bbox 3533 4667 3550 4696; x_wconf 69' lang='grc' dir='ltr'><strong>ι</strong></span> <span class='ocrx_word' id='word_1_862' title='bbox 3582 4643 3716 4698; x_wconf 77' lang='grc' dir='ltr'>Εἶτα</span> 
     </span>
    </p>
   </div>
   <div class='ocr_carea' id='block_1_110' title="bbox 2153 4738 3715 4817">
    <p class='ocr_par' dir='ltr' id='par_1_110' title="bbox 2153 4738 3715 4817">
     <span class='ocr_line' id='line_1_110' title="bbox 2153 4738 3715 4817; baseline -0.019 -2"><span class='ocrx_word' id='word_1_863' title='bbox 2153 4747 2288 4816; x_wconf 78' lang='grc' dir='ltr'><strong>μετά</strong></span> <span class='ocrx_word' id='word_1_864' title='bbox 2321 4747 2418 4817; x_wconf 76' lang='grc' dir='ltr'><strong>τὴν</strong></span> <span class='ocrx_word' id='word_1_865' title='bbox 2453 4747 2550 4816; x_wconf 84' lang='grc' dir='ltr'>τῆς</span> <span class='ocrx_word' id='word_1_866' title='bbox 2583 4747 2975 4817; x_wconf 83' lang='grc' dir='ltr'>ξηραινομένης</span> <span class='ocrx_word' id='word_1_867' title='bbox 3006 4747 3174 4815; x_wconf 82' lang='grc' dir='ltr'>συκῆς</span> <span class='ocrx_word' id='word_1_868' title='bbox 3218 4740 3548 4810; x_wconf 88' lang='grc' dir='ltr'>οἰκονομίαν,</span> <span class='ocrx_word' id='word_1_869' title='bbox 3586 4758 3603 4788; x_wconf 74' lang='grc' dir='ltr'><strong>ι</strong></span> <span class='ocrx_word' id='word_1_870' title='bbox 3635 4738 3715 4805; x_wconf 79' lang='grc' dir='ltr'><strong>ἔρ-</strong></span> 
     </span>
    </p>
   </div>
   <div class='ocr_carea' id='block_1_111' title="bbox 2151 4830 3715 4910">
    <p class='ocr_par' dir='ltr' id='par_1_111' title="bbox 2151 4830 3715 4910">
     <span class='ocr_line' id='line_1_111' title="bbox 2151 4830 3715 4910; baseline -0.01 -14"><span class='ocrx_word' id='word_1_871' title='bbox 2151 4857 2333 4910; x_wconf 86' lang='grc' dir='ltr'>χονται</span> <span class='ocrx_word' id='word_1_872' title='bbox 2369 4844 2448 4904; x_wconf 83' lang='grc' dir='ltr'>εἰς</span> <span class='ocrx_word' id='word_1_873' title='bbox 2495 4841 2856 4910; x_wconf 85' lang='grc' dir='ltr'>Ἰεροσόλυμα.</span> <span class='ocrx_word' id='word_1_874' title='bbox 2911 4841 3019 4892; x_wconf 75' lang='grc' dir='ltr'>Καὶ</span> <span class='ocrx_word' id='word_1_875' title='bbox 3059 4836 3310 4891; x_wconf 80' lang='grc' dir='ltr'>εἰσελθὼν</span> <span class='ocrx_word' id='word_1_876' title='bbox 3350 4837 3428 4896; x_wconf 86' lang='grc' dir='ltr'>εἰς</span> <span class='ocrx_word' id='word_1_877' title='bbox 3466 4833 3526 4885; x_wconf 82' lang='grc' dir='ltr'><strong>τὸ</strong></span> <span class='ocrx_word' id='word_1_878' title='bbox 3573 4830 3715 4900; x_wconf 79' lang='grc' dir='ltr'>ἱερὸν</span> 
     </span>
    </p>
   </div>
   <div class='ocr_carea' id='block_1_112' title="bbox 2150 4921 3714 5007">
    <p class='ocr_par' dir='ltr' id='par_1_112' title="bbox 2150 4921 3714 5007">
     <span class='ocr_line' id='line_1_112' title="bbox 2150 4921 3714 5007; baseline -0.011 -16"><span class='ocrx_word' id='word_1_879' title='bbox 2150 4936 2348 5007; x_wconf 74' lang='grc' dir='ltr'>ἤρξατο</span> <span class='ocrx_word' id='word_1_880' title='bbox 2373 4934 2650 4988; x_wconf 76' lang='grc' dir='ltr'>ἐκϐάλλειν</span> <span class='ocrx_word' id='word_1_881' title='bbox 2681 4935 2806 4996; x_wconf 82' lang='grc' dir='ltr'>τοὺς</span> <span class='ocrx_word' id='word_1_882' title='bbox 2839 4931 3172 4994; x_wconf 81' lang='grc' dir='ltr'>πωλοῦντας,</span> <span class='ocrx_word' id='word_1_883' title='bbox 3202 4950 3219 4982; x_wconf 72' lang='grc' dir='ltr'><strong>ι</strong></span> <span class='ocrx_word' id='word_1_884' title='bbox 3246 4928 3334 4982; x_wconf 74' lang='grc' dir='ltr'>καὶ</span> <span class='ocrx_word' id='word_1_885' title='bbox 3359 4927 3428 4980; x_wconf 79' lang='grc' dir='ltr'>τὰ</span> <span class='ocrx_word' id='word_1_886' title='bbox 3461 4926 3586 4996; x_wconf 78' lang='grc' dir='ltr'>ἑξῆς</span> <span class='ocrx_word' id='word_1_887' title='bbox 3624 4921 3714 4976; x_wconf 86' lang='grc' dir='ltr'><strong>τοῦ</strong></span> 
     </span>
    </p>
   </div>
   <div class='ocr_carea' id='block_1_113' title="bbox 2149 5017 3716 5100">
    <p class='ocr_par' dir='ltr' id='par_1_113' title="bbox 2149 5017 3716 5100">
     <span class='ocr_line' id='line_1_113' title="bbox 2149 5017 3716 5100; baseline -0.008 -18"><span class='ocrx_word' id='word_1_888' title='bbox 2149 5031 2331 5082; x_wconf 82' lang='grc' dir='ltr'>Λουκᾶ</span> <span class='ocrx_word' id='word_1_889' title='bbox 2377 5030 2486 5100; x_wconf 68' lang='grc'><strong>(41)</strong></span> <span class='ocrx_word' id='word_1_890' title='bbox 2537 5028 2721 5082; x_wconf 90' lang='grc' dir='ltr'>τοῦτον</span> <span class='ocrx_word' id='word_1_891' title='bbox 2767 5030 2859 5082; x_wconf 83' lang='grc' dir='ltr'><strong>τὸν</strong></span> <span class='ocrx_word' id='word_1_892' title='bbox 2889 5028 3119 5099; x_wconf 82' lang='grc' dir='ltr'>τρόπον·</span> <span class='ocrx_word' id='word_1_893' title='bbox 3158 5044 3176 5075; x_wconf 72' lang='grc' dir='ltr'><strong>ι</strong></span> <span class='ocrx_word' id='word_1_894' title='bbox 3209 5023 3318 5076; x_wconf 73' lang='grc' dir='ltr'><strong>Καὶ</strong></span> <span class='ocrx_word' id='word_1_895' title='bbox 3368 5021 3587 5086; x_wconf 85' lang='grc' dir='ltr'>ἐγένετο</span> <span class='ocrx_word' id='word_1_896' title='bbox 3641 5017 3716 5078; x_wconf 83' lang='grc' dir='ltr'>ὡς</span> 
     </span>
    </p>
   </div>
   <div class='ocr_carea' id='block_1_114' title="bbox 2149 5110 3718 5193">
    <p class='ocr_par' dir='ltr' id='par_1_114' title="bbox 2149 5110 3718 5193">
     <span class='ocr_line' id='line_1_114' title="bbox 2149 5110 3718 5193; baseline -0.018 -4"><span class='ocrx_word' id='word_1_897' title='bbox 2149 5123 2372 5193; x_wconf 77' lang='grc' dir='ltr'>ἤγγισεν</span> <span class='ocrx_word' id='word_1_898' title='bbox 2411 5125 2489 5185; x_wconf 77' lang='grc' dir='ltr'><strong>εἱς</strong></span> <span class='ocrx_word' id='word_1_899' title='bbox 2521 5121 2811 5193; x_wconf 80' lang='grc' dir='ltr'>Βηθφαγὴν</span> <span class='ocrx_word' id='word_1_900' title='bbox 2855 5121 2946 5173; x_wconf 74' lang='grc' dir='ltr'>καὶ</span> <span class='ocrx_word' id='word_1_901' title='bbox 2987 5117 3272 5188; x_wconf 86' lang='grc' dir='ltr'>Βηθανίαν,</span> <span class='ocrx_word' id='word_1_902' title='bbox 3317 5114 3453 5185; x_wconf 85' lang='grc' dir='ltr'>πρὸς</span> <span class='ocrx_word' id='word_1_903' title='bbox 3496 5112 3556 5164; x_wconf 82' lang='grc' dir='ltr'><strong>τὸ</strong></span> <span class='ocrx_word' id='word_1_904' title='bbox 3595 5110 3718 5180; x_wconf 70' lang='grc' dir='ltr'>ὅρος</span> 
     </span>
    </p>
   </div>
   <div class='ocr_carea' id='block_1_115' title="bbox 2150 5200 3717 5284">
    <p class='ocr_par' dir='ltr' id='par_1_115' title="bbox 2150 5200 3717 5284">
     <span class='ocr_line' id='line_1_115' title="bbox 2150 5200 3717 5284; baseline -0.008 -19"><span class='ocrx_word' id='word_1_905' title='bbox 2150 5215 2209 5266; x_wconf 86' lang='grc' dir='ltr'><strong>τὸ</strong></span> <span class='ocrx_word' id='word_1_906' title='bbox 2240 5214 2564 5284; x_wconf 85' lang='grc' dir='ltr'>καλούμενον</span> <span class='ocrx_word' id='word_1_907' title='bbox 2615 5213 2857 5276; x_wconf 85' lang='grc' dir='ltr'>Ἐλαιῶν,</span> <span class='ocrx_word' id='word_1_908' title='bbox 2891 5209 3173 5265; x_wconf 85' lang='grc' dir='ltr'>ἀπέστειλε</span> <span class='ocrx_word' id='word_1_909' title='bbox 3203 5207 3295 5259; x_wconf 82' lang='grc' dir='ltr'>δύο</span> <span class='ocrx_word' id='word_1_910' title='bbox 3319 5206 3427 5257; x_wconf 90' lang='grc' dir='ltr'><strong>τῶν</strong></span> <span class='ocrx_word' id='word_1_911' title='bbox 3465 5200 3717 5273; x_wconf 85' lang='grc' dir='ltr'>μαθητῶν</span> 
     </span>
    </p>
   </div>
   <div class='ocr_carea' id='block_1_116' title="bbox 2151 5288 3715 5378">
    <p class='ocr_par' dir='ltr' id='par_1_116' title="bbox 2151 5288 3715 5378">
     <span class='ocr_line' id='line_1_116' title="bbox 2151 5288 3715 5378; baseline -0.015 -11"><span class='ocrx_word' id='word_1_912' title='bbox 2151 5309 2350 5376; x_wconf 81' lang='grc' dir='ltr'>λέγων·</span> <span class='ocrx_word' id='word_1_913' title='bbox 2405 5309 2674 5376; x_wconf 84' lang='grc' dir='ltr'>Ὑπάγετε</span> <span class='ocrx_word' id='word_1_914' title='bbox 2712 5309 2790 5369; x_wconf 89' lang='grc' dir='ltr'>εἰς</span> <span class='ocrx_word' id='word_1_915' title='bbox 2830 5307 2925 5378; x_wconf 79' lang='grc' dir='ltr'>τὴν</span> <span class='ocrx_word' id='word_1_916' title='bbox 2974 5304 3254 5358; x_wconf 87' lang='grc' dir='ltr'>κατέναντι</span> <span class='ocrx_word' id='word_1_917' title='bbox 3303 5300 3533 5370; x_wconf 84' lang='grc' dir='ltr'>κώμην,</span> <span class='ocrx_word' id='word_1_918' title='bbox 3581 5298 3637 5348; x_wconf 81' lang='grc' dir='ltr'><strong>ἐν</strong></span> 
     </span>
    </p>
   </div>
   <div class='ocr_carea' id='block_1_117' title="bbox 2151 5385 3716 5472">
    <p class='ocr_par' dir='ltr' id='par_1_117' title="bbox 2151 5385 3716 5472">
     <span class='ocr_line' id='line_1_117' title="bbox 2151 5385 3716 5472; baseline -0.009 -20"><span class='ocrx_word' id='word_1_919' title='bbox 2151 5402 2586 5472; x_wconf 85' lang='grc' dir='ltr'>εἰσπορευόμενοι</span> <span class='ocrx_word' id='word_1_920' title='bbox 2627 5401 2884 5472; x_wconf 80' lang='grc' dir='ltr'>εὑρήσετε</span> <span class='ocrx_word' id='word_1_921' title='bbox 2947 5397 3122 5450; x_wconf 84' lang='grc' dir='ltr'>πῶλον</span> <span class='ocrx_word' id='word_1_922' title='bbox 3174 5393 3450 5464; x_wconf 82' lang='grc' dir='ltr'>δεδεμένον</span> <span class='ocrx_word' id='word_1_923' title='bbox 3475 5430 3490 5456; x_wconf 90' lang='grc'><strong>,</strong></span> <span class='ocrx_word' id='word_1_924' title='bbox 3529 5388 3614 5460; x_wconf 78' lang='grc' dir='ltr'>ἐφ’</span> <span class='ocrx_word' id='word_1_925' title='bbox 3660 5385 3716 5439; x_wconf 80' lang='grc' dir='ltr'><strong>δν</strong></span> 
     </span>
    </p>
   </div>
   <div class='ocr_carea' id='block_1_118' title="bbox 2216 5581 3131 5656">
    <p class='ocr_par' dir='ltr' id='par_1_118' title="bbox 2216 5581 3131 5656">
     <span class='ocr_line' id='line_1_118' title="bbox 2216 5581 3131 5656; baseline -0.011 -14"><span class='ocrx_word' id='word_1_926' title='bbox 2216 5590 2330 5656; x_wconf 73' lang='lat' dir='ltr'><strong>(Ml)</strong></span> <span class='ocrx_word' id='word_1_927' title='bbox 2366 5589 2543 5643; x_wconf 76' lang='lat' dir='ltr'><strong>Codex</strong></span> <span class='ocrx_word' id='word_1_928' title='bbox 2574 5585 2921 5656; x_wconf 80' lang='lat' dir='ltr'><strong>Bodleianus,</strong></span> <span class='ocrx_word' id='word_1_929' title='bbox 2949 5581 3131 5656; x_wconf 53' lang='grc' dir='ltr'>αὐτοῦ,</span> 
     </span>
    </p>
   </div>
   <div class='ocr_carea' id='block_1_119' title="bbox 2215 5648 3381 5730">
    <p class='ocr_par' dir='ltr' id='par_1_119' title="bbox 2215 5648 3381 5730">
     <span class='ocr_line' id='line_1_119' title="bbox 2215 5648 3381 5730; baseline -0.013 -17"><span class='ocrx_word' id='word_1_930' title='bbox 2215 5648 2326 5730; x_wconf 62' lang='lat' dir='ltr'><strong>(il)</strong></span> <span class='ocrx_word' id='word_1_931' title='bbox 2358 5659 2498 5713; x_wconf 85' lang='lat' dir='ltr'><strong>Idem</strong></span> <span class='ocrx_word' id='word_1_932' title='bbox 2523 5659 2688 5714; x_wconf 83' lang='lat' dir='ltr'><strong>codex</strong></span> <span class='ocrx_word' id='word_1_933' title='bbox 2722 5655 3061 5719; x_wconf 87' lang='lat' dir='ltr'><strong>Bodleianus,</strong></span> <span class='ocrx_word' id='word_1_934' title='bbox 3084 5649 3162 5722; x_wconf 79' lang='grc' dir='ltr'>τῷ</span> <span class='ocrx_word' id='word_1_935' title='bbox 3183 5648 3381 5717; x_wconf 77' lang='grc' dir='ltr'>Λουκᾲ.</span> 
     </span>
    </p>
   </div>
  </div>
