4170 6396
421 341 526 397 553

1522 333 1875 390 COMMENT.
1920 331 1986 385 IN
2023 329 2216 387 JOAN.
2252 329 2485 386 TOMUS
2528 327 2593 382 Χ.

3533 319 3635 372 Sili

415 451 588 514 οὐδεὶς
623 449 840 502 πώποτε
876 448 1176 519 ἀνθρώπων
1218 448 1473 502 ἐκάθισε’
1524 448 1781 510 λύσαντες
1822 447 1972 499 αὐτὸι

2089 445 2339 499 ventibus
2364 453 2542 497 autem
2585 438 2686 491 illis
2718 436 2952 504 pullum,
3003 433 3256 488 dixerunt
3289 430 3488 484 domini
3527 431 3644 497 ejus

415 544 684 610 ἀγάγετε’
727 541 823 594 καί·
864 542 958 594 ἐάν
1002 557 1086 602 τις
1130 540 1274 608 ὑμᾶς
1324 540 1536 610 ἐρωτᾷ’
1581 539 1679 592 Διά
1709 538 1760 591 τί
1791 537 1980 602 λύετε;

415 634 592 696 οὕτως
635 633 837 702 ἐρεῖτε·
891 632 1012 683 Ὀτι
1062 632 1089 682 6
1135 629 1338 700 Κύριος
1389 630 1552 682 αὐτοῦ
1608 630 1794 700 χρείαν
1848 629 1980 698 ἔχει.

430 726 775 788 Ἀπελθόντες
801 725 860 777 δὲ
889 732 938 776 οι
977 723 1231 793 μαθηταὶ,
1270 718 1427 791 εὗρον
1456 723 1565 792 (42)
1596 724 1670 786 ὡς
1699 720 1851 776 εἶπεν
1882 723 1981 775 αὑ-

415 818 546 878 τοῖςο.
585 816 831 868 Λυόντων
863 814 919 866 δὲ
952 812 1130 866 αὒτῶν
1171 811 1261 864 τὸν
1291 811 1484 874 πῶλον,
1530 809 1687 865 εἶπαν
1724 816 1773 865 οἰ
1806 812 1983 882 κύριοι

415 905 576 959 αὑτοῦ
604 905 740 977 πρὸς
771 904 966 967 αὐτούς
989 921 1001 933 ·
1035 905 1098 956 Τί
1121 904 1273 955 λύετε
1293 903 1382 956 τὸν
1412 902 1616 968 πῶλον;
1641 907 1688 956 οἰ
1710 903 1766 955 δὲ
1791 900 1948 956 εἶπαν
1964 919 1978 934 ⁸

419 998 538 1050 Ὅτι
573 1001 600 1050 6
638 997 842 1067 Κύριος
871 995 1035 1048 αὐτοῦ
1063 995 1249 1066 χρείαν
1278 995 1410 1065 ἔχει.
1446 996 1554 1048 Καὶ
1580 996 1782 1066 ἤγαγον
1821 995 1982 1048 αὐτὸν

414 1087 548 1157 πρὸς
581 1087 671 1139 τὸν
712 1085 938 1156 Ἰησοῦν,
965 1087 1058 1138 καὶ
1077 1086 1466 1158 ἐπιρρίψαντες
1490 1087 1666 1139 αὐτῶν
1691 1087 1759 1140 τά
1789 1088 1979 1158 ἱμάτια

415 1179 508 1231 ἐπὶ
533 1178 624 1229 τὸν
655 1177 854 1240 πῶλον,
890 1176 1222 1231 ἐπεϐίϐασαν
1238 1177 1332 1230 τὸν
1359 1177 1583 1249 Ἰησοῦν.
1608 1179 1978 1249 Πορευομένου

417 1271 474 1323 δὲ
498 1266 681 1332 αὐτοῦ,
711 1267 1118 1338 ὑπεστρώννυον
1154 1268 1222 1322 τά
1259 1269 1446 1339 ἱμάτια
1476 1270 1653 1323 αὐτῶν
1688 1273 1745 1323 ἐν
1760 1274 1825 1340 τῇ
1855 1271 1974 1341 ὁδῷ.

427 1357 762 1424 Ἑγγίςοντος
790 1357 848 1409 δὲ
890 1357 1054 1410 αὑτοῦ
1107 1357 1204 1428 ἤδη
1259 1359 1396 1429 πρὸς
1429 1363 1494 1430 τῇ
1539 1360 1838 1414 καταϐάσει
1885 1359 1979 1413 τοῦ

410 1447 570 1518 ὄρους
595 1446 702 1500 τῶν
743 1448 987 1512 Ἐλαιῶν,
1021 1449 1218 1520 ἤρξατο
1246 1451 1390 1505 ἅπαν
1419 1452 1481 1505 τὸ
1510 1453 1712 1523 πλῆθος
1731 1453 1838 1506 τῶν
1874 1470 1979 1523 μα-

411 1540 588 1610 θητῶν
625 1541 905 1610 χαίροντες
949 1540 1044 1594 καὶ
1097 1540 1369 1605 αἰνοῦντες
1404 1543 1495 1596 τὸν
1521 1543 1652 1596 Θεὸν
1699 1525 1848 1614 φωνῇ
1885 1560 1981 1613 με-

409 1633 548 1705 γάλῃ
597 1635 725 1704 περὶ
775 1634 965 1686 πασῶν
1018 1628 1094 1689 ὧν
1139 1630 1275 1686 εἶδον
1325 1635 1637 1705 δυνάμεων,
1695 1636 1974 1704 λέγοντες·

410 1723 783 1794 Εὐλογημένος
819 1726 848 1776 6
877 1723 1128 1792 βασιλεὺς
1164 1726 1223 1776 ὲν
1259 1724 1481 1794 ὀνόματι
1528 1725 1732 1796 Κυρίου
1753 1743 1766 1756 ’
1801 1728 1860 1779 ἐν
1889 1727 1979 1779 οὐ-

2088 537 2248 606 ipsis:
2278 535 2458 600 Quare
2490 530 2700 586 solvitis
2729 527 2934 594 pullum
2959 524 2982 577 ?
3009 535 3063 577 at
3085 523 3160 577 illi
3189 522 3478 575 dixerunt:
3511 520 3646 583 Quia

2087 627 2346 681 Dominus
2385 640 2450 678 eo
2480 637 2614 692 opus
2646 621 2825 673 habet.
2865 617 2930 668 Et
2968 615 3240 669 duxerunt
3272 610 3420 664 illum
3459 610 3528 662 ad
3559 608 3648 662 Je-

2083 733 2201 773 sum
2242 736 2254 770 :
2307 715 2628 783 injectisque
2661 707 2998 763 vestimentis
3047 704 3162 760 suis
3205 717 3367 769 super
3413 699 3645 768 pullum,

2086 811 2455 878 imposuerunt
2496 804 2702 858 Jesum.
2729 800 3112 853 Proﬁciscente
3151 805 3332 849 autem
3373 792 3487 857 illo,
3518 791 3645 844 sub-

2083 898 2396 952 slernebant
2450 894 2769 948 vestimenta
2812 904 2906 942 sua
2958 888 3008 940 in
3054 887 3160 938 via.
3199 885 3263 937 Et
3305 899 3425 936 cum
3456 896 3650 948 appro-

2084 990 2367 1057 pinquaret
2397 986 2510 1056 jam
2536 987 2601 1038 ad
2632 984 2949 1037 descensum
2987 977 3184 1030 montis
3212 974 3508 1033 Olivarum,
3538 985 3649 1024 caa-

2082 1084 2275 1146 perunt
2323 1074 2502 1129 omnis
2566 1071 2855 1126 multitudo
2918 1066 3300 1134 discipulorum
3356 1063 3647 1131 gaudentes

2081 1169 2301 1223 laudare
2329 1167 2496 1221 Deum
2531 1178 2663 1218 voce
2694 1178 2885 1231 magna
2915 1176 3076 1227 super
3101 1158 3372 1220 oinnihus,
3410 1169 3545 1222 quas
3571 1152 3648 1202 vi-

2083 1263 2292 1323 derant,
2320 1256 2630 1320 virtutibus,
2662 1256 2904 1310 dicentes
2941 1271 2953 1306 :
2985 1251 3307 1304 Benedictus
3335 1262 3426 1299 rex
3460 1248 3512 1296 in
3551 1259 3648 1296 no-

2080 1355 2225 1408 mine
2265 1350 2512 1416 Domini;
2570 1363 2669 1418 pax
2696 1348 2750 1401 in
2783 1347 2944 1410 coelo,
2971 1355 3025 1399 et
3056 1344 3223 1414 gloria
3254 1343 3306 1394 in
3337 1337 3639 1392 altissimis!

2084 1444 2152 1498 Ει
2175 1444 2392 1512 quidam
2418 1441 2821 1495 Pharisa‘orum
2848 1454 2878 1492 e
2913 1437 3069 1491 turba
3095 1437 3347 1489 dixerunt
3380 1430 3456 1484 illi
3484 1448 3498 1482 :
3534 1428 3646 1480 bla-

2079 1537 2278 1607 gister,
2319 1537 2534 1604 increpa
2570 1531 2860 1600 discipulos
2887 1540 3028 1584 tuos.
3058 1528 3264 1594 Quibus
3288 1524 3640 1590 respondens,

2079 1630 2186 1684 ait:
2223 1628 2352 1682 Dico
2385 1627 2559 1691 vobis,
2594 1625 2636 1680 si
2663 1623 2717 1676 hi
2744 1623 3034 1685 tacuerint,
3062 1620 3264 1688 lapides
3289 1616 3640 1670 clamaturos.

2081 1721 2146 1775 Et
2177 1731 2233 1775 ut
2264 1716 2754 1789 appropinquavit,
2791 1715 3016 1768 intuitus
3046 1712 3344 1772 civitatem,
3372 1705 3516 1759 ﬂevit
3548 1719 3642 1757 su-

411 1790 569 1884 ρανῷ
584 1790 798 1884 εἰρήνη,
828 1790 921 1866 καὶ
959 1812 1084 1877 δόξα
1129 1815 1186 1866 ἐν
1217 1790 1478 1882 ὑψίστοις.
1533 1790 1642 1868 Καί
1684 1833 1829 1879 τινες
1869 1816 1972 1869 τῶν

2081 1829 2178 1883 per
2213 1813 2382 1876 illam,
2415 1829 2434 1862 ι
2473 1818 2528 1864 et
2561 1824 2681 1876 quae
2716 1816 3014 1874 sequuntur
3051 1820 3080 1856 a
3124 1801 3279 1854 nobis
3311 1796 3503 1867 posita.
3555 1795 3646 1847 At-

407 1907 713 1977 Φαρισαιων
747 1906 853 1959 ἀπὸ
884 1905 977 1959 τοῦ
1015 1906 1172 1976 ὄχλου
1217 1903 1373 1959 εἶπαν
1409 1907 1544 1976 πρὸς
1587 1907 1780 1960 αὐτόν·
1820 1908 1977 1961 Διδά-

409 1997 593 2060 σκαλε,
622 1998 946 2066 ἐπιτίμησον
986 1999 1097 2060 τοῖς
1134 1997 1401 2067 μαθηταῖς
1449 2015 1562 2051 σου.
1606 1998 1715 2050 Καὶ
1747 1999 1978 2069 ἀποκρι-

408 2087 521 2150 θεὶς
567 2082 721 2140 εἷπε·
768 2087 925 2153 Λέγω
975 2086 1122 2156 ὑμῖν,
1170 2085 1264 2138 ἐάν
1313 2079 1458 2139 οὗτοι
1508 2088 1877 2158 σιωπήσωσιν,
1927 2090 1976 2140 oi

405 2177 540 2230 λίθοι
572 2177 948 2248 κεκράξονται.
982 2178 1091 2229 Καὶ
1113 2178 1187 2240 ὡς
1215 2178 1462 2248 ἤγγισεν,
1507 2177 1630 2231 ίδὼν
1669 2179 1765 2251 τὴν
1799 2179 1973 2243 πόλιν,

405 2268 666 2322 ἔκλαυσεν
701 2270 787 2321 ἐπ’
827 2269 1016 2340 αὐτὴν,
1065 2287 1086 2320 ι
1120 2270 1214 2322 καὶ
1250 2268 1317 2322 τὰ
1355 2269 1500 2340 ἑξῆς,
1546 2269 1688 2340 ἆπερ
1746 2269 1976 2342 παρεθέ-

408 2353 564 2422 μεθα.
615 2355 670 2406 ὐ
701 2353 946 2424 μέντοιγε
1004 2354 1254 2423 Ἰωάννης
1288 2355 1424 2424 μετά
1451 2355 1675 2409 πλεῖστα
1715 2359 1814 2410 ὅσα
1855 2357 1972 2420 τοῦ,

409 2462 425 2492 ι
461 2445 566 2496 Καὶ
588 2444 752 2514 ἀνέϐη
778 2448 858 2507 είς
892 2444 1233 2514 Ἱεροσόλυμα
1267 2445 1295 2496 6
1340 2444 1564 2513 Ἰησοῦς,
1601 2445 1696 2497 καὶ
1735 2437 1894 2515 εὗρεν
1916 2448 1974 2498 ἐν

402 2533 478 2603 τῷ
503 2535 630 2606 ἱερῷ
650 2537 775 2598 τοὺς
802 2535 1112 2599 πωλοῦντας
1131 2537 1257 2598 τοὺς
1279 2535 1425 2605 βόας,
1452 2537 1546 2589 καὶ
1569 2535 1637 2590 τὰ
1657 2537 1922 2608 πρόϐατα,
1949 2557 1968 2589 ι

401 2625 593 2696 ἑτέραν
641 2626 992 2698 διηγούμενος
1026 2626 1209 2681 ἄνοδον
1241 2625 1334 2679 τοῦ
1367 2626 1572 2698 Κυρίου
1617 2628 1697 2691 είς
1747 2628 1974 2698 Ἰεροσό-

402 2713 428 2768 >
450 2734 568 2786 ιμα,
595 2716 770 2770 ταῦτά
789 2735 921 2788 φησι
949 2717 1086 2787 μετά
1115 2717 1176 2770 τὺ
1209 2716 1313 2786 πρὸ
1334 2713 1396 2780 ἓξ
1417 2718 1634 2790 ἡμερῶν
1659 2719 1751 2773 τοῦ
1781 2720 1974 2791 Πάσχα

400 2807 460 2858 ἐν
495 2806 732 2878 Βηθανίᾳ
776 2809 1011 2873 δεῖπνον,
1070 2809 1128 2862 ὲν
1256 2810 1288 2878 ἡ
1329 2808 1528 2880 Μάρθα
1570 2809 1679 2881 (45)
1713 2811 1970 2882 διηκόνει,

409 2893 501 2944 καὶ
530 2895 559 2946 6
579 2892 826 2965 Λάζαρος
849 2897 1092 2950 ἀνέκειτο
1111 2914 1124 2928 ⁸
1165 2915 1186 2949 ι
1226 2898 1303 2968 Τῇ
1328 2899 1586 2970 ἐπαύριον
1617 2901 1773 2971 ὄχλος
1805 2903 1972 2967 πολὺς

397 2989 428 3038 ὑ
474 2984 640 3040 ἐλθὼν
685 2989 766 3051 είς
811 2988 910 3059 τὴν
961 2989 1172 3060 ἑορτὴν,
1230 2990 1558 3055 ἀκούσαντες
1628 2993 1710 3045 ὅτι
1756 2993 1972 3065 ἔρχεται

2077 1921 2181 1974 que
2201 1903 2434 1959 Joannes
2464 1910 2581 1970 post
2605 1900 2820 1952 illud“:
2844 1915 2862 1948 ι
2901 1898 2965 1950 Ει
2997 1893 3240 1948 ascendit
3270 1890 3426 1945 Jesus
3449 1887 3641 1940 l'liero-

2076 1997 2362 2068 solymam,
2401 2003 2454 2048 et
2489 1993 2690 2062 reperit
2733 1992 2786 2045 in
2821 1988 3024 2057 templo
3058 1985 3356 2040 vendentes
3391 1993 3542 2042 Oves,
3589 1987 3645 2031 et

2075 2087 2268 2152 boves,
2297 2106 2317 2138 ι
2355 2085 2602 2154 pluribus
2631 2082 2950 2150 interjectis,
2984 2080 3212 2133 alterum
3241 2073 3448 2129 Domini
3481 2085 3639 2124 enar-

2076 2195 2202 2234 rans
2228 2179 2295 2232 ad
2329 2176 2752 2246 Hierosolymam
2787 2187 3068 2228 ascensum
3120 2176 3236 2237 post
3283 2181 3402 2221 eam
3431 2175 3642 2217 Cinnam

2074 2284 2196 2339 quis
2241 2267 2516 2322 Bethania:
2567 2265 2668 2317 fuit
2702 2275 2829 2316 ante
2877 2277 2970 2316 sex
3028 2261 3142 2314 dies
3175 2257 3456 2312 Paschalis
3482 2255 3549 2318 “,
3588 2253 3642 2307 in

2075 2377 2179 2430 qua
2242 2359 2448 2413 Martha
2543 2355 2886 2409 ministrabat
2967 2353 3175 2406 Lazaro
3239 2348 3640 2411 accumbente,

2075 2453 2190 2507 haec
2240 2450 2416 2519 inquit
2464 2450 2508 2479 ⁸⁷
2549 2465 2612 2501 ει
2678 2446 2901 2500 Postero
2953 2445 3038 2498 die
3089 2443 3242 2497 turba
3283 2439 3470 2502 multa,
3525 2452 3644 2505 quae

2074 2549 2337 2596 venerant
2385 2541 2451 2594 ad
2500 2539 2643 2593 diem
2690 2535 2932 2602 festum,
2986 2549 3107 2588 cum
3171 2532 3452 2585 audissent
3500 2529 3642 2596 quod

2074 2638 2283 2691 veniret
2326 2635 2484 2690 Jesus
2542 2631 3005 2701 Hierosolymam,
3072 2633 3401 2695 acceperunt
3465 2637 3646 2676 ramos

2077 2728 2234 2799 183
2262 2729 2586 2798 palmarum,
2611 2735 2666 2780 et
2694 2732 3076 2795 processerunt
3100 2722 3314 2774 obviam
3345 2717 3416 2781 ei,
3443 2725 3499 2769 et
3531 2715 3644 2770 cla-

2073 2822 2294 2873 mabant
2325 2837 2338 2872 :
2369 2819 2642 2881 llosanna,
2701 2815 3017 2870 benedictus
3048 2812 3115 2881 ,in
3164 2809 3383 2864 nomine
3427 2805 3638 2862 Domini

2073 2924 2168 2964 rex
2193 2908 2446 2965 lsraelist
2489 2908 2690 2962 Nactus
2728 2917 2907 2960 autem
2940 2903 3099 2959 Jesus
3143 2903 3408 2964 asellum,
3440 2899 3643 2954 insedit

2071 3001 2142 3068 ei,
2197 3002 2339 3056 sicut
2377 3001 2638 3069 scriptum
2697 3008 2776 3053 est
2816 2995 3007 3052 “:Ne
3060 3003 3264 3057 metue,
3309 2993 3417 3046 ﬁlia
3479 2990 3639 3055 Sion;

397 3076 429 3128 6
490 3077 693 3184 Ἰησοῦς
745 3080 825 3142 είς
888 3081 1230 3152 Ἰεροσόλυμα
1253 3123 1266 3145 ,
1323 3083 1514 3137 ἔλαϐον
1559 3083 1628 3136 τὰ
1677 3083 1806 3156 βάῖα.
1864 3086 1972 3141 τῶν

2078 3107 2208 3146 ecce
2237 3093 2354 3146 Rex
2390 3103 2512 3146 tuus
2553 3090 2699 3145 venit
2721 3090 2916 3144 sedens
2950 3102 3110 3156 super
3148 3084 3351 3154 pullum
3405 3083 3593 3136 asinae.
3618 3099 3639 3132 ι

397 3168 674 3233 φοινίκων,
698 3169 792 3222 καὶ
812 3169 1032 3241 ἐξῆλθον
1056 3175 1135 3235 είς
1158 3173 1464 3245 ἀπάντησιν
1488 3174 1656 3245 αὐτῷ,
1685 3177 1780 3229 καὶ
1808 3176 1972 3248 ἔκρα-

399 3255 490 3321 ζον
512 3275 528 3290 ο
571 3259 818 3324 Ὡσαννὰ,
853 3260 1209 3333 εὐλογημένος
1238 3265 1294 3317 ὲν
1320 3263 1544 3334 ὀνόματι
1585 3265 1792 3337 Κυρίου
1819 3269 1848 3319 6
1875 3266 1972 3336 βα·-

399 3349 580 3413 σιλεὺς
624 3350 717 3403 τοῦ
780 3351 1016 3422 Ἰσραήλ.
1057 3352 1244 3424 Εὑρὼν
1297 3353 1354 3407 δὲ
1401 3354 1431 3406 6
1485 3355 1694 3426 Ἰησοῦς
1737 3357 1970 3428 ὀνάριον,

399 3441 649 3496 ἐκάθισεν
676 3443 761 3494 ἐπ’
787 3443 952 3496 αὑτοῦ
989 3444 1121 3515 (44),
1170 3444 1350 3509 καθώς
1401 3448 1514 3500 ἐστι
1555 3447 1968 3519 γεγραμμένον

398 3532 490 3602 Μὴ
518 3531 706 3602 φοϐοῦ,
738 3533 975 3605 θύγατερ
1001 3535 1137 3589 Σιών
1156 3554 1168 3566 ·
1210 3536 1318 3590 ἰδοὺ
1345 3537 1373 3589 6
1407 3535 1657 3607 βασιλεύς
1702 3556 1791 3592 σου
1821 3539 1974 3610 ἔρχε-

399 3640 488 3676 ται
523 3625 827 3696 καθήμενος
876 3627 968 3679 ἐπὶ
1006 3627 1182 3682 πῶλον
1216 3628 1359 3683 ὄνου.
1387 3649 1404 3680 ι
1450 3630 1633 3684 Ταῦτα
1661 3631 1719 3684 δὲ
1746 3633 1968 3702 νομίζω,

396 3713 446 3765 εί
493 3716 588 3768 καὶ
635 3717 913 3770 ἐπιπλεῖον
959 3718 1070 3790 (45)
1112 3720 1213 3790 τῆς
1255 3721 1450 3787 λέξεως
1497 3722 1812 3794 παρεθέμην
1861 3723 1970 3777 τῶν

395 3806 820 3873 εὐαγγελιστῶν,
850 3809 1158 3877 ἀναγκαίως
1183 3811 1558 3882 πεποιηκέναι,
1588 3813 1725 3885 ὑπὲρ
1747 3814 1838 3866 σοῦ
1871 3832 1969 3868 κα-

398 3898 662 3967 ταστῆσαι
709 3898 807 3968 τὴν
859 3899 999 3953 κατὰ
1043 3901 1104 3954 τὸ
1150 3902 1310 3973 ῥητὸν
1355 3902 1646 3971 διαφωνίαν
1672 3922 1685 3936 ·
1723 3905 1831 3957 τῶν
1872 3907 1970 3976 μὲν

398 3986 562 4056 τριῶν
589 3989 647 4041 ἐν
697 3990 797 4060 μιᾷ
823 3993 889 4062 τῇ
912 3992 1048 4064 αὐτῇ
1089 3994 1168 4056 είς
1207 3992 1550 4064 Ἰεροσόλυμα
1578 3995 1842 4066 ἐπιδημίᾳ
1869 3997 1966 4051 τοῦ

400 4078 604 4148 Κυρίου
649 4079 914 4148 λεγόντων
955 4081 1026 4134 τὰ
1058 4083 1386 4155 νομιζόμενα
1418 4084 1569 4155 παρά
1616 4087 1726 4148 τοῖς
1757 4085 1970 4151 πολλοῖς

396 4166 467 4220 τά
496 4168 634 4221 αὐτὰ
683 4164 822 4222 εἶναι
866 4171 960 4224 καὶ
990 4170 1066 4242 τῷ
1102 4171 1319 4241 Ἰωάννῃ
1346 4175 1706 4246 γεγραμμένα
1730 4193 1745 4208 ’
1774 4178 1869 4230 τοῦ
1911 4179 1968 4232 δὲ

409 4256 651 4312 Ἰωάννου
677 4262 734 4313 ἐν
759 4261 908 4314 δυσὶν
938 4262 1042 4316 ὑπὸ
1073 4262 1282 4317 πολλῶν
1323 4263 1552 4336 πράξεσι
1581 4265 1964 4339 διισταμέναις,

403 4349 601 4417 μεταξὺ
650 4351 1015 4422 δηλουμένων,
1057 4355 1149 4407 καὶ
1181 4356 1261 4418 είς
1289 4355 1574 4427 διαφόρους
1617 4359 1814 4424 τόπους
1847 4361 1968 4413 ἐπι-ν

2072 3185 2246 3240 Porro
2302 3185 2418 3239 haec
2460 3197 2546 3238 me
2615 3181 2923 3236 necessario
2977 3179 3172 3232 fecisse
3224 3191 3381 3243 reor,
3429 3173 3643 3230 etiamsi

2075 3275 2473 3347 quamplurima
2539 3271 2994 3342 evangelistarum
3053 3268 3221 3324 verba
3274 3267 3488 3322 citarim
3519 3303 3535 3330 ,
3587 3273 3644 3318 ut

2073 3371 2419 3427 ostenderem
2449 3366 2844 3423 dissonantiam
2884 3378 3004 3434 qua:
3034 3371 3119 3417 est
3162 3363 3214 3416 in
3250 3368 3399 3414 textu
3427 3375 3441 3412 :
3472 3357 3644 3410 tribus

2074 3459 2289 3527 quidem
2317 3456 2372 3510 in
2412 3470 2517 3510 uno
2539 3455 2840 3523 eodemque
2858 3451 3070 3508 Domini
3106 3450 3175 3505 ad
3213 3447 3640 3518 Hierosolymam

2073 3548 2310 3602 adventu
2337 3545 2645 3601 dicentibus
2674 3559 2738 3600 ea
2771 3559 2890 3613 quae
2931 3542 3086 3597 multi
3110 3541 3420 3596 existimant
3448 3538 3638 3592 eadem

2070 3655 2190 3695 esse
2214 3655 2333 3694 cum
2359 3639 2447 3693 his
2474 3653 2595 3708 quae
2622 3636 2861 3692 Joannes
2887 3635 3052 3691 etiam
3082 3633 3398 3702 scripserit;
3430 3629 3641 3686 Joanne

2072 3745 2200 3784 vero
2233 3730 2347 3784 hate
2390 3743 2511 3798 quae
2551 3726 2904 3797 exposuimus
2928 3763 2942 3788 ,
2987 3721 3256 3778 referente
3297 3721 3437 3776 facta
3477 3720 3640 3775 fuisse

2070 3822 2123 3875 in
2171 3822 2380 3876 duobus
2433 3819 2639 3874 Domini
2695 3817 3011 3873 ascensibus
3051 3817 3117 3870 ad
3169 3814 3638 3882 Hierosolymam.

2069 3921 2231 3979 atque
2263 3911 2494 3965 diversis
2525 3909 2962 3977 distantibusque
2990 3906 3316 3970 actionibus.
3347 3913 3640 3960 enarrante

2067 4003 2230 4055 etiam
2256 4002 2538 4056 Dominum
2567 3999 2790 4056 interim
2823 4002 2891 4054 ad
2926 3999 3136 4053 diversa
3182 3997 3300 4052 loca
3339 3995 3638 4064 profectum

2069 4094 2256 4148 fuisse.
2304 4093 2494 4162 Itaque
2544 4107 2725 4146 meum
2769 4101 2853 4146 est
2882 4089 3141 4158 judicium
3178 4089 3398 4142 minime
3429 4085 3642 4142 ostendi

2069 4197 2225 4253 posse
2239 4191 2595 4252 apparentem
2613 4180 3004 4236 dissonantiam
3018 4219 3034 4244 ,
3053 4194 3346 4234 consonam
3369 4177 3640 4232 exsistere

2069 4277 2155 4330 bis
2196 4275 2289 4344 qui
2330 4276 2381 4329 in
2429 4275 2576 4329 hisce
2613 4275 2775 4327 rebus
2810 4272 2946 4326 nihil
2986 4280 3183 4339 praeter
3225 4269 3508 4324 historiam
3542 4267 3641 4320 ad—

2068 4368 2311 4424 mittunt.
2375 4366 2526 4432 Quod
2577 4366 2621 4420 si
2668 4365 2794 4434 quis
2830 4380 2929 4419 nos
2975 4375 3126 4418 recte
3174 4378 3279 4416 non
3321 4359 3640 4427 exposuisse

396 4437 601 4510 δημιῶν
625 4443 718 4496 τοῦ
749 4445 972 4514 Κυρίου,
997 4447 1075 4508 είς
1113 4447 1454 4518 Ἰεροσόλυμα
1475 4449 1679 4514 ἀνόδοις
1699 4453 1972 4521 ἀπαγγέλ-

2077 4469 2244 4522 retur,
2291 4467 2479 4512 contra
2513 4457 2655 4511 hanc
2686 4466 2926 4511 nostram
2956 4455 3368 4525 intelligentiam
3401 4452 3640 4521 pruden-

399 4529 578 4597 λοντος
623 4535 902 4603 γεγονέναι
926 4535 994 4589 τὰ
1033 4539 1345 4608 ἐκκείμενα.
1397 4541 1538 4608 Ἐγὼ
1574 4543 1672 4612 μὲν
1710 4540 1800 4597 οὖν
1830 4546 1963 4599 ὑπο-

2077 4559 2158 4604 ter
2189 4549 2414 4604 scribat.

399 4626 652 4697 λαμϐάνω
695 4630 954 4684 ἀδύνατον
997 4627 1133 4686 εἶναι
1171 4637 1284 4694 τοῖς
1339 4636 1505 4706 μηδὲν
1561 4638 1703 4708 πέρα
1759 4639 1860 4709 τῆς
1910 4643 2150 4717 ἱστορίας
2196 4645 2254 4696 ἐν
2303 4641 2513 4705 τούτοις
2543 4640 2914 4710 ἐκδεχομένοις
2944 4639 3288 4710 παραστῆσαι
3323 4636 3422 4707 τὴν
3451 4633 3639 4687 δοκοῦ-

401 4731 495 4770 σαν
521 4717 814 4788 διαφωνίαν
864 4719 1150 4790 σύμφωνον
1177 4723 1458 4796 ὑπάρχειν.
1499 4725 1564 4778 Et
1608 4725 1664 4779 δέ
1710 4743 1794 4791 τις
1828 4729 1996 4786 οἴεται
2028 4735 2102 4805 μὴ
2147 4732 2313 4801 ὑγιῶς
2365 4733 2511 4803 ἡμᾶς
2559 4729 2915 4801 ὲξειληφέναι,
2973 4728 3206 4790 συνετῶς
3255 4725 3648 4794 ἀντιγοαψάτω

396 4809 462 4878 τῇ
491 4807 714 4880 τοιαύτῃ
743 4807 899 4878 ἡμῶν
933 4809 1224 4878 ἀποφάσει.

470 4899 552 4953 16.
581 4901 663 4952 Τὰ
688 4901 746 4953 δὲ
775 4900 1026 4955 κινοῦντα
1056 4903 1202 4973 ἡμᾶς
1235 4905 1316 4967 εἰς
1336 4905 1436 4976 τὴν
1463 4908 1588 4977 περὶ
1611 4909 1812 4962 τούτων
1838 4928 1972 4982 συμ-

400 4989 600 5058 φωνίαν
625 4993 944 5061 αἰτήσαντες
965 4993 1054 5046 τὸν
1077 4993 1286 5050 διδόντα
1311 4999 1472 5050 παντὶ
1495 4998 1572 5069 τῷ
1599 5001 1854 5066 αἰτοῦντι,
1879 5003 1973 5056 καὶ

399 5082 560 5146 ὀξέως
608 5085 790 5156 ζητεῖν
819 5086 1221 5159 ἀγωνιζομένῳ,
1273 5089 1556 5160 κρούοντές
1585 5109 1646 5145 τε
1694 5094 1835 5166 ὑπὲρ
1878 5094 1972 5148 τοῦ

402 5177 712 5248 ἀνοιχθῆναι
739 5179 870 5249 ἡμῖν
892 5183 1011 5244 ταῖς
1037 5182 1136 5252 τῆς
1161 5181 1411 5252 γνώσεως
1441 5185 1614 5239 κλεισὶ
1638 5187 1706 5240 τὰ
1732 5204 1972 5260 κεκρυμ-

404 5269 536 5337 μένα
560 5268 662 5338 τῆς
693 5268 937 5341 Γραφῆς,
966 5271 1058 5326 τὸν
1103 5273 1264 5328 αὐτὸν
1295 5273 1406 5347 (46)
1432 5275 1573 5330 κατά
1623 5277 1721 5348 τὴν
1763 5278 1974 5349 διδομέ-

470 5381 514 5417 ⁶⁵
541 5383 698 5440 Joan.
727 5401 790 5450 ιι,
819 5387 908 5441 15.
986 5388 1030 5419 ⁸⁸
1050 5386 1206 5448 Joan.
1238 5406 1333 5457 xu,
1371 5391 1426 5457 1,
1453 5392 1510 5445 2.
1585 5391 1628 5423 ⁸⁷
1659 5393 1786 5448 ibid.
1827 5393 1895 5448 12
1916 5407 2028 5462 seq.

373 5501 583 5602 Lagei
633 5499 814 5602 Code'x
868 5503 1090 5602 Regius;
1127 5507 1408 5602 εὑρόντεςε
1459 5509 1804 5598 Βομιείαιιιιε,
1865 5511 1959 5564 καὶ

405 5571 665 5653 εὑρόντες·
702 5575 801 5656 sed
830 5571 1051 5626 omnino
1078 5571 1354 5643 legendum
1382 5590 1461 5630 est
1497 5571 1674 5650 εὗρον.
1791 5571 1801 5575 ⁷

445 5640 582 5711 Ma)
639 5643 740 5711 Ἑν
763 5660 811 5707 ῳ
835 5644 872 5709 ἡ
910 5643 1132 5711 Μάρθα.
1173 5647 1261 5701 Sic
1288 5647 1453 5701 codex
1484 5649 1833 5710 Bodleianns;
1862 5647 1959 5702 lle-

409 5709 545 5781 gins,
566 5691 624 5762 ἓν
645 5705 742 5781 qui,
772 5691 974 5780 ᾗιαιρία.
998 5691 1031 5711 ι-
1123 5691 1132 5699 -
1173 5691 1207 5699 η
1235 5691 1261 5701 -
1291 5691 1453 5701 --_,__
1484 5691 1833 5710 “nummum,

483 5780 591 5848 (44-)
637 5780 811 5836 Codex
851 5783 1193 5853 Bodleianus,
1224 5785 1308 5840 ἐπ’
1362 5785 1559 5860 αὐτοῦ)
1613 5787 1833 5858 Regius,
1866 5788 1948 5841 ἐπ’

2152 4910 2238 4965 l6.
2291 4909 2562 4965 Caeterum
2618 4904 2952 4974 postulantes
2997 4904 3064 4959 ab
3095 4919 3159 4958 eo
3204 4902 3294 4972 qui
3348 4901 3440 4955 dat
3491 4899 3637 4954 onnti

2067 5002 2274 5074 petenti
2321 5009 2376 5055 et
2414 4999 2564 5055 omni
2612 4999 2833 5052 conanti
2881 5007 3041 5052 acute
3079 5008 3358 5064 quaerere,
3403 4995 3638 5058 itemque

2067 5111 2192 5148 eum
2216 5091 2517 5162 pulsantes,
2555 5101 2614 5143 ut
2641 5088 2795 5144 nobis
2833 5089 3146 5157 aperiantur
3184 5085 3425 5140 scientia:
3473 5083 3636 5137 clavi-

2069 5187 2169 5240 bus
2207 5183 2418 5239 occulta
2449 5181 2765 5252 Scriptum,
2804 5178 2962 5248 juxta
3005 5179 3150 5232 vires
3183 5177 3338 5231 nobis
3375 5174 3640 5245 suppedi-

2070 5284 2212 5329 tatas
2238 5286 2572 5342 exponemus
2600 5286 2722 5340 qua:
2765 5284 2862 5325 nos
2909 5277 3126 5325 movent
3161 5269 3230 5321 ad
3277 5267 3467 5320 bormn
3503 5279 3634 5320 cou-

2122 5391 2167 5422 ⁸⁸
2195 5389 2362 5446 Zach.
2396 5403 2474 5454 Ix,
2502 5389 2557 5443 2.

2063 5506 2233 5576 αὐτῷ.

2133 5571 2241 5647 (ίὸ)
2296 5575 2476 5632 Codex
2535 5574 2874 5638 Bodleianus,
2925 5573 3142 5637 πλεῖον;
3218 5571 3438 5641 Regius,
3506 5572 3624 5624 ἐπι-

2061 5648 2258 5700 πλεῖον.

2129 5717 2238 5784 (46)
2261 5716 2439 5772 Codex
2467 5715 2688 5787 Regius,
2710 5713 2921 5767 ταυτόν·
2977 5711 3298 5766 Bodleianus
3333 5722 3386 5764 ut
3418 5713 3466 5765 in
3504 5728 3604 5764 no-

2055 5795 2168 5842 ΕΙ.ῐο
2198 5796 2364 5841 textu.
