4170 6408
538 308 643 364 547

1955 316 2208 377 ORIGEN
2215 317 2276 374 IS

3693 324 3796 378 548

539 429 806 496 oordiam,
839 434 1153 504 cumprimis
1187 436 1434 493 videntes
1463 438 1688 495 Joannis
1730 447 1934 496 textum
1977 442 2108 496 inci-

2209 456 2307 511 νην
2339 440 2470 511 ἡμῖν
2500 437 2729 510 δύναμιν
2773 437 3114 509 ἐκθησόμεθα
3156 438 3374 508 τρόπον.
3424 436 3533 490 Kal
3585 436 3794 511 πρῶτόν

541 520 774 589 pientem
800 524 870 579 ab
894 524 1001 580 illis
1024 529 1205 583 verbis
1233 545 1253 599 ε,
1274 548 1291 582 ι
1318 530 1378 584 Ει
1410 532 1656 587 ascendit
1680 531 1837 589 Jesus
1859 532 2111 588 Hieroso-

540 613 742 683 lymam
775 617 839 672 ".
865 638 884 670 ι
919 619 1013 675 Est
1037 621 1196 692 igitur
1224 622 1615 697 Hierosolyma,
1635 636 1693 681 ut
1713 628 1827 696 ipse
1852 626 2111 682 Dominus

541 705 701 761 docet
735 708 787 762 in
830 706 1124 773 Evangelio
1154 715 1450 768 secundum
1483 715 1796 770 Matthzeum
1821 718 1889 782 ",
1928 735 1948 767 ι
1975 718 2112 773 civi-

544 801 627 848 tas
667 795 809 866 regis
861 800 1061 867 magni,
1089 818 1108 851 ι
1144 816 1249 855 non
1277 802 1329 855 in
1362 804 1629 864 convalle,
1666 804 1747 859 vel
1782 804 1989 859 inferne
2015 805 2111 859 ali-

543 885 667 941 cubi
702 889 900 956 posita,
923 890 1015 943 sed
1042 891 1095 944 in
1124 891 1234 945 alto
1252 904 1434 948 monte
1456 896 1742 961 aediﬁcata,
1772 912 1836 951 ac
1869 908 2111 954 cmontes

542 977 597 1032 in
652 980 879 1035 circuitu
928 982 1074 1049 ejus,
1135 984 1289 1052 cujus
1330 987 1676 1055 participatio
1709 987 1824 1054 ejus
1860 988 1913 1041 in
1966 988 2109 1056 idip-

543 1081 664 1122 sum
714 1070 755 1101 '"
783 1086 795 1119 :
829 1090 848 1122 ι
880 1083 956 1137 ει,
1029 1092 1050 1125 ι
1078 1073 1205 1128 illuc
1237 1077 1600 1130 ascenderunt
1657 1078 1834 1133 tribus
1872 1079 2106 1144 Domini,

544 1159 908 1216 testimonium
961 1164 1146 1218 lsraeli
1201 1166 1269 1219 7'.
1300 1185 1319 1217 ι
1378 1165 1615 1221 Vocatur
1664 1182 1842 1222 autem
1894 1170 2012 1224 haec
2054 1180 2112 1226 et

542 1250 756 1320 civitas,
794 1262 849 1306 et
880 1252 1182 1311 Jerusalem
1208 1299 1223 1323 ,
1261 1258 1328 1311 ad
1363 1273 1527 1327 quam
1576 1259 1758 1314 nullus
1790 1276 1980 1316 eorum
2017 1265 2107 1333 qui

542 1350 767 1396 manent
795 1343 847 1397 in
880 1346 1075 1410 terris,
1110 1348 1350 1402 ascendit
1382 1389 1396 1413 ,
1430 1364 1602 1418 neque
1638 1351 1979 1421 ingreditur;
2014 1353 2108 1408 sed

541 1434 793 1499 quaelibet
831 1439 1033 1501 anima,
1056 1454 1178 1507 quae
1203 1443 1505 1496 naturalem
1543 1443 1704 1498 habet
1730 1445 2106 1502 celsitudinem

541 1526 759 1596 vimque
796 1537 954 1583 acute
992 1531 1326 1603 intelligendi
1361 1537 1826 1607 perspicieudique
1858 1540 2108 1611 intelligi-

545 1617 699 1683 hilia,
734 1620 895 1688 hujus
921 1624 1162 1680 civitatis
1185 1635 1268 1679 est
1301 1628 1456 1684 civis.
1483 1627 1627 1683 Fieri
1654 1632 1819 1684 etiam
1844 1642 2023 1701 potest
2053 1644 2109 1690 ut

2212 549 2276 601 γε
2302 533 2495 603 ἴδωμεν
2522 532 2618 602 τὴν
2644 530 2738 584 τοῦ
2770 531 3013 585 Ἰωάννου
3037 529 3178 596 λέξιν
3200 529 3508 600 ἀρχομένην
3530 531 3651 583 ἀπὸ
3668 532 3792 586 τοῦ·

2217 641 2235 673 ι
2260 623 2369 675 Kal
2400 620 2562 691 ἀνέϐη
2588 623 2667 684 είς
2709 620 3048 691 Ἱεροσόλυμα
3098 622 3124 672 ό
3162 619 3385 690 Ἰησοῦς.
3418 637 3436 670 ›
3493 620 3792 691 Ἰεροσόλυ-

2181 740 2189 747 -
2214 729 2288 783 μα
2314 712 2493 765 τοίνυν
2535 711 2703 775 ἐστὶν,
2735 711 2811 774 ὡς
2835 710 2994 773 αὐτὸς
3024 712 3081 763 ὲν
3112 708 3191 780 τῷ
3229 711 3371 763 κατά
3396 708 3680 763 Ματθαῖον
3706 711 3792 764 δι-

2208 805 2395 858 δάσκει
2438 806 2467 856 ό
2517 803 2738 874 Κύριος,
2783 823 2802 854 ι
2828 802 2922 856 τοῦ
2975 803 3208 873 μεγάλου
3257 801 3518 870 βασιλέως
3552 801 3728 865 πόλις,
3759 821 3781 854 ι

2209 896 2308 948 οὐκ
2333 899 2390 950 ἐν
2421 895 2646 957 κοιλάδι,
2699 895 2731 966 ἢ
2761 896 2910 949 κάτω
2942 911 3045 947 που
3091 892 3338 964 κειμένη,
3370 892 3482 945 ἀλλ’
3508 894 3567 945 ὲν
3592 892 3790 964 ὑψηλῷ

2208 986 2323 1058 ὄρει
2341 986 2756 1057 ᾡκοδομημένη,
2782 985 2875 1037 καὶ
2903 1005 2921 1036 ι
2947 985 3047 1057 ὅρη
3079 983 3263 1053 κύκλῳ
3290 982 3478 1052 αὐτῆς,
3498 978 3567 1054 ἦς
3589 985 3624 1053 ἡ
3659 1000 3792 1053 μετ-

2208 1079 2307 1149 οχὴ
2349 1078 2514 1148 αὐτῆς
2563 1077 2654 1129 ἐπὶ
2691 1076 2752 1128 τὸ
2804 1076 2966 1128 αὑτό·
2998 1095 3018 1126 ι
3069 1075 3184 1138 καὶ,
3218 1092 3236 1124 ‹
3260 1075 3378 1126 ἐκεῖ
3419 1072 3697 1143 ἀνέϐησαν
3730 1074 3790 1126 ai

2210 1170 2375 1242 φυλαὶ.
2405 1169 2632 1240 Κυρίου,
2663 1169 2958 1240 μαρτύριον
2989 1169 3047 1220 ὲν
3076 1167 3152 1237 τῷ
3198 1163 3429 1237 Ἰσραήλ.
3461 1185 3480 1216 ι
3520 1164 3793 1219 Καλεῖται

2206 1265 2265 1318 δὲ
2293 1266 2387 1317 καὶ
2418 1265 2450 1333 ὴ
2484 1262 2636 1325 πόλις
2669 1259 2827 1331 αὑτὴ,
2858 1260 2951 1313 καὶ
2994 1256 3365 1328 Ἰερουσαλὴμ,
3396 1258 3473 1319 είς
3506 1258 3573 1325 ἣν
3611 1256 3795 1319 οὐδεὶς

2206 1357 2315 1410 τῶν
2343 1355 2435 1409 ἐπὶ
2478 1354 2587 1423 γῆς
2635 1351 2931 1413 ἀναϐαίνει,
2980 1350 3099 1403 οὐδὲ
3129 1350 3460 1419 εἰσέρχεται*
3508 1348 3605 1400 καὶ
3636 1347 3797 1399 πᾶσά

2207 1465 2271 1518 γε
2300 1451 2333 1520 ἡ
2365 1445 2589 1523 φυσικὸν
2614 1443 2808 1513 ἔχουσα
2839 1442 3042 1512 δίαρμα
3079 1440 3244 1510 ψυχὴ,
3273 1442 3366 1493 καὶ
3398 1437 3637 1509 ὀξύτητα
3665 1454 3799 1508 νοη-

2206 1543 2314 1594 τῶν
2344 1538 2674 1611 διορατικὴν,
2721 1536 2922 1606 ταύτης
2968 1536 3069 1605 τῆς
3100 1533 3305 1594 πόλεως
3353 1532 3578 1601 πολίτης
3610 1529 3797 1598 ὑπάρ-

2206 1649 2309 1702 χει.
2360 1632 2469 1684 Kal
2500 1628 2720 1682 δυνατὸν
2749 1628 2807 1678 ἐν
2832 1623 3075 1696 ἁμαρτίᾳ
3103 1620 3242 1675 εἶναι
3293 1622 3387 1676 καὶ
3418 1621 3510 1674 τὸν
3550 1621 3795 1692 Ἰεροσο-

543 1712 597 1767 ἰιι
627 1722 851 1783 peccato
888 1718 959 1771 sit
1000 1718 1164 1774 etiam
1216 1718 1633 1792 Hierosolymita
1662 1743 1675 1777 :
1707 1726 1851 1795 quod
1897 1728 2108 1796 possint

2209 1723 2438 1793 λυμίτην
2456 1738 2470 1751 ·
2504 1719 2724 1773 δυνατὸν
2764 1712 2871 1788 γάρ
2900 1716 2996 1769 καὶ
3021 1716 3146 1777 τοὺς
3171 1713 3565 1783 εὐφυεστάτους
3597 1713 3794 1781 ἁμαρ·

540 1804 703 1859 etiam
724 1809 929 1877 Optimo
966 1810 1181 1880 ingenio
1214 1814 1421 1883 praediti
1470 1830 1697 1885 peccare
1722 1857 1738 1884 ,
1787 1819 1837 1871 ui
1874 1820 2105 1875 celerius

2211 1789 2410 1876 τάνειν,
2440 1814 2489 1865 εἰ
2535 1809 2610 1881 μὴ
2653 1807 3036 1877 ὲπιστρέψαιεν
3084 1802 3220 1874 μετά
3260 1801 3357 1872 τὴν
3382 1799 3665 1871 ἁμαρτίαν
3694 1796 3798 1850 τά-

539 1905 663 1965 post
716 1912 997 1967 peccatum
1057 1904 1326 1968 redeant,
1392 1907 1681 1973 perdentes
1741 1910 2104 1979 aptitudinem

540 1985 708 2053 illam,
739 1999 795 2042 et
819 1989 983 2046 futuri
1024 1994 1075 2047 in
1107 2010 1211 2049 una
1239 2009 1423 2050 earum
1458 1999 1737 2053 civitatum
1771 2016 1890 2069 quae
1918 2001 2107 2056 alienae

540 2086 667 2133 sunt
690 2094 716 2133 a
755 2078 961 2148 Judaea,
1005 2099 1111 2139 non
1141 2085 1312 2140 solum
1362 2089 1603 2154 advenae,
1640 2106 1829 2145 verum
1860 2092 2021 2147 etiam
2052 2094 2105 2148 in

537 2186 598 2224 ea
621 2186 814 2227 nomen
831 2190 988 2229 suum
1002 2180 1128 2231 datu
1138 2180 1201 2232 ri.
1217 2179 1637 2237 AscenditJesus
1656 2182 2101 2255 Hierosolymam,

537 2270 822 2332 postquam
867 2280 1023 2335 opem
1076 2268 1287 2324 tulisset
1344 2271 1429 2325 his
1476 2272 1568 2341 qui
1629 2283 1786 2328 erant
1850 2275 1902 2329 in
1958 2276 2105 2331 Caua

535 2349 802 2418 Galilaeam;
834 2370 898 2409 ac
939 2358 1135 2413 deinde
1175 2359 1559 2430 Capharnaum
1591 2363 1891 2431 descendit,
1929 2366 2105 2421 factu-

538 2456 633 2496 rus
677 2442 1069 2518 Hierosolymis
1108 2465 1229 2520 qua:
1272 2460 1399 2506 sunt
1432 2454 1650 2523 scripta.
1692 2455 1913 2526 Reperit
1945 2459 2105 2532 185

534 2548 665 2603 ergo
713 2536 766 2590 iu
803 2538 1037 2608 templo,
1071 2544 1215 2611 quod
1248 2553 1304 2599 et
1349 2545 1540 2602 domus
1588 2546 1766 2603 Patris
1801 2548 2104 2607 Servatoris

532 2642 656 2683 csse
680 2630 901 2694 dicitur,
938 2632 1039 2688 hoc
1077 2645 1160 2691 est
1192 2637 1243 2689 in
1282 2637 1521 2693 Ecclesia
1544 2681 1561 2705 ,
1597 2642 1684 2697 vel
1729 2645 1781 2696 in
1815 2645 2105 2699 annuntia-

539 2718 687 2774 tione
720 2720 1074 2777 ecclesiastici
1119 2734 1173 2780 et
1229 2727 1347 2782 sani
1381 2730 1667 2793 sermonis.
1698 2732 1961 2799 quosdam
2009 2734 2102 2802 qui

533 2811 752 2865 domum
784 2810 983 2878 Patris,
1014 2815 1234 2870 domum
1260 2830 1531 2875 mercatus
1553 2820 1814 2876 facerent.
1846 2824 1924 2877 Ac
1956 2837 2101 2878 sem-

533 2914 631 2969 per
655 2901 868 2969 aliquos
892 2906 1098 2974 reperit
1124 2905 1283 2964 Jesus
1320 2911 1370 2963 in
1410 2912 1632 2980 templo.
1682 2912 1910 2979 Quando
1954 2916 2099 2971 enim

535 2990 589 3043 in
617 3003 702 3056 ea,
753 3007 876 3061 quae
922 2995 1119 3051 dicitur
1155 2998 1418 3067 Ecclesia,
1466 3017 1588 3072 qua:
1640 3015 1727 3059 est
1769 3005 1962 3062 domus
2009 3007 2099 3062 Dei

531 3080 786 3148 viventis,
820 3080 1069 3140 columna
1097 3096 1151 3142 et
1175 3089 1571 3146 ﬁrmamentum
1593 3096 1842 3151 veritatis
1869 3096 1938 3161 ⁷³,
1991 3113 2095 3152 non
2125 3122 2171 3184 ο

534 3179 660 3223 sunt
687 3170 854 3239 aliqui
888 3177 1147 3231 mensarii
1171 3180 1443 3245 sedentes,
1459 3182 1656 3251 quibus
1676 3199 1812 3253 Opus
1838 3186 2094 3258 sitplagis

532 3272 598 3313 ex
629 3258 839 3331 ﬂagello
866 3277 897 3318 e
922 3262 1178 3323 funiculis
1201 3284 1232 3322 a
1258 3266 1384 3325 Jesu
1418 3269 1563 3327 facto
1588 3272 1611 3325 τ
1642 3272 1851 3330 Rursus
1878 3277 2097 3345 quando

534 3367 642 3407 non
676 3365 800 3409 sunt
846 3360 1162 3427 argentarii,
1216 3362 1409 3430 quibus
1458 3365 1527 3418 sit
1575 3380 1714 3434 opus
1759 3366 1969 3421 illorum
2023 3383 2097 3423 ωε

531 3443 753 3513 effundi,
786 3463 850 3504 ac
889 3466 1105 3507 mensas
1128 3452 1365 3522 ipsorum
1392 3454 1679 3510 subverti?
1706 3455 1937 3523 Quando
1967 3460 2094 3514 item

531 3551 638 3590 non
671 3547 798 3592 sunt
840 3541 931 3608 qui
985 3552 1351 3598 mercatorum
1412 3559 1564 3599 more
1598 3548 1842 3601 vendunt
1890 3548 2093 3617 boves,

530 3641 667 3693 quos
691 3632 933 3697 oportuit
984 3646 1209 3688 servare
1249 3635 1317 3688 ad
1366 3644 1629 3702 aratrum,
1676 3645 1736 3691 ut
1787 3637 2002 3708 injectis
2027 3643 2095 3696 ad

531 3717 709 3787 ipsum
748 3723 1019 3789 manibus,
1063 3739 1163 3779 nec
1194 3726 1260 3778 ad
1292 3728 1593 3794 posteriora
1621 3733 1896 3798 conversi,
1930 3749 2095 3804 regno

530 3808 623 3863 Dei
674 3811 785 3865 sint
840 3814 992 3881 apti?
1024 3815 1131 3871 Sed
1178 3819 1393 3888 quando
1430 3834 1536 3874 non
1575 3828 1701 3875 sunt
1745 3822 2097 3891 prafereutes

530 3915 895 3959 mammonam
924 3906 1226 3976 iniquitatis
1272 3909 1463 3965 ovibus
1499 3926 1619 3980 quae
1653 3912 1785 3981 ipsis
1815 3916 2094 3968 materiam

528 4004 591 4045 se
635 3997 863 4049 ornandi
915 3998 1194 4065 praebent?
1241 4000 1380 4054 Sunt
1429 4002 1593 4056 etiam
1646 4005 1955 4074 complures
2005 4008 2094 4077 qui

529 4082 901 4140 sinceritatem
934 4095 987 4140 et
1020 4089 1311 4157 puritatem
1350 4093 1617 4161 privatam
1663 4097 1807 4150 omni
1837 4100 2097 4153 amaritu-

531 4175 656 4229 dine
686 4186 742 4231 et
768 4177 860 4232 bili
902 4190 1182 4248 spernant,
1230 4185 1392 4239 etiam
1440 4184 1577 4239 lucri
1631 4186 1867 4243 infelicis
1924 4204 2090 4244 causa

530 4269 825 4336 prodentes
857 4271 1195 4343 diligentiam
1227 4290 1418 4333 eorum
1464 4280 1554 4347 qui
1591 4280 1799 4348 tropice
1828 4280 2095 4335 columba:

526 4357 802 4413 dicuntur.
832 4360 967 4415 Cum
1004 4363 1171 4433 igitur
1210 4368 1413 4436 reperit
1457 4367 1716 4423 Servator
1765 4370 1819 4424 in
1869 4367 2091 4439 templo,

2210 1924 2344 1976 χιον,
2373 1903 2668 1963 ἀπολόντας
2689 1901 2787 1971 τὴν
2808 1898 3054 1967 εὐφυῖαν,
3086 1897 3177 1948 καὶ
3205 1895 3332 1965 μίαν
3355 1892 3461 1946 τῶν
3484 1888 3794 1960 ἀλλοτρίων

2206 1997 2305 2067 τῆς
2344 1993 2596 2055 ἰουδαίας
2627 1990 2850 2051 πόλεων,
2881 1988 2941 2041 οὐ
2981 1988 3138 2058 μόνον
3164 1985 3617 2056 παροικήσοντας,
3652 1978 3796 2034 ἀλλὰ

2207 2090 2302 2141 xal
2342 2082 2869 2157 ὲγγραφησομένους.
2916 2076 3215 2131 Ἀναϐαίνει
3261 2077 3340 2139 είς
3377 2073 3732 2145 Ἰεροσόλυμα
3763 2071 3793 2124 5

2220 2174 2424 2245 Ἰησοῦς
2453 2172 2589 2243 μετά
2633 2172 2693 2224 τὸ
2737 2168 3000 2240 βοηθῆσαι
3046 2170 3156 2228 τοῖς
3189 2168 3247 2218 ὲν
3290 2165 3444 2235 Κανᾷ
3482 2163 3586 2233 τῆς
3625 2160 3795 2217 Γαλι-

2206 2268 2380 2331 λαίας,
2409 2268 2501 2320 καί
2532 2265 2659 2337 ἑξῆς
2692 2266 2771 2328 είς
2798 2264 2894 2335 τὴν
2920 2262 3293 2332 Καφαρναοὺμ
3321 2256 3789 2328 καταϐεϐηκέναι,

2207 2361 2294 2415 ἵνα
2338 2361 2538 2431 ποιήσῃ
2582 2361 2640 2411 ἐν
2694 2359 2803 2420 τοῖς
2857 2353 3243 2426 Ἱεροσολύμοις
3285 2351 3355 2404 τὰ
3394 2349 3788 2421 γεγραμμένα.

2205 2449 2345 2526 Εὗρε
2370 2452 2500 2522 γοῦν
2546 2454 2601 2505 ὲν
2647 2451 2725 2521 τῲ
2760 2449 2909 2521 ίερῷ,
2943 2450 3078 2520 ὅπερ
3124 2449 3214 2501 καὶ
3255 2443 3402 2509 οἶκος
3434 2445 3526 2498 τοῦ
3561 2445 3784 2516 Πατρὸς

2205 2543 2343 2600 εἶναι
2374 2546 2589 2613 λέγεται
2624 2542 2720 2595 τοῦ
2754 2543 3021 2612 Σωτῆρος,
3055 2541 3326 2593 τουτέστιν
3356 2540 3413 2591 ὲν
3441 2539 3508 2608 τῇ
3546 2535 3788 2606 Ἐκκλη-

2207 2639 2317 2710 σίᾳ,
2348 2638 2381 2708 ἢ
2409 2640 2466 2692 ὲν
2495 2639 2561 2707 τῇ
2594 2634 2895 2705 ἐπαγγελίᾳ
2926 2633 3020 2688 τοῦ
3058 2628 3508 2703 δκκλησιαστικοῦ
3536 2630 3637 2682 καὶ
3664 2628 3787 2696 ὑγι-

2203 2733 2441 2795 αίνοντος
2470 2730 2652 2799 λόγου,
2678 2729 2831 2793 τινάς
2857 2729 2947 2781 τὸν
2972 2724 3120 2781 οἷκον
3144 2723 3239 2778 τοῦ
3272 2723 3483 2804 Πατρὸς
3508 2720 3783 2792 ἐμπορίου

2203 2821 2485 2884 ποιοῦντας
2510 2817 2675 2873 οἷκον.
2708 2819 2818 2871 Καὶ
2844 2818 2929 2871 ἀεί
2963 2833 3115 2878 τινας
3138 2813 3379 2885 εὑρίσκει
3410 2813 3440 2864 ό
3481 2808 3693 2878 Ἰησοῦς
3723 2810 3783 2861 ἐν

2202 2912 2279 2985 τῷ
2306 2911 2450 2984 ίεριῖ).
2511 2911 2648 2963 Πότε
2699 2908 2804 2981 γὰρ
2836 2910 2893 2961 ἐν
2935 2910 3000 2978 τῇ
3037 2901 3412 2975 ὀνομαζομένῃ
3453 2900 3779 2971 Ἐκκλησίᾳ,

2200 3004 2322 3075 ἥτις
2371 3003 2517 3057 ἐστὶν
2542 2997 2686 3063 οἶκος
2726 2998 2858 3051 Θεοῦ
2904 2997 3121 3061 ζῶντος,
3160 2995 3347 3058 στῦλος
3376 2993 3470 3046 καὶ
3496 2991 3781 3063 ἑδραίωμα

2199 3095 2297 3166 τῆς
2321 3092 2593 3165 ἀληθείας,
2618 3093 2718 3145 οὐκ
2747 3090 2852 3143 εἰσί
2892 3107 3033 3153 τινες
3060 3088 3421 3160 κερματισταὶ
3450 3084 3777 3156 καθήμενοι,

2199 3188 2440 3258 δεόμενοι
2488 3183 2716 3255 πληγῶν
2766 3185 2830 3235 ἐκ
2871 3181 2965 3235 τοῦ
3015 3181 3124 3236 ἀπὸ
3176 3179 3350 3251 Ἰησοῦ
3403 3176 3778 3248 πεποιημένου

2197 3278 2524 3348 φραγελλίου
2571 3280 2635 3330 ὲκ
2676 3276 2945 3347 σχοινίων,
2983 3275 3076 3328 καὶ
3103 3272 3394 3345 χρῄζοντες
3427 3265 3782 3324 κολλυϐιστιι)⁸

2195 3370 2289 3424 τοῦ
2314 3368 2592 3440 ὲκχείσθαι
2623 3367 2802 3421 αὐτῶν
2834 3366 2903 3419 τά
2947 3366 3218 3436 κέρματα,
3266 3358 3673 3432 ἀνατρέπεσθαί
3717 3373 3779 3411 τε

2195 3462 2373 3516 αὐτῶν
2417 3460 2514 3523 τὰς
2545 3458 2856 3532 τραπέζας;
2892 3458 3028 3511 Πότε
3073 3457 3117 3510 δ’
3145 3457 3244 3510 οὐκ
3274 3455 3410 3508 είσὶν
3453 3455 3502 3505 οἱ
3528 3448 3783 3548 ἀποδιδό-

2199 3568 2348 3623 μενοι
2373 3549 2711 3621 ὲμπορικῶς,
2738 3548 2831 3613 οὒς
2854 3548 3018 3619 ἐχρῆν
3035 3548 3220 3617 τηρεῖν
3242 3544 3327 3597 ἐπ’
3348 3544 3598 3614 ἄροτρον,
3621 3539 3782 3610 βοῦς,

2195 3642 2302 3705 ἵνα,
2335 3642 2583 3712 βαλόντες
2607 3640 2726 3711 (47)
2756 3640 2842 3693 ἐπ’
2867 3640 2996 3692 αὐτὸ
3020 3637 3119 3700 τὰς
3148 3639 3352 3707 χεῖρας,
3385 3634 3479 3686 καὶ
3508 3632 3581 3702 μὴ
3613 3646 3781 3700 στρε-

2195 3734 2417 3804 φόμενοι
2445 3735 2523 3797 εἰς
2554 3731 2621 3786 τὰ
2653 3732 2846 3795 ὀπίσω,
2894 3731 3155 3799 γένωνται
3200 3731 3268 3798 τῇ
3310 3726 3406 3779 τοῦ
3438 3723 3571 3778 Θεοῦ
3619 3721 3782 3792 βασι·

2194 3823 2314 3894 λείᾳ
2342 3824 2580 3890 smeret;
2612 3824 2749 3876 Πότε
2793 3823 2850 3876 δὲ
2897 3823 2996 3874 οὐκ
3023 3822 3163 3873 είσὶν
3193 3821 3242 3872 oi
3267 3813 3779 3889 προτιμῶντες.τὸν

2195 3918 2294 3987 τῆς
2319 3916 2531 3980 ἀδικίας
2566 3916 2871 3987 μαμμωνᾶν
2903 3912 3011 3966 τῶν
3036 3912 3134 3981 τὴν
3165 3910 3295 3981 ῦλην
3322 3908 3415 3962 τοῦ
3446 3905 3778 3977 κοσμεῖσθαι

2196 4007 2377 4070 αὐτοῖς
2421 4008 2767 4078 παρεχόντων
2811 4004 3125 4077 προϐάτωνς
3172 4003 3282 4055 Ἀεὶ
3329 4002 3387 4055 δὲ
3429 3998 3617 4055 πολλοί
3665 4000 3777 4051 sict

2196 4097 2290 4149 καὶ
2313 4098 2362 4148 οί
2390 4096 2483 4149 τοῦ
2517 4096 2726 4158 ἀδόλου,
2762 4097 2856 4149 καὶ
2878 4096 3159 4167 ἀκεραίου,
3188 4091 3556 4164 ὲστηρημένου
3584 4105 3647 4157 γε
3675 4088 3780 4144 πά-

2198 4203 2296 4257 σης
2324 4187 2646 4257 πικρότητος
2675 4186 2769 4238 xal
2796 4186 2991 4256 σχολῆς
3036 4181 3519 4256 καταφρονοῦντες,
3549 4180 3644 4234 καὶ
3670 4196 3774 4231 τα-

2196 4275 2468 4346 λαιπώρου
2501 4275 2724 4347 κέρδους
2753 4275 2935 4328 ἕνεκεν
2963 4275 3296 4346 προδιδόντες
3320 4272 3418 4344 τὴν
3445 4270 3554 4324 τῶν
3582 4286 3776 4341 τροπι-

2196 4367 2450 4438 κωτέρων
2477 4367 2782 4439 λεγομένων
2825 4367 3159 4439 περιστερῶν
3203 4365 3537 4436 ἐπιμέλειαν.
3599 4362 3774 4414 Ἑπὰν

528 4450 673 4517 quod
703 4462 786 4504 est
816 4453 1007 4510 domus
1041 4455 1242 4526 Patris,
1290 4460 1590 4516 vendentes
1618 4462 1801 4527 boves,
1838 4469 1894 4516 et
1924 4476 2054 4517 oves
2073 4504 2089 4528 ,

2201 4454 2287 4511 οῦν
2318 4458 2452 4531 εὕρῃ
2477 4460 2505 4512 ὁ
2536 4459 2725 4530 Σωτὴρ
2748 4461 2804 4511 ὲν
2831 4458 2909 4529 τῷ
2934 4458 3081 4530 ἱερῷ,
3112 4459 3245 4528 οἴκῳ
3269 4457 3361 4510 τοῦ
3383 4455 3614 4527 Πατρός,
3646 4451 3775 4506 τού-

530 4549 585 4593 et
608 4542 908 4609 columbas,
937 4555 992 4600 et
1025 4550 1326 4605 mensarios
1357 4551 1606 4606 sedentes
1626 4590 1643 4616 ,
1698 4551 1916 4622 expellit
1951 4552 2093 4618 illos,

498 4635 657 4687 ‘usus
680 4632 889 4702 ﬂagello
916 4653 946 4693 e
971 4638 1228 4695 funiculis
1252 4655 1283 4695 a
1314 4656 1373 4696 se
1399 4641 1563 4709 facto,
1606 4657 1712 4697 una
1747 4658 1869 4698 cum
1899 4644 2095 4700 ovibus

531 4724 808 4796 hobusque
837 4730 1140 4798 venalibus,
1172 4733 1409 4803 ipsorum
1454 4735 1618 4791 etiam
1668 4737 1926 4805 pecunias
1963 4750 2095 4790 conm

525 4829 776 4888 gregatas
816 4820 1098 4879 eli'undeus
1125 4863 1141 4888 ,
1179 4833 1433 4895 tanquam
1476 4827 1727 4898 indignas
1772 4844 1891 4897 qua:
1930 4829 2092 4884 simul

527 4920 838 4967 tenerentur
859 4923 914 4968 et
940 4915 1178 4983 ipsarum
1215 4917 1559 4973 inutilitatem
1593 4919 1907 4973 ostendens.
1951 4918 2091 4973 Sub—

524 5003 690 5057 vertit
715 5005 901 5070 etiam,
927 5020 1047 5075 quae
1080 5009 1132 5061 in
1163 5024 1460 5063 avarorum
1485 5019 1642 5063 erant
1680 5009 1898 5074 animis,
1933 5025 2089 5065 men—

526 5108 639 5157 sas,
670 5095 856 5151 dicens
879 5097 965 5152 bis
987 5099 1078 5167 qui
1110 5101 1394 5156 columbas
1432 5101 1737 5157 vendebant
1773 5120 1788 5156 :
1825 5120 1843 5153 ι
1868 5102 2093 5158 Auferte

526 5182 630 5235 ista
674 5183 818 5251 hinc,
846 5205 865 5239 ι
918 5202 987 5241 ne
1018 5190 1244 5258 posthac
1293 5194 1347 5245 in
1394 5193 1594 5261 templo
1627 5194 1722 5248 Dei
1760 5195 2090 5249 vendantur.

521 5276 935 5335 Arbitror'vero
961 5294 1062 5351 ego
1103 5281 1288 5337 Jesum
1321 5284 1494 5355 ipsum
1524 5285 1762 5342 edidisse
1795 5288 1971 5358 signa,
1995 5302 2093 5358 per

635 5414 680 5447 "
712 5416 871 5473 Joan.
898 5434 958 5484 ιι,
983 5418 1070 5475 15.

531 5532 715 5655 Μμτ)
744 5533 924 5590 Codex
961 5535 1183 5606 Regius,
1218 5538 1501 5608 βάλλοντες
1525 5557 1539 5571 ’
1591 5541 1937 5610 Bodleianus,
1988 5542 2087 5613 βα-

548 5639 559 5654 .
589 5620 731 5655 ντες.
1966 5631 1969 5637 ·

548 5620 731 5666 κοντες.
1966 5631 1969 5637 ε

601 5672 713 5746 (48)
745 5672 827 5730 Τὰ
859 5678 1272 5749 συνερχόμενα
1318 5679 1595 5752 κέρματα.
1623 5682 1715 5740 Sic
1741 5683 1908 5742 codex
1944 5681 2081 5740 Bod-

1148 5422 1193 5455 "'°
1222 5421 1412 5478 Matth.
1444 5440 1496 5491 v,
1519 5424 1611 5484 35.
1685 5426 1731 5459 τι
1751 5425 1892 5483 Psal.
1921 5441 2103 5493 cvxiv,
2130 5426 2184 5481 2.
2281 5428 2327 5461 ⁷³
2353 5426 2495 5483 Psal.
2531 5441 2680 5490 cui,
2707 5423 2822 5489 3,4.

2197 4567 2322 4614 τους
2348 4549 2656 4613 πωλοῦντας
2691 4550 2837 4620 βόας,
2865 4551 2958 4604 καὶ
2998 4549 3262 4620 πρόδατα,
3291 4549 3385 4602 καὶ
3417 4544 3771 4618 περιστερὰς,

2199 4644 2293 4697 καὶ
2319 4643 2443 4707 τοὺς
2468 4642 2834 4714 κερματιστὰς
2857 4642 3213 4714 καθημένους,
3245 4639 3517 4707 ἐξελαύνει
3546 4638 3771 4700 αὐτοὺς,

2198 4738 2536 4808 χρησάμενος
2587 4735 2666 4807 τῷ
2698 4735 2762 4788 ὲκ
2808 4736 3050 4805 σχοινίων
3087 4734 3177 4787 ὑπ’
3221 4731 3381 4787 αὐτοῦ
3416 4727 3774 4799 πεποιημένῳ

2199 4827 2522 4899 φραγελλίῳ.
2552 4828 2668 4899 ἅμα
2694 4829 2805 4889 τοῖς
2836 4829 3153 4899 ἐμπορικοῖς
3178 4825 3487 4897 προϐάτοις,
3517 4822 3613 4875 καὶ
3651 4820 3776 4891 βου-

2197 4923 2281 4976 σὶν
2314 4920 2514 4988 αὐτῶν,
2560 4921 2655 4974 καὶ
2701 4920 2852 4990 ὲκχεῖ
2875 4919 2951 4983 ὡς
2999 4919 3072 4991 μὴ
3104 4919 3228 4985 ἀξια
3282 4917 3351 4971 τά
3400 4915 3772 4986 συνερχόμενα

2196 5014 2446 5086 κέρματα
2472 5013 2608 5084 (48),
2636 5013 2849 5077 δεικνὺς
2880 5012 3057 5066 αὐτῶν
3090 5012 3149 5065 τὸ
3176 5011 3465 5082 ἄχρηστον.
3510 5006 3772 5077 Ἀνατρέ-

2198 5126 2287 5164 πει
2311 5126 2371 5163 τε
2417 5108 2516 5172 τὰς
2562 5110 2620 5161 ὲν
2647 5108 2763 5169 ταῖς
2800 5104 2999 5175 ψυχαῖς
3042 5104 3150 5157 τῶν
3183 5101 3529 5174 φιλαργύρων
3562 5098 3772 5171 τραπέ-

2197 5199 2313 5265 ζας,
2335 5201 2507 5269 λέγων
2527 5200 2747 5261 καὶτοῖς
2769 5196 2867 5261 τάς
2890 5195 3213 5267 περιστερὰς
3228 5193 3495 5247 πωλοῦσιν
3515 5209 3529 5224 ·
3561 5211 3579 5244 ι
3604 5192 3771 5262 "Apa-

2194 5309 2255 5346 τε
2282 5292 2455 5346 ταῦτα
2477 5289 2743 5354 ἐντεῦθεν,
2769 5306 2787 5340 ι
2823 5287 2908 5340 ἵνα
2941 5286 3135 5357 μηκέτι
3160 5287 3216 5338 ὲν
3241 5283 3319 5355 τῷ
3347 5281 3478 5355 ίερῷ
3501 5280 3596 5336 τοῦ
3628 5279 3767 5335 Θεοῦ

2919 5421 2968 5455 ⁷³
2997 5419 3015 5474 ι
3048 5420 3186 5475 Tim.
3213 5436 3296 5484 tu,
3320 5420 3410 5476 l5.

2197 5543 2437 5610 lcianus;
2501 5521 2669 5600 editio
2721 5538 2925 5607 liuetii,
2980 5536 3075 5592 τοῦ
3140 5536 3459 5609 συνέχεσθαι
3508 5535 3576 5591 τά
3634 5536 3765 5607 κέρ-

2197 5630 2357 5686 ματα.
