4170 6406
429 329 532 383 διο
1519 322 1873 380 (ΣΟΜΜΕΝΤ.
1911 323 1979 378 ΙΝ

2113 325 2208 382 iN.
2255 326 2490 382 TOMUS
2527 324 2594 380 Χ.
3570 331 3679 386 350

432 441 859 514 ἐμπορεύωνται.
907 438 1070 512 Οἶμαι
1095 441 1172 505 δὲ,
1201 442 1283 495 ότι
1328 443 1420 494 καὶ
1458 445 1678 514 σημεῖον
1709 441 1996 511 πεποιηκέ-

2113 457 2163 495 ea
2218 458 2338 511 qua:
2380 443 2542 508 dixit,
2590 441 2935 510 profundius,
2987 450 3046 495 nt
3102 457 3202 498 nos
3253 443 3678 514 intelligeremus

435 553 524 588 ναι
557 534 738 599 αὑτὸν,
768 533 853 592 διὰ
879 533 984 586 τῶν
1010 534 1308 603 εἰρημένων
1344 532 1657 603 βαθύτερον,
1697 532 1836 586 ὥστε
1865 533 2001 601 σύμ-

2113 535 2396 604 signiﬁcari
2426 551 2522 604 per
2552 536 2685 602 haec,
2722 537 2865 598 quod
2898 550 3004 588 non
3044 536 3278 604 amplius
3303 535 3354 588 in
3403 546 3674 604 posterum

437 627 588 678 ϐολον
633 626 779 695 ἡμᾶς
809 627 946 676 νοεῖν
983 624 1256 691 γεγονέναι
1285 624 1456 677 ταῦτα
1499 622 1592 677 τοῦ
1635 624 1831 694 μηκέτι
1875 623 2003 693 μέλ-

436 716 548 770 λειν
574 715 672 786 τὴν
705 717 832 786 περὶ
877 715 936 767 τὸ
971 715 1112 785 ἱερὸν
1154 717 1325 768 ἐκεῖνο
1350 715 1600 785 λατρείαν
1628 716 1731 768 ὑπὸ
1774 716 1881 768 τῶν
1933 717 2003 768 ἱε-

441 808 576 880 ρέων
625 807 764 860 κατά
793 805 892 870 τὰς
920 805 1181 876 αἰσθητὰς
1230 807 1418 870 θυσίας
1463 807 1570 878 (49)
1621 807 2000 873 ἐπιτελεῖσθαι,

441 899 574 970 μηδὲ
606 899 697 951 τὸν
726 898 886 968 νόμον
927 898 1229 968 τηρεῖσθαι,
1274 898 1377 952 κᾶν
1401 899 1474 961 ὡς
1506 899 1783 951 ἐϐούλοντο
1821 901 1868 951 οἱ
1903 917 2006 951 σω-

442 991 658 1062 ματικοὶ
692 991 952 1054 Ἰουδαῖοι,
980 989 1232 1043 δύνασθαι
1259 991 1338 1044 ἔτι
1359 990 1506 1054 ἅπαξ
1524 1008 1536 1020 ·
1581 990 1752 1061 Ἰησοῦ
1779 991 1887 1061 γὰρ
1917 993 2008 1043 ἐκ-

440 1082 726 1144 ϐἀλλοντος
751 1082 875 1144 τοὺς
909 1081 1055 1150 βόας,
1093 1083 1185 1134 καὶ
1228 1081 1295 1134 τὰ
1329 1081 1592 1152 πρόϐατα,
1630 1082 1723 1135 καὶ
1763 1081 2008 1135 κελεύον-

436 1191 530 1235 τος
559 1171 765 1226 ἐκεῖθεν
795 1171 1043 1241 αἴρεσθαι
1068 1171 1166 1235 τὰς
1192 1171 1536 1244 περιστερὰς,
1566 1172 1746 1225 οὐκέτι
1772 1172 1826 1232 δὲ
1863 1172 2004 1242 βόες,

440 1265 534 1317 xai
565 1264 829 1334 πρόϐατα.
863 1263 956 1316 xai
985 1264 1303 1334 περιστεραὶ
1333 1264 1426 1316 ἐπὶ
1462 1263 1594 1317 πολὺ
1621 1263 1840 1317 θύεσθαι
1871 1265 2008 1319 κατά

453 1355 715 1408 Ἰουδαίων
744 1354 838 1426 ἔθη
862 1355 1100 1426 ἔμελλον.
1143 1356 1252 1408 Καὶ
1283 1351 1392 1408 οἶόν
1421 1355 1480 1408 τέ
1511 1357 1626 1409 ἐστι
1654 1356 1720 1410 τά
1747 1358 2009 1427 νομίσμα-

441 1465 509 1500 τα
539 1446 646 1498 τῶν
697 1445 1020 1516 σωματικῶν
1073 1446 1419 1517 νομισμάτων
1451 1447 1584 1518 (50),
1636 1449 1730 1501 καὶ
1784 1449 1857 1519 μὴ
1911 1448 2007 1502 τοῦ

439 1538 574 1591 Θεοῦ
602 1537 832 1607 ἐχόντων
872 1538 998 1600 τοὺς
1040 1538 1413 1609 χαρακτῆρας,
1454 1537 1656 1601 τύπους
1678 1540 2011 1609 τυγχάνοντα

442 1631 790 1701 ἐκκεχύσθαι,
843 1631 964 1685 ἐπεὶ
1012 1634 1045 1701 ὴ
1093 1632 1263 1703 σεμνὴ
1315 1628 1453 1686 εἶναι
1500 1631 1730 1686 δοκοῦσα
1767 1633 1909 1686 κατὰ
1950 1632 2011 1685 τὸ

441 1725 758 1776 ἀποκτεῖνω
788 1723 900 1790 (51)
925 1723 1155 1794 γράμμα
1189 1723 1493 1794 νομοθεσία,
1554 1724 1726 1795 Ἰησοῦ
1762 1722 2013 1793 ἐληλυθό-

2103 624 2462 693 perliciendus
2499 635 2644 680 esset
2665 625 2845 680 cultus
2882 640 2908 678 a
2959 626 3336 680 sacerdotibus
3381 626 3433 680 in
3480 628 3677 696 templo

2105 717 2214 780 illo,
2253 718 2407 785 juxta
2469 717 2652 772 cultus
2700 718 2801 770 sub
2860 731 3076 770 sensum
3145 719 3446 784 cadentes,
3506 734 3680 788 neque

2105 808 2274 874 legem
2315 809 2520 861 servari
2547 823 2702 876 posse
2729 807 2962 874 amplius
2999 816 3339 870 constanter,
3386 808 3578 862 saltem
3620 822 3678 862 ut

2109 897 2364 950 volebant
2389 897 2702 966 corporales
2754 895 2947 950 Judaei.
2995 895 3179 965 Neque
3203 898 3346 950 enim
3373 899 3682 966 expellente

2106 986 2231 1041 Jesu
2258 989 2424 1043 boves
2453 1000 2504 1042 et
2530 1005 2687 1056 oves,
2721 990 3056 1058 jubenteqne
3091 990 3218 1042 inde
3247 987 3446 1043 auferri
3477 990 3680 1045 colum-

2107 1080 2222 1140 bas,
2250 1079 2490 1132 futurum
2517 1089 2636 1134 erat
2678 1091 2736 1132 ut
2779 1083 2833 1133 in
2881 1079 3105 1132 multum
3151 1080 3408 1147 temporis
3432 1079 3682 1134 immola-

2109 1179 2299 1223 rentur
2327 1172 2516 1234 boves,
2540 1180 2594 1224 et
2612 1187 2758 1236 oves,
2787 1180 2840 1225 et
2876 1171 3160 1237 columbae,
3188 1173 3338 1239 juxta
3367 1170 3680 1226 Judzeorum

2109 1274 2336 1313 morem.
2369 1257 2512 1312 Fieri
2539 1259 2682 1312 enim
2703 1268 2880 1328 potest
2909 1269 2965 1310 ut
2996 1259 3320 1311 numismata
3342 1272 3462 1326 quze
3499 1257 3683 1327 figura:

2112 1359 2238 1405 sunt
2271 1350 2656 1403 numismatum
2687 1350 3053 1418 corporalium
3080 1389 3095 1414 ,
3138 1359 3192 1404 et
3226 1366 3331 1403 non
3367 1350 3680 1403 habentium

2113 1443 2204 1497 Dei
2232 1441 2430 1495 formas
2463 1450 2519 1494 et
2565 1440 2982 1509 impressiones,
3019 1438 3384 1504 effundantur,
3421 1438 3680 1509 quoniam

2113 1529 2246 1600 legis
2279 1532 2619 1598 constitutio,
2654 1547 2776 1601 quae
2831 1532 3139 1586 veneranda
3197 1547 3318 1586 esse
3370 1532 3680 1599 videbatur,

2113 1633 2332 1692 propter
2364 1624 2698 1678 occidentem
2735 1623 2976 1678 litteram
3013 1623 3358 1678 dissolvenda
3405 1622 3684 1677 effunden-

2113 1717 2288 1784 daque
2310 1723 2447 1778 erat,
2475 1723 2528 1769 et
2555 1715 2875 1768 adveniente
2913 1713 3072 1784 185
3119 1712 3270 1777 Jesu,
3301 1723 3461 1782 atque
3500 1721 3686 1767 utente

442 1831 551 1877 τος,
596 1815 689 1866 καὶ
733 1815 851 1876 ταῖς
880 1813 1020 1865 κατά
1052 1812 1146 1865 τοῦ
1195 1812 1324 1866 λαοῦ
1377 1813 1593 1884 μάστιξι
1618 1794 2006 1884 ίχρησαμένου,

2113 1807 2369 1858 adversus
2420 1801 2676 1872 populum
2733 1801 3003 1871 flagellis,
3071 1801 3506 1856 transferendum
3566 1811 3685 1856 erat

442 1903 772 1965 διαλύεσθαι,
798 1903 892 1956 καὶ
917 1903 1188 1974 ἐκχεῖσθαι
1219 1905 1330 1973 (52)
1366 1904 1577 1974 ἔμελλε,
1615 1905 2011 1975 μεθισταμένης

441 1997 540 2066 τῆς
565 1995 870 2064 ἐπισκοπῆς
899 1997 990 2048 ἐπὶ
1025 1997 1151 2059 τοὺς
1177 1996 1284 2048 ἀπὸ
1307 1995 1414 2048 τῶν
1444 1996 1611 2048 ἐθνῶν
1638 1996 2010 2059 πιστεύοντας,

445 2090 525 2150 είς
555 2089 685 2140 Θεὸν
717 2088 804 2142 διά
844 2086 1080 2157 Χριστοῦ
1129 2086 1498 2149 πιστεύοντας,
1549 2087 1642 2139 καὶ
1687 2086 2013 2157 αἱρουμένης

443 2181 541 2233 ἀπ’
571 2182 792 2234 ἐκείνων
838 2181 937 2250 τῆς
985 2179 1258 2250 βασιλείας
1307 2176 1400 2230 τοῦ
1434 2177 1588 2241 Θεοῦ,
1639 2178 1916 2249 διδομένης
1954 2194 2013 2229 τε

446 2274 506 2325 ἐν
532 2271 671 2324 έθνει
722 2271 961 2324 ποιοῦντι
995 2271 1118 2333 τοὺς
1168 2270 1412 2339 καρποὺς
1453 2269 1641 2338 αὐτῆς.
1684 2267 1915 2321 Δύναται
1958 2267 2015 2319 δὲ

446 2365 541 2416 καὶ
586 2362 743 2431 φύσει
778 2362 920 2433 ἱερὸν
957 2357 1095 2415 εἶναι
1140 2364 1173 2432 ἡ
1220 2361 1423 2432 εὐφυὴς
1478 2362 1534 2413 ἐν
1562 2360 1703 2430 λόγῳ
1729 2359 1893 2430 ψυχὴ,
1927 2358 2014 2412 διὰ

443 2454 535 2506 τὸν
584 2453 977 2523 συμπεφυκότα
1026 2453 1181 2520 λόγον
1231 2451 1483 2521 ἀνωτέρω
1535 2450 1876 2519 τυγχάνουσα
1920 2447 2013 2501 τοῦ

446 2546 715 2618 σώματος,
769 2548 849 2607 εἱς
893 2545 959 2615 ἢν
1007 2545 1114 2598 ἀπὸ
1159 2543 1259 2613 τῆς
1291 2544 1684 2612 Καφαρναοὺμ,
1731 2541 1880 2594 κάτω
1913 2557 2014 2593 που

443 2638 704 2709 κειμένης
736 2636 1109 2706 ταπεινότερα,
1139 2633 1416 2688 ἀναϐαίνει
1440 2634 1469 2684 ό
1510 2631 1732 2704 Ἰησοῦς,
1761 2633 1817 2684 ἐν
1931 2633 2018 2684 εὑ-

445 2729 693 2801 ρίσκεται
735 2727 802 2780 τὰ
849 2725 954 2797 πρὸ
992 2726 1088 2794 τῆς
1120 2725 1228 2777 ἀπὸ
1263 2721 1436 2794 Ἰησοῦ
1478 2722 1806 2785 παιδεύσεως
1834 2723 2014 2791 γήϊνα,

446 2819 543 2870 καὶ
571 2816 791 2886 ἀνόητα,
827 2816 920 2868 καὶ
949 2814 1159 2884 χαλεπά
1185 2815 1480 2884 κινήματα,
1516 2813 1609 2867 καὶ
1639 2813 1706 2865 τὰ
1733 2811 2018 2882 νομιζόμε-

445 2926 532 2971 να,
565 2908 664 2960 ούκ
691 2907 822 2959 ὄντα
850 2906 905 2959 δὲ
932 2905 1091 2969 καλὰ,
1129 2905 1269 2976 άπερ
1303 2903 1380 2974 τῷ
1410 2904 1764 2974 πεπλεγμένῳ
1789 2903 1849 2968 ἐξ
1880 2905 2016 2956 ἀπο-

445 2998 728 3054 δεικτικῶν
771 2996 1098 3065 ἐλεγκτικῶν
1130 2997 1241 3068 (55)
1285 2996 1570 3067 δογμάτων
1597 2995 1737 3066 λόγῳ
1771 2994 2016 3049 ἀπελαύ-

447 3110 594 3145 νεται
626 3091 732 3144 ὑπὸ
771 3090 865 3143 τοῦ
909 3089 1098 3160 Ἰησοῦ,
1132 3089 1217 3142 ἵνα
1252 3091 1447 3160 μηκέτι
1501 3092 1529 3143 ό
1552 3089 1645 3142 τοῦ
1678 3089 1888 3160 Πατρὺς
1917 3091 2015 3142 αὑ-

2111 1894 2472 1948 sacerdotium
2510 1895 2576 1948 ad
2599 1909 2694 1949 eos
2721 1895 2811 1962 qui
2852 1909 2917 1947 ex
2948 1895 3203 1964 gentibus
3243 1895 3600 1951 credidissent
3629 1895 3682 1949 in

2113 1985 2277 2038 Deum
2303 2000 2397 2054 per
2423 1984 2700 2039 Christum
2729 2000 2755 2037 a
2790 1984 3024 2050 Iudaeis;
3055 2000 3082 2037 a
3112 1985 3308 2053 quibus
3332 1987 3495 2039 etiam
3527 1985 3682 2039 aufe-

2113 2077 2340 2131 rendum
2392 2091 2614 2144 regnum
2668 2077 2759 2130 Dei
2813 2077 3051 2131 dandum
3109 2086 3224 2130 erat
3277 2078 3424 2147 genti
3464 2076 3684 2131 facienti

2112 2167 2322 2222 fructus
2354 2168 2470 2238 ejus
2501 2169 2566 2222 “.
2601 2167 2745 2222 Fieri
2775 2182 2905 2222 vero
2940 2168 3104 2221 etiam
3150 2177 3327 2236 potest
3366 2179 3422 2221 ut
3458 2176 3685 2221 natura-

2113 2257 2236 2313 liter
2273 2258 2364 2312 Dei
2399 2257 2656 2326 templum
2703 2258 2773 2310 sit
2813 2259 2990 2310 anima
3025 2259 3219 2312 rationi
3264 2258 3684 2326 obtemperans;

2113 2364 2342 2418 corpore
2370 2351 2623 2418 superior
2661 2359 2882 2418 propter
2925 2351 3224 2419 ingenitam
3266 2349 3367 2402 sibi
3418 2349 3686 2402 rationem

2115 2438 2410 2502 exsistens,
2457 2441 2523 2492 ad
2558 2454 2719 2507 qttam
2770 2457 2802 2493 e
2857 2438 3181 2507 Capharnao
3229 2439 3442 2493 inferne
3489 2440 3684 2508 posita,

2116 2530 2369 2582 nimirttm
2417 2531 2468 2584 in
2519 2531 2917 2596 humilioribus,
2977 2533 3221 2585 ascendit
3255 2531 3412 2587 Jcsus
3445 2551 3458 2586 :
3493 2534 3545 2586 in
3579 2549 3686 2602 qua

2116 2620 2460 2687 reperiuntur
2513 2621 2738 2684 terreni,
2801 2631 3090 2690 antequam
3135 2637 3163 2673 a
3210 2621 3336 2676 Jesu
3402 2623 3687 2677 erudiatur

2117 2713 2545 2783 castigeturque,
2572 2723 2626 2766 et
2653 2713 2781 2766 fatui
2815 2721 2868 2766 et
2892 2713 3145 2766 bestialcs
3180 2723 3376 2780 motus,
3411 2723 3574 2783 atque
3598 2730 3682 2779 ea,

2116 2817 2238 2871 qua:
2270 2819 2388 2867 nos,
2439 2819 2561 2858 cum
2614 2819 2718 2857 non
2770 2803 2898 2869 sint,
2955 2803 3009 2856 in
3049 2803 3209 2857 bonis
3249 2804 3514 2871 ducimus,
3569 2821 3690 2872 quae

2117 2895 2466 2962 expelluntur
2488 2910 2516 2948 a
2539 2893 2690 2959 Jesu,
2721 2895 2933 2948 ratione
2959 2904 3214 2948 contexta
3249 2909 3315 2950 ex
3349 2896 3688 2965 dogmatibus

2119 2987 2562 3042 demonstrativis
2597 2997 2653 3040 et
2705 2984 3112 3055 ohjurgatoriis,
3165 3001 3232 3040 ne
3277 2987 3453 3040 anima
3500 2989 3690 3043 domus

2121 3077 2297 3132 Patris
2321 3078 2405 3132 sui
2429 3080 2497 3132 sit
2523 3078 2753 3147 amplius
2793 3077 2984 3131 donius
3016 3086 3305 3142 mercatus,
3342 3076 3435 3130 sed
3463 3076 3691 3146 recipiat

447 3183 542 3237 τοῦ
571 3180 716 3246 οἶκος
745 3178 889 3246 οἶκος
921 3136 1030 3253 (έιί)
1075 3136 1336 3252 έμπορῐιύ
1382 3175 1437 3253 ᾖ,
1484 3180 1617 3233 ἀλλὰ
1643 3136 1886 3252 ἀπολάϐη
1917 3181 2016 3251 τὴν

2119 3173 2212 3225 Dei
2241 3171 2443 3224 cultum
2473 3210 2488 3236 ,
2514 3169 2605 3239 qui
2635 3169 2911 3238 peragitur
2950 3165 3104 3236 juxta
3130 3169 3378 3223 caelestes
3427 3169 3688 3238 spirituao

447 3272 587 3327 κατά
618 3275 742 3334 τοὺς
766 3271 1042 3342 οὐρανοὺς,
1072 3271 1164 3324 καὶ
1190 3271 1586 3340 πνευματικοὺς
1611 3271 1805 3340 νόμους
1832 3272 2015 3324 ἐπιτε-

444 3363 710 3435 λουμένην
742 3364 845 3416 ὑπὸ
875 3364 1141 3434 σωτηρίας
1166 3363 1334 3433 αὐτῆς
1361 3379 1421 3415 τε
1447 3362 1540 3414 καὶ
1573 3362 1832 3414 πλειόνων
1858 3360 2019 3433 θερα-

447 3458 606 3511 πείαν
631 3455 725 3509 τοῦ
756 3455 911 3509 Θεοῦ.
952 3454 1221 3525 Σύμϐολον
1247 3455 1302 3507 δὲ
1330 3454 1436 3507 τῶν
1468 3456 1564 3524 μὲν
1594 3456 1794 3525 γηΐνων
1816 3455 1844 3506 ὁ
1868 3452 2016 3524 βοῦς,

447 3546 718 3615 γεωπόνος
765 3546 904 3616 γάρ·
957 3543 1065 3597 τῶν
1115 3544 1171 3596 δὲ
1217 3545 1455 3616 ἀνοήτων
1499 3544 1592 3596 καὶ
1633 3544 1918 3614 κτηνωδῶν
1959 3547 2018 3599 τὸ

449 3638 738 3708 πρόϐατον,
775 3635 958 3704 ἐπειδὴ
990 3635 1049 3687 τὸ
1076 3633 1211 3697 ζῶον
1234 3633 1634 3704 ἀνδραποδῶδες
1667 3633 1818 3705 παρὰ
1849 3634 2017 3688 πολλά

451 3729 559 3782 τῶν
582 3728 787 3795 ἀλόγων
812 3725 954 3778 ἐστί·
983 3724 1089 3777 τῶν
1113 3723 1170 3776 δὲ
1198 3722 1412 3793 κούφων
1451 3724 1544 3777 καὶ
1575 3725 1900 3795 εύριπίστων
1927 3724 2014 3777 λο-

449 3820 664 3890 γισμῶν
691 3823 722 3889 ἠ
752 3817 1048 3889 περιστερά
1067 3833 1080 3846 ·
1124 3815 1232 3868 τῶν
1263 3815 1320 3868 δὲ
1347 3816 1712 3886 νομιζομένων
1746 3815 1922 3869 καλῶν
1947 3815 2016 3869 τὰ

452 3911 720 3982 κέρματα.
782 3909 906 3962 Ἐἀν
933 3909 988 3961 δέ
1023 3925 1104 3972 τις
1145 3907 1463 3980 προσκόπτῃ
1491 3910 1556 3978 τῇ
1585 3907 1801 3978 τοιαύτῃ
1827 3907 2018 3960 ἀποδό-

452 4021 557 4068 σει,
590 4004 678 4057 διά
705 4002 766 4055 τὸ
816 4000 1032 4072 καθαρά
1059 3997 1198 4054 εἶναι
1242 3999 1310 4052 τά
1337 3998 1760 4068 παραληφθέντα
1805 4000 1884 4060 εἱς
1915 3999 2015 4069 τὴν

451 4094 670 4166 Γραφὴν
714 4091 849 4157 ζῶα,
879 4092 1118 4156 λεκτέον,
1149 4093 1229 4145 ὅτι
1261 4090 1523 4154 ἀπίθανος
1557 4090 1621 4143 ἂν
1665 4086 1733 4161 ἦν
1761 4092 1794 4161 ή
1828 4090 2016 4162 Γραφή

452 4185 593 4238 κατά
632 4182 728 4254 τὴν
768 4183 1119 4253 ἐνδεχομένην
1151 4179 1388 4250 ἱστορίαν
1434 4178 1715 4248 γεγονέναι
1747 4179 2019 4248 ἀπαγγελ-

449 4273 666 4344 λομένη.
721 4273 807 4324 Ἕν
834 4272 911 4341 τῷ
957 4270 1068 4341 ναῷ
1098 4269 1208 4338 (55)
1233 4267 1341 4339 γάρ
1385 4267 1476 4320 τοῦ
1507 4267 1642 4320 Θεοῦ
1683 4267 1779 4337 οὐχ
1817 4263 1927 4322 οἷόν
1959 4287 2018 4321 τε

447 4359 517 4434 ἦν
547 4360 980 4430 ἀπαγγέλλεσθαι
1019 4358 1294 4427 γεγονέναι
1323 4357 1520 4428 ἐτέρων
1549 4356 1698 4429 παρά
1715 4355 1784 4410 τά
1806 4357 2018 4430 καθαρά

452 4453 604 4518 ζώων
653 4453 852 4523 ἀγέλην
879 4449 989 4522 (56)
1039 4449 1260 4511 εἴσοδον,
1310 4448 1403 4500 καὶ
1431 4449 1510 4511 εἰς
1539 4447 1804 4518 ἐμπορίαν
1843 4445 2017 4499 ἄλλων

451 4543 600 4615 παρά
633 4543 700 4596 τὰ
739 4542 991 4612 θυόμενα.
1031 4541 1228 4611 Διόπερ
1251 4538 1327 4608 τῷ
1362 4538 1463 4590 ὑπὸ
1501 4539 1606 4591 τῶν
1639 4539 1895 4610 ἐμπόρων
1923 4555 2021 4591 κα-

451 4636 520 4691 τὰ
565 4637 692 4699 τοὺς
714 4633 823 4687 τῶν
869 4630 1169 4686 Ἰουδαϊκῶν
1212 4629 1412 4700 έορτῶν
1459 4629 1680 4700 χρόνους
1723 4629 2018 4700 γενομένῳ,

451 4725 846 4794 ἐπεισαγόντων
877 4722 954 4792 τῷ
981 4721 1230 4791 ἐξωτέρῳ
1273 4720 1539 4791 περιϐόλῳ
1569 4720 1662 4773 τοῦ
1695 4720 1822 4775 ναοῦ
1851 4721 2022 4775 ταῦτα

450 4821 519 4872 τά
546 4819 678 4884 ζῶα,
713 4817 983 4888 ἐχρήσατο
1008 4815 1036 4866 ὁ
1068 4815 1472 4887 εύαγγελιστὴς,
1499 4815 1574 4878 ὡς
1613 4811 1785 4887 οἶμαι,
1817 4817 1909 4869 καὶ
1931 4834 2023 4886 γε-

452 4910 732 4980 γενημένῳ
767 4907 1208 4978 συγχρησάμενος
1231 4906 1534 4978 πράγματι.
1565 4907 1821 4975 Καίτοιγε
1852 4901 1896 4975 ᾧ
1927 4907 2022 4978 μέ-

451 5000 529 5052 λει
553 5001 653 5068 τῆς
681 4997 1072 5069 ἀκριϐεστέρας
1099 4996 1392 5061 ἐξετάσεως
1425 4997 1781 5066 ἐπισκοπήσει
1806 4997 1854 5048 εἱ
1879 4997 2018 5051 κατά

451 5090 509 5143 τὸ
541 5092 597 5143 ἐν
626 5089 706 5160 τῷ
740 5087 836 5157 βίῳ
865 5087 1037 5159 τούτῳ
1087 5087 1300 5158 ἀξίωμα
1326 5085 1417 5140 τοῦ
1465 5086 1637 5158 Ἰησοῦ
1683 5083 1772 5157 ἦν,
1806 5089 2020 5158 νομιζο-

455 5181 614 5251 μένου
645 5180 761 5234 υἱοῦ
791 5176 926 5234 εἷναι
958 5179 1225 5243 τέκτονος,
1255 5177 1314 5230 τὸ
1334 5177 1618 5248 τηλικοῦτο
1648 5179 1868 5250 ποιῆσαι
1890 5180 2020 5253 θαρ-

508 5274 556 5306 π
593 5273 783 5328 Matth.
833 5289 947 5342 ιιι,
972 5272 1060 5328 45.
1137 5273 1183 5303 ⁷⁸
1212 5272 1401 5330 Matth.
1430 5288 1549 5338 χιιι,
1600 5273 1670 5329 55
1698 5291 1714 5342 ;
1747 5273 1909 5331 Marc.
1955 5292 2029 5343 νι,
2057 5277 2113 5334 3.

525 5364 636 5435 (49)
671 5365 853 5418 Codex
884 5364 1228 5435 Bodleianns,
1263 5363 1538 5434 λατρείας.

525 5432 636 5504 (50⁷)
664 5432 1084 5503 [νομισμάτων.
1116 5435 1192 5488 Ita
1227 5432 1397 5489 codex
1449 5435 1814 5503 Bodleianus;
1848 5436 2015 5492 editio

455 5503 652 5569 Huctii,
674 5505 873 5574 νόμων.

528 5574 639 5660 (ξ1)
687 5573 868 5629 (iudex
914 5573 1136 5644 Regius,
1199 5576 1434 5628 κτεῖνον·
1484 5574 1832 5642 Bodleianus,
1876 5577 2014 5629 ἀπο-

457 5660 844 5785 7“:‘S‘izotvilodex
872 5715 1214 5784 Bodleianus,
1239 5715 1511 5785 ἐκκεῖσθαι
1534 5731 1547 5746 ο
1604 5715 1823 5787 ltegins,
1859 5717 2015 5770 ἐκκε-

2117 3264 2299 3330 lesque
2331 3262 2499 3332 leges,
2526 3270 2634 3314 tum
2668 3275 2766 3327 pro
2798 3275 2920 3323 sua,
2953 3267 3063 3312 tum
3098 3275 3200 3327 pro
3224 3259 3456 3328 plurium
3489 3260 3662 3314 salute

2116 3355 2358 3408 Motuum
2403 3368 2536 3407 sane
2582 3361 2915 3406 terrenornm
2953 3357 3078 3405 nota
3123 3360 3208 3405 est
3267 3351 3387 3416 bos,
3439 3366 3562 3405 cum
3621 3349 3692 3404 sit

2118 3445 2445 3515 agricultor;
2498 3444 2772 3498 fatuorum
2823 3451 3005 3496 autem
3039 3450 3096 3496 et
3139 3441 3480 3508 bestialium,
3544 3439 3686 3508 ovis,

2117 3539 2373 3606 quoniam
2414 3551 2527 3606 pra:
2576 3535 2830 3588 omnibus
2881 3534 3056 3587 brutis
3090 3533 3286 3588 servile
3329 3542 3412 3588 est
3449 3533 3686 3600 animal;

2117 3628 2314 3683 levium
2343 3643 2473 3682 vero
2504 3637 2558 3680 et
2589 3625 2924 3680 instabilium
2949 3623 3357 3695 cogitationum,
3395 3625 3684 3689 columba;

2117 3738 2302 3780 eorum
2339 3735 2468 3775 vero
2511 3735 2630 3789 qua:
2685 3719 2738 3772 in
2793 3716 2953 3772 bonis
3000 3717 3286 3777 ducimus.
3337 3717 3685 3772 numismata.

2118 3814 2268 3882 Quod
2308 3813 2352 3867 si
2385 3813 2506 3881 quis
2536 3811 2878 3880 expositione
2916 3809 3018 3863 hac
3047 3807 3360 3873 offenditur,
3393 3809 3518 3876 quia
3547 3823 3686 3876 pura

2117 3906 2228 3960 sint
2259 3902 2508 3958 animalia
2538 3917 2658 3972 quae
2705 3903 2758 3954 in
2791 3899 3131 3968 Scripturam
3184 3897 3336 3953 fuere
3378 3908 3686 3965 assumpta,

2117 3995 2404 4050 dicendum
2461 4003 2544 4048 est
2613 3992 2788 4048 dubia:
2859 3990 2986 4045 fidei
3048 3989 3289 4044 futuram
3351 3989 3688 4059 Scripturam

2117 4086 2416 4141 secundum
2448 4085 2852 4154 contingentem
2883 4084 3167 4138 historiam
3191 4123 3206 4147 ,
3239 4081 3285 4137 si
3317 4091 3566 4136 narraret
3602 4082 3688 4135 in-

2117 4191 2299 4246 gressa
2330 4176 2501 4230 fuisse
2545 4175 2649 4228 alia
2691 4175 2949 4228 animalia
2983 4175 3147 4230 etiam
3199 4174 3266 4228 ad
3323 4181 3686 4226 mercaturam

2119 4278 2315 4337 praeter
2346 4282 2408 4320 ea
2441 4283 2562 4336 quae
2596 4266 3042 4328 immolabantur,
3078 4265 3218 4334 quod
3243 4264 3344 4317 diui
3375 4278 3478 4316 non
3507 4271 3689 4332 posset

2119 4360 2348 4413 aliorum
2381 4357 2695 4412 animalium
2726 4371 2969 4428 gregem,
3009 4368 3370 4427 praeterquam
3403 4369 3684 4423 purorum,

2051 4475 2091 4529 υ
2121 4451 2287 4506 fuisse
2311 4453 2363 4505 in
2395 4451 2592 4518 templo
2624 4451 2740 4506 Dei.
2765 4452 3104 4519 Quapropter
3142 4447 3473 4517 evangelista
3493 4486 3508 4511 ,
3540 4445 3687 4514 judi-

2118 4546 2202 4598 cio
2226 4557 2366 4609 meo,
2397 4557 2526 4598 usus
2560 4552 2643 4597 est
2673 4558 2730 4596 re
2763 4543 2872 4603 illa,
2918 4556 3080 4611 quam
3109 4549 3444 4594 mercatores
3483 4537 3685 4598 fecere.
3741 4591 3744 4595 ,

2117 4637 2210 4703 qui
2226 4635 2561 4689 advenerant
2584 4636 2920 4704 temporibus
2939 4631 3290 4688 Iudaicarum
3311 4631 3687 4696 festivitatnm,

2119 4727 2556 4797 induxerantque
2601 4727 2858 4780 animalia
2893 4727 3009 4780 haec
3055 4725 3109 4778 in
3154 4722 3336 4791 templi
3363 4721 3688 4776 vestibulum

2118 4820 2381 4876 exterius.
2419 4817 2589 4872 Porro
2613 4819 2698 4871 cui
2739 4832 2883 4871 curae
2925 4824 3010 4871 est
3049 4814 3355 4869 accuratior
3383 4813 3686 4881 inquisitio,

2120 4910 2486 4968 considerabit
2507 4925 2574 4963 an
2603 4909 2755 4976 juxta
2775 4909 3090 4976 dignitatem
3116 4905 3396 4976 praesentis
3416 4905 3540 4958 vitae
3566 4913 3689 4958 erat

2122 5009 2180 5056 ιιι
2204 4999 2384 5065 Jesus,
2440 5001 2529 5069 qui
2566 4999 2707 5054 fabri
2738 4999 2880 5054 ﬁlius
2923 4999 3211 5068 putabatur
3243 4997 3309 5063 ⁷⁵,
3361 5011 3476 5050 rem
3527 4995 3686 5049 talem

2122 5093 2347 5148 auderet
2402 5091 2623 5158 facere;
2671 5093 2964 5147 extrudere
3020 5089 3274 5146 videlicet
3325 5096 3686 5144 mercatorum

2122 5184 2548 5250 multitudinem,
2598 5183 2690 5254 qui
2739 5183 2808 5238 ad
2863 5183 3005 5239 diem
3059 5183 3256 5240 festum
3302 5179 3684 5244 ascenderant,

2118 5367 2336 5438 χύσθαι.

2190 5439 2304 5516 QQ
2335 5435 2658 5516 Legendum
2700 5436 2936 5516 videtur,
2962 5433 3056 5488 καὶ
3091 5431 3440 5516 ἐλεγκτικῶν.

2191 5506 2303 5576 (54)
2335 5507 2387 5560 In
2407 5508 2591 5568 codice
2622 5507 2974 5576 Regiotlcest
2997 5506 3484 5576 secundntn‘oixoc.

2339 5576 2519 5631 Codex
2544 5566 2764 5640 Regius,
2787 5574 2892 5645 ἢέν
2908 5572 2985 5643 τῷ
3008 5569 3143 5640 ναῷ,
3172 5574 3267 5626 sed
3292 5571 3328 5643 ή
3357 5566 3689 5640 superﬂuum

2120 5657 2305 5787 εείθθ)
2349 5714 2621 5786 Ἀγέλην.
2653 5713 2963 5784 Legendum
2996 5708 3212 5778 ἀγέλης.
