  <div class='ocr_page' id='page_1' title='image "/cluster/home/n/w/nwhite01/storage/ocr_20150623/14:no.4/coo.31924054872928/185.png"; bbox 0 0 4170 6406; ppageno 0'>
   <div class='ocr_carea' id='block_1_1' title="bbox 485 338 583 394">
    <p class='ocr_par' dir='ltr' id='par_1_1' title="bbox 485 338 583 394">
     <span class='ocr_line' id='line_1_1' title="bbox 485 338 583 394; baseline -0.02 0"><span class='ocrx_word' id='word_1_1' title='bbox 485 338 583 394; x_wconf 76' lang='grc'><strong>551</strong></span> 
     </span>
    </p>
   </div>
   <div class='ocr_carea' id='block_1_2' title="bbox 1932 336 2265 412">
    <p class='ocr_par' dir='ltr' id='par_1_2' title="bbox 1932 336 2265 412">
     <span class='ocr_line' id='line_1_2' title="bbox 1932 336 2265 412; baseline -0.012 -18"><span class='ocrx_word' id='word_1_2' title='bbox 1932 336 2265 412; x_wconf 57' lang='lat' dir='ltr'><strong>amassis</strong></span> 
     </span>
    </p>
   </div>
   <div class='ocr_carea' id='block_1_3' title="bbox 3654 339 3753 394">
    <p class='ocr_par' dir='ltr' id='par_1_3' title="bbox 3654 339 3753 394">
     <span class='ocr_line' id='line_1_3' title="bbox 3654 339 3753 394; baseline 0 -1"><span class='ocrx_word' id='word_1_3' title='bbox 3654 339 3753 394; x_wconf 73' lang='lat'><strong>552</strong></span> 
     </span>
    </p>
   </div>
   <div class='ocr_carea' id='block_1_4' title="bbox 485 453 2046 534">
    <p class='ocr_par' dir='ltr' id='par_1_4' title="bbox 485 460 2046 534">
     <span class='ocr_line' id='line_1_4' title="bbox 485 460 2046 534; baseline 0.001 -21"><span class='ocrx_word' id='word_1_4' title='bbox 485 460 832 514; x_wconf 87' lang='lat' dir='ltr'><strong>distributuri</strong></span> <span class='ocrx_word' id='word_1_5' title='bbox 863 461 1032 516; x_wconf 83' lang='lat' dir='ltr'><strong>boves</strong></span> <span class='ocrx_word' id='word_1_6' title='bbox 1058 460 1382 525; x_wconf 87' lang='lat' dir='ltr'><strong>ditioribus,</strong></span> <span class='ocrx_word' id='word_1_7' title='bbox 1415 472 1470 518; x_wconf 89' lang='lat' dir='ltr'><strong>et</strong></span> <span class='ocrx_word' id='word_1_8' title='bbox 1503 472 1654 518; x_wconf 91' lang='lat' dir='ltr'><strong>tanto</strong></span> <span class='ocrx_word' id='word_1_9' title='bbox 1696 462 1891 534; x_wconf 87' lang='lat' dir='ltr'><strong>populo</strong></span> <span class='ocrx_word' id='word_1_10' title='bbox 1934 477 2046 517; x_wconf 76' lang='lat' dir='ltr'><strong>ove:</strong></span> 
     </span>
    </p>
   </div>
   <div class='ocr_carea' id='block_1_5' title="bbox 2149 453 3753 534">
    <p class='ocr_par' dir='ltr' id='par_1_5' title="bbox 2168 453 3753 528">
     <span class='ocr_line' id='line_1_5' title="bbox 2168 453 3753 528; baseline -0.002 -17"><span class='ocrx_word' id='word_1_11' title='bbox 2168 461 2350 528; x_wconf 79' lang='grc' dir='ltr'>ρῆσαι,</span> <span class='ocrx_word' id='word_1_12' title='bbox 2384 457 2524 509; x_wconf 84' lang='grc' dir='ltr'>ὥστε</span> <span class='ocrx_word' id='word_1_13' title='bbox 2555 455 2804 521; x_wconf 78' lang='grc' dir='ltr'><strong>ἐξελάσαι</strong></span> <span class='ocrx_word' id='word_1_14' title='bbox 2859 454 3060 525; x_wconf 82' lang='grc' dir='ltr'>πλῆθος</span> <span class='ocrx_word' id='word_1_15' title='bbox 3087 453 3348 526; x_wconf 81' lang='grc' dir='ltr'><strong>ἐμπόρων</strong></span> <span class='ocrx_word' id='word_1_16' title='bbox 3383 453 3473 506; x_wconf 74' lang='grc' dir='ltr'>ἐπὶ</span> <span class='ocrx_word' id='word_1_17' title='bbox 3504 455 3618 526; x_wconf 81' lang='grc' dir='ltr'>’τὴν</span> <span class='ocrx_word' id='word_1_18' title='bbox 3638 457 3753 527; x_wconf 83' lang='grc' dir='ltr'>ἐορ-</span> 
     </span>
    </p>
   </div>
   <div class='ocr_carea' id='block_1_6' title="bbox 490 553 2061 623">
    <p class='ocr_par' dir='ltr' id='par_1_6' title="bbox 490 553 2061 623">
     <span class='ocr_line' id='line_1_6' title="bbox 490 553 2061 623; baseline 0.004 -21"><span class='ocrx_word' id='word_1_19' title='bbox 490 553 807 606; x_wconf 87' lang='lat' dir='ltr'><strong>mactandas</strong></span> <span class='ocrx_word' id='word_1_20' title='bbox 851 567 947 621; x_wconf 88' lang='lat' dir='ltr'><strong>per</strong></span> <span class='ocrx_word' id='word_1_21' title='bbox 996 555 1187 608; x_wconf 89' lang='lat' dir='ltr'><strong>domos</strong></span> <span class='ocrx_word' id='word_1_22' title='bbox 1222 555 1549 608; x_wconf 85' lang='lat' dir='ltr'><strong>famiiiarum</strong></span> <span class='ocrx_word' id='word_1_23' title='bbox 1605 571 1724 623; x_wconf 74' lang='lat' dir='ltr'><strong>qua:</strong></span> <span class='ocrx_word' id='word_1_24' title='bbox 1774 555 2061 609; x_wconf 85' lang='lat' dir='ltr'><strong>multorum</strong></span> 
     </span>
    </p>
   </div>
   <div class='ocr_carea' id='block_1_7' title="bbox 487 642 2062 714">
    <p class='ocr_par' dir='ltr' id='par_1_7' title="bbox 487 642 2062 714">
     <span class='ocr_line' id='line_1_7' title="bbox 487 642 2062 714; baseline 0.004 -21"><span class='ocrx_word' id='word_1_25' title='bbox 487 642 711 696; x_wconf 84' lang='lat' dir='ltr'><strong>millium</strong></span> <span class='ocrx_word' id='word_1_26' title='bbox 771 645 1108 714; x_wconf 83' lang='lat' dir='ltr'><strong>complerent</strong></span> <span class='ocrx_word' id='word_1_27' title='bbox 1160 662 1480 710; x_wconf 85' lang='lat' dir='ltr'><strong>numerum;</strong></span> <span class='ocrx_word' id='word_1_28' title='bbox 1544 656 1707 714; x_wconf 84' lang='lat' dir='ltr'><strong>alque</strong></span> <span class='ocrx_word' id='word_1_29' title='bbox 1744 660 1836 700; x_wconf 89' lang='lat' dir='ltr'><strong>eos</strong></span> <span class='ocrx_word' id='word_1_30' title='bbox 1883 645 1973 714; x_wconf 86' lang='lat' dir='ltr'><strong>qui</strong></span> <span class='ocrx_word' id='word_1_31' title='bbox 2009 646 2062 700; x_wconf 90' lang='lat' dir='ltr'><strong>in</strong></span> 
     </span>
    </p>
   </div>
   <div class='ocr_carea' id='block_1_8' title="bbox 489 733 2062 807">
    <p class='ocr_par' dir='ltr' id='par_1_8' title="bbox 489 733 2062 807">
     <span class='ocr_line' id='line_1_8' title="bbox 489 733 2062 807; baseline 0.004 -23"><span class='ocrx_word' id='word_1_32' title='bbox 489 733 651 786; x_wconf 83' lang='lat' dir='ltr'><strong>rebus</strong></span> <span class='ocrx_word' id='word_1_33' title='bbox 710 733 907 788; x_wconf 90' lang='lat' dir='ltr'><strong>talibus</strong></span> <span class='ocrx_word' id='word_1_34' title='bbox 965 734 1262 805; x_wconf 77' lang='lat' dir='ltr'><strong>gloriantes</strong></span> <span class='ocrx_word' id='word_1_35' title='bbox 1327 737 1640 807; x_wconf 90' lang='lat' dir='ltr'><strong>producturi</strong></span> <span class='ocrx_word' id='word_1_36' title='bbox 1712 737 1762 790; x_wconf 91' lang='lat' dir='ltr'><strong>in</strong></span> <span class='ocrx_word' id='word_1_37' title='bbox 1827 737 2062 790; x_wconf 90' lang='lat' dir='ltr'><strong>medium</strong></span> 
     </span>
    </p>
   </div>
   <div class='ocr_carea' id='block_1_9' title="bbox 487 822 2062 896">
    <p class='ocr_par' dir='ltr' id='par_1_9' title="bbox 487 822 2062 896">
     <span class='ocr_line' id='line_1_9' title="bbox 487 822 2062 896; baseline 0.004 -22"><span class='ocrx_word' id='word_1_38' title='bbox 487 832 648 876; x_wconf 84' lang='lat' dir='ltr'><strong>erant</strong></span> <span class='ocrx_word' id='word_1_39' title='bbox 677 822 979 888; x_wconf 85' lang='lat' dir='ltr'><strong>columbas,</strong></span> <span class='ocrx_word' id='word_1_40' title='bbox 1013 841 1148 895; x_wconf 89' lang='lat' dir='ltr'><strong>quas</strong></span> <span class='ocrx_word' id='word_1_41' title='bbox 1180 827 1330 880; x_wconf 92' lang='lat' dir='ltr'><strong>multi</strong></span> <span class='ocrx_word' id='word_1_42' title='bbox 1362 830 1592 896; x_wconf 92' lang='lat' dir='ltr'><strong>empturi</strong></span> <span class='ocrx_word' id='word_1_43' title='bbox 1639 837 1796 882; x_wconf 89' lang='lat' dir='ltr'><strong>erant</strong></span> <span class='ocrx_word' id='word_1_44' title='bbox 1821 869 1834 893; x_wconf 97' lang='lat'><strong>,</strong></span> <span class='ocrx_word' id='word_1_45' title='bbox 1870 843 1966 880; x_wconf 88' lang='lat' dir='ltr'><strong>ceu</strong></span> <span class='ocrx_word' id='word_1_46' title='bbox 2009 828 2062 881; x_wconf 90' lang='lat' dir='ltr'><strong>in</strong></span> 
     </span>
    </p>
   </div>
   <div class='ocr_carea' id='block_1_10' title="bbox 487 917 2065 974">
    <p class='ocr_par' dir='ltr' id='par_1_10' title="bbox 487 917 2065 974">
     <span class='ocr_line' id='line_1_10' title="bbox 487 917 2065 974; baseline 0.004 -9"><span class='ocrx_word' id='word_1_47' title='bbox 487 926 756 968; x_wconf 82' lang='lat' dir='ltr'><strong>conventu</strong></span> <span class='ocrx_word' id='word_1_48' title='bbox 815 917 1179 973; x_wconf 87' lang='lat' dir='ltr'><strong>celeberrimo</strong></span> <span class='ocrx_word' id='word_1_49' title='bbox 1237 920 1600 972; x_wconf 86' lang='lat' dir='ltr'><strong>convivaturi.</strong></span> <span class='ocrx_word' id='word_1_50' title='bbox 1677 919 2065 974; x_wconf 87' lang='lat' dir='ltr'><strong>Considerabit</strong></span> 
     </span>
    </p>
   </div>
   <div class='ocr_carea' id='block_1_11' title="bbox 489 1008 2061 1067">
    <p class='ocr_par' dir='ltr' id='par_1_11' title="bbox 489 1008 2061 1067">
     <span class='ocr_line' id='line_1_11' title="bbox 489 1008 2061 1067; baseline 0.007 -11"><span class='ocrx_word' id='word_1_51' title='bbox 489 1008 652 1059; x_wconf 87' lang='lat' dir='ltr'><strong>etiam</strong></span> <span class='ocrx_word' id='word_1_52' title='bbox 683 1023 749 1060; x_wconf 90' lang='lat' dir='ltr'><strong>an</strong></span> <span class='ocrx_word' id='word_1_53' title='bbox 784 1009 1269 1064; x_wconf 65' lang='grc' dir='ltr'><strong>11111111111113Γ101⁵11111</strong></span> <span class='ocrx_word' id='word_1_54' title='bbox 1312 1020 1431 1064; x_wconf 88' lang='lat' dir='ltr'><strong>erat</strong></span> <span class='ocrx_word' id='word_1_55' title='bbox 1455 1027 1558 1063; x_wconf 81' lang='grc'><strong>11011</strong></span> <span class='ocrx_word' id='word_1_56' title='bbox 1600 1027 1855 1065; x_wconf 84' lang='lat' dir='ltr'><strong>accusare</strong></span> <span class='ocrx_word' id='word_1_57' title='bbox 1880 1012 2061 1067; x_wconf 86' lang='lat' dir='ltr'><strong>Jesum</strong></span> 
     </span>
    </p>
   </div>
   <div class='ocr_carea' id='block_1_12' title="bbox 491 1096 2064 1170">
    <p class='ocr_par' dir='ltr' id='par_1_12' title="bbox 491 1096 2064 1170">
     <span class='ocr_line' id='line_1_12' title="bbox 491 1096 2064 1170; baseline 0.007 -23"><span class='ocrx_word' id='word_1_58' title='bbox 491 1096 701 1163; x_wconf 71' lang='lat' dir='ltr'><strong>injuriae</strong></span> <span class='ocrx_word' id='word_1_59' title='bbox 736 1109 956 1167; x_wconf 85' lang='lat' dir='ltr'><strong>propter</strong></span> <span class='ocrx_word' id='word_1_60' title='bbox 991 1116 1119 1155; x_wconf 89' lang='lat' dir='ltr'><strong>suas</strong></span> <span class='ocrx_word' id='word_1_61' title='bbox 1165 1102 1410 1170; x_wconf 89' lang='lat' dir='ltr'><strong>ipsorum</strong></span> <span class='ocrx_word' id='word_1_62' title='bbox 1461 1101 1658 1156; x_wconf 77' lang='lat' dir='ltr'><strong>ellusas</strong></span> <span class='ocrx_word' id='word_1_63' title='bbox 1707 1105 1961 1170; x_wconf 75' lang='lat' dir='ltr'><strong>pecunias</strong></span> <span class='ocrx_word' id='word_1_64' title='bbox 2009 1114 2064 1158; x_wconf 91' lang='lat' dir='ltr'><strong>et</strong></span> 
     </span>
    </p>
   </div>
   <div class='ocr_carea' id='block_1_13' title="bbox 489 1192 2063 1265">
    <p class='ocr_par' dir='ltr' id='par_1_13' title="bbox 489 1192 2063 1265">
     <span class='ocr_line' id='line_1_13' title="bbox 489 1192 2063 1265; baseline 0.007 -25"><span class='ocrx_word' id='word_1_65' title='bbox 489 1203 706 1244; x_wconf 86' lang='lat' dir='ltr'><strong>mensas</strong></span> <span class='ocrx_word' id='word_1_66' title='bbox 734 1192 1049 1248; x_wconf 77' lang='lat' dir='ltr'><strong>subversas.</strong></span> <span class='ocrx_word' id='word_1_67' title='bbox 1085 1194 1245 1265; x_wconf 74' lang='lat'><strong>186</strong></span> <span class='ocrx_word' id='word_1_68' title='bbox 1275 1195 1405 1260; x_wconf 87' lang='lat' dir='ltr'><strong>Quis</strong></span> <span class='ocrx_word' id='word_1_69' title='bbox 1445 1206 1620 1248; x_wconf 88' lang='lat' dir='ltr'><strong>autem</strong></span> <span class='ocrx_word' id='word_1_70' title='bbox 1643 1194 1900 1264; x_wconf 81' lang='lat' dir='ltr'><strong>ﬂagelloe</strong></span> <span class='ocrx_word' id='word_1_71' title='bbox 1927 1196 2063 1251; x_wconf 75' lang='lat' dir='ltr'><strong>finii-</strong></span> 
     </span>
    </p>
   </div>
   <div class='ocr_carea' id='block_1_14' title="bbox 490 1279 2060 1356">
    <p class='ocr_par' dir='ltr' id='par_1_14' title="bbox 490 1279 2060 1356">
     <span class='ocr_line' id='line_1_14' title="bbox 490 1279 2060 1356; baseline 0.01 -27"><span class='ocrx_word' id='word_1_72' title='bbox 490 1279 630 1334; x_wconf 84' lang='lat' dir='ltr'><strong>culis</strong></span> <span class='ocrx_word' id='word_1_73' title='bbox 662 1284 1000 1351; x_wconf 86' lang='lat' dir='ltr'><strong>verberatus,</strong></span> <span class='ocrx_word' id='word_1_74' title='bbox 1037 1287 1402 1355; x_wconf 79' lang='lat' dir='ltr'><strong>expulsusque</strong></span> <span class='ocrx_word' id='word_1_75' title='bbox 1443 1285 1510 1339; x_wconf 89' lang='lat' dir='ltr'><strong>ab</strong></span> <span class='ocrx_word' id='word_1_76' title='bbox 1548 1302 1612 1341; x_wconf 87' lang='lat' dir='ltr'><strong>eo</strong></span> <span class='ocrx_word' id='word_1_77' title='bbox 1645 1288 1735 1356; x_wconf 91' lang='lat' dir='ltr'><strong>qui</strong></span> <span class='ocrx_word' id='word_1_78' title='bbox 1769 1303 1933 1356; x_wconf 87' lang='lat' dir='ltr'><strong>penes</strong></span> <span class='ocrx_word' id='word_1_79' title='bbox 1963 1304 2060 1344; x_wconf 90' lang='lat' dir='ltr'><strong>eos</strong></span> 
     </span>
    </p>
   </div>
   <div class='ocr_carea' id='block_1_15' title="bbox 495 1371 2062 1444">
    <p class='ocr_par' dir='ltr' id='par_1_15' title="bbox 495 1371 2062 1444">
     <span class='ocr_line' id='line_1_15' title="bbox 495 1371 2062 1444; baseline 0.01 -24"><span class='ocrx_word' id='word_1_80' title='bbox 495 1371 795 1427; x_wconf 81' lang='lat' dir='ltr'><strong>habebatur</strong></span> <span class='ocrx_word' id='word_1_81' title='bbox 814 1375 953 1441; x_wconf 84' lang='lat' dir='ltr'><strong>vilis,</strong></span> <span class='ocrx_word' id='word_1_82' title='bbox 985 1379 1130 1430; x_wconf 90' lang='lat' dir='ltr'><strong>hunc</strong></span> <span class='ocrx_word' id='word_1_83' title='bbox 1162 1379 1382 1432; x_wconf 91' lang='lat' dir='ltr'><strong>adortus</strong></span> <span class='ocrx_word' id='word_1_84' title='bbox 1408 1396 1511 1432; x_wconf 92' lang='lat' dir='ltr'><strong>non</strong></span> <span class='ocrx_word' id='word_1_85' title='bbox 1537 1379 1908 1444; x_wconf 89' lang='lat' dir='ltr'><strong>inclamasset,</strong></span> <span class='ocrx_word' id='word_1_86' title='bbox 1937 1382 2062 1435; x_wconf 91' lang='lat' dir='ltr'><strong>totis</strong></span> 
     </span>
    </p>
   </div>
   <div class='ocr_carea' id='block_1_16' title="bbox 490 1463 2060 1539">
    <p class='ocr_par' dir='ltr' id='par_1_16' title="bbox 490 1463 2060 1539">
     <span class='ocr_line' id='line_1_16' title="bbox 490 1463 2060 1539; baseline 0.01 -28"><span class='ocrx_word' id='word_1_87' title='bbox 490 1463 696 1518; x_wconf 85' lang='lat' dir='ltr'><strong>viribus</strong></span> <span class='ocrx_word' id='word_1_88' title='bbox 721 1480 842 1520; x_wconf 87' lang='lat' dir='ltr'><strong>sese</strong></span> <span class='ocrx_word' id='word_1_89' title='bbox 879 1467 1167 1532; x_wconf 89' lang='lat' dir='ltr'><strong>ulciscens,</strong></span> <span class='ocrx_word' id='word_1_90' title='bbox 1217 1486 1340 1522; x_wconf 91' lang='lat' dir='ltr'><strong>cum</strong></span> <span class='ocrx_word' id='word_1_91' title='bbox 1385 1472 1685 1539; x_wconf 66' lang='lat' dir='ltr'><strong>prmsertim</strong></span> <span class='ocrx_word' id='word_1_92' title='bbox 1723 1482 1928 1526; x_wconf 89' lang='lat' dir='ltr'><strong>tantam</strong></span> <span class='ocrx_word' id='word_1_93' title='bbox 1961 1475 2060 1527; x_wconf 84' lang='lat' dir='ltr'><strong>ha-</strong></span> 
     </span>
    </p>
   </div>
   <div class='ocr_carea' id='block_1_17' title="bbox 491 1551 2062 1632">
    <p class='ocr_par' dir='ltr' id='par_1_17' title="bbox 491 1551 2062 1632">
     <span class='ocr_line' id='line_1_17' title="bbox 491 1551 2062 1632; baseline 0.01 -29"><span class='ocrx_word' id='word_1_94' title='bbox 491 1551 645 1607; x_wconf 87' lang='lat' dir='ltr'><strong>beret</strong></span> <span class='ocrx_word' id='word_1_95' title='bbox 670 1554 1066 1612; x_wconf 88' lang='lat' dir='ltr'><strong>multitudinem</strong></span> <span class='ocrx_word' id='word_1_96' title='bbox 1098 1573 1285 1612; x_wconf 85' lang='lat' dir='ltr'><strong>eorum</strong></span> <span class='ocrx_word' id='word_1_97' title='bbox 1314 1561 1405 1629; x_wconf 90' lang='lat' dir='ltr'><strong>qui</strong></span> <span class='ocrx_word' id='word_1_98' title='bbox 1446 1562 1547 1615; x_wconf 86' lang='lat' dir='ltr'><strong>sibi</strong></span> <span class='ocrx_word' id='word_1_99' title='bbox 1591 1579 1746 1632; x_wconf 70' lang='lat' dir='ltr'><strong>aeque</strong></span> <span class='ocrx_word' id='word_1_100' title='bbox 1782 1575 2062 1619; x_wconf 85' lang='lat' dir='ltr'><strong>contume-</strong></span> 
     </span>
    </p>
   </div>
   <div class='ocr_carea' id='block_1_18' title="bbox 491 1642 2062 1713">
    <p class='ocr_par' dir='ltr' id='par_1_18' title="bbox 491 1642 2062 1713">
     <span class='ocr_line' id='line_1_18' title="bbox 491 1642 2062 1713; baseline 0.011 -20"><span class='ocrx_word' id='word_1_101' title='bbox 491 1642 616 1696; x_wconf 84' lang='lat' dir='ltr'><strong>liam</strong></span> <span class='ocrx_word' id='word_1_102' title='bbox 641 1643 755 1699; x_wconf 85' lang='lat' dir='ltr'><strong>fieri</strong></span> <span class='ocrx_word' id='word_1_103' title='bbox 781 1647 1093 1713; x_wconf 83' lang='lat' dir='ltr'><strong>credebant,</strong></span> <span class='ocrx_word' id='word_1_104' title='bbox 1120 1649 1391 1703; x_wconf 87' lang='lat' dir='ltr'><strong>faventem</strong></span> <span class='ocrx_word' id='word_1_105' title='bbox 1415 1652 1516 1704; x_wconf 86' lang='lat' dir='ltr'><strong>sibi</strong></span> <span class='ocrx_word' id='word_1_106' title='bbox 1541 1655 1829 1708; x_wconf 88' lang='lat' dir='ltr'><strong>adversum</strong></span> <span class='ocrx_word' id='word_1_107' title='bbox 1852 1653 2062 1710; x_wconf 82' lang='lat' dir='ltr'><strong>Jesum?</strong></span> 
     </span>
    </p>
   </div>
   <div class='ocr_carea' id='block_1_19' title="bbox 491 1731 2057 1801">
    <p class='ocr_par' dir='ltr' id='par_1_19' title="bbox 491 1731 2057 1801">
     <span class='ocr_line' id='line_1_19' title="bbox 491 1731 2057 1801; baseline 0.009 -18"><span class='ocrx_word' id='word_1_108' title='bbox 491 1731 714 1801; x_wconf 85' lang='lat' dir='ltr'><strong>Insuper</strong></span> <span class='ocrx_word' id='word_1_109' title='bbox 744 1736 1154 1791; x_wconf 86' lang='lat' dir='ltr'><strong>consideremus</strong></span> <span class='ocrx_word' id='word_1_110' title='bbox 1186 1738 1274 1791; x_wconf 87' lang='lat' dir='ltr'><strong>Dei</strong></span> <span class='ocrx_word' id='word_1_111' title='bbox 1301 1737 1494 1791; x_wconf 87' lang='lat' dir='ltr'><strong>Filium</strong></span> <span class='ocrx_word' id='word_1_112' title='bbox 1531 1739 1802 1795; x_wconf 90' lang='lat' dir='ltr'><strong>funiculos</strong></span> <span class='ocrx_word' id='word_1_113' title='bbox 1835 1757 2057 1796; x_wconf 90' lang='lat' dir='ltr'><strong>sumen-</strong></span> 
     </span>
    </p>
   </div>
   <div class='ocr_carea' id='block_1_20' title="bbox 2163 545 3754 620">
    <p class='ocr_par' dir='ltr' id='par_1_20' title="bbox 2163 545 3754 620">
     <span class='ocr_line' id='line_1_20' title="bbox 2163 545 3754 620; baseline -0.001 -19"><span class='ocrx_word' id='word_1_114' title='bbox 2163 548 2262 620; x_wconf 79' lang='grc' dir='ltr'><strong>τὴν</strong></span> <span class='ocrx_word' id='word_1_115' title='bbox 2295 547 2694 618; x_wconf 89' lang='grc' dir='ltr'>ἀνεληλυθότων</span> <span class='ocrx_word' id='word_1_116' title='bbox 2723 545 2960 616; x_wconf 82' lang='grc' dir='ltr'>τοσούτῳ</span> <span class='ocrx_word' id='word_1_117' title='bbox 2992 546 3333 599; x_wconf 72' lang='grc' dir='ltr'><strong>ἀποδίδοσθαι</strong></span> <span class='ocrx_word' id='word_1_118' title='bbox 3361 545 3472 615; x_wconf 86' lang='grc' dir='ltr'>λαῷ</span> <span class='ocrx_word' id='word_1_119' title='bbox 3497 547 3754 616; x_wconf 83' lang='grc' dir='ltr'>πρόϐατα</span> 
     </span>
    </p>
   </div>
   <div class='ocr_carea' id='block_1_21' title="bbox 2162 637 3746 712">
    <p class='ocr_par' dir='ltr' id='par_1_21' title="bbox 2162 637 3746 712">
     <span class='ocr_line' id='line_1_21' title="bbox 2162 637 3746 712; baseline -0.003 -17"><span class='ocrx_word' id='word_1_120' title='bbox 2162 643 2503 712; x_wconf 81' lang='grc' dir='ltr'>τυθησόμενα</span> <span class='ocrx_word' id='word_1_121' title='bbox 2525 643 2644 694; x_wconf 79' lang='grc' dir='ltr'>κατ’</span> <span class='ocrx_word' id='word_1_122' title='bbox 2677 640 2855 702; x_wconf 72' lang='grc' dir='ltr'>οἴκους</span> <span class='ocrx_word' id='word_1_123' title='bbox 2883 637 3125 708; x_wconf 86' lang='grc' dir='ltr'>πατριῶν</span> <span class='ocrx_word' id='word_1_124' title='bbox 3158 637 3356 699; x_wconf 84' lang='grc' dir='ltr'>αὐτῶν,</span> <span class='ocrx_word' id='word_1_125' title='bbox 3397 638 3453 688; x_wconf 86' lang='grc' dir='ltr'><strong>ἐν</strong></span> <span class='ocrx_word' id='word_1_126' title='bbox 3481 637 3746 690; x_wconf 81' lang='grc' dir='ltr'>πλειόνων</span> 
     </span>
    </p>
   </div>
   <div class='ocr_carea' id='block_1_22' title="bbox 2167 729 3750 808">
    <p class='ocr_par' dir='ltr' id='par_1_22' title="bbox 2167 729 3750 808">
     <span class='ocr_line' id='line_1_22' title="bbox 2167 729 3750 808; baseline -0.005 -20"><span class='ocrx_word' id='word_1_127' title='bbox 2167 736 2442 808; x_wconf 79' lang='grc' dir='ltr'><strong>μυριάδων</strong></span> <span class='ocrx_word' id='word_1_128' title='bbox 2481 733 2700 806; x_wconf 81' lang='grc' dir='ltr'>ἀριθμῷ</span> <span class='ocrx_word' id='word_1_129' title='bbox 2739 731 3091 802; x_wconf 78' lang='grc' dir='ltr'><strong>τυγχάνοντα,</strong></span> <span class='ocrx_word' id='word_1_130' title='bbox 3128 731 3220 782; x_wconf 76' lang='grc' dir='ltr'><strong>καὶ</strong></span> <span class='ocrx_word' id='word_1_131' title='bbox 3269 729 3394 798; x_wconf 87' lang='grc' dir='ltr'>βοῦς</span> <span class='ocrx_word' id='word_1_132' title='bbox 3437 731 3552 786; x_wconf 74' lang='grc' dir='ltr'>τοῖς</span> <span class='ocrx_word' id='word_1_133' title='bbox 3583 730 3750 781; x_wconf 88' lang='grc' dir='ltr'>πλου-</span> 
     </span>
    </p>
   </div>
   <div class='ocr_carea' id='block_1_23' title="bbox 2166 821 3746 898">
    <p class='ocr_par' dir='ltr' id='par_1_23' title="bbox 2166 821 3746 898">
     <span class='ocr_line' id='line_1_23' title="bbox 2166 821 3746 898; baseline -0.006 -17"><span class='ocrx_word' id='word_1_134' title='bbox 2166 829 2461 898; x_wconf 86' lang='grc' dir='ltr'>σιωτέροις,</span> <span class='ocrx_word' id='word_1_135' title='bbox 2497 828 2592 880; x_wconf 76' lang='grc' dir='ltr'><strong>καὶ</strong></span> <span class='ocrx_word' id='word_1_136' title='bbox 2640 825 2936 897; x_wconf 87' lang='grc' dir='ltr'>τηλικαῦτα</span> <span class='ocrx_word' id='word_1_137' title='bbox 2976 822 3292 892; x_wconf 75' lang='grc' dir='ltr'>εὐξαμένοις</span> <span class='ocrx_word' id='word_1_138' title='bbox 3324 821 3746 892; x_wconf 85' lang='grc' dir='ltr'>παραστησομέ-</span> 
     </span>
    </p>
   </div>
   <div class='ocr_carea' id='block_1_24' title="bbox 2163 912 3748 990">
    <p class='ocr_par' dir='ltr' id='par_1_24' title="bbox 2163 912 3748 990">
     <span class='ocr_line' id='line_1_24' title="bbox 2163 912 3748 990; baseline -0.005 -18"><span class='ocrx_word' id='word_1_139' title='bbox 2163 937 2306 983; x_wconf 85' lang='grc' dir='ltr'>νους,</span> <span class='ocrx_word' id='word_1_140' title='bbox 2337 918 2662 990; x_wconf 84' lang='grc' dir='ltr'>περιστεράς</span> <span class='ocrx_word' id='word_1_141' title='bbox 2682 935 2762 980; x_wconf 89' lang='grc' dir='ltr'><strong>τε,</strong></span> <span class='ocrx_word' id='word_1_142' title='bbox 2808 917 2874 980; x_wconf 78' lang='grc' dir='ltr'><strong>ἀς</strong></span> <span class='ocrx_word' id='word_1_143' title='bbox 2913 933 3056 978; x_wconf 87' lang='grc' dir='ltr'>τινες</span> <span class='ocrx_word' id='word_1_144' title='bbox 3086 914 3266 966; x_wconf 79' lang='grc' dir='ltr'>πολλοὶ</span> <span class='ocrx_word' id='word_1_145' title='bbox 3294 912 3367 975; x_wconf 86' lang='grc' dir='ltr'>ὡς</span> <span class='ocrx_word' id='word_1_146' title='bbox 3406 916 3463 966; x_wconf 88' lang='grc' dir='ltr'><strong>ἐν</strong></span> <span class='ocrx_word' id='word_1_147' title='bbox 3493 913 3748 982; x_wconf 84' lang='grc' dir='ltr'>πανηγύ-</span> 
     </span>
    </p>
   </div>
   <div class='ocr_carea' id='block_1_25' title="bbox 2168 999 3748 1081">
    <p class='ocr_par' dir='ltr' id='par_1_25' title="bbox 2168 999 3748 1081">
     <span class='ocr_line' id='line_1_25' title="bbox 2168 999 3748 1081; baseline -0.006 -19"><span class='ocrx_word' id='word_1_148' title='bbox 2168 1027 2247 1081; x_wconf 89' lang='grc' dir='ltr'><strong>ρει</strong></span> <span class='ocrx_word' id='word_1_149' title='bbox 2288 1009 2758 1079; x_wconf 80' lang='grc' dir='ltr'>εὐωχηθησόμενοι</span> <span class='ocrx_word' id='word_1_150' title='bbox 2788 1006 3020 1060; x_wconf 78' lang='grc' dir='ltr'>ὠνοῦντο</span> <span class='ocrx_word' id='word_1_151' title='bbox 3040 1005 3104 1058; x_wconf 75' lang='grc' dir='ltr'>ἄν</span> <span class='ocrx_word' id='word_1_152' title='bbox 3127 1020 3140 1033; x_wconf 82' lang='grc'><strong>’</strong></span> <span class='ocrx_word' id='word_1_153' title='bbox 3178 1003 3284 1056; x_wconf 90' lang='grc' dir='ltr'><strong>τῶν</strong></span> <span class='ocrx_word' id='word_1_154' title='bbox 3309 1019 3366 1054; x_wconf 89' lang='grc' dir='ltr'><strong>τε</strong></span> <span class='ocrx_word' id='word_1_155' title='bbox 3399 999 3748 1073; x_wconf 77' lang='grc' dir='ltr'><strong>τραπεζιτῶν</strong></span> 
     </span>
    </p>
   </div>
   <div class='ocr_carea' id='block_1_26' title="bbox 2167 1090 3751 1168">
    <p class='ocr_par' dir='ltr' id='par_1_26' title="bbox 2167 1090 3751 1168">
     <span class='ocr_line' id='line_1_26' title="bbox 2167 1090 3751 1168; baseline -0.006 -17"><span class='ocrx_word' id='word_1_156' title='bbox 2167 1098 2241 1168; x_wconf 84' lang='grc' dir='ltr'>μὴ</span> <span class='ocrx_word' id='word_1_157' title='bbox 2291 1097 2501 1168; x_wconf 76' lang='grc' dir='ltr'>ὕϐρεως</span> <span class='ocrx_word' id='word_1_158' title='bbox 2548 1097 2922 1167; x_wconf 78' lang='grc' dir='ltr'>κατηγορῆσαι</span> <span class='ocrx_word' id='word_1_159' title='bbox 2964 1094 3060 1147; x_wconf 89' lang='grc' dir='ltr'><strong>τοῦ</strong></span> <span class='ocrx_word' id='word_1_160' title='bbox 3107 1090 3278 1162; x_wconf 80' lang='grc' dir='ltr'>Ἰησοῦ</span> <span class='ocrx_word' id='word_1_161' title='bbox 3331 1091 3634 1160; x_wconf 80' lang='grc' dir='ltr'>ἐκχεόμενα</span> <span class='ocrx_word' id='word_1_162' title='bbox 3679 1090 3751 1142; x_wconf 75' lang='grc' dir='ltr'>τὰ</span> 
     </span>
    </p>
   </div>
   <div class='ocr_carea' id='block_1_27' title="bbox 2165 1180 3749 1256">
    <p class='ocr_par' dir='ltr' id='par_1_27' title="bbox 2165 1180 3749 1256">
     <span class='ocr_line' id='line_1_27' title="bbox 2165 1180 3749 1256; baseline -0.004 -18"><span class='ocrx_word' id='word_1_163' title='bbox 2165 1185 2270 1238; x_wconf 84' lang='grc' dir='ltr'>ῐδια</span> <span class='ocrx_word' id='word_1_164' title='bbox 2322 1185 2500 1238; x_wconf 72' lang='grc' dir='ltr'>αὐτῶν</span> <span class='ocrx_word' id='word_1_165' title='bbox 2554 1189 2805 1256; x_wconf 77' lang='grc' dir='ltr'>χρήματα</span> <span class='ocrx_word' id='word_1_166' title='bbox 2831 1185 2965 1254; x_wconf 79' lang='lat'><strong>(57),</strong></span> <span class='ocrx_word' id='word_1_167' title='bbox 3015 1184 3108 1236; x_wconf 76' lang='grc' dir='ltr'><strong>καὶ</strong></span> <span class='ocrx_word' id='word_1_168' title='bbox 3159 1181 3603 1251; x_wconf 82' lang='grc' dir='ltr'>ἀνατρεπομένας</span> <span class='ocrx_word' id='word_1_169' title='bbox 3644 1180 3749 1243; x_wconf 88' lang='grc' dir='ltr'><strong>τάς</strong></span> 
     </span>
    </p>
   </div>
   <div class='ocr_carea' id='block_1_28' title="bbox 2161 1269 3748 1347">
    <p class='ocr_par' dir='ltr' id='par_1_28' title="bbox 2161 1269 3748 1347">
     <span class='ocr_line' id='line_1_28' title="bbox 2161 1269 3748 1347; baseline -0.003 -20"><span class='ocrx_word' id='word_1_170' title='bbox 2161 1275 2455 1347; x_wconf 78' lang='grc' dir='ltr'>τραπέζας.</span> <span class='ocrx_word' id='word_1_171' title='bbox 2499 1278 2592 1340; x_wconf 88' lang='grc' dir='ltr'>Τίς</span> <span class='ocrx_word' id='word_1_172' title='bbox 2624 1278 2680 1330; x_wconf 84' lang='grc' dir='ltr'><strong>δὲ</strong></span> <span class='ocrx_word' id='word_1_173' title='bbox 2705 1276 2782 1346; x_wconf 83' lang='grc' dir='ltr'><strong>τῷ</strong></span> <span class='ocrx_word' id='word_1_174' title='bbox 2804 1278 2868 1328; x_wconf 88' lang='grc' dir='ltr'><strong>ἐκ</strong></span> <span class='ocrx_word' id='word_1_175' title='bbox 2891 1274 3138 1344; x_wconf 78' lang='grc' dir='ltr'>σχοινίων</span> <span class='ocrx_word' id='word_1_176' title='bbox 3168 1271 3472 1342; x_wconf 83' lang='grc' dir='ltr'>φραγελλίῳ</span> <span class='ocrx_word' id='word_1_177' title='bbox 3506 1269 3616 1322; x_wconf 83' lang='grc' dir='ltr'><strong>ὑπὸ</strong></span> <span class='ocrx_word' id='word_1_178' title='bbox 3649 1270 3748 1322; x_wconf 83' lang='grc' dir='ltr'><strong>τοῦ</strong></span> 
     </span>
    </p>
   </div>
   <div class='ocr_carea' id='block_1_29' title="bbox 2161 1365 3754 1440">
    <p class='ocr_par' dir='ltr' id='par_1_29' title="bbox 2161 1365 3754 1440">
     <span class='ocr_line' id='line_1_29' title="bbox 2161 1365 3754 1440; baseline -0.004 -18"><span class='ocrx_word' id='word_1_179' title='bbox 2161 1368 2516 1440; x_wconf 77' lang='grc' dir='ltr'>νομιζομένου</span> <span class='ocrx_word' id='word_1_180' title='bbox 2551 1373 2678 1440; x_wconf 87' lang='grc' dir='ltr'>παρ’</span> <span class='ocrx_word' id='word_1_181' title='bbox 2719 1371 2899 1431; x_wconf 77' lang='grc' dir='ltr'>αὐτοῖς</span> <span class='ocrx_word' id='word_1_182' title='bbox 2948 1365 3197 1428; x_wconf 77' lang='grc' dir='ltr'>εὐτελοῦς</span> <span class='ocrx_word' id='word_1_183' title='bbox 3247 1365 3609 1435; x_wconf 77' lang='grc' dir='ltr'>τυπτόμενος,</span> <span class='ocrx_word' id='word_1_184' title='bbox 3653 1365 3754 1416; x_wconf 72' lang='grc' dir='ltr'>καὶ</span> 
     </span>
    </p>
   </div>
   <div class='ocr_carea' id='block_1_30' title="bbox 2161 1457 3752 1533">
    <p class='ocr_par' dir='ltr' id='par_1_30' title="bbox 2161 1457 3752 1533">
     <span class='ocr_line' id='line_1_30' title="bbox 2161 1457 3752 1533; baseline -0.004 -19"><span class='ocrx_word' id='word_1_185' title='bbox 2161 1463 2614 1533; x_wconf 75' lang='grc' dir='ltr'>ἀπελαυνόμενος,</span> <span class='ocrx_word' id='word_1_186' title='bbox 2685 1463 2785 1514; x_wconf 86' lang='grc' dir='ltr'><strong>οὐκ</strong></span> <span class='ocrx_word' id='word_1_187' title='bbox 2838 1459 2902 1513; x_wconf 85' lang='grc' dir='ltr'><strong>ἂν</strong></span> <span class='ocrx_word' id='word_1_188' title='bbox 2961 1459 3348 1528; x_wconf 83' lang='grc' dir='ltr'>ἐπιλαϐόμενος</span> <span class='ocrx_word' id='word_1_189' title='bbox 3413 1457 3752 1526; x_wconf 87' lang='grc' dir='ltr'>κατεϐόησε,</span> 
     </span>
    </p>
   </div>
   <div class='ocr_carea' id='block_1_31' title="bbox 2161 1547 3756 1626">
    <p class='ocr_par' dir='ltr' id='par_1_31' title="bbox 2161 1547 3756 1626">
     <span class='ocr_line' id='line_1_31' title="bbox 2161 1547 3756 1626; baseline -0.005 -19"><span class='ocrx_word' id='word_1_190' title='bbox 2161 1555 2254 1607; x_wconf 73' lang='grc' dir='ltr'><strong>καὶ</strong></span> <span class='ocrx_word' id='word_1_191' title='bbox 2300 1557 2362 1607; x_wconf 86' lang='grc' dir='ltr'><strong>ἐκ</strong></span> <span class='ocrx_word' id='word_1_192' title='bbox 2413 1555 2592 1626; x_wconf 82' lang='grc' dir='ltr'>χειρὸς</span> <span class='ocrx_word' id='word_1_193' title='bbox 2624 1555 2722 1624; x_wconf 79' lang='grc' dir='ltr'>τὴν</span> <span class='ocrx_word' id='word_1_194' title='bbox 2751 1555 2904 1622; x_wconf 87' lang='grc' dir='ltr'>δίκην</span> <span class='ocrx_word' id='word_1_195' title='bbox 2930 1553 3240 1621; x_wconf 80' lang='grc' dir='ltr'>ἐποιήσατο,</span> <span class='ocrx_word' id='word_1_196' title='bbox 3274 1550 3367 1602; x_wconf 74' lang='grc' dir='ltr'><strong>καὶ</strong></span> <span class='ocrx_word' id='word_1_197' title='bbox 3407 1547 3581 1602; x_wconf 88' lang='grc' dir='ltr'>ταῦτα</span> <span class='ocrx_word' id='word_1_198' title='bbox 3625 1564 3756 1600; x_wconf 86' lang='grc' dir='ltr'>τοσ-</span> 
     </span>
    </p>
   </div>
   <div class='ocr_carea' id='block_1_32' title="bbox 2159 1641 3754 1718">
    <p class='ocr_par' dir='ltr' id='par_1_32' title="bbox 2159 1641 3754 1718">
     <span class='ocr_line' id='line_1_32' title="bbox 2159 1641 3754 1718; baseline -0.004 -18"><span class='ocrx_word' id='word_1_199' title='bbox 2159 1646 2283 1700; x_wconf 90' lang='grc' dir='ltr'>οῦτο</span> <span class='ocrx_word' id='word_1_200' title='bbox 2314 1647 2515 1718; x_wconf 81' lang='grc' dir='ltr'>πλῆθος</span> <span class='ocrx_word' id='word_1_201' title='bbox 2552 1649 2657 1702; x_wconf 86' lang='grc' dir='ltr'><strong>τῶν</strong></span> <span class='ocrx_word' id='word_1_202' title='bbox 2697 1645 3111 1718; x_wconf 77' lang='grc' dir='ltr'>συνυϐρίζεσθαι</span> <span class='ocrx_word' id='word_1_203' title='bbox 3143 1643 3408 1710; x_wconf 79' lang='grc' dir='ltr'>δοξάντων</span> <span class='ocrx_word' id='word_1_204' title='bbox 3442 1641 3754 1713; x_wconf 81' lang='grc' dir='ltr'>συνεργοῦν</span> 
     </span>
    </p>
   </div>
   <div class='ocr_carea' id='block_1_33' title="bbox 2161 1733 3752 1812">
    <p class='ocr_par' dir='ltr' id='par_1_33' title="bbox 2161 1733 3752 1812">
     <span class='ocr_line' id='line_1_33' title="bbox 2161 1733 3752 1812; baseline -0.006 -17"><span class='ocrx_word' id='word_1_205' title='bbox 2161 1742 2272 1812; x_wconf 78' lang='grc'><strong>(58)</strong></span> <span class='ocrx_word' id='word_1_206' title='bbox 2320 1743 2457 1794; x_wconf 81' lang='grc' dir='ltr'>κατᾶ</span> <span class='ocrx_word' id='word_1_207' title='bbox 2503 1740 2597 1794; x_wconf 88' lang='grc' dir='ltr'><strong>τοῦ</strong></span> <span class='ocrx_word' id='word_1_208' title='bbox 2657 1740 2829 1810; x_wconf 86' lang='grc' dir='ltr'>Ἰησοῦ</span> <span class='ocrx_word' id='word_1_209' title='bbox 2888 1739 3056 1808; x_wconf 80' lang='grc' dir='ltr'>ἐχων;</span> <span class='ocrx_word' id='word_1_210' title='bbox 3101 1738 3504 1806; x_wconf 82' lang='grc' dir='ltr'>Ἐπινοησωμεν</span> <span class='ocrx_word' id='word_1_211' title='bbox 3550 1735 3612 1787; x_wconf 85' lang='grc' dir='ltr'><strong>δέ</strong></span> <span class='ocrx_word' id='word_1_212' title='bbox 3656 1733 3752 1786; x_wconf 69' lang='grc' dir='ltr'><strong>τὸν</strong></span> 
     </span>
    </p>
   </div>
   <div class='ocr_carea' id='block_1_34' title="bbox 489 1823 2046 1903">
    <p class='ocr_par' dir='ltr' id='par_1_34' title="bbox 489 1823 2046 1896">
     <span class='ocr_line' id='line_1_34' title="bbox 489 1823 2046 1896; baseline 0.01 -23"><span class='ocrx_word' id='word_1_213' title='bbox 489 1832 615 1885; x_wconf 89' lang='lat' dir='ltr'><strong>tem,</strong></span> <span class='ocrx_word' id='word_1_214' title='bbox 648 1823 856 1892; x_wconf 87' lang='lat' dir='ltr'><strong>sibique</strong></span> <span class='ocrx_word' id='word_1_215' title='bbox 881 1825 1150 1896; x_wconf 76' lang='lat' dir='ltr'><strong>flagellum</strong></span> <span class='ocrx_word' id='word_1_216' title='bbox 1195 1836 1483 1894; x_wconf 80' lang='lat' dir='ltr'><strong>texentem,</strong></span> <span class='ocrx_word' id='word_1_217' title='bbox 1511 1832 1575 1883; x_wconf 88' lang='lat' dir='ltr'><strong>ad</strong></span> <span class='ocrx_word' id='word_1_218' title='bbox 1605 1832 2000 1886; x_wconf 79' lang='lat' dir='ltr'><strong>extrudendu-m</strong></span> <span class='ocrx_word' id='word_1_219' title='bbox 2025 1850 2046 1888; x_wconf 80' lang='grc' dir='ltr'><strong>ε</strong></span> 
     </span>
    </p>
   </div>
   <div class='ocr_carea' id='block_1_35' title="bbox 2149 1823 3754 1903">
    <p class='ocr_par' dir='ltr' id='par_1_35' title="bbox 2161 1826 3754 1903">
     <span class='ocr_line' id='line_1_35' title="bbox 2161 1826 3754 1903; baseline -0.004 -17"><span class='ocrx_word' id='word_1_220' title='bbox 2161 1836 2286 1888; x_wconf 83' lang='grc' dir='ltr'>Υίὺν</span> <span class='ocrx_word' id='word_1_221' title='bbox 2331 1834 2423 1887; x_wconf 85' lang='grc' dir='ltr'><strong>τοῦ</strong></span> <span class='ocrx_word' id='word_1_222' title='bbox 2462 1834 2597 1886; x_wconf 86' lang='grc' dir='ltr'>Θεοῦ</span> <span class='ocrx_word' id='word_1_223' title='bbox 2643 1832 2985 1903; x_wconf 88' lang='grc' dir='ltr'>λαμϐάνοντα</span> <span class='ocrx_word' id='word_1_224' title='bbox 3035 1831 3104 1884; x_wconf 91' lang='grc' dir='ltr'><strong>τά</strong></span> <span class='ocrx_word' id='word_1_225' title='bbox 3147 1829 3376 1901; x_wconf 85' lang='grc' dir='ltr'>σχοινία,</span> <span class='ocrx_word' id='word_1_226' title='bbox 3427 1827 3522 1880; x_wconf 78' lang='grc' dir='ltr'><strong>καὶ</strong></span> <span class='ocrx_word' id='word_1_227' title='bbox 3566 1826 3754 1896; x_wconf 65' lang='grc' dir='ltr'>ἐαυπῖ)</span> 
     </span>
    </p>
   </div>
   <div class='ocr_carea' id='block_1_36' title="bbox 488 1911 2053 1987">
    <p class='ocr_par' dir='ltr' id='par_1_36' title="bbox 488 1911 2053 1987">
     <span class='ocr_line' id='line_1_36' title="bbox 488 1911 2053 1987; baseline 0.01 -23"><span class='ocrx_word' id='word_1_228' title='bbox 488 1911 710 1980; x_wconf 87' lang='lat' dir='ltr'><strong>templo,</strong></span> <span class='ocrx_word' id='word_1_229' title='bbox 760 1930 826 1966; x_wconf 92' lang='lat' dir='ltr'><strong>an</strong></span> <span class='ocrx_word' id='word_1_230' title='bbox 857 1931 964 1968; x_wconf 90' lang='lat' dir='ltr'><strong>non</strong></span> <span class='ocrx_word' id='word_1_231' title='bbox 999 1928 1372 1985; x_wconf 70' lang='lat' dir='ltr'><strong>reprmsentet,</strong></span> <span class='ocrx_word' id='word_1_232' title='bbox 1427 1931 1621 1987; x_wconf 65' lang='lat' dir='ltr'><strong>praeter</strong></span> <span class='ocrx_word' id='word_1_233' title='bbox 1657 1922 1942 1976; x_wconf 83' lang='lat' dir='ltr'><strong>audaciam</strong></span> <span class='ocrx_word' id='word_1_234' title='bbox 1999 1933 2053 1978; x_wconf 91' lang='lat' dir='ltr'><strong>ct</strong></span> 
     </span>
    </p>
   </div>
   <div class='ocr_carea' id='block_1_37' title="bbox 485 2003 2054 2078">
    <p class='ocr_par' dir='ltr' id='par_1_37' title="bbox 485 2003 2054 2078">
     <span class='ocr_line' id='line_1_37' title="bbox 485 2003 2054 2078; baseline 0.008 -22"><span class='ocrx_word' id='word_1_235' title='bbox 485 2003 871 2064; x_wconf 77' lang='lat' dir='ltr'><strong>temeritatem.</strong></span> <span class='ocrx_word' id='word_1_236' title='bbox 906 2007 1273 2061; x_wconf 90' lang='lat' dir='ltr'><strong>inordinatum</strong></span> <span class='ocrx_word' id='word_1_237' title='bbox 1310 2009 1472 2062; x_wconf 90' lang='lat' dir='ltr'><strong>etiam</strong></span> <span class='ocrx_word' id='word_1_238' title='bbox 1504 2011 1781 2078; x_wconf 81' lang='lat' dir='ltr'><strong>quiddam.</strong></span> <span class='ocrx_word' id='word_1_239' title='bbox 1826 2014 1897 2067; x_wconf 84' lang='lat' dir='ltr'><strong>At</strong></span> <span class='ocrx_word' id='word_1_240' title='bbox 1925 2030 2054 2069; x_wconf 91' lang='lat' dir='ltr'><strong>vero</strong></span> 
     </span>
    </p>
   </div>
   <div class='ocr_carea' id='block_1_38' title="bbox 483 2095 2054 2173">
    <p class='ocr_par' dir='ltr' id='par_1_38' title="bbox 483 2095 2054 2173">
     <span class='ocr_line' id='line_1_38' title="bbox 483 2095 2054 2173; baseline 0.01 -26"><span class='ocrx_word' id='word_1_241' title='bbox 483 2109 645 2149; x_wconf 87' lang='lat' dir='ltr'><strong>unum</strong></span> <span class='ocrx_word' id='word_1_242' title='bbox 671 2095 1004 2166; x_wconf 88' lang='lat' dir='ltr'><strong>relinquitur</strong></span> <span class='ocrx_word' id='word_1_243' title='bbox 1027 2099 1359 2156; x_wconf 88' lang='lat' dir='ltr'><strong>defensionis</strong></span> <span class='ocrx_word' id='word_1_244' title='bbox 1394 2102 1679 2173; x_wconf 84' lang='lat' dir='ltr'><strong>snlfugium</strong></span> <span class='ocrx_word' id='word_1_245' title='bbox 1715 2115 1904 2159; x_wconf 89' lang='lat' dir='ltr'><strong>contra</strong></span> <span class='ocrx_word' id='word_1_246' title='bbox 1939 2107 2054 2164; x_wconf 70' lang='lat' dir='ltr'><strong>haec</strong></span> 
     </span>
    </p>
   </div>
   <div class='ocr_carea' id='block_1_39' title="bbox 482 2186 2052 2263">
    <p class='ocr_par' dir='ltr' id='par_1_39' title="bbox 482 2186 2052 2263">
     <span class='ocr_line' id='line_1_39' title="bbox 482 2186 2052 2263; baseline 0.012 -25"><span class='ocrx_word' id='word_1_247' title='bbox 482 2186 684 2241; x_wconf 75' lang='lat' dir='ltr'><strong>volenti</strong></span> <span class='ocrx_word' id='word_1_248' title='bbox 726 2191 890 2242; x_wconf 89' lang='lat' dir='ltr'><strong>etiam</strong></span> <span class='ocrx_word' id='word_1_249' title='bbox 931 2191 1212 2244; x_wconf 87' lang='lat' dir='ltr'><strong>historiam</strong></span> <span class='ocrx_word' id='word_1_250' title='bbox 1241 2208 1481 2258; x_wconf 85' lang='lat' dir='ltr'><strong>scrvare,</strong></span> <span class='ocrx_word' id='word_1_251' title='bbox 1519 2197 1601 2248; x_wconf 90' lang='lat' dir='ltr'><strong>vis</strong></span> <span class='ocrx_word' id='word_1_252' title='bbox 1650 2199 1891 2263; x_wconf 70' lang='lat' dir='ltr'><strong>quaadam</strong></span> <span class='ocrx_word' id='word_1_253' title='bbox 1925 2201 2052 2256; x_wconf 86' lang='lat' dir='ltr'><strong>Jesu</strong></span> 
     </span>
    </p>
   </div>
   <div class='ocr_carea' id='block_1_40' title="bbox 480 2276 2050 2354">
    <p class='ocr_par' dir='ltr' id='par_1_40' title="bbox 480 2276 2050 2354">
     <span class='ocr_line' id='line_1_40' title="bbox 480 2276 2050 2354; baseline 0.013 -27"><span class='ocrx_word' id='word_1_254' title='bbox 480 2276 733 2341; x_wconf 82' lang='lat' dir='ltr'><strong>divinior,</strong></span> <span class='ocrx_word' id='word_1_255' title='bbox 787 2279 878 2349; x_wconf 90' lang='lat' dir='ltr'><strong>qui</strong></span> <span class='ocrx_word' id='word_1_256' title='bbox 937 2291 1175 2349; x_wconf 88' lang='lat' dir='ltr'><strong>poterat,</strong></span> <span class='ocrx_word' id='word_1_257' title='bbox 1233 2299 1354 2338; x_wconf 92' lang='lat' dir='ltr'><strong>cum</strong></span> <span class='ocrx_word' id='word_1_258' title='bbox 1417 2286 1616 2354; x_wconf 90' lang='lat' dir='ltr'><strong>vellet,</strong></span> <span class='ocrx_word' id='word_1_259' title='bbox 1657 2289 2050 2348; x_wconf 79' lang='lat' dir='ltr'><strong>inﬂammatum</strong></span> 
     </span>
    </p>
   </div>
   <div class='ocr_carea' id='block_1_41' title="bbox 479 2365 2051 2448">
    <p class='ocr_par' dir='ltr' id='par_1_41' title="bbox 479 2365 2051 2448">
     <span class='ocr_line' id='line_1_41' title="bbox 479 2365 2051 2448; baseline 0.014 -29"><span class='ocrx_word' id='word_1_260' title='bbox 479 2365 828 2423; x_wconf 87' lang='lat' dir='ltr'><strong>inimicorum</strong></span> <span class='ocrx_word' id='word_1_261' title='bbox 877 2373 1118 2428; x_wconf 90' lang='lat' dir='ltr'><strong>animum</strong></span> <span class='ocrx_word' id='word_1_262' title='bbox 1165 2381 1554 2448; x_wconf 81' lang='lat' dir='ltr'><strong>exstinguere,</strong></span> <span class='ocrx_word' id='word_1_263' title='bbox 1586 2391 1640 2436; x_wconf 90' lang='lat' dir='ltr'><strong>et</strong></span> <span class='ocrx_word' id='word_1_264' title='bbox 1679 2385 1844 2438; x_wconf 86' lang='lat' dir='ltr'><strong>multa</strong></span> <span class='ocrx_word' id='word_1_265' title='bbox 1875 2387 2051 2441; x_wconf 91' lang='lat' dir='ltr'><strong>homi-</strong></span> 
     </span>
    </p>
   </div>
   <div class='ocr_carea' id='block_1_42' title="bbox 480 2457 2052 2541">
    <p class='ocr_par' dir='ltr' id='par_1_42' title="bbox 480 2457 2052 2541">
     <span class='ocr_line' id='line_1_42' title="bbox 480 2457 2052 2541; baseline 0.017 -36"><span class='ocrx_word' id='word_1_266' title='bbox 480 2467 608 2508; x_wconf 80' lang='lat' dir='ltr'><strong>num</strong></span> <span class='ocrx_word' id='word_1_267' title='bbox 646 2457 813 2510; x_wconf 85' lang='lat' dir='ltr'><strong>millia</strong></span> <span class='ocrx_word' id='word_1_268' title='bbox 838 2475 1100 2529; x_wconf 88' lang='lat' dir='ltr'><strong>superare</strong></span> <span class='ocrx_word' id='word_1_269' title='bbox 1144 2465 1320 2531; x_wconf 78' lang='lat' dir='ltr'><strong>gratia</strong></span> <span class='ocrx_word' id='word_1_270' title='bbox 1363 2468 1574 2532; x_wconf 88' lang='lat' dir='ltr'><strong>divina,</strong></span> <span class='ocrx_word' id='word_1_271' title='bbox 1614 2480 1667 2525; x_wconf 89' lang='lat' dir='ltr'><strong>et</strong></span> <span class='ocrx_word' id='word_1_272' title='bbox 1696 2474 2052 2541; x_wconf 79' lang='lat' dir='ltr'><strong>cogitationes</strong></span> 
     </span>
    </p>
   </div>
   <div class='ocr_carea' id='block_1_43' title="bbox 481 2549 2051 2626">
    <p class='ocr_par' dir='ltr' id='par_1_43' title="bbox 481 2549 2051 2626">
     <span class='ocr_line' id='line_1_43' title="bbox 481 2549 2051 2626; baseline 0.017 -28"><span class='ocrx_word' id='word_1_273' title='bbox 481 2549 919 2605; x_wconf 83' lang='lat' dir='ltr'><strong>unnultuantium</strong></span> <span class='ocrx_word' id='word_1_274' title='bbox 984 2556 1294 2626; x_wconf 87' lang='lat' dir='ltr'><strong>dissipare:</strong></span> <span class='ocrx_word' id='word_1_275' title='bbox 1334 2561 1638 2617; x_wconf 70' lang='lat' dir='ltr'><strong>«Dominus</strong></span> <span class='ocrx_word' id='word_1_276' title='bbox 1695 2567 1836 2620; x_wconf 88' lang='lat' dir='ltr'><strong>enim</strong></span> <span class='ocrx_word' id='word_1_277' title='bbox 1893 2569 2051 2623; x_wconf 83' lang='lat' dir='ltr'><strong>dissi-</strong></span> 
     </span>
    </p>
   </div>
   <div class='ocr_carea' id='block_1_44' title="bbox 481 2643 2046 2731">
    <p class='ocr_par' dir='ltr' id='par_1_44' title="bbox 481 2643 2046 2731">
     <span class='ocr_line' id='line_1_44' title="bbox 481 2643 2046 2731; baseline 0.016 -41"><span class='ocrx_word' id='word_1_278' title='bbox 481 2646 571 2731; x_wconf 79' lang='lat' dir='ltr'><strong>pat</strong></span> <span class='ocrx_word' id='word_1_279' title='bbox 596 2643 820 2696; x_wconf 90' lang='lat' dir='ltr'><strong>consilia</strong></span> <span class='ocrx_word' id='word_1_280' title='bbox 854 2648 1116 2712; x_wconf 79' lang='lat' dir='ltr'><strong>gentium,</strong></span> <span class='ocrx_word' id='word_1_281' title='bbox 1159 2661 1210 2705; x_wconf 89' lang='lat' dir='ltr'><strong>et</strong></span> <span class='ocrx_word' id='word_1_282' title='bbox 1239 2653 1448 2722; x_wconf 89' lang='lat' dir='ltr'><strong>spernit</strong></span> <span class='ocrx_word' id='word_1_283' title='bbox 1491 2656 1849 2724; x_wconf 79' lang='lat' dir='ltr'><strong>cogitationes</strong></span> <span class='ocrx_word' id='word_1_284' title='bbox 1876 2676 2046 2731; x_wconf 84' lang='lat' dir='ltr'><strong>pupu-</strong></span> 
     </span>
    </p>
   </div>
   <div class='ocr_carea' id='block_1_45' title="bbox 476 2725 2046 2818">
    <p class='ocr_par' dir='ltr' id='par_1_45' title="bbox 476 2725 2046 2818">
     <span class='ocr_line' id='line_1_45' title="bbox 476 2725 2046 2818; baseline 0.016 -38"><span class='ocrx_word' id='word_1_285' title='bbox 476 2725 694 2796; x_wconf 89' lang='lat' dir='ltr'><strong>lorum;</strong></span> <span class='ocrx_word' id='word_1_286' title='bbox 739 2735 1028 2790; x_wconf 89' lang='lat' dir='ltr'><strong>consilium</strong></span> <span class='ocrx_word' id='word_1_287' title='bbox 1079 2749 1260 2793; x_wconf 89' lang='lat' dir='ltr'><strong>autem</strong></span> <span class='ocrx_word' id='word_1_288' title='bbox 1307 2741 1518 2797; x_wconf 92' lang='lat' dir='ltr'><strong>Domini</strong></span> <span class='ocrx_word' id='word_1_289' title='bbox 1556 2744 1609 2798; x_wconf 92' lang='lat' dir='ltr'><strong>in</strong></span> <span class='ocrx_word' id='word_1_290' title='bbox 1659 2748 2046 2818; x_wconf 89' lang='lat' dir='ltr'><strong>sempiternum</strong></span> 
     </span>
    </p>
   </div>
   <div class='ocr_carea' id='block_1_46' title="bbox 474 2825 2047 2907">
    <p class='ocr_par' dir='ltr' id='par_1_46' title="bbox 474 2825 2047 2907">
     <span class='ocr_line' id='line_1_46' title="bbox 474 2825 2047 2907; baseline 0.015 -33"><span class='ocrx_word' id='word_1_291' title='bbox 474 2832 683 2888; x_wconf 87' lang='lat' dir='ltr'><strong>perstat</strong></span> <span class='ocrx_word' id='word_1_292' title='bbox 741 2825 880 2893; x_wconf 61' lang='grc' dir='ltr'><strong>ὀμ</strong></span> <span class='ocrx_word' id='word_1_293' title='bbox 933 2829 1068 2884; x_wconf 90' lang='lat' dir='ltr'><strong>adeo</strong></span> <span class='ocrx_word' id='word_1_294' title='bbox 1122 2839 1179 2884; x_wconf 92' lang='lat' dir='ltr'><strong>ut</strong></span> <span class='ocrx_word' id='word_1_295' title='bbox 1227 2832 1452 2889; x_wconf 90' lang='lat' dir='ltr'><strong>historia</strong></span> <span class='ocrx_word' id='word_1_296' title='bbox 1496 2839 1780 2905; x_wconf 72' lang='lat' dir='ltr'><strong>praesentis</strong></span> <span class='ocrx_word' id='word_1_297' title='bbox 1827 2839 1955 2907; x_wconf 91' lang='lat' dir='ltr'><strong>loci,</strong></span> <span class='ocrx_word' id='word_1_298' title='bbox 2001 2843 2047 2898; x_wconf 90' lang='lat' dir='ltr'><strong>si</strong></span> 
     </span>
    </p>
   </div>
   <div class='ocr_carea' id='block_1_47' title="bbox 477 2915 2048 2999">
    <p class='ocr_par' dir='ltr' id='par_1_47' title="bbox 477 2915 2048 2999">
     <span class='ocr_line' id='line_1_47' title="bbox 477 2915 2048 2999; baseline 0.017 -35"><span class='ocrx_word' id='word_1_299' title='bbox 477 2917 659 2968; x_wconf 88' lang='lat' dir='ltr'><strong>tamen</strong></span> <span class='ocrx_word' id='word_1_300' title='bbox 705 2915 819 2972; x_wconf 70' lang='lat' dir='ltr'><strong>haec</strong></span> <span class='ocrx_word' id='word_1_301' title='bbox 849 2919 987 2974; x_wconf 86' lang='lat' dir='ltr'><strong>facta</strong></span> <span class='ocrx_word' id='word_1_302' title='bbox 1017 2922 1150 2990; x_wconf 87' lang='lat' dir='ltr'><strong>fuit,</strong></span> <span class='ocrx_word' id='word_1_303' title='bbox 1189 2927 1440 2981; x_wconf 87' lang='lat' dir='ltr'><strong>ostendat</strong></span> <span class='ocrx_word' id='word_1_304' title='bbox 1467 2927 1626 2983; x_wconf 89' lang='lat' dir='ltr'><strong>nullis</strong></span> <span class='ocrx_word' id='word_1_305' title='bbox 1652 2933 2048 2999; x_wconf 89' lang='lat' dir='ltr'><strong>quantumlibet</strong></span> 
     </span>
    </p>
   </div>
   <div class='ocr_carea' id='block_1_48' title="bbox 475 3003 2044 3090">
    <p class='ocr_par' dir='ltr' id='par_1_48' title="bbox 475 3003 2044 3090">
     <span class='ocr_line' id='line_1_48' title="bbox 475 3003 2044 3090; baseline 0.017 -36"><span class='ocrx_word' id='word_1_306' title='bbox 475 3003 870 3064; x_wconf 90' lang='lat' dir='ltr'><strong>admirabiliter</strong></span> <span class='ocrx_word' id='word_1_307' title='bbox 891 3011 960 3065; x_wconf 88' lang='lat' dir='ltr'><strong>ab</strong></span> <span class='ocrx_word' id='word_1_308' title='bbox 997 3015 1110 3082; x_wconf 88' lang='lat' dir='ltr'><strong>ipso</strong></span> <span class='ocrx_word' id='word_1_309' title='bbox 1139 3015 1302 3072; x_wconf 91' lang='lat' dir='ltr'><strong>factis</strong></span> <span class='ocrx_word' id='word_1_310' title='bbox 1327 3059 1341 3082; x_wconf 96' lang='lat'><strong>,</strong></span> <span class='ocrx_word' id='word_1_311' title='bbox 1387 3027 1551 3088; x_wconf 90' lang='lat' dir='ltr'><strong>atque</strong></span> <span class='ocrx_word' id='word_1_312' title='bbox 1584 3037 1678 3090; x_wconf 91' lang='lat' dir='ltr'><strong>per</strong></span> <span class='ocrx_word' id='word_1_313' title='bbox 1702 3023 2044 3080; x_wconf 89' lang='lat' dir='ltr'><strong>divinitatem</strong></span> 
     </span>
    </p>
   </div>
   <div class='ocr_carea' id='block_1_49' title="bbox 477 3093 2040 3178">
    <p class='ocr_par' dir='ltr' id='par_1_49' title="bbox 477 3093 2040 3178">
     <span class='ocr_line' id='line_1_49' title="bbox 477 3093 2040 3178; baseline 0.015 -32"><span class='ocrx_word' id='word_1_314' title='bbox 477 3093 830 3154; x_wconf 66' lang='lat' dir='ltr'><strong>invitantibus</strong></span> <span class='ocrx_word' id='word_1_315' title='bbox 885 3105 952 3157; x_wconf 88' lang='lat' dir='ltr'><strong>ad</strong></span> <span class='ocrx_word' id='word_1_316' title='bbox 1009 3104 1172 3160; x_wconf 88' lang='lat' dir='ltr'><strong>fidem</strong></span> <span class='ocrx_word' id='word_1_317' title='bbox 1203 3122 1297 3161; x_wconf 91' lang='lat' dir='ltr'><strong>eos</strong></span> <span class='ocrx_word' id='word_1_318' title='bbox 1326 3111 1420 3178; x_wconf 87' lang='lat' dir='ltr'><strong>qui</strong></span> <span class='ocrx_word' id='word_1_319' title='bbox 1451 3111 1738 3176; x_wconf 90' lang='lat' dir='ltr'><strong>viderunt,</strong></span> <span class='ocrx_word' id='word_1_320' title='bbox 1785 3115 2040 3169; x_wconf 82' lang='lat' dir='ltr'><strong>virtutem</strong></span> 
     </span>
    </p>
   </div>
   <div class='ocr_carea' id='block_1_50' title="bbox 473 3191 2040 3279">
    <p class='ocr_par' dir='ltr' id='par_1_50' title="bbox 473 3191 2040 3279">
     <span class='ocr_line' id='line_1_50' title="bbox 473 3191 2040 3279; baseline 0.017 -41"><span class='ocrx_word' id='word_1_321' title='bbox 473 3203 615 3243; x_wconf 86' lang='lat' dir='ltr'><strong>nunc</strong></span> <span class='ocrx_word' id='word_1_322' title='bbox 638 3191 835 3246; x_wconf 86' lang='lat' dir='ltr'><strong>editam</strong></span> <span class='ocrx_word' id='word_1_323' title='bbox 871 3197 1132 3251; x_wconf 88' lang='lat' dir='ltr'><strong>minorem</strong></span> <span class='ocrx_word' id='word_1_324' title='bbox 1163 3199 1328 3256; x_wconf 90' lang='lat' dir='ltr'><strong>fuisse</strong></span> <span class='ocrx_word' id='word_1_325' title='bbox 1355 3217 1371 3256; x_wconf 90' lang='lat'><strong>:</strong></span> <span class='ocrx_word' id='word_1_326' title='bbox 1409 3217 1570 3272; x_wconf 91' lang='lat' dir='ltr'><strong>quam</strong></span> <span class='ocrx_word' id='word_1_327' title='bbox 1594 3207 1756 3259; x_wconf 88' lang='lat' dir='ltr'><strong>etiam</strong></span> <span class='ocrx_word' id='word_1_328' title='bbox 1783 3209 2040 3279; x_wconf 75' lang='lat' dir='ltr'><strong>majorem</strong></span> 
     </span>
    </p>
   </div>
   <div class='ocr_carea' id='block_1_51' title="bbox 471 3284 2042 3365">
    <p class='ocr_par' dir='ltr' id='par_1_51' title="bbox 471 3284 2042 3365">
     <span class='ocr_line' id='line_1_51' title="bbox 471 3284 2042 3365; baseline 0.018 -34"><span class='ocrx_word' id='word_1_329' title='bbox 471 3284 825 3346; x_wconf 85' lang='lat' dir='ltr'><strong>pronuntiare</strong></span> <span class='ocrx_word' id='word_1_330' title='bbox 854 3301 1163 3356; x_wconf 91' lang='lat' dir='ltr'><strong>possumus,</strong></span> <span class='ocrx_word' id='word_1_331' title='bbox 1192 3308 1354 3362; x_wconf 88' lang='lat' dir='ltr'><strong>quam</strong></span> <span class='ocrx_word' id='word_1_332' title='bbox 1380 3298 1522 3365; x_wconf 91' lang='lat' dir='ltr'><strong>quod</strong></span> <span class='ocrx_word' id='word_1_333' title='bbox 1547 3298 1600 3352; x_wconf 92' lang='lat' dir='ltr'><strong>in</strong></span> <span class='ocrx_word' id='word_1_334' title='bbox 1641 3299 1784 3354; x_wconf 83' lang='lat' dir='ltr'><strong>Cana</strong></span> <span class='ocrx_word' id='word_1_335' title='bbox 1807 3300 2042 3358; x_wconf 71' lang='lat' dir='ltr'><strong>Galilaete</strong></span> 
     </span>
    </p>
   </div>
   <div class='ocr_carea' id='block_1_52' title="bbox 469 3374 2041 3460">
    <p class='ocr_par' dir='ltr' id='par_1_52' title="bbox 469 3374 2041 3460">
     <span class='ocr_line' id='line_1_52' title="bbox 469 3374 2041 3460; baseline 0.015 -34"><span class='ocrx_word' id='word_1_336' title='bbox 469 3374 541 3428; x_wconf 78' lang='lat' dir='ltr'><strong>sit</strong></span> <span class='ocrx_word' id='word_1_337' title='bbox 571 3389 709 3443; x_wconf 88' lang='lat' dir='ltr'><strong>aqua</strong></span> <span class='ocrx_word' id='word_1_338' title='bbox 742 3377 792 3430; x_wconf 89' lang='lat' dir='ltr'><strong>in</strong></span> <span class='ocrx_word' id='word_1_339' title='bbox 829 3380 1012 3436; x_wconf 88' lang='lat' dir='ltr'><strong>vinum</strong></span> <span class='ocrx_word' id='word_1_340' title='bbox 1051 3393 1294 3451; x_wconf 87' lang='lat' dir='ltr'><strong>mutata;</strong></span> <span class='ocrx_word' id='word_1_341' title='bbox 1325 3389 1577 3443; x_wconf 89' lang='lat' dir='ltr'><strong>nimirum</strong></span> <span class='ocrx_word' id='word_1_342' title='bbox 1606 3393 1748 3460; x_wconf 92' lang='lat' dir='ltr'><strong>quod</strong></span> <span class='ocrx_word' id='word_1_343' title='bbox 1788 3392 1895 3447; x_wconf 91' lang='lat' dir='ltr'><strong>illic</strong></span> <span class='ocrx_word' id='word_1_344' title='bbox 1927 3395 2041 3448; x_wconf 90' lang='lat' dir='ltr'><strong>ina-</strong></span> 
     </span>
    </p>
   </div>
   <div class='ocr_carea' id='block_1_53' title="bbox 468 3463 2042 3541">
    <p class='ocr_par' dir='ltr' id='par_1_53' title="bbox 468 3463 2042 3541">
     <span class='ocr_line' id='line_1_53' title="bbox 468 3463 2042 3541; baseline 0.014 -24"><span class='ocrx_word' id='word_1_345' title='bbox 468 3463 671 3519; x_wconf 87' lang='lat' dir='ltr'><strong>nimem</strong></span> <span class='ocrx_word' id='word_1_346' title='bbox 701 3470 980 3524; x_wconf 83' lang='lat' dir='ltr'><strong>materiam</strong></span> <span class='ocrx_word' id='word_1_347' title='bbox 1019 3479 1353 3541; x_wconf 79' lang='lat' dir='ltr'><strong>mutaverit,</strong></span> <span class='ocrx_word' id='word_1_348' title='bbox 1405 3477 1508 3532; x_wconf 91' lang='lat' dir='ltr'><strong>hoc</strong></span> <span class='ocrx_word' id='word_1_349' title='bbox 1539 3494 1665 3534; x_wconf 91' lang='lat' dir='ltr'><strong>vero</strong></span> <span class='ocrx_word' id='word_1_350' title='bbox 1712 3481 1764 3534; x_wconf 91' lang='lat' dir='ltr'><strong>in</strong></span> <span class='ocrx_word' id='word_1_351' title='bbox 1811 3483 1926 3538; x_wconf 89' lang='lat' dir='ltr'><strong>loco</strong></span> <span class='ocrx_word' id='word_1_352' title='bbox 1963 3494 2042 3538; x_wconf 93' lang='lat' dir='ltr'><strong>tot</strong></span> 
     </span>
    </p>
   </div>
   <div class='ocr_carea' id='block_1_54' title="bbox 471 3556 2041 3644">
    <p class='ocr_par' dir='ltr' id='par_1_54' title="bbox 471 3556 2041 3644">
     <span class='ocr_line' id='line_1_54' title="bbox 471 3556 2041 3644; baseline 0.016 -38"><span class='ocrx_word' id='word_1_353' title='bbox 471 3556 772 3626; x_wconf 83' lang='lat' dir='ltr'><strong>myriadum</strong></span> <span class='ocrx_word' id='word_1_354' title='bbox 796 3559 1006 3630; x_wconf 79' lang='lat' dir='ltr'><strong>ingenia</strong></span> <span class='ocrx_word' id='word_1_355' title='bbox 1026 3567 1615 3640; x_wconf 69' lang='lat' dir='ltr'><strong>prazstantissimasque</strong></span> <span class='ocrx_word' id='word_1_356' title='bbox 1641 3573 1837 3628; x_wconf 71' lang='lat' dir='ltr'><strong>anima:</strong></span> <span class='ocrx_word' id='word_1_357' title='bbox 1860 3586 2041 3644; x_wconf 89' lang='lat' dir='ltr'><strong>partes</strong></span> 
     </span>
    </p>
   </div>
   <div class='ocr_carea' id='block_1_55' title="bbox 469 3646 2037 3722">
    <p class='ocr_par' dir='ltr' id='par_1_55' title="bbox 469 3646 2037 3722">
     <span class='ocr_line' id='line_1_55' title="bbox 469 3646 2037 3722; baseline 0.016 -24"><span class='ocrx_word' id='word_1_358' title='bbox 469 3646 795 3715; x_wconf 78' lang='lat' dir='ltr'><strong>eubjugarit.</strong></span> <span class='ocrx_word' id='word_1_359' title='bbox 826 3650 1095 3708; x_wconf 64' lang='lat' dir='ltr'><strong>Caeterum</strong></span> <span class='ocrx_word' id='word_1_360' title='bbox 1113 3654 1513 3714; x_wconf 84' lang='lat' dir='ltr'><strong>observandum</strong></span> <span class='ocrx_word' id='word_1_361' title='bbox 1541 3669 1624 3715; x_wconf 89' lang='lat' dir='ltr'><strong>est</strong></span> <span class='ocrx_word' id='word_1_362' title='bbox 1655 3674 1881 3719; x_wconf 88' lang='lat' dir='ltr'><strong>matrem</strong></span> <span class='ocrx_word' id='word_1_363' title='bbox 1912 3666 2037 3722; x_wconf 76' lang='lat' dir='ltr'><strong>Jesu</strong></span> 
     </span>
    </p>
   </div>
   <div class='ocr_carea' id='block_1_56' title="bbox 470 3734 2037 3813">
    <p class='ocr_par' dir='ltr' id='par_1_56' title="bbox 470 3734 2037 3813">
     <span class='ocr_line' id='line_1_56' title="bbox 470 3734 2037 3813; baseline 0.013 -27"><span class='ocrx_word' id='word_1_364' title='bbox 470 3734 576 3787; x_wconf 87' lang='lat' dir='ltr'><strong>dici</strong></span> <span class='ocrx_word' id='word_1_365' title='bbox 605 3737 798 3792; x_wconf 82' lang='lat' dir='ltr'><strong>adesse</strong></span> <span class='ocrx_word' id='word_1_366' title='bbox 838 3741 1069 3810; x_wconf 91' lang='lat' dir='ltr'><strong>nuptiis,</strong></span> <span class='ocrx_word' id='word_1_367' title='bbox 1112 3753 1470 3813; x_wconf 80' lang='lat' dir='ltr'><strong>vocatumque</strong></span> <span class='ocrx_word' id='word_1_368' title='bbox 1511 3747 1678 3803; x_wconf 88' lang='lat' dir='ltr'><strong>fuisse</strong></span> <span class='ocrx_word' id='word_1_369' title='bbox 1703 3749 1886 3806; x_wconf 82' lang='lat' dir='ltr'><strong>Jesum</strong></span> <span class='ocrx_word' id='word_1_370' title='bbox 1916 3769 2037 3808; x_wconf 91' lang='lat' dir='ltr'><strong>cum</strong></span> 
     </span>
    </p>
   </div>
   <div class='ocr_carea' id='block_1_57' title="bbox 468 3825 2037 3907">
    <p class='ocr_par' dir='ltr' id='par_1_57' title="bbox 468 3825 2037 3907">
     <span class='ocr_line' id='line_1_57' title="bbox 468 3825 2037 3907; baseline 0.015 -30"><span class='ocrx_word' id='word_1_371' title='bbox 468 3825 754 3896; x_wconf 88' lang='lat' dir='ltr'><strong>discipulis</strong></span> <span class='ocrx_word' id='word_1_372' title='bbox 788 3831 923 3895; x_wconf 85' lang='lat' dir='ltr'><strong>suis,</strong></span> <span class='ocrx_word' id='word_1_373' title='bbox 954 3835 1222 3888; x_wconf 89' lang='lat' dir='ltr'><strong>neminem</strong></span> <span class='ocrx_word' id='word_1_374' title='bbox 1247 3852 1378 3891; x_wconf 92' lang='lat' dir='ltr'><strong>vero</strong></span> <span class='ocrx_word' id='word_1_375' title='bbox 1406 3851 1605 3907; x_wconf 68' lang='grc' dir='ltr'>ιιι-αξιοι</span> <span class='ocrx_word' id='word_1_376' title='bbox 1625 3838 1809 3897; x_wconf 61' lang='lat' dir='ltr'><strong>Iesum</strong></span> <span class='ocrx_word' id='word_1_377' title='bbox 1845 3861 2037 3900; x_wconf 86' lang='lat' dir='ltr'><strong>nume-</strong></span> 
     </span>
    </p>
   </div>
   <div class='ocr_carea' id='block_1_58' title="bbox 469 3919 2034 3992">
    <p class='ocr_par' dir='ltr' id='par_1_58' title="bbox 469 3919 2034 3992">
     <span class='ocr_line' id='line_1_58' title="bbox 469 3919 2034 3992; baseline 0.012 -21"><span class='ocrx_word' id='word_1_378' title='bbox 469 3919 582 3973; x_wconf 86' lang='lat' dir='ltr'><strong>rari</strong></span> <span class='ocrx_word' id='word_1_379' title='bbox 640 3919 1024 3990; x_wconf 81' lang='lat' dir='ltr'><strong>Capharnaum</strong></span> <span class='ocrx_word' id='word_1_380' title='bbox 1080 3925 1446 3988; x_wconf 80' lang='lat' dir='ltr'><strong>descendisse.</strong></span> <span class='ocrx_word' id='word_1_381' title='bbox 1524 3932 1788 3988; x_wconf 79' lang='lat' dir='ltr'><strong>Videntur</strong></span> <span class='ocrx_word' id='word_1_382' title='bbox 1858 3945 2034 3992; x_wconf 89' lang='lat' dir='ltr'><strong>tamen</strong></span> 
     </span>
    </p>
   </div>
   <div class='ocr_carea' id='block_1_59' title="bbox 464 4013 2035 4092">
    <p class='ocr_par' dir='ltr' id='par_1_59' title="bbox 464 4013 2035 4092">
     <span class='ocr_line' id='line_1_59' title="bbox 464 4013 2035 4092; baseline 0.013 -28"><span class='ocrx_word' id='word_1_383' title='bbox 464 4021 652 4080; x_wconf 88' lang='lat' dir='ltr'><strong>postea</strong></span> <span class='ocrx_word' id='word_1_384' title='bbox 678 4013 927 4083; x_wconf 84' lang='lat' dir='ltr'><strong>discipuli</strong></span> <span class='ocrx_word' id='word_1_385' title='bbox 961 4017 1236 4083; x_wconf 87' lang='lat' dir='ltr'><strong>adfuisse,</strong></span> <span class='ocrx_word' id='word_1_386' title='bbox 1282 4023 1718 4092; x_wconf 80' lang='lat' dir='ltr'><strong>quandoquidem</strong></span> <span class='ocrx_word' id='word_1_387' title='bbox 1765 4030 2035 4084; x_wconf 87' lang='lat' dir='ltr'><strong>recordati</strong></span> 
     </span>
    </p>
   </div>
   <div class='ocr_carea' id='block_1_60' title="bbox 462 4104 2035 4175">
    <p class='ocr_par' dir='ltr' id='par_1_60' title="bbox 462 4104 2035 4175">
     <span class='ocr_line' id='line_1_60' title="bbox 462 4104 2035 4175; baseline 0.011 -18"><span class='ocrx_word' id='word_1_388' title='bbox 462 4111 591 4157; x_wconf 87' lang='lat' dir='ltr'><strong>sunt</strong></span> <span class='ocrx_word' id='word_1_389' title='bbox 637 4104 899 4173; x_wconf 79' lang='lat' dir='ltr'><strong>scriptum</strong></span> <span class='ocrx_word' id='word_1_390' title='bbox 938 4121 1096 4162; x_wconf 88' lang='lat' dir='ltr'><strong>esse:</strong></span> <span class='ocrx_word' id='word_1_391' title='bbox 1140 4127 1158 4159; x_wconf 83' lang='grc' dir='ltr'><strong>ι</strong></span> <span class='ocrx_word' id='word_1_392' title='bbox 1186 4108 1346 4166; x_wconf 86' lang='lat' dir='ltr'><strong>Zelus</strong></span> <span class='ocrx_word' id='word_1_393' title='bbox 1400 4115 1591 4171; x_wconf 91' lang='lat' dir='ltr'><strong>domus</strong></span> <span class='ocrx_word' id='word_1_394' title='bbox 1644 4127 1747 4173; x_wconf 72' lang='lat' dir='ltr'><strong>ture</strong></span> <span class='ocrx_word' id='word_1_395' title='bbox 1799 4120 2035 4175; x_wconf 86' lang='lat' dir='ltr'><strong>comedit</strong></span> 
     </span>
    </p>
   </div>
   <div class='ocr_carea' id='block_1_61' title="bbox 465 4195 2035 4276">
    <p class='ocr_par' dir='ltr' id='par_1_61' title="bbox 465 4195 2035 4276">
     <span class='ocr_line' id='line_1_61' title="bbox 465 4195 2035 4276; baseline 0.014 -30"><span class='ocrx_word' id='word_1_396' title='bbox 465 4210 553 4249; x_wconf 89' lang='lat' dir='ltr'><strong>me</strong></span> <span class='ocrx_word' id='word_1_397' title='bbox 583 4195 651 4251; x_wconf 79' lang='grc'><strong>⁷⁷.</strong></span> <span class='ocrx_word' id='word_1_398' title='bbox 682 4213 700 4246; x_wconf 79' lang='grc' dir='ltr'><strong>ι</strong></span> <span class='ocrx_word' id='word_1_399' title='bbox 738 4197 813 4250; x_wconf 87' lang='lat' dir='ltr'><strong>Ac</strong></span> <span class='ocrx_word' id='word_1_400' title='bbox 840 4197 1072 4254; x_wconf 78' lang='lat' dir='ltr'><strong>fortasse</strong></span> <span class='ocrx_word' id='word_1_401' title='bbox 1101 4200 1153 4254; x_wconf 93' lang='lat' dir='ltr'><strong>in</strong></span> <span class='ocrx_word' id='word_1_402' title='bbox 1181 4203 1406 4272; x_wconf 78' lang='lat' dir='ltr'><strong>singulis</strong></span> <span class='ocrx_word' id='word_1_403' title='bbox 1425 4204 1706 4276; x_wconf 88' lang='lat' dir='ltr'><strong>discipulis</strong></span> <span class='ocrx_word' id='word_1_404' title='bbox 1732 4220 1849 4265; x_wconf 90' lang='lat' dir='ltr'><strong>erat</strong></span> <span class='ocrx_word' id='word_1_405' title='bbox 1878 4211 2035 4268; x_wconf 87' lang='lat' dir='ltr'><strong>Jesus</strong></span> 
     </span>
    </p>
   </div>
   <div class='ocr_carea' id='block_1_62' title="bbox 463 4283 2029 4364">
    <p class='ocr_par' dir='ltr' id='par_1_62' title="bbox 463 4283 2029 4364">
     <span class='ocr_line' id='line_1_62' title="bbox 463 4283 2029 4364; baseline 0.012 -26"><span class='ocrx_word' id='word_1_406' title='bbox 463 4283 895 4357; x_wconf 78' lang='lat' dir='ltr'><strong>Hierosolymam</strong></span> <span class='ocrx_word' id='word_1_407' title='bbox 929 4293 1248 4360; x_wconf 88' lang='lat' dir='ltr'><strong>ascendens,</strong></span> <span class='ocrx_word' id='word_1_408' title='bbox 1276 4299 1533 4364; x_wconf 88' lang='lat' dir='ltr'><strong>quocirca</strong></span> <span class='ocrx_word' id='word_1_409' title='bbox 1556 4314 1660 4353; x_wconf 88' lang='lat' dir='ltr'><strong>non</strong></span> <span class='ocrx_word' id='word_1_410' title='bbox 1686 4300 1891 4356; x_wconf 90' lang='lat' dir='ltr'><strong>dictum</strong></span> <span class='ocrx_word' id='word_1_411' title='bbox 1915 4313 2029 4357; x_wconf 91' lang='lat' dir='ltr'><strong>est:</strong></span> 
     </span>
    </p>
   </div>
   <div class='ocr_carea' id='block_1_63' title="bbox 461 4378 2032 4464">
    <p class='ocr_par' dir='ltr' id='par_1_63' title="bbox 461 4378 2032 4464">
     <span class='ocr_line' id='line_1_63' title="bbox 461 4378 2032 4464; baseline 0.013 -35"><span class='ocrx_word' id='word_1_412' title='bbox 461 4379 721 4433; x_wconf 84' lang='lat' dir='ltr'><strong>Ascendit</strong></span> <span class='ocrx_word' id='word_1_413' title='bbox 769 4378 929 4436; x_wconf 88' lang='lat' dir='ltr'><strong>Jesus</strong></span> <span class='ocrx_word' id='word_1_414' title='bbox 984 4383 1437 4456; x_wconf 85' lang='lat' dir='ltr'><strong>Hierosolymam,</strong></span> <span class='ocrx_word' id='word_1_415' title='bbox 1492 4399 1547 4445; x_wconf 91' lang='lat' dir='ltr'><strong>et</strong></span> <span class='ocrx_word' id='word_1_416' title='bbox 1589 4392 1835 4463; x_wconf 87' lang='lat' dir='ltr'><strong>discipuli</strong></span> <span class='ocrx_word' id='word_1_417' title='bbox 1888 4395 2032 4464; x_wconf 88' lang='lat' dir='ltr'><strong>ejus,</strong></span> 
     </span>
    </p>
   </div>
   <div class='ocr_carea' id='block_1_64' title="bbox 2156 1920 3754 1997">
    <p class='ocr_par' dir='ltr' id='par_1_64' title="bbox 2156 1920 3754 1997">
     <span class='ocr_line' id='line_1_64' title="bbox 2156 1920 3754 1997; baseline -0.006 -18"><span class='ocrx_word' id='word_1_418' title='bbox 2156 1926 2474 1997; x_wconf 83' lang='grc' dir='ltr'>φραγέλλιον</span> <span class='ocrx_word' id='word_1_419' title='bbox 2507 1925 2600 1977; x_wconf 76' lang='grc' dir='ltr'>ἐπὶ</span> <span class='ocrx_word' id='word_1_420' title='bbox 2632 1923 2708 1993; x_wconf 84' lang='grc' dir='ltr'><strong>τῷ</strong></span> <span class='ocrx_word' id='word_1_421' title='bbox 2757 1923 3004 1987; x_wconf 80' lang='grc' dir='ltr'>ἐξελάσαι</span> <span class='ocrx_word' id='word_1_422' title='bbox 3055 1921 3147 1975; x_wconf 89' lang='grc' dir='ltr'><strong>τοῦ</strong></span> <span class='ocrx_word' id='word_1_423' title='bbox 3178 1922 3303 1975; x_wconf 90' lang='grc' dir='ltr'>ναοῦ</span> <span class='ocrx_word' id='word_1_424' title='bbox 3351 1920 3645 1980; x_wconf 81' lang='grc' dir='ltr'>πλέκοντα,</span> <span class='ocrx_word' id='word_1_425' title='bbox 3702 1920 3754 1969; x_wconf 85' lang='grc' dir='ltr'><strong>εί</strong></span> 
     </span>
    </p>
   </div>
   <div class='ocr_carea' id='block_1_65' title="bbox 2158 2008 3754 2088">
    <p class='ocr_par' dir='ltr' id='par_1_65' title="bbox 2158 2008 3754 2088">
     <span class='ocr_line' id='line_1_65' title="bbox 2158 2008 3754 2088; baseline -0.005 -18"><span class='ocrx_word' id='word_1_426' title='bbox 2158 2017 2232 2088; x_wconf 80' lang='grc' dir='ltr'>μὴ</span> <span class='ocrx_word' id='word_1_427' title='bbox 2261 2017 2513 2087; x_wconf 82' lang='grc' dir='ltr'>ἐμφαίνει</span> <span class='ocrx_word' id='word_1_428' title='bbox 2541 2016 2674 2087; x_wconf 76' lang='grc' dir='ltr'>πρὸς</span> <span class='ocrx_word' id='word_1_429' title='bbox 2697 2016 2775 2085; x_wconf 83' lang='grc' dir='ltr'>τῷ</span> <span class='ocrx_word' id='word_1_430' title='bbox 2807 2015 3026 2068; x_wconf 78' lang='grc' dir='ltr'>αὐθάδει</span> <span class='ocrx_word' id='word_1_431' title='bbox 3060 2016 3154 2068; x_wconf 73' lang='grc' dir='ltr'>καὶ</span> <span class='ocrx_word' id='word_1_432' title='bbox 3187 2013 3506 2085; x_wconf 85' lang='grc' dir='ltr'>θρασυτέρῳ</span> <span class='ocrx_word' id='word_1_433' title='bbox 3541 2011 3643 2064; x_wconf 76' lang='grc' dir='ltr'>καὶ</span> <span class='ocrx_word' id='word_1_434' title='bbox 3689 2008 3754 2062; x_wconf 76' lang='grc' dir='ltr'><strong>τὸ</strong></span> 
     </span>
    </p>
   </div>
   <div class='ocr_carea' id='block_1_66' title="bbox 2154 2103 3752 2178">
    <p class='ocr_par' dir='ltr' id='par_1_66' title="bbox 2154 2103 3752 2178">
     <span class='ocr_line' id='line_1_66' title="bbox 2154 2103 3752 2178; baseline -0.006 -14"><span class='ocrx_word' id='word_1_435' title='bbox 2154 2110 2400 2164; x_wconf 84' lang='grc' dir='ltr'>ἄτακτον.</span> <span class='ocrx_word' id='word_1_436' title='bbox 2430 2110 2544 2162; x_wconf 88' lang='grc' dir='ltr'>Μία</span> <span class='ocrx_word' id='word_1_437' title='bbox 2570 2109 2625 2161; x_wconf 83' lang='grc' dir='ltr'>δὲ</span> <span class='ocrx_word' id='word_1_438' title='bbox 2651 2107 2936 2178; x_wconf 76' lang='grc' dir='ltr'>καταφυγὴ</span> <span class='ocrx_word' id='word_1_439' title='bbox 2961 2108 3060 2177; x_wconf 75' lang='grc' dir='ltr'><strong>τῆς</strong></span> <span class='ocrx_word' id='word_1_440' title='bbox 3082 2108 3216 2178; x_wconf 75' lang='grc' dir='ltr'>πρὸς</span> <span class='ocrx_word' id='word_1_441' title='bbox 3248 2106 3416 2160; x_wconf 84' lang='grc' dir='ltr'>ταῦτα</span> <span class='ocrx_word' id='word_1_442' title='bbox 3441 2103 3752 2173; x_wconf 81' lang='grc' dir='ltr'>ἀπολογίας</span> 
     </span>
    </p>
   </div>
   <div class='ocr_carea' id='block_1_67' title="bbox 2154 2196 3748 2271">
    <p class='ocr_par' dir='ltr' id='par_1_67' title="bbox 2154 2196 3748 2271">
     <span class='ocr_line' id='line_1_67' title="bbox 2154 2196 3748 2271; baseline -0.003 -19"><span class='ocrx_word' id='word_1_443' title='bbox 2154 2201 2539 2252; x_wconf 87' lang='grc' dir='ltr'>καταλείπεται</span> <span class='ocrx_word' id='word_1_444' title='bbox 2587 2200 2663 2271; x_wconf 80' lang='grc' dir='ltr'>τῷ</span> <span class='ocrx_word' id='word_1_445' title='bbox 2696 2201 2789 2252; x_wconf 78' lang='grc' dir='ltr'><strong>καὶ</strong></span> <span class='ocrx_word' id='word_1_446' title='bbox 2822 2199 2918 2269; x_wconf 77' lang='grc' dir='ltr'><strong>τὴν</strong></span> <span class='ocrx_word' id='word_1_447' title='bbox 2958 2199 3196 2269; x_wconf 80' lang='grc' dir='ltr'>ἱστορίαν</span> <span class='ocrx_word' id='word_1_448' title='bbox 3232 2198 3402 2250; x_wconf 85' lang='grc' dir='ltr'>σῶσαι</span> <span class='ocrx_word' id='word_1_449' title='bbox 3436 2197 3674 2259; x_wconf 88' lang='grc' dir='ltr'>θέλοντι,</span> <span class='ocrx_word' id='word_1_450' title='bbox 3712 2196 3748 2266; x_wconf 78' lang='grc' dir='ltr'>ἡ</span> 
     </span>
    </p>
   </div>
   <div class='ocr_carea' id='block_1_68' title="bbox 2153 2284 3748 2361">
    <p class='ocr_par' dir='ltr' id='par_1_68' title="bbox 2153 2284 3748 2361">
     <span class='ocr_line' id='line_1_68' title="bbox 2153 2284 3748 2361; baseline -0.002 -20"><span class='ocrx_word' id='word_1_451' title='bbox 2153 2289 2398 2361; x_wconf 83' lang='grc' dir='ltr'>θειοτέρα</span> <span class='ocrx_word' id='word_1_452' title='bbox 2421 2289 2515 2344; x_wconf 91' lang='grc' dir='ltr'><strong>τοῦ</strong></span> <span class='ocrx_word' id='word_1_453' title='bbox 2553 2289 2727 2360; x_wconf 85' lang='grc' dir='ltr'>Ἰησοῦ</span> <span class='ocrx_word' id='word_1_454' title='bbox 2761 2288 2987 2358; x_wconf 82' lang='grc' dir='ltr'>δύναμις</span> <span class='ocrx_word' id='word_1_455' title='bbox 3019 2289 3130 2340; x_wconf 81' lang='grc' dir='ltr'>οἴου</span> <span class='ocrx_word' id='word_1_456' title='bbox 3166 2305 3222 2340; x_wconf 88' lang='grc' dir='ltr'><strong>τε</strong></span> <span class='ocrx_word' id='word_1_457' title='bbox 3249 2287 3422 2352; x_wconf 76' lang='grc' dir='ltr'>ὄντος,</span> <span class='ocrx_word' id='word_1_458' title='bbox 3455 2288 3546 2340; x_wconf 85' lang='grc' dir='ltr'>ὅτε</span> <span class='ocrx_word' id='word_1_459' title='bbox 3583 2284 3748 2338; x_wconf 72' lang='grc' dir='ltr'>ἐϐούο</span> 
     </span>
    </p>
   </div>
   <div class='ocr_carea' id='block_1_69' title="bbox 2151 2375 3747 2449">
    <p class='ocr_par' dir='ltr' id='par_1_69' title="bbox 2151 2375 3747 2449">
     <span class='ocr_line' id='line_1_69' title="bbox 2151 2375 3747 2449; baseline -0.003 -18"><span class='ocrx_word' id='word_1_460' title='bbox 2151 2378 2292 2444; x_wconf 85' lang='grc' dir='ltr'>λετο,</span> <span class='ocrx_word' id='word_1_461' title='bbox 2348 2380 2440 2432; x_wconf 76' lang='grc' dir='ltr'>καὶ</span> <span class='ocrx_word' id='word_1_462' title='bbox 2487 2379 2656 2449; x_wconf 85' lang='grc' dir='ltr'>θυμὸν</span> <span class='ocrx_word' id='word_1_463' title='bbox 2709 2378 2915 2449; x_wconf 84' lang='grc' dir='ltr'>ἐχθρῶν</span> <span class='ocrx_word' id='word_1_464' title='bbox 2956 2378 3326 2448; x_wconf 67' lang='grc' dir='ltr'>ἀναπτόμενον</span> <span class='ocrx_word' id='word_1_465' title='bbox 3376 2376 3590 2439; x_wconf 88' lang='grc' dir='ltr'>σϐέσαι,</span> <span class='ocrx_word' id='word_1_466' title='bbox 3647 2375 3747 2428; x_wconf 79' lang='grc' dir='ltr'><strong>καὶ</strong></span> 
     </span>
    </p>
   </div>
   <div class='ocr_carea' id='block_1_70' title="bbox 2156 2468 3745 2542">
    <p class='ocr_par' dir='ltr' id='par_1_70' title="bbox 2156 2468 3745 2542">
     <span class='ocr_line' id='line_1_70' title="bbox 2156 2468 3745 2542; baseline 0 -21"><span class='ocrx_word' id='word_1_467' title='bbox 2156 2472 2428 2541; x_wconf 84' lang='grc' dir='ltr'>μυριάδων</span> <span class='ocrx_word' id='word_1_468' title='bbox 2477 2470 2596 2542; x_wconf 78' lang='grc' dir='ltr'>θείᾳ</span> <span class='ocrx_word' id='word_1_469' title='bbox 2627 2473 2808 2541; x_wconf 84' lang='grc' dir='ltr'>χάριτι</span> <span class='ocrx_word' id='word_1_470' title='bbox 2843 2471 3242 2540; x_wconf 84' lang='grc' dir='ltr'>περιγενέσθαι,</span> <span class='ocrx_word' id='word_1_471' title='bbox 3297 2470 3389 2522; x_wconf 69' lang='grc' dir='ltr'>καὶ</span> <span class='ocrx_word' id='word_1_472' title='bbox 3438 2468 3745 2539; x_wconf 83' lang='grc' dir='ltr'>λογισμοὺς</span> 
     </span>
    </p>
   </div>
   <div class='ocr_carea' id='block_1_71' title="bbox 2151 2559 3739 2633">
    <p class='ocr_par' dir='ltr' id='par_1_71' title="bbox 2151 2559 3739 2633">
     <span class='ocr_line' id='line_1_71' title="bbox 2151 2559 3739 2633; baseline -0.001 -21"><span class='ocrx_word' id='word_1_473' title='bbox 2151 2559 2522 2630; x_wconf 76' lang='grc' dir='ltr'>θορυϐούντων</span> <span class='ocrx_word' id='word_1_474' title='bbox 2583 2561 2695 2633; x_wconf 81' lang='lat'><strong>(59)</strong></span> <span class='ocrx_word' id='word_1_475' title='bbox 2725 2561 3100 2614; x_wconf 78' lang='grc' dir='ltr'>διασκεδάσαιο</span> <span class='ocrx_word' id='word_1_476' title='bbox 3148 2580 3166 2611; x_wconf 84' lang='grc' dir='ltr'><strong>ι</strong></span> <span class='ocrx_word' id='word_1_477' title='bbox 3212 2559 3414 2632; x_wconf 81' lang='grc' dir='ltr'>Κύριος</span> <span class='ocrx_word' id='word_1_478' title='bbox 3455 2561 3566 2630; x_wconf 89' lang='grc' dir='ltr'><strong>γάρ</strong></span> <span class='ocrx_word' id='word_1_479' title='bbox 3613 2560 3739 2611; x_wconf 86' lang='grc' dir='ltr'>δια-</span> 
     </span>
    </p>
   </div>
   <div class='ocr_carea' id='block_1_72' title="bbox 2153 2649 3744 2721">
    <p class='ocr_par' dir='ltr' id='par_1_72' title="bbox 2153 2649 3744 2721">
     <span class='ocr_line' id='line_1_72' title="bbox 2153 2649 3744 2721; baseline -0.001 -18"><span class='ocrx_word' id='word_1_480' title='bbox 2153 2651 2398 2714; x_wconf 75' lang='grc' dir='ltr'>σκεδάζει</span> <span class='ocrx_word' id='word_1_481' title='bbox 2456 2651 2652 2721; x_wconf 87' lang='grc' dir='ltr'>βουλάς</span> <span class='ocrx_word' id='word_1_482' title='bbox 2708 2652 2898 2715; x_wconf 87' lang='grc' dir='ltr'>ἐθνῶν,</span> <span class='ocrx_word' id='word_1_483' title='bbox 2966 2652 3058 2704; x_wconf 81' lang='grc' dir='ltr'><strong>καὶ</strong></span> <span class='ocrx_word' id='word_1_484' title='bbox 3105 2650 3284 2705; x_wconf 85' lang='grc' dir='ltr'>ἀθετεῖ</span> <span class='ocrx_word' id='word_1_485' title='bbox 3327 2650 3383 2703; x_wconf 89' lang='grc' dir='ltr'><strong>δέ</strong></span> <span class='ocrx_word' id='word_1_486' title='bbox 3435 2649 3744 2721; x_wconf 84' lang='grc' dir='ltr'>λογισμοὺς</span> 
     </span>
    </p>
   </div>
   <div class='ocr_carea' id='block_1_73' title="bbox 2149 2734 3737 2815">
    <p class='ocr_par' dir='ltr' id='par_1_73' title="bbox 2149 2734 3737 2815">
     <span class='ocr_line' id='line_1_73' title="bbox 2149 2734 3737 2815; baseline 0 -21"><span class='ocrx_word' id='word_1_487' title='bbox 2149 2742 2293 2797; x_wconf 91' lang='grc' dir='ltr'>λαῶν</span> <span class='ocrx_word' id='word_1_488' title='bbox 2315 2761 2328 2773; x_wconf 89' lang='grc'>·</span> <span class='ocrx_word' id='word_1_489' title='bbox 2355 2745 2388 2814; x_wconf 77' lang='grc' dir='ltr'><strong>ἡ</strong></span> <span class='ocrx_word' id='word_1_490' title='bbox 2420 2745 2476 2797; x_wconf 88' lang='grc' dir='ltr'><strong>δέ</strong></span> <span class='ocrx_word' id='word_1_491' title='bbox 2513 2744 2675 2815; x_wconf 82' lang='grc' dir='ltr'>βουλὴ</span> <span class='ocrx_word' id='word_1_492' title='bbox 2703 2743 2797 2796; x_wconf 88' lang='grc' dir='ltr'><strong>τοῦ</strong></span> <span class='ocrx_word' id='word_1_493' title='bbox 2831 2744 3037 2815; x_wconf 84' lang='grc' dir='ltr'>Κυρίου</span> <span class='ocrx_word' id='word_1_494' title='bbox 3069 2745 3148 2807; x_wconf 85' lang='grc' dir='ltr'><strong>είς</strong></span> <span class='ocrx_word' id='word_1_495' title='bbox 3175 2734 3277 2796; x_wconf 83' lang='grc' dir='ltr'><strong>τὸν</strong></span> <span class='ocrx_word' id='word_1_496' title='bbox 3299 2743 3468 2796; x_wconf 85' lang='grc' dir='ltr'>αἰῶνα</span> <span class='ocrx_word' id='word_1_497' title='bbox 3493 2742 3653 2812; x_wconf 81' lang='grc' dir='ltr'>μένει</span> <span class='ocrx_word' id='word_1_498' title='bbox 3672 2758 3687 2772; x_wconf 85' lang='grc'><strong>’</strong></span> <span class='ocrx_word' id='word_1_499' title='bbox 3715 2760 3737 2794; x_wconf 71' lang='grc' dir='ltr'><strong>ο</strong></span> 
     </span>
    </p>
   </div>
   <div class='ocr_carea' id='block_1_74' title="bbox 2147 2835 3741 2908">
    <p class='ocr_par' dir='ltr' id='par_1_74' title="bbox 2147 2835 3741 2908">
     <span class='ocr_line' id='line_1_74' title="bbox 2147 2835 3741 2908; baseline -0.001 -18"><span class='ocrx_word' id='word_1_500' title='bbox 2147 2835 2287 2890; x_wconf 83' lang='grc' dir='ltr'>ὥστε</span> <span class='ocrx_word' id='word_1_501' title='bbox 2316 2836 2542 2908; x_wconf 80' lang='grc' dir='ltr'>μηδενὸς</span> <span class='ocrx_word' id='word_1_502' title='bbox 2587 2837 2694 2890; x_wconf 84' lang='grc' dir='ltr'><strong>τῶν</strong></span> <span class='ocrx_word' id='word_1_503' title='bbox 2726 2837 2932 2908; x_wconf 78' lang='grc' dir='ltr'>σφόδρα</span> <span class='ocrx_word' id='word_1_504' title='bbox 2962 2835 3279 2908; x_wconf 80' lang='grc' dir='ltr'>παραδόξως</span> <span class='ocrx_word' id='word_1_505' title='bbox 3323 2837 3413 2888; x_wconf 84' lang='grc' dir='ltr'>ὑπ’</span> <span class='ocrx_word' id='word_1_506' title='bbox 3446 2835 3619 2887; x_wconf 83' lang='grc' dir='ltr'>αὐτοῦ</span> <span class='ocrx_word' id='word_1_507' title='bbox 3645 2852 3741 2903; x_wconf 90' lang='grc' dir='ltr'>γε-</span> 
     </span>
    </p>
   </div>
   <div class='ocr_carea' id='block_1_75' title="bbox 2148 2926 3738 3000">
    <p class='ocr_par' dir='ltr' id='par_1_75' title="bbox 2148 2926 3738 3000">
     <span class='ocr_line' id='line_1_75' title="bbox 2148 2926 3738 3000; baseline -0.003 -19"><span class='ocrx_word' id='word_1_508' title='bbox 2148 2928 2486 2999; x_wconf 88' lang='grc' dir='ltr'>γενημένων,</span> <span class='ocrx_word' id='word_1_509' title='bbox 2536 2929 2630 2981; x_wconf 69' lang='grc' dir='ltr'><strong>καὶ</strong></span> <span class='ocrx_word' id='word_1_510' title='bbox 2665 2930 3158 3000; x_wconf 88' lang='grc' dir='ltr'>προκαλεσαμένων</span> <span class='ocrx_word' id='word_1_511' title='bbox 3207 2928 3294 2981; x_wconf 86' lang='grc' dir='ltr'><strong>διά</strong></span> <span class='ocrx_word' id='word_1_512' title='bbox 3325 2926 3423 2997; x_wconf 80' lang='grc' dir='ltr'>τῆς</span> <span class='ocrx_word' id='word_1_513' title='bbox 3453 2926 3738 2997; x_wconf 83' lang='grc' dir='ltr'>θειότητος</span> 
     </span>
    </p>
   </div>
   <div class='ocr_carea' id='block_1_76' title="bbox 2147 3019 3738 3093">
    <p class='ocr_par' dir='ltr' id='par_1_76' title="bbox 2147 3019 3738 3093">
     <span class='ocr_line' id='line_1_76' title="bbox 2147 3019 3738 3093; baseline 0 -20"><span class='ocrx_word' id='word_1_514' title='bbox 2147 3021 2229 3084; x_wconf 85' lang='grc' dir='ltr'><strong>είς</strong></span> <span class='ocrx_word' id='word_1_515' title='bbox 2277 3020 2458 3073; x_wconf 86' lang='grc' dir='ltr'>πίστιν</span> <span class='ocrx_word' id='word_1_516' title='bbox 2491 3023 2617 3083; x_wconf 78' lang='grc' dir='ltr'>τοὺς</span> <span class='ocrx_word' id='word_1_517' title='bbox 2662 3020 3088 3093; x_wconf 83' lang='grc' dir='ltr'>τεθεωρηκότας,</span> <span class='ocrx_word' id='word_1_518' title='bbox 3136 3020 3392 3073; x_wconf 89' lang='grc' dir='ltr'>ἐλάττονα</span> <span class='ocrx_word' id='word_1_519' title='bbox 3442 3019 3738 3090; x_wconf 77' lang='grc' dir='ltr'>ἐμφαίνειν</span> 
     </span>
    </p>
   </div>
   <div class='ocr_carea' id='block_1_77' title="bbox 2148 3111 3734 3184">
    <p class='ocr_par' dir='ltr' id='par_1_77' title="bbox 2148 3111 3734 3184">
     <span class='ocr_line' id='line_1_77' title="bbox 2148 3111 3734 3184; baseline -0.001 -16"><span class='ocrx_word' id='word_1_520' title='bbox 2148 3113 2528 3184; x_wconf 76' lang='grc' dir='ltr'>ἐνεργηθείσαν</span> <span class='ocrx_word' id='word_1_521' title='bbox 2557 3112 2782 3183; x_wconf 78' lang='grc' dir='ltr'>δύναμιν</span> <span class='ocrx_word' id='word_1_522' title='bbox 2828 3114 2926 3184; x_wconf 82' lang='grc' dir='ltr'><strong>τὴν</strong></span> <span class='ocrx_word' id='word_1_523' title='bbox 2959 3114 3100 3167; x_wconf 80' lang='grc' dir='ltr'>κατὰ</span> <span class='ocrx_word' id='word_1_524' title='bbox 3142 3113 3230 3167; x_wconf 85' lang='grc' dir='ltr'><strong>τὸν</strong></span> <span class='ocrx_word' id='word_1_525' title='bbox 3269 3113 3432 3165; x_wconf 83' lang='grc' dir='ltr'>τόπον</span> <span class='ocrx_word' id='word_1_526' title='bbox 3463 3111 3734 3183; x_wconf 85' lang='grc' dir='ltr'>ἱστορίαν,</span> 
     </span>
    </p>
   </div>
   <div class='ocr_carea' id='block_1_78' title="bbox 2149 3203 3737 3277">
    <p class='ocr_par' dir='ltr' id='par_1_78' title="bbox 2149 3203 3737 3277">
     <span class='ocr_line' id='line_1_78' title="bbox 2149 3203 3737 3277; baseline -0.001 -19"><span class='ocrx_word' id='word_1_527' title='bbox 2149 3204 2203 3258; x_wconf 80' lang='grc' dir='ltr'><strong>εί</strong></span> <span class='ocrx_word' id='word_1_528' title='bbox 2227 3223 2289 3274; x_wconf 88' lang='grc' dir='ltr'><strong>γε</strong></span> <span class='ocrx_word' id='word_1_529' title='bbox 2314 3207 2406 3259; x_wconf 74' lang='grc' dir='ltr'>καὶ</span> <span class='ocrx_word' id='word_1_530' title='bbox 2427 3206 2564 3276; x_wconf 81' lang='grc' dir='ltr'>αὑτὴ</span> <span class='ocrx_word' id='word_1_531' title='bbox 2594 3206 2902 3277; x_wconf 82' lang='grc' dir='ltr'>γεγένηται.</span> <span class='ocrx_word' id='word_1_532' title='bbox 2940 3207 3048 3258; x_wconf 73' lang='grc' dir='ltr'><strong>Καὶ</strong></span> <span class='ocrx_word' id='word_1_533' title='bbox 3075 3205 3295 3276; x_wconf 75' lang='grc' dir='ltr'>μείζονα</span> <span class='ocrx_word' id='word_1_534' title='bbox 3316 3203 3360 3256; x_wconf 90' lang='grc' dir='ltr'>δ’</span> <span class='ocrx_word' id='word_1_535' title='bbox 3385 3204 3558 3274; x_wconf 80' lang='grc' dir='ltr'>αὐτὴν</span> <span class='ocrx_word' id='word_1_536' title='bbox 3585 3203 3737 3257; x_wconf 78' lang='grc' dir='ltr'>ἐστιν</span> 
     </span>
    </p>
   </div>
   <div class='ocr_carea' id='block_1_79' title="bbox 2148 3295 3734 3369">
    <p class='ocr_par' dir='ltr' id='par_1_79' title="bbox 2148 3295 3734 3369">
     <span class='ocr_line' id='line_1_79' title="bbox 2148 3295 3734 3369; baseline -0.003 -17"><span class='ocrx_word' id='word_1_537' title='bbox 2148 3298 2525 3369; x_wconf 72' lang='grc' dir='ltr'>ἀποφήνασθαι</span> <span class='ocrx_word' id='word_1_538' title='bbox 2551 3299 2649 3369; x_wconf 81' lang='grc' dir='ltr'><strong>τῆς</strong></span> <span class='ocrx_word' id='word_1_539' title='bbox 2677 3298 3050 3368; x_wconf 86' lang='grc' dir='ltr'>γεγενημένης</span> <span class='ocrx_word' id='word_1_540' title='bbox 3081 3298 3206 3369; x_wconf 80' lang='grc' dir='ltr'>περὶ</span> <span class='ocrx_word' id='word_1_541' title='bbox 3234 3295 3326 3349; x_wconf 89' lang='grc' dir='ltr'><strong>τοῦ</strong></span> <span class='ocrx_word' id='word_1_542' title='bbox 3355 3299 3412 3350; x_wconf 83' lang='grc' dir='ltr'><strong>ἐν</strong></span> <span class='ocrx_word' id='word_1_543' title='bbox 3441 3297 3600 3367; x_wconf 79' lang='grc' dir='ltr'>Κανᾷ</span> <span class='ocrx_word' id='word_1_544' title='bbox 3628 3296 3734 3366; x_wconf 85' lang='grc' dir='ltr'>τῆς</span> 
     </span>
    </p>
   </div>
   <div class='ocr_carea' id='block_1_80' title="bbox 2147 3383 3738 3461">
    <p class='ocr_par' dir='ltr' id='par_1_80' title="bbox 2147 3383 3738 3461">
     <span class='ocr_line' id='line_1_80' title="bbox 2147 3383 3738 3461; baseline -0.001 -20"><span class='ocrx_word' id='word_1_545' title='bbox 2147 3388 2434 3452; x_wconf 84' lang='grc' dir='ltr'>Γαλιλαίας</span> <span class='ocrx_word' id='word_1_546' title='bbox 2466 3389 2930 3461; x_wconf 85' lang='grc' dir='ltr'>μεταϐεϐληκότος</span> <span class='ocrx_word' id='word_1_547' title='bbox 2971 3389 3160 3452; x_wconf 78' lang='grc' dir='ltr'>ὓδατος</span> <span class='ocrx_word' id='word_1_548' title='bbox 3201 3389 3279 3452; x_wconf 86' lang='grc' dir='ltr'><strong>είς</strong></span> <span class='ocrx_word' id='word_1_549' title='bbox 3309 3383 3469 3450; x_wconf 75' lang='grc' dir='ltr'>οἶνον,</span> <span class='ocrx_word' id='word_1_550' title='bbox 3505 3387 3586 3458; x_wconf 84' lang='grc' dir='ltr'>τῷ</span> <span class='ocrx_word' id='word_1_551' title='bbox 3615 3389 3738 3440; x_wconf 84' lang='grc' dir='ltr'>ἐκεῖ</span> 
     </span>
    </p>
   </div>
   <div class='ocr_carea' id='block_1_81' title="bbox 2150 3479 3738 3553">
    <p class='ocr_par' dir='ltr' id='par_1_81' title="bbox 2150 3479 3738 3553">
     <span class='ocr_line' id='line_1_81' title="bbox 2150 3479 3738 3553; baseline -0.001 -22"><span class='ocrx_word' id='word_1_552' title='bbox 2150 3480 2251 3550; x_wconf 89' lang='grc' dir='ltr'><strong>μέν</strong></span> <span class='ocrx_word' id='word_1_553' title='bbox 2278 3481 2480 3551; x_wconf 66' lang='grc' dir='ltr'>ἄψυχον</span> <span class='ocrx_word' id='word_1_554' title='bbox 2506 3481 2638 3552; x_wconf 75' lang='grc' dir='ltr'>ὕλην</span> <span class='ocrx_word' id='word_1_555' title='bbox 2665 3479 2802 3536; x_wconf 75' lang='grc' dir='ltr'>εἶναι</span> <span class='ocrx_word' id='word_1_556' title='bbox 2831 3481 2929 3553; x_wconf 77' lang='grc' dir='ltr'><strong>τὴν</strong></span> <span class='ocrx_word' id='word_1_557' title='bbox 2961 3481 3440 3552; x_wconf 85' lang='grc' dir='ltr'>μεταϐεϐλημένην</span> <span class='ocrx_word' id='word_1_558' title='bbox 3474 3480 3614 3550; x_wconf 79' lang='lat'><strong>(60),</strong></span> <span class='ocrx_word' id='word_1_559' title='bbox 3649 3482 3738 3533; x_wconf 89' lang='grc' dir='ltr'>ἐν-</span> 
     </span>
    </p>
   </div>
   <div class='ocr_carea' id='block_1_82' title="bbox 2147 3571 3738 3646">
    <p class='ocr_par' dir='ltr' id='par_1_82' title="bbox 2147 3571 3738 3646">
     <span class='ocr_line' id='line_1_82' title="bbox 2147 3571 3738 3646; baseline 0.001 -22"><span class='ocrx_word' id='word_1_560' title='bbox 2147 3571 2271 3624; x_wconf 88' lang='grc' dir='ltr'>θάδε</span> <span class='ocrx_word' id='word_1_561' title='bbox 2300 3573 2357 3624; x_wconf 85' lang='grc' dir='ltr'>δὲ</span> <span class='ocrx_word' id='word_1_562' title='bbox 2384 3573 2490 3626; x_wconf 84' lang='grc' dir='ltr'><strong>τῶν</strong></span> <span class='ocrx_word' id='word_1_563' title='bbox 2522 3573 2788 3626; x_wconf 76' lang='grc' dir='ltr'>τοσούτων</span> <span class='ocrx_word' id='word_1_564' title='bbox 2815 3572 3085 3644; x_wconf 83' lang='grc' dir='ltr'>μυριάδων</span> <span class='ocrx_word' id='word_1_565' title='bbox 3113 3573 3466 3626; x_wconf 82' lang='grc' dir='ltr'>δεδουλῶσθαι</span> <span class='ocrx_word' id='word_1_566' title='bbox 3494 3572 3559 3626; x_wconf 85' lang='grc' dir='ltr'>τὰ</span> <span class='ocrx_word' id='word_1_567' title='bbox 3593 3575 3738 3646; x_wconf 81' lang='grc' dir='ltr'>ἠγε-</span> 
     </span>
    </p>
   </div>
   <div class='ocr_carea' id='block_1_83' title="bbox 2149 3663 3734 3734">
    <p class='ocr_par' dir='ltr' id='par_1_83' title="bbox 2149 3663 3734 3734">
     <span class='ocr_line' id='line_1_83' title="bbox 2149 3663 3734 3734; baseline 0.003 -21"><span class='ocrx_word' id='word_1_568' title='bbox 2149 3663 2362 3732; x_wconf 81' lang='grc' dir='ltr'>μονικά.</span> <span class='ocrx_word' id='word_1_569' title='bbox 2410 3663 2828 3734; x_wconf 88' lang='grc' dir='ltr'>Παρατηρητέον</span> <span class='ocrx_word' id='word_1_570' title='bbox 2865 3663 3130 3732; x_wconf 86' lang='grc' dir='ltr'>μέντοιγε,</span> <span class='ocrx_word' id='word_1_571' title='bbox 3165 3664 3246 3714; x_wconf 74' lang='grc' dir='ltr'>ὅτι</span> <span class='ocrx_word' id='word_1_572' title='bbox 3279 3665 3335 3716; x_wconf 90' lang='grc' dir='ltr'><strong>ἐν</strong></span> <span class='ocrx_word' id='word_1_573' title='bbox 3383 3663 3480 3734; x_wconf 83' lang='grc' dir='ltr'><strong>μὲν</strong></span> <span class='ocrx_word' id='word_1_574' title='bbox 3513 3663 3591 3733; x_wconf 85' lang='grc' dir='ltr'>τῷ</span> <span class='ocrx_word' id='word_1_575' title='bbox 3626 3664 3734 3732; x_wconf 87' lang='grc' dir='ltr'>γά-</span> 
     </span>
    </p>
   </div>
   <div class='ocr_carea' id='block_1_84' title="bbox 2149 3751 3732 3826">
    <p class='ocr_par' dir='ltr' id='par_1_84' title="bbox 2149 3751 3732 3826">
     <span class='ocr_line' id='line_1_84' title="bbox 2149 3751 3732 3826; baseline 0.002 -20"><span class='ocrx_word' id='word_1_576' title='bbox 2149 3756 2291 3826; x_wconf 83' lang='grc' dir='ltr'><strong>μῳὴ</strong></span> <span class='ocrx_word' id='word_1_577' title='bbox 2325 3757 2508 3826; x_wconf 82' lang='grc' dir='ltr'>μήτηρ</span> <span class='ocrx_word' id='word_1_578' title='bbox 2539 3755 2632 3808; x_wconf 88' lang='grc' dir='ltr'><strong>τοῦ</strong></span> <span class='ocrx_word' id='word_1_579' title='bbox 2669 3754 2845 3825; x_wconf 88' lang='grc' dir='ltr'>Ἰησοῦ</span> <span class='ocrx_word' id='word_1_580' title='bbox 2876 3751 3011 3808; x_wconf 82' lang='grc' dir='ltr'>εἶναι</span> <span class='ocrx_word' id='word_1_581' title='bbox 3057 3754 3291 3823; x_wconf 88' lang='grc' dir='ltr'>λέγεται,</span> <span class='ocrx_word' id='word_1_582' title='bbox 3340 3755 3640 3825; x_wconf 79' lang='grc' dir='ltr'>κεκλῆσθαι</span> <span class='ocrx_word' id='word_1_583' title='bbox 3671 3755 3732 3809; x_wconf 82' lang='grc' dir='ltr'><strong>δὲ</strong></span> 
     </span>
    </p>
   </div>
   <div class='ocr_carea' id='block_1_85' title="bbox 2143 3843 3733 3916">
    <p class='ocr_par' dir='ltr' id='par_1_85' title="bbox 2143 3843 3733 3916">
     <span class='ocr_line' id='line_1_85' title="bbox 2143 3843 3733 3916; baseline 0.001 -20"><span class='ocrx_word' id='word_1_584' title='bbox 2143 3846 2171 3896; x_wconf 87' lang='grc' dir='ltr'><strong>ὁ</strong></span> <span class='ocrx_word' id='word_1_585' title='bbox 2214 3843 2418 3914; x_wconf 89' lang='grc' dir='ltr'>Ἰησοῦς</span> <span class='ocrx_word' id='word_1_586' title='bbox 2449 3846 2544 3897; x_wconf 77' lang='grc' dir='ltr'><strong>καὶ</strong></span> <span class='ocrx_word' id='word_1_587' title='bbox 2573 3845 2620 3897; x_wconf 77' lang='lat' dir='ltr'><strong>oi</strong></span> <span class='ocrx_word' id='word_1_588' title='bbox 2669 3843 2908 3915; x_wconf 74' lang='grc' dir='ltr'>μαθηταὶ</span> <span class='ocrx_word' id='word_1_589' title='bbox 2938 3845 3123 3898; x_wconf 82' lang='grc' dir='ltr'>αὐτοῦ.</span> <span class='ocrx_word' id='word_1_590' title='bbox 3165 3846 3258 3909; x_wconf 71' lang='lat' dir='ltr'><strong>Et;</strong></span> <span class='ocrx_word' id='word_1_591' title='bbox 3287 3844 3342 3897; x_wconf 83' lang='grc' dir='ltr'>δὲ</span> <span class='ocrx_word' id='word_1_592' title='bbox 3371 3846 3469 3915; x_wconf 84' lang='grc' dir='ltr'>τὴν</span> <span class='ocrx_word' id='word_1_593' title='bbox 3491 3846 3733 3916; x_wconf 78' lang='grc' dir='ltr'>Καφαρ-</span> 
     </span>
    </p>
   </div>
   <div class='ocr_carea' id='block_1_86' title="bbox 2143 3932 3734 4006">
    <p class='ocr_par' dir='ltr' id='par_1_86' title="bbox 2143 3932 3734 4006">
     <span class='ocr_line' id='line_1_86' title="bbox 2143 3932 3734 4006; baseline -0.001 -20"><span class='ocrx_word' id='word_1_594' title='bbox 2143 3935 2322 4005; x_wconf 80' lang='grc' dir='ltr'>ναοὺμ</span> <span class='ocrx_word' id='word_1_595' title='bbox 2354 3932 2788 4004; x_wconf 85' lang='grc' dir='ltr'>καταϐεϐηκέναι</span> <span class='ocrx_word' id='word_1_596' title='bbox 2825 3932 2935 4004; x_wconf 88' lang='grc'><strong>(61)</strong></span> <span class='ocrx_word' id='word_1_597' title='bbox 2969 3933 3143 3997; x_wconf 80' lang='grc' dir='ltr'>οὐδεὶς</span> <span class='ocrx_word' id='word_1_598' title='bbox 3171 3933 3308 4006; x_wconf 80' lang='grc' dir='ltr'>πλὴν</span> <span class='ocrx_word' id='word_1_599' title='bbox 3342 3932 3514 4003; x_wconf 84' lang='grc' dir='ltr'>Ἰησοῦ</span> <span class='ocrx_word' id='word_1_600' title='bbox 3539 3933 3734 3986; x_wconf 83' lang='grc' dir='ltr'>κατεί-</span> 
     </span>
    </p>
   </div>
   <div class='ocr_carea' id='block_1_87' title="bbox 2141 4023 3729 4098">
    <p class='ocr_par' dir='ltr' id='par_1_87' title="bbox 2141 4023 3729 4098">
     <span class='ocr_line' id='line_1_87' title="bbox 2141 4023 3729 4098; baseline 0.001 -22"><span class='ocrx_word' id='word_1_601' title='bbox 2141 4023 2346 4078; x_wconf 86' lang='grc' dir='ltr'>λεκται.</span> <span class='ocrx_word' id='word_1_602' title='bbox 2387 4025 2668 4078; x_wconf 81' lang='grc' dir='ltr'>Φαίνονται</span> <span class='ocrx_word' id='word_1_603' title='bbox 2695 4025 2740 4078; x_wconf 83' lang='grc' dir='ltr'>δ’</span> <span class='ocrx_word' id='word_1_604' title='bbox 2771 4024 2994 4097; x_wconf 83' lang='grc' dir='ltr'>ὕστερον</span> <span class='ocrx_word' id='word_1_605' title='bbox 3033 4026 3128 4078; x_wconf 74' lang='grc' dir='ltr'><strong>καὶ</strong></span> <span class='ocrx_word' id='word_1_606' title='bbox 3173 4028 3222 4079; x_wconf 94' lang='grc' dir='ltr'><strong>οί</strong></span> <span class='ocrx_word' id='word_1_607' title='bbox 3253 4026 3488 4098; x_wconf 75' lang='grc' dir='ltr'>μαθηταὶ</span> <span class='ocrx_word' id='word_1_608' title='bbox 3514 4026 3729 4096; x_wconf 85' lang='grc' dir='ltr'>παρόν-</span> 
     </span>
    </p>
   </div>
   <div class='ocr_carea' id='block_1_88' title="bbox 2139 4116 3728 4188">
    <p class='ocr_par' dir='ltr' id='par_1_88' title="bbox 2139 4116 3728 4188">
     <span class='ocr_line' id='line_1_88' title="bbox 2139 4116 3728 4188; baseline 0.002 -19"><span class='ocrx_word' id='word_1_609' title='bbox 2139 4133 2249 4181; x_wconf 87' lang='grc' dir='ltr'>τες,</span> <span class='ocrx_word' id='word_1_610' title='bbox 2283 4116 2422 4185; x_wconf 82' lang='grc' dir='ltr'>εἴγε</span> <span class='ocrx_word' id='word_1_611' title='bbox 2470 4116 2842 4188; x_wconf 71' lang='grc' dir='ltr'>ἐμνήσθησαν,</span> <span class='ocrx_word' id='word_1_612' title='bbox 2886 4118 2966 4170; x_wconf 84' lang='grc' dir='ltr'>ὅτι</span> <span class='ocrx_word' id='word_1_613' title='bbox 3001 4136 3017 4167; x_wconf 86' lang='grc' dir='ltr'><strong>ι</strong></span> <span class='ocrx_word' id='word_1_614' title='bbox 3042 4117 3099 4170; x_wconf 88' lang='lat'><strong>&#39;0</strong></span> <span class='ocrx_word' id='word_1_615' title='bbox 3144 4117 3302 4188; x_wconf 80' lang='grc' dir='ltr'>ζῆλος</span> <span class='ocrx_word' id='word_1_616' title='bbox 3328 4118 3421 4170; x_wconf 91' lang='grc' dir='ltr'><strong>τοῦ</strong></span> <span class='ocrx_word' id='word_1_617' title='bbox 3445 4118 3592 4172; x_wconf 80' lang='grc' dir='ltr'>οίκου</span> <span class='ocrx_word' id='word_1_618' title='bbox 3625 4135 3728 4172; x_wconf 89' lang='grc' dir='ltr'><strong>σου</strong></span> 
     </span>
    </p>
   </div>
   <div class='ocr_carea' id='block_1_89' title="bbox 2141 4208 3727 4280">
    <p class='ocr_par' dir='ltr' id='par_1_89' title="bbox 2141 4208 3727 4280">
     <span class='ocr_line' id='line_1_89' title="bbox 2141 4208 3727 4280; baseline 0 -19"><span class='ocrx_word' id='word_1_619' title='bbox 2141 4208 2513 4277; x_wconf 72' lang='grc' dir='ltr'>καταφάγεταί</span> <span class='ocrx_word' id='word_1_620' title='bbox 2551 4226 2636 4278; x_wconf 90' lang='grc' dir='ltr'><strong>με.</strong></span> <span class='ocrx_word' id='word_1_621' title='bbox 2669 4227 2688 4258; x_wconf 74' lang='grc' dir='ltr'><strong>ι</strong></span> <span class='ocrx_word' id='word_1_622' title='bbox 2749 4210 2858 4262; x_wconf 64' lang='grc' dir='ltr'><strong>Καὶ</strong></span> <span class='ocrx_word' id='word_1_623' title='bbox 2904 4209 3042 4278; x_wconf 88' lang='grc' dir='ltr'>τάχα</span> <span class='ocrx_word' id='word_1_624' title='bbox 3076 4211 3132 4260; x_wconf 91' lang='grc' dir='ltr'><strong>ἐν</strong></span> <span class='ocrx_word' id='word_1_625' title='bbox 3160 4209 3372 4278; x_wconf 79' lang='grc' dir='ltr'>ἑκάστῳ</span> <span class='ocrx_word' id='word_1_626' title='bbox 3396 4208 3504 4261; x_wconf 90' lang='grc' dir='ltr'><strong>τῶν</strong></span> <span class='ocrx_word' id='word_1_627' title='bbox 3539 4210 3727 4280; x_wconf 59' lang='grc' dir='ltr'>μαθη-</span> 
     </span>
    </p>
   </div>
   <div class='ocr_carea' id='block_1_90' title="bbox 2139 4297 3726 4373">
    <p class='ocr_par' dir='ltr' id='par_1_90' title="bbox 2139 4297 3726 4373">
     <span class='ocr_line' id='line_1_90' title="bbox 2139 4297 3726 4373; baseline 0 -20"><span class='ocrx_word' id='word_1_628' title='bbox 2139 4302 2246 4353; x_wconf 87' lang='grc' dir='ltr'><strong>τῶν</strong></span> <span class='ocrx_word' id='word_1_629' title='bbox 2276 4303 2304 4352; x_wconf 89' lang='grc' dir='ltr'>ὁ</span> <span class='ocrx_word' id='word_1_630' title='bbox 2344 4300 2549 4372; x_wconf 83' lang='grc' dir='ltr'>Ἰησοῦς</span> <span class='ocrx_word' id='word_1_631' title='bbox 2580 4301 2884 4354; x_wconf 87' lang='grc' dir='ltr'>ἀναϐαίνων</span> <span class='ocrx_word' id='word_1_632' title='bbox 2917 4304 2993 4364; x_wconf 84' lang='grc' dir='ltr'><strong>εἰς</strong></span> <span class='ocrx_word' id='word_1_633' title='bbox 3039 4301 3382 4373; x_wconf 89' lang='grc' dir='ltr'>Ἰεροσόλυμα</span> <span class='ocrx_word' id='word_1_634' title='bbox 3410 4297 3497 4372; x_wconf 79' lang='grc' dir='ltr'>ἦν,</span> <span class='ocrx_word' id='word_1_635' title='bbox 3527 4299 3726 4372; x_wconf 77' lang='grc' dir='ltr'>διόπερ</span> 
     </span>
    </p>
   </div>
   <div class='ocr_carea' id='block_1_91' title="bbox 2138 4391 3727 4463">
    <p class='ocr_par' dir='ltr' id='par_1_91' title="bbox 2138 4391 3727 4463">
     <span class='ocr_line' id='line_1_91' title="bbox 2138 4391 3727 4463; baseline 0.001 -21"><span class='ocrx_word' id='word_1_636' title='bbox 2138 4392 2236 4443; x_wconf 74' lang='grc' dir='ltr'>οὐκ</span> <span class='ocrx_word' id='word_1_637' title='bbox 2270 4391 2484 4461; x_wconf 75' lang='grc' dir='ltr'>εἴρηται</span> <span class='ocrx_word' id='word_1_638' title='bbox 2511 4391 2571 4442; x_wconf 86' lang='grc' dir='ltr'><strong>τό</strong></span> <span class='ocrx_word' id='word_1_639' title='bbox 2593 4408 2606 4420; x_wconf 65' lang='grc' dir='ltr'>θ</span> <span class='ocrx_word' id='word_1_640' title='bbox 2652 4391 2843 4460; x_wconf 85' lang='grc' dir='ltr'>Ἀνέϐη</span> <span class='ocrx_word' id='word_1_641' title='bbox 2879 4391 3084 4462; x_wconf 77' lang='grc' dir='ltr'>Ἰησοῦς</span> <span class='ocrx_word' id='word_1_642' title='bbox 3107 4393 3185 4455; x_wconf 83' lang='grc' dir='ltr'><strong>είς</strong></span> <span class='ocrx_word' id='word_1_643' title='bbox 3226 4392 3586 4463; x_wconf 89' lang='grc' dir='ltr'>Ἰεροσόλυμα,</span> <span class='ocrx_word' id='word_1_644' title='bbox 3623 4393 3727 4446; x_wconf 78' lang='grc' dir='ltr'><strong>καὶ</strong></span> 
     </span>
    </p>
   </div>
   <div class='ocr_carea' id='block_1_92' title="bbox 459 4471 2046 4562">
    <p class='ocr_par' dir='ltr' id='par_1_92' title="bbox 459 4471 2031 4555">
     <span class='ocr_line' id='line_1_92' title="bbox 459 4471 2031 4555; baseline 0.013 -36"><span class='ocrx_word' id='word_1_645' title='bbox 459 4471 946 4537; x_wconf 86' lang='lat' dir='ltr'><strong>quemadmodum,</strong></span> <span class='ocrx_word' id='word_1_646' title='bbox 1002 4491 1020 4524; x_wconf 77' lang='grc' dir='ltr'><strong>ι</strong></span> <span class='ocrx_word' id='word_1_647' title='bbox 1053 4476 1342 4532; x_wconf 85' lang='lat' dir='ltr'><strong>Descendit</strong></span> <span class='ocrx_word' id='word_1_648' title='bbox 1371 4481 1754 4550; x_wconf 87' lang='lat' dir='ltr'><strong>Capharnaum</strong></span> <span class='ocrx_word' id='word_1_649' title='bbox 1795 4485 1910 4555; x_wconf 89' lang='lat' dir='ltr'><strong>ipse</strong></span> <span class='ocrx_word' id='word_1_650' title='bbox 1932 4527 1947 4554; x_wconf 93' lang='lat'><strong>,</strong></span> <span class='ocrx_word' id='word_1_651' title='bbox 1978 4497 2031 4539; x_wconf 92' lang='lat' dir='ltr'><strong>et</strong></span> 
     </span>
    </p>
   </div>
   <div class='ocr_carea' id='block_1_93' title="bbox 2149 4471 3725 4562">
    <p class='ocr_par' dir='ltr' id='par_1_93' title="bbox 2149 4480 3725 4554">
     <span class='ocr_line' id='line_1_93' title="bbox 2149 4480 3725 4554; baseline 0.002 -22"><span class='ocrx_word' id='word_1_652' title='bbox 2149 4482 2185 4532; x_wconf 68' lang='lat' dir='ltr'><strong>3i</strong></span> <span class='ocrx_word' id='word_1_653' title='bbox 2220 4480 2457 4551; x_wconf 72' lang='grc' dir='ltr'>μαθηταὶ</span> <span class='ocrx_word' id='word_1_654' title='bbox 2486 4481 2672 4544; x_wconf 87' lang='grc' dir='ltr'>αὑτοῦ,</span> <span class='ocrx_word' id='word_1_655' title='bbox 2701 4480 2909 4553; x_wconf 84' lang='grc' dir='ltr'>ὥσπερ,</span> <span class='ocrx_word' id='word_1_656' title='bbox 2953 4503 2969 4534; x_wconf 88' lang='grc' dir='ltr'><strong>ι</strong></span> <span class='ocrx_word' id='word_1_657' title='bbox 2995 4482 3212 4554; x_wconf 82' lang='grc' dir='ltr'>Κατέϐη</span> <span class='ocrx_word' id='word_1_658' title='bbox 3239 4485 3315 4545; x_wconf 85' lang='grc' dir='ltr'>εἰς</span> <span class='ocrx_word' id='word_1_659' title='bbox 3340 4485 3725 4553; x_wconf 77' lang='grc' dir='ltr'>Καφαρναοὺμ</span> 
     </span>
    </p>
   </div>
   <div class='ocr_carea' id='block_1_94' title="bbox 460 4561 1787 4643">
    <p class='ocr_par' dir='ltr' id='par_1_94' title="bbox 460 4561 1787 4643">
     <span class='ocr_line' id='line_1_94' title="bbox 460 4561 1787 4643; baseline 0.01 -29"><span class='ocrx_word' id='word_1_660' title='bbox 460 4569 637 4618; x_wconf 88' lang='lat' dir='ltr'><strong>mater</strong></span> <span class='ocrx_word' id='word_1_661' title='bbox 660 4561 798 4632; x_wconf 87' lang='lat' dir='ltr'><strong>ejus,</strong></span> <span class='ocrx_word' id='word_1_662' title='bbox 825 4576 879 4618; x_wconf 93' lang='lat' dir='ltr'><strong>et</strong></span> <span class='ocrx_word' id='word_1_663' title='bbox 909 4563 1107 4623; x_wconf 83' lang='lat' dir='ltr'><strong>fratres</strong></span> <span class='ocrx_word' id='word_1_664' title='bbox 1159 4581 1214 4628; x_wconf 88' lang='lat' dir='ltr'><strong>et</strong></span> <span class='ocrx_word' id='word_1_665' title='bbox 1246 4573 1493 4642; x_wconf 91' lang='lat' dir='ltr'><strong>discipuli</strong></span> <span class='ocrx_word' id='word_1_666' title='bbox 1529 4573 1647 4643; x_wconf 90' lang='lat' dir='ltr'><strong>ejus</strong></span> <span class='ocrx_word' id='word_1_667' title='bbox 1673 4575 1740 4630; x_wconf 78' lang='grc'><strong>⁷⁸.</strong></span> <span class='ocrx_word' id='word_1_668' title='bbox 1768 4594 1787 4626; x_wconf 74' lang='grc' dir='ltr'><strong>ι</strong></span> 
     </span>
    </p>
   </div>
   <div class='ocr_carea' id='block_1_95' title="bbox 530 4742 2026 4828">
    <p class='ocr_par' dir='ltr' id='par_1_95' title="bbox 530 4742 2026 4828">
     <span class='ocr_line' id='line_1_95' title="bbox 530 4742 2026 4828; baseline 0.01 -33"><span class='ocrx_word' id='word_1_669' title='bbox 530 4742 615 4797; x_wconf 90' lang='grc'><strong>17.</strong></span> <span class='ocrx_word' id='word_1_670' title='bbox 660 4742 766 4798; x_wconf 91' lang='lat' dir='ltr'><strong>Sed</strong></span> <span class='ocrx_word' id='word_1_671' title='bbox 806 4743 922 4814; x_wconf 88' lang='lat' dir='ltr'><strong>jam</strong></span> <span class='ocrx_word' id='word_1_672' title='bbox 973 4759 1202 4820; x_wconf 77' lang='lat' dir='ltr'><strong>cognata</strong></span> <span class='ocrx_word' id='word_1_673' title='bbox 1250 4749 1376 4807; x_wconf 85' lang='lat' dir='ltr'><strong>huic</strong></span> <span class='ocrx_word' id='word_1_674' title='bbox 1410 4753 1530 4808; x_wconf 92' lang='lat' dir='ltr'><strong>loco</strong></span> <span class='ocrx_word' id='word_1_675' title='bbox 1567 4752 1862 4828; x_wconf 83' lang='lat' dir='ltr'><strong>(nimirum</strong></span> <span class='ocrx_word' id='word_1_676' title='bbox 1885 4756 2026 4824; x_wconf 91' lang='lat' dir='ltr'><strong>quod</strong></span> 
     </span>
    </p>
   </div>
   <div class='ocr_carea' id='block_1_96' title="bbox 453 4830 2023 4915">
    <p class='ocr_par' dir='ltr' id='par_1_96' title="bbox 453 4830 2023 4915">
     <span class='ocr_line' id='line_1_96' title="bbox 453 4830 2023 4915; baseline 0.01 -29"><span class='ocrx_word' id='word_1_677' title='bbox 453 4830 616 4900; x_wconf 73' lang='lat' dir='ltr'><strong>eiecti</strong></span> <span class='ocrx_word' id='word_1_678' title='bbox 664 4837 872 4892; x_wconf 78' lang='lat' dir='ltr'><strong>fuerint</strong></span> <span class='ocrx_word' id='word_1_679' title='bbox 902 4855 933 4896; x_wconf 91' lang='lat' dir='ltr'><strong>e</strong></span> <span class='ocrx_word' id='word_1_680' title='bbox 969 4843 1173 4913; x_wconf 91' lang='lat' dir='ltr'><strong>templo</strong></span> <span class='ocrx_word' id='word_1_681' title='bbox 1200 4846 1296 4915; x_wconf 90' lang='lat' dir='ltr'><strong>qui</strong></span> <span class='ocrx_word' id='word_1_682' title='bbox 1345 4845 1478 4901; x_wconf 92' lang='lat' dir='ltr'><strong>illud</strong></span> <span class='ocrx_word' id='word_1_683' title='bbox 1527 4846 1770 4902; x_wconf 87' lang='lat' dir='ltr'><strong>facerent</strong></span> <span class='ocrx_word' id='word_1_684' title='bbox 1805 4848 2023 4902; x_wconf 90' lang='lat' dir='ltr'><strong>domum</strong></span> 
     </span>
    </p>
   </div>
   <div class='ocr_carea' id='block_1_97' title="bbox 451 4928 2016 5007">
    <p class='ocr_par' dir='ltr' id='par_1_97' title="bbox 451 4928 2016 5007">
     <span class='ocr_line' id='line_1_97' title="bbox 451 4928 2016 5007; baseline 0.01 -28"><span class='ocrx_word' id='word_1_685' title='bbox 451 4928 756 5001; x_wconf 86' lang='lat' dir='ltr'><strong>mercatus)</strong></span> <span class='ocrx_word' id='word_1_686' title='bbox 784 4933 922 5002; x_wconf 89' lang='lat' dir='ltr'><strong>apud</strong></span> <span class='ocrx_word' id='word_1_687' title='bbox 951 4943 1173 4992; x_wconf 72' lang='lat' dir='ltr'><strong>caeteros</strong></span> <span class='ocrx_word' id='word_1_688' title='bbox 1220 4939 1394 5007; x_wconf 86' lang='lat' dir='ltr'><strong>posita</strong></span> <span class='ocrx_word' id='word_1_689' title='bbox 1445 4939 1837 4995; x_wconf 88' lang='lat' dir='ltr'><strong>consideranda</strong></span> <span class='ocrx_word' id='word_1_690' title='bbox 1870 4950 2016 4996; x_wconf 89' lang='lat' dir='ltr'><strong>sunt.</strong></span> 
     </span>
    </p>
   </div>
   <div class='ocr_carea' id='block_1_98' title="bbox 450 5018 2018 5103">
    <p class='ocr_par' dir='ltr' id='par_1_98' title="bbox 450 5018 2018 5103">
     <span class='ocr_line' id='line_1_98' title="bbox 450 5018 2018 5103; baseline 0.013 -33"><span class='ocrx_word' id='word_1_691' title='bbox 450 5018 531 5072; x_wconf 88' lang='lat' dir='ltr'><strong>Ac</strong></span> <span class='ocrx_word' id='word_1_692' title='bbox 558 5033 690 5077; x_wconf 87' lang='lat' dir='ltr'><strong>sane</strong></span> <span class='ocrx_word' id='word_1_693' title='bbox 719 5023 999 5080; x_wconf 89' lang='lat' dir='ltr'><strong>videamus</strong></span> <span class='ocrx_word' id='word_1_694' title='bbox 1051 5027 1103 5082; x_wconf 92' lang='lat' dir='ltr'><strong>in</strong></span> <span class='ocrx_word' id='word_1_695' title='bbox 1159 5031 1350 5099; x_wconf 91' lang='lat' dir='ltr'><strong>primis</strong></span> <span class='ocrx_word' id='word_1_696' title='bbox 1377 5047 1497 5101; x_wconf 73' lang='lat' dir='ltr'><strong>qua:</strong></span> <span class='ocrx_word' id='word_1_697' title='bbox 1528 5043 1661 5086; x_wconf 91' lang='lat' dir='ltr'><strong>sunt</strong></span> <span class='ocrx_word' id='word_1_698' title='bbox 1709 5035 1847 5103; x_wconf 89' lang='lat' dir='ltr'><strong>apud</strong></span> <span class='ocrx_word' id='word_1_699' title='bbox 1877 5033 2018 5090; x_wconf 82' lang='lat' dir='ltr'><strong>Mat-</strong></span> 
     </span>
    </p>
   </div>
   <div class='ocr_carea' id='block_1_99' title="bbox 453 5109 2015 5197">
    <p class='ocr_par' dir='ltr' id='par_1_99' title="bbox 453 5109 2015 5197">
     <span class='ocr_line' id='line_1_99' title="bbox 453 5109 2015 5197; baseline 0.013 -37"><span class='ocrx_word' id='word_1_700' title='bbox 453 5109 651 5164; x_wconf 70' lang='lat' dir='ltr'><strong>thazum</strong></span> <span class='ocrx_word' id='word_1_701' title='bbox 674 5111 1020 5182; x_wconf 82' lang='lat' dir='ltr'><strong>dicentem&quot;,</strong></span> <span class='ocrx_word' id='word_1_702' title='bbox 1045 5117 1295 5188; x_wconf 77' lang='lat' dir='ltr'><strong>ingresso</strong></span> <span class='ocrx_word' id='word_1_703' title='bbox 1313 5122 1540 5178; x_wconf 90' lang='lat' dir='ltr'><strong>Domino</strong></span> <span class='ocrx_word' id='word_1_704' title='bbox 1567 5123 2015 5197; x_wconf 84' lang='lat' dir='ltr'><strong>Hierosolymam,</strong></span> 
     </span>
    </p>
   </div>
   <div class='ocr_carea' id='block_1_100' title="bbox 521 5229 1217 5304">
    <p class='ocr_par' dir='ltr' id='par_1_100' title="bbox 521 5229 1217 5304">
     <span class='ocr_line' id='line_1_100' title="bbox 521 5229 1217 5304; baseline 0.017 -21"><span class='ocrx_word' id='word_1_705' title='bbox 521 5229 734 5287; x_wconf 79' lang='lat' dir='ltr'><strong>&quot;Psal.</strong></span> <span class='ocrx_word' id='word_1_706' title='bbox 765 5249 940 5303; x_wconf 68' lang='grc' dir='ltr'>χχιιι,</span> <span class='ocrx_word' id='word_1_707' title='bbox 993 5237 1082 5304; x_wconf 84' lang='grc' dir='ltr'><strong>ιο,</strong></span> <span class='ocrx_word' id='word_1_708' title='bbox 1129 5241 1217 5295; x_wconf 91' lang='grc'><strong>11.</strong></span> 
     </span>
    </p>
   </div>
   <div class='ocr_carea' id='block_1_101' title="bbox 521 5368 2021 5449">
    <p class='ocr_par' dir='ltr' id='par_1_101' title="bbox 521 5368 2021 5449">
     <span class='ocr_line' id='line_1_101' title="bbox 521 5368 2021 5449; baseline 0.009 -27"><span class='ocrx_word' id='word_1_709' title='bbox 521 5369 635 5449; x_wconf 34' lang='grc'><strong>(⁸57)</strong></span> <span class='ocrx_word' id='word_1_710' title='bbox 658 5368 907 5449; x_wconf 33' lang='grc' dir='ltr'>’Τὰ-’ἴδια</span> <span class='ocrx_word' id='word_1_711' title='bbox 939 5373 1142 5430; x_wconf 75' lang='grc' dir='ltr'>αὐτῶν</span> <span class='ocrx_word' id='word_1_712' title='bbox 1187 5381 1479 5449; x_wconf 75' lang='grc' dir='ltr'>χρήματα.</span> <span class='ocrx_word' id='word_1_713' title='bbox 1517 5382 1606 5435; x_wconf 89' lang='lat' dir='ltr'><strong>Sic</strong></span> <span class='ocrx_word' id='word_1_714' title='bbox 1659 5392 1805 5436; x_wconf 91' lang='lat' dir='ltr'><strong>recte</strong></span> <span class='ocrx_word' id='word_1_715' title='bbox 1856 5383 2021 5436; x_wconf 89' lang='lat' dir='ltr'><strong>habet</strong></span> 
     </span>
    </p>
   </div>
   <div class='ocr_carea' id='block_1_102' title="bbox 451 5437 2020 5522">
    <p class='ocr_par' dir='ltr' id='par_1_102' title="bbox 451 5437 2020 5522">
     <span class='ocr_line' id='line_1_102' title="bbox 451 5437 2020 5522; baseline 0.011 -32"><span class='ocrx_word' id='word_1_716' title='bbox 451 5437 624 5522; x_wconf 41' lang='lat' dir='ltr'><strong>f‘odex&#39;</strong></span> <span class='ocrx_word' id='word_1_717' title='bbox 642 5437 1006 5522; x_wconf 54' lang='lat' dir='ltr'><strong>godleianus,</strong></span> <span class='ocrx_word' id='word_1_718' title='bbox 1051 5461 1149 5522; x_wconf 78' lang='lat' dir='ltr'><strong>pro</strong></span> <span class='ocrx_word' id='word_1_719' title='bbox 1171 5437 1370 5516; x_wconf 65' lang='lat' dir='ltr'><strong>quibus</strong></span> <span class='ocrx_word' id='word_1_720' title='bbox 1400 5468 1684 5521; x_wconf 86' lang='lat' dir='ltr'><strong>perperam</strong></span> <span class='ocrx_word' id='word_1_721' title='bbox 1721 5452 1921 5522; x_wconf 73' lang='lat' dir='ltr'><strong>legitur</strong></span> <span class='ocrx_word' id='word_1_722' title='bbox 1966 5454 2020 5508; x_wconf 91' lang='lat' dir='ltr'><strong>in</strong></span> 
     </span>
    </p>
   </div>
   <div class='ocr_carea' id='block_1_103' title="bbox 452 5507 1297 5586">
    <p class='ocr_par' dir='ltr' id='par_1_103' title="bbox 452 5507 1297 5586">
     <span class='ocr_line' id='line_1_103' title="bbox 452 5507 1297 5586; baseline 0.014 -26"><span class='ocrx_word' id='word_1_723' title='bbox 452 5507 625 5586; x_wconf 23' lang='grc' dir='ltr'><strong>ΗΘΒ-ξολ</strong></span> <span class='ocrx_word' id='word_1_724' title='bbox 642 5508 777 5586; x_wconf 42' lang='grc' dir='ltr'>ἴδιον-</span> <span class='ocrx_word' id='word_1_725' title='bbox 800 5511 912 5586; x_wconf 68' lang='grc' dir='ltr'><strong>τῶν</strong></span> <span class='ocrx_word' id='word_1_726' title='bbox 926 5514 1008 5586; x_wconf 10' lang='grc' dir='ltr'>τάκ</span> <span class='ocrx_word' id='word_1_727' title='bbox 1132 5507 1297 5586; x_wconf 77' lang='grc' dir='ltr'>ματα.</span> 
     </span>
    </p>
   </div>
   <div class='ocr_carea' id='block_1_104' title="bbox 525 5578 1808 5662">
    <p class='ocr_par' dir='ltr' id='par_1_104' title="bbox 525 5578 1808 5662">
     <span class='ocr_line' id='line_1_104' title="bbox 525 5578 1808 5662; baseline 0.013 -32"><span class='ocrx_word' id='word_1_728' title='bbox 667 5579 855 5662; x_wconf 55' lang='grc' dir='ltr'>ςοάειε</span> <span class='ocrx_word' id='word_1_729' title='bbox 881 5578 1470 5662; x_wconf 61' lang='lat' dir='ltr'><strong>llegiii&#39;s,&quot;_perperam,</strong></span> <span class='ocrx_word' id='word_1_730' title='bbox 1502 5594 1808 5662; x_wconf 79' lang='grc' dir='ltr'>συνεργῶν.</span> 
     </span>
    </p>
   </div>
   <div class='ocr_carea' id='block_1_105' title="bbox 488 5647 2017 5733">
    <p class='ocr_par' dir='ltr' id='par_1_105' title="bbox 488 5647 2017 5733">
     <span class='ocr_line' id='line_1_105' title="bbox 488 5647 2017 5733; baseline 0.015 -34"><span class='ocrx_word' id='word_1_731' title='bbox 488 5647 1103 5733; x_wconf 26' lang='grc' dir='ltr'><strong>,ικ59λ-Θοριυξούνῖνων.</strong></span> <span class='ocrx_word' id='word_1_732' title='bbox 1135 5647 1226 5715; x_wconf 80' lang='lat' dir='ltr'><strong>Sic</strong></span> <span class='ocrx_word' id='word_1_733' title='bbox 1262 5647 1469 5717; x_wconf 76' lang='lat' dir='ltr'><strong>&#39;codex&#39;</strong></span> <span class='ocrx_word' id='word_1_734' title='bbox 1497 5647 1858 5733; x_wconf 72' lang='lat' dir='ltr'><strong>Bodleiauus;</strong></span> <span class='ocrx_word' id='word_1_735' title='bbox 1912 5665 2017 5722; x_wconf 80' lang='lat' dir='ltr'><strong>ne-</strong></span> 
     </span>
    </p>
   </div>
   <div class='ocr_carea' id='block_1_106' title="bbox 451 5718 997 5790">
    <p class='ocr_par' dir='ltr' id='par_1_106' title="bbox 451 5718 997 5790">
     <span class='ocr_line' id='line_1_106' title="bbox 451 5718 997 5790; baseline 0.016 -22"><span class='ocrx_word' id='word_1_736' title='bbox 451 5718 586 5787; x_wconf 72' lang='lat' dir='ltr'><strong>gius,</strong></span> <span class='ocrx_word' id='word_1_737' title='bbox 623 5718 997 5790; x_wconf 86' lang='grc' dir='ltr'>θορυϐοῦντας.</span> 
     </span>
    </p>
   </div>
   <div class='ocr_carea' id='block_1_107' title="bbox 2137 4570 3722 4644">
    <p class='ocr_par' dir='ltr' id='par_1_107' title="bbox 2137 4570 3722 4644">
     <span class='ocr_line' id='line_1_107' title="bbox 2137 4570 3722 4644; baseline 0.005 -24"><span class='ocrx_word' id='word_1_738' title='bbox 2137 4570 2316 4634; x_wconf 80' lang='grc' dir='ltr'>αὐτὸς,</span> <span class='ocrx_word' id='word_1_739' title='bbox 2370 4571 2528 4641; x_wconf 70' lang='grc' dir='ltr'>καὶὴ</span> <span class='ocrx_word' id='word_1_740' title='bbox 2583 4573 2764 4644; x_wconf 79' lang='grc' dir='ltr'>μήτηρ</span> <span class='ocrx_word' id='word_1_741' title='bbox 2794 4574 2978 4639; x_wconf 82' lang='grc' dir='ltr'>αὑτοῦ,</span> <span class='ocrx_word' id='word_1_742' title='bbox 3011 4574 3101 4627; x_wconf 78' lang='grc' dir='ltr'>καὶ</span> <span class='ocrx_word' id='word_1_743' title='bbox 3134 4577 3183 4627; x_wconf 86' lang='grc' dir='ltr'><strong>οί</strong></span> <span class='ocrx_word' id='word_1_744' title='bbox 3233 4573 3467 4643; x_wconf 73' lang='grc' dir='ltr'>ἀδελφοὶ,</span> <span class='ocrx_word' id='word_1_745' title='bbox 3518 4576 3612 4628; x_wconf 78' lang='grc' dir='ltr'>καὶ</span> <span class='ocrx_word' id='word_1_746' title='bbox 3665 4576 3722 4628; x_wconf 75' lang='grc' dir='ltr'>οἱ</span> 
     </span>
    </p>
   </div>
   <div class='ocr_carea' id='block_1_108' title="bbox 2138 4661 2634 4732">
    <p class='ocr_par' dir='ltr' id='par_1_108' title="bbox 2138 4661 2634 4732">
     <span class='ocr_line' id='line_1_108' title="bbox 2138 4661 2634 4732; baseline 0 -19"><span class='ocrx_word' id='word_1_747' title='bbox 2138 4662 2375 4732; x_wconf 75' lang='grc' dir='ltr'>μαθηταὶ</span> <span class='ocrx_word' id='word_1_748' title='bbox 2403 4661 2586 4715; x_wconf 81' lang='grc' dir='ltr'>αὐτοῦ.</span> <span class='ocrx_word' id='word_1_749' title='bbox 2616 4682 2634 4713; x_wconf 74' lang='grc' dir='ltr'><strong>ι</strong></span> 
     </span>
    </p>
   </div>
   <div class='ocr_carea' id='block_1_109' title="bbox 2204 4753 3719 4830">
    <p class='ocr_par' dir='ltr' id='par_1_109' title="bbox 2204 4753 3719 4830">
     <span class='ocr_line' id='line_1_109' title="bbox 2204 4753 3719 4830; baseline 0.005 -24"><span class='ocrx_word' id='word_1_750' title='bbox 2204 4753 2290 4808; x_wconf 78' lang='grc' dir='ltr'><strong>Π.</strong></span> <span class='ocrx_word' id='word_1_751' title='bbox 2336 4755 2475 4824; x_wconf 81' lang='grc' dir='ltr'>’Ἤδη</span> <span class='ocrx_word' id='word_1_752' title='bbox 2519 4755 2575 4807; x_wconf 86' lang='grc' dir='ltr'><strong>δέ</strong></span> <span class='ocrx_word' id='word_1_753' title='bbox 2613 4755 2680 4810; x_wconf 76' lang='grc' dir='ltr'>τὰ</span> <span class='ocrx_word' id='word_1_754' title='bbox 2726 4758 2962 4828; x_wconf 82' lang='grc' dir='ltr'>συγγενῆ</span> <span class='ocrx_word' id='word_1_755' title='bbox 3013 4758 3091 4829; x_wconf 80' lang='grc' dir='ltr'><strong>τῷ</strong></span> <span class='ocrx_word' id='word_1_756' title='bbox 3134 4759 3283 4830; x_wconf 84' lang='grc' dir='ltr'>τόπῳ</span> <span class='ocrx_word' id='word_1_757' title='bbox 3326 4759 3719 4830; x_wconf 81' lang='grc' dir='ltr'>(ἐκϐεϐλῆσθαι</span> 
     </span>
    </p>
   </div>
   <div class='ocr_carea' id='block_1_110' title="bbox 2129 4845 3715 4923">
    <p class='ocr_par' dir='ltr' id='par_1_110' title="bbox 2129 4845 3715 4923">
     <span class='ocr_line' id='line_1_110' title="bbox 2129 4845 3715 4923; baseline 0.004 -25"><span class='ocrx_word' id='word_1_758' title='bbox 2129 4846 2238 4898; x_wconf 82' lang='grc' dir='ltr'><strong>ἀπὸ</strong></span> <span class='ocrx_word' id='word_1_759' title='bbox 2263 4846 2354 4899; x_wconf 89' lang='grc' dir='ltr'><strong>τοῦ</strong></span> <span class='ocrx_word' id='word_1_760' title='bbox 2390 4845 2535 4918; x_wconf 78' lang='grc' dir='ltr'>ἱεροῦ</span> <span class='ocrx_word' id='word_1_761' title='bbox 2563 4849 2689 4911; x_wconf 83' lang='grc' dir='ltr'>τοὺς</span> <span class='ocrx_word' id='word_1_762' title='bbox 2725 4850 3009 4914; x_wconf 88' lang='grc' dir='ltr'>ποιοῦντας</span> <span class='ocrx_word' id='word_1_763' title='bbox 3048 4850 3209 4903; x_wconf 73' lang='grc' dir='ltr'>αὐτὸν</span> <span class='ocrx_word' id='word_1_764' title='bbox 3241 4846 3388 4903; x_wconf 81' lang='grc' dir='ltr'>οἷκον</span> <span class='ocrx_word' id='word_1_765' title='bbox 3420 4852 3715 4923; x_wconf 85' lang='grc' dir='ltr'>ἐμπορίου)</span> 
     </span>
    </p>
   </div>
   <div class='ocr_carea' id='block_1_111' title="bbox 2128 4940 3760 5014">
    <p class='ocr_par' dir='ltr' id='par_1_111' title="bbox 2128 4940 3760 5014">
     <span class='ocr_line' id='line_1_111' title="bbox 2128 4940 3760 5014; baseline 0.002 -23"><span class='ocrx_word' id='word_1_766' title='bbox 2128 4940 2277 5010; x_wconf 82' lang='grc' dir='ltr'>παρὰ</span> <span class='ocrx_word' id='word_1_767' title='bbox 2322 4943 2432 5003; x_wconf 85' lang='grc' dir='ltr'>τοῖς</span> <span class='ocrx_word' id='word_1_768' title='bbox 2475 4941 2678 5004; x_wconf 85' lang='grc' dir='ltr'>λοιποῖς</span> <span class='ocrx_word' id='word_1_769' title='bbox 2703 4941 2928 5012; x_wconf 89' lang='grc' dir='ltr'>κείμενα</span> <span class='ocrx_word' id='word_1_770' title='bbox 2962 4943 3341 5012; x_wconf 84' lang='grc' dir='ltr'>κατανοητέον.</span> <span class='ocrx_word' id='word_1_771' title='bbox 3402 4944 3512 4995; x_wconf 72' lang='grc' dir='ltr'>Καὶ</span> <span class='ocrx_word' id='word_1_772' title='bbox 3561 4943 3721 5014; x_wconf 86' lang='grc' dir='ltr'>πρῶ-</span> <span class='ocrx_word' id='word_1_773' title='bbox 3757 4943 3760 4948; x_wconf 85' lang='grc'><em>’</em></span> 
     </span>
    </p>
   </div>
   <div class='ocr_carea' id='block_1_112' title="bbox 2125 5033 3716 5106">
    <p class='ocr_par' dir='ltr' id='par_1_112' title="bbox 2125 5033 3716 5106">
     <span class='ocr_line' id='line_1_112' title="bbox 2125 5033 3716 5106; baseline 0.003 -22"><span class='ocrx_word' id='word_1_774' title='bbox 2125 5033 2214 5084; x_wconf 86' lang='grc' dir='ltr'><strong>τόν</strong></span> <span class='ocrx_word' id='word_1_775' title='bbox 2237 5049 2298 5101; x_wconf 91' lang='grc' dir='ltr'><strong>γε</strong></span> <span class='ocrx_word' id='word_1_776' title='bbox 2350 5033 2418 5086; x_wconf 89' lang='grc' dir='ltr'><strong>τά</strong></span> <span class='ocrx_word' id='word_1_777' title='bbox 2450 5033 2599 5104; x_wconf 88' lang='grc' dir='ltr'><strong>παρά</strong></span> <span class='ocrx_word' id='word_1_778' title='bbox 2647 5033 2724 5103; x_wconf 86' lang='grc' dir='ltr'>τῷ</span> <span class='ocrx_word' id='word_1_779' title='bbox 2775 5033 3055 5106; x_wconf 81' lang='grc' dir='ltr'>Ματθαίῳ,</span> <span class='ocrx_word' id='word_1_780' title='bbox 3109 5036 3166 5098; x_wconf 85' lang='grc' dir='ltr'>ὃς</span> <span class='ocrx_word' id='word_1_781' title='bbox 3213 5052 3396 5105; x_wconf 80' lang='grc' dir='ltr'>φησιν,</span> <span class='ocrx_word' id='word_1_782' title='bbox 3442 5034 3716 5088; x_wconf 77' lang='grc' dir='ltr'>εἰσελθόν-</span> 
     </span>
    </p>
   </div>
   <div class='ocr_carea' id='block_1_113' title="bbox 2128 5126 3712 5200">
    <p class='ocr_par' dir='ltr' id='par_1_113' title="bbox 2128 5126 3712 5200">
     <span class='ocr_line' id='line_1_113' title="bbox 2128 5126 3712 5200; baseline 0.003 -21"><span class='ocrx_word' id='word_1_783' title='bbox 2128 5143 2216 5189; x_wconf 87' lang='grc' dir='ltr'><strong>τος</strong></span> <span class='ocrx_word' id='word_1_784' title='bbox 2261 5126 2354 5178; x_wconf 86' lang='grc' dir='ltr'><strong>τοῦ</strong></span> <span class='ocrx_word' id='word_1_785' title='bbox 2402 5127 2608 5196; x_wconf 82' lang='grc' dir='ltr'>Κυρίου</span> <span class='ocrx_word' id='word_1_786' title='bbox 2661 5129 2738 5190; x_wconf 89' lang='grc' dir='ltr'><strong>είς</strong></span> <span class='ocrx_word' id='word_1_787' title='bbox 2784 5127 3149 5200; x_wconf 88' lang='grc' dir='ltr'>Ἱεροσόλυμα,</span> <span class='ocrx_word' id='word_1_788' title='bbox 3204 5128 3474 5182; x_wconf 86' lang='grc' dir='ltr'>σεσεῖσθαι</span> <span class='ocrx_word' id='word_1_789' title='bbox 3533 5131 3712 5183; x_wconf 66' lang='grc' dir='ltr'>πᾶσαν</span> 
     </span>
    </p>
   </div>
   <div class='ocr_carea' id='block_1_114' title="bbox 1293 5241 3401 5314">
    <p class='ocr_par' dir='ltr' id='par_1_114' title="bbox 1293 5241 3401 5314">
     <span class='ocr_line' id='line_1_114' title="bbox 1293 5241 3401 5314; baseline 0.002 -16"><span class='ocrx_word' id='word_1_790' title='bbox 1293 5242 1341 5274; x_wconf 80' lang='grc'><strong>⁷⁷</strong></span> <span class='ocrx_word' id='word_1_791' title='bbox 1375 5241 1533 5300; x_wconf 79' lang='lat' dir='ltr'><strong>Joan.</strong></span> <span class='ocrx_word' id='word_1_792' title='bbox 1587 5262 1647 5312; x_wconf 89' lang='lat' dir='ltr'><strong>ll,</strong></span> <span class='ocrx_word' id='word_1_793' title='bbox 1693 5249 1777 5314; x_wconf 83' lang='lat' dir='ltr'><strong>l7;</strong></span> <span class='ocrx_word' id='word_1_794' title='bbox 1812 5247 1954 5303; x_wconf 82' lang='lat' dir='ltr'><strong>Psal.</strong></span> <span class='ocrx_word' id='word_1_795' title='bbox 1991 5264 2179 5312; x_wconf 80' lang='lat' dir='ltr'><strong>uvul,</strong></span> <span class='ocrx_word' id='word_1_796' title='bbox 2217 5247 2301 5301; x_wconf 88' lang='grc'><strong>10.</strong></span> <span class='ocrx_word' id='word_1_797' title='bbox 2376 5247 2422 5276; x_wconf 80' lang='grc'>⁷⁸</span> <span class='ocrx_word' id='word_1_798' title='bbox 2455 5245 2610 5302; x_wconf 85' lang='lat' dir='ltr'><strong>Joan.</strong></span> <span class='ocrx_word' id='word_1_799' title='bbox 2634 5262 2692 5312; x_wconf 89' lang='grc' dir='ltr'><strong>ιι,</strong></span> <span class='ocrx_word' id='word_1_800' title='bbox 2722 5246 2809 5304; x_wconf 75' lang='grc'><strong>12.</strong></span> <span class='ocrx_word' id='word_1_801' title='bbox 2885 5247 2930 5284; x_wconf 73' lang='grc'><strong>’⁸</strong></span> <span class='ocrx_word' id='word_1_802' title='bbox 2955 5247 3146 5303; x_wconf 78' lang='lat' dir='ltr'><strong>Matth.</strong></span> <span class='ocrx_word' id='word_1_803' title='bbox 3174 5264 3286 5314; x_wconf 74' lang='lat' dir='ltr'><strong>xxi,</strong></span> <span class='ocrx_word' id='word_1_804' title='bbox 3317 5248 3401 5302; x_wconf 83' lang='grc'><strong>10.</strong></span> 
     </span>
    </p>
   </div>
   <div class='ocr_carea' id='block_1_115' title="bbox 2203 5385 3699 5458">
    <p class='ocr_par' dir='ltr' id='par_1_115' title="bbox 2203 5385 3699 5458">
     <span class='ocr_line' id='line_1_115' title="bbox 2203 5385 3699 5458; baseline 0.003 -18"><span class='ocrx_word' id='word_1_805' title='bbox 2203 5386 2314 5454; x_wconf 71' lang='grc'><strong>(60)</strong></span> <span class='ocrx_word' id='word_1_806' title='bbox 2367 5385 2922 5458; x_wconf 58' lang='grc' dir='ltr'>Μεταϐεϐλημένην.</span> <span class='ocrx_word' id='word_1_807' title='bbox 2981 5387 3055 5442; x_wconf 90' lang='lat' dir='ltr'><strong>lta</strong></span> <span class='ocrx_word' id='word_1_808' title='bbox 3105 5389 3273 5443; x_wconf 81' lang='lat' dir='ltr'><strong>codex</strong></span> <span class='ocrx_word' id='word_1_809' title='bbox 3338 5388 3699 5458; x_wconf 84' lang='lat' dir='ltr'><strong>Budleianus;</strong></span> 
     </span>
    </p>
   </div>
   <div class='ocr_carea' id='block_1_116' title="bbox 2127 5455 2762 5525">
    <p class='ocr_par' dir='ltr' id='par_1_116' title="bbox 2127 5455 2762 5525">
     <span class='ocr_line' id='line_1_116' title="bbox 2127 5455 2762 5525; baseline -0.002 -17"><span class='ocrx_word' id='word_1_810' title='bbox 2127 5455 2346 5525; x_wconf 82' lang='lat' dir='ltr'><strong>Regius,</strong></span> <span class='ocrx_word' id='word_1_811' title='bbox 2369 5473 2564 5525; x_wconf 87' lang='grc' dir='ltr'>γεγενη</span> <span class='ocrx_word' id='word_1_812' title='bbox 2577 5456 2762 5525; x_wconf 89' lang='grc' dir='ltr'>μένην.</span> 
     </span>
    </p>
   </div>
   <div class='ocr_carea' id='block_1_117' title="bbox 2197 5526 3701 5598">
    <p class='ocr_par' dir='ltr' id='par_1_117' title="bbox 2197 5526 3701 5598">
     <span class='ocr_line' id='line_1_117' title="bbox 2197 5526 3701 5598; baseline 0.001 -18"><span class='ocrx_word' id='word_1_813' title='bbox 2197 5526 2310 5597; x_wconf 79' lang='grc'><strong>(61)</strong></span> <span class='ocrx_word' id='word_1_814' title='bbox 2352 5529 2474 5598; x_wconf 29' lang='lat' dir='ltr'><strong>“Elc</strong></span> <span class='ocrx_word' id='word_1_815' title='bbox 2517 5526 2613 5598; x_wconf 56' lang='lat' dir='ltr'><strong>de</strong></span> <span class='ocrx_word' id='word_1_816' title='bbox 2658 5529 2791 5598; x_wconf 62' lang='grc' dir='ltr'><strong>τὴν</strong></span> <span class='ocrx_word' id='word_1_817' title='bbox 2832 5529 3236 5598; x_wconf 67' lang='grc' dir='ltr'>Καφαρναοὺμ</span> <span class='ocrx_word' id='word_1_818' title='bbox 3305 5528 3701 5595; x_wconf 74' lang='grc' dir='ltr'>καταϐεϐηκέ-</span> 
     </span>
    </p>
   </div>
   <div class='ocr_carea' id='block_1_118' title="bbox 2127 5595 3695 5664">
    <p class='ocr_par' dir='ltr' id='par_1_118' title="bbox 2127 5595 3695 5664">
     <span class='ocr_line' id='line_1_118' title="bbox 2127 5595 3695 5664; baseline 0.003 -16"><span class='ocrx_word' id='word_1_819' title='bbox 2127 5595 2247 5648; x_wconf 67' lang='grc' dir='ltr'><strong>ναὶ.</strong></span> <span class='ocrx_word' id='word_1_820' title='bbox 2299 5595 2472 5649; x_wconf 80' lang='lat' dir='ltr'><strong>Aliter</strong></span> <span class='ocrx_word' id='word_1_821' title='bbox 2517 5596 2709 5662; x_wconf 80' lang='lat' dir='ltr'><strong>legisse</strong></span> <span class='ocrx_word' id='word_1_822' title='bbox 2747 5595 2956 5651; x_wconf 85' lang='lat' dir='ltr'><strong>videtnr</strong></span> <span class='ocrx_word' id='word_1_823' title='bbox 2992 5595 3310 5664; x_wconf 78' lang='lat' dir='ltr'><strong>Ferrarius;</strong></span> <span class='ocrx_word' id='word_1_824' title='bbox 3350 5604 3420 5652; x_wconf 85' lang='lat' dir='ltr'><strong>ita</strong></span> <span class='ocrx_word' id='word_1_825' title='bbox 3462 5603 3695 5662; x_wconf 61' lang='lat' dir='ltr'><strong>scilicet,</strong></span> 
     </span>
    </p>
   </div>
   <div class='ocr_carea' id='block_1_119' title="bbox 2123 5664 3698 5739">
    <p class='ocr_par' dir='ltr' id='par_1_119' title="bbox 2123 5664 3698 5739">
     <span class='ocr_line' id='line_1_119' title="bbox 2123 5664 3698 5739; baseline 0.004 -22"><span class='ocrx_word' id='word_1_826' title='bbox 2123 5669 2202 5728; x_wconf 84' lang='grc' dir='ltr'><strong>είς</strong></span> <span class='ocrx_word' id='word_1_827' title='bbox 2228 5666 2296 5739; x_wconf 80' lang='grc' dir='ltr'><strong>τά</strong></span> <span class='ocrx_word' id='word_1_828' title='bbox 2335 5664 2682 5739; x_wconf 83' lang='grc' dir='ltr'>Ἰεροσόλυμα</span> <span class='ocrx_word' id='word_1_829' title='bbox 2703 5666 3118 5739; x_wconf 86' lang='grc' dir='ltr'>ἀναϐεϐηκέναι.</span> <span class='ocrx_word' id='word_1_830' title='bbox 3150 5668 3324 5724; x_wconf 81' lang='lat' dir='ltr'><strong>Vertit</strong></span> <span class='ocrx_word' id='word_1_831' title='bbox 3345 5672 3511 5731; x_wconf 85' lang='lat' dir='ltr'><strong>enim,</strong></span> <span class='ocrx_word' id='word_1_832' title='bbox 3549 5669 3698 5725; x_wconf 68' lang='lat' dir='ltr'><strong>«Hie-</strong></span> 
     </span>
    </p>
   </div>
   <div class='ocr_carea' id='block_1_120' title="bbox 2129 5737 3507 5806">
    <p class='ocr_par' dir='ltr' id='par_1_120' title="bbox 2129 5737 3507 5806">
     <span class='ocr_line' id='line_1_120' title="bbox 2129 5737 3507 5806; baseline 0.006 -16"><span class='ocrx_word' id='word_1_833' title='bbox 2129 5737 2457 5806; x_wconf 85' lang='lat' dir='ltr'><strong>rosolymam</strong></span> <span class='ocrx_word' id='word_1_834' title='bbox 2489 5737 2819 5804; x_wconf 81' lang='lat' dir='ltr'><strong>ascendisse,</strong></span> <span class='ocrx_word' id='word_1_835' title='bbox 2861 5759 2879 5790; x_wconf 81' lang='grc'><strong>»</strong></span> <span class='ocrx_word' id='word_1_836' title='bbox 2923 5737 3014 5796; x_wconf 84' lang='lat' dir='ltr'><strong>sed</strong></span> <span class='ocrx_word' id='word_1_837' title='bbox 3046 5740 3188 5794; x_wconf 91' lang='lat' dir='ltr'><strong>nulla</strong></span> <span class='ocrx_word' id='word_1_838' title='bbox 3218 5741 3507 5798; x_wconf 81' lang='lat' dir='ltr'><strong>sententia.</strong></span> 
     </span>
    </p>
   </div>
  </div>
