4170 6406
459 339 564 395 555

1547 343 1904 398 COMMENT.
1948 342 2013 396 IN
2053 340 2246 396 JOAN.
2292 341 2527 397 TOMUS
2563 340 2631 395 Χ.

3595 346 3701 401 554

433 460 562 529 ,τὴν
616 458 770 512 πόλιν
816 458 1110 527 λέγουσαν·
1167 480 1184 511 ι
1213 461 1307 524 Τίς
1357 461 1506 514 ἐστιν
1550 454 1735 527 οὖτο;;
1767 481 1786 513 ι
1841 461 1947 532 πρὸ
1989 461 2039 513 δὲ

2146 470 2474 514 commotam
2510 460 2677 514 fuisse
2703 459 3014 514 universam
3049 459 3325 514 civitatem
3353 499 3366 522 ,
3392 459 3661 515 dicentem
3691 480 3703 516 ;

456 549 664 602 τούτων
699 549 965 620 διηγεῖται
1006 553 1074 604 τὰ
1118 553 1243 622 περὶ
1274 553 1370 624 τὴν
1419 553 1538 606 ὄνον
1580 555 1672 606 καὶ
1711 554 1802 607 τὸν
1832 553 2029 615 πῶλον,

438 641 732 716 ,ληφθέντα
763 643 1052 714 προστάξει
1091 644 1183 696 τοῦ
1227 645 1450 716 Κυρίου,
1491 645 1596 699 ὑπὸ
1637 646 1731 699 δύο
1777 645 2032 716 μαθητῶν

459 731 875 784 ἀποσταλέντων
935 732 1024 784 ὑπ’
1078 733 1241 785 αὐτοῦ
1293 734 1400 787 ἀπὸ
1457 734 1751 805 Βηθφαγῆς
1803 735 1882 796 εἰς
1935 733 2031 804 τὴν

460 822 748 875 κατέναντι
783 822 953 892 αὐτῆς
997 822 1188 893 κώμην
1215 825 1508 895 εὑρημένα,
1555 827 1686 878 ὅπου
1719 824 1812 878 καὶ
1846 823 2031 876 λύεται

460 913 566 965 ὑπὸ
605 914 717 966 τῶν
745 914 838 966 δύο
889 915 1143 986 μαθητῶν
1192 918 1225 987 ή
1272 919 1533 988 πρότερον
1583 917 1837 988 δεδεμένη
1891 918 2030 981 ὄνος,

459 1003 878 1068 κελευσθέντων,
905 1005 999 1058 ὲάν
1030 1023 1112 1068 τις
1144 1008 1328 1070 αὐτοῖς
1367 1007 1495 1081 εἴπῃ
1527 1025 1600 1072 τι,
1638 1008 2032 1079 ἀποκρίνασθαι

459 1091 536 1154 ὡς
569 1093 675 1163 ἄρα
709 1113 727 1144 ι
788 1095 846 1147 '0
892 1095 1093 1167 Κύριος
1140 1097 1316 1150 αὐτῶν
1349 1100 1536 1169 χρείαν
1570 1099 1702 1169 ἔχει,
1749 1101 1842 1152 καὶ
1875 1097 2034 1161 εὐθὺς

461 1184 657 1248 αὐτοὺς
681 1187 988 1239 ἀποστελεῖ.
1026 1207 1044 1238 ι
1089 1188 1444 1257 ’Ᾱπαγγέλλει
1467 1190 1521 1244 δὲ
1545 1190 1879 1263 πληροῦσθαι
1902 1207 2034 1261 προ-

463 1276 690 1346 φητείαν
732 1278 819 1332 διὰ
855 1278 1058 1332 τούτων
1097 1282 1468 1351 γεγενημένην
1504 1282 1614 1353 (6'2)
1659 1284 1757 1354 τὴν
1799 1285 2034 1352 φάσκου-

465 1383 564 1420 σαν
590 1384 604 1397 ·
643 1387 662 1418 ι
716 1369 843 1422 Ἰδοὺ
878 1371 906 1420 6
937 1370 1187 1440 βασιλεὺς
1233 1372 1451 1443 ἔρχεται
1482 1373 1680 1444 πραῢς,
1725 1376 1815 1427 καὶ
1845 1374 2032 1426 ἐπιϐε-

463 1455 648 1525 ϐηκὼς
676 1458 766 1510 ἐπὶ
789 1458 930 1521 ὄνον,
963 1460 1056 1512 καὶ
1082 1460 1257 1513 πῶλον
1293 1461 1406 1513 υἱὸν
1441 1461 1753 1531 ὑποζυγίου,
1798 1483 1816 1514 ι
1847 1465 2032 1533 ἥντινα

464 1548 616 1620 παρὰ
639 1549 716 1620 τῷ
743 1551 990 1622 Ζαχαρία
1017 1551 1245 1623 εὕρομεν
1265 1570 1277 1582 ·
1303 1554 1379 1618 ὡς
1405 1555 1461 1607 δὲ
1483 1555 1835 1625 πορευθέντες
1858 1557 1907 1607 oi
1933 1573 2034 1625 μα-

464 1639 646 1710 θηταὶ,
691 1641 785 1694 καὶ
817 1644 1139 1713 ποιήσαντες
1172 1644 1247 1707 ὡς
1280 1646 1612 1716 προσέταξεν
1643 1647 1826 1710 αὐτοῖς
1855 1650 1883 1700 6
1929 1649 2032 1718 ’1η-

466 1730 614 1794 σοῦς,
658 1733 861 1803 Ιήγαγον
905 1733 994 1786 τὸν
1040 1735 1158 1787 ὄνον
1210 1735 1302 1788 καὶ
1351 1735 1442 1788 τὸν
1475 1737 1673 1800 πῶλον,
1712 1738 1804 1790 καὶ
1839 1738 2033 1807 ἐπέθη-

2143 572 2160 601 ι
2184 551 2315 618 Quis
2336 561 2420 606 est
2440 551 2526 606 hic
2547 552 2570 603 ἶ)
2594 569 2612 602 ι
2637 559 3057 618 narrantcmque
3075 559 3200 604 ante
3221 551 3334 606 haec
3361 550 3408 582 ⁸⁰
3441 552 3504 604 de
3531 555 3704 616 asina,

2135 653 2188 697 et
2239 643 2404 712 pullo,
2465 642 2694 711 sumptis
2741 641 2890 708 jussu
2951 642 3160 695 Domini
3205 658 3233 694 a
3285 643 3494 696 duobus
3545 645 3705 698 disi-i-

2135 736 2273 804 pulis
2300 740 2367 788 ab
2395 734 2514 804 ipso
2561 734 2738 788 missis
2788 750 2816 786 a
2865 733 3210 802 Bcthphage,
3260 743 3315 785 et
3371 733 3604 786 inventis
3652 733 3704 784 in

2140 829 2298 898 187
2325 831 2443 882 vico
2474 843 2504 880 e
2533 826 2749 894 rrgiOne
2773 826 2941 894 ipsius
2969 825 3284 887 exsistente,
3309 823 3397 876 ubi
3435 835 3489 878 et
3516 840 3544 876 a
3573 824 3706 877 duo-

2139 920 2235 974 bus
2261 918 2542 988 discipulis
2582 917 2811 970 solvitur
2852 917 3000 969 asina
3029 926 3184 970 antea
3227 916 3440 988 alligata
3471 934 3486 984 ;
3515 915 3701 986 jussis,

2135 1012 2178 1065 si
2220 1011 2340 1078 quis
2360 1010 2490 1079 quid
2525 1010 2628 1063 illis
2669 1010 2916 1071 dixisset,
2967 1011 3293 1076 respondere
3329 1026 3343 1062 :
3383 1029 3402 1060 ι
3452 1009 3705 1062 Dominus

2137 1102 2220 1155 his
2245 1117 2379 1169 opus
2415 1102 2599 1160 habet.
2632 1111 2686 1154 et
2711 1100 2995 1152 confestim
3023 1097 3484 1153 dimitteteos‘“.)
3514 1099 3706 1151 Narrat

2135 1193 2296 1245 etiam
2326 1191 2612 1246 Matthaaus
2631 1207 2726 1260 per
2748 1193 2860 1244 lucc
2887 1190 3093 1260 impleri
3119 1190 3454 1259 prophetiam
3481 1189 3704 1256 factam,

2135 1281 2410 1336 dtccntem
2449 1300 2461 1335 :
2504 1302 2522 1333 ι
2552 1282 2691 1336 Ecre
2723 1280 2836 1335 Rex
2877 1282 3023 1335 venit
3063 1290 3394 1343 mansuetus,
3422 1289 3478 1335 et
3511 1281 3706 1334 sedens

2135 1387 2298 1439 Super
2341 1374 2578 1436 asinam,
2620 1382 2675 1425 et
2720 1372 2920 1440 pullum
2971 1372 3138 1425 lilium
3188 1371 3447 1440 subjugis,
3489 1389 3509 1424 ι
3541 1385 3702 1440 quam

2135 1464 2271 1532 apud
2314 1463 2630 1516 Zachariam
2670 1465 2970 1517 invenimus
2985 1463 3062 1528 ⁸²;
3084 1472 3138 1516 et
3167 1463 3406 1533 inquit”
3431 1462 3704 1531 profectos

2134 1554 2450 1622 discipulos,
2488 1569 2610 1608 cum
2661 1553 2916 1608 fecissent
2945 1569 3064 1620 qua:
3091 1553 3197 1606 illis
3231 1553 3492 1620 jussisset
3525 1551 3702 1616 Jesus,

2133 1645 2342 1698 asinam
2384 1645 2692 1708 adduxisse,
2725 1653 2778 1697 et
2807 1643 3034 1712 pullum.
3070 1651 3233 1714 atque
3261 1643 3584 1711 imposuisse
3609 1656 3706 1696 su-

2132 1751 2230 1805 per
2258 1750 2350 1790 eos
2377 1735 2695 1790 vestimenta
2720 1749 2850 1798 sua;
2882 1735 3277 1804 Dominumque
3299 1734 3423 1797 illis,
3451 1735 3702 1787 nimirum

465 1837 569 1872 καν
600 1821 730 1890 (65),
774 1823 955 1892 φησὶν,
986 1823 1070 1875 ἐπ’
1105 1823 1285 1876 αὐτῶν
1328 1824 1397 1876 τὰ.
1444 1826 1634 1895 ἱμάτια
1674 1826 1911 1890 ἑαυτῶν,
1940 1827 2034 1878 καὶ

2139 1827 2302 1880 asina:
2341 1836 2399 1880 et
2445 1825 2611 1896 pullo,
2645 1825 2930 1888 insedisse,
2986 1835 3098 1877 tum
3131 1825 3339 1879 scilicet
3389 1839 3511 1878 cum
3549 1823 3704 1878 turba

464 1913 790 1969 ἐτξκάθισεν
819 1915 1004 1968 ἐπάνω
1037 1917 1216 1969 αὑτῶν
1248 1918 1276 1968 6
1302 1917 1536 1988 Κύριος,
1571 1918 1725 1988 δῆλον
1758 1919 1803 1970 δ’
1833 1918 1913 1971 ὅτι
1942 1919 2036 1971 καὶ

462 2006 563 2074 τῆς
604 2005 725 2057 ὄνου
767 2007 861 2058 καὶ⁵
901 2007 994 2059 τοῦ
1027 2007 1225 2072 πώλου,
1259 2009 1348 2060 ὅτε
1390 2009 1483 2061 καὶ
1514 2011 1542 2061 6
1590 2011 1836 2072 πλεῖστος
1884 2009 2037 2080 ὄχλος

465 2096 745 2166 ἔστρωσαν
792 2098 861 2152 τὰ
909 2100 1098 2169 ἱμάτια
1153 2102 1210 2153 ὲν
1249 2103 1316 2169 τῇ
1352 2101 1473 2170 ὀδῷ,
1509 2101 1656 2154 ἄλλοι
1701 2101 1758 2154 δὲ
1811 2101 2037 2155 ἔκοπτον

466 2187 694 2251 κλάδους
726 2188 833 2241 άπὸ
867 2190 974 2242 τῶν
1006 2189 1256 2261 δένδρων,
1298 2193 1391 2243 καὶ
1422 2192 1712 2263 ἔστρωσαν,
1735 2195 1792 2245 ὲν
1824 2195 1889 2263 τῇ
1933 2192 2037 2263 ὁδῷ

465 2278 576 2330 τῶν
615 2281 983 2349 προαγόντων,
1026 2282 1117 2334 καὶ
1152 2282 1583 2337 ἀκολουθούντων
1617 2284 1789 2354 ὄχλων
1832 2302 2036 2356 κεκρα-

465 2371 641 2438 γότων
660 2388 672 2400 ·
715 2391 734 2422 t
786 2373 1010 2426 Ὡσαννὰ
1037 2373 1114 2443 τῷ
1139 2374 1238 2444 υἱῷ
1271 2375 1431 2426 Δαυῖδ
1450 2393 1463 2404 ·
1499 2375 1860 2447 εὐλογημένος
1889 2378 1917 2428 6
1948 2379 2040 2446 ἐρ-

465 2461 694 2531 χόμενος
728 2462 784 2512 ἐν
827 2463 1049 2533 ὀνόματι
1091 2464 1329 2534 Κυρίου·
1375 2465 1602 2518 Ὡσαννὰ
1655 2467 1712 2519 ὲν
1745 2469 1856 2529 τοῖς
1912 2465 2038 2534 ὑψί-

469 2570 634 2617 στοις.
681 2573 698 2604 ι
747 2555 891 2626 Πλὴν
926 2555 999 2618 ὡς
1042 2554 1130 2607 διὰ
1176 2554 1349 2609 ταῦτα
1385 2556 1713 2620 εἰσελθόντος
1754 2556 1918 2610 αὑτοῦ
1958 2559 2038 2622 ε’ίς

481 2644 850 2715 Ἱεροσόλυμα,
893 2663 910 2694 ι
955 2644 1170 2715 ἐσείσθη
1203 2647 1411 2716 πᾶσαή
1445 2645 1614 2710 πόλις,
1645 2646 1895 2714 λέγουσα·
1945 2647 2042 2711 Τίς

466 2735 617 2789 ἐστιν
658 2729 846 2799 οὗτος
884 2736 948 2788 υἱ
994 2735 1158 2804 ὄχλοι,
1204 2755 1221 2786 ι
1273 2736 1429 2807 δῆλον
1462 2738 1543 2790 ὅτι
1585 2737 1915 2809 προάγοντες
1947 2738 2041 2792 καὶ

465 2824 908 2888 ἀ·;ολουθοῦντες,
960 2827 1323 2894 ἀπεκρίναντο
1369 2829 1481 2890 τοῖς
1527 2827 1770 2898 ἐρωτῶσι
1812 2828 1896 2891 τίς
1929 2828 2039 2899 εἴη,

466 2916 560 2969 τό·
603 2937 621 2968 ‹
660 2909 828 2980 Οὗτός
867 2919 1012 2970 ἐστιν
1051 2921 1079 2970 6
1123 2919 1407 2988 προφήτης
1466 2917 1693 2988 Ἰησοῦς,
1726 2919 1755 2969 6
1788 2919 1896 2972 ἀπὺ
1929 2920 2041 2973 Να-

467 3008 634 3080 ζαρὲτ
661 3010 758 3080 τῆς
785 3009 1090 3072 Γαλιλαίας,
1125 3011 1231 3062 Καὶ
1262 3009 1505 3080 εἰσῆλθεν
1543 3009 1748 3080 Ἰησοῦς
1774 3013 1852 3074 είς
1879 3011 1939 3065 τὸ
1964 3014 2039 3065 ἱε-

472 3100 583 3170 ρὸν,
615 3101 708 3153 καὶ
740 3099 962 3166 ἐξέϐαλε
991 3099 1195 3162 πάντας
1222 3102 1347 3162 τοὺς
1383 3099 1690 3165 πωλοῦντας
1719 3101 1813 3154 καὶ
1841 3101 2042 3172 ἀγορά-

2138 1918 2330 1972 Stravit
2363 1917 2688 1972 vestimenta
2725 1916 2776 1969 in
2811 1916 2919 1978 via,
2950 1925 3004 1969 et
3032 1915 3122 1969 alii
3147 1916 3214 1968 ab
3235 1914 3519 1969 arboribus
3554 1929 3705 1969 rese-

2138 2019 2256 2063 ctos
2283 2023 2464 2061 ramos
2493 2009 2545 2061 in
2586 2009 2668 2060 via
2696 2017 3023 2071 sternerent,
3072 2006 3502 2075 prcecedentibus
3532 2021 3594 2060 ac
3621 2021 3711 2060 sc-

2138 2100 2432 2168 quentibus
2463 2098 2670 2164 turbis,
2697 2113 2816 2167 quae
2862 2098 3191 2152 clamarent:
3227 2116 3244 2150 ι
3285 2096 3538 2152 Hosanna
3593 2097 3707 2150 lilio

2139 2190 2350 2254 David;
2380 2191 2694 2245 benedictus
2745 2190 2835 2257 qui
2883 2191 3034 2243 venit
3077 2190 3128 2242 in
3173 2189 3389 2243 nomine
3439 2187 3702 2243 Domini:

2138 2281 2389 2334 llosanna
2443 2283 2492 2335 in
2529 2282 2806 2336 altissimis
2834 2281 2910 2333 ⁸⁸2
2945 2299 2963 2330 ι
3002 2279 3383 2334 Verumtamen
3423 2291 3703 2348 postquam

2138 2375 2410 2444 ingressus
2424 2384 2508 2429 est
2530 2375 2720 2429 horum
2744 2378 2913 2444 gratia
2933 2373 3375 2445 Hierosolymam,
3399 2393 3418 2425 ‹
3439 2383 3704 2428 commota

2137 2476 2220 2521 est
2267 2467 2517 2520 universa
2573 2467 2789 2530 civitas,
2847 2467 3033 2520 dicens
3063 2483 3077 2519 :
3112 2466 3244 2534 Quis
3286 2476 3370 2521 est
3402 2465 3491 2521 hic
3511 2465 3556 2498 ⁸⁵
3588 2466 3612 2520 2
3639 2467 3707 2521 Et

2142 2559 2330 2621 turbae,
2369 2577 2387 2610 ι
2417 2556 2663 2612 videlicet
2693 2574 2811 2627 qua:
2842 2559 3210 2626 praecedebant
3238 2566 3292 2613 et
3319 2557 3705 2627 sequebantur,

2139 2651 2533 2721 responderunt
2566 2651 3025 2718 interrogantibus
3055 2653 3178 2720 quis
3204 2661 3348 2705 esset
3379 2667 3392 2702 :
3434 2667 3454 2702 ι
3497 2650 3595 2706 Hic
3623 2659 3704 2706 est

2141 2741 2228 2795 ille
2255 2738 2414 2796 Jesus
2438 2743 2722 2811 propheta,
2757 2742 2846 2796 ille
2874 2759 2902 2795 a
2935 2741 3201 2796 Nazareth
3231 2739 3488 2796 Galilaaaa.
3531 2741 3598 2794 Et
3625 2742 3711 2796 in-

2143 2832 2306 2885 travit
2330 2830 2486 2886 Jesus
2515 2833 2568 2886 in
2592 2831 2870 2900 templum,
2893 2842 2949 2886 ct
2980 2833 3139 2901 ejecit
3169 2849 3358 2888 omnes
3387 2835 3706 2897 vendentes,

2140 2935 2194 2976 ct
2222 2932 2468 2977 ementes
2501 2924 2553 2976 in
2595 2923 2812 2991 templo,
2851 2939 3172 2993 mensasque
3215 2925 3630 2988 mensariorum,
3653 2933 3710 2976 et

2140 3017 2428 3070 cathedras
2465 3017 2810 3070 vendentium
2846 3016 3124 3071 columbas
3148 3018 3411 3072 subvertit
3449 3034 3462 3068 :
3497 3028 3553 3072 et
3578 3018 3712 3072 dicit

2142 3109 2261 3163 eis:
2300 3109 2571 3177 Scriptum
2610 3121 2690 3163 est
2717 3124 2732 3162 :
2764 3105 2966 3164 Domus
2997 3127 3136 3174 mea,
3163 3109 3356 3164 domus
3386 3111 3712 3178 precationis

468 3190 661 3254 ζοντας
695 3193 753 3243 ὲν
795 3189 872 3260 τῷ
912 3189 1060 3262 ἱερῷ,
1090 3191 1186 3244 καὶ
1230 3190 1328 3249 τὰς
1365 3191 1640 3262 τραπέζας
1689 3192 1797 3244 τῶν
1847 3191 2036 3245 κολλυ-

2142 3202 2472 3267 vocabitur;
2531 3211 2587 3254 at
2626 3217 2722 3256 vos
2767 3201 2944 3256 facitis
2992 3202 3134 3255 illam
3192 3203 3498 3269 speluncam
3548 3201 3710 3253 latro—

466 3283 669 3337 ϐιστῶν
701 3283 1057 3356 κατέστρεψε,
1100 3283 1195 3336 καὶ
1227 3282 1323 3345 τὰς
1366 3283 1633 3353 καθέδρας
1661 3283 1768 3334 τῶν
1800 3282 2042 3336 πωλούν-

464 3395 574 3430 των
607 3377 705 3441 τὰς
735 3376 1094 3448 περιστεράς·
1135 3377 1229 3427 καὶ
1261 3374 1408 3443 λέγει
1439 3375 1619 3438 αὐτοῖς
1639 3391 1651 3403 ·
1689 3374 2040 3444 Γέγραπται·

480 3470 540 3521 '0
573 3464 716 3531 οἶκός
751 3485 853 3538 μου
888 3462 1034 3527 οἶκος
1069 3465 1374 3536 προσευχῆς
1406 3463 1735 3534 κληθήσεται
1755 3483 1767 3494 ·
1799 3466 1955 3535 ὑμεῖς
1985 3464 2042 3517 δὲ

465 3560 627 3613 αὑτὸν
650 3562 851 3612 ποιεῖτε
878 3557 1137 3628 σπήλαιον
1162 3555 1392 3626 λῃστῶν.
1430 3573 1448 3606 ι
1481 3555 1814 3626 Πευσώμεθα
1843 3555 1906 3626 δὴ
1933 3555 2041 3608 τῶν

468 3653 612 3724 πέρα
639 3653 737 3721 τῆς
771 3650 1009 3721 ἱστορίας
1048 3648 1209 3718 μηδὲν
1240 3646 1498 3715 οἰομένων
1523 3647 1876 3716 προσκεῖσθαι
1910 3647 2043 3717 γρά-

471 3760 622 3812 φοντι
660 3741 737 3812 τῷ
781 3739 1044 3809 Ματθαίῳ
1087 3738 1148 3790 τὸ
1197 3736 1562 3805 Εὑαγγέλιον,
1596 3736 1647 3786 τί
1680 3732 1746 3806 ἦν
1779 3737 1839 3788 τὸ
1878 3754 2040 3789 κατε-

467 3840 656 3904 πεῖγον
679 3834 788 3904 (0i)
820 3832 1132 3902 πεμφθῆναι
1154 3829 1261 3881 τῶν
1289 3827 1542 3898 μαθητῶν
1567 3827 1660 3880 δύο
1689 3828 1768 3892 εἰς
1789 3827 1885 3898 τὴν
1912 3845 2043 3880 κατ-

469 3930 644 3982 έναντι
697 3928 796 3996 τῆς
835 3924 1126 3994 Βηθφαγῆς
1178 3923 1390 3993 κώμην,
1453 3923 1592 3990 ὑπὲρ
1639 3922 1732 3975 τοῦ
1785 3924 2042 3994 εὑρόντας

469 4019 666 4081 αὑτοὺς
704 4016 990 4086 δεδεμένην
1031 4015 1150 4067 ὄνον
1183 4014 1276 4067 καὶ
1311 4012 1489 4066 πῶλον
1524 4016 1640 4084 μετ’
1661 4014 1828 4083 αὑτῆς
1861 4014 2038 4080 λῦσαι,

473 4114 564 4167 καὶ
605 4113 836 4180 ἀγαγεῖν
869 4108 1036 4179 αὑτῷ.
1086 4107 1151 4160 Τί
1183 4107 1239 4160 δὲ
1272 4107 1418 4172 ἄξιον
1451 4108 1773 4178 ἀναγραφῆς
1801 4103 1865 4177 ἦν
1891 4108 2042 4175 γενό-

473 4220 632 4273 μενον
655 4200 732 4270 τῷ
764 4197 1175 4252 ὲπικαθέσθέντι
1222 4197 1328 4266 ὄνῳ
1355 4198 1447 4249 καὶ
1481 4196 1664 4266 πώλῳ,
1700 4197 1793 4250 καὶ
1833 4199 2042 4269 εἰσελη-

469 4271 649 4346 λυθὸτι
679 4293 760 4354 είς
803 4290 899 4361 τὴν
928 4289 1114 4352 πόλιν;
1158 4289 1222 4340 Τί
1254 4287 1310 4341 δὲ
1346 4287 1486 4358 μετὰ
1519 4290 1646 4360 περὶ
1676 4289 1769 4341 τοῦ
1803 4288 2038 4360 Χριστοῦ

471 4381 829 4454 προφητεύων
857 4383 886 4433 6
913 4379 1185 4450 Ζαχαρίας
1222 4381 1384 4450 φησί·
1435 4399 1452 4431 ‹
1494 4383 1663 4453 Χαῖρε
1691 4381 1914 4452 σφόδρα,
1945 4382 2040 4435 θύ-

470 4492 642 4546 γατερ
671 4472 838 4526 Σιών·
891 4473 1160 4543 κήρυσσε,
1204 4470 1438 4541 θύγατερ
1480 4471 1858 4543 Ἰερουσαλήμ·
1909 4474 2038 4527 Ἰδοὺ

472 4567 502 4618 6
536 4563 785 4634 βασιλεύς
820 4580 910 4615 σου
945 4562 1160 4632 ἔρχεταί
1209 4579 1289 4614 σοι
1331 4561 1566 4624 δίκαιος,
1606 4562 1694 4615 καὶ
1729 4562 1914 4626 σώζων
1948 4564 2044 4616 αύ-
2075 4538 2118 4595 D

473 4657 582 4721 τὸς,
616 4655 812 4727 πραῢς,
849 4655 941 4707 καὶ
977 4652 1320 4723 ἐπιϐεϐηκὼς
1350 4654 1440 4705 ἐπὶ
1477 4651 1765 4720 ὑποζύγιον
1803 4654 1894 4706 καὶ
1927 4654 2044 4706 πῶ-

472 4749 562 4803 λον
585 4749 739 4811 νέον;
783 4768 801 4798 ι
832 4749 894 4800 Εἰ
925 4747 1040 4817 γάρ
1075 4747 1107 4816 ἡ
1151 4745 1455 4816 προφητεία
1489 4744 1626 4814 αὕτη
1658 4745 1717 4798 τὺ
1748 4745 1897 4816 παρὰ
1933 4751 2044 4810 τοῖς

475 4841 883 4912 εὐαγγελισταῖς
931 4839 1255 4910 δηλούμενον
1299 4838 1608 4908 σωματικὸν
1653 4838 1811 4907 μόνον
1854 4839 2043 4910 προλέ-

474 4951 581 5002 γει,
604 4935 702 5006 τὴν
726 4931 1048 4987 ἀκολουθίαν
1075 4931 1175 5000 τῆς
1207 4931 1542 5001 προφητείας
1578 4930 1895 4994 σωζέτωσαν
1915 4933 2044 5000 ἡμῖν

473 5027 522 5079 οἱ
573 5026 663 5078 ἐπὶ
715 5025 808 5077 τοῦ
861 5023 1185 5095 γράμματος
1239 5021 1514 5091 ἱστάμενοι
1563 5020 1736 5084 οὑτως
1787 5021 2041 5092 ἔχουσαν·

485 5137 503 5169 ι
543 5117 654 5172 Καὶ
696 5116 1064 5186 ὲξολοθρεύσει
1100 5117 1320 5185 ἅρματα
1358 5114 1416 5179 ἐξ
1461 5112 1719 5186 Ἐφραῒμ,
1756 5117 1850 5168 καὶ
1884 5115 2044 5168 ἵππον

481 5209 541 5272 ἐξ
591 5207 966 5280 Ἰερουσαλὴμ,
1011 5207 1105 5260 καὶ
1145 5204 1653 5275 ὲξολοθρευθήσεται
1704 5205 1854 5268 τόξον
1890 5205 2046 5258 πολε-

481 5300 660 5370 μικὸν,
691 5300 784 5352 καὶ
810 5297 1033 5367 πλῆθος,
1075 5298 1168 5351 καὶ
1199 5298 1386 5367 εἰρήνη
1416 5295 1476 5360 ἐξ
1501 5296 1690 5361 ἐθνῶν,
1724 5297 1816 5348 καὶ
1846 5298 2048 5368 κατάρ-

584 5438 849 5491 “Manil.
909 5453 1021 5500 χχι,
1076 5438 1101 5490 l
1156 5451 1308 5505 seqq.
1411 5436 1453 5505 ξιξ
1485 5435 1614 5505 ibid.
1642 5437 1694 5489 δ.

477 5512 521 5548 ιδ
550 5511 678 5562 una.
713 5511 798 5562 ιο.
853 5509 922 5583 ,ιδ
954 5508 1080 5560 ibid.
1121 5507 1178 5559 ll
1214 5524 1328 5576 ευρ.

551 5625 661 5693 (6:2)
693 5621 1128 5694 Γεγεινημέιην.
1188 5621 1263 5674 lta
1318 5620 1489 5675 codex
1535 5621 1888 5687 Bodleianus;
1943 5621 2048 5677 Re-

483 5697 619 5764 gius,
642 5693 1040 5766 γεγενημένων.

557 5759 665 5836 (ϋὸ)
701 5759 1154 5827 Καὶ’ὲπέθηκαν.
1191 5761 1284 5815 Sic
1316 5760 1485 5816 codex
1529 5759 1884 5828 Botlleianus;
1940 5759 2045 5816 Re-

1799 5436 1844 5467 ”
1881 5435 2128 5506 ibid.75;
2168 5434 2331 5489 Zach.
2386 5451 2462 5500 ts,
2519 5436 2572 5492 9.
2650 5435 2911 5491 “Matth.
2974 5452 3086 5503 ut,
3132 5437 3164 5490 6
3213 5452 3328 5506 seq.

1408 5501 1453 5533 ⁸⁷
1479 5504 1709 5558 Zacltar.
1755 5520 1829 5569 ιι,
1863 5507 1916 5560 9.
1991 5505 2036 5536 ⁸⁸
2065 5506 2195 5562 ibid.
2246 5507 2326 5558 l0.

2143 3291 2792 3361 num“.)lnterrogemns
2815 3291 2975 3360 igitur
3001 3305 3094 3344 eos
3120 3292 3207 3360 qui
3234 3291 3522 3360 nihilultra
3544 3290 3713 3344 histo-

2141 3383 2276 3437 riam
2307 3385 2638 3451 propositum
2670 3382 2835 3436 fuisse
2865 3391 3048 3434 rentur
3078 3381 3330 3434 Matthaao
3359 3379 3708 3449 Evangelium

2143 3473 2422 3534 scribenti.
2462 3474 2588 3541 quid
2618 3471 2751 3526 illud
2779 3482 2895 3526 erat
2920 3486 3214 3542 perurgens
3252 3471 3330 3524 uti
3363 3471 3710 3526 mitterentur

2143 3565 2246 3619 duo
2279 3563 2523 3632 discipuli
2549 3565 2600 3616 in
2631 3566 2804 3617 vicum
2833 3564 2924 3632 qui
2947 3571 3064 3617 erat
3083 3577 3113 3616 e
3133 3563 3346 3630 regione
3376 3560 3706 3632 Betltphage,

2141 3657 2346 3710 asinam
2369 3657 2638 3726 alligatam
2667 3665 2934 3725 repertam
2964 3665 3020 3710 et
3036 3655 3233 3722 pullum
3256 3670 3376 3708 cum
3395 3669 3455 3709 ea
3479 3654 3708 3709 soluturi

2141 3758 2194 3802 et
2231 3747 2512 3801 adducturi
2532 3749 2597 3801 ad
2627 3762 2772 3804 eum.
2800 3745 2938 3812 Quid
2963 3755 3141 3800 autem
3171 3745 3465 3815 scriptione
3486 3747 3706 3816 dignum

2143 3837 2442 3892 lecithsus
2472 3839 2635 3892 asina:
2682 3838 2926 3892 insidens
2967 3847 3020 3892 et
3049 3838 3213 3906 pullo,
3241 3847 3296 3892 et
3333 3839 3606 3908 ingressus
3653 3841 3707 3892 in

2141 3930 2456 3983 civitatem?
2481 3930 2588 3984 Cur
2617 3939 2797 3982 autem
2829 3930 3158 3998 prophetans
3186 3930 3477 3984 Zacharias
3505 3947 3624 3999 quae
3646 3935 3712 3985 dc

2142 4018 2357 4074 Christo
2379 4030 2564 4088 postea
2594 4031 2913 4085 evenerunt,
2947 4022 3024 4074 ait
3059 4039 3074 4075 :
3115 4041 3135 4072 ι
3170 4022 3355 4076 Gaude
3385 4022 3559 4088 valde,
3603 4023 3657 4076 lii
3681 4039 3708 4075 ει

2144 4110 2272 4166 Sion
2303 4114 2622 4178 ;annuntia,
2658 4113 2763 4167 ﬁlia
2793 4112 3088 4168 Jerusalem
3117 4129 3130 4165 :
3166 4129 3292 4169 ecce
3323 4113 3436 4168 Rex
3466 4123 3588 4168 tuus
3615 4129 3710 4168 ve-

2142 4205 2222 4258 nit
2255 4205 2347 4257 tibi
2367 4205 2569 4273 justus,
2588 4215 2643 4260 et
2665 4221 2889 4260 servans
2919 4207 3051 4272 ipse,
3075 4215 3406 4270 mansuetus,
3438 4216 3493 4260 et
3522 4221 3718 4260 ascen-

2143 4295 2277 4350 dens
2311 4311 2472 4364 super
2503 4297 2812 4365 snbjngnm,
2843 4308 2898 4350 ct
2928 4298 3131 4365 pullum
3171 4312 3366 4351 novum
3388 4299 3430 4330 ⁸⁷
3459 4298 3481 4351 ?
3523 4317 3542 4351 ι
3573 4298 3710 4350 Nam

2143 4386 2187 4440 si
2219 4387 2500 4456 prophetia
2546 4388 2658 4441 hare
2693 4397 2898 4442 tantum
2938 4388 3180 4455 praedicit
3217 4389 3265 4441 id
3288 4389 3432 4457 quod
3473 4403 3711 4458 evange-

2141 4477 2278 4531 listae
2299 4477 2658 4546 corporaliter
2687 4480 3552 4548 reprzesentant,consequentiam
3583 4496 3711 4550 pru-

2147 4570 2344 4638 phetiae
2370 4581 2589 4624 servent
2620 4571 2776 4624 nobis
2811 4571 3003 4626 litterae
3038 4572 3353 4626 insistentes
3381 4573 3460 4626 sic
3506 4573 3716 4628 haben-

2129 4669 2256 4713 .tcm
2293 4676 2306 4712 :
2344 4679 2363 4712 ι
2394 4660 2459 4714 Et
2488 4662 2767 4716 exscindet
2821 4678 3016 4716 currus
3065 4661 3228 4731 188
3257 4677 3324 4717 cx
3353 4664 3630 4730 Ephraim,
3659 4675 3715 4717 et

2149 4765 2346 4818 equum
2377 4766 2443 4806 ex
2471 4751 2790 4819 Jerusalem,
2819 4765 2872 4808 et
2898 4756 3244 4811 exscindetur
3275 4771 3432 4810 arcus
3462 4756 3712 4820 bellicus.

2151 4851 2208 4895 et
2237 4843 2542 4909 multitudo,
2576 4853 2628 4898 et
2648 4862 2746 4915 pax
2772 4861 2838 4900 ex
2865 4847 3138 4915 gentibus,
3160 4857 3214 4901 et
3243 4847 3526 4916 imperabit
3557 4849 3714 4917 aquis

2152 4948 2318 5004 usque
2350 4935 2415 4988 ad
2449 4951 2618 5001 mare,
2639 4950 2694 4991 et
2719 4937 2896 4991 ﬂuviis
2930 4952 3102 5006 usque
3126 4937 3192 4991 ad
3221 4937 3400 4992 exitus
3433 4947 3588 4994 terra:
3608 4939 3708 5004 ⁸⁸,ι

2150 5035 2208 5079 et
2255 5042 2374 5095 quae
2402 5039 2720 5097 sequuntur.
2758 5029 3046 5084 Sciendum
3085 5041 3168 5086 est
3210 5032 3372 5084 etiam
3406 5029 3714 5086 Matthaeum

2153 5133 2258 5171 non
2282 5119 2572 5187 protulisse
2603 5131 2804 5174 textum
2831 5131 2988 5190 prout
3007 5121 3152 5190 jacet
3185 5124 3324 5191 apud
3357 5123 3714 5192 prophetam;

2152 5224 2251 5278 pro
2285 5226 2349 5262 eo
2379 5225 2610 5279 namque
2643 5212 2783 5279 quod
2817 5223 2969 5266 erat:
3007 5231 3026 5263 ί
3075 5213 3295 5268 Exsulta
3342 5215 3716 5279 vehementer,

2156 5301 2262 5353 ﬁlia
2308 5301 2472 5366 Sion;
2506 5304 2804 5369 annuntia,
2850 5304 2958 5358 ﬁlia
3011 5303 3341 5368 Jerusalem,
3382 5322 3402 5356 ι
3448 5304 3716 5372 scripsit:

3405 5436 3452 5468 “
3476 5436 3610 5493 ibid.
3663 5437 3717 5493 9.

2155 5624 2277 5693 gius
2305 5624 2503 5679 omittit
2530 5625 2641 5678 καί.

2150 5691 2178 5814 ἐ
2227 5692 2339 5776 (εἱλισ)
2371 5695 2750 5763 Κατεπεῐγον.
2783 5693 2860 5750 lta
2893 5691 3063 5749 codex
3100 5691 3455 5758 Bodleianus;
3495 5691 3718 5764 Regius,

2183 5778 2386 5814 πειγον.

2183 5778 2386 5830 πειγον.
