4170 6452
440 340 542 397 355

1942 349 2260 406 ORIGENIS

3626 359 3730 413 536

445 481 464 514 ι
497 462 672 518 Dicite
707 464 832 520 filiae
882 464 1058 533 Sion;
1110 488 1130 523 ι
1170 473 1503 530 abbrevians
1543 473 1696 541 illud,
1718 474 1862 546 quod
1902 489 2027 543 pru-

2142 473 2213 538 Ξει
2248 471 2455 526 ὑδάτων
2495 470 2603 536 ’ἐως
2631 472 2930 544 θαλάσσης,
2958 472 3052 526 καὶ
3081 475 3342 546 ποταμῶν
3373 473 3442 527 δι’
3481 475 3730 540 ἐκϐολὰς

444 556 606 624 pheta
647 556 879 624 dixerat,
920 561 1088 613 tacui‘t
1141 580 1160 613 ι
1190 561 1403 630 justus,
1438 576 1493 620 et
1543 581 1767 620 servans
1815 567 1962 634 ipse,
2005 584 2024 617 l

443 655 500 700 et
537 648 718 714 dixit,
775 659 835 703 ut
882 652 1115 718 positum
1168 664 1280 722 est,
1315 674 1334 706 ι
1377 668 1709 720 mansuetus,
1751 667 1805 712 et
1837 672 2029 710 ascen-

447 739 616 801 dens;
643 759 664 792 ι
704 749 759 794 et
789 757 886 809 pro
925 757 990 797 eo
1024 747 1168 814 quod
1195 757 1332 811 erat,
1371 767 1389 799 ι
1429 764 1590 816 super
1631 749 1947 820 sulnjugnm,
1978 759 2033 803 et

450 826 655 902 pullum
706 847 928 899 novum,
967 854 986 886 ι
1020 838 1243 905 scripsit
1271 853 1286 890 :
1319 857 1336 890 ι
1371 856 1535 907 super
1559 842 1803 905 asinam,
1831 851 1886 895 et
1915 843 2032 910 pul-

450 922 562 977 lum
599 923 770 978 ﬁlium
804 925 1068 996 subjugis.
1095 949 1113 980 ι
1150 928 1476 994 QuinJudzei
1502 947 1716 1002 quoque
1739 935 2032 1004 prophetia;

450 1014 647 1069 seriem
673 1031 796 1068 cum
823 1017 908 1071 his
933 1033 1054 1085 qua:
1076 1022 1145 1073 de
1173 1020 1299 1075 Jesu
1331 1023 1532 1090 scripta
1567 1033 1711 1089 sunt,
1743 1025 2030 1080 conferen-

439 1113 557 1168 tes,
591 1120 699 1159 non
749 1106 1048 1176 vulgariter
1095 1125 1194 1164 nos
1238 1121 1454 1181 urgent,
1484 1124 1730 1181 petentes
1761 1116 2032 1182 quomodo

451 1195 608 1249 Jcsus
651 1197 946 1252 exsciderit
989 1215 1190 1256 currus
1230 1219 1296 1256 ex
1349 1203 1602 1272 Ephraim
1645 1215 1700 1260 et
1730 1221 1928 1275 equum
1966 1223 2034 1261 ex

451 1284 780 1354 Jerusalem,
815 1292 1217 1361 exscideritqne
1253 1310 1438 1349 arcum
1475 1297 1816 1361 bellicosum,
1859 1313 1923 1353 ac
1954 1298 2033 1352 fe-

453 1380 588 1432 cerit
611 1395 734 1449 qua;
765 1393 1090 1451 sequuntur.
1128 1385 1233 1439 Sed
1265 1387 1532 1441 hactenus
1560 1389 1774 1456 quidem
1817 1391 1882 1444 de
1911 1406 2032 1458 pro-

455 1472 660 1541 phetia.
703 1474 856 1540 Quod
887 1477 930 1529 si
961 1476 1350 1546 longitudinem
1385 1479 1486 1532 via:
1512 1482 1866 1548 praztendent,
1899 1483 2032 1538 nihil

456 1564 676 1632 dignum
698 1566 1035 1622 invenientes
1058 1570 1356 1623 mconomia
1377 1570 1500 1624 Filii
1524 1571 1614 1624 Dei
1635 1572 1686 1625 in
1706 1588 1954 1629 sermone
1968 1579 2034 1630 de

454 1657 608 1710 asina
630 1667 683 1711 et
706 1659 848 1726 pullo
867 1677 880 1724 ;
897 1662 1129 1730 primum
1155 1663 1392 1731 quidem,
1411 1664 1501 1734 qni
1517 1666 1824 1734 quindecim
1842 1667 2034 1722 stadiis

454 1759 678 1804 utuntur
695 1751 1083 1807 exsistentibus
1103 1768 1266 1821 parva
1291 1755 1580 1823 distantia,
1607 1773 1711 1811 non
1742 1758 2029 1812 admodum

455 1852 879 1897 consentaneam
943 1844 1313 1900 defensionem
1368 1850 1469 1904 via:
1525 1849 1803 1915 afferent;
1839 1851 2034 1907 deinde
2067 1826 2106 1880 Β

452 1947 582 1987 vero
634 1948 854 1988 causam
903 1934 1058 1989 nobis
1105 1936 1287 1990 dicant
1336 1941 1606 2006 quomodo
1641 1941 1708 1994 ad
1737 1941 1881 1992 viam
1926 1950 2031 1994 tant

452 2025 670 2079 brevem
699 2026 911 2082 duobus
939 2025 1202 2096 jumentis
1243 2044 1378 2098 opus
1420 2030 1622 2085 habeat
1653 2048 1668 2085 :
1708 2048 1728 2082 ι
1771 2030 1974 2085 Insedit
2009 2051 2028 2083 ›

452 2119 618 2184 enim,
656 2119 850 2186 inquit,
897 2138 916 2171 ‹
954 2120 1078 2174 illis.
1121 2139 1140 2171 ι
1173 2119 1442 2176 Przeterea
1493 2122 1620 2175 illud
1665 2124 1833 2178 etiam
1870 2141 1884 2176 :
1916 2144 1934 2176 ι
1975 2125 2033 2178 Si

452 2209 575 2278 quis
609 2209 761 2265 vohis
788 2211 987 2280 aliquid
1011 2212 1232 2278 dixerit,
1263 2213 1428 2268 dicite
1457 2216 1600 2284 quod
1652 2215 1912 2271 Dominus
1950 2218 2036 2272 his

453 2315 591 2369 opus
615 2301 796 2364 habet,
839 2303 1134 2372 statimque
1175 2304 1409 2358 dimittet
1441 2320 1566 2369 eos,
1608 2323 1627 2356 ι
1657 2321 1762 2359 non
1800 2308 2038 2361 arbitror

454 2392 673 2461 dignum
706 2405 827 2447 esse
867 2393 1252 2461 magnitudinis
1275 2395 1492 2449 deitatis
1515 2396 1660 2461 Filii,
1696 2405 1753 2450 ut
1793 2397 2038 2452 dicamus

456 2485 548 2538 tali
579 2494 788 2539 natura:
822 2485 1100 2538 fatendum
1129 2500 1251 2540 esse
1287 2487 1388 2541 sibi
1435 2504 1572 2557 opus
1598 2503 1722 2543 esse
1750 2491 1901 2542 asina
1945 2504 2035 2543 so-

456 2575 565 2630 luta
593 2591 623 2630 a
655 2577 885 2631 vinculis
914 2586 970 2630 et
1008 2577 1154 2646 pullo
1197 2594 1319 2631 cum
1345 2594 1405 2632 ea
1462 2581 1734 2635 veniente.
1790 2581 2036 2649 Magnum

455 2669 599 2722 enim
626 2685 788 2724 omne
819 2671 890 2723 sit
921 2681 1134 2738 oportet
1158 2671 1490 2740 dignumque
1513 2673 1752 2727 bonitate
1781 2672 2039 2742 ejus,quo

456 2761 625 2818 Filius
652 2765 740 2818 Dei
767 2779 900 2832 opus
932 2765 1150 2820 haheat.
1197 2766 1278 2818 Ad
1320 2766 1433 2819 haec
1460 2781 1588 2820 vero
1621 2767 1848 2834 plurima
1881 2767 2038 2821 turba

457 2857 779 2911 vestimenta
804 2871 898 2909 sua
936 2865 1186 2910 sternens
1216 2859 1270 2911 in
1303 2857 1385 2910 via
1421 2857 1713 2929 (tolerante
1739 2860 1856 2914 haec
1888 2859 2038 2925 Jesu,

459 2960 518 3004 et
551 2965 655 3004 non
707 2951 1047 3018 increpante,
1088 2960 1148 3004 ut
1193 2952 1540 3020 perspicuum
1570 2962 1652 3006 est
1687 2969 1751 3006 ex
1803 2954 1888 3006 his
1924 2968 2042 3021 qua:

459 3038 549 3092 alii
595 3049 841 3102 narrant,
891 3039 1190 3093 nimirum:
1232 3059 1250 3090 ‹
1283 3039 1337 3093 Si
1381 3041 1432 3094 hi
1485 3043 1775 3108 tacuerint,
1836 3043 2041 3111 lapides

2133 567 2256 635 γῆς,
2312 584 2330 616 t
2378 566 2471 618 καὶ
2500 565 2570 618 τά
2612 566 2757 637 ἑξῆς.
2809 566 3006 620 Ίστέον
3054 567 3324 637 μέντοιγε,
3381 568 3462 620 ὃτι
3511 570 3609 638 οὑχ
3649 569 3728 632 ὡς

2132 660 2308 710 κεῖται
2344 657 2496 728 παρά
2541 654 2620 728 τῷ
2663 660 2975 730 προφήτῃή
3021 659 3182 724 λέξις,
3227 658 3440 724 ἐξέθετο
3469 660 3650 730 αὐτὴν
3691 661 3722 712 ὁ

2131 748 2406 811 Ματθαῖος
2428 766 2440 777 ·
2471 750 2591 802 ἀντὶ
2629 749 2736 821 γὰρ
2771 749 2865 802 τοῦ
2888 767 2900 780 ο
2949 769 2968 800 ι
3005 751 3174 820 Χαῖρε
3211 751 3434 821 σφόδρα,
3471 750 3722 822 θύγατερ

2131 839 2301 892 Σιὼν·
2371 843 2652 912 κήρυσσε,
2725 842 2961 912 θύγατερ
3051 843 3437 914 Ἰερουσαλὴμ,
3514 862 3534 894 ι
3617 860 3720 895 πε·-

2132 931 2358 1000 ποίηκεν
2378 949 2390 961 '
2436 951 2454 982 ί
2491 934 2695 986 Εἴπατε
2722 937 2788 1004 τῇ
2813 933 3042 1004 θυγατρὶ
3070 935 3204 985 Σιών
3223 951 3236 964 ·
3269 953 3286 984 ι
3317 935 3723 1004 ἐπιτεμόμενος

2131 1023 2192 1075 τὸ
2219 1024 2555 1094 προφητικὸν
2601 1025 3014 1096 παρεσιώπησε,
3053 1044 3070 1076 ι
3119 1025 3358 1089 δίκαιος,
3392 1027 3484 1078 καὶ
3522 1025 3722 1090 σώζων

2134 1114 2315 1177 αὑτός·
2349 1133 2368 1166 ι
2409 1115 2503 1168 καὶ
2524 1116 2712 1181 είπὼν,
2741 1117 2814 1178 ὼς
2832 1119 3030 1178 κεῖται,
3063 1116 3124 1168 τό
3147 1133 3161 1146 ·
3197 1136 3214 1166 ι
3249 1115 3446 1187 πραῢς,
3472 1117 3567 1168 καὶ
3591 1117 3721 1166 ὲπι-

2133 1205 2415 1275 ϐεϐηκώς·
2467 1226 2486 1258 ι
2522 1207 2641 1260 ἀντὶ
2690 1207 2806 1269 τοῦ,
2851 1226 2868 1258 ι
2921 1208 3014 1258 ἐπὶ
3047 1207 3360 1275 ὑποζύγιον,
3395 1207 3487 1260 καὶ
3531 1205 3725 1259 πῶλον

2133 1300 2271 1362 νέον,
2300 1319 2318 1350 t
2339 1299 2641 1370 ἀνέγραψεν
2660 1317 2674 1328 ·
2717 1317 2735 1349 ι
2777 1301 2868 1351 ἐπὶ
2899 1300 3016 1352 δνον
3045 1301 3138 1351 καὶ
3166 1300 3342 1353 πῶλον
3369 1299 3482 1352 υἱὸν
3512 1297 3725 1362 ὑποζυ-

2134 1393 2274 1460 γίου.
2329 1412 2348 1444 ι
2400 1395 2506 1446 Καὶ
2553 1392 2794 1446 Ἰουδαῖοι
2845 1393 2933 1457 δὲ,
2978 1393 3422 1458 συνεξετάζοντες
3476 1393 3572 1444 τὸν
3621 1392 3727 1460 τῆς

2137 1485 2472 1556 προφητείας
2505 1485 2695 1556 εἱρμὸν
2728 1487 2842 1547 τοῖς
2885 1485 3012 1554 περὶ
3064 1485 3239 1555 Ἰησοῦ
3283 1486 3728 1554 ἀναγεγραμμέ-

2135 1592 2246 1638 νοις
2318 1576 2462 1645 (65),
2520 1576 2619 1627 οὑκ
2687 1576 3175 1645 εὐκαταφρονήτως
3236 1576 3384 1645 ἡμᾶς
3441 1574 3730 1626 θλίϐουσιν

2135 1666 2493 1728 ἀπαιτοῦντες
2528 1667 2642 1730 πῶς
2675 1669 2703 1718 6
2742 1667 2949 1736 Ἰησοῦς
2978 1665 3369 1736 ἐξωλόθρευσεν
3404 1667 3635 1736 ἅρματα
3665 1662 3732 1727 ἐξ

2149 1757 2407 1827 Ἐφραῖμ,
2431 1758 2523 1810 καὶ
2543 1758 2709 1809 ἵππον
2738 1757 2796 1821 ἐξ
2834 1757 3205 1828 Ἰερουσαλὴμ,
3230 1757 3323 1810 καὶ
3349 1755 3728 1826 ἐξωλόθρευσε

2135 1849 2286 1912 τόξον
2317 1849 2628 1918 πολεμικὸν,
2667 1851 2759 1902 καὶ
2797 1849 2864 1901 τὰ
2902 1847 3028 1917 ἑξῆς
3067 1849 3354 1917 πεποίηκε.
3398 1847 3506 1899 Ka‘t.
3544 1844 3725 1898 ταῦτα

2137 1941 2234 2010 μὲν
2265 1942 2392 2012 περὶ
2421 1941 2518 2009 τῆς
2544 1940 2877 2012 προφητείας
2898 1957 2909 1969 ·
2953 1941 3048 1993 ἐάν
3083 1940 3138 1991 δὲ
3168 1940 3228 1990 τὺ
3259 1940 3430 2009 μῆκος
3453 1937 3558 2005 τῆς
3597 1934 3724 1988 ὁδοῦ

2133 2031 2505 2093 αἰτιάσωνται,
2551 2031 2713 2102 μηδὲν
2741 2031 2889 2097 ἀξιον
2911 2032 3009 2101 τῆς
3045 2030 3138 2082 τοῦ
3178 2029 3306 2082 Υἱοῦ
3344 2029 3436 2080 τοῦ
3470 2027 3613 2079 Θεοῦ
3644 2027 3727 2078 οἰ-

2134 2123 2392 2193 κονομίας
2447 2125 2792 2194 εὑρίσκοντες
2849 2125 2928 2185 είς
2967 2124 3057 2175 τὸν
3117 2123 3244 2193 περὶ
3292 2122 3392 2192 τῆς
3442 2121 3569 2172 ὄνου
3629 2119 3727 2171 κα)⁵

2136 2216 2316 2270 πώλου
2354 2216 2530 2283 λόγον,
2572 2214 2786 2286 πρῶτον
2817 2216 2913 2285 μὲν
2943 2217 2990 2268 οἱ
3023 2215 3085 2267 ιε’
3110 2215 3339 2271 σταδίοις
3377 2214 3572 2284 βραχεῖ
3607 2211 3727 2264 δια-

2139 2312 2376 2380 στήματι
2416 2305 2532 2361 οὖσι
2581 2308 2991 2378 προσχρώμενοι
3039 2307 3100 2359 οὑ
3147 2307 3284 2359 πάνυ
3327 2323 3378 2358 τι
3419 2301 3726 2370 ἀπολογίαν

2138 2402 2357 2470 εὔλογον
2404 2401 2653 2471 κομιοῦσι
2701 2401 2798 2469 τῆς
2850 2399 3006 2452 ὀδοῦ·
3054 2399 3306 2469 δεύτερον
3349 2397 3404 2448 δὲ
3463 2395 3582 2456 πῶς
3631 2392 3728 2445 δύο

2139 2489 2349 2560 κτηνῶν
2380 2493 2458 2552 εις
2484 2489 2581 2558 τὴν
2604 2488 2744 2540 οῦτω
2771 2489 3028 2558 βραχεῖαν
3052 2487 3218 2539 δεῖται
3245 2487 3380 2546 ὁδὸν,
3407 2485 3727 2552 λεγέτωσαν

2138 2584 2289 2652 ἡμῖν·
2334 2601 2352 2632 ι
2404 2580 2726 2633 Ἐπεκάθισε
2766 2601 2783 2630 ι
2811 2581 2939 2650 γάρ,
2966 2579 3148 2648 φησιν,
3186 2597 3204 2629 ι
3243 2579 3427 2630 ὲπάνω
3457 2576 3663 2628 αὑτῶν.
3699 2594 3721 2627 ι

2143 2671 2262 2725 Ἔτι
2289 2673 2346 2725 δὲ
2375 2673 2467 2724 καὶ
2490 2673 2577 2723 τό·
2629 2690 2646 2722 ι
2688 2672 2813 2724 Ἐάν
2839 2689 2920 2734 τις
2953 2673 3080 2740 ὑμῖν
3107 2671 3236 2742 εἴπῃ
3259 2669 3370 2737 (66)
3401 2685 3471 2731 τι,
3518 2669 3724 2737 ἐρεῖτε,

2139 2765 2223 2817 ὅτι
2260 2765 2288 2815 6
2317 2767 2518 2836 Κύριος
2551 2763 2728 2816 αὑτῶν
2768 2764 2955 2834 χρείαν
2980 2763 3111 2832 ἔχει,
3137 2762 3298 2824 εὐθὺς
3330 2758 3385 2812 δὲ
3429 2759 3727 2812 ἀποστελεῖ

2142 2859 2358 2922 αὐτοὺς,
2385 2877 2402 2908 ι
2431 2859 2531 2911 οὑκ
2551 2854 2702 2928 οἶμαι
2731 2857 2878 2922 ἀξιον
2896 2853 3034 2909 εἶναι
3062 2857 3152 2908 τοῦ
3189 2853 3449 2924 μεγέθους
3480 2852 3593 2922 (67)
3625 2852 3726 2921 τῆς

2140 2951 2233 3004 τοῦ
2267 2949 2393 3002 Υἱοῦ
2423 2950 2716 3019 θειότητος,
2744 2948 2885 3000 ὥστε
2923 2950 3095 3000 εἰπεῖν
3130 2945 3226 3016 τὴν
3257 2942 3594 3015 τηλικαύτην
3624 2940 3727 3010 φύ-

2143 3062 2227 3099 σιν
2260 3045 2445 3117 χρείαν
2477 3043 2756 3114 ὁμολογεῖν
2788 3042 2930 3112 ἕχειν
2963 3043 3084 3093 ὄνου
3131 3039 3238 3092 ἀπὸ
3278 3036 3490 3106 δεσμῶν
3523 3032 3724 3103 λυομέ-

460 3131 914 3201 οΙοιηιώιιηιδθι),
942 3131 1084 3185 haud
1121 3133 1234 3186 scio
1254 3148 1320 3185 an
1349 3147 1453 3186 non
1478 3133 1765 3186 ostendant
1791 3133 2038 3186 stolidam

2145 3153 2264 3205 νης,
2306 3136 2396 3188 καὶ
2427 3133 2605 3187 πώλου
2639 3133 2735 3186 σὺν
2772 3133 2906 3201 αὑτῇ
2950 3130 3276 3202 ἐρχομένου’
3325 3127 3402 3178 δεῖ
3434 3124 3544 3194 γάρ
3584 3124 3729 3193 μέγα

460 3237 680 3278 causam
715 3221 906 3290 ipsius,
933 3223 977 3276 si
1029 3222 1162 3275 nihil
1194 3221 1339 3276 aliud
1367 3237 1433 3275 ex
1472 3223 1556 3276 his
1585 3223 1918 3289 declaratur,
1947 3225 2038 3292 qui

460 3313 532 3370 ob
559 3315 674 3368 haec
729 3313 959 3367 lmtatur.
995 3313 1112 3366 Jam
1154 3329 1336 3368 ramos
1381 3315 1449 3368 ah
1507 3315 1794 3368 arboribus
1829 3315 2044 3370 excisos

461 3405 516 3462 in
575 3405 658 3456 via
715 3405 886 3458 sterni
920 3404 1091 3457 asinis
1142 3405 1676 3472 pertranseuntihus,
1721 3414 1774 3458 et
1817 3406 2039 3474 impedi-

463 3509 644 3552 menta
679 3499 958 3568 anteponi,
997 3497 1192 3565 injuria
1231 3498 1408 3566 potius
1437 3496 1722 3552 aﬂicientis
1753 3513 1914 3566 quam
1946 3514 2046 3552 ex-

461 3590 698 3658 cogitata
750 3588 866 3644 laus
913 3588 1084 3643 videri
1138 3599 1337 3653 potest.
1379 3588 1649 3642 Caeterum
1696 3589 1779 3642 his
1825 3590 2043 3654 similia,

463 3681 530 3735 de
577 3681 776 3749 quibus
805 3679 1173 3734 dubitavimus
1198 3693 1389 3732 eorum
1415 3693 1601 3742 causa,
1634 3679 1725 3748 qui
1771 3692 1802 3732 e
1849 3679 2047 3750 templo

463 3772 621 3838 ejecti
660 3771 810 3824 fuere
839 3772 907 3824 ab
935 3770 1072 3839 ipso,
1097 3783 1261 3840 atque
1289 3771 1452 3824 etiam
1483 3771 1686 3837 majora
1719 3772 1819 3825 hoc
1844 3774 1895 3826 in
1927 3773 2047 3828 loco

465 3863 691 3918 dicenda
748 3872 890 3916 sunt.
930 3861 985 3914 In
1037 3860 1329 3929 Evangelio
1368 3860 1511 3913 enim
1547 3861 1709 3930 189
1743 3861 1967 3917 Joannis
1999 3865 2045 3898 '°

465 3965 712 4008 ementes
744 3952 911 4020 ejicit,
943 3952 1157 4006 dicente
1179 3951 1434 4005 Matthazo
1456 3951 1525 4017 ⁹¹,
1557 3969 1748 4008 omnes
1779 3970 1904 4008 eum
1939 3956 2050 4024 eje-

468 4047 609 4102 cisse
638 4057 751 4100 tum
784 4045 1101 4110 vendentes,
1127 4053 1235 4098 tum
1263 4052 1507 4098 ementes
1531 4044 1585 4099 in
1623 4045 1842 4113 templo.
1865 4045 2049 4115 Longe

472 4146 654 4190 autem
684 4134 910 4204 major,
958 4142 1017 4188 ut
1061 4133 1343 4203 probabile
1399 4144 1504 4199 est,
1554 4137 1848 4190 ementium
1881 4152 2047 4205 quam

469 4227 818 4283 vendentium
865 4235 984 4280 erat
1022 4240 1302 4280 numerus.
1341 4225 1600 4282 Notemus
1626 4228 1815 4291 etiam,
1843 4243 1910 4282 an
1941 4245 2047 4284 non

469 4333 636 4389 supra
665 4317 979 4387 dignitatem
1005 4315 1131 4372 Jesu
1164 4318 1408 4387 erat,qui
1439 4318 1728 4388 putabatur
1761 4319 1903 4374 filius
1931 4335 2050 4376 esse

472 4411 616 4466 fabri
667 4411 744 4475 ",
785 4425 972 4464 omnes
1015 4409 1216 4477 ejicere
1254 4411 1550 4464 vendentes
1601 4421 1654 4465 et
1702 4420 1945 4466 ementes
1996 4412 2047 4465 in

2144 3226 2282 3282 εἶναι
2319 3229 2445 3292 πᾶν,
2481 3222 2540 3280 οῦ
2567 3226 2755 3297 χρείαν
2780 3225 2892 3295 ἕχει
2925 3226 2953 3276 ὁ
2985 3224 3107 3286 Υἱὸς
3140 3220 3235 3274 τοῦ
3268 3219 3424 3282 Θεοῦ,
3450 3218 3546 3270 καί
3576 3214 3726 3278 ἄξιον

2142 3322 2240 3392 τῆς
2265 3320 2631 3390 χρηστότητος
2653 3316 2837 3369 αὑτοῦ.
2865 3315 3006 3387 Πρὸς
3039 3315 3095 3367 δὲ
3124 3311 3330 3366 τούτοις
3351 3313 3378 3362 6
3404 3306 3727 3378 στρωννύων

2146 3411 2308 3463 αὑτοῦ
2347 3409 2415 3461 τά
2474 3408 2662 3478 ἱμάτια
2702 3405 2948 3466 πλεῖστος
2976 3403 3130 3473 ὖχλος
3171 3404 3226 3453 ὲν
3278 3402 3344 3469 τῇ
3385 3397 3487 3466 ὁδῷ
3515 3396 3729 3464 (ἀνεχο-

2149 3501 2306 3572 μένου
2342 3499 2544 3552 τούτων
2584 3497 2677 3550 τοῦ
2725 3496 2922 3566 Ἰησοῦ,
2959 3497 3052 3547 καὶ
3101 3493 3175 3563 μὴ
3218 3487 3637 3572 ὲπιτιμῶντοςζ
3653 3485 3728 3547 ὡς

2145 3570 2304 3661 δῆλον
2351 3594 2415 3644 ὲκ
2444 3589 2552 3641 τῶν
2590 3590 2718 3658 παρ’
2764 3586 2941 3648 ἄλλοις
2974 3583 3272 3654 κειμένων·
3325 3599 3343 3631 ι
3409 3578 3534 3630 Ἐάν
3575 3570 3729 3629 οὗτοι

2149 3682 2515 3751 σιωπήσωσιν,
2551 3682 2598 3731 οἱ
2631 3677 2765 3729 λίθοι
2793 3677 3084 3748 κράξουσιν
3117 3692 3134 3722 ›
3178 3668 3296 3739 [68]
3317 3671 3356 3739 ),
3387 3669 3486 3722 οὑκ
3523 3665 3647 3718 οἶδα
3680 3665 3729 3716 εἰ

2151 3771 2227 3844 μὴ
2259 3770 2514 3841 βλακείαν
2554 3768 2674 3821 τινά
2699 3767 3020 3836 ἐμφαίνουσι
3053 3763 3144 3814 τοῦ
3175 3761 3267 3812 ἐπὶ
3295 3762 3405 3820 τοῖς
3427 3757 3728 3822 τοιούτοις,

2149 3867 2197 3916 εἰ
2239 3864 2402 3934 μηδὲν
2436 3862 2562 3916 ἄλλο
2601 3863 2695 3913 ἀπ’
2737 3859 2916 3912 αὐτῶν
2959 3854 3234 3925 δηλοῦται,
3273 3847 3726 3921 εὑφραινομένου.

2149 3957 2260 4009 Καὶ
2293 3954 2664 4024 κοπτομένους
2706 3951 2932 4012 κλάδους
2974 3947 3081 4000 ἀπὸ
3108 3944 3213 3998 τῶν
3244 3942 3474 4012 δένδρων
3515 3937 3728 4010 στρών-

2149 4048 2341 4102 νυσθαι
2374 4051 2428 4100 ὲν
2460 4050 2525 4119 τῇ
2559 4045 2661 4116 ὁδῷ
2693 4044 2829 4097 ὄνων
2855 4039 3217 4112 διερχομένων
3247 4036 3482 4106 ἐμπόδια
3525 4031 3728 4102 μᾶλλον

2149 4138 2295 4202 δόξαι
2327 4137 2392 4190 ἂν
2441 4133 2579 4190 εἶναι
2634 4133 2728 4187 τοῦ
2788 4131 3113 4202 όχλουμένου
3165 4129 3309 4197 ἥπερ
3366 4123 3725 4192 λελογισμένη

2150 4229 2408 4297 άποδοχή.
2445 4229 2583 4278 Ὅσα
2628 4226 2685 4278 δὲ
2731 4223 3165 4292 ὲπηπορήσαμεν
3205 4221 3270 4270 ὲκ
3302 4215 3410 4269 τῶν
3443 4215 3537 4267 τοῦ
3579 4211 3726 4284 ἱεροῦ

2151 4323 2240 4374 ὑπ’
2293 4320 2457 4372 αὑτοῦ
2504 4318 2939 4387 ἐκϐαλλομένων,
2984 4313 3157 4366 ταῦτα
3200 4312 3294 4364 καὶ
3335 4311 3416 4361 ἐτι
3452 4309 3560 4378 ((39)
3605 4306 3727 4377 μεί-

2152 4413 2280 4477 ζονα
2306 4411 2492 4464 ἐνθάδε
2519 4410 2756 4462 λεκτέον.
2801 4409 2889 4460 Ἑν
2920 4408 3016 4476 μὲν
3044 4405 3152 4473 γάρ
3182 4402 3259 4472 τῷ
3287 4401 3428 4454 κατὰ
3471 4400 3725 4467 Ἰωάννην

474 4503 696 4572 templo,
731 4503 832 4556 nisi
878 4501 1036 4566 forte,
1073 4511 1132 4556 ut
1160 4503 1322 4559 etiam
1369 4501 1478 4556 illic
1516 4503 1771 4565 diximus,
1810 4504 2040 4571 potentia

2154 4504 2404 4556 ἐκϐάλλει
2443 4505 2569 4564 τοὺς
2621 4500 3022 4570 ἀγοράζοντας·
3082 4497 3111 4546 6
3149 4494 3205 4547 δὲ
3244 4491 3518 4552 Ματθαῖός
3564 4503 3729 4558 φησιν

475 4596 741 4649 diviniore
770 4593 980 4662 subegit
1029 4608 1219 4649 omnes
1248 4595 1339 4663 qui
1390 4593 1679 4648 acerbiora
1727 4595 1867 4662 apud
1913 4595 2048 4650 alios

475 4685 834 4755 evangelistas
885 4699 1046 4753 quam
1100 4685 1243 4753 apud
1285 4683 1550 4738 Joannem
1608 4685 1852 4738 audiunt.
1912 4681 2046 4737 Nam

476 4788 733 4833 narrante
762 4778 970 4834 Joanne
1002 4778 1047 4808 ³³
1073 4779 1176 4832 illis
1215 4777 1415 4831 dictum
1452 4777 1618 4832 fuisse
1647 4793 1674 4829 a
1704 4776 1832 4832 Jesu
1863 4795 1876 4831 :
1901 4797 1919 4829 ι
1945 4775 2050 4831 Νο-

476 4871 572 4925 lite
599 4870 774 4925 facere
809 4873 1025 4925 domum
1071 4868 1249 4922 Patris
1286 4869 1411 4932 mei,
1440 4869 1658 4922 domum
1695 4878 1983 4934 mercatus,
2026 4887 2044 4918 ι

476 4966 618 5032 apud
649 4964 782 5017 alios
811 4963 858 4995 ”
893 4963 1288 5029 redarguuntur
1317 4961 1508 5016 fecisse
1541 4963 1755 5015 domum
1781 4964 2050 5030 precatio-

480 5058 566 5110 nis
622 5057 930 5125 speluncam
977 5053 1246 5106 latronum
1279 5093 1294 5119 ,
1327 5065 1633 5121 nequeunte
1673 5054 1830 5108 domo
1874 5055 2050 5112 Patris

480 5146 596 5200 ﬁeri
625 5145 876 5215 spelunca
902 5145 1192 5206 latronum,
1222 5143 1318 5198 sed
1348 5159 1585 5212 eousque
1616 5159 1644 5196 a
1673 5147 2048 5212 peccatoribus

483 5237 736 5302 adducta,
773 5245 831 5288 ut
863 5235 976 5303 ipsa
1028 5233 1119 5287 ftat
1151 5245 1420 5288 mercatus
1443 5234 1654 5289 domus.
1683 5234 1797 5289 Non
1839 5245 2043 5292 tantum

555 5402 598 5434 ³³
634 5402 765 5456 an.
803 5416 916 5464 χιχ,
943 5397 1032 5452 40.
1109 5401 1154 5431 ⁹⁰
1187 5399 1378 5453 Joann.
1408 5415 1470 5460 tt.
1500 5399 1586 5456 l5.

483 5473 530 5506 “
554 5471 741 5526 Matth.
796 5486 909 5535 ut,
942 5471 1040 5537 15;
1066 5469 1232 5524 Marc.
1269 5486 1343 5534 Il,
1387 5471 1449 5523 17
1481 5487 1496 5536 ;
1528 5469 1659 5525 Luc.
1687 5489 1797 5539 nx,
1833 5473 1922 5528 46.

558 5628 671 5702 (figi)
694 5629 871 5702 Codex
905 5628 1252 5702 Bodleianus.
1268 5629 1698 5702 γεγραμμένοις.

555 5699 664 5770 (66)
694 5700 871 5770 Codex
901 5700 1099 5770 Regius
1131 5711 1337 5754 tantum
1375 5699 1531 5755 habet
1565 5702 1714 5770 εἴπῃ.

555 5755 668 5837 (67)
695 5767 803 5822 Τοῦ
827 5755 1136 5840 μεγέὅους.
1193 5772 1352 5829 DeeSt
1405 5773 1458 5826 in
1498 5755 1691 5828 (τοᾱὶοὲ
1737 5769 2054 5836 Bodleiano,

1661 5401 1703 5431 ⁹¹
1736 5400 1927 5458 Matth.
1961 5421 2072 5473 χιιι,
2100 5407 2164 5461 12

2150 4599 2230 4651 ὅτι
2261 4596 2480 4661 ἐξέϐαλε
2525 4594 2733 4654 πάντας
2771 4593 2896 4653 τοὺς
2925 4587 3259 4652 πωλοῦντας,
3296 4585 3389 4637 καὶ
3428 4580 3728 4652 ἀγοράζον-

2150 4708 2248 4753 τας
2269 4691 2328 4742 ὲν
2363 4687 2440 4758 τῷ
2466 4685 2614 4758 ἱερῷ.
2643 4683 2829 4753 Πολλῴ
2867 4682 2943 4744 δὲ,
2982 4680 3056 4743 ὡς
3084 4679 3248 4740 εἰκὸς,
3286 4679 3314 4728 6
3343 4673 3573 4745 ἀριθμὸς
3615 4671 3726 4723 τῶν

2153 4781 2528 4852 ἀγοραζόντων
2570 4777 2770 4830 πλείων
2801 4771 2869 4845 ἦν
2901 4772 3053 4844 παρὰ
3089 4772 3212 4832 τοὺς
3250 4765 3579 4826 πωλοῦντας.
3616 4763 3729 4814 Καὶ

2153 4879 2534 4947 ὲπιστήσωμεν
2564 4876 2610 4925 εἰ
2645 4873 2718 4944 μὴ
2745 4871 2806 4923 τὸ
2835 4870 3043 4929 πάντας
3078 4863 3431 4918 ἐκϐάλλεσθαι
3460 4861 3586 4921 τοὺς
3615 4875 3730 4909 πω-

2154 4971 2378 5033 λοῦντας
2407 4971 2498 5022 καὶ
2526 4967 2893 5038 ἀγοράζοντας
2915 4965 2972 5014 ὲν
2997 4961 3073 5031 τῷ
3104 4958 3232 5030 ἱερῷ
3257 4955 3405 5027 παρά
3427 4956 3486 5005 τὸ
3512 4952 3727 5020 ἀξίωμα

2153 5061 2247 5114 τοῦ
2285 5058 2642 5130 νομιζομένου
2682 5054 2796 5107 υἱοῦ
2838 5053 3087 5113 τέκτονος
3137 5044 3273 5100 εἶναι
3319 5043 3634 5112 ἐτύγχανεν,
3676 5041 3725 5092 εἰ

2158 5153 2231 5223 μὴ
2272 5151 2398 5224 ἄρα,
2439 5151 2514 5212 ὡς
2546 5149 2706 5201 κάκεῖ
2739 5145 3026 5213 ἐλέγομεν,
3062 5139 3306 5208 θειοτέρα
3346 5136 3569 5203 δυνάμει
3602 5131 3726 5224 τοὺς

2160 5223 2366 5304 πάντας
2412 5241 2720 5292 ὑπέτασσεν
2743 5277 2756 5301 ,
2788 5232 3144 5305 χαλεπὺτερα
3172 5233 3293 5284 ὅσον
3335 5228 3427 5278 ἐπὶ
3460 5228 3570 5287 τοῖς
3617 5223 3728 5274 λοι-

2263 5404 2307 5435 "
2341 5400 2534 5455 Matth.
2564 5413 2684 5463 xm,
2716 5395 2825 5456 55;
2860 5393 3026 5447 Marc.
3065 5409 3136 5456 vt,
3161 5391 3214 5444 5.
3290 5389 3335 5420 ³³
3364 5386 3520 5441 Joan.
3555 5400 3614 5451 ιι,
3643 5381 3725 5438 16.

2162 5627 2216 5680 in
2241 5639 2348 5690 quo
2379 5637 2500 5676 mox
2535 5619 2729 5686 legitur
2757 5619 2854 5686 τῆς
2876 5615 2968 5668 τοῦ
3004 5615 3260 5690 Υἱοῦῌτοῦ
3286 5615 3416 5667 Θεοῦ
3436 5614 3724 5682 θειότητος.

2237 5687 2345 5764 (68)
2375 5693 2551 5768 podex
2588 5691 2925 5768 Burneianus,
2955 5687 3327 5768 κεκράξονται.
3442 5754 3453 5768 ⁸
3545 5756 3556 5766 ¹
3619 5751 3631 5768 θ

2235 5754 2346 5838 (69)
2375 5762 2514 5817 ldetn
2540 5761 2732 5827 codex,
2765 5770 2929 5823 recte,
2952 5758 3032 5810 ἔτι
3051 5754 3074 5787 ’⁷
3100 5762 3316 5826 ιιείςιιιε,
3353 5754 3512 5818 male,
3541 5754 3631 5806 ἐπί
3655 5768 3725 5804 τι.
