4170 6414
437 351 544 407 557
1535 346 1893 404 COMMEN‘I‘.
1929 347 2000 404 IN
2037 349 2231 406 JOAN.
2266 349 2506 407 TOMUS
2546 348 2614 407 Χ.
3468 342 3473 349 ’
3570 350 3676 407 558

435 467 553 529 ποίς
580 464 995 534 εὐαγγελισταῖς
1024 466 1175 539 παρὰ
1209 464 1303 519 τὸν
1353 462 1604 534 Ἰωάννην
1641 462 1996 527 ἀκούσαντας.

2104 479 2235 521 vero
2267 467 2457 521 domus
2482 461 2833 535 precationis,
2861 463 3084 519 omnino
3114 463 3296 519 Patris
3336 464 3526 520 domus
3551 480 3673 520 cum

439 557 500 610 '0
533 556 629 627 μὲν
658 556 767 627 γὰρ
806 557 1057 627 Ἰωάννης
1090 556 1252 626 φησὶν
1280 555 1462 618 αὐτοῖς
1489 553 1736 625 εἰρῆσθαι
1775 554 1880 607 ὑπὸ
1910 553 2001 607 τοῦ

2105 556 2197 622 sit,
2223 555 2461 625 neglecta
2495 556 2729 610 latrones
2746 555 2908 609 etiam
2935 556 3216 624 suscipiet,
3244 556 3435 610 domus
3468 556 3674 610 illorum

443 648 647 718 Ἰησοῦ·
688 667 706 699 ι
738 648 829 719 Μὴ
867 652 1068 702 ποιεῖτε
1095 648 1185 702 τὸν
1224 643 1372 700 οἶκον
1398 645 1491 699 τοῦ
1529 645 1743 717 Πατρός
1784 663 1883 717 μου
1925 640 2003 700 οἰ-

2108 661 2219 702 non
2273 647 2561 713 exsistens,
2594 646 2687 700 sed
2746 648 2911 701 etiam
2968 646 3224 713 spelunca
3271 645 3554 711 eﬂlcietur,
3590 663 3676 700 res

430 754 526 793 κον
555 739 820 811 ἐμπορίου
841 756 854 770 ·
903 760 921 791 ι
952 742 1000 792 οἰ
1023 740 1079 793 δὲ
1107 739 1280 791 λοιποὶ
1316 736 1576 808 σπήλαιον
1611 736 1822 808 λῃστῶν
1847 736 2002 805 ἐλέγ-

2109 738 2334 792 minime
2370 736 2509 792 facta
2538 752 2567 790 a
2605 737 2878 808 diligentia
2914 738 3334 793 architectonica
3368 746 3424 792 et
3453 740 3676 793 rationis

429 848 617 900 χονται
652 831 1008 901 πεποιηκότες
1038 830 1129 883 τὸν
1152 826 1298 883 οἷκον
1321 829 1422 899 τῆς
1448 829 1775 899 προσευχῆς,
1802 828 1863 881 ού
1893 847 2002 899 χω·
2109 840 2376 897 compote.

435 927 653 999 ροῦντος
695 925 790 979 τοῦ
822 927 970 979 οἴκου
1010 922 1103 978 τοῦ
1136 924 1369 996 Πατρός,
1411 923 1550 975 ὥστε
1591 923 1842 991 γενέσθαι
1882 924 2143 994 σπήλαιον
2195 924 2427 996 λῃστῶν,
2469 923 2604 977 ἀλλά
2646 923 2806 995 μέχρι
2860 922 3114 976 τοσούτου
3172 922 3277 976 ὑπὸ
3329 921 3437 974 τῶν
3493 922 3675 994 ἁμαρ»

429 1021 700 1074 τανόντων
761 1016 1090 1088 φερομένου,
1139 1015 1215 1077 ὡς
1262 1011 1409 1069 οἷκον
1461 1015 1723 1085 ἐμπορίου
1767 1015 1927 1067 αὑτὸν
1987 1014 2260 1082 γενέσθαι.
2326 1016 2402 1068 Ού
2451 1017 2608 1086 μόνον
2659 1016 2716 1069 δὲ
2776 1015 2875 1085 τῆς
2922 1012 3230 1085 προσευχῆς
3273 1014 3302 1065 ὀ
3347 1008 3494 1076 οἶκος
3539 1014 3679 1067 πάν-

430 1133 540 1179 τως
588 1113 699 1185 (70)
746 1109 892 1175 οἷκος
928 1111 1023 1164 τοῦ
1064 1110 1274 1180 Πατρὸς
1305 1108 1380 1162 ὢν
1428 1110 1722 1181 ἀμεληθεὶς
1751 1110 1843 1163 καὶ
1895 1109 2099 1183 λῃστὰς
2131 1110 2498 1182 παραδέξηται
2532 1110 2663 1181 (71),
2704 1110 2764 1163 οὑ
2795 1108 3078 1179 γινόμενος
3116 1106 3294 1160 αὑτῶν
3336 1101 3500 1172 οἶκος,
3541 1104 3680 1161 ἀλλὰ

434 1208 720 1280 σπήλαιον,
758 1208 990 1279 πρᾶγμα
1028 1206 1125 1275 ούχ
1158 1205 1263 1258 ὑπὸ
1295 1206 1735 1276 ἀρχιτεκτονικῆς
1776 1205 1870 1259 καὶ
1912 1206 2134 1277 λογικῆς
2158 1208 2466 1278 ἐντρεχείας
2495 1205 2875 1276 γεγενημένον.

508 1305 592 1359 18.
629 1304 704 1357 Τὸ
747 1303 845 1374 μὲν
871 1297 965 1357 οὖν
1001 1302 1126 1354 ἰδεῖν
1156 1300 1231 1364 ὡς
1266 1300 1376 1371 ἔχει
1403 1300 1575 1355 ταῦτα
1598 1301 1734 1372 (72),
1760 1304 1850 1355 νοῦ
1883 1302 2004 1372 ἀλη-

2182 1303 2268 1358 18.
2318 1304 2495 1373 Atque
2522 1303 2637 1357 hazc
2674 1302 2890 1371 quidem
2926 1299 3126 1364 videre,
3167 1299 3437 1370 quomodo
3487 1314 3545 1354 se
3578 1300 3677 1353 ha-

434 1395 561 1461 θοῦς
586 1393 680 1449 τοῦ
720 1393 963 1456 δοθέντος
996 1395 1109 1454 τοῖς
1150 1390 1430 1460 λέγουσιν·
1488 1411 1507 1443 ι
1561 1393 1753 1463 Ἡμεῖς
1789 1393 1845 1446 δὲ
1880 1393 2004 1446 νοῦν

2107 1395 2294 1459 beant,
2334 1404 2513 1449 mente
2559 1403 2722 1464 atque
2752 1392 3103 1463 intelligentia
3147 1408 3275 1447 vera
3306 1394 3427 1446 data
3463 1392 3547 1446 his
3580 1391 3673 1460 qui

434 1486 669 1559 Χριστοῦ
703 1486 917 1557 ἔχομεν,
951 1486 1037 1540 ἴνα
1069 1487 1263 1560 ῑδωμεν
1299 1486 1367 1540 τά
1401 1484 1504 1539 ὑπὸ
1533 1484 1627 1537 τοῦ
1671 1483 1806 1537 Θεοῦ
1850 1502 2004 1556 χαρι-

436 1576 630 1631 σθέντα
674 1579 825 1648 ήμίν,
860 1595 878 1627 ι
917 1578 1098 1648 μεῖζον
1131 1581 1163 1650 ἢ
1196 1578 1317 1632 καθ’
1341 1579 1487 1648 ἡμᾶς
1511 1573 1650 1629 εἰναι
1681 1576 1999 1648 πειθόμεθα.

433 1668 567 1721 esse
606 1668 714 1739 γὰρ
745 1667 1011 1722 ἀθόλωτον
1044 1671 1075 1739 ή
1086 1669 1200 1740 μῶν
1242 1672 1357 1722 ἐστι
1394 1668 1455 1721 τὸ
1489 1668 1842 1738 ἡγεμονικὸν,
1878 1668 2002 1722 οὐδὲ

2107 1488 2292 1542 dicunt
2328 1504 2342 1541 :
2374 1505 2392 1538 ι
2430 1483 2540 1540 Nos
2570 1495 2749 1539 autem
2776 1493 3007 1539 mentem
3039 1482 3244 1539 Christi
3293 1485 3584 1548 habemus,
3617 1494 3678 1537 ut

2106 1576 2385 1630 videamus
2420 1590 2541 1645 quae
2584 1590 2613 1629 a
2643 1573 2753 1629 Deo
2800 1575 2994 1628 donata
3042 1583 3169 1628 sunt
3209 1573 3362 1626 nobis
3387 1574 3457 1640 ",
3500 1592 3519 1624 ι
3552 1587 3675 1628 esse

2106 1667 2377 1725 credimus
2404 1681 2562 1736 supra
2616 1677 2831 1736 captum
2883 1675 3146 1720 nostrum.
3186 1662 3371 1733 Neque
3415 1665 3559 1719 enim
3606 1678 3671 1720 ea

432 1760 483 1811 οἰ
514 1758 799 1829 ὀφθαλμοὶ,
838 1761 1053 1823 ὁποίους
1080 1761 1163 1814 δεῖ
1195 1759 1333 1816 εἰναι
1371 1764 1497 1826 τοὺς
1528 1763 1626 1833 τῆς
1656 1760 1825 1830 καλῆς
1862 1760 2000 1830 νύμ-

2104 1761 2296 1816 anima:
2323 1774 2452 1829 pars
2478 1760 2947 1829 praestantissima,
2978 1757 3336 1826 principatum
3376 1773 3536 1827 quam
3567 1772 3671 1812 vo-

433 1861 542 1915 φης
569 1845 804 1914 Χριστοῦ
834 1845 1163 1917 ὀφθαλμοὺς,
1200 1848 1327 1919 περί
1354 1841 1430 1903 ὧν
1470 1865 1632 1919 φησιν
1666 1849 1695 1901 ό
1737 1847 1965 1917 νυμφίος
1984 1864 1998 1878 σ

439 1954 459 1985 ι
513 1935 809 2006 ὐφθαλμοί
862 1954 955 1991 σου
999 1940 1337 2011 περιστεραὶ,
1382 1960 1400 1990 ι
1436 1940 1577 2011 τάχα
1633 1940 2005 2010 αἰνισσόμενος

432 2025 532 2097 τὴν
560 2025 668 2079 τῶν
696 2028 1079 2097 πνευματικῶν
1107 2029 1500 2101 κατανοητικὴν
1541 2030 1789 2101 δύναμιν,
1819 2030 1907 2083 διὰ
1942 2028 2005 2083 τὸ

434 2114 618 2168 καὶτὸ
649 2114 870 2186 Πνεῦμα
911 2116 973 2168 τὸ
1001 2116 1155 2184 ἆγιον
1202 2117 1278 2181 ὡς
1326 2117 1654 2189 περιστερὰν
1690 2118 2003 2188 ἐληλυθέναι

435 2212 527 2265 ἐπὶ
548 2211 638 2264 τὸν
661 2211 884 2285 Κύριον,
905 2212 998 2265 καὶ
1024 2211 1113 2265 τὸν
1137 2214 1194 2265 ὲν
1223 2211 1436 2283 ἑκάστῳ
1461 2211 1689 2283 Κύριον·
1719 2212 1833 2266 ἀλλ’
1856 2214 2005 2284 ὅμως

434 2303 530 2357 καί¹
580 2304 751 2368 οὕτως
795 2304 1009 2374 ἔχοντες
1051 2304 1151 2357 οὐκ
1193 2305 1595 2376 ἀποκνήσομεν,
1648 2305 2004 2376 ψηλαφῶντες

432 2397 561 2459 τοὺς
610 2395 932 2467 εἰρημένους
974 2397 1073 2465 τῆς
1116 2393 1259 2464 ζωῆς
1297 2395 1505 2463 λόγους,
1548 2395 1873 2467 πειραθῆναι
1905 2396 2006 2450 λα-

434 2485 622 2538 ϐέσθαι
652 2485 831 2540 αὐτῶν
858 2486 958 2556 τῆς
987 2485 1361 2558 ἀπορρεούσης
1384 2490 1462 2551 εἰς
1486 2488 1575 2540 τὸν
1598 2488 1743 2559 »μετά
1770 2488 2006 2552 πίστεως

434 2574 710 2646 ἁψάμενον
742 2575 1040 2647 δυνάμεως.
1082 2576 1288 2648 Ἰησοῦς
1315 2577 1494 2631 τοίνυν
1526 2578 1671 2631 ἐστὶν
1695 2580 1723 2632 ό
1748 2578 1841 2632 τοῦ
1868 2578 2003 2632 Θεοῦ

434 2665 612 2735 λόγος,
640 2667 787 2732 ὅστις
806 2667 1113 2740 εἰσέρχεται
1137 2670 1217 2731 εἰς
1239 2669 1338 2740 τὴν
1374 2669 1713 2741 Ἰεροσόλυμα
1743 2671 2007 2740 καλουμέ-

435 2775 534 2830 νην
552 2758 748 2830 ψυχὴν,
773 2759 1064 2830 ὀχούμενος
1090 2763 1155 2831 τῇ
1181 2760 1285 2813 ὑπὸ
1311 2759 1420 2813 τῶν
1450 2759 1704 2832 μαθητῶν
1737 2761 2003 2834 λελυμένῃ

437 2850 545 2904 ἀπὺ
577 2851 683 2904 τῶν
715 2850 930 2921 δεσμῶν
963 2850 1089 2921 ὄνῳ.
1118 2850 1277 2919 Λέγω
1298 2851 1355 2905 δὲ
1380 2854 1493 2915 τοῖς
1520 2851 1741 2921 ἀφελέσι
1767 2852 1869 2922 τῆς
1895 2869 2003 2906 πα-

435 2939 595 3005 λαιᾶς
626 2940 900 3012 Διαθήκης
931 2941 1241 3011 γράμμασι,
1280 2942 1725 3013 σαφηνιζομένοις
1755 2943 1865 3015 (75)
1900 2945 2005 2999 ὑπὸ

436 3030 545 3084 τῶν
576 3031 809 3084 λυόντων
842 3030 981 3084 αὐτὰ
1007 3030 1263 3103 μαθητῶν
1288 3032 1411 3085 δύοο
1446 3031 1543 3085 τοῦ
1567 3050 1625 3086 τε
1655 3034 1748 3087 ἐπὶ
1783 3035 1881 3107 τὴν
1912 3035 2003 3089 θε-

2104 1867 2310 1918 camus,
2340 1851 2393 1906 in
2426 1853 2578 1907 nobis
2603 1860 2685 1906 est
2710 1867 2840 1921 pura
2870 1870 2885 1918 ;
2927 1854 3020 1908 sed
3056 1869 3123 1907 ne
3157 1851 3297 1908 oculi
3328 1850 3541 1919 quidem
3570 1866 3670 1920 pu-

2104 1944 2150 1999 ri
2174 1952 2318 2008 sunt,
2351 1943 2539 2013 quales
2560 1951 2773 2012 oportet
2810 1957 2929 1998 esse
2978 1942 3164 1997 oculos
3189 1941 3426 2011 pulchrae
3458 1953 3672 2008 sponsae

2104 2033 2328 2098 Christi,
2358 2033 2424 2087 de
2472 2033 2673 2103 quibus
2702 2033 2875 2102 inquit
2917 2046 3148 2102 sponsus
3181 2048 3195 2084 :
3231 2047 3251 2082 ι
3290 2028 3440 2086 Oculi
3470 2028 3544 2081 tui
3576 2041 3673 2082 co-

2104 2125 2298 2181 lumba:
2322 2126 2392 2190 ",
2438 2142 2459 2177 ι
2500 2123 2731 2180 fortasse
2754 2124 2984 2179 innuens
3004 2123 3111 2177 vim
3157 2130 3330 2176 acutae
3364 2119 3673 2189 intelligen-

2107 2218 2196 2272 tiae
2227 2232 2387 2287 quam
2423 2216 2624 2271 habent
2655 2214 2983 2285 spirituales,
3013 2221 3298 2283 propterea
3323 2212 3464 2280 quod
3502 2210 3667 2264 etiam

2105 2323 2268 2377 super
2298 2307 2581 2361 Dominum
2609 2316 2770 2375 atque
2794 2319 2958 2375 super
2991 2302 3232 2372 singulos
3255 2296 3429 2371 ipsum
3461 2300 3672 2355 haben-

2106 2410 2207 2467 tes,
2233 2399 2466 2468 Spiritus
2484 2405 2702 2453 sanctus
2727 2396 2869 2451 sicut
2893 2393 3139 2450 columba
3163 2391 3411 2448 advenit:
3431 2399 3670 2445 attamen

2105 2490 2185 2546 sic
2214 2491 2379 2546 etiam
2412 2488 2591 2544 aﬂ'ecti
2631 2502 2736 2541 non
2775 2485 3109 2540 tardabimus
3139 2491 3544 2538 contractantes
3589 2479 3675 2535 di-

2106 2591 2227 2638 ctos
2256 2582 2384 2635 vita:
2433 2592 2747 2645 sermones,
2777 2576 3075 2648 periculum
3124 2573 3303 2629 facere
3337 2570 3670 2642 percipiendi

2103 2673 2213 2727 vim
2247 2671 2485 2742 ipsorum
2525 2668 2854 2723 dillluentetn
2886 2666 2937 2720 in
2977 2678 3099 2719 eum
3128 2664 3219 2732 qui
3260 2677 3381 2718 cum
3421 2660 3525 2715 ﬁde
3556 2659 3676 2715 teti-

2104 2763 2263 2833 gerit.
2297 2762 2393 2817 Est
2436 2761 2600 2830 igitur
2624 2758 2784 2814 Jesus
2819 2757 2910 2811 Dei
2941 2769 3141 2817 sermo,
3166 2755 3256 2823 qui
3283 2752 3584 2821 ingreditur
3613 2750 3671 2806 in

2104 2855 2341 2908 animam
2380 2868 2502 2922 quze
2527 2860 2753 2907 vocatur
2795 2847 3165 2918 Hierosolyma
3212 2867 3224 2901 :
3258 2855 3445 2898 vectus
3492 2842 3671 2907 asina,

2105 2961 2266 3016 quam
2297 2944 2542 3014 discipuli
2567 2959 2598 2998 a
2616 2939 2844 2999 vinculis
2871 2942 3407 3004 solverunt;vectus,
3428 2936 3672 3004 inquam,

2106 3038 2279 3104 asina,
2313 3038 2418 3091 hoc
2453 3045 2541 3091 est
2568 3035 2766 3091 litteris
2799 3033 3006 3089 Veteris
3034 3028 3382 3085 lnstrumenti
3411 3024 3674 3096 simplici-

438 3121 670 3192 ραπείαν
706 3122 804 3191 τῆς
833 3121 1010 3192 ψυχῆς
1051 3122 1340 3191 ἀνάγοντος
1379 3122 1448 3176 τὰ
1488 3124 1869 3195 γεγραμμένα,
1913 3126 2004 3180 καὶ

2110 3128 2378 3195 bus,quas
2398 3124 2774 3194 explanarunt,
2804 3122 2921 3177 illas
2942 3121 3217 3176 solventes
3247 3115 3496 3187 discipuli
3528 3117 3666 3177 duo;

438 3215 525 3266 ἐπ’
554 3213 725 3284 αὐτὴν
751 3212 891 3266 αύτά
922 3212 1345 3285 ἀλληγοροῦντος
1363 3229 1377 3244 ο
1405 3213 1500 3267 καὶ
1525 3213 1620 3267 τοῦ
1649 3215 1718 3269 τὰ
1749 3214 2008 3285 μέλλοντα

437 3301 618 3370 ἀγαθά
646 3302 738 3357 καί
764 3302 991 3374 ἀληθινά
1007 3304 1095 3357 διὰ
1118 3304 1225 3357 τῶν
1250 3306 1306 3357 ὲν
1331 3306 1396 3376 τῇ
1426 3307 1554 3374 σκιᾷ
1573 3305 1839 3376 κειμένων
1869 3323 2009 3378 παρ·-

440 3396 704 3460 ιστάντος.
748 3399 978 3467 Ὀχεῖται
1025 3397 1082 3450 δὲ
1133 3398 1226 3450 καὶ
1262 3396 1340 3468 τῷ
1375 3398 1480 3469 νέῳ
1521 3397 1704 3469 πώλῳ,
1734 3400 1800 3470 τῇ
1845 3401 2005 3470 καινῇ

438 3488 711 3558 Διαθήκῃο
761 3491 818 3541 ὲν
848 3488 1183 3558 ἀμφοτέραις
1228 3488 1338 3559 γάρ
1392 3488 1537 3542 ἔστιν
1571 3490 1751 3561 εὑρεῖν
1787 3490 1877 3542 τὸν
1905 3507 2006 3542 κα-

437 3580 691 3651 θαίροντα
723 3582 871 3650 ἡμᾶς
900 3580 998 3649 τῆς
1022 3580 1278 3650 ἀληθείας
1304 3579 1479 3648 λόγον,
1512 3581 1607 3635 καὶ
1636 3581 2007 3634 ἀπελαύνοντα

434 3674 562 3735 τοὺς
586 3671 895 3734 πωλοῦντας
935 3674 1030 3725 καὶ
1056 3673 1423 3744 ἀγοράζοντας
1457 3674 1514 3725 ἐν
1533 3674 1662 3744 ἡμῖν
1688 3673 1893 3738 πάντας
1920 3673 2007 3726 λο-

436 3763 689 3834 γισμούς.
735 3764 910 3828 Μόνος
956 3763 1013 3818 δὲ
1043 3766 1123 3826 εἰς
1157 3764 1258 3835 τὴν
1301 3764 1648 3836 Ἱεροσόλυμα
1684 3763 1861 3835 ψυχὴν
1904 3765 2006 3818 οὐκ

437 3853 676 3923 ἔρχεται,
702 3853 813 3907 ἀλλ’
848 3854 967 3907 οὐδὲ
998 3853 1133 3925 μετά
1165 3853 1358 3922 ὀλίγων
1386 3854 1564 3908 τινῶν·
1597 3852 1766 3907 πολλὰ
1802 3853 1908 3926 γὰρ
1939 3854 2006 3907 τά

437 3945 748 4016 προάγοντα
791 3946 881 3998 τὸν
922 3945 1231 3999 τελειοῦντα
1274 3947 1420 4016 ἡμᾶς
1450 3944 1605 4015 λόγον
1646 3944 1781 3999 Θεοῦ
1828 3946 1910 3999 δεῖ
1947 3947 2006 4000 ὲν

440 4038 571 4107 ἡμῖν
602 4037 871 4107 γενέσθαι,
923 4039 1014 4092 καὶ
1053 4039 1216 4111 ἕτερα
1247 4039 1473 4092 πλεῖστα
1513 4038 1612 4091 ὅσα
1652 4037 1722 4092 τὰ
1767 4039 2006 4110 ἑπόμενα

437 4129 612 4201 αὐτῷ·
653 4130 830 4184 πάντα
878 4130 1128 4202 μέντοιγε
1179 4131 1341 4184 αὐτὸν
1393 4130 1662 4203 ὑμνοῦντα
1706 4130 1800 4183 καὶ
1846 4129 2004 4194 δοξά-

438 4219 616 4285 ζοντα,
649 4221 744 4274 καὶ
773 4220 862 4273 τὸν
894 4220 1025 4273 ῑδιον
1047 4220 1249 4291 κόσμον
1274 4220 1369 4274 καὶ
1396 4220 1685 4292 περιϐολὴν
1708 4219 1855 4291 αύτῷ
1881 4220 2006 4272 ὑπο-

436 4311 675 4375 τιθέντα,
729 4311 815 4364 ῖνα
862 4311 1026 4364 αὐτοῦ
1072 4311 1140 4365 τά
1187 4312 1439 4382 ὀχήματα
1486 4311 1559 4382 μὴ
1613 4311 1853 4381 ἅπτηται
1901 4309 2004 4380 γῆς

440 4403 629 4473 ἔχοντα
656 4403 747 4457 τὸν
773 4404 1063 4475 οὐρανόθεν
1090 4402 1202 4471 (74)
1235 4401 1649 4472 καταῆεὸηκότα
1688 4403 2003 4456 ἐπαναπαυ-

441 4496 631 4565 όμενον
662 4495 862 4559 αὐτοῖς.
898 4496 1013 4567 ἰνα
1040 4494 1097 4547 δὲ
1140 4494 1221 4548 έτι
1259 4493 1457 4565 μᾶλλον
1490 4493 1745 4566 ἀνωτέρω
1774 4492 1872 4563 τῆς
1899 4492 2004 4562 γῆς

439 4586 777 4656 τυγχάνωσιν
803 4587 853 4638 οἱ
881 4584 1132 4655 ὀχοῦντες
1162 4584 1323 4637 αὐτὸν
1352 4582 1569 4636 παλαιοὶ
1593 4583 1685 4635 καὶ
1715 4581 1890 4635 καινοί
1916 4580 2003 4633 λό-

440 4692 523 4744 γοι
560 4673 666 4727 τῶν
691 4675 921 4747 Γραφῶν
940 4714 955 4737 ,
986 4673 1346 4727 ὲκκόπτεσθαι
1395 4673 1620 4736 κλάδους
1657 4670 1738 4724 δεῖ
1762 4671 1871 4725 ἀπὸ
1896 4671 2002 4725 τῶν

437 4765 685 4839 δένδρων,
720 4767 807 4819 ἵνα
844 4765 1099 4836 βαίνωσιν
1132 4767 1225 4819 ἐπὶ
1245 4764 1352 4818 τῶν
1382 4764 1617 4833 εὐλόγως
1644 4764 1997 4835 ἐκκειμένων.

437 4855 698 4909 Δύνανται
725 4854 783 4908 δὲ
813 4855 861 4907 οἰ
895 4853 1247 4926 προάγοντες,
1282 4853 1376 4906 καὶ
1406 4850 1821 4914 ἀκολουθοῦντες
1853 4850 2003 4922 αύτῷ

437 4946 579 5016 ὄχλοι
601 4944 791 5017 δηλοῦν
814 4944 1025 5007 καὶτὰς
1043 4941 1339 5012 ἀγγελικάς
1362 4942 1699 5014 ωνεργείας,
1721 4941 1874 5006 τινὰς
1899 4941 1997 5013 μὲν

438 5037 593 5109 εύτρε
602 5036 859 5100 πιζούσας
878 5035 1026 5107 αὐτῷ
1045 5036 1144 5105 τὴν
1167 5034 1284 5088 ὁδὸν
1304 5036 1361 5087 ὲν
1382 5036 1501 5097 ταῖς
1523 5034 1720 5104 ψυχαῖς
1734 5031 1911 5105 ἡμῶν,
1932 5032 1999 5087 δι’

437 5122 510 5180 ὧν
567 5126 728 5179 αὐταὶ
780 5124 892 5197 (75)
945 5125 1313 5196 κεκόσμηνται
1332 5139 1346 5154 ο
1386 5122 1545 5177 τινῶν
1601 5121 1659 5176 δὲ
1699 5123 2001 5177 ἐπακολου-

438 5215 670 5269 θούντων
694 5216 762 5286 τῇ
790 5213 956 5269 αὐτοῦ
979 5216 1037 5268 ὲν
1069 5215 1201 5285 ἡμῖν
1236 5213 1528 5286 παρουσίᾳ,
1559 5212 1687 5284 περί
1710 5208 1780 5283 ῆς
1807 5212 2004 5267 πολλά-

439 5324 524 5370 κις
546 5306 828 5377 εἰρηκότες
850 5305 946 5359 νῦν
984 5306 1063 5369 εἰς
1087 5304 1244 5359 τοῦτο
1276 5302 1592 5377 μαρτυριῶν
1619 5303 1679 5357 ού
1705 5303 1997 5376 χρῄζομεν.

504 5398 551 5430 ⁸⁸
581 5398 598 5451 l
624 5396 750 5452 Cur.
782 5412 842 5460 ll,
876 5395 963 5459 16,
1001 5396 1089 5450 l2.
1160 5396 1209 5428 “
1232 5394 1390 5450 Cant.
1417 5410 1454 5457 ι,
1486 5394 1573 5449 15.

508 5487 739 5570 (7ολοῠ
761 5488 963 5570 μόνος
976 5487 1051 5570 δέ
1072 5486 1183 5570 ⁴ιςῆς
1205 5485 1554 5570 προσευχῆς
1583 5490 1616 5542 ὀ
1631 5556 1644 5570 ¹
1661 5486 1835 5570 οἶκος.
1854 5484 2003 5567 πάτ-

439 5555 567 5622 τως.
602 5555 694 5611 Sic
725 5555 895 5610 codex
924 5557 1268 5611 Bodleianus.
1318 5556 1539 5629 Regius,
1580 5556 1738 5628 μόνον
1789 5556 1847 5609 δὲ
1900 5555 2003 5628 τῆς

441 5627 743 5689 προσευχῆς
765 5621 912 5689 οἰκος
937 5627 999 5679 οὐ
1025 5627 1259 5688 πάντως.
1314 5665 1321 5673 .

465 5643 1449 5839 φξῆεῖκειῑιξξικῖξοιῖιεξπῖιῖςδιεέται.
1624 5736 1629 5741 .

531 5766 621 5827 721
654 5764 931 5832 Ἰδεινὼς
950 5767 1076 5836 ἔχει
1095 5780 1300 5821 ταυτα.
1320 5766 1412 5824 Sic
1440 5764 1607 5822 codex

531 5763 621 5827 721
654 5764 931 5832 Ἰδεῖν.ὠς
950 5767 1076 5836 ἔχει
1095 5764 1300 5821 ταῦτα.
1320 5766 1412 5824 Sic
1440 5764 1607 5822 codex
1633 5763 1993 5833 Bodleianus;

2108 3216 2282 3271 altero
2315 3215 2381 3269 ad
2409 3215 2602 3268 anima!
2633 3213 2898 3268 medelam
2932 3212 3222 3266 reducente
3264 3223 3352 3271 ea,
3382 3222 3503 3277 qua;
3536 3205 3674 3260 scri-

2106 3317 2195 3377 pta
2220 3305 2603 3374 sunt,ejusque
2630 3304 2806 3374 gratia
2831 3317 2926 3371 per
2948 3301 3235 3369 allegorias
3262 3298 3349 3353 illa
3374 3305 3668 3361 tractante;

2106 3400 2280 3454 altero
2312 3396 2489 3452 futura
2535 3409 2708 3465 eaque
2755 3409 2880 3448 vera
2932 3393 3070 3447 bona
3101 3405 3197 3460 per
3225 3405 3287 3445 ea
3312 3402 3432 3456 qua:
3462 3387 3515 3441 in
3547 3401 3672 3441 utn-

2105 3490 2199 3543 bra
2232 3489 2403 3559 posita
2438 3496 2615 3548 erant,
2651 3485 2927 3541 edocente.
2958 3482 3064 3537 Sed
3096 3481 3310 3536 vehitur
3339 3480 3500 3533 etiam
3531 3491 3669 3534 novo

2104 3581 2272 3650 pullo,
2308 3581 2409 3635 hoc
2435 3587 2517 3632 est
2546 3577 2692 3631 Novo
2727 3576 3126 3630 Instrumenta;
3161 3573 3212 3626 in
3255 3572 3494 3638 utrisque
3524 3572 3668 3624 enim

2106 3672 2352 3727 invenire
2376 3670 2504 3725 licet
2527 3668 2771 3723 veritatis
2801 3681 3106 3722 sermonem
3148 3678 3244 3718 nos
3267 3662 3667 3732 purilicantem,

2109 3762 2268 3833 190
2313 3761 2776 3830 expellentemque
2808 3756 3168 3828 c0gitationes
3209 3767 3398 3808 omnes
3428 3753 3480 3805 in
3513 3751 3669 3807 nobis

2104 3856 2393 3908 vendentes
2409 3861 2464 3907 et
2485 3858 2745 3905 ementes.
2761 3848 2919 3903 Solus
2939 3856 3118 3902 autem
3134 3845 3200 3900 ad
3219 3843 3666 3914 Hierosolymam.

2104 3946 2475 4011 animam,non
2492 3943 2657 4008 venit;
2676 3943 2770 3997 sed
2788 3955 2960 4010 neque
2976 3954 3097 3994 cum
3110 3937 3299 4008 paucis
3310 3935 3663 4006 quibusdam:

2104 4033 2272 4087 multa
2305 4036 2448 4088 enim
2486 4033 2597 4088 sint
2625 4032 2676 4086 in
2724 4030 2880 4085 nobis
2904 4037 3119 4098 oportet
3144 4027 3501 4096 praecedentia
3546 4039 3666 4081 ser-

2104 4138 2315 4179 monem
2335 4138 2432 4178 nos
2448 4122 2835 4193 perﬁcientem,
2854 4119 3067 4189 aliaque
3081 4117 3469 4188 quamplurima
3491 4116 3666 4186 ipsum

2103 4214 2405 4283 sequentia,
2439 4213 2693 4267 nimirum
2742 4211 2928 4267 omnia
2964 4211 3139 4279 ipsum
3175 4207 3445 4264 laudantia
3476 4206 3669 4275 etglo-

2104 4305 2389 4368 rilicantia,
2428 4305 2809 4373 propriumque
2841 4310 3216 4356 ornamentum
3243 4313 3308 4355 ac
3333 4306 3535 4353 vestem
3564 4297 3666 4367 ipsi

2106 4397 2483 4465 nupponentia,
2518 4410 2629 4465 quo
2660 4394 2902 4450 vehicula
2941 4395 3108 4462 ipsius
3151 4404 3354 4449 terram
3396 4407 3500 4447 non
3548 4402 3669 4446 tan-

2033 4456 2082 4517 Ι)
2106 4498 2256 4556 gant,
2286 4487 2545 4542 habentia
2583 4502 2707 4541 eum
2735 4486 2827 4555 qui
2866 4500 2897 4541 e
2925 4485 3063 4540 caelo
3111 4485 3388 4541 descendit
3416 4484 3467 4537 in
3495 4496 3553 4537 se
3580 4497 3666 4535 re-

2107 4580 2492 4649 quiescentem.
2552 4580 2620 4636 Ut
2659 4589 2838 4634 autem
2876 4579 3047 4648 magis
3099 4580 3209 4634 sint
3252 4592 3413 4647 supra
3467 4585 3667 4629 terram

2109 4672 2281 4742 ipsum
2328 4672 2610 4737 vehentes,
2642 4674 2894 4728 nimirum
2941 4669 3340 4739 Setipturarum
3387 4678 3670 4722 sermones

2108 4764 2231 4817 novi
2283 4775 2334 4819 et
2379 4776 2610 4829 veteres,
2649 4763 3037 4820 exscindantur
3085 4765 3223 4815 rami
3275 4760 3343 4813 de
3380 4757 3670 4812 arboribus

2106 4862 2342 4923 oportet,
2374 4863 2434 4908 ut
2456 4855 2751 4909 ascendant
2784 4868 2946 4923 super
2980 4867 3042 4909 ea
3074 4866 3195 4922 quze
3235 4847 3433 4904 rationi
3472 4861 3668 4904 conve-

2104 4948 2314 5003 nienter
2342 4958 2466 5003 sunt
2507 4949 2772 5018 exposita.
2799 4947 3064 5004 Caeterum
3099 4944 3462 5014 praecedentes
3489 4941 3666 5011 ipsum

2108 5054 2173 5095 ac
2196 5047 2481 5109 sequentes
2514 5039 2685 5095 turba:
2709 5039 2984 5094 declarare
3013 5043 3242 5106 possunt
3276 5032 3545 5102 angelicas
3575 5045 3666 5085 co-

2107 5127 2452 5192 operationes
2489 5141 2503 5177 :
2536 5126 2808 5194 aliquibus
2841 5125 3058 5195 quidem
3112 5120 3543 5192 praeparantibus
3585 5117 3663 5173 illi

2107 5214 2249 5268 viam
2286 5215 2340 5270 in
2367 5216 2651 5271 animabus
2677 5215 2901 5280 nostris,
2925 5214 3122 5285 quibus
3152 5212 3250 5282 ipsi
3280 5212 3659 5271 honesteutur;

2108 5305 2375 5376 aliquibus
2403 5322 2531 5363 vero
2560 5309 2848 5363 adventum
2878 5308 3047 5377 ipsius
3091 5306 3231 5360 intra
3259 5318 3356 5359 nos
3394 5303 3668 5374 sequenti-

2107 5486 2327 5556 Regtus,
2365 5485 2523 5553 male,
2556 5485 2681 5538 ἰδεῖν
2711 5483 2823 5553 ἔχει
2852 5481 2886 5554 ἢ
2920 5481 3032 5552 ἔχει
3057 5481 3244 5532 ταῦτα.

2178 5556 2288 5628 (73)
2318 5557 2496 5612 Codex
2530 5555 2758 5628 ﬁegitts,
2797 5549 3250 5628 σαφηνιζομένης,
3281 5547 3438 5628 male.

2186 5618 2286 5697 74)
2314 5628 2495 5680 Codex
2538 5618 2758 5694 Regius,
2785 5618 3009 5746 οὲρανὸν
3039 5618 3191 5687 ὅθεν,
3222 5620 3381 5673 male.

2171 5632 2286 5768 ἰἹό)
2319 5696 2464 5751 Idem
2510 5698 2701 5761 codex,
2735 5692 2803 5745 αὑ
2868 5708 2918 5757 ν,
2948 5690 3106 5763 male.

2199 5690 2286 5768 75)
2319 5696 2464 5751 Idem
2510 5690 2701 5761 codéx,
2735 5690 2918 5757 αὐτόν,
2948 5690 3106 5763 male.
