4170 6396
501 314 605 370 359

676 292 694 325 ‘
1935 307 2258 365 ORICENIS

3663 318 3763 374 360

500 429 632 485 bus.
658 428 776 496 Qua
817 427 886 482 de
909 440 967 483 re
1000 428 1199 496 sa-pius
1223 442 1346 483 cum
1385 426 1822 491 disseruerimns,
1849 441 1992 481 nunc
2011 428 2078 480 ad

2186 427 2292 481 Καὶ
2319 426 2460 498 τάχα
2484 427 2583 481 οὐκ
2612 426 2821 496 ἀλόγως
2850 421 2958 497 ὄνῳ
2991 425 3186 480 εἴκασα
3219 427 3333 498 (76)
3358 427 3458 492 τὰς
3486 433 3760 503 περιστά-

502 522 609 576 hoc
636 520 862 575 testibus
884 535 988 573 non
1009 534 1249 589 egemus.
1265 521 1345 575 Ac
1362 519 1591 575 fortasse
1607 534 1711 574 non
1738 518 1833 573 abs
1856 531 1913 572 re
1942 519 2080 573 assi-

504 609 688 664 milavi
714 608 880 663 asinae
900 623 1062 664 voces
1084 624 1204 676 qua:
1225 610 1699 664 circumsteterunt
1738 607 2079 671 Sermonem,

504 703 768 756 ducentes
802 700 976 768 ipsum
1025 701 1092 752 ad
1144 700 1380 752 animam
1414 716 1428 752 :
1461 713 1584 752 nam
1631 708 1687 753 et
1720 697 1923 752 animal
1961 711 2081 752 esse

506 792 658 846 asina
689 806 856 847 onera
884 802 1128 860 gestans,
1159 800 1213 844 et
1263 791 1487 844 multum
1532 791 1786 859 ponderis
1833 804 2081 858 onusque

508 895 693 950 grave,
738 880 1048 935 declaratur
1086 895 1153 934 ex
1207 877 1513 947 Scriptura,
1541 878 1840 947 praesertim
1869 877 2081 933 Veteris

510 971 882 1035 lnstrumenti,
903 980 964 1024 ut
989 970 1332 1039 perspicuum
1362 980 1445 1024 est
1470 968 1772 1037 inspicienti
1796 984 1915 1038 quze
1938 967 2080 1038 apud

510 1059 724 1116 Judzeos
764 1062 920 1116 ﬁunt.
948 1062 1053 1116 Sed
1101 1078 1208 1117 non
1243 1062 1323 1115 sic
1369 1061 1561 1131 pullus.
1597 1072 1654 1114 nt
1698 1062 1869 1121 asina.
1908 1068 2083 1127 gestat

510 1165 678 1203 onera
710 1163 724 1201 :
753 1151 1001 1219 quamvis
1031 1151 1176 1204 enim
1215 1164 1379 1219 grave
1407 1154 1477 1204 sit
1505 1166 1667 1205 omne
1714 1165 1851 1204 onus
1881 1150 2079 1205 littera:

511 1257 617 1296 non
640 1242 945 1297 valentibus
976 1242 1050 1305 id,
1090 1242 1232 1309 quod
1262 1243 1483 1310 spiritus
1511 1244 1690 1309 habet,
1716 1258 1930 1297 sursum
1962 1252 2081 1298 ten-

391 1381 398 1390 .
511 1333 668 1398 dens,
707 1349 777 1385 ac
821 1333 1154 1387 levissimum
1199 1346 1415 1399 capere,
1449 1334 1629 1387 minus
1671 1344 1852 1388 tamen
1900 1334 2082 1388 oneris

513 1426 675 1479 habet
722 1424 1149 1479 lnstrumentum
1196 1423 1399 1479 Novum
1433 1442 1594 1495 quam
1631 1424 1814 1480 Vetus.
1852 1424 2083 1480 Proinde

512 1517 774 1586 quosdam
814 1515 959 1582 novi,
997 1514 1087 1585 qui
1133 1518 1341 1572 asinam
1390 1517 1606 1587 quidem
1641 1518 1911 1588 alligatam
1959 1533 2083 1575 esse

513 1609 1003 1676 interpretarentur
1052 1623 1121 1663 ex
1155 1609 1573 1664 circumcisiOne
1615 1611 1919 1675 credentes,
1949 1625 2083 1679 quos

512 1716 543 1756 a
575 1700 756 1755 multis
800 1699 1034 1756 vinculis
1084 1700 1377 1756 solvissent
1410 1701 1462 1756 bi
1498 1701 1589 1772 qni
1624 1702 1837 1757 sincere
1870 1717 1967 1773 per
1993 1702 2082 1758 Fi-

2183 535 2280 580 σας
2312 518 2495 588 φωνάς
2523 518 2615 571 τὸν
2644 519 2842 586 ἄγοντα
2880 517 3043 571 αὐτὸν
3072 516 3182 587 (77)
3210 521 3291 583 είς
3323 519 3423 589 τὴν
3463 518 3655 590 ψυχὴν
3679 520 3763 573 λό-

2179 623 2275 675 γον
2294 623 2308 637 '
2341 607 2642 678 ἀχθοφόρον
2670 607 2778 676 γὰρ
2813 606 2875 659 τὸ
2903 606 3061 672 ζῶον,
3102 606 3236 661 πολὺ
3276 606 3337 660 δὲ
3365 607 3425 661 τὸ
3462 607 3634 678 ἄχθος
3664 608 3758 662 καὶ

2180 699 2397 770 φορτίον
2431 699 2569 769 βαρὺ
2600 698 2848 770 δηλοῦται
2875 699 2982 752 ἀπὸ
3006 699 3106 769 τῆς
3138 698 3357 762 λέξεως,
3395 699 3491 752 καὶ
3521 699 3761 769 μάλιστα

2179 791 2280 860 τῆς
2320 789 2705 863 παλαιοτέρας,
2749 791 2825 855 ὠς
2857 791 3015 861 δῆλον
3059 790 3140 862 τῷ
3186 793 3465 861 ἐφιστάντι
3493 794 3611 855 τοῖς
3654 790 3760 844 ὑπὸ

2191 883 2460 937 Ἰουδαίων
2502 883 2824 954 γινομένοις.
2870 884 2982 953 Ούχ
3016 882 3192 946 οὕτως
3227 882 3284 935 δὲ
3320 884 3350 935 ό
3382 882 3561 945 πῶλος
3591 881 3762 951 ἀχθο-

2180 974 2368 1045 φόρος,
2398 974 2474 1038 ὡς
2502 976 2535 1046 ὴ
2568 975 2717 1038 δνος’
2747 976 2797 1028 εί
2828 974 2933 1045 γὰρ
2959 975 3053 1028 καὶ
3082 974 3221 1046 βαρὺ
3244 977 3351 1027 πᾶν
3375 973 3436 1027 τὸ
3457 973 3553 1027 τοῦ
3576 974 3764 1044 γράμ-

2183 1079 2351 1134 ματος
2378 1065 2595 1135 φορτίον
2625 1065 2761 1129 ἐστὶ,
2791 1064 2853 1118 τὸ
2877 1064 3156 1137 ἀνώφορον
3178 1065 3273 1118 καὶ
3299 1063 3633 1134 κουφότατον
3664 1062 3764 1117 τοῦ

2181 1156 2488 1225 πνεύματος
2528 1158 2724 1228 χωρεῖν
2761 1155 2837 1226 μὴ
2874 1156 3225 1227 δυναμένοις,
3263 1155 3399 1209 ἀλλά
3435 1172 3499 1223 γε
3530 1154 3764 1209 ἔλαττον

2181 1243 2295 1315 ἔχει
2338 1244 2501 1316 βάρος
2542 1245 2605 1298 τὸ
2649 1246 2832 1300 καινὸν
2878 1246 3113 1318 γράμμα
3156 1245 3308 1318 παρά
3337 1245 3398 1298 τὸ
3447 1244 3764 1316 πρεσϐύτι-

2182 1354 2295 1410 ρον.
2344 1336 2472 1391 Οἶδα
2513 1336 2568 1390 δέ
2617 1353 2770 1402 τινας
2822 1338 2921 1409 τήν
2969 1339 3067 1410 μὲν
3114 1337 3399 1410 δεδεμένην
3444 1337 3567 1391 ϐνον
3626 1338 3773 1404 ἐξει-

2181 1429 2421 1501 ληφότας
2472 1430 2598 1493 τοὺς
2641 1431 2706 1484 ἐκ
2760 1431 3066 1502 περιτομῆς
3112 1430 3465 1494 πιστεύοντας
3484 1469 3500 1494 ,
3547 1428 3772 1482 πολλῶν

2180 1521 2394 1592 δεσμῶν
2447 1520 2552 1574 ὑπὸ
2595 1520 2706 1574 τῶν
2757 1520 2994 1592 γνησίως
3045 1520 3125 1592 τῷ
3174 1521 3317 1592 λόγῳ
3371 1519 3772 1590 πνευματικῶς

2186 1611 2683 1683 μεμαθητευμένων
2725 1610 3160 1681 ἀπολυομένους,
3197 1610 3287 1664 τὸν
3317 1610 3375 1665 δὲ
3420 1610 3603 1665 πῶλον
3638 1610 3773 1672 τοὺς

2184 1701 2292 1755 ἀπὸ
2341 1701 2451 1753 τῶν
2501 1700 2703 1765 ἐθνῶν,
2758 1694 2980 1764 ἀνέτους
3031 1701 3159 1772 πρὶν
3209 1700 3625 1772 παραδέξωνται
3674 1698 3772 1753 τὸν

513 1791 643 1846 lium
699 1792 790 1847 Dei
840 1792 1197 1860 spiritualiter
1228 1794 1406 1849 edocti
1435 1771 1626 1859 luere;
1671 1771 1883 1863 pullum
1930 1810 2078 1861 vero,

2197 1791 2371 1865 Ἰησοῦ
2409 1792 2584 1862 λόγον,
2638 1791 2731 1846 καὶ
2774 1791 2877 1855 ἐξω
2926 1771 3126 1856 παντὸς
3178 1771 3521 1863 ἐπικειμένου
3568 1791 3768 1860 ζυγοῦ,

512 1882 761 1952 gentiles,
789 1882 879 1948 qui
908 1891 1200 1951 antequam
1226 1881 1353 1939 Iesu
1379 1897 1684 1938 sermonem
1714 1883 2077 1954 susciperent,

510 1985 664 2030 extra
713 1989 872 2029 omne
920 1975 1235 2044 impositum
1272 1976 1463 2047 jugnm
1522 1976 1886 2039 exsistentes,
1937 1976 2080 2031 nullo

511 2064 903 2119 coercebantur
948 2062 1125 2130 freno,
1158 2066 1252 2119 sed
1298 2063 1460 2120 soluti
1498 2073 1658 2118 erant
1694 2078 1758 2119 ac
1790 2062 2081 2134 voluptatis

511 2165 777 2210 amantes.
797 2155 1053 2223 Quamvis
1073 2161 1252 2209 autem
1275 2154 1326 2209 hi
1352 2169 1458 2210 non
1481 2153 1834 2210 disseruerint
1854 2152 1919 2207 de
1942 2167 2081 2221 pra:-

511 2245 826 2301 cedentibus
865 2255 919 2298 et
945 2245 1298 2315 sequentibus
1332 2244 1532 2310 turbis,
1576 2260 1684 2300 non
1722 2243 2079 2311 improbabile

513 2345 693 2392 tamen
753 2336 913 2392 fuerit
955 2336 1139 2392 dicere
1176 2337 1542 2402 praecedentes
1595 2351 1718 2392 esse
1776 2334 1997 2407 Moysen
2026 2343 2081 2389 et

510 2429 805 2500 prophetas
833 2443 848 2493 ;
879 2436 1167 2498 sequentes
1218 2442 1369 2494 vero,
1399 2439 1622 2483 sanctos
1671 2426 1982 2496 apostolos:
2014 2425 2080 2480 de

511 2521 707 2591 quibus
735 2520 1009 2584 omnibus,
1038 2533 1203 2588 quam
1231 2520 1599 2591 ingrediantur
1621 2518 2076 2589 Hierosolymam,

511 2618 568 2665 et
601 2610 656 2664 in
688 2625 849 2680 quam
882 2609 1098 2665 domum
1151 2609 1434 2664 habentem
1466 2610 1661 2665 multos
1706 2608 1997 2663 vendentes
2024 2615 2081 2662 et

512 2711 761 2758 ementes
790 2704 1042 2774 expulsos
1072 2719 1101 2759 a
1123 2702 1261 2758 Filio
1284 2702 1400 2767 Dei,
1419 2711 1680 2771 quantum
1707 2701 1774 2755 ad
1800 2702 1943 2755 hunc
1958 2714 2078 2755 ser-

515 2808 728 2849 monem
758 2803 989 2862 spectat,
1008 2794 1361 2865 qnmrendum
1380 2803 1484 2848 est.
1504 2792 1569 2847 Et
1600 2793 1830 2848 fortasse
1844 2805 2075 2860 superna

512 2884 813 2942 Jerusalem
834 2887 987 2957 191
1011 2888 1074 2941 ad
1097 2903 1261 2957 quam
1287 2887 1545 2943 ascendet
1571 2886 1853 2949 Dominus,
1882 2883 2080 2954 auriga

515 2980 687 3035 instar
710 2981 910 3036 ducens
944 2993 1037 3033 eos
1058 2978 1150 3047 qui
1180 2993 1244 3034 ex
1274 2977 1688 3033 circmncisione
1718 2986 1772 3030 et
1805 2991 1870 3030 ex
1902 2975 2079 3045 genti-

513 3070 614 3127 bus
641 3072 904 3138 crednnt;
938 3070 1369 3137 praecedentibus
1395 3084 1518 3123 eum
1550 3077 1603 3121 et
1619 3067 1966 3136 sequentibus
1995 3065 2076 3119 vel

513 3163 790 3231 prepbetis
819 3171 873 3217 et
920 3160 1209 3231 apostolis,
1244 3159 1326 3213 vel
1365 3158 1805 3213 ministrantibus
1835 3156 1937 3225 ipsi
1985 3171 2076 3209 an-

513 3252 650 3323 gelis
686 3252 940 3320 (possunt
982 3254 1181 3320 quippe
1236 3249 1309 3304 ita
1360 3249 1556 3318 exponi
1585 3264 1651 3302 ex
1684 3247 1751 3300 iis
1779 3248 1869 3315 qni
1904 3246 2081 3314 ipsum

512 3344 824 3414 praecedunt
866 3353 924 3398 et
965 3341 1327 3412 sequuntur);
1358 3353 1615 3409 superna,
1657 3339 1898 3406 inquam,
1925 3333 2084 3389 Jeru-

512 3437 682 3492 salem
719 3449 860 3491 nunc
892 3437 1000 3492 dici
1031 3446 1206 3507 potest
1231 3448 1349 3504 qua
1399 3441 1526 3486 ante
1577 3432 1750 3501 ipsius
1784 3442 2073 3484 ascensum

514 3545 579 3585 ea
611 3529 928 3584 continebat
959 3543 1083 3598 qua:
1129 3527 1387 3580 dicuntur
1436 3542 1455 3575 ι
1497 3521 1799 3592 spiritualia
1834 3519 2085 3587 nequitia:

514 3623 570 3678 in
618 3620 934 3676 coelestibus
991 3618 1063 3684 ’⁷,
1123 3635 1143 3670 ι
1178 3616 1434 3670 nimirum
1485 3614 1567 3666 vel
1621 3614 1979 3673 Chananaeos,
2029 3618 2085 3663 et

513 3713 809 3777 Chettaeos,
842 3718 900 3763 et
928 3708 1301 3771 Amorrhmos,
1333 3714 1389 3758 et
1437 3705 1622 3758 hostes
1650 3700 1858 3772 p0puli,
1883 3711 1938 3756 ct
1968 3716 2086 3753 om-

518 3803 652 3857 nino
677 3800 885 3855 alienos
911 3840 928 3865 ,
957 3813 1083 3853 cum
1116 3798 1226 3852 illic
1252 3798 1417 3853 etiam
1467 3795 1648 3861 aliquo
1680 3793 1840 3848 modo
1871 3789 2084 3857 impleri

519 3906 702 3966 posset
754 3892 1035 3963 prophetia
1074 3892 1259 3946 dicens
1290 3906 1305 3943 :
1343 3907 1363 3940 ι
1398 3888 1568 3942 Terra
1606 3896 1781 3942 vestra
1831 3886 2041 3940 deserta
2068 3921 2086 3945 ,

516 3988 771 4044 civitates
830 3993 1025 4037 νεειτιιι
1091 3982 1200 4049 igni
1272 3994 1544 4035 sueceusze
1599 3995 1614 4032 :
1673 3978 1845 4047 ipsam
1898 3973 2088 4044 regio-

518 4094 643 4136 nem
686 4087 919 4143 vestrant
985 4088 1166 4128 coram
1220 4073 1369 4127 vobis
1423 4070 1585 4125 alieni
1627 4071 1894 4124 devorant
1940 4066 2008 4120 ⁸⁸.
2060 4083 2080 4117 ι

518 4172 585 4227 lli
626 4170 771 4225 enim
824 4177 951 4222 sunt
1004 4165 1097 4236 qui
1139 4163 1414 4219 caelestem
1468 4161 1648 4217 Patris
1699 4161 1942 4225 domum,
1998 4155 2088 4212 Jeo

526 4262 766 4318 rusalem
836 4267 1082 4314 sanctam
1129 4297 1145 4323 ,
1202 4257 1419 4311 domum
1488 4253 1820 4323 precationis
1895 4250 2089 4320 inqui-

520 4363 710 4408 nantes
749 4390 766 4415 ,
816 4350 1131 4421 speluncam
1207 4349 1370 4402 etiam
1444 4345 1692 4401 fecerunt
1755 4345 2084 4409 latronum,

2185 1882 2326 1938 κατά
2361 1883 2424 1937 τὸ
2457 1882 2847 1953 άφηνιαστικὸν
2881 1884 2973 1936 καὶ
3019 1882 3295 1953 φιλήδονον
3333 1882 3767 1954 γεγενημένους.

2186 1974 2249 2028 Εί
2289 1975 2383 2028 καὶ
2418 1973 2493 2045 μὴ
2535 1974 2787 2045 εἰρήκασι
2823 1973 2878 2027 δέ
2915 1966 3059 2027 οῦτοι
3102 1975 3228 2038 τοὺς
3273 1973 3622 2044 προάγοντας
3648 1972 3768 2043 (78)

2185 2066 2280 2120 καὶ
2346 2062 2771 2127 ἀκολουθοῦντας
2839 2063 3058 2133 ὄχλους,
3117 2064 3218 2117 οὐκ
3277 2062 3540 2117 ἀπίθανόν
3610 2064 3768 2116 ἐστιν

2185 2158 2490 2229 ἐφαρμόσαι
2542 2158 2668 2219 τοὺς
2721 2157 2819 2228 μὲν
2852 2156 3190 2228 προάγοντας
3227 2155 3451 2208 Μωῡσεῐ
3494 2154 3597 2207 καὶ
3646 2156 3767 2215 τοῖς

2186 2249 2525 2320 προφήταις.
2581 2247 2706 2311 τοὺς
2756 2246 2812 2300 δέ
2859 2244 3355 2308 ἐπακολουθοῦντας
3416 2247 3530 2308 τοῖς
3593 2244 3767 2315 ίεροῑς

2185 2340 2499 2403 ἀποστόλοις
2522 2356 2536 2369 ·
2571 2339 2766 2402 οἵτινες
2810 2338 3045 2401 άπαντες
3100 2338 3434 2408 εἰσέρχονται
3476 2338 3558 2400 είς
3602 2335 3767 2388 ποίαν

2198 2429 2561 2502 Ἰεροσόλυμα,
2622 2431 2744 2484 ὅσον
2794 2429 2935 2484 κατά
2992 2427 3178 2483 τοῦτον
3233 2429 3324 2482 τὸν
3381 2428 3536 2496 λόγον
3592 2425 3767 2498 ζητη-

2185 2522 2325 2589 τέον,
2383 2524 2478 2577 καὶ
2532 2518 2679 2576 οἶκον
2730 2523 2821 2576 τὸν
2873 2521 2983 2594 (79)
3042 2521 3233 2593 ἔχοντα
3290 2519 3609 2583 πωλοῦντας
3665 2518 3767 2572 καὶ

2185 2612 2554 2687 ἀγοράζοντας
2618 2613 2846 2678 πολλοὺς
2932 2612 3384 2683 ἐξελαυνομένους
3470 2610 3580 2664 ὑπὸ
3665 2607 3763 2662 τοῦ

2187 2705 2318 2760 Υίοῦ
2372 2703 2466 2758 τοῦ
2526 2703 2684 2758 Θεοῦ.
2742 2704 2854 2758 Καὶ
2905 2704 3046 2776 τάχα
3117 2706 3152 2775 ἡ
3202 2704 3314 2759 ἄνω
3377 2701 3762 2772 Ἰερουσαλὴμ,

2186 2800 2266 2861 είς
2317 2796 2384 2869 ἣν
2433 2795 2819 2850 ἀναϐιϐάσεται
2871 2798 2901 2850 ὁ
2954 2796 3176 2867 Κύριος,
3234 2792 3460 2864 ἡνιοχῶν
3515 2794 3643 2856 τοὺς
3699 2793 3765 2843 ὲκ

2187 2882 2503 2953 περιτομῆς,
2522 2885 2616 2937 καὶ
2634 2882 2803 2938 ἐθνῶν
2825 2882 3194 2946 πιστεύοντας,
3208 2882 3558 2953 προαγόντων
3575 2880 3763 2943 αὑτὸν,

2187 2974 2279 3025 καὶ
2309 2971 2761 3040 ἀκολουθούντων,
2795 2973 2914 3044 ήτοι
2942 2971 3255 3043 προφητῶν,
3291 2973 3384 3026 καὶ
3421 2971 3762 3033 ἀποστόλων,

2186 3060 2219 3132 ἢ
2269 3062 2377 3113 τῶν
2426 3061 2814 3117 διακονούντων
2857 3063 3006 3137 αύτῷ
3062 3064 3309 3133 ἀγγέλων
3333 3064 3445 3133 (80)
3481 3063 3767 3132 (δύνανται

2184 3152 2293 3224 γάρ
2319 3154 2411 3207 καὶ
2442 3154 2583 3208 οὕτω
2627 3154 2917 3225 δηλοῦσθαι
2960 3155 3070 3209 ἀπὸ
3117 3156 3226 3209 τῶν
3260 3156 3634 3228 προαγόντων,
3670 3158 3768 3210 καὶ⁹

2183 3243 2614 3301 ἀκολουθούντων
2650 3245 2853 3318 αὐτῷ)’
2902 3246 3116 3315 λέγεται
3159 3247 3254 3300 νῦν
3286 3248 3320 3318 ἢ
3353 3242 3466 3319 εἶχε
3509 3248 3621 3321 πρὸ
3662 3247 3766 3319 τῆς

2184 3337 2371 3391 ἀνόδου
2400 3335 2563 3390 αύτοῦ
2610 3337 2679 3391 τὰ
2713 3337 2979 3408 λεγόμενα
3017 3357 3035 3390 ι
3064 3339 3410 3409 πνευματικὰ
3449 3338 3548 3409 τῆς
3592 3355 3770 3408 πονη-

2189 3428 2307 3498 ρίας
2343 3430 2400 3482 ἐν
2433 3429 2544 3491 τοίς
2591 3429 2951 3499 ἐπουρανίοις,
2980 3448 2998 3483 ι
3021 3430 3058 3500 ἦ
3084 3430 3211 3493 τοὺς
3254 3430 3617 3494 Χαναναίους,
3670 3430 3769 3483 καὶ

2185 3520 2497 3582 Χετταίους,
2528 3521 2621 3574 καὶ
2659 3520 3039 3591 Ἀμορραίους,
3076 3520 3171 3575 καὶ
3205 3523 3330 3585 τοὺς
3355 3521 3575 3586 λοιποὺς
3600 3522 3773 3575 πολε-

2189 3610 2344 3682 μίους
2386 3610 2479 3663 τοῦ
2527 3609 2677 3674 λαοῦ,
2722 3612 2817 3664 καὶ
2860 3609 3195 3677 ἁπαξαπλῶς
3246 3612 3373 3674 τοὺς
3419 3609 3769 3681 ἀλλοτρίους,

2186 3703 2349 3756 κάκεῖ
2386 3718 2501 3765 πως
2535 3701 2837 3771 δυναμένης
2867 3685 2965 3771 τῆς
3000 3701 3336 3771 προφητείας
3368 3699 3770 3771 πεπληρῶσθαι

2185 3793 2480 3865 λεγούσηςο
2520 3811 2538 3844 ι
2573 3793 2636 3846 Ἠ
2671 3792 2742 3862 γῆ
2790 3793 2943 3862 ὑμῶν
2989 3791 3215 3863 ἔρημος,
3266 3791 3322 3844 αί
3372 3790 3556 3853 πόλεις
3605 3791 3772 3863 ὑμῶν

2187 3883 2561 3956 πυρίκαυστοι,
2612 3883 2711 3954 τὴν
2764 3882 2945 3955 χώραν
2976 3881 3128 3953 ὑμῶν
3171 3880 3399 3935 ἐνώπιον
3425 3881 3579 3952 ὑμῶν
3609 3882 3772 3935 ἁλλό-

2186 3992 2327 4045 τριοι
2369 3975 2745 4029 κατεσθίουσιν
2781 3975 2967 4043 αὐτήν.
2998 3992 3016 4025 ›
3058 3965 3216 4025 Οὗτοι
3245 3972 3354 4043 γάρ
3397 3974 3534 4026 εἰσιν
3577 3973 3633 4025 οἱ
3676 3974 3771 4025 τὸν

2186 4066 2436 4137 οὐράνιον
2468 4064 2560 4118 τοῦ
2608 4064 2821 4135 Πατρὸς
2851 4059 3018 4127 οἶκον,
3053 4062 3151 4136 τὴν
3189 4064 3349 4131 ἁγίαν
3388 4061 3769 4134 Ἰερουσαλὴμ,

2187 4158 2278 4211 τὸν
2305 4153 2452 4211 οἷκον
2484 4158 2582 4228 τῆς
2626 4157 2933 4228 προσευχῆς
2982 4156 3317 4227 μολύνοντες,
3358 4155 3452 4208 καὶ
3498 4154 3771 4225 σπήλαιον

2189 4248 2402 4322 λῃστῶν
2449 4250 2791 4319 ποιήσαντες,
2835 4249 2934 4300 οὐκ
2977 4248 3149 4302 ἄλλων
3175 4247 3208 4318 ἢ
3237 4246 3468 4309 ἑαυτῶν,
3501 4248 3774 4318 ἀργύριον

2190 4340 2401 4432 ἔχοντες
2430 4338 2706 4408 ἀδόκιμον,
2742 4330 2835 4391 καὶ
2870 4337 3099 4402 διδόντες
3129 4337 3367 4401 ὀϐολοὺς,
3400 4338 3495 4390 καὶ⁷
3532 4336 3774 4391 κόλλυϐα

522 4461 630 4500 non
663 4443 897 4496 aliorum
925 4456 1084 4510 quam
1112 4440 1195 4495 sui
1244 4439 1501 4509 ipsorum,
1534 4438 1625 4507 qui
1673 4445 1958 4505 argentum
1988 4433 2086 4487 lia-

2190 4428 2303 4494 τοῖς
2332 4429 2669 4501 προσιοῦσιν,
2717 4428 2908 4498 εὐτελῆ
2959 4428 3052 4481 καὶ
3090 4428 3540 4499 εύκαταφρόνητα
3574 4428 3770 4499 νομίσ-

519 4537 651 4590 bent
679 4532 1061 4595 adulteratum,
1093 4530 1285 4585 dantes
1333 4527 1715 4582 accedentibus
1761 4524 1952 4579 obolos
1981 4562 1997 4589 ,
2033 4531 2086 4576 et

521 4626 755 4697 collyba,
787 4624 912 4678 vilia
940 4633 995 4677 et
1027 4618 1451 4689 contemptibilis
1482 4617 1828 4671 nntnisntata.
1869 4613 1931 4669 lli
1961 4618 2088 4666 sunt

522 4717 615 4787 qui
642 4718 768 4771 dum
798 4729 919 4769 cum
965 4713 1253 4767 animabus
1304 4713 1595 4774 luctantur,
1648 4704 1966 4775 pretiosiora
2019 4704 2088 4757 ab

522 4810 630 4864 illis
690 4805 940 4862 auferunt
1004 4800 1495 4874 deprmdanturqne‘
1548 4796 1965 4868 praestantiora,
2027 4801 2089 4847 ut

523 4904 654 4960 dent
682 4916 748 4954 ea
775 4914 896 4970 qua:
929 4896 1134 4952 nullius
1164 4905 1293 4950 sunt
1335 4892 1515 4962 pretii.
1550 4892 1804 4944 Attamen
1857 4886 2086 4956 profecti

523 4992 774 5062 discipuli
810 4990 1092 5044 inveniunt
1121 4987 1330 5042 asinam
1367 4985 1641 5054 alligatam
1672 5020 1688 5045 ,
1740 4990 1797 5035 et
1828 4995 1933 5032 non
1983 4979 2084 5033 lia-

524 5086 743 5141 bentem
772 5080 984 5144 Jesum,
1019 5087 1239 5148 propter
1266 5076 1581 5142 impositum
1609 5071 1710 5141 legi
1737 5068 2005 5133 velamen,
2035 5075 2090 5121 et

522 5179 757 5237 solvunt.
787 5172 928 5241 Quin
956 5171 1230 5225 invenitur
1255 5177 1310 5222 et
1337 5166 1515 5236 pullus
1540 5179 1663 5219 cum
1697 5175 1759 5215 ea
1785 5177 1801 5216 ;
1830 5159 2086 5228 quoniam

524 5282 760 5339 utraque
789 5274 915 5321 ante
944 5262 1128 5317 Iesum
1153 5260 1430 5329 perierant
1458 5273 1472 5311 :
1500 5254 1625 5311 dico
1651 5263 1831 5307 autem
1861 5260 1970 5304 tam
1994 5265 2090 5305 eos

594 5386 639 5420 "
676 5384 873 5455 Ephes.
908 5394 985 5442 vi,
1016 5376 1103 5433 12.
1198 5376 1244 5409 ”
1280 5373 1402 5430 lsai.
1433 5388 1472 5436 ι,
1503 5372 1556 5426 7.

617 5473 707 5545 76)
734 5474 915 5545 podex
939 5469 1160 5545 Regius,
1191 5466 1401 5545 sixaas,
1430 5464 1590 5518 male.

617 5477 707 5545 76)
734 5477 915 5528 Codex
939 5477 1160 5539 ltegins,
1191 5477 1304 5520 εῐκα

592 5477 709 5617 ΣΠ)
733 5543 900 5617 lgietn,
929 5540 1120 5617 αὑτάς,
1147 5540 1304 5617 male.

598 5601 709 5686 (78)
734 5601 916 5686 Codex
944 5601 1143 5686 Regius
1160 5650 1177 5674 ,
1208 5608 1334 5670 τοὺς
1363 5603 1700 5686 προάγοντας
1725 5601 2091 5686 Μωσεζηιιιιε.Ῐ

526 5670 713 5753 sicque
739 5681 905 5736 multa
932 5670 1113 5737 omi'sit
1144 5670 1265 5750 quas
1315 5692 1380 5731 ex
1410 5670 1729 5729 'Bodleiano
1768 5673 1957 5727 codice
2006 5670 2095 5722 hic

530 5765 901 5811 I'CSNlUlllllUl'.

2197 4540 2360 4594 ματα.
2402 4516 2559 4576 υἷοτοὶ
2614 4521 2751 4574 εἰσιν
2787 4521 2837 4572 οἱ
2876 4518 3238 4589 λαμϐάνοντες
3275 4518 3381 4572 ἀπὸ
3426 4518 3531 4571 τῶν
3555 4519 3772 4588 ψυχῶν,

2194 4615 2251 4668 ἐν
2281 4613 2355 4684 τῷ
2382 4613 2629 4667 παλαίειν
2658 4611 2866 4674 αὑταῖς,
2900 4609 2968 4663 τὰ
2996 4609 3318 4681 τιμιώτερα,
3350 4609 3442 4662 καὶ
3476 4608 3673 4661 συλῶσι
3701 4609 3775 4662 τὰ

2195 4702 2496 4776 κρείττονα,
2510 4704 2596 4756 ἵνα
2611 4701 2741 4754 δῶσι
2755 4700 2823 4753 τὰ
2841 4700 3067 4772 μηδενὸς
3082 4699 3227 4765 ἀξια.
3246 4700 3390 4771 Πλὴν
3410 4699 3776 4773 πορευθέντες

2193 4796 2243 4847 οἱ
2268 4794 2506 4866 μαθητα¹ί⁵
2535 4793 2846 4863 εὑρίσκουσι
2865 4791 2961 4862 τήν
2983 4792 3271 4863 δεδεμένην
3294 4791 3434 4855 δνον,
3463 4792 3557 4845 καὶ
3579 4790 3775 4845 λύουσι

2194 4885 2283 4940 διὰ
2326 4886 2388 4939 τὸ
2429 4886 2771 4955 ἐπικείμενον
2813 4883 3077 4954 κάλυμμα
3114 4882 3191 4954 τῷ
3229 4883 3378 4953 νόμῳ
3429 4881 3634 4953 Ἰησοῦν
3664 4883 3776 4935 οὐκ

2194 4975 2452 5048 ἔχουσαν*
2484 4976 2577 5029 καὶ¹
2627 4978 2656 5029 ό
2701 4974 2877 5037 πῶλος
2921 4973 2978 5026 δὲ
3020 4972 3139 5043 μετ’
3188 4972 3356 5042 αὐτῆς
3412 4971 3726 5041 εὑρίσκεται
3751 4986 3769 5001 ο

2195 5068 2319 5121 ἐπεὶ
2347 5067 2633 5139 ἀμφότερα
2658 5066 2762 5138 πρὸ
2805 5064 2980 5135 Ἰησοῦ
3014 5064 3125 5136 (81)
3150 5059 3217 5135 ἦν
3254 5061 3595 5117 ἀπολωλότα·
3624 5059 3776 5129 λέγω

2196 5159 2254 5213 δὲ
2282 5162 2333 5212 οί
2370 5161 2436 5212 ἐκ
2468 5157 2789 5231 περιτομῆς.
2828 5157 2920 5210 καὶ
2952 5158 3001 5209 οἱ
3039 5141 3156 5209 ’ἀπὸ
3188 5154 3295 5207 τῶν
3327 5152 3495 5207 ἐθνῶν
3542 5151 3775 5221 ὕστερον

2199 5250 2606 5315 πιστεύσαντες.
2640 5249 2765 5313 Πῶς
2793 5248 2849 5303 δὲ
2877 5243 3019 5302 οὗτοι
3048 5247 3207 5311 εὐθὺς
3231 5245 3389 5301 πάλιν
3416 5242 3779 5299 ἀποστέλλον-

2272 5455 2386 5538 (79)
2414 5452 2525 5508 Kal
2555 5448 2726 5505 οἷκον
2756 5451 2881 5504 τόν.
2928 5448 3049 5505 Ηλιιο
3079 5448 3453 5503 desiderantur
3484 5446 3538 5500 in
3573 5442 3777 5502 codice

2203 5527 2389 5665 “93435
2415 5594 2595 5650 Codex
2630 5592 2852 5662 Regius,
2884 5589 2977 5665 ἀπ’
3001 5587 3268 5665 ἀγγέλων,
3298 5584 3460 5665 male.

2274 5655 2388 5737 (8|)
2418 5665 2563 5719 ldem
2594 5655 2785 5728 code},
2819 5659 2955 5731 πρὸς
3001 5655 3227 5728 Ἰησοῦν,
3256 5656 3415 5709 male.
