4170 6396
349 349 445 406 561

1454 353 1808 409 COMMENT.
1855 350 1920 405 ΙΝ
1961 348 2151 407 JOAN.
2196 354 2434 411 TUMUS
2472 355 2542 410 Χ.

3499 363 3603 415 569.

353 489 440 529 ται
470 472 608 540 μετά
638 472 699 526 τὸ
733 470 1163 529 ἐπικαθεσθέντα
1190 474 1283 530 τὸν
1325 474 1530 546 Ἰησοῦν
1553 477 1634 540 είς
1662 476 1729 529 τά
1770 476 1921 546 Ἰερο-

2036 474 2127 543 qui
2163 493 2229 531 ex
2282 477 2707 533 circumcisione
2756 493 2915 550 quam
2965 494 3057 534 eos
3090 485 3183 550 qui
3234 495 3299 536 ex
3355 482 3605 551 gentibus

354 563 560 635 σόλυμα
602 564 1018 635 ἀναϐεϐηκέναι,
1050 567 1151 621 οὐκ
1181 567 1461 621 ἀκίνδυνον
1501 570 1694 632 εἰπεῖν,
1736 585 1923 639 μυστι-

354 655 451 710 κὸν
480 655 590 726 γάρ
623 655 880 727 ἐχόμενον
908 656 1007 728 τῆς
1040 658 1167 728 περὶ
1199 659 1307 712 τῶν
1342 660 1512 727 ἁγίων
1545 661 1624 723 είς
1662 659 1923 736 ἀγγέλους

357 747 680 818 μεταϐολῆς,
707 747 1251 820 ἀποσταλησομένους
1285 750 1427 804 κατὰ
1449 751 1539 805 τὸν
1570 752 1705 822 μετά
1739 750 1923 805 τοῦτον

353 837 549 899 αἰῶνα.
580 838 978 911 παραπλησίως
1009 841 1122 902 τοῖς
1151 840 1232 904 είς
1260 839 1531 894 διακονίαν
1556 840 1923 915 ἀποσταλησο-

357 929 540 1002 μένοις
558 929 735 983 λειτου
744 933 951 1002 ργικοῖς
975 930 1244 1002 πνεύμασι
1262 931 1349 985 διὰ
1369 933 1495 997 τούς
1516 933 1654 987 κατά
1670 950 1733 1003 γε
1752 934 1923 989 ταῦτα

356 1021 648 1093 μέλλοντας
662 1023 1015 1095 κληρονομεῖν
1038 1022 1183 1094 ζωὴν
1202 1022 1435 1080 αἰώνιον.
1455 1026 1517 1079 Εἰ
1539 1026 1596 1080 δὲ
1622 1028 1654 1097 ἡ
1686 1026 1806 1090 ὄνος
1830 1027 1924 1081 καὶ⁵

351 1116 383 1168 6
414 1113 593 1178 πῶλος
620 1113 692 1168 τά
723 1114 929 1169 παλαιὰ
958 1115 1051 1168 καὶ
1080 1115 1148 1170 τά
1184 1116 1342 1171 καινά
1378 1116 1461 1189 είη
1490 1117 1812 1189 γράμματα,
1842 1112 1923 1182 οἷς

349 1207 383 1260 6
402 1205 575 1275 Λόγος
612 1208 819 1279 ὀχεῖται
847 1207 940 1261 τοῦ
969 1206 1126 1275 Θεοῦ,
1167 1210 1229 1263 οὐ
1273 1210 1411 1264 πάνυ
1440 1228 1490 1264 τι
1516 1210 1745 1281 χαλεπὸν
1772 1209 1922 1265 ἔσται

350 1296 701 1369 παραστῆσαι
737 1297 855 1363 πῶς
884 1299 1303 1355 ἀποστέλλονται
1330 1301 1423 1355 τοῦ
1447 1302 1621 1371 Λόγου
1655 1303 1714 1357 ἐν
1742 1305 1924 1367 αὐτοῖς

351 1389 631 1461 φανέντος,
664 1391 725 1444 οὐ
760 1390 829 1463 [Ῑ.
860 1391 1004 1465 οὐδὲ]
1048 1392 1265 1465 μένουσι
1293 1395 1432 1467 μετά
1465 1396 1526 1450 τὸ
1559 1396 1817 1451 εἰσελθεῖν
1844 1400 1924 1463 είς

362 1482 710 1554 Ἱεροσόλυμα
743 1483 834 1538 τὸν
865 1485 1036 1554 Λόγον
1064 1488 1123 1541 ὲν
1147 1491 1257 1553 τοῖς
1284 1489 1687 1563 ἀποϐεϐληκόσι
1715 1492 1922 1557 πάντας

349 1576 479 1640 τοὺς
511 1575 851 1649 πωλοῦντας,
888 1579 983 1631 καὶ
1029 1580 1396 1650 ἀγοράζοντας
1433 1583 1741 1655 λογισμούς.
1782 1585 1923 1655 Ἐγὼ

346 1666 409 1721 δὲ
427 1661 581 1739 οἶμαι
610 1669 684 1741 μὴ
718 1670 893 1743 μάτην
923 1669 1113 1743 κώμην
1138 1690 1197 1726 τε
1227 1669 1364 1727 εἶναι
1391 1675 1483 1728 τὸν
1511 1676 1674 1730 τόπον
1707 1676 1922 1742 τοῦτον,

347 1761 483 1814 ὅπου
522 1757 589 1831 ἦν
628 1762 662 1833 ἡ
704 1761 961 1834 δεδεμένη
1006 1764 1144 1829 δνος,
1180 1766 1274 1820 καὶ
1307 1767 1335 1819 6
1382 1768 1580 1833 πῶλος,
1624 1769 1720 1824 καὶ
1765 1770 1924 1824 τοῦτο

347 1850 663 1924 ἀνώνυμον·
699 1852 860 1925 κώμη
883 1854 992 1927 γάρ
1016 1855 1091 1919 ώς
1125 1857 1262 1928 πρὸς
1302 1858 1393 1911 τὸν
1422 1860 1481 1912 ἐν
1504 1860 1718 1932 οὐρανῷ
1751 1862 1924 1916 πάντα
1957 1837 1999 1892 Β

349 1943 554 2016 κόσμον
595 1946 628 2018 ή
661 1946 814 2001 πᾶσά
856 1949 972 2002 ἐστι
1011 1948 1108 2020 γῆ,
1153 1951 1286 2004 ὅπου
1336 1952 1503 2017 ἐστὶν,
1539 1955 1570 2024 ὴ
1606 1954 1922 2028 δεδεμένηή

347 2036 470 2100 τινος
511 2037 605 2091 καὶ
646 2039 675 2090 6
727 2036 936 2101 πῶλοςο
978 2039 1071 2091 καὶ
1120 2039 1154 2111 ή
1207 2039 1367 2111 κώμη
1421 2041 1709 2113 αὐτάρκως
1757 2044 1923 2114 χωρὶς

349 2130 666 2203 προσθήκης
688 2133 872 2204 ἑτέρου
895 2132 1156 2203 ὀνόματος
1181 2134 1510 2207 καλουμένη.
1547 2135 1679 2189 Ἀπὸ
1707 2136 1925 2208 Βηθφα-

350 2224 455 2295 γῆς
479 2223 538 2278 δὲ
583 2227 611 2279 ὁ
651 2224 927 2289 Ματθαῖός
958 2242 1119 2297 φησιν
1153 2226 1571 2281 ἀποστέλλεσθαι
1596 2229 1723 2293 τοὺς
1747 2246 1924 2301 παρα-

347 2317 688 2391 ληψομένους
730 2318 831 2390 τὴν
860 2318 983 2373 ὅνον
1016 2320 1111 2373 καὶ
1156 2321 1250 2374 τὸν
1291 2320 1488 2384 πῶλον,
1518 2321 1639 2392 ἥτις
1666 2321 1830 2386 τόπος
1854 2317 1922 2394 ἦν

348 2410 641 2483 ίερατικὸς,
725 2403 899 2476 Οἶκος
933 2411 1236 2478 σιαγόνων
1314 2411 1761 2484 ἑρμηνευόμενος.
1813 2415 1923 2469 Καὶ

347 2495 522 2555 ταῦτα
566 2501 663 2571 μὲν
692 2500 835 2555 κατὰ
877 2503 1104 2574 δύναμιν
1146 2504 1225 2566 είς
1269 2501 1338 2555 τὰ
1377 2502 1527 2574 παρὰ
1551 2501 1629 2574 τῷ
1659 2501 1922 2573 Ματθαίφ

348 2595 586 2660 λεκτέον,
611 2594 707 2648 τοῦ
730 2594 1023 2668 ὁλοκλήρου
1048 2596 1142 2649 καὶ
1168 2593 1318 2666 παρὰ
1340 2593 1511 2648 ταῦτα
1531 2594 1920 2667 ἀκριϐεστέρου

347 2685 507 2756 λόγου
559 2687 972 2759 εὐκαιρότερον,
1024 2687 1153 2740 ὅταν
1203 2687 1283 2750 είς
1334 2686 1395 2740 τὸ
1443 2685 1585 2740 κατὰ
1642 2686 1921 2741 Ματθαῖον

346 2780 480 2849 ήμῖν
509 2778 687 2847 λέγειν
723 2778 871 2850 δοθῇ,
893 2779 1305 2850 λεχθησομένου.
1344 2778 1404 2833 '0
1433 2777 1490 2832 δὲ
1521 2779 1746 2853 Μάρκος
1772 2777 1866 2832 καὶ
1892 2777 1921 2832 6

344 2871 559 2934 Λουκᾶς
586 2870 761 2924 πῶλον
786 2871 1086 2942 δεδεμένον,
1111 2871 1195 2939 ἐφ’
1215 2870 1274 2925 δν
1300 2870 1472 2935 οὐδείς
1504 2887 1592 2924 πω
1621 2868 1920 2942 ἀνθρώπων

346 2958 620 3031 ἐκάθισεν,
666 2959 931 3031 εὑρῆσθαί
975 2977 1105 3031 φησι
1152 2959 1292 3014 κατά
1334 2961 1432 3032 τὴν
1482 2958 1774 3035 πρόσταξιν
1824 2959 1919 3014 τοῦ

343 3051 551 3123 Κυρίου
582 3052 687 3105 ὑπὸ
710 3051 820 3106 τῶν
863 3051 956 3105 δύο
987 3043 1262 3124 μαθητῶν,
1296 3053 1475 3107 ὅντινα
1506 3051 1762 3117 λύσαντες
1786 3053 1921 3124 ἤγα-

2028 577 2211 634 postea
2281 569 2655 626 crediderunt.
2720 569 2919 624 Verum
2982 573 3263 627 enimvero
3331 577 3605 643 quomodo

2031 670 2152 714 mox
2186 676 2373 714 rursus
2408 662 2459 716 hi
2500 665 2810 729 mittuntur,
2838 675 3115 735 postquam
3150 666 3385 723 insidens
3436 664 3609 720 asina!

2033 749 2297 805 Dominus
2343 750 2740 823 Jerosolymam
2791 758 3076 822 ascendit,
3113 758 3217 813 dici
3271 773 3376 813 non
3426 774 3605 834 poteSt

2028 845 2145 900 sine
2203 847 2470 915 periculo,
2522 862 2612 903 res
2649 849 2849 921 alioqui
2888 851 3112 923 mystica
3141 893 3156 918 ,
3209 860 3263 904 et
3307 851 3598 922 conjuncta

2028 938 2317 994 mutationi
2356 948 2669 995 sanctorum
2706 942 2759 995 in
2794 944 3019 1012 angelos
3067 943 3357 997 mittendos
3408 943 3459 996 in
3512 942 3597 997 lu-

2031 1042 2153 1088 turo
2180 1032 2396 1097 saeculo,
2431 1033 2659 1104 perinde
2685 1042 2848 1106 atque
2878 1034 2956 1089 illi
3001 1032 3456 1091 administratorii
3488 1036 3602 1106 spi-

2029 1123 2169 1178 ritus
2195 1124 2262 1189 ⁵⁸,
2295 1124 2388 1195 qui
2438 1124 2728 1180 mittuntur
2773 1126 2827 1181 in
2862 1126 3220 1181 ministerium
3269 1141 3456 1182 eorum
3504 1128 3595 1195 qui

2029 1214 2400 1271 hereditatem
2454 1216 2755 1273 sortientur
2780 1219 2905 1273 vitae
2939 1227 3155 1274 aeterna:
3188 1231 3411 1289 propter
3458 1221 3594 1275 haec.

2028 1304 2179 1371 Quod
2231 1306 2274 1359 si
2332 1305 2483 1360 asina
2539 1314 2593 1361 et
2652 1304 2827 1373 pullus
2880 1304 3075 1359 litterae
3108 1316 3323 1360 veteres
3357 1316 3412 1360 et
3441 1319 3597 1359 novae

2028 1405 2153 1453 sunt
2180 1437 2196 1461 ,
2241 1396 2436 1467 quibus
2468 1396 2660 1452 Sermo
2690 1397 2778 1453 ille
2828 1398 2918 1454 Dei
2952 1398 3189 1463 vehitur,
3231 1397 3372 1451 haud
3405 1398 3603 1451 admo-

2029 1489 2155 1545 dum
2187 1488 2407 1546 dililcile
2442 1488 2604 1543 fuerit
2631 1490 2919 1545 ostendere
2943 1530 2957 1555 ,
3009 1501 3293 1560 postquam
3340 1489 3599 1546 insederit

2028 1596 2191 1650 super
2219 1580 2327 1635 illis
2367 1579 2582 1648 Sermo,
2609 1591 2663 1635 et
2690 1590 2975 1651 postquam
3010 1582 3287 1651 ingressus
3310 1581 3475 1638 fuerit
3502 1580 3597 1637 Je-

2028 1673 2380 1744 rosolymam,
2438 1673 2712 1742 quomodo
2762 1671 3110 1728 remittantur
3156 1688 3263 1727 non
3319 1684 3600 1728 manentes

2030 1768 2179 1822 inter
2210 1779 2305 1823 eos
2355 1765 2448 1837 qui
2493 1766 2769 1836 eiecerunt
2816 1780 2846 1820 a
2898 1780 2957 1821 se
3003 1766 3363 1836 cogitationes
3408 1780 3599 1822 omnes

2026 1859 2323 1913 vendentes
2369 1866 2424 1912 et
2455 1865 2720 1914 ementes.
2755 1856 3010 1913 Arbitror
3046 1870 3175 1914 vero
3203 1871 3304 1926 ego
3331 1873 3438 1912 non
3477 1856 3594 1912 fru-

2025 1960 2136 2005 stra
2175 1951 2338 2006 etiam
2371 1950 2574 2018 vicum,
2602 1963 2832 2021 eumque
2858 1951 2977 2005 sine
3006 1951 3241 2013 nomine,
3274 1966 3392 2005 esse
3413 1949 3594 2006 locum

2025 2043 2194 2109 hunc,
2226 2043 2315 2098 ubi
2342 2043 2554 2113 alligata
2588 2044 2739 2098 asina
2781 2053 2900 2098 erat
2929 2051 2984 2097 et
3013 2042 3210 2112 pullus.
3249 2039 3414 2097 Vicus
3447 2042 3592 2097 enim

2025 2136 2434 2205 comparatione
2490 2136 2657 2191 totius
2687 2146 2937 2197 ornatus.
2968 2135 3059 2205 qui
3090 2142 3173 2189 est
3199 2134 3251 2189 in
3283 2134 3442 2197 coelo,
3475 2135 3596 2189 uni-

2023 2242 2181 2282 versa
2212 2239 2297 2283 eSt
2328 2236 2495 2293 terra,
2529 2227 2621 2281 ubi
2647 2237 2727 2283 est
2769 2226 2988 2298 alligata
3019 2226 3171 2282 asina
3199 2236 3254 2282 et
3285 2225 3460 2297 pullus
3494 2241 3509 2279 :
3542 2234 3598 2279 et

2024 2323 2178 2378 vicus
2211 2331 2505 2377 contentus
2536 2322 2720 2377 vocari
2771 2321 2975 2390 absque
3023 2321 3322 2387 adiectione
3368 2319 3595 2376 alterius

2025 2413 2284 2469 nominis.
2317 2412 2359 2468 Α
2391 2406 2705 2484 Betbphage
2727 2428 2857 2468 vero
2887 2412 3170 2468 Mattheus
3192 2413 3368 2481 inquit
3393 2410 3437 2443 ἠ
3464 2409 3599 2466 mis-

2023 2519 2111 2559 sos
2142 2502 2298 2575 192
2332 2502 2518 2569 luisse,
2549 2503 2639 2573 qui
2670 2511 3011 2558 assumereut
3040 2501 3248 2555 asinam
3280 2510 3335 2555 et
3367 2496 3593 2570 pullum.

2028 2596 2174 2652 Sane
2203 2597 2319 2652 haec
2349 2594 2661 2667 Bethphage
2713 2584 2863 2650 locus
2910 2604 2997 2651 est
3024 2592 3398 2660 sacerdotalis,
3429 2606 3591 2664 quem

2022 2686 2069 2743 si
2139 2687 2517 2759 interpreteris
2545 2727 2562 2753 ,
2613 2700 2813 2743 vocare
2855 2689 3033 2757 possis
3082 2686 3295 2739 domum
3342 2685 3595 2739 maxilla-

2022 2789 2161 2832 rum.
2197 2776 2265 2833 Et
2295 2776 2407 2833 haec
2429 2777 2647 2847 quidem
2678 2775 2989 2841 habuimus,
3037 2787 3160 2845 qum
3203 2773 3597 2828 dissereremns

2024 2888 2121 2942 pro
2150 2869 2295 2928 virili
2327 2871 2395 2925 de
2427 2870 2513 2925 his
2556 2884 2678 2940 quae
2707 2878 2833 2924 sunt
2883 2867 3026 2938 apud
3074 2863 3386 2921 Mattb‘aeutn
3417 2881 3435 2931 ;
3473 2865 3593 2933 ple-

2021 2965 2229 3021 niorem
2280 2970 2445 3033 atque
2502 2961 2895 3016 accuratiorem
2952 2971 3263 3016 sermonem
3325 2954 3591 3019 habituri,

2023 3059 2166 3113 nacti
2186 3055 2610 3112 commodiorem
2628 3053 2974 3108 occasionem
2996 3048 3389 3121 interpretandi
3416 3048 3592 3104 Erun-

340 3161 441 3233 γον
476 3144 615 3216 πρὸς
644 3144 736 3198 τὸν
784 3143 1008 3216 Κύριον.
1061 3143 1393 3216 Προστίθησι
1421 3144 1477 3198 δὲ
1504 3144 1534 3198 6
1560 3145 1804 3217 Μάρκος,
1834 3146 1917 3200 ὅτι

2022 3149 2217 3221 gelium
2241 3163 2272 3202 a
2304 3145 2556 3202 Mattba‘o
2590 3145 2868 3211 traditum.
2899 3144 2973 3198 At
3001 3143 3216 3198 Marcus
3245 3152 3299 3197 et
3329 3141 3511 3197 Lucas
3542 3139 3591 3173 "

344 3228 503 3309 εὗρον
541 3237 635 3290 τὸν
673 3237 851 3290 πῶλον
878 3236 1159 3308 δεδεμένον
1187 3236 1324 3310 πρὸς
1353 3236 1520 3308 θύραν
1548 3236 1653 3304 ἔξω
1701 3240 1794 3293 ἐπὶ
1824 3238 1918 3317 τοῦ

2022 3240 2225 3312 pullum
2253 3236 2529 3309 alligatum
2553 3277 2571 3305 ,
2601 3249 2764 3305 super
2806 3248 2967 3305 quem
3006 3233 3185 3290 nullus
3213 3245 3449 3303 unquam
3485 3233 3586 3286 ho-

344 3329 609 3399 ἀμφόδου.
654 3329 750 3390 Τίς
799 3329 856 3382 δὲ
905 3328 1041 3395 Ego);
1069 3329 1119 3382 οί
1153 3329 1262 3383 ἀπὸ
1305 3328 1414 3382 τῶν
1454 3327 1644 3393 ἐθνῶν,
1684 3330 1734 3385 οἳ
1778 3326 1920 3402 ἦσαν

2019 3334 2226 3388 minum
2277 3329 2551 3395 sedisset,
2614 3336 2890 3398 repertum
2943 3325 3134 3381 dicunt
3172 3324 3324 3394 juxta
3368 3322 3585 3378 Domini

348 3413 490 3480 ξένοι
522 3415 630 3468 τῶν
674 3417 978 3487 Διαθηκῶν,
1011 3418 1104 3471 καὶ
1137 3418 1403 3489 ἀλλότριοι
1459 3418 1556 3490 τῆς
1590 3420 1917 3490 ἐπαγγελίας

2022 3425 2316 3496 iussionem
2343 3438 2374 3478 a
2404 3423 2615 3478 duobus
2657 3417 2937 3487 discipulis
2959 3459 2976 3485 ,
3007 3430 3167 3487 quem
3219 3414 3461 3471 solutum
3513 3414 3582 3466 ad

341 3507 436 3560 τοῦ
461 3506 619 3569 Θεοῦ,
664 3508 756 3560 ἐπὶ
783 3506 878 3562 τοῦ
920 3508 1186 3580 ἀμφόδου,
1217 3511 1312 3565 καὶ
1343 3511 1462 3581 οὐχὶ
1507 3511 1614 3565 ὑπὸ
1654 3512 1851 3583 στέγην
1883 3512 1917 3584 ἢ

340 3598 522 3651 οἰκίαν
544 3598 965 3672 ἀναπαυόμενοι,
986 3601 1254 3673 δεδεμένοι
1280 3602 1400 3664 ταῖς
1427 3601 1581 3666 ἰδίαις
1603 3603 1916 3674 ἁμαρτίαις,

345 3691 441 3745 καὶ
470 3691 718 3771 λυόμενοι
744 3694 849 3747 ὑπὸ
888 3690 986 3765 τῆς
1028 3695 1431 3767 προειρημένης
1472 3696 1665 3765 διπλῆς
1699 3697 1920 3766 ἐπιστή-

336 3800 455 3854 μης
476 3783 586 3839 τῶν
629 3785 802 3849 Ἰησοῦ
829 3786 1140 3858 γνωρίμων.
1172 3787 1237 3841 Οί
1267 3787 1323 3840 δὲ
1354 3787 1544 3857 δεσμοὶ
1575 3787 1669 3840 τοῦ
1698 3787 1918 3858 δεδεμέ-

343 3894 435 3931 νου
467 3870 671 3945 πώλου,
702 3879 795 3933 καὶ⁹
827 3879 884 3934 αί
930 3880 1195 3953 ἁμαρτίαι
1238 3881 1366 3952 περὶ
1404 3881 1514 3951 (82)
1541 3881 1632 3935 τὸν
1664 3880 1792 3951 ὑγιῆ
1825 3898 1917 3950 γε·

343 3969 641 4042 γενημέναι
667 3972 825 4041 λόγον
854 3972 1205 4043 ὲλεγχόμεναι
1236 3973 1326 4026 ὐπ’
1354 3971 1543 4036 αὐτοῦ,
1575 3972 1745 4044 θύρας
1787 3991 1917 4043 τυγ-

342 4062 597 4137 χάνοντος
624 4060 787 4135 ζωῆς,
819 4064 954 4135 πρὸς
978 4062 1194 4137 ἐκείνην
1223 4063 1366 4134 λέγω
1394 4064 1459 4137 δὴ
1489 4064 1588 4136 τῆς
1619 4063 1787 4136 θύρας
1806 4060 1914 4136 (85)

342 4132 495 4224 ἦσκ
512 4155 614 4208 οὐκ
639 4132 806 4218 ἔνδον,
836 4132 950 4209 ἀλλ’
978 4154 1112 4220 ἔξω·
1145 4132 1421 4228 τάχαήγάρ
1447 4132 1596 4209 se...
1628 4132 1725 4227 τῆξ
1747 4132 1919 4229 θύρας

345 4247 543 4317 δεσμὸς
566 4246 818 4316 γενέσθαι
857 4248 958 4319 τῆς
1000 4249 1197 4312 κακίας
1247 4249 1308 4302 οὐ
1343 4247 1584 4303 δύναται.
1622 4249 1915 4320 Ἑστήκασι

346 4337 402 4394 δέ
443 4357 587 4404 τινες
632 4339 782 4412 παρὰ
830 4340 911 4412 τῷ
962 4340 1228 4414 δεδεμένῳ
1276 4340 1460 4413 πώλῳ,
1501 4341 1577 4406 ὡς
1628 4343 1658 4395 6
1690 4341 1916 4415 Μάρκος

346 4434 544 4504 φησιν,
591 4429 765 4505 οἴμαι,
797 4434 878 4489 ὅτι
920 4437 969 4489 οί
1017 4435 1277 4506 δήσαντες
1324 4435 1521 4498 αὐτὸν,
1578 4434 1653 4499 ὡς
1702 4434 1916 4502 Λουκᾶς

2019 3517 2305 3573 Dominum
2341 3512 2613 3568 duxerint.
2650 3510 2814 3566 Addit
2845 3516 3025 3564 autem
3058 3507 3274 3562 Marcus
3313 3513 3589 3575 repertum

2019 3608 2226 3679 pullum
2263 3606 2544 3678 alligatum
2595 3605 2662 3660 ad
2709 3603 2935 3675 jauuam
2993 3600 3128 3655 loris
3164 3600 3217 3655 in
3276 3598 3441 3655 bivio.
3479 3595 3586 3653 Sed

2018 3702 2141 3772 quis
2171 3698 2304 3757 foris
2331 3707 2473 3770 erat,
2511 3698 2613 3753 nisi
2637 3696 2887 3769 gentiles,
2917 3693 3164 3750 extranei
3195 3707 3225 3747 a
3267 3690 3588 3747 Testamen—

2019 3797 2109 3858 tis,
2141 3800 2196 3847 et
2233 3793 2399 3848 alieni
2451 3807 2481 3846 a
2526 3790 2893 3862 promissione
2927 3782 3020 3843 Dei
3051 3788 3128 3852 '9;
3174 3787 3227 3840 in
3259 3786 3431 3851 bivio,
3478 3801 3586 3839 mm

2016 3886 2116 3945 sub
2151 3898 2293 3943 tecto
2321 3889 2550 3942 domore
2582 3884 3001 3955 acquiescentes
3026 3922 3043 3946 ,
3083 3879 3320 3951 propriis
3349 3881 3587 3946 peccatis

2014 3978 2200 4041 vincti,
2234 3989 2288 4033 et
2319 3976 2479 4032 soluti
2508 3990 2538 4029 a
2566 3974 2826 4046 praedicta
2860 3968 3063 4041 duplici
3088 3971 3316 4027 scientia
3345 3969 3585 4023 familiar:

2017 4069 2157 4124 rium
2207 4065 2383 4149 gesti?
2435 4064 2662 4122 Vincula
2695 4078 2828 4121 vero
2876 4062 3113 4135 alligata:
3157 4061 3347 4143 asing,
3376 4070 3434 4117 et
3466 4074 3588 4132 pee-

2016 4168 2135 4216 cata
2173 4158 2313 4214 facta
2370 4157 2516 4214 circa
2571 4172 2758 4213 sanam
2814 4157 3117 4212 doctrinam
3166 4155 3457 4225 redarguta
3516 4156 3588 4209 ah

2017 4253 2155 4321 ipso,
2190 4252 2282 4321 qui
2316 4261 2437 4305 erat
2479 4248 2649 4318 janua
2680 4247 2805 4303 vitae
2836 4246 2906 4310 “.
2940 4255 3186 4317 respectu
3238 4244 3382 4300 illius
3405 4244 3589 4314 ianuae

2018 4336 2163 4411 vitae,
2195 4357 2300 4398 non
2343 4350 2502 4398 erant
2534 4342 2675 4396 intra
2705 4337 2952 4409 Ianuar»,
2992 4337 3086 4393 sed
3119 4336 3270 4392 loris.
3301 4334 3436 4390 Nam
3475 4334 3586 4390 for-

2019 4436 2184 4492 tassis
2213 4435 2351 4489 intra
2382 4432 2604 4503 jauuam
2650 4431 2767 4487 ﬂeri
2810 4430 3003 4500 nequit
3042 4427 3317 4495 vinculum
3362 4427 3615 4511 vitiosi-3

343 4526 674 4599 ἀναγράφει,
717 4524 880 4582 εἶπαν
925 4528 974 4583 oi
1016 4527 1195 4601 κύριοι
1236 4527 1329 4582 τοῦ
1378 4527 1557 4581 πώλου
1601 4528 1737 4601 πρὸς
1786 4532 1912 4597 τοὺς

2022 4528 2168 4582 tatis.
2202 4523 2489 4580 Steterunt
2517 4531 2719 4587 autem,
2768 4530 2828 4576 ut
2873 4516 3088 4576 Marcus
3118 4518 3330 4582 scribit,
3364 4518 3589 4587 quidam

346 4616 614 4690 μαθητάς
664 4619 770 4673 «Τί
813 4618 968 4673 λύετε
1013 4620 1105 4673 τὸν
1156 4619 1406 4686 πῶλονς»
1455 4619 1648 4693 Κύριοι
1697 4622 1804 4694 γὰρ
1860 4622 1910 4676 οί

341 4710 727 4776 ὑποτάξαντες,
758 4712 853 4766 καὶ
879 4711 1141 4783 δήσαντες
1166 4712 1259 4766 τὸν
1284 4713 1658 4785 ἡμαρτηκότα,
1685 4715 1915 4786 παράνο-

343 4819 457 4873 μοι,
474 4802 669 4867 οἵτινες
693 4804 755 4857 οὐ
785 4802 1037 4858 δύνανται
1056 4802 1370 4875 ἀντιϐλέψαι
1393 4802 1472 4876 τῷ
1494 4802 1707 4876 ἀληθῶς
1722 4806 1912 4879 Κυρίῳ

338 4888 631 4958 ἀφέλκοντι
677 4892 773 4945 τοῦ
824 4891 1024 4964 δεσμοῦ
1074 4891 1253 4947 αὐτῶν
1289 4894 1381 4947 τὸν
1421 4892 1617 4948 πῶλον.
1656 4894 1776 4948 Ὅτι
1820 4892 1915 4952 οὖν

340 5000 507 5052 φασιν
533 4985 583 5037 οἱ
617 4984 885 5056 μαθηταίο
923 5002 944 5036 ι
983 4973 1040 5038 ’ὸ
1079 4985 1282 5057 Κύριος
1312 4983 1476 5038 αὐτοῦ
1521 4984 1707 5056 χρείαν
1733 4985 1867 5056 ἔχει,
1888 5006 1906 5038 ι

344 5074 512 5145 μηδὲν
530 5074 862 5147 δυνηθέντων
881 5075 988 5130 τῶν
1006 5076 1256 5148 πονηρῶν
1277 5075 1480 5148 κυρίων
1499 5076 1908 5149 ἀποκρίνεσθαι,

337 5165 532 5233 ἄγουσι
576 5167 713 5239 πρὸς
753 5167 844 5220 τὸν
897 5166 1103 5238 Ἰησοῦν
1131 5167 1222 5221 τὸν
1269 5165 1444 5220 πῶλον
1483 5168 1708 5239 γυμνὸν,
1755 5171 1912 5242 ἐπιρ-

339 5258 591 5327 ῥίπτουσι
626 5256 721 5311 τὸν
746 5257 874 5312 ίδιον
904 5258 1126 5329 κόσμον,
1155 5259 1240 5312 ἵνα
1277 5261 1390 5322 τοῖς
1433 5259 1772 5331 ἐπιϐληθεῖσι
1802 5262 1910 5316 τῶν

339 5347 599 5419 μαθητῶν
639 5351 873 5421 ἱματίοις
902 5350 1281 5421 ὲπικαθεσθεὶς
1308 5353 1337 5404 6
1363 5350 1565 5422 Κύριος
1592 5352 1908 5424 ἀναπαύοη-

333 5454 447 5492 ται.
469 5440 550 5494 Τά
566 5440 623 5495 δὲ
642 5441 804 5496 λοιπά
827 5444 891 5497 ἐκ
916 5443 1025 5496 τῶν
1048 5442 1348 5515 είρημένων
1376 5442 1525 5516 παρὰ
1552 5442 1629 5513 τῷ
1645 5442 1905 5518 Ματθαίῳ

445 5535 493 5568 ⁸⁸
526 5536 689 5597 Hebr.
740 5555 779 5603 ι,
816 5540 903 5592 14.
990 5538 1040 5577 ι⁵⁷
1068 5539 1255 5594 Matth.
1290 5554 1414 5606 χχι,
1450 5540 1503 5605 1,
1530 5539 1590 5593 2.
1674 5538 1914 5602 “Marc.

2022 5588 2027 5610 ,
2065 5544 2121 5611 2,
2156 5541 2212 5608 4,
2248 5540 2319 5609 7;
2352 5537 2483 5594 Luc.
2518 5551 2630 5603 χιχ,
2656 5534 2748 5601 30,
2787 5529 2999 5597 5%,35.

338 5604 389 5638 °°
414 5604 568 5661 Joan.
604 5626 656 5676 x,
687 5613 740 5667 9.

412 5702 524 5774 (82)
546 5704 727 5758 Codex
755 5703 1103 5774 Bodleiauus,
1135 5701 1262 5772 περί
1287 5719 1301 5732 ·
1332 5699 1569 5774 Regius,
1599 5701 1770 5774 παρά.

305 5814 316 5823 ο
564 5774 680 5842 Τῆς
705 5776 907 5842 θύρας.
970 5766 1325 5830 Scribendum
1381 5766 1614 5838 videtur,
1660 5766 1759 5842 τὴν
1811 5766 1998 5841 θύραν.

583 5867 850 5926 Parant.
895 5866 1012 5926 Gtt.
1049 5862 1222 5924 XIV.

2021 4617 2169 4687 apud
2216 4615 2496 4685 alligatum
2544 4612 2788 4684 pullum,
2837 4611 3098 4667 nimirum
3136 4610 3228 4680 qui
3280 4611 3587 4682 ligaverunt

2020 4713 2219 4783 ipsum,
2257 4707 2386 4778 pulli
2422 4705 2648 4774 domini,
2680 4714 2741 4760 ut
2775 4703 2950 4760 Lucas
2979 4702 3192 4769 scribit,
3228 4701 3588 4771 dixeruntque

2020 4805 2089 4860 ad
2104 4801 2400 4871 discipulos
2428 4818 2443 4854 :
2478 4819 2498 4853 ι
2522 4797 2632 4854 Cur
2657 4795 2858 4867 pullum
2885 4793 3133 4850 solvitis?
3152 4807 3172 4844 ι
3198 4790 3415 4848 Domini
3438 4792 3587 4845 enim

2020 4899 2112 4970 qui
2144 4897 2488 4968 subiecerant
2516 4901 2572 4947 et
2591 4891 2897 4962 ligaverunt
2923 4895 3288 4956 peccatorem‘,
3332 4883 3509 4954 iniqui
3530 4891 3586 4936 et

2018 4988 2237 5061 exleges
2271 4994 2418 5051 sunt,
2450 4983 2542 5054 qui
2568 4981 2844 5050 respicere
2874 4986 3151 5046 nequeunt
3180 4975 3234 5029 in
3258 4972 3585 5061 verum_Do-

2019 5059 2225 5136 miuum
2252 5077 2574 5131 liberautem
2603 5069 2808 5141 pullum
2842 5083 2871 5120 a
2898 5062 3411 5134 viueulisipsorum.
3444 5059 3593 5128 Quor

2019 5173 2166 5228 ni‘am
2200 5182 2330 5239 ergo
2364 5163 2615 5234 inquiunt
2645 5157 2897 5231 discipuli
2932 5172 2949 5213 :
2990 5170 3013 5209 ι
3041 5155 3301 5211 Dominus
3329 5152 3593 5239 illoopus

2020 5261 2209 5327 habet,
2248 5238 2438 5311 {nihil
2471 5251 2780 5309 valentibus
2821 5247 3003 5320 pravis
3025 5244 3259 5302 dominis
3288 5238 3582 5311 responde.

2014 5372 2098 5419 re,
2130 5355 2340 5409 ducunt
2389 5349 2455 5404 ad
2505 5344 2685 5402 Iesum
2717 5342 2927 5415 pullum-
2960 5341 3184 5401 nudum.
3235 5344 3293 5393 et
3336 5334 3583 5389 subster-

2012 5457 2147 5504 nunt
2172 5444 2444 5517 praprium
2471 5450 2871 5502 ornamentum,
2893 5445 2953 5491 ut
2983 5435 3201 5507 injectis
3240 5428 3585 5485 vestimentis

3101 5527 3153 5560 ⁸³
3182 5526 3383 5598 Ephes.
3405 5532 3469 5583 lt.
3494 5524 3582 5578 i2.

3238 5848 3310 5907 1'2
