4170 6440
562 339 663 393 563
2028 350 2355 409 ORIGENIS

3706 357 3802 413 τοι

559 456 943 528 discipulorum
969 460 1211 520 insidens
1232 463 1388 521 Jesns
1416 465 1682 535 quiescat.
1713 466 1920 523 Cmtera
1951 484 2014 524 ex
2040 470 2104 525 his

2228 470 2288 522 ού
2323 470 2464 525 πάνυ
2497 488 2550 525 τι
2582 472 2734 526 ἔσται
2766 472 2974 542 ἀσαφῆ,
3006 472 3126 525 τίνα
3160 472 3370 545 τρόπον
3412 489 3429 522 ι
3454 470 3705 544 ἔρχονται
3727 478 3798 539 εἰς

557 564 677 619 qua
711 551 855 606 dicta
892 562 1019 610 sunt
1074 558 1214 625 apud
1251 557 1566 628 Matthaeum
1598 601 1614 626 ,
1672 576 1776 615 non
1829 562 2121 617 admodum

555 640 783 728 obscura
842 657 1002 699 erunt
1036 662 1052 700 :
1091 662 1287 715 nempe
1337 665 1577 719 quonam
1627 662 1786 721 pacto
1843 672 1862 703 ι
1903 654 2125 708 veniunt

553 731 945 805 Jerosolymam
973 735 1041 800 “,
1066 746 1122 791 et
1151 738 1427 808 ingressus
1463 744 1514 793 in
1543 742 1798 811 templum
1832 745 1998 814 rmpit
2029 743 2124 813 eji-

556 839 683 881 cere
735 827 1035 883 vendentes
1110 837 1165 884 et
1219 842 1461 887 ementes
1505 833 1559 886 in
1597 834 1837 903 templo:
1883 853 1901 886 ο
1941 834 2021 890 vel
2054 835 2121 899 ⁸³,

554 934 580 968 ‹
623 926 682 972 ut
714 920 1193 989 apprOpinquavit,
1235 921 1465 978 intuitus
1512 924 1814 993 civitatem,
1851 927 2001 982 nevit
2029 943 2122 983 su-

553 1022 651 1077 per
697 1008 876 1077 illam;
913 1026 1145 1081 cumque
1201 1013 1481 1084 ingressus
1513 1026 1661 1071 esset
1712 1018 1765 1072 in
1815 1018 2071 1088 templum
2103 1060 2120 1086 ,

552 1102 721 1172 capit
749 1102 952 1172 ejicere
973 1104 1290 1162 vendentes.
1335 1127 1353 1159 ι
1392 1107 1447 1161 ιιι
1482 1108 1753 1179 aliquibus
1797 1111 1995 1166 etenim
2022 1112 2117 1165 ba-

550 1194 804 1250 bentibus
846 1195 901 1250 in
944 1211 1004 1250 se
1030 1197 1314 1268 templum,
1349 1199 1497 1267 ejicit
1526 1216 1717 1263 omnes
1746 1204 2037 1260 vendentes
2066 1212 2121 1259 et

544 1299 794 1347 ementes
827 1291 884 1346 in
935 1292 1170 1362 templo;
1210 1293 1262 1347 in
1307 1293 1428 1349 aliis
1480 1311 1613 1349 vero
1664 1311 1771 1350 non
1827 1296 2117 1353 admodum

544 1380 869 1450 parentibus
916 1382 1154 1437 sermoni
1206 1382 1321 1448 Dei,
1357 1394 1565 1441 tantum
1598 1387 1728 1442 facit
1763 1387 1974 1443 initium
2015 1386 2109 1457 eji-

544 1471 727 1527 ciendi
784 1472 1082 1527 vendentes
1130 1483 1183 1528 et
1243 1485 1512 1532 ementes.
1565 1476 1769 1532 Praeter
1830 1478 1930 1534 hos
1988 1493 2117 1533 vero

543 1572 678 1618 sunt
713 1566 875 1619 etiam
920 1567 1086 1630 tertii,
1137 1569 1188 1620 in
1236 1569 1432 1638 quibus
1481 1572 1645 1639 erepit
1671 1570 1868 1641 ejicere
1903 1580 2113 1626 tantum

549 1657 870 1721 vendentes,
904 1657 1064 1728 193
1098 1675 1204 1713 non
1235 1662 1395 1716 etiam
1432 1671 1698 1718 ementes.
1742 1661 1942 1718 Verum
1970 1665 2114 1734 apud

544 1747 810 1806 Joannem
860 1751 907 1783 ⁸³
955 1767 1144 1829 omnes
1187 1750 1475 1820 ejiciuntur
1510 1753 1723 1824 ﬂagello
1747 1762 1813 1810 et
1858 1752 2115 1812 funiculis

2239 563 2603 637 Ἰεροσόλυμα,
2638 566 2732 620 καὶ
2776 563 3031 619 εἰσελθὼν
3072 565 3153 627 είς
3188 563 3251 617 τὸ
3288 563 3434 634 ἱερὸν
3474 564 3684 636 ἧρξατο
3717 567 3801 618 ἐκ·

2225 658 2440 712 ϐάλλειν
2489 661 2616 721 τοὺς
2672 657 2983 722 πωλοῦντας
3056 656 3153 710 καὶ
3211 653 3589 728 ἀγοράζοντας
3625 658 3682 709 ἐν
3721 656 3794 727 τῷ

2228 751 2375 822 ἱερῷ,
2404 771 2422 803 ι
2446 751 2479 822 ἢ
2505 771 2522 803 ι
2551 752 2626 814 ὼς
2657 751 2902 820 ήγγισεν,
2938 749 3061 803 ίδὼν
3097 748 3196 819 τὴν
3224 748 3399 811 πόλιν,
3429 745 3688 802 ἔκλαυσεν
3712 748 3799 802 ἐπ’

2224 843 2414 915 αὐτὴν,
2442 843 2537 897 καὶ
2575 840 2828 896 εἰσελθὼν
2862 842 2943 904 είς
2974 840 3036 893 τό
3056 838 3240 909 -ίερὸν,
3277 838 3481 910 ἤρξατο
3518 835 3794 892 ἐκϐάλλειν

2222 934 2347 997 τοὺς
2377 931 2708 995 πωλοῦντας.
2733 952 2751 981 ι
2800 932 2887 984 Ἐν
2915 923 2996 992 οἷς
3026 928 3126 999 μὲν
3158 926 3268 998 γάρ
3298 926 3406 979 τῶν
3442 924 3670 996 ἐχόντων
3688 923 3798 994 (85)

2222 1026 2284 1080 τὸ
2311 1026 2453 1099 ἱερὸν
2478 1027 2536 1079 ἐν
2564 1025 2766 1088 αὐτοῖς,
2810 1020 3061 1076 ἐκϐάλλει
3091 1021 3300 1082 πάντας
3327 1019 3451 1081 τοὺς
3482 1014 3798 1079 πωλοῦντας

2222 1119 2317 1171 καλ⁵
2341 1114 2709 1188 ἀγοράζοντας
2735 1116 2791 1168 ἐν
2819 1112 2896 1184 τῷ
2927 1110 3059 1183 ίερῷ
3079 1128 3092 1142 ·
3129 1112 3189 1163 ἐν
3232 1110 3439 1182 ἑτέροις
3472 1109 3528 1162 δὲ
3566 1108 3641 1180 μὴ
3667 1105 3800 1177 σφό-

2220 1203 2321 1275 δρα
2347 1202 2685 1273 πειθομένοις
2717 1200 2792 1272 τῷ
2832 1201 2974 1272 λόγῳ
3002 1199 3096 1253 τοῦ
3138 1198 3273 1252 Θεοῦ
3311 1198 3468 1270 μόνον
3498 1197 3597 1270 τὴν
3626 1196 3800 1268 ἀρχὴν

2221 1296 2453 1347 ποιεῖται
2487 1292 2583 1347 τοῦ
2628 1291 2907 1346 ἐκϐάλλειν
2946 1289 3073 1353 τοὺς
3117 1288 3430 1352 πωλοῦντας
3460 1289 3558 1341 καὶ
3599 1287 3805 1359 ἀγορά-

2220 1383 2430 1448 ζοντας.
2463 1384 2647 1457 Τρίτοι
2683 1384 2739 1437 δέ
2783 1385 2887 1437 εἱσι
2924 1380 3075 1454 παρά
3100 1380 3348 1447 τούτους,
3392 1382 3449 1434 ἐν
3484 1375 3568 1444 οἷς
3600 1380 3805 1453 ἤρξατο

2218 1475 2499 1529 ἐκϐάλλειν
2529 1474 2721 1545 μόνους
2748 1475 2873 1538 τοὺς
2920 1472 3257 1538 πωλοῦντας,
3292 1472 3413 1542 ούχὶ
3457 1471 3515 1526 δέ
3552 1472 3805 1538 καὶτοὺς

2219 1566 2604 1639 ἀγοράζοντας.
2655 1568 2719 1621 Οἱ
2758 1567 2813 1620 δὲ
2846 1566 2996 1638 παρά
3038 1565 3118 1636 τῷ
3163 1565 3386 1639 Ἰωάννῃ
3425 1563 3633 1629 πάντες
3685 1564 3805 1635 ἅμα

2216 1663 2330 1726 τοῖς
2357 1660 2647 1733 προϐάτοις
2682 1660 2776 1713 καὶ
2808 1662 2918 1723 τοῖς
2951 1658 3104 1729 βουσὶ
3146 1656 3224 1729 τῷ
3256 1657 3515 1711 πλακέντι
3561 1659 3628 1711 ἐκ
3658 1674 3807 1729 σχοι-

2216 1754 2345 1808 νίων
2368 1754 2675 1826 φραγελλίῳ
2691 1751 3059 1806 ἐκϐάλλονται.
3086 1751 3406 1821 Ἐπίστησον
3425 1751 3480 1804 δὲ
3500 1750 3804 1822 ἐπιμελῶς,

542 1839 779 1909 plieato,
839 1857 944 1896 una
993 1856 1115 1897 cum
1162 1842 1356 1898 ovibus
1390 1851 1447 1898 et
1495 1842 1687 1900 bobus.
1726 1844 1939 1914 Inspice
1983 1861 2104 1901 vero

2212 1848 2259 1902 εί
2291 1847 2514 1901 δυνατὸν
2553 1846 2628 1910 ὡς
2670 1844 2767 1909 τάς
2794 1862 2858 1913 γε
2879 1843 3170 1913 ὲναλλαγάς
3212 1844 3321 1898 τῶν
3367 1842 3804 1916 γεγραμμένων,

542 1930 833 2001 diligenter
863 1948 931 1986 an
956 1932 1311 1989 alteratioues
1358 1949 1538 1989 rerum
1578 1936 1903 2004 scriptarum
1938 1936 2111 1993 disso-

541 2022 849 2091 nantiaeque
878 2022 1098 2077 dissolvi
1145 2022 1353 2093 possint
1397 2032 1554 2094 tropo
1586 2025 1884 2095 anagogico
1914 2039 1931 2078 :
1958 2024 2111 2079 nimi-

539 2126 656 2165 rum
706 2127 1034 2184 unoquoque
1076 2113 1532 2185 evangelistarum
1582 2115 1829 2171 diversas
1862 2116 2107 2172 actiones

537 2199 820 2259 Sermonis
846 2203 1189 2261 describente
1238 2204 1290 2259 in
1321 2204 1555 2261 diversis
1593 2206 1904 2261 animarum
1932 2206 2103 2263 mori-

536 2294 666 2362 bus,
708 2311 813 2349 nou
844 2296 1053 2363 eadem,
1087 2295 1182 2351 sed
1227 2296 1427 2351 similia
1459 2298 1705 2367 quaedam
1736 2299 2104 2369 perficientes.

534 2384 675 2457 Quin
737 2385 1045 2442 differentia
1100 2389 1267 2442 etiam
1322 2387 1413 2444 illa
1468 2403 1591 2459 qnze
1639 2389 1855 2445 videtur
1885 2405 2008 2446 esse
2040 2391 2108 2446 de

535 2478 948 2555 ascensionihus
1001 2480 1215 2536 Domini
1250 2481 1317 2536 ad
1341 2478 1738 2553 Jerosolymam
1771 2481 1911 2552 apud
1939 2479 2105 2537 Joan-

536 2586 681 2632 nem,
711 2572 801 2641 qui
837 2571 1209 2642 Evangelium,
1244 2573 1393 2643 quod
1427 2573 1482 2628 in
1524 2574 1774 2629 manibus
1814 2574 2104 2640 habemus,

536 2660 697 2717 aliter
727 2677 888 2733 quam
923 2673 1056 2729 tres,
1084 2664 1320 2735 scripsit,
1352 2674 1412 2720 ut
1448 2664 1801 2734 exposuimus
1832 2665 1885 2720 in
1925 2666 2105 2722 verbis

532 2756 892 2825 ipsorum,sic
915 2755 1085 2811 solum
1108 2756 1312 2810 servari
1338 2766 1535 2826 potest,
1556 2754 1769 2812 Joanne
1793 2757 1990 2813 similia
2016 2774 2101 2814 as-

528 2860 765 2911 serente.
797 2859 850 2905 et
883 2849 1120 2914 dicente,
1152 2861 1251 2917 pro
1270 2845 1471 2901 excisis
1494 2846 1563 2902 ab
1601 2849 1892 2904 arboribus
1911 2849 2099 2913 ramis,

528 2941 614 2994 vel
648 2940 928 2996 frondibus
953 2956 1017 2994 ex
1056 2939 1200 3009 agris
1227 2946 1281 2995 et
1307 2939 1494 2994 stratis
1540 2937 1594 2992 in
1633 2939 1744 3005 via,
1778 2955 1961 2996 ramos
1985 2940 2101 3010 pal-

527 3049 739 3089 marum
770 3034 993 3088 multam
1037 3031 1275 3097 turbam,
1330 3044 1452 3099 qua:
1486 3038 1710 3085 venerat
1742 3032 1810 3086 ad
1843 3032 1983 3087 diem
2020 3032 2097 3088 fe-

522 3136 667 3182 ssum
699 3125 764 3192 “,
826 3124 1100 3193 accepisse
1150 3132 1206 3179 et
1263 3121 1600 3193 processisse
1647 3122 1860 3178 obviam
1908 3124 1957 3179 ei
1992 3122 2101 3180 cla-

2213 1937 2306 1992 καὶ
2336 1937 2435 2001 τάς
2466 1936 2763 2007 διαφωνίας
2795 1934 3105 1989 διαλύεσθαι
3148 1935 3298 2008 παρὰ
3327 1934 3418 1990 τὸν
3451 1935 3555 2005 τῆς
3588 1934 3807 2003 ἀναγω-

2209 2027 2314 2099 γῆς
2339 2028 2558 2100 τρόπον,
2589 2026 2820 2080 ἑκάστου
2849 2025 2956 2079 τῶν
2983 2025 3381 2095 εὐαγγελιστῶν
3401 2024 3805 2096 διαγράφοντος

2207 2119 2496 2191 διαφόρους
2531 2118 2624 2172 τοῦ
2660 2118 2832 2186 Λόγου
2880 2117 3159 2191 ἐνεργείας
3204 2117 3264 2170 ἐν
3308 2115 3593 2189 διαφόροις
3643 2114 3803 2189 ἧθεσι

2206 2210 2412 2282 ψυχῶν,
2452 2212 2513 2266 ού
2552 2211 2619 2265 τά
2657 2210 2817 2271 αύτά,
2860 2209 3002 2264 ἀλλά
3031 2225 3157 2263 τινα
3199 2209 3566 2282 παραπλήσια.
3615 2210 3803 2261 ἐπιτε-

2205 2300 2423 2366 λούσας.
2460 2302 2572 2356 Καὶ
2608 2303 2641 2373 ἠ
2674 2300 2905 2355 δοκοῦσα
2941 2301 2999 2355 δὲ
3024 2299 3259 2372 διακοπὴ
3302 2297 3413 2353 τῶν
3439 2301 3521 2365 είς
3568 2299 3803 2371 Ἰεροσό-

2206 2393 2351 2465 λυμα
2378 2393 2578 2447 ἀνόδων
2600 2390 2693 2446 τοῦ
2734 2392 2906 2466 Ἰησοῦ
2941 2391 3091 2465 παρά
3122 2391 3201 2463 τῷ
3231 2391 3291 2444 τὸ
3317 2392 3375 2445 ἐν
3401 2391 3595 2464 χερσὶν
3619 2391 3799 2459 Εὐαγ-

2205 2483 2383 2552 γέλιον
2427 2482 2802 2553 ἀναγράψαντι
2851 2482 3056 2555 ἑτέρως
3102 2480 3255 2552 παρὰ
3305 2481 3434 2544 τοὺς
3482 2483 3663 2552 τρεῖς,
3721 2479 3799 2544 ὡς

2204 2571 2502 2643 ἐξεθέμεθα
2542 2571 2642 2636 τὰς
2681 2572 2853 2638 λέξεις
2887 2573 3087 2637 αὐτῶν,
3114 2571 3257 2626 οὕτω
3307 2570 3484 2643 μόνως
3517 2570 3799 2635 σώζεσθαι

2201 2663 2421 2718 δύναται
2463 2666 2576 2726 τοῖς
2619 2664 3024 2735 παραπλησίοις
3063 2663 3383 2736 πράγμασιν
3431 2662 3799 2727 ἐπιπεσόντος

2200 2754 2295 2808 τοῦ
2341 2753 2607 2818 Ἰωάννου,
2636 2754 2756 2807 ἀντὶ
2776 2753 2885 2806 τῶν
2908 2754 3257 2826 κοπτομένων
3286 2752 3393 2807 ἀπὸ
3418 2752 3527 2807 τῶν
3556 2753 3798 2826 δένδρων

2201 2845 2431 2909 κλάδων,
2460 2844 2492 2917 ἢ
2524 2843 2784 2898 στιϐάδων
2819 2847 2884 2898 ἐκ
2914 2842 3024 2899 τῶν
3062 2845 3266 2916 ἀγρῶν,
3301 2846 3395 2899 καὶ
3434 2843 3798 2915 στρωννυμέ-

2199 2956 2305 2993 νων
2334 2939 2393 2991 ἐν
2420 2940 2487 3010 τῇ
2516 2937 2641 3008 ὁδῷ,
2673 2936 2802 3009 βάῖα
2834 2937 2943 2991 τῶν
2977 2939 3234 3008 φοινίκων
3266 2938 3573 3009 εἰληφέναι,
3603 2938 3796 3007 λέγον-

2197 3048 2288 3095 τος
2338 3031 2430 3084 τὸν
2475 3031 2641 3084 πολὺν
2689 3029 3066 3101 ἐξεληλυθέναι
3114 3032 3195 3094 εἰς
3237 3029 3335 3102 τὴν
3370 3028 3583 3102 ἐορτὴψ
3611 3028 3793 3101 ὄχλον,

2198 3121 2294 3176 καὶ
2344 3120 2722 3195 ἐξεληλυθέναι
2777 3121 2858 3184 είς
2899 3121 3203 3192 ἀπάντησιν
3253 3118 3400 3191 αὐτῷ
3433 3119 3758 3192 κεκραγότα

524 3229 760 3275 mantem
791 3232 806 3271 :
844 3237 862 3269 ι
902 3217 1225 3272 Benedictus
1253 3215 1345 3284 qui
1390 3213 1538 3268 venit
1570 3214 1621 3268 in
1658 3214 1878 3271 nomine
1909 3216 2088 3271 Domi-

2205 3217 2617 3289 ιΕύλογημένος
2643 3218 2672 3269 ὁ
2699 3215 2991 3288 ἐρχόμενος
3007 3217 3063 3268 ἐν
3096 3214 3319 3285 ὀνόματι
3342 3213 3572 3285 Κυρίου,
3618 3233 3636 3263 ι
3668 3212 3788 3279 καὶ,

522 3313 600 3379 ni,
626 3330 646 3366 ι
666 3320 722 3367 et
743 3328 756 3364 :
783 3328 801 3362 ι
821 3307 934 3363 Rex
959 3308 1048 3363 ille
1073 3305 1288 3363 lsraelis
1305 3306 1373 3360 ⁸³.
1404 3327 1425 3357 ρ
1445 3304 1710 3360 Caeterum
1732 3306 1801 3360 ab
1831 3305 1945 3375 ipso
1964 3303 2092 3364 Jesu

517 3403 698 3475 inquit
742 3401 982 3458 Joannes
1040 3400 1087 3432 “
1129 3408 1403 3469 repertum
1452 3395 1702 3465 asellum,
1733 3412 1896 3467 super
1933 3413 2092 3469 quem

516 3498 659 3552 sedit
683 3495 966 3557 Christus;
998 3491 1174 3560 majus
1206 3491 1463 3562 quiddam
1497 3487 1653 3543 nobis
1685 3491 1756 3545 ob
1791 3489 1979 3546 oculos
2001 3506 2094 3563 po-

518 3604 657 3644 nens
686 3602 779 3658 per
836 3586 982 3642 hunc
1012 3582 1243 3641 asellum
1272 3582 1352 3639 sic
1401 3581 1609 3652 tropice
1638 3581 1842 3639 dictum
1873 3586 1965 3653 qui
1997 3585 2092 3640 be-

520 3681 772 3737 neficium
807 3679 979 3749 majus
1006 3678 1217 3749 accepit
1253 3693 1272 3728 ι
1312 3691 1420 3733 non
1452 3674 1522 3730 ab
1552 3673 1877 3759 hominibus,
1915 3690 2092 3746 neque

515 3789 614 3846 per
657 3773 904 3828 homines
931 3813 948 3839 ,
982 3772 1075 3826 sed
1106 3785 1203 3841 per
1249 3769 1435 3829 Jesum
1481 3772 1757 3829 Christum
1787 3769 1855 3824 ".
1893 3788 1913 3822 ι
1945 3767 2086 3837 Quin

518 3883 588 3922 ne
614 3864 852 3923 Joannes
878 3865 1095 3935 quidem
1127 3865 1243 3934 ipse
1269 3865 1497 3935 protulit
1519 3863 1863 3936 prophetiam
1895 3863 2087 3920 iisdem

514 3957 719 4023 verbis,
748 3956 842 4011 sed
875 3971 971 4025 pro
1000 3969 1062 4009 ea
1092 3955 1231 4010 dixit
1262 3973 1278 4010 :
1316 3975 1336 4008 ι
1369 3956 1487 4011 Noli
1520 3957 1734 4022 timere,
1769 3954 1879 4010 tilia
1910 3953 2041 4011 Sion
2067 3974 2083 4015 :

513 4066 644 4108 ecce
675 4066 771 4107 rex
799 4059 922 4103 tuus
949 4049 1097 4104 venit
1124 4049 1322 4103 sedens
1342 4063 1506 4118 super
1532 4047 1736 4118 pullum
1770 4048 1938 4104 asiure
1964 4048 2032 4116 ⁸⁸,
2061 4068 2080 4101 ι

514 4153 615 4210 pro
655 4153 742 4200 eo.
772 4137 916 4204 quod
940 4145 1024 4191 est
1052 4153 1068 4191 :
1097 4153 1117 4187 ι
1164 4136 1481 4192 Ascendens
1515 4152 1679 4208 super
1724 4137 2084 4209 subjugalem,

512 4240 569 4285 et
615 4228 821 4300 pullum
853 4243 1052 4283 novum
1085 4226 1175 4281 ⁸⁸⁸.
1213 4246 1232 4279 ι
1269 4227 1402 4283 lllud
1432 4242 1595 4283 vero:
1637 4246 1656 4279 ι
1694 4227 1810 4284 Noli
1849 4231 2042 4286 timere
2066 4270 2082 4295 ,

500 4322 623 4376 :ﬁlia
674 4321 833 4386 Sion,
873 4338 892 4372 ι
930 4318 1344 4389 haudquaquam
1393 4318 1601 4374 dictum
1650 4330 1755 4377 est.
1797 4320 2083 4377 Verumta-

2201 3326 2220 3360 ι
2266 3307 2326 3361 Ὀ
2353 3306 2615 3370 Βασιλεὺς
2638 3305 2732 3360 τοῦ
2777 3305 3011 3377 Ἰσραήλ.
3039 3325 3056 3356 ι
3089 3304 3233 3375 Πλὴν
3263 3298 3416 3368 οὗτος
3466 3303 3563 3357 ὑπ’
3602 3301 3795 3356 αὐτοῦ

2194 3416 2327 3472 φησι
2356 3398 2451 3454 τοῦ
2487 3397 2659 3472 Ἰησοῦ
2692 3397 3039 3471 εὑρίσκεσθαι
3072 3398 3135 3452 τὸ
3167 3399 3402 3470 ὀνάριον,
3459 3398 3549 3467 ἐφ’
3595 3397 3625 3451 ὃ
3653 3396 3795 3451 κιθ-

2192 3490 2375 3557 έζεται
2420 3492 2449 3545 ὁ
2480 3490 2735 3565 Χριστὸς,
2778 3490 2938 3546 πλέον
2973 3508 3025 3543 τι
3054 3490 3181 3561 περὶ
3227 3488 3417 3543 τούτου
3448 3488 3567 3559 (85)
3595 3505 3796 3561 τροπι-

2193 3583 2430 3657 κὼτερον
2458 3582 2787 3655 δηλουμένου
2814 3581 3030 3652 όναρίου
3058 3579 3348 3653 παριστὰς,
3376 3578 3605 3652 μείζονα
3630 3581 3797 3651 εὐερ-

2191 3676 2378 3741 γεσίαν
2405 3676 2753 3748 χωρήσαντος
2774 3674 2874 3746 τὴν
2897 3693 2915 3724 ι
2943 3674 3043 3726 οὐκ
3066 3673 3173 3727 ἀπὸ
3204 3671 3528 3745 ἀνθρώπων,
3552 3671 3688 3725 οὐδὲ
3718 3672 3795 3724 δι’

2190 3766 2511 3840 ἀνθρώπων,
2549 3764 2684 3820 ἀλλά
2721 3764 2812 3819 διά
2863 3764 3040 3836 Ἰησοῦ
3069 3763 3328 3836 Χριστοῦ.
3353 3783 3369 3814 ι
3414 3763 3549 3817 Οὐδὲ
3595 3764 3794 3817 Ἰωάν-

2189 3877 2287 3930 νης
2322 3858 2379 3912 δέ
2424 3857 2698 3925 αὑτολεξεὶ
2740 3855 2802 3910 τὸ
2850 3857 3186 3928 προφητικδν
3216 3855 3450 3923 ἐξέθετο,
3494 3853 3620 3908 ἀλλ’
3667 3856 3793 3910 ἀντ’

2187 3949 2351 4005 αὐτοῦ
2389 3949 2478 4004 τό·
2516 3970 2534 4002 ι
2557 3951 2649 4022 Μὴ
2681 3950 2867 4020 φοϐοῦ,
2905 3950 3142 4023 θύγατερ
3176 3949 3334 4015 Σιὼν,
3382 3949 3492 4002 ἰδοὺ
3541 3951 3569 4002 ό
3622 3948 3791 4019 βατι-

2187 4041 2313 4107 λεύς
2345 4060 2438 4096 σου
2468 4042 2707 4115 ἔρχεται,
2739 4042 3068 4114 καθήμενος,
3096 4062 3114 4093 ι
3150 4041 3273 4096 ἀντὶ
3311 4040 3404 4094 τοῦ
3429 4057 3443 4071 '
3486 4060 3505 4091 ι
3551 4040 3792 4094 Ἐπιϐε-

2186 4134 2369 4207 ϐηκὼς
2392 4135 2526 4206 (85‘)
2563 4135 2657 4188 ἐπὶ
2685 4134 2861 4188 πῶλον
2899 4134 3043 4199 δνου,
3090 4134 3185 4188 καὶ
3222 4133 3314 4187 ἐπὶ
3350 4132 3791 4227 ὑποζύγιονζυὶ

2185 4228 2362 4282 πῶλον
2394 4228 2530 4283 νέον.
2560 4248 2578 4279 ι
2622 4228 2694 4281 Τὸ
2728 4226 2814 4281 δέ·
2869 4252 2887 4278 τ
2914 4228 3004 4296 Μὴ
3037 4224 3226 4296 φοϐοῦ,
3274 4225 3511 4294 θύγατερ
3546 4212 3782 4291 Σιῶνῖι

2182 4321 2289 4375 οὐδ’
2322 4321 2458 4381 ὅλως
2509 4322 2741 4393 εἴρηται.
2786 4320 2930 4392 Πλὴν
2971 4313 3174 4390 ἴδωμεν
3215 4316 3320 4372 ὑπὸ
3358 4319 3575 4373 πάντων
3616 4321 3789 4373 ἐκτε-

511 4427 638 4466 meu
671 4424 795 4465 cum
826 4408 1180 4479 exposuerint
1225 4422 1416 4464 omnes
1465 4409 1842 4480 propheticum
1874 4427 2083 4469 sermo-

2205 4413 2365 4477 ιέντος
2396 4411 2492 4466 τοῦ
2526 4412 2867 4485 προφητικοῦ
2912 4411 3092 4480 λόγου,
3130 4412 3178 4465 εί
3210 4410 3284 4482 μὴ
3312 4411 3523 4482 χαίρειν
3556 4411 3789 4484 σφόδρα

498 4512 676 4567 .1¹ΙΘΠ1.,
720 4502 1004 4557 videamus
1032 4516 1100 4555 an
1128 4516 1234 4554 non
1268 4502 1579 4559 necessario
1631 4505 1973 4575 gaudendum
2006 4507 2078 4563 sit

2205 4506 2453 4579 luyatépa
2474 4505 2613 4560 Σιὼν
2645 4506 2939 4573 ἀναγκαῖον
2958 4521 2972 4534 ο
3001 4502 3097 4575 τὴν
3137 4502 3194 4557 δὲ
3231 4503 3513 4575 κρείττονα
3559 4503 3787 4575 ταύτης

511 4596 636 4649 illia:
670 4592 825 4659 Sion,
862 4602 1026 4661 atque
1069 4591 1172 4646 hac
1214 4594 1580 4663 praestautiori
1620 4595 1742 4652 filiae
1777 4595 2075 4654 Jerusalem

2205 4599 2458 4671 Ιυγατέρα
2493 4596 2850 4667 Ἰερουσαλὴμ
2871 4597 2930 4649 οὐ
2958 4595 3117 4668 μόνον
3145 4595 3350 4666 χαίρειν
3380 4594 3604 4667 σφόδρα,
3629 4596 3786 4649 ἀλλὰ

511 4701 619 4742 non
669 4683 843 4741 solum
872 4681 1029 4737 valde
1055 4682 1296 4753 gaudere
1318 4722 1334 4746 ,
1366 4699 1554 4741 verum
1582 4687 1747 4744 etiam
1779 4690 2076 4759 prazdicare

2205 4692 2277 4744 tal.
2305 4690 2600 4763 κηρύσσειν
2629 4687 2708 4741 δεῖ
2729 4688 2823 4741 τοῦ
2859 4687 3120 4764 βασιλέως
3150 4687 3320 4759 αὐτῆς
3342 4689 3641 4759 ἐρχομένου
3672 4687 3781 4742 τοῦ

502 4791 733 4833 necesse
759 4776 835 4831 sit
857 4786 1041 4843 regem
1090 4787 1245 4827 suum
1290 4774 1694 4846 advenientem,
1740 4779 1967 4853 justum,
2019 4793 2076 4838 et

2205 4783 2411 4849 ἰικαίου,
2434 4779 2530 4834 καὶ
2557 4777 2838 4843 σώζοντος,
2862 4782 2955 4834 καὶ
2977 4779 3174 4852 πράου,
3198 4778 3284 4832 διά
3310 4779 3405 4833 τοῦ
3432 4780 3786 4851 ἐπιϐεϐηκέ-

502 4878 836 4935 servantem,
865 4876 921 4922 et
956 4876 1318 4934 mansuetum,
1350 4884 1416 4925 eo
1454 4872 1596 4942 quod
1624 4889 1789 4943 super
1820 4874 2074 4948 subjuga-

2205 4893 2267 4929 ναι
2292 4873 2370 4945 τῷ
2396 4872 2673 4942 ὑποζυγίῳ
2701 4873 2793 4925 καὶ
2818 4873 2895 4940 τῷ
2921 4873 3024 4943 νέῳ
3049 4871 3229 4943 πώλῳ.
3258 4873 3373 4936 Πᾶς
3401 4871 3530 4941 γοῦν
3555 4872 3583 4924 ό
3607 4873 3784 4939 δεξά-

499 4960 609 5017 lem
652 4970 707 5015 et
753 4958 961 5031 pullum
1011 4974 1208 5015 novum
1258 4963 1589 5022 ascenderit.
1620 4964 1879 5038 Quisquis
1909 4969 2072 5039 igitur

2205 4983 2340 5029 ιενος
2363 4965 2524 5018 αὑτὸν
2547 4963 2729 5017 οὐκέτι
2756 4965 3119 5036 φοϐηθήσεται
3145 4966 3268 5027 τοὺς
3298 4965 3405 5017 τῶν
3430 4963 3782 5034 ἑτεροδόξων

500 5052 678 5122 ipsum
731 5049 1017 5119 receperit,
1073 5066 1177 5106 non
1225 5052 1278 5106 in
1326 5066 1604 5122 posterum
1642 5059 1957 5116 formidabit
1986 5061 2070 5115 di-

2205 5058 2553 5129 mittant-Evcl);
2592 5059 2702 5120 τοῖς
2737 5059 2979 5122 πιθανοῖς
3017 5058 3213 5127 λόγοις,
3251 5056 3475 5129 ἅρματα
3511 5057 3780 5130 Ἐφρατμ

498 5158 675 5201 verere
704 5150 871 5198 sectae
897 5140 1144 5197 homines
1189 5143 1513 5215 eloquentia;
1565 5150 1774 5207 viribus
1799 5164 2066 5217 armatos,

2205 5151 2464 5220 εγόμενα,
2506 5148 2611 5200 ὑπὸ
2638 5148 2732 5201 τοῦ
2771 5150 2973 5221 Κυρίου
3018 5149 3489 5220 ἐξολοθρευόμενα,
3513 5149 3637 5202 οὐδὲ
3669 5150 3779 5203 τὸν

498 5233 592 5306 qui
615 5245 813 5289 currus
844 5228 1100 5300 Ephraim
1131 5233 1407 5303 dicuntur,
1426 5249 1490 5296 et
1514 5255 1543 5294 a
1574 5240 1686 5297 Deo
1724 5243 1970 5298 exscindi
1996 5244 2065 5307 θ’,

2205 5242 2344 5313 ρευδῆ
2370 5242 2536 5295 ἵππον
2563 5242 2641 5305 είς
2677 5244 2969 5314 σωτηρίαν,
3005 5244 3283 5317 θηλυμανῆ
3318 5243 3609 5313 ἐπιθυμίαν
3638 5247 3775 5309 τοῖς

497 5326 704 5398 quique
749 5322 952 5379 multos
983 5323 1180 5383 laedunt
1205 5367 1221 5392 ,
1258 5328 1560 5390 Jerusalem
1608 5334 1857 5390 habitare
1884 5344 1941 5390 et
1977 5337 2065 5390 in-

2205 5333 2449 5403 ,ίσθητοῖς
2473 5333 2847 5404 οίκειωμένην,
2876 5334 2971 5389 καὶ
3000 5334 3227 5398 πολλοὺς
3250 5332 3360 5388 τῶν
3383 5336 3443 5387 ἐν
3477 5334 3776 5404 Ἰερουσαο

499 5418 720 5474 tendere
767 5416 1009 5472 volentes
1053 5433 1198 5477 same
1243 5424 1503 5482 doctrina:
1549 5445 1563 5482 :
1601 5441 1708 5483 non
1749 5426 2067 5481 formidahit

2205 5426 2284 5495 ὴμ
2312 5424 2479 5476 οἰκεῖν
2508 5421 2790 5485 θελόντων,
2837 5426 2929 5478 καὶ
2956 5424 3034 5496 τῷ
3067 5426 3210 5495 ὑγιεί
3241 5424 3384 5496 λόγῳ
3430 5424 3769 5496 προσέχειν,

569 5539 611 5570 ⁸⁸
658 5539 824 5596 Marc.
857 5555 939 5605 ει,
970 5542 1055 5599 l5.
1146 5544 1197 5577 "
1242 5543 1373 5600 Luc.
1409 5560 1522 5607 ινκ,
1547 5545 1636 5608 Η,
1662 5543 1755 5599 J5.
1834 5542 1881 5575 "
1913 5541 2071 5596 Joan.

2208 5544 2294 5597 15.
2391 5542 2436 5573 “
2465 5541 2622 5597 Joan.
2656 5558 2724 5595 xu
2753 5582 2767 5604 ,
2811 5544 2897 5597 12.
2990 5545 3035 5578 ⁸⁸
3074 5544 3202 5599 ibid.
3241 5543 3328 5598 15.
3404 5545 3449 5578 ⁸⁸
3489 5546 3614 5600 ibid.
3653 5547 3764 5605 14.

498 5611 542 5639 ⁶¹’
564 5610 737 5665 Galat.
762 5628 803 5676 ι,
832 5612 886 5665 Ι.
960 5614 1005 5646 ⁸⁸
1033 5612 1190 5671 Joan.
1224 5631 1324 5681 xu,
1353 5616 1437 5671 15.
1517 5613 1782 5669 ""Zacb.
1812 5614 1947 5675 tx,9.
2040 5613 2084 5644 ”
2118 5615 2247 5667 ibid.
2281 5614 2364 5667 10.

571 5722 682 5792 (⁸6)
740 5723 1059 5800 Ἐχῄόνζωνί
1100 5726 1189 5783 Sic
1241 5731 1410 5786 codex
1468 5728 1828 5794 Bodleiantts,
1877 5735 2060 5791 recte;

2246 5724 2359 5800 (δῇ)
2386 5726 2560 5800 codex
2593 5725 2935 5800 Qudleialtus.
2977 5728 3162 5800 τούτου
3186 5745 3217 5800 °_
3235 5729 3455 5800 Regius,
3484 5729 3669 5785 τοῦτο.

494 5789 716 5859 Regius,
744 5789 903 5863 uteie,
930 5798 1216 5868 ἀρχόντων.
1812 5789 1824 5794 ⁷
2047 5789 2053 5791 ﬁ

2241 5789 2378 5868 (85‘)
2406 5798 2585 5854 Codex
2614 5796 2839 5866 Regius,
2878 5798 3284 5869 μεταϐεϐηκὼς.
3308 5789 3376 5842 -ἒ
3397 5789 3575 5857 Locus
3615 5810 3765 5856 tur—
