4170 6404
349 360 458 421 365

1453 365 1811 423 COMMENT.
1848 365 1916 421 ΙΝ
1950 366 2143 423 JOAN.
2188 367 2424 424 'IOMUS
2465 369 2530 427 Χ.

3493 375 3595 430 366

346 493 656 563 βλάπτοντα
675 487 856 561 (85“).
881 490 1036 544 Ἔστι
1060 489 1116 544 δὲ
1138 488 1348 561 χαίρειν
1373 487 1522 554 ἄξιον
1545 488 1638 542 ἐπὶ
1658 487 1735 560 τῷ
1760 488 1916 555 ego»;

2038 491 2203 544 etiam
2235 505 2432 559 equum
2471 489 2721 545 fallacem
2759 491 2826 544 ad
2859 490 3088 548 salutem
3115 491 3186 558 ",
3238 491 3340 546 hoc
3390 501 3473 544 est
3505 493 3600 545 de-

345 582 636 656 θρεύεσθαι
679 582 784 636 ὑπὸ
821 582 916 636 τοῦ
949 583 1241 654 ὀχουμένου
1274 581 1352 653 τῷ
1381 581 1678 651 ὑποζυγίῳ,
1720 581 1813 634 καὶ
1847 579 1916 651 τῷ

2029 584 2293 638 siderium
2327 585 2576 639 insanum
2612 595 2665 639 et
2702 585 2862 640 rebus
2886 585 2986 639 sub
3031 601 3249 641 sensum
3280 585 3599 642 cadentibus

345 677 452 746 νέῳ
487 673 650 746 πώλῳ
696 675 805 728 πᾶν
835 672 991 738 τόξον
1021 673 1332 745 πολεμικὸν,
1376 673 1559 726 οὐκέτι
1592 671 1700 725 τῶν
1751 689 1927 726 πεπυ-

347 767 607 838 ρωμένων
637 764 808 836 βελῶν
834 764 928 818 τοῦ
961 764 1155 837 ἐχθροῦ
1182 763 1580 835 κατισχυόντων
1611 763 1704 817 τοῦ
1750 781 1926 835 παρα-

341 857 636 928 δεξαμένου
673 857 767 912 τδν
826 856 1033 928 Ἰησοῦν
1063 859 1142 920 εἰς
1169 856 1229 910 τὸ
1260 855 1455 910 ἐαυτοῦ
1489 855 1658 928 ἱερόν·
1689 855 1838 908 ἔσται
1867 855 1924 909 δὲ

343 951 438 1004 καὶ
469 950 672 1022 πλῆθος
698 949 837 1020 μετὰ
861 950 1081 1021 εἰρήνης
1107 949 1214 1002 ἀπὸ
1233 948 1340 1002 τῶν
1358 947 1526 1002 ἐθνῶν
1549 949 1606 1002 ἐν
1627 950 1692 1019 τῇ
1730 949 1924 1020 Ἰερου-

345 1040 528 1112 σαλὴμ
556 1038 650 1092 τοῦ
683 1039 931 1110 Σωτῆρος
962 1038 1243 1110 ἐπιδημίᾳ,
1263 1039 1520 1109 άρχοντος
1552 1037 1660 1091 τῶν
1691 1037 1919 1102 ὑδάτων,

343 1129 431 1183 ἵνα
470 1127 733 1201 συντρίψῃ
776 1127 876 1191 τὰς
926 1126 1168 1196 κεφαλὰς
1207 1127 1314 1180 τῶν
1352 1125 1658 1195 δρακόντων
1700 1126 1791 1179 ἐπὶ
1823 1126 1919 1180 τοῦ

342 1221 554 1286 ὓδατος,
606 1222 702 1276 καὶ
745 1221 1077 1292 πατήσωμεν
1113 1219 1182 1272 τὰ
1218 1219 1436 1290 κύματα
1483 1219 1582 1290 τῆς
1623 1219 1916 1291 θαλάσσης,

343 1313 634 1382 φθάνοντες
676 1313 783 1378 ἕως
815 1312 924 1366 τῶν
962 1309 1252 1365 διεκϐολῶν
1299 1309 1514 1364 πάντων
1541 1310 1647 1363 τῶν
1686 1309 1780 1363 ἐπὶ
1817 1311 1919 1382 γῆς

341 1421 480 1457 ποτα
489 1403 624 1475 μῶν,
657 1405 722 1458 ’0
757 1404 1004 1474 μέντοιγε
1028 1404 1252 1473 Μάρκος
1277 1402 1405 1474 περὶ
1427 1402 1524 1473 τῆς
1546 1402 1666 1456 δνου
1693 1401 1918 1473 γράφων

339 1495 507 1565 φησὶν
536 1493 644 1567 (86)
671 1495 921 1566 εἰρῆσθαι
951 1493 1056 1547 ὑπὸ
1075 1492 1169 1546 τοῦ
1198 1492 1423 1565 Κυρίου,
1455 1511 1474 1545 ι
1510 1494 1623 1562 Ἐφ’
1652 1493 1710 1547 ὃν
1747 1493 1918 1557 οὐδεὶς

335 1585 492 1638 οὔπω
522 1584 825 1662 ἀνθρώπων
857 1585 1098 1649 ἐκάθισε,
1125 1603 1144 1637 ι
1193 1584 1341 1638 δοκεῖ
1370 1601 1460 1656 μοι
1499 1583 1830 1638 αἰνίττεσθαι
1855 1584 1918 1638 τὸ

340 1677 568 1749 μηδέπω
609 1677 739 1730 ποτὲ
782 1675 924 1747 λόγῳ
974 1675 1365 1748 ὐποτεταχέναι
1408 1676 1634 1739 ἑαυτοὺς
1670 1675 1778 1747 πρὸ
1818 1676 1916 1748 τῆς

351 1770 526 1842 Ἰησοῦ
565 1770 675 1842 (87)
720 1772 778 1824 ἐν
820 1771 1004 1834 αὐτοῖς
1048 1769 1342 1841 ἐπιδημίας
1383 1769 1508 1831 τοὺς
1550 1768 1771 1840 ὕστερον
1819 1785 1916 1821 πε-

337 1839 721 1929 πιστευκότας.
758 1864 910 1935 Τάχα
949 1863 1056 1936 γὰρ
1096 1839 1397 1934 ἀνθρώπων
1444 1859 1544 1932 μὲν
1598 1839 1772 1924 ούδείς
1825 1878 1912 1913 πω
1944 1839 1986 1898 Β

335 1959 568 2022 καθίσας
592 1959 684 2011 ἐπὶ
704 1957 793 2012 τὸν
817 1956 992 2011 πῶλον
1008 1942 1095 2027 ἦν,
1119 1954 1326 2026 θηρίων
1348 1950 1404 2005 δὲ
1431 1951 1464 2022 ἢ
1492 1951 1598 2004 τῶν
1621 1951 1914 2024 ἀλλοτρίων

335 2049 430 2104 τοῦ
455 2049 612 2118 λόγου
638 2047 920 2120 δυνάμεών
941 2064 1085 2111 τινες
1103 2044 1462 2100 ἐπεκάθισαν·
1490 2043 1612 2096 ἐπεὶ
1633 2045 1660 2096 ὁ
1686 2042 1913 2107 πλοῦτος

335 2143 446 2196 τῶν
478 2141 870 2214 ἀντικειμένων
901 2140 1184 2211 δυνάμεων
1217 2138 1309 2191 καὶ
1349 2136 1499 2209 παρὰ
1540 2136 1619 2207 τῷ
1659 2137 1911 2210 προφήτῃ

350 2237 548 2308 Ἡσαΐᾳ
578 2237 670 2290 ἐπὶ
701 2235 838 2289 ὄνων
874 2231 1135 2306 φέρεσθαι
1169 2231 1262 2284 καὶ
1295 2228 1553 2301 καμήλων
1584 2227 1796 2296 λέγεται
1825 2227 1913 2281 διὰ

337 2327 575 2381 τούτων·
615 2344 633 2378 ι
657 2326 744 2379 Ἐν
775 2328 842 2396 τῇ
877 2323 1052 2394 θλίψει
1087 2323 1180 2377 καὶ
1211 2324 1278 2394 τῇ
1310 2320 1640 2392 στενοχωρίᾳ
1658 2319 1793 2373 λέων
1818 2318 1914 2372 καὶ
1955 2378 1960 2381 _

335 2419 574 2490 σκύμνος
598 2456 614 2483 ,
684 2415 890 2470 ἐκεῖθεν
948 2416 1040 2469 καὶ
1109 2414 1304 2483 ἔκγονα
1362 2412 1605 2466 ἀσπίδων
1680 2410 1912 2482 πετομέ-

334 2531 463 2578 νων,
480 2514 529 2567 οἳ
551 2513 742 2584 ἔφερον
763 2509 856 2562 ἐπὶ
876 2507 1010 2561 ὄνων
1037 2501 1132 2559 καὶ
1157 2504 1416 2577 καμήλων
1445 2503 1536 2558 τὸν
1569 2503 1795 2560 πλοῦτον
1815 2504 1913 2558 αὑ-

332 2604 460 2659 τῶν.
476 2603 741 2658 »Πυστέον
755 2601 811 2655 δέ
827 2599 989 2654 πάλιν
1004 2599 1110 2653 τῶν
1126 2596 1255 2668 ψιλῇ
1272 2599 1337 2668 τῇ
1355 2595 1497 2661 λέξει
1518 2597 1908 2670 προσεχόντων,

334 2700 385 2752 εἰ
420 2697 493 2769 μὴ
524 2699 645 2750 κατ’
680 2695 876 2757 αὐτοὺς
917 2691 1160 2764 ματαίως
1202 2689 1268 2744 ἂν
1300 2689 1448 2756 δόξαι
1483 2688 1788 2761 γεγράφθαι
1817 2688 1907 2742 τό·

339 2808 360 2842 ι
384 2790 499 2858 Ἐφ’
529 2788 592 2842 ὃν
630 2786 804 2850 οὐδεὶς
836 2778 988 2838 οὕπῶ
1019 2781 1318 2854 ἀνθρώπων
1358 2779 1631 2836 ἐκάθισε..
1678 2781 1775 2844 Τίς
1804 2780 1914 2852 γὰρ

334 2879 486 2953 παρὰ
530 2879 814 2950 ἄνθρωπον
864 2873 1152 2941 καθέζεται
1203 2873 1296 2927 ἐπὶ
1350 2871 1558 2939 πῶλον;
1587 2872 1697 2928 Καὶ
1741 2871 1915 2927 ταῦτα

336 2972 438 3044 μὲν
467 2971 537 3026 τὰ
564 2973 597 3042 ή
608 2970 732 3042 μέτε
743 2985 827 3041 ρα.

2029 673 2322 730 familiare.
2359 676 2444 729 Ad
2471 675 2586 729 haec
2615 675 2850 745 gaudere
2880 676 3101 746 dignum
3132 685 3237 739 est,
3268 691 3334 730 eo
3358 677 3504 746 quod
3531 679 3598 731 ab

2027 781 2092 822 eo
2119 767 2484 822 exscindatur
2513 783 2673 822 arcus
2702 767 2927 822 bellicus
2957 769 3026 834 “,
3061 769 3154 839 qui
3185 763 3404 823 vehitur
3437 783 3597 837 super

2028 857 2395 928 subjugalem,
2424 866 2478 912 et
2509 857 2710 928 pullum
2757 873 2978 924 novum,
3016 874 3120 913 non
3149 858 3450 914 valentibus
3483 873 3598 910 am-

2024 951 2163 1020 plius
2192 951 2398 1004 inimici
2429 950 2616 1019 ignitis
2651 950 2865 1021 sagittis
2897 951 3160 1007 adversus
3193 966 3337 1013 eum,
3375 952 3466 1019 qui
3506 965 3597 1005 re-

2022 1040 2230 1108 ceperit
2271 1039 2432 1112 194
2461 1039 2648 1096 Jcsum
2677 1042 2728 1096 in
2762 1057 2916 1097 suum
2952 1041 3230 1112 templum.
3261 1042 3383 1096 Erit
3408 1051 3592 1097 autem

2023 1128 2076 1184 in
2124 1128 2426 1187 Jerusalem
2473 1132 2764 1188 multitudo
2810 1148 2876 1189 ex
2923 1134 3174 1204 gentibus
3207 1149 3331 1188 cum
3364 1149 3495 1203 pace
3519 1133 3592 1198 ⁷¹,

2024 1219 2337 1279 Servatoris
2363 1223 2626 1290 adventu,
2659 1225 2977 1294 imperantis
3008 1225 3164 1294 aquis
3187 1264 3204 1291 ,
3256 1234 3315 1278 ut
3342 1233 3594 1280 conterat

2026 1314 2204 1384 capita
2238 1316 2533 1370 draconum
2568 1317 2621 1371 in
2651 1331 2789 1385 aqua
2821 1316 2888 1382 ⁷³,
2920 1324 2975 1371 et
3022 1326 3081 1370 ut
3113 1315 3392 1370 calcentur
3433 1317 3594 1370 undae

2021 1406 2188 1462 maris
2217 1421 2246 1460 a
2294 1408 2452 1463 nobis
2497 1408 2936 1477 pervenientihus
2970 1422 3141 1477 usque
3169 1408 3235 1462 ad
3283 1408 3464 1462 exitus
3491 1405 3592 1460 ilu-

2019 1499 2230 1554 viorum
2283 1500 2526 1555 omnium
2565 1501 2658 1571 qui
2688 1511 2815 1556 sunt
2845 1517 3010 1571 super
3064 1511 3288 1556 terram.
3320 1499 3588 1556 Caeterum

2019 1591 2160 1660 quod
2191 1590 2406 1647 Marcus
2432 1592 2501 1647 de
2535 1592 2681 1662 pullo
2727 1593 2979 1648 scribens
3026 1609 3055 1648 a
3105 1592 3336 1648 Domino
3385 1591 3588 1646 dictum

2017 1679 2192 1737 fuisse
2229 1681 2407 1752 inquit
2439 1699 2454 1737 :
2489 1701 2508 1734 ι
2546 1683 2722 1753 Super
2754 1698 2914 1754 quem
2947 1697 3109 1737 nemo
3137 1697 3375 1752 unquam
3411 1682 3590 1736 homi-

2019 1790 2149 1830 num
2199 1773 2338 1829 sedit
2364 1765 2432 1841 7‘,
2472 1793 2492 1829 ι
2525 1775 2755 1830 innuere
2790 1774 2923 1829 mihi
2968 1774 3181 1830 videtur
3209 1774 3352 1844 quod
3388 1773 3444 1829 hi
3495 1773 3589 1842 qui

2014 1875 2199 1937 postea
2225 1867 2599 1930 crediderunt,
2630 1882 2907 1937 nunquam
2937 1866 3138 1924 rationi
3186 1877 3348 1920 antea
3376 1865 3588 1935 seipsos

2015 1955 2386 2011 subdidisseut
2410 1972 2571 2027 quam
2596 1955 2752 2013 Jesus
2783 1959 2923 2013 inter
2954 1958 3099 2028 ipsos
3122 1957 3424 2012 adveniret.
3449 1955 3585 2010 Nam

2014 2045 2268 2100 fortassis
2325 2047 2607 2101 hominum
2659 2060 2818 2101 nemo
2850 2062 3085 2117 unquam
3119 2047 3390 2103 insederat
3416 2047 3582 2118 pullo,

2012 2149 2133 2190 cum
2163 2137 2366 2207 alioqui
2396 2153 2466 2193 ex
2515 2137 2650 2193 feris
2683 2138 2767 2194 vel
2794 2154 2860 2194 ex
2901 2139 2985 2194 his
3014 2138 3372 2208 poteSIatibus
3403 2154 3524 2209 quae
3551 2153 3584 2195 a

2015 2228 2228 2283 ratione
2262 2229 2453 2284 aliena:
2483 2237 2662 2298 erant,
2693 2231 2886 2301 aliqua:
2934 2231 3262 2287 insedissent
3295 2247 3312 2287 :
3340 2233 3587 2302 quando-

2011 2319 2232 2390 quidem
2275 2321 2480 2376 divitiae
2526 2321 2963 2377 adversariarum
3012 2325 3377 2393 potentiarum
3419 2322 3583 2377 etiam

2011 2409 2152 2479 apud
2177 2408 2372 2464 lsaiam
2395 2411 2716 2481 prophetam
2741 2427 2904 2482 super
2929 2413 3112 2468 asinos
3131 2422 3186 2468 et
3202 2413 3436 2469 camelos
3453 2412 3586 2468 ferri

2012 2500 2265 2556 dicantur
2295 2502 2382 2557 his
2415 2503 2601 2558 verbis
2637 2521 2652 2558 :
2691 2523 2710 2556 ι
2750 2503 2808 2558 In
2846 2504 3216 2573 tribulatione,
3247 2513 3302 2561 et
3334 2509 3586 2576 angustia

2016 2591 2122 2657 leo,
2142 2601 2196 2648 et
2216 2595 2424 2650 catulus
2440 2594 2636 2662 leonis,
2658 2595 2783 2652 inde
2803 2597 2965 2651 etiam
2991 2597 3265 2667 genimina
3287 2598 3582 2653 volantium

2010 2684 2280 2754 aspidum,
2302 2684 2592 2741 ferentium
2618 2701 2783 2757 super
2809 2687 2990 2742 asinos
3015 2699 3073 2743 et
3106 2689 3343 2744 camelos
3365 2689 3584 2744 divitias

2010 2774 2217 2830 suas".
2246 2795 2266 2828 ι
2293 2773 2533 2832 Proi‘nde
2555 2793 2767 2833 rursum
2790 2779 3156 2850 interrogandi
3179 2782 3411 2851 suntqui
3430 2781 3586 2836 nudte

2013 2866 2206 2922 litterae
2230 2879 2358 2924 sunt
2381 2869 2600 2936 intenti,
2626 2885 2695 2926 an
2726 2887 2831 2927 non
2855 2871 3066 2940 judicio
3093 2888 3192 2929 suo
3213 2873 3416 2929 frustra
3448 2873 3587 2929 seri-

2013 2969 2164 3031 ptum
2215 2959 2383 3017 fuisse
2434 2963 2731 3018 videatur:
2773 2980 2792 3016 ι
2852 2962 3025 3034 Super
3063 2980 3225 3034 quem
3275 2979 3434 3021 nemo
3480 2981 3585 3020 uu-

331 3081 494 3136 quam
525 3065 802 3120 hominum
851 3061 1014 3118 sedit.
1060 3079 1079 3113 ι
1108 3058 1241 3127 Quis
1270 3058 1436 3126 enim,
1468 3067 1664 3130 praeter
1695 3057 1993 3125 hominem,
2029 3070 2192 3126 super
2226 3057 2403 3128 pullos
2442 3059 2718 3114 asinorum
2749 3060 2946 3116 sedet?
2979 3059 3047 3115 Et
3079 3075 3178 3114 nos
3219 3061 3435 3130 quidem
3479 3061 3585 3116 sic.

406 3162 494 3218 19.
522 3161 748 3231 ’Ἱδωμεν
770 3160 826 3213 δὲ
848 3157 942 3212 καὶ
961 3157 1030 3212 τὰ
1056 3155 1447 3229 Ἡρακλέωνος,
1468 3156 1527 3220 ὃς
1545 3171 1678 3225 φησι
1704 3154 1803 3225 τὴν
1835 3154 1914 3216 εἰς

2091 3152 2182 3207 19.
2204 3153 2492 3209 Videamus
2511 3168 2642 3209 vero
2665 3169 2786 3222 quae
2814 3154 3112 3210 lleracleon
3135 3154 3299 3219 dicat,
3335 3155 3587 3239 inquiens

341 3253 691 3325 Ἰεροσόλυμα
713 3251 823 3323 (88)
855 3249 1038 3303 ἄνοδον
1073 3246 1355 3320 σημαίνειν
1385 3245 1495 3318 (89)
1522 3244 1620 3318 τὴν
1659 3245 1768 3299 ἀπὸ
1803 3243 1911 3298 τῶν

333 3346 533 3402 ὕλικῶν
564 3347 644 3408 εἰς
666 3343 757 3398 τὸν
777 3341 1006 3414 ψυχικὸν
1030 3340 1215 3407 τόπον,
1245 3339 1583 3410 τυγχάνοντα
1605 3336 1790 3391 εἰκόνα
1813 3337 1912 3407 τῆς

343 3436 718 3509 Ἰερουσαλήμ,
765 3433 1026 3487 ἀνάϐασιν
1065 3431 1159 3485 τοῦ
1207 3431 1435 3503 Κυρίου.
1463 3430 1535 3483 Τὸ
1563 3430 1652 3483 δέ·
1695 3449 1714 3481 ι
1738 3424 1912 3499 Εὗρεν

333 3533 392 3585 ἐν
416 3531 492 3602 τῷ
519 3529 668 3601 ἱερῷ,
691 3548 710 3580 ι
745 3529 839 3581 καὶ
862 3527 982 3597 ούχὶ
1009 3526 1116 3580 τῶν
1145 3525 1256 3580 ἄνω
1281 3525 1450 3579 οἴεται
1475 3523 1744 3597 εἰρῆσθαι,
1772 3523 1912 3596 ὑπὲρ

333 3621 428 3676 τοῦ
461 3620 536 3692 μὴ
569 3621 669 3690 τὴν
712 3618 905 3690 κλῆσιν
935 3617 1104 3689 μόνην
1134 3614 1390 3687 νοηθῆναι
1418 3612 1514 3684 τὴν
1546 3613 1713 3684 χωρὶς
1742 3610 1910 3664 Πνεύ-

335 3731 508 3786 ματος
552 3710 861 3784 βοηθεῖσθαι
903 3710 1010 3763 ὑπὸ
1054 3706 1145 3762 τοῦ
1187 3706 1412 3778 Κυρίου·
1447 3707 1659 3777 ἡγεῖται
1698 3702 1806 3775 γὰρ
1841 3702 1912 3756 τὰ

334 3807 437 3876 μὲν
467 3805 634 3872 ’Ἀγια
670 3801 778 3856 τῶν
814 3800 983 3870 ἁγίων
1015 3796 1154 3853 εἶναι
1193 3798 1252 3852 τὸ
1300 3797 1464 3869 ἱερὸν,
1505 3797 1584 3861 εἰς
1615 3794 1651 3848 ἃ
1687 3795 1846 3866 μόνος
1881 3796 1911 3848 ό

330 3895 625 3967 ἀρχιερεὺς
647 3892 840 3964 εἰσῄει,
866 3891 992 3945 ἔνθα
1013 3891 1194 3962 οἴομαι
1218 3886 1580 3953 αὐτὸνλέγειν
1609 3887 1736 3949 τοὺς
1756 3902 1912 3938 πνευ·

335 3987 599 4058 ματικοῦς
638 3988 852 4057 χωρεῖν·
885 3983 952 4038 τὰ
994 3982 1050 4035 δὲ
1097 3980 1190 4035 τοῦ
1243 3980 1500 4052 προνάου,
1548 3979 1679 4031 ὅπου
1722 3978 1817 4030 καὶ
1858 3977 1908 4030 oi

332 4075 576 4143 Λευῖται,
614 4076 878 4148 σύμϐολον
928 4070 1066 4128 εἶναι
1111 4073 1218 4128 τῶν
1266 4072 1372 4154 ἔξω
1416 4070 1509 4124 τοῦ
1538 4068 1910 4142 Πληρώματος

330 4169 581 4243 ψυχικῶν
607 4169 739 4241 (90),
777 4165 1179 4240 εὑρισκομένων
1220 4164 1279 4217 ὲν
1320 4161 1588 4234 σωτηρίᾳ·
1624 4160 1759 4232 πρὸς
1788 4159 1909 4214 τού-

329 4280 446 4326 τοις
470 4262 596 4326 τους
618 4259 1036 4333 εὑρισκομένους
1061 4261 1118 4311 ἐν
1136 4255 1214 4327 τῷ
1237 4255 1387 4328 ἱερῷ,
1415 4254 1728 4318 πωλοῦντας
1757 4253 1904 4324 βόας,

329 4357 429 4411 καὶ
471 4354 740 4427 πρόϐατα,
773 4352 867 4406 καὶ
897 4348 1248 4422 περιστερὰς,
1283 4347 1376 4400 καὶ
1401 4349 1529 4410 τοὺς
1567 4345 1909 4418 καθημένους

330 4447 736 4523 κερματιστὰς,
787 4444 1064 4513 ἐξεδέξατο
1104 4440 1357 4510 λέγεσθαι
1412 4441 1531 4493 ἀντὶ
1583 4437 1692 4492 τῶν
1740 4438 1906 4510 μηδὲν

2013 3244 2228 3300 Domini
2247 3260 2533 3301 ascensum
2555 3248 2623 3301 ad
2635 3241 3033 3319 Jerosolymam
3057 3245 3369 3316 signiﬁcare
3395 3261 3588 3301 ascen-

2013 3349 2130 3390 sum
2160 3351 2189 3389 a
2223 3334 2595 3391 materialibus
2624 3337 2692 3391 ad
2715 3335 3005 3391 animalem
3051 3336 3251 3403 locum,
3290 3336 3584 3407 imaginem

2015 3428 2372 3483 exsistentem
2403 3427 2794 3500 Jerosoiymaa:
2827 3428 2956 3484 illud
2988 3430 3151 3485 etiam
3189 3445 3205 3485 :
3241 3448 3261 3481 ι
3289 3429 3498 3484 Invenit
3528 3431 3585 3484 in

2014 3518 2214 3588 templo
2242 3519 2311 3586 ",
2352 3538 2371 3573 ι
2404 3534 2509 3575 non
2539 3520 2740 3575 dictum
2771 3519 2940 3576 fuisse
2981 3522 3303 3577 existimans
3349 3522 3414 3578 de
3450 3523 3586 3578 locis

2013 3611 2283 3679 supernis,
2315 3625 2387 3665 ne
2420 3609 2843 3680 intelligeremus
2881 3612 3215 3668 vocationem
3247 3613 3442 3680 solam,
3467 3611 3588 3668 sine

2012 3700 2246 3770 Spiritus
2275 3716 2399 3772 ope,
2431 3700 2676 3770 adjuvari
2719 3718 2747 3757 a
2802 3703 3056 3758 Domino.
3106 3703 3397 3759 Existimat
3437 3703 3585 3758 enim

2014 3791 2273 3862 templum
2302 3807 2426 3848 esse
2454 3791 2654 3848 Sancta
2679 3803 3010 3860 sanctorum,
3038 3797 3091 3850 in
3115 3811 3236 3867 quae
3265 3796 3416 3852 solus
3438 3810 3586 3852 sum-

2011 3901 2133 3941 mus
2179 3886 2424 3956 pontifex
2468 3887 2897 3956 ingrediebatur,
2943 3903 3050 3959 quo
3097 3891 3264 3944 etiam
3310 3887 3585 3960 proﬁcisci

2010 3978 2320 4046 spirituales
2344 3978 2586 4034 arbitror
2615 3978 2765 4033 illum
2797 3980 3013 4049 dicere;
3065 3981 3390 4036 vestibulum
3419 3983 3583 4051 ivero,

2009 4069 2100 4125 ubi
2134 4070 2297 4125 etiam
2328 4069 2530 4125 Levita-'3
2557 4081 2735 4138 erant,
2768 4073 3075 4128 arbitratur
3122 4084 3308 4129 notam
3344 4087 3465 4129 esse
3493 4087 3586 4127 ea-

2009 4177 2128 4216 rum
2153 4163 2458 4218 animarum
2483 4178 2608 4234 qua:
2636 4164 2989 4220 inveniuntur
3012 4166 3068 4220 in
3096 4168 3274 4220 salute
3296 4177 3448 4220 extra
3473 4163 3586 4220 Ple-

1999 4269 2182 4309 .roma.
2223 4255 2306 4309 Ad
2334 4256 2449 4312 haec
2482 4257 2729 4312 inventos
2756 4258 2807 4311 in
2842 4258 3041 4326 templo
3069 4261 3369 4313 vendentes
3395 4259 3581 4321 boves,

2008 4357 2062 4402 et
2081 4360 2236 4413 oves,
2266 4359 2322 4403 et
2357 4347 2659 4418 columbas,
2705 4359 2760 4406 et
2807 4352 3064 4407 sedentes
3099 4351 3403 4407 mensarios
3428 4392 3444 4417 ,
3481 4353 3584 4406 dici

2008 4439 2261 4509 exposuit
2289 4455 2386 4510 pro
2419 4441 2503 4496 his
2529 4443 2622 4513 qui
2655 4442 2787 4497 nihil
2819 4444 3006 4514 gratia:
3035 4445 3300 4509 tribuunt,
3325 4444 3418 4500 sed
3443 4458 3586 4498 mern

327 4520 515 4615 χάριτι
539 4539 807 4599 διδόντων,
856 4533 972 4589 ἀλλ’
1022 4531 1290 4604 ἐμπορίαν
1322 4530 1418 4582 καὶ
1445 4527 1636 4601 κέρδος
1661 4528 1760 4598 τὴν
1797 4527 1904 4581 τῶν

2012 4540 2251 4585 caturam
2297 4541 2489 4602 putant
2527 4543 2582 4589 et
2614 4533 2825 4589 lucrum
2863 4535 3167 4605 ingressum
3197 4547 3584 4592 extraneorum

329 4633 500 4702 ξένων
527 4631 606 4694 εἰς
628 4628 687 4683 τὸ
718 4628 867 4702 ἱερὸν,
888 4626 1090 4680 εἴσοδον
1112 4623 1460 4695 νομιζόντων,
1487 4619 1581 4674 τοῦ
1609 4618 1736 4672 ἰδίου
1777 4619 1905 4690 κέρ-

2012 4620 2066 4674 in
2119 4622 2400 4693 templum,
2447 4624 2736 4690 victimas,
2784 4626 2989 4696 proprii
3049 4626 3183 4682 lucri
3239 4636 3296 4682 et
3345 4625 3586 4680 avaritiae

326 4726 456 4789 δους
494 4724 588 4778 καὶ
623 4719 986 4792 φιλαργυρίας
1015 4719 1219 4783 ἕνεκεν,
1265 4715 1363 4779 τὰς
1401 4714 1482 4777 είς
1513 4713 1610 4782 τὴν
1653 4710 1905 4783 λατρείαν

2012 4727 2202 4778 causa,
2235 4716 2301 4770 ad
2344 4715 2548 4770 cultum
2595 4717 2692 4773 Dci
2735 4720 3164 4791 suppeditantes.
3223 4719 3362 4786 Quiu
3419 4720 3582 4773 etiam

326 4816 428 4870 τοῦ
465 4814 600 4868 Θεοῦ
639 4811 828 4874 θυσίας
865 4807 1242 4882 χορηγούντων
1261 4822 1274 4836 ·
1300 4804 1395 4858 καὶ
1419 4803 1480 4856 τὸ
1503 4799 1826 4873 φραγέλλιον
1851 4799 1908 4852 δὲ

2014 4801 2200 4859 Iesum
2253 4822 2283 4860 e
2334 4805 2585 4864 funiculis
2639 4809 2836 4865 fecisse
2878 4809 3170 4882 ﬂagellum,
3224 4826 3330 4865 non
3366 4812 3436 4864 ab
3479 4810 3586 4864 alio

403 4937 451 4969 '°
483 4933 623 4989 Psal.
658 4945 838 4996 mm,
867 4928 956 4984 17.
1031 4929 1074 4960 ⁷¹
1105 4927 1270 4984 Zacb.
1300 4939 1377 4990 Ix,
1408 4920 1497 4977 10.
1591 4923 1637 4953 τ’
1677 4921 1805 4976 ibid.
1905 4923 1916 4954 ⁷

2012 4924 2127 4980 'sal.
2161 4941 2354 4993 eum,
2388 4927 2475 4982 15.
2584 4927 2632 4959 ⁷⁸
2671 4927 2839 4984 Marc.
2865 4945 2940 4996 xu,
2977 4929 3032 4984 2.

330 5008 383 5040 "
404 5006 561 5061 Joan.
594 5020 656 5067 ιι,
687 5001 778 5055 14.

331 5106 517 5165 batus,
550 5111 607 5154 ut
628 5101 866 5162 videtur,
894 5111 1068 5166 eoque
1094 5093 1254 5166 modo
1277 5091 1650 5166 restituendus
1671 5103 1781 5166 quo
1819 5088 1901 5142 1e—

329 5176 412 5244 git
452 5161 743 5244 interpres,
783 5161 1138 5244 neinpe:sic:
1181 5164 1328 5244 «Mil
1373 5161 1632 5244 φοϐοῦτ..
1660 5161 1905 5244 Δ’ἔρχεται

331 5229 639 5312 ξιαθήμενος
663 5229 756 5292 ἐπὶ
782 5229 1124 5312 πῶλὸνρνου,
1153 5255 1180 5312 -ι
1211 5229 1331 5312 ἀντ]
1361 5229 1531 5312 τοῦ,“ι
1561 5229 1905 5302 ἐπιϐεϐηκὼς

332 5281 751 5378 Ιύζοξνύγιον
779 5308 881 5378 καὶ,
904 5306 1082 5361 πῶλον
1109 5281 1245 5360 ζέον.
1281 5305 1438 5378 Ιῆοιτ.
1463 5281 1710 5378 Ῥῃιιοι..

405 5371 897 5455 (85⁸⁸)’ζῷᾼὺγέεῖ
923 5379 1083 5455 τλόγῳ
1113 5374 1482 5455 προσέχοιτε.
1522 5371 1904 5455 βλάπτοντα.

1905 4922 1952 4955 ⁷³
1981 4922 2127 4980 Psal.
2161 4941 2354 4993 eum,
2388 4927 2475 4982 15.
2584 4927 2632 4959 ⁷⁸
2671 4927 2839 4984 Marc.
2865 4945 2940 4993 xu,
2977 4929 3032 4984 2.
3137 4928 3183 4959 "
3217 4925 3322 4981 lsa.
3354 4939 3489 4989 xxx,
3528 4922 3582 4978 6.

2078 5083 2190 5157 (89)
2227 5083 2406 5157 codex
2438 5085 2653 5157 Regius,
2684 5086 2844 5157 male,
2879 5087 3153 5157 σημαίνει.

2073 5154 2185 5226 (90)
2217 5154 2338 5209 Τῶν
2365 5157 2486 5226 ἔξω
2503 5156 2609 5210 τοῦ
2636 5154 3024 5226 Πληρώμαξος
3059 5155 3353 5226 ψυχικῶν.
3391 5157 3464 5210 De
3485 5160 3586 5209 Va-

2008 5225 2435 5280 lentinianorum
2461 5225 2782 5292 Pleromate,
2805 5225 2858 5282 et
2890 5230 2955 5280 its
2980 5225 3098 5295 quae
3120 5242 3244 5281 sunt
3275 5237 3426 5280 extra
3463 5227 3583 5282 Ple-

2007 5312 2158 5351 roma
2191 5298 2408 5350 disserit
2451 5296 2785 5365 Epiphanius
2813 5314 2878 5351 ex
2903 5297 3123 5360 Irenmn,
3176 5300 3364 5350 haeres.
3428 5315 3578 5362 xxxi,

2009 5382 2131 5434 cap.
2158 5367 2258 5433 l6;
2295 5366 2670 5421 Tertulliauus
2713 5367 3134 5422 Uuiversitatein
3169 5368 3422 5435 appellat,
3455 5372 3578 5420 adv.

329 5435 422 5509 lta‘
433 5435 565 5508 1-}.d’.
596 5435 1029 5517 Bodl.;'Regius',
1050 5435 1063 5440 ’
1078 5435 1365 5514 τὸν’ὑγιῆ”
1383 5435 1540 5512 λόγον
1589 5441 1900 5517 προσέχειν,

2024 5435 2308 5517 Valent_in.,
2329 5438 2506 5517 deque
2531 5452 2592 5491 ea
2616 5439 2876 5517 agit_cum
2911 5439 3032 5517 hoc,
3061 5453 3219 5517 quem
3249 5439 3576 5517 dico,_.t.ibr_o,

333 5506 658 5598 βῑέτέονέαρ
763 5506 775 5516 ’
890 5506 920 5517 “’
1014 5506 1026 5512 ⁷
1188 5583 1200 5597 θ
1244 5506 1256 5513 ⁷
1291 5506 1326 5598 .’
1402 5583 1415 5596 .
1457 5506 1468 5512 ⁷
1579 5583 1594 5598 ‘
1633 5506 1654 5528 "
1763 5506 1795 5511 ’“
1847 5581 1860 5592 ⁹
2005 5506 2426 5598 ιυιιιοιξξιιιιΙίι).
2446 5506 2518 5560 De
2538 5506 3580 5598 pra’icript.ad_vers.liwrelt..,etlib;De

408 5574 522 5665 (sti)
551 5574 772 5659 φησιν.
804 5588 964 5642 Deest
993 5587 1046 5640 in
1080 5583 1269 5640 codice
1291 5583 1476 5654 Regio,
1502 5583 1596 5639 sed
1636 5590 1816 5636 exstat
1846 5581 1903 5635 in
2005 5576 2498 5665 animallumauum
2521 5574 2697 5665 autem
2723 5574 2892 5647 genus
2920 5577 2971 5629 in
3002 5585 3112 5661 tres
3137 5577 3356 5657 ordines
3383 5574 3578 5629 Valen-

328 5645 652 5721 Boilléiano‘.
1369 5645 1397 5654 ⁷

2012 5647 2196 5700 liniani
2225 5648 2621 5721 distribuebant
2643 5663 2657 5697 :
2687 5645 3112 5721 πνευματικούς,
3141 5647 3191 5698 in
3215 5661 3447 5721 quorum
3481 5662 3580 5721 nu-

407 5713 775 5807 (S’l-Fiqooﬁ.
827 5727 1179 5783 Desideratur
1241 5724 1293 5778 in
1358 5721 1548 5795 Regio,
1603 5721 1798 5794 legitur
1845 5721 1901 5775 in
2006 5733 2215 5807 merum
2255 5717 2542 5807 se|ipsinac
2583 5713 2869 5807 (Enostico's
2915 5713 3257 5807 referebant;
3289 5713 3574 5807 ψυχικρύς,

329 5785 650 5862 Bodieiauo.
1442 5785 1470 5795 ν
1534 5785 1544 5790 ’
1655 5785 1728 5862 ’ί
1821 5861 1824 5862 ν
2011 5791 2077 5862 de
2099 5785 3579 5862 quibushicll‘eracleon;etgapxtgoﬁg.Consulelipi-

409 5854 656 5941 (ᾕδεις
697 5868 1093 5939 Ἱεροσόλυμα.
1121 5865 1280 5924 Deest
1302 5868 1378 5929 εἰς
1415 5865 1466 5920 in
1491 5863 1676 5922 codice
1701 5861 1890 5931 Regio.

2012 5858 2258 5930 phanium
2293 5854 2485 5913 haeresi
2517 5871 2670 5930 mu,
2699 5871 2818 5926 cap.
2851 5856 2880 5909 7
2912 5854 2967 5915 et
2999 5857 3062 5915 l9
3086 5868 3285 5948 et_seq.
3313 5856 3572 5912 Hunnus.
