4170 6400
578 372 690 430 567

2021 361 2345 419 ΟΜϐΕΝΙΒ

3748 359 3847 419 368

579 497 710 554 illud
771 494 1092 566 accepisse,
1156 506 1256 548 suo
1317 502 1469 544 more
1536 488 1897 557 pronuntiat,
1957 479 2129 554 ιοεοιε

2250 481 2578 552 πεποιῆσθαι
2595 483 2660 536 ἐκ
2682 482 2928 553 σχοινίων
2945 480 3050 534 ὑπὸ
3064 477 3158 534 τοῦ
3187 478 3364 551 Ἰησοῦ
3386 477 3506 548 οὐχὶ
3528 480 3839 551 παρ’άλλου

581 592 687 644 lum
741 589 1028 659 imaginem
1081 602 1200 643 esse
1255 584 1447 639 dicens
1493 580 1748 650 potentiae
1804 585 1861 632 et
1921 576 2152 633 actionis

583 683 741 754 195
776 682 1013 753 Spiritus
1033 680 1203 735 sancti
1222 676 1474 741 eﬂlautis,
1497 687 1552 729 et
1577 672 1909 744 expellentis
1934 670 2108 725 malos
2133 685 2148 733 ;

579 785 634 828 et
680 774 857 842 inquit
911 771 1200 842 ﬂagellum,
1252 770 1441 834 linum,
1497 767 1805 828 simlouem,
1850 770 1906 818 et
1950 771 2149 816 caetera

580 866 728 932 talia,
758 864 1050 935 imaginem
1082 876 1203 918 esse
1240 859 1526 934 potentia,
1571 869 1629 916 et
1658 855 1993 928 Operationis
2024 851 2149 920 Spi-

570 944 707 1000 ritus
731 946 925 1001 sancti.
964 946 1154 1000 Postea
1185 946 1286 1001 sibi
1321 945 1549 1000 assumit
1574 946 1718 1016 quod
1743 946 2003 1016 scriptum
2031 961 2143 1003 non

568 1048 686 1106 est,
735 1038 990 1094 nimirum
1039 1039 1185 1110 quod
1237 1038 1504 1109 ﬂagellum
1550 1038 1620 1093 ad
1665 1038 1871 1111 lignum
1923 1038 2144 1110 ligatum

567 1141 717 1198 erat;
770 1131 915 1202 quod
953 1131 1155 1203 lignum
1194 1131 1580 1200 interpretatus
1628 1140 1714 1185 est
1750 1129 1977 1202 ﬁguram
2023 1144 2148 1186 esse

567 1224 775 1289 crucis;
817 1232 874 1278 et
911 1222 1087 1293 inquit
1125 1224 1230 1278 hoc
1276 1223 1422 1294 ligno
1457 1230 1809 1292 consumptos
1844 1230 1900 1276 et
1938 1221 2148 1276 deletos

567 1316 867 1382 aleatores,
931 1326 1260 1371 mercatores
1315 1331 1642 1385 omnemque
1696 1314 1975 1369 malitiam.
2033 1311 2147 1368 Nec

569 1409 683 1465 scio
711 1410 985 1480 quomodo
1012 1424 1222 1480 nugans
1250 1409 1393 1464 dicat
1424 1408 1692 1480 ﬂagellum
1725 1423 1793 1463 ex
1831 1407 1983 1462 hisce
2010 1405 2147 1461 dua-

568 1501 672 1558 bus
702 1502 865 1557 rebus
890 1512 1135 1573 paratum
1167 1502 1351 1565 fuisse,
1385 1517 1635 1573 quaerens
1660 1501 1934 1572 quomodo
1958 1516 1988 1555 a
2017 1500 2150 1556 Jesu

571 1594 773 1650 factum
812 1595 976 1650 fuerit
1014 1595 1142 1649 illud
1184 1612 1197 1648 :
1239 1609 1415 1663 neque
1451 1594 1596 1648 enim
1633 1608 1700 1648 ex
1737 1592 1912 1663 pelle,
1952 1591 2146 1662 inquit,

570 1696 784 1743 mortua
837 1687 967 1742 illud
1022 1687 1185 1752 fecit,
1227 1698 1286 1742 ut
1323 1685 1620 1742 Ecclesiam
1670 1692 2002 1756 praepararet
2036 1698 2146 1739 non

568 1780 803 1851 amplius
852 1780 1164 1850 Speluncam
1215 1779 1486 1835 latronum
1522 1787 1579 1833 et
1615 1786 2013 1841 mercatorum,
2055 1776 2148 1831 sed

2252 571 2522 638 λαϐόντος,
2538 572 2853 645 ἰδιοτρόπως
2867 570 3220 640 ἀπαγγέλλει,
3234 569 3413 639 λέγων
3433 569 3493 623 τὸ
3509 586 3551 638 φ
3564 572 3840 643 ραγέλλ·ον

2249 662 2434 716 εἰκόνα
2470 663 2755 734 τυγχάνειν
2774 662 2885 734 (91)
2926 663 3027 735 τῆς
3065 662 3373 733 δυνάμεως,
3417 661 3511 716 καὶ
3554 664 3834 733 ἐνεργείας

2247 754 2343 808 τοῦ
2367 755 2522 823 ἁγίου
2549 755 2863 827 Πνεύματος
2888 755 3233 825 ἐκφυσῶντος
3265 756 3393 818 τοὺς
3421 753 3681 825 χείρονας
3698 772 3713 786 ·
3742 758 3837 810 καί

2249 865 2383 918 φησι
2407 847 2468 900 τὸ
2496 847 2851 919 φραγέλλιον,
2880 847 2976 902 καὶ
3013 847 3076 901 τὸ
3105 838 3285 911 λίνον,
3316 846 3413 900 καὶ
3453 845 3553 916 τὴν
3595 847 3829 908 σινδόνα.

2249 939 2342 992 καὶ
2369 939 2469 991 ὅσα
2499 937 2744 1002 τοιαῦτα,
2773 938 2958 993 εἰκόνα
2975 938 3075 1009 τῆς
3101 936 3384 1009 δυνάμεως
3425 938 3520 990 καὶ
3545 937 3649 1008 τῆς
3679 938 3837 1008 ὲνερ-

2246 1037 2399 1108 γαίας
2426 1032 2567 1091 εἶναι
2600 1035 2697 1090 τοῦ
2749 1035 2907 1105 ἁγίου
2960 1031 3297 1103 Πνεύματος.
3360 1029 3595 1108 Ἔπειτα
3650 1026 3834 1099 ἑαυτῷ

2251 1104 2575 1201 προσείληφε
2603 1128 2666 1181 τὸ
2695 1126 2769 1199 μὴ
2802 1104 3222 1198 γεγραμμένον,
3270 1122 3351 1185 ὡς
3394 1120 3504 1191 ἄρα
3546 1104 3642 1185 ἐίς
3673 1119 3835 1187 ξύλον

2244 1219 2449 1274 ἐδέδετο
2477 1218 2538 1272 τὸ
2574 1215 2927 1290 φραγέλλιον,
2968 1215 3103 1287 ὅπερ
3137 1213 3295 1279 ξύλον
3322 1211 3437 1283 (92)
3460 1210 3637 1265 τύπον
3667 1208 3836 1265 ἐκλαμ-

2244 1310 2350 1365 ϐῶν
2406 1306 2542 1364 εἶναι
2573 1309 2668 1363 τοῦ
2704 1307 2937 1380 σταυροῦ
2958 1347 2976 1373 ,
3010 1305 3146 1377 φησὶ
3191 1304 3367 1376 τούτῳ
3396 1303 3475 1375 τῷ
3518 1302 3667 1375 ξύλῳ
3699 1304 3838 1375 ἀνη-

2241 1402 2478 1469 λῶσθαι,
2527 1403 2622 1455 καὶ
2658 1399 2952 1473 ἠφανίσθαι
2996 1400 3124 1462 τοὺς
3161 1397 3463 1463 κυϐευτὰς,
3521 1395 3833 1468 ἐμπόρους,

2241 1498 2336 1551 καὶ
2363 1496 2543 1550 πᾶσαν
2568 1493 2667 1566 τὴν
2709 1492 2929 1547 κακίαν.
2978 1491 3091 1545 Καὶ
3124 1491 3224 1544 ούκ
3250 1485 3347 1544 οἷδ’
3380 1489 3531 1552 ὅπως
3565 1487 3837 1559 φλυαριῖιν

2240 1605 2405 1661 φησιν
2434 1589 2499 1641 ὲκ
2528 1586 2622 1640 δύο
2650 1584 2857 1639 τούτων
2897 1583 3240 1654 πραγμάτοιν
3288 1580 3616 1663 φραγέλλιον
3659 1594 3836 1633 κατα-

2240 1677 2633 1743 σκευάζεσθαι,
2664 1674 2845 1748 ζητῶν
2888 1675 2951 1728 τὸ
2982 1674 3088 1727 ὑπὸ
3129 1673 3225 1729 τοῦ
3268 1671 3445 1743 Ἰησοῦ
3492 1670 3831 1741 γενόμενον·

2238 1773 2299 1825 οὐ
2328 1771 2438 1843 γὰρ
2463 1772 2529 1824 ὲκ
2551 1769 2856 1842 δέρματος,
2908 1766 3073 1838 φησὶ,
3117 1763 3312 1836 νεκροῦ
3363 1763 3626 1833 ἐποίησεν
3672 1760 3830 1823 αὐτὸ,

571 1839 793 1927 domum
846 1839 1021 1928 Patris
1073 1872 1179 1927 sui.
1234 1871 1530 1927 Dicendum
1568 1878 1653 1925 est
1688 1869 1851 1924 etiam
1889 1868 1964 1933 id,

2239 1864 2327 1918 ἵνα
2351 1839 2452 1935 τῆν
2492 1839 2819 1933 Ἐκκλησίαν
2846 1858 3239 1931 κατασκευάσῃ
3262 1856 3444 1911 οὐκέτι
3481 1854 3709 1928 λῃστῶν
3735 1852 3833 1906 καὶ

571 1964 805 2021 maxime
834 1974 916 2019 est
948 1965 1333 2027 necessarium,
1372 1964 1441 2019 de
1483 1962 1765 2019 divinitate
1791 1977 1856 2016 ex
1888 1961 1993 2016 hoc
2020 1976 2152 2016 con-

570 2062 723 2110 textu
758 2055 857 2126 ipsi
892 2055 1228 2110 Heracleoni.
1258 2054 1392 2110 Nam
1441 2054 1486 2109 si
1529 2055 1789 2125 templum
1821 2054 1963 2126 quod
1993 2052 2151 2109 Jero-

573 2148 791 2217 solymis
820 2157 938 2202 erat
964 2149 1181 2202 domum
1213 2146 1412 2216 proprii
1443 2143 1617 2201 Patris
1649 2147 1777 2201 dicit
1817 2161 1936 2200 esse
1968 2145 2149 2206 Jesus,

570 2235 880 2301 factumque
935 2232 1114 2287 fuerat
1161 2230 1420 2299 templum
1457 2229 1589 2284 illud
1639 2229 1710 2283 ad
1757 2228 1994 2300 gloriam
2020 2226 2138 2296 ejus

569 2324 655 2392 qui
685 2325 880 2377 malum
908 2332 1220 2389 terramque
1248 2319 1477 2381 creavit,
1500 2319 1773 2388 quomodo
1806 2332 1915 2373 non
1947 2318 2135 2373 statim

567 2417 877 2480 edocemur,
912 2429 1017 2468 non
1059 2421 1252 2481 putare
1279 2410 1475 2465 Filium
1511 2411 1609 2466 Dei
1638 2409 1874 2479 alicujus
1904 2409 2137 2467 alterius

567 2502 737 2562 illium
770 2521 914 2570 esse,
945 2522 1106 2575 quam
1140 2506 1258 2573 ejus
1287 2504 1381 2573 qui
1423 2503 1618 2559 cmlum
1653 2511 1971 2573 terramque
1999 2518 2134 2560 con-

565 2599 705 2653 didit
725 2599 749 2651 ‘l
768 2598 849 2654 Ad
884 2598 1025 2653 hanc
1050 2611 1183 2666 ergo
1210 2597 1429 2651 domum
1463 2593 1646 2649 Patris
1682 2592 1835 2657 Jesu,
1872 2605 2131 2662 tauquam

564 2690 915 2745 exsistentem
979 2689 1201 2743 domum
1260 2685 1633 2756 precationis,
1691 2684 1855 2739 etiam
1923 2684 2130 2740 Christi

563 2783 818 2852 apostoli,
851 2782 988 2836 utin
1019 2781 1231 2836 illorum
1267 2778 1418 2834 Actis
1448 2758 1767 2832 invenimus
1794 2777 1838 2809 τ’
1866 2816 1882 2842 .
1916 2777 1985 2831 ab
2032 2793 2135 2829 an-

562 2875 683 2945 gelo
706 2874 1223 2944 jubenturprofecti
1262 2882 1410 2928 stare
1444 2882 1501 2928 et
1531 2871 1677 2941 loqui
1722 2868 1921 2940 populo
1945 2868 2127 2925 omnia

562 2966 726 3021 verba
778 2968 902 3022 vita:
952 2966 1131 3036 hujus.
1181 2966 1322 3033 Quin
1370 2967 1536 3020 etiam
1583 2976 1682 3033 per
1742 2972 1953 3034 portam
2005 2975 2131 3030 spe-

555 3059 764 3113 ciosam
813 3057 925 3112 illic
984 3056 1285 3128 precaturi,
1335 3055 1502 3110 veluti
1549 3057 1619 3110 ad
1663 3055 1883 3109 domum
1930 3066 2126 3122 preca-

2238 1954 2493 2027 ἐμπόρων
2523 1952 2783 2025 σπήλαιον
2803 1993 2819 2019 ,
2849 1950 2987 2005 ἀλλὰ
3017 1942 3169 2004 οἷκον
3214 1948 3308 2005 τοῦ
3357 1946 3576 2021 Πατρὸς
3629 1945 3828 2000 αὐτοῦ.

2235 2045 2467 2101 Λεκτέον
2491 2045 2548 2099 δὲ
2576 2045 2636 2099 τὸ
2651 2043 3083 2114 ἀναγκαιότατον
3120 2042 3250 2113 περί
3291 2041 3392 2112 τῆς
3423 2038 3689 2110 θεότητος
3731 2038 3830 2091 καὶ

2236 2139 2302 2193 ὲκ
2323 2137 2430 2192 τῶν
2463 2135 2643 2211 ῥητῶν
2674 2136 2877 2190 τούτων
2913 2134 3049 2205 πρὸς
3078 2134 3260 2189 αὐτόν.
3288 2132 3352 2187 Εἰ
3384 2131 3493 2203 γὰρ
3531 2130 3599 2185 τὸ
3627 2132 3688 2184 ὲν
3724 2130 3825 2183 Ἰε-
3870 2170 3876 2178 .

2238 2229 2555 2302 ροσολύμοις
2587 2229 2732 2301 ἱερὸν
2759 2224 2905 2283 οἷκον
2938 2227 3032 2281 τοῦ
3065 2227 3196 2282 ἰδίου
3227 2227 3441 2298 Πατρός
3471 2242 3645 2296 φησιν
3678 2220 3823 2282 εἶναι

2233 2324 2263 2376 ὁ
2297 2320 2524 2393 Ἰησοῦς,
2557 2319 2717 2377 τοῦτο
2741 2319 2799 2373 δὲ
2830 2320 2891 2374 τὸ
2917 2320 3060 2392 ἱερὸν
3091 2319 3168 2383 εἰς
3194 2315 3350 2383 δόξαν
3380 2316 3477 2371 τοῦ
3523 2316 3821 2382 κτίσαντος

2232 2413 2326 2469 τὸν
2351 2414 2577 2486 οὐρανὸν
2608 2412 2703 2467 καὶ
2726 2413 2827 2485 τὴν
2854 2413 2956 2483 γῆν
2993 2411 3185 2481 γέγονε
3203 2453 3220 2478 ,
3263 2410 3381 2475 πῶς
3407 2410 3509 2465 ούκ
3551 2410 3821 2481 ἄντικρυς

2232 2505 2595 2578 διδασκόμεθα
2655 2503 2731 2577 μὴ
2783 2504 2969 2577 ἑτέρου
3024 2504 3169 2567 τινὸς
3222 2500 3464 2574 νομίζειν
3508 2502 3633 2556 υἱὸν
3675 2497 3820 2556 εἶναι

2233 2599 2383 2671 παρὰ
2439 2600 2531 2653 τὸν
2581 2596 2810 2669 ποιητὴν
2853 2596 3082 2668 ούρανοῦ
3125 2598 3222 2651 καὶ
3256 2596 3381 2667 γῆς,
3424 2596 3518 2650 τὸν
3554 2596 3691 2650 Υἱδν
3718 2593 3818 2649 τοῦ

2230 2690 2400 2754 Θεοῦ;
2435 2691 2529 2754 Εἰς
2558 2687 2747 2742 τοῦτον
2779 2687 2891 2760 (93)
2916 2684 3009 2743 οὖν
3036 2688 3126 2743 τὸν
3158 2685 3303 2744 οἷκον
3330 2687 3425 2742 τοῦ
3454 2688 3675 2760 Πατρὸς
3712 2688 3817 2759 Ἰη-

2232 2783 2346 2847 σοῦ,
2370 2784 2448 2846 ὡς
2479 2777 2626 2836 οἷκον
2649 2783 2980 2855 τυγχάνοντα
3008 2780 3109 2851 τῆς
3138 2781 3463 2853 προσευχῆς,
3491 2782 3592 2834 καὶ
3626 2782 3678 2834 οἰ
3719 2780 3814 2834 τοῦ

2195 2873 2465 2948 ’Χριστοῦ
2493 2873 2780 2928 ἀπόστολοι
2801 2913 2817 2940 ,
2856 2873 2933 2938 ὼς
2964 2874 3023 2927 ιν
3053 2876 3175 2939 ταῖς
3216 2873 3487 2946 Πράξεσιν
3510 2871 3696 2926 αὐτῶν
3723 2870 3813 2924 εῦ-

2231 2984 2417 3040 ρομεν,
2479 2967 2584 3022 ὑπὸ
2629 2965 2722 3021 τοῦ
2783 2966 3013 3035 ἀγγέλου
3075 2965 3385 3019 κελεύονται
3444 2964 3814 3037 πορευθέντες

2229 3062 2449 3133 στῆναι,
2502 3061 2598 3115 καὶ
2654 3058 2834 3114 λαλεῖν
2862 3059 2941 3132 τῷ
2986 3058 3101 3129 λαῷ
3141 3061 3317 3115 πάντα.
3343 3057 3413 3113 τὰ
3451 3059 3681 3131 ῥήματα
3708 3058 3811 3127 τῆς
3833 3104 3861 3140 ι.

554 3152 743 3217 tionis,
781 3152 1208 3221 proﬁciscuntur
1247 3149 1294 3184 "
1336 3168 1351 3205 :
1409 3149 1827 3219 haudquaquam
1879 3147 1992 3201 haec
2040 3145 2122 3199 fa-

2227 3152 2372 3226 ζωῆς
2393 3153 2618 3224 ταύτης.
2653 3151 2814 3207 Ἀλλὰ
2837 3153 2933 3207 καί
2952 3152 3040 3207 διὰ
3061 3151 3162 3224 τῆς
3188 3152 3398 3223 ὡραίας
3419 3150 3599 3223 πύλης
3627 3151 3808 3204 lusio:

550 3241 719 3307 cturi,
743 3241 846 3296 nisi
872 3242 1043 3311 ipsum
1077 3239 1330 3296 eumdem
1359 3253 1484 3294 cum
1515 3252 1583 3294 eo
1615 3239 1895 3294 novissent
1933 3237 2122 3303 Deum,

548 3332 644 3402 qui
676 3334 1003 3389 adorabatur
1036 3334 1104 3387 ab
1135 3334 1219 3388 his
1255 3333 1348 3402 qui
1391 3330 1648 3401 templum
1684 3330 1818 3386 illud
1848 3330 1962 3385 Deo
1990 3345 2125 3385 eou-

551 3433 852 3480 secraraut.
904 3424 1171 3490 Quocirca
1228 3424 1544 3480 obedientes
1593 3424 1707 3478 Deo
1743 3422 1918 3492 magis
1958 3437 2121 3493 quam

552 3515 861 3571 hominibus
909 3515 977 3581 τ’,
1025 3515 1217 3572 Petrus
1263 3523 1321 3571 et
1361 3513 1590 3585 apostoli
1641 3514 1828 3569 dicunt
1867 3532 1883 3569 :
1924 3532 1945 3568 ι
1979 3512 2121 3571 Deus

548 3618 765 3675 patrum
793 3614 1100 3663 nostrorum
1129 3607 1421 3662 suscitavit
1448 3604 1653 3669 Iesum,
1686 3620 1855 3676 quem
1893 3621 1995 3662 vos
2037 3608 2120 3663 in-

551 3699 866 3765 terctniSIis,
922 3698 1311 3767 suspendentes
1353 3699 1405 3753 in
1453 3699 1605 3771 ligno
1646 3699 1695 3733 ⁸⁸
1722 3716 1741 3753 :
1771 3720 1793 3753 ι
1836 3715 1943 3756 non
1971 3703 2119 3756 enim

548 3792 617 3845 ab
649 3790 757 3845 alio
790 3792 899 3846 Deo
922 3790 1101 3847 sciunt
1127 3794 1368 3848 excitum
1391 3789 1577 3848 Iesum
1610 3806 1644 3847 ε
1668 3794 1920 3859 mortuis,
1950 3793 2055 3847 nisi
2085 3807 2115 3848 a

548 3882 661 3938 Deo
714 3892 929 3951 patrum
981 3882 1223 3947 illorum,
1270 3899 1433 3951 quem
1484 3883 1735 3939 Christus
1780 3883 2112 3956 gloriﬂeans,

545 3974 843 4040 Abraham,
881 3984 938 4028 et
961 3975 1133 4042 tsaac,
1164 3985 1220 4030 et
1251 3974 1421 4032 Iacob
1463 3977 1635 4033 Deum
1665 3977 1795 4033 dicit
1826 3992 1968 4046 esse,
2004 3995 2113 4035 non

547 4075 909 4135 mortuorum,
961 4068 1055 4121 sed
1106 4067 1404 4124 virentium
1453 4067 1522 4123 “.
1567 4073 1751 4138 Atque
1786 4069 1951 4125 etiam
1977 4086 2115 4140 quo-

545 4158 707 4213 modo
733 4158 1006 4229 discipuli,
1042 4160 1087 4213 si
1122 4160 1313 4213 domus
1342 4175 1447 4213 non
1491 4159 1687 4215 fuisset
1723 4162 1967 4231 ejusdem
2015 4163 2111 4220 Dei

539 4265 667 4305 cum
695 4249 804 4306 Deo
833 4251 1060 4316 Christi,
1090 4254 1360 4308 recordati
1399 4252 1634 4309 fuissent
1663 4254 1955 4309 verborum
1986 4255 2108 4311 illo-

544 4356 665 4396 rum
694 4363 707 4398 :
744 4361 763 4393 ι
798 4341 959 4397 Zelus
1000 4344 1194 4398 domus
1248 4352 1356 4400 tua:
1405 4346 1638 4400 comedit
1685 4360 1793 4415 me,
1818 4366 1838 4399 ι
1872 4361 1993 4417 qua:
2027 4349 2113 4404 di-

541 4442 740 4487 cuntur
766 4434 819 4487 in
861 4435 1067 4502 psalmo
1092 4437 1431 4506 sexagesimo
1458 4439 1695 4494 octavo?
1724 4437 1819 4495 Sic
1842 4440 1988 4495 enim
2011 4456 2108 4513 po-

543 4523 693 4578 nitur
720 4525 774 4579 iu
802 4523 1092 4593 Propheta,
1133 4528 1377 4592 comedit,
1439 4539 1679 4599 tempore
1727 4532 2003 4601 praesenti,
2048 4544 2103 4588 et

541 4632 671 4683 non,
722 4619 969 4681 comedit,
1021 4626 1267 4689 tempore
1322 4615 1622 4691 praeterito.
1677 4623 1860 4697 Diligit
1923 4635 2103 4682 autem

540 4711 739 4767 eximie
766 4711 1018 4766 Christus
1038 4715 1256 4769 domum
1287 4715 1380 4771 Dei
1412 4717 1463 4772 in
1491 4734 1817 4791 unoquoque
1835 4730 2101 4787 nostrum,

540 4799 729 4852 nolens
769 4798 941 4867 ipsam
972 4798 1088 4853 fieri
1119 4801 1337 4857 domum
1370 4796 1667 4873 mercatus,
1707 4826 1883 4882 neque
1915 4813 2102 4868 volens

538 4897 596 4942 ut
649 4887 839 4943 domus
912 4891 1241 4957 precationis
1310 4898 1565 4965 spelunca
1630 4900 1725 4958 ﬁat
1790 4903 2099 4971 latronum,

2227 3244 2658 3319 προσεύξασθαι,
2693 3244 2772 3309 ὠς
2815 3247 2895 3309 εἰς
2918 3239 3065 3299 οἷκον
3096 3243 3440 3316 προσευχῆς,
3470 3244 3810 3315 προσέρχον-

2222 3352 2342 3393 ται·
2372 3335 2475 3390 οὐκ
2499 3334 2571 3391 ἂν
2593 3330 2751 3389 τδῦτο
2777 3336 3122 3406 ποιήσαντες,
3150 3335 3199 3387 εἰ
3236 3334 3313 3406 μὴ
3335 3333 3427 3387 τὸν
3458 3332 3629 3389 αὐτὸν
3676 3334 3807 3406 ᾔδε-

2224 3445 2323 3482 σαν
2352 3426 2472 3498 Θεῷ
2495 3426 2577 3499 τῷ
2598 3426 2703 3480 ὑπὸ
2742 3424 2850 3480 τῶν
2895 3421 3286 3490 ὲκθειαζόντων
3315 3422 3407 3479 τὸν
3436 3422 3567 3477 ναὸν
3594 3424 3808 3478 ἐκεῖνον
3840 3454 3847 3459 ε

2221 3521 2332 3594 (94)
2358 3519 2833 3593 προσκυνουμένῳ.
2873 3519 3073 3589 Διόπερ
3094 3516 3190 3572 καὶ
3216 3516 3465 3586 λέγουσιν
3491 3518 3542 3570 οἰ
3573 3515 3809 3591 πειθαρ-

2219 3614 2441 3686 χοῦντες
2483 3611 2601 3683 Θεῷ
2651 3610 2851 3683 μᾶλλον
2887 3611 2920 3683 ἢ
2966 3609 3304 3684 ἀνθρώποις,
3346 3609 3556 3681 Πέτρος
3604 3609 3707 3664 καὶ⁵
3756 3609 3808 3663 οἰ

2218 3703 2506 3761 ἀπόστολοι
2529 3721 2542 3736 ·
2593 3724 2612 3757 ι
2656 3705 2717 3758 '0
2751 3702 2887 3768 Θεὸς
2928 3702 3036 3757 τῶν
3066 3703 3320 3773 πατέρων
3363 3700 3523 3773 ἡμῶν
3573 3702 3805 3773 ἤγειρεν

2230 3797 2455 3871 Ἰησοῦν,
2487 3795 2547 3851 ὃν
2568 3798 2725 3867 ὑμεῖς
2754 3793 3144 3867 διεχειρίσασθε
3177 3794 3552 3866 κρεμάσαντες
3589 3793 3690 3848 ἐπὶ
3720 3791 3808 3859 ξύ-

2214 3891 2341 3945 λου·
2370 3909 2391 3944 ι
2436 3889 2499 3944 οὐ
2526 3889 2637 3961 γὰρ
2663 3888 2754 3941 ὑπ’
2780 3887 2941 3943 ἄλλου
2980 3886 3155 3941 ῐσασιν
3189 3888 3254 3940 ὲκ
3295 3884 3504 3958 νεκρῶν
3552 3887 3802 3958 ἐγηγερ-

2218 3982 2377 4055 μένον
2404 3982 2610 4055 Ἰησοῦν
2633 3979 2767 4035 Θεοῦ
2784 3979 2818 4052 ἢ
2836 3977 2929 4033 τοῦ
2959 3978 3067 4033 τῶν
3094 3977 3365 4051 πατέρων,
3394 3976 3453 4032 ὃν
3484 3977 3578 4031 καὶ
3606 3980 3637 4032 ὁ
3665 3978 3803 4049 Χρι-

2216 4072 2341 4138 στὸς
2367 4073 2606 4139 δοξάζων
2632 4071 2765 4126 Θεὸν
2799 4068 2894 4153 τοῦ
2951 4068 3231 4141 Ἀϐραὰμ,
3274 4070 3371 4124 καὶ
3428 4069 3649 4135 Ἰσαὰκ,
3701 4071 3801 4124 καὶ

2226 4165 2423 4222 Ἰακῶὸ
2457 4182 2622 4240 φησιν
2646 4160 2817 4229 εἶναι,
2859 4164 2962 4217 οὐκ
3000 4161 3170 4219 ὄντων
3194 4162 3403 4234 νεκρῶν
3428 4203 3443 4227 ,
3483 4162 3624 4218 ἀλλὰ
3655 4162 3800 4229 ζὼν-

2212 4278 2339 4315 των.
2374 4258 2499 4324 Πῶς
2530 4259 2590 4313 δὲ
2614 4260 2709 4313 καὶ
2735 4259 2786 4313 οἰ
2818 4258 3093 4330 μαθηταὶ,
3117 4260 3167 4312 εἰ
3220 4258 3294 4330 μὴ
3340 4257 3435 4313 τοῦ
3468 4257 3641 4313 αὐτοῦ
3680 4257 3797 4329 (95)

2210 4350 2347 4405 Θεοῦ
2372 4346 2491 4422 Θεῷ
2510 4349 2604 4404 τοῦ
2639 4347 2879 4421 Χριστοῦ
2899 4344 3095 4411 όοῐκος
3122 4344 3213 4420 ῆν,
3246 4346 3556 4419 ἐμέμνηντο
3589 4347 3660 4402 ἂν
3698 4346 3799 4402 τοῦ

2211 4445 2273 4498 ὲν
2303 4440 2383 4514 ξη²
2411 4438 2612 4513 ψαλμῷ
2638 4437 2929 4511 εἰρημένου
2957 4437 3099 4507 (96)'
3141 4457 3160 4490 ι
3213 4437 3272 4491 ‘0
3308 4437 3469 4507 ζῆλος
3502 4435 3599 4489 τοῦ
3634 4437 3795 4491 οἴκου

2135 4515 2179 4574 Ῑ)
2208 4547 2305 4584 σου
2326 4527 2703 4598 καταφάγεταί
2734 4544 2843 4599 με;
2870 4547 2890 4578 ι
2933 4527 3077 4582 οὔτω
3102 4526 3212 4600 γὰρ
3236 4529 3411 4581 κεῖται
3438 4528 3498 4581 ὲν
3535 4526 3623 4598 τῷ
3651 4545 3799 4601 προ-

2206 4623 2371 4695 φήτῃ,
2388 4620 2483 4676 καὶ
2498 4619 2637 4690 οὐχὶ,
2695 4617 2990 4689 accrescere
3021 4619 3136 4693 (97)
3152 4637 3254 4691 με.
3289 4618 3449 4691 Ζηλοῖ
3469 4618 3527 4673 δὲ
3545 4619 3795 4690 μάλιστα

2202 4717 2232 4769 ό
2255 4714 2487 4788 Χριστὸς
2514 4711 2605 4767 τδν
2633 4711 2935 4784 ἐν,ὲκάστῳ
2963 4713 3121 4785 ἡμῶν
3165 4710 3315 4767 οἷκον
3364 4712 3458 4767 τοῦ
3495 4713 3634 4768 Θεοῦ
3652 4754 3677 4783 ,
3712 4715 3801 4788 μὴ

2204 4807 2523 4878 βουλόμενος
2547 4802 2713 4857 αὑτὸν
2736 4798 2873 4857 εῖναι
2899 4799 3046 4859 οἶκον
3076 4803 3373 4875 ἐμπορίου,
3414 4804 3549 4875 μηδὲ
3584 4806 3687 4860 τὸν
3709 4806 3796 4859 οἶ-

2201 4917 2296 4954 κον
2322 4898 2427 4969 τῆς
2465 4894 2773 4971 προσευχῆς
2803 4894 3015 4969 λῃστῶν
3050 4894 3348 4966 σπήλαιον,
3389 4896 3486 4949 ἆτε
3513 4896 3654 4950 Θεοῦ
3688 4898 3795 4971 ζη-

534 4979 731 5047 ψιίιιρο
770 4978 862 5047 qui
900 4979 989 5033 Dei
1024 4981 1184 5057 196
1213 4985 1438 5045 zelautis
1466 4990 1538 5045 sit
1569 4989 1760 5057 Filius,
1785 4995 1830 5050 si
1857 4995 2090 5050 candido

2225 4989 2369 5047 ,ωτοῦ
2409 4989 2538 5051 Υἱὸς
2561 4986 2657 5051 ῶν,
2691 4987 2787 5040 ἐὰν
2814 4985 3317 5058 εὐγνωμονέστερον
3353 4985 3645 5057 ἀκούωμεν
3672 4989 3793 5044 τῶν
3842 5024 3845 5025 ν

604 5070 647 5101 τ’
671 5076 791 5125 Act.
814 5088 879 5153 Σὲ
899 5072 999 5153 29λ
1065 5076 1111 5108 ⁷⁸
1138 5079 1261 5135 Act.
1287 5096 1371 5151 tu,
1400 5084 1452 5153 1,
1473 5084 1529 5140 2.
1635 5086 1683 5121 ν’
1718 5088 1843 5144 Act.
1872 5102 1924 5147 ν.
1954 5086 2046 5143 29.

533 5136 664 5195 Luc.
696 5155 789 5207 xx,
813 5142 901 5209 57,
933 5144 1020 5201 58.

604 5235 715 5303 (9!)
744 5235 923 5291 Codex
962 5236 1181 5312 Regius,
1215 5244 1374 5312 male,
1400 5247 1674 5320 τυγχάνει.

599 5343 730 5429 (92)
784 5346 1050 5429 Ἐξδέδεζο
1088 5352 1195 5429 ’τὸν
1224 5355 1619 5429 φραγέλλιον,
1678 5353 2097 5429 5x89515103”-

528 5418 649 5474 Ha:c
677 5420 728 5492 in
752 5420 938 5492 codice
974 5421 1138 5492 ltegio
1170 5418 1575 5485 desiderantur.
1603 5418 1697 5480 sed
1732 5418 2096 5479 restituuntur

526 5506 557 5543 e
603 5489 791 5545 codice
838 5488 1148 5550 Bodleiano.
1185 5494 1473 5551 Observari
1519 5495 1682 5549 velini
1736 5496 1790 5548 in
1840 5493 2095 5546 omnibus

525 5563 901 5696 :zsiwgostris
957 5564 1155 5633 ubique
1197 5568 1298 5634 legi
1369 5564 1735 5636 φραγγέλιον,
1787 5576 1893 5618 non
1950 5577 2091 5631 φρα-

522 5730 989 5875 Βεέῗὶῧζόζοῦτον.
1029 5740 1118 5797 Sic
1169 5740 1331 5796 habet
1363 5740 1533 5817 codex
1589 5705 1947 5805 Bodleianus;
1983 5734 2094 5792 Re-

2152 5087 2200 5119 “
2242 5085 2374 5140 ibid.
2410 5082 2501 5136 ὅθ.

2608 5080 2651 5113 ει
2678 5077 2871 5134 Matth.
2896 5093 3034 5145 aut,
3061 5077 3132 5133 52
3158 5096 3179 5147 ;,
3233 5077 3403 5134 Marc.
3430 5094 3531 5146 ait,
3551 5078 3649 5143 26,
3676 5060 3789 5145 27.;

2279 5242 2393 5313 (9‘)
2445 5239 2725 5295 Ἐκεῖνον.
2781 5240 2861 5296 Ita
2911 5243 3081 5299 codex
3131 5240 3493 5308 Bodleianus;
3549 5239 3789 5313 Regius,

2206 5315 2434 5369 ἐκείνου.
2466 5312 2623 5367 male.

2274 5354 2738 5453 (ἐῶ-’έῖξλῆτοῦ
2768 5380 2975 5439 αὐτοῦ.
3007 5379 3063 5436 In
3089 5382 3279 5441 codice
3310 5380 3483 5452 Regio
3499 5381 3790 5439 omittitur

2199 5454 2386 5596 εἶδες)
2425 5522 2774 5596 Εἰρῃμένου.
2813 5522 2970 5580 Deest
2998 5524 3052 5578 in
3083 5523 3270 5579 codice
3296 5520 3488 5594 Regio,
3533 5520 3636 5579 sed
3690 5537 3793 5579 ro-

2140 5654 2143 5661 _
2200 5592 2445 5649 stiiuitur
2476 5612 2506 5643 e
2540 5592 2853 5648 limlleiauo.

2276 5664 2387 5737 (97)
2428 5661 2746 5737 Karégare.
2781 5664 2871 5719 Sic
2900 5673 3045 5737 recte
3072 5662 3616 5737 codexfBodlcianus,
3655 5676 3789 5730 per-

2204 5720 2392 5803 ρεὲεηίι
2422 5749 2551 5786 veru
2578 5720 2799 5802 Regius,
2823 5735 3217 5802 καταφάγεται.
3246 5735 3530 5790 Ferrarius

2203 5807 2618 5875 καταφαγείται.
