4170 6392
355 389 360 400 ’
376 411 484 464 369

1486 406 1842 461 COMMENT.
1884 406 1945 459 ΙΝ
1981 397 2176 462 JOAN.
2225 405 2459 462 TOMUS
2497 406 2562 464 X.

3518 411 3622 464 570

373 525 633 578 τοιούτων
665 524 774 579 ἀπὺ
799 524 910 577 τῶν
939 524 1172 596 Γραφῶν
1205 523 1398 594 φωνῶν
1420 563 1435 589 ,
1472 522 1614 578 κατὰ
1641 521 1943 594 μεταφορὰν

2057 524 2242 577 animo
2269 523 2402 578 tales
2432 522 2843 594 Scripturarum
2873 533 3032 579 wees
3068 524 3340 587 audimus,
3389 539 3417 575 a
3466 526 3624 579 rebus

375 616 685 686 εἰρημένων
741 616 849 669 ἀπὺ
894 616 1001 670 τῶν
1052 618 1442 690 ἀνθρωπίνων,
1485 619 1566 680 είς
1618 617 1953 686 παράστασιν

377 707 472 761 τοῦ
516 706 683 777 μηδὲν
713 707 992 779 ἀλλότριον
1044 708 1327 779 βούλεσθαι
1355 710 1447 762 τὸν
1487 708 1619 762 θεὸν
1661 709 1951 780 ἐπιμίγνυ-

383 797 504 852 σθαι
528 796 622 851 τοῦ
651 797 987 870 βουλήματος
1020 801 1182 854 αὐτοῦ
1207 805 1272 872 τῇ
1303 803 1448 872 ψυχῇ
1484 803 1701 856 πάντων
1733 803 1830 873 μὲν
1861 803 1955 855 ἀν-

375 889 634 962 θρώπων,
673 890 968 963 ἐξαιρέτως
1016 892 1072 945 δὲ
1117 893 1224 946 τῶν
1276 892 1344 947 τὰ
1385 895 1484 964 τῆς
1515 892 1798 963 θειοτάτης
1841 893 1951 962 (98)

377 981 613 1044 πίστεως
645 981 1052 1052 παραδέξασθαι
1085 983 1363 1038 θελόντων.
1407 983 1553 1054 Πλὴν
1581 983 1670 1038 τὸν
1714 983 1794 1054 ξη’
1819 982 1954 1053 ψαλ-

354 1073 480 1142 “μὺν
509 1072 618 1143 (99)
644 1073 835 1142 ἔχοντα
866 1074 926 1127 τό
945 1090 960 1105 ⁸
1002 1093 1022 1126 ι
1069 1076 1126 1129 Ὀ
1155 1074 1318 1145 ζῆλος
1338 1075 1432 1130 τοῦ
1467 1077 1615 1130 οἴκου
1659 1094 1752 1130 σου
1785 1094 1950 1130 κατα-

375 1166 606 1234 φάγεταί
654 1184 756 1237 με,
794 1186 813 1217 ι
867 1168 960 1221 καὶ
1015 1168 1131 1240 μετ’
1188 1169 1374 1238 ὀλίγα·
1433 1167 1742 1223 σ’Ἕδωκαν
1785 1171 1864 1232 είς
1892 1169 1951 1222 τὸ

377 1255 575 1328 βρῶμά
603 1271 706 1326 μου
734 1258 926 1329 χολὴν,
957 1262 1052 1313 καὶ
1097 1262 1178 1324 εἰς
1219 1261 1319 1331 τὴν
1367 1261 1524 1331 δίψαν
1560 1279 1660 1332 μου
1695 1261 1950 1314 ἐπότισάν

378 1368 445 1420 με
496 1351 617 1416 ὅξος
662 1369 680 1402 ι
741 1351 1048 1424 (ἀμφότερα
1094 1355 1152 1406 ἐν
1192 1356 1307 1418 τοῖς
1357 1354 1706 1424 Εὐαγγελίοις
1753 1354 1949 1423 ἀναγε-

372 1444 712 1513 γραμμένα),
732 1445 903 1499 ἰστέον
925 1447 988 1498 ἐκ
1008 1445 1296 1516 προσώπου
1314 1446 1563 1515 λέγεσθαι
1581 1445 1672 1500 τοῦ
1689 1445 1948 1517 Χριστοῦ,

351 1530 630 1601 κούδεμίαν
661 1533 994 1603 ἐμφαίνοντα
1032 1535 1124 1588 τοῦ
1156 1534 1407 1604 λέγοντος
1447 1535 1739 1608 προσώπου
1781 1554 1948 1607 μετα-

374 1623 554 1694 θολήν.
583 1624 794 1698 Σφόδρα
815 1626 871 1679 δὲ
894 1627 1336 1700 ἀπαρατηρήτως
1366 1633 1396 1684 ὁ
1439 1629 1754 1701 ’Πρακλέων
1782 1630 1948 1684 οἴεται

371 1715 454 1767 τό·
472 1735 490 1765 ι
515 1716 572 1769 Ὀ
591 1716 750 1788 ζῆλος
767 1717 861 1770 τοῦ
880 1718 1026 1772 οἴκου
1050 1737 1144 1774 σου
1160 1721 1536 1790 καταφάγεταί
1559 1740 1648 1793 με,
1670 1741 1689 1774 ι
1705 1723 1769 1775 ἐκ
1788 1739 1949 1794 προσ·

350 1805 523 1859 -ώπου
568 1807 680 1860 τῶν
727 1808 1100 1881 ἐκϐληθέντων
1142 1813 1237 1865 καὶ
1286 1812 1668 1867 ἀναλωθέντων
1713 1813 1818 1867 ὑπὸ
1852 1813 1945 1867 τοῦ

2058 613 2315 670 humanis
2363 629 2458 684 per
2510 615 2882 684 metaphoram
2915 616 3252 684 desumptas,
3288 615 3352 669 ad
3397 616 3624 671 demon-

2057 706 2344 760 strandum
2393 707 2537 776 quod
2573 707 2712 763 Deus
2761 707 2893 762 nolit
2927 707 3089 762 alieni
3139 705 3435 776 quidquam
3469 721 3497 760 a
3531 723 3628 762 vo-

2056 799 2263 854 luntate
2288 815 2384 855 sua
2423 800 2713 854 admisceri
2757 801 2950 856 animae
2993 801 3236 855 omnium
3269 801 3489 870 quidem
3521 802 3623 855 ho-

2058 895 2285 961 minum,
2323 895 2416 948 sed
2460 894 2731 964 praecipue
2759 910 2948 949 eorum
2983 895 3072 964 qui
3116 894 3406 949 admittere
3437 893 3626 948 volunt

2055 987 2451 1042 divinissimam
2501 987 2680 1042 fidem.
2723 989 2972 1042 Attamen
3019 988 3297 1043 sciendum
3337 997 3441 1052 est,
3477 987 3623 1056 psal-

2053 1093 2201 1132 mum
2229 1090 2480 1135 octavnm
2507 1089 2559 1133 et
2584 1081 3003 1148 sexagesimum,
3037 1079 3327 1136 habentem
3367 1097 3380 1133 :
3415 1098 3434 1131 ε
3464 1077 3623 1134 Zelus

2055 1168 2251 1223 domus
2281 1179 2387 1223 tuae
2413 1168 2651 1223 comedit
2682 1185 2786 1234 me,
2822 1188 2842 1222 ι
2881 1178 2936 1224 et
2965 1180 3090 1239 post
3127 1184 3297 1239 pauca
3341 1189 3356 1223 :
3393 1189 3411 1222 ι
3451 1169 3624 1224 Dede-

2057 1269 2182 1314 runt
2219 1259 2272 1312 in
2304 1273 2486 1314 escam
2528 1272 2706 1314 meam
2739 1260 2831 1328 fel,
2861 1269 2916 1315 et
2947 1261 2999 1314 in
3030 1261 3120 1316 siti
3154 1277 3271 1316 mea
3299 1270 3624 1330 putaveram

2055 1363 2142 1402 me
2167 1357 2328 1403 aceto
2376 1367 2395 1400 ι
2442 1351 2585 1420 (quae
2621 1361 2853 1419 utraque
2885 1351 2942 1406 in
2977 1351 3285 1430 Erangeliis
3327 1360 3455 1406 sunt
3489 1350 3624 1406 scri-

2052 1451 2142 1511 pta
2172 1439 2245 1511 ⁸²)
2278 1457 2344 1496 ex
2373 1457 2603 1512 persona
2634 1442 2844 1498 Christi
2869 1443 3000 1509 dici,
3032 1444 3234 1498 nullam
3270 1457 3517 1513 persona:
3544 1441 3623 1496 lo-

2053 1533 2272 1602 quentis
2303 1534 2673 1589 ostendentem
2711 1535 3084 1590 mutationem.
3113 1535 3283 1591 Valde
3310 1544 3492 1590 autem
3540 1535 3623 1588 in-

2051 1627 2412 1680 observanter
2445 1625 2747 1681 Heracleon
2798 1626 2928 1682 illud
2971 1641 2988 1681 :
3035 1646 3055 1679 ‹
3095 1626 3256 1683 Zelus
3287 1627 3481 1683 domus
3520 1635 3624 1681 tua:

2051 1719 2287 1774 comedit
2311 1732 2416 1782 me,
2450 1737 2470 1771 ι
2500 1717 2602 1773 dici
2637 1727 2792 1788 putat
2830 1733 2900 1773 ex
2941 1733 3172 1791 persona
3207 1733 3396 1774 earum
3435 1729 3624 1788 poten-

2053 1814 2250 1866 tiarum
2279 1825 2397 1881 quae
2423 1811 2609 1878 ejecta:
2641 1811 2864 1866 fuerunt
2895 1821 2947 1866 et
2973 1821 3308 1882 consumptae
3349 1829 3380 1866 a
3425 1813 3624 1868 Serva-

372 1898 622 1972 Σωτῆρος
651 1879 931 1972 δυνάμεων
964 1902 1249 1971 λέγεσθαι,
1281 1904 1354 1976 μὴ
1393 1905 1687 1976 δυνάμενος
1717 1905 1808 1959 τὸν
1835 1906 1943 1978 εἱρ-

2054 1913 2188 1968 tore,
2222 1879 2326 1955 non
2355 1902 2542 1956 valens
2589 1902 2640 1956 in
2677 1902 2884 1972 psalmo
2924 1904 3123 1958 seriem
3165 1897 3462 1973 prophetiae
3505 1919 3627 1960 ser-

373 1989 474 2059 μδν
499 1991 598 2062 τῆς
623 1993 681 2046 ἐν
714 1992 791 2064 τῷ
822 1993 1022 2065 ψαλμῷ
1051 1996 1378 2067 προφητείας
1410 1998 1666 2069 τηρῆσαι.
1708 1998 1950 2067 Νοουμέ-

349 2101 479 2136 ⁶νων
536 2083 609 2156 (1)
666 2083 775 2156 γὰρ
822 2087 886 2140 ἐκ
936 2087 1228 2156 προσώπου
1278 2089 1385 2142 τῶν
1431 2089 1801 2160 ἐκϐληθέντων
1856 2090 1948 2143 καὶ

347 2177 753 2232 ’ἀναλωθέντων
775 2179 1054 2250 δυνάμεων
1076 2180 1351 2250 λέγεσθαι,
1373 2184 1664 2239 ἀκόλουθόν
1689 2187 1806 2239 ἐστι
1827 2187 1946 2240 κατ’

369 2267 534 2320 αὐτὸν
568 2269 662 2322 καὶ
699 2269 779 2322 τό’
815 2289 833 2321 ι
867 2271 1114 2326 Ἔδωκαν
1148 2273 1228 2333 είς
1259 2272 1318 2326 τὸ
1346 2274 1541 2347 βρῶμά
1575 2295 1675 2347 μου
1710 2277 1892 2350 χολὴν,
1923 2298 1941 2331 ι

339 2358 464 2411 ’καὶ
509 2358 604 2411 ἀπ’
659 2362 884 2416 ἐκείνων
926 2362 1002 2433 (2)
1047 2363 1334 2432 λέγεσθαι,
1371 2368 1429 2420 ὲν
1457 2367 1534 2440 τῷ
1567 2368 1715 2440 αὐτῷ
1752 2371 1948 2440 ἀναγε-

343 2455 685 2524 γραμμένον
713 2454 943 2526 ψαλμῷ·
972 2456 1090 2511 ἀλλ’
1117 2458 1192 2522 ώς
1215 2460 1362 2524 εἰκὸς
1384 2462 1644 2533 ἐτάραξεν
1669 2464 1830 2518 αὑτὸν
1851 2465 1912 2519 τό
1929 2485 1946 2500 ο

342 2545 770 2617 ’καταφάγεταί
794 2565 906 2618 με,
963 2549 1039 2612 ώς
1084 2550 1158 2623 μὴ
1209 2551 1505 2624 δυνάμενον
1553 2555 1660 2608 ὑπὸ
1711 2558 1946 2629 Χριστοῦ

365 2636 828 2707 ἀπαγγέλλεσθαι,
857 2638 954 2709 οὐχ
989 2639 1203 2712 ὁρῶντα
1236 2643 1310 2712 (5)
1345 2643 1406 2697 τὸ
1437 2644 1559 2709 ἔθος
1587 2645 1698 2699 τῶν
1736 2647 1948 2720 ἀνθρω-

341 2737 344 2739 ’
366 2729 630 2782 ποπαθῶν
656 2731 785 2804 περὶ
809 2731 945 2784 Θεοῦ
975 2733 1068 2786 καὶ
1092 2732 1329 2805 Χριστοῦ
1358 2735 1551 2804 λόγων.

436 2819 528 2873 20.
565 2839 584 2872 ι
645 2821 1048 2894 Ἀπεκρίθησαν
1093 2821 1187 2878 οὖν
1233 2827 1282 2878 οἱ
1341 2826 1618 2890 Ἰουδαῖοι.
1670 2831 1762 2885 καὶ
1787 2826 1946 2887 εἶπαν

365 2911 515 2983 αύτῷ
538 2931 551 2943 ·
590 2913 655 2966 Τί
685 2916 910 2986 σημεῖον
931 2917 1196 2983 δεικνύεις
1224 2921 1356 2992 ἡμῖν
1378 2962 1392 2986 ,
1417 2924 1499 2976 ὃτι
1533 2922 1706 2978 ταῦτα
1736 2925 1943 2992 ποιεῖς;

333 3025 340 3029 ·
378 3008 674 3081 Ἀπεκρίθη
749 3011 980 3082 Ἰησοῦς,
1018 3013 1114 3066 καὶ
1165 3011 1316 3068 εἶπεν
1350 3017 1564 3081 αὐτοῖς·
1600 3017 1812 3072 Λύσατε
1855 3015 1947 3075 τὸν

364 3102 492 3154 ναὸν
516 3103 736 3168 τοῦτον,
783 3106 880 3158 κα)¹
906 3107 964 3158 ἐν
1001 3105 1181 3177 τρισὶν
1215 3108 1451 3180 ἡμέραις
1486 3109 1662 3180 ἐγερῶ
1696 3109 1877 3165 αὐτόν.
1921 3132 1940 3164 ι

2052 2009 2199 2050 vare.
2233 1993 2366 2048 Nam
2403 1995 2559 2049 nobis
2599 1995 3024 2064 intelligentibus
3065 1996 3178 2050 haec
3215 2011 3281 2051 ex
3321 1996 3618 2063 ejectarum

2049 2098 2104 2142 et
2140 2095 2582 2156 consumptarum
2619 2088 2984 2155 potentiarum
3016 2101 3244 2157 persona
3269 2089 3396 2156 dici,
3429 2104 3614 2144 conse-

2049 2194 2222 2248 quens
2248 2189 2350 2245 est,
2380 2179 2587 2249 judicio
2621 2195 2739 2245 suo,
2782 2189 2841 2234 ut
2891 2181 2959 2235 ab
3003 2180 3110 2235 illis
3158 2181 3321 2236 etiam
3369 2182 3622 2236 dicantur

2051 2269 2212 2324 verba
2258 2269 2388 2324 illa:
2428 2289 2446 2320 ι
2483 2268 2755 2324 Dedernnt
2788 2270 2839 2323 in
2870 2284 3053 2324 escam
3087 2285 3263 2325 meam
3312 2271 3403 2337 fel,
3440 2291 3460 2325 ι
3501 2286 3621 2340 qua:

2049 2363 2101 2417 in
2136 2363 2322 2418 eodem
2371 2363 2573 2432 scripta
2622 2372 2748 2417 sunt
2796 2363 3008 2433 psalmo
3044 2379 3058 2428 ;
3101 2366 3220 2430 sed,
3255 2373 3311 2418 ut
3344 2364 3621 2434 probabile

2047 2463 2151 2518 est,
2194 2454 2344 2509 illum
2383 2454 2621 2508 turbavit
2658 2469 2759 2510 vox
2805 2458 3030 2510 comedit
3067 2473 3148 2510 me
3175 2455 3422 2528 (perinde
3456 2457 3616 2525 quasi

2050 2562 2080 2600 a
2107 2546 2324 2604 Christo
2369 2546 2470 2600 dici
2524 2564 2627 2603 non
2680 2547 2909 2618 posset),
2959 2563 3063 2622 non
3096 2548 3366 2604 videntem
3409 2561 3616 2603 morem

2049 2640 2453 2711 Scripturarum
2502 2644 2789 2698 .hominum
2849 2640 3072 2698 at'fectus
3127 2642 3236 2698 Deo
3294 2652 3350 2698 et
3399 2642 3622 2698 Christo

2051 2735 2424 2790 trilmentium.

2117 2827 2210 2882 20.
2246 2847 2265 2880 ε
2299 2828 2720 2900 Responderunt
2771 2844 2902 2901 ergo
2943 2829 3137 2898 Judmi,
3163 2840 3217 2887 et
3245 2831 3499 2886 dixerunt
3524 2829 3619 2899 ei:

2047 2920 2202 2988 Quod
2251 2923 2463 2994 signum
2517 2924 2762 2980 ostendis
2817 2923 2992 2991 nobis,
3047 2925 3191 2995 quod
3252 2928 3354 2981 ista
3404 2925 3618 2981 facias?

2054 3013 2353 3083 Respondit
2383 3013 2561 3083 Iesus,
2599 3025 2656 3072 et
2699 3017 2836 3071 dixit
2881 3018 2961 3071 eis
2994 3037 3006 3071 :
3039 3017 3310 3073 Destruite
3359 3017 3617 3089 templum

2047 3104 2171 3169 hoc,
2209 3116 2266 3160 et
2300 3107 2354 3162 in
2379 3109 2553 3164 tribus
2582 3109 2774 3164 dielms
2807 3112 3012 3179 erigam
3036 3111 3164 3166 illud
3195 3113 3261 3164 ⁸³.
3306 3130 3324 3164 ι
3358 3111 3620 3182 Corporis

368 3197 432 3249 Οί
464 3198 764 3267 σωματικοὶ
811 3199 905 3253 καὶ
948 3204 1060 3266 τοῖς
1093 3203 1371 3274 αἰσθητοῖς
1423 3203 1566 3271 φίλοι
1597 3203 1814 3258 δοκοῦσί
1856 3222 1943 3277 μοι

2050 3209 2303 3254 amantes
2335 3215 2399 3255 ac
2429 3215 2609 3256 rerum
2646 3201 3001 3270 sensibilium,
3036 3219 3179 3259 nunc
3217 3205 3328 3274 jam
3376 3205 3508 3259 mihi
3537 3203 3618 3258 vi-

363 3288 462 3342 νῦν
505 3288 574 3360 δὴ
603 3289 714 3343 τῶν
753 3291 1022 3346 Ἰουδαίων
1067 3292 1143 3366 (4)
1191 3293 1516 3364 δηλοῦσθαι·
1569 3296 1800 3362 οἵτινες,
1849 3297 1942 3352 ἐπὶ

361 3383 474 3445 τοῖς
509 3379 614 3434 ὑπὸ
642 3382 738 3435 τοῦ
787 3382 960 3454 Ἰησοῦ
995 3384 1476 3457 ἀπελαυνομένοις,
1509 3385 1754 3440 ποιοῦσιν
1794 3382 1942 3442 οἷκον

359 3470 628 3544 ἐμπορίου
676 3475 770 3528 τὸν
830 3473 977 3530 οἷκον
1028 3475 1121 3530 τοῦ
1175 3477 1422 3550 Πατρὸς,
1481 3479 1936 3549 ἀγανακτοῦντες,

359 3564 682 3636 πράγμασιν
715 3567 806 3622 ὑπ’
830 3567 1008 3622 αὐτῶν
1036 3571 1448 3641 περιεπομένοις
1491 3572 1604 3644 (5),
1651 3573 1940 3627 ἀπαιτοῦσι

361 3659 589 3726 σημεῖον
609 3697 624 3722 ,
672 3659 808 3713 καθὸ
853 3664 1078 3732 σημεῖον
1107 3663 1424 3734 πρεπόντως
1450 3665 1748 3736 φανήσεται
1781 3665 1810 3717 ὁ
1839 3667 1941 3720 A6-

346 3762 477 3827 γος,
505 3747 563 3800 ὃν
593 3747 668 3819 μὴ
687 3749 1078 3822 παραδέχονται
1103 3752 1324 3816 ἐκεῖνοι,
1350 3753 1523 3808 ταῦτα
1549 3753 1737 3808 ποιῶν.
1768 3756 1938 3810 Συνά-

359 3857 513 3892 πτων
539 3840 596 3894 δὲ
629 3843 657 3895 ὁ
682 3843 873 3914 Σωτὴρ
898 3844 974 3908 ώς
1005 3845 1102 3900 ἕνα
1131 3847 1240 3901 τῶν
1272 3847 1399 3920 περὶ
1423 3847 1518 3901 τοῦ
1553 3848 1700 3920 ίεροῦ
1731 3850 1936 3904 ἐκείνου

359 3931 453 3984 τὸν
482 3933 610 4004 περὶ
645 3933 720 4003 (6)
751 3935 846 3988 τοῦ
884 3937 1014 3990 ίδίου
1066 3936 1315 4010 σώματος
1344 3940 1501 4009 λόγον
1523 3979 1538 4004 ,
1585 3941 1938 4014 ἀποκρίνεται

361 4025 500 4094 πρὸς
527 4024 615 4077 τό·
654 4043 672 4076 ι
698 4026 762 4078 Τί
783 4029 1005 4098 σημεῖον
1030 4028 1327 4097 δεικνύεις,
1359 4033 1440 4086 ὅτι
1465 4031 1641 4086 ταῦτα
1674 4035 1881 4099 ποιεῖς;
1913 4053 1932 4086 ι

362 4117 420 4170 τό
440 4134 455 4147 ·
492 4136 511 4168 ι
536 4116 750 4172 Λύσατε
781 4119 871 4172 τὸν
903 4120 1027 4175 ναὸν
1060 4122 1269 4188 τοῦτον,
1303 4125 1398 4178 καὶ
1419 4125 1476 4178 ἐν
1499 4127 1674 4198 τρισὶν
1702 4125 1937 4198 ἡμέραις

356 4209 539 4280 ἐγερῶ
567 4209 748 4266 αὐτόν.
775 4231 793 4264 ι
849 4213 914 4267 Εἰ
949 4212 1059 4284 γὰρ
1089 4217 1186 4268 καὶ
1221 4215 1390 4288 μυρία
1438 4216 1536 4270 ὅσα
1566 4221 1764 4290 σημεῖα
1803 4219 1938 4275 ἄλλα

354 4300 634 4356 δεικνύναι
683 4297 794 4368 οἷός
835 4322 896 4358 τε
924 4301 1028 4376 ἦν,
1068 4305 1180 4360 ἀλλ’
1226 4307 1342 4361 οὔτι
1372 4324 1436 4376 γε
1471 4309 1608 4380 πρὸς
1642 4309 1722 4372 τὸ,
1761 4330 1780 4362 ι
1815 4311 1936 4365 ’Ότι

326 4409 328 4417 τ
354 4392 532 4447 ταῦτα
560 4397 753 4460 ποιεῖς,
787 4415 807 4447 ι
833 4396 1019 4468 ἕτερόν
1045 4414 1120 4463 τι,
1149 4397 1284 4451 ἀλλὰ
1303 4399 1372 4452 τὰ
1407 4399 1550 4453 κατὰ
1578 4400 1672 4455 τὸν
1700 4400 1777 4474 (7)
1811 4403 1936 4456 ναὸν

359 4486 677 4556 πρεπόντως
705 4488 826 4541 ἀντὶ
851 4488 960 4543 τῶν
988 4490 1192 4562 ἐτέρων
1221 4491 1376 4564 παρὰ
1397 4492 1488 4547 τὸν
1524 4492 1652 4546 ναὸν
1694 4495 1936 4575 σημείων

2048 3291 2249 3349 dentur
2299 3293 2448 3349 innui
2500 3293 2698 3360 Judaei,
2752 3297 2843 3364 qui
2889 3312 3032 3366 aegre
3082 3297 3320 3352 ferentes
3362 3297 3620 3368 expulsos

2048 3387 2216 3443 fuisse
2248 3403 2278 3442 a
2311 3386 2442 3444 Jesu
2488 3403 2583 3444 eos
2613 3389 2703 3458 qui
2739 3391 2958 3444 domum
2999 3389 3176 3443 Patris
3211 3388 3484 3444 faciebant
3510 3388 3616 3445 do-

2049 3499 2195 3537 mum
2246 3491 2520 3536 mercatus
2567 3483 2732 3535 rebus
2762 3482 2828 3535 ab
2857 3482 2989 3550 ipsis
3019 3483 3212 3551 gestis,
3255 3481 3473 3552 signum
3513 3496 3616 3551 po-

2045 3574 2270 3639 stulant,
2320 3587 2386 3628 ex
2427 3588 2534 3642 quo
2567 3573 2725 3642 signo
2751 3570 2920 3626 Filius
2949 3571 3068 3637 Dei,
3099 3587 3257 3642 quem
3282 3572 3361 3626 illi
3392 3587 3499 3627 non
3531 3588 3621 3628 re—

2047 3666 2276 3737 cipiunt,
2310 3655 2562 3721 videatur
2591 3665 2704 3720 hare
2739 3664 2993 3720 decenter
3014 3664 3218 3720 facere.
3247 3663 3357 3722 Sed
3387 3667 3615 3738 conjun-

2044 3773 2177 3828 gens
2207 3757 2469 3813 Servatur
2507 3771 2815 3812 sermonem
2852 3756 2919 3811 de
2961 3773 3191 3828 corpore
3226 3774 3349 3826 suo,
3391 3761 3616 3830 perinde

2043 3850 2198 3919 quasi
2236 3841 2554 3920 loqueretur
2587 3852 2654 3905 de
2690 3850 2890 3920 templo
2935 3851 3051 3916 illo,
3107 3853 3612 3924 interrogantibus:

2049 3957 2069 3990 ε
2099 3940 2255 4007 Quod
2293 3941 2507 4011 signum
2563 3943 2832 4009 ostendis,
2864 3944 3008 4012 quod
3055 3943 3175 3998 [nec
3216 3942 3406 4008 facias,
3444 3962 3463 3996 ι
3531 3959 3618 3999 re-

2043 4033 2271 4102 spondet
2299 4051 2315 4088 :
2352 4053 2372 4087 ι
2404 4033 2679 4090 Destruite
2696 4035 2952 4105 templum
2978 4034 3103 4102 hoc,
3132 4045 3186 4091 et
3214 4037 3264 4090 in
3294 4037 3468 4093 tribus
3497 4037 3614 4092 die-

2044 4127 2144 4182 bus
2193 4127 2395 4198 erigam
2432 4126 2590 4182 illud.
2646 4147 2666 4182 ι
2714 4127 2848 4183 Nam
2898 4129 3148 4198 quamvis
3192 4140 3451 4186 sexcenta
3507 4130 3615 4187 alia

2044 4220 2196 4290 signa
2237 4227 2447 4290 poterat
2500 4221 2832 4286 ostendere,
2889 4231 3036 4276 certe
3091 4223 3159 4276 ad
3207 4221 3362 4290 illud,
3411 4240 3430 4274 ι
3473 4223 3614 4292 quod

2046 4311 2161 4365 haec
2205 4309 2400 4378 facias,
2455 4329 2476 4364 ›
2536 4312 2742 4367 nullum
2795 4313 2941 4368 aliud
2993 4315 3284 4370 ostendere
3335 4323 3551 4380 poterat
3597 4333 3610 4369 :

2043 4401 2272 4470 proinde
2310 4418 2372 4458 ea
2423 4418 2546 4474 qua;
2590 4406 2658 4461 ad
2703 4407 2961 4476 templum
2997 4406 3368 4476 pertinebant,
3411 4422 3614 4464 conve-

2043 4495 2256 4550 nienter
2293 4497 2598 4565 respondit,
2646 4513 2744 4568 pro
2789 4500 2914 4555 aliis
2959 4501 3150 4570 signis,
3189 4516 3310 4571 quae
3353 4501 3611 4571 templum

326 4577 710 4648 ἁπεκρίνατο.
753 4579 1064 4652 Ἀμφότερα
1095 4581 1364 4652 μέντοιγε,
1398 4583 1461 4636 τό
1499 4600 1558 4636 τε
1601 4583 1744 4654 ἱερὸν
1768 4627 1782 4652 ,
1839 4585 1935 4639 καὶ

2046 4587 2264 4642 minime
2315 4589 2654 4656 spectabant.
2701 4592 2958 4647 Attamen
3009 4604 3262 4663 utraque,
3315 4603 3427 4648 tum
3477 4604 3615 4648 tem-

354 4666 417 4718 τὸ
441 4665 598 4736 σῶμα
626 4667 720 4720 τοῦ
768 4669 963 4739 Ἰησοῦ,
1008 4670 1148 4724 κατὰ
1193 4671 1320 4742 μίαν
1344 4672 1452 4726 τῶν
1479 4673 1718 4744 ἐκδοχῶν
1764 4673 1932 4740 τύπος

327 4763 336 4768 ’
358 4773 452 4826 μοι
481 4753 617 4811 εἶναι
649 4760 894 4828 φαίνεται
923 4761 1024 4832 τῆς
1067 4763 1410 4834 Ἐκκλησίας,
1440 4763 1501 4818 τὺ
1526 4767 1588 4818 ἐκ
1611 4765 1773 4819 λίθων
1798 4767 1934 4832 ζών-

2039 4679 2210 4748 plum,
2244 4679 2407 4752 197
2440 4691 2554 4737 tum
2583 4699 2784 4753 corpus
2815 4685 2966 4751 Jesu,
3011 4687 3164 4756 juxta
3206 4701 3368 4740 unam
3413 4684 3616 4741 intelli-

2041 4774 2304 4841 gentiam,
2354 4774 2526 4846 ﬁgura
2575 4778 2707 4833 mihi
2745 4795 2866 4835 esse
2917 4780 3171 4834 videntur
3210 4779 3508 4844 Ecclesiae;
3548 4791 3614 4833 eo

351 4865 464 4902 των
506 4850 904 4923 οἰκοδομεῖσθαι
941 4854 1145 4926 αὐτὴν,
1196 4873 1215 4906 ι
1243 4851 1388 4910 οἷκον
1444 4857 1811 4928 πνευματικὸν
1853 4862 1933 4925 εἰς

2046 4866 2183 4934 quod
2231 4867 2348 4921 haec
2391 4869 2656 4926 aedificata
2711 4872 2783 4926 sit
2823 4887 2890 4926 ex
2939 4873 3244 4928 virentibus
3294 4869 3609 4941 lapidibus;

324 4973 334 5043 ί
424 4996 470 5030 θ’
507 4995 667 5057 Joan.
711 5015 773 5064 ιι,
813 5001 919 5068 17ς
954 5017 1066 5066 xtx.
1099 5002 1191 5069 28,
1225 5002 1316 5059 50.
1377 4967 1448 5036 ’⁸³
1473 5002 1630 5060 Joan.
1664 5022 1725 5068 ll,
1757 5006 1843 5073 l8,
1874 5007 1959 5062 19.

322 5144 395 5200 -n
427 5112 542 5200 (98)
583 5114 706 5171 Τῶν
745 5119 820 5200 id
859 5118 972 5200 τῆς
1008 5119 1332 5200 θειοτάτης.
1368 5121 1460 5178 Sic
1504 5123 1710 5193 optime
1755 5126 1923 5180 codex

308 5707 320 5742 l

325 5326 717 5408 'quleianus;
766 5328 968 5400 Regius
1007 5326 1318 5402 perperam,
1353 5332 1493 5404 πλὴν
1538 5333 1645 5387 τῶν
1680 5332 1760 5404 Er,’
1787 5334 1924 5404 ψαλ-

323 5573 330 5580 -
353 5552 492 5613 ηυεᾼς
526 5539 666 5613 male
691 5554 820 5613 vero
853 5539 1072 5613 Regius,
1098 5544 1384 5613 νοούμενον
1411 5545 1475 5596 ἐκ
1495 5545 1811 5613 προσώπου.

436 5126 542 5186 (νδ)
583 5126 706 5171 To»-
745 5126 820 5172 τὰ
859 5126 972 5188 τῆς
1008 5126 1332 5188 θειοτάτης.
1368 5126 1460 5178 Sic
1504 5126 1710 5193 optime
1755 5126 1923 5180 codex

436 5187 1497 5282 fi':3“'.‘."§.§-.“°!325v£9‘..9ft9‘FéF'l‘;,_
1763 5279 1811 5282 __

2104 5126 2182 5200 (5)
2219 5129 2571 5200 Πράγμααιν
2608 5131 2708 5184 ὑπ’
2733 5129 2932 5184 αὐτῶν
2974 5132 3446 5202 περιεπομένοις.
3475 5135 3609 5192 Fer-

2046 5202 2214 5282 rarius
2244 5200 2438 5282 legisse
2458 5202 2686 5282 .videtur
2713 5201 2803 5282 ὑπ’
2831 5203 3016 5255 αὑτοῦ.
3047 5203 3326 5282 Maluisset
3353 5207 3606 5274 Huetius,

577 5257 754 5327 Πλὴν
769 5255 918 5343 “id?
953 5255 1057 5329 ξη¹
1092 5255 1500 5343 ψαλμόνίξεεὶε
1557 5272 1707 5343 recte
1747 5266 1921 5343 podex
2034 5255 2353 5341 πράγμασῗν
2383 5271 2472 5324 ὑπ’
2493 5270 2672 5324 αὐτῶν
2708 5271 2783 5343 μὴ
2815 5255 3249 5343 περιεπομένοις.

2105 5362 2182 5435 (6)
2235 5364 2327 5430 Ὡς
2363 5363 2473 5435 ἕνα
2516 5362 2635 5417 τῶν
2686 5366 2819 5433 περὶ
2855 5365 2962 5420 τοῦ
3003 5367 3163 5435 ἱεροῦ
3211 5367 3446 5423 ἐκείνου
3502 5373 3604 5424 τὸν

2012 5434 2190 5501 περί,
2226 5444 2331 5488 etc.
2379 5434 2453 5487 Ita
2507 5436 2675 5504 codex
2725 5434 3079 5499 leleianus;
3132 5436 3352 5504 Regius,
3387 5439 3462 5502 ώς
3509 5441 3605 5495 ἕνα

2031 5503 2282 5575 τὸνῃπερὶ
2310 5503 2404 5557 τοῦ
2457 5502 2614 5575 ἱεροῦ
2653 5506 2859 5558 ἐκείνου
2893 5505 3005 5558 τοῦ.
3052 5502 3409 5562 Scribeudum
3465 5510 3606 5566 forte

2029 5572 2104 5637 ὡς
2131 5572 2345 5628 ἔνατον
2377 5572 2627 5646 περὶτοῦ
2664 5575 2806 5648 ἱεροῦ
2839 5576 3044 5630 ἐκείνου
3071 5575 3150 5646 τῷ
3182 5577 3330 5647 περί,
3361 5591 3468 5633 etc.

2101 5664 2179 5746 (7)
2220 5665 2399 5746 Codex
2444 5665 2645 5746 Regius
2695 5682 2976 5746 perperam
3029 5669 3191 5746 habet
3237 5668 3353 5722 ἀλλ’
3382 5668 3497 5746 οὔτι
3537 5687 3602 5740 γε

2011 5733 2168 5805 ’πρὸς
2188 5733 2301 5808 ab”
2315 5737 2436 5789 Ὅτι
2457 5733 2626 5789 ταῦτα
2650 5733 2842 5801 ποιεῖς,
2858 5736 2950 5789 »τὰ
2965 5737 3105 5791 κατὰ
3128 5737 3241 5803 τόν,
3263 5749 3396 5801 etc.,
3415 5733 3601 5808 sicque

2032 5807 2285 5859 nonnulla
2319 5808 2506 5861 omisit
2528 5822 2647 5874 quae
2683 5823 2782 5861 nos
2813 5826 2842 5862 e
2877 5810 3035 5865 codd.
3067 5808 3357 5863 Bodleiano
3387 5819 3441 5864 et
3476 5807 3600 5864 Bar-

2031 5875 2220 5932 berino
2254 5877 2607 5932 restituimus.
2756 5927 2760 5932 .
2792 5877 2797 5884 ’

327 5239 330 5242 ,
354 5186 714 5263 Bodleiatlus;
747 5186 1096 5263 Reginam?»
1128 5186 1430 5263 θειοτάτης.

529 5468 888 5542 Νοουμένωζ
907 5469 1038 5542 γάρ,
1058 5482 1162 5526 etc.
1189 5471 1281 5527 Sic
1309 5472 1468 5528 habet
1489 5473 1653 5528 codex
1679 5473 1926 5529 Bodleia-

425 5607 502 5678 (2)
541 5607 722 5662 Codex
757 5607 980 5679 Regini,
1015 5613 1099 5665 ἐπ’
1128 5607 1372 5667 ἐκείνων.

425 5677 502 5747 (5)
544 5681 667 5758 Ορχ
703 5677 950 5747 ὁρῶντα.
987 5681 1060 5737 lla
1091 5688 1264 5740 ‘codex
1305 5683 1659 5753 Bodleianus;
1703 5686 1922 5759 Regius,

325 5747 416 5798 τοῦ
447 5747 750 5818 χωροῦντα.
969 5763 973 5766 ·

367 5821 502 5936 Ἰ
543 5818 627 5902 μὴ
653 5818 772 5874 τῶν
807 5820 1119 5879 Ἰουδαίων.
1147 5823 1308 5879 Forte
1337 5823 1683 5882 scribendum
1707 5827 1795 5882 διὰ
1817 5827 1924 5883 τῶν

441 5905 652 5936 υλαιων.

411 5901 652 5941 ουοαιων.
