4170 6418
542 398 641 454 571

2002 382 2320 442 ORIGENlS

3717 385 3816 446 3'72

546 521 690 575 facta
745 535 765 570 ι
824 517 1018 574 domus
1085 515 1386 586 spiritualis
1447 515 1501 570 in
1561 513 1931 570 sacerdotium
2001 525 2126 565 san-

2233 507 2527 581 ἱεράτευμα
2559 512 2715 581 ἅγιον
2740 532 2757 562 ι
2786 512 3093 583 γινομένην,
3119 511 3664 582 ἐποικοδομουμένην
3693 534 3709 564 ι
3729 515 3818 567 ἐπὶ

546 623 694 668 ctum
731 609 780 642 “
824 627 839 670 :
877 627 897 662 ι
938 609 1372 680 supemdiiicata
1431 625 1451 660 ι
1499 621 1658 677 supra
1709 605 2126 660 fundamentum

547 703 920 774 apostolorum
956 715 1010 758 et
1050 703 1466 772 prophetarum,
1509 713 1724 755 summo
1763 696 2011 766 augulari
2047 695 2128 750 la-

547 795 678 865 pide
709 795 935 850 Christo
982 792 1108 849 Jesu
1128 793 1196 858 ³⁸,
1233 812 1253 846 ι
1293 807 1484 848 revera
1521 790 1778 860 templum
1807 788 2127 844 exsistenle.

550 887 645 942 Sin
680 900 810 941 vero
839 897 1063 956 propter
1097 884 1224 938 illud
1253 903 1268 938 :
1317 902 1336 935 ι
1391 883 1494 939 Vos
1524 894 1702 938 autem
1757 883 1892 936 estis
1930 893 2130 949 corpus

546 975 778 1043 Christi,
809 987 863 1030 et
892 975 1136 1030 membra
1169 988 1234 1028 ex
1266 985 1422 1044 parte
1452 973 1520 1037 ⁸⁸,
1561 991 1579 1025 ι
1603 972 1850 1026 videatur
1875 969 2127 1038 iunctura

548 1077 604 1123 et
631 1067 1010 1124 convenientia
1041 1066 1282 1136 lapidum
1333 1065 1518 1135 templi
1560 1064 1793 1126 destrui,
1842 1061 2127 1130 dissipari—

549 1174 679 1229 que,
706 1168 766 1214 ut
791 1160 844 1214 in
871 1159 1047 1228 primo
1065 1167 1118 1211 et
1137 1157 1399 1212 vicesimo
1425 1157 1690 1226 scriptum
1715 1165 1801 1210 est
1827 1155 2036 1226 psalmo
2057 1153 2126 1220 ⁸⁷,

549 1251 734 1306 omnia
761 1250 964 1306 Christi
1001 1264 1122 1304 ossa
1163 1247 1233 1303 ab
1260 1249 1473 1303 insidiis
1498 1263 1616 1317 quze
1643 1257 1768 1302 sunt
1794 1248 1846 1300 in
1878 1261 2127 1317 persecu-

557 1343 802 1397 tionibus
835 1352 890 1398 et
929 1341 1394 1408 tribulationibus,
1439 1349 1495 1395 et.
1549 1341 1617 1395 ab
1665 1339 1750 1394 his
1789 1341 1881 1409 qui
1931 1339 2130 1393 bellum

553 1436 799 1491 inferunt
831 1435 1029 1490 unitati
1077 1435 1261 1503 templi
1306 1437 1375 1490 ob
1422 1435 1858 1503 persecutiones,
1894 1432 2132 1502 erigetur

559 1527 853 1596 templum,
901 1537 957 1582 et
1009 1524 1366 1582 suscitabitur
1413 1537 1612 1594 corpus
1667 1524 1827 1578 tertia
1872 1522 1960 1577 die
2011 1531 2134 1600 post!

552 1617 698 1671 diem
749 1617 972 1671 malitia:
1017 1617 1068 1671 in
1106 1617 1224 1686 ipso
1254 1615 1568 1680 instantem,
1619 1623 1784 1682 atque
1827 1621 1950 1683 post
1987 1612 2129 1666 diem

553 1709 1044 1764 consummationis
1095 1709 1200 1764 hac
1234 1709 1593 1778 posteriorem
1641 1707 1709 1762 ⁸⁸.
1752 1705 1936 1761 Tertia
1983 1706 2128 1761 enim

553 1801 610 1855 in
635 1801 775 1857 coelo
809 1817 973 1864 novo,
1005 1811 1060 1856 et
1091 1811 1239 1857 terra
1293 1816 1427 1857 nova
1477 1801 1704 1856 instabit
1743 1801 1878 1864 dies,
1910 1797 2129 1870 quando

531 1907 676 1948 ossa
703 1895 818 1946 haac
843 1892 910 1958 3’,
946 1907 1140 1962 nempe
1189 1893 1368 1946 omnis
1401 1893 1594 1947 domus
1623 1890 1810 1958 Israel,
1845 1891 1899 1945 in
1935 1904 2128 1960 magna

552 1983 830 2040 Dominica
883 1985 1290 2049 excitabuntur,
1347 1994 1525 2040 morte
1571 1983 1823 2049 devicta,
1884 1983 2019 2038 adeo
2072 1991 2130 2036 ut

551 2077 695 2132 facta
742 2075 1075 2132 resurrectio
1108 2074 1312 2131 Christi
1357 2091 1387 2130 ε
1433 2076 1618 2131 crucis
1658 2076 1928 2146 passione,
1955 2073 2132 2128 couti-

555 2178 682 2223 neat
761 2170 1084 2238 mysterium
1149 2167 1572 2224 resurrectionis
1641 2167 1815 2221 totius
1880 2164 2130 2236 corporis

549 2261 778 2317 Christi.
812 2260 882 2315 Ut
927 2269 1106 2315 autem
1158 2274 1360 2330 corpus
1405 2260 1536 2314 illud
1569 2257 1722 2323 Iesu,
1750 2260 2003 2315 sensibus
2034 2257 2131 2313 ob-

551 2355 799 2420 noxium,
828 2353 974 2407 cruci
1005 2350 1221 2407 aﬂixum
1267 2361 1354 2407 est
1401 2351 1800 2422 sepultumque,
1843 2359 1898 2408 et
1940 2362 2129 2422 postea

553 2446 812 2510 excitum,
843 2446 924 2502 sic
965 2455 1136 2501 totum
1172 2453 1492 2500 sanctorum
1523 2444 1730 2502 Christi
1761 2460 1959 2516 corpus
2003 2462 2128 2502 cum

549 2537 773 2594 Christo
801 2540 946 2594 cruci
976 2537 1191 2593 aﬂixum
1228 2547 1314 2595 est
1358 2547 1412 2592 et
1464 2553 1607 2593 nunc
1644 2553 1752 2593 non
1783 2538 2014 2608 amplius
2048 2540 2127 2594 vi-

549 2634 649 2686 vit.
680 2632 1061 2704 Unusquisque
1088 2632 1234 2688 enim
1269 2632 1507 2696 illorum,
1536 2632 1760 2699 perinde
1792 2641 1954 2702 atque
1987 2631 2129 2686 Pau-

550 2722 658 2788 lus,
697 2723 749 2777 in
786 2723 932 2778 nulla
961 2739 1018 2778 re
1047 2725 1149 2776 alia
1180 2723 1446 2794 gloriatur
1473 2732 1842 2792 praeterquam
1873 2725 1926 2778 in
1965 2738 2131 2780 cruce

553 2815 766 2870 Domini
799 2815 968 2870 nostri
1000 2814 1127 2870 Jesu
1157 2816 1382 2882 Christi,
1433 2831 1530 2884 per
1571 2830 1732 2886 quem
1765 2817 1880 2886 ipse
1928 2818 2131 2871 mutulo

550 2907 846 2962 cruciﬁxus
891 2916 979 2963 est
1013 2919 1067 2963 et
1112 2908 1347 2964 mundus
1390 2907 1467 2962 illi
1504 2907 1572 2960 '°.
1606 2906 1975 2974 Quamobrem
2021 2923 2128 2963 non

551 3010 763 3057 tantum
791 3016 897 3056 una
922 3015 1044 3057 cum
1065 3000 1283 3058 Christo
1311 3000 1460 3056 cruci
1496 3001 1596 3055 fuit
1623 2999 2129 3072 allixusunusquis-

553 3109 662 3164 que
711 3109 775 3150 ac
817 3094 1036 3160 mundo,
1079 3094 1176 3150 sed
1223 3095 1386 3150 etiam
1418 3108 1525 3149 una
1560 3107 1682 3149 cum
1719 3091 1938 3148 Christo
1969 3107 2127 3162 sepe-

2230 599 2309 669 τῷ
2337 599 2572 673 θεμελίῳ
2607 601 2716 656 τῶν
2762 602 3076 657 ἀποστόλων
3096 642 3112 664 ,
3169 603 3266 656 καὶ
3298 603 3634 674 προφητῶν,
3668 604 3813 670 ὄντος

2231 692 2624 762 ἀκρογωνιαίου
2656 696 2891 767 Χριστοῦ
2910 694 3105 766 Ἰησοῦ,
3138 714 3157 747 ι
3194 693 3643 766 χρηματίζουσαν
3667 697 3813 752 ναόν.

2230 782 2329 834 Διά
2353 782 2409 835 δὲ
2439 783 2552 836 τοῦ·
2585 802 2604 836 ι
2641 785 2828 856 Ὑμεῖς
2853 785 2910 840 δέ
2938 787 3062 838 ἐστε
3085 785 3245 855 σῶμα
3267 783 3529 856 Χριστοῦ,
3561 787 3652 838 καὶ
3676 786 3809 858 μέλη

2229 873 2295 926 ἐκ
2331 873 2561 944 μέρους,
2601 893 2619 925 t
2668 875 2770 928 κᾶν
2792 875 3016 929 λύεσθαι
3057 876 3115 930 δὲ
3140 876 3174 946 ἡ
3209 875 3319 929 τῶν
3344 875 3504 928 λίθων
3542 876 3636 929 τοῦ
3679 875 3813 930 ναοῦ

2231 965 2465 1036 ἁρμονία
2489 966 2616 1038 δοκῇ
2645 969 2738 1022 καὶ
2761 967 3244 1040 διασκορπίζεσθαι
3264 1009 3280 1033 ,
3309 968 3384 1032 ὡς
3415 969 3472 1021 ἐν
3496 976 3582 1022 κα⁹
3612 968 3816 1040 ψαλμῷ

2229 1055 2561 1126 γέγραπται,
2610 1058 2786 1112 πάντα
2831 1059 2901 1112 τὰ
2942 1061 3076 1112 ὀστᾶ
3124 1059 3218 1112 τοῦ
3259 1058 3495 1132 Χριστοῦ
3546 1060 3653 1113 ὑπὸ
3705 1059 3817 1113 τῶν

2231 1150 2288 1201 ἐν
2316 1148 2576 1220 διωγμοῖς
2603 1152 2698 1204 καὶ
2736 1151 2978 1222 θλίψεσιν
3007 1151 3336 1216 ἐπιϐουλῶν,
3366 1152 3474 1207 ἀπὸ
3501 1152 3610 1206 τῶν
3645 1170 3819 1225 προσ-

2231 1241 2624 1312 πολεμούντων.
2659 1246 2724 1314 τῇ
2788 1244 3000 1313 ἐνότητι
3064 1243 3160 1297 τοῦ
3217 1244 3348 1298 ναοῦ
3416 1246 3474 1298 ἐν
3525 1245 3817 1317 διωγμοῖς,

2231 1334 2589 1406 ἐγερθήσεται
2632 1338 2662 1388 ὀ
2702 1337 2863 1401 ναὸς,
2917 1339 3008 1390 καὶ
3059 1339 3424 1408 ἀναστήσεται
3458 1339 3518 1392 τὸ
3551 1338 3717 1410 σῶμα
3751 1342 3820 1412 τῇ

2229 1428 2390 1500 τρίτη
2419 1429 2604 1500 ἡμέρα
2634 1429 2772 1500 μετὰ
2793 1429 2890 1500 τὴν
2936 1431 3291 1501 ἐνεστηκυῖαν
3334 1431 3392 1483 ἐν
3435 1430 3588 1501 αὐτῷ
3618 1432 3826 1495 κακίας

2232 1521 2468 1592 ἡμέραν,
2501 1523 2594 1575 καὶ
2626 1522 2724 1594 τὴν
2760 1523 2899 1594 μετά
2926 1523 3130 1594 ταύτην
3157 1524 3253 1594 τῆς
3285 1523 3627 1588 συντελείας·
3660 1524 3824 1595 τρίτη

2231 1612 2340 1685 γὰρ
2375 1616 2434 1668 ἐν
2472 1614 2549 1684 τῷ
2586 1614 2756 1686 καινῷ
2797 1615 3012 1686 οὐρανῷ
3039 1617 3132 1669 καὶ
3164 1619 3324 1686 καινῇ
3358 1619 3429 1686 γῇ
3466 1615 3824 1686 ἐνστήσεται,

2231 1709 2318 1762 ὅτε
2348 1708 2417 1762 τά
2443 1710 2578 1763 ὀστᾶ
2603 1709 2791 1773 ταῦτα,
2832 1711 2938 1773 πᾶς
2969 1705 3115 1774 οἶκος
3161 1708 3376 1780 Ἰσραὴλ
3401 1711 3458 1762 ἐν
3496 1712 3568 1780 τῇ
3605 1709 3827 1780 μεγάλῃ

2233 1803 2467 1872 κυριακῇ
2538 1801 2924 1873 ἐγερθήσεται,
2987 1799 3084 1855 τοῦ
3131 1800 3364 1854 θανάτου
3431 1800 3823 1872 νενικημένου,

2232 1891 2372 1946 ὥστε
2404 1893 2496 1946 καὶ
2525 1892 2622 1964 τὴν
2650 1893 2948 1964 γενομένην
2975 1893 3270 1947 ἀνάστασιν
3304 1891 3398 1946 τοῦ
3437 1891 3685 1964 Χριστοῦ
3716 1893 3828 1946 ἀπὸ

2230 1985 2323 2038 τοῦ
2360 1985 2499 2039 κατά
2546 1986 2636 2040 τὸν
2661 1986 2892 2059 σταυρὸν
2942 1985 3149 2049 πάθους
3192 1986 3462 2058 περιέχειν
3517 1988 3828 2058 μυστήριον

2231 2077 2329 2146 τῆς
2385 2077 2736 2139 ἀναστάσεως
2798 2075 2892 2129 τοῦ
2968 2075 3169 2138 παντὸς
3228 2073 3466 2147 Χριστοῦ
3540 2072 3823 2144 σώματος.

2235 2169 2443 2240 Ὠσπερ
2469 2170 2526 2223 δὲ
2549 2172 2723 2224 ἐκεῖνο
2750 2168 2813 2222 τὸ
2843 2168 3097 2238 αἰσθητὸν
3124 2168 3216 2221 τοῦ
3274 2167 3450 2239 Ἰησοῦ
3483 2167 3651 2239 σῶμα
3682 2168 3824 2239 Χρι-

2233 2259 2342 2329 στῷ
2366 2260 2504 2331 (8-9)
2530 2260 2893 2332 ἐσταύρωται,
2929 2259 3020 2314 καὶ
3047 2258 3334 2324 τέθαπται,
3365 2260 3458 2313 καὶ
3490 2258 3638 2331 μετὰ
3662 2256 3827 2311 τοῦτο

2233 2349 2550 2419 ἐγήγερται,
2579 2349 2752 2414 οὓτως
2795 2350 2856 2403 τὺ
2892 2349 3010 2404 ὅλον
3038 2350 3147 2403 τῶν
3181 2349 3353 2418 ἁγίων
3385 2349 3636 2420 Χριστοῦ
3659 2347 3825 2418 σῶμα

2234 2442 2706 2513 συνεσταύριιγται,
2768 2443 2863 2497 καὶ
2917 2443 3014 2498 νῦν
3059 2443 3243 2497 οὐκέτι
3292 2442 3392 2515 ζῇ·
3437 2443 3679 2507 ἕκαστος
3711 2441 3824 2512 γάρ

2231 2536 2338 2590 τῶν
2369 2536 2504 2606 (ΙΟῖ,
2523 2536 2598 2600 ὡς
2620 2535 2845 2601 Παῦλος,
2874 2540 2932 2590 ἐν
2956 2537 3130 2590 οὐδενὶ
3161 2535 3305 2606 ἄλλῳ
3351 2537 3631 2607 καυχᾶται
3676 2535 3712 2606 ἢ
3761 2535 3824 2586 ἐν

2231 2625 2308 2697 τῷ
2331 2626 2547 2699 σταυρῷ
2575 2627 2668 2680 τοῦ
2692 2628 2896 2699 Κυρίου
2921 2628 3076 2700 ἡμῶν
3101 2626 3337 2698 Χριστοῦ
3381 2627 3558 2698 Ἰησοῦ
3579 2669 3596 2695 ,
3637 2627 3707 2680 δι’
3759 2617 3824 2680 οῦ

2231 2717 2393 2779 αὐτὸς
2418 2719 2606 2789 κόσμῳ
2627 2718 2987 2790 ἐσταύρωται,
3019 2718 3114 2773 καὶ
3155 2719 3357 2790 κόσμος
3388 2718 3562 2789 αύτῷ.
3599 2719 3677 2772 Οὐ
3727 2717 3824 2788 μό-

2233 2826 2323 2865 νον
2354 2806 2446 2864 οῦν
2478 2810 2698 2882 Χριστῷ
2723 2811 3162 2882 συνεσταύρωται
3189 2811 3284 2863 xatl
3317 2810 3506 2882 κόσμῳ
3538 2810 3825 2882 ἐσταύρω-

2231 2921 2342 2968 ται,
2371 2902 2508 2958 ἀλλά
2539 2905 2632 2957 καὶ
2669 2903 2888 2975 Χριστῷ
2921 2904 3316 2958 συνθάπτεται·
3359 2925 3378 2958 ι
3423 2906 3825 2977 Συνετάιρημεν

2231 2994 2360 3067 γάρ,
2396 2997 2548 3068 φησὶ,
2600 2995 2679 3067 τῷ
2707 2995 2948 3069 Χριστῷ,
2986 3017 3005 3049 ι
3043 3000 3070 3051 ὁ
3102 2997 3339 3063 Παῦλος·
3393 2999 3510 3062 καὶ,
3573 2997 3826 3070 ὡσπερεὶ

2233 3090 2290 3143 ἐν
2313 3107 2420 3143 τινι
2451 3090 2734 3164 ἀρραϐῶνι
2772 3092 3121 3157 ἀναστάσεως
3167 3092 3490 3165 γενόμενος,
3522 3093 3678 3162 λέγει
3723 3093 3821 3146 τό·

535 3186 731 3241 iitur:
780 3205 800 3240 ‹
840 3187 1152 3256 Consepulti
1203 3187 1352 3241 enim
1405 3200 1595 3241 sumus
1643 3199 1768 3240 cum
1822 3184 2063 3252 Christo,
2100 3202 2125 3240 ι

2237 3200 2256 3232 ι
2298 3182 2708 3254 Συνανέστημεν
2758 3181 2936 3254 αὐτῷ·
2978 3203 2996 3236 ι
3050 3183 3176 3237 ἐπεὶ
3223 3185 3281 3239 ἐν
3342 3185 3630 3258 καινότητι
3674 3185 3826 3257 ζωῆς

549 3278 728 3349 inquit
757 3278 958 3336 Paulus
982 3281 1052 3343 “,
1088 3279 1292 3333 addens
1315 3278 1504 3342 etiam,
1531 3276 1693 3331 veluti
1722 3275 1788 3330 ad
1820 3278 2127 3348 quempiam

548 3373 969 3428 resurrectionis
1061 3371 1422 3427 arrhabonent
1504 3369 1894 3440 pervenisset,
1967 3385 1988 3422 ι
2063 3369 2131 3425 Et

549 3481 673 3522 cum
720 3467 838 3536 ipso
892 3465 1339 3522 consurreximus
1381 3465 1429 3496 "
1463 3480 1480 3529 ;
1521 3481 1541 3515 ι
1583 3473 1768 3533 postea
1807 3464 1859 3518 in
1895 3465 2127 3534 quadam

548 3561 790 3614 novitate
836 3560 960 3614 vita:
1014 3557 1279 3622 ambulat,
1328 3567 1588 3626 tanquam
1621 3557 1712 3626 qui
1762 3557 1918 3611 beata
1954 3557 2044 3612 illa
2075 3568 2130 3613 et

550 3651 790 3721 perfecta
814 3652 1212 3706 resurrectione
1243 3651 1479 3706 nondum
1513 3649 1894 3706 resurreXerit.
1919 3647 2009 3704 Vel
2029 3651 2130 3722 igi-

549 3749 640 3795 tur
677 3757 818 3796 nunc
858 3742 1076 3810 quidem
1123 3743 1420 3798 cruciﬁxus
1449 3741 1571 3803 fuit,
1600 3750 1784 3810 postea
1816 3756 1945 3796 vero
1970 3755 2128 3812 sepe-

544 3833 719 3900 litur;
773 3834 854 3888 vel
899 3850 1040 3888 nunc
1086 3835 1345 3903 sepelitur
1368 3835 1611 3890 sublatus
1647 3837 1813 3890 etiam
1863 3850 1894 3890 e
1941 3850 2126 3902 cruce,

550 3925 866 3993 aliquando,
915 3933 1184 3994 quatenus
1227 3926 1472 3996 sepultus
1500 3942 1644 3982 nunc
1676 3927 1798 3995 fuit,
1833 3931 2128 3984 resuscita-

553 4028 729 4070 turus.
777 4014 1045 4070 Ca:terum
1078 4031 1335 4085 maguum
1364 4028 1446 4072 est
1477 4019 1899 4073 resurrectionis
1929 4030 2128 4075 nostra

551 4109 870 4180 mysterium
916 4125 1245 4180 prorsusque
1287 4111 1652 4182 contemplatu
1677 4111 1930 4180 difﬁcile;
1981 4112 2126 4184 quod

549 4217 674 4255 cum
707 4201 761 4256 in
791 4201 914 4256 aliis
962 4202 1146 4258 multis
1194 4203 1600 4274 Scripturarum
1646 4204 1802 4270 locis,
1845 4211 1960 4258 tum
1996 4221 2127 4262 vero

548 4295 714 4351 etiam
748 4296 889 4364 apud
925 4294 1263 4350 Ezechielcm
1299 4297 1382 4351 bis
1419 4296 1602 4352 verbis
1639 4299 1993 4352 annuntiatur
2029 4297 2076 4331 ”
2105 4315 2120 4354 :

554 4408 572 4440 ι
611 4387 677 4441 Et
704 4386 846 4441 facta
883 4397 966 4441 est
1003 4402 1168 4456 super
1207 4404 1292 4442 me
1342 4405 1532 4444 manus
1559 4389 1801 4454 Domini,
1843 4397 1897 4442 et
1937 4388 2125 4444 eduxit

551 4495 638 4534 me
671 4481 721 4534 in
751 4479 957 4549 Spiritu
1000 4479 1233 4543 Domini.
1257 4490 1311 4535 et
1332 4482 1510 4550 posuit
1537 4495 1621 4536 me
1648 4483 1700 4536 in
1721 4481 1898 4534 medio
1919 4479 2120 4550 campi,

2229 3292 2338 3328 τινι
2383 3277 2693 3348 περιπατεῖ,
2723 3276 2798 3340 ὡς
2841 3275 2984 3331 κατά
3004 3277 3104 3348 τὴν
3124 3276 3486 3349 ἐλπιζομένην
3513 3281 3824 3351 μακαρίαν,

2231 3369 2327 3423 καὶ
2353 3369 2560 3423 τελείαν
2588 3371 2884 3426 ἀνάστασιν
2909 3370 3135 3443 μηδέπω
3151 3373 3408 3435 ἀναστάς.
3429 3372 3591 3426 Ἤτοι
3613 3369 3710 3428 οῦν
3727 3371 3829 3426 νῦν

2234 3461 2334 3533 μὲν
2381 3461 2758 3536 ἐσταύρωται,
2813 3463 2952 3534 μετά
2995 3463 3051 3517 δέ
3085 3463 3260 3518 ταῦτα
3294 3464 3595 3519 θάπτεται·
3653 3465 3689 3537 ἧ
3730 3465 3830 3519 νῦν

2231 3554 2494 3610 θάπτεται
2518 3558 2613 3610 καὶ
2639 3556 2827 3630 ἀρθεὶς
2857 3555 2966 3611 ἀπὸ
2997 3556 3090 3610 τοῦ
3125 3557 3381 3631 σταυροῦ,
3417 3558 3547 3612 ποτέ
3569 3559 3664 3623 δὲ,
3691 3558 3835 3613 καθὸ

2230 3649 2324 3704 νῦν
2368 3649 2670 3715 τέθαπται,
2723 3651 3107 3721 ἀναστήσεται.
3152 3650 3311 3720 Μέγα
3358 3651 3415 3704 δέ
3451 3652 3567 3704 ἐστι
3622 3653 3688 3706 τὸ
3729 3653 3832 3724 τῆς

2230 3742 2598 3807 ἀναστάσεως,
2655 3742 2750 3797 καὶ
2797 3741 3170 3815 δυσθεώρητον
3223 3747 3336 3808 τοῖς
3383 3745 3608 3810 πολλοῖς
3665 3747 3834 3818 ήμῶν

2231 3837 2552 3908 μυστήριον,
2587 3837 2728 3907 ὅπερ
2760 3837 2856 3890 καὶ
2877 3839 2935 3890 ἐν
2962 3837 3143 3901 ἄλλοις
3181 3838 3398 3902 πολλοῖς
3443 3837 3672 3907 λέγεται
3713 3840 3833 3894 τῶν

2229 3925 2463 3997 Γραφῶν
2491 3927 2675 3992 τόποις
2699 3967 2713 3990 ,
2748 3927 2847 3998 οὐχ
2891 3923 3054 4000 ἦττον
3092 3928 3187 3982 καὶ
3226 3931 3284 3982 ἐν
3315 3928 3394 4000 τῷ
3443 3929 3709 4002 Ἐζεκιὴλ
3737 3927 3833 3986 διὰ

2227 4021 2432 4073 τούτων
2465 4020 2900 4089 ἀπαγγέλλεται·
2941 4040 2960 4072 ι
3002 4021 3113 4075 Καὶ
3151 4022 3368 4091 ἐγένετο
3410 4024 3494 4075 ἐπ’
3543 4023 3653 4094 ἐμὲ
3700 4025 3832 4095 χεὶρ

2228 4114 2436 4184 Κυρίου
2460 4155 2472 4177 ,
2522 4116 2616 4170 καὶ
2662 4114 2897 4187 ἐξήγαγέ
2930 4131 2996 4186 με
3043 4115 3102 4167 ἐν
3132 4113 3404 4186 πνεύματι
3438 4117 3651 4189 Κυρίου
3674 4157 3690 4181 ,
3728 4117 3834 4171 καὶ

2227 4203 2396 4274 ἔθηκέ
2422 4222 2490 4275 με
2524 4208 2582 4258 ἐν
2613 4205 2766 4277 μέσῳ
2794 4205 2888 4259 τοῦ
2919 4205 3125 4269 πεδίου,
3174 4207 3270 4259 καὶ
3314 4205 3470 4262 τοῦτο
3513 4203 3581 4279 ἦν
3614 4209 3834 4280 μεστὸν

2227 4295 2400 4348 ὀστῶν
2432 4296 2804 4369 ἀνθρωπίνων·
2837 4297 2933 4351 καὶ
2961 4297 3266 4369 περιήγαγέ
3297 4315 3364 4369 με
3410 4299 3498 4354 ἐπ’
3530 4300 3682 4356 αύτά
3726 4318 3834 4356 κυ-

2227 4385 2417 4440 κλόθεν
2448 4387 2654 4459 κύκλῳ,
2691 4389 2786 4442 καὶ
2822 4389 2932 4443 ἰδοὺ
2963 4387 3132 4442 πολλὰ
3154 4389 3359 4461 σφόδρα
3390 4390 3482 4443 ἐπὶ
3510 4392 3831 4462 προσώπου

2227 4480 2321 4534 τοῦ
2351 4481 2559 4544 πεδίου,
2589 4481 2683 4535 καὶ
2715 4482 2820 4536 ἰδοὺ
2843 4481 2985 4554 ξηρά
3008 4482 3209 4555 σφόδρα
3227 4499 3240 4512 ·
3270 4483 3365 4535 καὶ
3395 4477 3517 4536 εἷπε
3538 4483 3686 4556 πρὸς
3718 4485 3828 4555 μέ·

549 4582 605 4626 et
638 4571 726 4625 hic
763 4579 885 4626 erat
921 4569 1111 4640 plenus
1157 4574 1370 4628 ossibus
1416 4573 1694 4628 hominum
1746 4594 1758 4628 :
1796 4583 1851 4628 et
1882 4573 2122 4628 circurn-

2229 4569 2323 4623 Υἱέ
2359 4569 2664 4643 ἀνθρώπου,
2695 4574 2744 4626 εί
2778 4544 2999 4644 ζήσεται
3027 4544 3096 4627 τὰ
3122 4544 3255 4626 ὀστᾶ
3283 4572 3489 4640 ταῦτα;
3515 4544 3627 4628 Καὶ
3660 4544 3830 4630 εἶπα·

549 4663 704 4718 duxit
741 4677 824 4716 me
851 4677 951 4730 per
977 4677 1037 4716 ea
1077 4663 1128 4717 in
1164 4679 1376 4735 gyrum,
1411 4675 1468 4720 et
1495 4681 1622 4721 ecce
1653 4665 1818 4720 multa
1851 4665 2009 4720 valde
2032 4682 2124 4720 su-

547 4771 648 4826 per
687 4754 878 4809 faciem
919 4755 1122 4824 campi,
1160 4756 1415 4824 siccaque
1445 4757 1796 4811 vehementer
1842 4774 1854 4810 :
1897 4765 1953 4810 et
1987 4757 2124 4811 dixit

548 4847 614 4901 ad
645 4861 728 4900 me
757 4865 769 4900 :
805 4843 948 4917 [Fili
982 4846 1238 4912 hominis,
1271 4847 1314 4901 si
1346 4848 1526 4902 vivent
1548 4863 1669 4902 ossa
1697 4848 1854 4902 haec?
1881 4848 1944 4902 Et
1971 4849 2079 4902 dixi
2107 4869 2120 4904 :

550 4937 806 5001 Domine,
867 4937 1029 5007 198
1090 4938 1334 5004 Domine,
1383 4950 1437 4994 tu
1497 4940 1606 4994 scis
1659 4940 1797 4995 haec.
1859 4940 1925 4994 Et
1984 4941 2123 4996 dixit

546 5029 681 5082 mihi
708 5027 772 5100 :]
812 5029 1115 5083 Vaticiuare
1164 5030 1232 5083 de
1271 5031 1487 5085 ossibus
1539 5032 1682 5096 istis,
1723 5040 1780 5085 et
1810 5031 1960 5087 dices
1990 5035 2070 5089 eis
2103 5053 2116 5089 :

546 5117 684 5173 Ossa
731 5117 919 5184 arida,
978 5121 1162 5174 audite
1211 5123 1433 5176 verbum
1483 5122 1694 5175 Domini
1736 5137 1752 5186 ;
1811 5140 1832 5173 ο
1889 5133 1945 5176 et
1997 5135 2120 5192 post

544 5224 716 5277 pauca
748 5208 795 5240 ”
828 5227 842 5264 :
876 5227 893 5260 ι
932 5209 997 5263 Ει
1024 5211 1236 5265 locutus
1261 5222 1348 5265 est
1376 5213 1441 5264 ad
1474 5226 1558 5266 tne
1587 5212 1866 5278 Dominus,
1895 5214 2117 5272 dicens:

545 5300 649 5353 Fili
694 5301 954 5367 hominis,
980 5316 1103 5355 ossa
1135 5303 1268 5367 haec,
1296 5304 1490 5357 domus
1521 5315 1606 5357 est
1633 5306 1886 5358 universa
1919 5307 2115 5364 lsrael:

542 5402 598 5446 et
631 5394 728 5452 ipsi
760 5394 947 5447 dicunt
978 5414 990 5449 :
1021 5395 1299 5449 Aruerunt
1344 5409 1468 5450 ossa
1525 5406 1731 5459 nostra.
1777 5397 1937 5462 periit
1990 5416 2112 5458 sues

2224 4659 2418 4731 Κύριε,
2452 4661 2644 4732 Κύριε,
2681 4661 2745 4714 σὺ
2777 4661 2976 4732 ἐπίστῃ
3002 4661 3194 4715 ταῦτα.
3225 4663 3334 4715 Καὶ
3363 4661 3483 4716 εἶπε
3512 4664 3657 4735 πρὸς
3704 4665 3780 4737 μέ
3810 4682 3826 4695 ·

2224 4753 2607 4824 Προφήτευσον
2636 4755 2730 4808 ἐπὶ
2759 4754 2830 4808 τὰ
2853 4755 2986 4808 ὀστᾶ
3008 4755 3183 4811 ταῦτα
3204 4796 3219 4821 ,
3268 4757 3362 4811 καὶ
3404 4758 3551 4828 ἐρεῖς
3578 4759 3786 4823 αὐτοῖς
3812 4776 3829 4791 ·

2223 4847 2305 4900 Τά
2349 4848 2485 4901 ὀστᾶ
2531 4848 2692 4920 ξηρὰ,
2753 4849 3025 4903 ἀκούσατε
3057 4849 3213 4919 λόγον
3244 4851 3472 4923 Κυρίου·
3502 4871 3522 4904 ι
3544 4852 3643 4906 καὶ
3698 4854 3832 4925 μετ’

2222 4939 2410 5008 ὀλίγα·
2447 4958 2466 4991 ι
2506 4941 2615 4994 Καὶ
2652 4939 2882 5011 ἐλάλησε
2911 4940 3115 5013 Κύριος
3148 4942 3286 5012 πρὸς
3321 4943 3388 5014 μὲ
3408 4981 3423 5008 ,
3453 4944 3632 5012 λέγων
3654 4961 3671 4976 ·
3722 4947 3835 5002 Υἱέ

2220 5029 2533 5103 ἀνθρώπου,
2587 5031 2655 5085 τά
2701 5032 2838 5086 ὀστᾶ
2860 5033 3034 5086 ταῦτα
3078 5035 3187 5098 πᾶς
3210 5031 3355 5100 οἶκος
3401 5035 3618 5107 Ἰσραήλ
3646 5037 3782 5091 ἐστι
3811 5055 3829 5070 ·

2220 5123 2315 5176 καὶ
2346 5123 2500 5176 αὐτοὶ
2525 5123 2744 5192 λέγουσι
2761 5140 2774 5154 ·
2805 5123 2958 5196 Ξηρὰ
2971 5124 3162 5194 γέγονε
3185 5125 3256 5179 τά
3275 5127 3410 5181 ὀστᾶ
3433 5125 3611 5200 ήμῶν,
3647 5129 3836 5184 ἀπόλ-

2217 5217 2354 5269 ωλεν
2389 5217 2422 5286 ἡ
2458 5216 2614 5279 ἐλπὶς
2637 5216 2815 5289 ὴμῶν,
2852 5217 3372 5291 διαπεφωνήκαμεν.
3415 5239 3433 5272 ι
3479 5221 3669 5285 Ποίοις
3701 5223 3832 5295 (ιι)

2218 5309 2328 5381 γὰρ
2376 5309 2554 5372 ὀστοῖς
2598 5307 2844 5376 λέγεται·
2906 5331 2924 5362 ι
2972 5310 3268 5367 Ἀκούσατε
3321 5313 3480 5384 λόγον
3511 5314 3762 5387 Κυρίου,
3806 5337 3830 5371 ι

2222 5403 2298 5467 ὡς
2329 5401 2740 5472 αἰσθανομένοις
2779 5402 2938 5472 λόγου
2969 5404 3176 5476 Κυρίου
3200 5447 3214 5471 ,
3267 5406 3362 5461 ἇτε
3396 5403 3545 5462 οὖσιν
3579 5409 3639 5462 ἐν
3676 5411 3837 5484 οἴκῳ

615 5531 661 5563 ⁸⁸
693 5531 709 5584 1
739 5531 883 5614 Petr.
918 5532 1070 5614 "LE;
1117 5535 1182 5614 _°‘
1215 5535 1413 5614 Ephes.
1443 5535 1623 5614 "1:29,
1651 5538 1743 5597 2|.
1819 5538 1866 5570 ⁸⁸
1886 5538 1909 5614 _l
1935 5539 2064 5614 Cor.
2093 5563 2121 5599 x

2229 5547 2296 5600 Π.
2372 5545 2416 5576 ⁸⁷
2442 5543 2702 5600 versJS.
2795 5543 3449 5609 “llPetr.m.3.lO,i5.
3521 5547 3567 5579 ⁸⁸
3596 5545 3831 5604 Ezech.

547 5616 755 5668 xxxvu,
800 5603 885 5655 ll.
961 5603 1006 5635 '°
1033 5604 1210 5659 Galat.
1239 5621 1312 5672 vt,
1346 5606 1433 5660 14.
1497 5608 1540 5638 ⁹¹
1567 5607 1724 5662 Rom.
1757 5624 1831 5674 νι,
1872 5611 1927 5665 4.
2001 5612 2047 5644 ⁹²
2075 5603 2204 5673 ibid.
2283 5618 2329 5649 ³³
2378 5615 2578 5670 Ezecb.
2615 5630 2822 5680 xxxvii,
2867 5619 2887 5669 l
2929 5630 3044 5684 seq.
3117 5603 3177 5648 ’δ’
3212 5603 3346 5672 ibid.
3395 5618 3481 5672 Η.

552 5791 562 5802 _
621 5721 765 5843 (ili-9|)l
800 5724 1050 5805 Χριστῷ.
1082 5726 1242 5780 Deest
1282 5725 1334 5780 in
1367 5727 1555 5782 codice
1587 5726 1774 5799 Regio,
1811 5729 1905 5785 sed
1935 5739 2115 5788 exstat

552 5808 602 5843 Ill
682 5810 728 5842 0t
773 5809 949 5843 ριιιιιο.

551 5808 602 5843 tlt
643 5808 949 5848 Imilimutto.

621 5860 731 5916 (Ilii
775 5862 1313 5940 Tibi~.__“S_cribendum
1345 5865 1567 5922 τούτων.

2256 5735 2408 5820 ~(it)
2451 5732 2669 5800 Ποίοις.
2737 5731 2829 5787 Sic
2901 5733 3068 5789 codex
3141 5731 3502 5800 Bodleiauus;
3559 5731 3826 5803 chius,

2224 5821 2375 5868 οιοις.
