4170 6418
392 395 504 452 575
1501 388 1848 448 ΕΟΜΜΕΝΤ.
1892 388 1955 444 ΙΝ

2058 388 2189 444 DAN.
2234 386 2474 445 TOMUS
2514 385 2580 440 Χ.
3533 385 3640 442 5η

406 507 642 584 Ἰσραὴλ,
887 507 1121 580 Χριστοῦ
1166 507 1414 577 σώματι,
1465 511 1593 580 περὶ
1641 502 1701 562 οῦ
1731 510 1955 577 ἐλεγενέ

2073 517 2276 573 nostra,
2311 506 2532 560 abscissi
2562 518 2769 559 smnus.
2808 522 2824 554 ι
2861 502 3068 570 Quibus
3093 503 3236 557 enim
3265 501 3477 556 ossibus
3504 506 3640 558 dici-

393 602 598 673 Κύριος
621 619 633 631 ·
669 621 686 652 ι
724 600 1121 673 Διεσκορπίσθη
1160 601 1333 655 πάντα
1365 601 1432 654 τὰ
1463 602 1595 655 ὀστᾶ
1626 620 1725 672 μου
1747 642 1761 665 ,
1800 621 1818 653 ι
1863 601 1955 654 τῶι

2075 610 2161 654 ιιιι·
2201 618 2212 652 :
2252 617 2270 648 ι
2306 597 2502 651 Audite
2553 596 2776 649 verbum
2840 596 3071 662 Domini,
3132 614 3148 647 ι
3208 604 3462 663 tanquam
3515 612 3640 664 qua:

395 691 724 762 σωματικῶν
756 693 958 747 ὀστέων
986 693 1147 746 αὐτοῦ
1186 693 1259 764 μὴ
1291 677 1802 757 διασκεδασθέντων,
1836 693 1955 747 ἀλλά

2072 689 2309 743 sentiant
2355 687 2576 741 verbum
2627 686 2857 746 Dotnini,
2893 698 3254 754 tanquamque
3294 700 3415 754 quae
3443 684 3549 738 sint
3585 687 3636 738 in
3684 705 3688 731 :

397 784 532 854 μηδὲ
567 785 940 857 συντριϐέντος
977 785 1120 846 τινὸς
1155 785 1214 848 ἐξ
1262 785 1441 839 αὐτῶν
1467 802 1481 851 ;
1509 785 1638 839 Ὅτε
1668 785 1724 839 δὲ
1753 787 1955 854 γίνεται

2072 783 2230 836 domo
2263 781 2448 844 Israel,
2495 781 2596 842 nisi
2638 781 2837 836 (λιιι-ἰειί
2891 781 3124 849 corpori,
3170 781 3237 834 de
3287 796 3395 848 quo
3425 779 3642 834 dicebat

392 875 530 946 αὑτὴ
561 877 592 945 ή
616 875 911 939 ἀνάστασις
935 875 1028 928 τοῦ
1057 876 1312 947 ἀληθινοῦ
1342 878 1434 931 καὶ
1466 878 1803 948 τελειοτέρου
1835 879 1955 949 Χρι-

2069 873 2331 928 Dominus
2374 874 2420 904 ³⁸
2469 892 2482 928 :
2539 892 2556 924 ι
2596 872 2859 940 Dissipata
2891 883 3018 927 sunt
3049 872 3228 926 omnia
3265 886 3385 925 ossa
3425 887 3568 934 mea,
3614 889 3634 922 ι

395 966 523 1020 στοῦ
561 965 850 1037 σώματος,
893 967 1014 1019 τότε
1065 967 1133 1021 τὰ
1180 967 1318 1038 μέλη
1359 967 1451 1020 τοῦ
1479 967 1714 1038 Χριστοῦ
1747 968 1816 1022 τὰ
1850 968 1955 1032 νῦντ

2069 983 2190 1022 cum
2243 966 2442 1036 alioqui
2497 981 2619 1020 ossa
2671 966 2836 1034 ipsius
2891 965 3193 1035 corporalia
3241 965 3498 1032 dissipata
3530 979 3636 1017 non

393 1058 470 1121 ὡς
502 1057 639 1128 πρὸς
663 1057 724 1111 τὸ
754 1057 966 1128 μέλλον,
997 1057 1138 1129 ξηρὰ
1166 1058 1300 1112 ὀστᾶ
1331 1058 1748 1130 συναχθήσεται,
1778 1058 1955 1113 ὀστοῦι

2069 1060 2294 1124 fuerint,
2321 1061 2415 1116 sed
2467 1075 2534 1114 ne
2587 1075 2750 1112 unum
2779 1059 2994 1128 quidem
3035 1073 3100 1112 ex
3137 1057 3266 1128 ipsis
3295 1057 3588 1110 contritum
3616 1053 3640 1106 ἲ

395 1149 534 1220 πρὸς
566 1149 790 1213 ὀστοῦν,
832 1149 926 1202 καὶ
957 1149 1192 1220 ἁρμονία
1237 1153 1372 1220 πρὸς
1414 1149 1714 1220 ἁρμονίαν,
1756 1149 1955 1214 οὐδενὸς

2067 1150 2302 1206 Proinde
2327 1167 2450 1206 cum
2482 1151 2716 1206 elIicitur
2750 1151 3076 1206 resurrectio
3111 1151 3225 1203 haec
3260 1149 3376 1203 veri
3415 1157 3468 1200 et
3515 1161 3640 1216 per-

394 1241 502 1294 τῶν
554 1241 938 1314 ὲστερημένων
978 1232 1241 1312 ἁρμονίας
1289 1243 1717 1313 καταντήσοντος
1760 1242 1841 1305 είς
1881 1239 1955 1294 τέ-

2069 1242 2322 1301 fectioris.
2354 1243 2604 1310 corporis
2651 1242 2878 1305 Christi,
2931 1252 3059 1294 tunc
3113 1239 3353 1294 membra
3409 1237 3632 1301 Christi,

394 1344 532 1386 Αειον
564 1332 752 1403 ἄνδρα,
789 1351 805 1383 t
835 1334 914 1395 εἰς
940 1331 1001 1384 τὸ
1031 1332 1226 1404 μέτρον
1254 1332 1354 1403 τῆς
1385 1333 1597 1403 ήλικίας
1630 1331 1724 1385 τοῦ
1758 1330 1955 1414 πληρῴ¹

2071 1335 2323 1388 nimirum
2356 1347 2479 1386 ossa
2511 1349 2573 1388 ea
2607 1348 2726 1402 qua!
2777 1336 2828 1386 in
2868 1329 3178 1402 praesentia,
3211 1331 3376 1384 futuri
3417 1345 3639 1398 compa—

394 1440 562 1494 ματος
587 1423 680 1476 τοῦ
729 1421 976 1494 σώματος
1015 1423 1108 1478 τοῦ
1147 1424 1382 1495 Χριστοῦ
1407 1441 1420 1454 ·
1460 1444 1478 1477 ι
1509 1425 1602 1478 καὶ
1646 1425 1766 1478 τότε
1799 1423 1955 1477 πολλὰ

2073 1426 2304 1490 ratione,
2334 1435 2458 1480 sunt
2494 1427 2670 1489 arida,
2702 1425 3117 1494 conjungentur,
3149 1438 3210 1478 os
3238 1422 3444 1478 scilicet
3479 1423 3544 1475 ad
3576 1435 3639 1475 os

393 1515 530 1587 μέλη
557 1515 616 1568 τὺ
648 1514 706 1566 ἓν
739 1514 891 1569 ἔσται
926 1514 1083 1585 σῶμα
1104 1555 1119 1580 ,
1173 1517 1391 1570 πάντων
1431 1516 1524 1570 τοῦ
1576 1515 1826 1588 σώματος
1874 1533 1955 1586 με·

2067 1534 2246 1583 suum,
2281 1527 2336 1573 et
2368 1517 2620 1587 junctura
2648 1520 2714 1572 ad
2737 1517 3048 1584 juncturam
3073 1517 3191 1550 "'9’
3225 1534 3240 1571 :
3272 1518 3512 1580 nemine,
3544 1515 3636 1584 qui

390 1605 498 1659 λῶν
531 1606 740 1659 πολλῶν
771 1607 942 1660 ὄντων
975 1607 1270 1678 γινομένων
1305 1607 1422 1671 ἐνὸς
1453 1607 1731 1678 σώματος·
1775 1611 1878 1680 τὴν
1910 1608 1955 1661 δὲ

2068 1611 2307 1680 privatus
2341 1611 2413 1664 sit
2454 1609 2735 1677 junctura,
2782 1624 3080 1665 occursuro
3121 1609 3174 1663 in
3234 1609 3409 1662 virum
3458 1605 3638 1678 perfe-

391 1698 575 1768 κρίσιν
605 1699 766 1763 ποδὸς
786 1739 801 1763 ,
833 1700 926 1752 καὶ
957 1701 1137 1771 χειρὸς
1158 1741 1173 1764 ,
1210 1700 1303 1753 καὶ
1327 1700 1625 1772 ὀφθαλμοῦ,
1656 1701 1751 1754 καὶ
1773 1702 1955 1771 ἀκοῆς1

2068 1710 2234 1766 ctum,
2273 1719 2291 1752 ι
2336 1702 2388 1754 ἰη
2437 1716 2742 1756 mensuram
2777 1701 2952 1755 uitatis
2987 1700 3337 1769 plenitudinis
3389 1699 3638 1769 corporis

390 1791 485 1843 καὶ
522 1791 840 1862 ὀσφρήσεως
868 1791 977 1844 τῶν
1005 1791 1465 1863 συμπληρούντων
1501 1791 1604 1863 ἰδίᾳ
1634 1792 1732 1862 μὲν
1753 1791 1851 1863 τὴν
1877 1809 1955 1844 κε-

2067 1791 2267 1845 Cbristi
2286 1791 2408 1849 ¹·³⁷;
2434 1810 2452 1842 ι
2473 1799 2526 1844 et
2553 1801 2676 1846 tunc
2701 1791 2938 1844 membra
2961 1789 3125 1846 multa
3151 1807 3312 1844 unum
3335 1799 3495 1845 erunt
3517 1805 3637 1845 cor-

390 1882 588 1953 φαλήν,
628 1883 733 1954 ίδίᾳ
760 1883 814 1937 δὲ
843 1885 969 1947 τοὺς
995 1885 1182 1948 πόδας,
1215 1886 1307 1938 καὶ
1338 1885 1407 1939 τὰ
1435 1885 1594 1938 λοιπὰ
1621 1885 1730 1938 τῶν
1763 1886 1955 1956 μελῶν1

2067 1897 2187 1951 pus,
2249 1897 2371 1936 cum
2425 1883 2605 1935 omnia
2664 1881 2910 1950 corporis
2957 1881 3238 1946 membra,
3295 1897 3417 1952 quae
3467 1885 3636 1936 multa

387 1976 461 2029 τά
490 1993 549 2028 τε
574 1975 960 2048 ἀσθενέστερα,
995 1980 1088 2030 καὶ
1116 1979 1473 2049 ταπεινότερα
1494 2020 1507 2043 ,
1541 1981 1634 2032 καὶ
1658 1981 1955 2050 ἀσχήμονα,

2070 1984 2215 2039 sunt,
2253 1975 2382 2029 lieut
2426 1976 2588 2030 unius
2618 1977 2862 2042 corporis
2907 1975 2974 2028 ³⁸.
3024 1977 3094 2030 At
3143 1975 3436 2031 discrimen
3484 1973 3637 2044 pedis

388 2066 485 2120 καὶ
537 2066 879 2138 εὐσχήμονα,
938 2068 1099 2138 μόνου
1152 2068 1284 2122 Θεοῦ
1333 2071 1447 2122 ἐστι
1496 2069 1857 2140 ποιήσασθαι,
1905 2070 1955 2134 ὃς

2069 2079 2388 2134 manusque,
2417 2075 2580 2135 atque
2631 2065 2795 2130 oculi,
2829 2081 2894 2120 ac
2917 2066 3148 2136 denique
3171 2067 3464 2122 auditus-et
3492 2064 3634 2121 oll‘a-

390 2158 720 2232 συγκεράσει
753 2157 814 2211 τὸ
863 2159 1023 2230 σῶμα
1044 2175 1058 2190 ’
1101 2161 1192 2213 καὶ
1229 2161 1351 2214 τότε
1393 2161 1594 2232 μᾶλλον
1622 2161 1716 2214 τοῦ
1751 2160 1848 2214 νῦν
1884 2161 1955 2231 τῷ

2067 2165 2213 2222 ctus,
2239 2157 2434 2225 quibus
2460 2157 2801 2227 complentur
2847 2157 3156 2227 singulatim
3185 2159 3404 2228 quidem
3445 2168 3636 2229 caput,

391 2247 708 2320 ὑστεροῦντι
739 2249 1131 2322 περισσοτέραν
1151 2251 1328 2314 διδοὺς
1362 2251 1549 2323 τιμὴν,
1586 2253 1672 2305 ἵνα
1705 2253 1955 2324 μηδαμῶς

2067 2244 2377 2314 singulatim
2439 2260 2569 2301 vero
2616 2247 2782 2314 pedes
2827 2257 2883 2302 et
2937 2258 3134 2302 caetera
3186 2247 3467 2313 membra,
3521 2257 3634 2302 tum

387 2336 421 2414 ᾖ
450 2342 656 2412 σχίσμα
684 2342 742 2395 ἐν
772 2341 851 2413 τῷ
878 2341 1118 2414 σώματι,
1149 2343 1284 2399 ἀλλὰ
1310 2344 1372 2398 τδ
1401 2345 1531 2398 αὐτὸ
1562 2345 1702 2418 ὑπὲρ
1733 2345 1846 2416 (ιε)
1873 2345 1955 2399 ἀλ-

2062 2335 2445 2401 jntbecilliora,
2496 2347 2605 2392 tum
2641 2339 2955 2409 abjectiora,
3014 2353 3076 2393 ac
3114 2354 3176 2394 ea
3207 2355 3327 2409 qua:
3375 2350 3636 2409 putantur

387 2431 565 2503 λήλων
611 2433 916 2503 μεριμνῶσι
961 2432 1034 2486 τὰ
1072 2433 1244 2504 μέλη,
1280 2434 1374 2488 καὶ
1406 2433 1461 2486 εἴ
1503 2450 1626 2487 τινα
1669 2433 1955 2488 εὐπάθειαι

2065 2431 2343 2496 indecora,
2374 2439 2430 2486 et
2452 2431 2674 2496 decora,
2699 2432 2868 2488 solius
2896 2433 2988 2488 Dei
3017 2443 3098 2489 est
3124 2434 3328 2499 facere,
3355 2433 3446 2502 qui
3472 2434 3636 2488 simul

385 2523 503 2594 ἔχει
548 2523 741 2594 μέλος,
785 2525 1170 2598 συνευπαθήσῃ
1203 2527 1380 2580 πάντα
1419 2527 1488 2582 τὰ
1522 2526 1657 2598 μέλη
1679 2566 1694 2591 ,
1741 2526 1852 2581 εἴτε
1879 2527 1955 2581 δο-

2067 2522 2390 2592 temperabit
2418 2538 2640 2593 corpus,
2672 2525 2834 2580 etiam
2877 2526 3048 2595 magis
3079 2540 3244 2595 quam
3277 2539 3420 2580 nunc
3447 2525 3635 2594 COpio-

388 2615 610 2679 Εάζεται
630 2655 646 2677 ,
691 2615 962 2689 συγχαίρῃ
995 2617 1062 2670 τὰ
1088 2619 1284 2672 πάντα.
1733 2640 1736 2642 '

2067 2621 2269 2677 siorem
2307 2623 2572 2677 honorem
2607 2622 2814 2678 addens
2841 2623 2889 2678 ei
2917 2622 2984 2689 '9,
3017 2621 3101 2676 cui
3138 2620 3337 2686 deerit,
3378 2635 3446 2676 ne
3476 2620 3640 2676 dissi-

385 2711 534 2764 dtutn
565 2711 634 2763 sit
665 2712 715 2764 in
748 2726 994 2780 corpore,
1026 2712 1120 2766 sed
1173 2712 1402 2767 invicem
1452 2713 1556 2766 alia
1605 2728 1704 2782 pro
1747 2713 1869 2769 aliis
1915 2713 2334 2773 sollicitudinem
2389 2718 2634 2772 eamdem
2684 2727 2874 2789 gerant
2904 2719 3142 2774 membra
3171 2734 3188 2784 ;
3220 2725 3274 2772 et
3303 2718 3348 2772 si
3379 2716 3505 2789 quid
3540 2733 3638 2786 pa-

386 2807 522 2858 titur
573 2822 737 2860 unum
793 2807 1141 2871 membrum,
1199 2807 1361 2862 simul
1424 2808 1698 2879 patientur
1765 2811 1945 2866 omnia
1986 2813 2247 2880 membra,
2315 2815 2429 2869 sive
2467 2814 2800 2885 gloriﬁcatur
2856 2829 3020 2867 unum
3062 2814 3410 2878 membrum,
3477 2810 3638 2866 simul

386 2903 617 2970 gaudebt
643 2911 704 2957 nt
736 2903 915 2957 omnia
959 2904 1222 2960 membra.

457 2996 546 3050 2|.
583 2997 768 3053 Ταῦτά
800 3016 891 3069 μοι
917 3000 1016 3052 οὐκ
1045 2999 1340 3071 ἀλλοτρίως
1376 2999 1470 3053 τοῦ
1504 2999 1684 3072 ἱεροῦ,
1732 3000 1828 3054 καὶ
1852 3000 1955 3056 τῶν

2131 3001 2224 3056 9-1.
2263 2999 2390 3054 Haec
2419 3007 2545 3054 sunt
2569 3014 2599 3052 a
2627 3013 2711 3052 me
2739 2996 2904 3063 dicta,
2937 3011 3035 3051 nec
3065 3005 3276 3066 _pra3ter
3300 2995 3634 3060 institutum,

381 3087 480 3140 ἀπ’
520 3086 685 3140 αὐτοῦ
734 3086 1200 3158 ἐξελαυνομένων,
1235 3088 1363 3159 περὶ
1409 3081 1470 3141 οὗ
1503 3089 1648 3158 λέγει
1681 3089 1709 3141 ὀ
1738 3089 1955 3160 Σωτήρ·

2062 3094 2130 3148 de
2161 3093 2382 3160 templo,
2408 3091 2582 3160 deque
2613 3105 2677 3143 ex
2710 3089 2826 3158 ipso
2849 3088 3110 3158 expulsis,
3141 3087 3208 3142 de
3235 3102 3343 3157 quo
3373 3087 3635 3142 Servatur

389 3199 406 3228 ι
455 3179 513 3232 '0
544 3177 703 3248 ζῆλος
724 3177 824 3231 τοῦ
861 3176 1012 3231 οἴκου
1046 3195 1139 3232 σου
1173 3179 1546 3248 καταφάγεταί
1595 3196 1663 3250 με
1685 3218 1699 3244 ,
1741 3198 1760 3231 ι
1809 3179 1955 3252 εἴρη-

2061 3184 2192 3238 dicit
2223 3202 2236 3237 :
2271 3202 2290 3235 ι
2324 3181 2484 3237 Zelus
2519 3182 2712 3236 domus
2743 3189 2849 3234 tute
2880 3180 3113 3234 comedit
3159 3195 3246 3234 me
3291 3178 3382 3241 “z
3417 3198 3438 3232 ι
3469 3187 3634 3247 atque

380 3282 506 3326 ται,
557 3264 666 3318 τῶν
716 3281 776 3318 τε
807 3263 1100 3319 αἰτούντων
1147 3269 1372 3338 σημεῖον
1455 3267 1726 3321 Ἰουδαίων
1773 3269 1958 3333 αὐτοῖς

378 3355 690 3427 δειχθῆναι,
721 3356 936 3426 καὶτῆς
968 3355 1064 3410 τοῦ
1096 3357 1301 3428 Κυρίου
1333 3359 1469 3430 πρὸς
1500 3359 1698 3426 αὐτοὺς
1729 3360 1961 3432 ἀποκρί-

379 3467 558 3514 σεως,
592 3452 950 3515 συνάπτοντος
979 3451 1070 3505 τὸν
1113 3451 1207 3505 τοῦ
1247 3452 1374 3506 ναοῦ
1415 3452 1571 3521 λόγον
1607 3453 1685 3524 τῷ
1720 3455 1814 3507 τοῦ
1846 3454 1956 3525 (15)

384 3542 517 3596 ἰδίου
557 3540 828 3612 σώματος,
883 3543 977 3596 καὶ
1010 3542 1311 3611 φάσκοντος
1333 3560 1347 3572 °
1375 3563 1394 3596 ι
1434 3544 1648 3598 Λύσατε
1694 3545 1784 3598 τὸν
1829 3546 1960 3603 ναὸν

376 3632 600 3697 τοῦτον,
665 3634 759 3687 καὶ
822 3634 998 3704 τρισὶν
1065 3633 1299 3706 ἡμέραις
1366 3634 1542 3706 ἐγερῶ
1605 3635 1785 3688 αὐτόν.
1827 3635 1959 3688 Ἀπὸ

379 3727 490 3796 γὰρ
544 3725 735 3779 τούτου
789 3724 884 3779 τοῦ
947 3725 1114 3790 ναοῦ,
1187 3725 1339 3791 δντος
1386 3725 1636 3797 σώματος
1695 3727 1956 3798 Χριστοῦ,

381 3819 466 3872 δεῖ
509 3819 907 3873 ἀπελαύνεσθαι
938 3819 1108 3874 ταῦτα
1137 3818 1264 3872 ὄντα
1316 3819 1425 3890 (14)
1472 3819 1675 3889 ἄλογα,
1710 3822 1802 3873 καὶ
1857 3823 1956 3891 ὲμ-

381 3909 618 3981 πορικὰ,
659 3912 744 3964 ἵνα
779 3910 974 3982 μηκέτι
1013 3905 1161 3974 οἶκος
1205 3909 1468 3981 ἐμπορίου
1613 3912 1723 3964 Καὶ
1773 3911 1957 3965 τοῦτον

375 4004 472 4056 τὸν
511 4003 638 4057 ναὸν
688 4003 916 4074 λυθῆναι
965 4004 1047 4058 δεῖ
1093 4003 1198 4057 ὑπὸ
1250 4002 1357 4055 τῶν
1393 4003 1846 4058 ἐπιϐουλευόντων
1879 4003 1957 4075 τῷ

378 4094 524 4165 λόγῳ
564 4095 658 4149 τοῦ
705 4096 877 4161 Θεοῦ,
927 4097 1023 4150 καὶ
1079 4095 1220 4167 μετὰ
1266 4096 1328 4148 τὸ
1382 4095 1610 4165 λυθῆναι
1644 4098 1710 4166 τῇ
1767 4113 1955 4167 προει-

381 4184 598 4258 ρημένῃ
653 4187 782 4257 ἡμῖν
837 4187 992 4258 τρίτῃ
1049 4186 1232 4258 ἡμέρα
1299 4186 1412 4257 (15)
1469 4186 1797 4257 ἐγερθῆναι·
1866 4188 1956 4240 ὅτε

378 4278 476 4330 καὶ
498 4279 549 4329 oi
579 4277 837 4348 μαθηταὶ,
881 4279 962 4332 ὅτι
999 4278 1149 4347 ἔλεγε
1181 4279 1308 4349 πρὶν
1335 4277 1560 4349 λυθῆναι
1581 4278 1670 4332 τὸν
1705 4279 1829 4332 ναὸν
1860 4278 1956 4332 τοῦ

2060 3276 2224 3329 etiam
2258 3275 2323 3328 de
2343 3272 2545 3328 Judaeis
2577 3271 2887 3342 petentibus
2921 3270 3134 3340 signum
3165 3269 3269 3324 sibi
3299 3269 3540 3334 ostendi,
3569 3285 3635 3323 ac

2059 3368 2294 3436 denique
2325 3367 2391 3422 de
2421 3366 2628 3420 Domini
2662 3364 2728 3418 ad
2777 3365 2926 3434 ipsos
2975 3363 3351 3432 responsione,
3403 3361 3634 3430 conjun-

2060 3460 2238 3527 gentis
2276 3472 2585 3513 sermonem
2623 3457 2806 3527 templi
2849 3441 3093 3511 sermoni
3122 3456 3328 3525 proprii
3358 3456 3631 3525 corporis,

2059 3559 2114 3604 et
2150 3549 2423 3604 dicentis:
2467 3566 2488 3599 ι
2534 3540 2807 3603 Destruite
2835 3548 3090 3617 templum
3136 3548 3263 3611 boc,
3297 3556 3348 3601 et
3374 3547 3424 3599 in
3460 3546 3633 3600 tribus

2060 3642 2250 3696 diebus
2294 3643 2502 3711 erigam
2552 3641 2682 3694 illud
2738 3640 2806 3694 δι.
2862 3659 2882 3692 ι
2934 3641 3017 3694 Ab
3058 3642 3157 3695 hoc
3207 3639 3352 3694 enim
3408 3639 3629 3707 templo,

2059 3732 2201 3802 quod
2236 3742 2322 3787 est
2365 3747 2564 3801 corpus
2607 3730 2834 3796 Christi,
2863 3730 3202 3800 expellautur
3252 3729 3366 3784 haec
3416 3737 3634 3797 oportet

2059 3841 2178 3896 qua:
2218 3826 2446 3880 rationis
2471 3825 2691 3893 capacia
2723 3840 2828 3880 non
2865 3834 2993 3880 sunt
3030 3837 3084 3879 et
3117 3841 3235 3895 qua:
3265 3833 3628 3878 mercaturam

2058 3927 2336 3985 exercent,
2357 3931 2415 3974 ut
2440 3934 2544 3973 non
2572 3919 2624 3972 in
2654 3931 2927 3990 posterum
2956 3920 3028 3974 sit
3049 3922 3239 3974 domus
3266 3927 3627 3972 mercaturam

2058 4011 2452 4074 exercentium.
2480 4011 2693 4067 Destrui
2724 4011 2887 4066 etiam
2916 4013 3020 4067 hoc
3048 4010 3302 4080 templum
3329 4011 3396 4064 ab
3421 4009 3506 4063 his
3531 4009 3624 4077 qui

2059 4103 2382 4158 insidiantur
2400 4104 2637 4158 sermoni
2664 4103 2752 4158 Dei
2773 4117 2994 4159 necesse
3011 4111 3114 4171 est,
3134 4117 3366 4171 cumque
3388 4100 3626 4155 dirutum

2058 4194 2244 4258 fuerit,
2267 4195 2450 4262 tertia,
2475 4210 2634 4266 quam
2653 4196 3022 4266 praediximus,
3041 4195 3125 4250 die
3140 4194 3388 4262 excitari;
3407 4193 3627 4263 quando

2061 4283 2221 4355 199
2250 4284 2413 4339 etiam
2461 4285 2710 4354 discipuli
2751 4286 2870 4356 ejus
2902 4285 3336 4340 recordabuntur
3367 4285 3510 4350 quod
3542 4284 3626 4337 di-

378 4367 514 4420 Θεοῦ
542 4370 570 4421 ό
601 4369 792 4436 Λόγος,
815 4368 980 4422 αὑτοῦ
1012 4369 1410 4441 μνησθήσονται
1443 4363 1504 4423 οὗ
1536 4369 1710 4438 ἔλεγε,
1738 4369 1834 4424 καὶ
1867 4388 1955 4422 πι-

2062 4377 2199 4428 xerit
2223 4374 2390 4430 Filius
2422 4376 2555 4442 Dei,
2589 4384 2881 4446 antequam
2915 4375 3295 4430 destrueretur
3339 4375 3622 4444 templum,

380 4460 665 4514 στεύσουσι
691 4460 826 4532 (16),
866 4461 1246 4532 τελειουμένης
1287 4460 1464 4513 αὐτῶν
1507 4461 1628 4514 τότε
1675 4460 1813 4531 μετὰ
1853 4461 1954 4531 τῆς

378 4553 631 4620 γνώσεως
665 4556 757 4608 καὶ
780 4558 880 4626 τῆς
902 4556 1153 4621 πίστεως,
1188 4556 1321 4610 ἀλλὰ
1346 4558 1437 4610 καὶ
1459 4556 1537 4627 τῷ
1553 4556 1694 4627 λόγῳ
1715 4557 1774 4610 ὃν
1802 4553 1954 4610 εἶπεν

377 4648 406 4698 ὁ
449 4646 674 4716 Ἰησοῦς.
709 4648 818 4700 Καὶ
842 4647 1068 4711 ἕκαστος
1092 4647 1149 4700 δὲ
1182 4647 1290 4700 τῶν
1310 4647 1550 4712 τοιῶνδε,
1594 4647 1768 4718 Ἰησοῦ
1792 4649 1952 4702 αὐτὸν

378 4735 749 4808 καθαίροντος,
783 4737 1114 4808 ἀποθέμενος
1141 4739 1209 4792 τὰ
1233 4739 1398 4807 ἄλογα
1429 4739 1521 4791 καὶ
1551 4739 1618 4791 τὰ
1651 4738 1952 4805 πωλοῦντα,

377 4829 467 4881 διὰ
494 4829 584 4883 τὸν
607 4829 699 4883 τοῦ
728 4833 785 4883 ὲν
798 4832 979 4894 αὐτοῖς
999 4832 1170 4900 Λόγου
1199 4831 1354 4902 ζῆλον
1381 4831 1831 4902 καταλυθήσεται,
1863 4834 1956 4886 ἐπὶ

375 4917 456 4988 τῷ
486 4918 590 4972 ὑπὸ
643 4920 817 4993 Ἰησοῦ
864 4921 1175 4993 ἐγερθῆναι,
1205 4924 1267 4976 ού
1298 4927 1364 4995 τῇ
1401 4925 1561 4998 τρίτῃ
1591 4926 1796 4998 ἡμέρᾳ,
1830 4930 1954 4982 ὅσον

376 5011 472 5062 ἐπὶ
507 5013 571 5081 τῇ
616 5013 948 5085 προκειμένῃ
987 5013 1150 5080 λέξειο
1191 5016 1251 5068 ού
1289 5017 1398 5084 γὰρ
1425 5017 1754 5088 γέγραπται·
1798 5039 1816 5071 ι
1852 5019 1955 5073 Λύ·

378 5117 508 5152 σατε
553 5102 644 5154 τὸν
681 5103 808 5155 ναὸν
855 5104 1074 5168 τοῦτον,
1112 5107 1214 5161 καί
1244 5105 1317 5174 τῇ
1339 5108 1502 5176 τρίτῃ
1532 5110 1718 5180 ἡμέρᾳ
1773 5112 1952 5181 ἐγερῶ

375 5189 562 5258 αὐτὸν,
605 5212 622 5243 ι
649 5192 762 5246 ἀλλ’
806 5195 875 5247 ἐν
914 5196 1115 5264 τρισίν
1143 5197 1412 5267 ἡμέραις.
1460 5198 1756 5271 Ἐγείρεται
1787 5200 1894 5274 γὰρ
1918 5203 1953 5274 ή

448 5376 498 5457 ’_'
549 5377 687 5457 Paul.
741 5381 968 5457 xxx,j5.
998 5381 1160 5457 “9‘?”
1209 5381 1396 5457 Ezeclt_
1431 5399 1635 5450 xxxvu,
1663 5386 1714 5439 7.
1795 5386 1884 5420 Μ’
1919 5387 1955 5442 Ε

2058 5403 2116 5442 es.
2155 5401 2230 5450 tv,
2262 5385 2348 5440 15.
2426 5385 2474 5418 ³⁸
2516 5387 2535 5440 l
2569 5386 2700 5441 Cor.
2730 5404 2827 5452 xu,
2872 5388 2956 5451 l2,
2984 5402 3098 5455 seq.
3175 5385 3220 5417 ³⁸
3247 5386 3376 5440 ibid.
3405 5385 3475 5438 ‘24
3504 5401 3618 5455 seq.
3663 5369 3679 5433 ἓ

375 5445 427 5481 ⁸⁸
457 5447 598 5504 Psal.
621 5465 810 5510 uvnt,
835 5450 920 5504 10.
996 5451 1039 5483 ⁶¹
1060 5451 1214 5505 Joan.
1249 5469 1305 5515 ιι,
1340 5455 1424 5510 l9.

389 5542 564 5645 “(‘12)
615 5544 800 5613 Ὑπὲρ.
839 5544 913 5600 Ita
947 5546 1085 5602 idem
1124 5550 1293 5604 codex
1338 5549 1692 5615 Bodleianus;
1723 5551 1945 5623 Regius,

380 5629 692 5765 Uf(0‘.3)~T(;)
739 5683 867 5738 τοῦ.
926 5685 1018 5740 Sic
1072 5691 1245 5743 codex
1299 5689 1658 5757 Bodleianns;
1716 5691 1944 5760 Regius,

379 5772 488 5806 των
521 5771 633 5807 του.

452 5824 565 5892 (Η)
614 5827 805 5880 Ὄντα.
837 5828 926 5881 Sit:
959 5827 1125 5882 (δούς-χ
1157 5828 1506 5900 Rodii-ianus;
1542 5829 1762 5902 Regius,
1788 5833 1872 5889 τά.
1933 5889 1938 5899 ,

2060 4465 2295 4534 perfecta
2322 4475 2448 4520 tunc
2475 4481 2595 4520 cum
2640 4467 2951 4534 cognitione
2979 4465 3083 4521 ﬁde
3135 4467 3300 4522 etiam
3338 4466 3624 4537 ipsorum,

2058 4569 2111 4612 et
2137 4558 2362 4613 credent
2397 4559 2656 4622 sermoni,
2683 4574 2844 4628 quem
2872 4560 3070 4613 dixerit
3090 4556 3266 4613 Iesus.
3301 4557 3440 4626 Quin
3469 4574 3628 4612 unus-

2059 4649 2294 4719 quisque
2317 4651 2408 4718 qui
2444 4651 2554 4704 erit
2589 4649 2925 4720 bujusmodi,
2951 4649 3078 4705 Jesu
3105 4649 3256 4703 illum
3283 4650 3624 4719 puriﬁcante,

2059 4755 2182 4793 cum
2213 4741 2514 4809 deposuerit
2544 4757 2665 4810 quae
2695 4722 2874 4795 aliena
2909 4751 3038 4796 sunt
3067 4756 3096 4795 a
3124 4744 3354 4808 ratione,
3394 4757 3458 4796 ac
3491 4757 3625 4796 ven-

2059 4833 2263 4897 dentia,
2289 4843 2508 4903 propter
2543 4833 2904 4889 inhabitantis
2937 4835 2991 4888 in
3023 4849 3083 4890 se
3107 4835 3229 4891 Filii
3281 4835 3373 4890 Dei
3421 4836 3623 4904 zelum,

2058 4926 2385 4991 destruetur,
2417 4935 2474 4980 ut
2506 4941 2534 4980 a
2571 4926 2698 4982 Jesu
2723 4927 2962 4998 erigatur
2990 4946 3006 4982 :
3034 4943 3141 4983 non
3169 4930 3323 4984 tertia
3347 4929 3456 4996 die,
3481 4932 3624 4998 quod

2055 5018 2126 5072 ad
2157 5000 2485 5086 propositam
2533 5018 2819 5074 lectionem
2868 5019 3103 5084 attinet;
3149 5035 3248 5074 nec
3293 5021 3438 5074 enim
3497 5021 3627 5074 scri-

2058 5117 2205 5176 ptum
2229 5118 2354 5165 est:
2392 5129 2410 5162 ι
2442 5111 2711 5165 Destruite
2757 5112 3010 5180 templum
3047 5112 3173 5172 hoc,
3226 5120 3283 5165 et
3337 5111 3496 5186 tertia
3535 5111 3623 5164 die
3655 5111 3660 5202 Ι

2053 5197 2184 5256 illud
2228 5199 2516 5272 erigimur
2555 5205 2649 5263 sed
2673 5239 2688 5267 ,
2756 5225 2774 5258 ι
2801 5207 2852 5260 in
2882 5207 3053 5261 tribus
3089 5205 3302 5261 diebus.
3333 5224 3353 5258 ι
3385 5206 3624 5276 Erigitur

2124 5553 2237 5616 (l5)
2280 5552 2504 5622 Ἡμέρᾳ.
2535 5553 2606 5607 Ita
2641 5555 2780 5608 idem
2809 5555 2973 5608 codex
3002 5552 3352 5617 Budleianus;
3390 5551 3617 5621 Regius,

2051 5639 2332 5693 perperam
2354 5667 2368 5684 ,
2405 5624 2560 5692 μετά.

2122 5689 2235 5763 (l6)
2275 5689 2698 5763 Πιστεύσουσι.
2745 5693 2836 5746 Sic
2887 5695 3057 5746 codex
3105 5690 3464 5753 Bodleianus;
3510 5689 3618 5745 Re-

2057 5761 2195 5834 gius,
2230 5761 2561 5816 πιστεύουσι.

3658 5266 3669 5332 l

3660 5335 3669 5368 l
