4170 6414
534 357 656 411 .375

2023 354 2345 415 OlilGDNlS

3707 358 3805 412 576

549 474 693 527 cutim
726 471 907 541 templi
935 471 1161 538 erectio,
1221 481 1516 541 postquam
1545 472 1879 528 destructum
1920 473 2106 538 fuerit,

2222 473 2306 530 τοῦ
2337 474 2464 529 ναοῦ
2511 477 2577 545 τῇ
2613 472 2801 545 πρώτῃ
2854 470 2993 542 μετά
3036 468 3095 522 τὺ
3125 469 3351 542 λυθῆναι
3384 468 3580 543 ἡμέρα
3607 473 3704 525 καὶ
3738 474 3805 543 τῇ

549 564 725 633 prima
782 571 839 616 et
891 563 1127 621 secunda
1185 562 1309 627 die;
1363 563 1644 631 perficitur
1677 573 1856 621 autem
1906 563 1959 616 in
1992 566 2117 619 totis

551 653 729 707 tribus
764 652 979 708 diebus.
1004 652 1392 719 Quamobrem,
1416 665 1471 708 et
1497 654 1641 710 facta
1665 666 1750 711 est
1770 657 2116 721 resurrectio,

550 750 606 793 et
639 740 748 795 erit
774 742 1123 804 resurrectio,
1162 742 1427 811 siquidem
1463 762 1482 794 ι
1506 760 1629 798 cum
1670 744 1887 802 Christo
1926 760 2117 803 conse-

550 829 681 899 pulti
715 845 922 894 sumus,
958 840 1013 886 et
1057 845 1180 884 cum
1226 832 1343 900 ipso
1391 834 1838 890 consurreximus
1888 834 1954 890 “.
1981 854 2001 889 ι
2055 834 2120 891 Et

550 920 804 992 quoniam
832 936 934 975 non
970 922 1107 977 sat-is
1133 931 1215 975 est
1238 922 1304 974 ad
1347 922 1617 992 integram
1666 926 2117 983 resurrectionem

551 991 680 1066 itind
729 1013 971 1080 verbum,
1029 1032 1048 1065 ι
1091 1014 1553 1078 consurreximus,
1599 1036 1621 1068 ι
1683 1016 1955 1072 additur:
1996 1037 2014 1069 ι
2060 1017 2116 1079 In

549 1103 769 1160 Chrism
799 1120 990 1161 omnes
1026 1106 1464 1172 vivificabuntur,
1513 1112 1886 1179 unusquisque
1937 1119 2116 1167 autem

550 1196 602 1249 iu
635 1212 736 1252 suo
764 1199 953 1253 ordine
992 1214 1006 1252 :
1037 1200 1289 1268 primitiae
1320 1198 1608 1264 Christus,
1646 1200 1841 1259 deinde
1868 1203 1956 1271 qui
1992 1212 2120 1257 sunt

553 1289 789 1355 Christi,
820 1289 871 1345 in
920 1289 1151 1345 adventu
1202 1289 1319 1358 ejus
1361 1308 1375 1344 :
1413 1299 1685 1361 postremo
1720 1291 1843 1348 linis
1865 1292 1929 1347 “.
1963 1311 1981 1343 ι
2016 1293 2114 1348 Re-

555 1378 915 1434 surreetionis
948 1380 1091 1435 enim
1128 1379 1255 1434 illud
1278 1389 1382 1445 est,
1421 1380 1592 1449 prima
1638 1381 1727 1436 die
1772 1382 1824 1437 in
1868 1382 2119 1453 paradiso

551 1482 674 1520 esse
712 1466 842 1535 Dei;
880 1467 1294 1525 resurrectionis
1338 1468 1488 1534 item,
1542 1471 1760 1540 quando
1820 1486 2111 1545 apparens,

557 1558 735 1628 inquit
770 1574 785 1612 :
834 1576 850 1611 ι
881 1557 960 1615 Ne
990 1574 1076 1615 me
1113 1569 1325 1629 tangas,
1354 1560 1587 1619 nondum
1623 1562 1768 1619 enim
1790 1564 2007 1620 ascendi
2049 1565 2117 1619 ad

555 1650 767 1705 Patrem
792 1648 876 1721 “;
903 1669 923 1702 ι
957 1660 1013 1705 at
1041 1651 1282 1720 perfeCta
1328 1662 1412 1705 est
1441 1654 1768 1710 resurreCtio
1807 1670 1930 1712 eum
1974 1657 2118 1711 vadit

554 1747 619 1794 ιιι
652 1742 892 1799 Patrem.
935 1741 1200 1810 Quoniam
1249 1758 1380 1798 vero
1415 1745 1635 1815 quidam
1685 1747 2114 1813 confunduntur,

2215 564 2467 637 δευτέρᾳ,
2502 564 2799 619 τελειοῦται
2829 563 2885 616 δὲ
2914 560 3079 616 αὑτοῦ
3108 561 3142 630 ή
3173 560 3391 632 ἐγερσις
3422 561 3481 614 ἐν
3524 561 3671 624 ὅλαις
3689 563 3805 623 ταῖς

2215 656 2393 726 τρισὶν
2418 653 2671 726 ἡμέραις.
2697 654 2796 707 Διά
2824 652 2980 706 τοῦτο
3004 651 3098 705 καὶ
3121 650 3344 720 γέγονεν
3368 649 3690 719 ἀνάστασις,
3706 651 3804 704 κα).

2214 744 2368 799 ἔσται
2392 746 2710 809 ἀνάστασις,
2735 744 2791 796 ei
2803 760 2868 812 γε
2888 762 2908 794 ι
2945 741 3216 811 συνετάφη
3226 758 3323 811 μεν
3339 741 3417 812 τῷ
3442 741 3689 813 Χριστῷ,
3708 743 3804 796 καὶ

2221 834 2621 906 συνανέστημεν
2657 833 2825 907 αὐτῷ.
2871 853 2891 886 ι
2926 835 3038 889 Καὶ
3085 832 3207 887 ἐπεὶ
3244 834 3345 886 οὐκ
3369 833 3532 905 ἀρκεῖ
3562 832 3676 902 (17)
3719 834 3801 897 είς
3850 905 3857 909 _

2217 927 2315 997 τὴν
2346 924 2473 997 ὅλην
2490 925 2780 980 ἀνάστασιν
2810 924 2892 987 τὸ,
2914 922 3396 993 συνανέσττυιεν,
3417 941 3437 975 ι
3472 924 3534 976 ἐν
3567 922 3649 993 τῷ
3669 923 3805 994 Χρι-

2220 1019 2337 1091 στῷ
2367 1020 2567 1083 πάντες
2591 1017 3105 1089 ζωοποιηθήσονται,
3152 1015 3378 1083 ἕκαστος
3408 1015 3466 1069 δέ
3491 1017 3553 1068 ἐν
3578 1014 3657 1086 τῷ
3691 1014 3807 1085 ἰδίῳ

2216 1110 2479 1182 τάγματι·
2504 1108 2728 1180 ἀπαρχὴ
2760 1108 3014 1180 Χριστὸς,
3048 1107 3239 1161 ἔπειτα
3271 1107 3322 1160 oi
3349 1105 3442 1160 τοῦ
3469 1104 3718 1179 Χριστοῦ
3748 1106 3808 1158 ἐν

2216 1206 2284 1275 τῇ
2306 1202 2574 1274 παρουσίᾳ
2606 1200 2794 1266 αὑτοῦ,
2823 1196 2942 1255 εἶτα
2964 1200 3025 1253 τὸ
3040 1198 3212 1262 τέλος.
3242 1217 3264 1251 ι
3304 1198 3681 1261 Ἀναστάσεως
3696 1195 3809 1268 γάρ

2215 1289 2283 1365 ἦν
2300 1295 2392 1348 καὶ
2414 1293 2474 1347 τὸ
2518 1296 2576 1346 ἐν
2606 1294 2673 1364 τῇ
2703 1290 2891 1364 πρώτῃ
2921 1290 3104 1363 ἡμέρᾳ
3131 1289 3385 1358 γενέσθαι
3418 1290 3476 1342 ἐν
3510 1288 3594 1361 τῷ
3625 1305 3813 1360 παρα-

2215 1385 2377 1456 δείσῳ
2399 1383 2491 1438 τοῦ
2516 1381 2672 1438 Θεοῦ·
2707 1381 3051 1445 ἀναστάσεως
3071 1380 3150 1447 δὲ,
3171 1379 3268 1433 καὶ
3283 1380 3372 1433 ὅτε
3402 1376 3537 1456 (18)
3550 1377 3815 1450 φαινόμε-

2218 1475 2307 1539 νός
2338 1491 2489 1547 φησι·
2531 1491 2550 1525 ι
2588 1473 2679 1544 Μή
2724 1489 2825 1543 μου
2883 1472 3075 1535 ἅπτου,
3126 1469 3279 1529 οὔπω
3323 1470 3428 1543 γάρ
3479 1467 3815 1540 ἀναϐέϐηκα

2218 1567 2355 1639 πρὸς
2385 1566 2473 1620 τὸν
2502 1565 2736 1638 Πατέρα·
2776 1582 2794 1615 ι
2828 1564 2889 1617 τὸ
2919 1563 2975 1617 δὲ
2994 1562 3196 1616 τέλειον
3222 1563 3320 1635 τῆς
3334 1562 3691 1626 ἀναστάσεως
3718 1557 3811 1633 ἦν,

2218 1660 2308 1712 ὅτε
2328 1658 2535 1728 γίνεται
2561 1657 2696 1729 πρὸς
2714 1658 2804 1721 τὸν
2834 1655 3074 1727 Πατέρα.
3111 1655 3263 1708 Ἐπεὶ
3277 1654 3335 1719 δὲ
3367 1657 3416 1708 οἱ
3442 1653 3814 1725 συγχεόμενοι

2222 1751 2280 1802 ἐν
2328 1747 2407 1819 τῷ
2446 1748 2573 1820 περὶ
2610 1741 2829 1820 Πατρδς
2862 1747 2959 1801 καὶ
3001 1746 3129 1800 Υίοῦ
3158 1745 3329 1818 τόπῳ,
3362 1744 3696 1815 συνάγοντες
3727 1744 3809 1798 τό·

553 1848 676 1889 ι·ιιιιὶ
699 1834 950 1890 venerint
975 1834 1041 1889 ad
1090 1834 1267 1892 locum
1295 1836 1362 1891 de
1392 1835 1554 1892 Patre
1583 1848 1635 1894 ct
1660 1837 1820 1901 Filio.
1854 1842 2120 1898 adducen-

2229 1859 2246 1890 ι
2287 1838 2669 1911 Εύρισκόμεθα
2709 1838 2766 1891 δὲ
2794 1839 2886 1892 καί
2913 1837 3357 1911 ψευδομάρτυρες
3396 1836 3492 1891 τοῦ
3532 1835 3698 1899 Θεοῦ,
3729 1837 3812 1889 ὅτι

554 1934 635 1981 tt-s
670 1924 799 1980 illud
835 1941 849 1977 :
888 1944 906 1977 ι
938 1925 1252 1981 lnvenimur
1299 1936 1481 1983 autem
1523 1937 1577 1984 et
1634 1928 1752 1985 falsi
1791 1940 1957 1988 testes
2003 1932 2119 1998 Dei,

534 2016 697 2082 _qtt0d
729 2018 909 2072 testati
944 2017 1207 2075 fuerimus
1229 2017 1489 2075 adversus
1515 2019 1683 2076 Deum
1706 2061 1722 2085 ,
1748 2023 1889 2090 quod
1918 2024 2124 2078 ext-ita-

553 2109 695 2164 verit
748 2109 1025 2169 Christum
1072 2125 1237 2181 quem
1285 2126 1390 2167 non
1437 2113 1693 2168 excitavit
1748 2114 1881 2178 ⁸⁸ς»
1931 2126 1986 2173 et
2037 2118 2122 2172 his

552 2203 750 2259 similia
783 2204 1118 2260 declaranda
1143 2205 1306 2259 alium
1330 2219 1452 2261 esse
1490 2220 1614 2261 eum
1651 2208 1743 2277 qui
1775 2208 2122 2269 excitavitttb

554 2311 618 2346 cn
643 2296 732 2365 qui
760 2296 1036 2373 excitatus
1066 2296 1169 2350 fuit
1195 2313 1210 2362 ;
1241 2307 1295 2352 et
1322 2297 1451 2352 illud
1479 2315 1495 2352 ς
1526 2299 1831 2367 cDestruite
1865 2303 2120 2372 templum

554 2388 679 2452 hoc,
705 2395 759 2442 et
788 2388 842 2441 in
877 2388 1049 2445 tribus
1091 2390 1280 2451 diebus
1314 2392 1519 2462 erigam
1556 2393 1707 2459 illud,
1735 2413 1754 2447 ι
1810 2396 2125 2463 existiman-

532 2489 638 2539 ,tcs
661 2494 727 2534 ex
756 2479 842 2537 his
859 2480 1074 2537 ostendi
1100 2497 1329 2539 numero
1353 2500 1461 2540 non
1495 2484 1710 2541 dilferre
1738 2487 1935 2547 Filium
1959 2506 1990 2544 ε
2018 2490 2122 2547 Pa-

526 2579 658 2637 rtrc,
682 2570 779 2627 sed
807 2583 1094 2644 utrumque
1120 2590 1225 2631 non
1261 2576 1437 2632 solum
1471 2580 1794 2647 substantia,
1842 2583 1935 2639 sed
1956 2584 2119 2643 etiam

551 2664 797 2733 subjecto
841 2680 1004 2721 unum
1032 2706 1048 2732 ,
1078 2667 1375 2723 secundum
1422 2671 1682 2739 quasdam
1716 2674 2119 2744 intelligendas.

552 2769 658 2807 non
687 2757 985 2813 secundum
1020 2758 1349 2828 hypostasim
1383 2760 1632 2819 diversos
1683 2763 1786 2818 dici
1824 2763 2036 2821 Patrem
2070 2773 2124 2821 ct

553 2846 747 2900 Filium
788 2866 801 2901 :
840 2848 945 2903 illis
997 2850 1333 2918 respondere
1368 2852 1650 2919 debemus,
1691 2856 1742 2909 in
1780 2856 1970 2925 primis
1997 2862 2120 2927 qui-

551 2940 673 2993 «Ιιιιη
704 2955 764 2995 ea
799 2943 962 2998 verba
1011 2960 1132 3015 qua:
1163 2947 1441 3018 praecipue
1489 2958 1734 3006 astruant
1786 2951 1948 3006 alium
1999 2967 2120 3008 esse

532 3033 745 3087 .Filium
772 3050 802 3088 a
836 3033 1020 3102 Patre,
1046 3032 1100 3091 et
1133 3039 1276 3106 quod
1304 3040 1616 3097 necessario
1645 3030 1814 3099 Filius
1844 3045 1916 3097 sit
1942 3042 2117 3101 Patris

2225 1933 2686 2004 ἐμαρτυρήσαμεν
2719 1930 2859 1985 κατά
2886 1929 2977 1984 τοῦ
3009 1927 3165 1999 Θεοῦ,
3201 1929 3282 1982 ὅτι
3316 1928 3503 2001 ἡγειρε
3540 1927 3635 1982 τὸν
3675 1928 3815 1998 Χρι-

2225 2024 2367 2086 στὸν,
2394 2023 2453 2077 δν
2480 2023 2579 2076 ούκ
2607 2023 2815 2093 ἡγειρε·
2849 2041 2868 2074 ι
2900 2020 2993 2075 καὶ
3022 2018 3090 2073 τὰ
3128 2019 3335 2082 τούτοις
3359 2020 3519 2091 ὃμοια
3542 2016 3812 2090 δηλοῦντα

2221 2115 2406 2188 ἕτερον
2421 2110 2558 2168 εἶναι
2580 2114 2670 2169 τὸν
2694 2114 2982 2187 ἐγείραντα
3003 2111 3153 2185 παρά
3176 2111 3267 2165 τὸν
3287 2110 3685 2183 ἐγηγερμένον·
3718 2110 3811 2163 καὶ

2219 2211 2300 2265 τό·
2331 2228 2351 2263 ι
2385 2207 2595 2262 Λύσατε
2645 2207 2736 2261 τὸν
2773 2206 2897 2259 ναὸν
2927 2204 3135 2266 τοῦτον,
3160 2204 3253 2258 καὶ
3281 2204 3338 2256 ἐν
3370 2203 3549 2272 τρισὶν
3572 2201 3810 2276 ἡμέραις

2222 2298 2396 2369 ἐγερῶ
2416 2296 2596 2354 αὐτόν·
2633 2314 2652 2348 ι
2673 2290 2783 2350 οἷον
2799 2296 2860 2350 τὸ
2875 2294 2985 2367 (l9)
3014 2296 3078 2347 ἐκ
3096 2292 3299 2348 τούτων
3326 2291 3695 2363 παρίστασθαι
3733 2290 3810 2362 μὴ

2220 2391 2497 2461 διαφέρειν
2528 2387 2604 2458 τῷ
2634 2386 2853 2459 ἀριθμῷ
2879 2386 2969 2439 τὸν
3003 2385 3130 2439 Υἱὸν
3162 2383 3257 2440 τοῦ
3290 2383 3525 2456 Πατρὸς,
3575 2382 3693 2437 ἀλλ’
3727 2381 3807 2445 ἐν,

2222 2483 2281 2537 ού
2314 2483 2472 2557 μόνον
2502 2480 2681 2550 οὐσίᾳ,
2728 2477 2863 2533 ἀλλά
2915 2476 3009 2531 καὶ
3045 2477 3389 2547 ὑποκειμένῳ
3434 2474 3809 2546 τυγχάνοντας

2220 2567 2582 2640 ἀμφοτέρους,
2606 2565 2748 2619 κατά
2770 2582 2920 2628 τινας
2959 2564 3199 2626 ἐπινοίας
3228 2562 3539 2634 διαφόρους.
3564 2564 3628 2617 ού
3668 2560 3807 2619 κατὰ

2222 2659 2517 2717 ὑπόστασιν
2557 2656 2810 2726 λέγεσθαι
2843 2654 3061 2725 Πατέρα
3101 2655 3196 2708 κα)⁵
3228 2654 3375 2708 Υἱόν·
3410 2653 3634 2709 λεκτέον
3670 2654 3806 2725 πρὸς

2220 2753 2417 2816 αὐτοὺς
2434 2751 2647 2825 πρῶτον
2683 2750 2780 2821 μὲν
2806 2748 2873 2802 τὰ
2910 2746 3334 2819 προηγουμένως
3361 2763 3805 2800 κατασκευαστι-

2221 2843 2293 2899 ut
2328 2843 2466 2915 ρητά
2489 2842 2583 2896 τοῦ
2616 2842 2801 2912 ἕτερον
2824 2837 2959 2893 εἶναι
2993 2838 3083 2891 τὸν
3112 2838 3238 2891 Υἰὸν
3270 2836 3534 2909 παρὼτδν
3561 2836 3802 2909 Πατέρα,

2221 2939 2314 2992 καὶ
2349 2938 2431 2991 ὄτι
2465 2934 2677 3005 ἀνάγκη
2702 2932 2795 2987 τὸν
2823 2930 2950 2989 Υἱὺν
2985 2928 3198 3001 Πατρὸς
3220 2924 3358 2981 εἶναι
3395 2928 3545 2990 Υἰὸν,
3594 2928 3805 2981 καὶτὸν

2219 3028 2438 3099 Πατέρα
2467 3024 2597 3081 Υἱοῦ
2622 3024 2856 3096 Πατέρα.
2886 3023 3041 3077 Μετά
3068 3022 3124 3076 δέ
3146 3019 3303 3075 τοῦτο
3328 3020 3428 3077 οὐκ
3454 3019 3658 3074 ἄτοπόν
3690 3021 3804 3073 ἐστι

548 3122 739 3191 Filius,
784 3137 840 3186 et
894 3125 1055 3184 Pater
1108 3128 1229 3184 Filii
1278 3131 1349 3187 sit
1393 3131 1592 3196 Pater;
1652 3143 1765 3191 tum
1819 3149 1949 3191 vero
2004 3151 2112 3189 non

2224 3122 2316 3178 τὸν
2355 3118 2718 3193 ὁμολογοῦντα
2761 3116 2928 3189 μηδὲν
2959 3113 3215 3169 δύνασθαι
3262 3113 3454 3175 ποιεῖν,
3491 3110 3590 3166 ἐὰν
3627 3111 3702 3183 μή
3751 3126 3802 3221 1::

549 3217 840 3272 absurdum
861 3233 999 3286 esse,
1020 3235 1140 3279 eum
1164 3222 1254 3292 qui
1282 3222 1515 3279 fateatur
1533 3240 1593 3282 se
1614 3226 1747 3282 nihil
1766 3242 1925 3298 posse
1948 3226 2120 3284 facere

2236 3213 2406 3285 βλέπῃ
2426 3209 2516 3264 τὸν
2539 3207 2755 3279 Πατέρα
2789 3205 3062 3267 ποιοῦντα,
3096 3203 3191 3257 καὶ
3216 3202 3462 3270 λέγοντα,
3490 3201 3575 3255 ὅτι
3602 3219 3622 3253 ι
3664 3203 3730 3254 ὐ
3758 3199 3801 3253 δ’

546 3308 650 3363 nisi
681 3314 823 3377 quod
840 3312 1040 3369 viderit
1069 3312 1283 3370 Patrem
1309 3312 1598 3371 facientem
1622 3316 1688 3381 “,
1711 3332 1916 3388 qmque
1940 3317 2083 3373 dicat
2107 3337 2122 3375 :

551 3418 571 3450 ι
592 3399 868 3469 Quidquid
901 3412 1082 3457 autem
1110 3402 1274 3459 Pater
1304 3405 1453 3467 facit,
1492 3407 1744 3462 similiter
1767 3408 1928 3463 etiam
1959 3408 2125 3467 Filius

549 3490 683 3546 facit
724 3491 793 3556 ",
825 3512 845 3545 ι
898 3510 1098 3563 corpus
1153 3499 1296 3566 quod
1349 3506 1620 3553 mortuum
1664 3507 1783 3557 erat
1827 3502 2122 3567 excitasse,

544 3582 708 3637 Patre
742 3585 845 3639 hoc
874 3584 950 3639 illi
986 3586 1264 3642 donante:
1303 3588 1394 3658 qui
1437 3587 1596 3645 Pater
1633 3591 1901 3661 praecipue
1941 3593 2125 3648 dicen-

546 3675 649 3728 dus
685 3684 770 3729 est
795 3674 1076 3731 Christum
1110 3677 1381 3733 excitasse
1411 3695 1443 3734 e
1483 3681 1732 3736 mortuis.
1770 3681 1912 3736 Sane
1957 3681 2125 3738 ilera-

545 3766 705 3821 clcon
741 3767 932 3836 ἰηιιιιῑι,
969 3786 986 3818 ι
1021 3768 1071 3820 in
1097 3768 1289 3835 tribus,
1323 3788 1342 3821 ι
1392 3771 1556 3843 200
1587 3788 1681 3843 pro
1715 3788 1779 3828 eo
1831 3775 1975 3845 quod
2016 3786 2120 3842 est,

542 3863 597 3916 in
631 3858 814 3922 tertia,
853 3876 957 3913 non
986 3872 1364 3930 perscrutatus
1403 3865 1684 3936 (quamvis
1712 3867 1915 3921 notarit
1955 3882 2119 3927 vocu-

550 3951 653 4013 las,
678 3949 732 4001 in
761 3950 951 4021 tribus)
981 3953 1256 4022 quomodo
1305 3951 1358 4006 in
1410 3954 1586 4009 tribus
1616 3954 1806 4010 diebus
1831 3966 2122 4027 peragatur

548 4045 901 4097 resurrectio.
930 4046 1120 4099 Adhuc
1154 4054 1335 4100 autem
1372 4056 1428 4101 et
1451 4048 1664 4103 tertiam
1706 4047 1846 4102 diem
1884 4047 2124 4118 appellat

548 4128 909 4201 spiritualem,
940 4136 1110 4205 inqua
1145 4136 1420 4191 declarari
1444 4146 1634 4207 putant
1663 4137 1916 4193 Ecclesize
1941 4154 2122 4195 resur-

551 4224 871 4280 rectionem.
935 4225 1030 4282 llis
1076 4240 1205 4281 vero
1233 4243 1572 4297 consequens
1591 4239 1678 4284 est
1707 4241 1766 4283 ut
1800 4230 1977 4302 prima
2005 4229 2120 4286 dies

540 4300 849 4379 terrestris,
882 4319 1117 4373 secunda
1155 4318 1405 4374 animalis
1430 4319 1663 4388 dicatur,
1694 4300 1817 4374 non
1840 4318 1977 4374 facta
2013 4318 2119 4375 Ec-

551 4406 730 4462 clesiae
759 4410 1161 4463 resurrectione
1192 4408 1243 4461 in
1269 4409 1421 4478 ipsis.
1443 4409 1705 4466 Videntur
1729 4409 1979 4479 equidem
2000 4424 2120 4482 quat

2231 3303 2297 3361 ἂν
2319 3306 2348 3358 ό
2378 3299 2565 3372 Πατὴρ
2592 3300 2753 3365 ποιεῖ,
2802 3296 2973 3351 ταῦτα
2999 3294 3198 3366 ὁμοίως
3224 3294 3318 3347 καὶ¹
3357 3294 3385 3348 ὁ
3416 3293 3546 3356 Υἱὸς
3576 3294 3742 3354 ποιεῖ,
3778 3309 3798 3342 ι

2231 3393 2322 3449 τὸν
2356 3392 2566 3464 νεκρὸν,
2589 3392 2725 3462 ὅπερ
2749 3388 2809 3442 τὸ
2840 3385 2997 3457 σῶμα
3025 3382 3113 3457 ἦν,
3149 3383 3529 3457 ἐγηγερκέναι,
3566 3383 3663 3437 τοῦ
3696 3383 3806 3437 Πα-

2231 3485 2357 3558 τρδς
2382 3483 2532 3554 αὐτῷ
2552 3483 2659 3555 (20)
2699 3480 2858 3535 τοῦτο
2891 3477 3266 3551 χαριζομένου,
3292 3476 3351 3530 ὃν
3377 3474 3808 3549 προηγουμένως

2229 3574 2446 3631 λεκτέον
2476 3569 2935 3644 ἐγηγερκέναιτὸν
2966 3565 3199 3639 Χριστὸν
3229 3567 3293 3619 ἐκ
3323 3564 3548 3635 νεκρῶν.
3591 3565 3656 3618 Ὀ
3680 3564 3809 3636 μέν·

2228 3684 2375 3737 τοιγε
2401 3664 2711 3737 ’Πρακλέων
2743 3661 2824 3723 τὸ,
2862 3661 2933 3714 ἐν
2980 3659 3159 3728 τρισί,
3194 3658 3378 3729 φησὶν,
3422 3656 3543 3713 ἀντὶ
3580 3656 3703 3724 τοῦ,
3749 3657 3807 3709 ἐν

2227 3758 2406 3831 τρίτῃ,
2442 3754 2516 3829 μὴ
2548 3754 2867 3827 ἐρευνήσας,
2897 3749 3138 3819 καίτοιγε
3168 3749 3465 3820 ἐπιστήσας
3492 3746 3570 3818 τῷ
3592 3747 3711 3820 (21)
3737 3747 3802 3801 ἐν

2228 3847 2406 3916 τρισὶ,
2425 3844 2540 3909 πῶς
2566 3846 2623 3897 ἐν
2641 3842 2818 3914 τρισὶν
2845 3841 2878 3911 ἡ
2894 3839 3185 3901 ἀνάστασις
3213 3839 3513 3910 ἐνεργεῖται
3538 3837 3801 3908 ἡμέραις.

2232 3942 2351 3995 Ἔτι
2385 3940 2443 3994 δὲ
2481 3939 2574 3992 καὶ
2613 3937 2711 4008 τὴν
2750 3933 2939 4006 τρίτην
2967 3931 3098 4003 φησὶ
3125 3930 3225 4003 τὴν
3267 3929 3643 4000 πνευματικὴν
3668 3927 3806 3999 ἡμέ-

2230 4048 2351 4103 ραν,
2385 4031 2442 4083 ἐν
2537 4026 2736 4080 οἴονται
2761 4018 3160 4095 δηλοῦσθαιτὴν
3187 4017 3288 4088 τῆς
3320 4017 3647 4089 Ἐκκλησίας
3676 4016 3806 4072 ἀνά-
3852 4046 3853 4049 η

2229 4137 2436 4176 στασιν.
2471 4116 2688 4171 Τούτων
2719 4115 2776 4169 δέ
2810 4109 3097 4168 ἀκόλουθόν
3121 4111 3235 4163 ἐστι
3261 4108 3485 4181 πρώτην
3519 4107 3703 4178 λέγειν
3725 4104 3804 4163 εἶ-

2227 4232 2314 4269 ναι
2329 4212 2427 4284 τὴν
2441 4210 2627 4283 χοῖκὴν
2653 4208 2887 4279 ἡμέραν,
2912 4203 3007 4258 καὶ
3020 4201 3117 4274 τὴν
3131 4202 3389 4273 δευτέραν
3410 4200 3506 4272 τὴν
3536 4198 3800 4272 ψυχικὴν,

2226 4306 2286 4361 οὐ
2325 4301 2694 4375 γεγενημένης
2722 4299 2822 4369 τῆς
2860 4294 3206 4359 ἀναστάσεως
3235 4291 3335 4362 τῆς
3370 4291 3700 4363 Ἐκκλησίας
3744 4293 3804 4344 tv

2225 4399 2433 4461 αὑταῖς.
2474 4395 2657 4448 Ἐοικε
2692 4392 2787 4463 μὲν
2825 4390 3005 4444 τοίνυν
3052 4387 3121 4441 τά
3155 4386 3260 4441 ὑπὸ
3288 4385 3396 4439 τῶν
3425 4386 3484 4438 tv
3518 4384 3598 4456 τῷ
3655 4384 3804 4438 κατά

550 4500 753 4569 scripta
784 4501 986 4554 suntin
1020 4475 1310 4571 Evangelio
1358 4503 1657 4557 secundum
1705 4475 2035 4558 Ma-ttlueum-
2065 4512 2120 4557 et

2224 4488 2502 4546 Ματθαϊον
2517 4486 2611 4539 καὶ
2630 4484 2855 4557 Μάρκον
2872 4478 3331 4571 ἀναγεγραμμένα
3348 4476 3664 4571 Εὐαγγελίῳ
3684 4475 3802 4548 (22)

550 4590 792 4646 Marcum
819 4592 886 4647 de
924 4591 1079 4648 falsis
1108 4593 1358 4659 testibus,
1404 4594 1456 4647 in
1486 4594 1594 4649 line
1639 4592 1916 4662 Evangelii
1949 4607 2115 4648 accu-

549 4686 803 4740 santibus
833 4685 1118 4740 Dominum
1159 4697 1403 4741 nostrum
1425 4683 1607 4740 Jesum
1645 4684 1943 4748 Christum,
1975 4684 2117 4738 rela-

553 4775 751 4829 tionem
781 4776 981 4830 hahere
1015 4775 1080 4827 ad
1114 4775 1242 4829 illud
1274 4790 1286 4823 :
1329 4794 1347 4827 ι
1370 4773 1643 4829 Destruite
1693 4772 1949 4841 templum
1989 4773 2114 4836 hoc,

547 4875 603 4918 et
626 4880 726 4932 ego
754 4866 806 4920 in
843 4867 1018 4921 tribus
1046 4868 1235 4921 diebus
1265 4866 1468 4937 erigam
1500 4865 1655 4920 itlud.
1689 4885 1707 4917 ι
1745 4864 1840 4917 ille
1874 4864 2018 4919 enim
2048 4862 2114 4917 de

548 4960 749 5027 templo
796 4960 1041 5029 corporis
1092 4959 1173 5015 sui
1209 4959 1462 5025 dicehat,
1520 4973 1642 5028 qua:
1672 4957 1743 5011 illi
1778 4957 2119 5026 suspicantes

540 5054 616 5103 de
637 5067 702 5104 eo
733 5051 930 5119 templo
958 5049 1061 5106 dici
1087 5055 1230 5122 quod
1253 5070 1315 5109 ex
1344 5053 1613 5123 lapidibus
1638 5048 1961 5105 mdificatum
2002 5046 2119 5102 fue-

2221 4578 2678 4655 ψευδομαρτύρων
2712 4575 2847 4649 πρὸς
2873 4573 2951 4645 τῷ
2969 4573 3113 4626 τέλει
3137 4570 3230 4624 τοῦ
3261 4568 3590 4639 Εὑαγγελίου
3627 4585 3803 4640 κατη-

2222 4674 2525 4748 γορούντων
2550 4668 2642 4722 τοῦ
2656 4667 2871 4739 Κυρίου
2897 4666 3052 4737 ἡμῶν
3083 4662 3256 4736 Ἰησοῦ
3281 4660 3518 4732 Χριστοῦ
3548 4660 3647 4732 τὴν
3669 4662 3803 4715 ἀνα-

2223 4765 2395 4836 φορὰν
2420 4762 2562 4834 ἔχειν
2587 4760 2678 4813 ἐπὶ
2710 4759 2789 4811 τό·
2833 4776 2850 4808 ι
2891 4755 3102 4810 Λύσατε
3134 4754 3225 4807 τὸν
3247 4753 3370 4806 ναὸν
3398 4752 3608 4816 τοῦτον,
3639 4751 3801 4821 κάγώ

2222 4860 2279 4911 ἐν
2314 4856 2489 4929 τρισὶν
2531 4852 2762 4926 ἡμέραις
2810 4849 2985 4922 ἐγερῶ
3020 4846 3198 4900 αὐτόν·
3247 4864 3268 4898 ι
3302 4846 3332 4897 ὁ
3365 4846 3465 4917 μὲν
3498 4845 3606 4916 γὰρ
3639 4845 3801 4914 ἐλεγε

2223 4950 2351 5021 περὶ
2377 4948 2468 5001 τοῦ
2493 4946 2618 5000 ναοῦ
2657 4943 2752 4997 τοῦ
2787 4940 3035 5011 σώματος
3059 4937 3244 5002 αὑτοῦ,
3280 4939 3330 4991 οἱ
3361 4938 3405 4990 δ’
3440 4936 3798 5001 ὑπονοοῦντες

2226 5044 2352 5113 περ).
2380 5038 2473 5093 τοῦ
2513 5042 2576 5092 ἐκ
2603 5035 2764 5089 λίθων
2806 5031 3245 5103 οἰκοδομηθέντος
3273 5028 3400 5082 ναοῦ
3446 5029 3698 5098 λέγεσθαι
3729 5028 3803 5081 τά

617 5175 663 5246 δ”
705 5216 863 5271 Rom.
896 5235 969 5282 vn,
998 5220 1050 5274 4.
1126 5220 1172 5252 ⁸³
1206 5220 1223 5273 l
1254 5220 1361 5275 Cor
1405 5234 1492 5282 xv,
1534 5217 1608 5272 εξ
1657 5230 1812 5285 seqq.
1886 5212 1934 5247 “
1959 5213 2218 5281 Joan.xx,
2243 5213 2330 5268 l7.
2407 5209 2494 5260 “l
2525 5208 2650 5261 Cor.
2684 5218 2776 5267 xv,
2806 5200 2892 5255 l5.
2967 5199 3015 5232 “
3040 5197 3196 5252 Joan.
3230 5212 3286 5263 ν,
3309 5195 3400 5249 l9.
3475 5194 3523 5227 ⁸⁷
3554 5191 3687 5249 ibid.

582 5424 591 5434 _
618 5354 732 5424 (l7)
757 5356 889 5434 pios
922 5353 1105 5434 ἀρκεῖ.
1141 5354 1218 5408 Ita
1250 5354 1389 5408 idem
1422 5353 1591 5407 codex
1626 5349 1982 5429 Bodleianus;
2015 5347 2112 5405 Re.

546 5424 687 5492 gius,
715 5425 776 5476 ού
808 5424 990 5475 κάκεῖ.

2459 5344 2564 5410 Τῷ.
2598 5344 2691 5398 Sic
2715 5341 2885 5396 codex
2928 5339 3298 5410 Botlleialt_us;_
3318 5335 3539 5410 Regius,
3568 5332 3647 5410 τό.

2453 5396 2814 5483 ὲῦάγῆέέλιφ,
2858 5411 2934 5465 lta
2966 5411 3134 5483 codex
3173 5396 3534 5483 ltodleiafiusj
3568 5396 3793 5470 Regius,

2321 5350 2382 5403 2|

2321 5350 2382 5403 21

2321 5349 2414 5488 cui

618 5476 733 5561 (f8)
775 5493 884 5546 Καὶ
950 5492 1066 5547 ὅτε.
1123 5494 1213 5549 Sic
1264 5491 1435 5547 codex
1491 5490 1856 5556 Bodleianus;
1921 5489 2120 5560 Regius

2228 5476 3036 5561 ιιιιὶΙείΕύαῄέλιᾳ,’ςξιηιθινυιιι
3064 5478 3289 5561 distorta
3332 5476 3447 5530 haec
3490 5483 3797 5561 sunt-,“quze

548 5565 735 5616 omisit
767 5562 879 5616 καί.

630 5632 735 5701 [19)
781 5630 915 5686 Οἵογ
954 5636 1042 5689 τό.
1080 5631 1442 5689 Scribendum
1476 5632 1696 5686 οἷονται.

653 5652 735 5701 ιυ)
781 5652 915 5686 υιογ
954 5652 1042 5689 το.
1081 5652 1442 5689 δονιυθιιιιιιιιι
1476 5652 1696 5686 οιονται.

603 5652 738 5823 litt,
791 5702 976 5768 Αὐτῷ.
1042 5703 1133 5760 Sic
1208 5704 1374 5758 codex
1455 5701 1821 5768 Bodleiauus;
1881 5700 2119 5773 Regius,

603 5804 652 5823 vi.
694 5810 708 5823 ι

556 5788 708 5824 0.2.30.

2224 5560 2325 5620 sic,
2359 5543 2435 5610 ut~
2458 5543 2739 5608 aduotavit
2776 5550 3017 5610 lluetins,
3040 5549 3321 5620 dirigenda
3367 5555 3523 5620 erant
3559 5561 3586 5620 :_
3600 5543 3796 5620 ςβοικε

2231 5613 2331 5699 μὲν
2372 5626 2547 5679 τοίνυν
2586 5623 2653 5699 τὰ
2693 5619 2871 5699 ἐν-τῷ
2922 5619 3063 5699 κατὰ
3108 5616 3381 5699 Ματθαζον
3426 5613 3795 5699 καὶδΜάρκον

2227 5679 2694 5766 ἀναγεγραμμένα
2745 5679 3056 5760 Εὑδίγγελίιε»
3092 5682 3364 5758 περὶτῶν
3418 5679 3796 5757 ψευδομαρτύ-

2236 5785 2369 5839 ρων,
2393 5783 2491 5821 ctc.
