4170 6424
342 409 455 462 5'77
1453 409 1810 467 COMMENT.
1854 410 1919 463 IN
1959 408 2152 467 JOAN.
2192 407 2432 466 TOMUS
2477 405 2547 465 Χ.

3501 403 3605 457 3'78

340 525 578 580 ἐνταῦθα
629 525 894 598 εἰρημένα
935 525 1171 594 ἔφασκον
1214 509 1662 597 κατηγοροῦντες·
1709 542 1727 573 t
1766 519 1926 589 Οὗτος

2040 535 2142 592 rat,
2174 522 2293 598 qua:
2319 527 2406 580 hic
2435 525 2577 579 dicta
2619 531 2775 583 sunt,
2829 521 3084 575 dixerunt
3132 527 3454 573 accusantes
3505 520 3550 552 ⁸⁸
3584 538 3600 573 :

342 618 469 688 ἔφη·
494 617 734 688 Δύναμαι
776 616 1076 670 καταλῦσαι
1109 618 1198 670 τὸν
1237 617 1362 672 ναὸν
1385 616 1477 669 τοῦ
1505 614 1662 682 Θεοῦ,
1691 617 1786 669 καὶ
1841 616 1930 669 διὰ

343 708 513 780 τριῶν
547 708 768 780 ἡμερῶν
798 709 960 762 αὑτὸν
1004 709 1380 779 οἰκοδομῆσαι·⁵
1417 727 1434 760 ι
1463 709 1496 778 ἢ
1521 708 1596 772 ὡς
1628 709 1656 760 ὁ
1682 708 1926 778 Μάρκος·

352 819 370 850 ι
403 799 594 869 Ἡμεῖς
625 799 940 868 ἠκούσαμεν
966 798 1129 852 αὐτοῦ
1150 799 1422 867 λέγοντος,
1457 799 1560 861 ὅτι,
1595 796 1736 865 Ἐγὼ
1759 813 1899 850 κατα
1917 825 1929 835 ·

345 889 494 942 λύσω
525 889 616 942 τὸν
637 890 764 942 ναὸν
796 888 983 943 τοῦτον
1010 891 1100 944 τὸν
1123 890 1516 962 χειροποίητον,
1539 890 1634 942 καὶ
1652 887 1740 941 διὰ
1761 887 1929 959 τριῶν

349 982 574 1053 ἡμερῶν
603 981 758 1035 ἄλλον
778 981 1185 1054 ἀχειροποίητον
1208 981 1612 1051 ἀνοικοδομήσω
1637 980 1768 1050 (25)·
1800 997 1818 1030 ι
1840 979 1929 1032 ὅτε

351 1069 446 1121 καὶ
471 1072 498 1121 6
531 1070 818 1142 ἀρχιερεὺς
859 1069 1098 1134 ἀναστὰς
1141 1065 1294 1129 εἶπεν
1328 1069 1494 1141 αὐτῷ·
1535 1088 1550 1120 t
1601 1069 1766 1122 Οὐδὲν
1798 1069 1930 1121 ἀπο-

352 1159 509 1230 κρίνῃ
536 1175 550 1223 ;
587 1158 639 1210 τί
669 1154 813 1212 οὗτοι
853 1177 945 1212 σου
978 1159 1518 1232 καταμαρτυροῦσιν;
1548 1160 1606 1212 Ὀ
1643 1159 1699 1211 δὲ
1726 1157 1931 1228 Ἰησοῦς

348 1252 578 1305 ἐσιώπα·
619 1271 637 1303 ι
670 1253 703 1324 ἦ
732 1253 807 1317 ὡς
835 1254 863 1306 6
891 1254 1102 1316 Λουκᾶς
1127 1252 1234 1323 (94)
1263 1252 1416 1323 φησι⁹
1445 1271 1463 1304 ‹
1508 1252 1617 1305 Καὶ
1639 1251 1876 1314 ἀναστὰς
1901 1252 1931 1303 6

348 1345 639 1414 ἀρχιερεὺς
679 1344 759 1406 εἰς
797 1342 984 1413 μέσον,
1021 1342 1344 1414 ἐπηρώτησε
1367 1344 1458 1397 τὸν
1491 1344 1697 1414 Ἰησοῦν
1730 1344 1925 1413 λέγων·

349 1435 463 1487 Οὐκ
487 1434 752 1505 ἀποκρίνῃ
786 1433 938 1487 οὐδέν
958 1450 972 1498 ;
994 1432 1048 1485 τί
1080 1429 1223 1487 οὗτοί
1259 1451 1351 1487 σου
1379 1434 1926 1508 καταμαρτυροῦσιν;

362 1528 420 1578 'U
459 1526 514 1579 δὲ
546 1525 776 1589 ἐσιώπα,
803 1526 894 1578 καὶ
933 1526 1033 1578 οὐκ
1067 1526 1397 1598 ἀπεκρίνατο
1425 1527 1598 1581 οὐδέν.
1641 1546 1660 1580 ι
1708 1527 1930 1597 Νομίζω

349 1617 395 1668 δ’
429 1619 850 1687 ἀναγκαίωςκαὶ
883 1618 1055 1671 ταῦτα
1085 1619 1506 1690 παρατεθεῖσθαι
1534 1620 1631 1692 τὴν
1652 1617 1929 1691 ἀναφορὰν

349 1706 542 1777 ἔχοντα
569 1707 681 1779 (25)
707 1710 799 1762 ἐπὶ
830 1709 891 1762 τὸ
912 1711 969 1763 ἐν
993 1727 1050 1780 χε
1061 1711 1148 1782 ρσὶ
1185 1710 1367 1780 ῥητόν.

418 1887 516 1950 2‘2,
540 1907 557 1938 ο
597 1884 770 1941 Εἶπαν
796 1884 888 1941 οὖν
920 1888 970 1940 οἱ
1008 1887 1270 1942 Ἰουδαῖοι·
1301 1887 1723 1959 Τεσσαράκοντα
1749 1887 1842 1940 καὶ
1870 1885 1930 1950 ἓξ
1961 1866 2002 1920 Β

350 1978 523 2032 ἔτεσιν
543 1979 864 2051 ᾠκοδομήθη
884 1981 912 2032 6
937 1979 1062 2042 ναὸς
1104 1971 1275 2042 οὗτος.
1299 1980 1394 2033 καὶ
1429 1980 1494 2032 σὺ
1523 1983 1580 2032 ἐν
1599 1981 1775 2050 τρισὶν
1798 1978 1932 2050 ἡμὲ-

352 2085 474 2139 ραις
501 2069 714 2138 ἐγερεῖς
731 2068 892 2122 αὐτόν
914 2085 929 2133 ;
969 2088 986 2120 ι
1027 2067 1150 2131 Πῶς
1169 2068 1577 2137 τεσσαράκοντα
1605 2067 1699 2119 καὶ
1727 2065 1785 2132 ἒξ
1811 2065 1928 2118 ἕτε-

351 2176 434 2212 σιν
467 2159 842 2230 ᾠκοδομῆσθαι
867 2177 997 2228 φασι
1028 2160 1118 2212 τὸν
1139 2159 1264 2212 ναὸν
1285 2161 1333 2212 οἱ
1366 2159 1604 2212 Ἰουδαῖοι
1632 2157 1810 2226 λέγειν
1830 2157 1930 2211 οὐκ

349 2253 565 2324 ἔχομεν,
611 2256 659 2307 εἱ
702 2257 767 2326 τῇ
817 2255 1026 2326 ἱστορίᾳ
1070 2255 1644 2325 κατακολουθήσαιμεν
1671 2254 1802 2323 (26).
1835 2255 1932 2307 Γέ-

348 2359 592 2413 γραπται
615 2343 722 2414 γὰρ
751 2347 808 2397 ἐν
837 2347 903 2416 τῇ
931 2345 1212 2419 τρίτητῶν
1225 2344 1628 2408 Βασιλειῶν,ὡς
1652 2362 1672 2406 t
1699 2345 1929 2416 ἡτοίμα-

354 2450 455 2486 σαν
510 2435 638 2497 τοὺς
688 2433 887 2499 λίθους,
937 2437 1032 2489 καὶ
1076 2436 1144 2489 τὰ
1180 2435 1310 2500 ξύλα
1364 2437 1539 2506 τρισὶν
1578 2434 1771 2488 ἐτεσιν.
1841 2436 1928 2488 Ἐν

345 2526 403 2578 δὲ
427 2524 504 2596 τῷ
531 2526 773 2597 τετάρτῳ
805 2526 937 2591 ἔτει,
977 2527 1106 2599 μην).
1141 2528 1394 2599 δευτέρῳ,
1437 2526 1812 2596 βασιλεύοντος
1835 2526 1928 2581 τοῦ

349 2615 611 2686 βασιλέως
637 2618 977 2689 Σολομῶντος
1009 2619 1101 2671 ἐπὶ
1129 2618 1362 2690 Ἰσραὴλ,
1393 2618 1692 2673 ἐνετείλατο
1720 2621 1748 2671 6
1777 2618 1926 2689 βασι-

347 2707 492 2772 λεὺς,
516 2707 608 2759 καὶ
635 2707 847 2778 αἴρουσι
887 2708 1066 2772 λίθους
1102 2707 1368 2779 μεγάλους
1399 2707 1616 2778 τιμίους
1645 2710 1726 2771 εἰς
1753 2709 1812 2762 τὺ
1839 2709 1928 2762 θε-

348 2781 530 2868 μέλιον
561 2799 655 2852 τοῦ
675 2795 843 2865 (ἵκου,
869 2801 962 2854 καὶ
986 2800 1163 2863 λίθους
1197 2800 1581 2872 ἀπελεκήτους·
1616 2801 1710 2855 καὶ
1739 2802 1899 2875 ἐπελὲ

346 2902 522 2955 κησαν
570 2889 618 2939 οἱ
660 2888 765 2940 υἱοὶ
821 2888 1180 2959 Σολομῶντος,
1219 2889 1312 2941 καὶ
1340 2891 1388 2942 οί
1428 2890 1541 2943 υἱο)⁸
1565 2891 1798 2962 Χειράμ·
1835 2892 1928 2945 καὶ

344 2977 538 3031 ἔϐαλον
568 2979 762 3043 αὐτοὺς
788 2982 846 3034 ἐν
872 2980 946 3051 τῷ
974 2981 1219 3049 τετάρτῳ
1248 2979 1379 3042 ἔτει,
1425 2982 1519 3034 καὶ
1562 2982 1928 3053 ἐθεμελίωσαν

341 3069 435 3123 τὸν
467 3067 612 3124 οἷκον
645 3072 847 3144 Κυρίου
875 3074 933 3125 ἐν
972 3073 1102 3143 μηνὶ
1121 3071 1322 3125 Νεισὰν
1350 3072 1484 3143 (27),
1507 3075 1602 3128 καὶ
1631 3074 1709 3146 τῷ
1747 3075 1928 3131 δευτέ-

347 3179 426 3234 ρῳ
477 3163 625 3233 μηνί·
655 3163 926 3234 ἑνδεκάτῳ
955 3163 1205 3234 ἐνιαυτῷ,
1234 3164 1364 3234 μηνὶ
1412 3164 1580 3229 Βαὰλ,
1627 3166 1686 3230 ὃς
1713 3162 1780 3239 ἦν
1819 3167 1926 3240 μὴν

343 3253 549 3321 ὄγδοος,
586 3254 933 3324 συνετελέσθη
977 3259 1005 3308 6
1037 3251 1183 3320 οἶκος
1211 3259 1290 3322 εἱς
1329 3257 1506 3312 πάντα
1546 3261 1704 3330 λόγον
1740 3262 1924 3328 αὐτοῦ,

344 3350 441 3401 καὶ
492 3349 572 3412 εἱς
626 3350 807 3403 πᾶσαν
840 3351 1080 3417 διάταξιν
1128 3354 1312 3408 αὐτοῦ.
1355 3375 1373 3408 ι
1417 3357 1534 3409 Ἵνα
1575 3353 1670 3412 οὖν
1699 3359 1796 3412 καὶ
1827 3360 1926 3432 τὴν

341 3441 664 3510 ἐτοιμασίαν
683 3442 847 3495 αὐτοῦ
874 3444 1370 3517 συγκατατάξωμεν
1530 3449 1801 3522 τῷχρόνῳ
1829 3451 1926 3522 τῆς

340 3533 653 3604 οἰκοδομῆς,
681 3533 870 3586 ἕνδεκα
898 3534 990 3606 ἐτη
1018 3534 1087 3588 τὰ
1117 3537 1292 3590 πάντα
1319 3540 1380 3591 οὐ
1404 3541 1815 3614 συμπληροῦται
1848 3544 1928 3606 είς

342 3625 444 3698 τὴν
471 3625 758 3697 οἰκοδομὴν
772 3626 866 3680 τοῦ
892 3626 1039 3680 ναοῦ.
1060 3627 1185 3691 Πῶς
1212 3625 1306 3683 οῦν
1338 3632 1386 3683 οἱ
1428 3630 1665 3686 Ἰουδαῖοι
1684 3633 1922 3701 λέγουσι·

351 3737 369 3768 ι
382 3717 803 3785 Τεσσαράκοντα
816 3719 908 3772 καὶ
919 3718 975 3786 ἓξ
992 3720 1166 3774 ἔτεσιν
1185 3721 1507 3795 ᾠκοδομήθη
1522 3724 1550 3776 6
1566 3724 1692 3788 ναὸς
1707 3720 1858 3789 οὗτος
1873 3743 1887 3791 ;
1901 3745 1919 3777 ι

345 3813 395 3863 εἱ
429 3811 506 3880 μὴ
537 3810 644 3882 ἄρα
676 3829 758 3873 τις
789 3810 1117 3881 βιασάμενος
1159 3812 1578 3884 φιλοτιμήσηται
1607 3815 1717 3887 (29)
1750 3832 1928 3887 παρα-

345 3903 545 3974 στῆσαι
585 3902 696 3956 τῶν
739 3903 1147 3974 τεσσαράκοντα
1193 3907 1287 3958 κα)⁵
1332 3904 1391 3970 ἓξ
1429 3906 1567 3959 ἐτῶν
1615 3907 1926 3979 πληρούμε-

343 4011 434 4046 νον
469 3993 580 4064 (30)
605 3995 812 4066 χρόνον,
840 3996 932 4065 ἀφ’
966 3989 1027 4050 οῦ
1050 3997 1078 4050 6
1100 3996 1263 4050 Δαυῖδ
1296 4014 1427 4067 φησι
1457 3997 1594 4069 πρὸς
1623 3999 1811 4056 Νάθαν
1834 3999 1930 4054 τὸν·

345 4087 653 4158 προφήτην,
712 4087 1137 4159 βουλευσάμενος
1185 4089 1314 4161 περὶ
1349 4090 1450 4160 τῆς
1495 4091 1797 4162 οἰκοδομῆς,
1828 4092 1924 4147 τοῦ

342 4177 494 4232 ναοῦ·
547 4197 567 4230 ε
620 4179 752 4233 Ἰδοὺ
796 4179 908 4249 ἐγὼ
939 4180 1178 4234 κατοικῶ
1219 4183 1277 4236 ἐν
1319 4181 1455 4253 οίκῳ
1484 4182 1733 4254 κεδρίνῳ,
1763 4183 1858 4238 καὶ
1888 4186 1922 4256 ἡ

343 4267 575 4332 κιϐωτὸς
602 4269 696 4323 τοῦ
718 4269 852 4323 Θεοῦ
882 4271 1117 4343 κάθηται
1152 4272 1212 4324 ἐν
1240 4271 1388 4342 μέσῳ
1416 4272 1516 4344 τῆς
1550 4274 1776 4345 σκηνῆς·
1817 4293 1836 4326 ι
1874 4276 1924 4328 εἱ

341 4360 451 4430 γὰρ
479 4361 802 4425 κεκώλυται,
822 4362 898 4425 ὡς
923 4362 1061 4434 ἀνὴρ
1089 4364 1336 4434 αἱμάτων
1368 4363 1717 4436 οἰκοδομῆσαι
1739 4365 1920 4432 αὐτὸν,

340 4449 485 4504 ἐοικέ
517 4468 583 4521 γε
629 4453 738 4524 (51)
789 4453 1122 4524 ὴσχολῆσθαι
1155 4454 1282 4524 περὶ
1326 4453 1425 4524 τὴν
1452 4454 1775 4523 συναγωγὴν
1821 4455 1923 4525 τῆς

2037 637 2054 670 ε
2090 618 2186 673 llic
2219 619 2356 673 dixit
2395 635 2408 672 :
2438 616 2663 670 Possum
2696 613 2979 668 destruere
3009 609 3262 677 templum
3291 608 3402 674 Dei,
3435 619 3488 663 et
3510 626 3604 676 per

2033 719 2142 763 tres
2170 709 2287 763 dies
2315 707 2447 763 illud
2474 705 2747 761 aediﬁcare
2780 720 2794 757 :
2840 722 2862 755 ι
2893 701 2979 756 vel
3003 715 3062 756 ut
3089 702 3303 755 Marcus
3327 701 3372 734 "
3404 719 3419 757 :
3447 719 3468 752 ι
3495 701 3604 754 Nos

2031 802 2335 856 audivimus
2394 801 2538 854 hunc
2599 797 3034 864 dicentem:Ego
3078 795 3289 850 diruam
3345 794 3600 863 templum

2033 896 2134 949 hoc
2168 909 2328 949 manu
2364 893 2593 956 factum,
2627 900 2684 946 et
2710 906 2806 960 per
2833 901 2944 945 tres
2971 891 3083 944 dies
3107 888 3251 942 aliud
3297 903 3402 941 non
3441 902 3601 940 mantt

2035 986 2234 1041 factum
2275 983 2641 1049 retediﬂcabo,
2671 1002 2688 1034 ι
2730 983 2949 1051 quando
2971 991 3027 1036 et
3061 993 3305 1035 summus
3345 978 3598 1034 sacerdos

2031 1093 2264 1146 surgens
2321 1077 2462 1132 dixit
2517 1076 2642 1131 illi:
2683 1074 2875 1130 «Nihil
2933 1072 3269 1142 respondes?
3341 1087 3440 1126 cur
3506 1071 3596 1127 isti

2030 1166 2316 1222 adversum
2360 1175 2410 1220 te
2468 1163 2872 1220 teetilicantur?
2902 1164 2971 1217 At
3016 1160 3175 1217 Jesus
3203 1161 3415 1217 tacebat
3465 1161 3546 1224 ⁸⁰;
3573 1179 3615 1212 ι,

2031 1257 2112 1312 vel
2169 1265 2226 1310 ut
2285 1255 2500 1311 Marcus
2563 1255 2739 1326 inquit
2787 1255 2834 1286 “
2869 1269 2884 1306 :
2924 1253 3037 1307 «Et
3085 1268 3311 1324 surgens
3361 1267 3602 1308 summus

2031 1349 2284 1402 sacerdos
2324 1349 2376 1401 in
2409 1347 2644 1402 medium
2673 1387 2691 1414 ,
2749 1347 3117 1413 interrogabat
3154 1343 3336 1399 Jesum
3368 1345 3555 1400 dicens
3583 1361 3599 1398 :

2035 1438 2146 1492 Non
2192 1438 2482 1507 reSpnndes
2543 1438 2888 1509 quidquam?
2947 1454 3044 1492 cur
3085 1436 3172 1490 isti
3207 1436 3495 1490 adversum
3549 1443 3604 1488 te

2032 1529 2215 1583 dicunt
2239 1530 2574 1584 testimonia?
2604 1530 2672 1583 At
2695 1530 2784 1583 ille
2821 1530 3054 1593 tacebat,
3090 1541 3262 1597 neque
3304 1526 3600 1596 quidquam

2033 1620 2415 1690 respondebat.
2440 1639 2460 1672 ι
2491 1619 2742 1674 Arbitror
2769 1634 2898 1674 vero
2928 1619 3240 1674 necessario
3277 1618 3442 1672 etiam
3488 1617 3604 1670 baac

2033 1711 2194 1765 citata
2232 1710 2394 1767 fuisse
2429 1711 2744 1766 relationem
2789 1709 3048 1765 habentia
3101 1711 3170 1764 ad
3225 1725 3348 1764 eum
3395 1717 3600 1763 textqu

2032 1803 2122 1869 qui
2150 1809 2237 1854 est
2266 1817 2375 1871 prae
2403 1801 2670 1855 manibus.

2101 1893 2192 1946 22.
2236 1911 2254 1944 ι
2302 1893 2566 1948 Dixerunt
2596 1907 2726 1962 ergo
2771 1889 2940 1947 Judzei
2975 1909 2989 1947 :
3024 1892 3394 1960 Quadraginta
3419 1900 3474 1944 et
3505 1905 3597 1946 sex

2032 1985 2190 2039 annis
2220 1985 2542 2039 aediﬁcatum
2567 1998 2648 2040 est
2689 1985 2945 2055 templum
2973 1986 3098 2050 hoc,
3143 1996 3199 2040 et
3242 1995 3295 2038 tu
3335 1986 3387 2038 in
3421 1985 3600 2038 tribus

2031 2074 2225 2129 diebus
2253 2075 2430 2144 eriges
2459 2073 2588 2127 illud
2619 2075 2706 2126 υτ
2740 2093 2758 2125 ι
2801 2074 3082 2140 Quomodo
3138 2073 3498 2144 quadraginta
3542 2081 3611 2126 et.

2032 2181 2124 2220 sex
2151 2166 2309 2220 annis
2338 2175 2675 2218 exstructum
2699 2164 2868 2220 fuisse
2903 2164 3070 2219 Judaei
3116 2165 3302 2218 dicant
3345 2162 3600 2232 templum

2034 2259 2156 2323 hoc,
2185 2257 2228 2310 si
2260 2257 2546 2310 historiam
2577 2271 2894 2325 sequamur,
2927 2257 3108 2310 dicere
3141 2271 3245 2310 non
3288 2269 3596 2323 possumus.

2031 2348 2161 2403 Nam
2195 2349 2245 2401 in
2279 2348 2437 2402 tertio
2455 2347 2654 2417 Regum
2675 2349 2932 2416 scriptum
2951 2357 3034 2402 est
3061 2347 3131 2411 ⁵³,
3159 2346 3302 2416 quod
3333 2363 3351 2396 ι
3390 2358 3598 2414 praepa-

2045 2441 2286 2494 raverint
2334 2439 2536 2508 lapides
2575 2447 2630 2494 et
2675 2439 2816 2508 ligna
2849 2439 3022 2493 tribus
3057 2439 3240 2494 annis.
3298 2438 3354 2493 In
3401 2445 3600 2505 quarto

2029 2543 2208 2586 autem
2239 2546 2404 2595 anno,
2437 2547 2622 2586 mense
2651 2533 2911 2597 secundo,
2960 2541 3218 2602 regnante
3265 2544 3389 2600 rege
3443 2527 3599 2582 Salo-

2030 2638 2186 2679 mone
2207 2638 2371 2692 super
2398 2623 2586 2689 Israel,
2612 2625 2890 2679 mandavit
2922 2639 3015 2678 rex
3042 2664 3055 2683 ,
3084 2633 3140 2677 et
3179 2624 3369 2676 tollunt
3394 2621 3601 2691 lapides

2027 2717 2280 2786 grandes,
2309 2714 2517 2784 lapides
2547 2717 2815 2783 pretiosos
2864 2731 2978 2785 pro
2998 2714 3347 2768 fttrnlamento
3382 2715 3597 2774 domus,

2027 2815 2190 2876 atque
2250 2807 2457 2876 lapides
2505 2807 2914 2874 impolitos;et
2965 2808 3307 2871 sculpserunt
3353 2820 3450 2860 eos
3504 2804 3598 2858 ﬁlii

2030 2898 2361 2962 Salomonis,
2423 2906 2477 2952 et
2519 2897 2613 2952 lilii
2671 2898 2892 2953 Chiram
2922 2898 3311 2966 ,jeceruntque
3361 2911 3455 2951 eos
3501 2911 3599 2963 pro

2027 2990 2344 3044 fundatione
2378 2989 2430 3042 in
2468 2998 2665 3058 quarto
2694 3005 2864 3054 anno,
2903 3001 2956 3043 et
2991 2989 3352 3042 futulat'eruut
3381 2989 3596 3042 domum

2027 3081 2239 3136 Domini
2268 3082 2320 3134 in
2353 3095 2538 3136 mense
2573 3079 2738 3135 Nisan
2779 3081 2850 3152 (is
2891 3091 2975 3136 est
3017 3081 3291 3136 secundus
3335 3080 3594 3146 mensis);

2030 3171 2313 3227 undecimo
2359 3180 2540 3225 autem
2589 3186 2769 3235 anno,
2821 3171 2874 3225 in
2928 3185 3114 3225 mense
3161 3170 3308 3235 Baal,
3363 3168 3454 3238 qui
3509 3178 3594 3222 est

2031 3263 2232 3316 mensis
2294 3261 2450 3330 201
2521 3271 2767 3324 octavus,
2830 3261 3069 3331 perfecta
3123 3271 3204 3316 est
3257 3263 3447 3314 domus
3502 3273 3598 3327 per

2028 3365 2218 3406 omnes
2240 3361 2422 3420 partes
2453 3365 2602 3414 suas,
2641 3350 2867 3419 etjuxta
2898 3358 3156 3406 cunctam
3182 3345 3596 3415 diSpositionem

2029 3458 2184 3496 suam
2217 3443 2284 3498 “.
2315 3462 2335 3495 ι
2373 3440 2445 3496 Ut
2473 3455 2604 3510 ergo
2633 3441 2799 3496 etiam
2838 3439 3290 3510 pra-paratione":
3319 3437 3439 3506 ejus
3468 3453 3592 3491 cum

2032 3542 2270 3600 tempore
2301 3542 2588 3587 structura:
2617 3544 3062 3592 annumeretuus,
3123 3528 3368 3582 undecim
3419 3539 3596 3579 anno-

2030 3638 2149 3676 rum
2183 3638 2440 3677 numerus
2471 3639 2575 3677 non
2610 3620 2912 3689 completur
2941 3619 3008 3670 ad
3036 3627 3362 3672 Structuram
3390 3615 3594 3683 templi.

2027 3713 2668 3784 Quamobremquomodo
2683 3711 3074 3773 Judaeidicunt,
3107 3726 3124 3759 ι
3157 3708 3514 3778 quadraginta
3543 3714 3599 3759 et

2027 3818 2124 3858 sex
2165 3805 2322 3857 annis
2347 3804 2675 3858 aediﬁcatum
2713 3800 2882 3854 fuisse
2938 3799 3192 3867 templum
3248 3797 3391 3851 hoc?
3435 3816 3453 3848 ι
3482 3795 3595 3850 Nisi

2025 3893 2166 3950 forte
2206 3894 2351 3964 quis,
2401 3895 2496 3963 qui
2535 3901 2846 3965 urgeretur,
2895 3893 3254 3945 contenderet
3307 3889 3598 3944 ostendere

2028 3997 2238 4056 teutpus
2264 3989 2618 4058 quadraginta
2649 3997 2703 4042 et
2727 4001 2818 4041 sex
2855 3999 3121 4039 annorum
3147 3980 3406 4052 compleri
3434 3983 3502 4035 ab
3533 3995 3602 4038 ω

2027 4088 2267 4149 tempore
2295 4064 2404 4149 quo
2435 4080 2600 4134 David
2643 4078 2818 4147 inquit
2875 4077 2945 4131 ad
2987 4075 3203 4130 Nathan
3255 4074 3598 4144 propinet-ain,

2025 4171 2316 4228 consulens
2345 4173 2414 4228 de
2433 4171 2808 4228 aediﬁcatione
2838 4169 3023 4239 templi
3065 4189 3078 4224 ε
3115 4186 3134 4220 ι
3160 4167 3239 4223 En
3275 4182 3378 4238 ego
3416 4168 3603 4224 habito

2025 4268 2079 4324 in
2109 4269 2275 4324 domo
2310 4267 2558 4333 cedrina,
2593 4276 2648 4322 et
2673 4280 2798 4321 arca
2836 4265 2928 4319 Dei
2975 4276 3157 4318 manet
3188 4264 3239 4318 in
3272 4265 3446 4322 medio
3480 4274 3603 4320 ten-

2028 4361 2245 4417 torii".
2275 4379 2294 4412 ι
2340 4358 2476 4415 Nam
2509 4361 2675 4415 etiam
2729 4359 2774 4414 si
2828 4356 3140 4428 prohibitus
3174 4357 3295 4426 fuit,
3360 4374 3460 4412 ceu
3515 4358 3602 4411 vir

2023 4453 2367 4524 sanguinum,
2397 4451 2572 4523 ipsum
2603 4449 2912 4516 aediﬁcare,
2951 4459 3008 4504 at
3047 4451 3239 4504 saltem
3278 4449 3489 4505 videtur
3540 4464 3600 4503 se

341 4543 475 4614 ὕλης
506 4542 600 4598 τοῦ
625 4546 774 4600 ναοῦ.
805 4547 942 4617 Φησὶ
980 4546 1109 4614 γοῦν
1155 4547 1214 4599 ἐν
1242 4550 1306 4618 τῇ
1350 4546 1542 4621 πρώτῃ
1573 4547 1693 4600 τῶν
1739 4548 1923 4619 Παρα-

2028 4545 2332 4602 exercuisse
2390 4545 2537 4599 circa
2603 4543 2964 4615 colligendam
3037 4545 3320 4598 materiam
3392 4541 3601 4610 templi.

339 4635 677 4708 λειπομένων
731 4637 891 4692 ama
935 4639 965 4691 6
1023 4639 1274 4709 βασιλεὺς
1320 4639 1469 4712 πάσῃ
1510 4642 1576 4711 τῇ
1615 4639 1914 4712 ἐκκλησίᾳ·

345 4749 364 4780 σ
394 4730 644 4801 Σολομὼν
665 4733 693 4782 6
734 4732 846 4796 υἱός
877 4749 997 4802 μου,
1029 4733 1110 4796 είς
1138 4731 1198 4785 δν
1231 4731 1484 4803 ᾑρέτικεν
1506 4733 1668 4786 αὐτὸν
1693 4732 1916 4802 Κύριος,

337 4821 458 4885 νέος
495 4824 590 4876 καὶ
613 4823 839 4886 ἁπαλὸς,
865 4825 955 4878 καὶ
986 4823 1046 4876 τὺ
1075 4813 1234 4896 ἔργον
1259 4824 1420 4894 μέγα,
1453 4825 1538 4876 ὅτι
1565 4825 1666 4877 οὐκ
1704 4824 1918 4896 ἀνθρώ-

339 4931 429 4985 πιρ
453 4914 722 4985 οἰκοδομεῖ
746 4916 878 4983 (52),
913 4915 1049 4970 ἀλλὰ
1077 4915 1264 4986 Κυρίῳ
1289 4915 1421 4985 Θεῷ·
1459 4915 1598 4970 κατὰ
1625 4917 1805 4969 πᾶσαν
1820 4917 1918 4987 τὴν

414 5028 460 5058 ⁸⁸
493 5029 682 5083 Matth.
719 5047 866 5087 xxvr.
896 5033 983 5086 6i.
1081 5031 1126 5064 δ’
1158 5031 1323 5085 Marc.
1353 5048 1467 5093 xlv,
1505 5033 1594 5088 58.

333 5099 388 5133 ιδ
427 5099 488 5152 lll
537 5102 670 5169 Reg.
724 5117 777 5164 ν,
811 5103 1022 5169 17,1-8;
1059 5119 1133 5166 Vl,
1172 5104 1226 5157 1.
1297 5103 1346 5134 ⁸⁸
1378 5104 1440 5157 Ill
1470 5103 1601 5173 Reg.
1631 5119 1708 5169 vr,
1737 5104 1829 5160 58.

412 5214 526 5284 (95)
552 5215 1068 5288 ξἏγοικοδομήσω.
1100 5217 1192 5273 Sic
1219 5217 1387 5274 codex
1420 5218 1778 5288 Bodleianus;
1810 5219 1918 5275 Re-
1956 5241 1959 5243 '

353 5286 499 5364 gitt§._
513 5286 875 5364 οἰκοδομῄσωΖ

415 5356 528 5430 (ἓξ)
565 5356 825 5430 Λουκᾶς.
859 5357 1214 5430 Scribendum
1248 5357 1496 5430 Μάρκος.

341 5495 369 5548 ἐ
413 5425 526 5496 (-25)
569 5426 855 5496 Ἔχοντα.
924 5429 1018 5483 Sic
1065 5431 1232 5484 codex
1285 5425 1648 5496 Bodleianus;
1687 5429 1928 5503 Regius,

372 5513 576 5548 γοντος.

355 5513 754 5641 ὲἐῖὲῗιῗίῗζοιὶιξις
796 5565 1013 5638 Regius,
1042 5567 1405 5641 ’ξοὶκοὸομῆσαί
1462 5587 1595 5637 φασι
1645 5570 1739 5624 τὸν
1783 5571 1926 5626 ναὸν·

341 5637 392 5690 οἱ
426 5636 666 5712 Ἰουδαῖοι
697 5636 972 5704 λέγονται·
1007 5639 1107 5692 οὐκ
1139 5636 1334 5711 ἔχομεν
1362 5642 1410 5693 εἱ
1437 5636 1502 5712 τῇ
1539 5641 1750 5712 ἱστορίᾳ
1784 5659 1916 5696 κατ-ε

340 5705 808 5798 ακολουθησομεν·
842 5715 934 5762 sed
979 5714 1147 5763 codex
1169 5705 1514 5766 'Bodleianus
1545 5722 1602 5765 ut
1632 5705 1684 5766 iit
1726 5705 1913 5768 nostro

388 5796 398 5809 -
444 5788 476 5825 δι
505 5815 517 5827 .
1618 5805 1622 5808 ·

347 5787 528 5918 ubi)
581 5847 678 5902 Ἐν
708 5848 854 5918 μηνὶ
891 5849 1131 5903 Νεισιίν.
1191 5848 1329 5922 Lege
1361 5849 1507 5918 Ζιοῦ,
1544 5852 1644 5909 hoc
1677 5861 1757 5908 est
1803 5850 1911 5906 ﬂe-

1705 5033 1752 5065 “
1784 5032 1972 5088 Matth.
2002 5049 2150 5098 xxvr,
2183 5033 2273 5089 62.

2024 4635 2205 4707 lnquit
2241 4628 2370 4708 ergo
2403 4637 2456 4691 in
2487 4639 2664 4706 primo
2708 4635 3162 4705 Paralipomenon
3223 4637 3361 4690 libro
3411 4635 3460 4668 “
3505 4650 3599 4689 rex

2027 4732 2194 4787 David
2224 4742 2433 4786 cuncta:
2453 4730 2862 4800 congregationi
2892 4745 2907 4784 :
2938 4731 3225 4785 «Salomon
3254 4730 3393 4784 illius
3423 4743 3598 4793 meus,

2025 4826 2078 4879 in
2113 4839 2273 4894 quem
2320 4825 2650 4894 complacuit
2696 4825 2797 4881 sibi
2834 4825 3118 4888 Dominus,
3161 4824 3379 4892 juvenis
3412 4830 3493 4876 est
3545 4828 3602 4874 et

2025 4917 2326 4983 delicatus;
2363 4933 2611 4987 opusque
2665 4934 2917 4990 magnum
2969 4929 3096 4984 est,
3180 4917 3436 4988 quoniam
3490 4929 3597 4968 non

2380 5035 2422 5066 ⁵⁸
2461 5035 2626 5089 Maro.
2663 5051 2773 5096 xlv.
2801 5035 2889 5098 60,
2921 5037 3007 5090 61.
3109 5035 3156 5066 ⁸⁸
3197 5031 3352 5088 Joan.
3396 5047 3454 5095 ll,
3504 5029 3594 5083 20.

1906 5103 2198 5176 eauneg.
2258 5119 2356 5173 vn,
2418 5105 2473 5170 2-
2547 5105 2595 5138 “
2641 5105 2661 5159 ι
2710 5105 2948 5175 Ρπιιιίρο
2983 5121 3134 5169 κων
3183 5105 3208 5158 ¹
3263 5118 3450 5172 θείων

2019 5221 2204 5312 praise
2227 5229 2302 5312 η,
2341 5225 2548 5312 veteris
2589 5223 2792 5312 mensis
2826 5221 3076 5312 l‘lebralici
3111 5221 3453 5312 {multillth
3489 5219 3596 5287 ljar

2015 5289 2269 5415 Judaiéo'
2298 5295 2608 5417 regpondet.
2662 5292 2796 5346 Vide
2828 5291 3029 5361 JosepL
3090 5293 3270 5360 Antig.
3309 5289 3419 5360 lib.
3462 5305 3596 5355 vui,-

2027 5377 2149 5417 can.
2221 5405 2234 5417 .
2269 5379 2324 5417 ιι.
2391 5403 2404 5416 .

2027 5377 2149 5426 cap.
2179 5377 2234 5429 2,
2269 5379 2324 5418 ιι.
2351 5377 2404 5417 ἔ).

2087 5432 2199 5504 (‘28)
2237 5433 2433 5488 Αὐτοῦ
2461 5431 3018 5504 συγκατατᾴξωμεν.
3045 5433 3118 5486 Ita
3147 5432 3315 5485 codex
3348 5429 3594 5483 Bodleia-

2015 5504 2409 5574 nusi;r_Regius,
2447 5503 2965 5574 συγκαταλάόωμεν.
3074 5572 3081 5574 _
3143 5550 3146 5553 .

2054 5621 2056 5623 .
2095 5572 2207 5642 (‘29)
2245 5572 2425 5628 Codex
2457 5572 2798 5634 Butlleiauus,
2836 5572 3272 5642 φιλοτιμὴσαιτο.

2116 5641 2206 5712 ’50)
2245 5644 2422 5698 Codex
2465 5643 2686 5711 Regius,
2713 5641 3125 5713 πληρουμένων.

2115 5705 2203 5784 51)
2245 5714 2423 5769 Codex
2466 5705 3030 5784 Bodleianus,"_a6é6v,
3059 5709 3174 5762 ἀλλ’
3201 5705 3295 5764 οὖν
3327 5706 3471 5763 ἔοικέ
3499 5723 3586 5779 γε.

2091 5781 2204 5855 (5‘3)
2243 5785 2420 5840 Codex
2461 5784 2680 5852 Regius,
2709 5781 2986 5852 οἰκοδομή.
