4170 6396
574 344 682 400 379

2043 348 2202 406 ORIG
2211 347 2361 404 ENIS

3739 353 3839 407 580

573 463 804 528 homini,
845 463 939 519 sed
982 464 1206 521 Domino
1266 465 1375 522 Deo
1416 467 1665 523 aediﬁcat.
1714 465 2021 536 Praeparavi
2067 467 2122 521 ill

2245 465 2473 536 δύναμιν
2499 465 2774 537 ἡτοίμακα
2803 467 2882 530 είς
2913 459 3061 519 οἶκον
3089 463 3225 518 Θεοῦ
3255 481 3359 536 μου
3385 465 3648 535 χρυσίον,
3673 469 3842 539 ἀργύ-

573 571 671 626 pro
709 556 915 612 viribus
942 559 1076 613 meis
1109 560 1176 614 ad
1197 558 1416 614 domum
1449 559 1543 614 Dei
1573 560 1675 614 mei
1697 561 2141 622 construondam,

571 664 793 716 anrm,
825 663 1134 720 argentum,
1189 666 1263 707 res
1291 660 1347 705 et
1379 650 1607 716 ferrum,
1645 652 1848 722 lignum
1872 693 1888 720 ,
1941 651 2145 722 lapides

572 739 762 809 Soem,
795 753 852 799 et
873 743 1246 813 plenitudinis,
1293 743 1606 813 lapidesque
1655 754 2040 812 sumptuosos,
2089 752 2145 798 et

569 837 777 902 varios,
815 847 870 893 et
902 851 1118 892 omnem
1141 836 1377 906 lapidem
1409 837 1708 907 pretiosum
1743 877 1760 903 ,
1822 845 1876 890 et
1920 835 2140 890 Pariunt

574 928 822 986 multum.
868 929 1059 984 Adhuc
1107 931 1300 993 etiam,
1360 939 1419 985 ut
1471 929 1870 999 compiacerem
1899 930 1951 983 in
1983 929 2144 984 domo

574 1019 667 1074 Dei
717 1021 844 1080 mei.
908 1030 995 1076 est
1045 1022 1200 1085 mihi,
1256 1023 1399 1091 quod
1465 1022 1774 1091 acquisivi,
1822 1037 2015 1076 aurum
2089 1031 2143 1076 et

570 1121 852 1182 argtmtum
884 1131 899 1168 :
929 1121 985 1168 et
1013 1128 1142 1168 ecce
1177 1114 1296 1168 dedi
1331 1115 1382 1167 in
1407 1113 1628 1167 domum
1662 1112 1754 1166 Dei
1794 1113 1895 1166 mei
1935 1114 1985 1164 in
2017 1111 2143 1165 alti-

571 1203 816 1258 tudinem
850 1221 864 1257 :
896 1219 962 1258 ex
1006 1211 1083 1257 tot
1110 1203 1408 1273 prmparavi
1463 1202 1515 1255 in
1562 1204 1780 1257 domum
1829 1211 2140 1256 sanctorum

570 1296 672 1350 tria
706 1295 877 1350 millia
909 1296 1234 1350 talentorum
1267 1296 1385 1349 auri
1434 1311 1502 1350 ex
1555 1295 1784 1366 Supbir,
1831 1305 1885 1348 et
1933 1305 2139 1365 septem

569 1392 737 1446 millia
784 1391 1110 1446 talentorum
1152 1392 1363 1462 argenti
1399 1391 1653 1462 probati,
1702 1399 1760 1444 ut
1808 1391 2141 1445 incrustetur

566 1498 631 1536 ex
667 1483 798 1552 ipsis
829 1483 1020 1538 domus
1052 1483 1143 1537 Dei
1179 1497 1278 1552 per
1307 1497 1506 1536 manus
1533 1482 1830 1537 artillcum.
1865 1503 1885 1536 ι
1924 1482 2138 1555 Regna-

565 1575 643 1627 vit
695 1575 839 1629 enim
882 1573 1050 1629 David
1089 1575 1249 1629 annis
1285 1585 1492 1643 septem
1540 1575 1594 1629 in
1650 1574 1888 1639 Hebron,
1929 1587 1983 1631 et
2037 1579 2136 1631 tria

565 1679 728 1735 supra
756 1666 976 1735 triginta
1003 1666 1054 1720 in
1087 1665 1388 1721 Jerusalem
1413 1665 1479 1717 ".
1504 1663 1687 1732 Quare
1716 1666 1760 1720 si
1791 1667 1988 1736 pOIeril.
2013 1668 2136 1736 quis

562 1755 852 1810 ostendere
899 1755 1225 1826 principium
1261 1756 1670 1826 prmparationis
1715 1757 1897 1826 templi
1933 1757 2132 1822 fuisse,

561 1847 846 1918 colligente
877 1864 944 1904 eo
994 1849 1278 1903 materiam
1330 1849 1745 1904 convenientem
1801 1864 1831 1904 a
1891 1859 2134 1920 tempore

559 1938 734 2007 quinti
788 1939 917 1994 anui
963 1939 1118 2010 regni
1161 1939 1270 2002 sui,
1303 1939 1523 2009 poterit,
1567 1941 1610 1995 si
1643 1949 1917 2009 urgeatur,
1953 1943 2136 1997 dicere

557 2031 629 2086 de
671 2031 1032 2101 quadraginta
1089 2045 1184 2086 sex
1236 2032 1417 2086 annis.
1478 2032 1632 2088 Alius
1678 2046 1807 2088 vero
1863 2034 2132 2102 quispiam

564 2123 714 2178 dicet
739 2123 999 2194 templum
1055 2123 1198 2191 quod
1254 2124 1578 2190 ostenditur,
1618 2140 1725 2180 non
1779 2140 1899 2180 esse
1938 2126 2067 2181 illud
2101 2141 2133 2181 a

558 2215 852 2272 Salomone
889 2225 1252 2282 exstructum,
1293 2231 1416 2270 nam
1459 2233 1708 2273 eversum
1750 2217 1851 2272 l’uit
1885 2233 1918 2274 e
1957 2219 2135 2288 capti-

553 2307 737 2362 vitatis
791 2307 1130 2378 temporibus
1180 2308 1250 2373 ⁵⁸,
1304 2310 1399 2364 sed
1460 2311 1604 2378 quod
1657 2309 1855 2365 Esdras
1891 2311 2132 2366 aediﬁca-

555 2400 698 2454 verit
724 2400 769 2435 ⁶⁹
805 2417 820 2464 ;
858 2401 927 2456 de
968 2415 1078 2470 quo
1111 2414 1219 2455 non
1276 2416 1563 2472 possumus
1613 2413 1797 2472 aperte
1844 2405 2131 2460 ostendere

550 2491 850 2548 orationem
891 2507 1021 2549 vera
1072 2506 1387 2551 narrantem
1421 2495 1489 2551 de
1530 2496 1886 2565 quadraginta
1941 2506 1994 2551 et
2033 2512 2129 2552 sex

551 2585 731 2640 annis.
763 2585 1005 2655 Apparet
1031 2587 1199 2643 etiam
1231 2587 1374 2657 apud
1405 2585 1751 2642 Machabaica
1804 2587 1850 2620 ‘°
1899 2587 2126 2642 multam

551 2675 1002 2746 inconstantiam,
1065 2689 1124 2734 et
1182 2678 1558 2734 confusionem
1603 2678 1773 2735 fuisse
1807 2681 1957 2736 circa
1991 2693 2131 2738 teru-

547 2767 718 2837 plum,
769 2779 826 2824 et
879 2769 1025 2826 circa
1076 2771 1366 2840 populum;
1418 2781 1471 2827 et
1521 2771 1663 2826 haud
1694 2772 1828 2836 scio,
1877 2789 1944 2827 an
1999 2783 2126 2830 tunc

545 2861 937 2918 readiiicatum
985 2863 1150 2920 fuerit
1208 2874 1288 2920 tot
1347 2864 1526 2920 annis.
1596 2864 1741 2921 Sane
1798 2864 2122 2934 Heracleon,

546 2951 709 3021 202
764 2966 834 3007 ne
881 2953 1128 3023 inspecta
1184 2952 1400 3022 quidem
1446 2953 1674 3008 historia
1703 2993 1719 3018 ,
1777 2953 2123 3010 Salomonem

547 3043 724 3113 inquit
745 3045 1104 3116 quadraginta
1133 3054 1189 3100 et
1208 3060 1304 3100 sex
1333 3045 1491 3100 anuis
1511 3044 1812 3102 aadilicasse
1836 3045 2120 3116 templum,

2248 573 2382 627 ριον,
2424 555 2639 626 χαλκὸν,
2685 558 2776 610 καὶ
2819 557 3059 627 σίδηρον,
3103 555 3281 621 ξύλον,
3321 554 3504 618 λίθους
3549 557 3713 627 Σοὸμ,
3745 560 3834 613 καὶ

2245 646 2599 718 πληρώσεως,
2638 649 2733 701 καὶ
2766 647 2945 712 λίθους
2977 647 3290 708 πολυτελεῖς
3343 645 3477 715 (55),
3533 646 3626 699 καὶ
3658 649 3834 702 ποικί-

2243 738 2385 802 λους,
2419 740 2512 792 καὶ
2539 740 2715 793 πάντα
2740 739 2886 794 λίθον
2915 739 3114 810 τίμιον,
3150 739 3246 792 καὶ
3275 735 3476 808 Πάριον
3511 737 3668 792 πολύ.
3713 739 3834 792 Ἔτι

2243 832 2300 883 ὲν
2325 831 2401 902 τῷ
2430 831 2715 903 εύδοκῆσαί
2741 850 2807 904 με
2839 834 2897 886 ὲν
2927 833 3060 902 οίκῳ
3090 829 3226 884 Θεοῦ
3264 847 3387 901 μου,
3417 828 3529 882 ἐστι
3557 847 3649 901 μοι
3677 829 3706 882 ὃ
3736 847 3826 882 πε-

2245 923 2604 995 ριπεποίημαι
2637 925 2878 996 χρυσίον,
2912 926 3006 978 καὶ
3038 922 3321 996 ἀργύριον·
3357 922 3451 976 καὶ
3476 921 3588 974 ίδοὺ
3624 921 3835 974 δέδωκα

2241 1017 2320 1078 εἰς
2337 1012 2491 1069 οἷκον
2515 1018 2716 1087 Κυρίου
2738 1034 2838 1088 μου
2861 1019 2938 1081 εἰς
2963 1017 3114 1086 ὕψος·
3146 1018 3210 1069 ὲκ
3227 1015 3398 1067 τόσων
3424 1013 3701 1085 ήτοίμασα
3719 1012 3834 1082 (54)

2241 1109 2321 1170 είς
2339 1108 2428 1160 τὸν
2449 1124 2477 1160 ο
2503 1126 2595 1161 κον
2616 1110 2725 1161 τῶν
2745 1110 2913 1176 ἁγίων
2932 1107 3202 1180 τρισχίλια
3216 1107 3451 1160 τάλαντα
3479 1105 3714 1177 χρυσίου
3736 1104 3834 1158 τοῦ

2239 1201 2304 1252 ὲκ
2340 1201 2588 1272 Σουφεὶρ,
2624 1202 2717 1255 καὶ
2755 1201 3138 1271 ἑπτακισχίλια
3171 1200 3407 1253 τάλαντα
3445 1198 3718 1270 ἀργυρίου
3749 1197 3836 1250 δο-

2239 1293 2422 1363 κίμου,
2445 1294 2800 1364 ὲπαλειφῆναι
2829 1295 2885 1347 ὲν
2907 1293 3226 1357 αὐτοῖςτοὺς
3249 1292 3431 1354 οἴκους
3453 1289 3547 1342 τοῦ
3574 1287 3718 1342 Θεοῦ
3746 1288 3838 1343 διὰ

2238 1379 2414 1450 χειρὸς
2431 1382 2705 1450 τεχνιτῶν.
2737 1402 2754 1434 ι
2806 1383 3150 1435 Ἐὄασίλευσε
3178 1382 3286 1454 γὰρ
3307 1384 3335 1434 ὁ
3366 1379 3528 1434 Δαυῒδ
3562 1378 3707 1432 ἑπτὰ
3736 1379 3836 1449 ἐτη

2236 1471 2294 1523 ὲν
2327 1471 2571 1542 Χεϐρὼν,
2601 1473 2695 1525 καὶ
2717 1473 2796 1541 λγ³
2819 1475 2876 1526 ὲν
2911 1473 3284 1545 Ἰερουσαλήμ.
3338 1471 3462 1525 Ἐἀν
3487 1466 3584 1524 οὖν
3619 1469 3832 1540 δυνηθῇ

2236 1563 2514 1627 ἀποδεῖξαι
2543 1563 2639 1634 τὴν
2685 1564 2856 1636 ἀρχὴν
2899 1565 2999 1634 τῆς
3038 1563 3283 1636 περὶτοῦ
3320 1562 3451 1616 ναοῦ
3475 1561 3832 1632 κατασκευῆς

2234 1656 2512 1724 γεγονέναι
2544 1657 2864 1725 συνάγοντος
2893 1657 3056 1712 αὐτοῦ
3086 1657 3182 1728 τὴν
3211 1656 3518 1727 ἐπιτήδειον
3554 1653 3694 1724 ὓλην
3723 1654 3834 1708 ἀπὸ

2234 1747 2326 1800 τοῦ
2350 1755 2389 1799 ε’
2420 1748 2608 1818 χρόνου
2632 1749 2728 1818 τῆς
2761 1748 3038 1819 βασιλείας
3067 1749 3252 1814 αὐτοῦ,
3293 1749 3587 1821 δυνήσεται
3636 1747 3833 1818 βιασάμ

2168 1830 2210 1888 Β
2240 1857 2398 1911 μενος
2450 1841 2577 1911 περὶ
2619 1840 2729 1910 (33)
2758 1839 2866 1896 τῶν
2898 1847 2994 1910 pg’
3018 1839 3154 1892 ὲτῶν
3182 1837 3378 1894 είπεϊν.
3426 1839 3626 1902 ’Ἄλλος
3659 1838 3720 1892 δέ
3745 1855 3830 1900 τις

2236 1931 2466 1999 ἐρεῖτον
2495 1931 2842 2002 δεικνύμενον
2878 1930 2952 2002 μὴ
2983 1931 3075 1984 τὸν
3109 1931 3213 1984 ὑπὸ
3247 1929 3595 2001 Σολομῶντος
3628 1929 3835 2000 ᾠκοδο-

2237 2024 2479 2093 μημένον
2512 2017 2672 2084 εἷναι,
2714 2025 2923 2076 ἐκεῖνον
2955 2021 3063 2094 γὰρ
3095 2021 3498 2094 κατεστράφθαι
3542 2021 3659 2093 (56)
3687 2019 3830 2074 κατά

2231 2114 2359 2176 τοὺς
2381 2113 2481 2183 τῆς
2509 2114 2885 2184 αἰχμαλωσίας
2912 2113 3158 2186 χρόνους,
3191 2111 3324 2166 ἀλλά
3365 2112 3456 2166 τὸν
3489 2113 3589 2165 ἐπὶ
3617 2110 3830 2182 Ἐσδρᾳ

2230 2204 2667 2276 οἰκοδομηθέντα·
2716 2207 2843 2278 περὶ
2871 2198 2932 2259 οὗ
2962 2207 3062 2259 οὐκ
3114 2205 3308 2276 ἔχομεν
3339 2204 3554 2278 τρανῶς
3583 2204 3677 2257 τὸν
3718 2201 3828 2254 τῶν

2230 2298 2634 2369 τεσσαράκοντα
2673 2300 2768 2352 καὶ
2801 2299 2859 2364 ἒξ
2905 2299 3042 2353 ἐτῶν
3089 2299 3368 2366 ἀποδεῖξαι
3419 2297 3827 2369 ἀληθευόμενον

2229 2387 2402 2457 λόγον.
2436 2389 2616 2442 Ἔοικε
2638 2389 2694 2442 δὲ
2725 2391 2818 2444 καὶ
2851 2390 2992 2444 κατὰ
3030 2390 3098 2443 τὰ
3129 2388 3502 2443 Μακκαϐαῖκά
3531 2389 3706 2457 πολλή
3741 2404 3825 2449 τις

2228 2480 2604 2534 ἀκαταστασία
2649 2481 2926 2550 γεγονέναι
2972 2483 3100 2553 περὶ
3139 2481 3230 2535 τὸν
3251 2482 3378 2534 λαὸν
3418 2482 3511 2534 καὶ
3545 2480 3640 2532 τὸν
3672 2479 3820 2531 ναόνο

2227 2572 2323 2625 κα)⁸
2354 2573 2454 2626 οὐκ
2480 2568 2597 2626 οἶδα
2622 2571 2674 2626 εῐ
2697 2591 2827 2626 ποτε
2856 2573 3248 2646 ἀνῳκοδομήθη
3275 2573 3554 2638 τοσούτοις
3589 2573 3768 2626 ἔτεσιν
3794 2573 3823 2625 ό

2227 2665 2372 2728 ναός.
2425 2666 2482 2719 '0
2532 2665 2782 2737 μέντοιγε
2842 2666 3173 2738 Ἡρακλέων,
3222 2667 3356 2737 μηδὲ
3407 2667 3715 2738 ἐπιστήσας
3751 2666 3818 2734 τῇ

2227 2754 2459 2828 ἱστορίᾳ,
2495 2757 2628 2826 φησὶ
2671 2756 2762 2809 τὸν
2811 2755 3132 2827 Σολομῶντα
3161 2757 3576 2829 τεσσαράκοντα
3622 2759 3719 2813 καὶ
3761 2757 3821 2822 ἐξ

2223 2845 2368 2900 ἔτεσι
2392 2845 2853 2900 κατεσκευακέναι
2868 2846 2959 2900 τὸν
2985 2847 3131 2909 ναὸν,
3151 2846 3332 2899 εἰκόνα
3358 2848 3702 2916 τυγχάνοντα
3724 2845 3818 2899 τοῦ

2223 2936 2496 3008 Σωτῆροςο
2535 2938 2630 2991 καὶ
2659 2937 2749 2991 τὸν
2784 2937 2838 3003 ς’
2881 2937 3113 3008 ἀριθμὸν
3140 2938 3218 3000 είς
3251 2937 3350 3008 τὴν
3387 2937 3542 3008 ῦλην,
3568 2938 3817 2991 τουτέστι

2219 3029 2282 3082 τὸ
2311 3029 2533 3100 πλάσμα
2580 3029 2859 3102 ἀναφέρει⁰
2893 3030 3040 3084 τόνδε
3067 3030 3176 3082 τῶν
3206 3030 3641 3100 τεσσαράκοντα,
3672 3030 3700 3083 ὃ
3730 3047 3816 3084 τε·

544 3138 690 3206 quod
723 3146 847 3192 erat
874 3137 1052 3208 imago
1077 3134 1386 3194 Servatoris
1415 3155 1428 3192 :
1459 3153 1524 3194 ac
1573 3154 1669 3194 sex
1722 3154 2007 3194 numerum
2051 3139 2119 3193 ad

2225 3122 2358 3194 τράς
2383 3123 2519 3187 ἐστι,
2555 3123 2740 3195 φησὶν,
2769 3125 2802 3195 ή
2854 3121 3254 3196 ἀπρόσπλοκος,
3282 3123 3362 3186 είς
3395 3123 3454 3175 τὸ
3482 3122 3812 3193 ἐμφύσημα,

2225 3211 2312 3238 ..-ι
2339 3212 2395 3238 ,ι
2431 3214 2487 3238 ι..
2519 3212 2592 3238 _.-.
2623 3214 2971 3238 1....-....!....._.
3000 3212 3214 3238 --ι-..-
3264 3213 3403 3238 πη--
3429 3213 3480 3238 ιιι
3508 3214 3554 3238 ,ι
3590 3211 3812 3238 ιι....,-›...

545 3230 832 3286 materiam
861 3270 877 3296 ,
909 3231 960 3284 id
995 3241 1082 3286 est
1127 3232 1196 3285 ad
1245 3231 1588 3289 eﬂectiouem
1642 3231 1844 3298 refert;
1879 3232 2120 3301 quadra-

539 3324 687 3391 ginta
722 3331 904 3377 autem
939 3338 1250 3390 numerum,
1298 3325 1391 3394 qui
1425 3335 1531 3390 est,
1577 3325 1785 3394 inquit,
1834 3326 2121 3395 quaternio

539 3414 781 3486 copulari
816 3416 1052 3480 nescius,
1081 3416 1148 3470 ad
1177 3415 1598 3472 insuﬂlationem
1631 3431 1928 3486 semenque
1951 3415 2122 3471 insuf-

538 3507 799 3564 nationis.
835 3507 914 3563 Tu
972 3521 1104 3563 vero
1151 3509 1272 3564 vide
1322 3524 1450 3564 num
1498 3509 1676 3580 possis
1728 3509 1982 3579 accipere
2025 3524 2122 3578 per

537 3599 1032 3670 quadragenarium
1056 3615 1340 3655 numerum
1358 3614 1593 3671 quatuor
1611 3601 1879 3658 elementa
1909 3602 2116 3670 mundi,

539 3705 660 3760 qua:
727 3701 1004 3762 ponuntur
1056 3692 1110 3746 in
1171 3693 1385 3763 angulis
1411 3694 1627 3764 templi;
1680 3709 1780 3765 per
1837 3696 2117 3752 senarium

525 3797 689 3847 vero,
722 3783 1000 3838 hominem
1023 3795 1180 3840 sexta
1213 3786 1302 3841 die
1327 3784 1554 3841 factum.

610 3873 704 3928 23.
743 3892 760 3924 ι
793 3875 862 3927 At
891 3874 981 3928 ille
1010 3873 1229 3930 dicebat
1256 3876 1324 3930 de
1356 3876 1556 3946 templo
1579 3878 1823 3946 corporis
1852 3878 1956 3933 sui.
1981 3877 2115 3934 Cum

535 3978 670 4036 ergo
701 3966 942 4021 surrexit
987 3979 1019 4021 e
1055 3967 1324 4033 mortuis,
1370 3969 1638 4024 recordati
1687 3980 1816 4026 sunt
1862 3971 2114 4042 discipuli

534 4055 658 4126 ejus
688 4055 834 4125 quod
879 4055 986 4112 hoc
1031 4056 1277 4121 dixisset,
1320 4066 1375 4112 et
1417 4058 1765 4114 crediderunt
1792 4060 2112 4131 Scriptura},

536 4156 594 4200 et
621 4147 858 4201 sermoni
885 4161 1045 4216 quem
1082 4147 1296 4202 dixerat
1325 4146 1482 4203 Jesus
1509 4148 1578 4214 ⁶¹,
1607 4168 1627 4201 ι
1678 4165 1869 4222 nempe
1918 4167 2114 4223 corpus

538 4237 663 4293 Filii
695 4239 881 4294 vocari
921 4238 1182 4309 templum
1211 4239 1351 4309 ejus.
1397 4241 1635 4306 Ωιιωεὶιο
1669 4251 1852 4298 autent
1885 4245 2111 4315 dignum

536 4337 622 4384 est
651 4327 1044 4397 simpliciterne
1086 4329 1182 4383 hoc
1217 4330 1595 4400 accipiendum
1644 4333 1735 4397 sit,
1771 4349 1838 4387 an
1884 4319 2112 4390 conten-

537 4419 772 4474 dendum
827 4417 901 4471 sit
953 4417 1166 4489 singula
1229 4435 1349 4490 qua:
1401 4422 1469 4476 de
1521 4423 1722 4491 templo
1780 4425 2109 4494 scribuntur,

2225 3211 2318 3265 καὶ
2339 3212 2398 3265 τὸ
2430 3214 2487 3266 έν
2519 3212 2594 3282 τῷ
2622 3214 2974 3283 ὲμφυσήματι
2998 3212 3242 3283 σπέρμα.
3264 3213 3405 3283 Ὅρα
3427 3213 3482 3265 δὲ
3507 3214 3557 3265 εί
3587 3211 3812 3266 δυνατὸν

2222 3303 2314 3357 τὸν
2345 3305 2444 3373 μὲν
2479 3311 2529 3375 μ’
2569 3304 2658 3356 διὰ
2707 3303 2776 3356 τά
2805 3305 3051 3376 τέσσαρα
3090 3303 3182 3356 τοῦ
3230 3305 3437 3374 κόσμου
3468 3307 3712 3375 στοιχεῖα
3755 3304 3814 3356 ὲν

2222 3399 2331 3458 τοῖς
2353 3395 2746 3466 ἠγωνισμένοις
2772 3394 2882 3465 (57)
2905 3397 2984 3458 εἰς
3018 3395 3108 3446 τὸν
3135 3393 3259 3446 ναὸν
3283 3393 3814 3464 ὲγκατατασσόμενα

2221 3486 2538 3558 λαμϐάνεινο
2559 3487 2650 3540 τὸν
2684 3488 2741 3541 δὲ
2772 3494 2824 3553 ς’
2852 3487 2939 3542 διὰ
2965 3487 3025 3539 τὸ
3050 3489 3114 3558 τῇ
3147 3486 3282 3558 ἕκτῃ
3306 3485 3490 3558 ἡμέρα
3527 3485 3814 3554 γεγονέναι
3913 3547 3916 3550 _

2219 3580 2312 3634 τὸν
2345 3579 2653 3654 ἄνθρωπον.

2285 3889 2374 3943 25.
2411 3906 2432 3940 ι
2478 3889 2713 3952 Ἐκεῖνος
2737 3887 2794 3940 δὲ
2823 3887 2973 3956 ἔλεγε
3010 3888 3138 3958 περὶ
3157 3887 3250 3940 τοῦ
3279 3887 3406 3942 ναοῦ
3433 3887 3526 3940 τοῦ
3549 3887 3809 3960 σώματος

2215 3979 2400 4034 αὐτοῦ.
2427 3982 2554 4033 Ὅτε
2593 3975 2686 4034 οὖν
2727 3979 2931 4052 ἠγέρθη
2980 3981 3044 4032 ὲκ
3085 3979 3314 4044 νεκοῶν,
3350 3979 3706 4051 ἐμνήσθησαν
3754 3980 3805 4032 οί

2219 4071 2459 4142 μαθηταὶ
2493 4070 2680 4136 αὑτοῦ,
2718 4071 2801 4124 ὅτι
2824 4069 2982 4124 τοῦτο
3027 4066 3200 4138 ἔλεγε,
3236 4083 3330 4123 και
3368 4071 3702 4125 ἐπίστευσαν
3735 4072 3806 4142 τῇ

2213 4164 2424 4236 Γραφῇ,
2454 4167 2547 4219 καὶ
2569 4163 2648 4236 τῷ
2688 4165 2852 4234 λόγῳ,
2883 4164 2940 4217 ὃν
2965 4159 3117 4218 εἶπεν
3147 4168 3176 4219 ὁ
3219 4164 3424 4236 Ἰησοῦς
3463 4185 3482 4217 ι
3519 4165 3601 4228 εἰς
3639 4164 3703 4218 τὸ
3725 4165 3808 4218 ὅτι

2211 4256 2272 4309 τὸ
2304 4257 2460 4328 σῶμα
2501 4259 2612 4328 (58)
2642 4255 2736 4310 τοῦ
2783 4256 2913 4309 Υίοῦ
2941 4257 3070 4320 ναὸς
3103 4256 3267 4310 αὑτοῦ
3293 4257 3528 4328 εἴρηται.
3559 4256 3808 4328 Ζητῆσαι

2211 4348 2267 4403 δὲ
2293 4349 2440 4415 ἀξιον
2469 4352 2696 4422 πότερον
2718 4349 3083 4419 ἁπλούστερον
3111 4349 3268 4404 τοῦτο
3285 4349 3582 4421 ὲκληπτέον
3601 4349 3741 4420 (59),
3768 4347 3804 4420 ἣ

2212 4440 2439 4496 ἕκαστον
2459 4443 2568 4496 τῶν
2590 4441 3092 4514 ἀναγεγραμμένων
3119 4440 3354 4512 περὶτοῦ
3377 4442 3504 4494 ναοῦ
3522 4441 3809 4511 φιλοτιμη-

539 4507 746 4563 referre
786 4509 854 4562 ad
903 4523 1207 4564 sermonem
1263 4511 1330 4565 de
1381 4527 1612 4582 corpore
1640 4513 1802 4583 Jesu,
1857 4519 2111 4576 videlicet

2225 4535 2334 4589 τέον
2358 4536 2580 4604 ἀνάγειν
2603 4539 2682 4600 είς
2978 4534 3072 4588 τοῦ
3105 4507 3357 4606 σώματος
3399 4507 3574 4606 Ἰησοῦ
3620 4507 3806 4603 λόγον,

535 4601 679 4670 quod
710 4601 827 4670 ipse
852 4616 920 4655 ex
959 4599 1179 4670 Virgine
1224 4605 1476 4674 sumpsit,
1528 4607 1615 4662 vel
1665 4611 1732 4664 ad
1783 4609 2102 4680 Ecclesiam,

2213 4630 2333 4701 ητοι
2361 4625 2422 4684 οὗ
2449 4629 2670 4700 εἴληφεν
2707 4631 2771 4682 ἐκ
2802 4628 2902 4698 τῆς
2941 4628 3239 4699 Παρθένου,
3272 4627 3304 4697 ἢ
3332 4627 3430 4698 τῆς
3470 4625 3805 4696 Ἐκκλησίας

536 4706 658 4762 qua:
682 4691 800 4760 ipsa
826 4691 991 4746 etiam
1025 4706 1223 4762 corpus
1250 4693 1452 4751 Christi
1493 4698 1715 4770 dicitur,
1749 4711 1805 4758 et
1834 4705 1902 4760 ob
1943 4720 2108 4775 quam

2225 4691 2458 4790 uisitator;
2501 4691 2664 4773 αύτοῦ
2710 4691 3009 4788 λεγομένης
3030 4691 3318 4780 ἐἶναι,νὼς
3351 4691 3444 4769 καὶ
3479 4716 3626 4785 ἡμᾶς
3661 4691 3804 4785 μέλη

536 4802 636 4840 uos
656 4785 822 4841 etiam
847 4784 1091 4840 membra
1119 4786 1288 4856 ipsius
1316 4787 1522 4848 Christi
1554 4795 1695 4865 apud
1720 4798 2042 4868 Αροειοιυη,
2062 4806 2108 4837 ιι

538 4877 904 4932 nominamur.
945 4875 1125 4946 Atque
1152 4879 1415 4938 molestiis
1442 4885 1664 4953 quidem
1696 4891 1934 4963 seipsum
1969 4897 2108 4954 libe-

539 4984 666 5024 rans
697 4969 918 5040 aliquis,
949 4977 1004 5024 et
1032 4970 1367 5040 deSperando
1397 4975 1608 5050 singula
1641 4981 1847 5040 referre
1869 5001 1928 5042 se
1949 5003 2108 5058 posse

534 5078 656 5133 qua:
683 5063 752 5120 de
783 5064 985 5132 templo
1025 5064 1278 5123 dicuntur
1307 5068 1376 5126 ad
1410 5087 1630 5145 corpus,
1661 5078 1920 5137 utrolibet
1946 5087 2107 5143 modo

606 5175 969 5276 'linl‘lluﬂgg.
999 5196 1091 5276 uti,
1138 5185 1254 5276 illi:I
1400 5185 1444 5242 ll
1494 5191 1730 5276 Paralip.
1786 5210 1974 5265 xxxvi,
2009 5203 2097 5259 i9.
2175 5204 2224 5236 ”
2266 5204 2332 5258 Ill
2383 5205 2540 5258 Esdr.
2578 5221 2651 5269 vt,
2687 5205 2710 5260 ι
2740 5219 2896 5276 seqq.

533 5251 576 5285 ο·
606 5247 972 5322 Joan.n,21,
999 5251 1090 5308 22.
1168 5255 1254 5311 "l
1284 5257 1409 5314 Cor.
1449 5277 1546 5327 xu,
1589 5247 1680 5320 ετξ

753 5369 899 5449 [derit
927 5373 1100 5449 co_dex
1121 5375 1345 5448 Regius.
1374 5383 1744 5449 πολυτελείας.

754 5441 938 5528 Codex
973 5441 1376 5528 [ξοςίιιεξὲκτδς
1403 5447 1477 5509 ὧν
1505 5441 1802 5528 ἡτοίμασα.

601 5509 718 5645 ἓξὸς
758 5511 940 5570 Codex
977 5509 1200 5588 Regius,
1233 5539 1316 5586 τις
1352 5509 1448 5591 pro
1481 5509 1631 5597 περί.

626 5581 695 5635 οϐ
753 5582 933 5640 Codex
975 5588 1631 5645 Ιὶθιξὶιιε.ὡκοδομηιιὲνω

626 5581 717 5650 56)
753 5582 933 5666 Codex
971 5581 1198 5666 [ζιεέὶυῄ
1220 5581 1641 5666 ᾠκοδομημένον
1673 5593 1811 5648 εἶναι
1843 5593 1936 5649 τὸν
1965 5597 2106 5649 έκεῖ-

537 5655 1078 5726 vulgarem-psallat.

575 5791 583 5798 _
608 5721 720 5789 (57)
743 5793 754 5799 _
773 5721 1241 5799 Ὴὶίυνίισμένοιςο
1275 5734 1367 5789 Sic
1398 5735 1566 5790 codex
1597 5734 1922 5790 Bodleiauus
1943 5775 1959 5799 ,
1997 5736 2108 5790 Re-

535 5793 686 5861 gius,
731 5793 1139 5868 ἀγωνισμένοις.
1190 5793 1476 5864 Ferrarius
1528 5808 1736 5862 videtur
1797 5793 1992 5876 legisse
2041 5806 2096 5859 ὲν

2203 4813 2298 4866 τοῦ
2330 4813 2579 4882 σώματος
2600 4811 2765 4865 αὑτοῦ
2785 4809 2936 4881 παρὰ
2962 4805 3042 4881 τῷ
3085 4810 3391 4878 Ἀποστόλῳ
3411 4805 3800 4880 ὀνομάζεσθαι.

2225 4907 2285 4959 ’0
2322 4907 2421 4977 μὲν
2444 4902 2537 4959 οὖν
2577 4923 2683 4969 τις,
2722 4905 3062 4975 πραγμάτων
3111 4904 3274 4957 αὑτὸν
3310 4901 3667 4957 ἀπαλλάττων
3723 4901 3807 4972 τῷ

2215 4997 2613 5066 ἀπογινώσκειν
2669 4997 2898 5050 ἕκαστον
2935 4995 3191 5050 δύνασθαι
3223 4995 3331 5048 τῶν
3363 4993 3506 5048 κατὰ
3537 4994 3626 5046 τὸν
3671 4994 3804 5047 ναὸν

2213 5089 2505 5161 ἀναφέρειν
2544 5089 2637 5142 ἐπὶ
2685 5088 2748 5142 τὸ
2797 5090 2984 5161 σῶμα,
3011 5089 3288 5162 ὁποτέρως
3330 5087 3396 5142 ἀν
3440 5086 3559 5159 ἔχῃ,
3604 5086 3702 5140 ἐπὶ
3740 5087 3806 5140 τὸ

2999 5206 3044 5238 ⁸⁸
3089 5203 3107 5258 l
3147 5205 3394 5261 liachab.
3431 5219 3469 5270 ι,
3518 5203 3588 5257 22
3634 5218 3800 5274 seqq.

2205 5392 2331 5462 ταῖς
2359 5388 2606 5456 γωνίαις,
2629 5389 2728 5462 vel
2753 5391 3210 5462 γεγωνιωμένοις.

2283 5461 2394 5527 (58)
2435 5462 2540 5524 Εἰς
2583 5459 2646 5511 τὸ
2695 5458 2784 5512 ὅτι
2828 5462 2891 5514 τὸ
2923 5458 3113 5530 σῶμα,
3157 5473 3264 5518 etc.
3298 5462 3389 5517 Sic
3425 5477 3574 5520 recte
3626 5463 3803 5519 habet

2207 5530 2764 5607 coilo:x_li1)illi-iattus;
2793 5531 2935 5607 male
2963 5545 3143 5607 autem
3175 5532 3505 5607 [legitts,_§i;
3537 5536 3596 5588 τὸ
3629 5533 3796 5607 σῶμα

2207 5598 2627 5673 τοῦ-ἷξοῦ-ναος
2655 5599 2820 5673 αὑτοῦ
2844 5601 3079 5672 εἴρηται,
3112 5598 3346 5673 ζητῆσαι
3380 5604 3549 5669 ἀξιον.

2215 5669 2840 5794 ὲκέῗὲζέὲξκληπτέον.
2869 5669 2963 5729 Sic
2983 5675 3152 5730 codex
3167 5669 3526 5746 'Bodleiauus;
3564 5675 3796 5746 Regius,

2245 5756 2520 5794 κΛεκτεον.
