4170 6398
377 419 482 478 581

1470 413 1830 472 COMMENT.
1874 413 1939 468 IN
1973 411 2168 470 JOAN.
2205 409 2445 469 TOMUS
2475 409 2546 468 Χ.

3523 405 3632 464 332

377 531 743 603 ἁπλούστερον
775 529 1196 601 καταφεύξεται,
1247 507 1424 596 λέγων
1463 527 1552 581 διά
1596 527 1753 580 τοῦτο
1797 525 1930 596 σῶμι

2056 541 2116 582 se
2158 527 2380 592 habeat,
2440 526 2509 582 ad
2565 523 2978 594 intelligentiam
3007 522 3392 594 shnpliciorem
3439 528 3632 581 contu-

378 620 653 691 ἑκατέρως
679 618 963 690 νοούμενον
988 619 1079 672 τὸν
1115 618 1243 672 ναὸν
1268 616 1602 688 ὠνομάσθαι,
1625 616 1748 669 ἐπεὶ
1767 615 1954 687 ὥσπερ

375 714 405 765 ὁ
431 711 555 774 ναὸς
587 711 740 776 δόξαν
773 707 886 780 εἶχε
920 709 1053 762 Θεοῦ
1093 709 1541 779 κατασκηνοῦσαν
1575 710 1632 761 ὲν
1660 706 1828 778 αύτῷ,
1861 705 1954 760 οῦ-

377 820 486 866 τως
507 802 689 855 εἰκόνα
713 801 807 856 καὶ
831 801 987 868 δόξαν
1002 799 1135 854 Θεοῦ
1162 800 1472 872 ὑπάρχοντα
1495 801 1584 854 τὸν
1608 799 1953 872 Πρωτότοκον

378 895 562 964 πάσης
606 894 856 957 κτίσεως,
895 893 957 946 τὺ
989 893 1166 964 σῶμα,
1203 893 1237 964 ἢ
1275 893 1373 964 τὴν
1423 892 1745 964 Ἐκκλησίαν
1788 891 1954 960 ἀγαλ-

382 984 789 1055 ματοφοροῦντα
817 985 950 1059 ναὸν
965 984 1198 1054 εὐλόγως
1223 984 1472 1056 εἰρῆσθαι
1501 982 1657 1036 Θεοῦ’
1683 983 1843 1053 ἡμεῖς
1870 981 1949 1045 δὲ,

373 1074 436 1128 τὺ
465 1077 560 1146 μὲν
583 1078 710 1147 περὶ
737 1077 966 1130 ἑκάστου
994 1076 1100 1130 τῶν
1126 1079 1182 1129 ὲν
1208 1079 1274 1148 τῇ
1302 1077 1460 1148 τρίτῃ
1499 1075 1608 1130 τῶν
1656 1074 1950 1128 Βασιλειῶν

376 1169 506 1239 περί¹
542 1167 635 1220 τοῦ
665 1167 791 1221 ναοῦ
823 1171 995 1222 εἰπεῖν
1026 1169 1380 1240 δυσδιήγητον
1411 1167 1665 1239 ὁρῶντες,
1701 1166 1796 1220 καὶ
1824 1165 1950 1219 πολ-

373 1260 452 1331 λῷ
477 1262 575 1331 τῆς
605 1260 800 1327 λέξεως
825 1261 981 1332 ἡμῶν
1014 1260 1215 1331 μεῖζον,
1244 1259 1420 1322 άλλως
1466 1277 1526 1312 τε
1563 1259 1658 1311 καὶ
1702 1258 1764 1311 ού
1807 1257 1947 1312 κατά

371 1353 473 1423 τὴν
507 1351 784 1422 παροῦσαν
814 1351 1052 1427 γραφὴν,
1091 1351 1516 1425 ύπερτιθέμεθα.
1561 1349 1707 1421 Πλὴν
1739 1351 1798 1402 ὲν
1835 1349 1948 1411 τοῖς

370 1441 651 1506 τοιούτοις,
697 1442 929 1513 μάλιστα
949 1442 1037 1496 διά
1062 1443 1121 1496 τὸ
1150 1444 1289 1515 ὑπὲρ
1312 1444 1410 1514 τὴν
1444 1442 1786 1514 ἀνθρωπίνην
1807 1434 1946 1494 εῖναι

371 1533 554 1604 φύσιν,
604 1534 698 1587 καὶ
752 1534 894 1587 κατά
938 1533 1036 1605 τὴν
1082 1534 1178 1587 τοῦ
1232 1534 1366 1587 Θεοῦ
1417 1534 1635 1603 σοφίαν,
1693 1532 1753 1586 τὸ
1808 1532 1946 1588 ἴδιον

369 1627 469 1694 τῆς
515 1624 871 1679 θεοπνεύστου
927 1626 1149 1696 Γραφῆς
1191 1625 1547 1696 ἐμφαίνεσθαι
1611 1624 1942 1695 πειθόμενοι,

371 1717 564 1786 σοφίαν
623 1717 680 1768 ὲν
727 1715 1010 1787 μυστηρίῳ
1049 1716 1145 1787 τὴν
1194 1715 1721 1786 ἀποκεκρυμμένην,
1756 1715 1822 1786 ἢν
1855 1714 1946 1766 ού-

367 1810 478 1873 δε“ις
509 1809 617 1864 τῶν
643 1810 916 1881 ἀρχόντων
945 1810 1037 1864 τοῦ
1070 1810 1264 1874 αἰῶνος
1297 1810 1484 1863 τούτου
1512 1810 1737 1878 ἔγνωκε,
1773 1825 1940 1879 παρι-

2055 621 2188 690 giet,
2217 618 2404 675 dicens
2445 618 2652 674 idcirco
2690 632 2892 688 corpus
2943 628 3176 686 utroque
3207 616 3367 672 modo
3413 617 3628 675 intelle-

2053 720 2222 775 ctum,
2267 707 2525 778 templum
2581 715 2950 777 nuncupatum
3005 706 3193 772 fuisse,
3247 711 3390 775 quod
3439 723 3626 777 quem-

2052 801 2341 856 admodum
2403 799 2665 870 templum
2715 798 2846 854 illud
2884 798 3112 869 gloriam
3154 800 3245 854 Dei
3288 799 3519 855 habebat
3571 803 3623 855 in

2050 891 2229 959 seipso
2254 889 2614 956 habitantem,
2640 890 2712 944 ita
2745 891 2946 961 imago,
2977 899 3032 945 et
3058 890 3225 960 gloria
3245 889 3338 944 Dei
3358 891 3625 945 exsistens

2050 975 2449 1046 Primogenitus
2473 979 2655 1034 omnis
2695 991 2957 1034 creaturae
2984 979 3030 1011 “
3059 990 3456 1049 repraesentans
3499 996 3626 1035 cor-

2049 1085 2148 1139 pus
2176 1084 2333 1124 suum
2367 1069 2446 1124 vel
2473 1068 2794 1135 Ecclesiam,
2829 1071 3082 1140 templum
3108 1072 3200 1126 Dei
3231 1072 3625 1127 rationabiliter

2050 1161 2469 1217 lueritdictum.
2521 1161 2631 1217 Nos
2665 1178 2817 1229 vero,
2850 1163 3094 1218 videntes
3140 1152 3358 1234 quidem
3405 1163 3621 1218 diﬁicile

2048 1267 2170 1308 esse
2216 1253 2282 1308 de
2326 1253 2554 1323 singulis
2601 1254 2768 1309 rebus
2813 1255 2997 1323 templi
3058 1255 3328 1310 disserere
3384 1270 3502 1323 quae
3567 1256 3618 1310 in

2046 1346 2254 1415 Regum
2285 1354 2447 1403 tertio
2477 1348 2524 1380 “
2546 1349 2825 1412 dicuntur,
2870 1348 3134 1418 longeque
3173 1349 3344 1419 majus
3369 1349 3620 1404 oratione

2048 1449 2258 1503 nostra,
2307 1439 2509 1509 alioqui
2556 1440 2720 1494 etiam
2776 1439 2842 1493 ad
2878 1449 3202 1509 prmsentem
3261 1439 3616 1510 scriptionem

2045 1546 2152 1584 non
2184 1531 2482 1600 pertinens,
2518 1529 2838 1587 diﬁ‘erimus.
2883 1530 3156 1586 Caeterum
3205 1533 3257 1586 in
3307 1532 3616 1602 hujusmodi

2046 1622 2206 1677 rebus
2240 1636 2558 1691 persuasum
2584 1624 2850 1678 habentes
2872 1626 2936 1678 ad
2962 1623 3054 1678 Dei
3089 1624 3416 1694 sapientiam
3449 1626 3618 1694 perti»

2044 1726 2174 1767 nere
2242 1714 2603 1782 proprietates
2659 1714 2935 1784 explicare
2995 1713 3263 1770 divinitus
3336 1715 3615 1784 inspirata:

2046 1804 2382 1874 Scriptura,
2451 1820 2573 1874 qua-
2625 1806 2944 1876 sapientiam
3003 1807 3162 1860 docet
3232 1807 3284 1860 in
3358 1808 3615 1878 mysterio

371 1901 615 1970 στάσης,
675 1878 771 1954 καὶ
844 1899 1351 1972 καταλαμϐάνοντες
1429 1899 1708 1970 ὲξαιρέτου
1769 1878 1930 1951 Πνεύ-

2041 1895 2375 1950 reconditam
2401 1937 2417 1964 ,
2461 1906 2621 1966 quam
2656 1897 2836 1952 nullus
2885 1897 3188 1967 principum
3239 1897 3421 1952 saeculi
3455 1898 3615 1967 hujus

368 2009 538 2064 ματος
586 1991 776 2061 σοφίας
823 1993 1048 2055 ἑαυτοὺς
1081 1992 1387 2063 δεομένους,
1423 1991 1560 2062 πρὸς
1597 1989 1744 2043 τὺτά
1788 1989 1940 2059 τηλι-

365 2085 542 2138 καῦτα
568 2084 906 2157 ἱεροπρεπῶς
936 2084 1144 2155 νοῆσαι,
1175 2084 1250 2149 ὼς
1271 2084 1349 2138 ἔνι
1380 2084 1614 2156 μάλιστα
1651 2083 1718 2136 δι’
1743 2082 1939 2150 ὀλίγων

362 2176 464 2247 τὴν
495 2175 770 2248 περίνοιαν
800 2175 907 2228 τῶν
932 2175 1074 2229 κατά
1117 2175 1208 2228 τὸν
1237 2176 1399 2229 τόπον
1423 2174 1716 2247 διαγράψαι
1739 2191 1935 2245 πειρα-

365 2265 592 2336 σόμεθα,
642 2265 800 2337 σῶμα
839 2265 949 2338 (40)
979 2264 1076 2336 τὴν
1120 2265 1461 2336 Ἐκκλησίαν,
1499 2265 1591 2318 καὶ
1619 2260 1766 2318 οἷκον
1798 2261 1933 2316 Θεοῦ

363 2357 430 2411 ὲκ
457 2356 616 2410 λίθων
651 2355 866 2421 ζώντων
888 2354 1352 2426 οἰκοδομούμενον,
1384 2351 1528 2409 οἰκον
1568 2354 1934 2426 πνευματικὸν

363 2451 442 2512 εἰς
484 2449 778 2520 ἱεράτευμα
828 2449 982 2516 άγιον
1021 2447 1378 2518 μανθάνοντες
1425 2447 1534 2500 ἀπὸ
1580 2446 1674 2500 τοῦ
1725 2447 1932 2518 Πέτρου

361 2540 648 2610 τυγχάνον,
681 2539 756 2604 ὡς
787 2541 878 2594 τὸν
915 2537 1298 2609 οἰκοδομοῦντα
1340 2538 1432 2592 τὸν
1463 2538 1588 2592 ναὸν
1627 2537 1739 2591 υἱὸν
1771 2537 1932 2592 Δαυῒδ

360 2633 504 2686 κατά
534 2631 690 2686 τοῦτο
737 2631 974 2702 Χριστοῦ
1017 2627 1154 2686 εἶναι
1194 2630 1380 2694 τύπον,
1425 2630 1562 2700 μετὰ
1605 2631 1732 2693 τοὺς
1774 2629 1931 2683 πολέ-

363 2741 520 2795 μους,
546 2725 765 2796 εἰρήνης
793 2723 1093 2795 βαθυτάτης
1129 2722 1516 2794 γεγενημένης,
1547 2722 1929 2794 οἰκοδομοῦντα

359 2817 441 2880 εἰς
463 2815 618 2882 δόξαν
642 2815 737 2870 τοῦ
777 2816 911 2871 Θεοῦ
948 2816 1039 2870 τὸν
1071 2815 1193 2868 ναὸν
1233 2815 1291 2868 ὲν
1317 2817 1381 2886 τῇ
1412 2814 1634 2886 ἔπιγείῳ
1667 2816 1930 2887 Ἰερουσα-

358 2906 425 2978 λὴ
435 2925 492 2976 μ,
510 2908 596 2960 ἵνα
615 2907 808 2978 μηκέτι
830 2906 979 2978 παρά
1003 2905 1343 2979 μετακινητῷ
1364 2906 1646 2977 πράγματι
1667 2911 1732 2979 τῇ
1755 2911 1924 2982 σκηνῇ

358 2995 584 3068 λατρεία
610 2998 941 3069 ὲπιτελῆται,
962 2997 1188 3052 ἕκαστον
1203 2997 1309 3050 τῶν
1333 2996 1473 3050 κατά
1485 2997 1575 3050 τὸν
1587 2998 1711 3053 ναὸν
1727 3000 1806 3063 εἰς
1830 2999 1928 3071 τὴν

371 3087 695 3160 Ἐκκλησίαν
727 3089 838 3161 (41)
873 3091 1092 3159 ἀνάγειν
1108 3087 1493 3162 πειρασόμεθα.
1513 3090 1664 3160 Τάχα
1689 3089 1796 3163 γάρ
1831 3091 1925 3146 ἐὰν

357 3179 557 3244 πάντες
576 3182 623 3235 οἰ
644 3180 828 3254 ἐχθροὶ
861 3181 1147 3237 ὑποπόδιον
1165 3181 1424 3251 γένωνται
1440 3180 1547 3235 τῶν
1579 3183 1813 3254 Χριστοῦ
1829 3201 1927 3240 πο-
1951 3213 1994 3272 c

354 3269 482 3334 δῶν,
505 3270 598 3324 καί
631 3273 660 3324 ό
691 3272 915 3342 ἔσχατος
945 3271 1135 3344 ἐχθρὸς
1165 3269 1390 3334 θάνατος
1419 3272 1766 3345 καταργηθῇ,
1791 3275 1824 3346 ή
1849 3291 1927 3329 τε-

357 3358 602 3433 λειοτάτη
650 3363 840 3434 εἰρήνη
894 3363 1045 3418 ἔσται
1077 3367 1164 3420 ὅτε
1198 3367 1433 3435 Χριστὸς
1465 3367 1618 3421 ἔσται
1652 3367 1923 3439 Σολομὼν,

353 3451 492 3526 ὅπερ
526 3454 904 3526 ἑρμηνεύεται,
926 3459 1238 3526 εἰρηνικὸς,
1269 3459 1647 3532 πληρουμένης
1675 3460 1773 3530 τῆς
1801 3476 1926 3533 προ-

227 3541 239 3553 ’
353 3546 582 3615 φητείας
605 3547 685 3609 εἰς
719 3546 882 3602 αὐτὸν
911 3547 1206 3622 λεγούσης·
1241 3571 1260 3604 ι
1301 3553 1456 3607 Μετὰ
1483 3553 1591 3606 τῶν
1626 3552 1925 3624 μισούντων

352 3634 452 3705 τὴν
481 3637 701 3708 εἰρήνην
729 3637 875 3710 ἤμην
903 3641 1192 3712 εἰρηνικός.
1226 3663 1244 3695 ι
1265 3645 1376 3698 Καὶ
1408 3643 1525 3698 τότε
1559 3644 1784 3709 ἔκαστος
1815 3645 1923 3700 τῶν

352 3725 569 3792 ζώντων
621 3727 802 3798 λίθων,
843 3735 982 3788 κατά
1019 3735 1116 3807 τὴν
1160 3736 1316 3801 ἀξίαν
1357 3734 1454 3790 τοῦ
1506 3737 1736 3791 ἐνταῦθα
1781 3736 1920 3808 βίου,

349 3819 504 3875 ἔσται
533 3821 629 3876 τοῦ
661 3823 791 3878 ναοῦ
821 3824 995 3890 λίθοςο
1026 3829 1054 3882 ὁ
1081 3829 1181 3899 μέν
1211 3847 1296 3893 τις
1324 3830 1384 3884 ὲν
1409 3830 1485 3902 τῷ
1519 3831 1752 3902 θεμελίῳ
1784 3831 1920 3885 ἀπό-

351 3912 559 3976 στολος,
600 3913 632 3984 ἢ
675 3918 958 3990 προφήτης
1005 3917 1288 3988 βαστάζων
1337 3922 1463 3985 τοὺς
1509 3922 1915 3992 ἐπικειμένους·

300 4021 304 4026 ι
350 4001 381 4054 ὁ
409 4001 467 4054 δέ
494 4019 578 4066 τις
617 4005 754 4074 μετά
775 4007 901 4070 τοὺς
939 4008 997 4060 έν
1019 4007 1094 4079 τῷ
1115 4006 1347 4081 θεμελίῳ
1381 4011 1485 4066 ὑπὸ
1517 4010 1615 4082 μὲν
1651 4011 1758 4065 τῶν
1783 4012 1919 4065 ἀπο-

351 4095 555 4150 στόλων
587 4097 1002 4171 βασταζόμενος,
1037 4103 1130 4156 καὶ
1158 4103 1320 4168 αὐτὸς
1350 4104 1446 4158 σὺν
1472 4107 1582 4169 τοῖς
1605 4104 1920 4169 ἀποστόλοις

347 4187 748 4258 συμϐαστάζων
793 4191 918 4252 τοὺς
967 4192 1416 4266 ὑποδεεστέρους·
1471 4196 1566 4249 καὶ
1619 4196 1648 4248 ὁ
1691 4195 1788 4266 μέν
1835 4212 1920 4258 τις

343 4275 497 4330 ἔσται
532 4277 676 4342 λίθος
714 4278 822 4332 τῶν
863 4277 1180 4348 ἔνδπάτων,
1219 4283 1346 4340 ἔνθα
1384 4287 1417 4358 ή
1447 4285 1694 4350 κιϐωτὸς,
1723 4286 1817 4340 καὶ
1849 4285 1917 4339 τά

342 4369 632 4441 χερουὸἰμ,
673 4371 850 4426 καὶτὸ
883 4372 1213 4446 ἱλαστήριον·
1249 4375 1432 4446 ἔτερος
1467 4375 1524 4429 δὲ
1564 4375 1656 4430 τοῦ
1701 4376 1919 4448 περιϐό-

339 4459 460 4525 λου,
498 4463 593 4515 καί
623 4463 779 4528 ἄλλος
819 4464 898 4518 ἔτι
947 4465 1052 4530 ἔξω
1081 4467 1174 4520 τοῦ
1208 4467 1492 4538 περιϐόλου
1529 4468 1636 4522 τῶν
1677 4469 1916 4523 Λευιτῶν

2038 1986 2289 2054 cognovit
2331 1985 2416 2052 9';
2471 2001 2596 2040 cum
2645 1986 2696 2041 id
2751 1989 3054 2058 praesertim
3108 1996 3319 2042 natura:
3363 1989 3612 2044 humanae

2037 2087 2252 2150 captum
2330 2088 2588 2148 superet;
2664 2078 3130 2148 deprehendentes
3220 2079 3441 2150 insuper
3511 2096 3613 2137 nos

2035 2171 2184 2241 ipsos
2230 2170 2410 2226 eximii
2449 2169 2683 2240 Spiritus
2731 2171 2996 2241 sapientia
3051 2186 3234 2243 egcre,
3283 2173 3350 2227 ad
3403 2173 3608 2227 intelli-

2033 2261 2266 2332 gendum
2328 2260 2499 2324 talia,
2588 2268 2646 2314 ut
2725 2261 3068 2314 sacerdotem
3160 2262 3354 2325 decet;
3446 2276 3610 2331 quam

2031 2352 2371 2422 paucissimis
2391 2352 2706 2422 poterimus,
2731 2351 3044 2408 describere
3075 2352 3235 2420 huius
3269 2353 3372 2407 loci
3408 2353 3610 2408 intelli-

2031 2445 2269 2516 gentiam
2338 2444 2712 2510 tentabimus,
2773 2443 2952 2498 edocti
3022 2459 3052 2498 a
3107 2443 3268 2500 Petro
3320 2435 3367 2476 ⁶’⁶
3419 2444 3610 2502 Eccle-

2031 2539 2164 2594 siam
2228 2551 2426 2606 corpus
2478 2551 2598 2592 esse
2647 2545 2701 2592 et
2764 2539 2983 2593 domum
3052 2538 3150 2594 Dei
3199 2555 3265 2594 ex
3339 2539 3610 2611 lapidibus

2029 2628 2332 2684 viventibus
2369 2626 2713 2692 aediﬁcatam,
2767 2630 2983 2685 domum
3043 2631 3379 2701 spiritualem
3444 2632 3607 2706 203

2029 2720 2084 2775 in
2139 2719 2498 2776 sacerdotium
2553 2731 2834 2788 sanctum,
2884 2721 2958 2777 ita
2993 2730 3050 2776 ut
3090 2721 3310 2778 Davidis
3339 2723 3480 2778 lilius
3534 2725 3608 2779 sit

2029 2809 2168 2865 hanc
2194 2811 2264 2866 ob
2285 2824 2503 2864 causam
2535 2808 2736 2866 Christi
2763 2810 2957 2882 ﬁgura,
2986 2811 3260 2867 adiﬁcans
3307 2814 3561 2882 templum
3585 2832 3604 2884 ;

2026 2903 2118 2972 qui
2177 2911 2299 2972 post
2341 2901 2514 2966 bella,
2569 2917 2701 2970 pace
2760 2903 3023 2960 altissima
3059 2902 3233 2970 facta,
3273 2905 3502 2960 aediﬁcat
3533 2907 3603 2960 ad

2026 2993 2254 3064 gloriam
2283 2994 2374 3048 Dei
2405 2993 2658 3062 templum
2684 2995 2736 3050 in
2761 2996 3007 3051 terrestri
3031 2994 3331 3053 Jerusalem
3349 2999 3416 3064 ⁸⁷,
3446 3012 3514 3053 ne
3547 2999 3600 3054 in

2026 3095 2299 3154 posterum
2347 3084 2522 3140 cultus
2556 3085 2650 3140 Dei
2682 3086 2995 3155 perﬁciatur
3022 3088 3074 3142 in
3105 3090 3342 3144 tentorio
3372 3089 3604 3145 subinde

2027 3178 2294 3242 mutabili,
2327 3177 2567 3249 singulas
2615 3193 2701 3234 res
2745 3180 2928 3250 templi
2959 3181 3026 3234 ad
3068 3181 3364 3237 Ecclesiam
3395 3155 3644 3251 referre!

2031 3269 2372 3325 tentabimus.
2416 3267 2685 3326 Fortassis
2719 3271 2863 3325 enim
2903 3272 2950 3326 si
2983 3272 3186 3327 inimici
3245 3288 3437 3330 omnes
3469 3273 3601 3329 sub-

2025 3360 2235 3416 sellium
2281 3359 2413 3415 ﬁant
2447 3361 2644 3431 pedum
2684 3361 2910 3429 Christi,
2962 3372 3020 3417 et
3068 3363 3289 3420 ultimus
3328 3367 3598 3433 inimicus,

2025 3467 2217 3522 nempe
2257 3467 2425 3517 mors,
2457 3453 2733 3509 aboleatur
2761 3455 2839 3520 ";
2883 3454 3282 3525 perfectissima
3325 3472 3430 3526 pax
3468 3457 3596 3527 erit,

2022 3545 2237 3613 quando
2267 3542 2515 3598 Christus
2549 3544 2656 3600 erit
2699 3543 2977 3609 Salomon,
3003 3559 3164 3616 quem
3191 3547 3235 3601 si
3271 3547 3596 3617 interprete-

2023 3634 2120 3697 ris,
2139 3641 2224 3689 est
2253 3635 2507 3703 paciﬁcus
2529 3635 2609 3701 ‘9;
2642 3635 2861 3704 impleta
2883 3635 2936 3689 in
2958 3635 3131 3706 ipsum
3165 3639 3445 3708 prophetia
3475 3654 3600 3709 quas

2023 3725 2153 3780 dicit
2173 3725 2252 3780 τοι
2291 3744 2312 3778 ι
2347 3726 2480 3782 Cum
2510 3726 2596 3782 his
2625 3725 2716 3798 qui
2749 3727 2878 3782 odio
2905 3728 3172 3785 habebant
3201 3745 3413 3801 pacem,
3443 3747 3594 3787 eram

2019 3817 2300 3887 paciﬁcus.
2347 3837 2368 3872 ι
2409 3819 2488 3874 Ac
2519 3829 2647 3874 tunc
2687 3821 3056 3890 unusquisque
3101 3823 3289 3878 vivens
3324 3823 3464 3894 lapis
3497 3840 3598 3894 pro

2019 3907 2283 3978 dignitate
2329 3910 2612 3979 praesentis
2650 3911 2776 3966 vita:
2829 3912 2937 3967 erit
2987 3912 3170 3984 templi
3223 3914 3361 3984 lapis
3407 3915 3596 3971 :alter

2017 3999 2236 4068 quidem
2277 3998 2333 4054 in
2375 3999 2723 4058 fundamento
2754 4005 3029 4074 apostolus
3059 4005 3142 4061 vel
3180 4007 3438 4077 pr0pbeta
3466 4025 3595 4079 por-

2019 4101 2142 4147 tans
2184 4094 2670 4165 superimpositos;
2701 4097 2839 4152 alter
2872 4112 3002 4152 vero
3041 4108 3162 4168 post
3205 4114 3300 4155 eos
3331 4101 3425 4170 qui
3465 4111 3594 4158 sunt

2018 4185 2070 4239 in
2114 4185 2482 4253 fundamento,
2510 4198 2754 4258 portatus
2787 4189 3003 4259 quidem
3031 4201 3084 4244 et
3117 4191 3231 4259 ipse
3259 4192 3326 4246 ab
3371 4204 3590 4262 aposto-

2016 4274 2102 4341 lis,
2122 4275 2257 4332 alios
2274 4277 2368 4333 sed
2396 4279 2511 4348 ipse
2529 4279 2693 4334 etiam
2717 4290 2938 4350 portans
2959 4279 3287 4337 inﬁrmiores
3312 4297 3434 4337 cum
3456 4300 3590 4354 apo-

2014 4369 2168 4444 stolis
2196 4384 2212 4434 ;
2245 4377 2409 4438 atque
2441 4370 2604 4424 etiam
2643 4369 2779 4426 alter
2810 4372 3026 4442 quidem
3059 4373 3193 4442 lapis
3219 4375 3324 4429 erit
3368 4377 3592 4444 penitis-

2014 4441 2205 4525 simus,
2232 4461 2323 4515 ubi
2355 4476 2482 4516 arca
2505 4472 2560 4517 et
2583 4462 2864 4517 cherubim
2903 4473 3008 4526 est,
3039 4477 3095 4518 et
3117 4433 3547 4533 pr0pitiatorium
3569 4433 3620 4560 ἡ

342 4550 437 4604 καὶ
466 4553 676 4624 ἱερέων,
706 4554 853 4619 λίθος
883 4555 978 4609 τοῦ
1025 4555 1405 4630 θυσιαστηρίου
1449 4558 1554 4613 τῶν
1597 4559 1912 4631 ὁλοκαρπω-

2028 4548 2150 4604 tlter
2183 4564 2310 4604 vero
2343 4551 2485 4622 lapis
2533 4552 2804 4618 vestibuli,
2827 4563 2882 4608 et
2929 4553 3069 4609 alius
3108 4555 3282 4610 adhuc
3312 4565 3465 4610 extra
3491 4571 3587 4610 ve-

343 4636 552 4705 μάτων.
582 4639 692 4712 Τὴν
734 4641 790 4695 δὲ
828 4644 954 4715 περί
982 4643 1183 4699 τούτων
1210 4647 1518 4717 οἰκονομίαν
1553 4649 1644 4702 καὶ
1675 4648 1917 4722 λειτουρ-

338 4725 466 4792 γίαν
496 4729 993 4802 ἐγχειρισθήσονται
1017 4733 1168 4802 ἀγιαι
1197 4734 1471 4808 δυνάμεις,
1505 4736 1723 4806 άγγελοι
1755 4737 1910 4804 Θεοῦ,

337 4820 397 4872 αἱ
427 4819 524 4889 μέν
556 4838 699 4884 τινες
727 4818 882 4876 οὖσαι
920 4825 1253 4899 κυριότητες,
1290 4827 1544 4900 ἢθρόνοι,
1580 4830 1613 4900 ἢ
1645 4831 1830 4902 ἀρχαὶ,
1874 4831 1908 4902 ἢ

333 4910 591 4976 ἔξουσίαι·
610 4913 730 4966 αίδὲ
746 4915 953 4979 τούτοις
970 4916 1420 4990 ὑποτεταγμέναι,
1438 4913 1512 4974 ὧν
1527 4921 1686 4975 τύποι
1701 4923 1749 4974 οί
1767 4939 1911 4993 τρισ-

334 5000 492 5071 χίλιοι
511 5003 603 5056 καὶ
627 5002 892 5067 ἑξακόσιοι
917 5006 1174 5078 ἄρχοντες
1191 5008 1496 5076 ἐπιστάται,
1521 5009 1906 5081 καθεσταμένοι

329 5093 426 5143 ἐπὶ
439 5093 547 5147 τῶν
563 5093 740 5166 ἔργων
757 5096 866 5150 τῶν
893 5097 1160 5169 Σολομὼν,
1183 5100 1276 5153 καὶ
1295 5099 1658 5172 ἑϐδομήκοντα
1675 5101 1906 5173 χιλιάδες

329 5204 442 5244 των
467 5186 728 5256 αἰρόντων
750 5189 928 5259 ἀρσιν,
967 5191 1059 5245 καὶ
1086 5192 1142 5245 αἰ
1167 5191 1275 5246 τῶν
1311 5193 1558 5264 λατόμων
1580 5193 1906 5266 ὀγδοήκοντα

330 5273 568 5345 χιλιάδες
600 5278 659 5329 ὲν
690 5278 767 5349 τῷ
794 5279 931 5351 ὄρει,
954 5283 1003 5334 οί
1033 5282 1308 5348 ποιοῦντες
1336 5283 1406 5338 τά
1445 5283 1602 5356 ἔργα,
1633 5285 1729 5338 καὶ
1759 5285 1900 5340 ἐτοι-

329 5365 599 5432 μάζοντες
621 5369 730 5442 (42)
758 5374 885 5436 τοὺς
918 5372 1098 5440 λίθους
1134 5375 1231 5430 καὶ
1269 5375 1338 5430 τά
1377 5376 1528 5442 ξύλα.
1571 5378 1900 5450 Παρατηρη-

439 5505 492 5577 ⁶ξ
508 5505 713 5562 Coloss.
747 5524 786 5570 ι,
822 5509 903 5563 l5.
1017 5512 1065 5542 “
1104 5509 1168 5564 Ill
1200 5511 1332 5574 Reg.
1360 5527 1432 5577 νι,
1465 5529 1561 5575 vlt,
1611 5529 1729 5568 vm.

1841 5513 1887 5546 "
1929 5511 1948 5565 l
1985 5511 2108 5568 Cor.
2137 5528 2196 5577 tt,
2227 5513 2282 5579 7,
2322 5512 2378 5569 8.

2012 4639 2265 4694 stibulum
2295 4639 2609 4697 chitarum
2639 4652 2694 4698 et
2715 4644 3080 4710 sacerdotum,
3122 4645 3260 4716 lapis
3288 4646 3494 4712 altaris,
3529 4647 3584 4701 in

2013 4745 2120 4800 quo
2162 4730 2466 4789 oll'eruntur
2513 4734 2788 4791 fructuum
2838 4735 3162 4792 oblationes.
3191 4737 3362 4793 Porro
3387 4739 3584 4794 harum

2011 4836 2192 4876 rerum
2232 4825 2529 4879 oeconomia
2578 4835 2630 4880 et
2676 4827 3039 4882 ministerium
3072 4830 3427 4884 concredetur
3451 4843 3582 4884 san-

2010 4914 2114 4969 ctis
2141 4915 2428 4971 virtutibus
2449 4956 2466 4982 ,
2496 4933 2693 4988 nempe
2741 4921 2947 4992 angelis
2989 4921 3104 4986 Dei,
3134 4936 3362 4991 quarum
3391 4921 3583 4991 aliqua:

2007 5006 2224 5076 quidem
2263 5019 2388 5063 sunt
2423 5009 2820 5067 dominationes
2841 5053 2858 5078 ,
2887 5013 2971 5068 vel
3011 5014 3213 5082 throni,
3243 5013 3327 5068 vel
3375 5013 3580 5085 princi-

2005 5105 2184 5165 patus,
2235 5095 2321 5150 vel
2354 5108 2683 5168 potestates;
2727 5101 2922 5172 aliqua:
2976 5120 3106 5160 vero
3144 5105 3229 5160 his
3275 5105 3576 5175 subjectae;

2005 5202 2231 5258 quarum
2261 5188 2486 5259 ﬁguram
2524 5202 2719 5263 gerunt
2747 5197 2986 5252 sexcenti
3023 5197 3099 5252 illi
3134 5211 3293 5268 supra
3319 5197 3420 5252 tria
3460 5197 3580 5251 mil-

2007 5279 2077 5334 lia
2124 5280 2403 5350 przefecti,
2457 5283 2695 5353 [traiecti
2761 5289 3032 5358 principes
3087 5290 3366 5346 constituti
3414 5303 3580 5358 super

2005 5389 2167 5446 Opera
2196 5373 2547 5443 Salomonis;
2594 5387 2648 5433 et
2689 5382 3027 5452 septuaginta
3057 5381 3318 5437 cbiliades
3357 5389 3575 5450 gestan-

2485 5514 2530 5546 ⁸⁸
2556 5511 2578 5566 1
2605 5511 2752 5570 Petr.
2784 5530 2845 5582 II,
2877 5515 2935 5571 5.
3044 5514 3090 5548 "
3115 5514 3182 5571 Ill
3203 5517 3336 5588 Reg.
3363 5533 3419 5589 ν,
3451 5521 3575 5578 3-5.

338 5569 424 5629 “l
457 5576 582 5631 Cor.
611 5592 701 5645 xv,
733 5578 826 5644 25,
857 5580 951 5635 26.
1024 5581 1069 5617 ⁸⁸
1096 5583 1113 5635 l
1140 5569 1373 5651 Paralip.
1405 5569 1653 5649 x'xu,'9.'
1697 5584 1744 5616 ⁷⁸
1774 5584 1916 5639 l’sal.
1942 5597 2089 5649 cxtx,
2120 5569 2207 5638 75'.

401 5693 518 5775 (ιο)
556 5697 1137 5775 £6;y.__0esideratur
1172 5701 1226 5756 in
1259 5703 1447 5759 codice
1473 5702 1664 5775 Regio,
1691 5705 1785 5760 sed
1818 5719 1898 5760 rc-

327 5766 568 5821 stilttilur
597 5782 627 5818 e
662 5767 875 5820 Bmlleia
887 5784 976 5826 tto.

396 5834 508 5905 HI)
548 5838 650 5903 Et;
678 5837 792 5906 τὴν
831 5839 1211 5909 Ἐκκλησίαν.
1235 5842 1316 5902 Ita
1337 5843 1506 5902 codex
1534 5844 1891 5912 Bodleianus;

2001 5705 2350 5779 Regius,_xal
2383 5705 2864 5779 τὴν-Ἐκκλησίαν.

2069 5776 2190 5848 (Η.)
2231 5775 2821 5848 Ἑτοιμάζοντες.’5ῑο
2855 5775 3024 5834 codex
3061 5777 3414 5848 Bodleianus;
3464 5782 3574 5840 Be-

1997 5846 2137 5914 gius,
2177 5847 2583 5916 ἑτοιμάσαντες.
