4170 6400
553 278 655 333 381

546 490 785 545 Aliusive
817 502 998 548 autem
1032 496 1253 561 quidam
1293 496 1437 552 hunc
1467 483 1648 553 locum
1693 500 1948 554 dixerunt
1996 511 2138 557 tem-

547 581 692 646 plum
719 585 864 652 quod
904 586 1278 644 honorabilius
1302 591 1502 660 templo
1534 591 1842 647 exsisteret.
1869 591 2136 648 Caeterum

2019 289 2343 352 ORIGENIS

550 408 698 458 runt,
731 396 826 468 qui
872 411 962 456 res
1000 399 1299 460 Hebraicss
1345 403 1402 459 in
1433 402 1681 486 Grarcum
1714 407 2100 465 transtulerunt

2199 461 2204 474 _
2233 413 2386 480 ναοῦ,
2419 417 2745 491 τιμιιῖιτερον
2793 422 3128 494 τυγχάνοντα
3177 429 3312 499 (55).
3348 435 3534 492 Πάντα

3722 331 3824 391 388

2246 439 2386 480 mou,
2419 439 2745 491 τιμιωτερον
2793 439 3128 494 τυγχανοντα
3177 439 3312 499 (55).
3348 439 3534 492 Πάντα
3581 439 3830 516 μέντοιγε

2246 505 2444 576 χρυσὸς
2485 509 2552 562 τά
2607 513 2746 567 κατά
2785 514 2878 568 τὸν
2919 511 3068 572 οἷκον
3111 523 3418 595 γεγένηται,
3450 529 3532 592 εἰς
3563 532 3828 603 σύμϐολον

2244 596 2339 650 τοῦ
2379 599 2755 673 τελειουμένου
2797 606 3014 676 πάντως
3050 613 3142 667 νοῦ
3177 616 3315 688 πρὸς
3349 620 3452 692 τὴν
3483 622 3592 677 τῶν
3622 629 3830 697 νοητῶν

545 683 665 738 qua:
689 674 744 726 iu
769 673 928 730 domo
945 677 1151 743 sunt”,
1179 677 1315 733 fiunt
1340 687 1450 735 tota
1474 696 1658 748 aurea,
1684 681 1737 736 in
1760 683 1970 752 signum
1993 699 2100 754 quo

2244 690 2448 762 ἀκριϐῆ
2477 693 2738 763 ἀπόταξιν
2777 699 2887 771 (54)
2907 717 2923 734 ο
2958 673 3080 758 sitsi.
3122 706 3180 760 δὲ
3213 673 3829 776 ἐπαντάέτάέιῖοοῖέσῗτξ

548 781 704 822 mens
730 770 954 824 omnino
984 771 1228 841 perfecta
1257 782 1570 829 accuratam
1607 775 1997 841 discretionem
2031 779 2134 832 ha-

2244 781 2380 852 βατά
2403 786 2498 840 καὶ
2531 788 2765 856 γνωστὰ,
2794 793 3152 866 οἰκοδομεῖται
3185 805 3582 878 καταπέτασμα
3602 809 3702 882 τῆς
3734 811 3831 865 αὑ-

545 858 898 916 heat-rerum
955 877 1079 934 qua:
1134 873 1315 921 mente
1375 865 1786 937 percipiuntur;
1832 883 1954 938 qua
2010 884 2100 937 qui

2241 873 2357 945 λῆς,
2392 879 2505 941 τοῖς
2547 879 2761 946 πολλοῖς
2787 883 2895 939 τῶν
2927 858 3118 959 ἱερέων
3148 893 3242 947 καὶ
3283 858 3529 953 Λευιτῶν
3555 858 3830 957 οῠκῃάπο-

544 952 688 1006 uiam
717 955 941 1009 omnino
984 957 1169 1026 pervia
1201 966 1259 1013 et
1299 957 1694 1028 cognoseibilia
1722 973 1829 1014 nou
1872 969 2019 1027 sunt,
2054 959 2137 1015 fa—

2244 965 2667 1042 καλυπτομένων
2687 974 2796 1028 τῶν
2828 977 3115 1035 ἐνδοτάτω.

542 1043 785 1100 bricatur
835 1046 1076 1102 velamen
1129 1047 1297 1116 aulae,
1347 1049 1699 1120 penitissimis
1749 1067 1854 1107 non
1910 1054 2129 1110 retectis
2159 1054 2468 1114 Levitarum
2497 1071 2552 1116 et
2583 1066 2930 1122 sacerdotum
2963 1075 3359 1143 compluribus.

534 1172 540 1191 μ
607 1139 772 1212 206
811 1142 901 1198 25.
946 1145 1191 1212 Quaesitu
1222 1159 1402 1204 autem
1452 1149 1674 1221 dignum
1722 1160 1808 1207 est
1860 1155 2130 1222 quomodo

541 1238 796 1302 tanquam
842 1250 939 1291 rex
982 1238 1200 1295 dicatur
1233 1239 1489 1296 Salomon
1521 1243 1793 1300 aediﬁcare
1836 1246 2122 1316 templum,

535 1331 592 1380 et
621 1324 844 1380 Chiram
891 1335 1152 1398 tanquam
1197 1332 1530 1387 architectus
1557 1333 1604 1365 ⁸⁸
1639 1349 1652 1385 :
1696 1349 1856 1406 quem
1887 1337 2124 1392 accitum

535 1416 740 1485 recepit
763 1414 1020 1475 Salomon
1053 1421 1226 1476 lilium
1267 1422 1514 1495 conjugis
1556 1426 1732 1482 viduas
1763 1442 1829 1482 ex
1860 1427 2004 1500 Tyro
2026 1469 2041 1494 ,
2070 1439 2126 1484 et

535 1516 690 1574 patre
730 1505 915 1579 Tyrio,
955 1519 1009 1564 et
1037 1523 1069 1565 e
1099 1511 1244 1567 tribu
1285 1512 1668 1584 Nephthalim;
1693 1517 1848 1574 faber
1873 1521 2120 1587 aerarius,

533 1604 589 1650 et
617 1595 804 1667 plenus
839 1598 1103 1670 sapientia
1140 1613 1195 1657 et
1219 1605 1496 1675 agnitione
1520 1610 1588 1661 ad
1623 1607 1926 1665 faciendum
1957 1627 2122 1668 omne

531 1697 668 1754 opus
704 1701 771 1742 ex
805 1702 943 1756 aere;
973 1691 1066 1760 qui
1115 1705 1242 1747 cum
1273 1695 1541 1751 adductus
1573 1694 1767 1753 fuisset
1817 1697 1884 1754 ad
1938 1715 2118 1771 regem

531 1773 896 1844 Salomonem,
940 1780 1072 1837 fecit
1119 1786 1303 1840 omnia
1337 1800 1523 1856 opera.
1570 1787 1809 1845 Proinde
1851 1789 2100 1862 inSpicitc

2215 1773 2356 1874 πρὸς
2371 1773 2469 1857 ’τὸν
2507 1804 2729 1875 βασιλέα
2762 1773 3035 1882 Σολομῶν,

527 1883 598 1924 an
627 1868 767 1924 forte
789 1871 1044 1930 Salomon
1069 1879 1239 1948 accipi
1265 1880 1436 1948 possit
1463 1879 1516 1935 in
1543 1879 1971 1950 Primogenitum
1993 1901 2113 1940 om-

529 1963 615 2020 nis
642 1976 907 2024 creaturae
931 1969 1000 2038 ⁸⁸,
1019 1971 1241 2026 Chiram
1271 1988 1403 2029 vero
1435 1973 1488 2029 in
1526 1975 1801 2032 hominem
1831 1993 1990 2048 quem
2023 1980 2113 2036 hic

525 2054 926 2130 Primogenitus
954 2064 1249 2134 assumpsit
1281 2066 1348 2122 ab
1379 2065 1662 2124 hominum
1691 2073 2109 2141 congregatione

523 2151 706 2219 (sonat
724 2153 867 2207 enim
899 2153 1072 2226 Tyrii,
1097 2156 1142 2212 si
1173 2171 1269 2212 eos
1287 2157 1734 2230 interpretemur,
1757 2165 2104 2227 continentes)

523 2239 795 2297 hominem
845 2255 1038 2300 natura
1081 2261 1254 2317 genus
1297 2252 1691 2320 continentem,
1721 2255 1813 2322 qui
1851 2255 2107 2327 impletus

521 2332 670 2386 omni
715 2342 853 2398 arte,
892 2344 948 2390 et
981 2337 1231 2404 scienlia,
1263 2349 1319 2395 et
1355 2343 1653 2413 agnitione,
1691 2347 1954 2405 adductus
2000 2360 2104 2418 est,

519 2437 823 2495 cooperans
853 2425 1221 2501 Primogenito
1257 2435 1439 2490 omnis
1465 2445 1752 2505 creaturis,
1786 2448 1846 2494 ut
1873 2441 2106 2496 aedificet

522 2515 786 2587 templum
820 2517 874 2572 in
906 2534 1016 2588 quo
1051 2533 1340 2580 struuntur
1380 2527 1544 2582 etiam
1566 2527 1835 2596 gfenestrae
1878 2532 2105 2589 occulta

522 2608 742 2680 oblique
764 2625 830 2665 ex
859 2611 969 2667 alto
1001 2613 1439 2686 iuthpicientes
1465 2620 1532 2685 ⁸⁸,
1557 2629 1616 2674 ιιι
1633 2621 1949 2692 splendores
1968 2624 2103 2680 lueis

516 2698 615 2754 Dei
644 2702 763 2771 capi
799 2704 1029 2771 possint,
1057 2717 1111 2762 et
1139 2715 1200 2762 ut
1233 2709 1476 2766 Ecclesia
1514 2712 1667 2782 (quid
1709 2716 1852 2769 enim
1886 2726 2101 2787 oportet

469 2820 483 2874 ς
517 2806 603 2847 me
634 2793 840 2863 singula
871 2810 1157 2855 recensere
1177 2799 1244 2869 ?),
1273 2802 1538 2857 rationem
1573 2802 1778 2859 habens
1803 2805 2099 2876 spiritualis

471 2889 479 2902 '
515 2882 710 2939 domus
731 2894 787 2940 et
812 2887 993 2956 templi
1029 2887 1144 2957 Dei,
1187 2891 1495 2947 inveniatur
1529 2908 1728 2965 corpus
1767 2897 1988 2954 Christi.
2026 2897 2098 2955 Ut

512 2974 657 3028 enim
688 2977 934 3046 pradixi,
961 2981 1230 3050 sapientia
1253 2997 1479 3054 egemus
1506 3000 1568 3040 ea
1601 3000 1720 3056 quae
1746 2988 1797 3043 in
1835 2991 2096 3059 mysterio

512 3076 600 3121 est
629 3067 906 3123 recondita
932 3068 1002 3135 ⁸⁷,
1022 3081 1076 3125 et
1101 3085 1223 3141 quas
1246 3073 1344 3128 soli
1375 3073 1450 3129 illi
1481 3086 1562 3131 est
1598 3079 1971 3149 perceptihilis
1998 3082 2091 3152 qui

510 3159 696 3215 dicere
724 3172 946 3231 potest:
982 3181 1003 3216 ι
1045 3163 1153 3222 Nos
1184 3177 1364 3222 autem
1402 3178 1636 3224 mentem
1681 3171 1883 3227 Christi
1929 3175 2094 3230 habe-
2119 3159 2162 3218 (ἶ

509 3267 632 3308 nius
656 3251 723 3321 ³⁸,
761 3271 781 3306 i
807 3264 866 3308 ut
897 3255 1105 3326 singula
1134 3271 1253 3327 qua:
1281 3260 1428 3316 dicta
1460 3272 1586 3318 sunt
1620 3265 1976 3332 spiritualiter
2007 3266 2094 3320 in-

507 3349 869 3414 terpretemur
889 3344 1044 3416 juxta
1076 3349 1221 3404 illius
1257 3349 1588 3409 voluntatem
1612 3354 1704 3423 qui
1733 3355 2001 3425 disposuit
2034 3365 2092 3411 ut

506 3433 624 3490 haec
646 3435 1040 3494 scriberentur.
1072 3441 1291 3512 Alioqui
1321 3444 1484 3499 etiam
1530 3445 1740 3515 singula
1778 3447 1896 3502 haec
1920 3461 2090 3518 expo-

504 3541 635 3584 nere
654 3544 761 3584 non
790 3539 873 3586 est
913 3533 1197 3602 praesentis
1242 3535 1507 3592 lectionis.
1543 3537 1907 3605 Quamobrem
1941 3539 2088 3593 sum-

504 3619 653 3675 ciaut
689 3622 805 3678 hinc
830 3623 898 3677 ad
946 3624 1234 3680 videndum
1268 3629 1542 3697 quomodo
1580 3647 1600 3683 ι
1641 3630 1731 3686 ille
1772 3632 1988 3688 dicebat
2020 3635 2086 3691 de

502 3711 702 3780 templo
728 3715 974 3784 corporis
1005 3717 1087 3770 sui
1113 3715 1182 3773 ⁸³.
1224 3736 1245 3769 ι

569 3897 658 3950 26.
688 3897 954 3952 Caeterum
987 3899 1208 3971 dignum
1235 3912 1320 3959 est
1353 3913 1411 3959 ut
1440 3917 1561 3976 post
1582 3908 1697 3965 hare
1727 3909 2079 3980 inspiciamus

498 3998 566 4038 an
607 3983 769 4040 facile
813 3985 960 4041 factu
1003 3990 1095 4056 sit,
1147 4001 1202 4045 ut
1243 3993 1358 4049 haec
1385 4012 1503 4065 qua:
1530 3999 1756 4054 historia
1792 4001 1960 4057 refert
1993 4003 2076 4058 fa-

497 4085 582 4128 cta
609 4074 774 4130 fuisse
813 4076 1118 4156 iu_lemplo,
1159 4084 1437 4139 evenerint
1466 4087 1760 4158 aliquando
1785 4106 1878 4146 seu
1915 4107 2080 4148 even-

499 4175 618 4220 tura
665 4167 776 4222 sint
830 4151 981 4224 circa
1031 4171 1250 4226 domum
1303 4176 1660 4242 spiriiualem.
1687 4177 1915 4235 Videtur
1945 4199 2075 4239 vero

494 4272 599 4313 nos
645 4260 896 4329 utrinque
934 4277 1128 4331 urgere
1165 4265 1336 4327 ratio;
1370 4282 1492 4320 nam
1534 4268 1650 4324 sive
1683 4271 1927 4328 dicamus
1959 4276 2072 4331 fieri

495 4364 658 4418 posse
683 4360 742 4404 ut
780 4351 896 4405 haec
928 4353 1081 4418 fiant,
1109 4356 1193 4409 vel
1224 4361 1456 4425 quadam
1485 4363 1695 4418 ratione
1739 4364 1878 4420 facta
1904 4365 2072 4425 fuisse

495 4440 547 4494 in
575 4442 738 4497 domo
768 4444 1057 4514 spirituali,
1103 4460 1324 4518 gravate
1355 4453 1663 4520 aduiiltent,
1703 4457 1792 4525 qui
1819 4460 2064 4526 audiunt,

492 4530 678 4587 talium
702 4533 966 4590 bonorum
995 4541 1535 4610 transmutationem;
1562 4546 1793 4614 primum
1825 4553 2063 4620 quidem,

488 4628 612 4692 quia
646 4626 751 4681 illis
780 4628 858 4684 sic
885 4645 989 4684 non
1019 4630 1198 4686 lubeat
1219 4671 1235 4698 ,
1264 4634 1458 4691 deinde
1487 4640 1630 4708 quod
1657 4641 2061 4700 dissentanequ

485 4717 558 4770 sit
584 4718 848 4775 honorum
874 4731 1382 4782 lransmutatiouetn
1411 4728 1647 4783 futuram
1672 4747 1813 4788 esse.
1850 4734 1943 4788 Sin
1980 4751 2069 4790 ve-

487 4823 549 4861 ro
566 4812 809 4870 volentes
837 4817 1195 4874 immutabilia
1226 4835 1468 4885 servare,
1503 4835 1622 4889 quae
1659 4824 1825 4878 semel
1860 4827 2064 4882 sanctis

2303 1158 2395 1212 25.
2435 1159 2616 1224 Ἀξιον
2643 1161 2700 1214 δὲ
2733 1163 2964 1236 ζητῆσαι
3000 1169 3116 1234 πῶς
3147 1171 3222 1236 ὡς
3254 1174 3354 1245 μὲν
3385 1176 3637 1248 βασιλεὺς
3663 1185 3826 1241 Σολο-

2233 1247 2352 1321 μὼν
2397 1254 2492 1306 καὶ
2531 1254 2830 1327 οἰκοδομεῖν
2861 1259 2951 1312 τὸν
2982 1262 3109 1317 ναὸν
3151 1247 3393 1334 λέγεται,
3419 1273 3494 1336 ῶς
3522 1275 3568 1327 δ’
3599 1279 3825 1350 ἀρχιτέ-

2229 1359 2372 1396 κτων
2418 1345 2476 1398 ὃν
2522 1346 2711 1402 ἐλαϐεν
2758 1350 3083 1418 ἀποστείλας
3127 1358 3157 1410 ὁ
3195 1357 3448 1432 Σολομὼν
3490 1345 3714 1441 Χειράμ
3755 1374 3824 1427 ἐκ

2229 1435 2428 1508 Τύρου,
2465 1438 2577 1492 υἱὸν
2604 1443 2860 1508 γυναικὸς
2893 1447 3085 1516 χήρας,
3117 1452 3211 1504 καὶ
3240 1449 3394 1520 οὗτος
3422 1457 3530 1512 ἀπὸ
3570 1435 3686 1532 τέ’·ις⁷
3721 1483 3820 1534 φυ-

2227 1528 2325 1600 λῆς
2357 1531 2692 1604 Νεφθαλεὶμ,
2741 1536 2834 1590 καὶ
2873 1539 2902 1590 ὁ
2946 1542 3125 1614 πατὴρ
3153 1544 3317 1600 αὐτοῦ
3351 1549 3568 1622 Τύριος,
3606 1528 3818 1612 τέκτων

2227 1621 2452 1692 χαλκοῦ,
2481 1626 2574 1678 καὶ
2607 1625 3033 1700 πεπληρωμένος
3057 1634 3156 1706 τῆς
3179 1639 3445 1705 συνέσεως
3465 1645 3559 1698 καὶ
3582 1647 3818 1716 ἐπιγνώ-

2227 1728 2383 1777 σεως,
2423 1713 2516 1766 τοῦ
2566 1717 2760 1770 ποιεῖν
2789 1721 2897 1774 πᾶν
2945 1725 3102 1792 ἔργον
3144 1727 3203 1779 ὲν
3254 1730 3460 1802 χαλκῷ,
3487 1734 3545 1798 ὃς
3579 1713 3812 1813 εἰσήχθη

3092 1817 3186 1870 καὶ
3236 1821 3461 1895 ἐποίησε
3507 1826 3695 1884 πάντα
3741 1831 3812 1886 τά

2211 1893 2368 1965 ἔργα,
2419 1896 2710 1970 Ἐφίστημι
2753 1901 2810 1955 δὲ
2846 1905 2922 1974 μή
2939 1923 3054 1960 τοτε
3089 1909 3118 1961 ὁ
3151 1911 3250 1981 μὲν
3291 1893 3543 1988 Σολομὼν
3593 1922 3678 1986 εἰς
3717 1923 3810 1977 τὸν

2211 1987 2560 2059 Πρωτότοκον
2599 1993 2778 2065 πάσης
2812 1998 3040 2064 κτίσεως
3078 2000 3446 2073 λαμϐάνεσθαι
3493 2011 3739 2084 δύναται,
3777 2019 3808 2072 ὁ

2207 2077 2264 2133 δὲ
2298 2082 2537 2155 Χειράμ,
2571 2087 2651 2150 είς
2697 2087 2756 2140 ὃν
2800 2090 3092 2163 ἀνείληφεν
3137 2091 3311 2166 οὗτος,
3358 2101 3648 2175 ἄνθρωπον
3694 2077 3805 2164 ἀπὸ

2207 2169 2308 2240 τῆς
2339 2173 2449 2226 τῶν
2489 2176 2793 2249 ἀνθρώπιον
2833 2183 3064 2254 συνοχῆς
3091 2185 3302 2260 (Τύριοι
3333 2191 3442 2265 γὰρ
3465 2169 3804 2268 ’ἑρμηνεύον-

2206 2279 2295 2316 ται
2311 2265 2678 2336 συνέχοντες
2701 2270 2861 2344 [55]),
2888 2277 2954 2346 τῇ
2979 2276 3136 2345 φύσει
3163 2280 3224 2333 τὸ
3243 2282 3398 2350 γένος
3415 2265 3626 2355 ἔχοντα,
3653 2291 3802 2358 ὅστις

2206 2356 2633 2448 πεπληρωμένος
2687 2364 2868 2437 πάσης
2917 2367 3135 2440 τέχνης,
3193 2373 3288 2427 καὶ
3342 2377 3649 2448 συνέσεως,

2204 2444 2571 2514 ἐπιγνώσεως,
2607 2453 2855 2527 εἰσήχθη,
2902 2461 3176 2532 συνεργῶν
3208 2463 3285 2535 τῷ
3324 2444 3665 2544 Πρωτοτὸκῴ
3694 2475 3798 2531 πά-

2205 2554 2306 2610 σης
2335 2542 2584 2609 κτίσεως,
2613 2545 2700 2600 ἵνα
2727 2549 3056 2626 οῖκοδομήσῃ
3083 2555 3177 2610 τὸν
3205 2558 3351 2628 ναὸν,
3385 2563 3444 2615 ἐν
3558 2542 3657 2620 καί
3699 2568 3792 2622 θυι

2205 2631 2346 2702 ρίδες
2401 2639 2890 2711 παρακυπτόμεναι
2954 2650 3193 2717 κρυπταὶ
3251 2657 3785 2727 κατασκευάζονται,

2201 2723 2338 2795 πρὸς
2371 2727 2468 2791 τάς
2492 2727 2787 2801 ἐλλάμψεις
2831 2735 2925 2789 τοῦ
2972 2740 3149 2808 φωτὸς
3190 2739 3287 2796 τοῦ
3331 2744 3468 2800 Θεοῦ
3505 2723 3790 2824 σωτηρίως

2197 2814 2490 2888 δυνηθῆναι
2515 2823 2907 2895 χωρῆσαι,(καὶ
2927 2829 2979 2882 τί
3005 2849 3073 2901 με
3095 2833 3179 2887 δεῖ
3197 2834 3374 2905 λέγειν
3394 2841 3497 2894 καθ
3507 2814 3730 2899 ἑκαστον
3747 2814 3788 2920 ;)

2199 2906 2285 2962 ἵνα
2313 2910 2508 2983 εὑρεθῇ
2538 2915 2599 2966 τὸ
2635 2915 2795 2988 σῶμα
2840 2921 3079 2992 Χριστοῦ
3107 2927 3140 2997 ἠ
3188 2928 3481 3002 Ἐκκλησία
3513 2934 3602 2989 τὸν
3633 2906 3787 3007 λόγον

2195 2999 2394 3072 ἔχουσα
2424 3005 2517 3058 τοῦ
2549 3012 2918 3080 πνευματικοῦ
2971 3018 3124 3070 οῖκου
3173 3022 3267 3075 καὶ
3307 3025 3437 3078 ναοῦ
3483 3026 3577 3080 τοῦ
3625 3029 3782 3086 Θεοῦ.

2206 3093 2296 3158 Ὠς
2323 3095 2431 3166 γάρ
2464 3103 2744 3170 προεῖπον,
2777 3105 2877 3176 τῆς
2922 3107 2981 3160 έν
3024 3113 3310 3185 μυστηρίῳ
3353 3117 3786 3193 ἀποκεκρυμμέ-

2195 3203 2292 3288 νης
2323 3189 2555 3262 δεόμεθα
2575 3194 2706 3264 (56),
2728 3199 2920 3266 σοφίας
2951 3205 3205 3276 χωρητῆς
3233 3189 3607 3284 τυγχανούσης
3635 3189 3783 3288 μένῳ

2193 3279 2272 3350 τῷ
2296 3281 2573 3355 δυναμένῳ
2597 3289 2768 3341 εἰπεῖν
2788 3306 2802 3320 ·
2843 3310 2862 3342 ι
2913 3293 3102 3364 Ἡμεῖς
3141 3297 3199 3352 δὲ
3237 3299 3360 3354 νοῦν
3385 3279 3779 3382 Χριστοῦ-ἕχο-

2195 3389 2315 3444 μεν,
2343 3394 2361 3426 ι
2387 3377 2473 3429 ἵνα
2498 3379 2639 3433 κατὰ
2660 3380 2721 3433 τὸ
2743 3381 2987 3456 βούλημα
3009 3390 3104 3443 τοῦ
3132 3395 3586 3467 οίκονομήσαντος
3605 3377 3780 3458 ταῦτα

2190 3466 2466 3537 γραφῆναι
2495 3476 2878 3544 πνευματικῶς
2899 3480 3217 3554 ὲκλάδωμεν
3244 3466 3473 3543 ἕκαστον
3501 3492 3609 3547 τῶν
3634 3497 3780 3568 εἰρη-

2191 3556 2388 3626 μένων.
2423 3560 2630 3654 ’ἒὶλλως
2657 3564 2714 3617 δὲ
2748 3567 2842 3620 καὶ
2871 3569 2932 3621 οὐ
2965 3573 3103 3626 κατά
3149 3575 3211 3628 τὸ
3247 3580 3420 3654 παρόν
3461 3583 3611 3638 ἐστιν
3641 3556 3776 3641 ἀνάζ

2186 3658 2417 3715 γνωσμα
2443 3646 2670 3704 ἕκαστον
2706 3654 2909 3708 τούτων
2939 3659 3275 3718 ἀναπλῶσαι.
3325 3670 3433 3724 Καὶ
3473 3674 3647 3729 ταῦτα
3682 3673 3776 3732 οὖν

2184 3734 2432 3808 αὐτάρκη
2483 3741 2620 3810 πρὸς
2672 3743 2731 3796 τὸ
2786 3747 2912 3800 ἰδεῖν
2959 3751 3078 3816 πῶς
3136 3773 3155 3805 ι
3207 3757 3413 3825 ἐκεῖνος
3476 3763 3532 3818 δὲ
3586 3767 3773 3838 ἔλεγεν

2184 3828 2312 3899 περὶ
2342 3829 2436 3882 τοῦ
2468 3833 2596 3886 ναοῦ
2627 3835 2722 3888 τοῦ
2756 3837 3008 3910 σώματος
3034 3846 3220 3903 αὐτοῦ.
3265 3869 3284 3902 ι

2250 3919 2340 3975 26.
2374 3923 2554 3988 Ἀξιον
2580 3926 2636 3979 δὲ
2667 3930 2804 3998 μετά
2827 3933 2998 3988 ταῦτα
3029 3937 3157 3992 ἰδεῖν
3188 3944 3236 3995 εἰ
3279 3944 3502 4001 δυνατὸν
3529 3950 3594 4004 τά
3626 3952 3771 4007 ἱστο-

2180 4010 2418 4082 ρούμενα
2437 4019 2716 4084 γεγονέναι
2743 4025 2881 4078 κατά
2909 4027 3001 4080 τὸν
3029 4030 3153 4083 ναὸν
3181 4037 3583 4109 συμϐεϐηκέναι
3610 4044 3764 4110 ποτὲ,

2177 4102 2210 4172 ἢ
2241 4106 2622 4200 συμσήσεσθαι
2651 4113 2779 4181 περί
2810 4115 2901 4169 τὸν
2933 4102 3303 4192 πνευματικδν
3335 4102 3502 4184 οἷκον.
3533 4133 3684 4200 Δόξει

2175 4195 2204 4245 ὁ
2241 4193 2396 4264 λόγος
2425 4198 2626 4254 θλίϐειν
2664 4203 3038 4278 ἑκατέρωθεν·
3075 4214 3130 4266 εί
3157 4233 3216 4269 τε
3253 4218 3361 4290 γὰρ
3389 4193 3764 4294 ἐροῦμεν-οἷόν

2173 4303 2232 4340 τε
2255 4289 2528 4356 γενέσθαι,
2553 4293 2586 4364 ἢ
2614 4297 2892 4363 γεγονέναι
2920 4304 3040 4358 τινὰ
3054 4305 3210 4376 λόγον
3227 4289 3341 4376 τοῖς
3359 4289 3497 4368 κατά
3644 4320 3760 4391 (57)

2175 4379 2415 4450 ἰστορίαν
2444 4384 2572 4455 περὶ
2615 4385 2706 4439 τὸν
2753 4390 2901 4455 ναὸν,
2967 4395 3239 4465 δυσόκνως
3271 4379 3617 4474 μετάπτωσίν

2170 4469 2504 4569 τηλικούτων
2572 4475 2793 4543 ἀγαθῶν
2863 4469 3285 4556 παραδέξονταί
3310 4498 3359 4549 οἰ
3429 4500 3752 4569 ἀκούοντεςο

2174 4560 2385 4659 πρῶτον
2410 4565 2519 4659 μὲν
2549 4567 2638 4620 διὰ
2665 4570 2725 4622 τὸ
2755 4571 2828 4642 μὴ
2860 4572 3163 4649 βούλεσθαι,
3192 4583 3441 4659 δεύτερον
3477 4591 3533 4644 δὲ
3569 4593 3657 4650 διά
3692 4560 3757 4650 το

2168 4653 2534 4758 ἀπεμφαίνειν
2558 4661 2764 4734 τροπὴν
2789 4665 2896 4720 τῶν
2921 4669 3141 4739 ἀγαθῶν
3168 4653 3402 4736 ἔσεσθαι.
3437 4684 3500 4737 El
3528 4685 3605 4752 δὲ,
3637 4687 3757 4758 βου-

2167 4743 2377 4848 λόμενοι
2408 4748 2652 4848 ἄτρεπτα
2683 4762 2870 4828 τηρεῖν
2903 4763 2970 4817 τά
3004 4767 3151 4834 ἅπαξ
3178 4771 3396 4828 δοθέντα
3431 4780 3544 4841 τοῖς
3575 4743 3754 4848 ἀγίοις

2161 4837 2359 4944 ἀγαθὰ,
2403 4842 2503 4895 οὐκ
2550 4846 2934 4944 ὲιραρμόσομεν
2979 4858 3048 4912 τά
3084 4860 3184 4932 τῆς
3234 4865 3494 4939 ἱστορίας,
3523 4837 3751 4944 δόξομεν

483 4900 609 4958 data
630 4904 847 4962 fuerqu
875 4910 1039 4976 bona,
1067 4926 1171 4966 non
1197 4914 1730 4969 accommodabimus
1747 4931 1866 4985 quae
1892 4918 2060 4973 histo-

485 4997 564 5032 ιιίει
619 5010 839 5032 παρη..
890 5004 1144 5032 ...ἀι-ιλιι...
1199 5005 1467 5032 I.........:..:..
1526 5005 1701 5032 ..:...:|..
1751 5008 2052 5032 ..:_i-i.:__._-_

2209 4900 2220 4904 -
2347 4900 2354 4903 .
2593 4900 2604 4912 .
2661 4900 2672 4917 .
2699 4900 2711 4918 .
2779 4900 2791 4902 -
2811 4900 2926 4922 νι--η
2990 4900 3048 4912 --
3095 4900 3181 4932 σιν.
3234 4900 3282 4917 w
3300 4900 3494 4939 υυνιυιςι,
3523 4900 3746 4944 υυςυμεν

2199 4930 2336 5018 ,ιοιόν
2361 4949 2414 4985 τι
2441 4937 2554 4999 τοῖς
2581 4937 2689 4991 ἀπὸ
2717 4941 2826 4995 τῶν
2846 4944 2956 5018 (58)
2979 4950 3244 5021 αἱρέσεων
3269 4957 3326 5010 ἐν
3349 4959 3523 5032 τούτῳ
3547 4968 3746 5031 ποιεῖν,

483 4997 566 5051 ria
619 5010 842 5066 narrat;
889 5004 1144 5070 quiddam
1199 5005 1469 5060 haereticis
1525 5005 1702 5060 simile
1751 5008 2054 5066 videbimur

2199 5011 2249 5092 ην
2299 5028 2618 5096 συμφωνίαν
2651 5031 2751 5104 τῆς
2791 4997 3099 5109 διηγησεῶς
3141 5047 3265 5117 τῶν,
3291 4997 3526 5122 Γραφῶῖ
3568 5003 3744 5129 ἀρχῆῖ

481 5182 527 5214 ⁸³
559 5180 710 5237 Joau.
759 5180 821 5245 Ii,
850 5184 942 5238 21.

551 5303 664 5374 (55)
708 5304 937 5392 Regius,
950 5307 1235 5392 τυγχάνον.
1258 5306 1462 5362 Ibidem
1495 5308 1835 5378 Bodleiauus,
1863 5315 2048 5372 Πάντα

477 5375 727 5447 μέντοιγε
760 5378 940 5447 χρυσᾶ
975 5375 1196 5442 τάξειε.
1822 5375 1830 5378 ’

446 5500 452 5506 ,
715 5447 1042 5526 Ἂίτοταξιν.
1071 5446 1243 5526 Ἐοιίς
1276 5447 1621 5526 scribendum
1649 5450 1937 5526 διάκρισιν.

547 5517 685 5598 (55)
765 5521 957 5586 Τύριοι
1021 5519 1131 5598 γὰρ
1194 5519 1634 5598 γέρμηιοεύοςιςται
1710 5517 2040 5598 συνέχοντες.

475 5586 610 5640 Vide
666 5599 780 5641 not.
822 5586 1135 5661 supraad
1191 5588 1442 5661 Origcuis
1493 5586 1940 5653 Commmini-ium
1988 5586 2043 5655 in

696 5658 1121 5801 Πυθίας,
1144 5731 1650 5807 ἀποκεκρυμμένης
1681 5732 1746 5810 ἧς
1777 5739 2036 5815 δεόμεθα,

794 5129 952 5233 3.9:“
984 5116 1077 5170 22.
1150 5115 1199 5148 ⁸⁵
1227 5117 1292 5171 111
1317 5117 1451 5188 Reg.
1476 5133 1572 5184 vn,
1607 5118 1695 5184 15,
1722 5121 1808 5176 14.
1886 5123 1932 5156 ⁸⁸
1951 5123 2100 5186 Colos

2205 5179 2218 5202 ,
2248 5138 2332 5194 l5.
2413 5142 2459 5174 ⁸⁸
2477 5143 2544 5200 111
2562 5146 2696 5222 Reg.
2715 5167 2786 5219 vr,
2811 5156 2864 5210 4.
2940 5161 2985 5192 ⁸⁷
3010 5161 3031 5216 1
3052 5162 3175 5219 Cor.
3210 5115 3270 5233 il,
3295 5115 3350 5224 7.
3387 5197 3390 5200 -
3421 5115 3468 5200 1⁸⁸
3494 5115 3624 5225 ibid.

2155 5321 2349 5403 δρᾷ-,ᾗς
2381 5343 2484 5384 non
2512 5346 2789 5403 comparet
2815 5337 2868 5392 in
2900 5339 3217 5402 Bodleiano.

2223 5397 2338 5478 (57)
2375 5397 2724 5483 AO'IOV.T‘OE:C
2752 5411 2917 5483 ararit
2959 5397 3225 5483 mia};
3287 5419 3380 5474 Sic
3415 5424 3581 5479 codex
3631 5422 3735 5478 Bo-

2153 5467 2287 5562 illeia
2297 5487 2425 5532 nus;
2451 5467 2650 5562 Regius
2679 5467 3614 5562 Ιὶεῲςιῄλόγονῖτοῖς

2153 5553 2204 5590 tu
2225 5551 2466 5626 [utroque
2495 5547 2683 5626 codice
2715 5547 2940 5626 videtuf
2959 5547 3161 5626 aliquid
3196 5547 3406 5618 deesse:

2222 5611 2539 5707 Ἀπί).
2566 5614 2702 5707 τῶν.
2742 5617 2833 5676 Sic
2869 5611 3066 5681 codcx'
3088 5611 3448 5698 dei'éia'mié;
3504 5634 3722 5707 Reg-ius,

2151 5680 2307 5747 male,
2338 5682 2441 5736 ὑπὸ
2473 5687 2601 5744 τῶν.
