4170 6424
369 320 479 376 389

1467 327 1827 389 COMMENT.
1862 333 1929 388 IN
1967 332 2162 392 JOAN.
2200 330 2436 390 TOMUS
2471 331 2536 386 X.

3529 337 3640 398 590

372 445 466 492 θεν
490 439 649 512 μέχρι
670 440 854 505 τέλους
882 443 957 515 μὴ
979 442 1353 512 φυλάττοντες.
1383 445 1445 498 Εἰ
1470 448 1716 517 μέντοιγε
1741 447 1816 518 μὴ
1841 447 1931 518 μέλ

2063 448 2162 498 hac
2217 446 2267 499 in
2326 461 2382 499 re
2429 445 2627 507 facere.
2656 439 3020 500 enarrationis
3070 443 3478 512 Scripturarum
3503 465 3639 505 con-

369 530 534 602 λομεν
558 533 818 604 γραωδῶς
840 535 934 588 καὶ
966 535 1271 601 Ἰουδαϊκῶς
1297 537 1396 602 τάς
1427 539 1578 610 παρά
1611 541 1722 603 τοῖς
1745 541 1959 611 προφή-

367 639 508 687 ταις,
536 623 770 694 μάλιστα
785 626 845 678 δὲ
874 625 954 696 τῷ
981 627 1179 699 Ἡσαΐᾳ
1206 629 1704 702 ἀναγεγραμμένας
1728 631 1958 700 ἐπαγγε-

370 715 496 778 λίας
524 718 686 774 νοεῖν.
717 716 794 778 ὼς
815 718 1076 788 ἐσομένας
1094 721 1204 792 (59)
1234 724 1362 793 περὶ
1390 721 1486 794 τὴν
1516 723 1610 776 ἐπὶ
1637 723 1742 793 γῆς
1761 724 1957 796 Ἰερου-

369 807 574 879 σαλὴμ,
605 808 821 880 ἀνάγκη
843 809 945 878 ἔτι,
973 813 1020 865 εἰ
1053 811 1189 881 μετά
1207 813 1307 883 τὴν
1336 815 1712 886 αἰχμαλωσίαν
1735 817 1830 870 καὶ
1859 816 1955 888 τὴν

367 901 752 984 καταστροφὴν
800 898 894 955 τοῦ
922 904 1047 957 ναοῦ
1081 904 1296 973 λέγεταί
1345 925 1463 961 τινα
1507 908 1694 974 ἔνδοξα
1753 911 1954 982 συμϐε-

366 990 566 1061 ϐῆσθαι
599 995 678 1056 είς
703 994 988 1066 οἰκοδομὴν
1017 997 1112 1050 τοῦ
1138 998 1288 1062 ναοῦ,
1319 999 1414 1052 καὶ
1446 1000 1541 1071 τὴν
1571 1002 1952 1056 ἀποκατάστα-

369 1100 454 1137 σιν
489 1084 582 1137 τοῦ
617 1083 749 1139 λαοῦ
785 1087 892 1140 ἀπὸ
920 1089 1019 1160 τῆς
1052 1090 1450 1160 αἰχμαλωσίας,
1483 1092 1659 1161 λέγειν
1683 1095 1830 1164 ἡμᾶς
1859 1111 1950 1163 γε·

364 1175 581 1244 γονέναι
636 1177 728 1230 τὸν
775 1179 902 1232 ναὸν
930 1221 944 1244 ,
1000 1181 1094 1234 καὶ
1151 1184 1602 1253 ᾐχμαλωτεῦσθαι
1645 1185 1736 1239 τὸν
1775 1185 1898 1240 λαὸν
1928 1227 1943 1252 ,

364 1267 822 1324 ἐπανελεύσεσθαι
855 1271 912 1324 δὲ
946 1273 1038 1325 ἐπὶ
1062 1273 1161 1344 τὴν
1185 1275 1469 1342 Ἰουδαίαν,
1494 1279 1589 1331 καὶ
1618 1276 1716 1348 τὴν
1743 1279 1945 1350 Ἰερου-

365 1362 548 1434 σαλὴμ
579 1403 593 1426 ,
653 1366 748 1418 καὶ
797 1367 1314 1440 οίκοδομηθήσεσθαι
1366 1373 1477 1434 τοῖς
1509 1372 1747 1442 ἐντίμοις
1778 1371 1946 1436 λίθοις

363 1453 463 1525 τὴν
504 1453 877 1528 Ἰερουσαλήμ.
937 1460 1051 1513 Οὐκ
1109 1458 1225 1514 οἶδα
1277 1462 1332 1516 δὲ
1380 1465 1430 1516 εί
1466 1467 1705 1536 μακραῖς
1737 1465 1942 1537 χρόνων

363 1545 633 1616 περιόδοις
677 1548 1174 1622 ἀνακυκλουμέναις
1242 1553 1310 1607 τὰ
1369 1556 1725 1628 παραπλήσια
1781 1558 1942 1612 πάλιν

356 1636 585 1691 δυνατὸν
629 1641 903 1707 γενέσθαι,
948 1643 1022 1707 ὡς
1061 1645 1152 1698 ἐπὶ
1197 1645 1258 1699 τὸ
1317 1650 1516 1717 χεῖρον.
1556 1649 1707 1719 Ἔχει
1757 1651 1814 1704 δέ
1871 1651 1941 1704 τὰ

2065 537 2368 592 sonantiam
2446 554 2551 591 non
2629 538 2970 592 servantibus
3036 552 3070 592 a
3131 539 3399 609 principio
3470 557 3640 611 usque

2066 629 2132 682 ad
2204 628 2384 682 ﬁnem.
2449 627 2563 683 Nisi
2631 628 2850 682 aniliter
2914 637 3136 696 tamen,
3197 639 3358 700 atque
3428 629 3615 686 Iudaeo

2062 735 2184 774 rum
2261 734 2456 786 more,
2515 720 2906 788 promissiones
2969 733 3064 775 eas
3123 735 3242 790 quae
3304 721 3444 792 apud
3513 738 3611 791 pro

2062 813 2253 882 phetas
2304 820 2354 867 et
2418 813 2722 882 praesertim
2793 812 2987 868 Isaiam
3021 813 3240 884 scriptae
3291 826 3438 882 sunt,
3474 815 3630 885 207

2062 913 2317 972 tanquam
2378 913 2669 958 eventuras
2724 911 2954 958 terrena:
3025 903 3365 970 Jerusalem,
3425 907 3634 961 intelle-

2057 996 2197 1050 cturi
2225 1010 2435 1061 sumus,
2465 994 2603 1067 [(60)
2639 996 2683 1050 si
2717 1004 2838 1064 post
2865 996 3236 1065 captivitatem
3263 997 3633 1054 eversionem-

2055 1101 2162 1157 que
2216 1086 2402 1156 templi
2453 1087 2711 1142 nonnulla
2761 1087 3016 1157 praeclara
3076 1089 3322 1143 evenisse
3377 1089 3443 1144 ad
3494 1099 3633 1144 tem-

2053 1177 2125 1246 pli
2178 1178 2598 1233 aediﬁcationem
2653 1179 2944 1249 populique
2970 1189 3169 1234 statum
3199 1190 3254 1234 et
3287 1174 3632 1236 constitutio-

2053 1285 2174 1323 nem
2233 1270 2636 1339 a-captivitate
2684 1270 2986 1335 dicantur,
3041 1269 3246 1343 dicere]
3301 1287 3399 1327 nos
3461 1271 3628 1328 fuisse

2050 1360 2306 1430 templum
2363 1376 2589 1416 necesse
2638 1371 2745 1425 est.
2797 1371 2852 1415 et
2883 1363 3215 1432 captivatum
3266 1362 3434 1420 fuisse
3457 1379 3626 1434 popu-

2049 1451 2180 1516 lum,
2208 1453 2303 1508 sed
2335 1454 2638 1508 rediturum
2667 1455 2736 1508 ad
2755 1452 2994 1509 Iudaeam
3025 1463 3082 1510 et
3107 1452 3433 1523 Jerusalem,
3462 1466 3626 1527 atque

2049 1543 2316 1613 lapidibus
2343 1546 2594 1616 pretiosis
2643 1545 2950 1603 Jerusalem
2999 1549 3172 1620 ipsam
3225 1550 3622 1606 aediﬁcandam.

2047 1636 2199 1692 Haud
2231 1639 2344 1694 scio
2375 1648 2557 1694 autem
2591 1656 2659 1695 an
2698 1649 3003 1711 temporum
3023 1641 3272 1711 periodis
3301 1643 3474 1713 longis
3530 1659 3620 1700 re-

357 1725 468 1779 τῶν
503 1729 846 1796 ἐπαγγελιῶν
903 1732 961 1784 ἐν
1010 1731 1090 1803 τῷ
1143 1733 1342 1806 Ἡσαΐᾳ
1381 1735 1584 1799 οὕτως·
1628 1756 1646 1788 ι
1671 1737 1799 1792 Ἰδοὺ
1829 1739 1931 1808 ἐγὼ

2045 1731 2241 1786 volutis
2287 1731 2491 1786 similia
2524 1732 2640 1788 ﬁeri
2671 1735 2902 1804 possint,
2935 1734 3106 1790 veluti
3157 1737 3211 1790 in
3265 1737 3445 1807 pejus.
3508 1736 3617 1793 Ha-

357 1821 632 1892 ἐτοιμάζω
663 1840 745 1876 σοι
771 1822 1018 1896 ἄνθρακα
1050 1825 1141 1879 τὸν
1169 1825 1314 1880 λίθον
1347 1845 1462 1891 σου,
1512 1829 1605 1884 καὶ
1653 1829 1723 1883 τά
1778 1829 1931 1902 θεμέ-

2045 1821 2171 1876 bent
2208 1831 2388 1877 autem
2420 1825 2813 1892 promissioues
2843 1825 2984 1896 apud
3010 1823 3204 1881 Isaiam
3238 1828 3381 1883 hunc
3411 1831 3462 1883 in
3497 1844 3617 1883 mo-

355 1912 448 1966 λιά
492 1930 588 1966 σου
655 1914 988 1987 σάπφειρονο
1029 1917 1123 1970 καὶ
1179 1917 1328 1988 θήσω
1384 1919 1483 1982 τὰς
1538 1919 1790 1985 ἐπάλξεις
1845 1938 1939 1975 σου

357 2006 576 2071 ἴασπιν,
622 2006 846 2070 καὶτὰς
881 2007 1055 2072 πύλας
1089 2025 1184 2063 σου
1225 2009 1405 2074 λίθους
1446 2012 1800 2081 κρυστάλλου,
1846 2013 1940 2067 καὶ

354 2097 448 2152 τὸν
481 2099 766 2171 περίϐολόν
801 2117 893 2154 σου
920 2101 1098 2166 λίθους
1126 2102 1434 2170 ἐκλεκτοὺς,
1463 2107 1557 2159 καὶ
1582 2106 1788 2170 πάντας
1813 2107 1940 2170 τοὺς

355 2189 504 2253 υἱούς
534 2206 625 2242 σου
657 2190 938 2254 διδακτοὺς
972 2191 1106 2245 Θεοῦ
1129 2208 1142 2223 ·
1177 2193 1271 2247 καὶ
1320 2194 1379 2246 ἐν
1435 2193 1600 2265 πολλῇ
1650 2195 1841 2266 εἰρήνῃ
1870 2194 1940 2248 τὰ

352 2281 529 2336 τέκνα
568 2299 698 2347 σου,
739 2283 834 2337 καὶ
865 2285 924 2336 ἐν
963 2283 1278 2358 δικαιοσύνῃ
1311 2285 1728 2358 οίκοδομηθήσῃ.
1770 2305 1787 2337 ι
1828 2286 1938 2339 Kal.

355 2375 475 2446 μετ’
504 2375 662 2442 ὀλίγα
709 2376 846 2447 πρὸς
891 2375 988 2446 τὴν
1032 2376 1202 2447 αὐτὴν
1250 2377 1623 2448 Ἰερουσαλήμ·
1691 2396 1708 2429 ι
1744 2378 1852 2431 Kal
1903 2379 1936 2448 ἡ

349 2465 480 2530 δόξα
506 2466 600 2518 τοῦ
630 2466 862 2520 Λιϐάνου
915 2467 1050 2538 πρὸς
1085 2467 1145 2520 σὲ
1186 2466 1304 2538 ἥξει
1355 2469 1414 2521 ἐν
1460 2469 1806 2540 κυπαρίσσῳ,
1837 2471 1933 2524 καὶ

353 2557 555 2628 πεύκῃ,
595 2557 690 2610 καὶ
750 2557 930 2629 κέδρῳ
979 2559 1094 2630 ἅμα
1141 2559 1425 2624 δοξάσουσι
1462 2560 1554 2614 τὸν
1588 2560 1750 2614 τόπον
1781 2561 1936 2630 ἆγιόν

354 2665 482 2719 μου.
516 2649 626 2703 Kal.
657 2650 1014 2720 πορεύσονται
1041 2650 1179 2721 πρὸς
1206 2650 1266 2703 σὲ
1291 2650 1586 2714 δεδοικότες
1614 2652 1719 2704 ulol
1746 2669 1936 2705 ταπει-

349 2741 640 2796 νωσάντων
668 2743 763 2794 καὶ
805 2742 1224 2812 παροξυνάντων
1248 2759 1307 2794 σε
1333 2761 1345 2773 ·
1378 2743 1470 2796 καὶ
1507 2742 1752 2815 κληθήσῃ
1784 2742 1936 2807 πόλις

349 2831 559 2902 Κυρίου
614 2831 752 2886 Σιὼν
792 2833 946 2901 ἁγίου
993 2833 1211 2905 Ἰσραὴλ
1233 2873 1249 2898 ,
1281 2832 1368 2886 διὰ
1403 2833 1462 2886 τδ
1495 2833 1820 2906 γεγενῆσθαί
1865 2851 1926 2887 σε

349 2921 944 2993 ἐγκαταλελειμμένην,
980 2923 1074 2975 καὶ
1107 2923 1508 2994 μεμισημένην,
1543 2925 1636 2977 καὶ
1663 2925 1762 2976 οὐκ
1792 2919 1860 2996 ἦν
1902 2925 1932 2978 ό

350 3011 583 3084 βοηθῶν.
633 3014 743 3067 Καὶ
780 3013 929 3084 θήσω
973 3032 1032 3068 σε
1089 3015 1401 3085 ἀγαλλίαμα
1447 3014 1696 3082 αἰώνιον,
1733 3015 1931 3088 εὐφρο-

2041 1912 2167 1966 dum
2203 1913 2290 1966 ’°:
2328 1931 2348 1965 ι
2387 1913 2462 1968 En
2497 1929 2599 1986 ego
2647 1931 2890 1986 praepara
2917 1915 3016 1972 tibi
3046 1919 3432 1974 carbunculum
3481 1920 3617 1990 lapi-

2041 2004 2160 2059 dem
2191 2015 2364 2072 tuum,
2386 2014 2441 2062 et
2463 2006 2811 2063 fundamenta
2845 2020 2935 2063 tua
2965 2009 3317 2080 sapphirum:
3340 2023 3395 2066 et
3419 2027 3614 2082 ponam

2039 2098 2442 2168 propugnacula
2491 2109 2580 2154 tua
2626 2100 2851 2170 jaspin,
2901 2108 2957 2156 et
2997 2112 3186 2171 portas
3242 2112 3364 2158 tuas
3409 2101 3615 2172 lapides

2039 2185 2308 2254 crystalli,
2340 2195 2396 2240 et
2424 2185 2650 2242 loricam
2685 2203 2966 2243 murorum
3014 2199 3229 2244 tuorum
3273 2191 3479 2258 lapides
3503 2193 3614 2247 ele-

2039 2288 2176 2343 ctos,
2207 2289 2262 2334 et
2286 2293 2478 2336 omnes
2527 2281 2665 2336 ﬁlios
2693 2290 2814 2337 tuos
2841 2298 2870 2337 a
2914 2281 3021 2337 Deo
3053 2283 3244 2338 doctos
3273 2301 3287 2338 :
3315 2292 3371 2337 et
3398 2283 3450 2338 in
3475 2299 3613 2350 pace

2039 2369 2208 2424 multa
2239 2370 2332 2425 ﬁlii
2363 2371 2460 2437 tui,
2491 2381 2547 2426 et
2579 2373 2632 2426 in
2660 2371 2867 2440 iustitia
2899 2373 3278 2429 aediﬁcaberis.
3311 2393 3330 2426 ι
3361 2374 3426 2428 Ει
3450 2375 3614 2446 paulo

2037 2469 2160 2529 post
2190 2460 2256 2514 ad
2310 2462 2480 2531 ipsam
2503 2461 2800 2518 Jerusalem
2829 2463 2872 2496 "
2913 2480 2930 2520 :
2966 2482 2986 2515 ι
3018 2464 3087 2519 Ει
3113 2464 3288 2536 gloria
3318 2465 3506 2520 Libani
3543 2467 3611 2521 ad

2036 2561 2092 2610 te
2136 2554 2316 2609 veniet
2358 2556 2412 2611 in
2463 2557 2766 2628 cyparisso,
2797 2566 2853 2613 et
2885 2558 3031 2627 pino,
3066 2568 3122 2614 et
3154 2560 3320 2616 cedro
3347 2575 3451 2615 una
3482 2577 3608 2617 cum

2035 2645 2471 2716 gloriﬁcantibus
2499 2647 2677 2702 locum
2720 2659 2974 2704 sanctum
3024 2665 3226 2706 meum.
3264 2651 3329 2707 Et
3355 2653 3512 2708 ibunt
3538 2653 3608 2708 ad

2037 2748 2092 2794 te
2139 2737 2396 2795 timentes
2414 2738 2505 2796 lilii
2528 2755 2742 2807 eorum,
2774 2741 2864 2810 qui
2900 2752 2950 2796 te
2985 2742 3428 2808 humiliaverunt,
3455 2754 3510 2800 et
3530 2746 3593 2801 ir-

2036 2831 2337 2886 ritaverunt
2388 2841 2567 2887 tezet
2624 2833 2912 2888 vocaberis
2962 2833 3158 2890 civitas
3203 2834 3419 2891 Domini
3469 2835 3604 2894 Sion

2034 2923 2210 2977 sancti
2247 2922 2504 2990 lsraelis,
2552 2939 2650 2994 pro
2701 2937 2767 2979 eo
2801 2924 2948 2994 quod
2996 2924 3169 2981 fueris
3216 2925 3500 2992 derelicta,
3551 2937 3608 2983 et

2035 3014 2160 3069 odio
2215 3015 2422 3081 habita,
2473 3030 2573 3069 nec
2609 3023 2795 3081 esset,
2849 3016 2939 3086 qui
2997 3017 3090 3072 tibi
3127 3032 3284 3088 opem
3318 3016 3507 3074 ferret.
3537 3019 3606 3076 Et

348 3105 517 3176 σύνην
569 3105 771 3174 γενεῶν
821 3108 1067 3174 γενεαίςο
1101 3106 1196 3159 καὶ
1228 3106 1484 3177 θηλάσεις
1527 3107 1669 3176 γάλα
1714 3106 1883 3162 ἐθνῶν
1914 3148 1928 3172 ,

2035 3120 2228 3174 ponam
2259 3113 2312 3160 te
2338 3106 2752 3161 exsultationem
2773 3108 3188 3178 sempiternam,
3204 3109 3600 3178 jucunditatem

347 3197 445 3252 καὶ
475 3195 703 3250 πλοῦτον
733 3197 996 3268 βασιλέων
1025 3197 1282 3268 φάγεσαι,
1318 3200 1411 3252 καὶ
1453 3199 1636 3272 γνώσῃ
1658 3240 1672 3265 ,
1705 3199 1787 3253 ὅτι
1819 3199 1930 3269 ἐγὼ

345 3288 554 3361 Κύριος
599 3291 628 3342 ὁ
684 3288 873 3354 σώζων
927 3306 986 3342 σε
1011 3328 1029 3354 ,
1100 3290 1193 3343 καλ¹
1257 3288 1636 3362 ἐξαιρούμενός
1689 3307 1748 3343 σε
1799 3290 1930 3356 Θεὸς

359 3381 596 3456 Ἰσραήλ.
632 3383 742 3436 Kal
773 3383 894 3435 ἀντὶ
939 3379 1141 3452 χαλκοῦ
1168 3369 1299 3434 οἴσω
1329 3398 1410 3434 σοι
1443 3382 1688 3453 χρυσίον,
1717 3382 1840 3437 ἀντὶ
1872 3382 1929 3435 δὲ

348 3473 569 3545 σιδήρου
617 3473 749 3526 οἴσω
777 3489 856 3525 σοι
885 3473 1175 3544 ἀργύριον·
1219 3473 1343 3526 ἀντὶ
1385 3472 1442 3525 δὲ
1485 3471 1658 3537 ξύλων
1684 3473 1814 3528 οἴσω
1845 3491 1927 3526 σοι

347 3566 571 3638 χαλκὸν,
605 3567 724 3620 ἀντὶ
770 3565 827 3619 δὲ
864 3565 1026 3620 λίθων
1067 3564 1317 3636 σίδηρον·
1353 3565 1448 3617 καὶ
1480 3562 1636 3618 δώσω
1673 3564 1800 3628 τοὺς
1831 3565 1929 3636 ἀρ-

343 3659 537 3729 χοντάς
567 3675 656 3710 σου
679 3659 736 3710 ἐν
770 3657 982 3728 εἰρήνῃ,
1036 3656 1130 3710 καὶ¹
1187 3655 1314 3718 τοὺς
1361 3656 1691 3720 ἐπισκόπους
1743 3672 1834 3708 σου
1867 3658 1926 3710 ἐν

341 3749 660 3819 δικαιοσύνῃ
681 3765 695 3778 ·
730 3749 825 3802 καὶ
862 3748 964 3801 οὐκ
993 3746 1392 3818 ἀκουσθήσεται
1428 3746 1507 3800 έτι
1547 3747 1727 3801 ἀδικία
1761 3748 1818 3800 ἐν
1854 3750 1921 3818 τῇ

344 3841 416 3911 γῇ
441 3838 692 3902 σου,ούδέ
724 3837 1038 3909 σύντριμμα
1057 3837 1153 3890 καὶ
1177 3835 1519 3907 ταλαιπωρία
1547 3838 1729 3900 ἐντοῖς
1753 3837 1922 3906 ὁρίοις

348 3948 448 3985 σου
475 3947 490 3961 ο
542 3929 678 3984 ἀλλά
726 3929 1054 4001 κληθήσεται
1108 3929 1370 4000 σωτήριον
1436 3927 1505 3981 τά
1565 3927 1716 3999 τείχη
1791 3945 1919 3992 σου,

344 4025 443 4078 καὶ
480 4025 538 4078 αἱ
573 4023 738 4077 πύλαι
785 4041 878 4076 σου
911 4023 1160 4092 γλύμμα.
1202 4021 1308 4076 Kal.
1351 4021 1451 4073 οὐκ
1483 4019 1633 4074 ἔσται
1665 4036 1746 4073 σοι
1779 4020 1859 4073 ἐτι
1891 4021 1921 4074 ό

341 4117 493 4187 ἣλιος
527 4117 606 4179 είς
635 4115 750 4185 φῶς
777 4115 1011 4186 ἡμέρας,
1042 4114 1163 4166 οὐδὲ
1194 4112 1425 4184 ἀνατολὴ
1457 4111 1683 4183 σελήνης
1731 4113 1922 4181 φωτιεῖ

343 4223 424 4260 σοι
459 4207 556 4277 τὴν
597 4206 798 4260 νύκταο
831 4205 945 4259 ἀλλ’
985 4205 1136 4258 ἐσται
1169 4221 1250 4258 σοι
1275 4203 1507 4274 Χριστὸς
1534 4202 1647 4273 φῶς
1679 4201 1914 4267 αἰώνιον,

343 4299 438 4351 καὶ
471 4301 499 4352 ό
532 4298 672 4362 Θεὸς.
693 4297 819 4365 δόξα
854 4314 936 4350 σοι
955 4314 968 4326 ⁸
995 4297 1056 4350 ού
1082 4296 1188 4367 γὰρ
1213 4296 1428 4349 δύσεταί
1459 4313 1540 4348 σοι
1567 4297 1595 4348 ὁ
1622 4295 1792 4365 ἣλιος,
1821 4295 1917 4348 xal.

339 4394 374 4462 ή
412 4392 608 4463 σελήνη
645 4409 728 4444 σοι
769 4391 870 4444 οὐκ
902 4389 1171 4459 ἐκλείψει·
1223 4389 1374 4442 ἔσται
1430 4389 1537 4459 γάρ
1579 4387 1781 4460 Κύριός
1832 4404 1914 4440 σοι

2033 3197 2439 3268 generatiouum
2488 3197 2978 3268 generationibus:
3011 3209 3067 3253 et
3117 3214 3281 3269 suges
3330 3199 3414 3257 lac
3465 3217 3601 3273 geu-

2032 3285 2186 3349 tiuiu,
2217 3295 2272 3340 et
2304 3301 2489 3357 regum
2515 3287 2732 3342 divitias
2757 3288 3032 3351 comedes,
3056 3297 3111 3343 et
3139 3303 3436 3361 cognosces
3457 3292 3602 3361 quod

2029 3389 2131 3446 ego
2162 3374 2426 3431 Dominus
2467 3392 2696 3433 servans
2726 3387 2804 3443 te,
2837 3386 2892 3432 et
2920 3393 3120 3434 erueus
3161 3389 3214 3434 te
3239 3381 3380 3435 Deus
3409 3379 3596 3440 Israel.

2031 3467 2098 3521 Et
2127 3483 2226 3537 pro
2254 3483 2362 3523 aere
2387 3467 2612 3523 aﬁ‘eraut
2643 3470 2740 3524 tibi
2777 3484 2991 3537 aurum,
3032 3481 3086 3526 et
3118 3487 3216 3542 pro
3249 3472 3397 3529 ferro
3429 3474 3601 3529 addu-

2028 3573 2145 3612 cam
2178 3559 2270 3613 tibi
2304 3570 2589 3632 argentum
2623 3579 2638 3620 :
2669 3577 2767 3633 pro
2806 3562 2967 3634 lignis
3012 3575 3192 3618 autem
3241 3563 3466 3619 aﬂ'eram
3497 3566 3596 3622 tibl

2025 3666 2118 3710 ars.
2152 3660 2207 3704 et
2255 3666 2356 3720 pro
2407 3651 2677 3723 lapidibus
2728 3654 2932 3710 l'errum
2965 3673 2978 3710 :
3011 3664 3070 3710 et
3123 3655 3264 3711 dabo
3319 3657 3593 3727 principes

2026 3751 2146 3796 tuos
2173 3741 2227 3795 in
2258 3756 2413 3810 pace,
2461 3753 2515 3797 et
2543 3744 2828 3815 episcopos
2859 3755 2982 3802 tuos
3029 3746 3081 3800 in
3113 3746 3365 3817 iustitia:
3399 3757 3454 3804 et
3479 3749 3588 3803 ini-

2022 3835 2201 3901 quitas
2232 3849 2336 3887 non
2366 3834 2616 3890 audietur
2645 3835 2786 3891 ultra
2819 3838 2872 3892 in
2903 3847 3048 3893 terra
3083 3849 3169 3893 tua
3192 3878 3208 3905 ,
3243 3855 3416 3909 neque
3454 3855 3593 3896 cou-
3700 3879 3702 3884 -

2024 3924 2191 3989 tritio,
2221 3936 2276 3980 et
2311 3926 2531 3980 miseria
2568 3927 2619 3981 in
2653 3929 2906 3984 terminis
2933 3929 3038 3985 tuis
3067 3946 3083 3986 :
3117 3931 3214 3985 sed
3249 3932 3594 3986 vocabuntur

2019 4017 2258 4073 salutare
2309 4018 2451 4072 muri
2491 4019 2564 4072 tui
2592 4058 2608 4084 ,
2643 4028 2697 4074 et
2728 4030 2902 4092 portae
2953 4033 3058 4078 tua:
3088 4021 3386 4092 sculptura.
3415 4022 3481 4079 Et
3510 4023 3594 4082 sol

2021 4123 2124 4164 non
2153 4110 2260 4164 erit
2296 4109 2388 4165 tibi
2433 4109 2571 4165 ultra
2601 4111 2654 4166 in
2685 4111 2856 4167 lucem
2887 4113 3018 4178 diei,
3065 4129 3242 4184 neque
3269 4122 3418 4190 ortus
3450 4113 3590 4170 quat

2018 4200 2200 4257 lumen
2248 4203 2508 4272 prtebebit
2554 4204 2651 4258 tibi
2687 4214 2850 4260 noctu
2884 4207 3018 4262 :sed
3049 4207 3156 4262 erit
3190 4206 3286 4262 tibi
3336 4206 3588 4263 Christus

2017 4294 2107 4349 lux
2141 4294 2494 4364 sempiterna,
2531 4303 2587 4350 et
2632 4294 2772 4350 Deus
2797 4295 2971 4366 gloria
3009 4305 3100 4352 tua
3135 4311 3287 4353 :non
3312 4296 3457 4350 enim
3489 4310 3575 4349 oc-

2015 4384 2161 4440 cidet
2191 4383 2288 4438 tibi
2339 4382 2462 4449 sol,
2491 4393 2545 4438 et
2592 4384 2718 4440 luna
2756 4395 2848 4440 tua
2879 4401 2987 4442 non
3021 4385 3285 4442 deﬁciet:
3313 4386 3417 4440 erit
3441 4386 3584 4440 enim

341 4482 459 4552 φῶς
510 4481 726 4536 αἰώνιον
759 4521 773 4546 ,
822 4483 917 4536 καὶ
977 4480 1426 4552 πληρωθήσονται
1467 4480 1524 4533 αἱ
1575 4479 1781 4551 ἡμέραι
1819 4479 1914 4534 τοῦ

2033 4474 2281 4529 Dominus
2311 4473 2408 4528 tibi
2443 4473 2532 4528 lux
2558 4476 2910 4543 semplterna,
2952 4485 3007 4531 et
3029 4476 3447 4545 complebuntur
3469 4475 3588 4530 dies

339 4574 571 4638 πένθους
600 4591 748 4628 σου.»
777 4573 960 4628 Ταῦτα
987 4572 1098 4644 γὰρ
1131 4571 1313 4641 σαφῶς
1347 4571 1476 4642 περὶ
1505 4569 1600 4624 τοῦ
1637 4570 1918 4641 μέλλοντος

336 4663 538 4728 αἰῶνος
566 4666 968 4737 προφητεύεται
997 4667 1111 4728 τοῖς
1138 4665 1196 4717 ἐν
1236 4662 1576 4734 αἰχμαλωσίᾳ
1607 4657 1755 4716 οὖσιν
1784 4663 1918 4725 υἱοῖς

350 4755 596 4826 Ἰσραὴλ,
633 4757 718 4824 ἐφ’
749 4755 843 4820 οὒς
886 4751 1048 4826 ἦλθεν
1092 4753 1202 4825 (61)
1251 4752 1576 4815 ἀποσταλεὶς
1618 4753 1647 4804 ό
1702 4751 1873 4820 λέγων
1897 4768 1911 4782 ·

343 4864 366 4899 ι
403 4847 518 4902 Ούκ
546 4847 857 4918 ἀπεστάλην
890 4849 938 4900 εἰ
975 4845 1050 4917 μὴ
1101 4845 1182 4909 εἰς
1221 4843 1293 4898 τὰ
1342 4842 1589 4915 πρόϐατα
1613 4843 1682 4894 τά
1705 4842 1915 4895 ἀπολω-

335 4939 469 4992 λότα
493 4937 644 4991 οἴκου
685 4934 924 5008 Ἰσραήλ.
959 4954 978 4987 ι
1009 4936 1074 4988 El
1097 4933 1156 4987 δὲ
1192 4931 1526 5003 αἰχμάλωτοι
1559 4931 1710 4994 ὅντες
1742 4929 1916 4984 ταῦτα

334 5030 398 5082 ἐν
448 5029 514 5099 τῇ
559 5025 773 5096 πατρίδι
820 5023 999 5078 αὐτῶν
1032 5021 1422 5093 ἀπολήψονται,
1471 5019 1558 5072 ὅτε
1587 5019 1683 5072 καὶ
1712 5019 1919 5090 προσή-

333 5121 484 5173 λυτοι
525 5116 978 5190 προσελεύσονται
1023 5115 1211 5177 αὐτοῖς
1263 5111 1354 5166 διά
1397 5111 1491 5164 τοῦ
1523 5109 1789 5182 Χριστοῦ,
1821 5110 1916 5164 καὶ

337 5211 424 5263 ἐπ’
469 5211 664 5272 αὐτοὺς
688 5207 1114 5278 καταφεύξονται
1144 5203 1288 5259 κατά
1317 5203 1377 5257 τὸ
1408 5202 1714 5274 λεγόμενον
1743 5221 1762 5254 ι
1786 5200 1912 5254 Ἰδοὺ

339 5300 665 5374 προσήλυτοι
693 5295 1146 5372 προσελεύσονται
1176 5311 1260 5348 σοι
1285 5293 1350 5348 δι’
1390 5291 1552 5364 ἐμοῦ,
1599 5292 1693 5346 καὶ
1730 5291 1824 5345 ἐπὶ
1851 5291 1912 5344 σὲ

342 5391 787 5462 καταφεύξονται,
808 5409 826 5442 ι
851 5390 1010 5460 δῆλον
1027 5427 1041 5452 ,
1077 5388 1160 5441 ὅτι
1195 5386 1323 5458 περὶ
1349 5385 1441 5438 τὸν
1467 5383 1592 5439 ναὸν
1615 5384 1909 5454 τυγχάνον-

339 5482 430 5546 τές
487 5499 614 5536 ποτε
670 5484 719 5536 οἱ
774 5477 1342 5554 αἰχμαλωτευθέντες,
1391 5477 1485 5531 καὶ
1520 5475 1683 5530 πάλιν
1730 5477 1907 5528 ἐκεῖσε

413 5576 460 5608 ’⁸
484 5576 583 5629 lsa.
614 5591 726 5635 uv.
758 5578 818 5630 ll
851 5590 968 5644 seq.
1062 5575 1106 5607 ⁹¹
1132 5573 1230 5627 lsa.
1267 5587 1358 5636 ιι,
1393 5572 1459 5625 l5
1494 5585 1609 5638 seq.

406 5668 520 5738 (59)
571 5665 909 5738 Ἐσομένας.
947 5665 1038 5721 Sic
1065 5666 1233 5721 codex
1270 5662 1631 5728 Bodleianus;
1673 5659 1895 5732 Regius,

331 5737 621 5809 perperam
635 5779 649 5804 ,
681 5737 1014 5809 σεσωμένας.

2017 4566 2194 4621 luctus
2224 4567 2321 4620 tui.
2380 4583 2400 4617 ι
2435 4565 2562 4622 Ηωο
2607 4567 2751 4622 enim
2803 4577 2992 4640 aperte
3035 4568 3100 4622 de
3142 4567 3326 4622 futuro
3385 4565 3584 4622 saecqu

2017 4657 2307 4725 prophetat
2335 4654 2462 4710 ﬁliis
2501 4655 2666 4710 Israel
2703 4656 2754 4710 in
2792 4657 3109 4727 captivitate
3138 4655 3488 4727 degentibus,
3514 4657 3583 4710 ad

2015 4759 2151 4813 quos
2179 4745 2380 4800 missus
2409 4746 2564 4799 venit
2607 4745 2700 4800 ille
2753 4748 2845 4815 qui
2897 4747 3110 4802 dicebat
3138 4747 3230 4801 ηε
3275 4763 3295 4798 ι
3333 4745 3444 4816 Ego
3476 4759 3584 4800 nou

2014 4852 2134 4893 sum
2169 4837 2390 4902 missus,
2437 4838 2543 4892 nisi
2573 4837 2640 4892 ad
2675 4852 2807 4893 oves
2839 4838 3083 4908 perditas
3113 4839 3305 4893 domus
3336 4836 3520 4891 Israel.
3555 4854 3578 4891 ο

2017 4929 2172 4995 Quod
2201 4928 2246 4983 si
2280 4928 2480 4998 captivi
2511 4930 2840 4985 exsisteutes
2883 4930 2998 4985 haec
3030 4929 3083 4983 in
3107 4929 3285 5000 patria
3311 4942 3406 4984 sua
3444 4929 3583 4983 reci-

2018 5020 2187 5089 pient,
2215 5019 2434 5088 quando
2467 5021 2632 5074 etiam
2659 5018 2920 5090 proselyti
2948 5019 3015 5073 ad
3051 5019 3196 5089 ipsos
3222 5016 3446 5073 venient
3481 5031 3583 5084 per

2015 5110 2317 5174 Christum,
2369 5118 2425 5164 et
2451 5109 2518 5163 ad
2552 5108 2700 5179 ipsos
2731 5109 2896 5179 208
2940 5106 3239 5177 diﬁ'ngient,
3283 5105 3580 5161 secundum

2015 5201 2158 5272 quod
2191 5201 2390 5255 dicitur
2417 5199 2463 5232 ⁸³
2493 5217 2507 5255 :
2541 5218 2561 5252 ι
2597 5199 2736 5254 Ecce
2764 5199 3022 5271 proselyti
3051 5199 3118 5253 ad
3154 5209 3205 5254 te
3231 5196 3451 5253 venient
3482 5210 3580 5265 per

2015 5303 2143 5354 me,
2176 5297 2232 5344 et
2278 5288 2346 5343 ad
2399 5297 2450 5343 te
2500 5287 2779 5360 diﬁ‘ugient
2805 5328 2821 5354 ,
2862 5307 2882 5341 ι
2935 5288 3278 5359 perspicuum
3313 5294 3399 5340 est
3431 5285 3576 5355 quod

2009 5382 2210 5452 captivi
2245 5382 2338 5451 qui
2390 5380 2445 5436 in
2501 5381 2701 5451 templo
2738 5380 2891 5436 fuere
2938 5381 3249 5450 aliquando,
3292 5377 3459 5432 etiam
3505 5376 3573 5430 ad

2016 5475 2148 5530 illud
2183 5489 2375 5528 rursus
2426 5474 2677 5528 redibunt
2734 5472 3132 5537 rezeditlcaudi,
3186 5466 3571 5542 pretiosissimi

1704 5569 1750 5600 "
1781 5567 1975 5624 Matth.
2006 5582 2100 5633 xv,
2123 5566 2216 5621 24.
2291 5566 2337 5598 ’³
2362 5564 2466 5624 Isa.
2500 5581 2608 5628 Liv,
2647 5566 2734 5621 15.

2078 5657 2193 5725 (60)
2233 5657 2358 5726 [late
2388 5658 2752 5726 supplcvimus
2775 5671 2839 5711 ex
2878 5654 3147 5711 Perionio.

2075 5723 2191 5802 (61)
2231 5723 2860 5794 Ἧλθενῖυοειαοιτιῃιτ
2899 5728 2950 5781 in
2985 5726 3172 5780 codice
3202 5723 3518 5780 Bodleiano.
