4170 6404
575 307 671 363 591

2064 295 2388 352 ORIGENIS

3731 271 3828 324 392

579 425 786 494 lapides
815 421 965 477 lacti.
999 420 1132 474 Nam
1171 420 1395 474 vincens
1439 417 1708 486 quispiam
1751 416 1803 469 in
1826 415 2145 484 Apocalypsi

2253 413 2705 469 ἐπανελεύσονται
2729 415 3369 487 ἀνοικοδομηθησόμενοι,
3400 417 3717 487 τιμιώτατοι
3735 437 3797 488 γε.

576 517 718 588 apud
743 513 1010 572 Joannem
1033 516 1104 579 “,
1138 512 1552 582 promissionem
1605 511 1769 564 habet
1813 521 1870 562 ut
1913 510 1983 562 sit
2011 508 2151 562 colu-

576 624 704 664 mna
748 609 800 662 in
837 607 931 660 Dei
985 606 1204 675 templo,
1241 615 1396 659 extra
1421 618 1534 657 non
1589 604 1850 655 exiturus.
1883 601 2150 655 Caeterum

575 701 694 756 inec
721 699 900 752 omnia
926 714 952 750 a
988 713 1072 751 me
1101 698 1242 751 dicta
1281 703 1429 758 sunt,
1460 705 1538 760 ut,
1573 695 1792 748 brevem
1845 693 2033 748 saltem
2063 693 2148 746 iu-

577 792 938 861 telligentiam
991 791 1286 844 habeamus
1338 803 1518 843 rerum
1573 787 1796 856 templi,
1853 799 1910 841 et
1957 788 2152 840 domus

576 885 695 948 Dei,
731 895 784 937 et
821 881 1076 936 Ecclesia:
1097 921 1112 944 ,
1145 891 1201 934 et
1229 877 1557 942 Jerusalem,
1583 879 1648 931 de
1679 879 1877 946 quibus
1906 879 2151 946 singula-

577 977 672 1030 tim
710 976 890 1030 dicere
922 988 1028 1028 non
1065 981 1151 1027 est
1189 970 1472 1041 praesentis
1504 969 1782 1038 temporis.
1815 968 1884 1022 At
1919 984 2147 1023 accura-

578 1071 841 1123 tissimam
879 1066 1302 1134 diligentemque
1345 1062 1426 1115 vel
1456 1063 1522 1115 ad
1550 1061 1830 1130 vulgarem
1862 1075 2033 1130 usque
2065 1061 2149 1113 in-

573 1154 920 1225 quisitionem
954 1154 1101 1206 circa
1134 1152 1248 1206 haec
1301 1151 1503 1204 faciant
1540 1151 1594 1204 hi
1654 1165 1878 1205 necesse
1921 1160 2007 1204 est
2057 1150 2147 1218 qui

571 1263 679 1304 nou
715 1246 1088 1314 defatigantur
1109 1242 1335 1312 legendo
1362 1242 1672 1311 prophetia:
1705 1254 1948 1311 quamne
1981 1241 2034 1296 in
2069 1242 2148 1296 eis

571 1339 911 1410 spiritualem
968 1352 1211 1392 sensum.
1259 1335 1369 1390 Sed
1431 1334 1696 1390 hactenus
1747 1351 1768 1386 ι
1826 1335 1894 1436 de
1945 1334 2147 1404 templo

573 1434 826 1503 corporis
857 1431 942 1487 sui
971 1432 1042 1485 ".
1068 1449 1088 1483 ι

650 1608 739 1662 2'7.
763 1605 960 1658 Verum
986 1603 1261 1657 enimvero
1282 1601 1532 1670 quoniam
1561 1620 1578 1652 ι
1607 1599 1763 1654 simul
1784 1611 1944 1671 atque
1964 1617 2137 1658 surre-

583 1697 660 1754 xit
683 1712 713 1750 e
739 1695 982 1757 mortuis,
1010 1691 1270 1746 recordati
1298 1702 1424 1746 sunt
1448 1691 1694 1761 discipuli
1719 1692 1836 1760 ejus
1861 1693 2003 1762 quod
2036 1693 2137 1747 hoc

583 1787 796 1848 dixerit,
833 1795 887 1838 et
919 1784 1262 1838 crediderunt
1287 1758 1600 1852 Scriptura,
1624 1793 1679 1838 et
1708 1758 1944 1840 sermoni
1978 1800 2135 1852 quem
2171 1758 2215 1815 Β

555 1879 716 1950 ‘dixit
745 1877 898 1930 Jesus
932 1877 998 1938 ",
1042 1894 1059 1926 ι
1095 1875 1496 1945 intelligendum
1531 1883 1640 1937 est,
1667 1875 1807 1943 quod
1838 1875 1904 1929 ad
1937 1885 2136 1929 textum

582 1970 793 2028 attinet,
825 1967 1133 2035 discipulos,
1165 1975 1445 2035 postquam
1477 1964 1737 2018 Dominus
1758 1980 1788 2018 e
1817 1966 2042 2018 mortuis
2065 1982 2140 2019 re-

582 2057 982 2121 resurrexisset,
1004 2053 1329 2110 intellexisse
1346 2068 1464 2123 qua:
1475 2053 1540 2107 de
1555 2052 1752 2122 templo
1769 2052 1907 2107 dicta
1930 2054 2142 2108 fuerant

580 2164 771 2220 referri
817 2164 881 2216 ad
913 2163 1214 2232 passionem
1243 2161 1363 2229 ejus
1389 2169 1445 2215 et
1474 2161 1946 2223 resurrectionem,
1979 2175 2137 2229 repe-

579 2264 754 2308 tentes
782 2256 923 2324 quod
971 2254 1133 2308 verba
1177 2253 1262 2306 illa
1297 2270 1310 2304 :
1345 2272 1363 2302 ‹
1397 2251 1455 2304 1η
1503 2251 1674 2305 tribus
1709 2250 1898 2305 diebus
1939 2250 2136 2319 erigam

578 2344 711 2398 illud
729 2345 796 2408 ’⁷,
830 2362 847 2394 ι
870 2344 1313 2398 resurrectionem
1336 2344 1677 2396 declarabant
1705 2360 1718 2394 :
1743 2343 1956 2411 quando
1978 2341 2137 2395 etiam

578 2436 926 2490 crediderunt
953 2434 1242 2503 Scriptura:
1268 2442 1322 2487 et
1357 2432 1590 2487 sermoni
1629 2447 1788 2500 quem
1814 2431 2021 2485 dixerat
2047 2429 2140 2484 Je-

580 2542 691 2589 sus,
714 2541 835 2580 cum
860 2534 1014 2580 antea
1037 2525 1164 2579 dicti
1189 2541 1297 2578 non
1323 2523 1520 2578 fuerint
1541 2522 1832 2577 credidisse
1853 2520 2140 2590 Scriptum

577 2637 633 2680 et
663 2627 918 2689 sermoni,
951 2643 1110 2696 quem
1138 2628 1269 2682 dixit
1289 2628 1464 2683 Jesus.
1496 2628 1631 2682 Nam
1665 2627 1798 2683 ﬁdes
1829 2629 2044 2699 proprie
2078 2629 2140 2682 il-

578 2717 683 2769 lius
710 2726 794 2771 est
821 2717 916 2786 qui
943 2727 1050 2771 tota
1079 2717 1256 2772 anima
1289 2717 1521 2773 admittit
1563 2719 1691 2773 illud
1718 2720 1861 2788 quod
1901 2720 2139 2786 creditur

580 2808 635 2862 in
666 2808 954 2878 baptismo.
983 2808 1138 2874 Quod
1177 2819 1357 2863 autem
1384 2811 1449 2862 ad
1477 2809 1807 2877 superiorem
1841 2809 2140 2879 intelligen-

581 2899 707 2953 tiam
732 2900 939 2963 attinet,
965 2899 1215 2968 quoniam
1243 2900 1492 2968 praedicta
1520 2899 1619 2952 fuit
1642 2899 1795 2953 nobis
1818 2899 2140 2954 resurrectio

583 2991 744 3044 totius
778 2991 1019 3060 corporis
1064 2990 1270 3044 Domini
1317 3006 1346 3044 e
1379 2991 1626 3048 mortuis,
1665 2992 1897 3043 sciamus
1927 3000 2140 3058 oportet

580 3081 723 3149 quod
765 3081 1023 3135 admoniti
1069 3082 1316 3151 discipuli
1373 3098 1471 3151 per
1519 3082 1744 3136 ellectus
1806 3082 2136 3152 Scriptura,
2163 3109 2210 3169 ς

580 3188 740 3240 quam
777 3182 955 3236 antea,
989 3173 1205 3240 quando
1255 3181 1409 3226 erant
1459 3171 1511 3225 in
1560 3173 1686 3235 vita,
1731 3182 1980 3226 accurate
2027 3188 2137 3226 non

583 3260 979 3330 intelligebant,
1011 3261 1112 3314 sub
1153 3269 1427 3329 aspectum
1473 3260 1624 3315 factae
1663 3271 1716 3314 ct
1761 3261 2138 3327 manifestam,-

579 3353 946 3420 admonitique
994 3368 1221 3420 quorum
1271 3353 1568 3407 cmlestiurn
1611 3355 1850 3421 exempla
1897 3365 2050 3407 erant
2081 3364 2139 3409 et

581 3443 769 3496 umbra
799 3443 865 3508 9',
891 3443 1052 3497 rebus
1094 3443 1197 3496 illis
1239 3443 1587 3498 crediderunt
1616 3444 1809 3511 quibus
1832 3455 1986 3498 antea
2025 3460 2135 3498 non

575 3536 935 3601 crediderant,
967 3547 1128 3607 atque
1167 3539 1398 3593 sermoni
1427 3539 1580 3605 Jesu,
1611 3556 1770 3610 quem
1803 3549 1928 3596 ante
1955 3557 2137 3596 resur-

578 3629 893 3692 rectionem,
918 3629 997 3685 sic
1024 3630 1236 3684 volente
1264 3631 1355 3684 illo
1377 3631 1464 3701 qui
1493 3631 1829 3701 loquebatur,
1853 3648 1959 3686 non
1983 3633 2135 3687 intel-

575 3717 840 3773 lexerunt.
875 3719 977 3784 Qui
1013 3720 1156 3774 enim
1188 3721 1304 3775 ﬁeri
1329 3721 1517 3790 lpotest
1543 3732 1600 3776 ut
1628 3724 1842 3793 proprie
1872 3723 1993 3793 quis
2014 3739 2134 3779 cre-

574 3809 702 3863 dere
724 3808 1013 3878 Scripturaa
1035 3811 1244 3867 dicatur
1267 3829 1373 3867 non
1393 3815 1762 3882 contemplans
1782 3830 2000 3870 sensum
2019 3816 2134 3886 Spi-

576 3898 709 3952 ritus
733 3898 905 3953 sancti
934 3899 1025 3968 qui
1049 3899 1102 3952 in
1129 3901 1240 3969 ipsa
1269 3912 1370 3965 est,
1395 3917 1556 3971 quem
1587 3903 1730 3958 credi
1757 3905 1961 3958 mavult
1988 3906 2132 3960 Deus

574 3996 734 4052 quam
765 3985 956 4040 littera:
980 3987 1344 4042 voluntatem?
1369 3987 1526 4044 Juxta
1557 3990 1697 4045 hanc
1725 3991 2129 4062 intelligentiam

575 4075 756 4129 nullus
776 4089 842 4130 ex
869 4076 952 4131 his
978 4077 1068 4147 qui
1098 4078 1396 4133 secundum
1425 4094 1642 4133 carnem
1684 4081 1978 4145 ambulant,
2011 4097 2130 4137 cre-

573 4166 701 4220 dere
728 4166 987 4223 dicen'dus
1016 4177 1096 4222 est
1121 4169 1283 4223 rebus
1307 4168 1678 4239 spiritualibus
1717 4171 1870 4241 legis,
1897 4186 2128 4241 quarum

577 4254 894 4324 principium
953 4271 1022 4310 ne
1078 4257 1396 4327 imaginatur
1445 4258 1681 4328 quidem.
1729 4259 1920 4313 Verum
1972 4262 2135 4331 209

576 4344 842 4399 beatiores
867 4346 956 4414 qui
992 4361 1100 4398 non
1135 4346 1386 4400 viderunt
1415 4356 1471 4402 et
1502 4348 1881 4409 crediderunt,
1915 4349 2000 4403 his
2039 4353 2128 4420 qui

2255 507 2740 576 γενημένοιλίθωψ
2761 509 2926 562 νικῶν
2959 508 3066 580 γάρ
3097 526 3180 570 τις
3209 511 3302 561 καὶ
3324 509 3474 580 παρά
3492 508 3568 579 τῷ
3610 511 3828 584 Ἰωάννῃ

2253 597 2312 648 ἐν
2347 601 2412 668 τῇ
2453 599 2813 668 Ἀποκαλύψει
2846 599 3178 667 ἐπαγγελίαν
3223 599 3333 668 ἔχει
3379 598 3568 661 στῦλος
3611 599 3831 656 ἔσεσθαι

2253 691 2310 742 ἐν
2341 689 2420 760 τῷ
2452 690 2567 761 ναῷ
2599 691 2692 744 τοῦ
2736 690 2893 753 Θεοῦ,
2932 691 3005 761 μὴ
3038 682 3450 760 ἐξελευσόμένος
3488 690 3610 756 ἔξω.
3647 693 3831 748 Ταῦτα

2250 779 2307 833 δέ
2343 798 2432 851 μοι
2464 781 2641 835 πάντα
2669 782 3057 855 εἴρηταιύπέρ
3091 782 3184 834 τοῦ
3218 782 3321 834 κάν
3353 783 3410 835 ἐν
3455 783 3686 855 βραχείᾳ
3737 803 3831 837 πε-

2253 871 2427 942 ρινοίᾳ
2454 873 2702 939 γενέσθαι
2732 875 2879 943 ἡμᾶς
2912 873 3021 925 τῶν
3062 872 3202 926 κατά
3247 872 3338 925 τὸν
3390 873 3542 935 ναὸν,
3596 875 3693 927 καὶ
3741 876 3833 930 τὸν

2249 959 2393 1016 οἷκον
2421 963 2515 1018 τοῦ
2541 965 2695 1029 Θεοῦ,
2725 965 2819 1019 καὶ
2849 965 2945 1036 τὴν
2988 965 3311 1034 Ἐκκλησίαν
3331 1006 3346 1030 ,
3379 967 3472 1020 καί
3499 967 3598 1038 τὴν
3635 969 3834 1042 Ἰερου-

2250 1055 2432 1126 σαλὴμ
2459 1058 2820 1128 πραγμάτων,
2854 1058 2981 1127 περὶ
3010 1051 3083 1109 ὧν
3109 1058 3208 1109 οὐκ
3235 1057 3348 1110 ἐστι
3369 1057 3462 1110 νῦν
3484 1058 3667 1127 λέγειν
3692 1064 3834 1116 κατά

2252 1147 2434 1217 μέρος.
2471 1149 2581 1221 Τὴν
2615 1149 2672 1202 δὲ
2709 1149 3107 1220 ἀκριϐεστάτην
3138 1151 3233 1202 καὶ
3262 1150 3422 1221 μέχρι
3451 1150 3544 1204 τοῦ
3573 1153 3833 1221 τυχόντος

2248 1240 2378 1310 περὶ
2399 1240 2566 1294 ταῦτα
2591 1242 2837 1312 ἐπιμελῆ·
2853 1241 3096 1309 ἐξέτασιν
3124 1245 3375 1315 ποιητέον
3403 1248 3514 1309 τοῖς
3547 1246 3622 1318 μὴ
3648 1248 3831 1302 ἀπαυ-

2247 1330 2381 1384 δῶσι
2409 1332 2545 1403 πρὸς
2567 1334 2693 1396 τοὺς
2722 1334 2780 1385 tv
2811 1333 2890 1403 τῷ
2929 1333 3275 1404 ἐντυγχάνειν
3315 1338 3432 1400 ταῖς
3467 1338 3832 1408 προφητείαις

2245 1422 2428 1494 ζητεῖν
2467 1423 2558 1477 τὸν
2596 1426 2653 1477 ἐν
2689 1426 2881 1487 αὑταῖς
2938 1426 3306 1494 πνευματικὸν
3349 1426 3471 1479 νοῦν
3522 1428 3828 1498 καμάτους.

2243 1513 2354 1568 Καὶ
2376 1513 2548 1566 ταῦτα
2574 1513 2673 1584 μὲν
2696 1534 2713 1565 ι
2744 1514 2872 1586 περὶ
2903 1514 2998 1568 τοῦ
3027 1513 3157 1568 ναοῦ
3186 1513 3280 1568 τοῦ
3317 1515 3567 1586 σώματος
3598 1518 3788 1571 αὑτοῦ.
3808 1539 3824 1569 ι

2313 1603 2406 1657 27.
2448 1605 2603 1657 Ἐπεὶ
2633 1603 2688 1657 δὲ
2723 1621 2741 1655 ι
2770 1605 2858 1657 ὅτε
2884 1603 3092 1674 ἠγέρθη
3122 1606 3185 1657 ἐκ
3215 1606 3444 1676 νεκρῶν,
3475 1609 3829 1679 ἐμνήσθησαν

2241 1693 2290 1746 οἰ
2321 1692 2560 1763 μαθηταὶ
2593 1692 2757 1745 αὑτοῦ
2779 1733 2794 1753 ,
2827 1691 2908 1744 ὅτι
2956 1691 3114 1745 τοῦτο
3147 1691 3296 1760 ἔλεγε
3321 1733 3335 1754 ,
3372 1694 3466 1745 καὶ
3497 1694 3831 1746 ἐπίστευσαν

2242 1786 2309 1855 τῇ
2360 1787 2547 1856 Γραφῇ
2577 1821 2590 1842 .
2632 1785 2725 1837 καὶ
2770 1784 2847 1854 τῷ
2889 1784 3049 1854 λόγῳ,
3079 1784 3136 1836 ὃν
3163 1779 3315 1837 εἶπεν
3345 1787 3373 1838 6
3413 1785 3644 1855 Ἰησοῦς,
3679 1805 3695 1836 ι
3733 1789 3827 1838 ἐκ·

2243 1878 2461 1932 δεκτέον
2483 1917 2497 1940 ,
2527 1877 2602 1940 ὼς
2638 1876 2778 1930 κατά
2807 1876 2904 1945 την
2932 1876 3097 1941 λέξιν,
3128 1877 3212 1930 ὅτι
3244 1877 3293 1929 οί
3326 1875 3565 1948 μαθηται
3601 1877 3744 1947 μετά
3768 1877 3828 1930 τὸ

2244 1968 2542 2040 ἐγηγέρθαι
2580 1971 2643 2022 ἐκ
2679 1969 2886 2041 νεκρῶν
2921 1967 3012 2020 τὸν
3046 1967 3267 2038 Κύριον,
3303 1969 3539 2038 συνῆκαν
3588 1969 3657 2022 τά
3698 1971 3824 2041 περὶ

2242 2060 2336 2113 τοῦ
2366 2060 2493 2113 ναοῦ
2521 2060 2785 2131 εἰρημένα
2815 2059 3180 2127 ἀναφέρεσθαι
3209 2061 3287 2122 εἰς
3313 2059 3370 2112 τὸ
3406 2060 3574 2124 πάθος
3611 2060 3779 2114 αὑτοῦ
3807 2099 3822 2122 ,

2244 2153 2338 2207 καὶ
2364 2153 2460 2223 τὴν
2493 2152 2806 2211 ἀνάστασιν,
2845 2149 3280 2221 ὑπομνησθέντες
3312 2151 3446 2221 (6:2),
3474 2152 3554 2204 ὅτι
3576 2151 3658 2204 τό”
3692 2172 3709 2201 ι
3735 2152 3821 2204 Ἐν

2242 2241 2418 2311 τρισὶν
2453 2241 2688 2312 ἡμέραις
2723 2240 2897 2312 ἐγερῶ
2935 2240 3095 2293 αὑτὸν
3116 2280 3131 2304 ,
3169 2259 3186 2290 ι
3233 2241 3332 2310 τὴν
3365 2241 3664 2294 ἀνάστασιν
3697 2242 3819 2312 ἐδή-

2241 2334 2336 2387 λου
2357 2351 2370 2364 ο
2403 2335 2492 2387 ὅτε
2523 2335 2613 2386 καί
2643 2334 2967 2386 ἐπίστευσαν
3007 2336 3072 2404 τῇ
3106 2333 3319 2402 Γραφῇ,
3353 2334 3446 2386 καὶ
3487 2333 3562 2402 τῷ
3591 2333 3734 2403 λόγῳ
3763 2333 3820 2386 ὃν

2242 2422 2394 2478 εἶπεν
2434 2428 2463 2478 6
2506 2425 2740 2496 Ἰησοῦς,
2775 2419 3040 2496 πρότερον
3086 2425 3146 2478 ού
3195 2425 3680 2495 μεμαρτυρημένοι
3725 2443 3821 2478 πε-

2241 2517 2592 2572 πιστευκέναι
2626 2521 2692 2589 τῇ
2725 2518 2912 2588 Γραφῇ
2940 2559 2954 2581 ,
3004 2517 3124 2570 οὑδέ
3153 2517 3229 2587 τῷ
3258 2517 3401 2588 λόγῳ
3432 2517 3607 2588 τούτῳ
3642 2519 3702 2572 ὃν
3745 2513 3820 2570 εἷ-

2241 2627 2343 2664 πεν
2389 2611 2417 2663 6
2485 2610 2723 2680 Ἰησοῦς·
2761 2609 2966 2681 κυρίως
3013 2610 3120 2681 γὰρ
3166 2610 3346 2672 πίστις
3395 2609 3512 2662 ἐστὶ
3559 2611 3704 2662 κατά
3758 2610 3820 2662 τὸ

2241 2701 2522 2772 βάπτισμα
2551 2701 2643 2753 τοῦ
2676 2700 2772 2773 ὅλῃ
2799 2700 2942 2770 ψυχῇ
2978 2700 3418 2770 παραδεχομένου
3460 2699 3522 2752 τὸ
3570 2700 3819 2753 πιστευό-

2242 2811 2399 2863 μενον
2421 2809 2434 2822 ο
2467 2793 2541 2855 ὠς
2573 2792 2630 2845 δὲ
2677 2793 2812 2863 πρὸς
2846 2793 2942 2862 τὴν
2975 2792 3294 2862 ἀναγωγὴν,
3336 2792 3456 2844 ἐπεὶ
3492 2792 3818 2864 προείρηται

2239 2889 2372 2958 ἡμῖν
2397 2889 2431 2958 ἡ
2459 2889 2523 2940 ἐκ
2549 2885 2756 2956 νεκρῶν
2798 2883 3092 2946 ἀνάστασις
3131 2883 3224 2936 τοῦ
3255 2883 3454 2947 παντὸς
3481 2884 3574 2936 τοῦ
3608 2884 3818 2956 Κυρίου

2241 2977 2514 3049 σώματος,
2543 2977 2738 3030 εἰδέναι
2773 2977 2900 3048 χρὴ,
2929 2976 3011 3028 ὅτι
3034 2979 3081 3028 οἱ
3115 2974 3353 3046 μαθηταὶ
3381 2975 3818 3046 ὑπομνησθέντες

2237 3069 2326 3125 διὰ
2377 3068 2484 3122 τῶν
2535 3067 2990 3136 ἀποτελεσμάτων
3034 3067 3165 3136 τῆς,
3194 3066 3280 3118 ὅτε
3310 3061 3449 3137 ἦσαν
3494 3067 3551 3118 ἐν
3580 3065 3660 3135 τῷ
3693 3065 3815 3136 βίῳ,

2243 3160 2317 3232 μὴ
2349 3157 2734 3230 ἠκριϐωμένης
2775 3157 2958 3219 αὐτοῖς
2993 3155 3101 3227 (65)
3133 3154 3374 3226 Γραφῆς,
3407 3155 3510 3208 ὑπὸ
3559 3154 3685 3225 ὄψιν
3729 3172 3813 3223 γιι-

2235 3250 2465 3321 νομένης
2493 3288 2507 3312 ,
2565 3249 2657 3302 καὶ
2689 3248 3130 3319 φανερουμένης,
3183 3247 3342 3299 τίνων
3382 3263 3440 3298 τε
3476 3247 3817 3318 ἐπουρανίων

2237 3339 2542 3411 ὑπόδειγμα
2568 3341 2660 3394 καὶ
2692 3341 2818 3394 σκιά
2850 3340 3132 3411 ἐτύγχανε,
3161 3339 3508 3392 πιστεύουσιν
3536 3339 3584 3390 οἳ
3622 3340 3818 3410 πρότε-

2238 3449 2328 3504 ρον
2353 3433 2453 3485 οὑκ
2483 3433 2800 3494 ἐπίστευον,
2832 3431 2925 3484 καὶ
2957 3430 3034 3500 τῷ
3059 3428 3203 3500 λόγῳ
3231 3429 3321 3480 τοῦ
3359 3425 3556 3498 Ἰησοῦ,
3602 3427 3664 3482 ὃν
3712 3429 3817 3499 πρὸ

2231 3524 2330 3594 τῆς
2360 3524 2732 3586 ἀναστάσεως,
2765 3521 2842 3586 ὡς
2876 3521 3127 3575 ἐϐούλετο
3158 3522 3186 3573 6
3219 3519 3411 3587 λέγων,
3438 3519 3496 3571 ού
3537 3520 3811 3573 συνίεσαν.

2235 3615 2358 3679 Πῶς
2386 3615 2494 3686 γὰρ
2525 3615 2745 3669 δύναταί
2770 3632 2854 3678 τις
2887 3614 3162 3668 πιστεύειν
3212 3613 3410 3684 κυρίως
3450 3612 3706 3681 λέγεσθαι
3748 3615 3814 3683 τῇ

2236 3705 2423 3776 Γοαφῇ
2446 3747 2460 3768 ,
2494 3703 2584 3757 τὸν
2614 3705 2671 3756 ἐν
2706 3705 2842 3775 αὐτῇ
2877 3704 2986 3774 (64)
3015 3703 3110 3756 τοῦ
3153 3703 3307 3772 ἁγίου
3344 3703 3657 3774 Πνεύματος
3688 3703 3816 3756 νοῦν

2239 3798 2314 3870 μὴ
2346 3795 2584 3868 θεωρῶν,
2620 3796 2678 3849 ὃν
2706 3794 3055 3848 πιστεύεσθαι
3096 3795 3296 3866 μᾶλλον
3326 3798 3354 3848 6
3379 3797 3508 3859 Θεὸς
3540 3795 3813 3864 βούλεται,

2233 3893 2266 3965 ἢ
2301 3893 2362 3948 τὸ
2391 3892 2482 3946 τοῦ
2499 3891 2824 3963 γράμματος
2848 3889 3079 3960 θέλημα;
3105 3887 3262 3941 Κατά
3282 3887 3439 3940 τοῦτο
3457 3887 3679 3940 λεκτέον
3710 3907 3817 3958 μη-

2232 3985 2360 4039 δένα
2391 3983 2499 4038 τῶν
2531 3982 2673 4037 κατά
2698 3982 2877 4053 σάρκα
2907 3979 3350 4054 περιπατούντων
3384 3977 3814 4054 πιστεύειν-τοῖς

2233 4077 2621 4146 πνευματικοῖς
2651 4047 3085 4144 τοῦ-νόμονδ,ὀῖς
3120 4075 3253 4145 μηδὲ
3283 4075 3382 4145 τὴν
3409 4073 3580 4146 ἀρχὴν
3608 4047 3817 4142 φίντά-

2233 4167 2406 4232 ζεται.
2474 4166 2646 4237 Πλὴν,
2683 4167 2817 4237 φασὶ
2875 4167 3318 4238 μακαριωτέρους
3373 4161 3510 4220 εἶναι
3563 4167 3691 4230 τοὺς
3737 4166 3816 4236 μὴ

2238 4259 2446 4323 ἰδόντας
2489 4258 2583 4311 καὶ
2634 4259 3033 4322 πιστεύσαντας
3061 4259 3169 4311 τῶν
3201 4260 3522 4330 ἑωρακότων
3566 4260 3659 4311 καὶ
3711 4277 3811 4311 πε-

2236 4349 2606 4402 πιστευκότων
2632 4387 2649 4410 ,
2699 4349 3158 4421 παρεκδεξάμενοι
3180 4351 3241 4403 τὸ
3262 4352 3320 4403 tv
3345 4348 3422 4421 τῷ
3451 4351 3590 4405 κατά
3631 4352 3814 4404 Ἰωάν-

574 4434 826 4488 viderunt
887 4444 942 4489 et
994 4434 1376 4494 crediderunt.
1421 4434 1707 4504 inquiunt;
1749 4437 1803 4490 hi
1846 4453 2125 4507 perperam

2240 4460 2331 4513 νην
2359 4442 2452 4494 ἐπὶ
2496 4441 2639 4494 τέλει
2691 4442 2978 4513 εἰρημένον
3021 4441 3156 4512 πρὸς
3188 4440 3278 4493 τὸν
3317 4440 3520 4512 Θωμᾶν
3555 4441 3659 4493 ὑπὸ
3713 4439 3813 4493 τοῦ

564 4539 891 4599 acceperunt
917 4533 1060 4600 quod
1081 4534 1138 4586 in
1165 4534 1271 4588 ﬁne
1307 4536 1578 4608 Evangelii
1615 4537 1837 4593 Joannis
1860 4540 1991 4594 dicit
2020 4543 2122 4596 Do-

565 4619 743 4672 minus
785 4620 853 4674 ad
895 4619 1155 4676 Thomam
1197 4639 1210 4676 :
1248 4643 1266 4674 r
1309 4624 1462 4680 Beati
1506 4627 1597 4694 qui
1644 4643 1753 4681 non
1781 4629 2033 4685 viderunt
2065 4643 2120 4688 et

564 4707 907 4766 crediderunt
934 4712 1002 4764 ".
1051 4730 1068 4762 ι
1098 4712 1202 4767 Sed
1241 4729 1350 4766 non
1398 4714 1662 4770 beatiores
1704 4717 1876 4786 inquit
1904 4733 1998 4774 eos
2029 4721 2120 4789 qui

562 4813 671 4872 non
707 4801 957 4856 viderunt
1000 4811 1056 4856 et
1099 4804 1464 4864 crediderunt,
1511 4805 1594 4860 his
1638 4807 1732 4875 qui
1775 4808 2023 4863 viderunt
2066 4825 2121 4868 et

561 4891 936 4960 crediderunt;
963 4894 1179 4964 alioqui,
1203 4895 1356 4964 juxta
1377 4895 1516 4949 hanc
1543 4896 1970 4968 intelligentiam,
1997 4916 2120 4970 apo-

554 5003 708 5057 stolis
753 5002 1082 5072 posteriores
1131 5000 1406 5053 beatiores
1454 5005 1581 5051 sunt
1633 4997 1893 5062 apostolis
1949 4997 2078 5069 ipsis
2109 5042 2126 5066 ,

554 5095 700 5162 quod
748 5107 828 5150 est
865 5093 1233 5150 lautissimum
1265 5091 1527 5145 omnium.
1565 5087 1804 5143 Proinde
1833 5101 2014 5146 mente
2044 5097 2121 5148 vi—

551 5188 678 5241 deat
703 5193 919 5254 oportet
947 5197 1073 5253 quae
1105 5184 1406 5236 creduntur
1426 5179 1518 5248 qui
1555 5179 1750 5233 beatus
1775 5177 1987 5238 futurus
2016 5197 2120 5250 est,

619 5327 670 5360 “
690 5327 860 5395 Apoc.
895 5339 976 5392 ιιι,
1007 5323 1097 5378 12.
1188 5322 1232 5352 ’⁵
1263 5317 1419 5376 Joan.
1463 5333 1518 5384 ιι,
1546 5318 1636 5374 21.
1737 5318 1785 5350 ³⁸
1847 5320 1973 5377 ibid.
2019 5323 2087 5381 22

586 5514 596 5523 .
623 5439 734 5514 (62)
786 5435 1319 5508 Ὑπομνησθέντες.
1344 5433 1693 5488 Desideratur
1727 5434 1778 5490 in
1801 5437 1989 5494 codice
2017 5438 2122 5494 Re-

549 5527 733 5652 81(ἷίἱῖἶὶ)
771 5580 1003 5647 Αὑτοῖς.
1043 5577 1205 5652 Deest
1234 5575 1286 5652 i_n
1315 5575 1500 5652 codice
1531 5573 1838 5652 Bodleiano.

621 5644 733 5722 (64)
779 5654 891 5707 Τὸν
931 5644 1001 5704 ἔν
1032 5647 1300 5722 αὺτῇηιιι
1341 5647 1524 5722 codice
1557 5644 1736 5722 Regio
1769 5649 1919 5706 deest
1959 5651 2116 5722 αὐτῇ,

550 5717 696 5793 quod
715 5717 1033 5779 restituitur
1059 5736 1090 5777 e
1120 5718 1307 5776 codiee
1342 5717 1664 5772 Barberiuu.

2159 5331 2204 5373 θ’
2242 5321 2375 5380 ibid.
2426 5320 2515 5376 l9.

2237 4535 2470 4607 Kupiou’
2501 4554 2519 4586 ι
2558 4535 2831 4605 Μακάριοι
2857 4537 2904 4588 οἰ
2936 4534 3010 4606 μὴ
3032 4535 3223 4597 ἰδόντες
3246 4534 3338 4587 καὶ
3359 4532 3770 4596 πιστεύσαντες·
3789 4553 3805 4584 ι

2234 4630 2296 4683 οὑ
2327 4628 2436 4699 γάρ
2491 4629 2935 4699 μακαριωτέρους
2991 4622 3274 4698 (65),εἷναι
3321 4627 3446 4689 τοὺς
3495 4626 3568 4696 μὴ
3599 4625 3816 4688 ἰδόντας

2235 4723 2327 4776 καὶ
2377 4721 2768 4783 πιστεύσαντας
2816 4719 2923 4773 τῶν
2962 4721 3280 4791 ἑωρακότων
3320 4720 3412 4770 καὶ
3449 4718 3814 4772 πεπιστευκό-

2233 4834 2340 4870 των
2361 4832 2373 4845 ·
2406 4815 2547 4869 κατά
2574 4813 2702 4882 γοῦν
2731 4813 2827 4884 τὴν
2855 4813 3080 4884 ἐκδοχὴν
3112 4813 3291 4865 αὑτῶν
3337 4811 3446 4864 τῶν
3493 4810 3814 4864 ἀποστόλων

2235 4911 2637 4980 μακαριώτεροι
2677 4909 2725 4960 οἰ
2762 4905 2898 4977 μετά
2927 4905 3054 4969 τοὺς
3095 4904 3423 4968 ἀποστόλους
3464 4904 3621 4967 εἰσιν,
3668 4904 3815 4974 ὅπερ

2231 5003 2348 5056 ἐστὶ
2400 5003 2614 5056 πάντων
2671 4998 3042 5070 ἠλιθιώτατον.
3089 4997 3235 5051 Ἰδεῖν
3263 4997 3318 5050 δὲ
3347 4995 3424 5066 τῷ
3458 4996 3570 5066 (66)
3611 4994 3686 5065 νῷ
3739 4996 3816 5049 τὰ

2231 5093 2592 5164 πιστευόμενα
2619 5091 2709 5144 τὸν
2748 5092 3004 5160 ἐσόμενον
3037 5091 3323 5161 μακάριον,
3374 5089 3450 5152 ὡς
3484 5088 3532 5140 οἰ
3570 5085 3811 5139 ἀπόστο-

2225 5186 2343 5250 λοι,
2373 5185 2666 5256 δυνηθέντα
2703 5182 2922 5237 ἀκούειν
2946 5182 3036 5235 τό·
3070 5201 3089 5234 ι
3126 5181 3404 5252 Μακάριοι
3445 5180 3494 5232 οἰ
3535 5177 3811 5247 ὀφθαλμοὶ

2615 5319 2660 5351 ’⁸
2687 5318 2850 5373 llebr.
2882 5333 2998 5378 vm,
3031 5317 3084 5371 5.
3178 5315 3222 5347 ’°
3245 5313 3405 5369 Joan.
3440 5327 3534 5376 xx,
3565 5310 3654 5365 29.

2301 5435 2415 5508 (65)
2458 5436 2540 5490 Οὐ
2587 5435 2696 5504 γὰρ
2743 5430 3238 5508 μακαριωτέρους,
3279 5439 3386 5508 etc.
3431 5424 3804 5508 Supplendum

2229 5499 2562 5582 epq'ci,_'quod
2593 5499 2838 5558 'lo'rta'sse
2863 5499 3234 5582 supplendum
3256 5499 3470 5568 reliquit
3508 5499 3802 5582 Origenes,

2227 5573 2309 5634 vel
2344 5573 2595 5631 librarius
2626 5573 2989 5644 praetermisit.

2300 5649 2411 5717 (66)
2462 5631 2975 5717 vestigaret-(gl.
3025 5640 3337 5717 Legendum
3374 5637 3628 5699 fortasse,
3668 5631 3804 5686 [δεῖν

2225 5720 2281 5772 δὲ
2309 5711 2402 5772 ’δεῖ
2428 5719 2503 5788 τῷ
2536 5715 2640 5788 νῷ’
2673 5716 2872 5784 alioqui
2910 5728 3015 5768 non
3048 5711 3318 5768 constabit
3347 5721 3562 5764 sensus.
