4170 6412
393 409 512 469 595

1498 397 1851 456 COMMENT.
1887 396 1954 452 IN
1986 394 2179 451 JOAN.
2226 391 2466 449 TOMUS
2505 390 2570 445 Χ.

3553 388 3658 442 594

394 505 577 575 ὑμῶν,
610 503 692 557 ὅτι
727 501 1005 574 βλέπουσι,
1025 499 1119 552 καὶ
1140 497 1207 551 τὰ
1232 491 1347 550 ὦτα
1378 497 1530 568 ὑμῶν
1562 497 1644 550 ὃτι
1665 496 1940 549 ἀκούουσι·
1959 514 1976 543 ι

2089 492 2310 561 perinde
2335 501 2500 558 atque
2527 487 2761 555 apostoli
2796 486 2923 540 illud
2950 484 3137 539 audire
3176 483 3362 538 valens
3394 502 3407 537 :
3442 501 3461 533 ι
3505 482 3656 539 Beati

395 597 499 649 καὶ
539 596 627 648 τόο
659 611 676 644 ι
701 591 894 645 Πολλοὶ
924 590 1196 660 προφῆται
1229 590 1325 643 καὶ
1374 584 1571 641 δίκαιοι
1627 585 1979 656 ἐπεθύμησαν

399 687 532 741 ἰδεῖν
559 687 595 740 ἃ
633 684 877 755 βλέπετε,
909 682 1003 736 καὶ
1037 682 1136 734 οὐκ
1167 676 1325 743 εἶδον,
1358 680 1452 733 καὶ
1484 678 1715 732 ἀκοῦσαι
1740 677 1774 731 ἃ
1798 677 1984 730 ἀκούε-

394 795 481 840 τε,
517 777 611 829 καὶ
642 776 742 827 οὐκ
773 774 1029 844 ἥκουσαν,
1063 790 1081 822 ι
1132 770 1434 841 ’Λγαπητὸν
1480 769 1536 822 δέ
1581 770 1675 823 κα)¹
1709 766 1800 820 τὸν
1852 768 1984 819 ὑπο-

391 868 681 937 δεέστερον
713 865 899 919 λαϐεῖν
949 864 1293 935 μακαρισμὸν
1345 864 1594 931 λέγοντα·
1657 881 1674 911 ι
1707 860 1981 930 Μακάριοι

391 960 448 1013 οἱ
477 957 550 1030 μὴ
587 957 787 1019 ίδόντες
809 958 904 1009 καὶ
936 954 1340 1018 πιστεύσαντες.
1376 974 1393 1006 ι
1433 954 1556 1017 Πῶς
1601 954 1657 1006 δὲ
1703 952 1982 1022 μακαριώ-

394 1066 548 1120 τεροι
576 1049 625 1101 οἱ
661 1047 929 1118 ὀφθαλμοὶ
960 1048 1008 1101 οἱ
1047 1047 1151 1100 ὑπὸ
1183 1048 1277 1099 τοῦ
1324 1045 1501 1117 Ἰησοῦ
1532 1046 1640 1117 (67)
1682 1042 1983 1114 μακαριζό-

401 1160 554 1213 μενοι
596 1142 690 1195 ἐπὶ
723 1143 836 1204 τοῖς
866 1140 1294 1212 τεθεωρημένοις
1321 1180 1335 1203 ,
1386 1137 1494 1191 τῶν
1533 1138 1607 1209 μὴ
1658 1137 1980 1206 φθασάντων

397 1234 493 1287 ἐπὶ
518 1234 617 1306 τὴν
642 1231 752 1286 τῶν
776 1231 1033 1284 τοιούτων
1067 1231 1194 1284 θέαν
1215 1249 1228 1261 '
1274 1232 1332 1284 '0
1356 1229 1411 1283 δὲ
1432 1228 1657 1300 Συμεὼν
1679 1229 1869 1299 ἀγαπᾷ
1902 1229 1981 1289 είς

394 1324 498 1393 τὰς
527 1323 774 1393 ἀγκάλας
808 1321 990 1376 λαϐὼν
1014 1323 1075 1374 τὸ
1108 1322 1374 1393 σωτήριον
1395 1318 1489 1373 τοῦ
1523 1319 1680 1383 Θεοῦ,
1726 1320 1820 1373 καὶ
1855 1318 1982 1372 θεα-

397 1415 634 1485 σάμενος
668 1416 798 1469 αὐτὸ
836 1411 989 1468 εἵπετ’
1032 1433 1050 1465 ι
1080 1411 1196 1466 Νὖν
1224 1412 1478 1476 ἀπολύεις
1514 1412 1604 1464 τὸν
1634 1409 1818 1465 δοῦλόν
1863 1427 1978 1473 σου,

395 1509 665 1571 Δέσποτα,
697 1506 838 1561 κατά
876 1508 938 1560 τὸ
964 1506 1116 1578 ῥῆμά
1163 1523 1278 1569 σου,
1318 1505 1378 1557 ἐν
1410 1505 1624 1578 εἰρήνῃ·
1648 1503 1730 1556 ὅτι
1759 1500 1897 1556 εἶδον
1928 1503 1978 1555 οἱ

390 1597 663 1668 ὀφθαλμοί
702 1616 803 1669 μου
819 1598 879 1650 τὸ
904 1597 1167 1669 σωτήριόν
1194 1614 1306 1650 σου.
1334 1617 1351 1649 ι
1379 1597 1575 1666 Διόπερ
1604 1594 1981 1666 φιλοτιμητέον

393 1688 635 1758 ἀνοίγειν
676 1689 803 1753 τοὺς
841 1688 1174 1760 ὀφθαλμοὺς,
1204 1687 1344 1742 κατὰ
1375 1688 1465 1741 τὸν
1495 1685 1814 1757 Σολομῶντα
1837 1726 1853 1750 ,
1895 1685 1982 1738 ἵνα

393 1779 578 1852 ἄρτων
613 1779 1040 1852 ἐμπλησθῶμεν.
1097 1781 1236 1852 Φησὶ
1282 1779 1423 1851 γάρ·
1490 1797 1508 1829 ι
1538 1776 1808 1844 Διάνοιξον
1856 1777 1981 1837 τοὺς

2085 583 2223 635 oculi
2261 582 2419 634 vestri
2451 581 2577 651 quia
2605 580 2809 642 vident,
2841 586 2895 633 et
2930 591 3093 631 aures
3144 584 3339 630 vestra:
3385 576 3514 645 quia
3567 592 3660 630 an-

2086 670 2241 722 diunt
2278 669 2332 733 ¹;
2372 687 2390 719 ι
2428 678 2481 722 et
2513 667 2687 721 illud:
2731 685 2748 717 ι
2792 664 2943 719 Μυιιῑ
2976 665 3254 735 prophetze
3289 675 3346 720 et
3383 663 3517 732 justi
3561 679 3658 720 cu-

2086 760 2301 828 pierunt
2331 759 2512 812 videre
2541 773 2663 826 quae
2695 758 2910 822 videtis,
2934 767 2990 812 et
3014 773 3118 811 non
3155 758 3439 823 viderunt;
3471 766 3528 810 et
3559 771 3658 812 δυο

2085 850 2204 905 dire
2235 864 2355 919 qua:
2402 851 2623 913 auditis,
2655 860 2708 902 et
2746 866 2852 903 non
2911 849 3201 902 audierunt
3236 851 3278 906 ².
3342 868 3360 901 ι
3411 847 3660 905 Amabile

2089 951 2269 995 tamen
2325 942 2490 995 etiam
2526 950 2609 995 est
2664 942 2927 995 minorem
2965 944 3213 1010 accipere
3267 941 3658 995 beatitudinem

2085 1033 2359 1088 dicentem
2392 1050 2407 1089 :
2445 1051 2462 1081 ι
2506 1032 2653 1086 Beati
2699 1033 2789 1102 qui
2843 1048 2949 1085 non
2995 1034 3248 1085 viderunt
3306 1042 3361 1086 et
3414 1033 3658 1086 credide-

2086 1135 2213 1177 runt
2249 1125 2289 1176 ³.
2338 1142 2355 1175 ι
2390 1123 2675 1190 Quomodo
2721 1124 2865 1179 enim
2905 1142 3011 1179 non
3046 1125 3318 1180 beatiores
3368 1126 3510 1179 oeuli
3568 1126 3661 1192 qui

2084 1231 2114 1269 a
2147 1214 2274 1270 Jesu
2310 1215 2693 1270 beatiﬁcantur
2717 1216 2786 1270 ob
2820 1230 2904 1270 res
2939 1218 3107 1283 visas,
3145 1216 3230 1270 his
3258 1216 3351 1286 qui
3397 1232 3502 1270 non
3538 1232 3663 1286 per-

2085 1315 2355 1360 venerunt
2382 1306 2448 1358 ad
2484 1304 2672 1359 talium
2728 1320 2911 1359 rerum
2944 1308 3251 1361 visionem?
3287 1308 3507 1363 Simeon
3555 1309 3661 1370 igi-

2087 1408 2195 1458 tur,
2239 1406 2530 1451 contentus
2561 1397 2863 1464 sumpsisse
2892 1399 2945 1450 in
2979 1399 3137 1452 ulnas
3168 1400 3408 1454 salutare
3450 1401 3569 1465 Dei,
3598 1401 3665 1456 il-

2087 1486 2292 1557 ludque
2325 1488 2729 1558 cautemplatus
2757 1528 2774 1553 ,
2829 1488 2970 1543 dixit
3002 1509 3016 1544 :
3062 1509 3080 1540 ι
3112 1489 3264 1546 Νιιιιο
3295 1492 3524 1547 dimittis
3550 1508 3666 1547 ser-

2085 1596 2211 1635 vum
2263 1589 2413 1634 tuum
2437 1621 2453 1645 ,
2495 1582 2765 1647 Domine,
2817 1584 3111 1637 secundum
3146 1587 3368 1638 verbum
3424 1595 3576 1639 tuum
3609 1587 3663 1639 in

2086 1688 2248 1742 pace;
2276 1672 2532 1742 quoniam
2566 1673 2978 1727 videruntoeuli
3007 1674 3111 1729 mei
3137 1676 3374 1728 salutare
3397 1685 3547 1730 tuum
3563 1673 3606 1730 ’⁸.
3638 1696 3659 1728 ι

2088 1763 2357 1829 Quocirca
2393 1766 2786 1818 contendamus
2827 1780 3047 1820 necesse
3093 1777 3177 1821 est
3207 1769 3422 1837 aperire
3454 1766 3664 1831 oculos,
3758 1798 3764 1803 -

392 1870 708 1942 ὀφθαλμούς
738 1888 853 1934 σου,
886 1873 979 1925 καὶ
1013 1869 1358 1942 ἐμπλήσθητι
1393 1868 1626 1941 ἄρτων.»
1662 1868 1772 1921 Καὶ
1804 1866 1977 1920 ταῦτά

2089 1854 2227 1921 iuxta
2277 1855 2649 1922 Salomonem,
2684 1867 2745 1910 ut
2791 1857 3119 1927 impleamur
3184 1859 3436 1927 panibus.
3484 1857 3667 1930 lnquit

398 1979 491 2033 μοι
523 1961 613 2016 διὰ
643 1961 724 2015 τό·
749 1981 768 2014 ι
791 1961 1149 2019 Ἐπίστευσαν
1173 1963 1239 2033 τῇ
1272 1962 1483 2032 Γραφῇ,
1520 1960 1615 2013 καὶ
1630 1958 1709 2030 τῷ
1731 1958 1894 2029 λόγῳ,
1919 1956 1977 2009 ὃν

393 2048 553 2106 εἶπεν
577 2052 606 2104 6
640 2051 847 2124 Ἰησοῦς
872 2092 887 2117 ,
919 2071 938 2102 ι
965 2051 1201 2124 εἰρήσθω
1222 2067 1236 2081 ·
1266 2052 1354 2105 ἵνα
1399 2051 1461 2104 τὸ
1500 2050 1703 2104 τέλειον
1746 2050 1845 2121 τῆς
1884 2048 1983 2121 πίο.

395 2159 570 2207 στεως
617 2145 683 2197 ἐκ
714 2142 826 2197 τῶν
855 2143 984 2214 περὶ
1023 2143 1261 2206 πίστεως
1308 2142 1692 2213 ἐξητασμένων
1743 2140 1979 2194 καταλά-

393 2236 581 2307 ϐωμεν
636 2236 769 2307 ἡμῖν
818 2234 1139 2306 δοθήσεσθαι
1193 2238 1251 2289 ἐν
1299 2238 1366 2307 τῇ
1405 2234 1617 2307 μεγάλῃ
1666 2236 1732 2287 ἐκ
1768 2232 1979 2305 νεκρῶν

395 2328 694 2383 ἀναστάσει
738 2327 831 2381 τοῦ
871 2328 1073 2392 παντὸς
1128 2327 1303 2396 Ἰησοῦ
1362 2325 1645 2398 σώματος,
1682 2324 1785 2396 τῆς
1817 2325 1979 2393 ἁγίας

405 2420 737 2491 Ἐκκλησίας
766 2419 955 2474 αὐτοῦ.
990 2420 1168 2490 Ὅπερ
1194 2419 1304 2490 γὰρ
1335 2418 1428 2472 ἐπὶ
1461 2417 1715 2487 γνώσεως
1739 2416 1974 2489 εἴρηται·

399 2532 417 2562 ‹
442 2513 608 2584 Ἀρτι
658 2509 916 2581 γινώσκω
959 2513 1025 2565 ἐκ
1070 2512 1289 2583 μέρους,
1321 2530 1340 2563 ι
1376 2511 1497 2564 τόδε
1538 2510 1632 2564 καὶ
1660 2510 1753 2563 ἐπὶ
1779 2509 1980 2572 παντὸς

393 2601 564 2656 καλοῦ
612 2602 901 2657 ἀκόλουθον
941 2600 1092 2674 οἶμαι
1126 2603 1338 2672 λέγειν·
1387 2601 1445 2655 ἓν
1490 2601 1549 2656 δὲ
1590 2600 1701 2655 τῶν
1740 2601 1977 2672 ἄλλωνὴ

394 2697 600 2759 πίστις.
631 2695 851 2768 Διόπερ,
890 2715 909 2746 ι
944 2696 1101 2767 Ἀρτι
1139 2713 1158 2746 ι
1189 2694 1466 2749 πιστεύω(
1505 2695 1570 2747 ἐκ
1600 2695 1817 2765 μέρουςο
1851 2692 1980 2745 ὅταν

389 2784 451 2840 δὲ
478 2785 607 2857 ἔλθῃ
640 2786 702 2839 τὸ
742 2786 950 2840 τέλειον
988 2806 1008 2839 ι
1061 2787 1160 2858 τῆς
1213 2786 1478 2849 πίστεως,
1507 2802 1526 2835 t
1575 2785 1637 2837 τὸ
1679 2786 1744 2837 ἐκ
1780 2783 1981 2855 μέρους

392 2877 896 2949 καταργηθήσεται,
920 2897 939 2929 ι
992 2878 1092 2949 τῆς
1138 2877 1228 2931 διὰ
1283 2876 1457 2940 εἴδους
1509 2875 1747 2939 πίστεως
1799 2875 1980 2947 πολλῷ

391 2968 759 3043 διαφερούσης
790 2969 911 3041 τῆς,
942 2970 1008 3023 ἵν’
1029 2968 1202 3033 οὕτως
1227 2967 1386 3035 εἴπω,
1413 2968 1480 3022 δι’
1512 2969 1776 3041 ἐσόπτρου
1798 2969 1897 3024 καὶ
1922 2970 1980 3023 ἐν

392 3062 704 3133 αἰνίγματι,
728 3062 932 3134 ὁμοίως
958 3064 1024 3134 τῇ
1059 3061 1155 3115 νῦν
1194 3059 1414 3130 γνώσει,
1438 3061 1694 3125 πίστεως.

470 3334 561 3390 28.
598 3354 617 3387 ι
644 3335 801 3399 Ὠςδέ
831 3331 899 3406 ἦν
937 3336 993 3387 ἐν
1026 3338 1138 3399 τοῖς
1165 3335 1558 3407 Ἱεροσολύμοις
1587 3337 1644 3389 ἐν
1669 3334 1747 3406 τῷ
1771 3335 1984 3407 Πάσχα,

395 3430 457 3484 ἐν
476 3432 544 3500 τῇ
574 3430 760 3501 ἑορτῇ,
810 3427 993 3481 πολλοὶ
1035 3428 1360 3481 ἐπίστευσαν
1389 3429 1469 3490 εἰς
1497 3425 1559 3479 τὸ
1591 3425 1761 3497 ὄνομα
1794 3425 1985 3492 αὐτοῦ,

395 3520 734 3594 θεωροῦντες
777 3519 941 3575 αὐτοῦ
978 3521 1047 3574 τὰ
1087 3523 1325 3592 σημεῖα,
1360 3519 1395 3573 ὃ.
1428 3520 1619 3573 ἐποίει.
1661 3519 1836 3583 Αὐτὸς
1868 3520 1928 3573 δὲ
1959 3522 1989 3574 6

412 3611 622 3685 Ἰησοῦς
650 3613 750 3666 οὐκ
785 3612 1103 3666 ἐπίστευσεν
1146 3612 1309 3666 αὐτὸν
1362 3612 1546 3675 αὐτοῖς
1600 3609 1689 3665 διὰ
1731 3611 1793 3664 τὸ
1824 3610 1988 3665 αὐτὸν

397 3703 693 3776 γινώσκειν
722 3705 932 3768 πάντας
951 3744 966 3768 ,
1019 3703 1113 3757 καὶ
1151 3703 1235 3758 ὅτι
1265 3704 1327 3757 οὐ
1367 3704 1555 3775 χρείαν
1584 3701 1748 3774 εἶχεν,
1783 3703 1872 3757 ἵνα
1903 3720 1987 3767 τις

398 3796 734 3868 μαρτυρήσῃ
763 3797 892 3865 περὶ
922 3793 1230 3867 ἀνθρώπου.
1266 3795 1437 3857 Αὐτὸς
1488 3795 1595 3866 γάρ
1641 3795 1904 3863 ἐγίνωσκε
1933 3795 1987 3847 τί

398 3886 473 3963 ἧν
504 3890 562 3943 ἐν
590 3887 667 3960 τῷ
700 3886 970 3961 ἀνθρώπῳ
1003 3886 1135 3958 (68).
1177 3905 1195 3937 ι
1246 3886 1486 3957 Ζητήσαι
1513 3902 1597 3948 τις
1627 3884 1693 3938 ἂν
1727 3883 1845 3948 πῶς
1877 3885 1990 3947 τοῖς

405 3980 922 4054 μεμαρτυρημένοις
968 3980 1281 4043 πιστεύειν,
1328 3975 1518 4028 ἐαυτὸν
1567 3975 1669 4027 οὐκ
1704 3973 1990 4028 ἐπίστευεν

400 4072 515 4144 (69)
541 4075 571 4127 6
607 4071 836 4142 Ἰησοῦς.
866 4069 1098 4124 Λεκτέον
1123 4069 1181 4123 δὲ
1211 4067 1348 4140 πρὸς
1378 4067 1554 4133 τοῦτο,
1604 4067 1686 4120 ὅτι
1730 4067 1851 4137 οὐχὶ
1877 4068 1990 4130 τοῖς

400 4165 756 4219 πιστεύουσιν
785 4163 865 4225 εἰς
893 4161 1056 4215 αὐτὸν
1085 4160 1146 4213 οὐ
1180 4159 1426 4223 πιστεύει
1463 4160 1653 4212 ἑαυτὸν
1692 4160 1719 4207 6
1759 4157 1988 4229 Ἰησοῦς,

399 4255 543 4311 ἀλλὰ
588 4258 703 4318 τοῖς
756 4252 1103 4307 πιστεύουσιν
1129 4253 1207 4314 είς
1244 4251 1306 4304 τὸ
1331 4253 1500 4322 ὄνομα
1525 4248 1710 4304 αὑτοῦ·
1742 4249 1991 4321 διαφέρει

396 4348 513 4419 γὰρ
543 4347 638 4402 τοῦ
685 4346 960 4400 πιστεύειν
1007 4348 1087 4408 είς
1120 4345 1281 4398 αὑτὸν
1308 4345 1370 4398 τὸ
1403 4342 1678 4397 πιστεύειν
1709 4344 1788 4407 εἰς
1820 4343 1992 4413 ὄνομα

398 4440 592 4497 αὑτοῦ.
638 4441 698 4495 '0
723 4438 855 4509 γοῦν
886 4438 976 4492 διά
1009 4439 1192 4492 πίστιν
1237 4437 1311 4509 μὴ
1340 4438 1735 4509 κριθησόμενος
1785 4436 1863 4507 τῷ
1912 4439 1993 4500 είς

2085 1949 2229 2001 enim
2261 1963 2276 1999 :
2315 1965 2333 1998 ι
2366 1949 2528 2017 Aperi
2553 1947 2760 2012 oculos,
2793 1959 2845 2004 et
2881 1953 3122 2020 repleare
3148 1953 3377 2020 panibus
3406 1954 3451 2007 ⁵.
3492 1972 3513 2004 ι
3557 1953 3664 2008 Sed

2086 2039 2345 2094 hactenus
2383 2039 2450 2095 de
2479 2056 2544 2095 eo
2566 2079 2582 2107 ,
2614 2041 2757 2108 quod
2788 2042 2987 2096 dicitur
3015 2061 3031 2099 :
3069 2063 3089 2094 ι
3121 2044 3485 2101 Crediderunt
3512 2044 3665 2102 Scri-

2085 2140 2256 2197 pturae
2281 2170 2295 2190 ,
2328 2140 2380 2184 et
2429 2131 2672 2185 sermoni
2703 2147 2865 2201 quem
2897 2133 3034 2187 dixit
3073 2130 3230 2188 Jesus
3260 2135 3301 2199 ⁶,
3338 2153 3358 2186 ι
3398 2143 3459 2189 ιιι
3481 2150 3550 2190 ex
3582 2136 3669 2191 his

2087 2236 2207 2289 quae
2236 2223 2301 2276 de
2346 2221 2451 2277 ﬁde
2480 2221 2881 2293 'exquisivimus
2907 2269 2921 2291 ,
2956 2225 3347 2295 perfectionem
3381 2224 3506 2284 lidei
3550 2231 3667 2285 dari

2088 2314 2247 2369 nobis
2304 2316 2840 2383 coriiprehendattitts
2896 2320 2948 2371 in
3009 2334 3207 2389 magna
3270 2322 3670 2377 resurrectione

2089 2409 2258 2461 totius
2298 2409 2544 2478 corporis
2578 2408 2805 2477 Christi,
2862 2428 3056 2483 nempe
3106 2424 3310 2470 sanctae
3356 2416 3526 2484 ipsius
3566 2415 3669 2470 Ec-

2087 2497 2290 2552 clesiae.
2348 2496 2483 2551 Nam
2550 2501 2692 2567 quod
2749 2501 2818 2555 de
2876 2503 3185 2572 cognitione
3240 2513 3327 2559 est
3397 2505 3603 2560 dictum
3652 2523 3668 2561 :

2091 2606 2111 2638 ι
2147 2589 2302 2644 Νιιιιο
2332 2604 2602 2659 cognosco
2630 2606 2698 2644 ex
2728 2601 2884 2660 parte
2911 2593 2955 2660 τ,
2989 2614 3008 2646 ι
3043 2595 3095 2649 id
3136 2597 3303 2649 etiam
3331 2612 3674 2668 consequen-

2089 2692 2171 2736 ter
2201 2685 2270 2739 de
2300 2684 2493 2753 quovis
2528 2684 2671 2739 bono
2689 2684 2794 2739 dici
2829 2685 3093 2751 arbitror,
3123 2703 3356 2757 quorum
3385 2706 3551 2745 unum
3585 2701 3673 2747 est

2086 2777 2250 2830 etiam
2284 2778 2437 2833 ﬁdes.
2491 2776 2883 2844 Quamobrem,
2927 2781 3092 2834 credo
3129 2799 3147 2830 ‹
3183 2796 3327 2835 nunc
3364 2797 3430 2836 ex
3465 2792 3620 2852 parte
3652 2800 3667 2837 :

2088 2884 2213 2924 cum
2269 2884 2404 2925 vero
2451 2872 2663 2925 venerit
2713 2872 2977 2942 perfectio
3013 2891 3032 2923 ι
3071 2872 3239 2939 ﬁdei,
3290 2893 3309 2926 ι
3354 2876 3671 2932 destruetur

2087 2961 2233 3032 quod
2279 2977 2345 3017 ex
2384 2972 2542 3032 parte
2579 2973 2665 3019 est
2691 2964 2748 3031 ⁸;
2789 2983 2808 3016 ι
2846 2966 2950 3021 ﬁde
3008 2981 3071 3019 ea
3128 2981 3249 3036 quae
3302 2983 3402 3038 per
3437 2968 3671 3024 formam

2088 3046 2359 3118 subsistit,
2391 3053 2553 3123 longe
2598 3054 2944 3124 praecellente
2976 3056 3067 3110 illa
3108 3056 3215 3113 ﬁde
3245 3072 3367 3127 qua:
3417 3076 3516 3130 per
3543 3076 3673 3132 spe-

2088 3144 2295 3212 culum,
2328 3155 2388 3200 ut
2420 3145 2495 3200 ita
2521 3146 2739 3216 loquar,
2764 3158 2869 3213 est,
2909 3151 3031 3202 etin
3069 3152 3359 3219 aenigmate
3374 3153 3416 3217 ⁹,
3447 3154 3674 3222 perinde

2008 3229 2051 3285 C
2087 3244 2251 3307 atque
2282 3251 2527 3308 praisens
2555 3241 2817 3310 cognitio.

2155 3329 2250 3385 28.
2288 3348 2307 3381 ι
2347 3329 2484 3385 Cum
2516 3342 2696 3385 autem
2726 3344 2873 3386 esset
2920 3331 3279 3402 Jerosnlyuiis
3328 3335 3382 3388 in
3435 3333 3667 3401 Pascha,

2088 3422 2144 3476 in
2194 3421 2285 3479 die
2317 3422 2477 3489 festo,
2509 3424 2664 3478 multi
2699 3424 3050 3480 crediderunt
3084 3427 3135 3479 iu
3166 3428 3383 3481 nomine
3411 3428 3555 3497 ejus,
3588 3442 3673 3482 νι-

2090 3516 2283 3570 dentes
2331 3516 2504 3585 ipsius
2556 3516 2706 3587 signa
2737 3531 2859 3586 quae
2889 3515 3148 3572 faciebat.
3198 3518 3316 3585 Ipse
3353 3533 3483 3574 vero
3508 3515 3674 3577 Jesus

2088 3623 2198 3662 non
2230 3608 2487 3664 credebat
2512 3609 2750 3679 seipsum
2791 3609 2918 3674 illis,
2947 3624 3014 3664 eo
3049 3610 3192 3678 quod
3230 3609 3345 3680 ipse
3376 3624 3671 3682 cognosce-

2090 3711 2174 3755 ret
2213 3716 2430 3766 omnes,
2476 3716 2576 3757 nec
2602 3716 2741 3772 opus
2780 3703 3010 3759 haberet
3044 3714 3102 3757 ut
3132 3703 3520 3759 testiﬁcaretur
3548 3707 3673 3774 quis

2090 3793 2161 3850 de
2192 3794 2433 3849 homine.
2481 3795 2601 3864 ipse
2634 3797 2783 3850 enim
2810 3797 3018 3850 sciebat
3048 3798 3177 3866 quid
3224 3806 3372 3852 esset
3401 3797 3455 3851 in
3488 3797 3637 3853 homi
3660 3826 3678 3842 -

2091 3903 2159 3942 ne
2185 3887 2248 3941 ‘°.
2291 3906 2310 3939 ι
2371 3888 2590 3953 Quaerat
2648 3888 2846 3958 aliquis
2893 3888 3058 3958 210
3088 3891 3380 3958 quomodo
3429 3891 3673 3960 seipsum

2093 3996 2202 4034 non
2250 3980 2503 4035 crederet
2528 3978 2688 4033 Jesus
2736 3978 2826 4033 his
2852 3979 2919 4034 de
2947 3980 3146 4047 quibus
3181 3986 3441 4033 testatum
3498 3978 3678 4035 fuerat.

2091 4075 2235 4144 quod
2270 4074 2563 4129 crederent
2596 4088 2611 4127 :
2647 4074 2712 4127 ad
2764 4073 2911 4141 quod
2957 4073 3249 4129 dicendum
3279 4081 3383 4138 est,
3428 4088 3537 4128 non
3585 4072 3676 4127 his

2093 4170 2183 4238 qui
2214 4168 2452 4222 credunt
2507 4167 2559 4220 in
2619 4166 2796 4235 ipsum
2835 4181 2943 4221 non
2971 4181 3032 4220 se
3061 4168 3288 4221 credere
3330 4164 3539 4231 Jesum,
3575 4165 3677 4220 sed

2096 4262 2180 4316 his
2209 4261 2301 4330 qui
2328 4263 2560 4315 credunt
2590 4262 2644 4312 iu
2679 4260 2901 4315 nomine
2947 4257 3085 4329 ejus.
3123 4257 3318 4314 Diﬁ‘ert
3347 4259 3498 4314 enim
3543 4272 3671 4314 cre-

2094 4353 2225 4407 dere
2256 4351 2309 4406 in
2345 4352 2546 4421 ipsum,
2573 4351 2642 4406 ab
2678 4364 2744 4407 eo
2774 4353 2919 4422 quod
2954 4361 3041 4406 est
3078 4354 3304 4407 credere
3341 4351 3395 4407 in
3454 4352 3678 4409 nomine

2097 4443 2294 4511 ipsius.
2346 4439 2538 4510 Itaque
2591 4441 2685 4511 qui
2732 4457 2833 4512 per
2861 4441 3023 4496 ﬁdem
3073 4457 3184 4496 non
3216 4452 3301 4498 est
3328 4441 3674 4512 iudicandus.

401 4530 568 4586 αὐτὸν
622 4529 898 4583 πιστεύειν
937 4529 998 4583 ού
1046 4529 1311 4601 κρίνεται,
1343 4530 1464 4600 οὐχὶ
1505 4530 1562 4582 δὲ
1600 4530 1681 4593 είς
1720 4528 1781 4581 τὸ
1821 4528 1984 4598 ὄνομα

2099 4550 2206 4589 ιιοιι
2232 4532 2508 4601 iudicatur
2536 4547 2601 4588 eo
2627 4536 2772 4603 quod
2801 4536 2990 4590 credat
3017 4534 3071 4590 in
3108 4535 3309 4606 ipsum,
3346 4551 3456 4592 non
3493 4547 3674 4593 autem

398 4623 590 4680 αὐτοῦ·
625 4623 759 4694 φησὶ
785 4622 893 4693 γὰρ
915 4622 944 4674 6
976 4621 1208 4693 Κύριος·
1242 4642 1259 4673 ι
1298 4622 1357 4675 ’0
1390 4622 1659 4675 πιστεύων
1692 4622 1771 4685 εἰς
1797 4621 1899 4692 ἐμὲ
1925 4621 1984 4674 οὐ

2096 4641 2162 4680 eo
2188 4626 2335 4695 quod
2369 4627 2558 4681 credat
2587 4626 2655 4680 in,
2678 4628 2901 4683 nomine
2943 4627 3137 4695 ipsius.
3179 4627 3356 4696 lnquit
3382 4629 3530 4682 enim
3568 4630 3679 4684 Do;

399 4714 682 4785 κρίνεται·
725 4731 744 4764 ι
775 4711 896 4782 οὐχὶ
924 4711 1002 4775 δέ,
1042 4712 1101 4765 '0
1130 4712 1401 4767 πιστεύων
1444 4714 1523 4776 εἰς
1560 4712 1620 4766 τὸ
1666 4712 1837 4784 ὄνομά
1884 4730 1986 4783 μου

399 4805 468 4859 οὔ
499 4805 777 4876 κρίνεται’
822 4806 1004 4860 ούκέτι
1052 4806 1326 4875 δέ,φησιν,
1372 4806 1430 4858 '0
1471 4804 1741 4858 πιστεύων
1775 4805 1857 4868 είς
1888 4805 1988 4875 ἐμὲ

400 4896 507 4969 ἤδη
544 4898 823 4970 κέκριται·
868 4900 1010 4971 τάχα
1056 4898 1167 4969 γὰρ
1193 4901 1221 4952 6
1254 4898 1527 4951 πιστεύων
1573 4899 1655 4961 εἰς
1699 4897 1761 4951 τὸ
1816 4897 1988 4969 ὄνομα

401 4988 573 5043 αὐτοῦ
608 4989 855 5043 πιστεύει
885 4992 1006 5063 μὲν,
1040 4991 1229 5063 διόπερ
1261 4992 1362 5043 οὐκ
1398 4989 1546 5042 ἐστιν
1584 4988 1734 5056 ἄξιος
1761 4988 1862 5060 ἤδη
1898 5006 1989 5043 κε-

401 5080 651 5152 κρίσθαι,
682 5060 920 5133 ἐλάττων
948 5060 1058 5153 (Ἰο)
1106 5082 1167 5136 δέ
1198 5060 1318 5135 ἐστι
1366 5080 1460 5134 τοῦ
1518 5079 1864 5144 πιστεύοντος
1910 5083 2023 5146 είς·

401 5172 592 5226 αὐτόν.
639 5174 739 5228 Διὰ
771 5170 929 5226 τοῦτο
964 5174 1044 5246 τῷ
1077 5170 1385 5227 πιστεύοντι
1418 5172 1499 5237 είς
1526 5170 1588 5224 τὸ
1618 5170 1791 5242 ὄνομα
1822 5173 1987 5226 αὐτοῦ

2098 4719 2278 4774 minus
2312 4737 2324 4773 :
2370 4742 2388 4770 ς
2423 4719 2527 4786 Qui
2565 4721 2742 4775 credit
2777 4722 2833 4774 in
2862 4735 2971 4786 nte,
3007 4736 3114 4776 non
3141 4720 3418 4788 judicatur
3448 4722 3526 4787 ¹¹;
3569 4741 3588 4775 ι
3622 4733 3679 4777 at

2099 4827 2208 4865 non
2237 4812 2367 4867 item
2389 4852 2406 4883 ,
2430 4814 2523 4883 qui
2555 4814 2730 4869 credit
2760 4814 2814 4869 in
2844 4814 3066 4869 nomine
3095 4829 3219 4869 meo
3252 4830 3356 4869 non
3377 4812 3674 4882 iudicatur.

2098 4903 2210 4960 Nec
2241 4913 2423 4962 tamen
2457 4906 2653 4978 inquit,
2684 4906 2789 4975 Qui
2818 4907 2993 4964 credit
3026 4907 3080 4962 in
3112 4922 3219 4973 me,
3250 4908 3364 4978 jam
3396 4906 3679 4976 judicatus

2099 5003 2203 5051 est.
2248 4996 2524 5051 Fortassis
2573 4997 2720 5052 enim
2756 4997 2847 5066 qui
2897 4997 3077 5052 credit
3124 4998 3181 5053 in
3233 4996 3456 5053 nomine
3482 4996 3673 5067 ipsius,

2095 5088 2269 5142 credit
2299 5088 2543 5158 quidem,
2588 5103 2762 5158 quare
2805 5091 3060 5160 indignus
3090 5099 3175 5146 est
3201 5090 3293 5160 qui
3321 5089 3435 5160 jam
3452 5087 3673 5158 judica-

2097 5191 2183 5235 tus
2209 5180 2416 5245 sit,sed
2446 5181 2626 5236 minor
2651 5196 2719 5236 eo
2750 5182 2950 5251 estqui
2980 5182 3155 5237 credit
3185 5181 3237 5235 in
3274 5181 3471 5249 ipsum.
3501 5182 3673 5249 Quam

401 5264 600 5318 ἑαυτὸν
632 5266 693 5319 οὐ
743 5267 990 5322 πιστεύει
1020 5268 1050 5320 ό
1093 5263 1319 5337 Ἰησοῦς.
1354 5262 1525 5317 Αὐτοῦ
1578 5262 1757 5317 τοίνυν
1789 5264 1984 5334 μᾶλλον

2093 5273 2163 5328 ob
2190 5287 2413 5328 causam
2448 5273 2697 5329 credenti
2723 5273 2779 5328 in
2807 5274 3029 5328 nomine
3063 5274 3239 5343 ipsius
3264 5273 3507 5342 seipsum
3561 5287 3672 5327 non

481 5409 499 5435 ¹
530 5403 718 5461 Matth.
748 5422 868 5467 xm.
902 5407 988 5461 16.
1108 5406 1129 5437 ²
1152 5405 1279 5461 ibid.
1306 5404 1398 5460 24.
1496 5404 1518 5436 ³
1552 5403 1706 5461 Joan.
1744 5420 1837 5467 xx,
1864 5404 1953 5459 29.

400 5473 425 5504 '
465 5473 484 5528 l
512 5475 640 5530 Cor.
673 5491 797 5540 xm,
826 5477 915 5532 12.
1009 5476 1033 5509 ⁸
1068 5476 1199 5531 ibid.
1235 5476 1323 5533 11).
1399 5475 1421 5508 ⁹
1449 5475 1584 5531 ibid.
1614 5475 1704 5529 12.

482 5588 597 5670 (εξ-ι)
647 5588 864 5657 Ἰησοῦ.
930 5589 1023 5645 Sic
1091 5588 1263 5644 codex
1322 5587 1687 5654 Bodleianus;
1749 5587 1986 5658 Regius,

402 5660 598 5799 δεῖξέ)
649 5729 747 5782 Ἐν
801 5728 883 5794 τῷ
930 5728 1238 5798 ἀνθρώπῳ.
1289 5726 1642 5799 Desideratur
1689 5728 1743 5783 in
1796 5692 1985 5785 codice

406 5798 605 5870 Regio,
631 5800 728 5855 sed
761 5800 1066 5853 restituitur
1091 5814 1122 5853 e
1149 5799 1340 5854 codice
1370 5798 1677 5854 Bodleiano.

688 5893 963 5955 ΡΑτιιοι..
984 5892 1116 5975 “Gn.
1147 5892 1320 5957 XlV‘.

2052 5407 2075 5437 ⁵
2105 5403 2236 5460 Luc.
2271 5421 2334 5470 lt,
2364 5405 2458 5472 29,
2492 5405 2581 5462 50.

1804 5476 1846 5507 ¹⁰
1873 5474 2034 5531 Joan.
2070 5493 2128 5540 ιι,
2154 5475 2225 5530 ‘25
2260 5492 2378 5547 seq.

2678 5406 2702 5440 ⁵
2725 5404 2881 5462 Prov.
2909 5422 3003 5471 xx,
3036 5407 3124 5461 13.

2458 5478 2509 5509 ⁸⁸·
2538 5480 2695 5535 Joan.
2734 5493 2817 5542 ιιι,
2847 5478 2935 5532 18.

2165 5590 2279 5660 (69)
2318 5589 2501 5646 Codex
2534 5591 2755 5662 Regius,
2789 5590 3064 5644 πιστεύειν
3096 5591 3184 5642 ἐπ’
3207 5590 3393 5655 αὐτὸν,
3419 5589 3522 5645 οὐκ
3550 5587 3671 5646 ιπε-

2096 5677 2335 5714 στευσεν.

2165 5732 2277 5803 (70)
2316 5733 2459 5788 idem
2485 5732 2655 5788 codex
2688 5730 2912 5801 Regius,
2949 5744 3261 5800 perperam,
3289 5727 3537 5789 ἔλαττον.

3353 5886 3431 5949 13

3222 5406 3244 5437 ⁶
3278 5404 3437 5461 Joan.
3471 5421 3536 5472 ιι,
3574 5404 3667 5461 22.
