4170 6400
575 388 683 442 395

2027 388 2352 446 ORIGENIS

3743 402 3844 457 596

579 505 758 560 credit
779 503 961 561 Jcsus.
993 503 1175 575 ipsum
1209 507 1398 579 igitur,
1443 510 1624 580 potius
1646 526 1810 581 quam
1839 525 1997 566 suum
2059 527 2153 566 no;

2267 511 2299 581 ἢ
2335 509 2426 563 τοῦ
2459 510 2724 581 ὀνόματος
2750 511 2916 565 αὐτοῦ
2947 510 3168 581 ἔχεσθαι
3195 513 3296 578 δεῖ,
3327 513 3417 566 ἵνα
3470 512 3568 584 μὴ,
3612 519 3694 590 τῷ
3739 517 3846 570 ὀνόο

580 613 705 653 rnen
750 598 1054 656 habeamus
1081 617 1308 657 necesse
1334 613 1440 667 est,
1478 618 1546 658 ne
1577 604 1630 658 in
1659 605 1877 660 nomine
1903 605 2022 675 ejus
2046 605 2160 658 vir-

580 697 728 746 rules
764 689 1034 748 facientes
1063 693 1355 750 audiamus
1384 708 1504 764 qua:
1538 696 1606 750 ab
1651 696 1772 766 ipso
1801 697 1944 752 dicta
1977 697 2161 751 audie-

581 794 711 839 runt
742 785 836 855 qui
885 786 1260 854 gloriabantur
1289 787 1344 840 in
1379 787 1598 841 nomine
1627 788 1816 856 ipsius,
1866 789 1960 844 sed
1986 792 2159 843 conﬁ-

583 876 782 930 damus
813 878 1122 932 imitatores
1157 875 1285 931 facti
1309 876 1461 931 Pauli
1487 879 1714 936 dicere:
1757 897 1776 930 ι
1815 879 2008 936 Omnia
2037 895 2163 949 pos-

586 984 706 1022 sum
755 970 810 1023 in
865 965 992 1026 Jesu
1041 968 1260 1026 Christo
1290 983 1377 1023 me
1408 973 1804 1027 corroborante
1841 975 1904 1028 “.
1948 993 1967 1026 ι
2023 974 2158 1028 Illud

582 1070 762 1114 autem
794 1061 1196 1117 observandum
1226 1074 1348 1129 est,
1379 1065 1521 1133 quod
1560 1066 1810 1134 superius
1835 1066 2051 1136 quidem
2084 1068 2163 1122 di-

579 1165 674 1209 cat
711 1154 755 1186 ¹³
786 1169 952 1224 prope
977 1169 1102 1210 esse
1145 1155 1351 1211 Pascha
1381 1154 1720 1222 Iudaeorum,
1754 1158 1844 1212 hic
1879 1172 2007 1213 vero
2050 1174 2157 1214 non

581 1251 636 1302 in
666 1247 936 1304 Paschate
959 1247 1294 1314 Judarorum,
1317 1249 1410 1304 sed
1429 1249 1482 1304 in
1515 1248 1783 1306 Paschate
1807 1249 2160 1322 Jerosolymis

582 1350 702 1397 erat
750 1346 910 1396 Jesus
948 1340 1028 1405 l‘;
1077 1351 1132 1395 et
1165 1341 1273 1394 illic
1300 1343 1519 1410 quidem
1578 1342 1799 1412 quando
1849 1341 2155 1398 Iudaeorum

557 1429 788 1492 'dicitur
810 1433 1048 1499 Pascha,
1076 1449 1183 1488 non
1213 1435 1416 1488 dictum
1445 1444 1523 1489 est
1558 1435 1675 1490 dies
1701 1435 1891 1502 festus,
1916 1436 2002 1491 hic
2029 1451 2158 1492 vero

582 1529 846 1598 scriptum
883 1526 1050 1580 fuisse
1076 1523 1262 1580 Jesum
1293 1540 1415 1580 esse
1450 1526 1504 1580 in
1537 1527 1624 1581 die
1662 1526 1801 1583 festo
1833 1546 1850 1585 :
1880 1525 2158 1600 Jerosoly-

583 1619 690 1675 mis
715 1619 858 1674 enim
887 1621 1157 1673 exsistens
1185 1616 1434 1673 Christus
1471 1618 1524 1671 in
1564 1617 1831 1674 Paschate
1863 1627 1983 1674 erat
2012 1629 2068 1674 et
2101 1620 2154 1674 in

579 1714 668 1768 die
723 1712 906 1780 festo,
949 1710 1132 1765 multis
1190 1711 1546 1766 credentibus
1607 1712 1773 1764 etiam
1831 1711 1883 1766 in
1939 1711 2156 1766 nomine

577 1805 770 1875 ipsius.
804 1806 880 1858 Ac
913 1803 1162 1874 profecto
1198 1802 1330 1858 illud
1382 1803 1550 1857 etiam
1597 1802 2005 1858 observandum
2049 1813 2152 1868 est,

2272 618 2402 670 ματι
2445 601 2610 656 αὐτοῦ
2659 602 2917 674 δυνάμεις
2951 602 3250 671 ποιοῦντες,
3285 605 3606 676 ἀκούσωμεν
3649 607 3721 662 τὰ
3761 610 3856 664 ἐπὶ

2265 692 2346 762 τῷ
2403 693 2626 763 ὀνόματι
2685 693 2833 764 μόνῳ
2877 695 3310 766 καυχησαμένων
3346 695 3513 749 αὑτοῦ
3545 699 3812 768 εἰρημένα
3837 718 3853 731 °

2266 783 2402 838 ἀλλὰ
2447 784 2810 856 θαρρήσωμεν
2867 786 3100 856 μιμηταὶ
3159 785 3255 838 τοῦ
3326 785 3543 840 Παύλου
3584 789 3858 860 γινόμενοι

2266 878 2474 929 εἰπεῖν·
2513 894 2532 927 ι
2573 877 2760 930 Πάντα
2791 879 2960 948 ἰσχύω
2992 879 3050 931 ὲν
3079 876 3157 948 τῷ
3195 877 3581 949 ἐνδυναμοῦντί
3618 898 3688 951 με
3720 883 3856 954 Χρι-

2269 969 2378 1039 στῷ
2423 969 2618 1041 Ἰησοῦ.
2645 991 2663 1022 ι
2702 971 3127 1042 Παρατηρητέον
3161 971 3218 1024 δὲ
3247 972 3340 1024 καὶ
3381 971 3559 1037 τοῦτο,
3593 974 3679 1026 ὅτι
3717 975 3858 1029 ἀνω-

2264 1062 2408 1133 τέρω
2445 1063 2540 1134 μὲν
2570 1064 2737 1132 ἐγγύς
2765 1081 2928 1134 φησιν
2953 1059 3094 1116 εἶναι
3127 1063 3188 1116 τὺ
3215 1063 3407 1133 Πάσχα
3437 1063 3551 1134 (71)
3573 1063 3684 1118 τῶν
3722 1065 3858 1118 Ἴου-

2263 1155 2448 1216 δαίων,
2480 1155 2666 1209 ἐνθάδε
2697 1156 2754 1209 δὲ
2787 1157 2888 1210 οὒκ
2930 1157 2987 1209 ὲν
3024 1155 3102 1226 τῷ
3141 1156 3334 1226 Πάσχα
3378 1155 3487 1210 τῶν
3539 1157 3814 1210 Ἰουδαίων
3839 1198 3856 1224 ,

2264 1247 2378 1302 ἀλλ’
2406 1248 2464 1300 ὲν
2494 1247 2571 1318 τῷ
2603 1248 2794 1318 Πάσχα
2833 1247 3224 1319 Ἰεροσολύμοις
3253 1243 3322 1317 ἦν
3353 1249 3382 1300 6
3428 1248 3655 1318 Ἰησοῦς·
3698 1251 3860 1303 κάκεῖ

2267 1333 2388 1404 μὲν,
2419 1334 2507 1386 ὅτε
2551 1335 2820 1387 Ἰουδαίων
2869 1335 3088 1403 λέγεται
3128 1335 3190 1388 τὸ
3229 1335 3424 1406 Πάσχα
3447 1377 3462 1400 ,
3498 1339 3599 1390 οὐκ
3635 1339 3858 1410 εἴρηται

2264 1427 2459 1497 ἑορτή·
2492 1426 2680 1480 ἐνθάδε
2710 1427 2766 1480 δὲ
2799 1429 2827 1480 6
2863 1426 3072 1498 Ἰησοῦς
3120 1428 3533 1498 ἀναγέγραπται
3598 1424 3742 1482 εἶναι
3797 1431 3856 1483 ὲν

2261 1521 2327 1588 τῇ
2368 1519 2563 1589 ἑορτῇο
2620 1519 2680 1571 ὲν
2711 1521 2825 1582 τοῖς
2889 1519 3282 1590 Ἱεροσολύμοις
3320 1520 3429 1590 γὰρ
3462 1520 3751 1590 τυγχάνων
3796 1522 3855 1574 ὲν

2263 1613 2456 1684 Πάσχα
2483 1615 2576 1667 καὶ
2599 1615 2759 1686 ἑορτῇ
2783 1610 2874 1686 ἦν,
2906 1615 3118 1669 πολλῶν
3148 1616 3513 1671 πιστευόντων
3547 1615 3654 1670 κᾶν
3680 1618 3762 1680 εἰς
3793 1617 3855 1669 τὸ

2261 1705 2430 1777 ὄνομα
2464 1706 2648 1760 αύτοῦ.
2683 1708 2795 1761 Καὶ
2825 1708 3244 1780 παρατηρητέον
3271 1725 3336 1777 γε
3356 1748 3372 1773 ,
3417 1709 3500 1762 ὃτι
3532 1707 3726 1760 πολλοὶ⁸
3752 1708 3854 1759 οὐκ

2261 1799 2340 1861 είς
2368 1798 2552 1861 αὑτὸν,
2571 1797 2684 1851 ἀλλ’
2708 1798 2789 1861 είς
2811 1797 2872 1850 τὸ
2891 1797 3060 1869 ὄνομα
3087 1799 3250 1852 αὐτοῦ
3279 1797 3554 1852 πιστεύειν
3575 1797 3853 1866 λέγονται.

577 1897 779 1952 multos
808 1897 913 1951 dici
948 1897 1172 1951 credere
1201 1911 1311 1950 non
1345 1895 1399 1950 in
1450 1895 1627 1966 ipsum
1662 1937 1677 1963 ,
1715 1896 1810 1952 sed
1843 1897 1898 1951 in
1937 1897 2153 1951 nomine

2260 1890 2322 1942 (ll
2349 1889 2407 1942 δὲ
2446 1891 2524 1953 είς
2553 1889 2714 1943 αύτὺν
2744 1890 3097 1955 πιστεύοντες
3143 1893 3226 1955 είς
3253 1891 3350 1962 τὴν
3407 1891 3602 1962 στενὴν
3638 1889 3732 1943 καὶ
3766 1905 3854 1942 τε-

576 1989 768 2058 ipsius.
825 1987 924 2056 Qui
960 2003 1090 2043 vero
1133 1988 1186 2042 in
1227 1987 1379 2041 illum
1437 1988 1708 2052 credunt,
1762 1987 1818 2042 hi
1876 1998 2007 2043 sunt
2061 1989 2152 2058 qui

573 2079 858 2136 ambulant
893 2095 988 2148 per
1012 2081 1154 2133 viam
1186 2087 1394 2134 arctam
1440 2086 1604 2149 atque
1634 2086 1919 2148 angustam
1951 2079 2155 2134 ducen-

574 2182 683 2226 tem
716 2171 782 2226 ad
811 2173 999 2238 vitam,
1038 2186 1159 2240 qua:
1185 2185 1214 2224 a
1242 2169 1766 2240 quampaucissimis
1793 2169 2150 2225 invenitur".

574 2263 722 2320 Fieri
754 2272 992 2318 attamen
1019 2271 1198 2334 potest
1229 2271 1290 2316 ut
1323 2261 1480 2315 multi
1513 2275 1580 2316 ex
1610 2261 1695 2316 his
1727 2260 1822 2329 qui
1849 2262 1900 2315 in
1932 2260 2154 2316 nomine

573 2353 748 2424 ipsius
783 2353 1034 2418 credunt,
1079 2352 1402 2408 recumbam
1422 2365 1547 2406 eum
1568 2349 1871 2418 Abraham,
1892 2361 1949 2407 et
1975 2351 2152 2419 Isaac,

573 2444 821 2501 ctJacob
862 2445 917 2498 in
949 2458 1118 2514 regno
1148 2441 1448 2510 caelorum;
1483 2444 1744 2512 quoniam
1800 2461 1820 2496 ι
1874 2443 2030 2499 multi
2084 2445 2154 2501 ab

575 2538 801 2594 Oriente
827 2545 884 2590 et
913 2533 1209 2590 Occidente
1253 2534 1495 2599 venient,
1552 2545 1608 2590 et
1656 2534 1978 2590 recumbent
2027 2551 2152 2591 cum

574 2630 876 2694 Abraham,
901 2636 954 2682 et
983 2625 1158 2688 Isaac,
1182 2636 1238 2681 et
1258 2623 1428 2681 Jacob
1448 2625 1504 2680 in
1537 2641 1707 2696 regno
1734 2627 1995 2682 caelorum
2023 2627 2088 2692 ⁸⁸,
2127 2647 2146 2681 ι

573 2736 696 2791 qua:
724 2720 919 2776 domus
946 2727 1032 2774 est
1073 2715 1280 2780 Patris,
1333 2717 1388 2772 in
1443 2734 1550 2788 qua
1599 2720 1916 2774 mansiones
1970 2719 2154 2775 intritae

573 2820 700 2866 sunt
737 2811 801 2866 ".
837 2810 1017 2879 Atque
1047 2809 1212 2864 etiam
1249 2809 1351 2863 hoc
1381 2808 1784 2864 observandum
1815 2817 1922 2872 est,
1953 2808 2153 2864 multos

573 2905 867 2958 credentes
916 2903 968 2955 in
1012 2899 1235 2955 nomine
1285 2900 1496 2969 ipsius,
1551 2915 1657 2955 non
1695 2899 2150 2969 quemadmodum

572 2997 843 3058 Andreas,
892 3003 949 3048 et
995 2991 1215 3056 Petrus,
1273 3000 1330 3045 et
1380 2990 1708 3056 Nathanael,
1744 3001 1802 3046 et
1842 2991 2150 3063 Philippus,

574 3089 798 3144 credere
852 3087 918 3151 "',
948 3086 1044 3140 sed
1097 3084 1411 3139 testimonio
1464 3082 1692 3140 Joannis
1739 3101 1934 3154 parere
1966 3086 2152 3142 dicen-

577 3183 646 3236 lis
670 3179 714 3213 ι’
745 3195 762 3234 :
797 3197 816 3232 ι
841 3176 985 3232 Ecce
1011 3177 1198 3246 Agnus
1231 3175 1322 3231 ille
1354 3173 1448 3230 Dei
1479 3191 1496 3242 ;
1531 3193 1550 3228 ι
1590 3176 1676 3230 vel
1709 3175 1932 3232 Christo
1952 3178 2021 3232 ab
2048 3177 2152 3230 An-

573 3275 705 3329 drea
735 3279 974 3342 reperto,
998 3268 1082 3322 vel
1113 3267 1214 3338 ipsi
1242 3266 1369 3322 Jesu
1392 3267 1596 3323 dicenti
1623 3269 1692 3323 ad
1714 3268 2022 3340 Philippum
2052 3271 2098 3302 ὀ
2132 3285 2147 3325 :

577 3383 598 3416 ‹
633 3363 882 3432 Sequere
929 3373 1053 3424 me;
1095 3376 1115 3410 ι
1149 3356 1234 3413 vel
1268 3356 1516 3428 Philippo
1546 3357 1750 3413 dicenti
1783 3359 1826 3390 "
1859 3375 1875 3416 :
1919 3377 1938 3410 ι
1975 3359 2148 3425 Quem

571 3452 797 3522 scripsit
842 3450 1097 3520 Moyses,
1138 3458 1195 3504 et
1239 3449 1560 3519 prophetas,
1613 3446 1918 3506 invenimus
1960 3449 2148 3507 Jesum

573 3544 744 3599 ﬁlium
772 3541 971 3611 Joseph
1000 3555 1030 3594 a
1063 3539 1226 3610 211
1254 3538 1547 3594 Nazareth.
1575 3557 1594 3592 ι
1624 3539 1689 3595 Hi
1721 3550 1901 3596 autem
1931 3559 1951 3592 ι
1982 3543 2153 3597 credi-

571 3638 774 3690 derunt
818 3634 872 3688 in
901 3633 1126 3688 nomine
1158 3632 1300 3701 ejus,
1333 3631 1583 3687 videntes
1632 3632 1809 3702 ipsius
1837 3633 1993 3704 signa
2020 3649 2143 3705 quae

574 3725 906 3790 faciebat";
937 3742 956 3776 ι
993 3731 1157 3790 atque
1185 3722 1341 3790 signa
1391 3721 1743 3777 credentibus
1796 3737 1904 3778 non
1960 3725 2014 3778 in
2066 3724 2150 3795 ip—

573 3835 720 3883 sum,
754 3816 849 3872 sed
887 3817 943 3871 in
984 3815 1206 3871 nomine
1236 3813 1374 3883 ejus,
1406 3829 1514 3869 non
1557 3815 1816 3871 credebat
1866 3814 2025 3872 Jesus
2065 3831 2154 3871 se-

575 3913 752 3981 ipsum
780 3909 881 3974 eis,
939 3923 1130 3964 omnes
1166 3921 1494 3977 agnoscens,
1521 3915 1577 3961 et
1610 3923 1717 3964 non
1770 3923 1908 3978 opus
1936 3910 2152 3965 habens

572 4015 634 4058 ut
661 4003 786 4072 quis
844 4001 1227 4056 testiﬁcaretur
1284 4000 1352 4055 de
1403 4000 1643 4067 homine,
1680 4014 1746 4054 eo
1777 4001 1920 4070 quod
1980 4017 2151 4072 agno-

570 4105 754 4150 sceret
785 4091 1095 4163 singulatim
1155 4089 1285 4160 quid
1331 4099 1477 4146 esset
1548 4091 1603 4145 in
1657 4106 1986 4164 unoquoque
2048 4095 2152 4149 ho.

573 4205 740 4245 inme.

639 4282 731 4337 29.
783 4277 910 4334 Haec
943 4279 1108 4334 verba
1129 4319 1144 4344 ,
1177 4294 1196 4328 ‹
1222 4292 1329 4332 ηοη
1372 4292 1513 4348 opus
1548 4276 1787 4334 habebat
1820 4285 1882 4332 ut
1919 4279 2042 4349 quis
2065 4288 2150 4335 te-

575 4373 912 4446 stiﬁcaretur
931 4371 998 4426 de
1029 4370 1270 4434 homine,
1300 4386 1318 4419 »
1341 4377 1645 4439 opportune
1687 4369 1888 4424 utenda
1921 4378 2054 4424 sunt
2082 4369 2150 4424 ad

574 4463 1064 4522 demonstrandum
1108 4459 1254 4531 quod
1301 4456 1478 4517 Filius
1527 4460 1622 4516 Dei
1661 4474 1692 4515 a
1736 4461 1918 4531 seipso
1960 4461 2152 4517 videre

2257 1980 2558 2053 Θλιμμένην
2590 1982 2729 2036 εἰσὶν
2758 1981 3058 2048 ὁδεύοντες,
3088 1984 3411 2053 ἀπάγουσαν
3441 1986 3520 2046 εἰς
3547 1983 3650 2056 τὴν
3681 1982 3846 2054 ζωὴν,

2254 2074 2379 2127 ὅσον
2401 2075 2506 2127 ὑπδ
2521 2075 2629 2127 τῶν
2657 2075 2856 2144 ὀλίγων
2884 2077 3302 2148 εύρισκομένην.
3333 2077 3566 2132 Δυνατὸν
3596 2077 3848 2148 μέντοιγε

2255 2167 2483 2231 πολλοὺς
2527 2167 2637 2221 τῶν
2687 2170 2766 2232 είς
2794 2169 2855 2222 τὸ
2882 2169 3054 2240 ὄνομα
3096 2171 3262 2223 αὑτοῦ
3310 2170 3679 2224 πιστευόντων
3717 2170 3847 2224 ἀνα-

2256 2261 2517 2332 κληθῆναι
2552 2259 2690 2331 μετὰ
2729 2260 3001 2332 Ἀϐραὰμ,
3034 2262 3130 2316 καὶ
3183 2261 3389 2326 Ἰσαὰκ,
3429 2263 3524 2315 καὶ
3560 2260 3759 2315 Ἰακὼϐ
3788 2263 3846 2314 ὲν

2254 2355 2320 2423 τῇ
2354 2352 2602 2423 βασιλείᾳ
2641 2351 2750 2405 τῶν
2795 2352 3071 2422 ούρανῶνυ
3115 2353 3238 2408 ἐπεὶ
3276 2373 3296 2405 ι
3332 2353 3516 2407 πολλοὶ
3545 2353 3641 2407 ἀπ’
3689 2353 3846 2404 Ἀνα-

2254 2443 2417 2513 τολῆς
2479 2443 2576 2496 καὶ
2625 2442 2859 2513 Δυσμῶν
2929 2443 3157 2514 ἥξουσι,
3221 2445 3316 2498 καὶ
3389 2443 3843 2515 ἀνακλιθήσονται

2258 2536 2394 2606 μετὰ
2456 2535 2708 2608 Ἀϐραὰμ
2735 2575 2750 2598 ,
2802 2537 2896 2589 καὶ⁵
2979 2537 3185 2601 Ἰσαὰκ,
3253 2537 3348 2591 καὶ
3415 2537 3609 2591 Ἰακὼϐ
3665 2539 3724 2590 ἐν
3775 2538 3840 2607 τῇ

2255 2627 2503 2699 βασιλεία
2551 2627 2659 2681 τῶν
2687 2627 2956 2698 οὐρανῶν,
2987 2647 3006 2680 ι
3044 2629 3388 2702 τυγχανούσῃ
3419 2630 3566 2702 οἰκίᾳ
3589 2629 3690 2683 τοῦ
3731 2629 3842 2704 Πα-

2253 2719 2402 2790 τρδς,
2443 2720 2502 2773 ἐν
2624 2719 2819 2774 πολλαὶ
2862 2721 3018 2791 μοναί
3067 2722 3192 2774 εισι.
3253 2722 3365 2775 Kal.
3397 2721 3553 2776 τοῦτο
3584 2721 3644 2774 δὲ
3671 2737 3837 2792 τηρη-

2253 2809 2372 2862 τέον
2392 2850 2406 2874 ,
2443 2811 2527 2864 ὅτι
2584 2809 2788 2873 πολλοὶ,
2844 2811 3196 2876 πιστεύοντες
3229 2815 3310 2876 είς
3341 2812 3402 2866 τὸ
3431 2812 3602 2883 δνομα
3636 2811 3800 2867 αὑτοῦ
3820 2847 3840 2875 ,

2253 2899 2351 2969 ούχ
2381 2899 2458 2963 ῶς
2498 2899 2772 2972 ’Δνδρέας,
2821 2901 2917 2953 καὶ
2963 2902 3205 2972 Πέτρος,
3258 2903 3353 2956 καὶ
3400 2902 3716 2974 Ναθαναὴλ,
3749 2902 3842 2956 καὶ

2251 2991 2517 3054 Φίλιππος
2550 2994 2929 3046 πιστεύουσινο
2975 2993 3112 3047 ἀλλὰ
3161 2997 3227 3066 τῇ
3276 2995 3551 3068 μαρτυρίᾳ
3590 2997 3841 3050 Ἰωάννου

2255 3081 2529 3136 πείθονται
2572 3082 2826 3152 λέγοντος
2847 3099 2864 3115 ο
2897 3103 2915 3134 ι
2960 3085 3089 3137 Ἰδοὺ
3121 3086 3149 3137 ὁ
3191 3086 3385 3156 Ἀμνὸς
3417 3086 3511 3140 τοῦ
3559 3086 3719 3140 Θεοῦ·
3757 3105 3774 3137 ι
3806 3085 3840 3157 ἢ

2253 3173 2331 3244 τῷ
2353 3175 2446 3227 ὑπ’
2487 3174 2736 3246 Ἀνδρέου
2783 3175 3061 3247 εὑρεθέντι
3108 3176 3372 3248 Χριστῷ,
3427 3177 3462 3248 ἢ
3505 3177 3584 3248 τῷ
3631 3175 3841 3231 εἰπόντι

2267 3265 2442 3337 Ἰησοῦ
2485 3265 2563 3337 τῷ
2600 3265 2872 3338 Φιλίππῳ
2925 3287 2943 3318 ι
2996 3267 3306 3321 Ἀκολούθει
3351 3286 3464 3340 μοι,
3499 3289 3517 3321 ι
3567 3268 3710 3341 ἢτῷ
3743 3267 3845 3338 φά·-

2256 3374 2439 3411 σκοντι
2516 3357 2794 3429 Φιλίππῳ·
2854 3379 2873 3410 ι
2916 3361 3012 3414 'Ov
3071 3360 3278 3432 ἔγραψε
3325 3361 3603 3432 Μωῡσῆς,
3659 3361 3755 3414 καὶ
3796 3361 3844 3412 οἱ

2253 3450 2568 3520 προφῆται,
2603 3451 2918 3522 εὑρήκαμεν
2958 3451 3163 3522 Ἰησοῦν
3201 3453 3316 3506 υίδν
3353 3451 3448 3506 τοῦ
3491 3453 3694 3524 Ἰωσὴφ
3737 3450 3845 3505 ἀπὸ

2253 3543 2527 3614 Ναζαρέτ.
2556 3562 2574 3594 ι
2611 3539 2768 3598 Οὗτοι
2793 3544 2851 3598 δὲ
2873 3565 2890 3595 ι
2913 3545 3239 3599 ἐπίστευσαν
3269 3547 3349 3610 είς
3370 3545 3432 3598 τὸ
3453 3545 3628 3616 ὄνομα
3653 3543 3844 3609 αὐτοῦ,

2255 3635 2585 3707 Θεωροῦντες
2603 3635 2767 3688 αὑτοῦ
2804 3635 2874 3688 τὰ
2915 3639 3137 3707 σημεῖα,
3170 3635 3206 3690 ἃ
3241 3635 3484 3689 ἐποίειοι
3519 3636 3613 3689 καὶ
3641 3637 3844 3707 σημεῖα

2253 3726 2599 3780 πιστεύουσιν
2623 3727 2723 3782 ούκ
2753 3729 2833 3789 είς
2858 3727 3018 3781 αὑτὸν
3041 3767 3057 3791 ,
3090 3727 3203 3782 ἀλλ’
3249 3729 3328 3791 είς
3367 3726 3429 3780 τὸ
3457 3727 3629 3798 δνομα
3654 3725 3843 3789 αὐτοῦ,

2254 3821 2284 3872 6
2311 3817 2516 3890 Ἰησοῦς
2539 3821 2638 3873 ούκ
2654 3819 2972 3872 ἐπίστευσεν
3005 3820 3196 3873 ἑαυτὸν
3221 3820 3425 3884 αὐτοῖς,
3449 3819 3657 3884 πάντας
3681 3819 3846 3889 γινώ-

2257 3926 2420 3974 σκων,
2455 3912 2549 3963 καὶ
2579 3909 2652 3981 μὴ
2685 3910 2871 3983 χρείαν
2899 3910 3067 3981 ἔχων,
3103 3911 3189 3964 ἵνα
3225 3929 3308 3976 τις
3339 3912 3668 3985 μαρτυρήσῃ
3715 3913 3843 3984 περὶ

2255 4003 2565 4076 ἀνθρώπου,
2599 4004 2677 4074 τῷ
2703 4003 2993 4072 γινώσκειν
3026 4004 3081 4056 τί
3113 4007 3259 4058 ἐστιν
3283 4007 3340 4058 ὲν
3372 4005 3588 4076 ἑκάστῳ
3613 4004 3726 4059 τῶν
3752 4006 3846 4059 ἀν·

2255 4094 2284 4148 θ
2291 4094 2490 4165 ρώπων
2500 4140 2510 4148 .

2325 4277 2414 4333 29.
2451 4277 2541 4348 Τῷ
2577 4277 2665 4332 δέ’
2705 4297 2723 4330 ι
2760 4279 2836 4332 Οὐ
2869 4279 3059 4350 χρείαν
3102 4274 3244 4348 εἶχεν
3277 4279 3363 4331 ἵνα
3392 4295 3477 4343 τις
3517 4279 3848 4350 μαρτυρήσῃ

2256 4374 2386 4444 περὶ
2410 4370 2719 4443 ἀνθρώπου,
2762 4392 2781 4424 ι
2815 4373 3086 4444 εὐκαίρως
3116 4372 3416 4445 χρηστέον,
3454 4375 3534 4436 εἰς
3568 4373 3849 4444 παράστα-

2258 4481 2344 4518 σιν
2370 4463 2463 4516 τοῦ
2497 4462 2628 4515 Υἱοῦ
2657 4463 2750 4516 τοῦ
2779 4463 2914 4517 Θεοῦ
2943 4466 3035 4534 ἀφ’
3061 4463 3256 4518 ἑαυτοῦ
3287 4463 3583 4534 δυναμένου
3616 4463 3848 4534 θεωρεῖν

574 4554 816 4625 singulas
852 4567 941 4609 res
987 4552 1266 4608 hominum
1292 4551 1489 4617 valeat,
1515 4551 1777 4622 nulloque
1803 4551 2032 4607 omnino
2062 4561 2142 4607 te-

2258 4554 2381 4625 περὶ
2409 4552 2640 4607 ἑκάστου
2674 4553 2783 4606 τῶν
2829 4554 3132 4627 ἀνθρώπων
3151 4595 3168 4620 ,
3196 4555 3288 4610 καὶ
3324 4553 3594 4626 μηδαμῶς
3631 4572 3846 4628 μαρτυ-

573 4646 828 4702 stimonio
870 4643 1196 4714 cujusquam
1244 4659 1368 4699 eum
1415 4658 1597 4714 egere.
1653 4643 1925 4699 Caeterum
1981 4644 2152 4698 verba

2258 4645 2371 4717 ρίου
2393 4643 2600 4696 δεῖσθαι
2627 4643 2722 4696 τοῦ
2752 4645 2860 4698 ἀπό
2890 4663 3054 4710 τινος.
3081 4645 3156 4700 Τὸ
3179 4645 3236 4699 δέ
3259 4662 3272 4676 ο
3311 4665 3330 4697 ι
3361 4647 3435 4698 υύ
3476 4645 3668 4715 χρείαν
3698 4641 3848 4715 εἶχεν

573 4739 694 4803 illa,
737 4756 758 4792 ι
788 4753 894 4793 non
933 4752 1070 4806 opus
1111 4737 1346 4793 habebat
1390 4745 1449 4791 ut
1489 4738 1615 4808 quis
1651 4736 2043 4792 testiﬁcaretur
2082 4737 2152 4790 de

2258 4735 2338 4788 ἵνα
2363 4752 2446 4798 τις
2475 4736 2797 4807 μαρτυρήσῃ
2824 4738 2950 4809 περὶ
2977 4737 3289 4809 ἀνθρώπου,
3316 4757 3336 4790 ι
3367 4736 3843 4791 ἀντιδιασταλτέον

571 4832 790 4886 homine
813 4849 832 4883 ι
872 4829 1256 4898 distinguenda
1282 4836 1413 4885 sunt
1444 4830 1513 4884 ab
1545 4828 1654 4883 illis
1685 4845 1699 4882 :
1726 4827 1844 4884 Non
1881 4842 2020 4898 Opus
2053 4828 2153 4882 ha-

2258 4826 2388 4898 πρὸς
2409 4826 2608 4890 τὸ,ιού
2633 4827 2820 4898 χρείαν
2850 4828 2962 4899 ἔχει
2988 4829 3075 4882 ἵνα
3110 4827 3441 4902 μαρτυρήσῃ
3463 4827 3590 4900 περί
3618 4844 3771 4890 τινος
3789 4843 3842 4879 ἰ

569 4922 662 4978 bet
691 4933 753 4978 ut
785 4922 909 4992 quis
939 4930 1170 4976 testetur
1211 4921 1279 4977 de
1317 4921 1520 4990 aliquo.
1549 4920 1683 4974 Nam
1714 4920 1758 4974 si
1790 4919 1933 4974 hanc
1957 4932 2149 4973 vocem

2258 4917 2296 4969 sl
2334 4917 2432 4986 μὲν
2471 4919 2580 4988 γὰρ
2621 4917 2684 4970 τὸ
2729 4919 3080 4988 ἀνθρώπου,
3129 4919 3540 4990 λαμϐανόμενον
3586 4918 3700 4990 (72)
3750 4919 3850 4975 ἐπὶ

568 5013 800 5078 homine,
847 5027 1128 5068 sumamus
1157 5011 1222 5066 de
1249 5013 1444 5082 quovis
1489 5011 1581 5080 qui
1633 5013 1705 5064 sit
1754 5008 1822 5063 ad
1855 5008 2147 5078 imaginem

2258 5006 2460 5071 παντὸς
2490 5008 2584 5062 τοῦ
2628 5011 2748 5062 κατ’
2789 5011 2971 5064 εἰκόνα
2999 5010 3164 5075 Θεοῦ,
3201 5012 3234 5082 ἣ
3270 5011 3470 5074 παντὸς
3506 5007 3751 5077 λογικοῦ,
3781 5008 3849 5062 οὐ

570 5103 690 5172 Dei,
719 5103 805 5158 vel
837 5103 905 5159 de
925 5104 1073 5159 omni
1101 5103 1332 5157 rationis
1359 5109 1634 5171 compote,
1667 5114 1772 5154 non
1813 5113 1951 5166 opus
1976 5096 2149 5151 habe-

2258 5098 2444 5170 χρείαν
2473 5099 2585 5166 ἔξει
2625 5101 2711 5153 ἵνα
2739 5119 2822 5166 τις
2863 5104 3188 5175 μαρτυρήσῃ
3223 5103 3352 5174 περὶ
3382 5100 3549 5156 αὑτοῦ
3569 5140 3586 5165 ,
3617 5102 3751 5173 περὶ
3781 5095 3847 5153 οὗ

569 5197 652 5250 bit
677 5194 926 5250 Christus
960 5203 1018 5250 ut
1041 5197 1162 5265 quis
1191 5197 1257 5251 de
1287 5195 1404 5263 ipso
1442 5202 1674 5248 testetur
1709 5191 1798 5263 (de
1821 5201 2153 5258 quocunque

2258 5187 2458 5260 δήποτε
2493 5191 2603 5262 (73)
2629 5193 2736 5246 τῶν
2762 5193 2994 5262 λογικῶν
3012 5235 3027 5259 ,
3061 5195 3152 5264 ἀφ’
3183 5193 3378 5247 ἑαυτοῦ
3403 5193 3685 5264 γινώσκων
3715 5194 3850 5255 τοὺς

501 5432 510 5440 .
595 5456 606 5457 7
645 5388 688 5457 ζ’
716 5386 962 5457 Philipp._
982 5399 1058 5457 Iv,
1089 5385 1182 5442 l5.
1257 5381 1485 5457 "A‘Joan:
1512 5378 1740 5457 quia“
1771 5376 1842 5457 λδ.
1862 5372 2146 5457 ibit-1:231.

2264 5373 2452 5457 Πειρη
2486 5390 2586 5457 νιι,
2618 5376 2706 5457 μ.
2786 5377 2830 5408 ¹⁶
2851 5374 3179 5457 Militi-Ennii,
3209 5375 3298 5430 11.
3375 5376 3418 5408 ³⁷
3447 5372 3606 5432 Joan.
3642 5387 3766 5437 xrv,
3789 5372 3849 5429 2.

568 5456 613 5487 η
646 5453 805 5513 Joan.
832 5444 1071 5524 1:10-42
1097 5469 1217 5524 seq.
1291 5453 1334 5484 ιο
1368 5451 1501 5506 ibid.
1531 5449 1623 5504 36.
1697 5447 1741 5478 ιο
1771 5447 1903 5504 ibid.
1936 5446 2026 5500 45.
2107 5447 2149 5477 ιι

2263 5449 2314 5502 d.
2339 5445 2432 5499 45.
2541 5448 2585 5478 ³⁸
2615 5444 2774 5501 Joan.
2810 5463 2869 5511 ιι,
2896 5447 3089 5502 23-25.

2335 5605 2446 5677 (75)
2485 5605 2622 5673 Περὶ
2651 5605 2858 5677 αὐτοῦ,
2889 5606 3019 5674 περὶ
3047 5601 3121 5662 οὗ
3144 5605 3390 5673 δήποτε,
3414 5615 3522 5660 etc.
3546 5606 3641 5677 Sic
3661 5605 3848 5677 Eodem

2265 5665 2624 5750 Bodleiano-si
2663 5665 2887 5750 Regius,
2937 5665 3067 5750 περὶ
3116 5665 3281 5750 αὐτοῦ
3326 5665 3426 5750 τοῦ
3472 5676 3602 5747 περὶ
3633 5665 3694 5750 οῦ
3749 5673 3849 5750 Si}:

2264 5763 2414 5819 ποτε,
2438 5758 2545 5802 etc.
2571 5745 2734 5802 Forte
2754 5744 3072 5818 legendum,
3102 5747 3231 5819 περὶ
3251 5744 3564 5818 ἀνθρώπου,
3589 5744 3682 5802 καὶ
3710 5744 3846 5803 περὶ

2263 5812 2325 5867 οῦ
2355 5817 2580 5886 δήποτε,
2600 5826 2705 5874 etc.

647 5608 762 5680 (7i)
801 5608 982 5665 Codex
1030 5610 1252 5680 Regius.
1290 5607 1488 5671 habet,
1538 5605 1725 5674 ἐγγὺς,
1775 5604 1962 5674 φησὶν,
1997 5597 2066 5676 ἦν
2095 5605 2156 5658 τὸ

590 5678 1290 5818 Πῗξέῖᾋαμϐανόμενον.
1353 5746 1646 5804 Ferrarius
1693 5744 1824 5818 legit
1882 5745 2156 5818 Λαμὸἀνο-

583 5834 702 5881 αεν,
742 5820 882 5882 quod
925 5818 1054 5871 mitti
1086 5820 1368 5884 probatur,
