4170 6394
348 412 459 469 397

1448 412 1798 469 COMMENT.
1838 410 1905 465 IN
1942 410 2132 467 JOAN.
2174 409 2411 467 'I'OMUS
2448 410 2515 464 Χ.

3477 416 3582 475 598

351 534 566 594 πάντας
613 531 753 586 κατὰ
801 532 896 602 τὴν
939 530 1226 601 δεδομένην
1265 530 1413 600 αὐτῷ
1444 530 1670 601 δύναμιν
1703 528 1810 582 ἀπὸ
1833 527 1928 579 τοῦ

2035 528 2249 581 tandem
2298 527 2503 581 dixeris
2546 525 2771 579 rationis
2806 528 3100 595 compote),
3138 543 3166 579 ιι
3194 528 3369 595 scipso
3400 546 3601 599 cogno-

351 621 595 691 Πατρός.
630 621 693 672 Ei
744 621 801 673 δὲ
842 621 903 673 τὸ
940 620 1253 691 ἀνθρώπου
1302 621 1642 691 τηρήσαιμεν
1688 618 1791 670 ὑπὸ
1831 616 1925 669 τοῦ

355 711 555 783 θνητοῦ
617 711 835 779 λογικοῦ
905 710 1212 781 ζωουμένου
1259 710 1442 782 (74),
1475 714 1504 763 6
1555 710 1652 780 μέν
1683 727 1766 772 τις
1813 710 1930 779 ἐρεῖ

352 802 547 873 χρείαν
577 801 717 871 ἔχειν
748 801 1030 861 αὐτὸν,ἴνα
1048 820 1129 865 τις
1162 803 1479 873 μαρτυρήσῃ
1505 803 1632 875 περὶ
1659 802 1766 853 τῶν
1788 801 1928 870 ὑπὲρ

351 894 450 947 τὸν
474 893 757 964 ἄνθρωπον
780 933 793 955 ,
827 894 946 947 οὐδὲ
977 896 1247 965 ἀρκοῦντα
1278 896 1475 966 ὁμοίως
1512 898 1623 957 τοῖς
1652 893 1927 964 ἀνθρωπί-

351 1000 471 1048 νοις
512 983 800 1053 γινώσκειν
838 986 931 1038 καὶ
977 985 1046 1038 τά
1096 986 1223 1056 περὶ
1251 987 1493 1039 ἐκείνων.
1533 984 1724 1047 Ἀλλος
1764 983 1820 1035 δέ
1848 982 1929 1044 τίς

355 1092 493 1146 φησι
520 1076 610 1128 τὸν
638 1075 946 1151 κενώσαντα
983 1077 1173 1129 ἑαυτὸν
1205 1076 1279 1147 μὴ
1306 1076 1491 1147 χρείαν
1520 1074 1663 1145 ἔχειν
1682 1113 1697 1137 ,
1731 1074 1817 1126 ἵνα
1848 1091 1929 1136 τις

359 1171 684 1239 μαρτυρήσῃ
717 1169 843 1239 περὶ¹
870 1167 1174 1241 ἀνθρώπου,
1204 1168 1392 1239 χρείαν
1414 1167 1470 1221 δὲ
1501 1167 1644 1237 ἔχειν
1670 1166 1797 1237 περὶ
1823 1166 1929 1219 τῶν

355 1257 682 1327 κρειττόνων
712 1257 745 1327 ἢ
777 1258 915 1311 κατά
947 1257 1248 1328 ἄνθρωπον.

427 1525 516 1580 50.
536 1527 643 1579 Καὶ
659 1525 815 1579 τοῦτο
835 1527 891 1579 δὲ
913 1526 1193 1598 ζητητέον,
1211 1528 1351 1582 πόσα
1375 1532 1575 1600 σημεῖα
1601 1528 1764 1583 αὐτοῦ
1796 1528 1931 1582 θεω-

356 1617 580 1686 ροῦντες
604 1620 652 1671 oi
699 1617 880 1672 πολλοὶ
914 1618 1195 1673 ἐπίστευον
1237 1622 1316 1684 είς
1356 1623 1517 1675 αὐτόν
1541 1639 1553 1651 ·
1581 1623 1640 1674 οὐ
1670 1623 1778 1692 γὰρ
1804 1623 1932 1674 ἀνα-

353 1710 662 1781 γέγραπται
707 1714 909 1782 σημεῖα
944 1712 1301 1783 πεποιηκέναι
1337 1717 1395 1768 ὲν
1434 1715 1853 1787 Ἰεροσολύμοις·
1883 1717 1930 1766 εί

357 1801 436 1871 μὴ
468 1800 575 1871 ἄρα
603 1802 889 1873 γεγένηται
924 1802 1021 1871 μὲν
1054 1808 1271 1874 σημεῖα,
1298 1807 1396 1858 οὐκ
1424 1806 1831 1877 ἀναγέγραπται
1850 1805 1926 1857 δέ.

2033 634 2193 673 scens
2232 632 2421 672 omnes
2466 616 2625 684 juxta
2666 616 2972 671 facultatem
3017 633 3047 671 a
3096 617 3257 672 Patre
3294 621 3395 674 sibi
3431 626 3601 677 tradi-

2036 720 2167 763 tam.
2202 709 2298 763 Sin
2343 722 2474 762 vero
2513 708 2653 761 hanc
2702 722 2917 770 vocem,
2961 709 3190 774 homine,
3226 712 3602 768 observaveri-

2034 816 2154 856 mus
2203 802 2270 854 de
2318 802 2531 853 mortali
2572 801 2848 853 animante
2897 803 3123 856 rationis
3165 813 3434 872 compote,
3463 806 3602 861 alius

2034 890 2251 958 quidem
2292 891 2540 944 dicturus
2588 898 2671 943 est
2700 889 2974 944 Christum
3009 892 3179 959 ipsum
3208 909 3343 963 opus
3375 895 3598 963 habere,

2036 992 2095 1035 ut
2122 983 2243 1049 quis
2270 990 2500 1035 testetur
2534 983 2602 1035 de
2650 981 2738 1034 his
2780 996 2900 1049 quae
2940 992 3068 1036 sunt
3100 999 3264 1051 supra
3302 986 3599 1051 hominem,

2037 1083 2096 1126 ut
2142 1073 2237 1142 qui
2284 1072 2425 1133 hinc,
2475 1072 2697 1140 perinde
2748 1080 2908 1141 atque
2960 1078 3220 1141 humana,
3270 1093 3603 1146 cognoscere

2035 1180 2144 1218 non
2189 1163 2449 1218 sufﬁciat.
2504 1163 2656 1216 Alius
2699 1171 2877 1217 autem
2928 1167 3196 1235 quispiam
3251 1168 3427 1239 inquit
3476 1187 3600 1228 eum

2036 1256 2127 1322 qui
2177 1254 2414 1321 seipsum
2453 1252 2699 1315 inanivit,
2729 1267 2836 1307 non
2878 1270 3013 1322 opus
3056 1257 3257 1311 habere
3286 1268 3345 1312 ut
3373 1260 3495 1329 quis
3522 1270 3603 1316 te-

2036 1353 2212 1397 stetur
2241 1346 2308 1398 de
2340 1344 2580 1407 homine,
2611 1345 2705 1397 sed
2743 1358 2877 1412 opus
2918 1345 3119 1401 habere
3146 1357 3204 1401 ut
3224 1349 3347 1417 quis
3373 1359 3602 1406 testetur

2038 1435 2103 1490 de
2133 1436 2216 1488 his
2247 1434 2339 1502 Qui
2374 1433 2779 1503 praestantiorcs
2820 1445 2949 1489 sunt
2980 1437 3309 1493 hominibus.

2106 1524 2199 1579 50.
2240 1525 2383 1590 Quin
2418 1526 2522 1579 hoc
2566 1527 2736 1579 etiam
2776 1528 3126 1595 quaerendum
3154 1539 3257 1593 est,
3289 1538 3422 1599 quot
3446 1532 3600 1602 signa

2038 1612 2209 1682 ipsius
2266 1614 2420 1668 multi
2484 1615 2754 1682 videntes,
2796 1616 3145 1673 crediderunt
3193 1619 3248 1674 in
3296 1636 3439 1675 eum.
3484 1622 3599 1676 Non

2038 1705 2180 1757 enim
2209 1706 2470 1772 scriptum
2518 1714 2601 1759 est
2646 1706 2799 1774 signa
2852 1706 3048 1763 fecisse
3095 1709 3466 1781 Jerosolymis,
3497 1713 3599 1769 nisi

2040 1793 2276 1850 fortasse
2315 1796 2457 1849 facta
2502 1797 2654 1866 signa
2707 1798 2909 1865 scripta
2948 1816 3053 1854 non
3084 1800 3324 1861 fuerunt.
3367 1803 3601 1860 Proinde

353 1892 555 1945 Σκόπει
603 1893 659 1945 δὲ
694 1895 742 1945 εί
773 1894 996 1948 δυνατὸν
1037 1898 1116 1959 είς
1150 1900 1351 1967 σημεῖα
1387 1896 1699 1968 λογισθῆναι
1742 1898 1803 1949 τὸ
1834 1915 1933 1949 πε·-

2037 1889 2323 1943 cnnsidera
2356 1905 2427 1943 an
2463 1889 2603 1942 inter
2629 1892 2781 1959 signa
2813 1893 3053 1961 reputari
3085 1895 3254 1962 possit
3285 1898 3426 1964 quod
3458 1897 3603 1953 fece-

354 1985 641 2055 ποιηκέναι
668 1987 985 2056 φραγέλλιον
1016 1990 1078 2041 ὲκ
1101 1989 1346 2059 σχοινίων
1369 2029 1383 2053 ,
1420 1991 1515 2041 καὶ
1549 1991 1755 2054 πάντας
1781 1991 1934 2044 ἐκϐε-

352 2074 614 2146 ϐληκέναι
642 2075 734 2128 τοῦ
772 2077 939 2149 ἱεροῦ,
966 2077 1036 2130 τά
1062 2095 1122 2131 τε
1157 2080 1432 2149 πρόϐατα,
1466 2080 1562 2133 καὶ
1604 2082 1730 2143 τοὺς
1782 2080 1930 2150 βόας,

352 2168 453 2219 καὶ
491 2165 597 2220 τῶν
629 2167 990 2222 κολλυϐιστῶν
1017 2169 1084 2222 τά
1127 2171 1376 2240 κέρματα
1406 2172 1759 2242 ἐκκεχυκέναι
1782 2212 1797 2238 ,
1840 2175 1933 2225 καὶ

350 2258 453 2320 τὰς
500 2259 775 2329 τραπέζας
819 2261 1270 2333 ἀνατετραφέναι.
1318 2263 1461 2332 Πρὸς
1515 2264 1765 2333 μέντοιγε
1808 2265 1934 2327 τοὺς

354 2349 760 2418 ὑπονοήσαντας
798 2349 864 2403 ἂν
910 2351 1036 2422 περὶ
1076 2352 1249 2422 μόνων
1287 2351 1589 2423 ἀνθρώπων
1624 2354 1698 2424 μὴ
1741 2355 1932 2424 χρείαν

353 2438 502 2509 ἔχειν
534 2442 692 2494 αὐτὸν
722 2443 1035 2514 μαρτύρων,
1065 2444 1248 2512 λέγει,
1279 2446 1361 2498 ὅτι
1391 2445 1484 2498 δύο
1515 2445 1662 2516 αὐτῷ
1695 2448 1723 2500 ὁ
1755 2447 1934 2514 Εὐαγ-

352 2530 614 2603 γελιστὴς
648 2534 1059 2605 μεμαρτύρηκε,
1089 2536 1150 2588 τό
1180 2553 1238 2588 τε
1263 2534 1551 2604 γινώσκειν
1580 2537 1808 2600 πάντας,
1839 2538 1934 2590 καὶ

351 2619 419 2670 τὸ
454 2618 529 2690 μὴ
562 2620 747 2690 χρείαν
777 2622 921 2691 ἔχειν
954 2623 1040 2675 ἵνα
1065 2640 1151 2686 τις
1186 2625 1506 2697 μαρτυρήσῃ
1548 2626 1676 2696 περὶ
1719 2624 1931 2696 ἀνθρώ-

355 2726 463 2762 που
482 2727 495 2739 ·
533 2714 582 2763 εί
610 2710 716 2785 γὰρ
745 2714 953 2777 πάντας
982 2714 1295 2783 ἐγίνωσκεν,
1315 2715 1376 2767 ού
1406 2716 1564 2785 μόνον
1589 2715 1930 2787 ἀνθρώπους,

356 2801 500 2855 ἀλλὰ
525 2803 619 2856 καὶ
644 2804 712 2857 τὰ
750 2805 891 2876 ὑπὲρ
914 2805 1005 2860 τὸν
1033 2806 1316 2877 ἄνθρωπον
1347 2808 1610 2876 ἐγίνωσκε
1630 2850 1644 2874 ,
1678 2808 1770 2862 καὶ
1797 2808 1934 2861 πάν-

355 2907 459 2956 τας
487 2893 611 2957 τοὺς
645 2894 748 2958 ἔξω
777 2896 1030 2949 τοιούτων
1069 2898 1334 2967 σωμάτων
1353 2915 1366 2928 ·
1403 2899 1662 2967 ἐγίνωσκὲ
1691 2917 1750 2952 τε
1778 2900 1829 2951 τί
1866 2895 1934 2970 ἦν

353 2987 417 3038 ἂν
463 2985 543 3056 τῷ
582 2986 883 3059 ἀνθρώπῳ,
925 2989 1020 3043 ἆτε
1068 2989 1266 3060 μείζων
1317 2993 1597 3062 τυγχάνων
1632 2990 1740 3045 τῶν
1774 2994 1832 3046 ὲν
1854 2991 1935 3063 τῷ

355 3077 724 3147 προφητεύειν
772 3079 1098 3150 ἐλεγχόντων
1128 3082 1268 3153 (75).
1296 3124 1310 3138 .
1330 3122 1344 3135 .
1362 3122 1376 3135 .
1406 3085 1497 3135 καὶ
1525 3084 1814 3154 κρινόντων
1842 3084 1934 3136 καὶ

2036 1980 2108 2034 rit
2145 1995 2176 2035 e
2222 1981 2479 2036 funiculis
2531 1980 2827 2051 ﬂagellum,
2853 1998 3042 2040 omnes
3081 2000 3112 2039 e
3148 1987 3346 2055 templo
3374 1987 3600 2055 eiicien-

2034 2072 2121 2135 do,
2150 2080 2260 2125 tum
2295 2086 2444 2139 oves,
2492 2079 2606 2125 tttm
2651 2074 2841 2140 boves,
2866 2085 3029 2145 atque
3072 2078 3501 2143 argentariorum
3528 2094 3601 2133 ms

2032 2163 2374 2229 eliundendo,
2406 2171 2460 2217 et
2499 2178 2714 2219 mensas
2759 2164 3207 2221 subvertendo“.
3247 2167 3328 2222 Ad
3357 2184 3449 2222 eos
3477 2184 3602 2238 pro-

2035 2255 2177 2312 fecto
2213 2256 2303 2324 qui
2334 2257 2683 2325 suspicantur
2711 2259 2778 2313 de
2800 2258 2931 2314 solis
2964 2259 3297 2324 hominibus,
3328 2277 3435 2315 non
3465 2277 3601 2331 opus

2033 2349 2236 2404 habere
2262 2350 2435 2419 ipsum
2471 2350 2719 2417 testibus,
2753 2350 2937 2406 dicere
2982 2361 3198 2423 oportet
3226 2354 3331 2409 duo
3355 2340 3601 2425 evange-

2033 2442 2214 2497 listam
2244 2441 2318 2496 illi
2344 2444 2658 2500 attribuisse
2683 2462 2698 2499 :
2723 2445 2976 2510 alterum,
3011 2448 3152 2515 quod
3181 2456 3439 2517 agnoscat
3477 2463 3598 2503 om-

2035 2547 2173 2600 nes;
2206 2532 2456 2597 alterum,
2490 2535 2634 2603 quod
2671 2551 2805 2605 opus
2844 2551 2949 2591 non
2978 2536 3177 2591 habeat
3203 2548 3260 2591 ut
3285 2540 3407 2607 quis
3435 2548 3603 2595 teste-

2037 2634 2124 2677 tur
2147 2625 2212 2676 de
2245 2625 2483 2679 homine.
2527 2623 2659 2679 Nam
2695 2627 2740 2681 si
2786 2643 2975 2684 omnes
3001 2631 3349 2698 agnoscebat,
3382 2645 3488 2685 non
3512 2646 3603 2685 so-

2035 2714 2144 2768 lum
2176 2715 2441 2779 homines,
2477 2715 2573 2769 sed
2604 2716 2773 2771 etiam
2806 2733 2926 2787 qum
2957 2735 3121 2788 supra
3149 2721 3422 2776 hominem
3452 2732 3597 2785 sunt.

2035 2808 2200 2861 etiam
2234 2822 2423 2862 onmes
2450 2806 2540 2874 qui
2575 2817 2757 2862 essent
2800 2818 2955 2864 extra
2997 2812 3114 2866 haec
3153 2826 3400 2881 corpora,
3434 2827 3602 2881 agno-

2036 2900 2243 2967 scebat,
2286 2911 2447 2971 atqne
2495 2903 2625 2972 quid
2660 2911 2807 2957 esset
2847 2903 2899 2956 in
2952 2903 3174 2958 homine
3212 2918 3229 2955 :
3269 2904 3464 2973 quippe
3506 2905 3600 2974 qui

2037 2992 2210 3060 major
2243 2995 2533 3049 exsisteret
2560 2996 2669 3059 his,
2714 2996 2809 3064 qui
2855 2994 2906 3048 in
2946 2997 3322 3065 prophetando
3371 2995 3604 3049 manife-

2037 3093 2206 3150 stant,
2224 3092 2279 3138 et
2301 3084 2568 3153 jndicant,
2596 3084 2805 3139 occulta
2825 3085 3010 3139 cordis
3037 3086 3203 3139 etiam
3230 3085 3411 3140 omnia
3438 3085 3602 3155 212

350 3166 428 3219 τὰ
458 3168 676 3238 κρυπτὰ
701 3170 801 3240 τῆς
827 3170 1051 3243 καρδίας
1080 3174 1159 3236 εἰς
1187 3173 1418 3244 φανερὸν
1448 3174 1686 3242 ἀγόντων
1716 3174 1931 3227 πάντων

2039 3187 2161 3242 quae
2183 3173 2423 3242 Spirltus
2453 3174 2561 3228 illis
2584 3174 2851 3245 suggerit,
2887 3176 2939 3227 in
2973 3184 3221 3243 apertum
3252 3176 3511 3229 ducentes
3533 3177 3602 3229 ".

350 3252 432 3311 ὧν
456 3258 567 3328 (76)
592 3260 654 3313 τὸ
678 3261 899 3331 Πνεῦμα
924 3262 1209 3317 ὑποϐάλλει
1248 3265 1448 3329 αὐτοῖς.
1482 3264 1711 3318 Δύναται
1743 3265 1799 3319 δὲ
1829 3265 1892 3318 τό
1915 3282 1928 3295 ⁸

2037 3263 2307 3319 Caeterum
2354 3264 2516 3332 illud,
2555 3283 2573 3316 ι
2611 3265 2939 3335 agnoscebat
2982 3265 3110 3333 quid
3160 3276 3303 3320 esset
3347 3266 3401 3320 in
3428 3267 3605 3320 homi-

359 3370 382 3403 ι
429 3350 721 3419 Ἐγίνωσκε
749 3352 801 3406 τί
843 3350 912 3425 ἦν
954 3356 1012 3407 ὲν
1053 3355 1132 3425 τῷ
1165 3356 1472 3427 ἀνθρώπῳ,
1509 3376 1527 3408 ι
1565 3358 1931 3428 λαμϐάνεσθαι

352 3442 453 3495 καὶ
476 3443 569 3495 ἐπὶ
594 3443 701 3496 τῶν
732 3444 1066 3514 ἐνεργουσῶν
1090 3447 1369 3517 δυνάμεων
1402 3450 1656 3520 χειρόνων
1686 3449 1719 3519 ῆ
1752 3467 1935 3519 κρειτ-

351 3535 528 3588 τόνων
551 3537 609 3589 ὲν
646 3536 979 3607 ἀνθρὼποις’
1013 3542 1061 3592 εί
1091 3539 1189 3609 μὲν
1222 3540 1331 3612 γὰρ
1352 3540 1534 3593 δίδωσί
1556 3558 1640 3604 τις
1664 3541 1825 3596 τόπον
1852 3543 1931 3612 τῷ

351 3626 626 3697 διαϐόλῳ,
672 3628 972 3699 εἰσέρχεται
1016 3632 1096 3693 είς
1144 3632 1305 3684 αὐτὸν
1350 3633 1379 3685 ὁ
1429 3632 1698 3694 Σατανᾶς·
1743 3630 1931 3703 ὥσπερ

351 3715 558 3770 ἔδωκεν
604 3718 831 3782 Ἰούδας,
882 3737 901 3770 ι
937 3720 1029 3773 τοῦ
1074 3721 1319 3775 διαϐόλου
1356 3722 1675 3793 βεϐληκότος
1722 3725 1802 3787 είς
1833 3726 1933 3795 τὴν

296 3848 311 3855 -
352 3808 587 3879 καρδίαν
627 3811 822 3875 αὐτοῦ,
856 3812 943 3865 ἴνα
988 3813 1216 3883 παραδῷ
1254 3815 1345 3868 τὸν
1379 3814 1617 3885 Ἰησοῦν·
1660 3835 1680 3866 ›
1722 3816 1801 3869 διὸ
1837 3819 1932 3871 καὶ

360 3920 382 3952 ι
421 3902 560 3971 μετά
587 3903 648 3956 τὸ
692 3904 903 3974 ψωμίον
942 3905 1185 3975 εἰσῆλθεν
1219 3909 1297 3969 είς
1321 3908 1482 3959 αὑτὸν
1522 3909 1550 3959 6
1582 3909 1824 3971 Σατανᾶς
1848 3925 1862 3938 ’
1908 3928 1927 3960 ι

354 3998 410 4048 εί
440 3995 499 4048 δὲ
530 3994 707 4048 δίδωσι
734 3996 895 4049 τόπον
919 3996 998 4067 τῷ
1018 3997 1157 4068 Θεῷ,
1187 4001 1452 4068 μακάριος
1475 3999 1715 4067 γίνεται·
1754 4018 1773 4051 ι
1810 4002 1933 4054 Μα-

355 4088 551 4159 κάριος
581 4087 685 4157 γὰρ
718 4080 778 4141 οῦ
805 4091 950 4143 ἐστιν
972 4089 1253 4159 ἀντίληψις
1281 4089 1444 4144 αὑτοῦ
1476 4090 1627 4162 παρὰ
1653 4090 1745 4144 τοῦ
1774 4090 1931 4156 Θεοῦ,

355 4182 457 4235 καὶ
487 4180 846 4244 ἀνάϐασιςὲν
892 4185 958 4253 τῇ
1010 4182 1207 4254 καρδία
1252 4183 1415 4237 αὐτοῦ
1449 4202 1467 4234 ι
1508 4183 1617 4236 ἀπὸ
1647 4182 1740 4236 τοῦ
1776 4184 1931 4237 Θεοῦ.

354 4272 401 4325 Γ
406 4271 653 4336 ινώσκεις
684 4274 735 4325 τί
766 4269 834 4344 ἦν
866 4274 925 4326 ὲν
951 4273 1029 4344 τῷ
1061 4273 1330 4345 ἀνθρώπῳ
1358 4277 1387 4328 6
1419 4274 1701 4343 γινώσκων
1734 4275 1933 4341 πάντα,

356 4366 460 4417 Υἱὲ
482 4365 577 4419 τοῦ
596 4365 750 4420 Θεοῦ.
777 4365 914 4436 Ἤδη
944 4365 1002 4419 δὲ
1021 4365 1117 4437 τὴν
1143 4366 1391 4437 αὐτάρκη
1423 4366 1766 4438 περιγραφὴν
1793 4368 1938 4439 είλη-

355 4456 521 4525 φότος
552 4456 764 4510 καὶτοῦ
796 4455 1020 4510 δεκάτου
1054 4457 1165 4527 (77)
1198 4458 1363 4528 τόμου
1383 4496 1398 4522 ,
1432 4456 1667 4511 ἐνταῦθά
1702 4474 1806 4510 που
1839 4474 1938 4510 κα-

352 4547 729 4617 ταπαύσωμεν
756 4547 846 4601 τὸν
871 4547 1027 4616 λόγον
1051 4548 1181 4618 (78).

438 4706 485 4738 ³⁸
508 4658 670 4760 Joan.
706 4721 769 4770 ιι,
799 4705 888 4761 15.
965 4704 1051 4758 “l
1076 4703 1201 4760 Cor.
1229 4720 1341 4773 xn',
1367 4703 1457 4773 24,
1493 4704 1585 4760 25.
1662 4705 1711 4737 "
1762 4704 1923 4760 Joan.
1969 4719 2029 4772 ιι,

355 4790 597 4841 unm,
627 4776 684 4830 6.

414 4935 548 5023 ⁹(τί)
590 4930 962 5023 ζωουμένου.
993 4929 1084 4988 Sic
1121 4933 1285 4988 codex
1322 4930 1678 4997 Bodleianus;
1711 4928 1932 5000 Regius,

353 5007 506 5075 ζώου
546 5007 725 5076 μόνον.
1806 5070 1817 5081 ⁸
1887 5069 1898 5080 .

432 5076 549 5145 (75}
582 5076 709 5129 Post
736 5074 1070 5145 ἐλεγχόντων
1104 5071 1429 5143 relinquitur
1460 5072 1512 5126 in
1545 5077 1932 5139 manuscriptts

353 5147 646 5203 codicibus
675 5145 911 5213 spatium
935 5158 1198 5213 ~vacuum.

432 5216 548 5287 (76)
606 5207 856 5287 Udi-raw
924 5207 1043 5279 ὧν,
1107 5222 1211 5268 etc.
1282 5209 1929 5281 Scribendumlvidctur

354 5286 541 5342 πάντα
565 5286 632 5353 a,‘
655 5295 760 5341 etc.

2036 3357 2188 3420 ne",
2218 3375 2238 3408 ι
2268 3357 2409 3410 sumi
2458 3358 2621 3411 etiam
2655 3366 2838 3428 potest
2872 3359 2938 3411 de
2990 3359 3277 3414 virtutibus
3322 3360 3478 3416 malis
3517 3350 3602 3414 vel

2036 3447 2212 3514 bonis,
2256 3450 2606 3519 operantibus
2662 3451 2720 3505 in
2766 3451 3094 3507 hominibus.
3126 3451 3263 3504 Nam
3298 3453 3341 3506 si
3392 3453 3605 3507 dederit

2036 3542 2158 3610 quis
2199 3542 2376 3597 locum
2425 3543 2660 3609 diabolo,
2694 3544 2997 3613 ingreditur
3051 3546 3107 3599 in
3153 3543 3304 3597 illum
3347 3542 3600 3608 Satanas,

2037 3632 2489 3702 quemadmodum
2542 3633 2691 3687 dedit
2734 3633 2923 3694 Judas.
2984 3653 3003 3687 ι
3033 3652 3158 3689 cum
3198 3636 3311 3702 jam
3359 3635 3603 3691 diabolus

2038 3722 2274 3776 misisset
2311 3722 2365 3776 in
2397 3738 2492 3777 cor
2519 3721 2655 3790 ejus,
2706 3732 2766 3775 ut
2814 3726 3052 3779 traderet
3085 3723 3268 3779 Jesum
3293 3726 3368 3791 ἐς
3393 3744 3411 3777 ι
3440 3741 3600 3793 quam

2036 3814 2106 3870 ob
2130 3830 2349 3870 causam
2396 3833 2415 3867 ι
2441 3825 2559 3883 post
2584 3816 2885 3871 buccollam
2922 3819 3145 3872 intravit
3177 3818 3229 3871 in
3266 3818 3413 3871 illum
3447 3820 3605 3872 Sata-

2038 3920 2136 3957 nas
2158 3904 2223 3957 ²⁷.
2254 3923 2273 3958 ι
2307 3904 2403 3958 Sin
2438 3916 2620 3959 autem
2651 3906 2761 3961 Deo
2793 3907 2970 3961 locum
3002 3910 3231 3973 dederit,
3268 3909 3459 3963 beatus
3496 3908 3554 3962 lit
3587 3927 3598 3961 :

2042 4014 2060 4046 ι
2094 3995 2289 4049 Beatus
2318 4015 2336 4047 ι
2366 3997 2536 4062 enim,
2571 4014 2590 4048 ι
2616 3996 2768 4065 cujus
2809 4008 2891 4053 est
2921 4000 2994 4057 illi
3041 4001 3326 4055 retributio
3354 4019 3374 4053 ι
3407 4017 3436 4054 a
3472 4001 3602 4061 Deo,

2043 4105 2061 4138 ι
2083 4096 2136 4141 et
2170 4088 2415 4141 ascensio
2460 4087 2511 4140 in
2558 4089 2724 4142 corde
2761 4089 2876 4157 ejus
2905 4107 2923 4138 ι
2954 4103 2984 4142 a
3011 4090 3119 4145 Deo
3136 4089 3201 4143 ’⁸.
3230 4090 3408 4155 Quare
3429 4104 3602 4159 agno-

2039 4179 2168 4242 scis,
2196 4194 2230 4232 o
2260 4179 2363 4233 Fili
2401 4177 2491 4232 Dei
2518 4181 2698 4232 omnia
2739 4194 3057 4250 agnoscens,
3087 4179 3214 4247 quid
3242 4180 3312 4233 sit
3336 4179 3387 4232 in
3425 4179 3601 4233 homi-

2040 4287 2126 4328 ne.
2166 4271 2271 4325 Scd
2301 4288 2423 4325 cum
2469 4272 2579 4340 jam
2624 4274 2758 4326 satis
2787 4272 3098 4342 scriptionis
3124 4272 3418 4340 sumpserit
3455 4272 3604 4327 decio

2041 4379 2160 4417 mus
2188 4376 2383 4428 tomus,
2414 4364 2502 4418 hic
2527 4363 2780 4420 ﬁniemus
2807 4380 3139 4421 sermonem.

2085 4702 2177 4758 25.
2275 4702 2324 4733 ²⁶
2377 4698 2535 4757 Joan.
2570 4716 2690 4769 XIII,
2748 4704 2804 4755 ‘2.
2910 4703 2953 4734 ’⁷
3014 4701 3145 4755 ibid.
3197 4700 3288 4753 27.
3366 4700 3411 4731 ³⁸
3456 4698 3601 4754 Psal.

2042 4902 2047 4909 ’
2110 4931 2220 5003 (77)
2260 4931 2442 5008 codex
2487 4930 2811 5008 Bodleiantts
2863 4928 3039 5008 habet
3068 4928 3128 5008 in_
3167 4936 3315 5008 textu
3357 4924 3604 5008 ξωδςκάέ

2035 4995 2159 5083 τοῦ,
2182 4995 2318 5083 etin
2355 5002 2598 5071 margine
2638 4998 2886 5065 δεκάτου,
2914 5000 2995 5052 uti
3027 4999 3223 5069 legitur
3265 4997 3317 5050 in
3354 4995 3523 5064 Regio
3553 5007 3606 5047 et

2036 5071 2359 5125 Barherino.
3546 5130 3557 5139 ’

2033 5140 2232 5263 16:23.).
2258 5139 2440 5198 COdex
2479 5138 2679 5211 Regius
2742 5137 2934 5204 habet,
2983 5138 3045 5194 τὸ
3108 5136 3309 5206 βιϐλίου
3359 5147 3460 5203 pro
3490 5143 3607 5209 ιοιιιιν

2096 5227 2209 5279 γον.
