4170 6394
587 399 694 452 399
2031 391 2234 448 ORIGE

2189 392 2353 448 ,ENIS
3735 389 3836 444 ιθο

597 531 3828 582 mm

1231 942 1371 998 ἸὩΝ
1401 941 1521 996 ΕΙΣ
1560 941 1646 993 ΤΟ
1677 939 1860 990 ΚΑΤΑ
1896 930 2238 991 ΙΩΔΝΝΗΝ
2263 931 2728 986 ΕΥΑΓΓΕΛΙΟΝ
2748 927 3217 986 ΕΞΗΓΗΤΙΚΩΝ

1936 1095 2312 1184 ΤΟΜΟΣ
2364 1095 2526 1180 ΙΓ¹.

1890 1436 2567 1552 ORIGENIS

1304 1659 2073 1722 COMMENTARIORUM
2117 1649 2200 1721 ΙΝ
2230 1657 2756 1720 EVANGELIUM
2790 1657 3122 1720 JOANNIS

1405 1836 1652 1930 TOM
1677 1839 1813 1928 US
1887 1838 2410 1930 DECIMUS
2479 1838 3041 1928 TERTIUS.

1547 568 1723 576 ——————.

669 2149 721 2204 1.
759 2144 880 2200 Tibi
930 2144 1174 2214 quidem,
1233 2141 1329 2197 Dei
1376 2141 1751 2196 amantissime
1797 2157 1862 2195 ac
1919 2142 2164 2210 piissime
2194 2154 2238 2206 Α

2203 2154 2238 2206 Α
2338 2141 2390 2196 1.
2419 2143 2578 2205 Ἴσως
2604 2141 2702 2211 μὲν
2725 2140 2792 2194 ἂν
2815 2139 2962 2206 ἔδοξέ
2989 2155 3071 2193 σοι
3089 2137 3221 2209 (79),
3252 2137 3616 2207 φιλοθεώτατε
3645 2135 3741 2193 καὶ
3757 2137 3850 2193 εὐ-

598 2238 872 2301 Ambrosi,
912 2251 1023 2290 non
1050 2233 1338 2290 videbatur
1372 2231 1604 2286 fortasse
1629 2232 1961 2289 scindendus
1986 2247 2169 2288 sermo

2273 2233 2556 2288 σεδέστατε
2597 2233 2910 2304 ’Δμϐρόσιε,
2939 2231 3031 2286 τὸν
3059 2231 3188 2301 περὶ
3215 2230 3314 2300 τῆς
3344 2229 3738 2302 Σαμαρείτιδος
3764 2229 3852 2284 λό-

600 2328 966 2390 Samaritidis,
1003 2327 1079 2382 ita
1126 2335 1184 2379 ut
1209 2325 1356 2380 illius
1399 2338 1529 2393 pars
1562 2337 1709 2379 esset
1753 2325 1808 2380 in
1849 2326 2169 2380 duodecimo

2269 2342 2366 2394 γον
2395 2325 2471 2398 μὴ
2504 2326 2858 2396 διακοπῆναι,
2893 2324 2970 2390 ὥς
3001 2341 3063 2380 τε
3097 2324 3262 2394 μέρος
3305 2323 3406 2394 μέν
3434 2340 3487 2375 τι
3513 2322 3686 2377 αὑτοῦ
3713 2318 3851 2376 εἶναι

601 2432 768 2481 torno,
806 2428 862 2473 et
883 2418 1127 2486 reliqua,
1159 2430 1280 2485 quae
1315 2415 1614 2478 restabant,
1658 2416 1712 2468 in
1744 2417 1903 2470 tertio
1932 2417 2165 2470 decimo.

2270 2420 2328 2471 ὲν
2361 2417 2440 2488 τῷ
2475 2416 2760 2487 δωδεκάτῳ
2798 2415 2950 2486 τόμῳ
2968 2455 2982 2481 ,
3011 2414 3078 2468 τὰ
3100 2414 3157 2468 δὲ
3199 2414 3324 2483 έξῆς
3349 2415 3406 2466 έν
3429 2412 3509 2483 τῷ
3538 2413 3849 2484 τρισκαιδε-

602 2510 708 2564 Sed
755 2511 1012 2579 quoniam
1049 2507 1367 2562 videbamus
1407 2505 1780 2560 duodecimum
1827 2505 2170 2561 Commenta-

2270 2510 2421 2580 κάτῳ
2442 2526 2455 2540 ·
2473 2508 2586 2564 ἁλλ’
2615 2509 2737 2562 ἐπεὶ
2758 2507 3018 2580 ἑωρῶμεν
3050 2505 3298 2576 αὐτάρκη
3331 2505 3682 2577 περιγραφὴν
3708 2503 3852 2572 εἰλη-

601 2603 806 2653 riorutn
841 2608 1042 2651 totnutn
1088 2595 1226 2650 satis
1269 2596 1627 2663 scriptionum
1669 2595 1966 2664 accepisse,
1995 2595 2170 2650 visum

2270 2602 2426 2670 φέναι
2455 2600 2546 2654 τὸν
2585 2599 2885 2653 δωδέκατον
2927 2595 3036 2653 τῶν
3075 2595 3476 2668 Ἐξηγητικῶν,
3505 2595 3690 2662 ἔδοξεν
3722 2598 3850 2667 ἡμῖν

603 2699 688 2746 est
717 2689 874 2744 nobis
915 2685 1167 2741 desinere
1198 2685 1250 2740 in
1282 2700 1593 2740 sermonem
1622 2685 2047 2752 Samaritidis",
2075 2686 2168 2742 ubi

2270 2693 2569 2762 καταλῆξαι
2629 2694 2709 2752 εἰς
2751 2691 2842 2744 τὸν
2893 2690 2994 2760 τῆς
3053 2688 3445 2762 Σαμαρείτιδος
3502 2689 3666 2757 λόγον
3725 2689 3850 2760 περὶ

604 2782 931 2854 loquebatur
976 2779 1093 2848 ipsa
1152 2777 1219 2832 de
1276 2785 1458 2844 puteo,
1515 2779 1966 2848 quemadmodum
2001 2777 2170 2834 Jac-ob

2268 2782 2363 2836 τοῦ
2413 2783 2528 2852 (80)
2565 2781 2857 2851 λεγομένου
2891 2782 2983 2834 ὑπ’
3022 2779 3193 2848 αὐτῆς
3233 2779 3468 2850 φρέατος
3490 2817 3508 2841 .
3549 2779 3630 2843 ὡς
3670 2781 3700 2833 δ
3762 2780 3852 2831 Ἰα-

601 2871 733 2926 illud
761 2869 994 2933 dederit,
1023 2878 1079 2924 et
1111 2868 1225 2936 ipse
1255 2882 1323 2921 ex
1373 2881 1439 2922 eo
1487 2867 1704 2933 biberit,
1735 2878 1791 2923 et
1823 2869 1918 2923 lilii
1954 2869 2088 2935 ejus,
2115 2878 2172 2924 et

2269 2874 2386 2928 κὼϐ
2419 2874 2617 2930 ἔδωκεν
2648 2873 2808 2933 αὐτὸ,
2840 2874 2932 2926 καὶ
2974 2871 3134 2935 αὐτὸς
3178 2871 3239 2936 ὶξ
3269 2871 3435 2926 αὑτοῦ
3468 2871 3591 2924 ἔπιε
3616 2914 3632 2938 ,
3668 2864 3762 2926 καὶ
3799 2872 3850 2923 οἰ

603 2974 798 3031 pecora
830 2959 968 3028 ejus,
997 2957 1213 3013 tertium
1259 2957 1529 3014 decimum
1584 2969 1788 3012 tomum
1851 2959 2168 3028 incepturis,

2269 2966 2374 3022 υίοὶ
2401 2964 2565 3020 αὑτοῦ
2590 3003 2605 3029 ,
2636 2964 2732 3017 καὶ
2771 2963 2839 3016 τὰ
2880 2963 3171 3033 θρέμματα
3199 2961 3388 3025 αὑτοῦ,
3441 2963 3526 3016 ἵνα
3558 2961 3851 3034 ἀρξώμεθα

603 3053 695 3106 ubi
724 3050 984 3106 Dominus
1016 3051 1083 3104 ad
1113 3051 1285 3119 ipsam
1335 3051 1662 3120 respondet.
1701 3067 1720 3101 ι
1751 3050 2046 3120 Respondit
2073 3049 2169 3106 Je-

2269 3057 2366 3118 τοῦ
2395 3056 2842 3128 τρισκαιδεκάτου
2882 3055 2990 3110 ἀπὸ
3013 3055 3111 3126 τῆς
3145 3055 3491 3126 ἀποκρίσεως
3521 3053 3616 3108 τοῦ
3647 3054 3850 3125 Κυρίου

603 3160 698 3200 sus
728 3155 783 3200 et
822 3145 960 3200 dixit
998 3143 1076 3198 illi
1108 3161 1122 3198 :
1149 3142 1340 3197 Omnis
1383 3143 1476 3211 qui
1517 3143 1716 3198 biberit
1745 3158 1812 3198 ex
1865 3157 2004 3212 aqua
2046 3142 2166 3210 hac,

2270 3144 2405 3215 πρὸς
2435 3144 2547 3213 (81)
2593 3145 2780 3214 αὑτήν.
2820 3162 2839 3196 ι
2886 3142 3182 3215 Ἀπεκρίθη
3215 3145 3245 3196 ὁ
3287 3143 3524 3214 Ἰησοῦς,
3564 3145 3663 3197 καὶ
3701 3143 3855 3198 εἶπεν

606 3239 756 3294 sitiet
785 3237 980 3291 iterum
1007 3251 1023 3301 ;
1059 3235 1152 3304 qui
1181 3244 1361 3290 autem
1387 3234 1587 3289 biberit
1610 3248 1676 3290 ex
1708 3247 1849 3302 aqua
1885 3249 2045 3302 quam
2072 3249 2172 3304 ego

2269 3237 2405 3307 αὐτῇ
2431 3253 2446 3266 ⁸
2475 3237 2591 3300 Πᾶς
2613 3237 2642 3288 ὁ
2672 3235 2842 3290 πίνων
2873 3237 2938 3288 ὲκ
3000 3234 3095 3289 τοῦ
3166 3235 3356 3300 ὓδατος
3412 3236 3599 3290 τούτου
3644 3237 3854 3308 διψήσει

604 3328 679 3382 illi
717 3328 932 3393 dedero,
966 3327 1058 3379 det
1085 3325 1208 3381 fons
1256 3325 1310 3380 in
1351 3337 1420 3379 eo
1466 3337 1620 3392 aqua:
1645 3323 1891 3380 salientis
1923 3324 1976 3378 in
2003 3325 2168 3379 vitam

2273 3328 2460 3383 πάλιν
2484 3328 2544 3391 ὃς
2568 3328 2613 3381 δ’
2637 3327 2703 3381 ἂν
2732 3327 2832 3401 πίῃ
2856 3328 2919 3380 ἐκ
2947 3327 3039 3384 τοῦ
3068 3328 3259 3391 ὓδατος
3284 3321 3344 3380 οὗ
3372 3327 3482 3397 ἐγὼ
3506 3329 3666 3383 δώσω
3685 3329 3852 3400 αὐτῷ.

602 3417 948 3474 a-ternam“.
976 3436 996 3469 ι
1028 3415 1139 3470 lloc
1179 3416 1472 3484 respondet
1503 3415 1746 3470 secundo
1779 3412 1937 3470 Jesus
1969 3418 2034 3470 ad
2066 3416 2170 3472 Sa-
2205 3489 2236 3493 _

2208 3489 2236 3493 _
2271 3419 2560 3490 γενήσεται
2593 3418 2743 3489 πηγὴ
2771 3420 2832 3470 ὲν
2859 3417 3008 3488 αὐτῷ
3049 3417 3240 3482 ὕδατος
3277 3419 3571 3489 ἁλλομένου
3603 3423 3688 3485 εἰς
3713 3421 3855 3493 ζωὴν

605 3510 910 3564 ntaritidetn
929 3548 946 3575 ,
977 3507 1210 3577 primum
1241 3507 1458 3577 quidem
1488 3506 1676 3561 dicens
1709 3523 1723 3558 :
1756 3525 1774 3558 ι
1805 3506 1860 3560 Si
1887 3506 2060 3562 scires
2079 3508 2174 3562 do-
2203 3489 2246 3544 Β

2207 3489 2246 3544 Β
2274 3509 2510 3566 αἰώνιον.
2551 3529 2570 3560 ο
2603 3509 2863 3580 Δεύτερον
2891 3508 3052 3563 τοῦτο
3079 3511 3434 3582 ἀποκρίνεται
3460 3513 3594 3584 πρὸς
3627 3514 3728 3584 τὴν
3751 3489 3854 3567 Σα-

603 3616 733 3656 num
765 3599 878 3665 Dei,
906 3607 964 3654 et
994 3599 1118 3668 quis
1147 3605 1228 3653 est
1285 3597 1374 3666 qui
1403 3597 1536 3653 dicit
1574 3596 1666 3652 tibi
1699 3615 1712 3651 :
1744 3597 1820 3652 Da
1868 3599 1998 3652 tnibi
2029 3599 2176 3668 quod

2277 3604 2526 3672 μαρείτιν
2546 3602 2575 3652 ὁ
2618 3600 2844 3671 Ἰησοῦς,
2888 3602 3150 3672 πρότερον
3180 3602 3280 3672 μὲν
3311 3601 3483 3670 λέγων
3505 3621 3519 3633 ·
3551 3623 3573 3656 ι
3607 3605 3672 3658 Ei
3705 3605 3857 3675 ,ᾔδεις

603 3693 812 3756 bibam,
844 3701 900 3748 tu
935 3690 1187 3746 fortassis
1217 3691 1288 3746 ab
1308 3705 1374 3744 eo
1410 3690 1688 3759 petiisses,
1716 3701 1770 3745 et
1800 3691 2036 3747 dedisset
2077 3693 2172 3746 tibi

2273 3693 2374 3764 τὴν
2405 3691 2612 3762 δωρεὰν
2644 3691 2737 3744 τοῦ
2769 3689 2932 3759 Θεοῦ,
2961 3692 3056 3745 καὶ
3085 3692 3167 3755 τίς
3191 3693 3339 3746 ἐστιν
3363 3694 3392 3746 ὁ
3423 3693 3595 3762 λέγων
3625 3713 3708 3749 σοι
3747 3697 3857 3760 Δός

603 3797 800 3852 aquam
822 3780 1000 3836 vivam
1019 3779 1062 3810 "
1086 3795 1102 3844 ;
1131 3797 1150 3831 ι
1181 3791 1237 3834 et
1261 3793 1404 3832 nunc
1425 3779 1638 3847 quando
1664 3778 1958 3834 admonens
1983 3778 2174 3847 ipsam,

2268 3799 2371 3851 μοι
2396 3781 2581 3844 πιεῖν,
2623 3782 2688 3834 σὺ
2741 3779 2809 3834 ἂν
2839 3780 3049 3851 ᾔτησας
3072 3780 3234 3834 αὑτὸν
3254 3820 3269 3846 ,
3305 3783 3399 3836 καὶ
3444 3782 3644 3836 ἔδωκεν
3676 3786 3744 3839 ἄν
3775 3799 3859 3836 σοι

605 3873 766 3943 213
798 3879 858 3926 ut
884 3880 1096 3940 peteret
1122 3886 1316 3938 aquam
1344 3869 1543 3937 vivam,
1571 3869 1703 3923 dicit
1739 3884 1858 3938 quae
1903 3867 2177 3923 recensui-

2277 3871 2422 3945 ὕδωρ
2459 3870 2567 3935 ζῶν
2587 3887 2610 3946 ς
2649 3889 2668 3922 ι
2701 3871 2795 3924 καὶ
2835 3872 2950 3936 νῦν,
2981 3871 3057 3936 ὡς
3104 3872 3429 3942 προτρέπων
3465 3873 3636 3944 αὐτὴν
3673 3875 3770 3928 ἐπὶ
3798 3872 3859 3926 τὸ

605 3981 762 4030 mus;
794 3973 849 4019 et
874 3963 940 4018 ad
974 3963 1203 4033 primam
1227 3961 1451 4032 quidem
1473 3961 1890 4029 responsionem
1918 3960 2054 4014 nihil
2091 3959 2175 4013 lo-

2275 3963 2494 4034 αἰτῆσαι
2526 3961 2587 4015 τὸ
2614 3960 2720 4027 ζῶν
2751 3961 2895 4035 ὓδωρ
2919 4001 2935 4028 ,
2975 3962 3126 4031 λέγει
3151 3962 3221 4016 τὰ
3260 3964 3558 4034 ἐκκείμενα
3581 3981 3594 3994 ο
3625 3965 3723 4018 καὶ
3766 3965 3859 4017 ἐπὶ

605 4058 791 4128 quitur
839 4055 1144 4115 Samaritis.
1195 4053 1289 4107 sed
1337 4053 1623 4108 addubitat
1657 4053 1724 4108 de
1765 4051 2176 4122 comparatione

2277 4055 2376 4125 μὲν
2404 4054 2482 4125 τῷ
2506 4053 2756 4126 προτέρῳ
2786 4054 2886 4108 οὐκ
2914 4049 3070 4107 εἶπεν
3095 4054 3248 4108 οὐδὲν
3277 4054 3412 4125 (82),
3445 4055 3560 4108 ἀλλ’
3591 4056 3863 4127 ὲπαπορεῖ

606 4163 906 4218 aquarum;
957 4153 1077 4214 post
1107 4143 1400 4199 secundant
1439 4159 1574 4197 vero
1613 4143 1832 4197 Domini
1866 4143 2177 4212 responsio-

2276 4145 2404 4218 περὶ
2427 4144 2526 4216 τῆς
2554 4144 2890 4218 συγκρίσεως
2916 4144 3023 4198 τῶν
3049 4145 3258 4200 ὑδάτων
3285 4148 3319 4216 ἡ
3342 4146 3700 4218 Σαμαρεῖτις·
3723 4147 3861 4218 μετὰ

606 4255 730 4294 nent
771 4239 1064 4292 admittens
1109 4249 1233 4302 quae
1274 4233 1344 4288 ab
1396 4235 1517 4303 ipso
1564 4235 1712 4289 dicta
1763 4234 2013 4288 fuerant:
2043 4252 2062 4284 ι
2103 4235 2175 4288 Da

2272 4237 2329 4293 δὲ
2357 4236 2454 4309 τὴν
2485 4237 2740 4308 δευτέραν
2763 4238 3053 4308 ἀπόκρισιν
3074 4237 3169 4290 τοῦ
3202 4236 3404 4307 Κυρίου
3435 4238 3864 4309 παραδεξαμένη

605 4329 736 4386 mibi
783 4330 947 4392 banc,
1012 4325 1222 4395 inquit,
1285 4341 1481 4394 aquam
1508 4325 1576 4380 ³¹.
1611 4343 1630 4376 ι
1699 4323 1969 4379 Fortassis
2027 4323 2174 4378 enim

2274 4331 2344 4384 τὰ
2370 4329 2633 4400 εἰρημένα
2660 4328 2819 4398 φησι·
2857 4348 2875 4379 ι
2916 4328 3015 4392 Δός
3063 4345 3153 4399 μοι
3180 4327 3339 4381 τοῦτο
3362 4327 3424 4382 τὸ
3452 4327 3616 4401 ὕδωρ,
3656 4349 3676 4382 ι
3709 4329 3863 4400 Τάχα

606 4422 802 4488 dogma
824 4429 928 4482 est,
965 4419 1233 4472 neminem
1262 4419 1460 4472 donum
1491 4417 1731 4471 divinum
1751 4415 2004 4484 accipere
2031 4431 2174 4485 prae-

2276 4420 2385 4493 γὰρ
2409 4421 2583 4492 δόγμα
2607 4420 2660 4474 τί
2701 4422 2848 4485 ἐστι,
2889 4418 3092 4490 μηδένα
3138 4418 3434 4489 λαμϐάνειν
3466 4421 3617 4474 θείαν
3649 4422 3863 4492 δωρεὰν

607 4523 692 4564 ter
723 4518 996 4579 petentem
1038 4508 1188 4562 illud.
1213 4506 1573 4574 Quamobrem
1608 4504 1955 4561 Servatorem
1999 4504 2175 4574 ipsum

2276 4513 2384 4566 τῶν
2409 4513 2482 4585 μὴ
2509 4511 2802 4566 αἰτούντων
2825 4512 3014 4582 αὑτήν.
3043 4513 3152 4566 Καὶ
3173 4513 3334 4566 αὑτὸν
3356 4511 3489 4581 γοῦν
3510 4513 3602 4568 τὸν
3630 4515 3862 4585 Σωτῆρα

607 4601 773 4657 Pater
814 4601 929 4669 ipse
975 4611 1160 4670 petere
1199 4599 1454 4654 admonet
1489 4611 1588 4667 per
1631 4597 1922 4667 psalmum,
1961 4596 2036 4648 ttti
2073 4597 2175 4651 sibi

2274 4604 2363 4660 διὰ
2385 4604 2481 4658 τοῦ
2507 4604 2722 4676 ψαλμοῦ
2755 4603 3049 4676 προτρέπει
3078 4606 3250 4659 αἰτεῖν
3275 4606 3305 4658 ὁ
3334 4604 3526 4676 Πατὴρ
3543 4645 3558 4670 ,
3585 4605 3673 4658 ’ίνα
3709 4603 3864 4674 αὐτῷ

607 4692 858 4754 donetur,
900 4687 1351 4758 quemadmodum
1391 4688 1548 4742 docet
1585 4701 1691 4742 nos
1715 4687 1830 4755 ipse
1875 4685 2064 4750 Filius,
2091 4687 2177 4741 di-

2274 4696 2585 4769 δωρήσηται
2607 4714 2621 4728 ο
2645 4697 2725 4760 ὡς
2751 4697 2914 4762 αὐτὸς
2947 4697 3058 4769 (85)
3083 4698 3230 4770 ἡμᾶς
3272 4696 3515 4751 διδάσκει
3554 4700 3584 4752 ὁ
3611 4698 3742 4762 Υἱὸς
3777 4698 3865 4750 λέ-

608 4779 806 4836 cens“
837 4800 852 4838 :
883 4798 903 4832 ι
939 4781 1198 4835 Dominus
1247 4778 1385 4834 dixit
1433 4779 1500 4832 ad
1543 4793 1628 4832 me
1655 4795 1669 4831 :
1695 4776 1862 4832 Filius
1911 4793 2064 4832 meus
2115 4795 2246 4881 esC

2217 4823 2246 4881 Β
2276 4805 2388 4858 γων
2411 4805 2424 4818 ·
2460 4808 2478 4840 ι
2515 4790 2717 4860 Κύριος
2732 4785 2880 4881 “sim
2913 4790 3051 4862 πρὸς
3093 4790 3160 4861 μέ
3185 4807 3198 4820 ο
3229 4789 3356 4881 rw;
3387 4807 3490 4860 μου
3539 4786 3592 4844 εἰ
3621 4790 3685 4844 σύ
3713 4807 3729 4822 ·
3775 4790 3864 4845 αῖ-

610 4885 666 4928 tu
699 4893 713 4928 :
747 4873 954 4943 pustula
980 4889 1009 4924 ιι
1041 4886 1145 4933 me,
1177 4879 1232 4924 et
1277 4870 1417 4924 dabo
1438 4868 1534 4923 tibi
1581 4878 1770 4938 gentes
1805 4869 2173 4924 Ita‘reditatetn
2206 4868 2246 4881 “⁴’

2220 4868 2246 4881 ’
2282 4895 2442 4949 τησαι
2472 4881 2600 4952 παρ’
2623 4879 2779 4951 ἐμοῦ,
2808 4881 2902 4934 καὶ
2924 4881 3080 4934 δώσω
3110 4897 3192 4935 σοι
3219 4880 3347 4952 ἔθνη
3373 4882 3472 4952 τὴν
3496 4881 3867 4954 κληρονομίαν

609 4973 778 5024 tuam,
809 4973 863 5018 et
895 4963 1288 5030 possessionem
1331 4970 1482 5014 tuam
1533 4961 1793 5015 terminos
1826 4971 2005 5014 terrm.
2037 4978 2057 5010 ι
2089 4959 2176 5014 Di-

2285 4987 2378 5024 σου
2397 5010 2413 5033 .
2447 4973 2540 5024 καὶ
2573 4970 2670 5043 τὴν
2699 4959 3028 5042 κατάσχεσίν
3061 4987 3154 5024 σου
3185 4971 3256 5024 τὰ
3290 4972 3502 5042 πέρατα
3530 4973 3631 5044 τῆς
3672 4973 3801 5044 γῆς.
3841 4991 3861 5024 ι

607 5056 683 5109 cit
708 5055 870 5110 etiam
904 5054 1202 5108 Servator:
1246 5070 1264 5100 σ
1295 5050 1488 5117 Petite,
1522 5062 1576 5106 et
1599 5051 1818 5106 dabitur
1843 5052 1998 5106 vobis
2024 5067 2038 5104 :
2061 5065 2178 5104 om-

2283 5064 2394 5117 Καὶ
2417 5065 2445 5116 ὁ
2470 5065 2660 5135 Σωτήρ
2689 5079 2852 5135 φησιν
2874 5080 2888 5094 ο
2928 5082 2947 5114 ι
2983 5065 3215 5128 Αἰτεῖτε,
3249 5064 3342 5117 καί
3371 5063 3658 5136 δοθήσεται
3691 5065 3827 5135 ὑμῖν
3849 5081 3864 5094 ο

607 5146 694 5200 nis
722 5145 866 5199 enim
894 5142 986 5213 qui
1013 5143 1166 5211 petit,
1195 5140 1473 5210 accipit".
1510 5159 1528 5194 ι
1562 5139 1724 5197 Paret
1743 5143 1958 5211 quidem
1989 5141 2179 5196 Sama-

2283 5153 2398 5216 Πᾶς
2426 5153 2534 5223 γὰρ
2572 5155 2600 5205 ὁ
2643 5152 2808 5206 αἰτῶν
2855 5153 3139 5224 λαμϐάνει.
3181 5173 3199 5205 ι
3247 5153 3499 5208 Πείθεται
3531 5154 3788 5226 μέντοιγε
3829 5158 3863 5228 ἡ

608 5238 729 5293 ritis
763 5245 823 5290 ut
853 5244 1002 5304 petat
1049 5248 1246 5302 aquam
1282 5247 1312 5286 a
1354 5231 1506 5298 Jesu,
1539 5235 1720 5306 imago
1775 5234 2067 5293 exsistens.
2115 5243 2177 5287 ut

2285 5241 2612 5312 Σαμαρεῖτις
2646 5239 2866 5311 αἰτῆσαι
2905 5239 2997 5295 τὸν
3051 5240 3260 5313 Ἰησοῦν
3309 5242 3490 5318 ὕδωρ,
3534 5242 3736 5308 εἰκὼν,
3785 5244 3866 5309 ὡς

713 5376 762 5409 ³³
780 5371 1151 5438 Joan.tv,12.
1237 5371 1283 5403 ⁸⁸
1314 5372 1444 5428 ibid.
1489 5374 1578 5428 15.
1652 5372 1695 5404 ³¹
1722 5372 1851 5428 ibid.
1881 5372 1968 5427 10.
2044 5372 2090 5404 ³²
2110 5370 2272 5430 Joan.
2316 5387 2360 5428 ιι

2070 5374 2090 5404 ³
2110 5370 2272 5430 Joan.
2316 5387 2392 5439 tv,
2437 5375 2524 5430 15.
2599 5375 2644 5407 ³³
2668 5374 2809 5432 Psal.
2839 5391 2902 5442 tt,
2928 5375 2984 5441 7,
3009 5375 3064 5429 8.
3141 5375 3186 5408 ³⁸
3222 5374 3416 5432 Matth.
3445 5391 3547 5441 vn,
3571 5378 3626 5442 7,
3659 5377 3715 5432 8.

683 5494 798 5566 (79)
837 5496 938 5549 Ἂν
985 5491 1322 5566 ἐδρξὲηοξοι.
1376 5494 1468 5548 Sic
1515 5505 1659 5548 recte
1709 5493 1909 5548 habent
1964 5491 2180 5566 codices

2352 5493 2474 5566 (8-2)
2510 5494 2719 5548 οὐδέν.
2744 5493 2906 5550 Deest
2932 5494 2985 5548 in
3011 5493 3201 5549 codice
3220 5492 3411 5566 Regio,
3428 5495 3521 5550 sed
3550 5493 3869 5550 restituitur

610 5563 943 5618 Bai-berinns
967 5575 1022 5634 ct
1059 5564 1405 5634 Bodleianus,
1441 5578 1722 5634 perperam
1754 5571 1936 5617 autem
1983 5563 2180 5632 legitur
2287 5581 2318 5620 e
2349 5565 2664 5622 Bodleiano.

611 5636 666 5690 in
698 5634 882 5700 Regio.
912 5631 1146 5704 ἀνέδειξε
1168 5648 1280 5704 σοι.
1391 5701 1403 5704 _
1444 5631 1453 5632 7
1540 5631 1551 5634 “
1596 5702 1604 5704 _
1726 5701 1736 5704 _
2042 5631 2049 5632 “

2359 5636 2472 5701 (83)
2522 5635 2620 5700 Ὠς
2661 5635 2864 5700 αὐτός.
2901 5631 2995 5689 Sic
3022 5631 3192 5690 codex
3241 5632 3604 5704 Bodleianus;
3636 5633 3865 5704 Regius.

707 5705 796 5772 80)
835 5704 1017 5756 Codex
1049 5702 1272 5770 Regius,
1301 5701 1460 5764 male,
1492 5702 1618 5772 περὶ
1649 5701 1860 5772 τούτου.
2288 5703 2568 5769 ὡσαύτως.

707 5705 796 5764 80)
835 5705 1017 5756 Codex
1049 5705 1272 5770 Regius,
1301 5705 1460 5764 male,
1492 5705 1618 5772 περὶ
1649 5705 1860 5755 τούτου.

684 5705 797 5846 ίδι)
836 5772 978 5826 Idem
1007 5772 1173 5826 codex
1210 5771 1428 5841 Regius,
1468 5772 1672 5844 Κυρίου
1700 5771 1876 5845 ἡμῶν.
