4170 6396
351 317 448 371 301

1409 311 1767 368 conum.
1809 311 1875 367 lN
1913 312 2106 369 JOAN.
2149 311 2385 369 TOMUS
2421 308 2533 365 xm
2578 376 2584 384 λ

3502 310 3612 367 ‘62

343 432 716 504 προείπομεν,
764 432 1105 503 τυγχάνουσα
1170 429 1395 502 γνώμης
1456 430 1922 501 ἐτεροδοξούντων,

2035 434 2406 499 prmdiximus,
2436 444 2625 484 eorum
2656 430 2747 496 qui
2785 430 2854 484 ab
2883 429 3139 485 Ecclesia:
3173 430 3409 486 decretis
3445 434 3608 488 dissi-

346 525 476 596 περὶ
519 525 618 587 τὰς
662 524 814 588 Θείας
862 523 1271 595 ἀσχολουμένων
1316 524 1354 575 Γ
1361 522 1566 593 ραφάς,
1607 524 1694 576 ὅτε
1738 522 1925 576 ἀκούει

345 616 476 685 περὶ
512 616 609 684 τῆς
653 615 994 686 συγκρίσεως
1040 614 1363 685 ἀμφοτέρων
1402 613 1510 666 τῶν
1556 614 1784 671 ὑδάτων.
1816 614 1927 667 Kal.

343 703 449 773 ὅρα
474 703 533 769 ἐξ
563 696 639 758 ὧν
664 703 970 768 ἐπεπόνθει,
999 704 1114 768 πῶς
1148 704 1379 756 πίνουσα
1417 705 1481 755 ἐκ
1506 702 1601 756 τοῦ
1634 704 1926 773 νομιζομέ-

344 811 439 849 νου
474 795 611 865 αύτῇ
648 793 857 864 βαθέως
881 792 1018 849 εἶναι
1046 796 1299 867 φρέατος,
1326 798 1426 849 οὐκ
1459 795 1758 850 ἀνεπαύετο
1792 796 1925 868 (84),

345 886 467 938 οὐδὲ
500 885 601 954 τῆς
627 885 787 956 δίψης
814 886 1203 957 ἀπηλλάττετο.

417 975 472 1029 2.
504 976 730 1047 Ἰδωμεν
760 972 853 1029 οὖν
878 978 932 1029 τί
960 978 1281 1047 σημαίνεται
1311 979 1375 1031 ἐκ
1403 977 1497 1032 106
1523 995 1536 1009 ο
1575 998 1593 1030 ι
1622 980 1739 1043 Πᾶς
1779 982 1808 1034 ὁ
1835 981 1927 1034 πί-

345 1083 454 1120 νων
493 1068 559 1119 ἐκ
598 1066 691 1120 τοῦ
734 1065 923 1131 ὓδατος
954 1069 1142 1121 τούτου
1171 1068 1384 1139 διψήσει
1425 1070 1606 1125 πάλιν.
1640 1090 1659 1123 ι
1692 1073 1846 1127 Ἔστι
1871 1072 1928 1128 δὲ

345 1164 412 1217 ἐκ
448 1163 550 1233 τῆς
577 1160 767 1231 διψῆν
816 1165 997 1235 φωνῆς
1022 1204 1037 1229 ,
1073 1165 1166 1219 καὶ
1196 1168 1260 1219 ὲκ
1287 1166 1386 1237 τῆς
1436 1165 1674 1234 πεινῆν,
1702 1166 1843 1220 κατὰ
1867 1167 1928 1220 τὸ

328 1256 659 1325 ,σωματικὸν
681 1294 696 1319 ,
726 1254 820 1308 δύο
846 1257 1238 1328 σημαινόμενα,
1272 1258 1330 1311 ἓν
1362 1258 1460 1329 μὲν
1498 1258 1618 1312 καθ’
1647 1258 1676 1311 ὂ
1699 1258 1928 1329 δεόμεθα

343 1347 570 1417 τροφῆς,
602 1347 947 1412 κενωθέντες.
979 1351 1073 1403 καὶ
1102 1350 1418 1421 ὀρεγόμενοι
1460 1352 1630 1423 αὐτῆς
1651 1393 1665 1416 ,
1701 1351 1807 1405 ὑπὸ
1832 1351 1926 1405 106

345 1437 516 1511 ὑγροῦ
551 1440 681 1509 ἡμῖν
726 1440 1071 1504 ἐπιλιπόντος
1094 1440 1204 1511 (85)
1230 1457 1242 1469 ·
1277 1440 1462 1510 ἕτερον
1496 1441 1552 1494 δὲ
1580 1441 1701 1495 καθ’
1745 1441 1774 1494 δ
1798 1441 1925 1494 πολ-

342 1528 499 1592 λάκις
544 1533 593 1583 οί
626 1531 877 1601 πένητες,
920 1532 1014 1584 καὶ
1061 1535 1117 1585 ἐν
1144 1533 1349 1604 ἀπορίᾳ
1388 1532 1539 1597 ὄντες
1559 1573 1573 1595 ,
1598 1533 1705 1587 τῶν
1734 1535 1927 1602 ἐπιτη-

342 1620 500 1674 δείων
544 1623 678 1690 φασὶ
725 1623 1108 1694 κεκορεσμένοι
1149 1623 1211 1676 τὸ
1252 1627 1476 1694 πεινῇν,
1521 1624 1554 1694 ἢ
1597 1622 1776 1694 διψῇν.
1820 1622 1930 1675 Καὶ

347 1712 646 1783 μαρτύριόν
681 1731 745 1783 γε
784 1713 878 1768 106
927 1716 1024 1786 μέν
1070 1717 1285 1786 πρώτου
1336 1717 1393 1769 ἐν
1430 1719 1495 1787 τῇ
1545 1716 1741 1785 Ἐξόδῳ
1765 1757 1778 1781 ,
1816 1716 1926 1781 ὅτε,

2030 525 2241 587 dentes,
2271 532 2397 576 sunt
2422 521 2477 574 in
2513 519 2710 574 divinis
2734 518 3035 589 Scripturis
3053 523 3361 588 exercitati,
3392 531 3611 594 quando

2029 616 2179 668 audit
2226 615 2293 669 de
2342 615 2751 681 comparatione
2808 622 3162 682 utrarumque
3218 630 3503 684 aquarum.
3546 620 3612 671 Et

2029 708 2153 762 vide
2193 722 2262 761 ex
2311 706 2395 760 his
2425 719 2547 776 quae
2589 719 2745 774 passa
2788 704 2986 772 fuerat,
3016 708 3288 775 quomodo
3324 706 3514 762 bibens
3543 723 3610 762 ex

2030 809 2210 870 puteo,
2263 812 2426 867 quem
2462 840 2471 851 .
2501 798 2619 867 ipsa
2667 798 3015 852 existimabat
3084 798 3449 867 profundum,
3490 812 3590 852 nec

2030 887 2426 943 relocillaretur
2463 902 2565 943 nec
2590 902 2619 942 a
2645 888 2738 943 siti
2769 887 3116 943 liberaretur.

2096 980 2151 1034 2.
2191 980 2430 1035 Proinde
2467 980 2754 1033 videamus
2793 980 2922 1049 quid
2957 994 3027 1034 ex
3068 980 3178 1035 illis
3224 980 3407 1036 verbis
3436 981 3609 1048 signi-

2031 1070 2246 1136 ﬁcetur,
2285 1087 2305 1121 (
2354 1070 2534 1124 omnis
2589 1068 2681 1137 qui
2725 1067 2926 1122 biberit
2971 1082 3037 1122 ex
3091 1069 3194 1122 hac
3252 1082 3412 1137 aqua,
3462 1071 3611 1122 sitiet

2030 1162 2227 1216 iterum
2245 1160 2315 1216 ⁸⁸.
2349 1180 2369 1213 ι
2401 1159 2574 1215 Ροιτο
2616 1159 2765 1213 vocis
2808 1159 3028 1213 sitiendi
3056 1168 3112 1214 et
3155 1160 3305 1214 vocis
3333 1160 3608 1213 esuriendi

2029 1254 2207 1326 quoad
2232 1269 2457 1309 sensum
2492 1253 2751 1306 humilem
2781 1261 2836 1306 et
2866 1252 3209 1321 corporalem
3251 1253 3463 1318 attinet,
3488 1254 3611 1307 duae

2029 1354 2155 1399 sunt
2184 1343 2619 1414 signiﬁcationes
2650 1365 2662 1397 ;
2699 1342 2874 1397 altera
2891 1357 3013 1396 cum
3029 1342 3187 1397 vacui
3237 1344 3359 1397 cibo
3386 1358 3606 1419 egemus

2029 1436 2144 1498 illo,
2178 1435 2321 1505 quod
2348 1433 2677 1503 appetimus,
2711 1432 2933 1488 humido
2974 1434 3251 1493 destituti;
3282 1434 3453 1489 altera
3483 1449 3607 1488 cum

2030 1540 2173 1596 saepe
2228 1539 2523 1594 pauperes,
2564 1532 2620 1576 et
2660 1522 2756 1591 qui
2784 1533 2915 1578 sunt
2942 1523 2995 1576 in
3027 1535 3268 1592 egestate
3293 1540 3474 1580 rerum
3510 1542 3609 1581 ne-

2031 1614 2392 1670 cessariarum
2427 1611 2641 1675 dicunt,
2677 1610 2892 1665 etiamsi
2928 1611 3113 1665 satiati
3148 1610 3370 1677 fuerint,
3401 1628 3460 1668 se
3484 1629 3609 1668 esu-

2032 1711 2142 1763 rire
2169 1708 2255 1762 vel
2309 1708 2485 1762 sitire.
2520 1705 2718 1759 Primae
2749 1704 2972 1772 quidem
3025 1705 3394 1760 testimonium
3437 1706 3606 1765 habes

343 1778 675 1872 ἀπορούντες
693 1778 973 1874 ⁷τροφῶνά
1006 1807 1073 1875 τῇ
1100 1778 1552 1877 ἐννεακαιδεκάτῃ
1580 1778 1774 1877 ἡμέῂ
1791 1778 1922 1876 (86),

2035 1800 2088 1853 in
2132 1799 2319 1854 Exodo
2338 1799 2407 1866 '°,
2435 1798 2655 1867 quando
2704 1804 2926 1863 egentes
2968 1794 3107 1849 cibis
3161 1814 3180 1847 ι
3206 1796 3415 1851 decima
3462 1812 3605 1851 noua

342 1890 421 1960 τῷ
453 1892 582 1962 μηνὶ
611 1892 687 1963 τῷ
713 1893 948 1965 δευτέρῳ
980 1894 1378 1965 ἐξεληλυθότων
1406 1896 1585 1948 αὐτῶν
1612 1898 1675 1948 ἐκ
1708 1896 1811 1967 γῆς
1837 1897 1929 1949 Αί-

340 1982 581 2051 γύπτου,
634 1983 956 2053 διεγόγγυζε
997 1988 1145 2039 πᾶσα
1186 1988 1477 2058 συναγωγὴ
1531 1986 1662 2039 υἱῶν
1716 1986 1929 2058 Ἰσραὴλ

343 2075 437 2126 ἐπὶ
469 2074 708 2145 Μωῦσῆν
733 2076 827 2127 καὶ
874 2075 1086 2146 Ἀαρὼν
1109 2118 1123 2141 ,
1154 2077 1250 2131 κα)⁵
1279 2072 1438 2132 εἶπαν
1471 2078 1609 2149 πρὸς
1649 2080 1849 2142 αὐτοὺς
1876 2081 1926 2132 οί

341 2166 450 2218 υἱοὶ
500 2167 753 2239 Ἰσραήλο
812 2169 1040 2237 Ὄφελον
1086 2170 1431 2243 ἀπεθάνομεν
1479 2172 1779 2243 πληγέντες
1823 2173 1928 2225 ὑπὸ

340 2258 549 2328 Κυρίου
578 2261 635 2311 ἐν
666 2262 730 2330 γῇ
757 2260 1037 2331 Αἰγύπτῳ,
1070 2263 1196 2317 ὃταν
1225 2263 1559 2334 ἐκαθίσαμέν
1585 2264 1677 2317 ἐπὶ
1703 2265 1810 2318 τῶν
1844 2264 1928 2317 λε-

339 2350 523 2420 ϐήτων
544 2351 653 2404 τῶν
685 2354 862 2424 κρεῶν
881 2392 895 2417 ,
927 2355 1021 2408 καὶ
1051 2355 1313 2426 ἡσθίομεν
1344 2356 1544 2427 ἄρτους
1569 2359 1649 2420 είς
1682 2357 1927 2429 πλησμο-

338 2444 437 2510 νήν
453 2458 467 2471 ·
497 2443 577 2495 ὅτι
600 2442 894 2514 ὲξηγάγετε
922 2448 1070 2516 ἡμᾶς
1089 2448 1168 2510 είς
1192 2447 1292 2517 τὴν
1319 2446 1523 2519 ἔρημον
1542 2449 1768 2521 ταύτην,
1798 2452 1927 2504 ἀπο-

340 2534 545 2587 κτεῖναι
572 2534 682 2603 (87)
716 2537 896 2591 πᾶσαν
938 2539 1038 2608 τὴν
1074 2542 1395 2612 συναγωγὴν
1429 2541 1633 2613 ταύτην
1662 2544 1719 2595 ἐν
1756 2543 1922 2614 λιμῷ.

339 2618 477 2675 Εἷπε
522 2623 579 2676 δὲ
603 2624 804 2697 Κύριος
837 2627 973 2699 πρὸς
1023 2630 1295 2700 Μωῦσῆψ
1333 2630 1462 2684 Ἰδοὺ
1511 2630 1620 2700 ἐγὼ
1675 2631 1755 2687 θω
1788 2634 1916 2704 ὑμῖν

336 2714 539 2785 ἄρτους
562 2717 629 2769 ἐκ
664 2710 758 2770 τοῦ
791 2719 1022 2788 ούρανοῦ
1043 2761 1057 2785 ,
1083 2722 1180 2774 καὶ
1209 2720 1546 2788 ἐξελεύσεται
1578 2725 1607 2776 ὁ
1635 2723 1762 2789 λαὸς
1780 2765 1795 2789 ,
1830 2727 1925 2779 καὶ

340 2806 651 2872 συλλέξουσι
679 2810 740 2862 τὸ
755 2810 858 2881 τῆς
882 2812 1097 2883 ἡμέρας
1124 2815 1204 2875 είς
1237 2814 1470 2886 ἡμέραν,
1506 2816 1655 2879 ὅπως
1679 2817 1924 2888 πειράσω

337 2898 539 2960 αὐτοὺς
566 2900 613 2951 εί
646 2900 1007 2971 πορεύσονται
1031 2903 1109 2975 τῷ
1138 2904 1287 2975 νόμῳ
1312 2922 1436 2975 μου,
1461 2906 1494 2976 ἢ
1520 2905 1603 2960 06.
1636 2926 1654 2959 ι
1686 2906 1922 2962 Πεινών-

334 3008 448 3045 των
473 2991 582 3063 γάρ
609 2993 703 3046 καὶ
729 2993 1077 3065 ἀπορούντων
1108 2996 1205 3066 τῆς
1237 2996 1538 3064 ἀναγκαίας
1567 2998 1773 3068 τροφῆς
1799 3000 1921 3052 ὅσον

335 3084 650 3155 γογγυσμὸν
688 3086 905 3140 ἐποίουν
942 3089 991 3140 οί
1027 3087 1173 3156 λόγοι
1210 3087 1356 3160 (88)·
1407 3088 1544 3142 ἀλλά
1595 3089 1688 3142 καὶ
1733 3088 1921 3153 ὕδατος
1949 3113 1990 3169 C

334 3173 669 3244 ἀποροῦντες
695 3176 787 3229 καὶ
806 3175 1066 3245 διψῶντες
1086 3177 1431 3247 διεγόγγυζον
1458 3178 1599 3232 κατά
1620 3179 1917 3243 Μωῦσέωςο

343 3285 361 3315 ι
399 3267 465 3319 Τί
498 3266 735 3338 πιόμεθα
767 3284 782 3333 ;
827 3287 845 3320 ι
877 3270 966 3323 ὅτε
997 3290 1017 3321 ι
1049 3269 1243 3341 ἐϐόησε
1267 3271 1506 3342 Μωῦσῆς
1542 3270 1680 3342 πρὸς
1701 3270 1923 3342 Κύριον,

336 3357 434 3411 καὶ
465 3357 662 3423 ἔδειξεν
709 3360 858 3431 αὐτῷ
887 3361 1090 3432 Κύριος
1108 3360 1393 3427 ξύλον,καὶ
1412 3362 1663 3416 ἐνέϐαλεν
1686 3363 1816 3419 αὐτὸ
1848 3365 1926 3426 είς

332 3447 399 3500 τὸ
425 3447 568 3521 ὕδωρ
589 3489 603 3511 ,
653 3452 749 3504 καὶ
806 3451 1108 3525 ἐγλυκάνθη
1147 3453 1210 3506 τὸ
1234 3452 1400 3524 ὕδωρ.
1444 3472 1463 3505 ι
1489 3454 1600 3507 Καὶ
1630 3456 1746 3523 μετ’
1770 3454 1925 3522 ὀλίγα

336 3539 499 3609 ἡνίκα
528 3536 690 3611 ἦλθεν
721 3544 799 3606 είς
828 3544 1114 3614 ’Ῥαφιδεὶν
1135 3584 1149 3608 ,
1177 3545 1519 3617 γέγραπται,
1554 3546 1637 3599 ὃτι
1670 3545 1922 3617 ἐδίψησεν

333 3633 365 3683 ὁ
410 3630 537 3695 λαὸς
582 3634 696 3685 ἐκεῖ
734 3633 927 3701 ὕδατι,
963 3636 1056 3689 καὶ
1098 3635 1398 3705 ἐγόγγυζεν
1443 3637 1472 3688 ὁ
1512 3636 1641 3699 λαὸς
1674 3638 1792 3689 ἐκεῖ
1826 3634 1918 3690 ἐπὶ
1956 3636 1967 3647 ’

335 3722 596 3793 Μωῦσῆν.
626 3722 778 3787 Δόξει
821 3723 877 3777 δέ
906 3724 1003 3778 τοῦ
1039 3726 1294 3796 δευτέρου
1344 3726 1454 3780 τῶν
1501 3727 1917 3798 σημαινομένων

334 3809 477 3866 εἶναι
509 3815 657 3886 παρά
685 3815 764 3887 τῷ
788 3816 986 3888 Παύλῳ
1021 3816 1371 3888 παράδειγμα
1414 3816 1655 3885 λέγοντιο
1694 3836 1712 3868 ι
1755 3818 1920 3887 Ἀχρι

332 3905 437 3975 τῆς
468 3905 593 3975 ἄρτι
614 3904 764 3977 ὥρας
802 3908 897 3960 καὶ
937 3907 1215 3978 πεινῶμεν
1238 3947 1254 3970 ,
1288 3909 1381 3962 καὶ
1412 3907 1677 3978 διψῶμεν,
1702 3907 1796 3959 καὶ
1824 3923 1921 3975 γυ-

338 3995 694 4067 μνητεύομεν.
731 4015 750 4047 ι
784 3998 857 4050 Τὸ
884 3998 982 4068 μὲν
1020 3994 1113 4052 οὖν
1157 3998 1374 4070 πρῶτον
1407 4001 1598 4069 πεινῆν
1638 3997 1732 4051 καὶ
1759 3995 1918 4067 διψῇν

334 4087 651 4155 ἀναγκαίως
670 4087 876 4155 γίνεται
899 4092 1011 4153 τοῖς
1031 4090 1327 4159 ὑγιαίνουσι
1356 4088 1569 4160 σώμασι
1585 4107 1597 4119 ·
1624 4090 1685 4142 τὸ
1710 4089 1767 4143 δὲ
1793 4087 1913 4141 δεύ-

332 4194 492 4248 τερον
528 4180 640 4242 τοῖς
681 4181 1004 4251 πενομένοις
1052 4181 1360 4252 συμϐαίνει.
1396 4181 1666 4253 Ζητητέον
1690 4176 1783 4233 οὖν
1822 4179 1917 4234 καὶ

334 4271 401 4321 ὲκ
426 4267 549 4321 τοῦ·
585 4289 603 4320 ι
642 4271 758 4334 Πᾶς
777 4274 805 4325 ό
842 4272 1011 4325 πίνων
1035 4273 1099 4325 ἐκ
1139 4272 1329 4326 τούτου
1357 4271 1450 4326 106
1488 4272 1679 4337 ὕδατος
1704 4271 1917 4343 διψήσει

335 4359 520 4419 πάλιν.
559 4381 578 4413 ι
614 4365 763 4416 ποῖον
784 4362 1031 4432 διψήσει
1066 4364 1301 4433 λέγεται.

405 4631 463 4686 5.
490 4632 713 4703 Πρῶτον
752 4635 827 4699 ὡς
868 4637 961 4690 ἐπὶ
995 4639 1306 4708 σωματικοῦ
1340 4640 1373 4711 ἢ
1425 4641 1518 4695 καὶ
1547 4642 1657 4711 (89)
1684 4642 1823 4713 τάχα
1846 4644 1907 4696 τὸ

331 4723 657 4795 δηλούμενόν
691 4729 871 4790 ἐστιν,
902 4729 983 4781 ὅτι
1026 4730 1129 4784 κᾶν
1158 4732 1295 4803 πρὸς
1325 4732 1387 4785 τὸ
1433 4735 1605 4803 παρὸν
1648 4735 1905 4806 κορεσθῇ,

329 4810 448 4864 ἀλλ’
472 4812 672 4877 εὐθέως
698 4815 1152 4882 ὑποϐιὸασθέντος
1174 4820 1267 4873 τοῦ
1292 4821 1479 4887 ποτοῦ,
1500 4823 1560 4876 τὸ
1577 4824 1708 4877 αὐτὸ
1738 4824 1910 4888 πάθος

330 4901 581 4955 πείσεται
639 4906 669 4957 ὁ
731 4901 902 4972 πιὼν,
962 4908 1206 4962 τουτέστι
1278 4911 1492 4982 διψήσει
1572 4913 1774 4978 πάλιν,
1830 4916 1910 4977 είς

328 4992 526 5063 ὁμοίαν
582 4994 723 5066 (90)
777 4996 856 5067 τῷ
901 4998 1140 5071 ἀρχῆθεν
1192 5002 1573 5069 ἀπκαταστάς
1599 5022 1613 5036 ·
1660 5005 1910 5078 ἐπιφέρει

2032 1894 2138 1959 die,
2170 1906 2361 1946 mense
2415 1889 2675 1952 secundo,
2703 1903 2824 1943 cum
2874 1893 3077 1957 egressi
3115 1879 3354 1945 fuissent
3376 1908 3399 1943 ι
3429 1888 3605 1945 Judaei

2037 2003 2055 2036 ι
2077 2000 2109 2040 e
2143 1996 2286 2038 terra
2337 1981 2581 2052 Egypti,
2607 1985 2971 2037 murmuravit
3018 1982 3273 2038 universa
3307 1996 3605 2053 wngrega-

2032 2077 2106 2131 tio
2155 2076 2385 2130 ﬁliorum
2437 2074 2604 2131 Israel
2639 2074 2900 2129 adversus
2946 2073 3164 2146 Moysen
3217 2084 3273 2130 et
3320 2075 3521 2139 Aaron,
3550 2086 3603 2130 et

2026 2166 2285 2219 dixerunt
2340 2164 2406 2219 ad
2457 2165 2601 2232 ipsos
2666 2165 2763 2219 lilii
2813 2164 2976 2221 Israel
3033 2184 3046 2220 :
3098 2164 3315 2220 Utinam
3347 2166 3605 2235 periisse-

2030 2272 2153 2310 mus
2188 2257 2428 2325 percussi
2473 2273 2504 2310 a
2531 2255 2762 2312 Domino
2810 2257 2864 2311 in
2917 2268 3064 2312 terra
3115 2257 3358 2329 Egypti,
3381 2259 3603 2327 quando

2029 2348 2356 2402 sedebamus
2386 2363 2552 2417 super
2578 2348 2782 2403 lebetes
2831 2350 3099 2416 carnium,
3134 2359 3191 2404 et
3242 2351 3460 2419 quando
3509 2366 3605 2404 co-

2030 2438 2379 2493 medebamus
2434 2454 2600 2508 panes
2644 2441 2710 2492 ad
2758 2442 3128 2507 saturitatem;
3159 2443 3412 2510 quoniam
3471 2443 3605 2496 edu-

2029 2533 2187 2587 xistis
2227 2548 2327 2588 nos
2358 2533 2425 2587 ad
2461 2533 2600 2588 hanc
2630 2534 3003 2599 solitudinem,
3048 2535 3117 2588 ad
3164 2534 3598 2591 interﬁciendum

2028 2622 2172 2677 fame
2218 2634 2471 2701 cunctam
2522 2625 2995 2695 congregationem
3045 2626 3207 2680 hanc.
3238 2627 3385 2681 Dixit
3419 2638 3598 2682 autem

2028 2715 2291 2771 Dominus
2318 2717 2384 2769 ad
2414 2715 2633 2787 Moysen
2666 2732 2679 2767 :
2704 2717 2842 2772 Ecce
2882 2732 2985 2786 ego
3024 2717 3149 2787 pluo
3177 2720 3330 2773 vobis
3376 2733 3542 2787 panes
3571 2736 3602 2772 ο

2027 2807 2187 2870 caelo,
2232 2815 2288 2862 et
2325 2808 2636 2877 egredietur
2675 2808 2931 2877 p0pulus,
2972 2821 3028 2863 et
3075 2810 3329 2880 colligent
3375 2812 3603 2880 singulis

2026 2899 2239 2963 diebus,
2269 2908 2328 2953 ut
2358 2909 2559 2954 tentem
2597 2915 2664 2953 an
2692 2901 3020 2955 ambulaturi
3064 2903 3173 2957 sint
3209 2904 3261 2957 in
3296 2903 3412 2972 lege
3456 2920 3601 2967 mea,

2026 3004 2126 3045 nec
2167 3004 2254 3044 ne.
2283 3007 2303 3042 ι
2351 2988 2732 3045 Esnrientibus
2766 2991 2910 3045 enim
2940 3001 2995 3046 et
3022 2995 3311 3062 egentibus
3341 3011 3595 3050 necessa-

2024 3080 2109 3135 rio
2138 3081 2283 3145 cibo,
2315 3090 2567 3149 magnam
2610 3083 3096 3139 murmurationem
3139 3084 3409 3141 faciebant
3447 3088 3595 3156 ipso-

2028 3187 2147 3225 rum
2184 3186 2499 3239 sermones;
2530 3175 2664 3243 quin
2694 3176 2858 3231 etiam
2902 3191 3037 3245 aqua
3078 3176 3244 3249 214
3265 3188 3509 3246 egentes,
3544 3189 3600 3232 ιιι

2026 3263 2277 3318 sitientes
2337 3264 2755 3321 murmurabant
2796 3267 3063 3321 adversus
3117 3268 3358 3340 Moysen,
3412 3270 3600 3325 dicen-

2025 3361 2106 3410 tes
2138 3355 2222 3408 '7:
2258 3375 2276 3408 ι
2297 3356 2437 3424 Quid
2479 3356 2774 3414 bibemus?
2806 3377 2825 3412 ι
2861 3360 3083 3428 quando
3119 3380 3137 3412 ι
3165 3361 3422 3415 clamavit
3444 3362 3597 3433 Moy-

2023 3459 2110 3499 ses
2145 3446 2211 3499 ad
2247 3446 2556 3513 Dominum,
2585 3457 2644 3504 et
2672 3450 2931 3504 Dominus
2972 3452 3213 3505 ostendit
3256 3452 3330 3505 illi
3368 3452 3597 3523 lignum,

2022 3544 2076 3588 et
2095 3534 2324 3603 proiecit
2346 3536 2478 3591 illud
2510 3536 2565 3590 in
2592 3552 2813 3605 aquam,
2838 3545 2892 3592 et
2911 3537 3088 3592 dulcis
3115 3538 3254 3592 facta
3283 3551 3367 3593 est
3394 3555 3588 3610 aquaa

2026 3624 2094 3679 Et
2133 3625 2295 3695 paulo
2328 3634 2469 3696 post,
2507 3641 2633 3681 cum
2683 3629 2964 3682 venissent
3002 3630 3056 3681 in
3106 3629 3420 3701 Raphiditn,
3454 3635 3588 3688 scri-

2023 3727 2172 3787 ptutn
2200 3728 2283 3774 est
2314 3719 2573 3789 populum
2601 3720 2785 3775 sitisse
2818 3722 2931 3776 illic
2963 3732 3188 3793 propter
3210 3741 3426 3791 aquam,
3457 3726 3597 3778 illir-

2023 3822 2130 3876 que
2185 3823 2554 3864 murmurasse
2611 3811 2867 3879 pupulum
2942 3813 3206 3867 adversus
3247 3812 3588 3883 'Moysen".

2023 3899 2195 3954 Porro
2223 3901 2478 3954 secunda:
2502 3901 2921 3972 signiﬁcationis
2948 3903 3256 3973 exemplum
3281 3906 3421 3974 apud
3460 3905 3595 3958 Pau-

2025 3986 2135 4042 lutn
2157 3989 2400 4059 reperias
2417 3990 2686 4045 dicentem
2724 4009 2736 4045 :
2770 4009 2788 4042 ι
2814 3990 2995 4060 Usque
3026 3993 3093 4045 ad
3131 3993 3320 4047 horam
3353 4009 3601 4063 praesen-

2020 4090 2149 4147 tem,
2178 4090 2235 4136 et
2271 4082 2565 4149 esurimus,
2602 4092 2659 4138 et
2698 4082 2936 4150 sitimus,
2984 4094 3040 4138 et
3087 4084 3216 4139 nudi
3260 4100 3448 4140 sumus
3473 4085 3537 4138 ³⁸.
3565 4105 3586 4137 ι

2019 4173 2202 4228 Primo
2245 4174 2407 4229 modo
2435 4174 2590 4229 sitire
2626 4184 2682 4230 et
2712 4175 2923 4232 esurire
2974 4177 3282 4231 necessario
3326 4178 3594 4249 contingit

2016 4265 2169 4320 sanis
2208 4264 2562 4332 corporibus;
2595 4266 2767 4321 altero
2792 4266 2951 4321 modo
2992 4267 3079 4321 his
3111 4266 3203 4334 qui
3232 4277 3361 4322 sunt
3391 4283 3589 4335 paupe~

1946 4344 1992 4399 D
2023 4371 2130 4412 res.
2172 4354 2343 4426 Igitur
2393 4357 2745 4423 querendum
2792 4357 2955 4411 etiam
2992 4368 3076 4411 est
3121 4372 3185 4411 ex
3235 4358 3322 4412 his
3369 4359 3588 4415 verbis:

2025 4448 2252 4506 «Omnis
2284 4448 2377 4518 qui
2410 4448 2610 4504 biberit
2664 4463 2731 4504 ex
2779 4465 2919 4519 aqua
2964 4450 3086 4516 hac,
3119 4451 3266 4507 sitiet
3314 4451 3530 4518 iterum,
3561 4469 3585 4507 ι

2010 4546 2157 4616 quali
2193 4545 2504 4616 signiﬁcatu
2527 4546 2848 4602 vocabulum
2873 4547 3014 4602 sitiet
3039 4549 3276 4603 dicatur.

2081 4643 2134 4697 5.
2175 4640 2356 4711 Atque
2379 4642 2433 4696 in
2456 4642 2647 4710 primis
2682 4643 2898 4712 quidem
2926 4644 3142 4699 etiamsi
3185 4644 3327 4713 quod
3361 4646 3428 4699 ad
3459 4661 3588 4699 sen-

2011 4750 2130 4790 sum
2155 4733 2413 4788 humilem
2449 4742 2504 4787 et
2545 4733 2883 4803 corporalem
2915 4736 3129 4799 attinet,
3177 4745 3362 4806 aperte
3402 4736 3580 4790 decla-

2014 4834 2183 4888 retur,
2217 4823 2360 4893 quod
2387 4826 2636 4890 quamvis
2666 4825 2895 4879 satietur
2918 4828 2986 4880 ad
3025 4841 3267 4895 praesens
3302 4827 3347 4881 is
3376 4826 3466 4895 qui
3497 4826 3582 4880 bi-

2013 4913 2177 4975 berit,
2204 4927 2327 4967 mox
2367 4922 2573 4978 tamen,
2613 4915 2892 4969 subtracto
2919 4925 3074 4986 potu,
3104 4918 3347 4971 eamdem
3373 4919 3585 4986 passio-

2014 5021 2137 5061 nem
2166 5002 2238 5059 sit
2266 5018 2648 5073 perpessurus,
2680 5005 2781 5060 hoc
2807 5016 2890 5060 est
2935 5023 3151 5064 rursum
3194 5010 3463 5074 sititurus,
3493 5010 3580 5064 siti

385 5130 431 5162 ³⁸
462 5127 621 5186 Joan.
658 5147 730 5195 tv,
760 5133 849 5186 15.
924 5136 969 5167 ³⁸
990 5134 1159 5190 Exod.
1186 5153 1293 5202 xvt,
1322 5140 1343 5191 1
1376 5154 1492 5209 seq.
1567 5140 1608 5170 ³⁷
1635 5140 1801 5195 Exod.
1821 5157 1912 5210 xv,

2024 5179 2040 5206 ,
2063 5138 2156 5194 25.
2230 5136 2274 5169 ³⁸
2297 5136 2467 5191 Exod.
2498 5152 2629 5201 xvn,
2666 5136 2780 5191 1-5.
2846 5136 3064 5195 "lGor.
3091 5154 3163 5205 IV,
3187 5141 3273 5194 Η.

404 5269 517 5339 (84)
568 5271 938 5328 Ἆνεπιιύετο.
968 5274 1044 5329 lta
1072 5277 1238 5330 codex
1281 5277 1636 5346 Bodleianus;
1675 5279 1899 5352 Regius,

326 5341 396 5395 ἄν
429 5341 679 5395 ἐπαύετο.

368 5344 679 5494 Ἄέἓῗυῗῖῖὲ
714 5413 899 5494 unam?
950 5413 1094 5484 ἡμῖν
1118 5413 1543 5494 ,ἐπιλιπόνςοςι
1594 5416 1900 5494 §ic‘co‘de‘x

328 5479 700 5547 Bodleiauus;
755 5479 1002 5553 Regius:
1041 5482 1232 5537 τούτου
1293 5487 1459 5558 ὑγροῦ
1503 5479 1644 5559 ’ἡμῖν
1699 5488 1900 5542 ἐπιλεί-

325 5565 545 5741 ’
570 5619 1097 5692 Ἐννεακαιδεκάτῃ
1160 5624 1380 5707 ⁹ἡμέρᾳ.
1436 5625 1606 5709 Exod.
1649 5643 1775 5694 xvr,
1827 5629 1896 5692 ις

331 5689 660 5741 Ileiratcum
715 5692 1012 5741 exetnnlar.
1053 5705 1107 5741 et
1160 5705 1638 5741 ιιιιριυιη-ριειιιηιηες
1708 5714 1896 5741 nultum:

331 5689 660 5744 llehraicum
715 5692 1012 5761 exemplar,
1053 5689 1107 5746 et
1160 5689 1638 5761 inici-pretationes
1708 5689 1900 5754 omnes

332 5762 555 5828 habent,
583 5759 1063 5833 πεντεκαιδεκάτῃ.
1102 5759 1364 5819 Ιῐυετιιιε.

2081 5280 2200 5352 (87),
2242 5279 2625 5334 Ἀποκτεῖναι.
2667 5279 2865 5335 Codex-
2902 5279 3257 5347 Bodleianus,
3300 5283 3395 5338 καὶ
3439 5284 3577 5338 ἀπέ-

2009 5368 2244 5405 κτειναν.

2076 5421 2206 5492 (88),
2234 5420 2437 5492 Ὅσονᾷ
2472 5418 2819 5492 γογγυσμὸν
2867 5420 3115 5473 ἐποίουν
3158 5424 3213 5476 οι
3255 5425 3441 5492 λόγοι.
3500 5424 3572 5476 Ita

2009 5490 2373 5545 hunc'locum
2427 5490 2477 5542 in
2532 5491 2719 5543 codice
2772 5490 2941 5557 Regio
2995 5493 3280 5553 vitiatum,
3337 5490 3575 5545 restituit

2008 5562 2176 5613 codex
2206 5559 2551 5613 Bodleianus.
2593 5558 2759 5611 Paulo
2785 5572 2905 5624 post
2945 5575 3042 5626 pro
3072 5561 3219 5615 πατά
3265 5561 3571 5626 Μωϋσέως,

2005 5628 2217 5695 Regius
2249 5629 2421 5698 habet
2438 5626 2580 5681 κατά
2610 5627 2839 5698 Μωυσῆ,

2076 5630 2217 5695 :gius
2249 5630 2408 5682 habet
2438 5630 2580 5681 κατά
2610 5630 2839 5698 Μωῦσῆ,
2880 5630 3041 5682 male.

2076 5698 2189 5765 (89)
2229 5699 2299 5750 Ἣ
2324 5696 2442 5760 καί,
2468 5707 2571 5767 etc.
2609 5697 2963 5751 Scribendutu
2997 5700 3060 5752 El
3095 5697 3211 5764 καί,
3232 5710 3358 5767 ωε..

2080 5768 2191 5836 (90)
2244 5767 2503 5835 ὀμιιίαν.
2534 5765 2677 5837 Lego
2686 5816 2707 5845 ν
2745 5768 2946 5835 ὁμοῖον.
