4170 6400
589 287 697 343 403

2049 289 2374 347 ΟΒΙϐΕΝΙΒ

3753 301 3854 353 illi

589 422 755 476 quam
789 420 819 460 a
847 407 1118 479 principio
1143 409 1431 473 habuerat,
1485 410 1793 478 restitutus,
1820 411 2173 482 quamobrem

2280 409 2398 465 οὖν’
2455 433 2472 462 ι
2503 414 2597 475 Ὃς
2647 411 2692 464 δ’
2733 412 2800 464 ἂν
2839 411 2935 482 πίῃ
2975 411 3041 464 ὲκ
3072 410 3166 464 τοῦ
3205 412 3400 473 ὓδατος
3437 403 3498 463 οὗ
3539 411 3648 478 ἐγὼ
3701 411 3858 464 δώσω

594 497 726 552 illud
759 499 923 553 etiam
966 500 1246 571 subjungit
1276 517 1288 552 :
1325 520 1345 553 ι
1371 495 1473 568 Qui
1507 510 1685 556 autem
1721 502 2005 558 biberitex
2036 517 2174 570 aqua

589 603 754 658 quam
792 605 894 662 ego
922 592 1003 645 illi
1044 593 1209 654 dabo,
1253 595 1346 648 lict
1391 594 1445 647 in
1493 609 1560 648 eo
1586 593 1707 648 fons
1752 610 1905 662 aqua:
1934 594 2177 648 salientis

592 683 660 735 ad
680 683 849 738 vitam
867 694 1129 739 aeternam
1153 685 1268 718 δὀυ
1293 702 1309 753 ;
1341 705 1361 738 ι
1393 701 1554 756 quem
1583 686 1782 742 fontem
1812 687 1865 740 in
1891 689 2068 756 seipse
2082 687 2174 756 qui

594 773 791 842 habet,
817 779 1095 843 quomodo
1133 779 1286 832 sitire
1316 780 1558 850 poterit?
1583 778 1863 848 Praecipue
1896 789 2072 832 tamen
2110 792 2177 833 ac

595 867 975 934 principaliter
1029 870 1228 924 horum
1293 871 1583 925 verborum
1637 870 1995 940 intelligentia
2051 870 2176 925 talis

593 958 702 1013 erit
727 979 740 1014 :
766 959 868 1026 Qui
896 963 1212 1032 participat,
1241 963 1438 1031 inquit,
1469 962 1898 1032 profunditatem
1923 963 2176 1017 humana:

595 1050 902 1119 sapientiae,
934 1053 1341 1121 prudentesque
1368 1051 1630 1114 rationes,
1666 1052 1921 1121 receptis,
1970 1053 2176 1107 intelli-

595 1142 904 1209 gentiisque
956 1141 1383 1212 profundissime
1437 1141 1686 1206 haustis,
1727 1151 1785 1195 et
1822 1140 2028 1211 judicio
2075 1158 2176 1198 suo

597 1233 871 1294 inventis,
917 1243 1098 1286 tamen
1161 1247 1375 1285 rursum
1425 1234 1666 1286 secundo
1713 1235 1956 1302 cogitans
1995 1232 2174 1287 denuo

595 1323 867 1380 dubitabit
901 1325 967 1379 de
997 1325 1081 1379 his
1112 1325 1164 1378 in
1203 1325 1401 1392 quibus
1425 1324 1790 1393 requieverat,
1820 1336 1983 1394 atque
2011 1327 2175 1381 etiam

596 1431 807 1478 rerum,
844 1429 965 1482 qua:
1014 1423 1353 1483 quaaruntur,
1383 1413 1862 1482 apprehensiouem
1909 1416 2174 1482 formans,

595 1518 910 1579 perceptam
958 1522 988 1560 a
1030 1521 1088 1561 se
1129 1505 1558 1576 profunditatem
1600 1507 1779 1576 eloqui
1809 1523 1912 1561 non
1952 1509 2174 1577 poterit.

595 1602 779 1668 Quare
826 1600 1040 1655 etiamsi
1089 1608 1373 1667 correptus
1451 1598 1649 1668 aliquis
1705 1600 2176 1656 verisimilitudine

593 1707 784 1747 eorum
803 1706 922 1759 quae
945 1689 1968 1756 dicuntur,condescenderit,eamdem
1995 1704 2173 1749 tamen

595 1783 988 1836 dubitationem
1027 1779 1085 1834 in
1141 1794 1201 1834 se
1243 1779 1598 1834 exsistentem
1663 1790 1855 1850 postea
1906 1782 2169 1849 inveniet,

593 1891 756 1944 quam
781 1875 944 1930 etiam
972 1872 1205 1927 habebat
1227 1881 1522 1940 antequam
1551 1873 1642 1927 illa
1665 1875 1921 1932 disceret.
1949 1878 2022 1929 At
2046 1891 2174 1932 vero

593 1983 736 2032 mea,
773 1967 946 2036 inquit
982 1966 1256 2030 Christus,
1305 1965 1450 2020 ratio
1485 1972 1572 2021 est
1609 1977 1668 2021 ut
1710 1966 1834 2022 fons
1873 1969 2054 2023 vitalis
2083 1984 2174 2036 po-

592 2059 764 2115 tionis
795 2058 890 2112 liat
916 2059 970 2113 in
1000 2073 1065 2113 eo
1093 2057 1184 2128 qui
1226 2059 1503 2127 receperit
1525 2074 1646 2128 quae
1677 2074 1706 2113 a
1735 2075 1824 2114 me
1850 2061 2177 2128 promittun-

591 2163 716 2220 tur;
748 2161 1011 2222 tantaque
1057 2149 1324 2208 beneficia
1369 2151 1424 2204 in
1474 2165 1541 2207 eo
1575 2152 1875 2208 collaturus
1915 2155 2172 2223 sum,qui

591 2248 891 2316 sumpserit
919 2262 1116 2317 aquam
1157 2264 1356 2312 meam,
1388 2255 1446 2300 ut
1483 2245 1604 2301 fons
1656 2247 1968 2302 salientium
2007 2262 2176 2316 aqua—

591 2353 738 2401 rum,
767 2337 1020 2393 inventor
1068 2341 1340 2402 omnium,
1369 2353 1493 2407 quae
1529 2347 1876 2408 quaeruntur,
1906 2339 2178 2394 scaturiat

589 2431 645 2484 in
697 2431 834 2499 ipso,
882 2431 1241 2502 intelligentia
1287 2432 1550 2497 saliente,
1595 2441 1652 2486 et
1687 2431 1941 2486 fortassis
1987 2440 2176 2487 trans-

590 2521 812 2578 volante
867 2534 1266 2592 consequenter
1308 2523 1434 2578 huic
1490 2538 1680 2593 aquze,
1733 2522 1891 2578 facile
1938 2524 2173 2579 mobili:

591 2617 710 2685 ipso
755 2623 878 2670 actu
932 2616 1159 2670 saliendi
1203 2627 1259 2671 et
1306 2615 1688 2680 transiliendi,
1749 2613 1960 2671 ferente
1997 2616 2176 2684 ipsum

591 2709 644 2760 in
699 2705 966 2773 sublime,
1023 2709 1281 2764 nimirum
1313 2710 1381 2763 ad
1413 2708 1580 2763 vitam
1638 2717 1925 2762 aeternam.
1977 2706 2046 2761 Ut
2080 2723 2179 2762 au-

590 2811 697 2853 tem
751 2797 805 2852 in
841 2795 1070 2852 Cantico
1123 2797 1459 2852 canticorum
1503 2796 1572 2850 de
1631 2794 1842 2865 Sponso
1880 2794 2042 2865 215
2069 2796 2181 2850 dis-

587 2903 780 2944 serens
835 2886 1094 2942 Salomon
1132 2903 1146 2941 :
1184 2887 1413 2955 gEcce,
1468 2887 1662 2957 inquit,
1727 2887 1828 2941 iste
1887 2887 2035 2941 venit
2087 2904 2179 2942 sa-

589 2981 726 3036 liens
753 2993 918 3050 super
961 2989 1194 3047 montes,
1230 2979 1534 3034 transiliens
1587 2978 1752 3034 colles
1774 2981 1870 3044 δ’,ι
1913 2994 2034 3033 nam
2076 2980 2179 3036 hoc

2277 505 2456 574 αὑτῷ,
2506 507 2794 573 γενήσεται
2847 502 2998 574 πηγὴ
3049 503 3106 556 ὲν
3153 501 3305 572 αὑτῷ
3339 501 3532 565 ὓδατος
3565 502 3859 572 ἁλλομένου

2276 598 2355 658 εἰς
2389 593 2534 666 ζωὴν
2573 593 2788 648 αἰώνιον
2815 611 2828 623 ·
2874 614 2893 644 ι
2932 595 3017 656 τίς
3050 593 3135 653 δὲ.
3173 595 3231 646 ὲν
3265 593 3442 663 ἐαυτῷ
3477 592 3615 662 ἔχων
3655 594 3860 666 πηγὴν,

2275 689 2496 758 διψῆσαι
2530 683 2641 749 οἶός
2679 704 2737 740 τε
2777 687 2925 739 ἔσται
2964 703 2979 750 ;
3014 686 3074 738 τὸ
3123 686 3372 756 μέντοιγε
3430 687 3864 756 προηγουμένως

2275 779 2601 848 δηλούμενον
2651 777 2890 831 τοιοῦτον
2961 777 3026 830 ἂν
3080 777 3164 848 εἴη
3191 793 3203 806 ·
3269 778 3328 830 '0
3387 776 3862 846 μεταλαμϐάνων,

2277 872 2430 941 φησι,
2468 870 2661 941 βάθους
2690 869 2802 941 (91)
2837 869 3042 937 λόγων,
3082 869 3184 923 κᾶν
3222 867 3358 940 πρὸς
3391 869 3571 937 ὀλίγον
3609 869 3866 924 ἀναπαύ-

2279 978 2474 1031 σηται,
2509 961 2953 1034 παραδεξάμενος
2992 961 3068 1025 ὡς
3117 959 3393 1030 βαθύτατα
3433 960 3502 1014 τὰ
3540 961 3867 1032 ἁνιμώμενα

2277 1053 2372 1108 καὶ
2395 1054 2743 1125 εὑρίσκεσθαι
2767 1053 3030 1108 δοκοῦντα
3053 1053 3123 1107 τὰ
3146 1056 3414 1126 νοήματα,
3441 1053 3578 1107 ἀλλά
3605 1070 3671 1122 γε
3703 1053 3869 1110 πάλιν

2274 1145 2524 1220 δεύτερον
2568 1148 2865 1218 ἐπιστήσας
2912 1148 3250 1217 ὲπαπορήσει
3291 1145 3427 1217 περὶ
3463 1145 3671 1200 τούτων
3720 1147 3870 1210 ὅσοις

2277 1239 2694 1294 επανεπαὺσατο
2723 1239 2834 1311 (92)
2866 1279 2880 1294 .
2910 1279 2925 1294 .
2953 1279 2968 1294 .
2999 1279 3013 1292 .
3049 1238 3287 1311 ταρανὴν
3312 1239 3406 1292 καὶ
3451 1238 3710 1292 ὲκτυπῶν
3737 1240 3871 1310 περὶ

2276 1333 2385 1387 τῶν
2411 1334 2755 1404 ζητουμένων
2780 1332 3105 1402 κατάληψιν,
3139 1333 3200 1384 οὐ
3234 1330 3458 1384 δύναται
3484 1328 3546 1384 τὸ
3571 1330 3872 1401 νομιζόμε-

2277 1443 2366 1479 νον
2390 1427 2479 1480 ὑπ’
2508 1424 2673 1480 αὑτοῦ
2702 1425 2864 1495 βάθος
2899 1425 3221 1495 παρασχεῖν.
3253 1423 3470 1492 Διόπερ,
3511 1421 3614 1475 κᾶν
3667 1439 3869 1494 συναρ-

2278 1518 2507 1582 πασθεὶς
2557 1516 2892 1587 συγκάθηται
2918 1533 3003 1580 τις
3039 1518 3106 1587 τῇ
3138 1515 3454 1584 πιθανότητι
3497 1513 3608 1568 τῶν
3632 1513 3870 1584 λεγομέ-

2279 1629 2404 1676 νων,
2432 1611 2568 1665 ἁλλὰ
2587 1629 2650 1680 γε
2673 1611 2897 1682 ὕστερον
2918 1608 3140 1680 εὑρήσει
3165 1609 3264 1676 τὴν
3287 1607 3452 1677 αὑτὴν
3477 1607 3719 1678 ἀπορίαν
3740 1623 3872 1676 τυγ-

2280 1704 2546 1774 χάνουσαν
2581 1705 2638 1756 ὲν
2665 1701 2845 1773 αὑτῷ,
2871 1702 2940 1771 ἢν
2969 1703 3249 1772 περιεῖχεν
3291 1701 3420 1770 πρὶν
3453 1700 3579 1753 τάδε
3604 1700 3735 1753 τινα
3767 1717 3873 1770 μα·-

2276 1798 2408 1852 θεῖν.
2450 1797 2589 1866 Ἐγὼ
2618 1797 2675 1850 δὲ
2707 1795 2946 1849 τοιοῦτον
2993 1793 3101 1865 ἔχω
3144 1794 3333 1861 λόγον,
3371 1792 3512 1845 ὥστε
3550 1793 3651 1864 τὴν
3685 1792 3870 1864 πηγὴν

2274 1891 2525 1960 γενέσθαι
2557 1890 2651 1942 τοῦ
2693 1886 2924 1954 ζωτικοῦ
2956 1885 3198 1957 πόματος
3232 1887 3290 1940 ὲν
3322 1886 3400 1958 τῷ
3433 1883 3870 1958 παραδεξαμένη)

2273 1981 2342 2034 τὰ
2379 1982 2470 2034 ὑπ’
2504 1979 2638 2050 ἐμοῦ
2671 1977 3121 2047 ἀπαγγελλόμενα
3141 1993 3154 2006 ·
3188 1978 3284 2031 καὶ
3321 1979 3412 2031 ἐπὶ
3441 1977 3698 2030 τοσοῦτόν
3728 1992 3794 2044 γε
3838 1976 3871 2029 6

2275 2065 2454 2119 λαϐὼν
2478 2066 2569 2120 τοῦ
2589 2065 2724 2137 ἐμοῦ
2754 2065 2944 2128 ὕδατος
2972 2065 3484 2137 εὑεργετηθήσεται,
3511 2066 3658 2119 ὥστε
3681 2065 3870 2135 πηγὴν

2277 2159 2560 2227 εὑρετικὴν
2619 2158 2836 2211 πάντων
2898 2156 3007 2210 τῶν
3084 2155 3431 2225 ζητουμένων
3499 2154 3867 2209 ἀναϐλυσθαί-

2276 2267 2387 2302 νειν
2422 2250 2570 2320 (95)
2621 2251 2678 2302 ὲν
2738 2250 2886 2320 αὑτῷ
2951 2249 3063 2303 ἄνω
3118 2247 3412 2320 πηδώντων
3454 2247 3702 2312 ὑδάτων,
3767 2247 3868 2317 τῆς

2275 2345 2512 2407 διανοίας
2591 2343 2934 2414 ἁλλομένης,
2995 2343 3090 2395 καὶ
3163 2341 3394 2411 τάχιστα
3463 2339 3864 2411 διιπταμένης,

2276 2435 2584 2498 ἀκολούθως
2611 2435 2688 2505 τῷ
2704 2435 2972 2503 εὑκινήτῳ
2997 2475 3012 2489 .
3042 2471 3058 2486 .
3093 2473 3107 2486 .
3143 2471 3158 2486 .
3190 2431 3365 2502 τούτῳ
3405 2430 3514 2502 (94)
3552 2430 3731 2493 ὕδατι,
3769 2431 3866 2499 φέ-

2280 2546 2464 2600 ροντος
2503 2527 2665 2580 αὑτοῦ
2695 2525 2788 2580 τοῦ
2834 2524 3090 2580 ἅλλεσθαι
3128 2525 3220 2580 καὶ
3272 2523 3447 2594 πηδᾷν
3488 2523 3580 2580 ἐπὶ
3628 2524 3693 2577 τὸ
3722 2521 3864 2577 avo-

2277 2637 2454 2691 τερον,
2486 2619 2579 2670 ἐπὶ
2597 2618 2696 2688 τὴν
2740 2615 2955 2671 αἰώνιον
2984 2614 3147 2686 ζωήν.
3177 2609 3300 2669 Οἷον
3325 2614 3438 2686 (95)
3463 2654 3478 2668 .
3502 2653 3517 2666 .
3546 2653 3561 2666 .
3591 2654 3606 2667 .
3638 2613 3741 2684 τὴν
3768 2609 3864 2666 τοῦ

2276 2711 2593 2782 ἁλλομένου,
2619 2711 2692 2773 ὥς
2723 2726 2907 2780 φησιν,
2929 2705 3066 2762 εἶναι
3095 2707 3193 2778 τὴν
3215 2705 3432 2760 αἰώνιον
3457 2705 3623 2777 ζωήν.
3658 2706 3866 2776 Ὥσπερ

2277 2806 2334 2859 δὲ
2365 2807 2493 2876 περὶ
2541 2803 2634 2856 τοῦ
2671 2802 2923 2874 Νυμφξου
2967 2802 3025 2854 ὲν
3065 2800 3144 2872 τῷ
3172 2802 3410 2872 ᾊσματι
3448 2799 3558 2852 τῶν
3597 2798 3861 2869 ᾀσμάτων

2277 2895 2653 2966 διαλεγόμενος
2690 2895 2720 2947 ό
2765 2891 3013 2962 Σολομὼν
3050 2909 3240 2962 φησιν·
3297 2911 3316 2943 ι
3345 2890 3477 2944 Ἰδοὺ
3529 2885 3689 2955 οὗτος
3738 2890 3862 2960 ἥκει

2280 2987 2467 3058 πηδῶν
2495 2987 2588 3040 ἐπὶ
2612 2985 2682 3039 τὰ
2703 2985 2826 3057 ὄρη,
2868 2982 3217 3054 διαλλόμενος
3253 2984 3345 3036 ἐπὶ
3381 2982 3510 3045 τοὺς
3543 2980 3800 3051 βουνοὺςο
3836 2998 3856 3032 ι

588 3080 748 3139 pacto
807 3084 972 3140 super
1026 3071 1406 3140 generosiores
1460 3069 1865 3139 divinioresq’ue
1936 3071 2172 3134 animas,

2280 3080 2355 3144 ὡς
2379 3079 2488 3150 γὰρ
2520 3080 2679 3132 ὲκεῖὸ
2698 3077 2949 3147 Νυμφίος
2975 3077 3067 3129 ἐπὶ
3091 3075 3190 3138 τὰς
3222 3073 3740 3145 μεγαλοφυεστέρας
3769 3071 3862 3125 καὶ

592 3171 804 3218 montes
828 3163 1024 3228 dictas,
1053 3163 1179 3217 salit
1207 3161 1473 3231 Sponsus,
1511 3162 1746 3216 transilit
1778 3176 1910 3216 vero
1939 3163 2177 3218 deterio-

591 3269 683 3310 res
715 3255 892 3310 dictas
930 3254 1133 3322 colles;
1168 3255 1249 3310 sic
1279 3255 1382 3310 hoc
1423 3253 1477 3307 in
1523 3252 1643 3307 loco
1675 3251 1798 3308 fons
1829 3253 2006 3309 factus
2029 3253 2083 3308 in
2112 3268 2178 3308 eo

597 3347 692 3415 qui
728 3345 928 3400 biberit
955 3361 1025 3402 ex
1053 3362 1216 3416 aqua,
1241 3361 1402 3415 quam
1428 3345 1519 3400 dat
1538 3344 1720 3408 Iesus,
1745 3345 1874 3400 salit
1903 3347 1970 3400 ad
2005 3346 2175 3399 vitam

593 3447 890 3505 aeternam,
955 3437 1206 3494 fortassis
1253 3439 1416 3491 etiam
1479 3435 1742 3491 saliturus
1800 3436 1940 3490 ultra
2009 3436 2175 3490 vitam

593 3540 880 3596 aeternam,
924 3545 1116 3600 nempe
1155 3530 1220 3584 ad
1253 3528 1470 3584 Patrem
1513 3528 1864 3584 exsistentem
1902 3543 2063 3597 supra
2097 3528 2180 3580 vi-

597 3633 708 3676 tam
737 3632 1022 3678 aeternam.
1073 3621 1169 3676 Est
1197 3621 1342 3676 enim
1373 3620 1623 3675 Christus
1651 3620 1758 3674 vita
1786 3637 1800 3674 :
1825 3619 2056 3688 proinde
2085 3622 2175 3689 qui

597 3713 772 3783 major
792 3722 876 3768 est
908 3711 1155 3775 Christo,
1185 3711 1293 3765 vita
1327 3711 1494 3766 etiam
1523 3719 1606 3765 est
1633 3709 1805 3778 major
1824 3709 1891 3764 ".

666 3898 725 3954 4.
765 3897 1034 3953 Caeterum
1077 3905 1206 3950 tunc
1252 3894 1457 3950 fontem
1497 3894 1552 3949 in
1601 3893 1780 3964 seipso
1821 3893 2174 3950 exsistentem

601 4005 757 4060 aqua;
780 3989 1029 4044 salientis
1058 3987 1128 4042 ad
1155 3988 1318 4041 vitam
1341 3998 1600 4042 aeternam
1630 3986 1878 4053 habebit,
1905 3987 1997 4054 qui
2022 3986 2175 4042 bibe-

603 4084 678 4136 rit
697 4099 764 4138 ex
787 4096 924 4152 aqua
945 4095 1106 4151 quam
1134 4081 1226 4134 dat
1249 4077 1444 4145 Jesus;
1468 4079 1686 4148 quando
1709 4081 1997 4149 promissio
2025 4095 2177 4134 com-

611 4177 790 4247 pletur
828 4174 1088 4237 hominis,
1118 4173 1203 4228 cui
1245 4172 1588 4240 promittitur
1629 4171 1908 4226 beatitudo
1936 4185 2002 4225 eo
2033 4171 2177 4240 quod

605 4269 865 4325 esurierit
907 4278 962 4322 et
1004 4267 1203 4322 sitierit
1241 4264 1551 4334 justitiam;
1599 4263 1776 4330 inquit
1819 4263 1966 4317 enim
2010 4262 2180 4318 Filius

603 4364 694 4416 Dei
714 4359 1022 4416 “:cBeati
1076 4359 1168 4429 qui
1239 4359 1488 4412 esuriunt
1541 4365 1599 4411 et
1648 4355 1840 4409 sitiunt
1886 4353 2176 4423 justitiam,

2279 3171 2554 3240 θειοτέρας
2591 3170 2738 3241 πηδᾷ
2769 3168 2980 3240 ψυχὰς,
3035 3169 3131 3239 ὄρη
3176 3167 3498 3238 λεγομένας,
3532 3167 3626 3218 ἐπὶ
3663 3165 3724 3219 δὲ
3764 3165 3862 3227 τὰς

2278 3262 2673 3334 ὑποδεεστέρας
2709 3261 3003 3324 διὰλλεται,
3046 3259 3264 3329 βουνοὺς
3291 3257 3700 3329 ὀνομαζομένας
3722 3274 3736 3288 ο
3772 3256 3862 3308 οὖ-

2278 3376 2384 3420 τως
2410 3356 2642 3412 ἐνταῦθα
2668 3357 2700 3426 ή
2725 3355 2990 3426 γενομένη
3021 3356 3078 3408 ὲν
3107 3354 3184 3424 τῷ
3213 3353 3388 3408 πιόντι
3425 3354 3488 3404 ὲκ
3514 3350 3608 3404 τοῦ
3645 3350 3859 3412 ὓδατος,

2277 3444 2339 3501 οὑ
2367 3447 2579 3499 δίδωσιν
2610 3447 2639 3498 ὁ
2682 3443 2908 3515 Ἰησοῦς,
2935 3443 3085 3514 πηγὴ
3121 3442 3338 3496 ἅλλεται
3377 3444 3456 3505 εἰς
3490 3439 3588 3510 τὴν
3641 3437 3860 3492 αἰώνιον

2279 3538 2444 3610 ζωὴν,
2477 3539 2614 3607 τάχα
2634 3537 2689 3588 δὲ
2721 3537 2815 3590 καὶ
2845 3535 3076 3605 πηδήσει
3113 3534 3253 3604 μετὰ
3287 3533 3383 3604 τὴν
3419 3531 3639 3586 αἰώνιον
3689 3529 3856 3600 ζωὴν,

2279 3634 2358 3694 εἰς
2397 3630 2485 3683 τὸν
2530 3630 2668 3699 ὑπὲρ
2713 3628 2812 3699 τὴν
2852 3627 3071 3681 αἰώνιον
3115 3626 3259 3697 ζωὴν
3309 3625 3558 3696 Πατέρα·
3623 3623 3862 3694 Χριστὸς

2278 3724 2387 3793 γὰρ
2419 3724 2452 3794 ἡ
2487 3721 2628 3792 ζωή·
2664 3719 2693 3771 ὁ
2735 3719 2793 3773 δὲ
2835 3719 3035 3789 μείζων
3081 3717 3176 3770 τοῦ
3223 3716 3460 3788 Χριστοῦ
3505 3713 3707 3786 μείζων
3764 3713 3864 3782 τῆς

2280 3813 2449 3884 ζωῆς.

2349 3903 2402 3957 4.
2437 3901 2655 3962 Τότεὸὲ
2677 3902 2706 3954 ό
2734 3901 2872 3955 πιὼν
2900 3904 2964 3956 ὲκ
2994 3899 3088 3954 τοῦ
3119 3898 3328 3962 ὓδατος,
3374 3891 3436 3951 οὑ
3481 3895 3714 3950 emam
3758 3897 3864 3965 Ἰη-

2282 3991 2428 4056 σοῦς,
2463 3992 2573 4056 ἕξει
2603 3991 2700 4062 τὴν
2731 3991 3028 4060 γενομένην
3066 3991 3122 4043 ὲν
3147 3987 3297 4057 αὑτῷ
3331 3986 3512 4058 πηγὴν
3544 3985 3740 4049 ὓδατος
3770 3985 3866 4038 ἁλ-

2279 4081 2505 4152 λομένου
2535 4083 2613 4144 εἰς
2646 4081 2790 4152 ζωὴν
2819 4079 3060 4133 αἰώνιον·
3103 4079 3191 4131 ὅτε
3222 4079 3521 4148 πληροῦται
3549 4075 3643 4129 τοῦ
3679 4093 3864 4148 μακα-

2283 4173 2564 4244 ριζομένου
2587 4173 2679 4226 ὲπὶ
2711 4172 2804 4226 τοῦ
2841 4174 3031 4242 πεινῇν
3083 4169 3176 4222 καὶ
3206 4168 3362 4239 διψῇν
3389 4169 3486 4239 τὴν
3513 4167 3866 4238 δικαιοσύνην

2281 4266 2314 4334 ἡ
2344 4263 2643 4332 ἐπαγγελία
2662 4280 2674 4293 ·
2707 4263 2841 4333 φησὶ
2865 4263 2971 4334 γὰρ
3000 4265 3028 4316 ὁ
3057 4261 3229 4330 Λόγος
3247 4277 3262 4290 ⁵
3303 4280 3322 4313 ι
3361 4260 3639 4331 Μακάριοι
3666 4261 3716 4313 οἱ
3747 4275 3868 4310 πει-

2281 4354 2476 4418 νῶντες
2533 4355 2624 4407 καὶ
2671 4353 2929 4424 διψῶντες
2975 4355 3074 4424 τὴν
3131 4352 3508 4424 δικαιοσύνην,
3559 4352 3642 4403 ὅτι
3703 4347 3868 4405 αὑτοὶ

597 4455 856 4526 quoniam
889 4455 992 4524 ipsi
1026 4451 1440 4507 saturabuntnr.
1470 4468 1489 4502 ι
1525 4450 1593 4504 Ει
1639 4448 1892 4504 fortassis
1921 4450 2176 4517 quoniam

2284 4447 2764 4518 χορτασθήσονται.
2806 4467 2824 4497 ι
2863 4449 2970 4500 Καὶ
2998 4449 3140 4518 τάχα
3171 4447 3293 4500 ἐπεὶ
3320 4447 3571 4515 πεινῆσαι
3600 4443 3715 4514 (96)
3773 4440 3869 4496 καὶ

595 4547 809 4600 esurire
834 4555 890 4600 et
922 4545 1079 4600 sitire
1100 4545 1394 4615 justitiam,
1429 4543 1618 4598 satiari
1650 4551 1753 4606 est,
1781 4541 1826 4595 si
1861 4541 1984 4610 quis
2014 4539 2176 4608 justi-

599 4641 730 4694 tiam
765 4647 1058 4709 antequam
1089 4637 1318 4692 satietur
1348 4637 1557 4698 fecerit,
1607 4637 1653 4689 is
1699 4634 1896 4690 famem
1933 4641 1989 4687 et
2032 4631 2176 4688 sitim

667 4778 793 4812 ⁸⁰⁴⁸¹
826 4775 1077 4843 Jnan.tv,
1111 4777 1196 4830 l4.
1276 4774 1321 4806 "
1353 4775 1565 4830 Cantic.
1602 4791 1662 4840 ιι,
1691 4773 1745 4829 8.
1823 4773 1868 4804 ⁸³
1897 4771 2057 4827 Joan.
2100 4787 2176 4833 xu,
2207 4769 2314 4838 25;
2349 4787 2456 4835 xiv,
2485 4771 2538 4823 6.

673 4893 784 5017 39!)
823 4895 1008 4949 Codex
1058 4893 1282 4962 Regius,
1321 4893 1378 4946 Ὀ
1431 4890 1862 4962 μεταλαμϐάνων
1907 4889 1990 4953 οὓ,
2027 4889 2180 4959 φησι,

707 4981 785 5017 οε.
813 4965 904 5017 sed
937 4964 1260 5017 liodleianus
1291 4963 1452 5015 habet
1482 4974 1539 5016 ttt
1571 4964 1621 5015 in
1656 4975 1840 5014 nostro
1870 4971 2039 5016 textu.

601 4963 785 5037 βάθος,
813 4965 904 5037 sed
937 4964 1260 5037 Bodleianus
1291 4963 1452 5015 habet
1482 4974 1539 5016 ttt
1571 4964 1621 5037 i_n
1656 4975 1846 5037 nostro
1870 4971 2039 5016 textu.

674 5035 786 5099 (9').)
826 5034 884 5086 ln
925 5034 1179 5088 omnibus
1223 5048 1354 5086 tuss.
1403 5041 1526 5100 post
1572 5031 1990 5085 ὲπανεπαὺσατο
2013 5029 2184 5100 relin-

601 5107 789 5174 quitur
821 5105 1055 5174 spatium
1093 5117 1346 5174 vacuum,
1375 5099 1430 5174 et
1459 5113 1646 5170 postea
1691 5103 1890 5168 legitur
1919 5103 1969 5153 in
1994 5099 2184 5174 iit-git}

599 5170 974 5246 ταρανὴνίκαὶ
1008 5171 1264 5246 ἔκτυπον,
1300 5172 1353 5224 in
1387 5171 1678 5246 Bodleiano
1723 5182 1916 5246 autem
1949 5170 2113 5246 τέραν
2151 5170 2186 5238 ἢ

601 5240 699 5299 καὶ
747 5240 1022 5297 ἐκτυπῶν.
1083 5241 1192 5295 Nos
1246 5241 1388 5295 hunc
1436 5243 1613 5296 locum
1668 5243 1742 5294 ita
1791 5240 2186 5294 restituendum

602 5329 934 5367 censemus:
971 5313 1100 5390 περὶ
1151 5310 1358 5390 τούτων
1409 5313 1556 5376 ὅσοις
1607 5307 2190 5390 ὲπανεπαὺσατοηκᾳὶ

603 5385 798 5448 ἑτέραν
859 5379 1110 5436 ἐκτυπῶν
1168 5381 1294 5452 περὶ
1356 5383 1463 5436 τῶν
1543 5381 1888 5454 ζητουμένων
1947 5379 2187 5448 κατάλη-

620 5457 719 5517 law,
747 5467 853 5508 etc.

600 5471 1347 5596 $263370“L'Fﬁahjetr.
1367 5523 1544 5577 Codex
1573 5522 1922 5596 Bodleianus,
1949 5517 2182 5572 ἀναϐλύ-

606 5589 740 5657 ζειν.
782 5604 835 5648 et
865 5611 987 5647 mox
1028 5592 1427 5663 ἀναπηδώντων
1457 5609 1553 5659 pro
1579 5591 1691 5647 ἄνω
1720 5589 2035 5663 πηδώντων.

677 5664 788 5731 (94)
830 5665 970 5734 Aule
1003 5663 1179 5734 tofm?
1205 5662 1536 5734 relinquitur
1568 5663 1618 5714 iu
1670 5662 2053 5727 manuscriptis
2090 5676 2182 5714 co-

609 5734 821 5790 dicibus
874 5731 1164 5789 Bodleiano
1200 5745 1256 5790 ct
1311 5733 1610 5790 Barbcriuo
1655 5734 1884 5802 spatium
1944 5747 2175 5786 vacuum

2282 4539 2622 4610 διψῆσαιτὴν
2652 4537 2996 4608 δικαιοσύνην
3024 4537 3387 4610 χορτασθῆναι
3429 4538 3566 4601 ἐστι,
3599 4537 3736 4596 εῐτις
3765 4534 3868 4605 τὴν

2285 4630 2628 4702 δικαιοσύνην
2665 4629 2767 4704 πρὸ
2814 4630 2908 4684 τοῦ
2958 4632 3317 4702 χορτασθῆναι
3367 4631 3664 4702 ποιήσειεν,
3723 4627 3870 4700 ὑπὲρ

2613 4771 2658 4801 ⁸⁸
2689 4771 2879 4824 Matth.
2909 4786 2959 4834 v,
2986 4769 3040 4823 ϐ.

2291 4889 2450 4942 unius
2483 4889 2596 4942 fere
2637 4887 2810 4940 lineae.
2847 4886 3048 4939 Ibidem
3082 4895 3198 4955 post
3237 4884 3411 4955 τούτῳ
3441 4883 3615 4948 ὑδατι,
3667 4881 3874 4955 legitur

2293 4959 2343 5010 in
2380 4959 2567 5012 codice
2608 4957 2778 5027 Regio
2819 4952 3164 5028 φέροντι,’ἰιι
3200 4952 3490 5010 Bodleiano
3531 4952 3748 5008 autem'
3773 4952 3875 5023 φέ-

2356 5045 2496 5089 ντος.

2294 5045 2496 5100 ροντος.

2364 5097 2478 5170 (95)
2520 5093 2784 5170 Postoiov
2819 5098 3012 5170 lacuna
3045 5107 3128 5150 cst
3159 5097 3219 5170 in
3250 5110 3382 5170 mss.

2367 5161 2480 5238 (96)
2517 5168 2673 5220 Ἐπεὶ
2697 5166 2998 5235 πεινῆσαι,
3024 5176 3142 5238 etc.
3162 5166 3258 5238 Sic
3280 5165 3428 5219 locus
3453 5165 3567 5238 iste
3581 5161 3791 5238 legitur
3817 5163 3874 5217 in

2298 5233 2577 5294 codicibus
2610 5233 2905 5293 Barherino
2934 5248 2988 5290 et
3015 5236 3328 5297 Bodleiano.
3361 5250 3462 5290 nec
3499 5235 3657 5287 aliter
3691 5233 3877 5288 lectus

2297 5319 2381 5362 est
2424 5327 2450 5362 ιι
2485 5308 2759 5362 Ferrario.
2811 5310 2894 5362 An
2925 5323 3054 5359 vero
3090 5307 3267 5374 inepta
3295 5308 3366 5359 sit
3399 5308 3512 5359 lucc
3550 5304 3738 5365 lectio,
3791 5303 3875 5358 uti

2297 5381 2518 5448 coniicit
2552 5378 2801 5436 Iluetius.
2827 5379 3266 5448 doctiorumesto
3284 5377 3569 5448 judicium.
3598 5374 3650 5426 lu
3675 5373 3878 5448 codice

2298 5442 2466 5518 Regio
2519 5449 2763 5519 legitur,
2792 5449 2943 5500 Ἐπεὶ
2989 5446 3262 5515 πεινῆσαι,
3305 5447 3400 5499 κα)⁸
3429 5445 3653 5519 διψῆσαι
3682 5442 3754 5519 .δὲ
3789 5460 3878 5506 τις

2291 5512 2496 5591 εἰς-τὴν
2526 5512 2893 5591 δικαιοσύνην,
2918 5527 3050 5591 clm,
3083 5512 3180 5584 pro
3207 5512 3878 5591 quibusliuetiusltzgt-u-

2293 5582 2418 5644 dum
2446 5582 2722 5651 censebat.
2754 5582 2875 5642 ἐπεὶ
2909 5582 3162 5659 πεινῆσαι
3207 5582 3300 5642 καὶ
3341 5586 3564 5658 διψῆσαι
3593 5584 3672 5637 δεῖ
3718 5582 3880 5654 ἡμᾶς

2291 5664 2385 5716 καὶ
2407 5662 2504 5717 τὶν
2535 5660 2902 5731 δικαιοσύνην,
2933 5670 3038 5715 etc.
