4170 6400
415 306 531 365 465

1483 307 1838 363 COMMENT.
1882 306 1947 361 IN
1979 306 2168 363 JOAN.
2208 305 2452 362 TOMUS
2490 306 2628 363 XIII.

3570 316 3676 370 466

418 428 516 482 τοῦ
551 426 877 499 κορεσθῆναι
916 428 1240 500 ἐμποιητέον
1267 428 1328 482 τὸ
1356 432 1548 501 πεινῇν
1578 433 1673 485 καὶ
1701 431 1879 501 atem,
1917 432 2003 483 ἵνα

2107 429 2386 500 ingeneret
2425 430 2474 485 in
2526 445 2587 485 se
2622 437 2856 500 oportet,
2891 436 2950 482 ut
2994 436 3292 493 saturetur,
3334 429 3458 483 illud
3504 431 3675 486 dictu-

424 520 689 589 εἴπωμεν·
736 538 754 570 ι
807 520 903 572 Ὃν
949 520 1147 592 τρόπον
1188 520 1436 574 ἐπιποθεῖ
1474 524 1507 592 ἡ
1542 521 1737 591 ἔλαφος
1767 522 1857 574 ἐπὶ
1898 522 1999 584 τὰς

425 607 607 677 πηγὰς
636 607 744 659 τῶν
778 608 1010 672 ὑδάτων,
1037 607 1207 672 οῦτως
1240 608 1537 680 ἐπιποθεῑὴ
1562 609 1704 680 ψυχή
1733 627 1834 680 μου
1866 610 2000 679 πρὸς

426 699 507 761 σὲ,
543 701 571 751 ὁ
596 697 748 760 Θεός.
800 698 1081 769 Ἐδίψησεν
1107 700 1139 769 ἡ
1170 698 1314 770 ψυχή
1342 717 1442 770 μου
1468 701 1603 771 πρὸς
1632 701 1723 753 τὸν
1751 700 1881 753 Θεὸν
1910 701 2000 753 τὸν

428 788 668 860 ἰσχυρὸν,
701 789 793 842 τὸν
838 790 1043 853 ζῶντα·
1097 792 1223 844 πότε
1273 791 1418 861 ἦξω,
1460 791 1552 844 καὶ
1591 791 1898 862 ὀφθήσομαι
1941 791 2001 844 τὸ

423 882 716 953 πρόσωπον
758 880 850 935 τοῦ
895 881 1064 948 Θεοῦ;
1104 902 1122 934 ›
1165 884 1259 935 Ἵν’
1307 878 1398 936 οῦν
1450 883 1794 954 διψήσωμεν,
1838 882 2000 936 καλόν

419 973 539 1025 ἐστι
573 974 717 1026 πιεῖν
746 973 960 1043 πρῶτον
985 976 1049 1027 ἐκ
1075 975 1174 1045 τῆς
1212 974 1396 1045 πηγῆς
1429 974 1522 1027 τοῦ
1577 973 1790 1041 Ἰακὼϐ,
1824 976 1885 1029 οὐ
1917 975 2003 1029 λέ-

418 1080 590 1132 γοντα
631 1063 800 1135 αὐτὴν
833 1064 1031 1135 ὁμοίως
1071 1068 1136 1135 τῇ
1182 1066 1527 1137 Σαμαρείτιδι
1556 1068 1764 1138 φρέαρο
1800 1069 1829 1120 ό
1870 1067 2000 1136 γοῦν

419 1150 615 1222 Σωτὴρ
643 1150 763 1203 οὐδὲ
790 1151 904 1216 νῦν,
929 1151 1063 1222 πρὸς
1089 1151 1177 1204 τὸν
1210 1152 1427 1224 ἐκείνης
1460 1153 1711 1206 ἀπαντῶν
1736 1153 1911 1221 λόγον,
1936 1154 1999 1205 ἐκ

420 1240 660 1311 φρέατός
697 1259 861 1310 φησιν
910 1238 1050 1296 εἶναι
1089 1242 1149 1295 τὸ
1195 1241 1368 1314 ὕδωρ,
1413 1242 1545 1295 ἀλλά
1591 1242 1777 1306 ἁπλῶς
1829 1260 1995 1314 φησι·

432 1351 446 1382 ι
486 1333 602 1395 Πᾶς
626 1334 655 1385 ὁ
687 1333 857 1385 πίνων
881 1334 947 1386 ἐκ
970 1331 1062 1385 τοῦ
1086 1332 1273 1397 ὓδατος
1300 1333 1488 1387 τούτου
1521 1333 1732 1405 διψήσει
1757 1335 1939 1388 πάλιν.
1976 1355 1994 1387 ι

427 1423 596 1495 Εἴπερ
636 1424 694 1477 δὲ
727 1424 801 1495 μὴ
835 1423 1046 1492 ἐγίνετό
1077 1442 1128 1477 τι
1169 1426 1437 1496 χρήσιμον
1470 1428 1533 1479 ἐκ
1568 1427 1662 1479 τοῦ
1702 1430 1845 1479 πιεῖν
1891 1426 2001 1480 ἀπὸ

426 1516 524 1586 τῆς
556 1516 757 1585 πηγῆς,
801 1514 913 1568 οὔτ’
959 1515 1025 1569 ἂν
1071 1516 1361 1580 ἐκαθέζετο
1410 1518 1502 1570 ἐπὶ
1542 1521 1606 1589 τῇ
1655 1522 1860 1590 πηγῇὸ
1899 1521 2001 1587 Ἰη-

427 1605 571 1668 σοῦς,
610 1603 721 1658 οὔτ’
753 1605 817 1658 ἂν
851 1606 1001 1675 ἔλεγε
1040 1606 1151 1678 (97)
1186 1610 1250 1679 τῇ
1290 1609 1664 1680 Σαμαρείτιδι’
1706 1629 1724 1661 ι
1769 1611 1868 1674 Δός
1908 1629 1997 1682 μοι

424 1699 589 1749 πιεῖν.
632 1715 649 1748 ι
681 1698 1103 1769 Παρατηρητέον
1137 1694 1248 1763 οῦν,
1276 1701 1356 1752 ὅτι
1386 1701 1480 1754 καὶ
1517 1701 1741 1775 αἰτούσῃ
1768 1702 1829 1755 τὸ
1855 1702 1997 1773 ὕδωρ

422 1792 490 1860 τῇ
537 1789 888 1860 Σαμαρείτιδι
949 1791 1040 1845 τὸν
1116 1790 1362 1861 Ἰησοῦν,
1417 1793 1579 1845 οἱονεὶ
1633 1793 1999 1864 ἐπηγγέλλετο

419 1877 676 1950 παρέξειν
709 1882 840 1934 αὐτὸ
864 1882 965 1935 οὐκ
993 1884 1050 1936 ἐν
1082 1881 1224 1953 ἄλλῳ
1257 1882 1367 1953 (98)
1396 1883 1564 1953 τόπῳ,
1615 1884 1727 1937 ἀλλ’
1774 1884 1806 1955 ἢ
1846 1886 1997 1958 παρὰ.

416 1972 486 2041 τῇ
522 1975 694 2042 πηγῇ,
719 1972 892 2040 λέγων
922 1974 1086 2044 αὐτῇ⁸
1119 1993 1139 2025 ι
1173 1974 1411 2043 ”Υπαγε,
1441 1973 1688 2046 φώνησω
1709 1976 1798 2032 τὸν
1829 1976 1999 2049 ἄνδρα

420 2080 539 2128 σου,
576 2064 672 2117 καὶ
711 2064 831 2117 ἐλθέ
860 2064 1066 2119 ἐνθάδε.
1113 2084 1132 2116 ι

491 2155 544 2209 5.
584 2156 706 2208 Ἔτι
730 2156 786 2209 δὲ
826 2158 1208 2228 ἐπιστήσωμεν
1258 2156 1307 2208 εἰ
1359 2155 1579 2211 δύναται
1616 2156 1904 2229 δηλοῦσθαι
1938 2159 1997 2212 τὺ

415 2245 733 2315 ἐτερογενές
770 2247 870 2317 τῆς
908 2246 1017 2300 τῶν
1058 2248 1193 2318 αὐτῇ
1228 2250 1294 2318 τῇ
1327 2246 1553 2319 ἀληθείᾳ
1596 2250 1995 2319 ὁμιλησάντων,

418 2336 515 2389 καὶ
559 2336 932 2406 συνεσομένων
979 2337 1263 2406 ὡφελείας,
1309 2337 1459 2407 παρὰ
1494 2339 1593 2409 τὴν
1637 2340 1995 2413 νομιζομένην

415 2425 683 2494 ὠφέλειαν
714 2426 959 2494 γίνεσθαι
993 2430 1123 2498 ἡμῖν
1155 2428 1263 2481 ἀπὸ
1302 2427 1410 2481 τῶν
1453 2429 1705 2500 Γραφῶν,
1745 2431 1846 2485 κᾶν
1874 2450 1996 2504 νοη-

418 2515 585 2569 θῶσιν
605 2516 850 2586 ἀκριϐῶς
872 2519 935 2572 ἐκ
960 2516 1056 2570 τοῦ
1091 2517 1180 2571 τὸν
1208 2516 1306 2587 μὲν
1337 2517 1526 2571 πιόντα
1547 2519 1655 2571 ἀπὸ
1684 2520 1784 2590 τῆς
1812 2523 1996 2593 πηγῆς

415 2610 512 2662 τοῦ
547 2608 743 2663 Ἰακὼϐ
766 2610 926 2682 eam
961 2610 1142 2675 πάλιν,
1170 2612 1261 2664 τὸν
1289 2611 1346 2664 δέ
1370 2613 1562 2666 πιόντα
1591 2615 1655 2666 ἐκ
1683 2612 1776 2665 τοῦ
1806 2614 1995 2679 ὓδατος

412 2696 479 2754 οὗ
509 2701 722 2757 δίδωσιν
753 2705 782 2756 ό
824 2702 1052 2773 Ἰησοῦς,
1084 2703 1265 2774 πηγὴν
1294 2694 1491 2768 ὓδατος
1519 2706 1577 2758 ἐν
1610 2703 1789 2775 ἐαυτῷ
1825 2704 1994 2775 ἴσχειν

412 2794 709 2865 ἁλλομένου
743 2797 822 2858 εἰς
857 2793 1001 2866 ζωὴν
1028 2793 1245 2848 αἰώνιον
1270 2811 1284 2825 ο
1320 2797 1414 2848 καὶ
1448 2795 1557 2868 γὰρ
1586 2795 1656 2849 τὰ
1686 2796 1995 2869 κυριώτερα

413 2884 512 2937 καὶ
536 2883 783 2956 θειότερα
813 2885 919 2937 τῶν
955 2884 1267 2958 μυστηρίων
1301 2885 1392 2939 τοῦ
1435 2886 1591 2953 Θεοῦ,
1625 2886 1744 2941 ἔνια
1783 2889 1881 2958 μὲν
1931 2889 1991 2941 οὐ

412 2974 701 3046 κεχώρηκε
724 2975 934 3046 Γραφὴ,
968 2975 1083 3029 ἔνια
1108 2976 1165 3030 δὲ
1196 2976 1316 3029 οὐδὲ
1349 2975 1663 3049 ἀνθρωπίνη
1692 2980 1871 3051 φωνή·
1900 2980 1993 3033 καὶ

410 3067 483 3120 τὰ
515 3064 608 3122 οῦν
636 3068 739 3140 ἤθη
776 3068 887 3140 (99)
932 3068 1039 3122 τῶν
1090 3069 1524 3141 σημαινομένων,
1562 3073 1595 3140 ή
1636 3070 1858 3140 γλῶσσα
1898 3075 1993 3128 ἀν·

412 3157 701 3231 θρωπική·
753 3179 772 3211 ι
823 3162 979 3213 Ἐστι
1028 3160 1136 3230 γάρ
1182 3162 1313 3216 ἄλλα
1361 3163 1549 3227 πολλὰ,
1601 3163 1637 3217 ἃ
1670 3163 1925 3234 ἐποίησεν
1963 3167 1991 3218 ὁ

424 3247 654 3317 Ἰησοῦς,
702 3249 860 3305 ἅτινα
938 3250 1033 3303 ἐὰν
1088 3252 1367 3323 γράφηται
1421 3254 1607 3317 καθέν,
1662 3254 1783 3307 οὐδὲ
1829 3254 1990 3308 αὐτὸν

408 3334 565 3408 οἶμαι
614 3340 703 3393 τὸν
741 3341 943 3411 κόσμον
988 3341 1065 3411 (ει)
1110 3344 1379 3414 χωρήσειν
1426 3346 1495 3399 τὰ
1541 3346 1860 3417 γραφόμενα
1909 3346 1990 3416 βι-

410 3429 557 3483 ϐλία.
598 3450 616 3481 ι
662 3431 772 3484 Καὶ
797 3432 896 3484 ὅσα
928 3432 984 3484 δὲ
1003 3432 1267 3503 ἐλάλησαν
1289 3436 1344 3488 αἱ
1368 3436 1508 3489 ἐπτά
1532 3436 1746 3506 βρονταὶ
1783 3437 1991 3507 μέλλων

408 3521 647 3591 γράφειν
692 3522 963 3594 Ἰωάννης,
1013 3524 1309 3577 κωλύεταιο
1340 3528 1368 3579 ὁ
1400 3527 1457 3579 δὲ
1508 3527 1718 3592 Παῦλος
1758 3529 1988 3598 ἀκηκοέι

414 3628 501 3664 ναι
534 3611 698 3681 φησὶν
749 3612 961 3684 ἄρρητα
995 3615 1234 3684 ῥήματα,
1269 3615 1389 3684 οὐχὶ
1413 3615 1450 3669 ἀ
1478 3616 1576 3668 οὐκ
1610 3615 1729 3679 ἐξόν
1759 3633 1865 3670 τινι
1894 3617 1989 3670 λα-

407 3703 576 3771 λῆσαι
611 3696 705 3772 ἦν·
741 3700 862 3768 ἐξὸν
880 3703 989 3774 γὰρ
1024 3698 1092 3773 ἦν
1130 3703 1271 3757 αὐτά
1308 3703 1540 3775 λαλῆσαι
1578 3706 1849 3773 ἀγγέλοις,
1895 3708 1989 3762 ἀν-

409 3792 654 3864 θρώποις
717 3792 773 3845 δέ
811 3794 912 3847 οὐκ
975 3794 1140 3865 ἐξῆνο
1186 3814 1206 3846 ι
1246 3797 1423 3849 πάντα
1466 3797 1563 3867 μὲν
1595 3796 1703 3868 γὰρ
1757 3797 1983 3864 ἔξεστιν,

406 3884 527 3938 ἀλλ’
558 3885 617 3937 οὐ
651 3884 829 3939 πάντα
874 3885 1171 3957 συμφέρειο
1207 3904 1224 3937 ι
1261 3885 1297 3938 ἃ
1321 3885 1379 3938 δέ
1412 3886 1641 3967 ﬁmus-sy
1673 3887 1747 3958 (2)
1773 3888 1993 3969 ἄρρητοι

410 3979 653 4049 ῥήματα,
689 3977 724 4031 ἃ.
757 3978 858 4030 οὐκ
889 3976 1027 4044 ἐξὸν,
1078 3978 1241 4049 φησὶν
1270 3979 1369 4045 (5),
1405 3977 1677 4050 ἀνθρώπῳ
1726 3980 1982 4049 λαλῆσαι,

405 4065 563 4141 οἶμαι
576 4070 633 4123 δὲ
648 4070 747 4141 τῆς
760 4070 888 4140 ὅλης
903 4069 1156 4139 γνώσεως
1172 4068 1410 4140 στοιχεῖά
1426 4088 1545 4123 τινα
1566 4070 1872 4142 ἐλαχίστας,
1890 4074 1985 4128 κα)⁹

408 4162 756 4232 βραχυτάτας
790 4156 929 4215 εἶναι
961 4159 1269 4230 εἰσαγωγὰς
1287 4162 1415 4226 ὅλας
1449 4163 1692 4233 Γραφάς,
1713 4162 1814 4217 κᾶν
1840 4165 1981 4217 πάνυ

408 4244 679 4322 veneram
723 4251 966 4323 ἀκριϐῶς
987 4292 998 4302 .
1042 4252 1182 4321 Ὅρα
1203 4250 1491 4322 τοιγαροῦν
1508 4254 1554 4304 εί
1572 4251 1793 4307 δύναται
1821 4257 1852 4325 ὴ
1883 4254 1983 4324 μέν

406 4342 561 4413 πηγὴ
618 4342 714 4395 τοῦ
760 4341 974 4407 Ἰακὼϐ,
1004 4342 1097 4411 ἀφ’
1129 4340 1197 4415 ἧς
1226 4344 1347 4396 ἔπιέ
1381 4360 1511 4397 ποτε
1539 4345 1567 4396 ὁ
1607 4342 1819 4408 Ἰακὼϐ,
1867 4346 1980 4399 ἀλλ’

2106 520 2258 574 rus”
2289 536 2300 569 :
2338 539 2358 571 ι
2387 519 2850 586 Quemadmodum
2899 519 3174 575 desiderat
3212 534 3406 574 cervus
3440 522 3506 575 ad
3548 522 3671 575 l‘on-

2104 624 2183 666 tes
2209 628 2497 681 aquarum,
2534 612 2604 665 ita
2638 612 2915 666 desiderat
2941 611 3118 665 anima
3154 626 3271 665 mea
3296 611 3366 665 ad
3409 621 3482 674 te,
3510 612 3671 667 Deus.

2103 705 2284 759 Sitivit
2321 705 2500 758 anima
2524 720 2641 758 mea
2669 705 2732 758 ad
2761 703 2931 757 Deum
2962 703 3180 769 fortem,
3210 706 3390 757 vivum
3420 721 3434 757 :
3459 706 3674 773 quando

2104 797 2337 859 veniam,
2375 805 2429 849 et
2456 796 2686 849 videbor
2714 810 2897 849 coram
2943 794 3082 850 facie
3115 796 3251 850 Dei?
3280 815 3300 849 ι
3335 795 3405 851 Ut
3433 810 3562 865 ergo
3598 798 3674 852 si-

2104 891 2320 953 liamus,
2348 890 2546 943 bonum
2581 898 2664 944 est
2691 903 2720 943 e
2744 888 2893 943 fonte
2919 887 3089 943 Jacob
3122 897 3183 942 ut
3215 890 3266 943 in
3299 890 3487 959 primis
3514 889 3671 944 biba-

2103 996 2254 1041 mus.
2281 981 2450 1047 illum,
2481 996 2589 1035 non
2618 982 2841 1048 perinde
2873 989 3035 1049 atque
3086 980 3396 1047 Samaritis,
3427 983 3672 1037 dicentes

2102 1080 2342 1141 puteum.
2388 1071 2522 1126 Nam
2576 1072 2834 1128 Servator
2875 1074 2940 1127 ad
2984 1074 3128 1128 illius
3178 1077 3515 1144 respondens
3558 1091 3675 1130 ser-

2107 1178 2346 1230 munem,
2400 1180 2469 1219 ne
2520 1179 2666 1218 nunc
2714 1165 2931 1235 quidem
2968 1182 3035 1222 ex
3073 1174 3233 1236 puteo
3275 1168 3446 1237 inquit
3474 1183 3671 1238 aquam

2101 1270 2245 1321 esse,
2291 1256 2385 1311 sed
2440 1256 2766 1326 simpliciter
2804 1257 3026 1327 inquit:
3070 1276 3088 1311 ι
3116 1259 3306 1315 Omnis
3344 1260 3433 1326 qui
3474 1259 3675 1314 biberit

2100 1361 2167 1401 ex
2201 1362 2337 1417 aqua
2367 1347 2489 1414 hac,
2520 1349 2671 1403 sitiet
2699 1350 2898 1404 iterum
2916 1350 2984 1409 ".
3019 1371 3038 1405 ι
3073 1351 3227 1418 Quod
3272 1352 3317 1407 si
3357 1350 3562 1410 bibenti
3603 1365 3673 1404 ex

2100 1439 2190 1493 illo
2218 1438 2367 1494 fonte
2416 1440 2562 1494 nulla
2604 1442 2948 1511 provenisset
2995 1443 3223 1511 utilitas,
3249 1445 3668 1512 haudquaquam

2098 1545 2349 1585 sessurus
2374 1529 2555 1586 fuerat
2584 1534 2724 1602 apud
2755 1533 2963 1589 fontem
2998 1533 3174 1601 Jesus,
3207 1550 3385 1604 neque
3428 1534 3674 1589 dicturus

2106 1622 2421 1678 Samaritidi
2467 1640 2534 1680 ιι
2568 1625 2643 1679 Da
2696 1626 2826 1681 mihi
2867 1629 3008 1697 quod
3069 1627 3249 1682 bibam
3266 1628 3332 1681 ⁸⁷.
3361 1645 3381 1679 ι
3437 1626 3673 1685 Proinde

2099 1713 2493 1768 observandum
2553 1724 2676 1779 est,
2742 1720 3196 1785 quemadmodum
3246 1720 3450 1789 petenti
3515 1735 3545 1773 a
3612 1734 3673 1775 se

2101 1823 2295 1878 aquam
2326 1808 2641 1862 Samaritidi
2691 1824 2797 1864 non
2833 1810 2960 1864 alibi
2996 1811 3307 1880 promiserit
3335 1810 3494 1867 Jesus
3522 1813 3668 1867 illam

2100 1914 2160 1954 se
2188 1899 2435 1952 daturum
2466 1913 2627 1966 quam
2656 1899 2796 1967 apud
2827 1897 3054 1965 fontem,
3078 1900 3263 1956 dicens
3294 1900 3368 1954 illi
3399 1915 3415 1955 :
3452 1918 3470 1952 ι
3498 1902 3669 1970 Vade,

2098 2005 2231 2047 voca
2262 1989 2435 2045 virum
2465 2001 2635 2058 tuum,
2660 2002 2716 2046 et
2749 1992 2869 2046 veni
2900 1993 3008 2047 huc
3022 1992 3088 2046 ⁸⁸.
3116 2012 3135 2043 ι

2167 2175 2222 2230 5.
2263 2174 2454 2230 Adhuc
2484 2183 2664 2229 autem
2702 2175 3057 2244 inspiciamus
3083 2191 3211 2229 num
3233 2177 3358 2245 quia
3384 2179 3473 2246 qui
3507 2178 3665 2231 bibe-

2099 2265 2257 2320 ritex
2285 2265 2437 2320 fonte
2473 2265 2663 2331 Jacob,
2695 2266 2845 2321 sitiat
2890 2266 3118 2331 iterum;
3170 2267 3262 2335 qui
3299 2282 3429 2322 vero
3470 2267 3671 2323 biberit

2096 2372 2162 2412 ex
2211 2372 2346 2426 aqua
2390 2372 2553 2428 q-nam
2592 2357 2880 2420 datJesus,
2915 2358 3118 2414 fontem
3157 2359 3209 2412 in
3258 2359 3436 2428 seipso
3470 2359 3670 2415 habeat

2096 2463 2251 2517 aqua;
2277 2448 2520 2503 salientis
2554 2448 2621 2503 ad
2661 2449 2827 2502 vitam
2870 2458 3153 2513 aeternam,
3185 2450 3334 2503 innui
3380 2452 3549 2518 possit
3591 2453 3672 2505 di-

2093 2548 2305 2592 ‘versam
2328 2551 2450 2592 esse
2478 2537 2767 2592 utilitatem
2796 2551 2985 2591 eorum
3014 2538 3106 2607 qui
3141 2553 3262 2592 cum
3296 2538 3411 2606 ipsa
3434 2540 3669 2594 veritate

2096 2629 2539 2684 consuetudinem
2599 2627 2841 2683 habuere
2889 2627 3240 2698 habiturique
3283 2638 3443 2693 sunt,
3490 2631 3558 2684 ab
3594 2645 3663 2688 ea-

2096 2718 2327 2772 utililate
2370 2732 2533 2787 quam
2570 2716 2727 2772 nobis
2782 2716 2913 2771 oriri
2966 2716 3341 2772 existimamus
3385 2733 3450 2773 ex
3513 2717 3608 2772 Scr
3637 2745 3667 2759 α

2093 2807 2294 2877 pturis,
2329 2806 2543 2861 etiamsi
2582 2816 2837 2861 accurate
2889 2805 3177 2861 intellecta:
3224 2805 3464 2872 fuerint;
3501 2808 3667 2878 216

2093 2897 2401 2968 praisertim
2434 2913 2556 2953 cum
2594 2898 2841 2969 quaedam
2896 2913 2963 2952 ex
3011 2897 3484 2968 principalioribus
3523 2901 3665 2953 divi-

2094 2990 2445 3058 nioribusque
2465 2989 2558 3044 Dei
2584 2987 2859 3059 mysteriis
2881 3003 2981 3044 nec
3006 3002 3205 3056 capere
3243 2989 3483 3059 potuerit
3509 2989 3664 3044 Scri-

2092 3094 2273 3153 ptura,
2297 3085 2542 3152 quaedam
2575 3084 2741 3137 etiam
2787 3098 2887 3137 nec
2916 3096 3014 3134 vox
3051 3082 3288 3136 humana
3316 3101 3329 3135 :
3363 3098 3486 3136 nam
3517 3097 3669 3152 qua:-

2093 3174 2218 3228 dam
2247 3174 2675 3243 signiﬁcationes
2707 3174 2905 3228 divina:
2931 3188 3053 3227 cum
3089 3174 3220 3237 sint,
3243 3174 3423 3243 lingua
3449 3183 3532 3226 est
3561 3176 3664 3226 lm-

2093 3281 2290 3321 mana:
2324 3283 2343 3316 ι
2391 3265 2529 3320 Sunt
2570 3280 2806 3334 namque
2857 3273 2913 3319 et
2962 3264 3069 3317 alia
3142 3263 3309 3317 multa
3359 3280 3482 3332 qua:
3531 3262 3667 3317 fecit

2090 3357 2273 3423 Iesus,
2305 3373 2427 3428 quae
2452 3356 2764 3429 singulatim
2788 3357 2833 3412 si
2866 3358 3195 3423 scribantur,
3226 3371 3325 3412 nec
3356 3357 3532 3427 ipsum
3569 3371 3660 3409 ar-

2092 3450 2265 3505 bitror
2313 3450 2574 3505 mundum
2628 3459 2951 3520 capturum,
3004 3449 3097 3519 qui
3149 3449 3541 3511 scriberentur,
3594 3446 3662 3500 li—

2090 3543 2220 3597 bros
2241 3540 2307 3595 ”.
2341 3561 2360 3594 ι
2402 3542 2542 3608 Quin
2585 3550 2640 3596 ct
2682 3557 2802 3610 quae
2848 3541 3027 3596 locuta
3063 3550 3189 3595 sunt
3217 3548 3420 3608 septem
3460 3538 3547 3593 illa
3590 3550 3666 3592 to-

2087 3633 2266 3688 t‘itrua
2313 3635 2618 3702 scripturus
2644 3631 2886 3687 Joannes
2911 3631 3327 3701 prohibetur";
3364 3641 3418 3685 et
3453 3630 3663 3686 Paulus

2088 3738 2147 3779 se
2199 3723 2417 3777 audisse
2468 3723 2644 3791 inquit
2692 3724 2988 3783 indicibilia
3018 3724 3179 3779 verba
3218 3738 3338 3794 quae
3391 3739 3498 3778 non
3530 3723 3659 3777 lice-

2089 3823 2173 3868 ret
2195 3814 2351 3869 alicni
2378 3814 2520 3884 loqui
2554 3815 2596 3846 '“
2627 3829 2643 3869 :
2669 3815 2865 3871 licebat
2893 3817 3036 3871 enim
3058 3816 3122 3870 ad
3154 3817 3372 3886 angelos
3398 3828 3459 3869 ea
3486 3814 3656 3884 loqui,

2088 3905 2155 3958 ad
2186 3904 2436 3959 homines
2474 3913 2652 3959 autem
2700 3920 2805 3959 non
2836 3905 3076 3960 licebat:
3102 3921 3225 3959 nam
3255 3924 3274 3955 ι
3319 3905 3501 3959 omnia
3538 3906 3663 3973 qui-

2087 3995 2206 4049 dem
2250 3993 2428 4060 licent,
2461 4003 2519 4050 at
2571 4011 2678 4051 non
2717 3998 2897 4051 omnia
2939 3997 3319 4067 expediunt".
3345 4013 3364 4047 ι
3395 3992 3489 4050 Sin
3532 4011 3667 4048 vero

2081 4086 2291 4140 audivit
2329 4086 2622 4142 ineffabilia
2675 4092 2839 4143 verba
2900 4104 3020 4158 quae
3078 4090 3159 4144 fas
3199 4104 3305 4143 non
3346 4098 3512 4152 esset,
3569 4089 3657 4139 iu-

2085 4176 2226 4244 quit,
2275 4177 2343 4232 ad
2395 4179 2668 4233 hominem
2714 4180 2885 4250 loqui,
2945 4179 3184 4234 arbitror
3235 4193 3337 4248 ego
3387 4179 3656 4232 universae

2084 4266 2410 4335 cognitionis
2442 4268 2708 4323 elementa
2753 4269 3000 4338 quaedam
3028 4269 3251 4323 minima
3280 4268 3660 4323 brevissimas-

2085 4371 2189 4425 que
2273 4359 2705 4416 introductiones
2764 4374 2884 4415 esse
2941 4360 3226 4415 universas
3315 4360 3654 4429 Scripturas,

402 4434 588 4487 οὐκέτι
604 4434 748 4488 πίνει
777 4433 892 4499 νῦν,
928 4433 1079 4487 ἔπιον
1111 4434 1167 4487 δὲ
1189 4435 1283 4488 καὶ
1311 4437 1359 4489 οἱ
1381 4435 1484 4489 υἱοὶ
1512 4435 1696 4500 αὐτοῦ,
1718 4437 1854 4491 ἀλλά
1881 4436 1978 4491 νῦν

2095 4447 2300 4501 etiamsi
2350 4458 2607 4504 accurate
2661 4449 2957 4505 intellecta
3006 4449 3229 4505 fuerint.
3285 4449 3652 4516 Quamobrem

401 4523 588 4593 ἔχουσι
625 4524 686 4576 τὸ
731 4526 976 4596 κρεῖττον
1033 4525 1240 4578 ἐκείνου
1266 4526 1447 4599 ato-cev,
1477 4525 1765 4579 πεπὼκασι
1793 4526 1849 4579 δέ
1884 4528 1979 4581 καὶ

2095 4536 2210 4592 vide
2238 4552 2368 4591 num
2399 4538 2521 4593 fons
2545 4538 2733 4606 Jacob,
2766 4555 2831 4595 ex
2860 4555 2965 4609 quo
2996 4540 3216 4596 bibebat
3238 4541 3529 4611 aliquando
3554 4537 3653 4595 Ja-

399 4612 473 4668 τὰ
506 4612 798 4685 θρέμματα
838 4614 1102 4688 αὐτῶν,ή
1132 4619 1281 4671 πᾶσα
1313 4615 1447 4671 εἶναι
1470 4618 1687 4689 Γραφή’
1712 4617 1771 4670 τὺ
1797 4618 1853 4670 δὲ
1884 4618 1975 4671 τοῦ

2095 4625 2208 4693 cob,
2238 4629 2331 4682 sed
2363 4642 2506 4684 nunc
2534 4645 2638 4684 non
2663 4632 2830 4697 bibit;
2864 4639 3028 4701 atque
3057 4633 3222 4685 etiam
3270 4632 3531 4687 bibebant
3560 4630 3655 4686 ﬁlii

412 4702 588 4771 Ἰησοῦ
610 4703 752 4775 ὕδωρ
780 4704 841 4757 τὸ
865 4705 1005 4777 ὑπὲρ
1028 4706 1063 4759 ἃ
1083 4706 1422 4778 γέγραπται·
1447 4707 1507 4759 οὐ
1531 4710 1662 4760 πᾶσι
1687 4707 1744 4760 δὲ
1770 4706 1976 4770 ἔξεστιν

2095 4719 2190 4782 sui,
2232 4720 2327 4772 sed
2371 4734 2516 4774 nunc
2555 4729 2740 4788 potum
2774 4721 2982 4775 habent
3020 4721 3111 4775 illo
3136 4720 3308 4791 priori
3346 4733 3474 4789 p0tu
3509 4735 3653 4789 prae-

397 4794 628 4866 ὲρευνᾷν
658 4796 726 4848 τὰ
771 4796 910 4867 ὑπὲρ
951 4797 988 4851 ἃ
1025 4797 1371 4869 γέγραπταιο
1420 4798 1513 4851 ἐὰν
1556 4799 1629 4869 μή
1680 4816 1765 4862 τις
1792 4800 1977 4863 αὐτοῖς

2095 4809 2422 4875 ςιιιιιιίονειη,
2465 4812 2597 4880 quin
2653 4811 2907 4866 biberunt
2955 4815 3121 4867 etiam
3183 4827 3382 4883 pecora
3414 4825 3649 4878 :corum,

396 4885 724 4957 ἐξομοιωθῇ,
760 4887 846 4940 ἴνα
892 4887 965 4958 μὴ
997 4889 1397 4961 ἐπιπλήσσηται
1428 4891 1640 4944 ἀκούων
1672 4893 1764 4945 τόο
1803 4910 1821 4942 ι
1858 4894 1973 4945 Χα-

2095 4899 2258 4965 possit
2302 4915 2424 4957 esse
2488 4903 2741 4958 universa
2795 4903 3109 4975 Scriptura;
3150 4919 3285 4974 aqua
3340 4919 3470 4959 vero
3519 4902 3650 4959 Iesu

394 4978 685 5054 λεπώτερά
730 4979 826 5033 dou
877 4982 951 5052 μὴ
1002 4981 1184 5052 ζήτει·
1239 4983 1332 5037 καὶ
1386 4982 1708 5056 ἰσχυρότερά
1756 5001 1850 5038 σου
1897 4985 1972 5058 μὴ

2103 4992 2211 5047 llud
2263 5008 2386 5049 esse
2423 4995 2594 5065 possit
2645 4996 2785 5065 quod
2825 5006 2909 5051 est
2942 5013 3106 5067 supra
3159 5011 3222 5052 ea
3274 5012 3400 5067 qua}
3442 4998 3649 5065 scripta

393 5069 610 5141 ἐρεύνα.
654 5089 674 5122 ι
2080 5091 2207 5135 sunt
2241 5102 2255 5139 :
2284 5099 2389 5139 non
2432 5087 2683 5140 omnibus
2727 5100 2911 5142 autem
2963 5089 3201 5146 scrutari
3235 5089 3364 5144 licet
3393 5104 3514 5158 qua:
3542 5088 3651 5143 sint

448 5237 496 5268 ιι
524 5235 816 5318 Psale-LII:
846 5236 901 5293 2.
978 5236 1207 5318 πέρκη.
1247 5255 1320 5303 ιν,
1366 5239 1452 5292 l3.
1531 5239 1574 5270 ιτ
1606 5238 1735 5296 ibid.
1766 5242 1818 5295 7.
1897 5242 1941 5273 ιε
1970 5243 2003 5295 n

2095 5282 2098 5293 .
2133 5244 2219 5298 16.
2296 5244 2518 5299 “Joau.
2553 5263 2664 5311 χιιι,
2707 5248 2798 5302 25.
2875 5251 2918 5281 ⁸ο
2946 5252 3113 5318 Apoc.
3155 5268 3207 5317 χ,
3235 5253 3288 5308 '5.
3366 5253 3407 5283 "
3448 5250 3485 5305 ll
3520 5253 3647 5310 Cor.

391 5322 496 5371 ιη,
519 5308 571 5360 4.
650 5307 745 5360 "1
776 5305 901 5360 Cor.
928 5321 1004 5370 γι,
1035 5307 1122 5360 l2.

465 5446 577 5526 (9_7)
619 5448 763 5526 Oﬁt'_
790 5449 1080 5526 ᾶιχὲλεγε.
1106 5450 1196 5505 Sic
1213 5452 1382 5507 codex
1406 5452 1752 5522 Bodleianns,
1782 5468 1962 5526 recte;
2148 5462 2193 5526 (Ι

465 5461 577 5519 (υι)
619 5461 752 5502 υῠτ’
790 5461 867 5504 αν
888 5461 1080 5519 ελεγε.
1106 5461 1196 5505 Sic
1213 5461 1382 5507 coaex
1406 5461 1752 5522 Bodleianus,
1782 5468 1962 5526 recte;
2176 5464 2193 5515 Ι

393 5516 642 5605 Βῆεἱιξξελ
659 5520 982 5605 ηξιιιειὶὸταν
1020 5520 1192 5588 ἔλεγε.
1442 5593 1455 5605 ‘
1546 5573 1591 5605 _.
1632 5597 1707 5605 με
2148 5461 2223 5605 (2)

604 5588 787 5666 Codex
813 5590 1035 5666 Regius,
1066 5587 1368 5666 perperam,
1498 5594 1605 5666 γὰρ
1625 5597 1788 5664 ἄλλῳ.
2078 5587 2189 5659 σεν.

431 5658 590 5744 ..(99)
605 5659 683 5743 A.d
707 5660 1258 5744 'marginem'codicis
1294 5658 1711 5744 Botlleiaiti'npro
1893 5668 1967 5723 lc-

2149 5658 2226 5744 (3)
2265 5674 2326 5730 Ιιι.
2348 5674 2532 5731 codice
2569 5673 2859 5731 Bodleiano
2887 5675 3038 5730 dccst
3061 5669 3243 5741 φησιν.

394 5728 538 5796 δίων
564 5726 893 5798 θεῖαίφιαιη
920 5728 1203 5785 Ιοριίοιςοιι]
1236 5743 1453 5788 secutus
1483 5744 1558 5789 cst
1590 5726 1893 5793 Ferrarius.
2155 5726 2223 5744 τ’
2356 5726 2377 5772 ἶ

2248 5462 2303 5516 In
2333 5464 2518 5518 codice
2543 5462 2715 5534 Regio
2752 5465 2903 5519 deest
2938 5465 3027 5518 τὸν
3063 5463 3284 5533 κόσμον.

2286 5534 2449 5588 Forte
2490 5529 2770 5604 legendum
2821 5549 2943 5589 cum
3007 5529 3278 5597 Ferra'rio,
3315 5529 3449 5586 εἰδὲ
3475 5532 3646 5603 ἤκου-
