4170 6398
578 267 683 322 407

2031 271 2352 331 ORIGENIS

3708 283 3811 338 ‘08

576 380 858 449 superiora
900 381 987 438 his
1007 399 1128 454 qum
1156 385 1357 454 scripta
1385 392 1536 450 sunt,
1567 384 1668 441 nisi
1690 385 1783 457 qui
1807 385 2146 442 assimilatus
2170 387 2336 443 fuerit
2382 389 2532 460 ipsis,
2579 406 2647 446 ne
2681 390 2998 462 obiurgetur
3046 391 3270 449 audiens
3301 409 3316 446 :
3348 411 3368 444 ι
3397 392 3476 448 Te
3520 392 3808 450 didicilora

578 487 648 529 ne
669 488 900 544 quaeras,
947 485 1003 532 et
1039 487 1090 531 te
1115 476 1338 534 fortiora
1367 493 1436 531 ne
1470 479 1672 548 vestiga
1688 479 1756 535 ⁸⁸.
1787 497 1809 532 ι

647 561 703 620 6.
743 561 896 630 Quod
949 565 996 622 si
1046 567 1278 623 dicimus
1324 567 1508 640 aliqua
1567 583 1690 625 esse
1736 585 1900 641 supra
1932 583 1998 625 ea
2029 583 2141 639 qua

2321 567 2374 623 6.
2421 566 2546 621 Ἐὰν
2583 566 2640 621 δὲ
2676 566 2924 638 λέγωμεν
2963 566 3032 622 τὰ
3073 567 3214 640 ὑπὲρ
3257 565 3294 620 ἃ
3323 566 3633 639 γέγραπται
3678 561 3813 620 εἷναί

576 653 780 723 scripta
806 665 956 721 sunt,
987 673 1094 713 non
1134 659 1240 714 hoc
1267 659 1500 715 dicimus
1526 675 1588 716 ea
1621 675 1780 731 posse
1817 661 1998 715 multis
2029 673 2150 714 esse

580 749 849 813 nota,sed
887 746 1108 814 Joanni,
1140 752 1231 820 qui
1266 753 1511 819 audiens,
1552 753 1794 808 scribere
1835 753 1998 808 etiam
2024 766 2152 821 qua-

579 837 650 893 lia
677 851 868 895 essent
903 855 965 894 ea
1013 843 1315 897 tonitruum
1351 846 1517 899 verba
1552 860 1657 900 non
1707 845 2144 910 permittitur“;

576 945 811 998 cumque
859 946 920 985 ea
960 932 1264 1000 didicisset,
1301 949 1362 989 ea
1415 950 1522 988 non
1573 935 1788 1000 scribit,
1843 945 1902 989 ut
1961 945 2150 1006 parcat

577 1021 781 1079 mundo
811 1037 828 1074 :
857 1022 1079 1076 rebatur
1113 1023 1260 1077 enim
1308 1038 1377 1078 ne
1431 1025 1606 1095 ipsum
1640 1027 1858 1096 quidem
1890 1026 2144 1080 mundum

577 1121 884 1182 capturum,
927 1113 1018 1184 qui
1069 1113 1462 1180 scriberentur,
1495 1116 1664 1172 libros
1686 1117 1755 1172 ".
1787 1117 1926 1185 Quin
1953 1117 2142 1184 etiam,

575 1219 696 1274 qua:
757 1202 958 1258 Paulus
1005 1207 1214 1270 didicit,
1273 1215 1400 1262 sunt
1450 1223 1611 1277 supra
1669 1223 1731 1263 ea
1787 1224 1910 1278 qum
1943 1209 2146 1278 scripta

576 1304 724 1357 sunt,
777 1299 1217 1366 quandoquidem
1257 1299 1508 1355 homines
1556 1315 1620 1356 ea
1669 1301 1832 1356 locuti
1872 1310 2042 1365 sunt;
2092 1310 2148 1356 et

574 1399 696 1452 qua:
718 1385 908 1440 oculus
942 1402 1049 1440 non
1087 1387 1225 1440 vidit
1245 1387 1314 1453 “,
1347 1397 1472 1442 sunt
1502 1402 1665 1456 supra
1692 1401 1754 1441 ea
1795 1404 1914 1456 quae
1939 1387 2143 1458 scripta

575 1484 734 1542 sunt;
766 1484 824 1530 et
863 1491 982 1545 qua:
1015 1479 1163 1532 auris
1187 1493 1292 1532 non
1335 1477 1542 1532 audivit
1565 1477 1634 1544 ⁸⁷,
1673 1477 1836 1532 scribi
1885 1493 1989 1531 non
2023 1492 2150 1547 pos-

576 1575 723 1622 sunt.
777 1566 915 1633 Quin
964 1575 1019 1621 et
1057 1582 1177 1636 qua:
1217 1569 1271 1621 in
1314 1584 1412 1623 cor
1448 1569 1687 1624 hominis
1737 1584 1843 1624 non
1880 1569 2147 1624 ascende-

575 1655 788 1722 runt",
834 1655 985 1712 fonte
1030 1656 1198 1714 Jacob
1241 1667 1368 1714 sunt
1405 1657 1640 1728 majora,
1687 1659 1887 1728 quippe
1939 1673 2062 1727 qua;
2113 1673 2145 1711 a

573 1747 722 1803 fonte
745 1763 898 1819 aqua:
935 1749 1180 1805 salientis
1208 1753 1276 1804 ad
1301 1751 1470 1805 vitam
1504 1760 1762 1805 aeternam
1790 1750 2144 1805 manifestan-

574 1850 662 1893 tur
707 1841 793 1894 his
829 1840 921 1916 qui
968 1854 1066 1895 cor
1105 1842 1342 1896 hominis
1381 1857 1487 1898 non
1537 1841 1769 1910 amplius
1799 1841 2022 1905 habent,
2049 1841 2142 1895 sed

2249 677 2391 724 τινα,
2420 659 2482 713 ού
2503 659 2660 714 τοῦτό
2688 676 2888 730 φαμεν,
2913 659 2996 713 ὅτι
3021 659 3238 729 γνωστὰ
3283 662 3394 722 τοῖς
3438 657 3649 721 πολλοῖς
3680 654 3816 712 εῖναι

2249 751 2490 815 δύναται,
2537 751 2673 805 ἀλλὰ
2719 753 2936 826 Ἰωάννῃ
2977 750 3251 812 ἀκούοντι,
3287 753 3384 804 καὶ
3415 751 3646 821 γράφειν
3682 750 3818 805 αὐτὰ

2252 843 2326 914 μὴ
2361 844 2792 914 ὲπιτρεπομένῳ,
2814 846 2970 896 ὁποῖα
2995 841 3063 915 ἦν
3093 844 3161 908 τὰ
3179 841 3288 896 τῶν
3317 841 3553 914 βροντῶν
3581 843 3817 913 ῥήματα,

2249 937 2343 989 καὶ
2372 936 2714 1007 μανθάνοντι,
2758 936 2852 989 καὶ
2882 936 2968 989 διὰ
2993 935 3055 989 τὸ
3082 934 3358 1005 φείδεσθαι
3394 933 3489 986 τοῦ
3522 933 3733 1004 κόσμου
3761 933 3819 986 ού

2248 1027 2512 1099 γράφοντι
2551 1027 2725 1081 αὐτὰ·
2772 1027 2909 1099 ᾤετο
2925 1026 3036 1099 γὰρ
3091 1027 3227 1099 μηδὲ
3267 1025 3430 1080 αὐτὸν
3473 1025 3564 1080 τὸν
3615 1026 3826 1098 κόσμον

2246 1122 2443 1192 χωρεῖν
2465 1119 2533 1173 τὰ
2557 1121 2874 1192 γραφόμενα
2904 1119 3101 1191 βιϐλία.
3143 1119 3303 1174 Ἀλλὰ
3335 1121 3431 1174 καί
3457 1119 3602 1189 ἅπερ
3623 1119 3656 1173 ό
3679 1117 3827 1172 Παῦ-

2246 1211 2336 1276 λος
2365 1211 2682 1284 μεμάθηκεν
2709 1212 2923 1284 ipp-qm
2963 1213 3204 1283 ῥήματα,
3245 1209 3386 1281 ὑπὲρ
3419 1209 3456 1264 ἃ
3486 1210 3822 1280 γέγραπται,

2246 1304 2301 1357 εί
2325 1321 2387 1373 γε
2421 1305 2489 1358 τὰ
2531 1304 2892 1376 γεγραμμένα
2935 1303 3211 1374 ἄνθρωποι
3253 1302 3615 1374 λελαλήκασι’
3658 1301 3754 1355 καὶ
3790 1301 3820 1356 ἃ.

2245 1395 2520 1468 ὀφθαλμὸς
2546 1396 2644 1449 οὐκ
2664 1391 2818 1460 εἶδεν,
2847 1395 2992 1450 ἐστιν
3023 1395 3164 1467 ὑπὲρ
3194 1395 3262 1448 τὰ
3291 1394 3683 1466 γεγραμμένα’
3732 1395 3822 1448 κοῒ

2245 1487 2282 1542 ἃ
2307 1484 2400 1553 οὖς
2427 1489 2526 1542 ούκ
2545 1489 2767 1559 ἢκουσε,
2798 1487 3077 1558 γραφῆναι
3110 1487 3172 1540 ού
3213 1487 3438 1540 δύναται
3457 1503 3470 1516 ·
3504 1487 3600 1540 καὶ
3626 1485 3698 1539 τὰ
3733 1485 3820 1537 ἐπὶ

2246 1583 2472 1654 καρδίαν
2500 1584 2557 1637 δὲ
2581 1582 2869 1654 ἀνθρώπου
2910 1583 2984 1654 μὴ
3025 1579 3417 1652 ἀνεϐεϐηκότα,
3452 1583 3681 1654 μείζονά
3708 1584 3818 1636 ἐστι

2244 1675 2344 1745 τῆς
2377 1675 2468 1729 τοῦ
2511 1673 2704 1728 Ἰακὼϐ
2745 1676 2949 1746 πηγῆς,
2992 1675 3100 1730 ἀπὸ
3141 1675 3324 1747 πηγῆς
3366 1674 3556 1738 ὓδατος
3587 1674 3818 1745 ἀλλόμε-

2245 1781 2336 1818 νου
2370 1765 2452 1828 είς
2473 1764 2618 1836 ζωὴν
2653 1763 2870 1819 αἰώνιον
2918 1783 3048 1834 φανε
3059 1765 3293 1836 ρούμενα
3323 1768 3433 1830 τοῖς
3467 1764 3656 1819 οὐκέτι
3689 1781 3820 1837 καρ-

2245 1855 2362 1909 δίαν
2411 1855 2702 1928 ἀνθρώπου
2753 1857 3000 1926 ἔχουσιν,
3045 1856 3180 1910 ἀλλὰ
3227 1856 3546 1927 δυναμένοις
3600 1856 3819 1925 λέγειν’

573 1931 756 1987 dicere
784 1909 960 1990 valent
991 1949 1006 1985 :
1045 1951 1065 1983 ι
1096 1931 1204 1987 Nos
1235 1945 1418 1988 autem
1469 1909 1704 1988 mentem
1748 1931 1948 1986 Christi
1981 1932 2141 1986 habe-

2251 1965 2269 1998 ι
2315 1947 2506 2018 Ἡμεῖς
2516 1909 2588 2000 ’δὲ
2606 1909 2730 2002 νοῦν
2749 1909 2999 2020 Χιριστοῦι
3017 1947 3347 2018 ἐχομεν,ῖνα
3368 1909 3578 2016 ⁸ἴδωμεν
3606 1909 3693 2002 τὰ.
3716 1909 3824 2000 ύπό

571 2037 715 2085 mus,
771 2032 828 2076 ut
871 2024 1149 2078 videamus
1191 2039 1312 2092 quas
1339 2041 1366 2077 a
1398 2025 1507 2078 Deo
1540 2025 1738 2079 donata
1783 2033 1910 2079 sunt
1945 2025 2141 2088 nobis;

573 2129 696 2180 qua:
725 2099 788 2168 ἐι
827 2113 1098 2182 loquimur
1135 2129 1242 2169 non
1273 2115 1326 2168 in
1357 2115 1532 2171 doctis
1565 2115 1821 2170 humanae
1865 2117 2144 2186 sapientia:

573 2203 774 2268 verbis,
803 2205 896 2259 sed
944 2209 998 2259 in
1046 2205 1299 2260 doctrina
1336 2203 1572 2276 Spiritus
1591 2207 1660 2258 ι’.
1687 2225 1706 2258 ι
1742 2205 1810 2261 Et
1839 2205 2046 2276 inspice
2075 2221 2141 2261 an

573 2297 690 2350 lieri
723 2296 894 2364 possit
921 2305 980 2349 ut
1012 2296 1248 2350 humana
1289 2295 1556 2366 sapientia
1597 2311 1702 2350 non
1727 2295 1978 2366 loquatur
2008 2294 2142 2350 falsa

571 2388 856 2457 dogmata,
902 2388 996 2441 sed
1041 2401 1161 2455 qua;
1205 2386 1488 2440 veritatem
1522 2387 1870 2452 conﬁrment,
1897 2385 2059 2457 217
2090 2394 2146 2441 et

573 2481 640 2534 ad
671 2479 921 2534 homines
951 2478 1282 2549 posteriores
1331 2479 1686 2547 perveniant;
1723 2494 1844 2548 qua:
1871 2494 1998 2535 vero
2020 2477 2144 2549 Spi-

573 2573 713 2625 ritus
759 2570 976 2633 edocet,
1019 2571 1134 2626 sint
1161 2568 1396 2628 fortasse
1441 2569 1563 2624 lous
1610 2585 1764 2639 aqua
1806 2571 2049 2626 salientis
2075 2574 2142 2626 ad

571 2663 745 2717 vitam
781 2669 1040 2717 arternam
1058 2661 1127 2716 “.
1175 2659 1608 2718 lntroductiones
1649 2678 1778 2732 ergo
1815 2672 1943 2718 sunt
1997 2664 2141 2718 Scri-

572 2767 767 2823 ptum,
791 2769 822 2810 a
846 2756 1044 2825 quibus
1075 2767 1331 2812 accurate
1357 2756 1674 2824 intellectis,
1713 2765 1769 2811 et
1800 2772 1944 2812 nunc
1970 2761 2142 2811 nomi-

575 2847 720 2902 natis
777 2845 898 2902 fons
944 2844 1135 2913 Jacob,
1184 2846 1590 2902 ascendendum
1635 2856 1720 2901 est
1751 2848 1817 2903 ad
1851 2845 2143 2912 Jesum,ut

574 2937 732 2992 nobis
788 2936 1056 3006 largiatur
1116 2935 1320 2992 fontem
1374 2953 1528 3006 aquae
1573 2937 1817 2992 salientis
1871 2937 1939 2991 ad
1975 2939 2139 2992 vitam

571 3038 854 3083 aeternam.
899 3029 1167 3083 Caeterum
1211 3043 1318 3083 non
1371 3029 1626 3083 similiter
1663 3030 1842 3084 omnis
1893 3029 2072 3084 haurit
2108 3043 2140 3083 e

572 3119 724 3173 fonte
770 3115 972 3184 Jacob;
1027 3133 1154 3172 nam
1207 3119 1373 3173 etiam
1415 3117 1460 3172 si
1493 3118 1709 3174 bibebat
1733 3116 1918 3180 Jacob,
1957 3128 2012 3174 et
2041 3117 2136 3172 illii

2243 2039 2338 2094 τοῦ
2375 2039 2511 2093 Θεοῦ
2549 2039 2876 2111 χαρισθέντα
2915 2041 3077 2111 ἡμῖν’
3119 2039 3156 2093 ὃ.
3184 2041 3278 2093 καὶ
3303 2038 3572 2110 λαλοῦμεν
3616 2040 3720 2093 οὐκ
3763 2040 3823 2092 ὲν

2241 2132 2510 2197 διδακτοῖς
2553 2131 2899 2204 ἀνθρωπίνης
2939 2131 3130 2201 σοφίας
3173 2132 3351 2201 λόγοις
3369 2171 3386 2196 ,
3428 2131 3541 2185 ἀλλ’
3581 2131 3644 2185 ἑν
3678 2129 3821 2184 διδα-

2244 2229 2391 2288 κτοῖς
2422 2223 2757 2296 Πνεύματος.
2795 2243 2814 2276 ι
2850 2225 2960 2279 Καὶ
3001 2225 3293 2296 ἐπίστησον
3334 2226 3382 2278 εί
3427 2219 3538 2279 οἶόν
3581 2225 3632 2277 τ’
3671 2223 3820 2278 ἐστὶν

2243 2313 2589 2385 ἀνθρωπίνην
2630 2314 2821 2383 σοφίαν
2862 2313 2936 2385 μὴ
2985 2313 3056 2367 τὰ
3096 2314 3264 2384 ψευδῆ
3321 2313 3507 2368 καλεῖν
3548 2313 3816 2384 δόγματα,

2244 2405 2380 2460 ἀλλὰ
2423 2407 2492 2461 τὰ
2539 2404 2914 2476 στοιχειωτικὰ
2958 2404 3059 2475 τῆς
3098 2404 3376 2476 ἀληθείας,
3427 2405 3524 2458 καὶ
3574 2406 3659 2467 είς
3693 2404 3814 2466 τοὺς

2243 2494 2324 2548 ἔτι
2351 2494 2670 2568 ἀνθρώπους
2697 2494 3021 2565 φθάνοντας·
3053 2493 3123 2548 τὰ
3148 2494 3206 2549 δὲ
3243 2494 3467 2549 διδακτὰ
3497 2494 3813 2564 Πνεύματος

2241 2587 2384 2657 τάχα
2411 2587 2558 2640 ἐστὶν
2584 2587 2619 2658 ἡ
2650 2585 2802 2657 πηγὴ
2843 2585 2939 2638 τοῦ
2984 2586 3279 2657 ἁλλομένου
3323 2585 3513 2650 ὓδατος
3553 2587 3636 2648 εἰς
3672 2583 3813 2654 ζωὴν

2242 2675 2476 2731 αἰώνιον.
2535 2676 2854 2744 Είσαγωγαὶ
2899 2671 2993 2729 οὖν
3045 2677 3182 2729 εἰσιν
3209 2677 3266 2728 αί
3317 2675 3552 2746 Γραφαὶ,
3606 2675 3702 2744 ἀφ’
3740 2667 3813 2727 ὢν

2242 2767 2486 2840 ἀκριϐῶς
2512 2768 2881 2839 νενοημένων,
2915 2766 3012 2821 νῦν
3047 2765 3464 2839 ὀνομαζομένων
3498 2766 3686 2838 πηγῆς
3719 2764 3811 2818 τοῦ

2253 2862 2465 2929 Ἰακὼϐ,
2510 2863 2819 2918 ἀνελθετέον
2874 2862 3011 2934 πρὸς
3044 2862 3135 2916 τὸν
3181 2861 3409 2934 Ἰησοῦν,
3453 2862 3520 2915 ἵν’
3560 2857 3656 2916 οὖν
3685 2861 3812 2931 ἡμῖν

2241 2957 2533 3028 χαρίσηται
2587 2955 2768 3028 πηγὴν
2810 2953 2905 3009 τοῦ
2951 2953 3242 3025 ἁλλομένου
3308 2953 3500 3016 ὓδατος
3541 2954 3623 3016 είς
3671 2951 3810 3021 ζωὴν

2239 3049 2475 3104 αἰώνιον.
2501 3049 2613 3118 Ούχ
2641 3047 2841 3119 ὁμοίως
2871 3047 2930 3100 δὲ
2967 3047 3078 3109 πᾶς
3107 3044 3289 3098 ἀντλεῖ
3331 3044 3439 3098 ἀπὸ
3476 3044 3580 3114 τῆς
3631 3043 3810 3115 πηγῆς

2239 3140 2334 3194 τοῦ
2381 3139 2603 3194 Ἰακώϐ·
2648 3140 2697 3192 εί
2728 3138 2837 3211 γὰρ
2876 3138 3028 3192 ἔπιεν
3087 3135 3280 3191 Ἰακὼϐ
3323 3136 3382 3204 ἐξ
3423 3136 3612 3206 αὐτῆς,
3649 3136 3743 3190 καὶ
3762 3135 3808 3187 al

572 3210 711 3280 ejus,
741 3220 796 3265 et
847 3224 1044 3279 pecora
1079 3211 1197 3281 ejus
1220 3210 1287 3277 “,
1320 3221 1485 3280 atque
1527 3211 1694 3264 etiam
1726 3211 2017 3266 Samaritis
2049 3211 2138 3266 illa

2243 3236 2351 3290 uiol.
2375 3235 2564 3299 αὐτοῦ,
2599 3235 2694 3288 καὶ
2725 3210 3124 3303 τὰγθρέμματα
3161 3229 3349 3294 αὐτοῦ,
3390 3229 3600 3299 διψῶσα
3633 3229 3689 3282 δὲ
3721 3228 3812 3282 καὶ

573 3304 718 3358 venit
749 3302 816 3357 ad
854 3305 1059 3358 fontem
1099 3303 1298 3371 ipsum,
1324 3310 1380 3357 et
1417 3303 1624 3368 haurit,
1656 3302 1782 3357 vide
1807 3318 1874 3357 ne
1901 3303 2058 3358 aliter
2085 3311 2140 3358 et

568 3395 869 3463 prudenter
895 3394 1094 3449 biberit
1122 3391 1295 3448 Jacob
1321 3409 1442 3447 cum
1477 3392 1623 3457 filiis,
1657 3393 1820 3448 aliter
1845 3404 1898 3448 et
1926 3393 2136 3462 simpli-

567 3488 686 3542 cius
717 3501 974 3554 tnoreque
1001 3485 1172 3556 magis
1205 3485 1434 3554 pecuino
1465 3483 1702 3540 biberint
1737 3499 1932 3555 pecora
1973 3484 2091 3553 ejus
2121 3505 2135 3543 :

570 3593 763 3636 rursus
805 3577 1004 3633 biberit
1042 3577 1206 3632 etiam
1253 3577 1415 3631 aliter
1457 3591 1620 3648 quam
1657 3576 1823 3632 Jacob
1863 3587 1918 3630 et
1955 3577 2050 3632 ﬁlii
2085 3589 2138 3632 et

564 3657 768 3741 pecora
795 3669 932 3740 ejus,
968 3669 1258 3724 Samaritis
1290 3667 1401 3725 illa.
1435 3669 1536 3736 Qui
1563 3670 1709 3724 enim
1742 3668 1885 3723 docti
1921 3680 2046 3724 sunt
2081 3668 2135 3723 in

571 3761 891 3832 Scripturis,
927 3761 1116 3815 bibunt
1165 3761 1305 3816 sicut
1337 3758 1506 3816 Jacob
1546 3767 1603 3815 et
1637 3759 1731 3816 ﬁlii
1765 3758 1921 3828 ejus;
1951 3760 2136 3814 rudio-

571 3870 660 3909 res
684 3870 814 3909 vero
840 3863 895 3908 et
921 3853 1300 3924 simpliciores,
1335 3853 1428 3922 qui
1463 3853 1719 3908 dicuntur
1743 3866 1872 3907 oves
1905 3852 2130 3916 Christi,

570 3946 765 4002 bibunt
793 3945 1022 4016 perinde
1074 3954 1238 4013 atque
1269 3959 1400 4001 oves
1427 3942 1636 4012 Iacob;
1669 3953 1782 3998 tum
1817 3943 1983 4014 aliqui
2017 3943 2138 3998 lau-

571 4041 760 4093 dantes
790 4037 1129 4108 Scripturas,
1159 4047 1216 4092 et
1245 4037 1492 4106 quaedam
1549 4037 1944 4092 constituentes
1997 4039 2140 4093 male

2243 3330 2275 3399 ἡ
2315 3328 2642 3398 Σαμαρεῖτις
2682 3325 2956 3396 διέρχεται
2995 3324 3082 3376 ἐπ’
3117 3321 3304 3388 αὑτοῦ,
3341 3321 3437 3375 καὶ
3470 3321 3676 3382 ἀντλεῖ,
3713 3321 3812 3390 μή·

2241 3434 2372 3470 ποτε
2417 3417 2512 3470 καὶ
2539 3415 2714 3479 ἄλλως
2767 3414 2940 3479 έπινε,
2989 3415 3084 3470 καὶ
3135 3412 3512 3484 ἐπιστημόνως
3538 3412 3568 3464 ὁ
3619 3407 3812 3464 Ἰακὼϐ

2243 3509 2338 3563 σὺν
2368 3510 2478 3572 τοῖς
2502 3509 2637 3572 υἱοῖς
2651 3525 2664 3538 ·
2694 3506 2867 3570 ἄλλως
2887 3507 2944 3560 δὲ
2965 3507 3058 3560 καὶ
3084 3505 3468 3576 ἁπλούστερον,
3490 3503 3586 3557 καὶ
3605 3519 3814 3572 κτηνω-

2238 3600 2508 3671 δέστερον,
2549 3597 2644 3652 καὶ
2678 3598 2749 3652 τὰ
2781 3597 3076 3670 θρέμματα
3117 3595 3312 3651 αὐτοῦ’
3351 3594 3525 3658 ἄλλως
3569 3593 3629 3646 δὲ
3663 3592 3812 3663 παρὰ

2239 3691 2330 3745 τὸν
2367 3689 2578 3754 Ἰακὼϐ,
2601 3691 2695 3744 καὶ
2721 3689 2849 3754 τοὺς
2877 3691 3047 3754 υἱοὺς,
3095 3689 3191 3743 καὶ
3218 3686 3288 3742 τὰ
3324 3686 3616 3760 θρέμματα
3645 3682 3810 3738 αὐτοῦ

2240 3785 2274 3854 ἠ
2301 3783 2657 3854 Σαμαρεῖτιςο
2688 3783 2738 3835 oi
2777 3781 2874 3852 μὲν
2915 3781 3024 3852 γὰρ
3055 3779 3196 3834 κατὰ.
3240 3778 3339 3844 τὰς
3386 3777 3611 3849 Γραφὰς
3664 3777 3816 3844 σοφοὶ

2242 3873 2508 3937 πίνουσιν,
2554 3869 2628 3962 ὡς
2667 3874 2696 3926 ὁ
2749 3871 2963 3937 Ἰακὼϐ,
3013 3873 3108 3926 καὶ
3155 3872 3204 3925 oi
3255 3871 3364 3924 υἱοὶ
3415 3868 3620 3924 αὑτοῦ·
3663 3868 3715 3922 οί
3759 3866 3814 3920 δὲ

2243 3959 2619 4037 ἁπλούστεροι,
2647 3965 2739 4020 καὶ
2767 3964 3116 4036 ἀκερέστεροι
3152 3963 3249 4035 (4),
3282 3965 3332 4016 οἱ
3366 3961 3651 4032 λεγόμενοι
3681 3959 3814 4030 πρό-

2241 4055 2382 4109 ϐατα
2414 4053 2673 4126 Χριστοῦ,
2727 4055 2974 4108 πίνουσιν
3019 4055 3096 4118 ὡς
3132 4054 3201 4108 τὰ
3242 4053 3535 4126 θρέμματα
3565 4051 3661 4104 τοῦ
3711 4051 3816 4104 Ἰα-

569 4127 736 4189 dicta.
793 4137 1062 4198 praatextu
1100 4129 1246 4199 quod
1277 4142 1372 4184 eas
1405 4125 1800 4189 intellexerint,
1835 4143 1940 4180 non
1977 4142 2138 4182 secus

2243 4145 2388 4199 κὼϐ·
2416 4125 2548 4199 οίδὲ
2570 4146 3024 4218 παρεκδεχόμενοι
3053 4147 3150 4210 τὰς
3170 4125 3415 4216 Γραφὰς,
3438 4146 3533 4199 καὶ
3554 4143 3732 4215 δύσφη
3741 4141 3818 4212 μά

569 4218 762 4270 bibunt
791 4225 950 4288 atque
987 4217 1204 4272 bibebat
1242 4217 1532 4272 Samaritis
1576 4215 1666 4270 illa
1699 4229 1990 4286 antequam
2021 4231 2138 4271 cre-

2243 4254 2362 4290 τινα
2398 4238 2760 4299 συνιστάντες.
2806 4238 3074 4310 προφάσει
3123 4237 3218 4290 τοῦ
3260 4237 3570 4308 νενοηκέναι
3621 4236 3815 4298 αὑτὰς,

571 4309 728 4363 deret
753 4307 808 4362 in
829 4306 1044 4367 Jesutu.

2243 4329 2488 4382 πίνουσιν
2511 4328 2588 4392 ὡς
2610 4330 2643 4398 ἡ
2681 4329 2788 4401 πρὸ
2814 4306 2906 4383 τοῦ
2929 4306 3228 4384 πιστεῦσαι
3263 4330 3343 4392 είς
3391 4306 3598 4400 ’Ῐησοῦν
3630 4328 3817 4398 Σαμα-

565 4564 574 4571 ⁶
637 4497 692 4550 7.
717 4513 738 4548 ι
767 4495 907 4551 Dicit
927 4497 992 4551 ad
1026 4497 1174 4551 illum
1207 4497 1436 4552 mulier:
1465 4496 1714 4559 Domine,
1747 4496 1814 4548 da
1843 4493 1974 4547 mihi
1994 4493 2139 4548 hanc

2243 4422 2411 4492 ρεῖτις
2435 4418 2604 4471 ἔπινε.

2316 4504 2581 4574 7.(Λέγει
2611 4508 2749 4579 πρὸς
2796 4509 2958 4563 αὑτὸν
3003 4511 3036 4580 ἡ
3085 4511 3256 4581 γυνή·
3353 4509 3548 4581 Κύριε,
3590 4509 3680 4572 δός
3726 4525 3817 4578 μοι

570 4603 790 4661 aquam,
836 4605 904 4644 ne
954 4591 1161 4656 sitiam,
1188 4603 1366 4657 neque
1397 4589 1614 4644 veniam
1644 4587 1754 4642 huc
1781 4589 1849 4642 ad
1876 4585 2137 4641 haurien-

2243 4597 2399 4653 τοῦτο
2430 4573 2684 4670 τόῦδωρ,
2715 4601 2801 4653 ἵνα
2835 4601 2910 4672 μὴ
2936 4573 3110 4671 διψῶί
3127 4573 3261 4674 μηδὲ
3291 4573 3593 4674 διέρχῶμαι
3623 4573 3816 4655 ὲνθᾶδε

567 4683 693 4736 dum
714 4681 781 4735 ".
813 4699 834 4734 ι
863 4680 981 4738 Jam
997 4687 1234 4738 secundo
1251 4683 1510 4754 praedicat
1533 4679 1820 4734 Samaritis
1852 4679 2135 4734 Dominum

2243 4690 2472 4744 ἀντλεῖν.
2515 4710 2534 4743 ι
2564 4692 2699 4763 Ἤδη
2729 4692 2976 4766 δεύτερον
3010 4695 3210 4766 Κύριον
3237 4695 3558 4766 ἀναγορεύει
3586 4693 3678 4746 τὸν
3698 4693 3816 4746 Σω-

571 4774 941 4836 Servatorem,
981 4777 1220 4843 primum
1253 4790 1377 4829 cum
1406 4774 1582 4828 dicit:
1615 4788 1635 4821 ι
1665 4769 1914 4835 Domine,
1965 4785 2137 4840 neque

2243 4781 2383 4852 τῆρα
2421 4783 2453 4852 ή
2488 4783 2847 4854 Σαμαρεῖτις
2883 4785 3147 4856 πρότερον
3183 4785 3281 4855 μὲν
3313 4787 3403 4838 ὅτε
3447 4786 3610 4856 φησί·
3651 4803 3672 4838 ι
3713 4784 3821 4837 K6-

565 4863 902 4921 baustorium
937 4864 1124 4932 babes,
1156 4875 1214 4920 et
1241 4877 1437 4934 puteus
1464 4863 1604 4917 altus
1647 4860 1836 4926 est”;
1871 4880 1890 4913 ι
1921 4865 2137 4929 quando

2243 4889 2344 4943 ριε,
2375 4872 2498 4926 οὔτε
2528 4873 2774 4945 ἄντλημα
2806 4876 2969 4946 ἔχεις,
3000 4878 3093 4931 καὶ
3131 4877 3192 4931 τὸ
3220 4878 3396 4950 φρέαρ
3435 4879 3550 4933 ἐστὶ
3580 4878 3718 4948 βαθύ
3737 4895 3752 4909 ·
3793 4898 3813 4930 ι

567 4958 731 5011 etiam
778 4955 1102 5027 interrogat,
1141 4959 1284 5011 unde
1337 4956 1536 5010 habeat
1588 4968 1783 5021 aquam
1836 4954 2037 5018 vivam,
2083 4970 2138 5010 et

569 5062 699 5099 num
748 5045 922 5116 major
963 5049 1036 5100 sit
1080 5043 1272 5108 Jacob,
1321 5045 1413 5111 qui
1459 5043 1756 5112 putabatur
1810 5056 1935 5096 esse
1983 5055 2138 5112 pater

569 5137 684 5202 ejus
709 5145 798 5192 :et
821 5151 963 5189 nunc
983 5137 1171 5199 etiam,
1196 5135 1414 5203 quando
1437 5133 1570 5198 petit
1593 5147 1791 5200 aquam
1817 5131 1986 5197 illam,
2017 5150 2138 5203 qua:

568 5229 620 5280 in
653 5227 871 5282 bibente
894 5226 954 5278 iit
976 5224 1098 5279 fons
1121 5239 1276 5294 aquae
1301 5222 1550 5278 salientis
1575 5224 1640 5277 ad
1664 5224 1829 5275 vitam
1851 5233 2133 5291 aeternam,

2237 4964 2326 5017 ὅτε
2357 4966 2450 5020 καὶ
2473 4966 2723 5020 ἐπιποθεί
2747 4968 2822 5038 (5)
2845 4968 3006 5023 πόθεν
3035 4967 3148 5038 ἔχει
3187 4970 3244 5023 τὸ
3276 4970 3385 5034 ζῶν
3426 4970 3593 5044 ὕδωρ,
3637 4971 3732 5025 καὶ
3764 4972 3817 5024 εί

2243 5055 2444 5124 μείζων
2471 5059 2554 5128 είη
2595 5057 2686 5110 τοῦ
2731 5058 3086 5130 νομιζομένου
3127 5061 3331 5132 πατρὸς
3357 5063 3527 5133 αὐτῆς
3583 5061 3812 5116 Ἰακώϐ’

2240 5142 2334 5197 νῦν
2361 5145 2416 5199 δὲ
2444 5147 2532 5200 ὅτε
2560 5148 2653 5202 καὶ
2673 5151 2845 5202 αἰτεῖν
2871 5149 2980 5204 ἀπὸ
3007 5151 3100 5203 τοῦ
3145 5152 3356 5216 ὓδατος,
3388 5153 3483 5206 τοῦ
3523 5153 3816 5224 γινομένου

2241 5235 2424 5307 πηγῆς
2449 5239 2506 5291 ὲν
2531 5237 2608 5308 τῷ
2628 5239 2834 5294 πίνοντι
2861 5240 3051 5305 ὓδατος
3073 5243 3364 5314 ἁλλομένου
3397 5245 3477 5308 εἰς
3511 5243 3653 5316 ζωὴν
3679 5242 3816 5298 αίώ-

635 5387 681 5474 ⁸3
701 5386 861 5440 Εοεη-
882 5403 965 5474 ιιιι
988 5387 1088 5474 ,εει
1109 5386 1483 5474 ..Ἥρωειὼ
1511 5383 1567 5474 ᾖ
1711 5382 1866 5474 Jahrh
1891 5401 2006 5474 κει»
2021 5392 2125 5474 ἓξλ,

2243 5395 2430 5474 λιῦοτ.
2452 5401 2586 5466 ιι,9.
2663 5401 2706 5432 ⁸⁷
2736 5401 2868 5457 ibid.
2943 5404 2990 5436 "'
3018 5405 3147 5460 ibid.
3226 5405 3272 5438 "
3305 5406 3436 5461 ibid.
3487 5407 3690 5474 12,13,
3723 5408 3816 5466 16.

565 5457 610 5490 ⁶⁰
643 5455 802 5512 Joan.
837 5471 910 5520 Iv,
943 5459 1028 5511 Η.
1109 5457 1152 5487 ⁶¹
1188 5453 1316 5508 ibit}.
1361 5453 1444 5506 12.
1522 5454 1567 5484 ⁶¹
1590 5453 1716 5507 ibid.
1743 5455 1826 5509 i5.

639 5547 717 5615 (ι)
752 5546 1166 5616 ’Δκερέστεροι.
1213 5547 1413 5602 Notent
1463 5549 1800 5615 grammatici
1853 5551 1994 5608 hanc
2035 5572 2131 5612 vo-

567 5631 707 5679 cem,
734 5620 888 5690 quasi
921 5619 1246 5690 ιιιιίάκερής,
1289 5619 1395 5690 nisi
1425 5616 1654 5690 fortasse
1689 5619 1778 5690 ille
1815 5620 1966 5676 locus
2007 5641 2127 5680 cor-

568 5693 755 5755 ruptus
787 5686 876 5752 sit,
903 5697 958 5740 et
1003 5686 1287 5758 legendum
1337 5689 1410 5742 sit
1442 5686 1696 5743 fortasse.
1725 5689 2124 5768 ἀκεραιότεροι.

1947 5459 1993 5490 ⁸³
2019 5462 2147 5520 ibid.
2191 5469 2276 5524 li.

2236 5562 2840 5636 veltt'zxpatcpvéaﬁpm.
2879 5566 3138 5623 Hunnus.

2307 5633 2384 5709 (5)
2447 5633 2509 5690 Ἰιι
2552 5633 2815 5709 ἰιιιιι-εἱίιιο
2880 5639 3087 5692 codicis
3149 5638 3426 5695 Bodleianl
3480 5639 3677 5709 legitur
3729 5639 3814 5694 ἔτι

2239 5704 2400 5771 αἰτεῖ,
2439 5721 2598 5776 quam
2626 5704 2916 5762 lectionem
2947 5720 3164 5764 secutus
3187 5721 3269 5766 est
3295 5704 3597 5765 Ferrarius.
