4170 6454
459 281 572 339 609

1524 289 1882 349 COMMEN‘I'.
1920 292 1988 347 IN
2023 289 2213 350 JOAN.
2257 291 2496 349 TOMUS
2532 289 2673 345 XIII.

3604 298 3710 354 410

459 418 611 457 11:011'
641 404 736 459 καὶ
791 401 947 476 εἴπερ
983 406 1179 477 ἀληθὲς
1217 406 1312 460 τό·
1349 426 1367 459 ι
1407 407 1480 460 Σὺ
1516 408 1581 462 ἂν
1619 408 1827 479 ᾔτησας
1857 409 2030 474 αὑτὸν,

2143 422 2199 467 et
2225 411 2273 467 si
2307 410 2528 481 quidem
2563 423 2751 465 verum
2792 419 2876 466 est
2916 410 3081 467 illud:
3114 432 3134 466 ι
3157 411 3235 469 Τιι
3266 413 3494 470 forsitan
3523 418 3713 485 petiis-

462 495 561 549 καὶ
598 494 798 550 ἔδωκεν
819 497 885 551 ἄν
913 515 994 551 σοι
1016 497 1157 569 ὓδωρ
1194 497 1324 562 ζῶν,
1366 517 1385 549 1
1416 498 1597 568 δῆλον,
1635 499 1738 567 ὅτι,
1775 501 2033 555 εἰποῦσα·

469 602 489 635 ι
527 585 627 649 Δός
654 604 744 657 μοι
771 587 933 640 τοῦτο
948 587 1010 640 τὸ
1038 587 1201 658 ὕδωρ,
1247 607 1265 639 1
1308 587 1467 642 ἔλαϐε
1500 589 1561 642 16
1594 588 1704 653 ζῶν
1748 590 1913 661 ὓδωρ,
1950 591 2038 645 ἵνα

468 678 665 747 μηκέτι
691 678 870 749 ἀπορῇ
892 678 1120 749 διψῶσα,
1154 678 1288 749 μηδὲ
1311 679 1587 751 διέρχηται
1618 682 1709 735 ἐπὶ
1729 683 1828 753 τὴν
1858 684 2039 756 πηγὴν

463 765 560 820 τοῦ
601 765 812 830 Ἰακὼϐ,
855 767 944 822 διὰ
977 768 1038 821 16
1077 768 1304 835 ἀντλεῖν,
1347 770 1483 823 ἀλλὰ
1517 771 1685 843 χωρὶς
1720 771 1816 824 τοῦ
1848 772 2040 836 ὕδατος

461 856 559 911 τοῦ
613 856 805 913 Ἰακὼό
846 858 1119 932 θεωρῆσαι
1155 861 1255 932 τὴν
1295 860 1552 931 ἀλήθειαν
1599 863 1906 931 ἀγγελικῶς
1944 864 2038 919 καὶ

462 949 606 1020 ὑπὲρ
661 949 943 1021 ἄνθρωπον
995 951 1193 1021 δυνηθῇ
1240 951 1336 1021 (6).
1390 953 1525 1005 Οὑδὲ
1570 953 1677 1025 γὰρ
1723 956 1770 1007 οί
1819 953 2037 1030 ἄγγελοι

458 1040 671 1095 δέονται
710 1042 811 1112 τῆς
854 1041 947 1094 τοῦ
1013 1041 1207 1095 Ἰακὼϐ
1250 1045 1453 1115 πηγῆς,
1506 1045 1594 1100 ἵνα
1650 1047 1869 1109 πίωσιν,
1918 1046 2036 1101 ἀλλ’

461 1130 692 1196 ἕκαστος
730 1133 787 1185 ἐν
823 1131 1001 1204 ἑαυτῷ
1034 1133 1146 1204 ἔχει
1181 1135 1360 1205 πηγὴν
1403 1136 1594 1200 ὓδατος
1630 1137 1924 1208 ἁλλομένου
1957 1141 2038 1203 είς

462 1219 611 1290 ζωὴν
637 1219 852 1274 αἰώνιον
884 1222 1276 1294 γεγενημένην,
1311 1224 1405 1278 καὶ
1432 1225 1903 1294 ἀποκαλυφθεῖσαν
1928 1227 2036 1281 ἀπό

459 1310 626 1363 αὑτοῦ
663 1310 757 1364 τοῦ
794 1313 993 1380 Λόγου,
1028 1314 1121 1366 καὶ
1144 1314 1313 1383 αὑτῆς
1335 1315 1437 1384 τῆς
1470 1316 1682 1384 σοφίας.
1711 1318 1785 1370 Οὑ
1814 1317 2035 1371 δυνατὸν

461 1399 714 1469 μέντοιγε
738 1399 799 1453 τὸ
820 1400 1005 1470 ἕτερον
1032 1402 1184 1472 παρά
1204 1403 1264 1455 τὸ
1288 1404 1351 1455 ἑκ
1371 1404 1469 1473 τῆς
1499 1406 1680 1474 πηγῆς
1703 1404 1797 1458 τοῦ
1838 1406 2034 1459 Ἰακὼὸ

459 1491 606 1562 ὕδωρ
645 1494 891 1563 χωρῆσαι
923 1493 985 1546 τὸ
1010 1493 1114 1547 ὑπό
1143 1493 1236 1547 τοῦ
1276 1496 1448 1562 Λόγου
1487 1494 1782 1567 διδόμενον,
1813 1499 1885 1569 μὴ
1906 1494 2035 1551 αὲπιέ-

463 1584 764 1654 μελέστατα
788 1584 1153 1655 ἀσχοληθέντα
1183 1586 1248 1639 ἐκ
1274 1586 1367 1639 τοῦ
1394 1586 1571 1656 διψᾷν,
1602 1589 1730 1658 περὶ
1767 1587 1862 1641 106
1888 1588 2033 1660 διέρ-

459 1675 649 1745 χεσθαι
710 1676 784 1748 (7)
844 1675 938 1729 καὶ
989 1676 1199 1729 ἀντλεῖν
1265 1677 1549 1742 ἐντεῦθεν,
1618 1679 1693 1742 ὼς
1756 1679 1848 1733 τὸν
1894 1679 2036 1734 κατά

456 1768 619 1821 10610
651 1769 822 1823 πολλά
852 1767 1057 1821 ένδεινα
1091 1766 1166 1837 (8)
1205 1770 1318 1831 τοῖς
1363 1768 1577 1831 πολλοῖς
1625 1769 1700 1832 ὡς
1754 1770 2031 1823 ὲπιπλεῖον

456 1860 990 1930 ἐγγεγυμνασμένους
1030 1857 1109 1928 τῷ
1151 1859 1361 1913 ἀντλεῖν
1410 1858 1517 1912 ἀπὸ
1550 1860 1648 1930 τῆς
1691 1860 1785 1914 τοῦ
1838 1860 2030 1916 Ἰακὼὸ

458 1952 663 2024 πηγῆς.

526 2042 581 2096 8.
622 2060 641 2092 ι
672 2042 837 2110 Λέγει
860 2042 997 2112 αὐτῇ
1016 2059 1030 2072 ⁸
1066 2042 1305 2109 ’Υπαγε,
1335 2041 1583 2113 φώνησόν
1611 2061 1703 2096 σου
1731 2044 1821 2097 τὸν
1841 2044 2027 2115 ἄνδρα,

454 2133 552 2187 καὶ
583 2132 708 2186 ἐλθὲ
736 2131 941 2187 ἐνθάδε.
992 2133 1286 2204 Ἀπεκρίθη
1313 2136 1346 2203 ἡ
1374 2134 1533 2205 γυνὴ,
1564 2136 1658 2188 καὶ
1688 2131 1874 2187 εἷπενο
1915 2136 2030 2188 Οὐκ

457 2221 568 2292 ἔχω
612 2221 796 2292 ἄνδρα.
855 2241 874 2273 1
938 2222 1225 2292 Ἐλέγομεν
1263 2221 1356 2274 καὶ
1391 2223 1447 2275 ὲν
1479 2225 1591 2285 τοῖς
1638 2222 1892 2294 ἀνωτέρω
1939 2224 2029 2277 τὸν

457 2314 695 2386 ἄρχοντα
720 2314 820 2383 τῆς
842 2314 1020 2384 ψυχῆς
1049 2315 1233 2385 νόμον,
1262 2308 1306 2382 ᾧ
1337 2314 1566 2377 ἕκαστος
1596 2315 1858 2381 ὑπέταξεν
1899 2317 2027 2369 ἑαυ-

454 2406 567 2469 τὸν,
598 2405 785 2460 τοῦτον
809 2401 947 2459 εἶναι
974 2405 1066 2458 τὸν
1098 2405 1287 2476 ἄνδρα.
1308 2402 1424 2457 Νῦν
1450 2404 1506 2457 δὲ
1541 2406 1632 2457 καὶ
1654 2404 1748 2458 τοῦ
1776 2405 2030 2459 ’Λποστό-

454 2499 549 2551 λου
597 2498 662 2551 ὲκ
697 2498 797 2567 τῆς
859 2496 995 2568 πρὸς
1050 2496 1353 2567 Ῥωμαίους
1385 2495 1703 2567 Ἐπιστολῆς
1735 2498 1815 2560 εἰς
1864 2495 2025 2549 τοῦτο

458 2587 758 2660 μαρτύριον
832 2585 1295 2659 παραθησόμεθα,
1363 2585 1611 2654 λέγοντος
1683 2585 1793 2655 (9)°
1859 2605 1880 2637 ι
1943 2587 2019 2640 Ἣ

454 2681 722 2748 ἀγνοεῖτε,
774 2678 1012 2746 ἀδελφοὶ,
1058 2676 1421 2747 (γινώσκουσι
1482 2677 1591 2748 γὰρ
1646 2677 1807 2746 νόμον
1847 2676 2026 2748 λαλῶ)

454 2771 537 2825 ὅτι
569 2772 597 2822 6
621 2770 784 2840 νόμος
815 2767 1057 2841 κυριεύει
1103 2769 1196 2821 106
1243 2767 1532 2839 ἀνθρώπου
1564 2770 1648 2837 ἐφ’
1677 2768 1800 2821 ὅσον
1837 2768 2027 2838 χρόνον

455 2860 555 2933 ζῇς
592 2879 610 2913 1
633 2860 729 2925 Τίς
755 2861 811 2914 δὲ
840 2862 940 2931 ζῇς
981 2859 1113 2912 Ἀπὸ
1137 2858 1315 2913 κοινοῦ
1340 2858 1721 2929 λαμϐανόντων
1752 2858 1908 2930 ἡμῶν
1936 2859 2026 2913 τὸν

456 2952 638 3024 νόμον,
656 2952 686 3004 ὁ
702 2952 882 3022 νόμος.
903 2947 1014 3004 Εἶτ’
1034 2950 1234 3015 εὐθέως
1263 2952 1425 3022 φησίν
1443 2969 1456 2981 ·
1470 2970 1489 3003 ι
1511 2952 1574 3004 Ἦ
1593 2949 1858 3021 ὕπανδρος
1878 2950 2014 3021 γυνὴ

2143 514 2236 556 ses
2269 501 2337 555 ab
2372 515 2459 565 eo,
2494 511 2549 555 et
2595 499 2838 554 dedisset
2876 500 2974 555 tibi
3011 515 3204 571 aquam
3233 502 3409 557 vivam
3434 503 3501 570 “,
3531 523 3550 557 1
3586 521 3713 575 per-

2140 594 2387 662 spicuum
2460 601 2576 659 est,
2618 607 2684 648 eo
2730 593 2875 661 quod
2925 592 3127 648 dixerit
3162 612 3176 649 :
3210 612 3230 646 ι
3257 594 3333 650 Da
3392 595 3522 651 mihi
3568 598 3709 651 hanc

2140 697 2360 754 aquam,
2383 702 2402 735 1
2437 684 2714 752 accepisse
2745 684 3012 737 viventem
3065 698 3285 753 aquam,
3317 701 3386 741 ne
3430 687 3483 740 in
3527 698 3710 755 poste-

2140 792 2261 831 rum
2294 787 2480 845 egeret
2518 777 2732 839 sitiens,
2769 790 2945 845 neque
2976 779 3192 833 veniret
3220 779 3285 833 ad
3310 779 3514 835 fontem
3539 778 3709 835 Jacob

2140 865 2422 920 hauriendi
2456 881 2646 932 causa,
2680 866 2774 921 sed
2809 877 2988 935 posset
3034 868 3154 921 sine
3181 884 3319 937 aqua
3347 867 3517 925 Jacob
3548 886 3710 941 ange-

2140 956 2243 1011 lice
2272 957 2457 1012 videre
2498 958 2786 1012 veritatem
2815 972 2982 1027 supra
3019 960 3292 1014 hominem
3319 963 3705 1017 exsistentem:

2139 1062 2264 1102 nam
2290 1062 2468 1119 neque
2500 1048 2675 1118 angeli
2705 1057 2865 1118 egent
2889 1048 3040 1104 fonte
3071 1048 3241 1104 Jacob
3279 1063 3336 1105 ut
3371 1050 3584 1118 bibant,
3611 1054 3708 1108 sed

2137 1140 2519 1209 unusquisque
2543 1142 2781 1208 ipsorum
2807 1141 2860 1194 in
2895 1143 3074 1211 selpso
3097 1140 3302 1197 fontem
3350 1144 3517 1199 habet
3551 1160 3708 1213 aqua:
3784 1174 3814 1209 -:

2139 1227 2387 1282 salientis
2427 1229 2492 1280 ad
2527 1230 2695 1282 vitam
2726 1239 3010 1296 mternam,
3036 1233 3304 1289 orientem
3340 1250 3406 1288 ac
3433 1241 3704 1289 retectum

2137 1318 2205 1369 ab
2249 1318 2363 1386 ipso
2407 1317 2671 1372 Sermone
2715 1319 2807 1373 Dei
2851 1319 3011 1384 Filio,
3054 1330 3216 1391 atque
3256 1323 3524 1392 sapientia
3563 1322 3701 1391 ipsa.

2137 1406 2321 1477 Neque
2362 1410 2507 1463 enim
2560 1410 2714 1464 facile
2754 1412 2895 1467 factu
2929 1422 3013 1467 est
3037 1422 3093 1466 nt
3127 1429 3325 1481 aquam
3354 1431 3474 1484 quae
3502 1432 3531 1470 a
3560 1415 3699 1472 Filio

2138 1498 2229 1552 Dei
2278 1500 2457 1564 datur,
2512 1501 2784 1556 diversam
2831 1505 3185 1558 exsistentem
3225 1505 3292 1560 ab
3343 1522 3479 1576 aqua
3536 1508 3704 1563 fontis

2133 1587 2301 1643 Jacob
2346 1591 2577 1658 accipiat
2624 1592 2844 1662 aliquis,
2892 1594 2986 1662 qui
3041 1608 3101 1649 se
3149 1612 3255 1650 non
3286 1597 3704 1666 diligentissime

2136 1679 2441 1733 exercuerit
2475 1681 2761 1745 veniendo,
2802 1689 2857 1736 et
2900 1683 3028 1736 inde
3081 1683 3407 1747 hauriendo,
3448 1699 3515 1738 eo
3559 1687 3702 1752 quod

2133 1768 2314 1836 sitiat;
2361 1771 2527 1841 218
2588 1772 2811 1841 perinde
2869 1783 3032 1843 atque
3097 1775 3187 1829 ille
3236 1776 3328 1843 qui
3378 1779 3511 1844 petit
3564 1777 3706 1831 hanc

2133 1874 2327 1931 aquam
2352 1861 2665 1932 frequenter
2694 1865 2830 1918 inter
2858 1865 3055 1919 multos
3090 1881 3313 1935 magnos
3342 1868 3612 1932 homines,
3642 1877 3703 1921 ιιι

2133 1953 2223 2021 qui
2244 1950 2445 2003 diutius
2472 1951 2697 2005 exerciti
2721 1950 2926 2006 iuerint
2946 1954 3246 2008 hauriendo
3268 1969 3300 2008 e
3338 1953 3484 2010 fonte
3511 1954 3699 2010 Jacob.

2202 2041 2257 2095 8.
2301 2059 2321 2092 ι
2351 2040 2490 2096 Dicit
2519 2042 2590 2095 illi
2623 2061 2636 2096 :
2666 2040 2835 2106 Vade,
2876 2036 3008 2097 voca
3046 2046 3216 2097 virum
3273 2054 3447 2107 tttutn,
3496 2056 3549 2100 et
3579 2049 3703 2101 veni

2132 2131 2255 2186 huc.
2308 2132 2605 2199 Respondit
2658 2133 2870 2201 mulier,
2918 2146 2975 2188 et
3022 2135 3204 2188 dixit:
3240 2134 3354 2190 Non
3408 2137 3582 2190 habeo
3630 2139 3704 2191 vi-

2130 2235 2250 2273 rum
2268 2220 2365 2274 “.1
2402 2220 2645 2275 Diximus
2675 2221 2836 2276 etiam
2868 2223 2922 2276 in
2950 2225 3322 2292 superioribus
3354 2226 3499 2282 hunc
3528 2228 3700 2282 virum

2130 2325 2252 2365 esse
2289 2310 2483 2381 legem,
2523 2327 2642 2380 qua:
2686 2313 2938 2383 princeps
2993 2316 3066 2369 sit
3112 2317 3329 2381 animae,
3366 2316 3513 2389 [nam
3542 2319 3706 2374 habet

2131 2401 2501 2470 unusquisque
2545 2402 2796 2457 instituta
2825 2406 3095 2473 quaedam,
3120 2422 3185 2461 ac
3230 2422 3429 2473 mores,
3458 2410 3557 2462 sub
3581 2411 3704 2479 qui-

2129 2491 2235 2546 bus
2265 2501 2524 2562 tanquam
2564 2493 2667 2547 sub
2710 2493 2827 2563 lege
2877 2496 3057 2568 vivit.]
3091 2498 3177 2551 cui
3207 2499 3577 2568 unusquisque
3619 2515 3705 2554 se-

2130 2579 2304 2648 ipsum
2339 2582 2655 2653 subiecerit.
2683 2584 2834 2640 Nunc
2861 2601 2991 2641 vero
3021 2589 3184 2642 etiam
3210 2587 3337 2643 illud
3361 2589 3604 2658 Apostoli
3635 2606 3700 2644 ex

2139 2672 2382 2741 Epistola
2417 2675 2485 2727 ad
2516 2674 2796 2731 Romanos
2851 2678 2917 2731 ad
2969 2677 3113 2733 hanc
3166 2694 3278 2732 rem
3334 2680 3701 2733 testimonium

2129 2765 2501 2834 adducemus,
2567 2768 2798 2824 dicentis
2862 2784 2878 2823 :
2942 2769 3067 2822 «An
3149 2769 3450 2838 ignoratis,
3506 2769 3704 2825 fratres

2129 2856 2449 2924 (scientibus
2478 2858 2623 2912 enim
2655 2858 2823 2927 legem
2859 2860 3098 2930 loquor),
3130 2862 3273 2930 quod
3306 2859 3393 2914 lex
3436 2860 3705 2928 tantisper

2128 2947 2439 3002 dominatur
2471 2950 2698 3017 homini,
2742 2952 2917 3019 quoad
2972 2951 3317 3006 vixerit°°i1
3358 2950 3564 3005 Vixerit
3601 2967 3701 3004 au-

463 3041 531 3113 τῷ
559 3041 721 3107 ζῶντι
748 3042 902 3113 ἀνδρὶ
930 3041 1136 3095 δέδεται
1170 3040 1353 3113 νόμῳο
1395 3059 1414 3092 1
1445 3042 1520 3105 ὡς
1547 3044 1594 3095 εἰ
1625 3041 1800 3111 ἔλεγε,
1848 3042 2020 3098 Ζῶντι

2133 3045 2234 3091 tem
2273 3038 2436 3107 quis?
2473 3039 2675 3110 Nempe
2727 3041 2841 3105 lex,
2867 3043 3233 3096 communiter
3283 3041 3704 3108 intelligentibus

456 3132 626 3204 ἀνδρὶ,
653 3134 800 3194 ὅστις
827 3131 966 3202 ἀνὴρ
982 3132 1143 3202 νόμος
1160 3132 1322 3184 ἐστίν.
1349 3128 1480 3186 Εἶτα
1493 3132 1656 3185 πάλιν
1679 3131 1888 3202 φησίν-ι
1906 3132 2029 3187 Ἐὰν

456 3225 511 3280 δὲ
527 3223 772 3296 ἀποθάνῃ
796 3225 824 3276 6
842 3222 1000 3293 ἀνὴρ,
1025 3224 1365 3295 κατήργηται
1387 3224 1494 3276 ἀπὸ
1515 3222 1610 3277 106
1628 3223 1792 3294 νόμου
1807 3222 1902 3276 τοῦ
1933 3224 2029 3278 ἀν-

456 3315 577 3387 δρός
595 3332 609 3344 ·
636 3334 655 3365 1
685 3313 843 3366 οἱονεὶ
854 3312 990 3382 γυνὴ
1001 3316 1342 3384 κατήργηται
1358 3312 1717 3376 ἀποθανόντος
1730 3310 1825 3366 106
1840 3312 2024 3384 νόμου,

456 3407 551 3461 καὶ
577 3405 759 3459 οὐκέτι
776 3403 846 3458 τὰ
859 3404 956 3474 τῆς
971 3405 1226 3472 γυναικὸς
1244 3404 1319 3468 ὼς
1334 3404 1469 3476 πρὸς
1492 3405 1660 3475 ἄνδρα
1678 3401 2030 3477 ὲνεργεῖ·εἷτα

456 3493 600 3561 λέγει
618 3510 662 3544 ⁸(
679 3494 822 3566 Ἀρα
849 3488 941 3546 οὖν
969 3492 1168 3556 ζῶντος
1197 3492 1292 3546 106
1315 3494 1506 3565 ἀνδρὸς
1539 3495 1785 3566 μοιχαλὶς
1814 3513 2030 3568 χρημα-

462 3585 613 3647 τίσει,
646 3583 740 3637 ἐὰν
782 3582 1004 3654 γένηται
1036 3582 1188 3653 ἀνδρὶ
1231 3583 1434 3654 ἑτέρῳο
1487 3585 1582 3638 ἐὰν
1620 3586 1677 3638 δὲ
1717 3586 1964 3659 ἀποθάνῃ
1998 3590 2028 3641 6

457 3674 613 3746 ἀνὴρ,
641 3674 899 3745 ἐλευθέρα
939 3675 1085 3728 ἐστὶν
1129 3672 1238 3727 ἀπὸ
1278 3675 1372 3727 106
1418 3675 1605 3744 νόμου,
1653 3675 1746 3729 106
1781 3676 1854 3748 μὴ
1889 3672 2027 3730 εῖναι

456 3765 624 3836 αὑτὴν
656 3765 955 3836 μοιχαλίδα,
985 3765 1280 3837 γενομένην
1300 3765 1453 3837 ἀνδρὶ
1467 3767 1653 3837 ἑτέρῳ.
1689 3785 1706 3817 1
1759 3766 2021 3823 Ἀπέθανε

456 3856 557 3910 δὲὸ
596 3857 758 3927 νόμος
788 3856 928 3910 κατὰ
956 3856 1017 3910 τὸ
1049 3857 1303 3927 γράμμα,
1354 3856 1450 3909 καὶ
1482 3857 1580 3910 οὐκ
1617 3855 1761 3909 ἔστιν
1793 3858 1827 3927 ἡ
1877 3856 2022 3928 ψυχὴ

459 3946 705 4018 μοιχαλὶς
732 3945 996 4017 γενομένη
1023 3946 1175 4016 ἀνδρ)⁵
1208 3946 1398 4017 ἑτέρῳ,
1445 3945 1522 4016 τῷ
1567 3946 1735 4016 νόμῳ,
1765 3946 1841 4016 τῷ
1885 3946 2028 4000 κατὰ

458 4038 518 4090 τὸ
549 4037 791 4108 πνεῦμα·
845 4038 1205 4100 ἀποθανόντος
1246 4038 1301 4091 δὲ
1342 4037 1436 4091 106
1469 4037 1659 4109 ἀνδρὸς
1694 4041 1759 4109 τῇ
1787 4039 2025 4106 γυναικὶ,

458 4125 884 4197 ἀποτεθνηκέναι
914 4126 1029 4189 πῶς
1063 4126 1129 4179 ἂν
1156 4125 1365 4194 λέγοιτο
1402 4127 1495 4180 καὶ
1522 4129 1555 4197 ἡ
1584 4125 1721 4198 γυνὴ
1750 4127 1827 4198 τῷ
1852 4129 2025 4201 ἀνδρὶ,

458 4218 597 4270 ὥστε
625 4217 795 4281 οὕτως
825 4219 971 4289 ἡμᾶς
1000 4216 1362 4287 ἐκλαμϐάνειν
1400 4217 1491 4271 τό·
1528 4237 1546 4268 ι
1587 4219 1770 4283 Ὥστε,
1810 4218 2027 4288 ἀδελφοί

460 4327 581 4381 μου,
606 4312 699 4363 καὶ
726 4311 882 4381 ὑμεῖς
902 4309 1272 4381 ἐθανατώθητε
1303 4311 1381 4381 τῷ
1402 4310 1549 4380 νόμῳ
1587 4309 1676 4363 διὰ
1711 4310 1805 4362 τοῦ
1846 4309 2030 4380 σώμα-

2131 3127 2290 3182 nobis
2319 3129 2510 3196 legem.
2548 3129 2738 3184 Postea
2767 3132 2950 3184 statim
2987 3132 3103 3186 ait:
3135 3149 3152 3181 ι
3182 3131 3316 3183 Nam
3371 3131 3563 3184 mulier
3603 3132 3700 3185 ob-

2132 3221 2291 3274 noxia
2324 3221 2460 3286 viro,
2488 3221 2695 3276 viventi
2728 3221 2846 3276 viro
2874 3221 3111 3291 obligata
3170 3233 3255 3278 est
3303 3224 3403 3293 legi
3430 3224 3496 3289 ⁸⁷,
3518 3243 3538 3276 1
3578 3234 3703 3276 tan-

2130 3325 2293 3380 quam
2323 3311 2369 3366 si
2400 3312 2630 3378 diceret,
2660 3312 2863 3368 viventi
2896 3314 3042 3378 viro,
3072 3314 3162 3382 qui
3197 3313 3279 3365 vir
3305 3323 3391 3367 est
3434 3313 3541 3366 lex.
3578 3313 3700 3367 Mox

2131 3417 2349 3457 rursum
2380 3403 2557 3473 inquit
2583 3421 2596 3458 :
2640 3424 2658 3455 ι
2679 3404 2835 3471 Quod
2869 3406 2914 3460 sl
2951 3417 3199 3460 mortuus
3230 3404 3395 3458 fuerit
3423 3405 3530 3468 vir,
3559 3405 3699 3459 libe-

2129 3501 2249 3547 rata
2297 3500 2381 3547 est
2421 3508 2451 3548 a
2486 3493 2602 3563 lege
2623 3495 2824 3549 viri“:
2860 3513 2879 3545 1
2914 3494 3078 3547 veluti
3117 3494 3340 3548 liberata
3377 3503 3460 3547 est
3506 3494 3701 3548 mulier

2130 3594 2162 3634 a
2192 3580 2311 3651 lege
2357 3590 2594 3649 mortua,
2644 3598 2744 3637 nec
2786 3585 3018 3652 amplius
3067 3599 3234 3652 opera
3288 3583 3528 3637 mulieris
3570 3599 3698 3649 erga

2128 3671 2304 3725 virum
2353 3683 2595 3730 exercet.
2624 3673 2829 3727 Deinde
2871 3672 3046 3741 inquit
3089 3689 3104 3726 :
3155 3672 3428 3725 «Proinde
3484 3672 3700 3725 vivente

2129 3759 2267 3825 viro,
2297 3759 2541 3815 adultera
2569 3762 2873 3826 vocabitur,
2903 3762 2946 3815 si
2991 3776 3051 3815 se
3091 3760 3333 3828 iunxerit
3353 3761 3509 3814 alteri
3540 3762 3696 3822 viro;

2128 3850 2214 3904 sin
2245 3860 2424 3906 autem
2454 3862 2698 3908 mortuus
2721 3853 3005 3917 fueritvir,
3036 3853 3206 3907 libera
3249 3862 3332 3907 est
3365 3869 3394 3907 a
3420 3852 3536 3922 lege
3570 3854 3695 3918 viri,

2129 3951 2188 3996 ιιι
2229 3958 2335 3997 ηοη
2365 3946 2439 3997 sit
2459 3945 2734 4010 adultera,
2766 3947 2808 4000 si
2839 3946 3025 4015 juncta
3070 3947 3233 3999 fuerit
3258 3944 3411 3999 alteri
3448 3945 3565 3998 viro
3586 3944 3650 4003 ".
3673 3962 3692 3997 1

2131 4030 2277 4105 [(10)
2316 4033 2427 4087 Lex
2475 4043 2655 4089 autem
2686 4035 2980 4089 secundum
3038 4036 3276 4090 litteram
3334 4044 3544 4088 mortua
3591 4042 3699 4097 est,

2129 4140 2305 4194 neque
2346 4124 2459 4193 jam
2511 4125 2724 4180 adulter
2773 4137 2859 4182 est
2907 4127 3143 4193 animus,
3176 4126 3222 4181 si
3271 4125 3491 4194 junctus
3538 4124 3701 4178 fuerit

2129 4218 2281 4271 alteri
2299 4216 2451 4289 viro]
2470 4218 2722 4273 nimirum
2745 4220 2792 4274 ei
2820 4219 2946 4290 legi,
2971 4235 3091 4289 qua:
3110 4231 3195 4273 est
3218 4234 3282 4272 ex
3307 4218 3528 4287 spiritu:
3551 4232 3668 4271 mor
3686 4250 3698 4260 ε

2133 4315 2227 4360 tuo
2266 4316 2447 4360 autem
2484 4308 2600 4362 viro
2636 4318 2847 4363 mortua
2902 4324 3023 4364 esse
3073 4309 3267 4364 mulier
3312 4309 3496 4377 aliquo
3541 4310 3702 4360 modo

464 4408 553 4466 τος
566 4401 658 4455 106
685 4400 940 4473 Χριστοῦ,
971 4403 1050 4465 εἰς
1081 4402 1142 4454 16
1172 4401 1421 4469 γενέσθαι
1450 4401 1593 4471 ὑμᾶς
1631 4400 1802 4472 ἑτέρῳ
1842 4399 1921 4470 τῷ
1962 4401 2027 4453 ἐκ

2133 4397 2345 4453 dicetur
2375 4398 2539 4453 etiam
2588 4399 2727 4465 viro,
2786 4400 2924 4455 adeo
2963 4410 3024 4455 ut
3066 4415 3165 4454 nos
3207 4401 3355 4455 hunc
3385 4400 3438 4453 in
3481 4398 3697 4452 modum

462 4491 662 4563 νεκρῶν
705 4490 1002 4561 ἐγερθέντι,
1046 4489 1132 4542 ἵνα
1168 4490 1670 4561 καρποφορήσωμεν
1714 4488 1790 4559 τῷ
1823 4487 1959 4559 Θεῷ.
2003 4507 2021 4540 1

2134 4503 2476 4558 exponamus
2530 4489 2701 4544 illud:
2737 4509 2756 4542 ι
2779 4492 2987 4561 itaque.
3022 4490 3222 4546 fratres
3259 4491 3389 4555 mei,
3432 4505 3528 4545 vos
3561 4503 3702 4557 quo-

460 4583 519 4635 Εξ
549 4581 728 4634 τοίνυν
757 4580 919 4650 νόμος
944 4580 1091 4632 ἐστὶν
1116 4581 1144 4632 6
1172 4579 1330 4651 ἀνὴρ,
1361 4581 1452 4633 καὶ
1480 4581 1513 4649 ή
1552 4581 1881 4649 Σαμαρεῖτις
1916 4578 2027 4648 ἔχει

2133 4594 2240 4649 que
2275 4579 2586 4635 mortificati
2620 4580 2753 4635 estis
2782 4581 2884 4651 legi
2914 4596 3009 4651 per
3034 4596 3230 4651 corpus
3251 4580 3478 4645 Christi,
3507 4579 3701 4649 utjun-

465 4669 576 4723 τινὰ
618 4670 806 4741 ἄνδρα,
857 4669 1168 4735 ὑποτάξασα
1208 4671 1402 4742 ἑαυτὴν
1452 4669 1592 4724 κατὰ
1622 4670 1720 4740 τὴν
1765 4670 2029 4742 παρεκδο-

2135 4670 2396 4740 geremini
2437 4670 2618 4736 alteri,
2661 4672 2918 4725 nimirum
2949 4672 2997 4725 ei
3030 4673 3121 4742 qui
3149 4686 3215 4725 ex
3247 4672 3477 4727 mortuis
3514 4685 3697 4725 surre-

460 4761 557 4833 χὴν
579 4761 686 4815 τῶν
717 4763 1066 4831 ὑγιαινόντων
1088 4762 1260 4831 λόγων
1297 4762 1445 4832 νόμῳ
1469 4761 1595 4825 τινὶ,
1627 4761 1744 4814 καθ’
1782 4761 1841 4815 ὃν
1881 4760 2029 4831 βιοῦν

2136 4760 2239 4826 xit,
2273 4769 2333 4813 ut
2368 4760 2762 4817 fructilicemus
2796 4762 2993 4816 Deo".
3022 4781 3040 4815 1
3074 4761 3132 4816 Si
3168 4762 3333 4833 igitur
3366 4762 3451 4815 lex
3490 4769 3573 4816 est
3596 4763 3701 4826 vir,

526 4923 571 4955 “
597 4921 753 4978 Joan.
787 4938 862 4990 tv,
892 4921 982 4977 10.
1057 4921 1103 4954 ⁸⁵
1139 4922 1269 4976 ibid.
1301 4920 1386 4984 16,
1416 4919 1500 4975 l7.
1590 4920 1634 4952 “
1666 4920 1822 4976 Rom.
1857 4935 1953 4983 vn,
1984 4921 2030 4974 1.

2134 4918 2155 4950 ⁷
2189 4918 2321 4973 ibid.
2348 4917 2403 4973 2.
2478 4918 2523 4951 ⁸⁸
2548 4918 2679 4973 ibid.
2757 4917 2800 4949 ⁶⁹
2829 4917 2959 4972 ibid.
2989 4918 3042 4971 5.
3119 4917 3163 4947 ⁷ο
3196 4916 3323 4972 ibid.
3360 4914 3415 4967 4.

530 5058 606 5133 (6)
637 5058 894 5133 Δυνηθῇ.
914 5059 1004 5114 Sic
1029 5060 1199 5115 codex
1224 5059 1582 5123 Barberinus;
1620 5056 1840 5127 licgius,
1865 5056 2030 5128 δυνη-

2133 5071 2240 5133 ναι,
2267 5055 2348 5109 vel
2374 5055 2679 5133 legit,.106g
2708 5051 3289 5133 πολλοὺςπεπονθέναι
3323 5049 3700 5133 ὼςέπιπλεῑον

462 5122 647 5200 θῆναι,
680 5122 868 5200 male."
903 5198 926 5200 _
989 5197 1002 5200 _
1056 5199 1060 5200 ν
1635 5122 1649 5200 ς
1703 5122 1724 5127 ⁷
1769 5195 1803 5200 _
1881 5194 1892 5200 _

2133 5122 2701 5200 ἐγγεγυμνασμένους,
2729 5124 2827 5200 _vel
2863 5125 2991 5200 quid
3016 5124 3210 5200 simile.
3236 5127 3306 5176 At
3350 5122 3510 5173 aliam
3546 5126 3696 5200 peni-

536 5191 780 5273 (7)Περὶ
821 5198 946 5273 τοῦ-
977 5197 1338 5273 διέρχεσθαι,
1387 5207 1493 5252 etc.
1536 5196 1719 5251 Codex
1769 5194 2029 5250 Barberi-

2133 5191 2214 5273 Las
2238 5191 2525 5273 lectionem
2557 5195 2907 5273 sequebatur.
2942 5191 3247 5273 Ferrarius,
3298 5204 3462 5273 quam
3520 5193 3697 5273 codex-

463 5258 766 5339 ιιιιὲ,’παρἀ
788 5269 848 5339 τὸ
871 5258 1199 5339 διέρχεῖςθόιι,
1233 5258 1339 5321 ριοξ
1410 5335 1449 5339 7_
1498 5335 1519 5339 μ
1570 5333 1589 5339 Α
1901 5332 1944 5339 __

2133 5263 2445 5339 Bodleiano}
2475 5265 2561 5339 sic_
2577 5258 2812 5339 exhibe;
2834 5277 2853 5339 _:
2879 5262 2954 5339 ᾡς
2988 5260 3323 5339 αἰτῶνκατά
3347 5258 3507 5310 τοῦτο
3527 5258 3699 5339 πολλὰ

532 5328 608 5409 (8)
639 5328 735 5403 '0';-
759 5338 868 5391 τὸν
888 5328 1037 5391 κάέὰ
1062 5328 1237 5409 τοῦτο
1263 5335 1462 5409 πολλὰ
1488 5333 1743 5409 ἐνδειρά,
1761 5346 1867 5391 etc.
1901 5332 2025 5409 lima
2121 5333 2191 5409 ἐν
2209 5333 2451 5409 δυνατοῖς
2476 5332 2699 5409 πολλοῖς
2726 5332 2801 5394 ὡς
2830 5332 3130 5409 ἐπὶ-πλεῖον
3165 5328 3700 5409 ἐγγεγυμνασμένος

464 5398 618 5463 nobis
647 5398 1178 5475 repraesentatcodex
1210 5405 1425 5473 Regius,
1456 5419 1613 5474 quem
1637 5404 1754 5458 fere
1779 5404 2023 5475 sequitur

2133 5401 2217 5475 τῷ
2252 5403 2461 5475 ἀντλεῖν
2492 5402 2600 5475 ἀπὸ
2640 5401 2740 5471 τῆς
2788 5400 2883 5453 106
2930 5398 3124 5453 Ἰακὼὸ
3166 5399 3367 5467 πηγῆς.
3403 5398 3533 5462 Qua:
3564 5402 3695 5467 quid

465 5472 832 5548 Periottiu's,et
851 5478 923 5548 ita
942 5476 1148 5548 vertil,t
1174 5476 1248 5548 ita
1272 5472 1332 5548 ut
1346 5476 1447 5529 hoc
1468 5472 1581 5542 ipso
1597 5474 1761 5548 multa
1775 5472 2016 5548 pericula
2120 5472 2439 5548 sibivelint,
2462 5473 2709 5548 divinare
2737 5481 3046 5548 promptu-tn
3071 5478 3316 5548 nonnest:

465 5545 720 5617 eveniant
748 5532 1020 5617 plerisque
1063 5532 1182 5617 (ιιιί⁸
1202 5532 1513 5617 plurimum,
1541 5554 1603 5617 _nt
1631 5544 1730 5617 qui
1774 5532 1826 5595 in
1885 5544 2019 5617 bau-

2191 5532 2683 5617 (9)AAé_TOVrtOc.S_lC
2699 5532 2817 5617 cod.
2828 5532 3165 5617 Bodleianus,
3185 5536 3402 5608 Regius,
3420 5532 3688 5604 λέγοντες.

467 5614 656 5668 rienda
705 5608 843 5683 aqua
868 5608 948 5683 ex‘
974 5608 1126 5675 fonte
1154 5608 1662 5683 Jacob,_exercitati
1686 5613 1817 5683 sint.
1852 5629 1870 5661 1
1912 5610 2017 5683 lfro
2190 5608 2302 5682 (Ill)
2330 5608 2455 5667 Haec
2488 5611 2853 5682 supplevimus
2883 5623 2912 5662 a
2944 5608 3216 5664 Perionio.

464 5684 538 5750 ὡς
558 5683 672 5750 τόν,
698 5681 828 5754 legit
853 5682 1014 5750 ὥστε,
1054 5694 1107 5740 ct
1133 5692 1271 5753 post,
1296 5681 1518 5747 ἕνδεινα,
1548 5682 1775 5751 supplet.
1808 5681 2017 5755 συμϐῆ-
