4170 6446
493 275 592 330 Ml
1987 268 2092 327 0R!

2196 269 2306 326 MS
3646 274 3764 330 412
3809 299 3824 310 -

491 399 550 444 et
595 386 886 444 Samaritis
919 386 1088 441 habet
1143 385 1324 441 virum
1373 384 1631 454 aliquem,
1664 385 1791 455 quia
1837 384 2069 457 seipsam

2195 402 2399 448 ,καστος
2427 385 2533 438 τῶν
2557 386 2877 456 ἑτεροδόξων
2905 385 3049 439 θέλει
3068 403 3081 416 ⁶
3116 386 3211 440 καὶ
3235 385 3482 457 βούλεται
3516 387 3769 443 ἐνταῦθα.

494 479 650 546 juxta
679 491 992 545 perversam
1033 475 1446 543 intelligentiam
1481 489 1738 530 sanorum
1780 477 2068 528 verborum

2195 477 2270 547 τὴν
2292 475 2595 548 έτερὸδοξον
2621 477 2799 546 ψυχὴν
2825 478 2854 529 ὁ
2875 476 3017 539 θεῖος
3045 475 3203 544 λόγος
3233 476 3639 548 παρατεθεῖσαν
3669 478 3770 532 τὸν

495 567 794 637 subiecerit
828 567 932 636 legi
958 567 1142 634 alicui,
1163 568 1319 636 juxta
1359 582 1521 636 quam
1550 567 1665 620 vult
1694 567 1877 621 vivere
1900 582 2069 621 unus-

2195 567 2407 638 ἱρχοντα
2438 569 2637 638 ἑαυτῆς
2679 569 2844 639 νόμον
2882 567 3258 639 διελεγχθῆναι
3296 569 3427 639 (12),
3454 572 3534 633 είς
3563 569 3633 623 τὺ
3665 587 3772 624 κα-

496 661 732 732 quisque
761 659 830 714 ab
861 658 1120 712 Ecclesia:
1159 659 1397 713 decretis
1455 657 1761 722 dissidens;
1799 667 1856 712 et
1891 657 1934 711 si
1959 658 2074 710 vult

2195 659 2590 729 ταφρονήσασαν
2633 658 2824 729 αὐτὴν,
2867 659 2944 722 ὡς
2978 659 3037 711 οὐ
3075 659 3306 730 νομίμου
3343 659 3554 730 ἀνδρὸς,
3591 659 3775 731 ζητῆ-

497 751 667 806 etiam
706 752 812 804 hoc
857 749 910 802 in
959 750 1077 803 loco
1116 748 1334 802 divinus
1370 763 1554 802 sermo
1582 748 1815 800 animam
1847 747 2074 802 manife—

2195 767 2266 802 rat
2289 750 2453 820 ἄνδρα
2474 750 2676 821 ἕτερον,
2703 753 2784 814 εἰς
2811 749 2872 803 τὸ
2891 749 3145 819 γενέσθαι
3178 751 3350 822 αὐτὴν
3391 751 3564 822 έτέρῳ
3591 751 3678 822 τῷ
3703 751 3776 804 ὲκ

499 844 632 900 stari
670 841 925 896 Ecclesia:
958 839 1195 894 decretis
1229 839 1664 902 dissentientem,
1691 853 1810 908 qua
1842 839 1943 892 sibi
1972 839 2072 908 ipsi

2195 840 2382 912 νεκρῶν
2403 841 2823 912 ἀναστησομένῳ
2843 841 3020 911 Λόγῳ,
3053 840 3126 912 μὴ
3155 841 3599 912 ἀνατρεπομένῳ,
3627 841 3778 911 μηδὲ

503 933 806 1001 ρι’σξΐοεοτίι
857 930 1028 996 legem
1081 930 1408 998 principem,
1461 938 1518 982 ut
1560 938 1742 997 spreto
1801 930 1938 994 viro,
1973 944 2072 982 cett

2195 932 2566 1004 τεθνηξομένῳ,
2617 933 2732 986 ἀλλ’
2767 933 2922 1003 ἀϊδίῳ
2964 933 3099 1004 (15),
3149 931 3420 1002 μενοῦντι,
3468 932 3565 985 καὶ
3608 931 3780 1002 βασι-

505 1039 613 1078 non
689 1021 968 1091 legitimo,
1008 1029 1222 1089 quaerat
1281 1019 1533 1083 alterum,
1603 1026 1836 1088 nuptura
1918 1019 2074 1072 alteri

2195 1022 2416 1086 .sﬁovzt,
2476 1023 2685 1086 πάντας
2746 1040 2804 1075 τε
2829 1023 2989 1086 ’τοὺς
3061 1021 3290 1092 ἐχθροὺς
3363 1023 3776 1076 ὑποτάσσοντιο

506 1115 645 1180 viro,
695 1115 956 1168 nimirum
1011 1111 1263 1168 Sermoni
1313 1109 1452 1165 Filio
1511 1111 1626 1177 Dei,
1690 1111 1780 1180 qui
1841 1112 2075 1164 resusci-

2195 1113 2472 1183 ιΧριστὸς
2537 1112 2646 1184 γάρ
2691 1113 2937 1184 ἐγερθεὶς
2995 1115 3059 1166 ὲκ
3103 1112 3311 1183 νεκρῶν
3377 1111 3561 1166 οὐκέτι
3631 1114 3784 1166 ἀπο-

507 1216 658 1260 tatus
687 1216 772 1260 est
805 1219 870 1260 ex
908 1205 1164 1268 mortuis,
1201 1217 1307 1257 non
1359 1201 1674 1267 mutandus,
1729 1217 1907 1272 neque
1962 1217 2074 1255 mo-

505 1301 733 1364 ritvrus,
771 1298 868 1353 sed
916 1299 1302 1366 sempiternus,
1351 1308 1575 1348 manens
1597 1301 1652 1347 et
1683 1308 1936 1364 regnans,
1958 1309 2077 1347 om-

506 1405 714 1462 nesque
767 1388 1018 1442 inimicos
1063 1381 1360 1454 subjicieus
1389 1404 1400 1438 :
1433 1405 1452 1438 ι
1479 1385 1728 1442 Christus
1785 1387 1930 1440 enim
1977 1401 2074 1440 ex-

2177 1205 2422 1277 Θνήσκει,
2451 1204 2676 1268 θάνατος
2715 1205 2880 1260 αὐτοῦ
2907 1205 3089 1258 οὐκέτι
3119 1205 3366 1276 κυριεύει
3385 1222 3398 1236 ·
3437 1205 3466 1258 ὃ
3490 1206 3602 1277 γὰρ
3627 1206 3783 1258 ἀπέ-

2177 1295 2305 1349 θανε
2347 1300 2412 1367 τῇ
2471 1295 3032 1367 άμαρτίᾳ,ἀπέθανεν
3086 1295 3339 1366 ἐφάπαξ·
3387 1296 3416 1349 ὃ
3453 1296 3511 1350 δὲ
3551 1297 3646 1367 ζῇ,
3709 1295 3782 1366 ζῇ

2176 1388 2254 1458 τῷ
2283 1388 2420 1458 Θεῷ,
2449 1408 2466 1440 ι
2490 1390 2545 1440 ἐν
2567 1388 2715 1458 δεξιᾷ
2746 1387 2822 1440 ὢν
2849 1388 3036 1451 αὑτοῦ,
3071 1387 3176 1450 ἕως
3197 1387 3264 1440 ἂν
3288 1387 3486 1451 πάντες
3511 1387 3785 1458 οίὲχθροὶ

507 1481 715 1536 citatus
765 1494 794 1534 a
853 1478 1083 1533 mortuis
1144 1491 1249 1531 non
1313 1476 1546 1544 amplius
1609 1475 1878 1540 moritur,
1933 1490 2079 1530 mors

2195 1479 2342 1532 ιὺτοῦ
2373 1479 2659 1532 ὑποπόδιον
2685 1478 2916 1532 τεθῶσιν
2945 1478 3112 1549 αὐτῷ.
3140 1478 3248 1531 Ποῦ
3281 1477 3339 1532 δὲ
3373 1477 3479 1530 ἔδει
3510 1477 3786 1549 ἐλεγχθῆ-

508 1573 586 1628 illi
616 1571 757 1626 ultra
789 1585 893 1624 non
924 1568 1292 1623 dominabitur
1319 1587 1330 1621 :
1358 1569 1501 1635 quod
1527 1567 1670 1620 enim
1703 1576 1948 1620 mortuus
1970 1577 2074 1628 est,

2195 1589 2266 1624 θαι
2291 1572 2380 1624 τὸν
2413 1569 2766 1640 νομιζόμενον
2794 1571 2962 1642 ἄνδρα
2993 1571 3093 1640 τῆς
3128 1570 3538 1641 Σαμαρείτιδος,
3565 1570 3649 1633 ὡς
3671 1571 3781 1623 οὐκ

508 1669 736 1728 peccato
766 1668 1010 1712 mortuus
1060 1665 1146 1709 est
1179 1655 1381 1717 semel;
1418 1655 1558 1723 quod
1593 1669 1719 1709 vero
1757 1655 1908 1719 vivit,
1948 1655 2080 1706 vivit

2195 1661 2369 1731 ἱνδρα,
2397 1662 2430 1733 ἢ
2456 1660 2605 1732 παρά
2635 1664 2703 1731 τῇ
2728 1663 2883 1732 ,πηγῇ
2928 1659 3022 1714 τοῦ
3065 1659 3259 1714 Ἰακὼὸ
3300 1660 3404 1712 ὑπὸ
3424 1659 3517 1713 τοῦ
3566 1659 3785 1732 Ἰησοῦ,

509 1751 674 1821 219
693 1750 916 1816 Deo“,n
953 1751 1004 1801 in
1033 1749 1250 1801 dextera
1285 1746 1402 1815 ejus
1429 1749 1647 1811 sedens,
1687 1746 1860 1800 donec
1887 1760 2080 1801 omnes

2195 1753 2233 1804 εί
2265 1753 2339 1824 μὴ
2369 1731 2460 1821 ἀφ’
2487 1731 2690 1822 ἑαυτῆς
2713 1755 2747 1822 ἠ
2780 1731 2918 1822 γυνὴ
2951 1750 3147 1822 ἧρνητο
3170 1751 3260 1804 τὸν
3287 1751 3489 1822 ἄνδρα;
3523 1731 3786 1804 Διάτοῦ-

510 1842 722 1896 inimici
746 1841 862 1909 ejus
884 1839 1044 1910 positi
1075 1837 1276 1892 fuerint
1304 1837 1616 1892 subsellium
1643 1837 1838 1906 pedum
1883 1837 1984 1906 ipsi
2010 1838 2077 1891 τ’.

2195 1860 2248 1896 το
2271 1843 2418 1911 λέγει
2445 1844 2581 1913 αὐτῇ
2615 1843 2644 1894 ὁ
2689 1841 2913 1912 Ἰησοῦς·
2949 1860 2968 1893 ι
3008 1842 3244 1911 ’Υπαγε,
3275 1841 3525 1912 φώνησόν
3549 1859 3650 1894 σου
3687 1841 3783 1895 τὸν

512 1934 569 1988 Si
600 1935 734 1998 haec,
766 1933 1005 2002 inquam,
1038 1933 1110 1984 ita
1139 1944 1199 1985 se
1221 1928 1446 1991 habent,
1481 1929 1702 1982 ubinam
1729 1927 1963 1982 debebat
1991 1926 2082 1984 Je-

2195 1935 2375 2006 ἄνδρα,
2411 1936 2503 1988 καὶ
2535 1933 2656 1987 ἐλθὲ
2683 1933 2888 1987 ἐνθάδε.
2939 1953 2959 1985 ι
2989 1928 3112 1986 Οἷον
3139 1933 3196 1987 δὲ
3222 1933 3419 2005 ἔχουσά
3450 1951 3502 1986 τι
3544 1933 3652 2004 ήδη
3681 1932 3780 1986 τοῦ

511 2040 606 2079 ειη
640 2022 991 2078 manifestare
1019 2036 1166 2083 eum,
1194 2020 1286 2089 qui
1316 2019 1608 2090 putabatur
1637 2033 1758 2073 esse
1788 2016 2082 2072 Samariti-

2195 2025 2483 2094 ἁλλομένου
2505 2026 2584 2088 εἰς
2615 2023 2758 2094 ζωὴν
2782 2021 2996 2078 αἰώνιον
3026 2023 3236 2088 ὓδατος,
3265 2024 3351 2077 διὰ
3376 2023 3437 2076 τὸ
3466 2023 3776 2094 εἰρηκέναι⁸

508 2119 614 2182 dis,
645 2119 817 2171 virum
850 2131 954 2170 non
990 2128 1112 2168 esse
1140 2113 1312 2177 illius,
1339 2113 1443 2166 nisi
1475 2111 1613 2182 apud
1641 2110 1845 2166 fontem
1891 2109 2082 2176 Jacob,

2195 2137 2207 2169 ι
2250 2117 2349 2180 Δός
2368 2133 2457 2186 μοι
2473 2115 2631 2170 τοῦτο
2657 2116 2718 2170 τὸ
2745 2115 2910 2186 ὕδωρ,
2940 2133 2958 2166 ι
2986 2115 3080 2169 καὶ
3104 2115 3350 2185 ἀψευδεῖν
3370 2115 3463 2168 τὸν
3490 2131 3782 2186 προεπαγσ

513 2209 558 2262 si
601 2223 632 2262 a
662 2208 844 2276 seipsa
880 2204 1073 2258 mulier
1102 2219 1210 2258 non
1243 2210 1495 2272 negasset
1535 2201 1710 2255 virum
1739 2201 1763 2255 ?
1811 2199 1962 2255 Hanc
2009 2202 2079 2255 ob

2195 2209 2524 2279 γειλάμενον,
2551 2209 2656 2272 ὅτι,
2693 2227 2710 2259 ι
2745 2209 2815 2261 Σὺ
2838 2208 2904 2262 ἂν
2929 2209 3137 2279 ᾔτησας
3159 2208 3340 2270 αὑτὸν,
3367 2208 3462 2260 καὶ
3485 2205 3660 2259 ἔδωκέ
3693 2223 3780 2258 σοι

511 2314 732 2354 causam
758 2297 891 2351 dicit
927 2295 1000 2349 illi
1031 2293 1226 2349 Jesus:
1265 2311 1285 2344 ι
1317 2291 1484 2358 Vade,
1515 2307 1648 2348 voca
1681 2293 1858 2346 virum
1909 2303 2080 2359 tuum,

2195 2294 2326 2371 ὓδωρ
2373 2297 2500 2364 ζῶψ
2548 2297 2820 2370 ἀπεκρίθη
2869 2299 2902 2368 ή
2947 2298 3105 2368 γυνὴ,
3141 2317 3160 2350 ι
3193 2297 3536 2366 καταγνοῦσα
3573 2295 3781 2366 ἑαυτῆς

509 2400 569 2446 et
603 2391 727 2445 veni
751 2389 856 2444 huc
883 2389 949 2440 ⁷³.
987 2406 1006 2438 ι
1038 2385 1158 2440 Jam
1189 2399 1320 2439 vero
1363 2383 1526 2438 veluti
1581 2384 1829 2439 nonnihil
1875 2384 2084 2438 habens

2195 2389 2274 2442 ini
2306 2391 2372 2459 τῇ
2407 2389 2662 2460 κοινωνίᾳ
2682 2391 2748 2459 τῇ
2776 2389 2912 2460 πρὸς
2937 2389 3028 2442 τὸν
3054 2389 3293 2444 τοιοῦτον
3311 2389 3499 2459 ἄνδρα,
3531 2407 3550 2440 ι
3581 2389 3682 2442 καὶ
3705 2383 3782 2440 εἶ-

517 2497 670 2548 aqua:
701 2462 948 2534 salientis
969 2479 1034 2531 ad
1059 2477 1221 2530 vitam
1254 2484 1532 2539 aeternam,
1563 2489 1629 2530 eo
1653 2474 1796 2544 quod
1821 2474 2080 2528 dixisset:

2195 2495 2304 2531 πεν·
2336 2478 2450 2531 Οὐκ
2480 2478 2588 2548 ἔχω
2625 2478 2816 2550 ἄνδρα.
2853 2497 2872 2529 ι

517 2589 538 2623 ‹
575 2572 649 2625 Da
675 2569 806 2624 mihi
846 2570 986 2622 hanc
1018 2579 1212 2634 aquam
1240 2564 1308 2629 ⁷⁸,
1341 2581 1360 2615 ι
1399 2577 1499 2616 nec
1524 2563 1711 2618 fallere
1751 2563 1931 2631 quiret
1960 2563 2051 2630 qui
2078 2566 2406 2631 praedixerat
2429 2567 2516 2621 ":
2557 2585 2576 2618 ι
2610 2567 2690 2620 Τιι
2727 2567 2954 2621 forsitan
3009 2566 3262 2637 petiisses
3317 2567 3386 2623 ab
3446 2583 3534 2631 eo.
3567 2579 3626 2623 et
3677 2570 3780 2622 dc-

514 2664 688 2718 disset
729 2661 828 2716 tibi
859 2673 1058 2729 aquam
1100 2659 1326 2722 vivam;
1381 2655 1658 2724 respondit
1695 2654 1912 2720 mulier,
1949 2672 1969 2706 ι
2009 2657 2379 2711 condemnans
2439 2659 2695 2729 seipsam,
2755 2659 2898 2729 quod
2939 2674 3062 2718 cum
3111 2661 3418 2731 hujusmodi
3479 2663 3597 2717 viro
3647 2677 3780 2717 con-

511 2759 854 2814 suetudinem
891 2755 1194 2819 habuisset,
1241 2770 1262 2804 ‹
1296 2760 1351 2806 et
1387 2751 1566 2806 dixit:
1621 2749 1738 2806 Non
1784 2751 1960 2805 habeo
2005 2750 2183 2805 virum
2219 2754 2286 2810 ⁷⁸.
2322 2771 2342 2806 ο

581 2853 636 2908 9.
671 2871 690 2904 ι
722 2851 863 2906 Dicit
904 2847 982 2903 illi
1016 2847 1175 2902 Jesus
1225 2859 1242 2898 :
1287 2843 1432 2898 Bene
1488 2842 1696 2906 dixisti,
1755 2856 1862 2894 non
1923 2840 2092 2896 habeo

2265 2844 2319 2899 9.
2349 2863 2370 2896 ι
2411 2845 2572 2913 Λέγει
2601 2845 2737 2916 αὐτῇ
2761 2847 2790 2899 ὁ
2834 2845 3058 2916 Ἰησοῦς·
3102 2847 3300 2912 Καλῶς
3333 2845 3514 2914 εἶπας,
3543 2850 3628 2904 ὅτι
3655 2853 3783 2920 Ἅν-

513 2948 699 3002 virum
724 2961 738 2996 :
775 2956 899 2996 nam
926 2940 1165 3009 quinque
1191 2936 1336 2989 viros
1367 2933 1638 2998 habuisti;
1673 2941 1728 2987 et
1750 2947 1894 2986 nunc
1921 2945 2083 3000 quem

512 3043 704 3103 habes,
734 3051 843 3091 non
893 3043 977 3088 est
1015 3041 1138 3086 tuus
1183 3029 1308 3084 vir:
1346 3028 1448 3082 hoc
1481 3041 1609 3080 vere
1635 3025 1816 3080 dixisti
1846 3024 1944 3077 ⁷⁷.»
1979 3025 2085 3076 Ar-

516 3135 692 3188 bitror
719 3127 862 3200 quod
889 3125 1070 3182 omnis
1107 3123 1289 3177 anima
1321 3134 1442 3189 quae
1465 3118 1828 3173 introducitur
1855 3117 1922 3171 ad
1943 3130 2086 3179 eam,

515 3239 638 3296 qua:
667 3230 751 3277 est
783 3234 879 3288 per
913 3217 1248 3285 Scripturas,
1273 3212 1529 3282 pietatem
1575 3210 1630 3265 in
1663 3209 1904 3274 Christo,
1950 3209 2089 3265 inci-

515 3315 672 3385 piens
706 3311 772 3364 ab
805 3309 892 3364 his
925 3307 1090 3362 rebus
1128 3320 1250 3374 quae
1280 3303 1536 3357 sensibus
1583 3308 1712 3355 sunt
1754 3299 2002 3354 obnoxia
2035 3308 2092 3354 et

516 3423 638 3479 quae
675 3419 951 3474 corporeae
1003 3407 1292 3464 vocantur,
1341 3397 1540 3451 habeat
1587 3395 1801 3464 priores
1849 3395 2092 3464 quinque

517 3501 668 3553 viros
716 3507 1044 3564 unoquoque
1100 3505 1263 3546 sensu
1301 3488 1478 3542 virum
1519 3487 1754 3555 aliquem
1813 3485 2090 3539 faciente:

515 3599 702 3661 postea
756 3601 886 3641 vero
942 3599 1104 3654 quam
1157 3581 1341 3635 habita
1392 3577 1785 3634 consuetudine
1836 3592 1959 3631 cum
2008 3576 2094 3630 his

519 3685 642 3753 quae
674 3697 839 3737 sensu
868 3677 1270 3750 percipiuntur,
1314 3689 1598 3742 emergere
1623 3673 1748 3742 quis
1783 3671 1990 3733 volens,
2039 3679 2095 3724 et

521 3788 825 3831 conversus
858 3773 925 3826 ad
957 3787 1018 3826 ea
1051 3785 1171 3840 qua:
1203 3769 1385 3824 animo
1437 3773 1756 3827 cernuntur,
1813 3761 2097 3832 impegerit

520 3865 576 3920 In
612 3876 918 3918 sermonem
951 3859 1286 3930 spiritualem
1320 3873 1423 3912 non
1460 3870 1672 3920 sanum,
1717 3861 1983 3922 prmtextu
2018 3850 2098 3903 al-

519 3956 754 4026 legorian,
790 3955 881 4008 hic
929 3961 1052 4022 post
1101 3954 1343 4022 quinque
1367 3949 1514 4003 viros
1549 3947 1614 4001 ad
1651 3954 1864 4000 sextum
1899 3946 2094 4010 pergit,

523 4049 673 4113 dato,
705 4057 764 4101 ut
795 4047 868 4100 ita
899 4046 1100 4110 dicam,
1128 4044 1338 4114 repudii
1381 4039 1564 4096 libello
1605 4037 1844 4105 quinque
1883 4033 2096 4104 primis,

519 4150 575 4194 et
617 4140 914 4194 decernens
945 4153 1069 4191 eum
1119 4145 1274 4191 sexto
1307 4131 1576 4188 habitare.
1615 4126 1756 4199 [(11)
1787 4125 1965 4191 Atque
1997 4122 2097 4176 do-

521 4245 622 4285 nec
648 4227 808 4298 Jesus
830 4231 1062 4282 adventu
1094 4243 1191 4283 suo
1219 4239 1318 4280 nos
1343 4225 1395 4277 in
1422 4219 1687 4290 ejusmodi
1725 4215 1827 4268 viri
1867 4227 2095 4280 conspe-

519 4332 666 4378 ctum
701 4335 1136 4390 consensumque
1189 4317 1434 4380 duxerit,
1475 4327 1598 4366 cum
1627 4309 1723 4364 illo
1741 4306 2095 4362 consuetudi-

521 4430 646 4470 nem
680 4415 944 4468 habemus
977 4422 1031 4467 et
1076 4405 1375 4478 vivimus];
1414 4416 1604 4456 verum
1644 4412 1768 4453 cum
1814 4393 2096 4448 advenerit

521 4504 714 4559 Sermo
762 4505 998 4567 Domini,
1033 4498 1464 4564 disserueritque
1497 4490 1800 4549 nobiscum,
1835 4491 2098 4553 negantes

521 4595 668 4650 illum
697 4597 894 4660 virum,
919 4594 1152 4649 dicimus
1179 4606 1194 4642 :
1229 4607 1248 4639 ι
1285 4585 1404 4641 Νοιι
1429 4583 1602 4638 habeo
1624 4581 1822 4642 virum,
1843 4593 1862 4627 ι
1881 4573 2098 4644 quando

517 4687 682 4742 etiam
735 4687 920 4741 laudat
970 4699 1070 4738 nos
1123 4679 1422 4739 Dominus,
1472 4674 1707 4727 dicens:
1748 4687 1768 4720 ι
1817 4667 1962 4720 Bene
2011 4664 2098 4717 dia

517 4777 672 4842 xisti,
703 4793 806 4830 non
839 4776 1012 4831 habeo
1037 4773 1269 4825 virum.»
1312 4765 1446 4819 Illud
1472 4777 1636 4817 vero:
1669 4779 1688 4810 ι
1713 4758 1826 4813 Hoc
1853 4770 1980 4810 vere
2011 4755 2097 4808 di-

521 4867 672 4930 xisti,
703 4886 722 4920 ι
763 4867 926 4920 veluti
955 4859 1384 4933 objurgatorium
1415 4864 1520 4917 est,
1555 4851 1778 4922 perinde
1800 4847 1954 4918 quasi
1983 4863 2098 4898 mu-

519 4952 696 5010 iieriu
729 4954 1100 5024 superioribus
1137 4965 1244 5004 non
1292 4959 1420 5000 vera
1467 4942 1686 4997 dixerit.
1745 4941 1823 4994 Ac
1867 4938 2097 4992 fortasse

522 5061 711 5100 verum
751 5047 880 5100 illud
909 5060 1014 5100 non
1048 5051 1168 5098 erat
1196 5060 1209 5094 :
1253 5058 1272 5090 ι
1308 5037 1429 5093 Non
1472 5043 1766 5090 coutuntur
1789 5029 1959 5086 ιιιόωί
1993 5027 2096 5082 Sa-

2186 2937 2290 3009 δρα
2340 2937 2440 2990 οὐκ
2485 2936 2610 3007 ἔχω·
2655 2937 2814 2990 πέντε
2848 2937 2956 3010 γὰρ
2997 2937 3194 3010 ἄνδρας
3227 2939 3402 3010 ἔσχες·
3439 2941 3536 2994 καλ¹
3574 2941 3673 2995 νῦν
3719 2942 3778 2996 δν

2188 3029 2352 3098 ἔχεις,
2403 3029 2505 3081 οὐκ
2555 3027 2669 3080 ἐστι
2718 3045 2812 3081 σου
2847 3029 3006 3100 ἀνήρ’
3043 3027 3201 3083 τοῦτο
3233 3029 3427 3100 ἀληθὲς
3460 3030 3714 3102 εἴρηκας.
3753 3050 3774 3083 ο

2190 3113 2356 3187 Οἶμαι
2380 3117 2491 3186 (11»)
2523 3119 2704 3170 πᾶσαν
2729 3117 2828 3188 τὴν
2859 3117 3220 3188 εἰσαγομένην
3251 3117 3428 3188 ψυχὴν
3465 3122 3543 3183 είς
3570 3119 3672 3191 τὴν
3691 3119 3780 3172 διὰ

2188 3208 2296 3261 τῶν
2324 3209 2556 3280 Γραφῶν
2588 3213 2646 3262 ὲν
2689 3209 2908 3280 Χριστῷ
2943 3208 3274 3272 θεοσέϐειαν,
3307 3208 3416 3263 ἀπὸ
3443 3209 3552 3263 τῶν
3583 3209 3781 3280 αἰσθη-

2191 3298 2299 3352 τῶν
2327 3301 2420 3352 καὶ
2453 3299 2777 3369 σωματικῶν
2807 3297 3112 3369 λεγομένων
3143 3299 3473 3370 ἀρχομένην,
3502 3301 3630 3363 τοὺς
3653 3301 3781 3353 πέν-

2191 3407 2252 3442 τε
2277 3389 2476 3461 ἀνδρας
2503 3390 2623 3444 καθ’
2658 3390 2895 3460 ἑκάστην
2921 3389 3030 3443 τῶν
3077 3389 3380 3461 αἰσθήσεων
3409 3391 3602 3461 ἀνδρός
3630 3409 3780 3455 τινος

2192 3481 2476 3551 γινομένου
2521 3480 2683 3551 ἔχειν·
2729 3480 2867 3534 έπάν
2899 3479 2956 3533 δὲ
2991 3480 3128 3550 μετά
3171 3480 3232 3534 τὸ
3269 3481 3607 3552 ὡμιληκέναι
3666 3487 3778 3547 τοῖς

2195 3570 2489 3640 αἰσθητοῖς,
2525 3569 2803 3638 ἀνακῦψαι
2838 3587 2922 3634 τις
2949 3569 3138 3636 θέλων,
3171 3571 3266 3624 καὶ
3303 3573 3644 3642 προτραπεὶς
3689 3574 3780 3626 ἐπὶ

2195 3663 2263 3715 τά
2293 3661 2477 3732 νοητὰ,
2525 3661 2792 3734 περιτύχῃ
2819 3661 2963 3733 λόγῳ
2991 3663 3261 3734 προφάσει
3301 3663 3632 3736 ἀλληγορίας
3687 3665 3781 3717 καὶ

2198 3753 2581 3825 πνευματικῶν
2612 3754 2710 3823 οὐχ
2743 3753 3060 3821 ὑγιαίνοντι,
3090 3749 3242 3818 οὗτος
3276 3753 3416 3824 μετά
3446 3757 3572 3818 τοὺς
3614 3755 3780 3808 πέντε

2197 3847 2396 3918 ἄνδρας
2427 3847 2597 3917 ἑτέρῳ
2623 3845 3003 3917 προσέρχεται,
3046 3845 3189 3911 δοὺς,
3233 3846 3300 3900 ἵν’
3330 3846 3502 3911 οὕτως
3535 3846 3696 3912 εἴπω,
3725 3847 3780 3900 τὸ

2198 3939 2526 3993 ἀποστάσιον
2556 3941 2668 4001 τοῖς
2705 3937 2988 4010 προτέροις
3021 3938 3206 3997 πέντε,
3241 3937 3335 3990 κα)⁸
3372 3939 3572 4010 κρίνων
3606 3957 3782 3992 συνοι-

2203 4034 2316 4084 κεῖν
2338 4029 2414 4100 τῷ
2434 4031 2598 4100 ἕκτῳ.
2623 4028 2734 4083 Καὶ
2761 4029 2866 4093 ἕως
2897 4029 2963 4082 ἄν
2979 4045 3042 4098 γε
3071 4028 3183 4097 (15)
3211 4027 3381 4081 ἐλθὼν
3405 4031 3433 4082 ὁ
3465 4029 3672 4100 Ἰησοῦς
3701 4030 3781 4092 είς

2207 4121 2551 4191 συναίσθησιν
2571 4121 2716 4190 ἡμᾶς
2749 4118 2930 4189 ἀγάγῃ
2958 4119 3052 4171 τοῦ
3077 4117 3317 4171 τοιούτου
3349 4119 3559 4192 ἀνδρὸς,
3586 4122 3780 4189 ἐκείνῳ

2202 4212 2487 4281 σύνεσμεν⁸
2545 4210 2789 4273 ἐλθόντος
2823 4210 2879 4262 δὲ
2927 4210 3018 4262 τοῦ
3064 4209 3267 4281 Κυρίου
3312 4211 3508 4279 Λόγου,
3541 4212 3634 4264 καὶ
3663 4211 3778 4264 δια-

2197 4302 2477 4373 λεχθέντος
2493 4303 2644 4372 ἡμῖν,
2662 4301 2984 4372 ἀρνούμενοι
2999 4303 3203 4354 ἐκεῖνον
3236 4300 3326 4355 τὸν
3351 4303 3537 4373 ἄνδρα,
3574 4303 3772 4372 φαμέν·

2205 4411 2224 4442 ‹
2259 4392 2373 4444 Οὐκ
2405 4389 2512 4460 ἔχω
2539 4390 2725 4460 ἄνδρα·
2767 4409 2785 4441 ι
2836 4391 2924 4444 ὅτε
2971 4392 3064 4444 καὶ
3097 4392 3309 4444 ἐπαινεῖ
3341 4392 3488 4462 ἡμᾶς
3514 4393 3543 4443 ὁ
3574 4392 3778 4463 Κύριος

2199 4483 2390 4551 λέγων·
2421 4503 2448 4530 α
2480 4480 2678 4544 Καλῶς
2709 4477 2889 4545 εἶπας,
2927 4483 3008 4534 ὃτι
3032 4481 3146 4534 υὺκ
3178 4481 3286 4552 ἕχω
3313 4481 3498 4554 ἄνδρα.
3540 4501 3558 4534 ι
3599 4483 3672 4536 Τὸ
3699 4483 3775 4544 δὲ,

2207 4592 2226 4624 ι
2257 4571 2426 4625 Τοῦτο
2450 4571 2647 4642 ἀληθὲς
2673 4571 2916 4644 εἴρηκας,
2947 4591 2965 4624 ι
2990 4572 3154 4626 οἱονεὶ
3175 4573 3487 4640 ἐλεγκτικόν
3506 4575 3673 4637 ἐστιν,
3703 4573 3779 4635 ὡς

2201 4662 2309 4715 τῶν
2334 4661 2612 4733 προτέρων
2639 4663 2739 4716 οὐκ
2767 4662 2980 4732 ἀληθῶς
3002 4663 3092 4717 ὑπ’
3127 4665 3297 4733 αὐτῆς
3314 4665 3637 4734 εἰρημένων.
3669 4662 3780 4716 Καὶ

2203 4753 2343 4822 τάχα
2384 4753 2486 4806 οὐκ
2523 4749 2592 4824 ἦν
2621 4753 2817 4824 ἀληθὲς
2849 4753 2928 4807 τό·
2982 4772 3000 4804 ι
3033 4755 3109 4807 υύ
3146 4753 3488 4826 συγχρῶνται
3539 4754 3782 4808 Ἰουδαῖοι

2204 4844 2589 4916 Σαμαρείταις·
2621 4863 2640 4896 ι
2672 4844 2834 4910 αὐτὸς
2868 4843 2998 4914 γοῦν
3023 4846 3051 4897 ὁ
3094 4845 3321 4914 Ἰησοῦς,
3356 4845 3431 4908 ὡς
3453 4847 3510 4898 ὲν
3544 4847 3654 4908 τοῖς
3675 4843 3780 4916 πρὸ

2201 4932 2405 4985 τούτων
2432 4935 2750 5006 εἰρήκαμεν,
2795 4936 3096 5007 ωγχρῆται
3144 4934 3528 5006 Σαμαρείταις,
3570 4935 3657 4987 ἴνα
3690 4933 3782 4986 xui.

2201 5024 2397 5088 αὐτοὺς
2423 5025 2698 5098 ὠφελήσῃ.
2732 5027 2846 5080 Οὐκ
2874 5026 3068 5098 ἀληθὲς
3091 5027 3148 5080 δὲ
3179 5027 3273 5080 καὶ⁹
3297 5025 3377 5080 τό·
3396 5044 3413 5078 ι
3439 5025 3576 5079 Οὔτε
3595 5024 3784 5096 ἀντλη-

589 5225 1088 5294 “Rom.vt,9,lO.
1165 5219 1580 5285 "llebr.x,12,
1609 5219 1692 5270 15.
1766 5212 2181 5278 "Joan.tv,16.
2255 5206 2302 5238 7"
2326 5206 2455 5260 ibid.
2487 5205 2566 5260 l5.
2641 5207 2838 5262 "ibid.
2869 5206 2954 5262 10.
3031 5206 3080 5239 "
3103 5206 3232 5263 ibid.
3279 5206 3363 5260 l7.
3439 5206 3483 5238 ⁷⁷
3527 5203 3658 5259 ibid.
3692 5200 3780 5268 17,

519 5298 605 5350 18.

596 5406 708 5477 (11)
737 5407 863 5462 llaec
927 5422 956 5458 a
1005 5403 1248 5458 l’ersouii
1295 5400 1746 5468 interpretatione
1791 5399 2102 5467 deprompta

525 5487 709 5614 sugil‘é)
761 5519 1207 5614 Amiano-ﬁrm,
1245 5541 1338 5596 Sic
1373 5537 1545 5593 codex
1581 5535 1939 5600 Bodleianus;
2000 5535 2105 5589 lte—

527 5613 1260 5687 εῑιιςέδιαλεχθῆναι,ιιιθιει
1357 5679 1393 5687 __
1477 5679 1486 5687 _
1563 5679 1576 5687 _
1655 5679 1666 5687 _
1833 5675 1871 5687 η
1932 5676 2051 5687 ,,,,

599 5685 710 5754 (15)
744 5676 1033 5756 Ροιιίὶοτὶιιιι
1056 5676 1115 5740 in
1143 5684 1330 5740 codice
1357 5679 1526 5751 Regio
1563 5679 1784 5750 legitur,
1823 5676 1955 5731 ἀλλὰ
1987 5676 2099 5744 ἰδίῳ

2215 5386 2616 5546 Phidiam.
2653 5455 2742 5512 Sic
2772 5461 2938 5517 codex
2969 5460 3336 5525 Bodleianus;
3380 5458 3604 5532 Regius,
3646 5471 3772 5528 per-

2263 5547 2393 5582 ῚὫΙΙΙ
2457 5543 2615 5580 εἰναι.

2210 5547 2575 5687 ’ξηιδϊηεως
2608 5597 2682 5650 ἄν
2716 5616 2802 5668 γε.
2841 5603 2932 5660 Sic
2959 5603 3126 5661 codex
3157 5600 3521 5670 Dodlcianus;
3555 5597 3776 5668 Regius,

2209 5690 2283 5737 ως
2311 5689 2394 5741 γε.
