4170 6454
480 281 594 330 415

1548 296 1904 355 ΕΟΜΜΕΝΤ.
1944 298 2012 354 ΙΝ
2045 297 2239 354 JOAN.
2277 296 2514 354 TOMUS
2556 298 2693 355 XIII.
2740 341 2746 348 .

3643 303 3744 358 4H

480 412 560 467 μα
589 396 732 468 ἔχεις
783 401 877 453 καὶ
899 401 960 454 τὸ
990 404 1166 476 φρέαρ
1189 407 1303 460 ἐστὶ
1325 408 1482 480 βαθύ·
1519 433 1536 464 ι
1566 415 1706 486 τάχα
1734 417 1788 470 δὲ
1810 419 1909 470 ούκ
1935 417 2052 489 ἀλη-

480 487 572 510 ΛἏ.-
607 491 693 510 UL!
729 491 796 510 -I,
852 495 887 510 η
976 495 988 510 ι
1013 496 1043 510 ιι
1090 500 1102 510 ι
1248 500 1270 510 ~
1399 504 1409 510 .
1589 507 1610 510 κ-

2172 419 2456 472 maritanis
2481 418 2550 484 ⁷⁸,
2574 440 2594 472 ι
2625 421 2740 488 ips»
2764 417 2910 484 Jesu,
2941 418 3073 473 utin
3099 417 3466 488 superioribus
3489 416 3746 485 diximus,

479 487 572 552 θὲς
605 491 701 544 καὶ
723 491 802 545 τό·
852 495 1043 549 Ἰακὼϐ
1085 500 1150 551 ὲκ
1180 500 1272 553 τοῦ
1309 504 1542 574 φρέατος
1585 507 1728 572 ἔπιε,
1758 511 1852 563 καὶ
1885 512 1932 563 οἱ
1962 487 2064 564 υἱοὶ

473 582 666 674 αὐτοῦ,
696 585 788 638 καὶ
821 587 891 640 τὰ
936 589 1229 662 θρέμματα
1273 595 1458 650 αὐτοῦ·
1495 601 1544 652 εἰ
1588 600 1699 673 γὰρ
1733 605 1830 674 οὐχ
1863 605 2064 674 ὁμοίως

475 669 596 726 ἔπιε
625 678 690 746 τῇ
716 678 1068 750 Σαμαρείτιδι
1098 687 1126 737 ὁ
1159 685 1374 750 Ἰακὼϐ,
1404 691 1498 743 καὶ
1525 693 1576 744 οί
1609 669 1714 746 υἱοὶ
1746 669 1932 759 αύτού,
1967 697 2061 750 καὶ

471 761 544 816 τὰ
577 763 866 836 θρέμματα
895 770 1081 835 αὐτοῦ,
1102 771 1274 828 οἴεται
1292 775 1396 848 δὲὴ
1420 779 1748 852 Σαμαρεῖτις
1772 783 1832 834 τὸ
1855 785 2058 854 ὅμοιον,

473 857 568 910 καὶ
586 859 782 912 ταυτὸν
815 861 993 932 πάντη
1027 865 1186 918 ποτὸν
1227 871 1544 925 πεπωκέναι
1575 873 1655 944 τῷ
1696 875 1911 939 Ἰακὼϐ,
1963 880 2059 931 καὶ

470 951 742 1066 τοῖςβυίοῖς
759 953 948 1021 αὐτοῦ,
978 957 1074 1009 καὶ
1101 961 1215 1022 τοῖς
1237 960 1548 1033 θρέμμασιν
1569 966 1756 1032 αὐτοῦ,
1775 967 1954 1040 δῆλον,
1978 971 2060 1024 ὅτι

472 1043 750 1112 ψεύδεται.

2169 510 2559 565 commercium
2591 513 2823 567 habente
2853 528 2976 566 cum
3008 511 3389 575 Samaritanis,
3427 519 3484 562 ut
3511 509 3617 562 illis
3657 523 3747 560 cs-

2169 611 2253 656 set
2299 602 2634 672 adjumeuto.
2675 605 2754 658 Ac
2807 621 2874 659 ne
2919 604 3048 658 illud
3097 603 3317 670 quidem
3365 616 3552 655 verum
3609 613 3693 656 est
3725 619 3744 658 :

2173 711 2192 742 ε
2211 691 2417 763 .Neque
2453 693 2792 747 ltaustorium
2819 695 3010 758 babes,
3035 703 3084 748 et
3111 702 3308 762 puteus
3328 690 3468 746 altus
3494 703 3582 746 est
3607 690 3654 724 "'
3677 710 3692 744 :
3715 709 3740 744 ι

2168 787 2416 841 fortassis
2444 787 2608 842 etiam
2638 800 2814 854 neque
2859 786 3010 846 illud.
3064 786 3206 854 quod
3251 783 3421 840 Iacob
3468 801 3535 839 ex
3582 794 3746 854 puteo

2165 879 2390 941 biberit,
2425 889 2482 933 et
2517 879 2609 933 lilii
2641 879 2782 946 ejus,
2829 889 2884 932 et
2933 895 3131 950 pecora
3156 878 3273 949 ejus
3294 878 3378 944 8";
3413 893 3534 930 nam
3571 879 3615 932 si
3643 875 3743 932 Ja-

2163 971 2287 1035 cob,
2327 980 2382 1024 et
2416 970 2510 1025 lilii
2545 971 2682 1041 ejus,
2715 980 2770 1026 et
2798 987 2994 1041 pecora
3035 969 3174 1039 ejus,
3215 985 3320 1026 non
3365 969 3617 1024 similiter
3659 969 3744 1026 bi-

2163 1064 2380 1128 berunt,
2417 1073 2477 1116 ut
2517 1064 2712 1118 mulier
2743 1063 3053 1128 Samaritis,
3103 1063 3487 1131 existimatque
3529 1061 3619 1116 illa
3667 1061 3746 1117 si-

473 1138 657 1193 milem
688 1154 748 1195 se
767 1143 991 1198 omnino
1023 1156 1204 1214 potum
1229 1158 1394 1220 atque
1416 1155 1671 1210 eumdem
1699 1157 1906 1212 bibisse
1952 1175 2079 1214 cum
2133 1154 2408 1223 Jacob,'et
2435 1161 2561 1216 filiis
2590 1160 2726 1229 ejus,
2757 1170 2811 1215 et
2840 1160 3132 1230 pecoribus
3188 1159 3326 1226 ejus,
3393 1159 3742 1228 perspicuum

473 1243 559 1288 est
588 1235 721 1290 falsa
753 1252 872 1291 eam
899 1241 1122 1297 dixisse.

546 1327 632 1382 10.
668 1330 896 1402 Ἴδωμεν
933 1333 988 1386 δὲ
1027 1338 1123 1390 καὶ
1166 1337 1235 1392 τά
1289 1340 1667 1412 Ἡρακλέωνος
1709 1349 1790 1411 εἰς
1828 1349 1955 1412 τοὺς
1981 1349 2066 1402 τό-

473 1435 632 1483 πους,
666 1421 815 1486 ὅστις
841 1426 1006 1496 φησιν
1031 1427 1238 1495 ἄτονον,
1265 1435 1359 1488 καὶ
1383 1435 1736 1510 πρόσκαιρον,
1765 1442 1858 1495 καὶ
1872 1441 2070 1495 ἐπιλεί-

471 1524 681 1562 πουσαν
730 1513 947 1584 ἐκείνην
977 1517 1257 1586 γεγονέναι
1303 1521 1401 1594 τὴν
1445 1523 1615 1596 ζωὴν,
1663 1529 1759 1581 καὶ
1807 1529 1907 1600 τὴν
1943 1533 2064 1584 κατ’

2239 1347 2406 1418 220
2440 1347 2522 1401 l0.
2559 1345 2664 1401 Sed
2692 1345 2804 1412 jam
2831 1345 3112 1401 videamus
3146 1345 3274 1415 quid
3305 1343 3601 1398 lleracleon
3637 1343 3745 1398 hoc

2162 1441 2364 1495 inloco
2394 1441 2637 1493 sentiat:
2673 1439 2850 1506 inquit
2895 1447 3077 1491 autem
3128 1436 3359 1509 [fontem
3407 1433 3609 1506 illum,]
3644 1435 3747 1488 im-

2159 1529 2434 1596 becillem,
2461 1539 2518 1582 et
2553 1528 2966 1596 temporariam,
2999 1535 3054 1582 et
3087 1527 3428 1582 deficientem
3454 1526 3623 1580 fuisse
3657 1524 3744 1578 vi-

469 1601 638 1672 αύτὴν
667 1602 844 1668 δόξαν·
875 1611 1114 1680 κοσμικὴ
1136 1612 1265 1685 γὰρ,
1301 1617 1486 1686 φησὶν,
1516 1613 1602 1689 ἧν·
1650 1620 1745 1672 καὶ
1767 1620 1939 1675 οἴεται
1969 1621 2052 1676 τοῦ

2161 1627 2293 1684 tam,
2317 1619 2568 1689 illiusque
2589 1619 2857 1689 gloriam;
2890 1616 3162 1670 mundana
3181 1617 3349 1683 enim,
3370 1614 3566 1685 inquit,
3585 1624 3742 1680 erat,

471 1697 740 1766 κοσμικὴν
766 1698 935 1770 αὐτὴν
963 1696 1099 1756 εἶναι
1140 1705 1413 1772 ἀπόδειξιν
1447 1709 1632 1782 φέρειν
1665 1715 1732 1765 ὲκ
1757 1711 1854 1766 τοῦ
1887 1713 2060 1785 θρέμ-

471 1801 618 1854 ματα
652 1787 747 1841 τοῦ
805 1790 1001 1844 Ἰακὼϐ
1045 1793 1105 1860 ἐξ
1151 1797 1324 1867 αὐτῆς
1372 1801 1710 1856 πεπωκέναιο
1751 1804 1845 1856 καί
1873 1806 1921 1856 εἰ
1958 1807 2056 1876 μὲν

468 1879 678 1944 ἄτονον,
707 1884 802 1936 καὶ
837 1885 1196 1960 πρόσκαιρον,
1229 1891 1322 1944 καὶ
1365 1893 1750 1948 ἐπιλείπουσαν
1782 1897 2056 1968 ἐλάμϐανε

465 1969 566 2042 τὴν
601 1972 668 2024 ἐκ
731 1973 930 2044 μέρους
975 1977 1196 2046 γνῶσιν,
1241 1981 1359 2052 ἤτοι
1407 1987 1473 2055 τῇ
1519 1985 1628 2038 ἀπὸ
1664 1985 1772 2040 τῶν
1821 1988 1862 2039 Γ
1866 1988 2057 2060 ραφῶν

467 2067 872 2135 συγκρίσειτῶν
891 2071 1145 2143 ἀρρήτων
1167 2073 1499 2146 ῥημάτων,ὃι
1519 2077 1618 2132 οὐκ
1645 2077 1762 2144 ἐξὸν
1785 2079 2056 2153 ἀνθρώπῳ

464 2153 716 2228 λαλῆσαι,
747 2161 928 2214 πᾶσαν
952 2161 1050 2234 τὴν
1079 2163 1174 2218 νῦν
1211 2165 1278 2219 δι’
1315 2165 1582 2238 ἐσόπτρου
1614 2170 1710 2223 καί
1737 2155 2058 2241 αἰνίγματος

464 2249 758 2320 γινομένην
787 2252 1009 2321 γνῶσιν,
1045 2258 1520 2330 καταργουμένην,
1549 2259 1678 2313 ὅταν
1723 2261 1850 2333 ἔλθῃ
1886 2262 1946 2316 τὸ
1971 2265 2059 2317 τέ-

463 2337 628 2405 λειον,
662 2344 762 2398 οὐκ
782 2343 847 2398 ἂν
878 2346 1010 2400 αὐτὸ
1041 2349 1464 2422 ὲνεκαλέσαμενο
1497 2353 1626 2405 εἰδὲ
1661 2353 1802 2426 ὑπὲρ
1823 2353 1915 2407 τοῦ
1939 2354 2056 2408 δια-

464 2432 679 2487 ϐάλλειν
705 2437 773 2490 τὰ
819 2437 1024 2493 παλαιά
1050 2439 1209 2495 τοῦτο
1239 2445 1401 2508 ποιεῖ,
1431 2443 1722 2515 ἐγκλητέος
1756 2445 1822 2500 ἂν
1848 2446 1956 2517 εἴη.
1990 2449 2056 2500 Ὃ

462 2524 522 2577 δὲ
565 2525 780 2580 δίδωσιν
826 2528 970 2601 ὕδωρ
997 2533 1025 2584 ὁ
1051 2532 1260 2605 Σωτὴρ,
1297 2537 1458 2605 φησὶν
1487 2532 1623 2590 εἶναι
1650 2539 1715 2591 ὲκ
1746 2537 1839 2590 τοῦ
1880 2538 2054 2592 Πνεύ-

467 2633 636 2688 ματος
668 2620 761 2672 καὶ
798 2621 897 2691 τῆς
930 2621 1212 2694 δυνάμεως
1239 2625 1438 2694 αὑτοῦ,
1464 2627 1525 2680 οὐ
1551 2627 1896 2699 ψευδόμενος
1959 2630 2055 2684 καὶ

463 2711 546 2774 εἰς
577 2711 658 2764 τό·
683 2731 702 2764 ι
739 2712 813 2766 Οὐ
849 2713 924 2786 μὴ
951 2714 1166 2787 διψήσει
1197 2718 1253 2770 δὲ
1273 2721 1354 2784 εἰς
1381 2720 1474 2773 τὸν
1504 2720 1697 2786 αἰῶνα,
1729 2740 1749 2772 ι
1783 2721 2058 2776 ἀποδέδω-

463 2820 558 2856 κεν
589 2805 780 2870 αὐταῖς
811 2806 1020 2873 λέξεσιν
1048 2808 1241 2875 οὕτως·
1285 2830 1304 2863 ί
1347 2811 1575 2878 Αίὼνιος
1604 2814 1715 2886 γάρ
1745 2817 1779 2886 ἡ
1818 2814 1930 2886 ζωὴ
1954 2815 2053 2868 αὺ-

460 2895 578 2963 τοῦ,
607 2898 701 2952 καὶ
734 2901 1002 2970 μηδέποτε
1027 2901 1380 2976 φθειρομένη,
1407 2907 1482 2970 ὡς
1504 2907 1599 2961 καὶ
1641 2909 1673 2979 ἡ
1704 2907 1895 2980 πρώτη
1929 2910 1962 2980 ἡ
1989 2908 2056 2962 éx'

461 2988 557 3042 τοῦ
592 2991 846 3062 φρέατος,
867 2993 1002 3047 ἀλλά
1027 2995 1281 3066 μένουσα”
1311 2999 1674 3071 ἀναφαίρετος
1701 2999 1810 3072 γὰρ
1827 3003 1861 3072 ἡ
1893 3001 2054 3072 χάρις

2163 1722 2218 1766 et
2241 1711 2518 1766 existimat
2549 1725 2609 1765 se
2648 1709 3172 1764 demonstrationem
3216 1707 3416 1763 alferre
3450 1707 3584 1780 [per
3625 1706 3746 1762 fon-

2164 1801 2305 1874 tem]
2340 1802 2638 1876 slgnilicari
2667 1801 2834 1857 vitam
2865 1801 3226 1866 mundanam,
3258 1815 3324 1855 eo
3362 1801 3508 1870 quod
3545 1813 3742 1869 pecora

2160 1893 2330 1950 Jacob
2373 1911 2442 1949 ex
2477 1910 2544 1949 eo
2585 1894 2865 1958 biberint;
2913 1905 2970 1948 et
3002 1893 3270 1963 siquidem
3304 1891 3654 1955 imbecillem,
3687 1899 3744 1944 et

2162 1987 2568 2056 temporariam,
2599 1993 2655 2038 et
2687 1984 3029 2039 deficientem
3058 1986 3358 2052 accepisset
3377 1983 3740 2053 cognitionem

2159 2093 2277 2134 eam
2303 2092 2424 2146 quae
2449 2087 2533 2131 est
2563 2093 2630 2131 ex
2661 2085 2814 2146 parte
2839 2079 2906 2143 δι,
2937 2093 3133 2149 nempe
3155 2077 3516 2146 cognitionem
3542 2089 3573 2129 e
3595 2074 3747 2128 Scri-

2160 2169 2334 2237 pturis
2379 2167 2818 2238 provenientem,
2857 2169 3272 2238 comparatione
3313 2165 3601 2221 verborum
3658 2165 3742 2217 iu-

2159 2260 2456 2315 dicibilium
2487 2269 2542 2314 et
2568 2275 2692 2330 qua:
2723 2261 2790 2314 ad
2815 2261 3091 2316 hominem
3127 2259 3311 2330 eloqui
3339 2275 3446 2314 non
3467 2266 3551 2313 est
3568 2257 3646 2312 fas
3671 2257 3742 2317 δ’.

2158 2367 2376 2408 omnem
2433 2353 2644 2407 scilicet
2677 2363 3000 2421 praesentem
3045 2351 3430 2423 cognitionem,
3482 2365 3604 2420 quae
3645 2363 3745 2417 per

2157 2445 2442 2516 speculum
2483 2453 2566 2500 est
2599 2454 2656 2499 et
2683 2459 2782 2513 per
2805 2444 3037 2514 aenigma
3063 2443 3136 2506 ⁸³,
3163 2453 3220 2497 ct
3261 2457 3380 2511 quae
3416 2440 3740 2502 destruitur,

2156 2553 2280 2592 cum
2325 2537 2534 2592 venerit
2579 2535 2710 2590 illud
2735 2537 2876 2606 quod
2909 2533 3210 2605 perfectum
3235 2543 3320 2589 est
3359 2533 3426 2600 ⁸⁸,
3459 2533 3744 2602 haudqua-

2158 2645 2320 2700 quam
2348 2631 2477 2686 illud
2505 2629 3086 2701 reprehendissemus;
3124 2627 3209 2682 sin
3237 2641 3368 2681 vero
3400 2626 3580 2681 isthuc
3629 2627 3742 2696 agit

2157 2730 2217 2774 ut
2255 2722 2623 2790 reprehendat
2667 2729 2894 2787 vetera,
2932 2709 3415 2789 reprehendendus
3462 2724 3547 2770 est
3601 2716 3739 2784 ipse.

2156 2813 2328 2871 Porro
2349 2813 2492 2884 quod
2527 2814 2606 2868 ait
2639 2827 2838 2882 aquam
2874 2826 3037 2882 quam
3075 2811 3170 2865 dat
3201 2809 3480 2874 Servatur,
3512 2822 3580 2862 ex
3613 2805 3744 2876 Spi-

2157 2903 2269 2961 ritu
2297 2918 2418 2960 esse
2450 2914 2597 2959 etex
2637 2905 2808 2972 ipsius
2834 2903 3102 2972 potentia,
3157 2916 3286 2954 vera
3332 2910 3556 2954 narrat:
3607 2901 3741 2969 quin

2160 2999 2276 3054 lucc
2312 2999 2478 3054 verba
2508 3017 2522 3054 ι
2563 3016 2582 3049 ι
2616 2997 2733 3052 Νοιι
2785 2998 2941 3052 sitiet
2973 2997 3029 3050 in
3079 3002 3344 3050 aeternum
3374 2991 3442 3057 ἥδ,
3475 3010 3494 3044 ι
3549 2991 3742 3046 iisdem

462 3085 557 3137 καὶ
585 3085 617 3156 ἡ
647 3085 824 3159 δωρεὰ
849 3085 943 3140 τοῦ
968 3088 1218 3160 Σωτῆρος
1239 3090 1416 3161 ἡμῶν,
1449 3093 1544 3146 καὶ
1582 3093 1656 3165 μὴ
1690 3093 2052 3164 ἀναλισκομέ-

2156 3105 2297 3160 pene
2342 3090 2527 3144 verbis
2579 3091 2977 3158 interpretatus
3021 3095 3125 3153 est,
3167 3087 3248 3141 sic
3295 3085 3522 3140 dicens:
3559 3101 3579 3136 ι
3616 3081 3740 3136 Vita

459 3191 551 3246 νη,
580 3176 714 3248 μηδὲ
761 3177 1090 3250 φθειρομένη
1121 3183 1180 3234 έν
1225 3181 1305 3252 τῷ
1353 3183 1630 3256 μετέχοντι
1661 3185 1770 3258 (16)
1802 3187 1990 3259 αὐτῆς.
2029 3207 2046 3240 ι

460 3267 828 3341 Φθειρομένην
864 3271 922 3324 δὲ
971 3273 1072 3344 τὴν
1105 3271 1330 3346 πρώτην
1387 3277 1564 3341 διδοὺς
1613 3275 1750 3332 εἶναι
1792 3280 1958 3353 ζωὴν,
2003 3283 2051 3334 εἰ

463 3361 565 3430 μὲν
589 3361 688 3434 τὴν
713 3363 857 3418 κατά
893 3363 957 3418 τὸ
989 3365 1225 3438 γράμμα
1259 3366 1433 3437 ἔλεγε.
1471 3368 1650 3442 ζητῶν
1671 3374 1738 3443 τῇ
1769 3373 2052 3444 περιαιρέ-

462 3468 544 3508 σει
578 3453 672 3507 τοῦ
704 3455 1060 3528 καλύμματος
1102 3461 1413 3532 γινομένην,
1447 3461 1481 3532 ἢ
1515 3461 1654 3516 κατά
1699 3463 1760 3516 τὸ
1803 3463 2049 3535 Πνεῦμα,

459 3545 554 3598 καὶ
583 3547 874 3618 εὑρίσκων,
913 3550 1082 3618 ὑγιῶς
1111 3550 1176 3605 ἂν
1211 3551 1416 3622 ἔλεγεν·
1466 3556 1515 3607 εἰ
1548 3554 1605 3608 δὲ
1633 3555 1811 3626 πάντη
1844 3555 2052 3628 φθορὰν

461 3643 758 3710 κατηγορεῖ
788 3640 897 3694 τῶν
928 3642 1198 3709 παλαιῶν,
1233 3644 1414 3715 δῆλον,
1440 3647 1524 3700 ὄτι
1560 3646 1720 3700 τοῦτο
1761 3651 1925 3716 ποιεῖ,
1975 3649 2052 3713 ὼς

461 3726 539 3798 μὴ
568 3728 710 3799 ὁρῶν
738 3730 806 3782 τὰ
835 3732 1014 3801 ἀγαθά
1061 3733 1170 3787 τῶν
1199 3734 1498 3806 μελλόντων
1537 3735 1682 3808 ἔχειν
1722 3741 1904 3792 ἐκεῖνα
1938 3738 2050 3809 (17)

455 3818 558 3890 τὴν
593 3820 772 3876 σκιάν.
805 3823 918 3875 Οὐκ
947 3824 1226 3888 ἀπιθάνως
1255 3825 1313 3878 δὲ
1348 3827 1430 3891 τὸ,
1460 3828 1825 3898 ἁλλομένου,
1855 3829 2050 3900 διηγὴ-

458 3924 612 3972 σατο,
653 3912 892 3976 καὶτοὺς
927 3914 1442 3996 μεταλαμϐάνοντας
1469 3917 1562 3972 τοῦ
1597 3917 1802 3972 ἄνωθεν
1824 3920 2050 3993 ἐπιχορ-

458 4001 764 4072 ηγουμένου
812 4005 1102 4068 πλουσίως,
1150 4007 1242 4060 καὶ
1299 4009 1498 4073 αὐτοὺς
1532 4009 1793 4064 ἐκϐλύσαι
1833 4013 1914 4074 εἰς
1948 4011 2050 4084 τὴν

459 4092 666 4164 ἐτέρων
713 4093 931 4150 αἰώνιον
977 4096 1123 4169 ζωὴν
1169 4099 1237 4153 τὰ
1283 4101 1799 4173 ὲπικεχορηγημένα
1842 4104 2044 4169 αὐτοῖς.

469 4181 629 4236 Ἀλλά
655 4185 750 4238 καὶ
781 4187 992 4240 ἐπαινεῖ
1015 4187 1112 4260 τὴν
1141 4191 1467 4263 Σαμαρεῖτιν
1494 4191 1570 4256 ὼς
1595 4192 2046 4267 ἀνενδειξαμένην

453 4275 556 4346 τὴν
584 4277 896 4350 ἀδιάκριτον
933 4280 1026 4334 καὶ
1069 4282 1404 4354 κατάλληλον
1434 4287 1500 4356 τῇ
1533 4283 1694 4354 φύσει
1724 4286 1925 4357 ἑαυτῆς
1955 4287 2046 4340 πί-

459 4385 595 4436 στιν,
624 4373 697 4444 μὴ
729 4373 1096 4446 διακριθεῖσαν
1123 4375 1210 4446 ἐφ’
1241 4371 1322 4440 οἷς
1352 4377 1535 4446 ἔλεγεν
1560 4378 1719 4450 αὐτῇ*
1745 4379 1793 4430 εί
1821 4378 1922 4448 μὲν
1952 4375 2046 4433 οὖν

2157 3185 2300 3238 enim
2342 3193 2544 3239 aeterna
2578 3193 2660 3238 est
2694 3183 2800 3235 vita
2826 3181 3021 3250 ipsius,
3053 3189 3110 3234 et
3137 3194 3260 3248 qua:
3290 3191 3562 3246 nunquam
3610 3189 3739 3229 cor-

2155 3276 2450 3346 rumpitur,
2483 3274 2620 3330 sicut
2657 3275 2832 3344 prima
2865 3273 2956 3326 illa
2987 3287 3124 3339 aqua
3157 3285 3276 3339 quae
3307 3280 3393 3324 est
3437 3283 3506 3322 ex
3550 3276 3738 3336 puteo,

2154 3373 2251 3424 sed
2276 3383 2502 3424 manens
2533 3386 2546 3421 :
2579 3368 2771 3436 nequit
2793 3365 2939 3420 enim
2991 3362 3196 3417 auferri
3236 3368 3460 3428 donum,
3485 3367 3540 3414 et
3561 3357 3738 3428 gratia

2157 3462 2466 3518 Servatoris
2513 3459 2711 3522 nostri,
2771 3471 2893 3526 quae
2944 3468 3120 3522 neque
3176 3451 3516 3506 consumitur
3563 3462 3742 3517 neque

2155 3555 2522 3624 corrumpitur
2565 3552 2618 3606 in
2679 3565 2744 3605 eo
2781 3549 2876 3618 qui
2936 3544 3209 3616 particeps
3265 3542 3435 3611 ipsius
3486 3537 3678 3593 fuerit.
3710 3557 3733 3590 ι

2153 3649 2326 3704 Porro
2351 3655 2535 3702 autem
2568 3659 2692 3700 cum
2723 3643 2954 3712 primam
2981 3639 3150 3692 vitam
3181 3631 3592 3702 corruptibilem
3639 3631 3738 3684 de-

2153 3741 2318 3804 derit,
2351 3737 2626 3808 siquidem
2658 3750 2779 3789 eam
2807 3729 3220 3800 corruptibilem
3253 3726 3420 3780 vitam
3451 3722 3590 3778 dixit
3615 3735 3740 3789 qua:

2152 3839 2239 3886 est
2267 3830 2566 3885 secundum
2600 3825 2864 3888 litteram,
2899 3834 3154 3892 quaerens
3178 3825 3234 3872 et
3269 3811 3554 3870 inveniens
3583 3810 3739 3864 abla-

2155 3925 2299 3979 tione
2325 3919 2609 3978 velaminis
2626 3919 2798 3972 vitam
2821 3931 2942 3971 eam
2965 3927 3088 3984 quae
3114 3918 3198 3966 est
3225 3923 3294 3963 ex
3323 3905 3556 3976 Spiritu,
3587 3912 3738 3958 recte

2151 4016 2328 4070 dixit:
2363 4031 2444 4070 sm
2482 4030 2617 4070 vero
2643 4007 3058 4078 corruptibilem
3085 4003 3294 4068 dicens,
3324 4007 3548 4054 accusat
3565 3995 3732 4050 vitam

2150 4118 2423 4172 veterum,
2457 4106 2804 4176 perspicuum
2834 4109 2918 4156 est
2947 4113 3070 4154 eum
3107 4096 3208 4149 hoc
3233 4091 3442 4154 facere,
3474 4097 3732 4156 tanquam

2149 4201 2239 4270 qni
2267 4215 2373 4254 non
2403 4200 2586 4254 videat
2615 4197 2752 4251 bona
2779 4194 2867 4248 illa
2894 4191 3144 4247 umbram
3178 4188 3383 4242 habere
3410 4183 3722 4237 futurorum

2149 4291 2367 4345 illorum
2409 4292 2478 4345 ⁸⁸.
2521 4291 2789 4344 Cteterttm
2828 4300 2936 4338 non
2984 4282 3177 4338 inscite
3212 4281 3608 4344 interpretatus
3643 4283 3730 4326 est

2151 4396 2344 4438 vocem
2391 4379 2629 4435 salientis
2677 4373 2723 4406 ⁸⁷
2780 4388 2974 4443 aquas,
3033 4370 3223 4425 dicens
3285 4381 3381 4420 eos
3430 4365 3522 4432 qui
3571 4376 3603 4416 ο
3641 4377 3732 4416 su-

453 4461 554 4532 τὴν
584 4463 900 4534 προαίρεσιν
923 4465 1238 4537 ἀπεδέχετο,
1275 4469 1438 4540 μηδὲν
1469 4471 1597 4542 περί
1630 4447 1843 4540 φύσεως
1869 4473 2042 4525 αἰνιτ-

2156 4475 2340 4548 pernis
2365 4473 2510 4526 illam
2537 4469 2882 4524 abundanter
2898 4462 3296 4534 suppeditatam
3316 4455 3734 4528 participarent,

451 4555 698 4626 τόμενος,
741 4557 816 4622 ὼς
863 4558 1246 4632 διαφερούσης,
1282 4561 1374 4614 καὶ
1419 4562 1581 4632 ἡμεῖς
1620 4561 1686 4616 ἂν
1721 4564 2048 4632 συγκατεθέ-

457 4647 617 4718 μεθα’
657 4651 704 4704 εἰ
739 4649 795 4704 δὲ
825 4654 892 4723 τῇ
927 4655 1126 4724 φυσικῇ
1180 4657 1493 4726 κατασκευῇ
1530 4656 1792 4728 ἀναφέρει
1823 4657 1924 4729 τὴν
1947 4659 2045 4729 τῆς

455 4741 908 4808 συγκαταθέσεως
929 4744 1130 4806 αἰτίαν,
1161 4745 1237 4808 ὡς
1267 4745 1328 4798 ού
1348 4747 1479 4798 πᾶσι
1503 4747 1709 4816 ταύτης
1734 4747 2040 4820 παρούσης,

453 4832 836 4905 ἀνατρεπτέον-
871 4836 1037 4890 αὐτοῦ
1067 4836 1158 4890 τὸν
1193 4836 1370 4905 λόγον,
1418 4838 1531 4891 Οὐκ
1583 4833 1698 4891 οἶδα
1743 4839 1801 4891 δὲ
1852 4841 1970 4904 πῶς
2015 4841 2044 4894 ὁ

464 4925 781 4997 Ἡρακλέων
819 4927 882 4980 τὸ
932 4928 1006 4999 μὴ
1040 4929 1426 5002 γεγραμμένον
1457 4929 1704 4984 ἐκλαϐών
1741 4949 1874 5003 φησι
1905 4933 2046 5004 πρὸς

451 5017 531 5071 τό·
572 5037 590 5070 ι
629 5021 726 5084 Δός
759 5038 848 5091 μοι
895 5021 1055 5074 τοῦτο
1080 5022 1140 5074 τὸ
1173 5020 1336 5092 ὕδωρ,
1375 5041 1392 5072 ι
1439 5023 1650 5094 ὼςςάρα
1685 5022 1891 5097 βραχέα
1931 5025 2046 5079 δια-

449 5109 709 5182 νυχθεῖσα
735 5113 840 5166 ὑπὸ
857 5111 948 5166 τοῦ
982 5112 1155 5182 Λόγου
1179 5113 1409 5184 ἐμίσησε
1433 5113 1618 5168 λοιπὸν
1643 5115 1736 5168 καὶ
1768 5116 1858 5168 τὸν
1883 5116 2048 5171 τόπον

451 5203 660 5258 ἐκείνου
691 5205 784 5259 τοῦ
817 5205 1109 5278 λεγομένου
1156 5209 1352 5262 Ἰακὼϐ
1384 5208 1616 5282 φρέατος
1661 5208 1792 5282 (18).
1837 5211 1957 5264 Ἔτι
1990 5211 2049 5264 δὲ

453 5300 547 5351 καὶ
583 5299 718 5372 πρὸς
749 5300 832 5354 τόο
869 5321 886 5352 ι
928 5303 1026 5366 Δός
1062 5319 1151 5373 μοι
1173 5301 1331 5355 τοῦτο
1353 5301 1414 5356 τὸ
1447 5301 1620 5376 ὕδωρ,
1655 5303 1742 5358 ἵνα
1785 5303 1860 5375 μὴ
1887 5303 2046 5372 διψῶ,

542 5417 588 5448 ⁷⁸
613 5417 770 5472 Joan.
805 5433 878 5474 tv.
910 5419 962 5472 9.
1074 5419 1118 5451 ⁷⁹
1156 5418 1286 5472 ibid.
1319 5419 1404 5472 11.
1515 5417 1561 5448 ⁸ο
1594 5417 1723 5471 ibid.
1758 5418 1844 5472 12.

454 5485 504 5518 ⁵⁸
533 5486 664 5543 ibid.
696 5488 782 5542 10.
843 5489 904 5557 .⁸⁸
933 5487 1090 5543 Joan.
1121 5507 1192 5553 Iv,
1224 5490 1308 5542 l5.

513 5589 1020 5688 (16)]11ετέχοντι.
1060 5591 1154 5647 Sic
1202 5593 1374 5646 codex
1417 5592 1772 5662 Bodleianus;
1822 5597 2042 5668 Regius,

470 5679 654 5716 μετασ-
677 5679 810 5715 οντι.

470 5719 483 5732 ’
519 5681 676 5803 ιιηί
701 5733 882 5788 Codex
942 5731 1285 5797 Bodleianus,
1319 5729 1463 5802 ἔχειν
1515 5735 1775 5804 ἐκείνων,
1825 5737 2044 5808 Regius,

1957 5418 2001 5448 ³¹
2031 5416 2054 5470 1
2083 5415 2209 5472 Cor.
2241 5431 2362 5483 xm,
2400 5418 2486 5472 12.

1385 5489 1430 5519 ⁸⁸
1461 5487 1627 5541 Hebr.
1661 5504 1714 5551 χ,
1743 5489 1792 5541 1.
1869 5488 1914 5519 ⁸⁷
1943 5487 2101 5542 Joan.
2131 5505 2208 5553 ιν,
2238 5489 2324 5542 14.

2151 4547 2398 4621 vicissim
2432 4564 2600 4618 etiam
2643 4576 2706 4614 ea
2757 4557 3031 4613 scaturire
3073 4566 3194 4622 quae
3239 4550 3344 4605 sibi
3383 4547 3733 4619 suppeditata

2150 4659 2376 4714 fuerint.
2424 4656 2530 4711 Sed
2581 4663 2636 4708 et
2687 4650 3071 4707 Samaritidem
3116 4643 3324 4709 laudat,
3373 4651 3433 4696 ut
3471 4653 3594 4710 qua:
3622 4653 3736 4694 suae

2151 4752 2322 4822 ipsius
2353 4757 2566 4802 naturae
2599 4745 2757 4800 fidem
2787 4738 3092 4798 ostenderit
3113 4734 3378 4806 aequalem
3406 4741 3461 4788 et
3484 4740 3737 4787 constan-

2154 4854 2302 4905 tem;
2335 4856 2441 4894 non
2478 4849 2682 4894 motam
2707 4839 2777 4892 ob
2802 4851 2865 4892 ea
2899 4849 3018 4904 qua:
3053 4831 3130 4886 illi
3168 4831 3386 4885 dicebat
3416 4829 3720 4893 Servatus;

2149 4935 2236 4990 cui
2269 4933 2436 4988 etiam
2464 4947 2562 4987 nos
2588 4930 2904 4994 annuimus,
2940 4928 2986 4982 si
3019 4925 3358 4995 propositum
3399 4921 3604 4988 laudat,
3645 4921 3730 4974 ni-

2151 5026 2228 5080 hil
2263 5027 2330 5080 de
2354 5033 2542 5079 natura
2572 5021 2735 5077 veluti
2762 5021 3045 5076 excellenti
3074 5024 3348 5082 innitens;
3381 5017 3464 5071 sin
3501 5030 3634 5070 vero
3663 5015 3732 5070 ad

2151 5117 2404 5172 naturale
2438 5117 2720 5187 opificium
2754 5115 2940 5180 refert,
2977 5112 3120 5182 quod
3152 5109 3428 5182 Servatori
3454 5109 3736 5177 obtempe-

2141 5209 2288 5264 -rarit
2321 5207 2635 5272 Samaritis,
2673 5205 2826 5274 quasi
2853 5204 2958 5258 hoc
2995 5219 3099 5257 non
3132 5201 3388 5256 omnibus
3423 5199 3572 5262 insit,
3603 5198 3734 5252 sub-

2153 5300 2413 5357 vertenda
2457 5308 2538 5354 est
2590 5297 2737 5354 illius
2781 5295 2978 5351 oratio.
3031 5292 3224 5348 Nescio
3271 5305 3403 5346 vero
3457 5286 3739 5357 quomodo

2598 5419 2643 5451 δ’
2672 5415 2716 5470 11
2748 5416 2873 5472 Cor.
2902 5433 3000 5478 xu,
3033 5419 3084 5472 4.
3199 5419 3244 5451 ⁸³
3273 5419 3294 5472 1
3322 5419 3447 5478 Cor.
3479 5437 3609 5485 xm,
3645 5423 3732 5476 12.

2531 5661 2726 5740 Ἰακὼϐ
2759 5661 2992 5734 φρέατος
3018 5659 3187 5716 codex
3225 5655 3424 5728 Regius
3453 5668 3743 5726 perperam

2156 5735 2333 5794 habet
2363 5735 2563 5800 ζῶντος
2599 5735 2815 5798 ὓδατος.
