4170 6428
495 269 604 324 με
1978 279 2064 335 OB

2168 277 2302 334 SNIS
3647 285 3760 341 “6

492 387 822 454 Heracleon,
851 391 998 457 quod
1031 391 1294 461 scriptum
1323 391 1490 446 etiam
1520 407 1628 448 non
1663 404 2064 462 cstassumens.

2178 397 2311 468 μηδὲ
2359 381 2662 468 διέρχωμαι
2707 395 2895 450 ἐνθάδε
2927 395 3159 462 ἀντλεῖν,
3201 416 3220 449 t
3271 397 3434 470 φησὶν
3463 397 3546 452 δτι
3584 401 3764 456 ταῦτα

490 481 692 537 dixerit
715 479 769 536 in
804 482 906 538 hoc
927 483 1128 538 dictum
1156 499 1171 536 :
1195 505 1214 536 ι
1238 485 1312 539 Da
1341 485 1468 540 mihi
1503 487 1643 542 hanc
1673 503 1925 557 aquam,»
1952 491 2064 545 bre-

2177 489 2324 556 λέγει
2355 491 2389 560 ἡ
2433 489 2570 560 γυνὴ
2613 489 2952 558 ἐμφαίνουσα
2987 488 3048 540 τὸ
3083 487 3398 558 ἑπίμοχθον,
3433 489 3526 542 καὶ
3559 489 3766 544 δυσπό-

487 576 541 629 vi
573 589 603 629 a
641 575 906 632 Sermone
948 577 1041 632 Dei
1069 578 1210 632 Filio
1242 577 1578 632 stimulatam
1625 581 1911 636 mulierem
1943 582 2064 636 odio

2178 596 2380 652 ριστον,
2415 579 2510 632 καὶ
2540 578 2774 650 ἄτροφον
2805 579 3013 633 ἐκείνου
3052 579 3148 632 τοῦ
3187 579 3397 643 ὓδατος.
3426 579 3595 634 Πόθεν
3647 583 3766 654 γὰρ

489 665 752 725 habuisse
779 668 945 723 etiam
997 669 1173 724 locum
1221 668 1367 723 illius
1409 669 1588 737 putei,
1636 673 1728 738 qui
1779 671 2064 727 dicebatur

2172 670 2444 725 δεικνύναι
2471 669 2585 741 ἔχει
2607 671 2840 742 ἄτροφον
2865 666 3004 724 εἶναι
3031 670 3092 724 τὸ
3114 670 3208 724 τοῦ
3246 670 3440 725 Ἰακὼϐ
3472 670 3644 742 ’ύδωρξ

485 755 674 813 Jacob.
705 757 974 814 Pmterea
1001 759 1054 813 in
1083 759 1250 813 illud:
1277 779 1296 812 ι
1333 761 1410 814 Da
1441 761 1571 814 mihi
1597 776 1794 830 aquam
1819 763 1984 824 hanc.
2008 772 2068 816 ut
2098 778 2205 817 non
2251 763 2460 825 sitiam,
2522 778 2697 832 neque
2730 764 2941 819 veniam
2973 765 3079 820 huc
3134 766 3202 818 ad
3253 757 3610 820 hauriendum
3629 765 3701 830 ³⁸,
3739 785 3758 815 ι

486 848 665 918 inquit
697 848 856 918 221
897 847 1178 904 mulierem
1208 849 1326 905 haec
1355 851 1542 906 dicere
1568 854 1950 908 ostendentem
1993 853 2178 908 labore
2226 854 2454 919 hauriri,
2482 865 2536 909 et
2601 869 2726 909 cum
2782 855 3113 910 difﬁcultate
3151 857 3330 926 parari
3364 871 3560 925 aquam
3605 857 3760 912 illam

488 943 556 997 ad
584 943 921 1014 irrigandum
956 957 1064 998 non
1103 951 1283 1014 aptam
1319 959 1500 1016 neque
1529 947 1886 1004 nutrientem.
1919 946 2076 1004 Unde
2099 949 2248 1004 enim
2302 959 2483 1019 potest
2510 950 2804 1005 ostendere
2855 964 3050 1018 aquam
3079 947 3248 1005 Jacob
3307 947 3607 1018 irrigationi
3659 965 3763 1020 ap—

485 1043 598 1089 tam
629 1049 734 1088 uon
765 1048 886 1090 esse
908 1051 1007 1091 nec
1032 1036 1368 1090 nutrientcm
1392 1038 1417 1091 ?

553 1125 642 1180 11.
661 1127 852 1179 Adhuc
868 1125 922 1180 in
951 1125 1068 1180 haec
1092 1127 1202 1180 duo
1225 1127 1389 1182 verba
1420 1145 1434 1182 :
1463 1146 1483 1180 ι
1513 1129 1656 1184 Dicit
1677 1128 1864 1193 ἰΙΙί³⁹,»
1891 1127 2069 1197 inquit

481 1215 802 1282 lleracleon,
836 1217 1050 1273 scilicet
1077 1217 1184 1274 tale
1205 1219 1336 1288 quid
1376 1219 1567 1276 dicens
1597 1240 1608 1274 :
1649 1239 1668 1273 ι
1707 1221 1764 1276 Si
1795 1223 1877 1276 vis
1918 1221 2066 1276 acci-

479 1320 608 1375 pere
655 1307 798 1363 hanc
848 1323 1066 1378 aquam,
1115 1310 1278 1374 vade,
1313 1326 1447 1367 voca
1501 1314 1679 1367 virum
1720 1323 1911 1378 tuum;
1951 1333 1971 1367 ι
2012 1323 2068 1371 et

478 1399 758 1453 existimat
783 1399 989 1464 virum,
1039 1415 1201 1470 quem
1249 1401 1599 1459 Samaritidis
1626 1420 1749 1461 esse
1804 1406 2066 1462 Servatur

478 1491 630 1557 dicit,
687 1491 930 1560 pleroma
982 1494 1333 1552 Samaritidis
1375 1511 1517 1561 esse,
1548 1507 1611 1552 ut
1658 1497 1900 1568 profecta
1935 1515 2062 1554 cum

480 1581 573 1636 illo
616 1583 686 1637 ad
732 1581 1106 1650 Servatorem,
1141 1597 1423 1656 reportare
1461 1589 1533 1644 ab
1576 1589 1693 1658 ipso
1741 1590 2061 1659 potentiam,

2245 1125 2333 1178 11.
2366 1125 2486 1178 Ἔτι
2516 1123 2574 1178 δὲ
2593 1126 2623 1178 ὁ
2651 1124 2968 1196 ’Πρακλέων
3003 1125 3140 1196 πρὸς
3173 1127 3259 1180 τά·
3302 1143 3322 1177 ι
3358 1125 3519 1194 Λέγει
3548 1127 3710 1198 αὐτῇ,
3735 1147 3756 1179 ι

2171 1217 2327 1289 φησὶ,
2359 1217 2520 1287 δῆλον
2545 1217 2627 1269 ὅτι
2652 1215 2861 1270 τοιοῦτό
2893 1233 2947 1269 τι
2970 1215 3163 1284 λέγων·
3203 1234 3223 1268 t
3275 1218 3338 1270 Εἰ
3367 1218 3540 1282 θέλεις
3573 1218 3763 1272 λαϐεῖν

2167 1309 2328 1362 τοῦτο
2344 1308 2406 1361 τὸ
2432 1307 2596 1378 ὕδωρ,
2633 1306 2833 1378 ὕπαγε,
2867 1307 3118 1379 φώνησον
3143 1308 3234 1362 τὸν
3263 1308 3430 1381 ἄνδρα
3458 1326 3570 1363 σου·
3616 1330 3634 1362 ι
3661 1313 3762 1364 καὶ

2166 1399 2338 1452 οἴεται
2370 1399 2470 1469 τῆς
2502 1399 2889 1470 Σαμαρείτιδος
2920 1399 3014 1454 τὸν
3049 1399 3339 1470 λεγόμενον
3383 1401 3486 1454 ὑπὸ
3515 1400 3609 1454 τοῦ
3643 1403 3762 1455 Σω-

2169 1492 2332 1561 τῆρος
2361 1489 2551 1561 ἄνδρα,
2573 1489 2634 1542 τὸ
2653 1488 2928 1559 πλήρωμα
2947 1484 3088 1542 εἶναι
3107 1489 3300 1560 αὐτῆς,
3326 1491 3414 1544 ἵνα
3442 1491 3538 1544 σὺν
3563 1491 3761 1561 ἐκείνῳ

2170 1582 2438 1652 γενομένη
2493 1581 2632 1652 πρὸς
2675 1580 2767 1634 τὸν
2800 1581 3028 1652 Σωτῆρα
3059 1581 3384 1652 κομίσεσθαι
3428 1584 3558 1654 παρ’
3589 1583 3760 1636 αὑτοῦ

479 1682 536 1728 et
570 1674 851 1742 unionem,
897 1686 954 1732 et
987 1680 1428 1736 commistionem
1478 1683 1547 1736 ad
1607 1681 1851 1752 pleroma
1906 1698 2064 1738 suum

2169 1673 2268 1745 τὴν
2283 1673 2533 1744 δύναμιν,
2557 1676 2652 1727 καὶ
2674 1675 2774 1745 τὴν
2805 1675 3020 1736 ἕνωσιν,
3064 1677 3158 1728 καὶ
3202 1675 3299 1746 τὴν
3328 1677 3630 1748 ἀνάκρασιν
3656 1679 3761 1749 τὴν

479 1772 712 1831 posset:
748 1781 768 1815 ι
801 1778 924 1819 cum
973 1767 1227 1823 Christus
1253 1785 1361 1824 non
1394 1770 1650 1836 dixerit,»
1689 1772 1865 1841 inquit
1893 1771 2065 1827 [lera-

479 1852 668 1920 cleon,
710 1872 730 1906 ι
759 1856 976 1912 mulieri
1021 1859 1089 1913 de
1131 1859 1348 1916 homine
1372 1863 1671 1930 mundano,
1717 1873 1776 1918 ut
1823 1874 2062 1929 vocaret,

479 1945 741 2012 quoniam
773 1961 880 2002 non
905 1947 1192 2019 ignorabat
1214 1966 1336 2006 eam
1367 1953 1672 2022 legitimum
1721 1955 1898 2010 virum
1954 1973 2062 2011 non

482 2037 708 2094 habere.
750 2059 769 2092 ι
804 2041 1076 2098 (ἔπιθι-ωτι
1108 2045 1396 2102 manifeste
1427 2048 1530 2102 hoc
1581 2049 1634 2102 in
1683 2047 1802 2103 loco
1839 2060 2066 2120 urgetur

479 2131 692 2198 dicens,
725 2135 868 2203 quod
899 2136 1112 2191 mulieri
1139 2137 1400 2194 Servatur
1437 2138 1682 2194 dixerit:
1743 2159 1763 2194 t
1799 2143 1942 2197 Voca
1987 2145 2068 2197 vi-

478 2238 600 2279 rum
649 2233 839 2290 tuum,
871 2239 928 2282 et
956 2229 1078 2282 veni
1127 2230 1234 2284 httc
1261 2231 1370 2294 ",a
1407 2232 1724 2302 signiﬁcans
1776 2237 2058 2302 maritum,

477 2331 641 2385 quem
668 2333 735 2372 ex
766 2318 1071 2388 pleromate
1099 2321 1370 2376 habebat:
1403 2338 1525 2378 nam
1557 2325 1602 2380 si
1642 2326 1746 2381 hoc
1781 2328 1861 2383 sic
1883 2343 1942 2382 se
1966 2329 2064 2382 ha-

475 2408 665 2474 bebat,
694 2423 1019 2480 oportuerat
1058 2416 1236 2468 virum
1285 2416 1541 2480 dicendo,
1600 2419 1819 2473 modum
1869 2421 2064 2486 etiam,

477 2515 590 2570 quo
625 2507 910 2559 vocandus
939 2514 1079 2573 erat,
1110 2506 1315 2571 dicere,
1362 2517 1422 2562 ut
1464 2524 1586 2564 cum
1615 2511 1733 2578 ipso
1765 2511 1831 2564 ad
1865 2510 2067 2566 Serva-

477 2610 650 2655 torem
683 2611 953 2672 pergeret.
991 2623 1010 2656 ‹
1049 2603 1156 2659 Sed
1189 2606 1472 2675 quoniam.
1546 2615 1606 2661 ut
1645 2607 1952 2663 lleracleon
1985 2609 2067 2662 in-

457 2692 622 2760 ,quit,
647 2692 802 2760 juxta
839 2694 1255 2762 intelligentiam
1295 2697 1636 2766 spiritualem
1671 2698 1957 2769 ignorabat
1989 2703 2066 2754 vi-

474 2799 598 2839 rum
625 2799 806 2850 suum,
833 2789 1132 2842 secundum
1157 2803 1285 2843 vero
1307 2789 1619 2858 simplicem
1648 2788 2063 2860 intelligentiam

479 2875 843 2932 erubescebat
885 2877 1068 2932 dicere
1121 2880 1267 2949 quod
1322 2881 1593 2934 machum
1647 2881 1899 2948 haberet,
1955 2899 2062 2939 non

473 2969 678 3034 virum,
709 2989 728 3022 ι
767 2971 1039 3039 quomodo
1073 2986 1178 3026 non
1226 2971 1430 3027 frustra
1461 2973 1772 3043 imperabit,
1827 2977 2014 3032 dicens
2045 2995 2058 3032 :

2171 1767 2308 1838 πρὸς
2335 1766 2396 1819 τὸ
2427 1766 2703 1838 πλήρωμα
2731 1767 2902 1837 αὐτῆς
2935 1767 3160 1839 δυνηθῇ·
3203 1786 3222 1819 t
3269 1769 3331 1820 οὐ
3363 1768 3473 1840 γὰρ
3506 1771 3636 1841 περὶ
3661 1771 3761 1824 ἁν-

2167 1855 2316 1927 δρὸς,
2361 1873 2380 1908 ι
2416 1856 2572 1926 φησὶ,
2612 1873 2630 1906 ι
2671 1855 2962 1925 κοσμικοῦ,
2991 1855 3178 1924 ἔλεγεν
3205 1857 3344 1929 αὐτῇ
3375 1858 3506 1928 (19),
3529 1860 3617 1912 ῖνα
3651 1877 3757 1912 κα-

2167 1947 2323 2018 λὲσῃ,
2351 1946 2582 2017 ἐπείπερ
2603 1945 2703 1998 οὐκ
2733 1947 2942 2016 ἠγνόει,
2981 1948 3063 2001 ὅτι
3094 1947 3195 2000 ούκ
3237 1944 3352 2018 εἶχε
3387 1949 3616 2020 νόμιμον
3661 1952 3757 2006 ἇν-

2168 2039 2289 2111 δρα.
2334 2059 2352 2090 ι
2381 2038 2670 2111 Προδήλως
2693 2039 2750 2092 δὲ
2773 2039 3005 2094 ἐνταῦθα
3029 2038 3276 2110 βιάζεται
3303 2041 3476 2108 λέγων
3503 2044 3640 2114 αὐτῇ
3665 2043 3758 2096 τὸν

2169 2132 2396 2203 Σωτῆρα
2427 2131 2728 2204 εἰρηκέναι·
2753 2150 2771 2182 ι
2794 2131 3048 2201 Φώνησόν
3074 2149 3168 2186 σου
3189 2133 3280 2186 τὸν
3301 2134 3487 2206 ἄνδρα,
3505 2137 3600 2189 καὶ
3631 2137 3754 2192 ὲλῡὲ

2167 2223 2377 2289 ἐνθάδε,
2409 2244 2428 2278 ι
2461 2225 2723 2296 δηλοῦντα
2749 2225 2840 2279 τὸν
2870 2226 2978 2279 ἀπὸ
3005 2225 3098 2280 τοῦ
3114 2226 3477 2298 πληρώματος
3499 2229 3750 2300 σύζυγον·

2169 2318 2328 2390 εἴπερ
2379 2316 2488 2388 γὰρ
2533 2316 2678 2370 τοῦθ’
2707 2317 2882 2380 οὕτως
2919 2313 3088 2388 εἶχεν,
3133 2319 3302 2390 ἐχρῆν
3339 2320 3430 2373 τὸν
3459 2321 3627 2391 ἄνδρα
3661 2323 3756 2376 καὶ

2165 2409 2289 2462 τίνα
2323 2409 2522 2481 τρόπον
2547 2407 2824 2478 φωνητέω
2853 2407 3004 2462 ἔσται
3033 2409 3195 2462 αὑτὸν
3225 2409 3358 2478 (20),
3399 2411 3486 2464 ἵνα
3535 2413 3631 2465 σὺν
3659 2414 3757 2466 αύ-

2167 2500 2244 2571 τῷ
2277 2501 2501 2571 γένηται
2520 2501 2656 2572 πρὸς
2680 2500 2772 2553 τὸν
2790 2500 3040 2572 Σωτῆρα.
3072 2520 3090 2553 ι
3140 2501 3278 2554 Ἀλλ’
3311 2503 3452 2566 ἐπεὶ,
3489 2503 3566 2566 ὡς
3597 2505 3756 2574 Ἥρα-

2168 2595 2341 2649 κλέων
2369 2594 2523 2667 φησὶ,
2557 2592 2699 2646 κατὰ
2734 2593 2796 2648 τὸ
2831 2593 3122 2662 νοούμενον
3162 2595 3349 2664 ἠγνόει
3382 2596 3474 2649 τὸν
3504 2595 3632 2649 ἴδιον
3661 2597 3754 2650 ἇν-

2165 2685 2288 2758 δρα,
2335 2687 2476 2741 κατὰ
2500 2687 2556 2741 δὲ
2587 2685 2648 2739 τὸ
2689 2685 2890 2739 ἁπλοῦν
2924 2685 3186 2756 ᾐσχύνετο
3215 2689 3409 2753 εἰπεῖν,
3431 2688 3512 2741 ὅτι
3543 2689 3752 2758 μοιχὸν,

2166 2780 2286 2850 οὐχὶ
2305 2779 2362 2832 δὲ
2387 2780 2555 2852 ἄνδρα
2587 2774 2720 2850 εἶχε·
2757 2797 2776 2830 ι
2815 2777 2931 2841 πῶς
2955 2778 3076 2848 οὐχὶ
3105 2777 3282 2848 μάτην
3301 2777 3451 2830 ἔσται
3485 2779 3756 2849 προστάσ-

2169 2885 2278 2923 σων
2309 2873 2337 2924 ὁ
2360 2871 2550 2940 λέγων·
2594 2892 2611 2922 ι
2642 2870 2882 2938 ’Ύπαγε,
2912 2869 3162 2940 φώνησον
3189 2870 3281 2923 τὸν
3311 2871 3476 2942 ἄνδρα
3516 2889 3630 2938 σου,
3660 2874 3755 2926 καὶ

2167 2964 2288 3016 ἐλθὲ
2322 2965 2540 3030 ὲνϐάδε;
2580 2985 2598 3017 ι
2628 2961 2759 3018 Εἶτα
2787 2964 2924 3036 πρὸς
2949 2962 3122 3017 τοῦτο·
3168 2982 3186 3014 ι
3233 2964 3454 3034 ’Λληθὲς
3502 2967 3751 3036 εἴρηκας,

479 3080 500 3113 ι
535 3061 703 3125 Vade,
735 3077 866 3118 voca
891 3063 1074 3116 virum
1109 3071 1283 3129 tuum,
1311 3073 1368 3118 et
1400 3065 1522 3118 veni
1552 3065 1696 3122 huc?
1718 3086 1736 3119 I
1767 3069 1968 3122 Deinde
1992 3068 2059 3122 ad

2168 3056 2248 3108 ὅτι
2278 3054 2446 3127 ἄνδρα
2477 3057 2579 3109 οὐκ
2628 3055 2792 3126 ἔχεις,
2829 3077 2847 3110 ι
2888 3057 3074 3126 φησίν·
3119 3075 3140 3108 ι
3193 3054 3344 3110 Ἐπεὶ
3377 3057 3433 3108 ἐν
3463 3055 3540 3124 τῷ
3567 3055 3755 3126 κόσμῳ

474 3152 607 3208 illud
633 3169 648 3208 :
683 3171 704 3206 ι
741 3151 881 3209 Vere
903 3155 1110 3221 dixisti,
1135 3156 1395 3224 quoniam
1419 3157 1596 3212 virum
1625 3173 1732 3213 non
1765 3159 2056 3226 habeo",i

474 3244 695 3314 inquit:
732 3263 754 3298 ι
792 3244 1063 3313 Quoniam
1098 3248 1152 3302 in
1181 3252 1384 3305 mundo
1429 3251 1608 3305 virum
1662 3266 1768 3306 non
1827 3253 2065 3308 habebat

475 3333 791 3402 Samaritis,
828 3337 948 3392 viro
988 3351 1089 3392 suo
1123 3339 1430 3394 exsistente
1484 3340 1538 3394 in
1590 3339 1788 3398 Eone.
1819 3361 1840 3394 ι
1884 3343 2064 3414 Atque

475 3440 578 3482 nos
632 3427 849 3496 quidem
887 3427 1161 3500 legimus:
1224 3449 1244 3483 ι
1282 3432 1540 3504 Quinque
1581 3435 1728 3488 enim
1776 3435 1926 3490 viros
1975 3437 2066 3490 ha-

473 3519 752 3585 buisti";
787 3539 807 3572 ι
864 3523 1008 3590 apud
1061 3521 1452 3580 lleracleonem
1508 3540 1642 3580 vero
1695 3527 2056 3582 invenimus:

481 3628 502 3662 σ
539 3610 646 3665 Sex
676 3611 827 3668 viros
863 3613 1144 3680 habuisti;
1188 3634 1207 3667 ι
1247 3615 1750 3686 iuterpretaturque
1794 3632 1890 3686 per
1917 3619 2064 3674 viros

479 3715 577 3756 sex
603 3703 912 3758 universam
943 3703 1208 3759 malitiam
1249 3705 1593 3761 materialem
1627 3709 1918 3775 declarari,
1974 3713 2062 3764 cui

477 3792 806 3860 cumplicata
837 3793 1015 3849 fuerat
1049 3796 1246 3866 cuique
1273 3797 1688 3866 approximarat
1731 3807 1933 3867 praeter
1967 3814 2060 3853 ra-

479 3883 682 3940 tionem
723 3884 1028 3953 fornicans,
1061 3888 1414 3944 contumeliis
1447 3888 1664 3954 affecta,
1702 3899 1758 3945 et
1785 3900 2063 3960 separata,

477 3983 536 4029 ct
565 3975 820 4031 derelicta
857 3978 928 4032 ab
961 3978 1113 4048 ipsis.
1154 3977 1262 4033 Sed
1294 3979 1394 4050 ipsi
1425 3978 1742 4034 lleracleoui
1778 3980 2062 4034 dicendum

477 4074 584 4132 est,
607 4065 652 4121 si
675 4065 942 4123 fornicata
967 4080 1049 4126 est
1072 4071 1392 4140 spiritualis,
1415 4085 1670 4140 peccasse
1692 4070 2059 4140 spiritualem;

479 4160 526 4213 si
557 4173 686 4214 vero
715 4163 965 4229 peccavit
1001 4164 1322 4232 spiritualis,
1380 4165 1635 4218 arborem
1691 4163 1888 4218 bonam
1956 4180 2060 4216 non

481 4249 649 4306 fuisse
678 4253 1014 4320 spiritualcm
1041 4271 1056 4322 ;
1093 4257 1246 4325 iuxta
1269 4257 1415 4311 enim
1448 4255 1802 4325 Evangelium
1831 4270 1844 4305 :
1887 4273 1906 4306 ι
1945 4253 2061 4306 Νοη

481 4348 659 4408 potest
690 4342 855 4395 arbor
881 4343 1020 4396 bona
1055 4345 1226 4400 malos
1255 4346 1466 4400 fructus
1496 4347 1638 4398 ferre
1661 4345 1708 4376 ⁸⁸
1731 4384 1748 4408 ,
1781 4363 1800 4397 ι
1840 4345 2064 4413 proinde

485 4439 675 4500 aperte
705 4432 812 4488 illis
841 4435 1023 4504 perire
1047 4453 1170 4506 qua;
1201 4437 1498 4492 finxerunt.
1529 4438 1683 4504 Quod
1725 4439 1770 4492 si
1807 4437 1924 4491 fieri
1963 4452 2061 4492 ue-

484 4523 604 4591 quit
641 4533 702 4578 ut
731 4527 895 4580 arbor
923 4529 1063 4584 bona
1117 4531 1292 4586 malos
1331 4529 1470 4585 ferat
1508 4529 1742 4595 fructus,
1792 4539 1846 4582 et
1901 4529 2068 4584 arbor
2102 4572 2108 4578 .

484 4617 626 4670 bona
654 4628 736 4672 est
765 4619 1076 4687 Samaritis,
1111 4625 1239 4694 quia
1275 4625 1348 4678 sit
1373 4621 1696 4692 spiritualis,
1723 4634 2066 4689 consequens

487 4707 562 4761 illi
585 4717 668 4763 est
697 4711 902 4780 dicere,
931 4715 1076 4783 quod
1100 4723 1194 4769 aut
1225 4713 1520 4770 fornicatio
1545 4713 1665 4782 ejus
1697 4727 1805 4766 non
1844 4711 1916 4766 sit
1947 4727 2068 4781 pec-

485 4807 690 4859 catum.
728 4812 823 4858 aut
844 4806 989 4874 quod
1016 4807 1130 4862 haec
1159 4822 1268 4862 non
1291 4816 1376 4862 est
1400 4803 1689 4858 fornicata.

555 4889 830 4960 22212.
869 4913 889 4946 ι
923 4895 1064 4952 Dicit
1091 4897 1156 4951 ad
1188 4912 1312 4952 eum
1345 4896 1538 4950 mulier
1569 4912 1584 4949 :
1617 4894 1865 4960 Domine,
1909 4894 2066 4950 video

488 4987 543 5034 te
579 4997 699 5036 esse
731 4987 1072 5054 prophetam.
1098 4987 1290 5042 Patres
1329 4989 1504 5043 nostri
1547 4988 1601 5040 in
1631 4997 1818 5041 monte
1845 4989 1948 5042 hoc
1981 4988 2070 5042 ad-

487 5084 808 5142 oraverunt,
833 5087 890 5131 et
912 5095 1006 5134 vos
1029 5079 1208 5134 dicitis
1237 5078 1588 5149 Jerusolymm
1615 5077 1792 5132 locum
1821 5095 1946 5134 esse
1976 5079 2064 5132 ubi

489 5173 738 5232 oporteat
765 5170 995 5224 adorare
1021 5172 1120 5226 “.i
1157 5170 1344 5225 Tertio
1367 5171 1482 5240 jam
1527 5167 1820 5226 Samaritis
1865 5171 2067 5225 Serva-

494 5260 665 5308 torem
695 5267 941 5313 nostrum
973 5259 1264 5315 Dominum
1301 5259 1580 5328 praedicat,
1637 5260 1854 5328 quando
1901 5260 2063 5315 etiam

489 5345 753 5416 scriptum
781 5360 867 5406 est
895 5351 1084 5405 ultimo
1115 5353 1219 5406 hoc
1249 5366 1366 5405 eam
1410 5349 1483 5404 illi
1520 5350 1765 5412 dixisse;
1822 5357 2063 5404 attamen

2164 3146 2264 3198 οὐκ
2293 3141 2438 3215 εἶχεν
2475 3145 2643 3216 ἄνδρα
2671 3147 2704 3216 ἡ
2743 3146 3092 3217 Σαμαρεῖτις·
3122 3141 3190 3216 ἦν
3219 3143 3329 3218 γὰρ
3355 3144 3528 3216 αὐτῆς
3553 3147 3582 3198 ὁ
3613 3145 3756 3219 ἀνὴρ

2163 3237 2222 3288 ἐν
2250 3235 2327 3308 τῷ
2356 3234 2542 3290 Αἰῶνι.
2593 3254 2611 3287 ι
2659 3236 2851 3307 Ἡμεῖς
2897 3237 2995 3308 μὲν
3027 3233 3120 3291 οὖν
3155 3238 3488 3308 ἀνέγνωμεν·
3528 3259 3544 3289 t
3583 3239 3751 3293 Πέντε

2163 3328 2362 3401 ἄνδρας
2381 3328 2556 3398 ἔσχες·
2583 3319 2782 3400 ι’παρὰ
2803 3328 2859 3382 δὲ
2875 3329 2952 3400 τῷ
2979 3329 3318 3402 Ἠρακλέωνι
3335 3331 3589 3404 εὕρομεν·
3609 3353 3627 3384 ι
3655 3334 3753 3399 Ἐξ

2163 3418 2363 3489 ἄνδρας
2389 3418 2564 3488 ἔσχες·
2609 3437 2628 3470 ι
2663 3421 2756 3472 κα)¹
2785 3420 3080 3494 ἑρμηνεύει
3113 3438 3176 3489 γε
3205 3423 3303 3492 τὴν
3341 3423 3532 3494 ὑλικὴν
3571 3426 3751 3477 πᾶσαν

2164 3511 2362 3564 κακίαν
2398 3510 2688 3582 δηλοῦσθαι
2732 3511 2822 3566 διὰ
2853 3512 2963 3566 τῶν
2995 3513 3053 3580 ἓξ
3085 3513 3316 3586 ἀνδρῶν,
3343 3508 3376 3589 ᾖ
3425 3515 3754 3569 συνεπέπλε-

2166 3619 2262 3656 κτο
2312 3603 2404 3656 καὶ
2458 3602 2788 3673 ἐπλησίαζε,
2835 3604 2986 3675 παρὰ
3034 3605 3190 3674 λόγον
3237 3605 3600 3677 πορνεύουσα,
3655 3610 3752 3661 καὶ

2165 3691 2581 3764 ἐνυϐριξομένη,
2616 3693 2714 3746 καὶ
2736 3693 3090 3766 ἀθετουμένη,
3130 3696 3223 3748 καὶ
3248 3697 3751 3768 ὲγκαταλειπομένη

2167 3784 2258 3837 ὑπ’
2293 3783 2494 3838 αὐτῶν.
2529 3784 2764 3838 Λεκτέον
2800 3784 2857 3838 δὲ
2881 3785 3019 3855 πρὸς
3042 3785 3228 3852 αὐτὸν,
3255 3787 3358 3851 ὃτι,
3387 3788 3546 3860 εἴπερ
3587 3791 3751 3860 ἐπόρ-

2165 3893 2318 3930 νευεν
2347 3878 2380 3948 ὴ
2409 3876 2770 3948 πνευματικὴ,
2805 3877 3118 3949 ἡμάρτανεν
3158 3881 3192 3950 ἡ
3234 3885 3597 3954 πνευματική·
3622 3886 3670 3936 εἰ
3696 3883 3750 3936 δὲ

2165 3973 2451 4042 ἡμάρτανε
2473 3969 2840 4042 πνευματικὴ,
2858 3971 3074 4042 δένδρον
3090 3971 3293 4041 ἀγαθὸν
3307 3975 3406 4027 οὐκ
3424 3971 3494 4045 ἦν
3527 3977 3561 4046 ή
3591 3993 3740 4030 πνευ.

2170 4063 2390 4133 ματική·
2423 4061 2564 4115 κατά
2595 4063 2704 4134 γὰρ
2730 4061 2791 4115 τὸ
2822 4062 3176 4132 Εύαγγέλιον,
3212 4083 3230 4115 ι
3267 4065 3341 4118 Ού
3382 4065 3605 4119 δύναται
3633 4066 3749 4119 δέν-

2165 4155 2288 4228 δρον
2311 4155 2512 4225 ἀγαθὸν
2533 4157 2780 4227 καρποὺς
2806 4157 3076 4229 πονηροὺς
3101 4158 3362 4226 ἐνεγκεῖν·
3399 4178 3417 4210 ι
3451 4159 3542 4212 καὶ
3570 4160 3749 4228 δῆλον,

2167 4246 2249 4298 ὅτι
2287 4247 2494 4316 οἴχεται
2530 4247 2716 4309 αὐτοῖς
2756 4245 2824 4300 τὰ
2856 4246 2954 4316 τῆς
2992 4247 3338 4316 μυθοποιίας.
3379 4249 3444 4302 Et
3473 4249 3529 4302 δὲ
3559 4250 3753 4304 ἀδύνα-

2166 4341 2257 4394 τόν
2282 4343 2398 4394 ἐστι
2415 4341 2477 4393 τὸ
2517 4340 2717 4410 ἀγαθὸν
2735 4339 2950 4412 δένδρον
2978 4339 3164 4411 φέρειν
3181 4343 3452 4413 πονηροὺς
3485 4346 3748 4416 καρποὺς,

2173 4433 2268 4486 καὶ
2313 4431 2517 4502 ἀγαθὸν
2565 4432 2780 4503 δένδρον
2809 4434 2844 4504 ἡ
2876 4433 3224 4502 Σαμαρεῖτις,
3272 4432 3367 4486 ἅτε
3409 4437 3749 4507 πνευματικὴ

2171 4525 2530 4596 τυγχάνουσα,
2576 4525 2868 4578 ἀκόλουθον
2902 4523 3050 4594 αύτῷ
3093 4523 3271 4592 λέγειν
3312 4525 3480 4590 ἐστὶν,
3507 4527 3588 4580 ὃτι
3633 4529 3751 4598 ἦτοι

2171 4617 2273 4670 οὐκ
2311 4614 2380 4690 ἦν
2422 4617 2663 4690 ἁμαρτία
2694 4620 2728 4690 ἡ
2759 4618 2984 4690 πορνεία
3015 4619 3206 4691 αὐτῆς,
3228 4621 3260 4692 ἢ
3285 4621 3384 4673 οὐκ
3416 4620 3554 4692 αὐτὴ
3585 4619 3749 4689 ὲπὸρα

2174 4725 2350 4765 νευσε.

2247 4894 2538 4964 12.σΔέγει
2581 4893 2732 4966 αὐτῷ
2785 4895 2818 4966 ἡ
2860 4894 2997 4962 γυνή
3037 4911 3051 4924 ·
3139 4892 3348 4965 Κύριε,
3394 4892 3612 4965 θεωρῶ,
3669 4893 3751 4946 ὅτι

2173 4987 2458 5058 προφήτης
2509 4983 2562 5040 εἴ
2604 4986 2685 5040 σύ.
2717 4988 2780 5040 Oi
2805 4987 3038 5058 πατέρες
3063 4984 3220 5056 ἡμῶν
3264 4987 3321 5039 ἐν
3340 4985 3417 5056 τῷ
3444 4985 3558 5058 ὄρει
3580 4982 3753 5056 τούτῳ

2178 5079 2610 5150 προσεκύνησαν·
2663 5077 2758 5132 καὶ
2807 5078 2966 5147 ὑμεῖς
3003 5075 3210 5144 λέγετε,
3263 5077 3321 5129 ὲν
3362 5075 3753 5146 Ἱεροσολύμοις

2175 5174 2322 5226 ἐστὶν
2356 5172 2469 5242 (21)
2511 5173 2541 5224 ὁ
2569 5171 2764 5234 τόπος,
2813 5171 2948 5223 ὅπου
2989 5170 3315 5239 προσκυνεῖν
3342 5169 3439 5222 δεῖ.
3485 5189 3506 5222 ι
3557 5168 3752 5240 Τρίτον

2171 5261 2269 5334 ἤδη
2319 5265 2351 5333 ἡ
2392 5263 2719 5334 Σαμαρεῖτις
2762 5259 2966 5330 Κύριον
3009 5258 3328 5331 ἀναγορεύει
3376 5259 3470 5312 τὸν
3524 5257 3753 5329 Σωτῆρα

2171 5354 2348 5425 ἡμῶν,
2393 5356 2482 5408 ὅτε
2532 5355 2626 5407 καὶ
2651 5352 2955 5406 τελευταῖον
2978 5350 3390 5423 ἀναγέγραπται
3418 5351 3577 5406 τοῦτο
3621 5354 3752 5427 πρὸς

598 5485 820 5546 I"Joan.
860 5489 1050 5556 1ν,15.
1127 5490 1172 5523 ⁸⁸
1190 5490 1321 5546 ibid.
1357 5489 1444 5544 16.
1521 5489 1568 5521 ⁹⁰
1600 5488 1736 5544 ibid.
1821 5489 1866 5520 "
1905 5488 2064 5546 ibid.‘

2223 5486 2519 5542 "ibid.18.
2595 5485 2642 5516 ³³
2671 5483 2862 5538 Matth.
2886 5498 2987 5550 vn,
3012 5481 3101 5538 18.
3175 5482 3225 5514 ’⁵
3245 5481 3403 5540 Joan.
3440 5501 3513 5553 tv,
3543 5485 3631 5551 19,
3657 5486 3746 5543 ἓῦ.

568 5627 682 5702 QQ)
710 5631 968 5702 :Elersr
1005 5632 1182 5702 αὐτῇ.
1219 5632 1379 5688 Deest
1431 5633 1482 5686 in
1527 5633 1712 5686 codice
1753 5603 2064 5689 Bodleiano.

570 5699 684 5768 (20)
710 5698 837 5759 Post
862 5698 1024 5759 αὐτόν
1055 5698 1358 5763 addendum
1385 5705 1596 5760 videtur
1623 5703 1818 5756 εἰπεῖν.

2178 5701 2200 5718 ⁴
2251 5631 2364 5698 (Ἡ)
2430 5628 2655 5684 Ἔστιν.
2712 5626 2804 5684 Sic
2861 5627 3030 5686 codex
3101 5626 3464 5696 Bodleianus;
3523 5626 3750 5700 Regius,

2177 5715 2348 5755 εσταα
