4170 6438
436 372 541 425 6ῑῖ

1491 375 1848 431 COMMENT.
1892 375 1959 430 IN
2005 374 2194 430 JOAN.
2232 373 2474 430 TOMUS
2513 375 2650 431 XIII.

3598 386 3699 440 US

432 487 602 541 αὑτὸν
647 487 945 561 εἰρηκέναι·
995 490 1133 561 πλὴν
1189 490 1399 545 οὐδέπω
1454 494 1623 545 οἴεται
1670 493 1832 546 αὐτὸν
1880 490 2012 547 εἶναι

2127 495 2362 546 nondum
2396 494 2572 547 credit
2618 505 2742 546 eum
2778 509 2900 549 esse
2936 497 3214 565 prophetis
3245 500 3697 566 prmstantiorem,

433 577 545 631 τῶν
567 579 858 648 προφητῶν
906 582 1207 651 κρείττονα,
1247 582 1365 634 οὐδὲ
1410 584 1503 635 τὸν
1551 584 2012 654 προφητευθέντα,

429 668 575 723 ἀλλά
612 685 733 722 τινα
781 671 1086 742 προφήτην⁸
1141 674 1233 725 καὶ
1284 675 1316 743 ή
1364 674 1669 743 ἐτερόδοξος
1715 675 1773 726 δὲ
1821 675 2013 746 γνώμη

429 758 544 811 τῶν
574 760 701 830 περ).
731 760 829 823 τὰς
873 762 1091 832 Γραφὰς
1124 763 1552 834 καλινδουμένων
1596 765 2016 835 διελεγχθέντων

433 852 743 922 αύτῆςς(22)
792 854 901 906 τῶν
942 871 1002 907 τε
1034 856 1311 926 προτέρων
1344 856 1507 909 πέντε
1538 857 1765 927 ἀνδρῶν,
1797 859 1892 911 καὶ
1921 859 2015 912 τοῦ

438 945 557 1011 μετ’
600 944 840 1007 ἐκείνους
885 945 1340 1014 καταλειφθέντας
1372 948 1482 1019 (25)
1522 949 1612 1001 ὑπ’
1638 949 1807 1019 αὐτῆς
1834 948 2017 1013 δόξαν·

435 1050 529 1095 τος
558 1029 695 1085 εἶναι
745 1033 957 1105 ἀνδρὸς,
989 1034 1079 1089 τὸν
1123 1034 1416 1102 ἐλέγξαντα
1454 1037 1624 1103 Λόγον
1651 1037 1712 1089 οὐ
1744 1035 2015 1106 δυναμένη

434 1123 673 1194 ἀρχῆθεν
700 1125 728 1176 ὅ
768 1126 914 1179 ἐστιν
950 1125 1098 1189 ἰδεῖν,
1129 1128 1413 1197 προφήτην
1449 1123 1588 1180 εἷναί
1630 1144 1814 1198 φησιν,
1856 1130 2017 1181 οἱονεὶ

436 1213 583 1266 θεῖόν
617 1230 759 1278 τινα,
798 1215 894 1269 καὶ
928 1214 1119 1285 ἔχοντά
1148 1234 1200 1269 τι
1243 1216 1338 1270 τοῦ
1374 1217 1716 1287 ἀνθρωπίνου
1747 1221 2013 1290 κρεῖττον,

435 1306 499 1357 οὐ
556 1305 653 1374 μὲν
691 1304 942 1359 τοσοῦτον
979 1308 1101 1360 ὅσον
1145 1307 1258 1377 (2.4)
1298 1304 1385 1378 ἦν·
1422 1308 1610 1378 διόπερ
1654 1309 1807 1378 φησὶ,
1853 1310 2016 1363 οἱονεὶ

435 1395 788 1465 ἀναϐλέψασά
818 1414 933 1460 πως
961 1398 1054 1455 καὶ
1101 1400 1158 1451 ὲν
1192 1398 1395 1471 θεωρίᾳ
1414 1400 1683 1469 νομίσασα
1712 1402 2009 1469 γεγονέναι·

442 1507 461 1538 ι
501 1487 723 1559 Θεωρῶ,
744 1489 827 1542 ὅτι
863 1491 1148 1559 προφήτης
1176 1486 1227 1541 εἷ
1250 1490 1336 1545 σύ.
1382 1510 1400 1542 ι
1432 1492 1527 1553 Εἰς
1555 1490 1733 1555 τοῦτο,
1768 1512 1785 1544 ι
1817 1495 1880 1545 Οἱ
1908 1510 2018 1549 πα·-

433 1581 593 1651 τέρες
627 1579 804 1651 ἡμῶν,
847 1600 867 1633 ι
904 1582 996 1634 καὶ
1016 1581 1087 1634 τὰ
1128 1580 1276 1651 ἑξῆς,
1306 1581 1478 1635 ἰστέον
1512 1582 1612 1654 τὴν
1659 1584 2016 1656 Σαμαρειτῶν

436 1673 574 1743 πρὸς
617 1672 902 1736 Ἰουδαίους
924 1673 1202 1726 διάστασιν
1256 1677 1384 1744 περὶ
1429 1672 1523 1726 τοῦ
1544 1674 1896 1745 νομιζομένου
1919 1675 2014 1727 αὐ-

435 1768 548 1827 τοῖς
584 1763 740 1831 ἁγίου
775 1763 964 1816 τόπου·
1002 1764 1052 1817 οἱ
1088 1764 1188 1833 μὲν
1237 1762 1346 1834 γὰρ
1386 1764 1681 1834 Σαμαρεῖς,
1718 1765 1781 1819 τὸ
1817 1764 2016 1818 καλού-

2122 598 2299 650 neque
2326 599 2486 652 quem
2517 586 2801 654 propheta:
2823 587 3199 655 praedixerint,
3232 590 3327 642 sed
3380 591 3699 658 prophetam

2120 672 2378 741 aliquem.
2412 674 2693 729 Sententia
2725 675 2892 728 etiam
2939 676 3006 729 ab
3031 676 3288 730 Ecclesiae
3322 677 3558 732 decretis
3584 680 3702 732 dis-

2120 762 2357 816 sentiens
2393 776 2582 816 eorum
2614 765 2706 832 qui
2739 775 3028 820 versantur
3060 765 3128 819 in'
3157 766 3477 834 Scripturis,
3533 770 3699 835 quin-

2119 867 2225 918 que
2274 852 2381 906 illis
2409 854 2544 907 viris
2602 855 2654 908 in
2703 867 2947 925 apertum
2988 859 3087 912 sibi
3132 859 3431 926 productis,
3468 873 3703 928 cumque

2119 942 2225 996 illis
2259 956 2325 996 eo
2354 957 2517 1010 quem
2543 944 2657 1011 ipsa
2683 953 2807 1014 post
2839 945 2959 1000 illos
2987 956 3305 1015 occuparat,
3327 950 3528 1015 quique
3554 950 3701 1001 exis—

2120 1036 2413 1089 timabatur
2456 1036 2540 1088 vir
2590 1051 2744 1102 esse,
2793 1038 2966 1108 Λόγον
3024 1048 3078 1093 et
3130 1040 3449 1096 Sermonem
3500 1040 3699 1096 Filium

2120 1127 2238 1190 Dei,
2273 1127 2366 1194 qui
2396 1125 2521 1180 illos
2551 1126 2952 1193 manifestarat,
2979 1145 3086 1185 non
3131 1132 3317 1185 valens
3363 1148 3392 1186 a
3423 1133 3695 1201 principio

2117 1230 2362 1280 cernere,
2391 1215 2709 1285 prephetam
2733 1232 2855 1273 esse
2889 1218 3085 1287 inquit,
3123 1236 3221 1274 ceu
3252 1223 3490 1276 divinant
3513 1237 3699 1292 quem-

2118 1309 2289 1378 piam,
2325 1323 2557 1377 eumque
2582 1310 2872 1365 habentem
2903 1311 3121 1367 homine
3146 1315 3274 1382 quid
3303 1317 3514 1386 majus,
3551 1317 3698 1372 haud

2123 1407 2301 1451 tamen
2326 1406 2537 1451 tantum
2568 1409 2832 1467 quantum
2871 1409 3032 1456 erat:
3063 1415 3225 1467 quam
3255 1401 3327 1455 ob
3350 1416 3570 1455 causam
3604 1402 3693 1456 in-

2117 1487 2255 1554 quit,
2290 1486 2457 1543 veluti
2497 1502 2618 1552 qua:
2640 1488 2953 1544 sustulisset
2982 1489 3164 1557 aliquo
3203 1492 3362 1543 modo
3401 1493 3611 1557 oculos,
3642 1499 3699 1546 et

2118 1594 2176 1634 se
2205 1579 2551 1634 existimaret
2594 1580 2648 1633 in
2685 1580 2896 1634 visione
2929 1580 3135 1635 fuisse:
3196 1600 3215 1632 ι
3261 1582 3428 1638 Video
3475 1592 3529 1640 te
3575 1599 3697 1640 esse

2121 1672 2462 1740 prophetam.
2494 1689 2515 1723 ι
2549 1671 2697 1726 Sane
2724 1672 2869 1741 quod
2910 1673 2977 1726 ad
3015 1673 3141 1727 illud
3168 1674 3365 1727 attinet
3390 1712 3407 1737 ,
3455 1693 3474 1726 ι
3503 1674 3695 1730 Patres

2121 1760 2314 1827 nostri,
2349 1779 2369 1812 ι
2403 1770 2458 1815 et
2485 1776 2607 1829 quae
2639 1771 2968 1829 sequuntur,
2994 1763 3332 1827 agnoscenda
3377 1771 3459 1816 est
3503 1763 3695 1819 Sama—

437 1870 599 1923 μενον
627 1852 876 1924 Γαριζεὶν
908 1852 1029 1924 ὄρος
1073 1855 1227 1922 ἅγιον
1249 1853 1577 1924 νομίζοντες,
1602 1857 1661 1909 ὲν
1683 1855 1832 1926 αὐτῷ
1852 1874 2012 1928 προσ·

2123 1849 2424 1904 ri'tanorum
2454 1864 2577 1902 cum
2610 1847 2812 1903 Iudaeis
2863 1847 3191 1913 diﬂ‘erentia,
3252 1852 3319 1906 de
3364 1853 3482 1908 loco
3530 1866 3694 1923 quem

435 1942 658 1995 κυνοῦσι
694 1942 772 2011 τῷ
795 1941 934 2013 Θεῷ,
961 1937 1021 1996 οὗ
1063 1943 1332 2013 μέμνηται
1383 1945 1591 2014 Μωσῆς
1632 1948 1690 1999 ὲν
1719 1946 1795 2018 τῷ
1833 1948 2019 1999 Δευτε-

437 2034 674 2104 ρονομίῳ
708 2032 881 2097 οὕτως
928 2033 1121 2102 λέγων’
1153 2053 1173 2082 ι
1231 2034 1341 2087 Καὶ
1369 2036 1671 2089 ἐνετείλατο
1703 2018 1909 2106 Μωσῆς
1940 2036 2018 2108 τῷ

433 2123 550 2195 λαῷ
586 2127 646 2179 ὲν
693 2127 760 2197 τῇ
800 2125 989 2197 ’ήμέρᾳ
1048 2124 1229 2196 ἐκείνῃ
1284 2126 1476 2194 λέγων·
1525 2122 1683 2181 Οὗτοι
1732 2129 2016 2198 στήσονται

434 2216 676 2283 εὐλογεῖν
724 2217 814 2269 τὸν
857 2217 985 2270 λαὸν
1020 2219 1077 2271 ὲν
1132 2217 1248 2288 ὄρει
1300 2219 1569 2289 Γαριζεὶν,
1602 2220 1888 2284 διαϐάντες
1925 2221 2016 2277 τὸν

446 2308 718 2379 Ἰορδάνην
747 2308 991 2379 Συμεὼν,
1044 2310 1199 2373 Λευὶ,
1246 2311 1465 2373 Ἰούδας,
1514 2311 1751 2383 Ἰσάχαρ,
1797 2313 2013 2384 Ἰωσὴφ,

435 2400 531 2453 καὶ
560 2399 862 2469 Βενιαμείν·
897 2401 991 2452 καὶ
1018 2395 1162 2455 οὗτοι
1195 2402 1485 2472 στήσονται
1517 2404 1611 2455 ἐπὶ
1645 2403 1745 2472 τῆς
1769 2404 2015 2475 κατάρας

434 2494 493 2543 ὲν
522 2492 637 2561 ὄρει
670 2491 893 2555 Γαιϐὰλ,
935 2492 1179 2563 Ῥουϐὴν,
1215 2493 1343 2557 Γὰδ,
1373 2495 1467 2546 καὶ
1494 2493 1675 2565 Ἀσὴρ,
1708 2494 2012 2562 Ζαϐουλὼν,

433 2583 564 2645 Δὰν,
596 2583 688 2637 καὶ
710 2583 1049 2655 Νεφθαλείμ⁴
1095 2604 1115 2637 ι
1149 2585 1198 2637 οἱ
1230 2584 1287 2637 δὲ
1333 2584 1596 2647 Ἰουδαῖοι,
1618 2585 1678 2637 τὸ
1707 2583 1843 2639 Σιὼν
1874 2585 2015 2640 θεῖόν

430 2691 487 2727 τι
516 2675 880 2745 νενομικότες,
918 2677 1014 2730 καὶ
1044 2678 1243 2729 οἰκεῖον
1276 2676 1369 2729 τοῦ
1406 2676 1540 2729 Θεοῦ
1582 2677 1787 2729 ἐκεῖνον
1813 2678 2014 2730 οἴονται

433 2759 575 2817 εἶναι
616 2765 707 2817 τὸν
757 2766 1146 2836 ἐκλελεγμένον
1180 2766 1285 2818 ὑπὸ
1318 2767 1410 2819 τοῦ
1461 2767 1676 2837 Πατρὸς
1724 2766 1833 2819 τῶν
1877 2767 2013 2821 ὅλων

432 2854 617 2910 τόποψ
644 2857 737 2909 καὶ
775 2856 863 2910 διὰ
896 2856 1051 2911 τοῦτο
1087 2859 1146 2910 ὲν
1180 2858 1328 2928 αὺτῷ
1355 2858 1735 2929 ᾠκοδομῆσθαι
1766 2859 1857 2913 τὸν
1887 2860 2013 2913 ναὸν

434 2948 650 3001 ὑπὸτοῦ
683 2948 1023 3020 Σολομῶντος
1051 2949 1286 3018 λέγουσι,
1345 2951 1438 3003 καὶ
1472 2952 1652 3005 πᾶσαν
1679 2951 1779 3022 τὴν
1803 2952 2015 3003 Λευῖτι-

434 3040 539 3110 κὴν
580 3041 673 3093 καὶ
711 3040 987 3111 ἱερατικὴν
1027 3039 1280 3111 λατρείαν
1308 3043 1424 3094 ὲκεῖ
1450 3039 1830 3096 ἐπιτελεῖσθαι.
1868 3040 2014 3093 Ἀκο-

433 3128 640 3192 λούθως
680 3129 739 3182 δὲ
793 3129 1018 3193 ταύταις
1060 3132 1317 3201 ἑκάτερον
1372 3130 1522 3194 ἔθνος
1554 3133 1672 3194 ταῖς
1714 3129 2011 3202 ὑπολήψεσι

434 3219 686 3288 νενόμικε
732 3219 857 3283 τοὺς
892 3219 1133 3291 πατέρας
1168 3222 1226 3274 ἐν
1266 3219 1402 3292 τῷδε
1437 3220 1552 3291 ὄρει
1576 3221 2013 3293 προσκεκυνηγέ-

435 3330 525 3365 ναι
555 3311 635 3382 τῷ
667 3309 805 3383 Θεέ).

510 3501 593 3555 15.
628 3499 734 3552 Καὶ
774 3499 828 3551 εἰ
853 3516 983 3552 ποτε
1005 3498 1063 3551 δὲ
1088 3498 1251 3569 μέχρι
1277 3496 1373 3552 τοῦ
1405 3497 1565 3570 δεῦρο
1588 3499 2014 3568 συγκατέϐαινον

434 3592 686 3663 ἀλλήλοις
724 3593 804 3653 εἰς
842 3591 998 3659 λόγον
1026 3592 1301 3661 Σαμαρεῖς
1337 3592 1431 3644 καὶ
1470 3591 1731 3655 Ἰουδαῖοι,
1757 3594 2013 3662 ἑκάτερος

433 3686 571 3756 πρὸς
604 3685 695 3738 τὸν
723 3684 907 3737 λοιπὸν
944 3684 1304 3754 ὲπαπορήσει,
1352 3683 1448 3737 καὶ
1489 3683 1606 3755 ἐρεῖ
1644 3701 1709 3753 γε
1749 3685 1777 3736 ὁ
1824 3685 2011 3754 Σαμα-

437 3777 565 3847 ρεὺς
602 3774 682 3845 τῷ
742 3774 976 3844 Ἰουδαίῳ
1032 3774 1124 3828 τὸν
1155 3773 1252 3844 τῆς
1291 3772 1476 3827 ἐνθάδε
1525 3773 2013 3845 ἀναγεγραμμένον

434 3869 696 3938 γυναικὸς
747 3867 921 3935 λόγον·
983 3885 1002 3917 ‹
1043 3868 1105 3919 Οἱ
1164 3865 1396 3936 πατέρες
1449 3864 1606 3936 ήμῶν
1658 3868 1717 3919 ὲν
1767 3866 1846 3937 τῷ
1896 3867 2012 3939 ὄρει

432 3961 610 4030 τούτῳ
649 3959 1079 4031 προσεκύνησαν,
1122 3978 1140 4009 ι
1173 3957 1386 4020 δεικνὺς
1413 3957 1474 4009 τὸ
1498 3956 1769 4028 Γαριζείνο
1805 3978 1824 4009 ‹
1856 3960 2013 4029 ὑμεῖς

435 4053 493 4107 δὲ
517 4053 726 4122 λέγετε,
767 4053 849 4105 ὃτι
878 4053 935 4106 ἐν
969 4048 1362 4122 Ἱεροσολύμοις
1399 4049 1548 4103 ἐστὶν
1588 4050 1619 4101 ὁ
1656 4049 1840 4113 τόπος,
1876 4051 2010 4104 ὅπου

436 4145 760 4215 προσκυνεῖν
816 4143 916 4197 δεῖ.
966 4161 984 4194 ι
1053 4141 1192 4194 Ἀλλ’
1249 4140 1373 4191 ἐπεὶ
1431 4139 1672 4192 Ἰουδαῖοι
1735 4139 1855 4209 μὲν,
1916 4141 2011 4194 ἀπ’

436 4237 619 4291 αὐτῶν
657 4235 765 4303 γὰρ
797 4237 830 4305 ή
865 4233 1129 4304 σωτηρία,
1164 4231 1369 4295 εἰκόνες
1396 4231 1501 4284 εἰσὶ
1531 4229 1639 4283 τῶν
1668 4231 1794 4293 τοὺς
1833 4231 2011 4299 ὑγιαι-

435 4345 625 4392 νοντας
657 4326 993 4400 φρονούντων
1029 4325 1221 4394 λόγους
1240 4366 1254 4389 ,
1299 4326 1574 4394 Σαμαρεῖς
1597 4323 1654 4376 δὲ
1688 4323 1795 4377 τῶν
1827 4325 2011 4395 ἑτερο-

434 4418 620 4484 δόξων·
659 4417 969 4481 ἀκολούθως
999 4417 1062 4470 τὺ
1116 4417 1213 4487 μὲν
1259 4415 1511 4486 Γαριζεὶν
1566 4414 1902 4468 θεοποιοῦσιν
1961 4416 2011 4471 οἱ

2123 1938 2196 1991 illi
2249 1940 2508 1993 rebantur
2549 1950 2841 1994 sanctum:
2890 1956 3013 1993 nam
3064 1939 3393 1996 Samaritani
3448 1955 3691 1999 montem

2121 2040 2369 2084 sanctum
2418 2030 2797 2087 existimantes
2839 2046 2964 2085 eum
3014 2033 3104 2100 qui
3160 2043 3384 2087 vocatur
3427 2035 3693 2103 Garizim,

2120 2121 2287 2176 Deum
2314 2122 2385 2177 ibi
2417 2123 2685 2188 adorant;
2724 2123 2876 2192 cujus
2908 2125 3158 2179 meminit
3202 2124 3376 2180 Moses
3404 2130 3456 2180 in
3491 2128 3694 2183 Dente-

2120 2215 2392 2280 ronomio,
2420 2215 2501 2269 sic
2518 2214 2707 2269 dicens
2734 2216 2780 2247 ⁹⁸
2807 2233 2820 2268 :
2860 2233 2878 2265 ι
2917 2215 2981 2269 Ει
3013 2218 3269 2287 przrcepit
3302 2218 3477 2273 Moses
3496 2221 3697 2289 populo

2119 2304 2174 2358 in
2202 2305 2287 2359 die
2304 2304 2418 2369 illa,
2438 2306 2625 2360 dicens
2656 2325 2668 2360 :
2706 2305 2768 2359 lli
2799 2307 3022 2361 stabunt
3054 2310 3119 2362 ad
3152 2310 3579 2365 benedicendum
3607 2325 3698 2379 po-

2117 2397 2303 2467 pulum
2332 2398 2387 2452 in
2440 2410 2624 2452 monte
2667 2397 2932 2467 Garizim,
2981 2416 3105 2456 cum
3146 2401 3469 2456 transierint
3499 2400 3695 2457 Iorda-

2118 2504 2265 2551 nem.
2321 2489 2580 2560 Symeon,
2612 2490 2764 2558 Levi,
2818 2490 3004 2555 Iudas,
3055 2492 3326 2559 Issachar,
3360 2490 3583 2563 Joseph,
3639 2503 3695 2549 et

2117 2578 2396 2649 Benjamin
2427 2599 2442 2648 ;
2491 2589 2545 2636 et
2575 2583 2625 2635 hi
2673 2583 2896 2636 stabunt
2925 2582 2976 2634 in
3008 2583 3387 2637 exsecratione
3418 2583 3473 2637 in
3503 2595 3694 2638 monte

2115 2670 2305 2740 Gebal,
2338 2672 2552 2740 Ruben,
2586 2673 2721 2741 Gad,
2753 2676 2914 2740 Aser,
2959 2674 3225 2739 Zabulon,
3276 2674 3386 2728 Dan
3422 2684 3477 2730 et
3515 2673 3696 2744 Neph.

2117 2764 2338 2830 thalim;
2378 2784 2398 2818 ›
2434 2765 2604 2820 Judaei
2636 2777 2839 2831 autem,
2874 2765 3005 2820 Sion
3043 2777 3279 2821 montem
3308 2767 3551 2820 divinum
3571 2780 3696 2822 esse

2115 2859 2243 2921 rati,
2271 2859 2552 2928 propriqu
2585 2860 2749 2913 etiam
2783 2859 2876 2915 Dei
2912 2859 3060 2914 illum
3096 2871 3285 2913 rentur
3319 2874 3440 2913 esse
3485 2859 3685 2923 locum,

2113 2949 2343 3004 electum
2378 2966 2406 3003 a
2439 2951 2604 3006 Patre
2637 2954 3018 3007 universorum
3048 2969 3064 3017 ;
3094 2963 3149 3006 et
3189 2953 3327 3006 hanc
3360 2950 3431 3006 ob
3464 2966 3687 3007 causam

2113 3041 2321 3107 dicunt,
2357 3043 2413 3097 in
2440 3044 2557 3112 ipso
2581 3044 2906 3099 aediﬁcatum
2948 3042 3114 3099 fuisse
3156 3043 3411 3112 templum
3457 3058 3488 3097 a
3529 3041 3688 3098 Salo-

2116 3149 2296 3198 mone,
2327 3150 2655 3202 omnemque
2688 3133 2994 3189 Leviticum
3047 3135 3554 3203 sacerdotalemque
3575 3135 3696 3190 cul-

2117 3232 2227 3276 tum
2280 3223 2388 3278 illic
2439 3222 2673 3291 perlici;
2709 3237 2847 3292 quas
2897 3222 3242 3292 suspiciones
3293 3232 3529 3292 utraque
3557 3239 3695 3295 gens

2113 3330 2364 3384 sequens,
2399 3315 2736 3369 existimavit
2761 3325 2949 3385 patres
3003 3315 3057 3368 in
3093 3314 3200 3369 hoc
3237 3314 3324 3369 vel
3371 3314 3463 3370 illo
3510 3326 3693 3372 monte

2112 3406 2372 3460 adorasse
2405 3405 2595 3459 Deum.

2185 3497 2271 3551 15.
2310 3496 2462 3562 Quod
2495 3498 2539 3549 si
2580 3510 2754 3565 usque
2781 3494 2834 3548 in
2862 3494 3188 3549 hodiernum
3218 3493 3360 3548 diem
3399 3493 3694 3548 contende-

2117 3594 2235 3641 rent
2265 3586 2559 3656 aliquando
2586 3585 2756 3640 Judaei
2785 3600 2906 3639 cum
2939 3582 3318 3646 Samaritanis,
3351 3582 3693 3638 addubitabit

2116 3692 2344 3748 uterque
2401 3679 2467 3733 ad
2523 3678 2778 3742 alterum,
2827 3678 3078 3747 dicetque
3141 3692 3273 3731 sane
3315 3676 3692 3730 Samaritanus

2112 3771 2304 3827 Iudaeo
2336 3783 2656 3842 praesentem
2713 3771 2959 3827 mulieris
3021 3771 3282 3838 scriptum
3338 3782 3688 3822 sermonem:

2119 3884 2137 3917 ι
2161 3865 2351 3919 Patres
2383 3864 2553 3919 nostri
2586 3863 2640 3918 in
2664 3872 2847 3917 monte
2880 3865 2982 3918 hoc
3002 3859 3478 3923 adoravernnt",i
3508 3869 3693 3914 osten-

2112 3956 2250 4011 dens
2271 3955 2507 4009 Garizim
2530 3971 2546 4019 ;
2572 3971 2591 4004 ι
2615 3968 2713 4008 vos
2743 3962 2922 4007 autem
2948 3952 3125 4007 dicitis
3146 3950 3496 4021 Jerosolymae
3513 3949 3690 4003 locum

2113 4062 2253 4109 esse,
2275 4045 2364 4099 ubi
2398 4055 2645 4114 oporteat
2668 4045 2946 4099 adorare.»
2984 4042 3090 4097 Sed
3119 4042 3372 4111 quoniam
3401 4037 3571 4094 Judai
3598 4038 3690 4108 (ab

2114 4138 2274 4207 223
2320 4137 2453 4205 ipsis
2481 4135 2625 4189 enim
2655 4134 2804 4190 salus
2843 4131 2919 4200 ⁸⁷)
2947 4139 3143 4200 gerunt
3168 4131 3457 4202 imaginem
3494 4144 3689 4184 eorum

2114 4233 2206 4297 qui
2250 4243 2396 4283 same
2433 4235 2563 4281 sunt
2590 4224 2894 4296 opinionis,
2946 4222 3233 4277 Samaritae
3277 4236 3458 4275 autem
3493 4235 3684 4274 eorum

2114 4321 2208 4390 qui
2235 4318 2304 4372 ab
2331 4317 2592 4372 Ecclesia:
2618 4315 2850 4369 decretis
2876 4313 3175 4376 dissident,
3212 4311 3526 4366 beatiﬁcant
3556 4323 3688 4365 con-

2115 4420 2406 4480 sequenter
2440 4407 2728 4462 Samaritae
2770 4405 3011 4461 Garizim
3036 4444 3052 4471 ,
3100 4405 3192 4474 qui
3222 4420 3379 4459 mons
3414 4404 3687 4472 interpre-

434 4512 730 4583 Σαμαρεῖς,
762 4512 900 4582 ὅπερ
947 4507 1308 4581 ἑρμηνεύεται
1338 4505 1587 4575 διατομὴ
1615 4505 1727 4576 (25)
1776 4505 1810 4576 ἢ
1863 4504 2011 4558 διαί-

2116 4512 2261 4555 tatur
2293 4499 2538 4554 discissio
2572 4497 2653 4552 vel
2683 4497 2916 4560 divisio;
2949 4511 3073 4551 cum
3110 4495 3278 4549 etiam
3312 4491 3585 4563 separatio
3633 4498 3689 4545 et

426 4618 619 4672 ρεσις·
656 4603 748 4657 καὶ
778 4603 877 4673 τῆς
907 4601 1046 4654 κατά
1069 4600 1167 4672 τὴν
1195 4600 1435 4671 ἱστορίαν
1460 4597 1724 4671 διατομῆς
1753 4597 1887 4668 (26),
1914 4597 2010 4651 καὶ

432 4696 747 4766 διαιρέσεως
775 4693 884 4747 τῶν
906 4694 1040 4747 δέκα
1069 4692 1249 4763 φυλῶν
1279 4691 1728 4761 διατετμημένων
1759 4688 1868 4743 ἀπὸ
1901 4689 2009 4743 τῶν

433 4784 635 4838 λοισι-τῶν
678 4784 771 4837 δύο
815 4783 1187 4863 γεγενημένης
1225 4780 1368 4836 κατὰ
1403 4782 1531 4844 τοὺς
1575 4778 1670 4833 τοῦ
1730 4778 2010 4851 ’ῐεροϐοὰμ

433 4878 675 4949 χρόνους,
744 4877 803 4940 ὃς
867 4878 963 4931 καὶ
1033 4877 1196 4941 αὐτὸς
1275 4874 1656 4947 ἑρμηνεύεται,
1716 4871 2011 4940 δικασμὸς

432 4970 585 5027 λαοῦ
620 4968 754 5039 (27)·
802 4969 1047 5023 Ἰουδαῖοι
1091 4967 1148 5021 δὲ
1176 4968 1239 5021 τὺ
1288 4966 1449 5031 Σιὼν,
1495 4966 1633 5036 ὅπερ
1680 4964 1819 5025 ἐστὶ,
1861 4980 2010 5017 σκο-

433 5061 757 5132 πευτήριον
777 5061 913 5133 (28).
953 5061 1115 5125 Είκὸς
1142 5060 1200 5114 δέ
1228 5077 1352 5115 τινα
1378 5058 1748 5129 ὲπαπορήσειν
1779 5054 1919 5109 διατι
1953 5056 2010 5110 αἱ

2116 4592 2309 4648 divisio
2333 4591 2489 4660 juxta
2519 4588 2807 4645 historiam
2839 4588 3027 4641 decem
3056 4586 3320 4650 tribuum,
3348 4599 3470 4653 quae.
3499 4583 3688 4639 divisa:

2115 4683 2338 4737 fuerunt
2371 4699 2401 4736 a
2433 4680 2658 4752 reliquis
2688 4681 2931 4742 duabus,
2972 4678 3112 4734 facta
3143 4677 3309 4734 fuerit
3352 4677 3688 4746 temporibus

2115 4774 2403 4831 Jeroboam
2425 4775 2494 4838 ⁸³,
2521 4773 2616 4842 qui
2645 4781 2700 4827 et
2728 4771 2844 4841 ipse
2871 4770 3264 4840 interpretatur
3298 4768 3564 4837 judicium
3591 4782 3689 4835 po-

2115 4867 2268 4936 puli:
2307 4864 2477 4921 Judaei
2504 4873 2683 4919 autem
2713 4862 2869 4927 Sion,
2906 4875 3068 4932 quem
3100 4861 3145 4915 si
3173 4859 3566 4931 interpreteris.
3605 4872 3690 4911 so-

2114 4970 2211 5013 nat
2232 4957 2464 5028 specula.
2509 4955 2615 5011 Sed
2649 4953 2928 5026 probabile
2954 4952 3429 5009 estdubitaturum
3446 4949 3683 5018 aliquem

2114 5065 2286 5118 quare
2319 5048 2725 5104 benedictiones
2772 5045 2908 5100 ﬁant
2938 5044 2991 5098 in
3024 5053 3210 5099 monte
3252 5042 3494 5099 Garizim
3543 5042 3685 5109 apud

500 5201 546 5235 "
566 5198 722 5256 Deut.
742 5214 914 5263 xxvn,
938 5199 1028 5266 il,
1065 5197 1156 5254 15.
1228 5196 1276 5229 ⁸⁸
1302 5193 1459 5251 Joan.
1480 5209 1555 5261 tv,
1581 5193 1670 5248 20.
1744 5192 1790 5225 ⁹⁷
1818 5191 1948 5245 ibid.
1984 5189 2077 5243 21.
2144 5186 2191 5220 ³⁸
2220 5183 2286 5240 III
2311 5185 2444 5254 Reg.
2471 5199 2571 5249 xu,
2599 5183 2706 5251 2ος
2731 5182 2775 5237 ll
2800 5182 2977 5238 Paral.
3007 5197 3065 5245 ι,
3103 5179 3191 5236 I9.

502 5317 616 5387 (22)
648 5306 1134 5388 ΔιελεΤχθιέντνίιιννΔ
1167 5311 1378 5388 αὐτῆς.
1428 5311 1535 5388 _Sic
1575 5308 2001 5388 ΔΙυιιῐιθηιῌοοιιξί.

434 5377 757 5443 Bodleianus
808 5377 890 5439 (ΞΓ
916 5385 1276 5440 Barberiuus:
1307 5377 1533 5451 Regius.
1571 5377 2003 5451 διελεγχθὲνᾼαύ-

429 5458 550 5527 τῆς.
583 5456 809 5511 Huetius
843 5456 1123 5527 legendum
1158 5448 1415 5527 censebat
1440 5448 1813 5527 διελεγχθεῖσα
1841 5448 2001 5518 αὐτή.

505 5520 618 5595 (⁵25)
649 5520 1183 5595 Καταλειςρθέντας.
1208 5523 1347 5595 Lege
1375 5520 1826 5595 καταληφθέντος.

505 5591 619 5665 (24)
651 5596 833 5648 Codex
870 5591 1214 5665 Budleianus,
1249 5592 1407 5665 τόσον
1438 5591 1580 5665 ὅσον.

505 5657 618 5736 (25)
659 5664 845 5740 ’Ὃςζερ
888 5663 1272 5740 ἑρμηνεύεται
1317 5659 1595 5740 attremit
1640 5657 2003 5740 Hiertmymus

435 5726 679 5790 De‘no'm.
730 5726 977 5795 ΗέὺνηἼ
1015 5726 1272 5791 Carisim,
1316 5726 1524 5795 divisio,
1552 5726 1666 5785 Sive
1721 5726 1941 5783 advena.
1974 5745 1994 5779 ι

433 5807 478 5859 Α
508 5813 619 5875 ΓΞ,
654 5822 673 5861 ι
703 5804 1003 5869 succidere,
1032 5802 1299 5859 scindere.
1338 5818 1357 5852 ι

2184 5303 2299 5368 (26)
2323 5302 2503 5357 Codex
2532 5300 2883 5355 Bodleianus.
2920 5295 3222 5366 διανομίας.

2183 5358 2305 5445 (27)
2322 5372 2619 5445 Δικασμός
2648 5370 2820 5445 λαοῦ.
2841 5358 3200 5445 Hieronymus
3232 5363 3309 5445 De
3330 5377 3470 5445 nam.
3494 5358 3682 5445 quin,

2114 5464 2136 5497 ε
2167 5432 2520 5505 Ϊθιοόὺοοιιι,’
2540 5432 2870 5510 dijudicans
2893 5432 3173 5510 populum,
3221 5434 3323 5510 vel,
3357 5432 3682 5510 _dij_ud_icans

2109 5500 2273 5585 super
2305 5528 2424 5567 nos.
2520 5500 2625 5585 Pro
2647 5500 2914 5585 δικασμός
2950 5500 3103 5585 λαοί),
3135 5504 3307 5558 codex
3357 5500 3683 5554 Bodleianus

2111 5575 2435 5651 iit-margine
2462 5581 2640 5651 habet.
2665 5575 2926 5651 διχαοξμὸς
2950 5575 3100 5627 λαοῦ.

2181 5654 2295 5724 (28)
2313 5636 2792 5724 (Σκοπεῖυτήριὸν.
2814 5636 3196 5724 Hieronymus,
3209 5640 3293 5724 ρο
3316 5655 3455 5694 nam.
3490 5636 3680 5724 Habt,

2113 5741 2134 5774 ι
2170 5713 2315 5802 Sion:
2355 5720 2589 5802 specula,
2624 5713 2727 5802 vel,
2774 5713 3116 5779 speculator.»
3141 5720 3287 5802 τεῆς,
3311 5727 3331 5762 ι
3363 5723 3680 5764 tuonumen-

2112 5805 2247 5857 tutn,
2280 5792 2487 5856 titulus,
2518 5788 2756 5859 specula.
2795 5805 2815 5839 ι
