4170 6404
510 370 615 425 ιιο

1981 361 2304 422 ΟΒΙΕΕΝῘΞ

3642 375 3758 430 420

509 488 720 543 Mosen:
751 486 816 540 ad
842 489 985 556 quod
1012 487 1293 542 dicendum
1327 493 1440 541 est:
1489 485 1746 555 quoniam
1779 500 1881 539 vox
1915 486 2075 540 Gari-

2182 485 2334 557 παρὰ
2387 486 2578 540 Μωσεῖ
2625 486 2864 554 εὐλογίαι
2908 487 3001 540 ἐπὶ
3045 487 3138 540 τοῦ
3189 489 3438 560 Γαριζεὶν
3487 491 3748 559 γίνονται.

507 580 614 634 lim
667 579 1000 632 dicissionem
1064 585 1120 630 et
1148 577 1454 630 divisionem
1525 575 1832 645 signilicat,
1882 575 2076 629 discis-

508 669 674 722 siouis
713 666 927 734 quidem
981 667 1343 734 signiﬁcatum
1389 668 1714 720 sumendum
1763 682 1920 730 esse,
1953 682 2074 720 cum

507 758 776 811 scinditur
808 756 1042 824 p0pulus
1079 772 1105 808 a
1153 755 1479 822 Jeroboam,
1512 757 1830 826 habitatque
1880 758 2076 811 Sama-

509 851 646 901 riam
675 864 766 902 rex
797 864 812 912 ;
841 848 1124 901 divisionis
1155 863 1287 902 vero
1316 864 1501 902 vocem
1533 851 1852 902 sumendam
1877 866 1997 904 esse
2022 851 2076 903 in

511 939 705 990 bonam
737 947 970 1007 partem,
1006 940 1131 1006 quia
1167 940 1410 1008 apposite
1431 940 1704 1008 sapientes
1735 949 1960 994 utantur
1988 941 2073 996 di-

507 1029 716 1082 visione
748 1031 798 1082 iu
841 1045 1166 1099 unaquaque
1201 1032 1570 1098 propositione
1602 1033 1913 1099 disputabili
1936 1073 1952 1099 ,
1983 1048 2078 1087 ne-

509 1119 744 1174 cessaria
762 1121 1062 1174 exsisteute
1097 1121 1358 1174 divisione
1391 1123 1457 1175 ad
1485 1123 1848 1191 cognitionem
1875 1126 2076 1178 verita-

510 1209 594 1261 tis.
637 1208 901 1274 Quocirca
931 1212 1060 1279 quia
1095 1213 1332 1265 nondum
1361 1213 1509 1266 venit
1539 1215 1670 1267 hora
1722 1215 1810 1268 illa
1855 1218 1996 1269 dicta
2045 1232 2076 1271 a

508 1299 739 1354 Domino
765 1300 833 1367 “,
867 1303 1086 1369 quando
1111 1319 1284 1374 neque
1317 1305 1372 1358 in
1409 1315 1592 1359 monte
1619 1307 1744 1368 hoc,
1778 1322 1952 1375 neque
1984 1307 2078 1363 Je-

511 1391 798 1460 rosolymze
834 1393 1140 1447 adorabunt
1169 1393 1386 1448 Patrem
1414 1436 1429 1459 ,
1481 1395 1767 1464 fugiendus
1803 1408 1889 1450 est
1924 1412 2079 1450 mons

515 1482 1004 1547 Samaritanorum,
1036 1495 1090 1538 et
1122 1485 1336 1539 interim
1361 1487 1414 1540 in
1443 1486 1597 1551 Sion,
1624 1487 1713 1541 ubi
1743 1498 1829 1543 est
1863 1487 2078 1542 Jeroso-

509 1573 691 1642 lyma,
754 1575 892 1628 Deus
954 1578 1294 1641 adorandus;
1347 1593 1465 1646 quae
1513 1578 1847 1650 Jerosolyma
1897 1583 2076 1636 civitas

513 1663 668 1732 Regis
708 1665 882 1734 magni
923 1667 1120 1720 dicitur
1157 1684 1186 1722 a
1226 1668 1444 1724 Christo
1476 1668 1514 1724 ³.
1557 1670 1660 1723 Sed
1690 1685 1936 1739 quaenam
1973 1673 2077 1727 alia

524 1758 720 1810 civitas
747 1757 850 1810 erit
880 1757 1039 1827 Regis
1085 1760 1295 1828 magni,
1327 1771 1382 1812 et
1408 1775 1533 1814 vera
1577 1759 1942 1831 Jerosolyma,
1974 1764 2075 1816 nisi

521 1849 758 1903 Ecclesia
790 1864 854 1903 ex
889 1851 1026 1905 vivis
1052 1827 1317 1918 lapidibus
1339 1851 1626 1916 aediﬁcata,
1659 1851 1748 1906 ubi
1789 1827 1872 1906 est
1900 1868 2078 1908 sacer-
2109 1827 2150 1881 Β

512 1940 715 1992 dotium
757 1950 1005 1995 sanctum
1027 1983 1042 2006 ,
1083 1941 1173 1996 ubi
1205 1941 1522 2010 spirituales
1557 1941 1860 1997 oli'eruntur
1889 1944 2080 1998 hostiae

513 2030 620 2084 Deo
644 2045 673 2084 a
705 2034 1080 2102 spiritualibus
1103 2035 1148 2095 ',
1181 2042 1235 2086 et
1267 2033 1334 2085 ab
1369 2033 1453 2087 bis
1482 2034 1574 2103 qui
1622 2035 1960 2103 Spiritualem
2000 2037 2081 2090 in-

511 2126 814 2181 tellexerint
843 2124 1054 2193 legem?
1092 2123 1228 2178 Cum
1255 2125 1534 2179 enimvero
1575 2128 1752 2180 aderit
1798 2129 2079 2196 plenitudo

508 2219 599 2273 illa
652 2217 944 2287 temporis,
978 2217 1044 2268 ad
1094 2215 1210 2268 haec
1258 2230 1378 2268 cum
1429 2217 1553 2284 quis
1615 2233 1958 2288 nequaquam
2024 2223 2079 2275 in

509 2323 701 2370 carne,
732 2308 825 2362 sed
869 2309 922 2360 in
954 2307 1146 2375 spiritu
1177 2304 1374 2369 fuerit,
1409 2322 1508 2360 nec
1532 2309 1762 2378 amplius
1794 2311 1846 2364 in
1885 2311 2078 2380 figura,

511 2401 604 2453 sed
629 2408 773 2453 totus
798 2399 849 2452 in
877 2400 1129 2461 veritate,
1155 2410 1211 2454 et
1239 2400 1418 2455 taliter
1441 2403 1736 2455 instructus
1759 2411 1817 2456 ut
1837 2403 2077 2472 seipsum

512 2489 744 2543 similem
773 2490 964 2544 reddat
983 2505 1170 2544 eorum
1205 2492 1556 2546 adoratorum
1583 2507 1721 2562 quos
1745 2493 1884 2548 Deus
1931 2510 2080 2563 quaa-

513 2581 605 2647 rit,
652 2591 781 2636 tunc
835 2596 939 2636 non
985 2583 1317 2637 censendum
1355 2593 1438 2639 est
1481 2598 1664 2639 veram
1704 2586 2076 2641 adorationem

514 2671 920 2741 perfectumque
939 2671 1034 2726 Dei
1059 2671 1629 2744 cultumJerosolymis
1651 2674 1952 2745 perfectum
1988 2676 2074 2731 iri.

587 2939 676 2998 ιι.
717 2940 809 2996 Bis
849 2953 1027 2998 autent
1071 2945 1332 3014 scriptqu
1368 2941 1486 3000 est:
1540 2964 1560 2998 ι
1592 2945 1756 3001 Venit
1795 2947 1928 3002 hora
1960 2949 2011 3015 ³;
2049 2968 2071 3001 ι

503 3035 607 3088 sed
635 3033 866 3102 primum
899 3049 1020 3088 cum
1071 3050 1177 3088 non
1223 3037 1490 3092 addiderit
1543 3039 1908 3109 evangelista,
1973 3060 1991 3091 ι
2024 3050 2078 3095 et

2179 579 2411 631 Λεκτέον
2451 578 2507 630 δὲ
2541 579 2634 632 καὶ
2669 578 2805 646 πρὸς
2851 577 3028 643 τοῦτο,
3065 579 3166 644 ὅτι,
3213 580 3442 650 ἐπείπερ
3493 581 3748 650 σημαίνει

2179 671 2212 738 η
2261 667 2512 738 Γαριζεὶν
2549 667 2698 738 φωνὴ
2733 669 2833 739 τὴν
2857 675 3164 742 διατομὴν,
3193 670 3287 721 καὶ
3319 667 3416 736 τὴν
3434 663 3746 734 διαίρεσιν,

2178 759 2236 810 τὸ
2275 759 2371 827 μὲν
2397 759 2496 828 τῆς
2526 759 2786 828 διατομῆς
2817 759 3210 829 σημαινόμενον
3240 757 3474 828 ληπτέον
3505 760 3593 811 ὅτε
3631 760 3746 829 σχί-

2179 847 2330 910 ζεται
2357 852 2385 901 6
2424 849 2549 912 λαὸς
2589 851 2692 902 ὑπὸ
2729 849 2822 903 τοῦ
2873 850 3173 921 Ἱεροὸοὰμ,
3218 850 3312 904 καὶ
3354 853 3492 904 οἰκεῖ
3517 851 3612 923 τὴν
3643 855 3746 906 Σα-

2182 941 2410 1011 μάρειαν
2447 944 2474 994 6
2521 941 2788 1010 βασιλεύς·
2821 941 2882 994 τὸ
2917 942 2974 994 δὲ
3022 941 3123 1010 τῆς
3163 942 3476 1012 διαιρέσεως
3521 944 3612 997 ἐπὶ
3649 946 3744 1016 τῆς

2179 1032 2444 1099 εὐλογίας,
2477 1032 2584 1085 τῶν
2621 1031 2798 1101 σοφῶν
2829 1035 2895 1102 τῇ
2927 1032 3185 1104 διαιρέσει
3216 1033 3564 1104 τεταγμένως
3607 1052 3746 1104 χρω-

2181 1123 2354 1193 μένων
2372 1125 2456 1192 ὲφ’
2475 1124 2702 1176 ἑκάστου
2729 1123 2834 1176 τῶν
2861 1124 3066 1195 προὸλη
3075 1125 3259 1194 μάτων
3273 1126 3394 1194 ἥτις
3419 1127 3564 1178 ἐστὶν
3589 1127 3748 1195 ἀναγ-

2179 1215 2311 1283 καία
2360 1215 2496 1286 πρὸς
2523 1216 2620 1282 τὴν
2658 1216 2755 1285 τῆς
2790 1215 3044 1285 ἀληθείας
3077 1216 3416 1286 κατανόησιν.
3457 1218 3617 1270 Ὅσον
3647 1219 3746 1288 μὲν

2178 1304 2270 1359 οὖν
2314 1307 2524 1362 οὐδέπω
2565 1307 2819 1376 ἐλήλυθεν
2864 1309 2898 1376 ἡ
2944 1307 3048 1359 ὑπὸ
3086 1307 3180 1360 τοῦ
3227 1308 3430 1380 Κυρίου
3480 1310 3745 1381 εἰρημένη

2179 1397 2315 1468 ὥρα,
2343 1399 2432 1450 ὅτε
2472 1397 2594 1450 οὗτε
2627 1400 2683 1451 ὲν
2709 1398 2787 1468 τῷ
2825 1398 2940 1468 δρει
2970 1397 3164 1468 τούτῳ,
3208 1397 3330 1450 οὗτε
3363 1402 3420 1451 ἐν
3458 1399 3746 1472 Ἰεροσολύ-

2182 1507 2302 1559 μοις
2357 1491 2793 1560 προσκυνήσουσι
2853 1489 2930 1559 τῷ
2992 1490 3184 1559 Πατρὶ,
3232 1489 3491 1558 φευκτέον
3529 1508 3588 1543 τε
3637 1491 3746 1544 τῶν

2179 1579 2534 1651 Σαμαρειτῶν
2571 1579 2713 1650 ὅρος,
2746 1581 2840 1632 καί
2868 1582 2925 1632 ἐν
2967 1578 3122 1643 Σιὼν,
3153 1581 3285 1634 ὅπου
3319 1581 3434 1632 ἐστὶ
3473 1580 3538 1634 τὰ
3583 1583 3746 1652 Ἰεροη

2181 1674 2412 1743 σόλυμα,
2459 1671 2861 1743 προσκυνητέον
2901 1670 2978 1741 τῷ
3023 1671 3161 1741 Θεῷ,
3211 1673 3351 1742 ἅπερ
3402 1672 3746 1743 Ἰεροσόλυμα

2179 1766 2356 1828 πόλις
2399 1759 2536 1816 εἶναι
2582 1761 2798 1830 λέγεται
2844 1761 2948 1814 ὑπὸ
2990 1761 3083 1814 τοῦ
3127 1761 3360 1834 Χριστοῦ
3409 1763 3514 1816 τοῦ
3562 1763 3744 1832 μεγά-

2179 1861 2293 1911 λου
2332 1855 2656 1920 βασιλέως.
2696 1855 2792 1918 Τίς
2820 1854 2864 1907 δ’
2891 1855 2957 1908 ἂν
2993 1854 3077 1926 εἴη
3111 1857 3144 1925 ὴ
3187 1855 3339 1920 πόλις
3381 1855 3474 1910 τοῦ
3511 1857 3744 1927 μεγάλου

2183 1948 2466 2018 βασιλέως,
2503 1947 2571 2001 τὰ
2607 1947 2837 2018 ἀληθινὰ
2880 1948 3247 2020 Ἰεροσόλυμα,
3297 1948 3331 2019 ἦ
3373 1950 3406 2019 ή
3454 1948 3744 2018 Ἐκκλησία

2179 2042 2244 2093 ὲκ
2289 2041 2450 2093 λίθων
2488 2039 2884 2110 ᾡκοδομημένη
2928 2037 3176 2104 ζώντωνς
3223 2038 3408 2092 ἐνθάδε
3455 2039 3746 2110 ἱεράτευμα

2181 2135 2352 2199 ἆγιον,
2389 2131 2751 2202 πνευματικαὶ
2778 2130 2956 2183 θυσίαι
2981 2129 3472 2202 προσφέρονταιτῷ
3504 2130 3621 2194 θεῷ
3643 2129 3746 2182 ὑπὸ

2178 2226 2286 2277 τῶν
2329 2223 2708 2294 πνευματικῶν
2735 2225 2830 2276 καὶ
2870 2225 2959 2276 τὸν
3008 2223 3374 2294 πνευματικὸν
3420 2223 3745 2292 νενοηκότων

2181 2315 2363 2384 νόμον.
2412 2314 2577 2368 Ἐπὰν
2603 2315 2660 2367 δὲ
2692 2315 2851 2384 ἐνστῇ
2878 2313 2938 2367 τὸ
2965 2313 3237 2385 πλήρωμα
3269 2314 3362 2366 τοῦ
3386 2315 3601 2385 χρόνου,
3626 2315 3741 2367 τότε

2179 2407 2278 2476 οὐχ
2301 2407 2532 2478 ἡγητέον
2567 2407 2667 2476 τὴν
2709 2407 2966 2477 ἀληθινὴν
3006 2405 3374 2478 προσκύνησιν
3409 2407 3502 2459 καὶ
3537 2405 3745 2459 τελείαν

2181 2497 2488 2552 θεοσέϐειαν
2518 2497 2786 2552 τελεῖσθαι
2827 2501 2885 2551 ὲν
2925 2498 3348 2569 Ἱεροσολύμοις·
3391 2497 3470 2550 ἔτι
3504 2497 3631 2549 ὅταν
3662 2513 3745 2559 τις

2179 2591 2403 2660 γένηται
2445 2590 2707 2660 μηδαμῶς
2753 2593 2810 2643 ἐν
2851 2590 3036 2662 σαρκὶ,
3073 2589 3186 2642 ἀλλ’
3217 2592 3274 2642 ἐν
3311 2587 3602 2658 πνεύματι,
3650 2589 3745 2642 καὶ

2181 2682 2444 2753 μηδαμῶς
2469 2683 2547 2736 ἔτι
2575 2684 2633 2734 ἐν
2655 2683 2828 2753 τύπῳ,
2859 2682 2993 2736 ἀλλὰ
3019 2684 3123 2745 πᾶς
3147 2683 3203 2734 ἐν
3231 2680 3476 2752 ἀληθείᾳ,
3506 2679 3743 2742 τοιοῦτος

2179 2774 2702 2844 κατεσκευασμένος,
2734 2774 2874 2827 ὥστε
2903 2773 3274 2844 ἐξομοιοῦσθαι
3304 2773 3466 2827 αὑτὸν
3493 2767 3574 2836 οἷς
3597 2771 3746 2843 ζητεῖ

2180 2869 2580 2938 προσκυνηταῖς
2611 2869 2640 2920 6
2666 2867 2816 2931 Θεός.

2259 2957 2345 3011 14.
2387 2960 2477 3021 Δὶς
2504 2956 2561 3009 δὲ
2588 2957 2668 3009 τόο
2707 2974 2726 3007 ι
2758 2959 3018 3029 Ἔρχεται
3045 2955 3184 3028 ὥρα,
3218 2976 3236 3008 ι
3278 2959 3604 3028 γέγραπται·
3653 2960 3746 3013 καὶ

2179 3049 2321 3104 κατὰ
2347 3050 2444 3120 μὲν
2476 3049 2534 3102 τὸ
2567 3049 2803 3120 πρῶτον,
2827 3049 2888 3102 οὐ
2918 3049 3260 3122 πρόσκειται,
3291 3070 3309 3100 σ
3334 3049 3428 3102 καὶ
3449 3049 3542 3103 νῦν
3561 3053 3694 3104 ἐστι·
3721 3072 3739 3103 ι

514 3138 659 3177 nunc
684 3133 802 3187 est,
839 3142 858 3175 ι
909 3128 1146 3178 secundo
1176 3126 1386 3195 inquit,
1419 3143 1441 3179 ι
1471 3128 1565 3184 sed
1602 3131 1750 3184 venit
1808 3131 1977 3194 hora,
2021 3141 2076 3186 et

2181 3139 2323 3193 κατὰ
2353 3139 2409 3192 δὲ
2437 3139 2499 3192 τὸ
2527 3139 2796 3214 δεύτερον,
2827 3141 2992 3210 φησὶν
3019 3140 3049 3192 ὁ
3083 3139 3470 3210 εὐαγγελιστής
3491 3156 3504 3170 °
3541 3159 3561 3191 ‹
3610 3141 3746 3194 Ἀλλ’

513 3227 658 3266 nunc
697 3223 782 3267 est
809 3212 849 3269 ⁸.
883 3232 904 3266 ο
957 3214 1060 3281 Ac,
1113 3229 1232 3270 mea
1284 3218 1504 3286 quidem
1559 3222 1856 3280 sententia.
1900 3223 2075 3292 prima

511 3303 673 3357 lectio
696 3305 936 3358 declarat
963 3303 1204 3360 futuram
1249 3309 1624 3364 adorationem
1651 3319 1804 3366 extra
1849 3327 2074 3382 corpora

509 3406 731 3464 propter
761 3396 1183 3466 perfectionem,
1214 3401 1385 3456 altera
1420 3403 1718 3472 profectum
1765 3419 1955 3460 eorum
1986 3407 2075 3475 qui

511 3487 867 3556 perﬁciuntur
907 3491 959 3544 in
995 3492 1096 3545 hac.
1133 3492 1271 3554 vita,
1305 3495 1483 3562 quoad
1528 3495 1654 3550 licet
1699 3497 1948 3551 humana:
1979 3514 2079 3550 na-

511 3587 667 3631 turzn.
703 3579 868 3650 224
893 3581 1261 3648 Quamobrem
1297 3585 1426 3638 licet
1462 3586 1693 3640 adorare
1719 3585 1936 3643 Patrem
1959 3628 1974 3652 ,
2021 3601 2076 3643 et

507 3670 741 3739 spiritu,
801 3683 857 3726 et
905 3674 1160 3739 veritate,
1215 3678 1435 3745 quando
1467 3693 1573 3732 non
1624 3679 1794 3734 solum
1861 3698 1881 3731 ι
1925 3681 2075 3735 venit

507 3763 638 3817 liora
665 3805 680 3829 ,
715 3782 736 3816 ι
795 3779 981 3820 verum
1016 3768 1178 3821 etiam
1230 3787 1249 3820 ι
1289 3772 1432 3824 venit
1465 3772 1602 3826 hora
1639 3783 1692 3826 et
1718 3789 1859 3828 nunc
1889 3785 2008 3840 est,
2049 3793 2068 3827 ι

508 3865 562 3909 et
584 3857 797 3926 quando
816 3852 1169 3930 Jerosolymis
1189 3877 1307 3916 esse
1332 3865 1711 3918 existimamur
1732 3878 1956 3935 propter
1980 3882 2074 3922 eos

505 3950 598 4016 qui
645 3964 883 4020 eousque
933 3960 1146 4006 tantum
1212 3956 1595 4011 ascenderunt.
1657 3957 1886 4024 Quando
1943 3975 2073 4029 ergo

505 4043 765 4110 scriptum
812 4052 923 4099 est:
977 4065 996 4098 ι
1031 4045 1194 4103 Venit
1241 4049 1374 4103 hora
1403 4089 1418 4115 ,
1468 4060 1524 4104 et
1557 4067 1700 4106 nunc
1732 4060 1851 4116 est,
1885 4069 1904 4102 ι
1969 4068 2072 4104 non

507 4134 735 4203 amplius
768 4136 1002 4192 dicitur:
1043 4156 1064 4190 ι
1098 4139 1282 4210 Neque
1315 4141 1366 4194 in
1399 4152 1581 4196 monte
1609 4145 1734 4206 boc,
1764 4158 1942 4212 neque
1977 4141 2072 4196 Je-

503 4224 786 4294 rosolymis
839 4227 1136 4285 adorabitis
1183 4228 1448 4298 Patrem,
1516 4250 1535 4284 ›
1599 4242 1658 4286 ut
1717 4232 1920 4286 dictmn
1987 4241 2074 4286 erit

503 4311 640 4387 [(29)
672 4331 794 4371 cum
829 4317 990 4388 illud,
1026 4341 1060 4373 ι·
1083 4326 1229 4378 venit
1261 4325 1424 4392 hora,
1468 4343 1487 4376 ι
1520 4323 1640 4378 sine
1683 4323 1786 4378 hoc
1823 4331 1938 4378 toto
1965 4341 1983 4372 ι
2019 4333 2075 4376 et

501 4419 647 4460 nunc
681 4418 800 4474 est,
827 4427 849 4461 ι
891 4414 1156 4487 scripsit.]
1197 4418 1448 4470 Attamen
1495 4415 1630 4469 falsa
1673 4415 1926 4484 opinatur
1967 4413 2070 4468 Sa-

2178 3229 2392 3303 έρχεται
2423 3230 2560 3302 ὥρα,
2597 3231 2690 3284 καὶ
2726 3229 2821 3282 νῦν
2856 3233 2990 3284 ἐστι.
3041 3249 3060 3281 ι
3102 3231 3210 3282 Καὶ
3260 3226 3412 3298 οἶμαί
3449 3248 3512 3300 γε
3543 3231 3605 3285 τὸ
3649 3233 3746 3304 μὲν

2179 3323 2446 3393 πρότερον
2495 3321 2689 3391 δηλοῦν
2739 3320 2836 3392 τὴν
2880 3320 2985 3385 ἔξω
3039 3323 3304 3392 σωμάτων
3373 3322 3746 3396 προσκύνησιν

2176 3414 2574 3483 ἐνστησομένην
2619 3411 2759 3466 κατᾶ
2795 3412 2894 3484 τὴν
2920 3413 3232 3484 τελειότητα
3261 3429 3270 3444 ·
3306 3413 3366 3466 τὸ
3397 3414 3454 3467 δὲ
3495 3413 3744 3488 δεύτερον

2175 3505 2273 3576 τὴν
2307 3507 2414 3558 τῶν
2447 3507 2504 3559 έν
2545 3505 2644 3575 βίῳ
2676 3506 2848 3575 τούτῳ
2890 3505 2965 3567 ὡς
2995 3505 3268 3576 ἐνδέχεται
3303 3507 3445 3562 κατὰ
3475 3508 3745 3580 ἀνθρωπί-

2177 3615 2274 3669 νην
2329 3596 2488 3666 φύσιν
2533 3596 2818 3668 προκοπὴν
2866 3595 2979 3666 (50)
3034 3595 3442 3668 τελειουμένων.
3502 3597 3746 3663 Ἔξεστιν

2175 3686 2269 3743 οὖν
2309 3691 2404 3742 καὶ
2436 3689 2494 3741 ἐν
2520 3687 2598 3758 τῷ
2634 3687 2902 3758 πνεύματι
2931 3689 3025 3741 καὶ
3063 3689 3289 3760 ἀληθεία
3319 3693 3638 3760 προσκυνεῖν
3670 3689 3746 3761 τῷ

2175 3779 2372 3850 Πατρὶ,
2402 3779 2491 3832 ὅτε
2515 3779 2576 3832 ού
2605 3779 2764 3848 μόνον
2803 3798 2820 3830 ι
2855 3779 3073 3849 ἔρχεται
3101 3779 3238 3852 ὥρα,
3275 3800 3292 3831 ι
3323 3781 3457 3834 ἀλλὰ
3483 3783 3578 3836 καὶ
3605 3802 3623 3834 ι
3653 3783 3746 3836 νῦν

2174 3871 2309 3935 ἐστι,
2345 3889 2362 3920 ι
2397 3871 2489 3924 καὶ
2517 3873 2575 3924 ὲν
2603 3873 2716 3934 τοῖς
2757 3869 3148 3942 Ἱεροσολύμοις
3171 3872 3258 3924 διὰ
3289 3875 3415 3936 τοὺς
3445 3874 3538 3926 ἐπὶ
3558 3873 3746 3927 τοσοῦ·-

2173 3981 2263 4016 τον
2317 3963 2474 4034 μόνον
2529 3962 2828 4031 φθάνοντας
2875 3964 3161 4033 τυγχάνειν
3211 3962 3561 4033 νομιζόμεθα.
3620 3965 3746 4017 Ὅτε

2173 4054 2303 4124 γοῦν
2334 4055 2677 4126 γέγραπται·
2719 4073 2737 4106 ι
2779 4055 3038 4124 Ἔρχεται
3069 4053 3214 4135 ὥρα,
3248 4055 3342 4108 καὶ
3375 4053 3471 4106 νῦν
3514 4057 3682 4121 ἐστιν,
3721 4073 3739 4104 ι

2129 4197 2137 4204 ,
2174 4146 2353 4200 οὐκέτι
2386 4146 2599 4215 λέγεται
2626 4147 2718 4200 τό·
2755 4165 2772 4197 ι
2807 4145 2943 4200 Οὔτε
2975 4148 3033 4198 ὲν
3059 4145 3134 4216 τῷ
3165 4147 3278 4217 ὄρει
3312 4145 3505 4217 τούτῳ,
3535 4146 3660 4200 οὔτε
3688 4150 3746 4200 ὲν

2185 4239 2576 4311 Ἱεροσολύμοις
2630 4241 3033 4310 προσκυνήσετε
3091 4232 3170 4308 τῷ
3226 4239 3420 4310 Πατρὶ,
3484 4259 3502 4290 ι
3559 4240 3746 4311 ὥσπερ

2174 4331 2388 4401 εἴρηται
2439 4331 2588 4398 ὃπου,
2621 4331 2716 4394 τὸ,
2770 4349 2788 4380 ι
2840 4330 3097 4400 Ἔρχεται
3147 4326 3285 4398 ὥρα,
3340 4347 3358 4379 ι
3409 4329 3576 4400 χωρὶς
3630 4328 3744 4392 τοῦ,

2181 4441 2198 4472 ι
2232 4420 2344 4474 Νῦν
2389 4423 2556 4485 ἐστιν,
2585 4439 2603 4472 ι
2641 4420 3073 4494 ἀναγέγραπται.
3113 4419 3232 4471 Ἔτι
3275 4419 3524 4490 μέντοιγε
3557 4420 3746 4492 ὁμοίαν

503 4497 716 4551 maritis
745 4500 860 4554 lucc
887 4503 1096 4569 dicens,
1135 4523 1238 4560 non
1273 4507 1432 4560 aliter
1457 4521 1619 4574 quam
1672 4521 1794 4559 cum
1844 4506 2066 4574 putabat

2176 4509 2512 4580 ψευδοδοξίαν
2542 4513 2608 4580 τῇ
2637 4511 2729 4562 ἐπὶ
2759 4493 2863 4562 τοῦ
2881 4505 3233 4579 νομιζομένου
3262 4507 3494 4576 φρέατος
3522 4507 3746 4578 εἰρημέ-

501 4584 700 4643 fontem
719 4587 886 4647 Jacob
902 4595 1006 4650 dici
1029 4608 1271 4666 puteum.
1296 4599 1410 4654 Illic
1429 4598 1628 4652 etenim
1649 4595 1855 4666 inquit:
1887 4615 1904 4647 ι
1931 4593 2066 4648 Nam

501 4687 556 4732 tu
587 4681 760 4752 major
795 4698 856 4740 es
904 4698 1057 4757 patre
1097 4701 1285 4746 nostro
1330 4689 1540 4755 Jacob,
1587 4689 1679 4758 qui
1707 4687 1874 4743 'dedit
1913 4687 2072 4741 nobis

499 4769 644 4825 hunc
671 4784 910 4844 puteum,
955 4787 1012 4834 et
1057 4781 1172 4850 ipse
1222 4797 1289 4836 ex
1319 4797 1385 4836 eo
1419 4781 1592 4845 bibit,
1623 4789 1678 4834 et
1711 4778 1806 4832 ﬁlii
1841 4776 1980 4846 ejus,
2013 4786 2070 4832 et

496 4879 696 4934 pecora
719 4869 836 4938 ejus
855 4871 916 4926 ⁸2
941 4890 961 4924 ›
992 4874 1078 4928 hic
1104 4886 1316 4931 autem:
1351 4894 1368 4926 ι
1393 4874 1584 4928 Patres
1609 4872 1776 4928 nostri
1805 4872 1858 4926 in
1884 4883 2068 4926 monte

501 4958 603 5013 hoc
627 4961 986 5018 adoraverunt
1009 4966 1052 5020 ⁸.
1091 4985 1111 5019 ι

570 5139 660 5198 15.
698 5141 962 5198 Cat-terum
994 5146 1046 5199 in
1072 5147 1155 5201 his
1188 5147 1368 5201 verbis
1402 5148 1577 5216 inquit
1611 5146 1906 5202 Heracleon
1956 5148 2056 5203 ho.

497 5251 648 5295 neste
688 5241 1064 5297 Samaritidem
1113 5241 1313 5298 fassam
1362 5244 1530 5298 fuisse
1587 5259 1708 5314 quae
1749 5243 1850 5297 sibi
1905 5242 2065 5299 Jesus

498 5330 753 5388 dixisset:
787 5352 804 5384 ι
845 5333 1023 5388 Solius
1046 5335 1189 5388 enim
1213 5335 1514 5404 prepltctm,
1539 5335 1714 5404 inquit
1743 5333 2064 5400 Heracleon,

597 5493 641 5565 'f’
665 5491 820 5565 Joan.
847 5512 924 5565 tv,
951 5499 1042 5554 ‘25.

1147 5502 1166 5532 ι
1190 5498 1382 5554 Matth.
1422 5516 1474 5566 v,
1509 5501 1606 5556 35..

503 5558 526 5590 ⁸
552 5560 679 5616 ibid.
709 5564 800 5620 20.

569 5703 682 5768 (R9)
717 5706 1094 5774 Supplevimus
1119 5711 1235 5766 bzec
1267 5725 1332 5764 ex
1364 5709 1642 5766 Perionio.

1718 5499 1792 5552 ἰ
1832 5497 1976 5554 Petr.
2035 5516 2096 5567 tt,
2163 5491 2217 5555 ὅ.

2175 4617 2266 4653 νου
2308 4599 2418 4670 ἔχει
2477 4600 2512 4671 ἡ
2560 4601 2888 4671 Σαμαρεῖτις
2939 4597 3109 4650 ταῦτα
3169 4595 3437 4663 λέγουσα·
3491 4597 3638 4649 Ἐκεῖ
3686 4611 3743 4648 τε

2175 4691 2315 4762 γάρ’
2347 4711 2366 4742 ι
2401 4690 2492 4761 Μὴ
2539 4691 2629 4755 σὺ,
2668 4689 2822 4760 φησὶ,
2861 4689 3063 4760 μείζων
3109 4683 3162 4741 εἴ
3205 4685 3300 4740 τοῦ
3339 4687 3551 4759 Πατρὸς
3589 4687 3746 4759 ἡμῶν

2186 4783 2398 4851 Ἰακὼϐ,
2449 4784 2508 4848 ὃς
2545 4783 2774 4837 δέδωκεν
2827 4785 2958 4854 ἡμῖν
3009 4781 3071 4834 τὸ
3115 4782 3312 4851 φρέαρ,
3345 4781 3439 4833 καὶ
3477 4781 3639 4844 αὐτὸς
3683 4780 3744 4845 ἐξ

2173 4876 2335 4931 αὑτοῦ
2365 4877 2504 4941 ἔπιε,
2539 4879 2634 4930 καὶ
2657 4879 2706 4930 οἱ
2745 4878 2852 4931 υἱοὶ
2879 4875 3067 4938 αὑτοῦ,
3102 4874 3196 4926 καὶ
3227 4872 3296 4926 τὰ
3327 4873 3619 4944 θρέμματα
3649 4874 3746 4926 αύ-

2171 4971 2296 5036 τοῦ;
2331 4989 2350 5023 ι
2394 4971 2580 5024 ἐνθάδε
2606 4971 2662 5023 δὲ
2693 4970 2755 5023 τό
2781 4987 2794 5000 ·
2834 4989 2852 5021 ι
2888 4971 2950 5022 Οί
2979 4968 3216 5038 πατέρες
3243 4965 3403 5037 ἡμῶν
3431 4969 3488 5023 ὲν
3516 4966 3594 5038 τῷ
3628 4967 3744 5039 ὄρει

2168 5061 2341 5131 τούτῳ
2369 5061 2799 5133 προσεκύνησαν.
2824 5083 2844 5115 ι

2242 5151 2326 5207 15.
2383 5153 2440 5204 ὐ
2479 5151 2536 5205 δὲ
2589 5150 2900 5222 Ἡρακλέων
2931 5152 3011 5214 εἰς
3049 5150 3116 5205 τὰ
3159 5150 3300 5204 αὐτὰ
3332 5150 3555 5222 ῥήματα
3596 5145 3743 5214 λέγει

2172 5245 2521 5315 εὐσχημόνως
2564 5244 2972 5315 ὡμολογηκέναι
3021 5244 3118 5316 τὴν
3167 5244 3496 5315 Σαμαρεῖτιν
3541 5240 3607 5294 τὰ
3650 5239 3742 5293 ὑπ’

2173 5336 2336 5390 αὐτοῦ
2377 5339 2512 5409 πρὸς
2553 5337 2719 5408 αὐτὴν
2755 5339 3052 5411 εἰρημένα·
3097 5357 3115 5390 ι
3164 5338 3450 5408 Προφητου
3496 5333 3606 5407 γὰρ
3645 5332 3744 5406 μό-

2946 5501 2967 5531 ⁸
2997 5499 3127 5556 ibid.
3181 5497 3270 5553 25.

2323 5500 2344 5531 ³
2395 5497 2547 5554 Joan.
2619 5515 2692 5565 tv,
2748 5499 2840 5554 2|.
2946 5499 3127 5556 ‘ibid.
3181 5497 3270 5553 25.
3376 5497 3398 5530 ⁵
3455 5495 3587 5553 ibid.
3650 5492 3742 5553 12.

563 5777 676 5849 (³0)
705 5771 1041 5851 Προκοπήν.
1075 5782 1163 5838 Sic
1193 5782 1362 5838 codex
1397 5777 1754 5844 Bodleianus;
1789 5771 2012 5845 Regius,
2053 5773 2438 5843 προσκόπτειν.
