4170 6414
372 376 473 432 ᾸΞΙ

1435 372 1791 428 (ΖΟΜΜΕΝΤ.
1834 372 1901 428 IN
1940 372 2131 429 JOAN.
2171 371 2405 427 TOMUS
2441 370 2585 428 XIII.

3526 377 3623 430 £29

372 507 493 552 νου,
550 489 733 557 φησὶν,
783 487 930 541 ἐστὶν
960 486 1155 540 εἰδέναι
1202 486 1270 540 τὰ
1311 487 1519 542 πάντα.
1565 507 1582 536 ι
1632 486 1951 558 ψευδόμενος

2062 502 2145 547 est
2179 494 2359 547 omnia
2406 501 2685 549 cernere,»
2715 487 2998 556 utrobique
3016 489 3438 554 meuticns,cum
3460 493 3623 543 etiam

374 579 683 648 ἑκατέρως·
717 578 810 630 καὶ
837 577 943 647 γὰρ
990 579 1037 628 οἰ
1082 577 1300 644 ἄγγελοι
1339 575 1406 627 τὰ
1441 575 1666 628 τοιαῦτα
1704 574 1951 629 δύνανται

370 669 595 732 εἰδέναι,
660 670 755 721 καὶ
827 671 855 721 ὁ
906 668 1189 737 προφήτης
1223 668 1282 719 οὐ
1332 668 1506 719 πάντα
1559 664 1731 720 οἶδεν·
1798 688 1815 719 ι
1857 670 1954 721 Ἐκ

375 759 581 831 μέρους
615 760 725 829 γὰρ
756 758 1093 828 γινώσκομεν
1129 761 1222 812 καὶ
1264 760 1329 811 ὲκ
1375 759 1571 829 μέρους
1614 759 1953 830 προφητεύο-

375 866 501 919 μεν,
563 868 581 899 ι
646 848 749 902 κᾶν
809 846 1244 918 προφητεύομεν,
1294 846 1327 916 ἢ
1399 845 1740 915 γινώσκομεν
1815 847 1949 916 (51).

373 940 534 994 Μετὰ
573 940 631 993 δὲ
672 938 849 991 ταῦτα
878 939 1094 989 ἐπαινεῖ
1155 937 1230 999 ὼς
1281 936 1599 1007 πρεπόντως
1660 938 1726 1005 τῇ
1782 936 1953 1004 αὐτῆς

374 1029 541 1099 φύσει
588 1029 892 1097 ποιήσασαν
920 1025 1015 1096 τὴν
1060 1027 1404 1095 Σαμαρεῖτιν,
1444 1025 1538 1077 κα)⁴
1584 1025 1717 1094 μήτε
1757 1023 1955 1092 ψευσα-

378 1121 555 1192 μένην
622 1122 757 1192 μήτε
803 1119 1062 1190 ἄντικρυς
1129 1117 1536 1187 ὁμολογήσασαν
1598 1116 1695 1185 τὴν
1755 1116 1953 1184 ἑαυτῆς

375 1211 787 1282 ἀσχημοσύνην,
826 1209 1194 1280 πεπεισμένην
1218 1209 1278 1260 τέ
1301 1224 1463 1278 φησιν
1495 1206 1684 1277 αὐτὴν,
1710 1206 1791 1258 ὅτι
1821 1223 1953 1276 προ-

376 1302 558 1371 φήτης
586 1301 693 1370 εἴη,
725 1301 932 1369 ἐρωτᾷν
961 1299 1143 1363 αὑτὸν,
1182 1299 1296 1367 ἅμα
1321 1298 1418 1368 τὴν
1457 1297 1633 1350 αἰτίαν
1662 1296 1954 1364 ἐμφαίνου-

380 1409 484 1444 σαν
516 1392 581 1445 δι’
616 1393 683 1462 ἦν
711 1390 1129 1461 ὲξεπόρνευσεν.
1170 1390 1250 1442 ὅτι
1289 1389 1355 1442 δι’
1383 1390 1600 1457 ἄγνοιαν
1628 1391 1761 1461 (51‘)
1793 1387 1949 1449 Θεοῦ,

376 1484 476 1535 καὶ
517 1482 617 1553 τῆς
657 1482 799 1535 κατὰ
844 1482 935 1533 τὸν
983 1481 1113 1533 Θεὸν
1154 1481 1409 1551 λατρείας
1450 1479 1822 1550 ἀμελήσασαν,
1857 1480 1951 1532 καὶ

378 1575 598 1628 πάντων
659 1573 768 1627 τῶν
811 1572 953 1625 κατά
998 1573 1091 1624 τὸν
1139 1572 1251 1642 βίον
1289 1573 1425 1643 αὐτῇ
1476 1572 1809 1640 ἀναγκαίων,
1858 1571 1953 1623 καί

377 1665 556 1727 ἄλλως
591 1664 679 1717 (5ιεί⁹
710 1663 809 1734 τὴν
843 1664 900 1716 ἐν
942 1662 1019 1733 τῷ
1054 1662 1154 1733 βίῳ
1187 1663 1577 1732 τυγχάνουσαν·
1619 1663 1679 1714 οὐ
1721 1660 1831 1732 γὰρ
1862 1661 1948 1725 ἂν,

378 1755 570 1826 φησὶν,
612 1753 750 1824 αὑτὴ
790 1754 988 1824 ἤρχετο
1020 1753 1111 1805 ἐπὶ
1159 1752 1220 1805 τὸ
1257 1754 1434 1823 φρέαρ
1466 1751 1569 1817 ἔξω
1613 1752 1712 1822 τῆς
1743 1752 1949 1813 πόλεως

376 1848 663 1916 τυγχάνον.
693 1844 805 1897 Οὐκ
831 1840 947 1896 οἶδα
967 1844 1024 1897 δὲ
1048 1842 1163 1906 πῶς
1191 1844 1437 1913 ἐνόμισεν
1464 1843 1822 1912 ἐμφαίνεσθαι
1853 1842 1950 1912 τὴν

378 1934 557 1988 αἰτίαν
584 1932 678 1986 τοῦ
709 1931 1226 2002 ὲκπεπορνευκέναι,
1269 1931 1301 2000 ἢ
1334 1931 1554 1998 ἄγνοιαν
1588 1932 1766 1984 αἰτίαν
1795 1947 1952 1999 γεγο-

378 2024 529 2076 νέναι
566 2024 657 2075 ἐπὶ
693 2021 801 2074 τῶν
848 2020 1354 2092 πλημμελημάτων,
1393 2019 1486 2071 καὶ
1513 2017 1613 2088 τῆς
1644 2017 1784 2071 κατά
1822 2017 1952 2069 Θεὸν

379 2112 655 2183 λατρείας·
691 2110 803 2163 ἀλλ’
840 2109 982 2163 ἔοικε
1018 2109 1191 2162 ταῦτα
1234 2108 1309 2171 ὡς
1338 2107 1523 2177 ἔτυχεν
1555 2106 1949 2176 ὲσχεδιακέναι,

378 2204 548 2274 χωρὶς
580 2200 759 2273 πάσης
790 2201 1144 2272 πιθανότητος
1168 2217 1181 2230 ·
1226 2199 1547 2270 προστίθησι
1571 2199 1699 2270 περὶ
1720 2197 1950 2263 τούτοις,

377 2295 486 2360 ὅτι,
512 2292 809 2364 βουλομένη
857 2292 1046 2363 μαθεῖν
1087 2290 1202 2353 πῶς
1232 2292 1326 2343 καὶ
1364 2290 1469 2342 τίνι
1518 2288 1949 2359 εύαρεστήσασα,

378 2384 475 2436 καὶ
512 2382 630 2453 Θεῷ
663 2385 1088 2454 προσκυνήσασα
1122 2379 1461 2450 ἀπαλλαγείη
1504 2377 1599 2430 τοῦ
1646 2376 1950 2449 πορνεύειν,

377 2475 527 2541 λέγει
552 2474 638 2525 τό·
672 2491 690 2522 ι
719 2472 783 2524 υἱ
826 2471 1060 2541 πατέρες
1082 2468 1238 2539 ἡμῶν
1269 2469 1325 2520 ἐν
1350 2466 1427 2537 τῷ
1450 2466 1565 2537 ὄρει
1586 2465 1759 2535 τούτῳ
1787 2482 1955 2536 προσ-

383 2562 675 2633 εκύνησαν,
709 2579 727 2611 ι
786 2560 880 2614 καὶ
918 2558 986 2612 τὰ
1022 2558 1167 2629 ἑξῆς.
1197 2557 1406 2630 Σφόδρα
1444 2557 1502 2610 δέ
1547 2559 1692 2609 ἐστιν
1732 2556 1952 2624 εὺέλεγ-

380 2672 486 2709 κτα
508 2653 575 2707 τά
609 2654 889 2726 εἰρημένα·
910 2651 1071 2704 πόθεν
1088 2649 1193 2722 γὰρ
1213 2649 1322 2721 (52)
1391 2651 1471 2703 ὅτι
1494 2649 1737 2719 βούλεται
1765 2649 1954 2719 μαθεῖν

379 2748 484 2802 τίνι
509 2747 920 2817 εὐαρεστήσασα
942 2744 1275 2815 ἀπαλλαγείη
1302 2742 1394 2796 τοῦ
1425 2742 1704 2814 πορνεύειν
1729 2758 1743 2806 ;

452 2838 539 2893 16.
587 2858 604 2889 ι
628 2838 790 2907 Λέγει
812 2837 946 2906 αὐτῇ
970 2839 998 2889 ὁ
1026 2835 1257 2906 Ἰησοῦς·
1292 2834 1517 2887 Πίστευέ
1543 2852 1651 2905 μοι.
1671 2833 1848 2902 γύναι,
1874 2833 1955 2886 ὅτι

383 2931 602 3002 ἔρχεται
642 2929 780 3001 ὥρα,
822 2929 910 2982 ὅτε
947 2927 1071 2981 οὔτε
1101 2927 1209 2998 (55)
1251 2929 1308 2980 ὲν
1349 2927 1465 2997 ὄρει
1506 2927 1701 2997 τούτῳ,
1740 2926 1863 2979 οὔτε
1896 2929 1955 2980 ὲν

391 3019 780 3093 Ἰεροσολύμοις
809 3020 1214 3090 προσκυνήσετε
1240 3017 1317 3086 τῷ
1343 3016 1536 3088 Πατρί.
1588 3037 1606 3067 )
1651 3019 1778 3070 Ὅτε
1808 3017 1955 3083 ἔδοξε

380 3110 728 3166 πιθανώτατα
751 3109 1113 3180 τετηρηκέναι
1141 3110 1170 3162 ὁ
1212 3108 1524 3179 Ἡρακλέων
1562 3110 1619 3161 ὲν
1658 3109 1867 3172 τούτοις
1890 3108 1951 3161 τὸ

381 3206 475 3259 ἐπὶ
503 3204 603 3273 μὲν
627 3202 735 3255 τῶν
768 3201 1046 3273 προτέρων
1076 3200 1150 3272 μὴ
1179 3199 1428 3271 εἰρῆσθαι
1466 3200 1631 3270 αὐτῇ·
1669 3218 1687 3250 ι
1723 3199 1952 3253 Πίστευέ

383 3310 498 3366 μοι,
527 3294 709 3362 γύναι,
749 3313 767 3344 ι
807 3291 902 3346 νῦν
933 3292 989 3345 δὲ
1016 3291 1172 3344 τοῦτο
1207 3290 1342 3360 αὐτῇ
1369 3289 1785 3361 προστετάχθαι,
1832 3290 1953 3343 τότε

380 3384 687 3438 medan
721 3383 781 3437 τὸ
813 3382 887 3453 μὴ
923 3382 1184 3435 ἀπίθανον
1214 3382 1608 3452 παρατήρημα,
1639 3376 1808 3434 εἰπὼν
1830 3381 1954 3452 ὅρος

383 3479 483 3551 μὲν
510 3479 621 3550 (54)
660 3479 749 3531 τὸν
781 3476 1021 3530 διάϐολον
1047 3474 1319 3544 λέγεσθαι,
1349 3476 1383 3545 ἢ
1413 3475 1504 3528 τὸν
1528 3474 1730 3545 κόσμον
1764 3474 1950 3541 αὐτοῦ,

388 3591 407 3621 ι
440 3570 672 3640 ἐπείπερ
705 3569 868 3639 μέρος
911 3567 969 3619 ἓν
994 3566 1104 3637 (55)
1144 3566 1172 3617 ὁ
1201 3564 1442 3628 διάϐολος
1480 3565 1609 3635 ὅλης
1659 3565 1755 3633 τῆς
1800 3563 1951 3634 ὕλης,

384 3662 570 3732 φησιν,
619 3656 709 3731 ἦν,
753 3661 781 3712 ὁ
808 3660 863 3712 δὲ
888 3659 1087 3729 κόσμος
1110 3658 1170 3710 τὸ
1197 3657 1417 3728 σύμπαν
1451 3657 1550 3726 τῆς
1590 3657 1783 3720 κακίας
1808 3656 1949 3728 ὅρος,

380 3753 587 3824 ἔρημον
649 3752 960 3822 οἰκητήριον
1031 3749 1265 3821 θηρίων,
1324 3742 1368 3818 ᾧ
1421 3749 1529 3821 (56)
1585 3749 1952 3820 προσεκύνουν

383 3845 585 3906 πάντες
614 3843 664 3896 οἰ
697 3842 803 3912 πρὸ
845 3842 1006 3912 νόμου
1048 3842 1142 3894 καὶ
1179 3842 1228 3894 οἰ
1270 3841 1493 3894 ἐθνικοί.
1539 3860 1557 3891 ι
1609 3840 1953 3911 Ἱεροσόλυμα

383 3934 442 3988 δὲ
473 3935 573 4004 τὴν
599 3933 777 3986 κτίσιν
802 3932 835 4003 ἢ
856 3932 948 3985 τὸν
977 3930 1237 4002 Κτίστην,
1266 3923 1311 3998 ᾧ
1342 3928 1709 4000 προσεκύνουν
1747 3931 1795 3983 οἰ
1828 3930 1954 3982 Ἰου-

381 4024 541 4077 δαῖοι.
589 4021 748 4075 Ἀλλά
783 4023 876 4076 καὶ
913 4021 1183 4093 δευτέρως
1226 4021 1350 4092 ὄρος
1390 4020 1487 4091 μὲν
1517 4019 1765 4090 ἐνόμισεν
1812 4015 1950 4073 εἶναι

380 4115 480 4185 τὴν
511 4115 709 4177 κτίσιν,
802 4113 912 4185 (57)
959 4114 1007 4166 οἰ
1038 4112 1239 4167 ἐθνικοὶ
1278 4111 1641 4184 προσεκύνουν
1662 4128 1676 4142 ·
1721 4112 1951 4184 Ἱεροσό-

381 4205 527 4276 λυμα
548 4206 606 4258 δὲ
653 4205 744 4258 τὸν
769 4206 1029 4276 Κτίστην,
1071 4200 1115 4274 ᾧ
1156 4204 1264 4276 (58)
1287 4207 1334 4257 οἰ
1370 4203 1610 4257 Ἰουδαῖοι
1641 4202 1945 4275 ὲλάτρευον.

387 4314 406 4345 ι
456 4295 643 4366 Ὑμεῖς
691 4291 804 4359 οὖν,
862 4296 1048 4365 φησὶν,
1100 4295 1261 4348 οἱονεὶ
1329 4294 1378 4347 οἰ
1422 4295 1796 4365 πνευματικοὶ,
1825 4293 1949 4347 οὔτε

380 4390 447 4458 τῇ
476 4388 685 4452 κτίσει,
726 4387 845 4440 οὐδὲ
886 4387 964 4458 τῷ
992 4386 1316 4458 Δημιουργῷ
1346 4387 1771 4458 προσκυνήσετε,
1814 4386 1947 4440 ἀλλά

2058 579 2232 649 angeli
2273 579 2576 648 hujusmodi
2608 594 2836 633 cernere
2875 590 3109 648 queant,
3140 590 3194 634 et
3230 581 3485 648 propheta
3516 596 3620 635 non

2055 671 2238 722 videat
2267 670 2483 723 omnia:
2523 689 2539 719 ι
2574 670 2649 722 Ex
2688 681 2841 737 parte
2872 672 3012 723 enim
3044 675 3441 740 cognoscimus,
3472 681 3527 724 et
3555 688 3621 726 ex

2055 770 2208 829 parte
2254 762 2640 829 prophetamus
2664 762 2706 823 ",
2742 781 2760 813 ι
2821 762 3037 816 etiamsi
3089 765 3475 831 prephetcmus
3534 764 3620 817 vel

2054 867 2434 921 agnoscamus.
2476 853 2674 906 Deinde
2707 852 3088 907 Samarititlem
3125 855 3327 918 laudat,
3363 863 3619 922 tanquam

2053 958 2174 1011 quae
2211 943 2469 998 decenter
2499 954 2708 997 natura:
2737 960 2848 998 suae
2876 944 3086 1009 fecerit,
3114 960 3233 1012 qua:
3263 960 3437 1013 neque
3467 961 3621 998 men-

2058 1032 2153 1083 tita
2187 1033 2277 1097 sit,
2312 1045 2489 1100 neque
2540 1034 2799 1087 continuo
2843 1035 2985 1087 fassa
3038 1033 3198 1086 fuerit
3234 1035 3621 1104 turpitudinem

2053 1136 2227 1187 suam,
2257 1138 2682 1190 persuasamque
2708 1123 2893 1178 Jesum
2929 1126 3247 1193 prophetam
3275 1142 3416 1189 esse,
3449 1127 3619 1192 ipsam

2054 1210 2230 1278 inquit
2274 1212 2613 1283 interrogare
2653 1228 2776 1266 eum
2801 1255 2816 1278 ,
2864 1218 3233 1268 ostendentem
3269 1215 3426 1268 simul
3457 1217 3618 1269 etiam

2052 1317 2272 1355 causam
2306 1320 2400 1370 per
2430 1320 2592 1372 quam
2638 1304 2901 1358 fornicata
2950 1305 3146 1369 fuerit,
3177 1306 3427 1358 nimirum
3477 1307 3618 1373 quod

2052 1403 2272 1462 pr0pter
2317 1396 2680 1462 ignorantiam
2729 1395 2825 1449 Dei
2863 1404 2916 1449 et
2949 1396 3114 1449 divini
3164 1395 3379 1459 cultus,
3411 1406 3470 1449 ut
3502 1412 3620 1464 qua:

2054 1483 2360 1552 neglexerit
2395 1487 2557 1537 etiam
2605 1486 2785 1539 omnia
2827 1486 2931 1540 sibi
2976 1486 3043 1540 ad
3092 1495 3412 1555 prtesentem
3454 1487 3620 1540 vitam

2053 1579 2383 1642 necessaria,
2417 1593 2578 1647 quam
2612 1579 2849 1646 alioquin
2887 1580 3247 1648 ignorantiam
3292 1583 3391 1634 hac
3421 1581 3471 1634 in
3509 1583 3619 1634 vita

2053 1683 2267 1737 semper
2294 1668 2602 1723 habuisset:
2637 1684 2811 1737 neque
2833 1671 3000 1734 enim,
3024 1669 3219 1737 inquit,
3243 1671 3478 1725 venisset
3504 1672 3621 1726 haec

2055 1759 2121 1812 ad
2152 1765 2392 1827 puteum.
2426 1761 2517 1826 qui
2555 1766 2673 1812 erat
2702 1768 2857 1811 extra
2894 1759 3103 1812 urbem.
3136 1759 3241 1813 Sed
3275 1762 3460 1814 nescio
3482 1776 3621 1831 quo-

1983 1821 2027 1879 Β
2055 1847 2215 1900 modo
2250 1846 2640 1899 existimaverit
2665 1846 2877 1899 ostendi
2916 1862 3134 1900 causam
3174 1847 3498 1915 fornicandi,
3533 1851 3619 1904 vel

2054 1936 2412 2003 ignorantiam
2437 1936 2600 1990 divini
2629 1937 2807 1990 cultus
2830 1952 3047 1990 causam
3074 1937 3241 1991 fuisse
3262 1939 3579 1993 delictorum
3602 1959 3621 2007 ;

2052 2032 2144 2083 sed
2173 2029 2275 2084 hoc
2303 2030 2521 2083 videtur
2545 2029 2988 2097 extemporaliter
3019 2030 3225 2083 dixisse
3264 2031 3466 2099 absque
3509 2033 3617 2085 ulla

2052 2119 2526 2173 verisimilitudine
2552 2137 2564 2172 :
2590 2119 2785 2187 hisque
2806 2118 2951 2170 addit
2974 2132 3092 2170 eam
3119 2118 3384 2171 volentem
3409 2121 3623 2175 discere

2053 2209 2323 2276 quomodo
2349 2208 2513 2260 Deum
2544 2207 2796 2270 adorans,
2829 2215 2885 2260 et
2926 2206 2995 2258 illi
3024 2215 3171 2274 grata
3190 2247 3206 2269 ,
3240 2208 3559 2263 liberaretur
3588 2227 3620 2265 a

2056 2299 2433 2361 fornicatione,
2460 2297 2588 2351 illud
2612 2300 2853 2354 dixisse:
2899 2318 2916 2349 ι
2946 2299 3136 2352 Patres
3162 2300 3329 2352 nostri
3356 2299 3406 2352 in
3439 2314 3620 2356 monte

2055 2389 2158 2442 hoc
2184 2389 2608 2453 adoraverunt",
2646 2406 2665 2440 ι
2700 2399 2754 2442 et
2789 2404 2850 2443 ea
2876 2405 2998 2459 qua:
3038 2399 3358 2458 sequuntur.
3397 2389 3502 2443 Sed
3538 2391 3618 2443 fa-
3676 2405 3686 2416 ‘

2053 2481 2154 2536 cile
2188 2482 2477 2535 admodum
2507 2482 2905 2550 redarguuntur
2937 2482 3051 2535 haec
3074 2483 3251 2547 dicta;
3293 2483 3433 2536 unde
3474 2484 3620 2537 enim

2055 2573 2223 2641 liquet
2254 2588 2372 2628 eam
2402 2573 2617 2628 discere
2649 2572 2784 2626 velle
2810 2588 2917 2642 quo
2948 2582 3107 2643 pacto
3151 2573 3259 2627 Deo
3298 2585 3451 2643 grata
3482 2574 3620 2630 libe-

2057 2675 2269 2717 raretttr
2297 2680 2325 2717 a
2354 2663 2753 2719 fornicatione?

2126 2841 2286 2912 225
2318 2842 2401 2897 16.
2449 2862 2468 2894 ι
2511 2842 2650 2897 Dicit
2672 2842 2746 2896 illi
2776 2842 2962 2898 Jesus:
3000 2842 3173 2899 Crede
3203 2844 3333 2899 mihi
3357 2884 3372 2909 ,
3406 2845 3618 2908 mulier,

2055 2936 2209 2985 venit
2236 2935 2367 2986 hora
2398 2934 2614 3002 quando
2643 2947 2820 2999 neque
2850 2934 2902 2986 in
2944 2945 3127 2988 monte
3159 2934 3282 3001 hoc,
3316 2950 3489 3003 neque
3526 2933 3620 2990 ,ἵε-

2058 3021 2343 3092 rosolymis
2379 3022 2680 3077 adorabitis
2705 3021 2921 3077 Patrem
2946 3024 3019 3077 θ’.
3054 3043 3073 3076 ι
3114 3025 3339 3091 Quando
3370 3027 3514 3081 visus
3539 3038 3623 3085 est

1977 3154 2018 3211 α
2058 3112 2349 3167 lleracleon
2400 3115 2677 3183 aptissime
2715 3113 2769 3166 in
2801 3114 2916 3169 haec
2961 3118 3388 3183 praecedentibus
3434 3121 3625 3173 obser-

2056 3219 2211 3259 vasse
2239 3220 2346 3259 non
2372 3206 2576 3260 dictum
2601 3206 2771 3260 fuisse
2791 3206 2865 3259 illi
2886 3222 2904 3259 :
2941 3225 2958 3257 ι
2980 3206 3153 3261 Crede
3179 3209 3331 3276 mihi,
3356 3208 3567 3273 mulier,
3594 3226 3618 3264 ι

2058 3311 2199 3348 nunc
2249 3305 2426 3350 autem
2474 3295 2579 3350 hoc
2633 3297 2706 3349 illi
2762 3296 3072 3365 adiunctum
3110 3296 3310 3362 fuisse,
3359 3307 3482 3353 tunc
3517 3316 3620 3353 non

2055 3385 2307 3441 inscitam
2362 3387 2802 3441 observationem
2864 3387 3216 3454 obscuravit,
3287 3388 3469 3441 dicens
3522 3402 3622 3457 per

2054 3486 2294 3530 montem
2381 3477 2608 3547 intelligi
2663 3478 2937 3532 diabolum
3008 3477 3091 3531 vel
3149 3477 3405 3531 mundum
3458 3476 3618 3544 ejus:

2060 3583 2079 3617 ι
2118 3567 2553 3635 quandoquidem
2581 3583 2711 3636 pars
2740 3584 2842 3621 una
2868 3578 2986 3632 est,
3012 3568 3221 3637 inquit,
3267 3569 3512 3622 diabolus
3539 3578 3623 3622 to-

2055 3657 2161 3711 tius
2182 3657 2451 3724 ntaterim;
2490 3659 2721 3712 mundus
2749 3673 2875 3711 vero
2894 3660 3182 3714 universus
3212 3659 3433 3713 malitia:
3469 3676 3622 3715 mons

2053 3748 2331 3812 desertus,
2391 3755 2446 3800 et
2491 3747 2756 3802 habitatio
2802 3748 3068 3812 ferarum,
3107 3764 3264 3817 quem
3323 3750 3625 3805 adorabunt

2052 3853 2242 3892 omnes
2272 3848 2398 3892 ante
2440 3838 2630 3907 legem,
2675 3850 2730 3894 et
2752 3841 2999 3909 gentiles.
3030 3860 3049 3892 ι
3086 3841 3188 3895 Per
3231 3840 3621 3911 Jerosolymam

2051 3946 2181 3985 vero
2204 3931 2426 4002 intelligi
2451 3933 2580 3987 dicit
2603 3934 2958 3996 creationem,
2982 3932 3067 3986 vel
3084 3932 3422 3998 Creatorem,
3450 3946 3618 4003 quem

2052 4023 2355 4077 adorabant
2380 4021 2573 4077 Judzei.
2613 4022 2755 4089 Quin
2779 4037 2995 4076 rursum
3022 4022 3352 4077 existimavit
3380 4036 3621 4079 montem

2052 4128 2173 4168 esse
2202 4113 2555 4176 creationem,
2581 4128 2741 4180 quam
2776 4112 3003 4181 gentiles
3033 4113 3364 4180 adorarent;
3396 4109 3619 4170 Jeroso-

2038 4202 2246 4273 ’lymam
2296 4212 2475 4257 autem
2532 4202 2885 4267 Creatorem,
2919 4217 3080 4268 quem
3127 4200 3296 4257 Judaei
3347 4202 3619 4263 colerent.

2055 4311 2074 4343 ι
2105 4293 2209 4348 Vos
2231 4307 2383 4362 ergo,
2411 4292 2604 4361 inquit,
2630 4292 2797 4346 veluti
2823 4292 3158 4362 spirituales,
3193 4308 3368 4362 neque
3387 4295 3622 4349 creatio-

2052 4397 2196 4447 nem,
2228 4397 2401 4451 neque
2435 4382 2619 4435 mundi
2645 4380 2905 4450 Opiﬁcem
2943 4382 3262 4448 adorabitis,
3287 4383 3380 4438 sed
3404 4382 3619 4438 Patrem

377 4479 456 4550 τῷ
483 4480 660 4549 Πατρί
694 4479 793 4551 τῆς
832 4478 1121 4551 ἀληθείας·
1166 4480 1260 4533 καὶ
1298 4476 1825 4552 συμπαραλαμϐάνει
1859 4495 1945 4546 γε,

2049 4476 2327 4530 veritatis:
2381 4487 2444 4528 ac
2482 4473 2630 4526 illam
2671 4488 2803 4528 sane
2837 4473 3092 4543 adjuvat,
3123 4473 3332 4542 inquit,
3364 4483 3617 4543 tanquam

379 4573 575 4645 φησὶν,
618 4572 808 4643 αὐτὴν,
854 4572 930 4636 ώς
960 4571 1059 4643 ήδη
1113 4573 1338 4644 πιστὴν,
1389 4571 1481 4624 καὶ
1518 4569 1951 4642 συναριθμουμέ-

376 4682 474 4735 νην
501 4667 613 4728 τοῖς
649 4663 791 4718 κατά
816 4663 1070 4735 ἀλήθειαν
1114 4664 1533 4734 προσκυνηταῖς.
1572 4681 1590 4712 ι
1612 4661 1751 4714 Ἀλλ’
1789 4663 1974 4734 ἡμεῖς⁴

374 4757 477 4827 τὴν
504 4759 602 4827 μὲν
640 4758 699 4811 ὲν
733 4755 1005 4827 φαντασίᾳ
1037 4753 1353 4824 γνωστικῶν
1392 4754 1563 4823 λόγων
1603 4754 1698 4807 καὶ
1731 4753 1945 4822 νομιζο-

378 4847 554 4916 μένων
582 4846 802 4917 ὑψηλῶν
849 4844 1258 4917 ὀνομαζομένην
1294 4845 1605 4898 θεοσέϐειαν
1646 4842 1797 4915 παρά
1835 4845 1947 4906 τοῖς

375 4935 699 5009 ὲτεροδόξοις
737 4937 1191 5008 ὑπολαμϐάνομεν
1225 4934 1334 5007 (59)
1366 4934 1653 5006 δηλοῦσθαι
1685 4934 1771 4987 διὰ
1812 4933 1941 4987 τοῦ·

379 5050 399 5082 ι
431 5029 566 5083 Οὔτε
593 5031 651 5083 ὲν
681 5029 758 5099 τῷ
791 5029 906 5100 ὄρει
937 5028 1134 5098 τούτῳ·
1171 5046 1190 5076 ι
1220 5026 1309 5078 τὸν
1336 5025 1392 5077 δὲ
1431 5025 1629 5077 κανόνα
1654 5023 1792 5076 κατὰ
1819 5024 1944 5086 τοὺς

373 5122 602 5187 πολλοὺς
637 5120 737 5192 τῆς
777 5121 1121 5191 Ἐκκλησίας,
1161 5119 1220 5172 ὃν
1247 5118 1340 5171 καὶ
1367 5118 1527 5171 αὑτὸν
1555 5118 1583 5169 ὁ
1622 5116 1824 5179 τέλειος
1848 5115 1942 5189 καί

443 5215 463 5246 ⁷
489 5214 508 5267 I
534 5214 658 5268 Cor.
689 5228 806 5276 xm,
837 5212 890 5266 9.
965 5211 988 5243 ⁸
1019 5210 1174 5266 Joan.
1212 5226 1285 5274 tv,
1311 5208 1401 5262 ΞΟ.
1474 5210 1528 5240 ⁸·
1567 5208 1699 5262 ibid.
1728 5208 1818 5261 2i.

449 5302 559 5375 (5|)
586 5306 655 5358 Ἢ
674 5302 1065 5375 γινώσκομεν.
1095 5299 1186 5356 Sic
1213 5302 1385 5356 codex
1429 5298 1789 5363 Bodleiauus;
1834 5296 1943 5359 Re:

371 5372 515 5446 gius,
541 5372 642 5428 ’καὶ
670 5372 1031 5446 γινώσκομεν.

429 5436 565 5516 (51⁸)
598 5436 780 5516 Codex
814 5436 1032 5516 Regius.
1063 5452 1367 5516 perperam,
1397 5436 1654 5516 διᾲήοιαν.
1760 5499 1772 5510 _

431 5498 779 5585 ἰδὼεύβρω
811 5498 1382 5585 θυιυευῦαἱιάἴδῆλον,
1412 5515 1469 5561 ut
1502 5504 1694 5559 fecisse
1723 5498 1937 5553 videtur

360 5583 664 5640 interpres.
683 5585 834 5636 ENT.
874 5583 1101 5633 Px'rnon.

448 5648 558 5716 (53)
592 5650 646 5703 ln
690 5650 879 5703 codice
906 5647 1074 5716 Regio
1103 5647 1252 5699 deest
1273 5643 1416 5716 ορτε.

450 5708 562 5789 (ει)
592 5719 793 5789 Εἰπὼν
828 5716 964 5785 ὅρος
988 5708 1134 5784 "mer,
1159 5725 1264 5767 etc.
1295 5714 1428 5767 Vide
1454 5713 1718 5789 ᾕρητο-τιό
1772 5713 1935 5789 Con}-

380 5781 601 5848 ute‘nta'r.
628 5781 888 5843 inﬂauit.
919 5781 1052 5853 xvii,
1074 5795 1201 5839 tom.
1225 5798 1345 5847 xm,
1365 5799 1424 5852 p.
1451 5781 1573 5837 579.
1601 5782 1741 5846 Mox,
1768 5783 1806 5850 ἢ
1834 5782 1940 5834 τὸν

2045 4567 2158 4636 jam
2192 4566 2426 4630 fidelem,
2458 4574 2513 4618 et
2541 4580 2659 4634 quae
2690 4575 3082 4619 annumeretur
3110 4565 3465 4620 adorantibus
3493 4580 3616 4618 enin

2050 4657 2103 4708 in
2132 4657 2379 4710 veritate.
2413 4674 2431 4707 ι
2465 4656 2535 4708 At
2567 4670 2695 4708 vero
2726 4670 2826 4709 nos
2852 4669 2949 4723 per
2990 4655 3093 4708 hoc
3122 4655 3350 4718 dictum,
3385 4671 3406 4705 ί
3441 4669 3619 4722 neque

2049 4747 2104 4800 in
2138 4756 2316 4800 monte
2350 4747 2471 4811 hoc,
2514 4764 2534 4798 ι
2575 4745 2842 4799 declarari
2868 4745 3250 4800 existimamus
3283 4745 3413 4799 illud
3435 4784 3451 4808 ,
3474 4746 3618 4812 quod

2048 4836 2141 4892 Dei
2168 4838 2373 4892 cultum
2419 4836 2694 4907 appellant
2733 4836 2789 4890 hi
2840 4838 2933 4905 qui
2986 4835 3056 4889 ab
3094 4835 3352 4891 Ecclesiae
3384 4834 3618 4889 decretis

2051 4931 2335 4994 dissident,
2356 4930 2626 4984 exsistens
2658 4929 2711 4982 in
2738 4928 3126 4997 imaginatione
3175 4943 3486 4983 sermonum
3521 4929 3615 4995 qui

2049 5032 2176 5075 sunt
2202 5017 2595 5089 cognoscihiles
2630 5027 2685 5071 et
2722 5019 2814 5085 qui
2862 5016 3240 5071 existimantur
3263 5015 3395 5077 alti;
3424 5030 3520 5082 per
3546 5016 3615 5068 il-

2049 5112 2140 5166 lud
2170 5126 2320 5177 vero,
2353 5127 2371 5160 ι
2412 5123 2583 5179 neque
2608 5108 2966 5177 Jerosolytnis
2997 5108 3296 5163 adorabitis
3325 5105 3557 5168 Patrem,
3588 5123 3611 5157 ι

2044 5295 2295 5364 κόσμον.
2333 5292 2610 5364 Diabolum
2639 5292 2839 5362 quippe
2863 5289 3276 5364 δεσμοκράτορα
3325 5295 3380 5364 et
3406 5289 3613 5341 conSti-

2048 5360 2206 5417 tnunt
2236 5363 2596 5417 Valentiniani
2634 5360 2687 5417 et
2730 5360 3023 5430 appellant.
3052 5368 3307 5430 tremens
3337 5360 3370 5410 l.
3409 5371 3444 5418 t,
3483 5375 3605 5424 tap.

2045 5433 2115 5499 2;
2150 5433 2412 5501 Epiphan.
2445 5434 2635 5486 haeres.
2665 5427 2818 5501 xxxi,
2847 5447 2967 5501 cap.
3005 5429 3092 5483 I9.
3122 5427 3384 5482 IIUETIUS.

2140 5497 2229 5576 55)
2250 5497 2433 5576 Codex
2458 5502 2679 5576 ﬁegius,
2702 5497 2769 5570 ἦν
2802 5497 3016 5567 ρνοέν.
3075 5566 3087 5576 _
3304 5554 3329 5576 τ

2142 5566 2230 5638 56)
2261 5572 2441 5626 Codex
2470 5566 2688 5638 Hegias,
2718 5566 3022 5639 perperam,
3059 5566 3132 5627 ὡς
3164 5579 3259 5639 pro
3295 5566 3339 5627 (ξ)

2261 5642 2316 5717 I_n
2358 5631 2958 5717 eodetnvcodic'e_liegio
2990 5640 3150 5717 deest

2118 5712 2231 5780 (58)
2272 5712 2326 5763 In
2355 5709 2538 5763 codice
2569 5709 2737 5773 Hegio
2754 5710 3089 5780 desideratur
3116 5709 3179 5780 φ.

2116 5770 2231 5850 (59)
2266 5781 2406 5834 Idem
2436 5780 2602 5831 codex
2644 5770 2862 5846 Regius,
2889 5770 3426 5841 ὑπολαμϐανόμενον.
