4170 6404
538 359 639 413 £23

2009 338 2335 398 ORlGENlS

3670 339 3778 394 424

536 474 772 544 regulam
809 471 1066 527 Ecclesiae
1103 469 1255 538 juxta
1292 467 1486 523 multos
1520 463 1788 521 declarari
1821 461 2094 518 existima-

2208 455 2362 523 ἅγιος
2397 437 2869 528 ὑπεραναϐᾐσεται
2892 453 3367 527 θεωρητικώτερον
3405 457 3496 510 καὶ
3520 457 3780 526 σαφέστε⁴

533 580 656 619 mus
681 582 695 617 :
721 579 881 634 quam
912 564 1265 632 etiamipsam
1289 572 1512 616 sanctus
1531 570 1588 614 et
1621 557 1900 626 perfectus
1924 563 2105 609 trans-

533 655 760 720 cendet,
805 654 1048 718 acutius,
1081 663 1135 707 et
1195 651 1472 720 apertius,
1513 658 1566 703 et
1601 649 1836 704 divinius
1872 648 2105 700 adorans

537 747 772 800 Patrem.
810 745 881 800 Ut
906 745 1073 807 enim,
1107 743 1249 812 quod
1285 751 1340 794 et
1360 740 1532 796 Judaei
1555 739 1889 802 fatebuntur,
1921 733 2099 804 angeli

532 835 884 906 Jerosolyuiis
927 851 1032 889 non
1074 833 1304 887 adorant
1335 830 1592 896 Patrem,
1635 844 1701 881 eo
1745 829 1889 896 quod
1943 825 2103 893 longe

538 926 727 982 melius
759 924 972 979 Patrem
1019 924 1246 978 adorent
1279 937 1448 991 quam
1495 917 1884 989 Jerosolymis.
1935 916 2100 971 etiam

533 1019 613 1072 sic
638 1019 730 1086 qui
755 1015 950 1071 affectu
981 1016 1033 1070 id
1069 1015 1294 1078 habent,
1330 1023 1388 1066 ut
1413 1026 1573 1082 pares
1602 1012 1711 1064 sint
1751 1008 1978 1078 angelis,
2010 1022 2104 1062 ne-

538 1125 643 1171 que
675 1107 1028 1178 Jerosolymis
1057 1105 1277 1160 Patrem
1307 1103 1646 1165 adorabunt,
1684 1105 1780 1154 sed
1807 1099 1964 1167 longe
1989 1113 2104 1152 me-

531 1201 635 1254 lius
679 1201 761 1254 his
788 1199 878 1268 qui
911 1209 1033 1253 sunt
1065 1195 1420 1266 Jerosolymis
1441 1234 1456 1258 ,
1501 1193 1714 1248 etiamsi
1751 1201 1976 1261 propter
2007 1204 2102 1244 eos

530 1293 621 1360 qui
666 1291 1020 1361 Jerosolymis
1063 1289 1342 1350 habitant,
1386 1285 1832 1339 consuetudinem
1895 1281 2100 1335 habent

529 1400 652 1437 cum
681 1382 880 1436 ludatis
903 1379 1254 1448 Jerosolymze
1279 1375 1622 1446 degentibus,
1661 1371 1786 1426 facti
1816 1368 2010 1436 Judaei,
2036 1378 2100 1424 ut

527 1473 742 1528 Judmos
772 1469 1181 1524 lucrifaciant’.
1225 1467 1330 1520 Sed
1365 1463 1698 1535 Jerosolyma
1745 1462 1874 1516 mihi
1919 1461 2101 1515 consi-

528 1567 768 1624 deretur,
794 1570 853 1614 ut
877 1568 1034 1614 antea
1077 1556 1435 1619 ostendimus,
1463 1565 1624 1624 atque
1645 1554 1812 1607 etiam
1847 1550 2100 1606 similiter

525 1653 716 1710 Judaei.
758 1651 984 1718 Quando
1036 1663 1167 1702 vero
1210 1662 1387 1716 neque
1433 1647 1484 1697 iu
1537 1652 1722 1698 monte
1753 1642 1893 1705 hoc,
1920 1654 2098 1709 neque

524 1742 876 1814 Jerosolyntis
905 1741 1030 1810 quis
1057 1741 1270 1800 adorat,
1301 1737 1426 1805 quia
1457 1735 1672 1788 venerit
1695 1732 1810 1802 jam
1849 1733 2007 1799 hora,
2049 1731 2096 1787 is

525 1834 670 1887 ﬁlius
692 1833 900 1896 lactus,
935 1831 1146 1884 Patrem
1178 1845 1302 1884 cum
1335 1826 1530 1880 ﬁducia
1573 1825 1793 1889 adorat;
1837 1837 1999 1892 quam
2025 1823 2094 1878 ob

524 1939 742 1978 causam
779 1938 884 1978 non
907 1923 1110 1976 dictum
1137 1929 1256 1983 est,
1282 1918 1471 1986 Neque
1507 1913 1862 1984 Jerosolymis
1902 1913 2098 1967 adora-

523 2014 652 2071 hitis
691 2016 888 2080 Deum,
929 2013 1058 2079 sed,
1099 2030 1118 2062 ι
1175 2010 1361 2080 Neque
1407 2005 1764 2075 Jerosolymis
1801 2002 2096 2058 adorabitis

523 2107 765 2163 Patrem.
805 2126 826 2158 ι

593 2195 862 2268 22617.
887 2213 906 2246 ι
930 2193 1042 2248 Vos
1057 2191 1303 2247 adoratis
1323 2189 1464 2258 quod
1493 2187 1745 2248 nescitis;
1773 2201 1874 2240 nos
1902 2186 2098 2241 adora-

523 2307 645 2345 mus
663 2290 800 2358 quod
832 2289 1056 2351 scimus,
1090 2283 1345 2354 quoniam
1367 2281 1518 2336 salus
1536 2295 1602 2333 ex
1626 2277 1827 2333 Judaei:
1853 2289 1939 2332 est
1965 2279 2030 2332 '°.
2071 2297 2089 2329 ι

523 2381 629 2436 Per
688 2379 934 2433 voculam
969 2391 1082 2438 vos,
1120 2373 1262 2444 quod
1318 2373 1386 2426 ad
1437 2371 1829 2442 expositionem
1881 2369 2093 2433 attinet,

524 2469 892 2537 intelliguntur
911 2463 1238 2520 Samaritani
1255 2477 1272 2526 ;
1290 2470 1548 2531 quantum
1567 2475 1698 2514 vero
1709 2459 1778 2514 ad
1792 2473 2094 2530 attagogen,

525 2557 601 2610 illi
632 2557 722 2624 qui
753 2555 806 2607 in
847 2552 1146 2622 Scripturis
1184 2551 1398 2605 diversa
1429 2563 1460 2602 a
1499 2548 1656 2603 nobis
1693 2547 1973 2603 sentiunt:
2014 2549 2095 2604 sic

521 2661 622 2715 per
651 2646 897 2701 voculam
930 2659 1046 2710 nos,
1073 2652 1334 2710 quantum
1378 2641 1446 2695 ad
1491 2639 1828 2709 propositum
1848 2677 1864 2702 ,
1893 2639 2096 2694 intelli-

523 2749 724 2806 guntur
756 2735 924 2790 Judaei
947 2752 963 2800 ;
993 2745 1256 2804 quantum
1281 2733 1346 2786 ad
1371 2731 1710 2802 allegoriam,
1737 2746 1838 2800 ego
1867 2731 1982 2801 ipse
1999 2729 2092 2787 Dei

523 2830 718 2884 Sermo
739 2869 754 2894 ,
787 2829 901 2898 ipse
931 2827 1024 2881 Dei
1054 2826 1223 2882 Filius
1245 2866 1260 2892 ,
1289 2835 1344 2880 et
1365 2825 1455 2894 qui
1491 2825 1545 2878 in
1581 2837 1667 2880 me
1695 2823 2095 2879 transforman-

525 2932 612 2973 tur
631 2919 859 2974 salutem
893 2916 1157 2972 habentes
1197 2931 1226 2968 a
1261 2915 1485 2985 scriptis
1514 2913 1789 2982 .ludaicis;
1826 2931 1951 2970 nam
1981 2930 2094 2969 ma-

524 3009 842 3064 nifestatum
897 3022 1043 3062 nunc
1090 3007 1412 3076 mysterium
1463 3003 1810 3060 manifestum
1860 3013 1948 3060 est
1998 3019 2095 3072 per

2211 543 2312 616 ρον’
2343 547 2663 617 προσκυνῶν
2692 543 2768 614 τῷ
2803 546 3002 615 Πατρὶ,
3037 545 3125 598 διὰ
3160 545 3287 598 τοῦ·
3345 566 3363 597 ι
3409 545 3546 599 Οῠτε
3581 549 3638 602 ἐν
3685 549 3780 602 Ἱε-

2207 635 2525 707 ροσολύμοις
2553 637 2960 707 προσκυνήσετε
2986 635 3064 706 τῷ
3092 635 3286 707 Πατρί.
3319 654 3338 686 ι
3387 637 3596 708 ’Ὠσπερ
3643 638 3775 711 γὰρ,

2206 726 2386 788 καθὼς
2419 725 2808 797 ὁμολογήσαιεν
2839 725 2905 778 ἂν
2935 726 3031 778 καὶ
3065 726 3114 778 οἱ
3160 725 3419 788 Ἰουδαῖοι,
3457 727 3508 780 οἱ
3558 727 3776 802 ἄγγελοι

2210 818 2312 870 οὐκ
2361 819 2418 870 ὲν
2463 816 2856 889 Ἱεροσολύμοις
2898 815 3261 886 προσκυνοῦσι
3325 817 3404 888 τῷ
3454 819 3648 888 Πατρὶ,
3696 819 3776 890 τῷ

2208 911 2531 981 κρειττόνως
2558 909 2708 980 παρὰ
2733 910 2795 962 τὸ
2822 911 2880 962 ἐν
2916 909 3310 981 Ἰεροσολύμοις
3348 914 3672 979 προσκυνεῖν
3696 912 3776 982 τῷ

2205 1001 2402 1071 Πατρὶ,
2437 1001 2610 1064 οὕτως
2639 1002 2689 1052 oi.
2723 1001 2822 1072 ἥδη
2861 1003 2928 1071 τῇ
2965 1001 3198 1054 διαθέσει
3229 1001 3292 1054 τὸ
3333 1001 3606 1070 ἰσάγγελοι
3634 999 3773 1058 εἶναι

2203 1091 2520 1162 ἐσχηκότες,
2557 1091 2677 1145 οὐδὲ
2710 1094 2768 1144 ὲν
2807 1092 3195 1164 Ἰεροσολύμοις
3225 1094 3660 1164 προσκυνήσουσι
3693 1096 3772 1166 τῷ

2201 1185 2397 1256 Πατρὶ,
2425 1183 2560 1238 ἀλλὰ
2600 1184 2806 1254 βέλτιον
2833 1185 2865 1256 ἢ
2897 1187 2948 1238 oi.
2987 1188 3046 1239 ὲν
3087 1185 3500 1257 Ἱεροσολύμοις,
3536 1185 3638 1240 κᾶν
3682 1188 3770 1242 διὰ

2198 1277 2324 1341 τοὺς
2355 1277 2414 1330 ἐν
2451 1275 2838 1347 Ἱεροσολύμοις
2885 1277 3385 1347 συμπεριφέρονται
3424 1279 3536 1340 τοῖς
3567 1277 3624 1329 ὲν
3671 1278 3770 1332 Ἰε-

2201 1366 2519 1438 ροσολύμοις
2567 1368 2682 1427 τοῖς
2737 1365 3007 1430 Ἰουδαίοις
3055 1367 3328 1436 γινόμενοι
3371 1368 3638 1432 Ἰουδαῖοι,
3682 1369 3770 1424 ἵνα

2211 1456 2495 1521 Ἰουδαίους
2549 1456 2905 1528 κερδήσωσιν.
2967 1456 3319 1527 Ἰεροσόλυμα
3369 1457 3427 1510 δέ
3477 1475 3568 1528 μοι
3627 1460 3765 1512 νοεί-

2200 1546 2312 1599 σθω
2341 1547 2472 1617 (40),
2511 1547 2694 1611 καθὼς
2733 1546 3283 1618 προαποδεδώκαμεν,
3329 1548 3531 1619 ὁμοίως
3573 1549 3633 1603 δὲ
3672 1551 3766 1605 καὶ

2195 1640 2245 1691 οἱ
2289 1639 2546 1692 Ἰουδαῖοι.
2583 1639 2712 1691 Ὅτε
2754 1637 3002 1709 μέντοιγε
3036 1637 3159 1691 οὔτε
3206 1642 3265 1693 ὲν
3307 1639 3386 1710 τῷ
3425 1641 3540 1712 ὄρει
3571 1643 3766 1714 τούτῳ,

2197 1730 2320 1784 οὔτε
2362 1735 2421 1786 ὲν
2457 1730 2846 1803 Ἱεροσολύμοις
2896 1748 2983 1794 τις
3011 1735 3326 1803 προσκυνεῖ,
3370 1732 3628 1805 ἐλθούσης
3668 1735 3766 1807 τῆς

2198 1823 2348 1895 ὥρας
2391 1825 2690 1894 προσκυνεῖ
2724 1823 2862 1894 μετὰ
2906 1824 3219 1894 παρρησίας
3253 1825 3367 1888 υἱὸς
3406 1825 3768 1897 γεγενημένος

2195 1916 2288 1968 τὸν
2316 1915 2540 1987 Πατέρα
2561 1932 2575 1947 ·
2606 1915 2794 1986 διόπερ
2817 1915 2920 1968 οὐκ
2961 1916 3196 1987 εἴρηται·
3250 1916 3387 1970 Οΰτε
3417 1921 3474 1972 ὲν
3535 1921 3766 1991 Ἱεροσο-

2196 2007 2387 2079 λύμοις
2420 2009 2822 2080 προσκυνήσετε
2853 2006 2964 2078 (ΑΗ)
3004 2006 3082 2078 τῷ
3105 2008 3252 2078 Θεῷ·
3285 2003 3450 2062 ἀλλὰ·
3499 2028 3518 2060 ‹
3549 2009 3683 2064 Οὔτε
3709 2010 3768 2063 ἐν

2207 2101 2600 2174 Ἰεροσολύμοις
2638 2101 3044 2171 προσκυνήσετε
3075 2100 3154 2171 τῷ
3187 2099 3383 2171 Πατρί.
3421 2115 3440 2148 ι

2269 2193 2355 2246 17.
2387 2211 2407 2244 ι
2441 2193 2632 2264 Ὑμεῖς
2646 2193 3001 2263 προσκυνεῖτε
3025 2191 3166 2244 δούκ
3191 2189 3388 2244 οῖδατε·
3419 2193 3578 2263 ἡμεῖς
3601 2210 3768 2265 προσ-

2198 2285 2467 2356 κυνοῦμεν
2509 2285 2538 2338 δ
2588 2283 2832 2354 οἴδαμεν,
2878 2285 2960 2338 ὅτι
3005 2285 3039 2355 ἡ
3089 2281 3333 2354 σωτηρία
3371 2286 3436 2337 ὲκ
3471 2283 3578 2337 τῶν
3637 2287 3768 2340 Ἰου-

2195 2376 2359 2430 δαίων
2389 2375 2524 2429 ἐστί.
2557 2395 2576 2427 ι
2601 2375 2674 2428 Τὸ
2695 2375 2803 2446 (42)
2834 2395 2852 2426 ι
2884 2374 3091 2445 Ὑμεῖς,
3129 2393 3148 2424 ι
3174 2375 3297 2427 ὅσον
3326 2373 3419 2428 ἐπὶ
3440 2377 3506 2446 τῇ
3529 2373 3690 2441 λέξει,
3717 2377 3766 2430 cl

2197 2466 2486 2540 Σαμαρεῖς·
2512 2468 2636 2520 ὅσον
2661 2466 2718 2520 δὲ
2747 2467 2838 2519 ἐπὶ
2864 2467 2930 2538 τῇ
2959 2467 3243 2536 ἀναγωγῇ,
3262 2466 3310 2518 οἱ
3339 2466 3466 2536 περὶ
3496 2465 3594 2530 τὰς
3624 2467 3764 2539 Γρα-

2197 2558 2303 2628 φὰς
2362 2558 2689 2631 ἑτερόδοξοιδ
2744 2559 2806 2611 τὸ
2852 2557 2908 2612 δὲ
2961 2577 2980 2609 ι
3043 2557 3256 2628 Ἡμεῖς,
3312 2575 3331 2608 ι
3385 2557 3508 2610 ὅσον
3553 2557 3646 2611 ἐπὶ
3689 2557 3767 2628 τῷ

2199 2647 2348 2720 ρητῷ
2381 2648 2514 2719 (45),
2553 2650 2602 2701 οἱ
2638 2647 2913 2701 Ἰουδαῖον
2960 2647 3083 2700 ὅσον
3122 2647 3180 2701 δὲ
3216 2647 3308 2700 ἐπὶ
3347 2649 3414 2718 τῇ
3450 2646 3764 2720 ἀλληγορία,

2196 2739 2308 2810 ἐγὼ
2335 2743 2364 2794 δ
2386 2741 2575 2808 Λόγος,
2607 2738 2702 2792 καὶ
2725 2741 2774 2792 ot
2803 2739 2924 2792 κατ’
2947 2737 3047 2810 ἐμὲ
3073 2755 3138 2808 με
3147 2737 3514 2808 μορφωμένοι,
3539 2738 3638 2810 τὴν
3663 2755 3768 2790 σω-

2195 2833 2387 2906 τηρίαν
2429 2832 2641 2902 ἄκοντες
2679 2829 2786 2884 ἀπὸ
2823 2829 2932 2884 τῶν
2977 2828 3279 2883 Ἰουδαϊκῶν
3315 2829 3515 2898 λόγωνο
3559 2829 3619 2882 τὸ
3657 2828 3766 2900 γὰρ

2197 2923 2508 2996 φανερωθὲν
2547 2921 2643 2976 νῦν
2674 2922 2970 2991 μυστήριον
3019 2919 3399 2990 πεφανέρωται
3421 2919 3512 2973 διά
3540 2936 3600 2972 τε
3623 2921 3766 2992 Γρα-

2197 3016 2313 3087 φῶν
2337 3013 2710 3088 προφητικῶν,
2732 3014 2828 3068 καὶ
2848 3013 2948 3084 τῆς
2974 3012 3296 3082 ἐπιφανείας
3311 3012 3405 3065 τοῦ
3427 3012 3632 3082 Κυρίου
3656 3011 3766 3081 (ﬂ)

522 3103 833 3169 Scripturas
863 3101 1210 3170 propheticus
1235 3100 1303 3162 “,
1339 3108 1396 3152 et
1429 3113 1526 3167 per
1556 3099 1850 3152 adventum
1876 3096 2091 3152 Domini

2199 3108 2356 3181 ἡμῶν
2399 3106 2571 3177 Ἰησοῦ
2595 3104 2854 3178 Χριστοῦ.
2882 3105 3024 3176 Ὅρα
3054 3103 3110 3157 δὲ
3131 3105 3178 3156 εἰ
3211 3105 3284 3174 μὴ
3319 3103 3463 3167 ἰδίως
3500 3103 3596 3156 καὶ
3618 3103 3768 3173 παρὰ

523 3193 691 3248 nostri
721 3190 845 3246 .lesu
877 3190 1099 3245 Christi.
1145 3189 1278 3244 Vide
1306 3204 1440 3244 vero
1471 3205 1540 3242 an
1579 3205 1686 3242 non
1715 3189 2017 3258 improprie
2037 3198 2093 3243 et

520 3297 717 3358 praeter
765 3284 1212 3354 consequentiam
1258 3284 1548 3338 verborum
1587 3280 1892 3336 lleracleon
1924 3280 2089 3334 disse-

521 3378 730 3442 ruerit,
771 3389 1048 3444 exponens
1096 3374 1228 3428 illud
1255 3389 1346 3428 vos
1366 3413 1382 3440 ,
1427 3389 1527 3444 pro
1569 3387 1635 3428 eo
1664 3374 1806 3442 quod
1836 3382 1953 3434 est,
1982 3370 2091 3428 Vos

515 3469 684 3524 Judaei
711 3477 765 3523 et
808 3467 1060 3537 gentiles.
1104 3465 1278 3533 Quale
1301 3476 1481 3520 autem
1508 3475 1612 3527 est,
1649 3475 1709 3518 ut
1739 3465 1805 3519 ad
1842 3464 2090 3519 Samari-

520 3558 684 3611 tidem
731 3556 977 3620 dicatur,
1023 3553 1127 3610 Vos
1177 3553 1388 3620 Juda3i;
1435 3555 1519 3610 vel
1564 3555 1631 3610 ad
1683 3553 2088 3618 Samaritidem,

522 3649 629 3704 Vos
661 3647 926 3718 gentiles?
949 3647 1056 3701 Sed
1094 3647 1336 3716 proiecto
1364 3647 1640 3708 nesciunt,
1671 3646 1763 3716 qui
1810 3647 1877 3701 ab
1909 3645 2091 3700 Eccle-

519 3741 615 3794 sia:
653 3739 882 3794 decretis
917 3737 1219 3802 dissident,
1271 3738 1415 3808 quod
1467 3738 1730 3803 adorant,
1775 3739 2087 3807 ﬁgmentum

517 3845 672 3894 esse,
713 3845 819 3882 non
870 3829 1196 3890 veritatem;
1240 3828 1522 3892 tabulam,
1553 3845 1660 3884 non
1707 3833 2003 3900 mysteria;
2037 3842 2091 3888 at

518 3939 650 3978 vero
685 3923 780 3992 qui
825 3922 1138 3977 Creatorem
1192 3923 1413 3989 adorat,
1463 3925 1762 3992 pra'sertim
1805 3924 1958 3993 juxta
1995 3925 2090 3980 Ju-

519 4017 692 4072 daeum
715 4014 988 4068 occultum
1019 4015 1085 4080 ¹¹,
1119 4023 1175 4068 et
1193 4014 1348 4084 juxta
1375 4029 1654 4070 sermones
1678 4015 1939 4073 Judaicos
1973 4021 2087 4088 spi-

523 4108 768 4170 rituales,
810 4107 960 4160 novit
986 4109 1128 4177 quod
1159 4108 1369 4162 adorat.
1405 4107 1511 4164 Sed
1532 4108 1752 4178 longum
1774 4107 1916 4164 foret
1945 4126 2086 4166 nunc

522 4200 693 4267 ipsius
725 4195 1071 4252 lleracleonis
1099 4197 1238 4252 dicta
1266 4199 1318 4252 in
1355 4199 1590 4253 medium
1618 4213 1892 4266 apponere
1913 4239 1928 4263 ,
1967 4215 2087 4270 quae

521 4290 591 4342 ab
619 4303 685 4342 eo
717 4287 855 4340 libro
885 4287 1113 4354 sumpsit
1138 4287 1226 4355 qui
1251 4286 1578 4342 Prcedicatio
1611 4287 1760 4341 Petri
1797 4289 2091 4359 inscriptus

519 4389 644 4444 est;
704 4378 1072 4446 insistereque
1120 4379 1285 4432 etiam
1341 4380 1408 4432 ad
1455 4393 1553 4444 ea,
1597 4380 1965 4448 disquirentes
2019 4382 2090 4436 sit

2195 3201 2292 3272 τὴν
2317 3198 2632 3254 ἀκολουθίαν
2667 3196 2776 3251 τῶν
2807 3195 2986 3269 ῥητῶν
3016 3197 3046 3248 ό
3075 3195 3387 3267 ’Πρακλέων
3414 3193 3768 3265 ἐκδεξάμενος

2193 3293 2275 3355 τὸ,
2321 3290 2511 3360 ὑμεῖς,
2561 3290 2680 3343 ἀντὶ
2701 3286 2817 3353 τοῦ,
2867 3287 3128 3352 Ἰουδαῖοι,
3171 3286 3391 3349 ἐθνικοὶ,
3433 3286 3726 3358 διηγήσατο
3747 3300 3764 3316 ο

2193 3379 2304 3438 οἷον
2335 3383 2394 3438 δέ
2434 3384 2550 3436 ἐστι
2588 3381 2724 3453 πρὸς
2763 3381 2862 3453 τὴν
2899 3379 3228 3451 Σαμαρεῖτιν
3262 3380 3536 3448 λέγεσθαι,
3578 3379 3767 3450 Ὑμεῖς

2191 3477 2241 3529 οἱ
2286 3474 2554 3536 Ἰουδαῖοι,
2590 3471 2625 3542 ἢ
2668 3471 2804 3540 πρὸς
2826 3471 3174 3543 Σαμαρεῖτιν,
3209 3470 3398 3540 Ὑμεῖς
3428 3470 3477 3523 ot
3527 3468 3760 3530 ὲθνικοίς

2205 3567 2343 3621 Ἀλλ’
2376 3566 2475 3620 οὐκ
2497 3564 2668 3620 οῐόασί
2690 3581 2754 3633 γε
2780 3567 2828 3618 οἱ
2855 3563 3150 3635 ἑτερόδοξοι
3191 3561 3220 3616 δ
3260 3559 3642 3634 προσκυνοῦσι,
3682 3561 3764 3614 ὄτι

2195 3656 2420 3728 πλάσμα
2460 3655 2596 3717 ἐστὶ,
2637 3654 2732 3708 καὶ
2771 3655 2872 3707 οὐκ
2907 3651 3163 3724 ἀλήθεια,
3199 3653 3294 3705 καὶ
3339 3651 3528 3722 μῦθος,
3569 3651 3630 3704 οὐ
3662 3668 3764 3722 μυ-

2195 3751 2394 3820 στήρια
2414 3747 2544 3819 (45)·
2568 3748 2596 3800 ὁ
2619 3745 2674 3798 δὲ
2697 3744 3016 3817 προσκυνῶν
3040 3743 3132 3798 τὸν
3153 3743 3508 3814 Δημιουργδν,
3535 3741 3768 3812 μάλιστα

2193 3841 2336 3896 κατὰ
2365 3841 2460 3894 τὸν
2493 3840 2551 3891 ὲν
2588 3835 2816 3909 κρυπτῷ
2853 3835 3102 3890 Ἰουδαῖον
3134 3835 3228 3888 καὶ
3256 3835 3382 3898 τοὺς
3420 3833 3610 3903 λόγους
3639 3835 3765 3896 τοὺς

2194 3928 2598 4001 πνευματικοὺς
2655 3927 2996 3989 Ἰουδαῖκοὺς,
3037 3919 3192 3989 οὗτος
3237 3925 3266 3978 ὃ
3294 3921 3402 3978 οἶδε
3448 3926 3760 3996 προσκυνεῖ.

2195 4021 2338 4076 Πολὺ
2375 4019 2431 4074 δέ
2473 4020 2587 4071 ἐστι
2609 4016 2719 4087 (46)
2756 4015 2851 4071 νῦν
2891 4015 3284 4087 παρατίθεσθαι
3315 4015 3409 4068 τοῦ
3454 4013 3763 4087 ’Πρακλέω-

2196 4128 2285 4174 νος
2329 4110 2398 4164 τὰ
2430 4107 2588 4180 ῥητὰ,
2619 4106 2726 4159 ἀπὸ
2760 4106 2854 4159 τοῦ
2883 4103 3362 4176 ἐπιγεγραμμένου
3388 4103 3613 4171 Πέτρου
3644 4105 3762 4168 Κη-

2185 4206 2487 4272 ρύγματος
2511 4198 2622 4268 (47)
2651 4196 3204 4268 παραλαμϐανόμενα,
3230 4196 3322 4249 καὶ
3349 4194 3597 4249 ἵστασθαι
3627 4193 3764 4264 πρὸς

2195 4290 2334 4345 αὐτὰ
2363 4288 2476 4358 (48)
2504 4285 2853 4353 ἐξετάζοντας
2879 4287 2974 4341 καὶ
3005 4285 3248 4359 περὶτοῦ
3279 4285 3502 4356 βιϐλίου,
3534 4284 3761 4355 πότερόν

2198 4395 2328 4434 ποτε
2352 4375 2571 4446 γνήσιόν
2607 4375 2756 4428 ἐστιν
2786 4375 2920 4446 (49),
2956 4375 2992 4446 ἢ
3025 4375 3197 4443 νόθον,
3233 4375 3266 4446 ἢ
3315 4375 3535 4446 μικτόν·
3573 4374 3762 4444 διόπερ

589 4471 611 4503 ⁹
635 4470 650 4523 l
674 4469 803 4524 Cor.
839 4483 918 4532 tx,
948 4466 1040 4522 20.
1117 4467 1161 4500 ¹⁰
1194 4467 1390 4523 Joann.
1433 4485 1507 4537 tv,
1537 4469 1629 4525 22.
1710 4472 1751 4503 "
1784 4471 1940 4526 Rom.
1973 4487 2082 4539 xw,
2105 4475 2198 4532 26.
2275 4472 2318 4504 ²¹
2343 4469 2500 4523 Rom.
2529 4483 2591 4531 ll,
2618 4466 2712 4522 29.

591 4563 706 4634 (40)
735 4563 915 4634 _Codex
945 4562 1167 4634 Regius,
1199 4563 1442 4634 νοῆσθαι,
1475 4566 1633 4620 male.

591 4632 706 4708 (At!)
733 4632 862 4708 Item
891 4632 1311 4708 codexltegius,
1339 4635 1734 4708 προσκυνῆσαι,
1768 4635 1930 4692 male.

614 4701 704 4762 Η)
740 4703 918 4757 Codex
950 4701 1284 4770 Regiustoﬁ,
1316 4701 1474 4758 unde.

615 4772 706 4844 t5)
731 4772 911 4844 (jodex
935 4771 1284 4844 podileiauus,
1315 4773 1430 4844 ὖρει
1461 4787 1558 4844 pro
1576 4771 1756 4844 ᾑτῷ.

615 4840 706 4913 44)
728 4841 911 4913 Codex
933 4840 1153 4913 Regius,
1183 4840 1442 4913 Χριστοῦ,
1463 4840 1646 4896 male.

615 4912 705 4982 45)
734 4912 876 4983 [dem
910 4913 1082 4983 codex
1107 4911 1328 4980 Regius,
1356 4912 1451 4983 καὶ
1503 4913 1800 4983 μυστήρια.

615 4979 707 5048 46)
731 4979 923 5050 Codex
944 4979 1284 5050 Bodleiauits,
1311 4981 1455 5034 Πολὺ
1495 4979 1552 5034 δὲ
1574 4979 1791 5036 κάλλιόν
1813 4985 1952 5050 ἐστι,
1977 4995 2087 5042 etc.

522 5049 630 5108 Sed
658 5049 860 5124 codicis
894 5049 1046 5124 llegii
1078 5049 1372 5124 lectionem
1397 5053 1802 5124 anteponimus;
1840 5057 2090 5124 sequitur

522 5063 630 5108 Sed
658 5063 860 5105 codicis
894 5063 1046 5170 uegit
1078 5063 1364 5104 lectionem
1399 5063 1718 5118 anteponunt

521 5118 880 5197 θηῖιιιιδιόπερ
905 5119 970 5170 ἐκ
1000 5134 1122 5197 ντες
1154 5118 1577 5197 ὑπερτιθέμεθα,
1611 5133 1718 5197 e53.

591 5189 706 5261 (47)
750 5187 884 5261 Ἀπὸ
930 5187 1036 5240 τοῦ
1073 5187 1578 5261 ἐπιγεγραμμένου
1631 5189 1858 5261 Πέτρου
1892 5193 2090 5261 Κηρύ-

591 5209 706 5261 (ΑΗ)
757 5209 884 5241 ,ιιπο
930 5209 1036 5240 του
1073 5209 1578 5258 επιγεγραμμενου
1631 5209 1750 5243 uer
1787 5209 1858 5244 ου
1892 5209 2080 5261 anpu-

521 5276 765 5332 τματος.
815 5259 1238 5332 Dejpocrypho
1279 5259 1382 5312 huc
1420 5259 1568 5332 libro_
1586 5261 1707 5313 vide
1737 5209 2080 5332 lfactautium

522 5325 616 5404 ΠΙ)Σ
632 5343 866 5404 1v,_cap.
900 5325 991 5404 2f),
1021 5337 1075 5404 e_t
1097 5325 1496 5404 Hieronymum
1654 5330 1836 5404 script.
1866 5332 2079 5404 eccles.,

519 5415 576 5454 et
603 5396 893 5464 Ἐκλογὺς
913 5396 982 5448 ὲκ
998 5396 1116 5450 τῶν
1134 5396 1536 5465 προφητικῶν,
1551 5396 2086 5454 ΟιοιυειιιίεΑΙειιιιιᾸ-

523 5469 664 5522 drini
691 5467 909 5522 editioni
939 5465 1240 5534 subjectus;
1263 5476 1317 5520 et
1345 5467 1635 5522 Eusebium
1663 5467 1830 5523 lib.tn
1853 5468 2085 5536 Binan,

523 5553 642 5606 cap.
673 5537 727 5591 5.
746 5535 1020 5606 liuentis.

627 5607 709 5677 t8)
732 5605 911 5677 Codex
943 5603 1162 5672 Regius.
1190 5606 1325 5677 πρὸς
1355 5605 1505 5659 αὐτό.

619 5674 710 5747 49)
743 5676 1002 5747 Πότερόν
1031 5687 1174 5730 ποτε
1211 5674 1466 5744 ’κινήσιόν
1504 5676 1694 5742 ἐστιν,
1735 5685 1841 5732 etc.
1873 5676 2080 5746 Duplex

527 5745 784 5800 librorum
813 5746 906 5814 qui
956 5759 1056 5814 pro
1080 5749 1252 5802 sacris
1288 5757 1739 5816 prolioncreutur,
1771 5748 1908 5804 ordo
1942 5747 2076 5815 fuit;

2123 4576 2170 4634 ι)
2196 4566 2303 4622 τῶν
2353 4561 2614 4634 γνησίων,
2645 4560 2946 4634 cuiusmodi
2995 4572 3150 4634 erant
3195 4577 3335 4630 quos
3377 4562 3442 4634 in
3487 4561 3758 4616 Canenem

2199 4632 2942 4702 suumHebraeiretulerant,
2971 4633 3170 4702 quique
3192 4645 3346 4688 erant
3375 4633 3514 4702 intra
3543 4645 3756 4702 arcam;

2165 4700 3002 4783 .etctbudrmxpdcppw.‘ltursus
3042 4703 3151 4758 τῶν
3190 4701 3523 4783 ἀποκρύφων
3563 4701 3758 4783 duplex

2193 4775 2331 4830 ordo
2363 4774 2486 4833 l'uit,
2515 4769 2624 4844 τῶν
2645 4769 3095 4844 ἀντιλεγομένων,
3132 4789 3227 4828 seu
3279 4769 3508 4844 μικτγῶν,
3537 4769 3756 4840 ψιὶἐιιί-

2196 4846 2543 4898 mitterentur
2571 4843 2640 4894 ab
2667 4841 2957 4908 aliquibus,
2983 4843 3051 4896 ab
3076 4843 3202 4898 aliis
3231 4841 3671 4909 repudiarentur,
3703 4849 3758 4892 et

2191 4913 2368 4968 dubiae
2397 4920 2581 4965 essent
2605 4912 2977 4976 auctoritatis;
3005 4911 3307 4979 cuiusmodi
3338 4919 3496 4965 erant
3527 4909 3746 4964 Macha-

2191 4983 2432 5038 batorum
2468 4979 2616 5045 libri,
2647 4981 2903 5047 Sapienta
2931 4982 3149 5045 Sirach,
3183 4992 3238 5038 et
3264 4980 3600 5043 Salomonis,
3632 4979 3752 5032 alii-

2191 5068 2317 5122 que,
2343 5064 2478 5122 quo_s
2509 5052 2762 5122 quamvis
2789 5050 2846 5104 in
2879 5051 3192 5122 Catalogum
3227 5064 3526 5122 suumnon
3562 5057 3756 5122 contu-

2192 5117 2390 5176 lissent
2439 5117 2632 5190 Judaei,
2687 5120 2906 5190 plurimi
2954 5117 3136 5176 tamén
3183 5120 3566 5190 recipiebant:
3613 5118 3752 5171 alter

2193 5195 2330 5268 ordo
2355 5201 2475 5268 erat
2505 5187 2612 5268 τῶν
2641 5188 2846 5268 νόθων..
2855 5192 3057 5268 quippe
3085 5192 3158 5268 ah
3185 5187 3440 5268 omnibus
3467 5189 3753 5268 planepro

2189 5261 2435 5315 conﬁctis
2467 5267 2522 5312 et
2546 5256 2900 5330 supposi'jtiis
2943 5256 3305 5330 habebantur.
3339 5256 3752 5330 Prioremdivi-

2189 5333 2399 5401 sionem
2429 5325 2754 5401 continuant
2780 5327 3138 5401 Hieronymus
3163 5332 3214 5384 in
3246 5329 3475 5401 Prologo
3493 5325 3748 5401 galeato.

2192 5412 2241 5455 et
2269 5397 2611 5460 Athanasius,
2639 5411 2739 5468 seu
2758 5395 3003 5468 quisquis
3025 5410 3214 5456 auctor
3243 5395 3465 5454 lndiculi
3492 5397 3748 5468 librorum

2196 5469 2491 5540 Scriptura:
2519 5485 2532 5520 :
2560 5468 2622 5540 lii
2659 5465 2804 5522 enim
2831 5465 3090 5538 quidquid
3125 5481 3320 5540 praeter
3343 5465 3601 5540 γνησίους
3641 5473 3747 5527 εει.

2196 5535 2340 5592 inter
2364 5535 2711 5608 ἀποκρύφους
2750 5535 3050 5608 recensent.
3080 5535 3149 5608 At
3181 5535 3445 5608 triplicem
3475 5536 3622 5608 illu_m
3651 5546 3746 5587 or-

2190 5609 2390 5680 dinem,
2415 5602 2525 5680 τῶν
2549 5602 2805 5680 γνησίων,
2824 5606 2949 5680 τῶν
2960 5602 3414 5680 αντιλεγομένων,
3435 5602 3625 5680 etfrth
3651 5616 3749 5680 gg-

2188 5670 2606 5801 manu:
2637 5670 2901 5735 Eusebius
2927 5678 3069 5736 Hist.
3093 5670 3187 5737 lib.
3217 5670 3302 5752 in,
3333 5673 3544 5747 «p.25
3573 5684 3632 5732 et
3650 5670 3746 5731 δι.

2237 5762 2446 5802 υΕτΙυὸο
