4170 6400
505 365 607 420 ωδ
1973 343 2299 402 οιιιιςεκιε
2715 407 2723 414 _
3635 343 3742 398 ιει

503 480 739 550 regulam
775 477 1032 534 Ecclesia:
1070 475 1222 544 juxta
1258 473 1452 528 multos
1487 469 1752 526 declarari
1787 466 2059 523 existima-

2173 459 2327 528 ἇγιος
2361 444 2833 532 ὗπεραναϐῄσεται
2857 457 3331 531 θεωρητικὼτερον
3369 461 3460 514 καὶ
3485 460 3745 530 σαφέστεο

2175 542 2276 620 ρον”
2308 550 2628 621 προσκυνῶν
2656 547 2733 618 τῷ
2767 549 2966 618 Πατρὶ,
3001 548 3090 601 διὰ
3124 548 3218 602 τοῦ
3239 565 3252 578 ·
3309 569 3327 600 ι
3374 549 3510 602 Οὔτε
3544 552 3604 605 ἐν
3650 553 3745 605 Ἰε-

501 585 622 626 mus
648 589 662 623 :
689 585 847 640 quam
879 570 1042 623 etiam
1060 571 1231 636 ipsam
1255 578 1478 622 sanctus
1497 575 1553 619 et
1587 561 1865 632 perlectus
1889 568 2070 613 trans-

500 661 727 727 cendet,
772 660 1014 725 acutius,
1047 669 1101 713 et
1161 657 1438 725 apertius,
1479 663 1532 708 et
1566 655 1802 709 divinius
1837 652 2070 705 adorans

505 753 738 806 Patrem.
777 751 848 806 Ut
873 751 1040 813 enim,
1073 749 1215 817 quod
1251 757 1306 800 et
1326 745 1498 800 Judaei
1520 743 1854 806 fatebuntur,
1886 738 2064 809 angeli

499 841 850 911 Jerosolymis
895 857 998 894 non
1041 839 1270 892 adorant
1300 835 1558 900 Patrem,
1601 848 1667 886 eo
1710 833 1854 902 quod
1909 830 2068 898 longe

505 931 694 988 melius
725 930 938 984 Patrem
985 929 1212 984 adorent
1246 942 1414 996 quam
1461 922 1850 994 Jerosolymis,
1901 921 2064 976 etiam

501 1025 580 1079 sic
605 1025 696 1092 qui
721 1021 916 1076 aﬂ‘ectu
948 1022 999 1075 id
1034 1021 1260 1083 habent,
1297 1028 1354 1072 ut
1379 1031 1539 1087 pares
1567 1017 1676 1070 sint
1716 1013 1942 1082 angelis,
1975 1027 2068 1066 ne-

505 1130 609 1177 que
642 1112 994 1184 Jerosoiymis
1023 1111 1243 1166 Patrem
1273 1109 1578 1162 adorabunt
1596 1145 1610 1169 ,
1649 1109 1744 1159 sed
1771 1103 1929 1172 longe
1954 1117 2068 1156 me-

499 1207 602 1260 lius
645 1207 728 1259 his
754 1205 844 1272 qui
878 1214 1000 1258 sunt
1031 1201 1386 1271 Jerosolymis
1406 1239 1421 1263 ,
1467 1197 1680 1252 etiamsi
1716 1205 1941 1266 prepter
1971 1208 2066 1248 eos

497 1298 587 1366 qui
632 1296 986 1366 Jerosolymis
1028 1293 1308 1354 habitant,
1352 1289 1798 1344 consuetudinem
1861 1285 2065 1339 habent

497 1405 618 1442 cum
647 1387 847 1441 ludatis
869 1384 1220 1454 Jerosoiymze
1245 1379 1587 1450 degentibus,
1626 1376 1751 1430 facti
1782 1373 1976 1440 Judmi,
2001 1383 2065 1428 ut

493 1477 709 1534 Judmos
739 1474 1147 1530 lucrifaciant’.
1191 1471 1296 1525 Sed
1331 1468 1663 1539 Jerosolyma
1709 1466 1839 1520 mihi
1884 1465 2066 1519 consi-

495 1572 734 1628 deretur,
760 1575 820 1620 ut
843 1573 1000 1619 antea
1043 1561 1400 1624 ostendimus,
1428 1569 1590 1628 atque
1611 1558 1778 1611 etiam
1813 1554 2064 1610 similiter

492 1657 682 1715 Judaei.
724 1657 950 1722 Quando
1003 1668 1133 1707 vero
1176 1666 1353 1720 neque
1398 1651 1450 1702 in
1503 1655 1686 1702 monte
1718 1646 1858 1709 hoc,
1885 1657 2064 1713 neque

2171 640 2490 712 ροσολύμοις
2517 641 2925 712 προσκυνήσετε
2950 637 3028 708 τῷ
3057 639 3251 710 Πατρί.
3283 657 3302 690 ι
3351 641 3560 712 Ὠσπερ
3608 642 3740 714 γὰρ,

2171 729 2351 794 καθὼς
2384 729 2772 801 ὁμολογήσαιεν
2803 728 2869 782 ἂν
2901 730 2996 782 καὶ
3029 730 3079 780 οἱ
3124 729 3384 790 Ἰουδαῖοι,
3422 730 3472 782 οἱ
3523 730 3742 804 ἄγγελοι

2175 822 2277 874 οὐκ
2325 824 2384 874 ὲν
2429 820 2821 892 Ἰεροσολύμοις
2862 819 3226 889 προσκυνοῦσι
3290 821 3368 891 τῷ
3418 822 3613 892 Πατρὶ,
3661 822 3741 893 τῷ

2172 915 2496 985 κρειττόνως
2523 913 2672 984 παρὰ
2698 913 2760 966 τὸ
2787 915 2844 966 ἐν
2880 912 3276 985 Ἱεροσολύμοις
3313 917 3637 982 προσκυνεῖν
3661 915 3740 985 τῷ

2169 1005 2367 1075 Πατρὶ,
2401 1005 2574 1068 οὕτως
2603 1006 2654 1057 oi
2687 1005 2786 1076 ἥδη
2826 1007 2892 1075 τῇ
2929 1003 3163 1058 διαθέσει
3194 1004 3256 1056 τὸ
3298 1005 3571 1074 ἰσάγγελοι
3599 1003 3738 1062 εἶναι

2168 1095 2486 1166 ἐσχηκότες,
2523 1095 2642 1148 οὐδὲ
2675 1097 2732 1148 ὲν
2771 1096 3160 1167 Ἰεροσολύμοις
3190 1098 3625 1168 προσκυνήσουσι
3659 1099 3738 1170 τῷ

2166 1190 2362 1260 Πατρὶ,
2389 1187 2525 1242 ἀλλὰ
2565 1188 2830 1260 βέλτιονῆ
2862 1191 2912 1242 οί
2952 1191 3010 1242 ἐν
3053 1189 3465 1260 Ἰεροσολύμοις,
3501 1189 3602 1244 κᾶν
3647 1191 3736 1246 διὰ

2162 1282 2288 1345 τοὺς
2320 1281 2379 1334 ὲν
2416 1279 2802 1351 Ἰεροσολύμοις
2851 1279 3350 1350 συμπεριφέρονται
3389 1281 3501 1343 τοῖς
3531 1281 3590 1334 ὲν
3636 1281 3736 1334 Ἰε-

2166 1369 2484 1442 ροσολύμοις
2531 1372 2646 1431 τοῖς
2702 1370 2972 1434 Ἰουδαίοις
3019 1371 3293 1440 γινόμενοι
3336 1371 3603 1436 Ἰουδαῖοι,
3648 1373 3735 1427 ἵνα

2176 1460 2460 1524 Ἰουδαίους
2514 1460 2870 1532 κερδήσωσιν.
2933 1460 3284 1530 Ἰεροσόλυμα
3335 1461 3392 1514 δέ
3442 1479 3532 1531 μοι
3592 1464 3730 1515 νοεί-

2165 1549 2276 1603 σθω
2305 1551 2437 1622 (40),
2477 1551 2658 1614 καθὼς
2698 1550 3248 1622 προαποδεδώκαμεν,
3294 1553 3496 1622 ὁμοίως
3539 1553 3598 1607 δὲ
3638 1555 3732 1608 καί

2161 1644 2210 1694 οί
2253 1642 2511 1696 Ἰουδαῖοι.
2547 1643 2678 1695 Ὅτε
2719 1641 2966 1714 μέντοιγε
3001 1641 3124 1695 οὔτε
3171 1645 3230 1696 ὲν
3273 1642 3351 1714 τῷ
3389 1644 3505 1715 δρει
3537 1646 3732 1718 τούτῳ,

491 1747 842 1818 Jerosolymis
871 1746 996 1814 quis
1023 1745 1236 1804 adorat,
1266 1741 1392 1809 quia
1423 1739 1638 1793 venerit
1661 1736 1776 1806 jam
1814 1737 1972 1803 hora,
2015 1736 2059 1790 is

2161 1734 2285 1788 οὔτε
2327 1739 2386 1789 ὲν
2421 1734 2811 1807 Ἰεροσολύμοις
2861 1752 2948 1798 τις
2976 1739 3290 1806 προσκυνεῖ,
3335 1736 3594 1808 ἐλθούσης
3634 1739 3732 1810 τῆς

491 1839 636 1892 ﬁlius
659 1794 1111 1900 fabtusfPatrem
1144 1849 1268 1888 cum
1300 1830 1496 1884 fiducia
1539 1829 1758 1894 adorat;
1802 1841 1964 1896 quam
1989 1827 2059 1881 ob

2163 1827 2314 1898 ὥρας
2355 1794 2655 1898 προσκυνεῖ
2871 1794 3184 1898 παρρησίας
3219 1794 3333 1891 uio;
3371 1794 3734 1901 γεγενημένος

490 1944 708 1983 causam
745 1943 850 1982 non
873 1927 1076 1980 dictum
1103 1933 1222 1988 est,
1248 1922 1437 1990 Neque
1472 1917 1826 1988 Jcrosolymis
1867 1917 2063 1971 adora-

490 2019 620 2076 bitis
657 2021 854 2083 Deum,
895 2017 1025 2082 sed,
1065 2034 1085 2067 ι
1141 2014 1327 2084 Neque
1373 2010 1729 2079 Jerosolymis
1766 2006 2061 2062 adorabitis

490 2111 731 2168 Patrem.
772 2131 792 2162 ι

560 2200 828 2272 22617.
853 2218 872 2250 (
896 2197 1008 2253 Vos
1023 2195 1269 2252 adoratis
1289 2193 1430 2263 quod
1459 2192 1710 2252 nescitis;
1739 2206 1839 2245 nos
1867 2191 2064 2245 adora-

490 2312 612 2350 mus
629 2294 767 2362 quod
798 2293 1023 2356 scimus,
1055 2287 1310 2358 quoniam
1333 2285 1483 2340 salus
1502 2300 1567 2338 ex
1591 2282 1792 2337 Judaeis
1819 2292 1905 2336 est
1931 2283 1996 2336 ⁸ο.
2036 2301 2054 2332 ι

490 2386 595 2440 Per
655 2383 900 2438 voculam
936 2396 1048 2443 vos,
1086 2378 1228 2449 quod
1284 2377 1353 2430 ad
1403 2375 1794 2446 expositionem
1847 2373 2058 2438 attinet,

491 2474 859 2542 intelliguntur
876 2467 1204 2525 Samaritani
1221 2481 1238 2531 ;
1256 2474 1514 2536 quantum
1533 2479 1664 2518 vero
1676 2463 1743 2518 ad
1758 2477 2058 2534 utiagogen,

492 2562 567 2615 illi
599 2561 688 2629 qui
719 2560 772 2612 in
813 2556 1112 2626 Scripturis
1150 2555 1364 2609 diversa
1395 2567 1426 2607 a
1465 2553 1621 2608 nobis
1658 2551 1938 2607 sentiunt:
1981 2553 2060 2606 sic

489 2667 588 2720 per
617 2650 862 2706 vnculam
896 2665 1012 2714 nos,
1039 2656 1300 2715 quantum
1344 2645 1412 2699 ad
1457 2643 1793 2713 propositum
1813 2681 1830 2705 ,
1858 2643 2061 2698 intelli-

489 2753 690 2810 guutur
723 2739 929 2804 Judaei;
959 2749 1222 2808 quantum
1247 2737 1312 2790 ad
1337 2735 1676 2807 allegoriam,
1703 2750 1804 2804 ego
1835 2734 1948 2804 ipse
1965 2732 2058 2790 Dei

489 2835 684 2889 Sermo
705 2874 720 2898 ,
753 2833 868 2902 ipse
897 2832 990 2886 Dei
1021 2831 1189 2886 Filius
1210 2871 1227 2896 ,
1255 2840 1310 2884 et
1331 2829 1422 2898 qui
1457 2829 1510 2882 in
1547 2841 1634 2883 me
1661 2827 2061 2883 trausl'orman-

491 2937 578 2978 tur
597 2923 826 2979 salutem
859 2921 1124 2976 habentes
1163 2936 1191 2972 a
1227 2920 1451 2989 scriptis
1481 2917 1756 2985 Judaicis;
1792 2934 1918 2973 nam
1947 2934 2060 2973 ma-

490 3013 808 3069 nifestatum
863 3027 1009 3066 nunc
1057 3011 1379 3081 mysterium
1429 3008 1776 3064 manifestum
1827 3017 1914 3064 est
1964 3023 2061 3076 per

2161 1921 2253 1972 τὸν
2281 1919 2504 1991 Πατέρα
2527 1936 2540 1951 ·
2571 1919 2760 1990 διόπερ
2783 1919 2885 1972 οὐκ
2926 1919 3161 1990 εἴρηται·
3215 1920 3352 1974 Οὔτε
3383 1924 3440 1976 ὲν
3501 1923 3732 1994 Ἱεροσο-

2161 2010 2352 2082 λύμοις
2385 2013 2788 2084 προσκυνήσετε
2818 2010 2929 2081 (41)
2969 2009 3047 2081 τῷ
3069 2011 3216 2082 Θεῷ·
3251 2005 3416 2065 άλλά-
3465 2031 3483 2064 ‹
3515 2013 3648 2067 Οὔτε
3674 2014 3734 2067 ἐν

2173 2104 2565 2178 Ἰεροσολύμοις
2603 2105 3008 2174 προσκυνήσετε
3040 2103 3119 2174 τῷ
3152 2103 3348 2174 Πατρί.
3387 2119 3406 2151 ι

2235 2197 2320 2250 17.
2353 2214 2372 2248 ι
2406 2197 2597 2267 Ὑμεῖς
2612 2197 2966 2267 προσκυνεῖτε
2990 2194 3132 2248 ὃούκ
3156 2193 3354 2248 οῖδατε·
3385 2197 3544 2267 ἡμεῖς
3567 2214 3734 2268 προσ-

2163 2288 2432 2360 κυνοῦμεν
2475 2289 2502 2342 ὃ
2553 2287 2797 2358 οἴδαμεν,
2843 2287 2926 2341 δτι
2969 2289 3004 2358 ἡ
3054 2286 3298 2358 σωτηρία
3336 2290 3402 2340 ὲκ
3437 2287 3544 2340 τῶν
3603 2290 3734 2343 Ἰου-

2161 2379 2324 2434 δαίων
2355 2379 2489 2432 ἐστί.
2523 2398 2541 2430 ι
2567 2379 2640 2432 Τὸ
2659 2379 2768 2450 (ιε)
2799 2398 2816 2429 ι
2849 2377 3056 2449 Ὑμεῖς,
3094 2396 3113 2428 ι
3139 2377 3262 2431 ὅσον
3292 2377 3384 2431 ἐπὶ
3406 2381 3472 2449 τῇ
3496 2377 3656 2445 λέξει,
3683 2381 3732 2434 oi

2163 2469 2452 2542 Σαμαρεῖς·
2477 2471 2602 2524 ὅσον
2626 2470 2684 2522 δὲ
2711 2470 2803 2523 ἐπὶ
2829 2471 2896 2541 τῇ
2925 2470 3208 2540 ἀναγωγῇ,
3227 2470 3277 2522 οἱ
3305 2469 3432 2540 περὶ
3462 2469 3560 2533 τὰς
3590 2470 3730 2542 Γρα-

2163 2562 2270 2632 φὰς
2328 2561 2654 2634 ἑτερόδοξοι·
2709 2562 2772 2615 τὸ
2818 2561 2874 2615 δὲ
2927 2581 2946 2612 ‹
3008 2561 3221 2632 Ἡμεῖς,
3278 2579 3297 2612 ι
3351 2561 3474 2614 ὅσον
3519 2561 3613 2615 ἐπὶ
3655 2561 3733 2632 τῷ

2164 2651 2313 2724 ρητῷ
2348 2651 2480 2723 (45),
2519 2653 2567 2705 oi
2603 2651 2878 2704 Ἰουδαῖοι·
2925 2651 3048 2704 ὅσον
3087 2650 3145 2705 δὲ
3182 2651 3274 2703 ἐπὶ
3313 2653 3380 2722 τῇ
3416 2650 3731 2724 ἀλληγορίᾳν

2162 2743 2274 2813 ἐγὼ
2301 2746 2330 2798 ὁ
2352 2744 2541 2812 Λόγος,
2573 2741 2668 2796 καὶ
2690 2743 2739 2795 οἱ
2769 2743 2890 2795 κατ’
2913 2741 3012 2813 ἐμὲ
3037 2741 3480 2812 μεμορφωμένοι,
3505 2742 3604 2814 τὴν
3629 2759 3734 2794 σω·-

2160 2836 2353 2910 τηρίαν
2395 2835 2607 2906 Εχοντες
2645 2833 2752 2887 ἀπὸ
2789 2833 2898 2887 τῶν
2942 2832 3244 2887 Ἰουδαϊκῶν
3280 2833 3480 2901 λόγων·
3525 2833 3586 2886 τὸ
3624 2832 3732 2904 γάρ

2163 2925 2474 2998 φανερωθὲν
2512 2924 2608 2979 νῦν
2640 2926 2936 2995 μυστήριον
2985 2923 3365 2994 πεφανέρωται
3388 2923 3479 2976 διά
3506 2940 3567 2976 τε
3589 2925 3732 2996 Γρα-

2163 3019 2279 3090 φῶν
2303 3017 2676 3091 προφητικῶν,
2698 3018 2793 3072 καὶ
2814 3017 2913 3087 τῆς
2939 3015 3262 3086 ἐπιφανείας
3278 3016 3371 3069 τοῦ
3393 3016 3598 3086 Κυρίου
3623 3015 3732 3086 (44)

489 3107 800 3174 Scripturas
829 3105 1176 3174 propheticus
1201 3104 1270 3166 “,
1306 3112 1363 3156 et
1395 3117 1492 3171 per
1523 3103 1816 3156 adventum
1842 3099 2057 3155 Domini

2165 3111 2322 3185 ἡμῶν
2365 3109 2537 3180 Ἰησοῦ
2561 3108 2820 3182 Χριστοῦ.
2847 3109 2989 3180 Ὅρα
3019 3107 3076 3161 δὲ
3097 3109 3144 3160 εί
3177 3108 3251 3178 μὴ
3285 3107 3429 3172 ἰδίως
3467 3107 3563 3160 καὶ
3584 3107 3735 3177 παρὰ

489 3197 658 3253 nostri
687 3195 811 3250 Jesu
843 3195 1066 3250 Christi.
1111 3193 1244 3248 Vide
1272 3208 1406 3248 vero
1437 3209 1506 3246 an
1545 3209 1651 3246 non
1682 3192 1983 3262 improprie
2003 3201 2058 3246 et

486 3302 683 3362 praeter
733 3289 1179 3359 consequentiam
1225 3288 1515 3342 verborum
1553 3283 1858 3340 Ileraeleon
1890 3284 2056 3338 disso-

488 3383 696 3446 ruerit,
737 3395 1014 3450 exponens
1063 3379 1194 3432 illud
1221 3393 1312 3432 vos
1333 3417 1349 3444 ,
1393 3393 1493 3448 pro
1535 3391 1602 3432 eo
1630 3377 1772 3446 quod
1803 3385 1919 3438 est,
1947 3374 2056 3432 Vos

481 3473 650 3530 Judaei
677 3482 731 3528 et
775 3472 1026 3542 gentiles.
1071 3470 1245 3538 Quale
1267 3481 1447 3524 autem
1474 3479 1577 3532 est,
1615 3479 1674 3522 ut
1705 3470 1771 3523 ad
1809 3468 2056 3523 Samari-

486 3563 650 3617 tidem
696 3561 942 3624 dicatur,
989 3558 1093 3615 Vos
1144 3558 1354 3626 Judmi;
1401 3560 1486 3614 vel
1530 3559 1597 3614 ad
1647 3558 2054 3622 Samaritidem,

488 3654 596 3710 Vos
626 3652 892 3724 gentiles?
915 3651 1022 3706 Sed
1059 3651 1302 3722 profecto
1330 3652 1606 3712 nesciunt,
1637 3651 1729 3720 qui
1776 3651 1843 3705 ab
1875 3649 2057 3705 Eccle-

485 3747 581 3800 sia:
617 3745 847 3799 decretis
883 3743 1184 3806 dissideant,
1237 3743 1380 3813 quod
1433 3742 1696 3808 adorant,
1741 3743 2052 3811 figmentum

483 3849 638 3900 esse,
679 3851 784 3888 non
836 3835 1161 3895 veritatem;
1206 3834 1488 3896 fabulam,
1518 3850 1625 3889 non
1673 3837 1968 3905 mysteria;
2003 3847 2058 3892 at

483 3945 615 3984 vero
651 3928 744 3998 qui
790 3929 1104 3984 Creatorem
1158 3929 1378 3994 adorat,
1429 3929 1727 3998 praesertim
1771 3929 1924 3998 juxta
1960 3929 2055 3986 ιιι-

484 4024 656 4078 ιιιειιιιι
681 4021 952 4075 occultum
985 4022 1050 4086 ",
1084 4030 1140 4074 et
1159 4020 1312 4090 juxta
1341 4035 1620 4076 sermones
1643 4020 1904 4079 Judaicos
1939 4026 2052 4094 spi-

489 4115 734 4178 rituales,
775 4113 924 4167 novit
951 4115 1094 4184 quod
1123 4115 1335 4169 adorat.
1370 4113 1477 4171 Sed
1499 4114 1717 4184 longum
1740 4113 1882 4170 foret
1911 4131 2052 4172 nunc

2161 3205 2258 3276 τὴν
2283 3201 2598 3258 ἀκολουθίαν
2632 3200 2742 3254 τῶν
2772 3199 2952 3272 ῥητῶν
2981 3201 3011 3252 ὁ
3041 3199 3353 3271 ’Πρακλέων
3380 3197 3736 3270 ἐκδεξάμενος

2159 3295 2240 3360 τὸ,
2287 3294 2477 3364 ὑμεῖς,
2527 3293 2646 3346 ἀντὶ
2666 3290 2782 3357 τοῦ,
2833 3291 3094 3355 Ἰουδαῖοι,
3136 3290 3356 3354 ἐθνικοὶ,
3401 3291 3731 3362 διηγήσατο·

2159 3383 2270 3442 οἷον
2301 3387 2360 3441 δέ
2400 3389 2516 3440 ἐστι
2554 3385 2690 3457 πρὸς
2729 3385 2827 3456 τὴν
2865 3383 3194 3455 Σαμαρεῖτιν
3228 3384 3502 3452 λέγεσθαι,
3545 3384 3734 3455 Ὑμεῖς

2157 3481 2206 3534 oi
2251 3478 2521 3540 Ἰουδαῖοι,
2556 3475 2590 3546 ἢ
2634 3475 2770 3545 πρὸς
2791 3475 3140 3547 Σαμαρεῖτιν,
3175 3475 3364 3544 Ὑμεῖς
3394 3475 3443 3528 oi
3493 3473 3726 3535 ὲθνικοί;

2171 3571 2308 3626 Ἀλλ’
2341 3570 2441 3624 οὑκ
2463 3568 2634 3623 οίὸασί
2656 3585 2720 3637 γε
2746 3570 2793 3622 oi
2820 3567 3116 3639 ἑτερόδοξοι
3156 3566 3186 3620 δ
3226 3565 3610 3638 προσκυνοῦσι,
3649 3565 3731 3618 ὅτι

2161 3661 2386 3731 πλάσμα
2426 3658 2562 3720 ἐστὶ,
2603 3659 2698 3712 καὶ
2737 3659 2838 3711 οὐκ
2873 3655 3129 3728 ἀλήθεια,
3165 3657 3260 3710 καὶ
3305 3656 3494 3726 μῦθος,
3536 3656 3596 3709 οὐ
3629 3673 3732 3726 μυ-

2160 3756 2360 3826 στήρια
2380 3751 2510 3823 (45)·
2534 3753 2562 3804 ὁ
2584 3750 2640 3802 δὲ
2662 3748 2982 3821 προσκυνῶν
3006 3748 3098 3802 τὸν
3119 3747 3476 3820 Δημιουργδν,
3502 3746 3734 3818 μάλιστα

2159 3845 2301 3900 κατὰ
2331 3845 2427 3898 τὸν
2459 3845 2517 3895 ὲν
2555 3840 2782 3914 κρυπτῷ
2819 3839 3069 3894 Ἰουδαῖον
3100 3840 3195 3894 καὶ
3223 3840 3349 3902 τοὺς
3386 3838 3578 3907 λόγους
3607 3840 3732 3901 τοὺς

2159 3933 2564 4006 πνευματικοὺς
2621 3931 2962 3994 Ἰουδαῖκοὺς,
3004 3923 3158 3994 οὗτος
3203 3930 3233 3983 δ
3261 3925 3369 3983 οἶδε
3415 3931 3728 4002 προσκυνεῖ.

2161 4026 2304 4082 Πολὺ
2340 4025 2397 4078 δέ
2438 4025 2553 4076 ἐστι
2575 4021 2684 4092 (46)
2723 4020 2817 4075 νῦν
2857 4019 3250 4092 παρατίθεσθαι
3281 4019 3376 4073 τοῦ
3421 4019 3730 4092 Ἡρακλέω-

2162 4134 2252 4180 νος
2295 4115 2364 4169 τὰ
2397 4113 2554 4185 ῥητά,
2585 4111 2692 4164 άπὸ
2727 4111 2820 4164 τοῦ
2848 4109 3328 4180 ἐπιγεγραμμένου
3355 4108 3581 4176 Πέτρου
3613 4111 3730 4173 Κη-

487 4207 658 4274 ipsius
689 4203 1036 4258 lleracleonis
1065 4203 1204 4259 dicta
1231 4205 1282 4259 in
1321 4205 1556 4260 medium
1583 4219 1857 4274 apponere
1879 4245 1895 4270 ,
1932 4221 2052 4276 quae

2161 4212 2454 4278 ρύγματος
2476 4203 2587 4274 (47)
2617 4201 3170 4274 παραλαμϐανόμενα,
3197 4201 3289 4254 καὶ
3317 4200 3565 4254 ἵστασθαι
3597 4198 3731 4270 πρὸς

486 4297 556 4350 ab
584 4310 650 4350 eo
682 4294 821 4348 libro
849 4294 1078 4362 sumpsit
1103 4295 1192 4363 qui
1217 4293 1543 4349 Prazdicatio
1578 4293 1725 4348 Petri
1763 4296 2056 4366 inscriptus

483 4397 608 4452 est;
669 4386 1037 4454 insistereque
1085 4386 1250 4440 etiam
1306 4387 1372 4440 ad
1419 4401 1518 4452 ea,
1563 4387 1930 4455 disquirenles
1985 4389 2056 4444 sit

2161 4297 2300 4352 αὐτὰ
2329 4295 2441 4365 (48)
2470 4291 2820 4360 ἐξετάζοντας
2845 4292 2941 4346 καὶ
2972 4290 3216 4363 περὶτοῦ
3245 4290 3470 4361 βιϐλίου,
3502 4290 3730 4360 πότερόν

2164 4402 2294 4441 ποτε
2317 4382 2537 4454 γνήσιόν
2573 4381 2722 4435 ἐστιν
2753 4381 2887 4453 (49),
2923 4380 2958 4452 ἢ
2991 4380 3164 4448 νόθον,
3199 4380 3234 4451 ἦ
3283 4381 3503 4450 μικτόν·
3542 4379 3730 4450 διόπερ

553 4479 576 4512 ⁹
599 4478 615 4532 1
638 4477 768 4532 Cor.
804 4491 882 4540 ιιι,
913 4475 1006 4530 20.
1083 4476 1126 4508 ¹⁰
1159 4475 1356 4532 Joann.
1399 4493 1472 4545 Iv,
1502 4478 1595 4533 22.
1675 4480 1716 4510 “
1749 4479 1906 4534 Rom.
1937 4496 2048 4548 xvr,

2161 4526 2164 4538 ,
2241 4481 2284 4512 ³³
2309 4477 2467 4531 Rom.
2495 4491 2557 4539 ιι,
2585 4473 2678 4530 29.

557 4572 670 4644 (40)
698 4572 879 4644 Codex
909 4571 1132 4644 Regius,
1163 4572 1407 4644 νοῆσθαι,
1439 4574 1598 4628 male.

555 4641 670 4773 (41)
697 4641 826 4695 Item
856 4642 1026 4696 codex
1058 4641 1276 4710 Regius,
1305 4644 1700 4714 προσκυνῆσαι,
1734 4643 1896 4702 male.

555 4713 648 4773 (42
704 4712 882 4767 Codex
914 4711 1249 4773 Regiusco-S,
1281 4714 1440 4768 male.

554 4711 669 4786 (Lg)
704 4712 882 4786 Codex
911 4711 1249 4786 Begiuscoﬁ,
1281 4711 1440 4786 male.

579 4781 670 4856 42'?)
695 4782 875 4856 Codex
898 4781 1249 4856 _Bod_leian_us,
1279 4783 1394 4856 ὄρει
1426 4797 1523 4854 pro
1540 4781 1721 4856 ῥητῷ.

579 4850 670 4924 44)
692 4851 874 4924 Codex
896 4850 1117 4924 Regius,
1147 4850 1406 4924 Χριστοῦ,
1428 4850 1611 4906 ἰιιοι“θ.

577 4922 669 4994 45)
698 4922 840 4994 [dem
875 4923 1046 4994 code;
1071 4922 1292 4991 Regius,
1308 4923 1416 4994 καὶ
1467 4923 1765 4994 μυστήρια.

579 4939 669 4994 ac)
699 4939 840 4975 luem
875 4939 1046 4975 couex
1073 4939 1292 5002 Regius,
1321 4939 1416 4976 και
1459 4939 1765 5046 gramm.

579 4993 670 5071 46)
695 4990 894 5071 (ξομεξὶ
907 4990 1249 5071 Bodletauus,
1277 4992 1446 5071 Ilole
1539 5011 1574 5047 κ
1601 5065 1610 5071 _
1679 4993 1756 5046 ιόν
1777 4996 1918 5060 ἐστι,
1942 5004 2052 5071 etc.

486 5059 594 5136 Sed
621 5061 824 5136 codicis
858 5059 1010 5136 Regii
1042 5060 1337 5136 lectionem
1361 5065 1768 5136 anteponimus;
1805 5059 2055 5136 sequitur

485 5135 631 5191 enim
652 5129 844 5202 διόπερ
869 5129 1086 5202 ἑκόντες
1118 5129 1542 5202 ὐττερτιθέμεθα,
1576 5144 1684 5202 etc.

554 5201 669 5273 (47)
714 5199 847 5273 Ἀπὸ
893 5199 1000 5253 τοῦ
1037 5199 1542 5273 ἐπιγεγραμμένου
1595 5201 1824 5272 Πέτρου
1857 5204 2056 5272 Κηρύ-

484 5271 728 5344 murac.
777 5272 852 5324 De
867 5273 1202 5344 ⁸ιιιιοιιινχιριιο
1243 5271 1346 5325 hoc
1383 5273 1530 5344 libro_
1551 5274 1672 5326 vide
1701 5271 2046 5344 Lactantium

483 5339 578 5398 lib.
613 5357 687 5406 tv,
709 5355 829 5404 cap.
863 5339 954 5410 20,
984 5350 1038 5410 et
1063 5339 1460 5410 Hieronymum
1494 5341 1570 5394 De
1619 5343 1800 5404 script.
1831 5343 2046 5410 ιιι-εισι,

483 5428 539 5467 et
565 5410 857 5479 Ἐκλογὰς
876 5409 946 5462 ἐκ
961 5409 1079 5464 τῶν
1098 5409 1500 5479 προφητικῶν,
1515 5409 2052 5466 (ὶιειιιθιιιίεΔΙθιιειιιὲ

486 5483 626 5534 drini
654 5481 872 5534 editioni
904 5480 1204 5548 subjectas;
1226 5491 1281 5536 et
1309 5482 1599 5535 Eusebium
1628 5481 1796 5536 lib.m
1818 5479 2052 5546 Πέδιον-η

487 5565 607 5619 cap.
635 5551 690 5605 3.
725 5549 982 5619 Hunnus.

590 5619 672 5693 lii)
695 5619 874 5693 C_oc_lex
906 5618 1126 5688 Regius.
1153 5621 1288 5693 πρὸς
1319 5620 1469 5693 αὑτό.

583 5688 673 5760 49)
707 5690 964 5758 Πότερόν
989 5687 1136 5746 itare
1174 5687 1430 5761 γινήσιόν
1467 5690 1660 5754 ἐστιν,
1701 5687 2046 5761 clc._DuApl_ex

491 5756 747 5813 librorum
779 5756 867 5828 qui
919 5775 1018 5830 pro
1043 5756 1215 5818 sacris
1250 5756 1705 5834 proponerentur,
1737 5759 1875 5817 ordo
1909 5757 2044 5824 fuit;

2089 4575 2268 4642 οτῶν
2320 4569 2580 4642 γνησίων,
2611 4567 2912 4642 cuiusmodi
2962 4577 3116 4642 erant
3161 4582 3302 4635 quos
3343 4567 3410 4642 in
3455 4566 3726 4622 Canonem

2165 4639 2562 4700 suum'llebrtei
2591 4640 2908 4704 retulerant,
2939 4639 3138 4708 quique
3159 4650 3313 4694 erant
3343 4639 3482 4708 intra
3511 4652 3724 4708 arcam;

2159 4725 2214 4770 et
2235 4706 2970 4790 τῶν-ᾁποκρύιρων..ιιιιι“ειιέ
3009 4709 3118 4763 τῶν
3158 4706 3491 4788 ἀποκρύερων
3531 4707 3727 4790 duplex

2159 4785 2296 4840 ordo
2327 4782 2451 4842 fuit,
2481 4777 2590 4832 τῶν
2612 4777 3062 4850 ἀντιλεγομένων,
3084 4795 3194 4850 seu
3247 4777 3476 4850 μικτῶν,
3505 4777 3724 4846 quiad-

2161 4856 2508 4908 mitterentur
2537 4851 2606 4903 ab
2633 4849 2924 4917 aliquibus,
2951 4850 3018 4902 ab
3043 4849 3170 4904 aliis
3198 4849 3640 4917 repudiarentur,
3671 4855 3726 4899 et

2157 4923 2334 4978 dubiae
2363 4929 2547 4974 essent
2572 4915 2944 4982 auctoritatis;
2972 4918 3275 4985 cuiusmodi
3305 4926 3464 4971 erant
3495 4915 3714 4970 Macha-

2157 4993 2398 5048 barorum
2433 4989 2582 5053 libri,
2613 4989 2870 5054 Sapienta
2898 4989 3116 5052 Sirach,
3150 4999 3206 5044 et
3231 4987 3568 5050 Salomonis,
3600 4985 3720 5039 alii-

2157 5078 2283 5132 que,
2309 5073 2444 5132 quos
2476 5059 2730 5132 quamvis
2757 5057 2814 5132 in
2845 5057 3160 5132 Catalogum
3194 5070 3494 5132 suumnon
3531 5064 3724 5132 contu-

2159 5124 2356 5187 lissent
2405 5124 2598 5194 Judaei,
2654 5127 2874 5194 plurimi
2921 5124 3103 5182 tamen
3151 5127 3535 5196 recipiebant:
3582 5124 3721 5178 alter

2159 5205 2296 5274 ordo
2322 5209 2441 5274 erat
2471 5195 2580 5250 τῶν
2608 5196 2814 5274 νόθων.-
2824 5199 3025 5274 quippe
3053 5199 3126 5274 ab
3153 5195 3409 5274 omnibus
3435 5195 3722 5274 planepro

2155 5270 2400 5325 conﬁctis
2433 5276 2490 5322 et
2514 5263 2868 5337 suppositjtiis
2911 5263 3274 5337 habebantur.
3307 5263 3720 5337 Prioremdivi-

2155 5343 2366 5395 sionem
2396 5333 2722 5408 conﬁrmant
2747 5334 3106 5408 Hieronymus
3131 5339 3182 5391 in
3214 5333 3716 5408 Prolog‘o‘Caleato,

2157 5421 2208 5465 et
2235 5406 2578 5468 Athanasius,
2605 5420 2706 5475 seu
2725 5403 2971 5475 quisquis
2993 5417 3182 5463 auctor
3210 5403 3434 5462 lndiculi
3461 5405 3716 5475 librorum

2162 5479 2459 5546 Scriptura)
2487 5493 2500 5528 :
2529 5476 2590 5547 _hi
2627 5473 2770 5530 enim
2799 5473 3059 5545 quidquid
3094 5488 3289 5547 praeter
3312 5473 3570 5547 γνησίους
3609 5480 3716 5534 est,

2163 5543 2306 5602 inter
2331 5544 2678 5616 ἀποκρύφους
2719 5543 3018 5616 recensent.
3048 5543 3118 5616 At
3149 5543 3413 5616 triplicem
3443 5543 3590 5616 illu_m
3621 5555 3716 5594 or-

2157 5619 2358 5688 dinem,
2382 5609 2493 5688 τῶν
2517 5609 2773 5688 γνησίων,
2790 5609 3383 5688 κτῶνᾼάντιλεγομένων,
3405 5609 3594 5688 etsi?»
3621 5624 3718 5688 ειε-

2157 5654 2358 5698 υ..;.,..,,
2392 5654 2486 5698 ,ως
2529 5654 2600 5683 ι..
2627 5654 2900 5700 twn..."
2933 5654 3460 5698 .r.......,..,.......,...
3495 5654 3590 5666 ...,
3625 5654 3688 5664 _-

2313 5694 2574 5811 1((«Ξιιιιιιιιι
2606 5654 2870 5743 inussbtus
2895 5685 3038 5743 Ηιιι.
3061 5687 3154 5745 lib.
3188 5703 3271 5760 tu,
3301 5681 3513 5756 cap.25
3543 5693 3602 5740 et
3619 5678 3715 5740 δίο

2203 5771 2414 5812 UETIUS.
