4170 6398
319 319 428 373 429

285 459 295 514 ι
393 443 480 497 IS.
523 462 540 494 ι
574 443 715 496 Ἀλλ·
754 449 974 517 ερχεται
1026 447 1175 518 ὥρα,
1225 449 1319 501 καὶ
1369 447 1462 500 νῦν
1505 451 1687 511 ἐστιν,
1722 452 1808 502 ὅτε
1852 452 1899 502 οί
1934 456 1975 508 Α

319 536 568 606 ἀληθινοὶ
614 540 994 610 προσκυνηταὶ
1036 542 1467 611 προσκυνήσουσι
1506 541 1582 612 τῷ
1632 543 1808 613 Πατρὶ
1845 544 1902 594 ἐν

319 631 594 703 πνεύματι
645 635 738 686 καὶ
772 634 1018 705 ἀληθείᾳ.
1046 655 1063 686 ι
1101 636 1241 699 Τοὺς
1283 636 1404 706 μηδ’
1446 636 1582 700 ὅλως
1630 635 1900 704 ἐπαγγελ-

316 721 578 793 λομένους
638 726 962 794 προσκυνεῖν
1013 724 1091 794 τῷ
1149 726 1324 796 Πατρὶ
1376 725 1496 778 οὐδὲ
1544 725 1899 796 ὀνομάζεσθαι

316 813 400 866 δεῖ
453 815 837 885 προσκυνητάς
892 815 988 868 τοῦ
1044 815 1212 869 Θεοῦ·
1271 817 1406 870 ἀλλὰ
1457 817 1674 870 πάντων
1728 819 1900 886 ἐπαγ-

315 906 659 976 γελλομένων
709 911 1033 979 προσκυνεῖν
1064 909 1142 979 τῷ
1175 910 1459 974 Κτίσαντι,
1489 912 1536 964 εἰ
1568 914 1615 964 οἱ
1655 912 1751 980 μὲν
1789 911 1900 981 (52)

318 996 518 1067 μηκέτι
553 991 684 1052 ὦσιν
709 1000 766 1052 ὲν
800 1001 983 1070 σαρκὶ,
1024 1000 1137 1066 ἀλλ’
1161 1002 1220 1053 ὲν
1253 1002 1559 1071 πνεύματι,
1607 1002 1687 1072 τῷ
1741 1002 1902 1054 πνεύ-

318 1103 452 1156 ματι
496 1091 819 1158 περιπατεῖν
869 1093 964 1145 καὶ
1005 1091 1302 1162 ἐπιθυμίαν
1350 1092 1552 1162 σαρκὸς
1595 1092 1669 1165 μὴ
1717 1095 1900 1147 ὲπιτε-

314 1179 428 1232 λεῖν
448 1198 462 1212 ·
490 1182 539 1234 οἱ
573 1181 631 1234 δὲ
666 1182 742 1254 μὴ
776 1177 910 1237 ὦσιν
939 1187 998 1238 ἐν
1030 1185 1324 1258 πνεύματι,
1354 1185 1467 1239 ἀλλ’
1511 1187 1568 1239 ὲν
1595 1187 1780 1259 σαρκὶ,
1806 1189 1901 1241 καὶ

316 1274 460 1328 κατά
500 1275 678 1347 σάρκα
725 1276 1139 1348 στρατεύονται·
1196 1279 1317 1332 τότε
1361 1278 1581 1332 λεκτέον
1618 1280 1900 1351 ἀληθινοὺς

317 1365 417 1435 μὲν
451 1369 835 1438 προσκυνητάς
873 1371 999 1432 τοὺς
1028 1369 1464 1442 προσκυνοῦντας
1506 1370 1583 1441 τῷ
1635 1373 1810 1442 Ila-cpi.
1843 1373 1900 1426 ὲν

311 1456 619 1528 Πνεύματι,
650 1460 744 1512 καὶ
779 1461 855 1531 μὴ
892 1462 1055 1532 σαρκὶ⁸
1079 1501 1093 1524 ,
1129 1462 1222 1515 καὶ
1248 1464 1306 1516 ἐν
1332 1463 1580 1533 ἀληθείᾳ,
1610 1463 1704 1518 καὶ
1735 1463 1808 1535 μὴ
1841 1464 1900 1518 ὲν

311 1546 534 1612 τύποις·
585 1550 685 1602 οὐκ
734 1550 1018 1620 ἀληθινοὺς
1050 1552 1106 1606 δὲ
1140 1554 1267 1616 τοὺς
1317 1553 1391 1625 μὴ
1439 1552 1611 1617 οὕτως
1657 1554 1896 1625 ἔχοντας.

314 1640 426 1693 Καὶ
455 1643 483 1694 6
524 1642 812 1712 γράμματι
856 1643 912 1695 δὲ
946 1642 1022 1713 τῷ
1052 1644 1430 1700 ἀποκτιννύντι
1465 1645 1856 1718 δεδουλωμένος
1881 1689 1895 1712 ,

312 1728 626 1800 πνεύματος
674 1731 731 1784 δὲ
785 1733 879 1785 τοῦ
935 1731 1323 1799 ζωοποιοῦντος
1381 1735 1454 1806 μὴ
1515 1736 1853 1808 μετειληφὼς
1881 1778 1894 1800 ,

314 1821 451 1891 μηδὲ
481 1825 595 1885 τοῖς
633 1828 1020 1894 πνευματικοῖς
1045 1824 1354 1878 ἀκολουθῶν
1387 1825 1480 1878 τοῦ
1513 1827 1719 1897 Νόμου,
1742 1820 1896 1892 οὗτος

312 1911 379 1965 ἂν
406 1912 493 1983 εἴη
525 1916 552 1967 6
587 1914 662 1986 μὴ
689 1915 940 1986 ἀληθινὸς
970 1916 1370 1988 προσκυνητὴς,
1397 1917 1490 1971 καὶ
1523 1919 1792 1989 πνεύματι
1821 1921 1895 1990 μὴ

310 2007 632 2076 προσκυνῶν
683 2006 761 2077 τῷ
805 2008 1013 2079 Πατρί·
1061 2010 1090 2061 6
1141 2008 1187 2060 δ’
1224 2009 1385 2072 αὐτὸς
1435 2003 1592 2074 οὗτος
1639 2010 1758 2075 ὅλος
1788 2012 1897 2064 τῶν

308 2098 518 2164 τύπων,
557 2099 653 2152 καὶ
682 2099 790 2152 τῶν
822 2100 1152 2171 σωματικῶν
1182 2101 1310 2154 ὅταν
1339 2103 1719 2172 ἐπιτυγχάνειν
1754 2103 1895 2156 πάνυ

307 2191 494 2256 δοκεῖ,
551 2194 675 2246 τότε
709 2195 768 2246 ὲν
805 2192 992 2263 τύπῳ,
1026 2193 1120 2247 καὶ
1148 2194 1251 2247 οὐκ
1288 2196 1346 2248 ὲν
1379 2194 1608 2266 ἀληθείᾳ
1657 2212 1898 2267 προσκυ-

306 2288 390 2338 νεῖ
420 2285 498 2355 τῷ
530 2285 671 2356 Θεῷ,
704 2285 791 2339 διὰ
823 2285 981 2338 τοῦτο
1004 2285 1124 2339 οὐδὲ
1149 2286 1403 2358 ἀληθινὸς
1434 2287 1731 2356 δυνάμενος
1763 2304 1895 2358 χρη-

312 2378 562 2447 ματίζειν
612 2379 1013 2449 προσκυνητής.
1052 2378 1206 2449 Τάχα
1252 2378 1461 2432 δέδοταί
1493 2395 1624 2432 ποτε
1659 2379 1896 2448 εὐλόγως

305 2471 405 2525 καὶ
434 2471 524 2523 τὸν
557 2469 809 2538 ἀληθινὸν
838 2471 1222 2542 προσκυνητὴν
1257 2470 1315 2522 ὲν
1347 2468 1427 2541 τῷ
1480 2470 1760 2541 πνεύματι·
1803 2471 1896 2524 καὶ

305 2561 539 2632 ἀληθείᾳ
561 2561 971 2633 προσκυνοῦντα
993 2562 1200 2616 τυπικά
1217 2579 1340 2615 τινα
1362 2565 1555 2625 ποιεῖν,
1573 2563 1659 2616 ἵνα
1680 2564 1805 2628 τοὺς
1818 2563 1896 2634 τῷ

305 2652 466 2725 τύπῳ
478 2653 906 2725 δεδουλωμένους
917 2652 1384 2724 οἰκονομικώτατα
1404 2654 1588 2708 ὲλευθε
1597 2654 1774 2727 ρώσας
1786 2655 1894 2708 τῶν

306 2748 498 2816 τύπων
520 2746 846 2821 προσαγάγῃ
862 2750 928 2819 τῇ
945 2745 1190 2817 ἀληθείᾳ·
1210 2745 1400 2816 ὥσπερ
1425 2747 1673 2815 φαίνεται
1685 2747 1896 2811 Παῦλος

304 2839 400 2891 ἐπὶ
415 2837 683 2909 Τιμοθέου
704 2837 1039 2909 πεποιηκὼς,
1052 2841 1192 2908 τάχα
1206 2839 1259 2891 δὲ
1281 2839 1374 2893 καὶ
1388 2842 1446 2894 ὲν
1458 2841 1784 2911 Κεγχρεαῖς,
1800 2841 1894 2893 καὶ

302 2933 364 2986 ὲν
405 2932 793 3004 Ἰεροσολύμοις
812 2975 826 2997 ,
851 2933 927 2998 ὼς
957 2937 1014 2987 ὲν
1047 2937 1163 2996 ταῖς
1185 2933 1423 3005 Πράξεσι
1447 2933 1556 2987 τῶν
1583 2933 1896 2989 ἀποστόλων

304 3027 638 3098 γέγραπται.
667 3026 947 3098 Τηρητέον
988 3025 1066 3090 δὲ,
1103 3027 1185 3079 ὅτι
1224 3028 1272 3079 oi
1304 3025 1550 3094 ἀληθινοὶ⁹
1586 3041 1896 3096 προσκυνη-

303 3122 395 3174 ταὶ
421 3121 482 3172 οὐ
517 3120 676 3190 μόνον
709 3121 766 3172 ὲν
799 3118 1069 3191 μελλούσῃ
1101 3117 1239 3190 ὥρᾳ,
1265 3117 1400 3172 ἀλλὰ
1429 3117 1522 3171 καὶ
1543 3118 1602 3170 ὲν
1630 3115 1894 3188 ὲστηκυίᾳ
1920 3133 1964 3191 c

304 3211 670 3282 προσκυνοῦσι
727 3210 807 3282 τῷ
854 3213 1028 3284 Πατρὶ
1073 3213 1130 3264 ὲν
1182 3209 1453 3282 πνεύματι
1501 3209 1596 3262 καὶ
1642 3207 1891 3278 ἀληθείᾳ.

318 3304 460 3357 Ἀλλ’
515 3307 572 3357 ὲν
616 3304 885 3375 πνεύματι
930 3307 979 3358 οἱ
1019 3303 1474 3376 προσκυνοῦντες,
1525 3301 1602 3366 ὡς
1641 3300 1894 3372 εἰλήφασι

302 3397 756 3468 προσκυνοῦντες,
790 3397 846 3452 ὲν
869 3395 1146 3468 άρῤαϐὦνι
1176 3393 1486 3464 πνεύματος
1511 3394 1603 3445 ἐπὶ
1625 3391 1718 3448 τοῦ
1751 3409 1894 3464 παρ-

301 3489 458 3552 όντος
516 3487 912 3560 προσκυνοῦσιν
935 3502 948 3517 ·
986 3488 1044 3539 ὲν
1077 3485 1352 3556 πνεύματι
1384 3485 1440 3538 δὲ
1492 3485 1608 3555 (55)
1641 3485 1730 3537 ὅτε
1780 3485 1892 3538 πᾶν

305 3582 616 3652 χωρήσουσι
644 3579 705 3633 τὸ
740 3579 959 3650 πνεῦμα
1011 3578 1454 3650 προσκυνήσουσι
1487 3577 1566 3648 τῷ
1599 3577 1792 3648 Πατρί.
1829 3578 1894 3630 Et

302 3672 361 3726 δὲ
398 3673 427 3725 ό
467 3671 679 3743 βλέπων
713 3671 801 3725 διὰ
827 3671 1161 3741 κατόπτρου,
1199 3669 1261 3723 τὸ
1307 3669 1506 3742 ἀληθὲς
1536 3670 1647 3742 (54)
1673 3671 1734 3723 οὐ
1769 3669 1893 3740 βλέ-

303 3783 442 3829 πει,
495 3765 570 3828 ὡς
615 3763 887 3817 δείκνυται
935 3761 1145 3826 τούτοις
1186 3765 1301 3826 τοῖς
1351 3765 1739 3834 κατοπτρικοῖς
1788 3762 1894 3815 ὑπὸ

304 3858 414 3912 τῶν
445 3858 576 3929 περὶ
611 3856 786 3910 ταῦτα
830 3855 1042 3918 δεινῶν,
1079 3854 1269 3926 βλέπει
1323 3855 1381 3908 δὲ
1433 3854 1647 3918 Παῦλος
1698 3854 1792 3908 καὶ
1843 3856 1891 3906 οί

301 3949 679 4021 παραπλήσιοι
743 3947 877 4000 αὐτὸ
940 3946 1078 4017 (55)
1130 3945 1219 4000 διὰ
1263 3945 1571 4016 κατόπτρου
1623 3943 1720 3997 νῦν
1753 3985 1768 4009 ,
1827 3942 1891 4014 δὴ

304 4043 387 4096 ὃτι
418 4041 552 4112 (56),
587 4045 659 4105 ὡς
693 4040 900 4112 βλέπει,
924 4038 1067 4092 οὕτω
1091 4041 1185 4093 καὶ
1215 4039 1513 4110 προσκυνεῖ
1532 4035 1610 4108 τῷ
1626 4036 1766 4108 Θεῷ,
1798 4036 1890 4090 καὶ

303 4132 389 4188 διὰ
420 4134 725 4206 κατόπτρου
760 4133 1080 4204 προσκυνεῖ·
1108 4132 1236 4184 ὅταν
1257 4131 1314 4184 δὲ
1336 4129 1463 4201 ἔλθῃ
1490 4131 1524 4200 ἡ
1548 4128 1666 4201 ὥρα
1687 4131 1720 4199 ἡ
1755 4128 1891 4200 μετὰ

305 4228 402 4300 τὴν
442 4229 796 4297 ἐνεστηκυῖαν
835 4223 1227 4294 ὲνστησομένη,
1245 4223 1364 4276 τότε
1401 4223 1554 4276 ἔσται
1585 4223 1618 4292 ἡ
1647 4222 1890 4292 προσκύ-

302 4337 458 4392 νησις
505 4323 562 4373 ὲν
595 4317 825 4390 ἀληθείᾳ
875 4316 1168 4388 πρόσωπον
1216 4313 1329 4385 (57)
1361 4313 1498 4383 πρὸς
1558 4312 1887 4385 πρόσωπον,

300 4415 399 4469 καὶ
436 4412 622 4468 οὐκέτι
647 4411 735 4466 διὰ
769 4410 1078 4482 κατόπτρου
1112 4406 1503 4479 θεωρουμένην
1537 4471 1542 4476 ι

1357 323 1716 381 COMMENT.
1761 327 1825 381 IN
1869 323 2058 381 JOAN.
2105 321 2344 378 TOMUS
2387 321 2520 377 XIII.

3483 330 3587 382 430

2088 444 2176 498 I8.
2205 462 2224 494 ι
2263 444 2370 498 Sed
2407 443 2556 497 venit
2599 442 2754 504 liora,
2794 450 2848 496 et
2889 458 3035 498 nunc
3063 453 3168 504 est,
3223 447 3436 513 quando
3471 447 3586 499 veri

2007 537 2325 590 adoratores
2360 536 2668 589 adorabunt
2715 535 2931 589 Patrem
2984 536 3034 588 in
3074 536 3270 604 spiritu
3301 549 3353 591 et
3387 538 3587 591 verita-

2007 636 2060 680 te
2094 625 2156 679 ‘7.
2208 644 2227 677 ›
2263 627 2364 692 Qui
2394 626 2617 680 minime
2640 641 2698 680 se
2725 626 3047 695 proﬁtentur
3075 627 3306 682 adorare
3345 628 3586 695 Patrem,

2008 719 2106 774 hos
2133 733 2198 774 ne
2225 719 2512 772 nominare
2543 718 2763 787 quidem
2814 730 3033 788 oportet
3085 721 3405 775 adoratores
3440 722 3533 775 Dei
3570 739 3584 776 :

2004 811 2096 863 sed
2125 825 2192 863 ex
2215 811 2468 863 omnibus
2491 808 2871 879 proﬁtentibus
2898 827 2957 866 se
2991 813 3220 867 adorare
3245 813 3428 866 mundi
3453 812 3588 883 Opi-

2007 902 2185 962 licem.
2219 901 2265 955 si
2297 901 2514 970 quidam
2548 916 2656 955 non
2693 903 2927 972 amplius
2959 903 3070 958 sint
3114 903 3166 957 in
3189 919 3380 969 carne,
3411 907 3503 960 sed
3534 907 3589 960 in

2005 992 2220 1062 spiritu,
2257 992 2451 1063 spiritu
2481 994 2610 1063 quia
2647 995 2951 1060 ambulent,
2973 996 3238 1051 desideria
3269 999 3456 1053 carnis
3481 1015 3588 1054 non

2005 1084 2350 1154 perﬁcientes
2378 1085 2461 1151 “;
2489 1095 2546 1141 et
2585 1085 2751 1157 aliqui
2787 1103 2897 1142 non
2927 1090 2981 1143 in
3023 1088 3218 1159 spiritu
3251 1090 3380 1158 sint,
3408 1096 3504 1148 sed
3532 1095 3587 1148 in
3695 1093 3698 1098 ’

2003 1189 2194 1241 carne;
2238 1185 2295 1230 et
2323 1177 2621 1232 secundum
2659 1193 2882 1234 carnem
2925 1179 3162 1236 militent
3196 1200 3210 1236 :
3244 1191 3372 1238 tunc
3403 1185 3588 1238 dicen-

2007 1268 2134 1321 dum
2168 1275 2254 1321 est
2287 1282 2450 1322 veros
2479 1268 2800 1326 adoratores
2824 1285 2944 1326 esse
2966 1285 3060 1328 eos
3081 1273 3172 1341 qui
3200 1272 3421 1329 Patrem
3455 1278 3586 1330 adn.

2004 1366 2132 1412 rant
2172 1358 2228 1412 in
2275 1359 2496 1428 spiritu,
2538 1377 2646 1416 non
2679 1362 2733 1416 in
2775 1378 2974 1431 carne;
3021 1365 3074 1419 in
3109 1367 3362 1432 veritate,
3395 1383 3500 1422 non
3531 1370 3585 1423 in

2002 1451 2196 1521 ﬁguris
2230 1469 2246 1506 :
2276 1468 2383 1507 non
2410 1467 2568 1508 veros
2604 1469 2734 1509 vero
2761 1469 2856 1510 eos
2879 1459 2972 1525 qui
3013 1459 3090 1512 sic
3120 1473 3178 1513 se
3206 1474 3311 1514 non
3357 1460 3584 1515 habent.

2001 1543 2094 1599 Ille
2128 1544 2295 1599 etiam
2338 1546 2430 1614 qui
2472 1561 2581 1600 non
2627 1547 2902 1617 particeps
2940 1548 3108 1604 fuerit
3142 1552 3375 1620 Spiritus
3404 1553 3585 1607 viviti-

2003 1635 2202 1704 cantis,
2233 1638 2436 1708 quique
2459 1638 2764 1708 ,sp'rritualia
2791 1638 2925 1711 legis
2952 1655 3059 1695 non
3087 1655 3325 1712 sequens
3353 1658 3380 1697 a
3405 1643 3586 1699 littera

2003 1728 2293 1784 occidente
2339 1730 2393 1783 in
2431 1729 2749 1785 servitutem
2800 1733 3050 1788 redactus
3082 1733 3274 1800 fuerit,
3307 1734 3395 1789 hic
3423 1751 3586 1791 verus

2008 1835 2116 1874 non
2177 1820 2286 1875 erit
2335 1823 2613 1888 adorator,
2657 1837 2757 1876 nec
2788 1823 2980 1891 spiritu
3033 1824 3285 1880 adorabit
3320 1825 3580 1892 Patrem;

2003 1909 2114 1963 imo
2141 1909 2231 1965 hic
2269 1910 2407 1981 ipse,
2451 1921 2594 1966 totus
2628 1913 2816 1983 ﬁguris
2846 1923 2901 1968 et
2939 1914 3102 1969 rebus
3129 1918 3408 1986 corporeis
3431 1920 3586 1973 addi-

1999 2009 2142 2064 ctus,
2180 2017 2304 2056 cum
2330 2018 2388 2058 se
2419 2007 2658 2061 maxime
2689 2005 2902 2075 assequi
2932 2005 3352 2076 existimaverit,
3382 2018 3509 2064 tunc
3529 2012 3580 2065 in

1999 2093 2199 2164 ﬁgura,
2234 2105 2293 2150 et
2343 2110 2450 2150 non
2505 2097 2560 2150 in
2623 2096 2854 2150 veritate
2889 2096 3313 2165 Deumadorat,
3373 2101 3583 2156 idcirco

1998 2200 2162 2240 verus
2190 2187 2450 2243 adorator
2474 2204 2596 2244 esse
2620 2203 2726 2244 non
2744 2188 2954 2244 valens.
2980 2188 3237 2245 Fortasse
3258 2208 3578 2248 concessum

1997 2286 2080 2330 est
2102 2278 2392 2347 aliquando
2417 2280 2808 2335 convenienter
2839 2280 3059 2344 rationi,
3112 2291 3174 2336 ut
3198 2297 3359 2338 verus
3387 2285 3580 2339 adora-

2002 2375 2107 2430 tor,
2145 2366 2198 2421 in
2229 2369 2422 2438 spiritu
2466 2377 2521 2424 et
2565 2369 2800 2424 veritate
2837 2369 3095 2439 adorans,
3136 2374 3384 2441 quaedam
3417 2375 3583 2430 faciat

1997 2473 2119 2525 quia;
2149 2459 2200 2512 in
2231 2460 2402 2530 ﬁgura
2437 2462 2567 2526 sint,
2613 2471 2670 2515 ut
2702 2476 2840 2530 quos
2869 2464 3038 2534 figura
3078 2464 3340 2520 irretierit
3367 2481 3578 2522 summa

1998 2552 2405 2622 dispensatione
2456 2555 2525 2609 ab
2558 2570 2621 2610 ea
2658 2556 2916 2613 liberatos
2961 2558 3030 2612 ad
3068 2559 3354 2614 veritatem
3409 2561 3582 2616 addu-

1998 2653 2129 2696 cat:
2167 2644 2218 2697 id
2269 2646 2432 2713 quod'
2461 2646 2753 2703 Timotheo
2803 2647 3030 2703 Paulum
3068 2647 3267 2705 fecisse
3325 2662 3576 2721 apparet,

1997 2732 2252 2790 fortassis
2278 2747 2460 2791 autem
2488 2737 2542 2792 in
2573 2738 2857 2805 Cenchris,
2875 2750 2931 2795 et
2965 2739 3380 2812 Hierosolymis,
3413 2743 3579 2798 veluti

1999 2825 2052 2879 in
2093 2827 2458 2895 apostolorum
2487 2830 2638 2886 Actis
2664 2831 2922 2900 scriptum
2955 2841 3038 2888 est
3071 2833 3137 2888 ¹⁹.
3169 2833 3578 2889 Observandum

1997 2931 2126 2972 vero
2154 2927 2238 2972 est
2263 2935 2418 2974 veros
2445 2921 2760 2977 adoratores
2789 2935 2896 2976 non
2927 2922 3101 2977 solum
3130 2923 3184 2977 in
3212 2922 3393 2977 futura
3421 2924 3576 2990 hora,

1996 3021 2186 3063 verum
2220 3011 2385 3066 etiam
2408 3012 2462 3065 in
2494 3015 2770 3082 praesenti,
2795 3016 3028 3070 adorare
3047 3012 3265 3069 Patrem
3296 3015 3350 3084 in
3383 3015 3579 3085 Spiritu

1997 3109 2052 3154 et
2085 3102 2339 3156 veritate.
2373 3100 2480 3157 Sed
2507 3105 2599 3173 qui
2632 3106 2684 3159 in
2714 3105 2910 3175 spiritu
2943 3107 3195 3171 adorant,
3227 3109 3581 3175 quemadmo-

1999 3193 2124 3247 dum
2159 3204 2487 3264 acceperunt
2521 3198 2836 3265 adorantes,
2891 3199 2946 3254 in
2999 3199 3308 3254 arrhabone
3353 3201 3581 3270 spiritus

1999 3300 2146 3340 nunc
2181 3287 2416 3342 adorant
2449 3305 2464 3342 :
2497 3290 2663 3362 229
2693 3301 2823 3346 tunc
2851 3302 3033 3346 autem
3062 3292 3113 3346 in
3141 3292 3332 3360 spiritu
3357 3293 3575 3348 Patrem

1999 3378 2305 3444 adoraturi,
2337 3394 2461 3434 cum
2497 3390 2666 3436 totum
2724 3382 3073 3452 perceperint
3104 3382 3383 3454 Spiritum.
3415 3385 3577 3450 Quod

1997 3473 2044 3523 si
2095 3470 2141 3524 is
2169 3471 2262 3541 qui
2287 3472 2433 3527 videt
2473 3488 2571 3544 per
2599 3474 2906 3544 speculum,
2940 3491 3048 3531 non
3082 3477 3228 3531 videt
3263 3491 3473 3542 verum,
3500 3480 3580 3534 uti

1998 3564 2113 3617 haec
2135 3564 2338 3633 Optime
2370 3563 2633 3621 callentes
2656 3568 2956 3624 ostendunt
3004 3567 3093 3622 bis
3147 3567 3465 3638 imaginarie
3491 3571 3576 3623 vi-

1996 3654 2269 3718 dentibus,
2297 3663 2353 3709 et
2403 3670 2500 3724 per
2526 3657 2809 3726 Speculum
2851 3659 3049 3713 adorat
3094 3659 3286 3727 Deum,
3321 3659 3578 3730 videtque

1995 3745 2200 3801 Paulus
2230 3761 2373 3801 nunc
2404 3763 2500 3817 per
2534 3749 2813 3818 speculum
2841 3751 2909 3815 ²⁰,
2937 3750 3133 3820 suique
3170 3750 3399 3816 similes,
3454 3769 3579 3820 per-

1995 3838 2244 3908 spicuum
2281 3847 2370 3893 est
2400 3838 2625 3895 Paulum
2659 3843 2738 3898 sic
2764 3845 2998 3898 adorare
3020 3843 3190 3897 Deum
3225 3845 3576 3913 quemadmo-

1995 3929 2122 3983 dum
2183 3929 2350 3995 videt,
2407 3940 2570 4004 atque
2622 3936 2788 3990 etiam
2847 3951 2946 4006 per
2999 3936 3277 4006 speculum
3347 3938 3578 3993 adorare

1994 4023 2200 4092 Deum;
2233 4041 2359 4082 cum
2396 4043 2527 4084 vero
2562 4028 2778 4084 venerit
2808 4030 2941 4084 hora
2992 4039 3117 4097 post
3161 4030 3456 4085 instantem
3487 4031 3575 4084 fu-

1996 4127 2142 4187 tura,
2171 4129 2302 4176 tunc
2330 4123 2435 4176 erit
2459 4122 2708 4177 adoratio
2759 4123 2812 4176 in
2861 4123 3120 4184 veritate,
3167 4137 3288 4189 quae
3327 4121 3470 4178 facie
3503 4125 3578 4179 ad

1990 4213 2218 4290 faciem,
2243 4229 2349 4270 non
2385 4214 2617 4285 amplius
2649 4231 2748 4285 per
2774 4215 3056 4286 speculum
3090 4215 3328 4270 videtur.

375 4508 462 4562 I9.
499 4505 573 4558 T6
600 4504 872 4577 μέντοιγε,
909 4522 927 4555 ‹
959 4474 1124 4574 ήμεῖς
1157 4474 1593 4572 προσκυνοῦμεν,
1616 4516 1634 4548 ι
1661 4498 1690 4550 ό
1729 4496 1887 4567 Ἦρα-

2068 4495 2154 4550 I9.
2189 4494 2334 4551 Sane
2378 4510 2442 4552 ea
2492 4497 2694 4561 verba,
2725 4514 2744 4548 σ
2782 4511 2880 4551 nos
2926 4495 3220 4551 adoramus
3240 4497 3307 4558 ¹¹,
3348 4513 3365 4545 ι
3401 4495 3575 4548 ﬂera-

301 4593 475 4657 κλέων
508 4602 678 4654 οίεται
713 4597 887 4662 εῖναι,
929 4599 957 4650 6
1006 4599 1062 4651 ὲν
1107 4594 1309 4656 Αίῶνι,
1363 4591 1458 4645 καὶ
1509 4590 1560 4643 οἱ
1611 4591 1706 4643 σὺν
1739 4587 1887 4658 αὐτῷ

301 4697 546 4758 ἐλθόντες
566 4712 580 4725 ·
606 4688 752 4748 οὗτοι
775 4693 906 4764 γάρ,
942 4691 1131 4761 φησὶν,
1161 4688 1360 4760 ᾔδεσαν
1394 4684 1501 4738 τίνι
1545 4681 1886 4754 προσκυνοῦ-

304 4805 385 4853 σι,
427 4787 569 4840 κατὰ
620 4783 879 4858 ἀλήθειαν
924 4780 1378 4854 προσκυνοῦντες.
1435 4773 1596 4828 Ἀλλά
1642 4774 1734 4828 καὶ
1777 4773 1838 4826 τό
1869 4791 1882 4802 ·

300 4883 380 4935 ὅτι
412 4900 429 4932 t
464 4885 497 4953 ή
532 4877 775 4950 σωτηρία
802 4878 866 4930 ὲκ
897 4874 1005 4928 τῶν
1045 4871 1314 4927 Ἰουδαίων
1342 4867 1509 4930 ἐστὶν,
1536 4886 1554 4919 ι
1585 4866 1708 4918 ἐπεὶ⁴
1739 4865 1796 4918 ἐν
1819 4865 1885 4934 τῇ

313 4975 562 5046 Ἰουδαίᾳ,
590 4973 778 5045 φησὶν,
832 4965 1118 5038 ἐγεννήθη,
1156 4963 1271 5017 ἀλλ’
1305 4962 1406 5016 οὐκ
1446 4963 1505 5014 ὲν
1545 4959 1728 5021 αὐτοῖς
1755 4973 1769 4986 ·
1809 4956 1882 5008 εοὺ

303 5069 408 5142 γὰρ
441 5068 521 5132 εἰς
567 5067 774 5128 πάντας
825 5063 1025 5124 αὐτοὺς
1067 5057 1326 5128 εύδόκησε
1353 5095 1368 5120 ,
1401 5055 1496 5108 καὶ
1531 5053 1615 5106 ὅτι
1653 5049 1712 5116 ἐξ
1742 5046 1886 5142 ὲκεί-

303 5139 394 5216 νού
430 5161 525 5215 τοῦ
557 5158 742 5221 ἔθνους
774 5154 1000 5226 ἐξῆλθεν
1030 5153 1064 5224 ἡ
1100 5148 1370 5221 σωτηρία,
1409 5145 1506 5200 καὶ
1537 5144 1566 5195 ὁ
1596 5142 1753 5210 λόγος
1804 5139 1886 5202 είς

302 5257 398 5329 τὴν
425 5252 784 5325 οἰκουμένην·
817 5246 960 5302 κατὰ
984 5246 1042 5300 δὲ
1070 5243 1134 5298 τὸ
1161 5240 1450 5312 νοούμενον
1485 5238 1549 5290 ὲκ
1592 5233 1702 5287 τῶν
1753 5233 1885 5284 Ἰου-

1991 4590 2148 4646 cleon
2181 4603 2305 4646 esse
2343 4600 2496 4645 retur
2519 4605 2645 4644 eum
2684 4591 2776 4659 qui
2811 4597 2897 4644 est
2924 4589 2977 4643 in
3008 4586 3216 4652 Eone,
3245 4600 3301 4641 et
3322 4589 3412 4656 qui
3446 4603 3572 4643 cum

1991 4683 2113 4751 ipso
2133 4689 2439 4746 venerunt;
2471 4695 2596 4735 nam
2623 4680 2700 4749 hi,
2721 4678 2923 4748 inquit,
2954 4686 3226 4732 noverunt
3248 4691 3411 4746 quem
3440 4678 3574 4732 ado-

1993 4786 2135 4840 rant,
2181 4774 2481 4830 secundum
2527 4773 2817 4828 veritatem
2873 4774 3190 4826 adorantes.
3241 4769 3380 4836 Quin
3439 4769 3574 4825 iilud

1990 4867 2180 4929 etiam,
2215 4882 2235 4916 ε
2263 4863 2413 4920 salus
2435 4877 2502 4918 ex
2527 4862 2731 4919 Judreis
2745 4873 2831 4917 est
2857 4864 2923 4928 “,
2955 4881 2976 4915 ι
3015 4862 3273 4932 quoniam
3307 4862 3360 4916 in
3381 4860 3573 4918 Iudaea

1992 4958 2210 5028 genitus
2229 4968 2335 5021 est,
2365 4956 2562 5025 inquit,
2591 4971 2697 5010 non
2733 4955 2879 5010 inter
2904 4956 3086 5026 ipsos;
3124 4955 3251 5024 quia
3280 4955 3333 5007 in
3378 4968 3575 5009 omnes

1993 5051 2138 5117 ipsos
2159 5047 2324 5102 animi
2351 5047 2767 5118 propensionem
2795 5061 2903 5101 non
2939 5046 3213 5110 habuerit,
3232 5055 3284 5099 et
3308 5045 3572 5114 quoniam

1991 5151 2057 5192 ex
2096 5137 2184 5192 illa
2222 5145 2382 5206 gente
2406 5149 2631 5206 egressa
2656 5143 2742 5190 est
2778 5134 2949 5200 salus,
2975 5143 3032 5190 et
3078 5148 3257 5188 sermo
3298 5131 3352 5186 in
3380 5132 3570 5186 orbem

1994 5239 2264 5284 terrarum
2291 5245 2309 5286 :
2337 5229 2494 5299 juxta
2523 5225 2938 5298 intelligentiam
2967 5239 3096 5280 vero
3119 5223 3477 5295 spiritualem,
3503 5239 3573 5277 ex

371 5425 414 5458 "
448 5425 605 5479 Joan.
631 5435 708 5486 tv,
732 5417 824 5472 23.
901 5414 945 5446 ³⁸
977 5411 1156 5468 Galat.
1181 5423 1237 5474 v,
1264 5407 1355 5466 16.
1426 5406 1470 5438 ¹⁹
1491 5403 1612 5458 Αεῑ.
1640 5414 1752 5462 xvt,
1779 5397 1835 5462 3,
1877 5399 2113 5476 18;_xr:t,
2135 5393 2226 5486 24.
2252 5484 2260 5486 λ
2287 5391 2334 5422 ⁸ο
2361 5389 2526 5446 ICor.
2558 5386 2775 5450 xm,I2.
2850 5387 2895 5419 ’ί
2928 5383 3088 5442 Joan.
3112 5399 3183 5448 tv,
3213 5381 3302 5434 22.
3358 5383 3403 5413 ⁸⁸
3430 5379 3564 5434 ibid.

371 5510 813 5591 (Samia-ger,
845 5515 952 5591 etc.
986 5506 1095 5591 ξίε⁹
1110 5510 1256 5556 recte
1296 5499 1462 5591 habet
1505 5497 1672 5553 codex

304 5575 512 5641 Ieianus
538 5602 552 5646 ;
580 5586 632 5637 in
665 5575 835 5649 Regio
861 5577 1024 5649 deest
1273 5641 1286 5649 _
1314 5589 1318 5591 ’
1383 5639 1423 5649 __
1483 5638 1514 5649 η
1553 5637 1566 5648 ,

371 5633 511 5727 1:515“)—
524 5633 632 5708 ’έῦ
647 5633 939 5727 πιέεῗᾶέιατι
961 5645 1048 5700 δέ.
1079 5643 1169 5699 Sic
1190 5641 1361 5700 codex
1383 5637 1740 5701 Bodleianus;
1771 5633 1876 5688 ite-

309 5721 441 5792 g'nis.
467 5721 529 5779 ἐν
555 5721 825 5794 πνεύματί
861 5735 966 5794 “Et;
1130 5785 1142 5794 _
1244 5781 1283 5794 η
1339 5780 1372 5794 ,,
1412 5779 1424 5792 ,
1550 5793 1564 5794 γ
1648 5774 1777 5794 ..με

377 5774 872 5867 ζὲιῖτὸᾶέίᾑθές.
911 5789 1004 5845 Sic
1043 5785 1215 5843 codex
1244 5779 1603 5843 Bodleianus;
1648 5774 1866 5844 Regius,

1725 5491 1868 5545 Bod-
1977 5473 2072 5544 καὶ
2097 5484 2316 5558 ἀληθές.

2053 5548 2375 5630 (5⁵)Ἀῦτίέ·
2414 5553 2562 5630 L980
2587 5548 2758 5620 αὐτῷ·
2787 5616 2825 5630 ,η
2991 5615 3004 5627 .
3095 5611 3211 5630 .-κέ
3245 5629 3248 5630 ν

2052 5611 2165 5694 ῖῦϋδ
2205 5626 2287 5695 Ah
2322 5625 2430 5678 ὅτι.
2459 5611 2599 5691 [ιὲᾳο
2634 5611 2756 5695 cuin
2786 5615 3061 5695 Ferrario,
3091 5611 3399 5695 δῆλον,ῃὸτῇ
3440 5679 3451 5690 ο

2197 5681 2380 5769 Co‘tlex
2407 5681 2627 5769 Regius,
2646 5694 2718 5769 τῇ
2742 5687 3048 5769 πρόσωπον,
3081 5681 3174 5736 sed
3195 5684 3246 5736 itt
3268 5681 3564 5768 Bodleiano

1980 5755 2242 5836 ᾱεὲειτῇ.
2278 5766 2437 5824 Forte
2469 5755 2813 5831 légcndu'in-h
2850 5755 3160 5822 πρόσωπον.

2157 5899 2160 5902 ⁴
2179 5905 2210 5972 ἦ
