4170 6404
541 322 642 379 ιδι

2002 298 2322 358 ORIGENIS

3717 283 3825 337 459.

535 438 741 495 Judzeis
789 443 981 491 narrat
1029 432 1227 487 factam
1261 429 1430 483 fuisse
1461 426 1713 488 salutem,
1757 419 2018 493 quoniam
2062 417 2119 471 hi

2237 413 2389 467 Saiwv
2446 413 2543 482 τὴν
2596 406 2872 479 σωτηρίαν
2919 406 3190 477 διηγεῖται
3224 403 3531 473 γεγονέναι,
3590 398 3824 473 ἐπείπερ

538 530 924 585 similitudines
956 541 1076 581 esse
1119 522 1509 577 existimantur
1540 529 1730 570 eorum
1776 512 1867 580 qui
1910 517 2030 564 sunt
2066 507 2119 560 in

537 622 837 692 pleromate
865 635 878 670 :
911 616 1006 671 sed
1033 612 1351 668 ostenderet
1395 620 1622 661 necesse
1653 610 1774 658 erat
1814 600 1949 669 ipse,
1978 597 2122 664 ejus-

536 687 645 785 que
676 722 960 779 sequaces,
1009 702 1282 774 quomodo
1318 696 1695 767 unusquisque
1725 692 1797 746 sit
1826 687 2123 785 similitudo

537 779 727 858 eorum
757 798 851 868 qui
883 804 1011 851 sunt
1051 795 1103 847 in
1133 792 1466 862 pleromate;
1503 785 1665 841 modo
1695 797 1808 837 non
1850 779 1967 835 sola
1991 789 2125 832 voce

539 897 645 951 hoc
671 894 879 958 dicant,
906 888 1001 944 sed
1038 901 1170 943 vere
1198 885 1301 939 hoc
1326 882 1585 938 sentiant.
1643 876 1913 931 Praeterea
1962 883 2124 924 enar-

538 1002 668 1042 rans
707 983 835 1039 illud
864 1023 879 1047 ,
945 998 965 1032 ι
1014 980 1068 1034 in
1124 976 1325 1047 spiritu
1379 983 1436 1028 et
1488 973 1723 1025 veritate
1752 967 1799 998 ”
1838 985 1858 1018 ι
1903 961 2124 1018 adorari

537 1077 729 1139 Deum,
765 1093 784 1127 ι
822 1072 1034 1145 priores
1061 1069 1403 1129 adoratores,
1428 1063 1627 1133 inquit,
1662 1062 1718 1114 in
1751 1071 1921 1113 carne
1953 1064 2010 1110 et
2035 1066 2127 1106 er-

538 1184 664 1224 rore
686 1168 1057 1222 adoraverunt
1099 1174 1252 1222 eum,
1285 1157 1381 1226 qui
1415 1154 1582 1209 Pater
1610 1165 1719 1207 non
1754 1157 1873 1205 erat
1907 1162 1922 1200 :
1954 1158 2126 1216 quare

537 1260 730 1317 eadem
769 1257 941 1313 etiam
964 1253 1180 1309 ratione
1206 1248 1418 1319 decepti
1448 1245 1603 1301 fuere
1639 1256 1835 1299 omnes
1867 1238 1961 1309 qui
1992 1237 2126 1291 ado-

540 1358 736 1409 rarunt
763 1346 949 1404 mundi
978 1342 1282 1416 Opiﬁcem;
1324 1359 1343 1392 ι
1398 1338 1788 1408 subjungitque
1820 1329 2159 1424 Heracleon‘

538 1459 636 1501 eos
655 1442 888 1497 servisse
918 1445 1209 1501 creaturae,
1236 1448 1344 1488 non
1374 1432 1425 1487 ei
1458 1430 1558 1501 qui
1594 1430 1647 1483 in
1693 1426 1930 1483 veritate
1957 1422 2125 1479 Crea-

540 1548 630 1593 tor
657 1543 803 1599 erat,
861 1532 951 1602 qui
981 1539 1070 1585 est
1097 1527 1369 1592 Christus,
1399 1520 1847 1592 quandoquidem
1882 1534 1903 1569 ι
1939 1515 2127 1572 omnia

540 1645 639 1702 per
694 1629 872 1696 ipsum
919 1626 1063 1679 facta
1113 1629 1280 1686 sunt,
1335 1626 1391 1674 et
1434 1617 1554 1672 sine
1612 1616 1732 1685 ipso
1788 1611 1995 1668 factum
2044 1615 2130 1664 est

540 1721 677 1778 nihil
706 1720 774 1776 ³⁵.
807 1738 826 1771 ι

2232 505 2439 566 εἰκόνες
2465 495 2613 555 οὗτοι
2637 501 2747 553 τῶν
2784 501 2844 552 ἐν
2876 498 2955 568 τῷ
2987 496 3316 569 πληρώματι
3356 493 3507 565 αὑτῷ
3549 489 3691 547 εἶναι
3739 511 3826 546 νο-

2235 589 2484 663 μίζονται
2509 607 2522 620 ·
2561 590 2730 661 ἐχρῆν
2756 588 2814 642 δὲ
2843 588 3007 642 αὐτὸν
3046 587 3142 640 καὶ
3175 586 3303 648 τοὺς
3335 585 3429 637 ἀπ’
3472 580 3643 636 αὐτοῦ
3694 580 3825 635 ἕκας-

2234 699 2356 736 στον
2382 680 2494 734 τῶν
2526 683 2585 735 ὲν
2626 682 2693 752 τῇ
2729 678 2959 750 λατρεία
3007 676 3280 731 δεικνύναι
3329 675 3449 739 πῶς
3475 676 3626 728 ἐστιν
3659 671 3828 728 εἰκὼν

2231 771 2341 826 τῶν
2374 773 2433 825 ὲν
2472 769 2552 842 τῷ
2594 769 2929 842 πληρώματι
2952 773 3040 825 ἐἴ
3063 785 3128 838 γε
3165 766 3242 839 μὴ
3277 767 3434 838 μόνον
3472 766 3626 836 φωνῇ
3666 764 3829 818 τοῦτο

2231 863 2502 934 λέγουσιν,
2548 862 2684 917 ἀλλά
2722 861 2818 918 καὶ
2863 860 3093 933 ἀληθεία
3148 858 3437 932 φρονοῦσιν
3486 858 3639 913 αὑτό.
3681 856 3829 930 Πρὸς

2232 956 2442 1021 τούτοις
2469 956 2552 1021 τὸ,
2604 975 2624 1007 ι
2653 959 2711 1009 ὲν
2759 955 3033 1027 πνεύματι
3076 953 3174 1006 καὶ
3245 951 3475 1024 ἀληθείᾳ
3509 969 3528 1004 ι
3583 967 3831 1021 πρόσκυσ-

2234 1050 2447 1105 νεῖσθαι
2473 1050 2564 1104 τὸν
2608 1049 2742 1102 Θεὸν
2768 1090 2784 1117 ,
2822 1047 3128 1120 ἡγούμενος
3161 1045 3308 1117 (58),
3349 1045 3536 1113 λέγει,
3585 1045 3669 1096 ὅτι
3716 1061 3735 1096 ι
3774 1044 3827 1096 oi

2236 1141 2495 1213 πρότεροι
2530 1141 2909 1213 προσκυνηταὶ
2939 1140 2999 1193 ὲν
3028 1138 3191 1210 σαρκὶ
3219 1137 3314 1191 καὶ
3346 1135 3522 1208 πλάνῃ
3554 1134 3833 1206 προσεκύ-

2232 1250 2357 1287 νουν
2385 1233 2467 1305 τῷ
2498 1233 2573 1305 μὴ
2607 1231 2815 1303 Πατρὶ,
2866 1230 3009 1285 ὥστε
3051 1231 3147 1285 καὶ
3194 1229 3392 1285 ταυτὸν
3442 1227 3829 1299 πεπλανῆσθαι

2234 1325 2444 1390 πάντας
2483 1326 2612 1390 τοὺς
2644 1323 3161 1397 προσκεκυνηκότας
3185 1321 3264 1393 τῷ
3291 1319 3639 1394 Δημιουργιῖν
3679 1338 3698 1371 ι
3730 1319 3829 1373 καὶ

2233 1417 2485 1490 ἐπιφέρει
2513 1434 2577 1485 γε
2604 1418 2634 1470 6
2675 1415 3025 1487 Ἡρακλέων,
3064 1414 3148 1467 ὅτι
3181 1412 3469 1485 ἑλάτρευον
3501 1414 3568 1482 τῇ
3604 1411 3782 1465 κτίσει
3806 1448 3829 1475 ,

2233 1510 2330 1564 καὶ
2359 1510 2418 1562 o6
2452 1508 2531 1580 τῷ
2564 1508 2685 1562 κατ’
2729 1507 2986 1580 ἀλήθειαν
3012 1504 3222 1576 Κτίστῃ
3242 1544 3257 1569 ,
3299 1505 3358 1567 ὃς
3406 1506 3523 1557 ἐστι
3567 1504 3832 1575 Χριστὸς,

2242 1619 2260 1651 ι
2277 1602 2334 1655 εἴ
2347 1616 2411 1668 γε
2436 1600 2615 1655 πάντα
2634 1599 2702 1653 δι’
2726 1599 2893 1653 αὑτοῦ
2923 1598 3164 1668 ἐγένετο,
3191 1596 3289 1651 καὶ
3311 1596 3482 1668 χωρὶς
3512 1594 3679 1650 αὑτοῦ
3701 1595 3829 1666 ὲγέ-

2234 1708 2359 1745 νετο
2379 1693 2555 1747 οὐδέν.
2590 1711 2610 1745 ι
2795 1703 2798 1707 ’

609 1813 701 1867 20.
737 1829 760 1863 ι
788 1808 1000 1865 Etenim
1036 1803 1204 1860 Pater
1245 1801 1382 1856 tales
1402 1795 1623 1868 quaerit,
1647 1792 1740 1864 qui
1772 1791 1956 1862 ipsum
1987 1785 2121 1843 ado-

2296 1784 2389 1839 20.
2426 1804 2444 1835 ι
2476 1784 2588 1838 Καὶ
2616 1783 2727 1857 γὰρ
2750 1786 2779 1839 6
2811 1785 3003 1858 Πατὴρ
3026 1785 3305 1849 τοιούτους
3332 1783 3488 1856 ζητεῖ
3505 1784 3634 1849 τοὺς
3660 1801 3829 1855 προσ-

545 1913 671 1960 rent
701 1903 770 1957 ”.
813 1918 836 1953 ι
864 1899 922 1954 Si
950 1895 1145 1967 quaerit
1172 1892 1356 1955 Pater,
1392 1904 1491 1961 per
1521 1886 1718 1942 Filium
1749 1882 1983 1954 qumrit,
2032 1878 2125 1948 qui

541 1994 692 2050 venit
717 1993 785 2048 ad
808 1988 1162 2061 quaerendum
1191 1993 1250 2039 et
1279 1982 1609 2039 servandum
1636 1976 1779 2048 quod
1808 1971 2127 2045 perierat":

541 2098 678 2155 quos
706 2080 1005 2151 puriﬁcaus
1027 2086 1084 2131 et
1110 2073 1369 2130 erudiens
1404 2072 1620 2127 ratione
1649 2078 1700 2123 et
1722 2066 1880 2121 sanis
1905 2064 2132 2132 dogma-

544 2153 713 2240 tibus,
769 2178 1043 2244 praeparat
1099 2181 1223 2229 esse
1277 2179 1437 2220 veros
1492 2162 1841 2216 adoratores.
1891 2153 2132 2211 Periisse

544 2279 726 2325 autem
746 2266 1051 2323 Heracleon
1089 2259 1270 2329 inquit
1314 2257 1369 2312 in
1406 2252 1680 2326 profunda
1715 2249 1947 2305 materia
1976 2260 2132 2302 erro-

544 2364 622 2417 ris
646 2376 758 2415 rem
791 2356 1120 2412 Familiarem
1156 2352 1329 2418 Patri,
1356 2363 1479 2419 quae
1507 2346 1792 2416 quaeritur,
1824 2351 1938 2396 uta
1972 2339 2130 2393 fami-

544 2453 776 2508 liaribus
805 2448 1086 2503 adoretur.
1108 2444 1298 2512 Itaque
1328 2441 1474 2495 hunc
1501 2435 1725 2507 quidem
1755 2446 2065 2489 sermonem
2085 2431 2129 2463 ιτ

547 2544 595 2598 si
628 2540 988 2597 intellexisset
1011 2536 1079 2593 de
1101 2535 1286 2592 ovium
1320 2530 1651 2602 perditione,
1699 2536 1756 2581 et
1797 2527 1865 2581 de
1898 2525 2010 2579 ﬁlio
2033 2523 2129 2594 qui

546 2636 614 2691 ab
643 2635 712 2689 iis
739 2646 863 2702 quae
893 2628 1064 2701 patris
1111 2633 1241 2682 sunt
1273 2623 1561 2686 deciderit,
1602 2619 1769 2691 23o
1805 2617 1997 2673 saltem
2030 2616 2131 2670 ad-

546 2722 1087 2793 misissemusipsius
1112 2715 1517 2774 enarrationem
1567 2729 1582 2767 :
1631 2713 1724 2767 sed
1755 2711 1943 2767 nescin
2001 2708 2133 2779 quid

547 2820 768 2875 tandem
825 2824 1015 2884 aperte
1057 2813 1289 2868 doceant
1341 2808 1410 2862 de
1467 2805 1774 2875 perditione
1825 2802 2139 2875 spiritualis

545 2922 780 2975 naturae,
811 2906 906 2977 qui
942 2905 1119 2975 ipsum
1150 2909 1459 2972 sequuntur
1486 2939 1504 2964 ,
1539 2898 1872 2962 fabulantes,
1902 2905 1960 2951 et
1996 2892 2134 2950 nihil

546 3010 792 3072 apertum
831 3011 932 3052 nos
960 2996 1224 3050 docentes
1260 2991 1331 3047 de
1364 2990 1585 3046 saeculis
1635 2988 1722 3044 vel
1765 2987 2132 3059 temporibus,

546 3108 670 3163 qua:
700 3092 856 3145 fuere
904 3097 1034 3143 ante
1085 3087 1259 3157 ipsam
1307 3082 1671 3155 perditionem
1717 3096 1731 3135 :
1768 3094 1946 3151 neque
1985 3080 2131 3135 enim

549 3183 903 3240 manifestare
945 3180 1131 3235 valent
1166 3178 1440 3232 rationem
1468 3188 1627 3230 suam
1662 3190 1679 3228 :
1711 3174 1856 3229 hanc
1893 3178 1963 3228 ob
2001 3187 2134 3228 cau-

545 3293 663 3333 sam
695 3272 1149 3347 prmtermisimus
1180 3271 1327 3342 ipsos
1366 3277 1600 3341 sponte,
1643 3268 1915 3322 hactenus
1955 3265 2138 3335 dispu-

549 3384 695 3427 tasse
724 3366 990 3425 contenti.

616 3465 710 3520 2i.
743 3482 765 3515 ι
799 3460 1040 3533 Spiritus
1073 3466 1159 3513 est
1194 3454 1363 3521 Deus,
1383 3462 1441 3509 et
1474 3466 1570 3508 eos
1596 3451 1691 3524 qui
1727 3451 1956 3506 adorant
1983 3463 2133 3512 eum,

547 3559 603 3613 in
630 3554 828 3624 spiritu
851 3561 906 3606 et
936 3549 1167 3605 veritate
1184 3556 1403 3617 oportet
1426 3545 1663 3602 adorare
1679 3543 1749 3599 ".
1776 3562 1797 3597 ι
1822 3542 1959 3599 Cum
1981 3542 2135 3596 multi

548 3649 722 3706 multa
741 3648 809 3702 de
839 3647 949 3700 Deo
971 3643 1148 3712 deque
1172 3637 1292 3707 ejus
1320 3639 1563 3694 essentia
1584 3636 1952 3700 enuntiarint,
2000 3635 2137 3690 adeo

549 3737 848 3810 utquidam
878 3733 1030 3789 illum
1059 3746 1357 3803 corporeae,
1386 3738 1441 3784 et
1465 3728 1667 3793 tenuis,
1690 3736 1747 3783 et
1767 3726 2009 3783 celestis
2035 3740 2137 3810 na—

551 3794 687 3886 turae
717 3827 980 3888 dixerint,
1013 3821 1108 3877 alii
1144 3823 1525 3891 incorporeas;
1556 3834 1774 3874 rursum
1823 3817 1917 3872 alii
1964 3794 2135 3873 Deuin

549 3925 651 3980 bas
685 3925 909 3977 naturas
947 3912 1345 3972 transcendere
1386 3911 1635 3967 dixerint
1676 3910 1920 3982 potentia
1951 3920 2006 3964 et
2040 3923 2139 3965 ex-

547 4012 807 4072 cellentia
828 4008 1089 4066 essentia:
1124 4019 1457 4075 sua,operaz
1484 4002 1726 4074 pretium
1754 4011 1846 4059 est
1874 4011 1931 4057 ut
1952 4001 2140 4057 videa-

552 4122 674 4163 mus
706 4120 777 4159 an
825 4119 856 4158 a
888 4098 1200 4171 Scripturis
1234 4095 1440 4152 divinis
1497 4095 1798 4151 habeamus
1829 4108 2027 4150 causas
2070 4093 2139 4150 ad

553 4197 843 4253 dicendum
859 4192 1062 4264 aliquid
1086 4192 1160 4248 de
1176 4188 1271 4246 Dei
1296 4187 1561 4253 essentia.
1589 4190 1767 4257 Atque
1791 4187 1894 4242 hoc
1918 4185 2138 4256 quidem

554 4292 761 4347 inloco
789 4286 991 4342 dlcitur
1041 4282 1197 4354 quasi
1243 4279 1482 4337 essentia
1519 4277 1638 4347 ejus
1686 4292 1812 4359 esse
1860 4277 2088 4349 spiritus
2119 4269 2173 4331 τ’

557 4404 582 4438 ι
612 4381 852 4452 Spiritus
887 4377 1035 4432 enim
1074 4384 1164 4430 est
1203 4373 1351 4428 Deus
1375 4412 1390 4439 ,
1427 4388 1447 4423 ι
1480 4370 1700 4439 inquit;
1733 4370 1786 4425 in
1838 4370 1959 4441 lege
2004 4383 2138 4425 vero

554 4476 701 4547 ignis
721 4472 960 4527 dicitur:
998 4467 1264 4537 scriptum
1285 4475 1373 4521 est
1407 4464 1558 4520 enim
1585 4465 1631 4497 ”
1665 4478 1680 4515 :
1714 4480 1733 4514 ι
1774 4461 1918 4517 Deus
1948 4469 2141 4517 noster

554 4567 697 4640 ignis
722 4575 1058 4621 consumens
1102 4566 1190 4615 est
1231 4573 1251 4624 ;
1288 4576 1309 4611 ι
1351 4558 1495 4628 apud
1525 4556 1791 4612 Joannem
1836 4569 1968 4610 vero
1995 4553 2086 4609 lux
2121 4568 2137 4601 :

560 4680 581 4713 ι
623 4662 766 4715 Deus
798 4655 971 4718 enim,
1001 4653 1200 4723 inquit,
1232 4650 1325 4707 lux
1354 4658 1462 4714 est,
1491 4660 1546 4705 et
1579 4649 1818 4704 tenebras
1844 4648 1898 4703 in
1933 4660 2003 4703 eo
2035 4660 2142 4701 non

556 4759 683 4807 sunt
712 4748 836 4804 ulla:
855 4747 923 4802 ".
956 4764 976 4800 ι
1002 4745 1060 4800 Si
1079 4759 1209 4815 ergo
1230 4741 1532 4813 simplicius
1548 4740 1664 4795 haec
1685 4738 2142 4804 intellexerimus,

558 4842 696 4898 nihil
728 4841 870 4896 ultra
907 4837 1148 4893 litteram
1194 4841 1627 4904 perscrutantes,
1660 4830 2014 4888 occasionem
2043 4830 2141 4885 ha-

556 4932 811 4990 bebimus
839 4926 1054 4984 dicendi
1102 4924 1270 4981 Deum
1313 4937 1438 4980 esse
1462 4936 1684 4992 corpus,
1728 4936 1856 4979 cum
1898 4921 2142 4986 interim,

557 5038 683 5094 quae
702 5036 802 5076 nos
826 5026 1124 5089 sequantur
1150 5015 1387 5072 absurda
1425 5014 1532 5071 hoc
1558 5013 1806 5068 dicentes
1831 5012 2142 5082 vulgarium

558 5132 667 5170 non
689 5115 762 5170 sit
794 5126 1022 5167 cernere
1048 5125 1064 5163 :
1098 5109 1228 5180 quia
1264 5106 1429 5177 pauci
1460 5105 1826 5162 disseruerint
1846 5106 1915 5160 de
1952 5118 2147 5174 corpo-

560 5222 684 5263 rum
709 5215 928 5271 natura,
956 5210 1014 5258 et
1047 5201 1286 5257 maxime
1315 5201 1384 5258 de
1420 5200 1509 5257 bis
1546 5199 1874 5271 corporibus
1899 5214 2022 5271 qua:
2048 5214 2143 5254 or-

634 5349 680 5382 ²³
705 5347 864 5403 Joan.
892 5360 968 5411 tv,
997 5342 1090 5400 25.
1150 5345 1197 5377 ⁸⁸
1225 5342 1380 5400 Joan.
1414 5358 1457 5408 t,
1481 5341 1538 5397 5.
1594 5410 1599 5411 ί
1631 5342 1677 5374 ’⁸
1707 5340 1865 5411 Joan.
1886 5354 1971 5411 tv,
2005 5338 2097 5395 25.

560 5421 652 5477 24.
747 5420 793 5451 ³³
830 5409 1093 5483 Deut.‘tv,
1116 5414 1189 5471 24
1218 5432 1234 5482 ;
1269 5414 1433 5469 Hebr.
1457 5428 1555 5480 xu,
1579 5410 1673 5470 29.
1753 5410 1799 5443 ⁸⁸
1828 5411 1846 5466 Ι
1876 5409 2037 5466 Joan.
2061 5426 2102 5477 ι,
2132 5410 2189 5469 5.

636 5558 752 5629 (58)
811 5556 1197 5627 Ἦγούμενος.
1262 5553 1507 5627 Legebat
1558 5552 1846 5610 Ferrarius
1916 5551 2141 5626 διηγούη

478 5758 493 5771 ,
778 5701 848 5753 Et
878 5696 1053 5767 ζητεῖ.
1086 5696 1180 5753 Sic
1208 5697 1381 5754 codex
1411 5695 1771 5752 Bodleianus:
1796 5691 2022 5765 Regius,
2053 5694 2145 5746 ὲκ-

2233 1878 2529 1944 κυνοῦντας
2564 1879 2747 1935 αὐτόν.
2790 1898 2808 1930 ι
2858 1880 2919 1932 El
2956 1880 3112 1950 ζητεῖ
3139 1879 3250 1950 (59)
3274 1880 3304 1932 6
3337 1878 3548 1951 Πατὴρ,
3591 1876 3681 1931 διὰ
3729 1876 3827 1931 τοῦ

2234 1970 2365 2024 Υἱοῦ
2397 1970 2555 2043 ζητεί
2577 2010 2592 2036 ,
2641 1971 2737 2024 τοῦ
2782 1971 3105 2043 ἐληλυθότος
3159 1972 3391 2044 ζητῆσαι
3423 1973 3519 2024 καὶ
3556 1970 3727 2024 σῶσαι
3765 1971 3831 2024 τὸ

2231 2063 2512 2129 ἀπωλολὸς
2535 2106 2550 2131 ,
2609 2064 2866 2128 οὕστινας
2917 2064 3200 2137 καθαίρων
3268 2065 3363 2118 καὶ
3424 2062 3694 2117 παιδεύων
3748 2063 3843 2135 τῷ,

2230 2154 2375 2227 λόγῳ
2408 2156 2503 2210 καὶ
2530 2158 2643 2220 τοῖς
2684 2154 2860 2225 ὑγιέσι
2881 2155 3134 2226 δόγμασι,
3169 2152 3565 2218 κατασκευάζει
3606 2152 3829 2224 ἀληθεῖς

2230 2248 2359 2312 τοὺς
2398 2248 2807 2320 προσκυνητάς.
2856 2247 3219 2301 ’Δπολωλέναι
3252 2246 3311 2300 δέ
3354 2264 3518 2319 φησιν
3562 2249 3593 2300 6
3656 2247 3827 2317 Ἦρα-

2232 2338 2406 2391 κλέων
2451 2339 2510 2393 ἐν
2549 2340 2618 2410 τῇ
2663 2337 2855 2410 βαθείᾳ
2889 2336 2992 2411 ὕλῃ
3023 2338 3124 2409 τῆς
3157 2337 3367 2408 πλάνης
3413 2337 3474 2390 τὸ
3516 2340 3716 2392 οίκεῖον
3747 2337 3834 2410 τῷ

2233 2429 2432 2502 Πατρὶ,
2465 2430 2602 2502 ὅπερ
2631 2427 2898 2502 ζητεῖται,
2924 2429 3011 2483 ἵνα
3053 2431 3082 2483 6
3125 2429 3317 2500 Πατὴρ
3343 2428 3450 2482 ύπὸ
3479 2428 3590 2482 τῶν
3612 2429 3829 2482 οίκείων

2234 2522 2630 2598 προσκυνῆται.
2652 2523 2716 2576 El
2746 2523 2844 2594 μὲν
2873 2517 2967 2576 οῦν
2993 2522 3141 2595 ἑώρα
3166 2522 3259 2577 τὸν
3281 2521 3413 2594 περὶ
3431 2522 3532 2594 τῆς
3553 2521 3831 2585 ἀπωλείας

2235 2616 2344 2670 τῶν
2371 2615 2662 2688 προϐάτων
2690 2615 2872 2685 λόγον,
2903 2615 3000 2669 καὶ
3028 2614 3125 2668 τοῦ
3166 2614 3539 2677 ἀποπεσόντος
3576 2613 3687 2666 τῶν
3734 2612 3834 2667 τοῦ

2235 2708 2441 2781 πατρὸς
2483 2706 2603 2760 υἱοῦ
2623 2748 2640 2773 ,
2675 2706 2777 2761 κᾶν
2808 2705 3191 2777 ἀπεδεξάμεθα
3220 2705 3388 2760 αὑτοῦ
3417 2705 3517 2776 τὴν
3553 2705 3832 2777 διήγησιν.

2248 2803 2403 2859 Ἐπεὶ
2436 2802 2493 2856 δὲ
2534 2799 2961 2875 μυθοποιοῦντες
2993 2801 3044 2854 οί
3078 2799 3187 2854 ἀπὸ
3222 2800 3324 2872 τῆς
3359 2798 3588 2872 γνώμης
3617 2798 3783 2852 αὑτοῦ
3809 2838 3837 2868 ,

2234 2895 2336 2949 οὐκ
2366 2892 2463 2949 οἷδ’
2506 2895 2536 2949 ὅ
2567 2912 2622 2949 τι
2657 2893 2794 2948 ποτὲ
2837 2893 3050 2965 τρανῶς
3088 2895 3392 2967 παριστᾶσι
3422 2892 3534 2964 (60)
3565 2893 3695 2964 περὶ
3730 2892 3832 2963 τῆς

2234 2986 2579 3050 ἀπολωλυίας
2626 2985 3005 3057 πνευματικῆς
3060 2984 3277 3054 φύσεως
3303 3023 3319 3048 ,
3358 2983 3512 3038 οὐδὲν
3558 2982 3728 3053 σαφὲς
3753 2982 3834 3035 δι-

2233 3077 2526 3142 δάσκοντες
2561 3079 2710 3150 ἡμᾶς
2748 3077 2877 3148 περὶ
2920 3076 3030 3129 τῶν
3066 3076 3173 3147 πρὸ
3211 3076 3313 3147 τῆς
3359 3073 3633 3138 ἀπωλείας
3660 3072 3835 3145 αὐτῆς

2235 3170 2467 3243 χρόνων,
2501 3169 2534 3242 ἢ
2571 3168 2816 3225 αἰώνων·
2852 3167 2977 3223 οὐδὲ
3010 3167 3120 3239 γὰρ
3155 3167 3388 3241 τρανοῦν
3414 3165 3671 3221 δύνανται
3703 3164 3835 3218 ἐαυ-

2233 3267 2346 3321 τῶν
2394 3265 2487 3319 τὸν
2539 3263 2727 3333 λόγον·
2770 3262 2862 3317 διὰ
2917 3261 3080 3316 τοῦτο
3129 3261 3330 3325 αὐτοὺς
3389 3261 3610 3326 ἑκόντες
3660 3277 3835 3334 παρα-

2236 3354 2569 3429 πεμψόμεθα
2590 3396 2606 3418 ,
2629 3354 2887 3409 τοσοῦτον
2916 3355 3387 3428 ὲπαπορήσαντες.

2306 3448 2399 3502 21.
2426 3466 2447 3499 ι
2480 3446 2707 3519 Πνεῦμα
2743 3449 2772 3501 ὁ
2799 3446 2956 3511 Θεὸς,
2979 3446 3076 3500 καὶ
3100 3447 3227 3509 τοὺς
3263 3444 3708 3520 προσκυνοῦντας
3735 3447 3839 3501 αὐ-

2236 3540 2352 3606 τὸν,
2381 3541 2444 3595 ὲν
2467 3539 2744 3612 πνεύματι
2773 3540 2874 3595 καὶ
2898 3538 3130 3612 ἀληθείᾳ
3148 3539 3230 3592 δεῖ
3256 3541 3615 3611 προσκυνεῖν.
3647 3558 3667 3591 ι
3697 3540 3836 3592 Πολ-

2238 3631 2347 3685 λῶν
2376 3630 2550 3685 πολλά
2587 3631 2718 3703 περὶ
2750 3628 2846 3684 τοῦ
2877 3629 3014 3683 Θεοῦ
3060 3630 3505 3702 ἀποφηναμένων
3531 3672 3545 3698 ,
3585 3629 3681 3684 καί⁵
3732 3630 3836 3700 τῆς

2239 3724 2429 3787 οὐσίας
2463 3720 2651 3787 αὐτοῦ,
2702 3721 2845 3777 ὥστε
2881 3720 3036 3786 τινάς
3069 3721 3168 3792 μὲν
3200 3721 3481 3794 εἰρηκέναι
3526 3721 3623 3776 καὶ
3672 3721 3837 3775 αὑτὸν

2241 3814 2354 3887 (6i)
2414 3814 2739 3886 σωματικῆς
2782 3814 3001 3886 φύσεως
3034 3814 3410 3886 λεπτομεροῦς
3452 3814 3549 3868 καὶ
3601 3813 3835 3884 αἰθερώ-

2239 3907 2385 3972 δους,
2414 3906 2567 3970 τινὰς
2595 3907 2654 3960 δὲ
2682 3905 3016 3978 ἀσωμάτου,
3072 3907 3168 3960 καὶ
3207 3906 3406 3971 ἄλλους
3448 3907 3590 3978 ὑπὲρ
3653 3909 3857 3971 ἐκεῖνα¹

2239 3998 2428 4064 οὐσίας
2466 3999 2738 4072 πρεσϐεία
2778 4000 2873 4053 καὶ
2928 3998 3201 4071 δυνάμει,
3256 3998 3406 4064 ἄξιον
3438 4001 3587 4071 ἡμᾶς
3622 3999 3748 4054 ίδεϊν
3786 4000 3836 4052 εί

2241 4092 2438 4164 ἔχομεν
2487 4092 2744 4164 ἀφορμὰς
2787 4092 2897 4146 ἀπὸ
2955 4092 3064 4146 τῶν
3123 4092 3285 4149 θείων
3318 4091 3554 4163 Γραφῶν
3598 4094 3736 4163 πρὸς
3774 4092 3842 4146 τὸ

2242 4186 2418 4238 εἰπεῖν
2454 4200 2509 4238 τι
2547 4185 2677 4256 περὶ
2722 4184 2914 4248 οὐσίας
2941 4182 3101 4239 Θεοῦ.
3155 4183 3375 4238 Ἐνθάδε
3410 4185 3511 4255 μὲν
3549 4178 3644 4237 οὖν
3678 4183 3837 4253 λέγε-

2240 4293 2332 4331 ται
2359 4277 2526 4330 οἱονεὶ
2549 4276 2711 4332 οὐσία
2740 4272 2880 4331 εἶναι
2909 4276 3075 4330 αὐτοῦ
3100 4275 3163 4330 τὸ
3196 4274 3415 4344 πνεῦμα
3441 4293 3456 4306 ·
3499 4294 3518 4329 ι
3558 4275 3787 4347 Πνεῦμα
3812 4295 3834 4328 ι

2243 4369 2354 4442 γὰρ
2374 4388 2393 4421 ι
2422 4369 2620 4435 ὁΘεὸς,
2642 4388 2663 4422 t
2692 4370 2858 4441 φησίν
2874 4387 2887 4399 ·
2914 4370 2973 4424 ἐν
2999 4369 3057 4424 δὲ
3078 4368 3155 4441 τῷ
3178 4370 3350 4441 Νόμῳ
3370 4368 3503 4441 ιιιῦρ⁸
3527 4368 3838 4441 γέγραπται

2243 4461 2372 4533 γάρ⁸
2400 4480 2419 4513 ι
2442 4461 2500 4516 '0
2525 4460 2657 4525 Θεὸς
2683 4460 2841 4531 ἡμῶν
2867 4459 2979 4532 πῦρ
3010 4459 3477 4514 καταναλίσκονί
3504 4460 3656 4532 παρά
3674 4459 3730 4512 δὲ
3758 4457 3839 4529 τῷ

2257 4551 2644 4625 Ἰωάννῃφῶς·
2670 4572 2689 4604 ι
2729 4554 2788 4607 '0
2815 4553 2948 4617 Θεὸς
2972 4572 2991 4604 ι
3016 4553 3147 4625 γὰρ,
3177 4551 3333 4624 φησὶ,
3367 4569 3386 4604 ι
3417 4550 3535 4623 φῶς
3570 4553 3709 4616 ὲστι,
3742 4551 3840 4606 καὶ

2248 4645 2439 4700 σκοτία
2467 4647 2526 4700 ὲν
2557 4645 2708 4717 αὐτῷ
2749 4646 2852 4700 οὐκ
2884 4645 3032 4699 ἔστιν
3083 4644 3332 4717 οὐδεμία.
3366 4662 3385 4696 ι
3438 4643 3565 4699 Ἑάν
3610 4645 3708 4716 μὲν
3742 4639 3840 4701 οὖν

2248 4737 2619 4810 ἁπλούστερον
2671 4738 2881 4793 τούτων
2918 4739 3274 4811 ἀκούσωμεν,
3323 4737 3492 4810 μηδὲν
3538 4738 3686 4810 πέρα
3738 4738 3840 4809 τῆς

2247 4830 2447 4898 λέξεως
2510 4830 3000 4904 περιεργαζόμενοι
3026 4872 3043 4897 ,
3104 4831 3226 4903 ὥρα
3263 4834 3397 4905 ἡμῖν
3444 4830 3625 4902 λέγειν
3680 4830 3840 4902 σῶμα

2249 4918 2389 4977 εἶναι
2436 4922 2530 4978 τὸν
2579 4924 2761 4978 Θεόν·ι
2792 4924 2915 4979 τίνα
2979 4923 3033 4978 δὲ
3095 4925 3246 4997 ἡμᾶς
3308 4923 3611 4995 διαδέχεται
3661 4922 3841 4977 ἄτοπα

2250 5016 2409 5070 τοῦτο
2444 5016 2701 5086 λέγοντας
2743 5016 2804 5070 οὺ
2852 5016 2965 5070 τῶν
3003 5015 3216 5070 πολλῶν
3251 5017 3403 5071 ἐστὶν
3440 5017 3674 5071 εἰδέναι·
3723 5014 3841 5068 ὀλί-

2252 5127 2340 5180 γοι
2389 5110 2499 5182 γὰρ
2550 5110 2860 5183 διειλήφασι
2927 5112 3056 5183 περὶ
3099 5111 3201 5182 τῆς
3243 5110 3353 5164 τῶν
3408 5111 3677 5182 σωμάτων
3734 5106 3841 5177 φύ-

2256 5217 2395 5267 σεως
2419 5241 2436 5267 ,
2495 5202 2592 5255 καὶ
2632 5201 2868 5274 μάλιστα
2914 5200 3023 5255 τῶν
3075 5200 3181 5255 ὑπὸ
3229 5198 3391 5271 λόγου
3433 5201 3530 5254 καὶ
3582 5198 3843 5271 προνοίας

2205 5338 2251 5372 ’⁸
2278 5340 2409 5399 Luc.
2442 5357 2559 5410 nx,
2588 5342 2678 5397 to.
2756 5341 2801 5373 ’⁷
2837 5339 2970 5397 Luc.
2998 5356 3091 5405 xv.
3123 5341 3177 5410 4,
3211 5341 3269 5396 il
3299 5354 3417 5411 seq.
3489 5338 3537 5372 "
3560 5336 3722 5394 Joan.
3761 5352 3840 5405 tv,

2325 5546 2437 5621 (60)
2464 5545 2649 5604 Codex
2684 5545 2886 5617 Regius
2936 5546 3257 5616 παριστᾶσι,
3308 5540 3633 5597 Bodleianus
3680 5551 3843 5609 περι-

2488 5686 2672 5745 Codex
2722 5686 3046 5744 Bodleianns
3111 5685 3207 5739 καὶ
3250 5681 3448 5751 αὐτόν,
3495 5678 3695 5752 Regius
3743 5672 3845 5733 καὶ

2255 5776 2287 5813 τ
2320 5776 2369 5815 ν.
