4170 6398
357 383 467 439 ιεδ

1427 383 1792 441 COMMENT.
1834 381 1898 436 IN
1935 380 2124 438 JOAN.
2170 381 2410 438 TOMUS
2447 380 2588 438 XIII.

3516 390 3621 445 43i-

353 500 920 571 κατακοσμουμένων·
975 500 1155 555 καίτοι
1189 503 1250 555 τὸ
1302 503 1564 574 προνοοῦν
1616 503 1718 573 τῆς
1776 501 1915 572 αὑτῆ

2049 511 2247 556 nantur
2278 503 2492 558 ratione
2539 509 2593 557 et
2631 501 2971 572 providentia
2999 519 3014 556 :
3040 516 3346 574 quanquam
3383 511 3620 578 generali

352 593 547 656 οὗσίας
595 593 848 661 λέγοντες
905 589 1044 648 εἶναι
1097 597 1210 659 τοῖς
1263 597 1682 666 προνοουμένοις
1739 594 1946 664 γενι-κῷ

349 683 494 753 λόγῳ
519 700 534 716 ·
586 683 793 736 τέλειον
843 685 994 755 ὅμως
1053 687 1147 740 καὶ
1196 687 1406 740 ἀλλοῖον
1458 687 1554 741 τοῦ
1609 686 1946 757 προνοουμέ-

348 795 442 831 νου
478 777 615 848 (62).
653 778 1029 849 Παρεδέξαντο
1070 779 1128 832 δὲ
1171 779 1240 832 τὰ
1289 781 1614 834 ἀπαντῶντα
1669 779 1748 850 τῷ
1800 778 1944 848 λόγῳ

352 871 536 925 αὐτῶν
567 871 745 924 ἄτοπα
778 873 827 924 οί
880 871 1126 935 θέλοντες
1170 870 1311 926 εἶναι
1345 873 1505 944 σῶμα
1533 872 1623 925 τὸν
1649 871 1782 924 Θεὸν
1808 869 1940 941 (65),

350 962 448 1016 ᾶτε
481 960 554 1032 μὴ
585 961 872 1032 δυνάμενοι
896 963 1239 1017 ἀντιϐλέπειν
1262 965 1328 1016 ὲκ
1349 963 1510 1032 λόγου
1536 963 1783 1034 ἐναργῶς
1801 978 1944 1033 παρ-

350 1054 660 1124 ισταμένοις
698 1054 1043 1126 (61).Ταῦτα
1092 1055 1150 1109 δέ
1194 1073 1338 1128 φημι
1400 1056 1524 1109 καθ’
1591 1054 1939 1124 ὑπεξαίρεσιν

344 1144 456 1200 τῶν
501 1144 760 1215 πέμπτην
810 1145 1076 1214 λεγόντων
1119 1142 1258 1200 εἶναι
1301 1146 1464 1216 φύσιν
1513 1146 1628 1217 (65)
1672 1144 1940 1216 σωμάτων

344 1236 499 1308 παρά
522 1235 591 1289 τὰ
627 1238 885 1306 στοιχεῖα.
917 1237 980 1289 Εἰ
1006 1237 1064 1289 δὲ
1092 1238 1200 1290 πᾶν
1229 1237 1388 1310 σῶμα
1420 1237 1602 1292 ὑλικὸν
1627 1236 1741 1307 ἔχει
1779 1235 1938 1304 φύσιν

342 1327 423 1399 τῷ
456 1328 571 1398 ἰδίῳ
595 1327 738 1398 λόγῳ
770 1327 960 1381 ἄποιον
992 1329 1277 1400 τυγχάνον,
1320 1330 1559 1403 τρεπτὴν
1591 1329 1649 1382 δὲ
1671 1369 1685 1392 ,
1714 1329 1808 1381 καὶ¹
1843 1327 1938 1382 ἀλ-

344 1421 607 1492 λοιωτὴν,
649 1424 744 1477 καὶ
787 1424 855 1478 δι’
901 1424 1040 1478 ὅλων
1075 1422 1424 1494 μεταϐλητὴν
1449 1462 1464 1487 ,
1495 1423 1591 1475 καὶ
1643 1421 1936 1490 ποιότητας

343 1512 650 1584 χωροῦσαν,
669 1513 752 1577 ἃς,
775 1515 872 1569 ὲάν
910 1515 1167 1587 βούληται
1206 1515 1344 1585 αὐτῇ
1393 1513 1726 1584 περιτιθέναι
1764 1513 1792 1563 ὁ
1832 1512 1937 1582 Δη-

347 1603 638 1675 μιουργὸς,
665 1605 881 1678 ἀνάγκη
912 1606 1007 1659 καὶ
1030 1605 1123 1659 τὸν
1147 1605 1280 1659 Θεὸν
1326 1605 1508 1658 ὑλικὸν
1542 1604 1671 1657 ὄντα
1700 1602 1936 1674 τρεπτὸν

342 1691 514 1758 εἶναι,
555 1697 650 1750 καὶ
690 1697 980 1751 ἀλλοιωτὸν
1000 1739 1016 1762 ,
1052 1699 1149 1752 καὶ
1200 1695 1556 1768 μεταϐλητὼ.
1593 1696 1704 1749 Kal.
1735 1695 1935 1749 ἐκεῖνοι

343 1787 446 1858 μὲν
471 1789 573 1842 οὐκ
604 1787 876 1844 αἰδοῦνται
905 1789 1107 1859 λέγειν,
1133 1791 1216 1844 ὅτι
1241 1790 1334 1844 καὶ
1358 1789 1597 1862 φθαρτὸς
1627 1789 1743 1841 ἐστι
1771 1787 1932 1858 σῶμα

2046 608 2300 648 sermone
2335 595 2516 648 dicant
2539 594 2910 664 providentem
2939 602 2994 648 et
3031 597 3446 665 prospicientem
3473 601 3622 669 eius-

2043 685 2166 738 dem
2209 688 2464 741 essentia:
2515 701 2642 742 esse
2694 701 2815 740 cum
2859 686 2946 740 his
2993 687 3197 756 quibus
3252 692 3618 761 pr03picitur;

2044 777 2346 846 perfectum
2395 787 2578 833 tamen
2623 789 2680 835 et
2709 779 2982 834 diversum
3025 781 3094 834 ab
3131 796 3198 836 eo
3231 785 3319 838 cui
3351 787 3620 853 prOSpici-

2044 878 2151 924 tur.
2197 870 2556 926 Admiserunt
2601 881 2807 938 autem,
2863 889 2984 944 quae
3018 878 3391 946 repugnabant
3419 879 3616 931 rationi

2043 959 2306 1026 ipsorum,
2353 961 2616 1023 absurda.
2657 963 2748 1032 qui
2784 965 2975 1020 volunt
3018 965 3184 1020 Deum
3226 982 3347 1022 esse
3396 982 3620 1038 corpus.

2042 1050 2200 1120 231
2232 1049 2358 1120 quia
2394 1067 2499 1106 non
2532 1052 2778 1108 valerent
2805 1065 2991 1111 contra
3027 1071 3121 1112 eos
3137 1059 3228 1128 qui
3259 1059 3541 1114 evidenter
3563 1071 3619 1117 et

2042 1140 2442 1206 rationabiliter
2465 1145 2800 1212 pugnabant,
2828 1148 3088 1203 resistere
3115 1167 3129 1203 :
3161 1164 3282 1218 quae
3316 1151 3436 1204 dico
3463 1151 3617 1206 exci-

2039 1231 2236 1296 piendo
2261 1246 2358 1287 eos
2386 1233 2478 1302 qui
2510 1233 2756 1301 quintam
2806 1247 3058 1291 naturam
3085 1252 3377 1307 corporum
3416 1248 3614 1308 praeter

2038 1323 2308 1379 elementa
2337 1336 2462 1377 esse
2492 1323 2705 1379 dicunt.
2733 1323 2886 1390 Quod
2919 1325 2966 1380 si
3009 1341 3174 1382 omne
3207 1343 3406 1398 corpus
3439 1340 3610 1384 mate-

2039 1413 2176 1470 riale
2203 1423 2454 1469 naturam
2482 1414 2647 1469 habet
2680 1418 2900 1486 propria
2937 1418 3149 1472 ratione
3196 1420 3315 1474 sine
3344 1420 3612 1490 qualitate

2037 1506 2329 1571 exsistens,
2356 1504 2661 1562 vertibilem
2718 1520 2924 1574 autem,
2947 1517 3001 1563 et
3048 1509 3386 1566 alterabilem
3428 1521 3483 1568 et
3512 1528 3611 1582 per

2036 1597 2222 1651 omnia
2253 1597 2594 1664 mutabilem,
2620 1607 2677 1654 et
2703 1600 2996 1668 qualitates
3029 1603 3336 1672 capientem
3363 1619 3502 1674 quas
3534 1605 3608 1658 illi

2037 1687 2224 1741 mundi
2276 1685 2473 1756 Opilex
2507 1686 2826 1756 imprimere
2879 1691 3137 1759 voluerit,
3169 1694 3333 1748 etiam
3383 1710 3612 1750 necesse

2035 1787 2123 1834 est
2155 1778 2330 1834 Deum
2363 1779 2700 1834 materialem
2723 1782 3103 1851 exsistentem,
3139 1785 3440 1840 vertibilem
3466 1803 3608 1855 esse,

340 1855 450 1944 ῶν,
481 1879 641 1951 σῶμα
673 1881 732 1935 δὲ
759 1855 1131 1952 πνευματικὸν
1154 1922 1169 1946 ,
1211 1881 1307 1936 καὶ
1338 1855 1664 1952 αἰθερῶδες,
1699 1855 1919 1951 μάλιστα

2037 1880 2092 1926 et
2120 1869 2482 1936 alterabilem,
2527 1880 2584 1925 et
2622 1871 2974 1940 mutabilem;
3012 1883 3068 1928 et
3097 1875 3221 1930 illos
3251 1878 3471 1944 quidem
3502 1895 3608 1934 non

341 1970 484 2024 κατά
509 1970 570 2022 τὸ
592 1972 919 2042 ἡγεμονικὸν
942 1971 1109 2026 αὐτοῦ
1129 1987 1143 2001 ⁶
1179 1971 1418 2043 φθαρτὸν
1451 1971 1508 2024 δὲ
1527 1971 1656 2025 ὄντα
1683 1969 1758 2042 μὴ
1786 1970 1936 2040 φθεί-

343 2061 531 2133 ρεσθαι
553 2061 630 2133 τῷ
664 2063 739 2135 μὴ
763 2059 903 2119 εἶναι
936 2065 1028 2119 τὸν
1069 2064 1360 2135 φθείροντα
1394 2063 1505 2134 (66)
1541 2063 1703 2117 αὑτὸν
1743 2062 1935 2131 λέγου-

340 2167 445 2204 σιν.
489 2151 682 2222 Ἡμεῖς
704 2153 782 2218 δὲ,
813 2153 901 2208 διά
938 2155 1000 2208 τὸ
1035 2153 1110 2224 μὴ
1144 2155 1280 2224 ὁρᾷν
1326 2153 1428 2218 τὰς
1459 2152 1805 2218 ἀκολουθίας,
1838 2153 1934 2206 ἐὰν

341 2242 500 2314 σῶμα
527 2245 689 2300 αὑτὸν
719 2246 970 2315 λέγοντες
1001 2247 1136 2319 (67),
1171 2247 1268 2301 καὶ
1297 2245 1388 2300 διὰ
1425 2247 1526 2317 τὴν
1559 2244 1786 2316 Γραφὴν
1824 2261 1936 2296 τοι-

338 2334 494 2390 οῦτόν
521 2354 572 2390 τι
600 2338 760 2410 σῶμα
779 2379 795 2403 ,
830 2339 1046 2410 πνεῦμα
1064 2381 1079 2404 ,
1111 2340 1205 2394 καὶ
1239 2337 1352 2411 πῦρ
1381 2338 1798 2400 καταναλίσκον,
1833 2337 1928 2391 καὶ

340 2427 474 2497 φῶς,
505 2430 567 2483 τὸ
594 2431 907 2500 ἀναγκαίως
931 2432 1040 2504 (68)
1065 2432 1330 2503 ἑπόμενον
1351 2430 1562 2495 τούτοις
1587 2430 1663 2501 μὴ
1693 2427 1928 2500 παραδε-

409 2583 521 2656 (62)
560 2585 754 2656 Ὅμως
785 2586 886 2656 καί
915 2585 1169 2641 ἀλλοῖον
1207 2585 1315 2641 τοῦ
1346 2582 1924 2656 ιτρονοουιιένου.]ίει

340 2650 539 2726 legitur
570 2650 833 2726 in'codice
865 2655 1194 2723 Bodleiano;
1243 2657 1298 2711 in
1350 2650 1522 2726 Regio
1572 2650 1776 2720 autem,
1808 2652 1925 2708 ἀλλ’

337 2717 531 2796 οἷόντὸ
555 2723 972 2796 προνοούμενον.

410 2792 522 2867 (65)
557 2792 621 2867 Οζ
661 2792 943 2867 θέλοντες
981 2793 1136 2852 εἶναι
1185 2796 1360 2867 σῶμα
1404 2795 1514 2850 τὸν
1563 2797 1712 2850 Θιειόι⁹
1734 2835 1750 2860 ,
1802 2805 1910 2867 etc.

339 2859 542 2935 Eadem
586 2864 847 2935 Origenes
887 2859 1302 2922 ratiocinatione
1346 2867 1517 2922 utitur
1553 2867 1650 2922 lib.
1694 2859 1742 2921 ιι
1771 2865 1911 2934 Περὶ

338 2927 564 3008 ἀρχῶν,
603 2927 723 3003 cap.
758 2935 792 2988 4
815 2951 830 2987 :
853 2953 872 2986 ι
894 2936 948 2989 Si
979 2951 1172 3005 corpus
1194 2951 1319 3008 esse
1351 2936 1730 3008 pronuntietur
1752 2927 1911 3002 Deus,

340 3005 596 3075 quoniam
625 3019 788 3058 omne
821 3019 1018 3075 corpus
1041 3021 1109 3061 ex
1132 3005 1364 3062 materia
1394 3017 1499 3072 est,
1533 3007 1840 3061 invenietur
1859 3013 1915 3060 et

339 3071 482 3126 Deus
515 3087 650 3146 esse
691 3091 760 3129 ex
802 3071 1034 3146 materia
1083 3092 1097 3130 τ
1136 3078 1282 3146 quod
1311 3078 1357 3131 si
1407 3071 1491 3130 ex’
1523 3077 1752 3131 materia
1798 3080 1868 3130 slt
1897 3117 1911 3140 ,

339 3141 562 3217 materia
587 3153 765 3217 autem
799 3144 918 3217 sine
943 3147 1106 3200 dubio
1127 3141 1502 3217 corruptibilis
1527 3155 1628 3217 est,
1660 3148 1765 3200 erit
1785 3161 1914 3216 ergo

336 3211 445 3280 iam
478 3213 776 3268 secundum
797 3215 918 3269 illos
945 3211 1313 3284 corruptibilis
1338 3218 1499 3274 Deus.
1531 3235 1549 3268 ι
1575 3215 1619 3268 Α
1645 3217 1752 3271 Deo
1779 3211 1913 3284 quo-

335 3295 444 3352 que
482 3296 682 3352 corpus
717 3284 992 3348 abjudicat
1036 3285 1229 3339 liomil.
1265 3286 1288 3339 I
1336 3296 1392 3341 et
1420 3287 1454 3341 3
1493 3289 1548 3340 in
1587 3285 1804 3349 Genet.
1844 3298 1900 3340 et

335 3350 632 3409 Comment.
663 3355 718 3408 in
751 3353 962 3409 Cautio.
1003 3365 1060 3410 et
1098 3356 1194 3409 lib.
1235 3371 1288 3410 v1
1325 3367 1512 3410 contra
1544 3355 1771 3411 Celsum.
1803 3356 1910 3414 Sed

335 3423 700 3496 apertissime,
719 3425 811 3496 lib.
837 3440 854 3480 ι
876 3425 950 3496 De
977 3425 1227 3494 princip.,
1249 3441 1368 3496 cap.
1409 3427 1434 3480 1
1470 3435 1526 3480 et
1551 3425 1606 3489 6,
1638 3435 1692 3480 et
1721 3427 1815 3480 lib.
1848 3443 1904 3489 ll,

335 3506 458 3565 cap.
489 3491 544 3565 2,
573 3493 606 3547 5
634 3503 688 3547 et
731 3494 870 3565 4,,et
900 3491 993 3549 lib.
1033 3510 1114 3560 ιιι,
1147 3491 1266 3565 cap.
1291 3491 1346 3559 Ξ,
1379 3507 1434 3551 et
1457 3496 1661 3565 libatv,
1696 3511 1816 3564 cap.
1852 3498 1907 3562 2,

335 3569 392 3631 et
423 3559 472 3613 in
501 3562 824 3631 Anacephal.
858 3564 916 3619 In
949 3566 1051 3618 hoc
1077 3559 1266 3621 errore
1297 3566 1516 3619 fuerunt
1548 3559 1810 3620 Seleucus
1855 3559 1910 3620 et

339 3630 606 3703 llermias,
629 3630 856 3698 Galatae,
897 3635 964 3688 de
994 3634 1190 3703 quibus
1233 3636 1552 3689 memoravit
1587 3635 1911 3692 Philastrius

337 3715 472 3773 cap.
510 3701 568 3771 5,
603 3718 658 3758 et
685 3703 842 3770 juxta
877 3701 1185 3770 nonnullos,
1226 3705 1548 3762 Valentinus
1583 3717 1819 3773 quoque,
1855 3717 1910 3762 et

335 3769 905 3841 Audius'postinodum
924 3769 1291 3844 Audianorum
1309 3784 1364 3830 et
1378 3769 1908 3844 Anthropomorphi-

341 3849 517 3892 tarum
546 3851 724 3910 pater,
768 3844 837 3898 de
861 3859 972 3912 quo
1003 3843 1336 3913 Epiphanius
1367 3845 1563 3898 haeres.
1590 3843 1720 3896 tu.
1755 3843 1874 3898 Scri
1893 3874 1908 3887 -

337 3918 490 3984 ptum
513 3925 730 3984 quoque
761 3917 1062 3984 reperimus
1087 3916 1230 3984 apud
1270 3916 1576 3980 Socratem,
1607 3913 1908 3982 Theophilo

336 3979 762 4058 Aleaandrinam
789 3979 1085 4058 Ecclesiam
1116 3979 1904 4058 regente,hanc‘qutestionem

339 4047 485 4102 iisin
519 4050 655 4122 locis
691 4053 985 4107 multorum
1022 4047 1484 4122 disputationibus
1521 4047 1692 4107 fuisse
1741 4068 1910 4108 vexa-

337 4126 472 4184 tam,
510 4120 722 4175 Densne
754 4137 950 4190 corpus
985 4120 1160 4187 esset,
1203 4125 1497 4177 humanam
1541 4124 1768 4192 ﬁguram
1811 4141 1906 4192 ge-

339 4203 488 4255 rens,
517 4205 582 4244 an
618 4192 1010 4263 incorporeus;
1036 4209 1198 4262 quam
1231 4205 1561 4263 postremam
1582 4194 1906 4263 senten_tiam

338 4271 462 4334 cuiu
497 4261 783 4334 amplexus
813 4261 1390 4334 luissetrTheOpI—iilus,
1417 4264 1711 4334 monachos
1734 4261 1906 4334 [Egy-

340 4327 770 4408 ptios_adversus
794 4347 916 4386 eum
941 4333 1156 4408 coiisse,
1188 4327 1244 4388 et
1275 4349 1448 4408 manu
1461 4334 1601 4408 facta
1631 4327 1904 4408 hominem

341 4400 658 4472 invadentes
693 4413 920 4472 mortem
958 4403 1275 4468 intentasse,
1311 4405 1364 4456 ni
1397 4403 1652 4472 placitam
1684 4403 1751 4455 de
1798 4405 1906 4458 Deo

335 4468 647 4542 opinionem
669 4470 937 4539 eiuraret,
967 4484 1021 4527 et
1053 4474 1304 4542 Origenis
1332 4468 1520 4536 libros,
1553 4473 1695 4526 unde
1728 4475 1906 4527 incor-

2032 1961 2198 2030 pudet
2224 1961 2409 2016 dicere
2439 1962 2605 2017 Deum
2636 1962 3044 2031 corruptibilem
3075 1979 3222 2030 esse,
3257 1980 3462 2036 corpus
3483 1983 3608 2023 cum

2029 2053 2133 2118 sit;
2169 2053 2262 2108 sed
2286 2067 2486 2124 corpus
2524 2052 2806 2123 spirituale
2833 2063 2888 2108 et
2933 2055 3178 2121 caeleste,
3210 2059 3482 2128 praecipue
3515 2073 3608 2115 se-

2029 2146 2267 2200 cundum
2305 2146 2673 2216 principatum
2716 2147 2929 2218 ipsius:
2965 2151 3449 2222 corruptibilisque
3481 2169 3607 2209 cum

2032 2237 2124 2300 sit,
2151 2237 2362 2294 idcirco
2395 2253 2521 2294 eum
2569 2254 2676 2294 non
2727 2241 3028 2311 corrumpi,
3073 2243 3214 2312 quod
3264 2259 3370 2298 non
3410 2246 3610 2301 habeat

2035 2337 2502 2399 corrumpentem.
2533 2332 2604 2386 At
2631 2346 2755 2399 nos,
2777 2346 2844 2388 eo
2869 2335 3013 2401 quod
3042 2349 3150 2388 non
3167 2335 3448 2392 videamus
3472 2352 3607 2392 con-

2032 2423 2342 2492 sequentia,
2378 2423 2424 2478 si
2453 2437 2655 2494 corpus
2703 2438 2828 2479 eum
2876 2426 3191 2494 dixerimus,
3228 2437 3285 2482 et
3326 2443 3424 2498 per
3457 2431 3608 2486 Seria

2035 2579 2276 2654 Platoni,
2303 2580 2585 2636 Aristoteli
2615 2590 2671 2638 et
2693 2582 2998 2654 Porpliyriu
3033 2598 3350 2652 persuasum
3381 2585 3502 2640 fuit.
3535 2588 3606 2642 At

2033 2666 2064 2722 a
2108 2652 2215 2722 Deo
2245 2660 2428 2722 tamen
2451 2665 2668 2706 omnem
2699 2652 3245 2722 coagmentationem,
3268 2657 3408 2710 unde
3429 2658 3605 2712 oritur

2035 2719 2600 2792 interitus,__l:1pﬁicurus
2640 2719 3028 2791 abjudicabat;
3063 2727 3204 2778 unde
3235 2724 3310 2778 ait
3353 2726 3492 2792 apud
3517 2727 3606 2782 Ci-

2017 2805 2271 2864 ceronem
2306 2787 2580 2857 Velleius,
2623 2809 2644 2843 ι
2685 2787 2914 2864 Deorum
2948 2787 3071 2848 esse
3114 2809 3219 2847 non
3255 2787 3484 2864 corpirs,’
3507 2797 3602 2851 sed

2056 2861 2420 2932 uasicorpus;
2441 2875 2547 2932 non
2570 2863 2907 2932 sanguinem,
2931 2865 3026 2919 sed
3044 2865 3197 2932 quasi
3220 2861 3597 2931 sanguinem.»

2056 2876 2169 2914 nasi
2192 2876 2420 2929 corpus;
2443 2876 2547 2915 non
2570 2876 2907 2932 sanguinem,
2931 2876 3026 2919 seu
3044 2879 3197 2932 quas:
3220 2876 3597 2931 sanguinem.»

2012 2876 2186 2986 gtoici
2227 2939 2412 3002 autem
2441 2930 2613 2984 Deum
2641 2947 2962 3002 corporeum
2991 2948 3112 2988 esse
3149 2933 3503 3002 deﬁniebant,
3541 2945 3603 2991 ut

2016 3009 2214 3070 praeter
2239 3000 2376 3070 alios
2409 3011 2604 3056 auctor
2633 3012 2717 3056 est
2737 3001 3002 3069 Origenes
3029 3003 3123 3056 lib.
3171 3019 3209 3068 ι,
3249 3019 3333 3070 ιιι,
3363 3020 3415 3058 tv
3444 3000 3500 3059 et
3541 3021 3593 3059 v1

2016 3069 2203 3144 contra
2225 3069 2460 3144 celsum.
2501 3072 2584 3124 Ab
2615 3071 3106 3144 Epicureisautem
3153 3082 3210 3127 et
3235 3073 3436 3129 Stoicis
3473 3092 3600 3144 pro-

2017 3139 2218 3215 iectum
2265 3141 2370 3195 hoc
2415 3150 2804 3215 commentum,
2849 3141 3309 3215 Christianorum,
3344 3139 3599 3215 deinceps

1939 3203 1982 3262 C
2015 3209 2395 3265 haereticorum
2449 3210 2657 3278 aliquot
2712 3203 2922 3265 mentes
2967 3203 3393 3279 occupavitht
3439 3203 3598 3269 Chri-

2016 3281 2209 3351 stianaa
2237 3279 2518 3351 religionis
2540 3289 2790 3351 dogmata
2814 3295 2938 3334 cum
2975 3282 3110 3336 satis
3165 3294 3448 3351 perspecta
3486 3301 3594 3340 non

2013 3350 2240 3420 haberet
2289 3349 2482 3405 Celsus
2541 3350 2880 3415 Epicureus,
2944 3365 3064 3420 qua:
3128 3349 3425 3420 paucorum
3491 3356 3596 3409 fuit

2011 3419 2466 3475 beterodoxorum
2515 3421 2808 3484 sententia,
2857 3419 3289 3476 Christianorum
3349 3424 3591 3478 omnium

2011 3504 2141 3563 esse
2183 3489 2415 3563 censuit.
2470 3488 2576 3563 Sed
2625 3491 2762 3545 hanc
2811 3491 2933 3563 ejus
2987 3491 3314 3560 imperitiam
3369 3495 3592 3563 egregie

2010 3557 2258 3613 conl‘utat
2281 3559 2642 3614 Adamantius
2673 3557 2857 3615 noster
2884 3561 2977 3616 lib.
3019 3557 3094 3616 vit
3139 3572 3323 3615 contra
3355 3557 3591 3618 Célsu'm.

2010 3629 2383 3751 gonsulantur
2420 3645 2584 3698 porro
2614 3631 2667 3684 in
2700 3633 2840 3686 lianc
2872 3645 2986 3685 rem
3012 3643 3197 3686 nostra
3234 3629 3584 3701 Origeniana.

2065 3713 2282 3751 uerius.

2015 3701 2282 3752 Ηυετισε.
2540 3707 2544 3711 ·

2083 3769 2192 3838 (64)
2214 3767 2706 3837 Παρισταμένοις.
2736 3766 2827 3824 Sic
2854 3769 3025 3826 codex
3081 3769 3438 3837 Bodleianus;
3484 3769 3590 3825 Re-

2009 3840 2164 3909 gius,
2189 3840 2620 3909 παρισταμένου.

2082 3908 2193 3980 (65)
2233 3905 2354 3962 Τῶν
2385 3905 2665 3977 πέμπτην
2677 3909 2978 3979 λεγόντων
3006 3905 3159 3963 εἷναι
3181 3909 3394 3978 φύσιν.
3421 3910 3588 3964 Natu-

2011 3979 2125 4049 ram
2156 3979 2402 4049 quintam
2431 3981 2740 4049 Aristotelis
2773 3981 3074 4046 signiﬁcat;
3131 3981 3197 4034 de
3231 3995 3334 4049 qua
3365 3981 3588 4034 disserit

2009 4047 2102 4118 lib.
2134 4064 2194 4103 ιιι
2225 4047 2362 4116 Περὶ
2410 4047 2630 4116 ἀρχῶν,
2663 4052 2844 4118 cap.‘6
2871 4067 2886 4104 :
2921 4066 2940 4098 ι
2972 4049 3086 4104 Non
3115 4047 3266 4105 enini
3289 4051 3588 4106 secundum

2008 4116 2326 4172 Graecorum
2377 4116 2748 4190 philosophos
2782 4129 2977 4187 prieter
3030 4121 3133 4190 hoc
3181 4136 3401 4190 corpus,
3443 4123 3587 4188 quod

2008 4201 2074 4240 ex
2105 4197 2341 4260 quatuor
2369 4188 2812 4260 elementisest.
2857 4190 3002 4242 aliud
3047 4188 3298 4256 quintum
3360 4206 3582 4260 corpus,

2009 4259 2152 4324 quod
2183 4271 2277 4327 per
2304 4259 2489 4327 omnia
2522 4259 2667 4311 aliud
2693 4259 2784 4322 sit,
2811 4269 2866 4312 et
2903 4260 3174 4312 diversum
3208 4261 3277 4313 ab
3328 4260 3431 4314 hoc
3460 4259 3584 4314 ino-

2011 4339 2127 4381 Stro
2147 4326 2398 4394 corpore,
2426 4326 2558 4380 lides
2587 4331 2896 4384 necessario
2927 4330 3143 4398 recipit,
3179 4331 3438 4398 quoniam
3492 4347 3587 4386 ne-

2010 4411 2211 4470 que‘ex
2243 4398 2546 4470 Scripturis
2575 4402 2779 4470 sanctis
2809 4400 2890 4452 vel
2940 4399 3306 4468 suspicionem
3345 4401 3582 4468 aliquam

2009 4465 2272 4538 proferre
2303 4467 2370 4521 de
2413 4467 2494 4520 liis
2528 4465 2722 4536 potest,
2755 4484 2928 4538 neque
2986 4465 3098 4537 ipsa
3148 4484 3327 4523 rerum
3393 4465 3586 4525 conse-

339 4551 562 4613 porenm
604 4536 771 4613 Deum
825 4536 1236 4613 propugnabant
1265 4542 1532 4606 nonnulli,
1571 4546 1905 4613 damnaret;
1939 4538 1982 4593 D
2013 4536 2362 4613 qu_eut.ia_hoc
2400 4538 2563 4604 recipi
2601 4536 2871 4613 patitur,»
2894 4540 2962 4592 At
2989 4536 3236 4613 «iualnvis
3268 4541 3336 4592 ab
3366 4541 3582 4594 Aristo-

341 4607 484 4682 quod
510 4625 631 4682 cum
667 4607 942 4666 lacturunt
966 4607 1025 4667 se
1066 4615 1380 4682 recepisset,
1405 4621 1517 4664 tum
1549 4611 1766 4665 demum
1796 4629 1914 4666 mo-

342 4679 551 4752 uacuos
561 4680 914 4752 discessisse.
937 4683 1074 4748 Quid
1101 4679 1244 4752 quod
1278 4685 1350 4736 ita
1375 4683 1619 4752 scribere
1637 4696 1803 4735 ausus
1831 4694 1912 4738 est

346 4743 716 4818 Tertullianus
758 4743 1012 4806 adversus
1060 4743 1351 4816 Praxeam,
1410 4767 1530 4818 cap.
1591 4751 1668 4803 7:
1708 4770 1726 4803 ι
1779 4752 1912 4818 Quis

341 4817 487 4892 enim
507 4819 721 4892 negabit
746 4821 909 4874 Deum
927 4838 1124 4892 corpus
1136 4837 1274 4887 esse,
1289 4822 1387 4877 etsi
1409 4817 1787 4892 De’us‘spiritus
1805 4817 1912 4877 est?

345 4885 581 4960 Spiritus
606 4890 746 4960 enim
763 4905 963 4960 corpus
989 4885 1070 4946 sui
1095 4885 1310 4960 generis
1334 4893 1384 4945 in
1403 4907 1498 4945 sua
1513 4885 1704 4959 elligie.
1731 4893 1835 4946 Sed
1856 4903 1916 4948 et

341 4955 631 5011 invisibilia
660 4959 770 5021 illa,
792 4955 1126 5032 qutecunque
1164 4973 1311 5027 sunt,
1334 4961 1536 5015 habent
1566 4955 1706 5029 apud
1742 4962 1907 5016 Deum

334 5035 395 5101 et
419 5040 578 5101 suum
618 5042 816 5096 corpus
853 5043 907 5085 et
936 5049 1089 5086 suam
1111 5033 1362 5097 formam,
1397 5047 1493 5101 per
1521 5047 1640 5100 quae
1670 5033 1768 5086 soli
1797 5039 1908 5087 Deo

335 5095 572 5172 visibilia
621 5095 780 5172 sunt;
827 5113 1035 5170 quanto
1076 5102 1248 5172 magis
1301 5095 1444 5170 quod
1478 5095 1554 5156 ei
1579 5102 1746 5172 ipsius
1773 5103 1904 5172 sub-

338 5166 538 5238 stantia
571 5166 794 5223 missum
819 5166 923 5237 est,
951 5174 1071 5227 sine
1100 5166 1404 5226 substantia
1430 5186 1534 5226 non
1560 5166 1700 5227 erit?
1729 5190 1748 5223 ι
1775 5171 1906 5238 Quae

338 5234 746 5312 pluribusloeis
779 5234 994 5308 repetit,
1051 5254 1108 5297 et
1157 5257 1317 5312 saepe
1347 5244 1547 5312 carpit_
1570 5234 1904 5312 Augustinus

340 5308 526 5381 ηιμ),
562 5306 638 5381 De
661 5306 854 5381 Cenes.
887 5312 956 5364 ad
979 5306 1084 5376 lit.,
1117 5306 1249 5381 cap:
1271 5311 1392 5375 ult.,
1416 5306 1470 5365 et
1498 5306 1904 5380 Ηιετ.ἰιιιιινι,

341 5379 408 5426 ad
433 5375 852 5446 Quodvultdeus,
881 5394 935 5435 et
968 5375 1114 5435 alibi.
1144 5375 1280 5436 Hinc
1319 5382 1466 5434 illum
1504 5397 1624 5434 cum
1652 5375 1902 5438 Melitoné

341 5449 603 5522 vesania'.‘
627 5449 784 5518 hujus
811 5466 960 5522 reum
977 5451 1506 5522 peragitGennadius
1539 5451 1614 5505 De
1638 5454 1898 5522 ἄρρητοι..

341 5530 461 5588 cap.
493 5519 550 5570 2.
581 5519 717 5573 Deos
735 5519 949 5588 quidem
987 5519 1292 5576 animantes
1315 5536 1435 5575 esse
1453 5522 1637 5575 statuit
1668 5519 1900 5578 velleius

342 5583 637 5661 Epicureus
665 5583 804 5658 apud
832 5590 1147 5646 Ciceronem
1169 5591 1258 5645 lib.
1291 5608 1305 5646 ι
1331 5591 1403 5644 De
1424 5601 1534 5647 nat.
1560 5591 1704 5644 deor.
1723 5593 1900 5661 Atque

343 5658 394 5711 id
415 5671 522 5711 non
547 5657 832 5728 Epicurum
867 5662 1149 5722 duntaxat,
1177 5665 1268 5715 sed
1289 5671 1344 5714 et
1365 5663 1571 5728 vulgus,
1610 5672 1664 5714 et
1690 5657 1896 5728 poetas,

337 5737 396 5780 et
433 5731 1004 5795 prasslantismmurum
1036 5733 1311 5784 hominum
1337 5743 1612 5784 catervam
1645 5738 1894 5785 attestari

341 5798 533 5852 scribit
588 5800 788 5857 Sextus
825 5801 1028 5867 Empir.
1066 5807 1183 5855 adv.
1237 5799 1450 5870 l’liyaic.
1482 5802 1623 5857 Idem
1683 5816 1896 5871 quoque

2020 4605 2124 4678 tiele
2173 4607 2392 4678 inducta
2433 4621 2580 4678 __esse
2608 4608 2766 4676 vulgo
2797 4605 3018 4662 feratur,
3039 4610 3140 4663 ista
3172 4618 3389 4673 natura,
3417 4626 3582 4678 quam

2013 4673 2395 4748 Qnomacritus
2424 4675 2644 4746 ἄριστον
2697 4673 2955 4748 στοιχεῖον
2995 4689 3168 4748 vocat,
3227 4694 3347 4733 eam
3399 4673 3579 4748 tamen

2013 4745 2165 4800 Plato
2185 4755 2241 4800 et
2271 4744 2531 4800 Platonici
2557 4744 2877 4815 agnoscunt.
2912 4749 3090 4801 Testis
3133 4747 3356 4802 Proclus
3399 4753 3452 4800 in
3485 4747 3578 4800 Τι-

2012 4831 2223 4888 ηιαέιιιη,
2246 4830 2472 4888 eamque
2505 4817 2762 4886 appellari
2798 4823 2958 4888 docet
2990 4817 3254 4888 πέμπτον
3291 4820 3575 4888 στοιχεῖον.

2012 4893 2066 4958 et
2094 4885 2341 4958 πέμπτον
2379 4885 2603 4958 κόσμον,
2641 4899 2695 4940 et
2725 4887 2910 4958 σχῆμα
2933 4885 3200 4958 πέμπτον.
3238 4885 3576 4942 Τσδιιειιειιι

2011 4954 2342 5027 Simplicius.
2378 4954 2682 5027 Essentiam
2726 4954 3074 5014 nihilominus
3126 4961 3272 5012 illam
3328 4960 3574 5027 quintani

2011 5023 2221 5099 Platoni
2263 5026 2432 5082 fuisse
2462 5026 2763 5099 “cognitam
2835 5030 3046 5099 diserte
3083 5029 3298 5099 negavit
3335 5023 3574 5089 Atticus,

2008 5093 2320 5166 Platonicus
2382 5093 2760 5165 pliilostiphus,
2820 5099 2959 5166 apud
3017 5093 3306 5152 Eusebium
3363 5099 3456 5150 lib.
3507 5112 3578 5150 xv

2006 5161 2308 5234 Prwparal.
2339 5161 2735 5237 e6angel.,'cap.
2767 5169 2819 5222 7.
2853 5161 3009 5222 'Huic
3037 5182 3201 5237 porro
3252 5167 3576 5235 Peripateti-

2005 5249 2193 5307 corum
2243 5237 2448 5304 quinta:
2494 5242 2744 5291 essentia:
2809 5255 2836 5292 a
2910 5237 3198 5292 Xenarclio
3245 5242 3574 5307 impugnata;

2003 5305 2312 5361 Alexander
2361 5307 2749 5376 Aphrodisaeus
2811 5310 3189 5377 patroeinatus
3243 5305 3347 5363 est.
3407 5305 3571 5362 Ilus-

2005 5388 2147 5428 TIUS.

2043 5444 2188 5569 0(liti)
2221 5447 2560 5515 Φθείροντα.
2619 5448 2712 5503 Sic
2748 5450 2919 5503 codex
2950 5447 3310 5514 Bodleianus;
3347 5451 3568 5518 Regius,

2077 5533 2316 5569 ειοαντα.

2077 5533 2316 5570 ειοαντα.

2002 5532 2522 5657 φυῖἑςῗῗὲᾇιοντες.
2554 5587 2778 5660 Videtur
2813 5589 3094 5660 legendum
3120 5588 3389 5660 λέγωμεν.

2074 5660 2184 5728 (68)
2231 5660 2607 5726 Ἀναγκαίως.
2640 5659 2729 5713 Sic
2757 5663 2922 5715 codex
2957 5659 3311 5727 Budleianus’;
3344 5660 3566 5729 Regius,

2001 5742 2299 5798 perperam,
2320 5729 2605 5797 ἀνάγκαις.
