4170 6412
581 362 687 415 455

2033 359 2354 416 ORIGENIS

3729 374 3832 427 456

580 490 796 548 pturam
837 475 944 531 tale
977 489 1198 544 corpus,
1233 491 1426 545 nempe
1450 477 1702 547 spiritum
1730 486 1785 531 et
1817 478 1995 546 ignem
2023 495 2145 534 con-

2248 476 2486 547 χόμενοι,
2513 477 2967 548 ἀσχημονήσομεν
2999 476 3108 548 (69)
3142 479 3216 541 ὡς
3248 477 3442 547 ἠλίθιοι
3470 483 3562 535 καὶ
3594 485 3744 554 παρὰ
3768 487 3837 540 τΞι

581 578 915 633 snmentem,
941 578 994 623 ct
1026 569 1224 631 lucem,
1259 584 1381 637 qua:
1410 570 1722 624 necessario
1766 571 1906 625 hanc
1937 572 2150 640 Opinio—

579 674 704 712 nem
733 667 1029 727 scqnantur
1053 659 1283 713 absurda
1321 674 1427 712 non
1459 659 1830 724 admittentes,
1859 661 2152 715 erubesce-

580 765 701 804 mus
731 750 894 805 veluti
920 750 1050 804 fatui
1073 751 1318 805 dicentes
1345 759 1532 804 contra
1557 762 1743 819 aperta
1776 760 1832 804 et
1857 751 2150 804 evidentia.

576 839 767 896 Omnis
798 845 943 896 enim
975 842 1113 911 ignis
1145 855 1286 911 opus
1320 841 1525 897 habens
1557 850 1617 896 ut
1655 841 1857 906 alatur,
1885 842 2153 911 corrupti-

578 933 707 987 bilis
730 941 838 998 est,
867 941 920 986 et
948 932 1128 986 omnis
1164 933 1415 1002 spiritus,
1440 933 1486 988 si
1517 933 1842 1003 simpliciter
1880 934 2154 1003 intelliga-

578 1039 702 1078 mus
727 1023 982 1092 spiritum
1015 1037 1215 1094 corpus
1242 1039 1366 1077 cum
1395 1024 1486 1088 sit,
1507 1025 1724 1093 accipit,
1745 1025 1886 1094 quod
1907 1026 1973 1079 ad
2000 1041 2150 1078 suam

576 1124 831 1168 naturam
880 1115 1095 1178 attinet,
1144 1115 1498 1170 mutationem
1534 1117 1586 1169 in
1629 1131 1743 1170 rem
1787 1117 2150 1182 crassiorem;

575 1221 710 1275 ergo
738 1207 823 1260 bis
846 1205 962 1269 ﬁet,
995 1217 1053 1260 ut
1078 1207 1162 1260 vel
1200 1219 1488 1262 servantes
1525 1208 1712 1272 verba,
1740 1219 1820 1262 tot
1843 1212 2075 1263 absurda
2100 1219 2154 1263 et

580 1297 982 1366 inexplicabilia
1033 1298 1101 1353 de
1154 1297 1263 1352 Deo
1295 1299 1680 1364 admittamus;
1724 1299 1805 1352 vel
1844 1302 2030 1354 eadem
2067 1303 2153 1355 via

579 1389 942 1443 incedendum
985 1397 1087 1454 est,
1119 1390 1573 1460 quemadmodum
1621 1393 1787 1446 etiam
1824 1392 1876 1445 in
1909 1392 2154 1461 pluribus

2253 569 2458 638 ἐναργῆ
2493 568 2772 636 λέγοντες·
2801 571 2909 622 πᾶν
2969 569 3079 640 γὰρ
3145 570 3257 641 πῦρ
3314 573 3522 643 τροφῆς
3581 575 3839 645 δεόμενον

2255 659 2491 732 φθαρτόν
2512 662 2649 715 ἐστι.
2678 661 2772 714 καὶ
2796 663 2903 713 πᾶν
2930 660 3168 732 πνεῦμα,
3189 665 3238 715 εἰ
3257 663 3618 736 ἁπλούστερον
3635 668 3844 738 ἐκλαμ-

2253 751 2488 821 6άνομεν
2539 751 2599 803 τὸ
2647 750 2898 822 πνεῦμα,
2955 752 3114 823 σῶμα
3172 756 3474 824 τυγχάνον,
3535 759 3843 829 ἐπιδέχεται

2253 841 2376 896 ὅσον
2404 842 2497 894 ἐπὶ
2522 845 2589 912 τῇ
2617 841 2811 894 ἑαυτοῦ
2851 841 3009 910 φύσει
3034 843 3131 914 τὴν
3157 846 3235 908 εἰς
3256 845 3317 897 τὸ
3346 844 3650 917 παχύτερον
3679 865 3845 917 μετα-

2255 933 2415 1004 ϐολήν
2433 949 2447 964 ο
2480 932 2599 1002 ὥρα
2621 929 2714 989 οῦν
2743 936 2800 989 ἐν
2825 934 3054 999 τούτοις,
3081 935 3201 1005 ἤτοι
3229 935 3528 1006 τηροῦντας
3548 937 3646 1000 τὰς
3669 937 3844 1005 λέξεις

2252 1027 2321 1080 τὰ
2346 1026 2583 1082 τοσαῦτα
2609 1026 2786 1080 ἄτοπα
2828 1027 3236 1098 παραδέξασθαι
3279 1030 3373 1080 καὶ
3411 1029 3672 1101 δύσφημα
3714 1033 3844 1103 περὶ

2252 1119 2346 1172 τοῦ
2379 1119 2513 1172 Θεοῦ
2534 1160 2548 1183 ,
2585 1122 2618 1190 ἢ
2653 1119 2971 1190 ἐφοδεῦσαι,
3006 1119 3193 1190 ὥσπερ
3218 1121 3311 1173 καὶ
3340 1121 3433 1174 ἐπὶ
3457 1121 3631 1176 ἄλλων
3664 1123 3845 1188 πλειῷ

2255 1230 2360 1264 νων
2406 1212 2706 1281 ποιοῦμεν,
2753 1214 2846 1266 καὶ
2898 1213 3149 1278 ἐξετάσαι
3189 1211 3242 1264 τί
3287 1212 3511 1266 δύναται
3549 1213 3844 1283 δηλοῦσθαι

2253 1303 2360 1357 ἀπὸ
2387 1303 2480 1361 τοῦ
2510 1303 2763 1372 λέγεσθαι
2794 1302 3011 1373 πνεῦμα
3033 1343 3047 1368 ,
3087 1303 3120 1373 ἢ
3163 1302 3312 1376 πῦρ,
3344 1303 3375 1373 ἢ
3431 1302 3544 1372 φῶς
3579 1300 3720 1359 εἶναι
3751 1304 3843 1360 τὸν

2252 1395 2404 1448 Θεὸν.

579 1479 872 1547 faciemus,
910 1483 1419 1551 exquirendumque
1443 1483 1572 1552 quid
1611 1484 1759 1538 innui
1801 1498 1858 1539 et
1887 1486 2150 1539 declarari
2188 1487 2380 1555 possit,
2420 1500 2542 1538 CUIII
2573 1486 2715 1540 Deus
2740 1483 2941 1539 dicitur
2967 1485 3216 1554 spiritus,
3242 1487 3323 1542 vel
3353 1488 3510 1558 ignis,
3531 1491 3612 1544 vel
3647 1490 3790 1545 luxu

646 1658 734 1711 ‘22.
778 1658 857 1711 Ac
893 1657 1162 1728 principio
1186 1659 1473 1714 dicendum
1511 1673 1616 1726 est,
1641 1671 1701 1716 ut
1729 1664 1941 1728 oculos,
1963 1675 2016 1722 et
2041 1667 2155 1736 pal-

574 1751 792 1817 pebras,
826 1759 880 1804 et
910 1765 1090 1814 aures,
1123 1760 1177 1804 et
1211 1761 1498 1815 manus,et
1527 1755 1774 1821 brachia,
1800 1766 1963 1827 atque
1986 1760 2151 1814 etiam

573 1842 712 1908 alas,
743 1849 798 1895 et
822 1843 1006 1910 pedes,
1039 1843 1242 1912 scripta
1266 1843 1335 1898 de
1357 1844 1470 1920 Deo
1498 1847 1858 1916 invenientes,
1879 1862 2152 1906 transmu-

575 1942 759 1986 tamus
785 1949 904 2002 quae
931 1935 1135 2004 scripta
1159 1936 1364 1994 fuerint
1389 1925 1440 1993 in
1477 1939 1819 2009 allegoriam,
1843 1944 2043 2012 spretis
2067 1945 2152 1999 bis

571 2026 664 2094 qui
723 2027 832 2082 Deo
878 2027 1108 2083 similem
1171 2031 1489 2086 hominibus
1539 2032 1769 2090 formam
1819 2036 2147 2100 attribuunt.

571 2115 783 2186 hocque
813 2117 936 2188 jure
969 2118 1232 2188 facimus;
1265 2123 1345 2178 sic
1375 2123 1543 2177 etiam
1579 2126 1737 2180 nobis
1769 2126 1911 2182 idem
1942 2126 2150 2182 facien-

570 2209 698 2264 dum
741 2225 862 2266 esse
902 2211 959 2266 in.
997 2217 1271 2283 praedictis
1303 2217 1658 2274 nominibus:
1704 2235 1768 2275 ac
1816 2220 2066 2290 profecto
2098 2223 2148 2278 id

575 2300 744 2370 liquet
773 2317 839 2355 ex
872 2319 930 2357 re
959 2321 1079 2372 qua:
1111 2306 1323 2360 videtur
1354 2308 1513 2364 nobis
1548 2311 1720 2381 magis
1765 2312 1816 2366 in
1845 2328 1944 2368 usu
1980 2328 2100 2369 esse
2131 2333 2143 2368 :

575 2407 597 2441 ι
629 2390 768 2445 Deus
791 2413 811 2444 ι
839 2395 981 2448 enim
1019 2415 1038 2446 ι
1073 2395 1158 2449 lux
1192 2406 1296 2463 est,
1322 2417 1340 2449 ι
1374 2400 1676 2455 secundum
1707 2402 2005 2470 Joannem,
2043 2424 2061 2457 ι
2094 2413 2148 2460 et

571 2484 810 2538 tenebrae
843 2487 893 2538 in
931 2501 996 2538 eo
1031 2502 1142 2541 non
1185 2499 1312 2542 sunt
1341 2490 1462 2543 ulla:
1491 2491 1557 2544 ³⁸.
1593 2512 1612 2546 ι
1649 2493 1932 2560 Quomodo
1964 2506 2145 2552 autem

569 2574 654 2628 lux
683 2578 798 2647 ipse
831 2579 1216 2650 intelligendus
1251 2582 1321 2637 sit
1350 2598 1450 2654 pro
1485 2586 1626 2640 virili
1657 2589 1936 2645 cordatius
1966 2591 2148 2645 consi-

570 2669 845 2724 deremus.
873 2669 1034 2741 232
1065 2673 1362 2742 Dupliciter
1384 2676 1476 2730 lux
1500 2678 1720 2747 dicitur,
1742 2689 1852 2734 tum
1884 2697 2144 2752 corpora-

570 2761 713 2828 iiter,
743 2771 855 2817 tum
884 2765 1261 2833 spiritualiter,
1277 2767 1379 2823 hoc
1400 2779 1506 2834 est,
1525 2785 1646 2839 quae
1671 2782 1852 2828 mente
1871 2779 2141 2844 cernitur,

568 2864 704 2908 etut
729 2853 1028 2925 Scriptura:
1053 2857 1319 2923 dicerent,
1355 2875 1475 2928 qua:
1501 2862 1602 2917 sub
1631 2863 1806 2918 visum
1830 2881 1933 2920 non
1963 2867 2138 2930 cadit;

567 2960 684 3011 seu,
715 2957 774 3001 ut
799 2949 1049 3018 gentiles,
1078 2949 1386 3007 invisibilis.
1417 2953 1483 3008 Et
1511 2957 1814 3026 corporalis
1846 2973 1978 3014 sane
2006 2959 2143 3016 lucis

564 3040 918 3096 manifestum
945 3042 1254 3111 exemplum
1298 3054 1382 3099 est
1423 3045 1552 3100 illud
1587 3051 1673 3102 his
1696 3052 1788 3118 qui
1820 3051 1959 3106 hanc
1991 3053 2142 3108 Scri-

2323 1694 2414 1748 22.
2441 1696 2552 1748 Καὶ
2599 1697 2818 1768 πρῶτον
2861 1697 3080 1752 λεκτέον
3101 1739 3116 1757 .
3145 1701 3226 1753 ὅτι
3247 1740 3262 1765 ,
3292 1700 3482 1774 ὥσπερ
3506 1702 3842 1774 ὀφθαλμοὺς,

2254 1786 2349 1839 καὶ
2384 1785 2647 1857 βλέφαρα,
2684 1788 2780 1841 καὶ
2814 1781 2950 1854 ὦτα,
2993 1791 3090 1844 καὶ
3127 1794 3348 1864 χεῖρας,
3397 1794 3490 1846 καὶ
3527 1793 3841 1865 βραχίονας.

2252 1876 2348 1929 καὶ
2390 1877 2557 1940 πόδας
2593 1878 2706 1949 (70)
2755 1879 3100 1950 εὑρίσκοντες
3150 1884 3510 1954 γεγραμμένα
3543 1885 3636 1938 τοῦ
3679 1886 3842 1954 Θεοῦ,

2251 1968 2330 2021 ἐτι
2355 1968 2411 2021 δὲ
2437 1971 2532 2022 καὶ
2566 1971 2862 2040 πτέρυγας,
2891 1972 3380 2044 μεταλαμϐάνομεν
3408 1977 3488 2040 είς
3510 1976 3842 2050 ἀλληγορίαν

2249 2060 2318 2114 τὰ
2348 2063 2727 2133 γεγραμμένα,
2758 2065 3225 2135 καταφρονοῦντες
3252 2067 3361 2120 τῶν
3391 2071 3604 2140 μορφὴν
3630 2071 3837 2142 ἀνθρὼ-

2252 2169 2367 2204 πων
2386 2153 2761 2224 παραπλήσιον
2787 2157 3198 2226 παρατιθέντων
3220 2159 3297 2230 τῷ
3318 2159 3454 2231 Θεῷ,
3485 2161 3578 2214 καὶ
3603 2163 3839 2231 εὐλόγως

2249 2258 2313 2308 γε
2343 2243 2502 2296 τοῦτο
2532 2244 2845 2316 πράττομεν
2866 2264 2877 2275 ·
2910 2246 3083 2311 οὔτως
3123 2251 3216 2302 καὶ
3255 2249 3348 2302 ἐπὶ
3391 2250 3499 2303 τῶν
3533 2253 3840 2322 εἰρημένων

2249 2333 2527 2403 ὀνομάτων
2560 2337 2620 2389 τὸ
2646 2337 2936 2391 ἀκόλουθον
2975 2341 3109 2410 ἡμῖν
3141 2341 3392 2412 ποιητέον
3418 2359 3432 2372 ·
3466 2345 3560 2396 καὶ
3581 2343 3740 2412 δῆλόν
3772 2361 3838 2413 γε

2249 2427 2355 2478 ἀπὸ
2382 2427 2475 2480 τοῦ
2512 2430 2836 2500 φαινομένου
2858 2434 2988 2501 ἡμῖν
3015 2435 3462 2505 πρακτικωτέρου
3488 2452 3501 2466 ο
3538 2457 3555 2486 ι
3585 2437 3704 2500 Φῶς
3727 2439 3838 2510 γάρ

2248 2513 2396 2565 ἐστιν
2428 2517 2455 2566 ό
2484 2514 2635 2579 Θεὸς,
2672 2535 2692 2570 ι
2725 2518 2866 2571 κατὰ
2890 2520 2980 2572 τὸν
3019 2522 3290 2592 Ἰωάννην,
3346 2541 3366 2574 ι
3400 2525 3493 2577 καὶ
3524 2527 3710 2580 σκοτία
3735 2528 3836 2580 οὐκ

2247 2602 2394 2656 ἔστιν
2425 2604 2483 2658 ἐν
2515 2607 2664 2677 αὐτῷ
2695 2608 2940 2679 οὐδεμία.
2984 2630 3001 2661 ι
3038 2611 3164 2676 Πῶς
3188 2614 3252 2685 δὴ
3282 2615 3398 2683 φῶς
3426 2618 3587 2670 αὐτὸν
3614 2621 3834 2690 νσητέον

2248 2696 2388 2749 κατὰ
2428 2697 2489 2749 τὸ
2520 2697 2740 2752 δυνατὸν
2790 2701 3152 2774 συνετώτερον
3195 2706 3338 2775 (71)
3383 2709 3834 2782 ἐπισκεψώμεθα.

2245 2787 2420 2858 Διχῶς
2462 2789 2571 2861 γὰρ
2602 2791 2663 2845 τὸ
2713 2790 2829 2861 φῶς
2865 2795 3223 2865 ὀνομάζεται,
3283 2803 3608 2870 σωματικῶς
3651 2821 3710 2856 τε
3738 2805 3832 2858 καὶ

2246 2882 2652 2950 πνευματικῶς,
2676 2884 2811 2958 ὅπερ
2845 2888 2964 2939 ἐστὶ
2992 2890 3201 2960 νοητὸν,
3237 2892 3330 2944 καὶ
3361 2893 3434 2956 ῶς
3467 2895 3565 2964 μὲν
3600 2898 3654 2949 αἱ
3689 2897 3832 2968 Γρα-

2246 2973 2346 3041 φαὶ
2387 2973 2452 3027 ἂν
2486 2975 2694 3043 λέγοιεν
2716 3017 2730 3041 ,
2763 2979 2958 3049 ὁρατὸν
2980 3021 2993 3045 ,
3025 2981 3100 3045 ὡς
3141 2983 3185 3037 δ’
3225 2983 3290 3038 ἂν
3333 2986 3591 3057 ’Έλληνες
3633 2992 3831 3060 ὀνομά-

2247 3079 2430 3130 σαιεν,
2463 3064 2694 3136 ἀόρατον
2721 3067 2855 3138 (72).
2898 3070 3007 3124 Καὶ
3053 3071 3146 3125 τοῦ
3187 3089 3252 3141 γε
3299 3076 3611 3146 σωματικοῦ
3649 3079 3830 3149 παρά-

567 3139 782 3198 pturam
805 3131 1112 3200 accipiunt:
1145 3152 1164 3185 ι
1190 3134 1454 3190 Omnibus
1479 3147 1659 3192 autem
1689 3139 1812 3194 filiis
1838 3141 2004 3196 Israel
2023 3155 2141 3199 erat

2247 3155 2444 3228 δειγμα
2472 3131 2900 3231 ὁμολογούμενον
2919 3165 3029 3226 τοῖς
3061 3163 3160 3234 τὴν
3188 3131 3429 3236 ίστορίαν
3457 3131 3830 3239 παραδεχομέ-

566 3217 654 3274 lux
691 3223 740 3275 in
771 3225 1048 3289 omnibus,
1075 3227 1126 3280 in
1177 3227 1378 3295 quibus
1427 3229 1788 3286 versabantur
1811 3232 1888 3300 ";
1922 3254 1941 3286 ι
1972 3236 2139 3304 spiri-

565 3315 726 3370 tnalis
753 3332 883 3372 vero
921 3320 1227 3387 exemplum
1263 3329 1346 3373 est
1377 3321 1518 3387 apud
1559 3325 1848 3392 quemdam
1905 3328 2135 3397 prophe-

562 3416 673 3459 tam
704 3422 771 3460 (ιι
802 3409 1084 3463 duodecim
1117 3410 1162 3441 ³³
1194 3427 1208 3463 :
1248 3427 1266 3458 ι
1300 3409 1580 3468 Seminate
1612 3416 1769 3469 vobis
1816 3416 1949 3487 ipsis
1973 3418 2139 3486 justi-

565 3499 731 3562 :iam,
770 3497 1104 3552 vindemiate
1155 3497 1393 3554 fructum
1441 3503 1586 3570 vitae,
1645 3505 1944 3561 illuminate
1987 3509 2140 3564 vobis

564 3588 697 3656 ipsis
722 3589 900 3643 lumen
928 3591 1276 3660 cognitionis.
1303 3613 1322 3646 ι
1353 3594 1562 3650 Rursus
1582 3595 1838 3650 similiter
1863 3614 1961 3667 per
1990 3615 2139 3653 COIII-

561 3684 902 3750 parationem
929 3693 984 3739 et
1025 3688 1432 3756 proportionem
1469 3689 1722 3744 bifariam
1772 3690 2023 3746 dicentur
2054 3702 2138 3746 tc-

563 3775 744 3828 nebrae
776 3792 791 3828 :
823 3791 1076 3844 quarum,
1109 3794 1229 3849 quas
1257 3782 1607 3838 communius
1638 3783 1916 3850 dicuntur,
1950 3799 2135 3840 exem-

561 3865 706 3934 plum
739 3876 823 3920 est
857 3867 1050 3922 illud"
1080 3889 1093 3924 :
1129 3888 1148 3921 ι
1181 3873 1249 3926 Ει
1272 3873 1488 3927 vocavit
1520 3873 1662 3928 Deus
1693 3873 1863 3930 lucem
1895 3876 2061 3940 diem,
2083 3886 2136 3932 et

563 3958 818 4014 tenebras
849 3961 1068 4015 vocavit
1093 3973 1344 4028 noctem;
1379 3985 1398 4016 ι
1438 3967 1784 4020 tenebrarum
1815 3982 1946 4022 vero
1976 3969 2135 4022 intel-

562 4048 848 4118 ligibilium
881 4051 984 4106 hoc
1020 4063 1102 4106 est
1129 4043 1434 4124 exemplum
1461 4056 1506 4086 ³⁸
1538 4074 1550 4109 :
1585 4075 1601 4107 ι
1633 4055 1836 4124 Populo
1863 4059 1953 4126 qui
1978 4061 2134 4113 sede-

556 4142 650 4194 bat
675 4142 726 4195 in
758 4145 1000 4198 tenebris
1024 4155 1080 4199 et
1109 4129 1308 4200 umbra
1325 4149 1540 4212 mortis,
1567 4149 1657 4203 lux
1687 4160 1804 4203 orta
1836 4161 1917 4204 est
1942 4152 2039 4205 eis.
2075 4171 2092 4202 ι

627 4231 718 4287 25.
747 4231 844 4286 His
878 4233 958 4288 sic
991 4235 1335 4302 habentibus,
1371 4238 1590 4307 dignum
1635 4249 1720 4293 est
1748 4254 1976 4294 cernere
2002 4241 2130 4309 quid

2245 3265 2356 3309 νοις
2386 3249 2446 3301 τό
2469 3266 2481 3278 ·
2518 3267 2537 3300 ι
2566 3250 2707 3302 Πᾶσι
2739 3250 2794 3304 δὲ
2817 3255 2931 3315 τοῖς
2965 3255 3098 3316 υἱοῖς
3141 3256 3348 3327 Ἰσραὴλ
3373 3253 3441 3328 ἦν
3471 3258 3607 3327 φῶς,
3636 3261 3694 3313 ἐν
3720 3261 3828 3312 πᾶ-

2245 3356 2330 3393 σιν
2351 3335 2433 3402 οἷς
2458 3341 2803 3409 κατεγίνοντο
2823 3359 2836 3372 °
2871 3363 2889 3394 ι
2921 3343 3010 3396 τοῦ
3037 3343 3092 3398 δὲ
3117 3346 3310 3416 νοητοῦ
3333 3349 3427 3402 καὶ
3455 3349 3829 3419 πνευματικοῦ

2241 3431 2300 3484 ἐν
2325 3448 2428 3484 τινι
2453 3431 2562 3484 τῶν
2594 3431 2828 3486 δώδεκα·
2862 3452 2882 3484 ι
2918 3435 3184 3506 Σπείρατε
3210 3439 3422 3503 ἑαυτοῖς
3449 3442 3528 3504 είς
3556 3441 3828 3495 δικαιοσύ-

2241 3539 2359 3592 νην,
2405 3525 2710 3596 τρυγήσατε
2752 3528 2831 3590 είς
2865 3527 3075 3599 καρπὸν
3119 3528 3282 3600 ζωῆς,
3315 3530 3584 3599 φωτίσατε
3613 3534 3827 3598 ἑαυτοῖς

2242 3616 2358 3683 φῶς
2390 3613 2662 3682 γνώσεως.
2704 3635 2722 3668 ι
2771 3617 2998 3687 Ὁμοίως
3024 3619 3080 3672 δὲ
3116 3621 3208 3672 καὶ
3236 3620 3295 3672 τὸ
3323 3621 3512 3686 σκότος
3545 3629 3665 3677 κατ’
3694 3627 3827 3680 ἀνα-

2239 3705 2424 3775 λογίαν
2448 3706 2609 3777 διχῶς
2643 3708 2961 3779 λεχθήσεται
2989 3728 3004 3742 ο
3031 3712 3124 3764 καὶ
3148 3711 3241 3764 τοῦ
3273 3712 3371 3783 μὲν
3395 3715 3697 3786 κοινότερον
3738 3717 3825 3771 λε-

2237 3801 2470 3870 γομένου
2497 3801 2848 3873 παράδειγμα
2867 3819 2879 3832 ·
2915 3822 2933 3854 ι
2973 3804 3082 3856 Καὶ
3111 3805 3366 3858 ἐκάλεσεν
3395 3809 3422 3860 ό
3455 3807 3586 3871 Θεὸς
3618 3808 3679 3862 τὸ
3707 3809 3824 3880 φῶς

2237 3892 2468 3962 ἡμέραν,
2505 3893 2599 3946 καὶ
2628 3893 2689 3946 τὸ
2715 3895 2905 3957 σκότος
2929 3894 3154 3948 ἐκάλεσε
3181 3895 3352 3950 νύκτα
3374 3915 3386 3926 ·
3433 3918 3451 3948 ι
3487 3898 3583 3952 τοῦ
3609 3900 3663 3953 δὲ
3691 3919 3819 3972 νοη-

2235 3984 2350 4037 τοῦ·
2365 4005 2381 4034 ι
2405 3986 2462 4038 'O
2477 3986 2645 4050 λαὸςό
2673 3988 2979 4057 καθήμενος
2999 3993 3055 4041 ἐν
3082 3989 3261 4042 σκότει
3286 3993 3380 4044 καὶ
3415 3994 3542 4064 σκιᾷ
3565 3992 3818 4060 θανάτου,

2237 4074 2352 4144 φῶς
2384 4076 2656 4131 ἀνέτειλεν
2681 4079 2882 4142 αὐτοῖς.
2920 4099 2938 4130 ι

2304 4251 2394 4305 25.
2429 4252 2644 4306 Τούτων
2674 4252 2844 4318 οὕτως
2874 4255 3123 4325 ἐχόντων,
3160 4256 3308 4324 ἄξιον
3341 4258 3470 4312 ἰδεῖν
3501 4260 3553 4312 τί
3586 4261 3817 4330 ἁρμόζει

559 4323 717 4377 nobis
741 4325 1033 4378 conveniat
1059 4326 1364 4398 intelligere
1397 4329 1465 4382 de
1496 4329 1628 4394 Deo,
1662 4345 1783 4384 cum
1813 4330 1903 4384 lux
1931 4332 2135 4386 dicitur

2247 4343 2374 4395 νοεῖν
2414 4343 2561 4413 ἡμᾶς
2587 4344 2713 4414 περὶ
2740 4345 2874 4398 Θεοῦ
2904 4323 3218 4416 λεγομένου
3248 4347 3391 4417 φῶς,
3423 4349 3481 4402 ἐν
3521 4342 3566 4416 ᾧ
3591 4323 3818 4421 ούδεμία

556 4410 610 4463 in
646 4426 750 4479 qua
785 4414 945 4466 nulla:
975 4425 1100 4468 sunt
1133 4418 1368 4472 tenebrae
1397 4418 1443 4450 ³⁸
1472 4439 1484 4474 :
1516 4428 1698 4475 utrum
1738 4421 1879 4477 Deus
1911 4423 2002 4477 lux
2045 4433 2134 4477 est

2247 4433 2352 4514 lati;
2379 4410 2588 4487 σκοτία.
2611 4410 2757 4506 ’Ἄρα
2785 4435 2894 4505 γὰρ
2923 4410 3270 4508 σωματικοὺς
3296 4410 3607 4510 ὀφθαλμούς
3628 4444 3656 4494 ό
3683 4410 3816 4505 Θεὸς

554 4501 870 4560 illuminans
923 4521 1221 4577 corporeos
1262 4509 1476 4574 oculos,
1509 4526 1579 4568 an
1617 4513 2023 4585 intelligibiles;
2059 4518 2129 4573 de

2247 4501 2466 4592 φωτίζον
2493 4525 2609 4594 φῶς
2641 4501 2825 4588 ἐστιν,
2934 4501 3060 4590 τοῦς
3105 4501 3354 4599 νοητοὺς,
3391 4501 3520 4600 περὶ
3565 4501 3641 4585 ῶν
3670 4533 3763 4584 καὶ
3785 4533 3817 4585 ὁ

553 4595 752 4661 quibus
783 4605 837 4649 et
855 4595 1122 4666 Propheta
1148 4600 1342 4654 dicit"
1376 4620 1388 4655 :
1426 4621 1444 4654 ι
1477 4604 1720 4659 lllumina
1743 4607 1930 4663 oculos
1953 4625 2125 4676 meos,

2247 4615 2517 4685 Προφήτης
2545 4615 2705 4684 φησί’
2746 4633 2764 4666 ι
2798 4595 3036 4670 Φῶτισον
3056 4595 3512 4690 τοὺς-ὀφθαλμούς
3552 4639 3674 4692 μου,
3707 4624 3813 4693 μή·

553 4701 621 4740 ne
652 4702 888 4756 unquam
920 4688 1257 4746 obdormiam
1285 4693 1338 4747 in
1376 4706 1567 4752 morte.
1594 4715 1613 4748 ι
1650 4697 1913 4754 Existimo
1946 4711 2124 4758 autem

2247 4721 2366 4757 ποτε
2409 4704 2642 4759 ύπνώσω
2676 4708 2757 4770 είς
2791 4706 3053 4774 θάνατον;
3096 4729 3114 4762 ι
3162 4711 3387 4781 Νομίζω
3435 4712 3491 4764 δὲ
3537 4715 3814 4784 προφανὲς

553 4790 801 4848 apertum
847 4785 1156 4854 cuicunque
1184 4799 1307 4840 esse
1343 4802 1442 4842 nos
1478 4789 1904 4861 haudquaquam
1943 4793 2121 4848 dictu-

2247 4798 2393 4850 πταντί
2426 4816 2502 4869 τῳ
2529 4799 2639 4870 (75)
2667 4795 2826 4863 εἶναι,
2857 4801 2938 4853 ὃτι
2981 4801 3080 4854 οὐκ
3124 4801 3190 4855 ἂν
3219 4804 3280 4855 τὸ
3320 4803 3414 4856 τοῦ
3455 4805 3607 4874 ἡλίου
3653 4807 3812 4877 ἔργον

550 4886 664 4937 ros,
692 4873 860 4928 Deum
897 4876 1026 4931 solis
1052 4877 1295 4932 ofﬁcium
1329 4877 1527 4944 facere,
1555 4881 1599 4936 si
1637 4882 1726 4936 alii
1750 4886 1907 4939 cedat
1930 4901 2125 4942 munus

2247 4892 2405 4942 ιτοιεῖν
2433 4889 2686 4960 λέγοιμεν
2715 4890 2804 4943 τὸν
2832 4892 2986 4954 Θεὸν,
3015 4892 3184 4964 ἑτέρῳ
3223 4873 3653 4967 παραχωροῦντα
3685 4873 3811 4965 ’φφ-

551 4965 860 5023 illustrandi
897 4985 1083 5026 eorum
1116 4973 1304 5029 oculos
1327 4975 1418 5043 qui
1449 4977 1735 5033 dormituri
1763 4996 1866 5034 non
1899 4991 2025 5037 sunt
2069 4984 2122 5037 in

2247 4979 2396 5043 είζειν
2421 4981 2548 5042 τοὺς
2569 4981 2881 5052 ὀφθαλμοὺς
2913 4983 3022 5036 τῶν
3059 4984 3132 5054 μὴ
3169 4985 3568 5056 ύπνωσομένων
3600 4989 3680 5052 είς
3713 4987 3810 5042 θά-

552 5070 728 5113 morte
761 5075 935 5130 :ergo
980 5062 1256 5119 illuminat
1296 5067 1436 5124 Deus
1468 5085 1655 5126 eorum
1705 5081 1937 5126 mentem
1989 5089 2124 5143 quos

2247 5089 2423 5127 la‘tOV'
2468 5075 2663 5129 οὐκοῦν
2707 5075 2931 5145 φωτίζει
2977 5079 3004 5130 ό
3042 5077 3175 5141 Θεὸς
3207 5079 3300 5131 τὸν
3342 5079 3466 5132 νοῦν
3512 5075 3589 5134 ὧν
3635 5081 3810 5152 κρίνει

551 5149 744 5216 dignos
769 5151 980 5218 jndicat
1011 5157 1226 5223 propria
1267 5158 1684 5217 illuminatione.
1709 5163 1862 5229 Quod
1899 5165 1944 5218 si
1979 5180 2122 5219 men-

2247 5164 2412 5229 ἰξίους
2439 5161 2576 5220 εἶναι
2598 5167 2690 5220 τοῦ
2718 5167 2914 5221 οἰκείου
2938 5169 3241 5239 φωτισμοῦ.
3277 5171 3340 5222 Εἰ
3366 5170 3423 5223 δὲ
3449 5172 3539 5225 νοῦ
3562 5173 3676 5225 ἐστι
3699 5190 3809 5240 φω-

621 5263 718 5388 Γιέ
748 5264 905 5320 Joan.
928 5283 969 5331 ι,
999 5269 1052 5324 5.
1130 5271 1172 5302 ³²
1202 5272 1373 5328 Exod.
1405 5291 1458 5341 κ,
1489 5276 1579 5331 25.
1657 5277 1703 5308 ³³
1730 5277 1855 5334 Ose.
1889 5297 1942 5345 ι,
1976 5281 2062 5336 12.
2141 5283 2145 5311 ³

2251 5298 2342 5337 en.
2368 5283 2481 5349 1,5.
2587 5285 2631 5316 ³⁵
2663 5283 2765 5339 lsa.
2800 5299 2879 5352 ιιι,
2903 5285 2962 5339 2.
3036 5285 3080 5316 '°
3110 5285 3130 5339 ι
3157 5284 3316 5342 Joan.
3343 5303 3382 5352 ι,
3414 5287 3468 5342 5.
3584 5290 3628 5324 "
3659 5289 3806 5346 Psal.

547 5350 651 5400 an,
672 5350 728 5389 4.

623 5429 737 5506 (θθ)
785 5431 1343 5506 ’ᾼσχημονήσομεκ
1393 5434 1485 5491 Sic
1539 5437 1706 5491 codex
1751 5437 2116 5506 Bodleianus;

2221 5459 2398 5522 τερον,
2429 5445 2607 5522 s_e_d_in
2637 5443 2936 5522 Bodleiano
2967 5463 3072 5522 non
3099 5460 3377 5522 comparet
3410 5453 3567 5522 ἡμῖν.

551 5498 750 5582 Reﬁi‘n‘s
759 5502 831 5582 ,_¢_i
838 5498 938 5582 σχη
949 5498 1080 5582 μξονή
1089 5498 1166 5556 σω
1173 5498 1292 5582 μεν,

2295 5515 2406 5595 (72)
2449 5515 2752 5582 Ἀόρατον.
2793 5517 2885 5572 Sic
2943 5521 3111 5574 codex
3164 5515 3522 5588 Bodleianu's;
3575 5521 3803 5595 Regius,

621 5571 734 5652 (.70)
767 5571 875 5652 Ιςςιὶ
894 5571 1120 5652 χεῖρας,
1143 5571 1601 5652 καίβραχίονας
1619 5577 1758 5652 ,καὶ
1784 5578 1990 5652 πόδας.
2031 5581 2120 5652 Sic
2227 5571 2541 5652 ἀσώματον.

549 5639 719 5720 codex
795 5639 1152 5709 Bodleianus;
1215 5639 1449 5712 Regius,
1509 5639 1696 5717 χεῖράς
1756 5666 1813 5700 τε
1866 5639 1963 5701 καῖ
2022 5650 2121 5702 πό-

2247 5723 2267 5732 “
2299 5639 2625 5732 (Ἱξ5)Παντί
2648 5671 2746 5720 τῳ.
2779 5653 2853 5707 Ita
2916 5657 3246 5732 Bodleianus
3310 5663 3504 5732 codex,
3559 5665 3798 5732 optime;

553 5707 575 5720 ρ
623 5724 647 5738 ρ
1141 5707 1148 5709 ν
1299 5707 1327 5712 —
1437 5707 1445 5711 ν
1509 5707 1540 5716 τι
1599 5707 1609 5717 l
1679 5707 1687 5708 ί

549 5723 665 5769 ωδ·

623 5777 732 5804 Ιηιῖ
767 5778 962 5804 DA...”-
998 5783 1159 5804 -..J-..
1222 5783 1362 5804 --μ-ι
1396 5786 1441 5804 ωε
1485 5787 1506 5804 Θ
1647 5789 1658 5803 ι
1747 5791 1758 5804 ο
1817 5792 1837 5802 υ
2073 5790 2086 5804 1

2249 5707 2448 5804 legitis,
2477 5707 2778 5804 perpetem.
2809 5729 2971 5804 παν-τὶ
3009 5729 3089 5804 τό,
3122 5730 3275 5799 cujus
3335 5731 3454 5789 loco
3491 5707 3800 5804 ,legEnduni

491 5781 498 5788 '
623 5777 734 5844 (Ti)
767 5778 964 5848 Regius
996 5783 1186 5848 codex,
1222 5783 1365 5839 κατὰ
1392 5786 1449 5838 τὸ
1480 5787 1700 5842 δυνατὸν
1739 5791 1865 5857 ἡμῖν
1897 5790 2124 5845 συνετώ-

2247 5777 2489 5851 λτιῖδυιιξιί
2515 5777 2740 5851 [lustius
2773 5797 2934 5850 παντὶ
2967 5799 3144 5853 τοῦτο.
