4170 6402
420 382 532 437 457

1479 377 1838 436 COMMENT.
1882 377 1949 433 IN
1983 377 2176 434 JOAN.
2214 377 2458 434 Τολίυὸ
2487 375 2626 433 XIH.

3566 355 3674 424 ιω

417 496 678 561 τιστικὸς,
701 497 842 552 κατὰ
864 497 923 552 τὸ
942 497 1250 568 λεγόμενοψ
1279 517 1296 549 ι
1319 498 1524 569 Κύριος
1540 499 1815 570 φωτισμός
1842 517 1995 570 μου.»

2110 499 2178 554 tis
2200 507 2288 554 est
2318 497 2644 560 illustrator,
2669 496 2825 566 juxta
2853 492 2983 550 illud
3013 492 3156 564 quod
3184 489 3479 546 dicitur“:
3518 505 3536 540 ι
3569 487 3674 542 Do-‘-

420 593 632 661 ἀνάγκη
669 590 831 645 αὑτὸν
875 591 1064 662 νοητὸν
1109 592 1460 660 τυγχάνοντα,
1496 593 1590 645 καὶ
1626 593 1874 664 ἀόρατον,
1909 591 2003 645 κα).

421 682 735 753 ἀσώματον,
784 681 876 735 τοῦ
925 683 1018 736 νοῦ
1045 683 1278 754 ἀοράτου
1309 685 1457 754 ἡμᾶς
1486 683 1650 737 αὑτὸν
1686 685 2004 756 ὑπολαμϐά-

423 789 535 825 νειν
563 771 674 838 φῶς
697 766 836 827 εἶναι
858 771 1263 843 ·ἀσώματον,τῷ
1295 775 1502 844 μήποτε
1531 775 1625 826 καὶ
1660 792 1679 826 t
1718 773 1831 845 πῦρ
1864 792 2002 829 κατά

423 860 709 915 αναλίσκον
778 879 798 913 ι
847 862 1136 932 λεγόμενον
1173 860 1308 916 εἶναι
1345 864 1477 918 Θεὸν
1499 905 1515 930 ,
1546 866 1858 936 σωματικὸν
1890 864 2005 940 πῦρ

425 953 691 1023 σωμάτων
723 953 1051 1008 ἀναλωτικὸν
1085 950 1222 1008 εἶναι
1260 955 1440 1008 δοκεῖν
1462 996 1480 1022 ,
1522 952 1634 1011 οἷον
1667 957 1837 1024 ξύλων
1853 998 1868 1022 ,
1909 960 2005 1013 καὶ

426 1045 638 1114 χόρτου,
674 1043 767 1097 καὶ
797 1044 1050 1116 καλάμης
1073 1062 1087 1076 ο
1115 1047 1165 1098 εί
1190 1047 1249 1100 δὲ
1269 1049 1328 1100 ὲν
1358 1050 1490 1120 ἡμῖν
1517 1049 1666 1102 ἐστιν
1693 1049 1822 1103 ίδεῖν
1850 1049 2002 1116 ξύλα,

425 1135 516 1188 καὶ
545 1134 757 1206 χόρτον,
780 1136 875 1191 καὶ
896 1136 1167 1206 καλάμην,
1207 1139 1418 1209 μήποτε
1438 1140 1500 1192 τὸ
1537 1141 1872 1194 ἀναλωτικὸν
1905 1142 2006 1211 τῆς

424 1225 676 1296 τοιαύτης
699 1226 830 1296 ὕλης
853 1227 964 1299 πῦρ
987 1230 1014 1280 ὁ
1043 1227 1178 1292 Θεός
1209 1231 1355 1283 ἐστιν
1381 1230 1558 1301 ἡμῶν,
1599 1250 1617 1282 ι
1651 1232 1762 1302 πῦρ
1798 1251 1817 1284 ο
1855 1231 2006 1300 λεγό-

430 1333 585 1385 μενος
609 1314 748 1371 εἷναι
785 1337 803 1370 t
842 1319 1234 1375 καταναλίσκον
1256 1337 1269 1349 ·
1287 1341 1305 1374 ι
1338 1323 1433 1375 καὶ¹
1463 1323 1672 1394 πρέπον
1699 1339 1761 1391 γε
1790 1323 1868 1394 τῷ
1894 1325 2006 1376 Κυ-

424 1408 527 1479 ρίῳ
563 1409 679 1462 ἐστὶ
701 1409 763 1466 τὸ
789 1410 1079 1464 ἀναλίσκον
1105 1410 1174 1464 τὰ
1199 1413 1422 1465 τοιαῦτα
1453 1413 1586 1484 (74),
1620 1413 1714 1467 καὶ
1747 1414 2004 1483 ἐξαφανί-

389 1511 396 1518 ”
423 1499 539 1564 ζειν
567 1501 636 1555 τὰ
665 1501 884 1574 χείρονα
905 1519 920 1534 °
957 1495 1018 1556 οῦ
1064 1505 1352 1576 γινομένου
1396 1507 1694 1578 ἀλγηδόνας
1730 1503 1882 1577 οἶμαι
1913 1508 2007 1560 κα)⁹

423 1595 618 1658 πόνους
662 1596 908 1664 γίνεσθαι
947 1597 1048 1650 οὐκ
1101 1598 1209 1652 ἀπό
1264 1615 1409 1662 τινος
1448 1599 1762 1669 σωματικῆς
1793 1599 2007 1670 ἐπαφῆς

422 1685 640 1756 περὶτὰ
672 1688 994 1757 ὴγεμονικὰ,
1018 1688 1149 1742 ἔνθα
1179 1689 1407 1760 συνέστη
1429 1691 1462 1761 ἡ
1491 1683 2005 1743 τοῦ’καταναλίσκε-

423 1777 548 1832 σθαι
574 1779 700 1844 ἀξία
724 1779 1000 1852 οἰκοδομή.
1032 1781 1152 1844 Φῶς
1184 1777 1278 1835 οὖν
1318 1781 1642 1852 ὀνομάζεται
1667 1781 1696 1833 ὁ
1725 1781 1876 1844 Θεὸς,
1897 1780 2006 1834 ἀπὸ

2103 590 2286 645 minus
2347 589 2672 644 illuminatio
2723 603 2911 652 mea,»
2966 599 3191 640 necesse
3227 591 3312 638 est
3363 581 3538 650 ipsum
3577 578 3672 648 qui

2103 693 2288 736 mente
2320 681 2587 743 cernitur,
2627 681 2720 750 qui
2757 679 2857 734 sub
2886 678 3059 732 vismn
3115 688 3220 729 non
3265 671 3435 734 cadit,
3465 671 3555 738 qui
3590 681 3676 726 est

2103 789 2297 843 expers
2322 773 2588 844 corporis,
2628 773 2798 843 ipsius
2828 771 3045 834 mentis,
3080 783 3202 840 quae
3232 769 3333 823 sub
3363 769 3537 822 visum
3567 781 3673 820 non

2104 867 2273 933 cadit,
2326 865 2504 920 lucem
2545 879 2670 919 esse
2719 877 2951 933 corpore
2996 871 3290 923 carentem,
3343 859 3486 928 quod
3533 859 3674 913 Deus

2109 977 2130 1010 ι
2156 958 2294 1029 ignis
2325 971 2652 1014 consumens
2680 976 2698 1010 ι
2728 956 2913 1010 dictus
2945 953 3009 1018 ³⁸,
3043 968 3385 1024 nequaquam
3411 966 3674 1021 corpora-

2106 1048 2173 1104 lis
2209 1049 2349 1119 ignis
2381 1063 2502 1104 esse
2535 1049 2804 1109 videatur,
2837 1045 2928 1114 qui
2951 1054 3236 1100 consumat
3262 1056 3523 1110 corpora,
3556 1037 3675 1091 vel-

2107 1136 2184 1191 uti
2236 1135 2404 1206 ligna,
2436 1136 2638 1202 fenum,
2685 1134 2940 1203 stipulam
2967 1134 3046 1199 ⁸⁶;
3081 1133 3173 1188 sed
3207 1133 3252 1186 si
3281 1140 3574 1186 cernantur
3621 1127 3676 1182 in

2107 1227 2266 1282 nobis
2296 1227 2466 1297 ligna,
2502 1225 2708 1290 fenum,
2739 1225 2957 1294 stipula,
2987 1225 3060 1280 sit
3098 1224 3240 1279 Deus
3296 1232 3483 1277 noster
3513 1220 3678 1290 ignis,

2107 1318 2233 1373 talis
2275 1317 2512 1373 materia
2546 1326 2923 1384 consumptor,
2963 1315 3058 1386 qui
3099 1315 3298 1371 dicitur
3328 1331 3347 1366 ι
3374 1312 3518 1382 ignis
3545 1326 3681 1366 con-

2106 1425 2360 1475 sumens;
2394 1429 2414 1462 ι
2446 1412 2709 1480 decetqne
2735 1409 2981 1480 profecto
3007 1407 3300 1462 Dominum
3329 1405 3456 1460 talia
3481 1418 3682 1458 consu-

2106 1511 2257 1551 mere
2281 1496 2572 1566 delereque
2605 1499 2814 1568 pejora,
2870 1511 2979 1568 quo
3018 1496 3166 1551 facto
3202 1494 3419 1551 dolores
3444 1493 3682 1548 arbitror

2108 1585 2430 1654 laboresque
2455 1587 2590 1640 oriri
2628 1587 2775 1642 nullo
2801 1600 3069 1656 corporeo
3105 1594 3250 1640 tactu
3301 1585 3446 1640 circa
3473 1583 3683 1654 princi-

2109 1684 2264 1747 patus
2308 1686 2366 1730 et
2403 1683 2590 1746 partes
2621 1675 2819 1729 animae
2863 1675 3362 1744 prastantissimas,
3390 1671 3481 1727 ubi
3538 1681 3685 1728 stru-

2109 1775 2260 1821 ctura
2292 1765 2456 1822 fuerit
2476 1766 2633 1835 digna
2660 1780 2780 1836 qua:
2800 1775 3224 1821 consummetur.
3244 1764 3360 1818 Lux
3387 1778 3517 1834 ergo
3542 1763 3684 1818 Deus

420 1873 516 1927 τοῦ
550 1873 862 1946 σωματικοῦ
903 1875 1081 1944 φωτὸς
1122 1874 1483 1946 μεταληφθεὶς
1528 1878 1606 1938 είς
1643 1875 1870 1946 ἀόρατον
1913 1875 2001 1928 καὶ

2110 1861 2442 1928 nominatur,
2482 1859 2840 1916 translatione
2870 1867 3083 1929 sumpta
3111 1873 3141 1912 a
3177 1857 3298 1912 lucc
3329 1870 3593 1926 corporea
3615 1857 3682 1909 ad

421 1965 714 2037 ἀσώματον
763 1967 899 2035 φῶς,
930 1966 1021 2020 διὰ
1070 1967 1171 2036 τὴν
1225 1967 1283 2020 ὲν
1332 1965 1412 2037 τῷ
1477 1965 1729 2035 φωτίζειν
1783 1964 2006 2037 νοητοὺς

419 2057 734 2127 ὀφθαλμοὺς
779 2057 1007 2130 δύναμιν
1059 2057 1204 2112 οῦτω
1245 2059 1534 2129 λεγόμενος
1567 2075 1582 2088 ο
1646 2077 1664 2110 ι
1708 2057 1818 2129 πῦρ
1877 2077 1895 2108 ι
1946 2073 2008 2109 τε

422 2149 886 2219 προσαγορεύεται
907 2167 926 2201 ‹
956 2149 1368 2214 καταναλίσκον,
1399 2168 1417 2200 ι
1443 2149 1551 2202 ἀπὸ
1573 2149 1668 2202 τοῦ
1695 2148 2006 2220 σωματικοῦ

423 2239 615 2309 πυρὸς,
642 2241 736 2292 καὶ
771 2239 1209 2294 καταναλωτικοῦ
1234 2240 1333 2310 τῆς
1360 2241 1571 2294 τοιᾶσδε
1612 2240 1744 2312 ὕλης
1785 2240 2010 2310 νοούμε-

421 2347 530 2393 νος.
569 2329 821 2384 Τοιοῦτόν
867 2347 921 2383 τι
955 2349 1044 2402 μοι
1077 2331 1326 2401 φαίνεται
1353 2334 1446 2385 καὶ
1487 2333 1614 2404 περ).
1641 2332 1702 2386 τὸ
1732 2330 1949 2403 πνεῦμα
1979 2332 2008 2385 δ

421 2419 554 2482 Θεός
575 2436 586 2448 ·
615 2421 737 2472 ἐπεὶ
760 2419 868 2491 γὰρ
892 2422 972 2484 εἰς
999 2421 1097 2492 τὴν
1113 2422 1224 2492 (75)
1254 2422 1430 2492 μέσην
1464 2424 1558 2476 καὶ
1582 2422 1886 2492 κοινότερον
1911 2440 2010 2475 κα-

420 2508 687 2579 λουμένην
721 2508 865 2581 ζωὴν
905 2510 1139 2581 ὁρῶντες
1167 2511 1263 2565 τοῦ
1318 2514 1447 2582 περ),
1494 2515 1642 2583 ἡμᾶς
1675 2514 2005 2583 πνεύματος,

419 2598 522 2669 τὴν
568 2598 907 2670 καλουμένην
953 2601 1406 2674 σωματικώτερον
1459 2603 1626 2675 πνοὴν
1677 2603 1822 2674 ζωῆς
1871 2603 2007 2669 ζωο-

421 2689 722 2748 ποιούμεθα
771 2691 880 2744 ἀπὸ
928 2692 1021 2745 τοῦ
1077 2693 1387 2764 πνεύματος
1408 2736 1423 2760 ,
1483 2696 1851 2767 ὑπολαμϐάνω
1911 2696 2006 2751 ἀπ’

420 2782 628 2837 ἐκείνου
661 2782 912 2854 εἰλῆφθαι
951 2783 1010 2836 τὸ
1049 2783 1266 2854 πνεῦμα
1304 2785 1556 2852 λέγεσθαι
1580 2787 1672 2841 τὸν
1707 2786 1839 2840 Θεὸν
1872 2788 2009 2858 πρὸς

419 2876 521 2946 τὴν
564 2875 825 2946 ἀληθινὴν
868 2873 1012 2945 ζωὴν
1052 2877 1200 2946 ἡμᾶς
1253 2876 1452 2945 ἄγοντα
1475 2894 1490 2908 ο
1537 2878 1599 2931 τὸ
1640 2878 1857 2950 πνεῦμα
1899 2879 2008 2951 γὰρ

421 2963 564 3017 κατά
612 2965 710 3035 τὴν
749 2963 968 3034 Γραφὴν
1011 2963 1226 3033 λέγεται
1285 2966 1596 3032 ζωοποιεῖν,
1654 2969 1886 3041 φανερὸν
1925 2970 2008 3024 ὃτι

422 3055 747 3127 ζωοποίησιν
775 3055 841 3108 οὐ
873 3054 970 3125 τὴν
1013 3055 1186 3126 μέσην
1207 3095 1222 3119 ,
1255 3055 1392 3110 ἀλλὰ
1418 3056 1517 3127 τὴν
1563 3058 1840 3130 θειοτέραν
1863 3075 1876 3088 ·
1913 3060 2007 3112 καὶ

420 3148 531 3218 γὰρ
577 3149 637 3202 τὸ
697 3148 931 3220 γράμμα
963 3148 1295 3211 ἀποκτείνει,
1339 3150 1432 3202 καὶ
1477 3151 1697 3220 ἐμποιεῖ
1752 3150 2002 3218 θάνατον,

417 3242 481 3294 σὺ
520 3241 612 3294 τὸν
655 3240 795 3294 κατά
831 3241 922 3294 τὸν
971 3240 1248 3312 χωρισμὸν
1287 3240 1388 3311 τῆς
1426 3240 1602 3312 ψυχῆς
1631 3241 1740 3295 ἀπὸ
1765 3242 1860 3297 τοῦ
1892 3243 1998 3297 σώ-

425 3349 630 3403 ματος,
669 3331 805 3385 ἀλλὰ
836 3332 928 3385 τὸν
959 3330 1100 3385 κατὰ
1137 3331 1228 3385 τὸν
1263 3329 1408 3402 (76)
1443 3333 1718 3404 χωρισμὸν
1758 3335 1859 3404 τῆς
1893 3335 1998 3406 ψυ-

422 3423 524 3493 χῆς
555 3423 663 3476 ἀπὸ
693 3422 788 3475 τοῦ
821 3421 989 3488 Θεοῦ,
1031 3423 1126 3476 καὶ
1161 3421 1256 3476 τοῦ
1296 3422 1505 3494 Κυρίου
1541 3423 1741 3492 αὐτοῦ,
1783 3427 1875 3479 καὶ
1905 3424 1999 3480 τοῦ

421 3514 579 3582 ἁγίου
613 3513 753 3566 Πνεύ
762 3531 947 3584 ματος.

493 3606 582 3659 24.
611 3607 833 3678 Μήποτε
871 3605 928 3659 δὲ
967 3605 1062 3659 καὶ
1103 3605 1163 3660 τό
1186 3623 1200 3636 ο
1244 3624 1264 3658 t
1314 3606 1646 3670 Ἀντανελεῖς
1686 3607 1746 3662 τὸ
1788 3609 2002 3680 πνεῦμα

423 3695 637 3758 αὐτῶν,
675 3695 768 3748 καὶ
808 3694 1147 3765 ὲκλείψουσι·
1188 3714 1207 3748 ι
1257 3695 1382 3760 καὶ,
1421 3715 1440 3749 ι
1496 3696 1905 3764 Ἐξαποστελεῖς
1941 3701 2002 3754 τὸ

424 3786 642 3858 πνεῦμά
667 3804 796 3852 σου,
831 3788 924 3841 καὶ
964 3786 1378 3858 κτισθήσονται,
1421 3788 1513 3842 καὶ
1559 3790 1890 3854 ἀνακαινιεῖς
1941 3792 2003 3845 τὸ

427 3879 714 3948 πρόσωπον
744 3880 845 3950 τῆς
876 3881 1016 3951 γῆς,
1057 3898 1076 3932 ι
1130 3880 1334 3951 βέλτιον
1371 3880 1716 3951 ὲκληψόμεθα
1758 3883 1865 3935 ἀπὸ
1904 3883 1999 3937 τοῦ

428 3971 758 4042 Πνεύματος,
781 3971 878 4025 καὶ
907 3971 1378 4043 ὑπολαμϐάνοιμεν
1401 3973 1536 4043 (77),
1562 3973 1642 4026 ὅτι
1668 3975 1696 4027 ὁ
1729 3976 2004 4046 στερισκό-

430 4079 588 4132 μενος
617 4061 710 4115 τοῦ
737 4061 882 4115 θείου
909 4064 1048 4115 Πνεύ
1057 4079 1225 4133 ματος
1246 4063 1425 4133 χοῖκὸς
1446 4063 1673 4131 γίνεται,
1701 4064 2002 4135 ἐπιτήδειόν

423 4171 484 4206 τε
516 4154 706 4208 ἑαυτὸν
739 4155 970 4225 ποιήσας
1007 4153 1142 4224 πρὸς
1179 4152 1488 4224 παραδοχὴν
1516 4153 1678 4207 αὐτοῦ
1702 4195 1717 4218 ,
1764 4156 1858 4207 καὶ
1907 4153 2004 4208 λα-

425 4245 533 4298 ϐὼν
564 4245 696 4300 αὐτὸ
726 4243 1179 4316 ἀνακτισθή-σεται
1205 4244 1298 4298 καὶ
1329 4245 1840 4318 ἀνακαινισθήσεται
1867 4247 1999 4319 (78).

451 4367 458 4375 ‘
493 4362 538 4394 ³⁸
570 4361 713 4416 Psal.
747 4377 904 4424 xxvt,
935 4361 986 4418 i.

424 4434 476 4490 6.
554 4433 670 4465 “"’
700 4433 828 4486 ibid.
902 4433 948 4464 ⁸ο
979 4429 1120 4486 Psal.
1154 4445 1271 4494 cm,
1301 4431 1392 4486 29.
1468 4432 1512 4462 "
1539 4431 1667 4487 ibid.
1699 4431 1790 4486 '50.

1063 4361 1107 4431 *ᾗ
1146 4359 1308 4417 Hebr.
1339 4376 1436 4428 xu,
1462 4361 1550 4415 29.
1629 4359 1676 4392 ⁸ο
1708 4361 1723 4415 Ι
1753 4361 1876 4418 Cor.
1929 4379 2001 4419 nt

2105 4371 2131 4418 ι.
2207 4365 2250 4397 ⁸⁸
2276 4363 2442 4420 Hebr.
2466 4381 2568 4431 xu,
2593 4363 2686 4420 29.
2759 4367 2803 4396 "
2824 4363 2980 4419 Joau.
3011 4378 3085 4431 IV,
3115 4363 3206 4419 24.

2107 1950 2430 2006 invisibilem
2459 1959 2515 2005 et
2550 1951 2928 2021 incorpoream
2978 1950 3176 2014 lucem,
3203 1947 3362 2018 233
3394 1948 3475 2002 sic
3502 1947 3682 2003 dictus

2107 2055 2331 2116 propter
2371 2044 2481 2100 vim
2525 2023 2864 2099 illuininandi
2905 2041 3094 2098 oculos
3148 2041 3540 2113 intelligibiles.
3572 2043 3682 2110 Ap-

2107 2137 2338 2208 pellatur
2381 2136 2547 2192 etiam
2595 2154 2614 2187 ι
2649 2135 2790 2205 ignis
2848 2135 3305 2198 consumens“,r
3363 2131 3681 2189 considera-

2109 2230 2260 2284 tione
2305 2228 2490 2283 habita
2525 2227 2594 2282 ab
2627 2243 2692 2282 eo
2725 2228 2847 2297 igne
2875 2227 2968 2297 qui
3005 2236 3089 2282 est
3138 2241 3430 2297 corporeus
3463 2234 3519 2280 et
3551 2239 3682 2280 con-

2108 2331 2354 2390 sumptor
2387 2319 2510 2374 talis
2547 2319 2807 2374 materiae.
2843 2317 3033 2373 Simile
3072 2319 3329 2388 quiddam
3363 2317 3494 2371 mihi
3532 2316 3682 2370 vide-

2110 2423 2202 2468 tur
2230 2428 2350 2469 esse
2407 2413 2568 2478 Deus,
2617 2427 2742 2467 cum
2780 2411 3004 2480 Spiritus
3043 2411 3244 2467 dicitur
3279 2412 3324 2442 ⁸³
3362 2425 3380 2464 :
3423 2410 3678 2480 quoniam

2110 2505 2252 2560 enim
2289 2504 2657 2558 viviﬁcatione
2686 2517 2750 2559 ea
2784 2518 2909 2574 qua:
2943 2504 3119 2558 media
3163 2511 3268 2567 est,
3300 2510 3359 2557 et
3387 2515 3508 2572 quae
3531 2514 3682 2556 com-

2109 2596 2347 2652 muniori
2389 2595 2652 2650 vocabulo
2673 2596 2782 2650 vita
2822 2594 3143 2666 appellatur,
3173 2594 3320 2649 dicta
3360 2593 3523 2649 etiam
3555 2607 3680 2646 cor-

2109 2687 2312 2758 poralis
2360 2685 2521 2743 ﬂatus
2554 2687 2677 2742 vita:
2701 2725 2718 2752 ,
2744 2686 2993 2742 viventes
3022 2685 3362 2740 viviﬁcamur
3394 2699 3425 2738 a
3455 2683 3682 2754 spiritu;

2111 2780 2236 2836 inde
2264 2787 2538 2849 sumptum
2565 2777 2738 2833 fuisse
2763 2778 3026 2840 arbitror,
3071 2785 3130 2831 ut
3163 2777 3310 2832 Deus
3354 2776 3558 2833 ducens
3586 2791 3687 2832 nos

2108 2873 2178 2928 ad
2205 2872 2372 2926 vitam
2409 2885 2618 2937 veram,
2659 2872 2886 2941 spiritus
2937 2870 3170 2926 dicatur.
3221 2869 3459 2938 Spiritus
3511 2871 3682 2936 enim,

2109 2980 2266 3021 more
2295 2980 2464 3021 sacrae
2509 2963 2832 3034 Scriptura,
2855 2965 3052 3020 dicitur
3081 2965 3132 3018 id
3163 2963 3307 3034 quod
3353 2961 3594 3018 viviﬁcat
3615 2963 3684 3028 “,

2111 3073 2220 3114 non
2253 3072 2320 3114 ea
2354 3057 2748 3122 viviﬁcatione,
2780 3071 2900 3126 quae
2929 3068 3014 3112 est
3037 3057 3238 3121 media,
3266 3053 3363 3111 sed
3391 3053 3640 3110 diviniori
3666 3073 3682 3120 ;

2108 3151 2309 3209 etenim
2337 3150 2517 3207 littera
2535 3149 2737 3205 occidit
2755 3148 2894 3215 “"',
2917 3159 2972 3204 et
2987 3149 3269 3219 ingenerat
3295 3158 3545 3216 mortem,
3577 3164 3684 3203 non

2107 3257 2229 3298 eam
2260 3257 2382 3312 qua:
2411 3251 2494 3296 est
2520 3240 2790 3310 separatio
2841 3240 3036 3294 animae
3063 3255 3093 3293 a
3133 3253 3380 3309 corpore,
3412 3239 3507 3296 sed
3537 3255 3684 3294 mor-

2107 3341 2217 3388 tem
2256 3347 2380 3402 qua:
2430 3333 2669 3388 animam
2705 3349 2735 3387 a
2775 3331 2886 3387 Deo
2912 3338 2968 3387 et
2997 3329 3228 3387 Domino
3273 3345 3374 3386 suo
3408 3339 3464 3386 et
3491 3337 3683 3387 sancto

2106 3424 2313 3496 Spiritu
2339 3435 2581 3497 separat.

2177 3603 2270 3660 24.
2309 3605 2442 3661 Vide
2472 3606 2636 3678 igitur
2656 3621 2722 3662 ne
2749 3609 2890 3662 i'orte
2913 3604 3042 3660 illud
3075 3619 3091 3660 :
3128 3623 3148 3658 ι
3180 3604 3408 3660 Auferes
3427 3604 3679 3674 spiritum

2107 3695 2176 3751 ab
2214 3697 2314 3764 eis,
2341 3705 2395 3752 et
2435 3697 2691 3753 deﬁcient
2714 3699 2797 3763 3°;
2830 3717 2850 3750 ι
2884 3707 2943 3754 ει
2983 3697 3156 3752 illud:
3193 3715 3213 3748 ι
3252 3697 3482 3752 Emittcs
3521 3696 3684 3767 spiri-

2108 3794 2218 3840 tum
2251 3797 2421 3850 tuum,
2456 3798 2512 3842 et
2549 3788 2906 3853 creabuntur,
2941 3795 2997 3844 et
3021 3787 3314 3843 renovabis
3340 3787 3535 3842 faciem
3567 3796 3679 3843 ter-

2107 3893 2181 3934 ra:
2200 3879 2268 3945 δι,
2293 3899 2314 3933 ι
2353 3879 2546 3936 melius
2577 3895 2971 3949 exponeremus
3000 3882 3066 3936 de
3096 3880 3281 3936 divino
3309 3879 3535 3949 Spiritu,
3566 3879 3682 3934 exi-

2106 3969 2393 4026 stimantes
2423 3972 2570 4038 quod
2602 3971 2694 4040 qui
2738 3971 2986 4040 privatur
3012 3971 3197 4026 divino
3244 3969 3472 4039 Spiritu,
3507 3978 3680 4023 terre-

2108 4075 2212 4116 nus
2245 4060 2551 4128 efﬁciatur;
2588 4077 2713 4118 cum
2745 4061 3069 4131 contraqui
3098 4073 3284 4128 aptum
3325 4059 3562 4128 seipsum
3591 4057 3688 4124 Ιεο-

2107 4153 2248 4207 cerit
2272 4159 2340 4210 ad
2371 4155 2772 4224 susceptionem
2802 4152 2996 4223 ipsius,
3029 4164 3082 4209 et
3113 4167 3236 4207 eum
3267 4151 3559 4221 acceperit,
3585 4163 3678 4204 re-

2111 4257 2339 4303 novetur
2370 4257 2426 4302 et
2453 4247 2629 4302 denuo
2657 4255 2896 4302 creetur.
2937 4244 3257 4316 Huiusmodi
3290 4242 3547 4312 quiddam
3593 4251 3681 4298 est

3281 4361 3328 4395 ⁸³
3355 4361 3398 4416 Π
3423 4361 3550 4417 Cor.
3593 4375 3677 4428 ttl,

496 4523 609 4594 (τι)
636 4522 764 4603 ,Τοῦ
796 4522 908 4578 νοῦ
935 4521 1199 4603 ᾴοράτου
1238 4520 1396 4591 ’ἡμᾶς
1422 4504 1996 4603 ,αὐ-τὸνρπολαμϐάτ

2105 4524 2466 4603 Ξεςβτξιξευῐη
2496 4539 2603 4580 ηοη
2636 4533 2759 4578 est:
2789 4523 3040 4603 ὑπιόντος
3062 4521 3207 4603 ηοηά
3236 4520 3438 4603 legisse
3461 4519 3677 4603 videtur

425 4611 554 4648 νεεν
578 4591 819 4662 φῶρα..
853 4593 950 4647 καὶ
991 4591 1222 4662 πρέπον
1264 4610 1332 4662 γε
1374 4591 1454 4658 τῷ
1500 4593 1694 4660 Κυρίῳ
1747 4591 1879 4648 ἐστὶ
1931 4595 1997 4649 τὸ

425 4661 764 4718 ἀναλίσκον
795 4663 867 4717 τὰ
891 4661 1156 4724 τοιαῦτα,
1187 4661 1294 4718 etc.
1349 4662 1439 4716 Sic
1490 4663 1636 4717 hunc
1688 4663 1887 4725 locum,
1944 4665 1997 4718 in

426 4735 613 4788 codice
641 4731 812 4802 Regio
838 4734 1040 4788 misere
1093 4733 1332 4786 luxatum
1365 4741 1420 4786 et
1454 4733 1703 4802 hiatibus
1751 4733 1996 4800 plenum,

427 4803 648 4858 sanitati
702 4801 1040 4856 restituimns
1086 4804 1282 4872 partim
1314 4818 1378 4857 ex
1428 4803 1616 4858 codice
1677 4801 1996 4866 Bodleiano,

426 4873 625 4943 partim
660 4888 722 4925 ex
756 4873 1074 4943 Barberino.

355 4960 358 4964 ·
426 4940 464 4963 ”’
489 4942 614 5066 ι(⁵75)
657 4943 822 4997 Ἐπεὶ
841 4940 953 5012 γὰρ
991 4944 1078 5008 εὶς
1100 4942 1236 5010 τήν,
1263 4950 1368 4996 etc.
1407 4940 1580 4995 Locus
1602 4941 1692 4996 ltic
1712 4941 1997 4997 curatione

427 5013 480 5066 in
528 5016 652 5066 inet.
691 5028 854 5066 nuam
892 5027 959 5066 ex
997 5012 1272 5066 codicibus
1312 5011 1516 5066 nostris
1563 5027 1693 5066 mss.
1751 5011 1843 5065 vix
1891 5011 1994 5066 sibi

427 5011 661 5082 indiget,
691 5011 856 5082 qnam
892 5027 959 5066 ex
997 5012 1272 5082 codicibus
1312 5011 1516 5067 nostris
1563 5027 1693 5082 mss.
1751 5011 1843 5082 vix
1891 5011 1994 5082 sibi

426 5080 843 5150 qttis‘spondere
873 5081 1062 5151 possit.
1089 5082 1170 5136 Ad
1196 5084 1494 5151 marginem
1540 5080 1747 5135 codicis
1791 5081 1996 5151 Barbe-

428 5149 533 5204 rini
558 5163 613 5204 et
641 5149 1149 5221 Bodleiani‘legitnr
1181 5167 1195 5203 :
1233 5149 1389 5221 Ἐπεὶ
1437 5149 1547 5221 γᾲρ
1593 5151 1640 5202 οἱ
1682 5150 1996 5221 τὴν-μέσην

426 5222 519 5274 καὶ
546 5221 851 5293 κοινότερον
889 5219 1228 5292 καλουμένην
1283 5219 1428 5342 (tu?
1481 5219 1680 5283 ζῶντες
1720 5219 1833 5273 τοῦ
1869 5219 1998 5290 περ).

426 5292 573 5342 ἡμᾶς
613 5289 944 5342 πνεύματος.
988 5289 1086 5342 τὴν
1150 5289 1362 5342 καλουυ.
1393 5306 1491 5342 νην
1544 5288 1996 5342 σωματικώτεοον

426 5292 573 5361 ἡμᾶς
613 5288 944 5361 πνεύματος,
1150 5288 1491 5361 καλουμένην
1544 5288 1996 5361 σωματικώτερον

427 5359 599 5432 πνοὴν
633 5359 802 5430 ζωῆς,
832 5359 1267 5432 ζωο-ποιούμεοα,
1298 5359 1454 5432 _etc_.,'
1491 5375 1654 5432 quam
1708 5359 1994 5432 lectionem

426 5428 644 5500 secutus
674 5428 905 5500 videtun
933 5428 1257 5500 Ferrarius.
1297 5428 1578 5484 Pcrionius
1617 5444 1713 5495 pro
1762 5428 1997 5500 ὁρῶντες

427 5499 625 5566 legisse
648 5499 860 5554 videtur
886 5498 1158 5562 ὑπιόντος,
1218 5499 1298 5552 sic
1353 5510 1533 5552 autem
1598 5498 1994 5552 totumilocum

427 5571 814 5638 interpretatus
839 5577 924 5624 est
951 5587 967 5624 :
997 5567 1305 5638 «Quoniam
1330 5569 1472 5638 enim
1499 5583 1622 5621 cum
1653 5568 1709 5638 in
1741 5569 1992 5638 mediam,

426 5649 484 5692 et
521 5636 742 5701 in‘eam,
775 5653 896 5706 qua:
921 5637 1118 5706 stepius
1143 5638 1250 5690 vita
1279 5637 1600 5705 appellatur,
1634 5636 1860 5704 spiritus
1899 5639 1996 5704 qui

431 5725 529 5762 nos
559 5709 750 5770 ambit.
793 5707 961 5761 intrat
985 5722 1051 5760 eo
1073 5706 1265 5773 Spiritu
1293 5708 1434 5772 vitm,
1462 5707 1553 5774 qui
1583 5707 1824 5760 crassior
1856 5707 1996 5760 dici-

432 5787 540 5841 tur,
573 5779 678 5830 vivi
709 5778 1021 5830 etlirimura
1051 5775 1265 5844 spiritu,
1301 5795 1320 5828 ι
1358 5786 1464 5830 etc.
1496 5777 1552 5828 In
1592 5775 1779 5830 codice
1827 5775 1996 5843 Regio

430 5863 530 5917 pro
554 5846 788 5919 ὁρῶντες
815 5848 1008 5918 legitur
1029 5845 1292 5916 ὁπῶντες,
1325 5855 1382 5902 at
1432 5845 1775 5915 participium
1829 5847 1996 5901 ὀπῶν-

2100 4587 2402 4652 Ρετίοηίοε.
2434 4609 2598 4650 εειιεο
2619 4605 2790 4660 caret,
2819 4596 3056 4661 itemque
3079 4587 3316 4662 ὁρῶντες
3340 4590 3498 4644 codd.
3519 4587 3675 4662 Bod-

2100 4665 2260 4720 leiani
2284 4675 2340 4717 et
2363 4665 2668 4719 Barberini.
2696 4665 2834 4718 Aliis
2853 4659 2987 4732 ergo
3019 4659 3128 4730 pro
3145 4659 3382 4732 ὁρῶντες
3424 4660 3674 4732 scriben-

2099 4736 2225 4805 dum
2249 4735 2464 4805 videtnr
2489 4733 2746 4805 ὁρῶντος,
2771 4750 2834 4788 ac
2855 4729 3078 4788 vertunt
3107 4729 3347 4805 adhunc
3392 4729 3622 4805 modum
3655 4747 3670 4782 :

2103 4823 2123 4854 ε
2158 4803 2289 4859 Tale
2319 4803 2449 4872 quid
2503 4797 2636 4858 mihi
2689 4797 2902 4858 videtur
2932 4811 2994 4872 et
3036 4805 3103 4854 de
3150 4800 3279 4855 illo:
3313 4797 3552 4868 Spiritus
3587 4808 3677 4872 est!

2099 4873 2260 4928 Deus.
2297 4870 2498 4928 {Nam
2551 4875 2676 4942 quia
2714 4889 2837 4929 cum
2867 4871 3094 4943 spiritus
3126 4879 3311 4926 noster
3338 4875 3562 4943 speetet
3602 4870 3670 4920 ad

2099 4945 2377 5007 mediam,
2437 4952 2492 4996 et
2535 4938 2841 5014 ‘vnlgarius
2899 4938 3244 5014 appellatam
3298 4939 3490 5014 vitam,
3547 4953 3672 5005 qua:

2097 5014 2269 5083 magis
2302 5007 2916 5083 corporaliter'vocatur
2940 5007 3097 5083 [latus
3138 5012 3286 5083 vitat,
3331 5007 3671 5083 vivillc_amnr

2097 5098 2127 5135 a
2163 5079 2356 5154 spiritu
2377 5079 2557 5154 {inde
2590 5093 2864 5154 sumptum
2889 5079 3058 5154 fuisse
3097 5080 3365 5154 arbitror,
3407 5079 3658 5154 ut_Deus,

2097 5147 2209 5223 qui'
2233 5167 2331 5207 nos
2357 5153 2506 5206 ducit
2552 5154 2619 5208 ad
2667 5147 2850 5207 veram
2887 5150 3103 5223 _vit_am,
3152 5149 3378 5223 spiritus
3434 5147 3662 5223 dicatur.
3709 5215 3717 5223 ἱ

2097 5216 2336 5290 Spiritus
2373 5223 2516 5276 enim
2540 5224 2842 5278 secundum
2882 5218 3226 5290 Scripturam
3261 5219 3460 5290 dicitur
3488 5216 3665 5272 viviﬁ-

2097 5289 2245 5358 care,
2275 5292 2436 5360 plane
2485 5307 2592 5346 non
2620 5290 2987 5347 viviﬁcatione
3027 5289 3226 5352 media,
3260 5289 3355 5343 sed
3407 5303 3492 5353 ea,
3540 5302 3664 5356 qua:

2097 5362 2332 5416 divinior
2360 5371 2462 5415 est.
2503 5381 2523 5414 ι

2190 5431 2281 5499 76)
2307 5432 2469 5487 Κατὰ
2514 5433 2641 5487 τόν.
2671 5431 2833 5486 Deest
2869 5430 2922 5484 in
2950 5427 3150 5499 codice
3172 5424 3362 5496 Regio.

2192 5496 2981 5624 |77)I[{ul.t'mo.1ay6dromer.
3041 5496 3152 5551 Καί
3207 5501 3546 5555 desideratur
3605 5497 3659 5553 in

2204 5586 2281 5624 tce
2358 5588 2497 5624 cato.

2096 5586 2281 5627 counce
2307 5586 2497 5641 negto.

2168 5641 2280 5708 (78)
2321 5638 2928 5708 Ἆτὶακαινισθήσεται.
2951 5639 3044 5694 Sic
3073 5649 3218 5695 recte
3252 5640 3454 5695 habent
3498 5638 3655 5693 codd.

2097 5711 2428 5782 Bodleianns
2455 5724 2508 5765 et
2533 5711 2882 5778 Barberinus,
2907 5710 2959 5765 in
2994 5709 3164 5782 Regio
3213 5724 3491 5782 perperam
3527 5713 3654 5779 legi-

2099 5793 2154 5838 tu
2165 5797 2190 5838 r
2211 5781 2535 5852 σωθήσεται.
