4170 6430
449 351 554 404 459

1902 353 2226 409 υιιιυιςδιδ

3590 362 3696 413 H0

448 471 578 526 illud
607 473 696 526 "z
740 491 756 523 ι
783 471 1078 528 Insumavit
1120 474 1171 525 in
1209 472 1404 528 faciem
1445 477 1566 546 ejus
1613 478 1797 532 ﬂatum
1853 481 2011 542 vita},

2123 475 2368 528 Τοιοῦτον
2411 477 2456 528 δ’
2508 477 2574 530 ἂν
2615 477 2700 546 εἴη
2739 479 2832 530 καὶ
2872 477 2968 530 τό·
3021 495 3038 527 ι
3095 476 3458 549 Ἐνεφύσησεν
3505 481 3584 544 είς
3635 483 3696 533 τὸ

445 574 504 618 et
536 563 709 616 lactus
738 573 822 617 est
846 569 1008 618 homo
1039 567 1090 618 in
1119 568 1354 620 animam
1383 569 1662 626 viventem
1686 588 1702 622 ;
1740 589 1758 620 ι
1796 571 1932 624 adeo
1961 581 2019 623 ut

444 667 502 710 et
537 657 970 726 inspirationem,
1013 671 1069 714 et
1117 661 1305 714 [latum
1338 663 1483 727 vitm,
1520 675 1575 718 et
1619 666 1785 720 vitam
1819 668 2018 720 animm

448 749 810 817 spiritualiter
839 751 1223 820 intelligamus.
1250 754 1514 820 Quoniam
1553 768 1735 812 autem
1769 760 1854 814 vis
1883 776 2016 829 pra:-

450 847 590 900 dicta
655 857 808 899 nacta
870 848 1107 901 animam
1168 851 1375 916 sancti,
1427 853 1582 921 quasi
1635 855 2016 913 domuncula"!

450 945 656 1005 aptam,
692 940 927 1007 seipsam
960 942 1183 995 exhibet
1222 945 1288 997 ad
1344 947 1796 1014 permanendum,
1831 959 1892 1002 ut
1941 950 2015 1002 ita

451 1028 662 1098 loquar,
690 1030 744 1082 in
772 1045 858 1094 ea,
894 1041 949 1086 et
994 1042 1218 1101 propter
1255 1037 1356 1089 hoc
1405 1037 1532 1091 illud
1579 1040 1843 1108 scriptum
1895 1055 2017 1096 esse

447 1123 612 1174 etiam
646 1122 1062 1176 existimandum
1092 1125 1236 1178 est“
1263 1147 1276 1179 :
1319 1145 1337 1177 ι
1368 1125 1688 1184 lnhabitabo
1737 1131 1789 1184 in
1831 1133 1932 1194 eis,
1963 1142 2017 1187 et

449 1211 803 1268 deambulabo
850 1216 991 1269 inter
1045 1217 1212 1286 ipsos,
1247 1231 1301 1272 et
1331 1235 1426 1274 ero
1473 1221 1580 1276 illis
1620 1224 1779 1289 Deus,
1810 1235 1862 1278 et
1916 1225 2015 1292 ipsi

447 1313 612 1357 erunt
663 1305 792 1357 mihi
843 1307 1112 1374 populus:
1149 1328 1168 1360 ι
1212 1310 1378 1364 multa
1433 1326 1564 1366 sane
1623 1315 2019 1370 exercitatione

447 1408 691 1461 egemus,
715 1404 770 1448 ut
792 1397 1010 1464 perfecti
1036 1408 1092 1452 et
1111 1403 1393 1456 exercita-ti
1428 1403 1480 1456 in
1505 1405 1589 1458 his
1617 1421 1738 1474 quae
1761 1405 2018 1460 Paulus“

452 1494 609 1538 vocat
649 1488 915 1550 sensoria,
959 1488 1258 1558 dijudicare
1293 1494 1563 1560 possimus
1595 1497 1734 1551 bona
1764 1507 1817 1551 et
1851 1498 2014 1561 mala,

451 1584 577 1622 vera
605 1581 659 1625 et
694 1571 852 1638 falsa,
893 1576 1181 1644 ridereque
1216 1579 1568 1649 intelligibilia
1595 1624 1610 1648 ,
1639 1599 1748 1654 quo
1785 1586 2017 1656 diligen-

451 1663 578 1725 tius,
603 1674 658 1718 et
688 1673 746 1718 ut
779 1666 885 1718 Deo
927 1668 1095 1738 magis
1129 1680 1213 1723 est
1260 1672 1480 1740 decens,
1507 1675 1670 1748 234
1692 1677 1845 1745 juxta
1873 1679 2016 1734 vires

453 1756 703 1809 humana:
764 1769 988 1820 naturae,
1054 1760 1353 1832 intelligere
1405 1769 1693 1834 possimus,
1743 1773 2018 1840 quomodo

2127 567 2412 638 πρόσωπον
2438 568 2601 621 αὑτοῦ
2630 569 2796 640 πνοὴν
2831 571 2994 641 ζωῆς,
3031 571 3123 624 καὶ
3163 572 3378 638 ἐγένετο
3418 572 3447 624 6
3489 572 3693 642 ἄνθ-ρωο

2125 676 2225 721 πος
2263 661 2342 724 είς
2374 660 2551 730 ψυχὴν
2574 661 2773 724 ζῶσαν
2812 681 2830 712 ι
2856 661 2997 716 ὥστε
3027 665 3121 716 καὶ
3149 663 3211 715 τὸ
3243 662 3562 734 ἐμφύσημα,
3598 666 3694 718 καὶ

2122 752 2220 821 τὴν
2249 753 2414 823 πνοὴν
2437 753 2538 822 τῆς
2565 752 2731 824 ζωῆς,
2760 756 2853 807 καὶ
2894 755 2993 826 τὴν
3021 755 3165 825 ζωὴν
3189 757 3288 825 τῆς
3324 755 3501 826 ψυχῆς
3532 775 3690 809 πνευ-

2126 844 2351 912 ματικὸν
2379 844 2488 914 (79)
2514 845 2730 898 ἀκούειν
2760 847 2927 915 ἡμᾶς.
2975 847 3124 900 Ἐπεὶ
3166 848 3222 900 δὲ
3256 850 3288 918 η
3320 851 3689 920 προειρημένη

2121 933 2348 1004 δύναμις
2370 930 2480 988 οἷον
2503 938 2815 1008 οἰκητήριον
2859 939 3160 1009 ἐπιτήδειον
3203 939 3437 1011 εὑροῦσα
3464 941 3563 1010 τὴν
3595 942 3692 994 τοῦ

2122 1024 2279 1090 ἁγίου
2308 1025 2486 1095 ψυχὴν
2505 1065 2519 1088 ,
2560 1026 2865 1080 ἐπιδίδωσιν
2895 1028 3088 1099 ἑαυτὴν
3111 1032 3178 1100 τῇ
3211 1032 3268 1082 ἐν
3294 1032 3432 1101 αὐτῇ
3455 1073 3469 1095 ,
3510 1031 3578 1082 ἵν’
3607 1032 3696 1084 οῦ-

2122 1131 2228 1178 τως
2261 1115 2418 1179 εἴπω,
2448 1117 2582 1188 μόνῃ
2606 1117 2910 1188 γεγράφθαι
2932 1122 3212 1190 νομιστέον
3227 1121 3288 1174 τό
3309 1138 3325 1151 ο
3359 1141 3377 1173 ι
3399 1123 3695 1194 Ἐνοικήσω

2124 1205 2180 1257 ἐν
2209 1205 2392 1269 αὐτοῖς
2414 1247 2428 1269 ,
2459 1208 2552 1260 καὶ
2579 1210 3012 1280 ὲμπεριπατήσω
3041 1213 3098 1264 ἐν
3125 1213 3305 1275 αὐτοῖς
3329 1253 3344 1277 ,
3376 1213 3469 1266 καὶ
3501 1213 3691 1282 ἔσομαι

2123 1297 2306 1360 αὐτοῖς
2342 1297 2471 1360 Θεὸς
2494 1338 2509 1363 ,
2547 1300 2642 1352 καὶ
2665 1302 2818 1354 αὐτοὶ
2845 1300 3057 1356 ἔσονταί
3087 1320 3178 1373 μοι
3210 1302 3337 1368 λαός
3355 1320 3368 1333 ·
3403 1321 3422 1354 ι
3453 1304 3694 1367 πλείονος

2127 1388 2372 1458 μέντοιγε
2401 1392 2808 1460 συγγυμνασίας
2833 1392 3061 1463 δεόμεθα
3087 1396 3168 1457 είς
3207 1394 3270 1446 τὸ
3311 1393 3698 1458 τελειωθέντας

2123 1482 2290 1550 ἡμᾶς,
2309 1482 2488 1535 καὶτὰ
2509 1483 2776 1553 λεγόμενα
2807 1485 2958 1555 παρὰ
2983 1486 3064 1556 τῷ
3100 1487 3404 1557 Ἀποστόλῳ
3437 1489 3698 1557 αἰσθητή-

2128 1581 2217 1634 ρια
2236 1567 2715 1636 γεγυμνασμένους
2741 1567 2872 1638 (80),
2893 1569 3257 1640 διακριτικοὺς
3277 1571 3526 1638 γενέσθαι
3559 1573 3704 1639 ἀγα-

2124 1654 2232 1707 θῶν
2255 1672 2314 1708 τε
2348 1657 2441 1709 καὶ
2473 1656 2677 1722 κακῶν,
2708 1657 2923 1727 ἀληθῶν
2949 1676 3008 1710 τε
3047 1660 3142 1712 καὶ
3167 1661 3410 1730 ψευδῶν,
3443 1664 3538 1714 καὶ
3563 1662 3705 1715 θεω--

2126 1747 2380 1816 ρητικοὺς
2420 1747 2643 1816 νοητῶν,
2680 1749 2764 1801 ἵνα
2797 1748 3111 1820 δυνηθῶμεν
3138 1751 3554 1823 ἐπιμελέστερον
3603 1754 3699 1806 καὶ

455 1845 593 1899 l‘eus
632 1846 703 1900 sit
759 1846 870 1910 lux,
901 1850 1174 1916 quomodo
1229 1851 1392 1920 ignis,
1450 1859 1720 1922 quomodo
1765 1837 2013 1928 spiritus.

2123 1837 2584 1910 θεοπρεπέστερον
2613 1839 2752 1893 κατὰ
2789 1841 2848 1892 τὸ
2875 1841 3220 1911 ἐνδεχόμενον
3244 1844 3562 1915 ἀνθρωπίνῃ
3595 1843 3695 1913 φύ-

449 1928 590 1993 Quin
624 1931 675 1983 in
705 1929 907 2000 Regum
946 1935 1107 1989 tertio
1139 1937 1265 1991 talia
1313 1942 1558 2007 quardam
1590 1947 1656 2000 de
1688 1947 1796 2002 Deo
1823 1964 2019 2020 sugge-

454 2021 526 2072 rit
565 2021 774 2075 Domini
815 2024 1040 2092 spiritus
1089 2029 1157 2084 ad
1211 2030 1380 2084 Eliam
1424 2033 1630 2101 factus;
1660 2037 1796 2094 dixit
1825 2043 1969 2094 enini
2002 2058 2016 2094 :

456 2129 476 2159 ο
501 2109 800 2179 Egredieris
827 2129 969 2178 cras,
995 2127 1048 2172 et
1075 2119 1247 2172 stabis
1267 2135 1452 2176 coram
1476 2124 1699 2180 Domino
1724 2129 1776 2182 in
1810 2141 2016 2196 monte,

448 2211 502 2254 et
527 2216 654 2256 cccc
698 2206 997 2272 prmteribit
1047 2208 1306 2266 Dominus
1326 2253 1342 2278 ,
1375 2223 1431 2266 et
1463 2226 1659 2272 ventus
1690 2235 1936 2290 magnus,
1964 2232 2015 2275 et

449 2291 626 2356 fortis,
657 2293 941 2350 diﬂindens
975 2311 1208 2365 montes,
1233 2313 1290 2357 et
1338 2305 1684 2376 confringens
1718 2320 1902 2379 petras
1926 2329 2019 2366 co-

449 2398 566 2438 ram
602 2385 864 2443 Domino:
893 2405 996 2444 non
1034 2391 1084 2445 in
1114 2403 1274 2449 vento
1307 2393 1566 2452 Dominus
1588 2417 1606 2449 ι
1642 2399 1715 2470 (in
1742 2401 1862 2456 aliis
1889 2417 2018 2458 vero

447 2479 848 2548 exemplaribus
871 2481 1216 2541 invenimus:
1247 2488 1300 2542 in
1324 2490 1518 2558 spiritu
1545 2491 1814 2565 Domini):
1848 2516 1866 2549 ι
1900 2503 2024 2563 post.

446 2578 666 2622 ventum
700 2573 1011 2637 cunimotio,
1039 2590 1143 2629 non
1171 2576 1224 2629 in
1251 2581 1613 2635 commotione
1649 2582 1938 2650 Dominus;
1967 2594 2022 2639 et

447 2668 569 2725 post
593 2661 1006 2716 commotionem
1025 2665 1184 2733 ignis,
1207 2681 1311 2720 non
1338 2666 1389 2720 in
1430 2667 1551 2736 igne
1576 2669 1870 2736 Dominus;
1898 2679 2022 2739 post

449 2751 629 2820 ignem
677 2759 879 2819 autem,
912 2766 1015 2806 vox
1051 2769 1196 2808 aurae
1244 2757 1423 2811 tenuis
1451 2759 1529 2821 '3;
1561 2778 1580 2810 ι
1614 2768 1666 2814 et
1697 2759 1930 2815 fortasse
1961 2760 2014 2817 in

449 2841 669 2908 quantis
696 2852 946 2913 Oporteat
973 2859 1072 2900 nos
1093 2847 1297 2899 versari
1323 2862 1422 2915 pro
1448 2853 1826 2920 cognoscendo
1851 2862 2018 2920 atque

447 2933 904 3002 apprehendendo
935 2935 1181 2996 Domino.
1211 2937 1521 2993 declaratur
1551 2956 1647 2995 uer
1674 2942 1790 2998 haec
1833 2945 2017 3012 ferba,

447 3044 568 3091 qua
592 3044 696 3083 non
715 3037 797 3083 est
828 3031 1110 3098 praesentis
1135 3031 1394 3098 temporis
1409 3047 1689 3091 enarrare.
1714 3033 2016 3100 Quemnam

448 3130 630 3174 autem
665 3121 846 3176 decuit
899 3122 964 3174 de
1011 3122 1120 3178 Deo
1167 3124 1351 3178 dicere
1410 3127 1568 3181 nobis
1619 3128 1869 3195 quisnam
1923 3130 2016 3194 sit,

449 3221 647 3281 praeter
677 3212 911 3268 Filium?
941 3213 1075 3270 Nam
1103 3235 1120 3267 ι
1150 3217 1362 3273 Patrem
1397 3234 1556 3272 nemo
1585 3220 1750 3286 novit,
1789 3221 1891 3274 nisi
1929 3219 2021 3274 Fi-

450 3304 556 3360 lius
583 3307 650 3372 ⁵⁸,
683 3327 703 3359 ι
740 3317 796 3362 ιιι
818 3309 983 3363 etiam
1011 3326 1129 3376 nos,
1168 3311 1442 3365 revelante
1472 3309 1630 3374 Filio,
1657 3325 2020 3380 agnoscamus

449 3411 686 3465 quonam
737 3410 897 3469 pacto
944 3401 1084 3456 Deus
1113 3404 1185 3457 sit
1236 3401 1498 3471 Spiritus,
1531 3411 1586 3455 et
1627 3404 2021 3458 contendamus

451 3487 617 3544 Deum
650 3491 879 3547 adorare
907 3493 960 3546 in
1009 3495 1202 3562 spiritu
1238 3495 1570 3562 viviﬁcante,
1608 3509 1714 3550 non
1745 3496 1796 3549 in
1840 3495 2020 3548 littera

451 3583 754 3648 occidente,
785 3598 1016 3654 eumque
1042 3585 1230 3645 colere
1257 3586 1312 3639 in
1342 3588 1592 3652 veritate,
1641 3603 1746 3642 non
1789 3588 2020 3656 amplius

452 3670 505 3723 in
557 3671 744 3743 [ignris
789 3685 842 3728 et
892 3675 1313 3744 exemplaribus,
1342 3678 1568 3744 perinde
1609 3687 1770 3748 atque
1820 3679 2018 3747 angeli,

449 3764 540 3832 qui
578 3781 682 3819 non
710 3765 1108 3836 exemplaribus
1141 3776 1195 3823 et
1225 3769 1414 3824 umbra
1445 3769 1747 3826 cmlestium
1791 3771 1899 3825 Deo
1929 3773 2022 3825 de-

450 3856 782 3922 serviunt",
813 3859 906 3913 sed
937 3859 1098 3914 rebus
1127 3860 1560 3932 intelligibilibus
1596 3873 1652 3918 et
1683 3862 2020 3932 superemic-

448 3947 654 4002 stibus:
685 3965 953 4004 summum
989 3952 1138 4006 illum
1176 3953 1530 4009 Sacerdotem
1553 3956 1849 4009 secundum
1872 3955 2020 4010 ordi-

449 4054 570 4092 nem
605 4040 1000 4099 Melcliisedech
1027 4061 1124 4114 pro
1146 4047 1419 4100 orantium
1453 4055 1614 4116 atque
1639 4049 1909 4117 egentium
1933 4063 2020 4102 sa-

450 4130 583 4192 lute.
618 4135 875 4189 habentes
905 4137 1099 4190 ducem
1134 4136 1316 4193 cultus
1337 4139 1550 4208 mystici
1577 4148 1744 4207 atque
1771 4138 2020 4193 ineffabi-

447 4222 514 4279 lts
538 4224 782 4279 visionis.

518 4404 608 4460 25.
647 4405 790 4461 Sane
816 4405 868 4458 in
897 4421 959 4460 ea
991 4407 1188 4461 verba:
1214 4424 1232 4458 ι
1257 4407 1496 4475 Spiritus
1523 4417 1605 4462 est
1628 4407 1765 4464 Deus
1787 4409 1849 4472 ⁵⁸,
1881 4429 1898 4461 i
1933 4410 2018 4462 in—

2123 1946 2202 1981 σει
2233 1930 2419 1997 νοῆται
2464 1931 2580 1994 πῶς
2622 1934 2766 1984 ἐστιν
2805 1934 2834 1984 6
2883 1933 3016 1996 Θεὸς
3065 1934 3217 2001 φῶς,
3271 1936 3365 1987 καὶ
3398 1933 3509 2006 πῦρ
3534 1974 3548 1998 ,
3601 1935 3702 1988 καὶ

2120 2021 2355 2091 πνεῦμα.
2385 2023 2493 2076 Καὶ
2525 2026 2582 2075 ἐν
2615 2026 2678 2094 τῇ
2707 2024 2862 2095 τρίτῃ
2906 2025 2963 2077 δὲ
3003 2025 3111 2078 τῶν
3136 2026 3430 2079 Βασιλειῶν
3457 2027 3519 2080 τὸ
3545 2028 3699 2094 γενό-

2122 2131 2279 2184 μενον
2313 2115 2529 2186 πνεῦμα
2570 2117 2774 2188 Κυρίου
2812 2118 2946 2188 πρὸς
2985 2118 3168 2172 Ἠλίαν
3201 2119 3377 2172 τοιάδε
3403 2119 3526 2172 τινὰ
3566 2121 3696 2173 ὑπο-

2120 2207 2302 2260 ϐάλλει
2336 2210 2462 2279 περὶ
2505 2208 2640 2261 Θεοῦ
2661 2226 2674 2238 ·
2721 2205 2840 2262 εἷπε
2873 2209 2982 2280 γάρ
3004 2228 3017 2240 ·
3083 2230 3101 2262 ι
3167 2210 3454 2284 Ἐξελεύσῃ
3485 2211 3695 2282 αὔριον,

2119 2299 2213 2351 καί
2239 2300 2408 2370 στήσῃ
2437 2298 2614 2352 ἔναντι
2634 2301 2835 2372 Κυρίου
2870 2303 2926 2353 ὲν
2954 2301 3031 2372 τῷ
3053 2302 3168 2372 ὄρει
3186 2319 3200 2332 ο
3235 2301 3342 2354 ἰδοὺ
3368 2303 3699 2372 παρελεύσε-

2119 2406 2211 2442 ται
2245 2389 2470 2460 Κύριος,
2501 2389 2597 2442 καί
2626 2391 2840 2461 πνεῦμα
2865 2392 3029 2462 μέγα,
3055 2392 3148 2445 καὶ
3174 2392 3453 2462 κραταιὸν,
3481 2392 3697 2445 διαλύον

2119 2479 2242 2550 ὅρη,
2290 2481 2384 2533 καὶ
2429 2481 2712 2552 συντρίόον
2761 2482 2966 2553 πέτρας
3013 2483 3242 2536 ἐνώπιον
3306 2484 3540 2555 Κυρίου·
3593 2480 3702 2538 οὐκ

2119 2575 2179 2625 ἐν
2207 2572 2285 2643 τῷ
2317 2571 2587 2642 πνεύματι
2617 2575 2820 2646 Κύριος
2851 2595 2870 2628 ι
2909 2577 2989 2645 (ἐν
3014 2576 3070 2628 δὲ
3101 2576 3279 2639 ἄλλοις
3307 2577 3537 2648 εὕρομεν
3555 2578 3690 2649 (81)-

2138 2664 2322 2734 Ἐντῷ
2364 2667 2627 2734 πνεύματι
2654 2664 2891 2738 Κυρίου)
2916 2683 2931 2696 ·
2961 2685 2979 2718 ι
3037 2667 3177 2738 μετὰ
3211 2670 3271 2722 τὸ
3313 2669 3529 2738 πνεῦμα
3565 2685 3694 2721 συσ-

2124 2755 2364 2826 σεισμὸς,
2397 2758 2497 2811 οὐκ
2525 2759 2583 2810 ἐν
2605 2757 2683 2827 τῷ
2707 2758 3019 2829 συσσεισμῷ
3041 2760 3274 2830 Κύριος·
3306 2761 3400 2815 καὶ
3439 2761 3576 2831 μετὰ
3605 2760 3695 2813 τὸν

2124 2847 2452 2916 συσσεισμὸν
2484 2847 2615 2919 πῦρ.
2657 2849 2756 2901 οὐκ
2801 2850 2857 2901 ἐν
2893 2849 2969 2919 τῷ
2995 2852 3127 2923 πυρὶ
3158 2853 3360 2923 Κύριος
3383 2869 3396 2882 ·
3433 2853 3527 2906 καὶ
3559 2852 3701 2922 μετὰ

2121 2935 2182 2989 τὸ
2206 2936 2316 3008 πῦρ
2346 2937 2497 3008 φωνὴ
2533 2937 2702 3008 αὔρας
2733 2938 2966 3008 λεπτῆς·
3007 2959 3026 2991 ι
3062 2942 3158 2993 καὶ
3182 2943 3322 3012 τάχα
3356 2959 3419 3011 γε
3455 2945 3514 2994 ἐν
3550 2944 3698 3004 ὅσοις

2120 3029 2298 3100 δεήσει
2346 3029 2586 3097 γίνεσθαι
2633 3031 2894 3102 περὶτῆς
2953 3034 3311 3104 καταλήψεως
3357 3034 3450 3088 τοῦ
3493 3035 3700 3106 Κυρίου

2121 3120 2374 3192 δηλοῦται
2437 3121 2524 3176 διὰ
2586 3123 2809 3187 τούτων,
2837 3125 2977 3196 ἅπερ
3040 3127 3099 3178 οὐ
3162 3125 3256 3179 τοῦ
3315 3126 3582 3196 παρόντος
3631 3127 3697 3179 ἂν

2123 3211 2206 3280 εἱή
2241 3211 2353 3281 (82)
2385 3212 2576 3282 καιροῦ
2601 3211 2979 3282 διηγήσασθαι.
3011 3214 3144 3267 Τίνα
3182 3215 3240 3269 δὲ
3287 3215 3491 3286 ἔπρεπε
3520 3214 3702 3283 λέγειν

2123 3305 2252 3374 ἡμῖν
2287 3307 2413 3377 περὶ
2455 3305 2545 3358 τοῦ
2577 3306 2711 3358 Θεοῦ
2730 3348 2745 3371 ,
2773 3308 2922 3371 ὅστις
2951 3309 3098 3361 ἐστὶν
3129 3349 3143 3371 ,
3175 3310 3207 3379 ἦ
3245 3309 3336 3361 τὸν
3384 3310 3512 3362 Υἱόν
3541 3309 3652 3380 (85)
3681 3325 3696 3372 ;

2129 3412 2148 3444 ι
2172 3396 2359 3460 Οὐδεὶς
2385 3397 2495 3468 γὰρ
2516 3397 2656 3465 ἔγνω
2679 3399 2770 3450 τὸν
2797 3399 3014 3472 Πατέρα
3048 3402 3094 3452 εί
3130 3399 3204 3471 μὴ
3225 3402 3253 3453 6
3277 3401 3456 3463 Υἱὸς,ι
3487 3401 3572 3454 ἵνα
3604 3401 3699 3453 καὶ

2123 3487 2786 3558 ἡμεῖς,ἀποκαλύπτοντος
2809 3489 2901 3542 τοῦ
2927 3491 3076 3553 Υἱοῦ,
3098 3491 3314 3560 γνῶμεν
3339 3491 3454 3553 πῶς
3483 3492 3704 3562 πνεῦμά

2122 3580 2271 3630 ἐστιν
2310 3581 2338 3631 6
2365 3578 2516 3642 Θεὸς,
2557 3579 2651 3630 καὶ
2687 3578 3168 3650 φιλοτιμησώμεθα
3203 3581 3261 3632 ἐν
3305 3580 3579 3651 πνεύματι
3622 3579 3702 3650 τῷ

2123 3667 2491 3733 ζωοποιοῦντι,
2519 3670 2614 3722 καὶ
2649 3671 2722 3740 μὴ
2745 3671 3032 3741 γράμματι
3061 3670 3138 3741 τῷ
3162 3671 3532 3724 ἀποκτείνοντι
3566 3671 3704 3742 (84),

2124 3764 2445 3830 προσκυνεῖν
2490 3761 2579 3813 τὸν
2621 3761 2776 3825 Θεὸν,
2825 3763 2919 3814 καὶ
2964 3763 3021 3814 ἐν
3061 3760 3285 3832 ἀληθείᾳ
3313 3762 3489 3814 σέϐειν
3515 3763 3698 3823 αὑτὸν,

2122 3855 2216 3906 καὶ
2243 3854 2437 3924 μηκέτι
2463 3854 2674 3918 τύποις,
2709 3854 2842 3924 μηδὲ
2868 3857 3044 3916 σκιαῖς
3077 3854 3212 3923 (85),
3247 3854 3341 3905 καὶ
3366 3853 3702 3922 ὑποδείγμα-

2124 3965 2226 4009 σιν,
2249 3947 2436 4019 ὥσπερ
2469 3947 2589 3999 οὐδὲ
2610 3949 2656 3998 οἱ
2681 3946 2898 4014 ἄγγελοι
2923 3946 3280 4015 ύποδείγμασι
3313 3947 3404 3998 καὶ
3427 3947 3554 4014 σκιᾷ
3575 3947 3701 4017 περὶ

2120 4038 2418 4111 ἀνθρώπων
2445 4039 2551 4109 (86)
2577 4039 2896 4108 λατρεύουσι
2921 4037 2996 4107 τῷ
3017 4038 3154 4107 Θεῷ,
3188 4037 3324 4090 ἀλλὰ
3348 4041 3458 4100 τοῖς
3489 4041 3700 4107 νοητοῖς

2120 4130 2213 4182 καὶ
2235 4129 2597 4201 ἐπουρανίοις,
2638 4128 2729 4180 τὸν
2754 4127 2895 4180 κατὰ
2917 4127 3014 4196 τὴν
3052 4127 3204 4192 τάξιν
3236 4126 3330 4180 τοῦ
3367 4128 3699 4198 Μελχισεδὲκ

2119 4222 2381 4292 ἀρχιερέα.
2411 4219 2602 4290 ὁδηγὸν
2655 4218 2869 4289 ἔχοντες
2917 4219 3021 4271 ὑπὸ
3055 4218 3162 4270 τῶν
3205 4219 3473 4288 δεομένων
3523 4235 3700 4288 σωτη-

2121 4317 2241 4387 ρίας
2275 4315 2543 4386 λατρείας,
2566 4313 2660 4366 καὶ
2681 4313 2946 4381 μυστικῆς
2980 4311 3074 4364 καὶ
3099 4313 3409 4382 ἀπορρήτου
3447 4311 3703 4383 θεωρίας.

2189 4406 2277 4459 25.
2318 4406 2410 4468 Εἰς
2461 4405 2708 4474 μέντοιγε
2735 4404 2794 4455 τό
2817 4421 2828 4433 ·
2863 4422 2880 4452 ι
2915 4402 3138 4473 Πνεῦμα
3173 4405 3201 4455 6
3233 4402 3384 4466 Θεὸς,
3411 4422 3432 4452 ›
3465 4405 3494 4456 6
3537 4403 3701 4471 Ἥρα-

448 4496 568 4563 quit
619 4493 919 4550 Heracleon
953 4512 966 4548 :
1006 4494 1404 4550 «Immaculata
1451 4497 1622 4563 enim,
1663 4507 1717 4552 et
1760 4513 1919 4568 pura,
1964 4509 2017 4552 et

2124 4498 2293 4551 κλὲων
2325 4498 2486 4568 φησίν
2512 4515 2523 4526 ·
2568 4497 2900 4566 ι”Αχραντος
2925 4494 3052 4565 γὰρ.
3087 4495 3182 4547 καὶ
3226 4493 3461 4565 καθαρὰ,
3485 4495 3578 4546 καὶ
3605 4494 3698 4546 ἀό-

447 4586 735 4642 invisibilis
761 4595 844 4640 est
874 4588 1053 4642 divina
1100 4588 1275 4657 ipsius
1312 4597 1531 4643 natura.
1560 4608 1580 4642 ι
1615 4589 1718 4644 Sed
1752 4592 1865 4644 haec
1895 4606 2016 4643 cum

555 4724 762 4796 'eren.
796 4742 859 4796 It,
885 4725 934 4779 7.
1014 4725 1060 4758 ³³
1089 4726 1127 4779 ll
1153 4726 1278 4780 Cor.
1302 4743 1378 4791 Vt,
1415 4727 1517 4791 l6;
1548 4728 1719 4784 Levit.
1754 4746 1935 4795 xxxvi,
1967 4731 2018 4784 li

2128 4730 2173 4761 ⁵⁵
2206 4729 2369 4783 llebr.
2403 4745 2459 4794 ν,
2491 4729 2578 4781 14.
2655 4727 2702 4758 ⁵⁵
2732 4726 2794 4780 ιιι
2823 4727 2950 4796 Reg.
2989 4725 3322 4791 x1x,ll,l%.

445 4811 523 4860 xl,
547 4795 640 4850 27.
744 4796 788 4828 ⁸⁷
817 4795 983 4850 Hebr.
1017 4811 1135 4862 vm,
1167 4797 1221 4850 5.
1297 4797 1342 4829 ⁵⁸
1371 4797 1526 4853 Joan.
1557 4815 1628 4868 iv,
1653 4799 1743 4856 9.4.

514 4914 626 4989 (79)
659 4915 1090 4982 Πνευματικόν.
1129 4916 1297 4972 Forte
1346 4917 1692 4972 scribendmn
1722 4937 2019 4989 πνευματι-

446 5003 579 5046 κως.

521 5054 632 5130 (80)
665 5052 1189 5130 Codd._Bodleianus
1243 5067 1301 5111 et
1335 5059 1678 5130 ABarhcrinus
1699 5099 1714 5122 ,
1745 5075 2020 5130 γεγυμνα-

448 5125 706 5198 σμένους
735 5123 954 5198 Regius,
989 5128 1440 5198 γεγυμνασμένα,

655 5193 835 5270 [Sedeat
866 5193 1211 5270 melampus,
1240 5193 1586 5270 εὑρίσκομεν.

515 5264 630 5334 (82)
661 5265 846 5333 ’Ἂπερ
877 5269 950 5319 οὐ
994 5264 1102 5318 τοῦ
1155 5264 1575 5335 παρόντος-’ἂν
1604 5268 1724 5336 εἴη.
1771 5269 1846 5324 lta
1895 5271 2015 5324 cod.

449 5337 776 5390 Bodleianus
802 5353 816 5399 ;
851 5336 1047 5398 Regius
1074 5350 1355 5402 perperam
1387 5341 1570 5391 omisit
1591 5340 1673 5390 οὐ.

517 5404 628 5475 (85)
666 5405 806 5458 Τίνα
829 5405 897 5458 δὲ
919 5406 1139 5473 ἔπρεπε
1160 5407 1361 5473 λέγειν
1390 5408 1533 5475 ἡμῖν
1565 5409 1696 5473 περὶ
1722 5409 1826 5461 τοῦ
1847 5409 2018 5473 Θεοῦ,

447 5475 616 5541 ὅστις
646 5475 836 5538 ἐστὶν,
872 5475 910 5542 ἢ
949 5478 1056 5528 τὸν
1090 5476 1261 5538 Υἱόν;
1293 5476 1383 5529 Sic
1419 5479 1581 5532 habet
1603 5479 1769 5532 codex
1793 5479 2015 5544 Regius,

449 5559 747 5612 sensusque
779 5555 998 5613 apertus
1035 5554 1154 5611 est;
1189 5545 1474 5600 Ferrarius
1527 5562 1655 5601 vero
1706 5563 1829 5602 cum
1875 5549 2018 5615 lege-

451 5625 556 5676 ret,
587 5615 662 5666 uti
717 5616 944 5667 habetur
1000 5616 1052 5668 in
1101 5616 1258 5669 codd.
1299 5615 1591 5670 Bodleiano
1619 5628 1672 5670 et
1696 5616 2017 5680 Barherino,

450 5684 582 5758 Τινρ⁸
608 5683 668 5758 δέ
698 5683 1127 5758 ἔπρεπελλέγειν
1169 5688 1299 5758 ἡμῖν
1355 5686 1482 5758 περὶ
1521 5685 1613 5739 τοῦ
1667 5687 1823 5745 Θεοῦ,
1870 5689 2018 5750 ὅστις

451 5753 677 5817 ὲστὶν,ἢ
735 5753 828 5806 τοῦ
866 5754 1020 5821 Υἱοῦ,
1086 5753 1264 5810 omnia
1313 5753 1654 5822 perturbavit
1709 5759 2012 5813 vertendo:

2129 4606 2287 4661 ρατος
2315 4590 2348 4660 ὴ
2380 4588 2501 4641 θεία
2525 4587 2634 4657 (87)
2665 4587 2824 4655 φύσις
2854 4585 3041 4638 αὐτοῦ.
3084 4605 3102 4637 ι
3139 4587 3254 4639 Οὐκ
3281 4581 3396 4639 οῖδα
3425 4585 3481 4637 δὲ
3517 4586 3566 4637 εἰ
3597 4583 3701 4638 ἐδί-

3420 4725 3468 4757 ⁵⁶
3503 4723 3698 4781 Matth.

2131 4940 2150 4972 ι
2185 4919 2376 4974 Decuit
2402 4926 2710 4993 autemnos
2749 4915 2922 4993 aliqua
2947 4916 3012 4967 de
3051 4914 3158 4968 Deo
3187 4913 3391 4977 dicere,
3446 4914 3701 4993 quisnam
3794 4947 3800 4952 -

2126 4992 2218 5052 sit,
2258 4989 2344 5042 vel
2393 4991 2458 5041 de
2503 4985 2640 5040 Filio
2670 4990 2814 5055 (nam
2847 4985 3061 5039 Patrem
3096 4999 3255 5038 nemo
3301 4987 3538 5054 agnovit,
3594 4985 3697 5036 nisi

2125 5058 2620 5129 Filius),ut_etia_m
2655 5071 2774 5129 nos,
2810 5075 2828 5107 ι
2876 5065 2981 5129 etc.

2223 5123 2313 5200 84)
2345 5126 2524 5203 (inde;
2559 5126 2906 5203 Bodleiarius,
2930 5123 3328 5203 ἀποκτιννύντι.
3400 5193 3433 5203 Π

2223 5132 2313 5200 84)
2345 5132 2524 5182 Codex
2559 5132 2906 5190 Bodleianus,
2930 5132 3328 5178 ἁποκτιννύντι.
3424 5193 3433 5203 ⁸

2198 5132 2316 5271 (85)
2356 5197 2522 5264 Μηδὲ
2547 5194 2770 5261 σκιαῖς.
2797 5196 2956 5250 Deest
2990 5196 3043 5250 in
3076 5197 3265 5249 eodem
3315 5193 3504 5249 codice
3561 5192 3702 5248 Bod-

2121 5269 2224 5325 leia
2235 5287 2325 5325 no.

2195 5340 2306 5411 (86)
2335 5336 2477 5406 Περὶ
2504 5335 2848 5411 ἀνθρώπων.
2871 5332 2950 5411 ita
2995 5333 3191 5411 legitur
3218 5335 3279 5411 in
3313 5342 3491 5411 textu
3533 5331 3694 5385 trium

2124 5404 2435 5465 noStrorum
2463 5421 2594 5460 mss.
2623 5406 2680 5459 In
2712 5406 2954 5474 margine
2983 5407 3185 5460 codicis
3218 5404 3492 5458 Bodleiaui
3515 5417 3698 5474 emen-

2123 5480 2284 5533 datur
2320 5479 2405 5534 his
2438 5476 2616 5530 verbis
2665 5475 2771 5528 τῶν
2802 5472 3159 5544 ἐπουρανίων,
3219 5488 3547 5544 rursumque
3591 5472 3691 5523 alia

2125 5565 2309 5614 manu,
2343 5549 2531 5618 ὥσπερ
2584 5547 2632 5599 οἱ
2683 5543 2980 5613 ἄνθρωποι.
3024 5545 3267 5618 Priorem
3326 5543 3698 5618 conjecturam

2127 5630 2346 5673 secutus
2386 5629 2470 5673 est
2499 5615 2548 5670 in
2580 5631 2677 5670 sua
2717 5616 3165 5682 interpretatione
3197 5615 3501 5669 Ferrarius.

2199 5689 2310 5761 (87)
2339 5688 2508 5746 Codd.
2545 5684 2747 5758 Regius
2771 5697 2823 5741 et
2848 5685 3201 5749 Barberinus,
3233 5683 3332 5738 καὶ
3353 5682 3495 5736 θεία.
