4170 6408
395 368 493 422 4H

1452 360 1808 429 (ΣΟΜΜΕΝΤ.
1847 371 1914 425 IN
1948 371 2142 426 JO.\N.
2181 367 2421 425 TOMUS
2456 368 2596 426 XIII.

3545 373 3654 427 4ίὲ

393 484 547 550 ἔαξεν
579 485 729 556 ἡμᾶς
764 485 934 540 ταῦτα
973 486 1162 550 εἰπὼν,
1203 487 1373 556 πῶς-ὁ
1404 487 1538 552 Θεὸς
1572 489 1790 559 πνεῦμὰ
1831 491 1965 540 ἐστι·

2077 487 2296 550 dixerit.
2331 488 2475 541 haud
2523 487 2638 541 seio
2688 500 2756 539 an
2781 484 3032 540 docuerit
3085 498 3184 539 nos
3213 485 3482 553 quomodo
3511 488 3652 542 Deus

394 578 454 630 τὸ
485 577 541 633 δέ
563 593 578 608 ·
621 596 639 628 t
675 579 811 642 Τοὺς
846 581 1284 650 προσκυνοῦντας
1315 584 1372 635 ἐν
1409 582 1678 653 πνεύματι
1712 584 1806 635 καὶ
1837 583 1970 654 ἀλη-

396 676 516 746 θείᾳ
548 677 630 730 δεῖ
664 681 1017 748 προσκυνεῖν,
1072 697 1092 730 ι
1133 679 1447 748 σαφηνίζειν
1490 679 1727 749 νομίζων
1773 679 1966 750 φησίν

401 786 421 820 t
460 767 648 834 ’Λξίως
679 766 774 820 τοῦ
813 772 1284 840 προσκυνουμένου
1312 771 1716 842 πνευματικῶς,
1739 772 1800 824 ού
1840 788 1972 842 σαρ-

397 858 598 920 κικῶς·
638 858 734 911 καὶ
771 858 878 930 γὰρ
917 860 1069 913 αὐτοὶ
1105 861 1204 930 τῆς
1237 862 1404 932 αὐτῆς
1446 861 1661 932 φύσεως
1706 861 1858 925 ὄντες
1894 862 1971 932 τῷ

397 948 570 1017 Πατρὶ
608 947 825 1020 πνεῦμά
857 951 1026 1012 εἰσιν,
1062 952 1257 1015 οἵτινες
1291 952 1430 1005 κατὰ
1466 952 1743 1023 ἀλήθειαν,
1783 954 1876 1005 καὶ
1907 954 1969 1006 ού

397 1040 536 1092 κατὰ
559 1039 765 1111 πλάνην
779 1041 1160 1111 προσκυνοῦσι,
1179 1043 1312 1096 καθὸ
1327 1043 1421 1097 καί
1444 1046 1472 1096 ὁ
1499 1043 1815 1106 Ἀπόστολος
1829 1044 1972 1097 διδά-

399 1145 517 1182 σκει
531 1129 701 1196 λέγων
721 1131 940 1202 λογικὴν
961 1132 1214 1201 λατρείαν
1225 1134 1320 1205 τὴν
1335 1134 1588 1206 τοιαύτην
1605 1135 1932 1189 θεοσέϐειαν.
1947 1153 1966 1186 ι

408 1220 818 1290 Ἐπιστήσωμεν
864 1222 919 1275 δὲ
971 1223 1081 1296 (88)
1125 1225 1172 1276 εἰ
1221 1226 1296 1296 μὴ
1333 1225 1534 1296 σφόδρα
1584 1226 1729 1278 ἐστὶν
1779 1226 1972 1290 ἀσεϐὲς

393 1308 711 1378 ὀμοουσίους
742 1313 807 1380 τῇ
836 1312 1116 1382 ἀγεννήτῳ
1158 1312 1316 1382 φύσει
1361 1314 1456 1367 καὶ
1499 1315 1870 1386 παμμακαρίᾳ
1896 1310 1974 1368 ei-

396 1416 482 1453 ναι
528 1399 708 1468 λέγειν
737 1402 862 1464 τοὺς
898 1403 1336 1472 προσκυνοῦντας
1363 1405 1421 1457 ἐν
1456 1403 1726 1476 πνεύματι
1755 1406 1865 1476 (89)
1897 1405 1973 1476 τῷ

390 1488 530 1559 Θεῷ,
591 1489 686 1553 οὒς
733 1491 839 1563 πρὸ
880 1491 1110 1562 βραχέος
1151 1490 1303 1547 εἶπεν
1355 1495 1514 1560 αὐτὸς
1563 1499 1593 1549 ὁ
1656 1497 1972 1566 Ἡρακλέων

391 1580 834 1646 ἐκπεπτωκότας,
879 1583 976 1655 τὴν
1028 1585 1352 1656 Σαμαρεῖτιν
1393 1587 1564 1655 λέγων
1597 1589 1974 1658 πνευματικῆς

389 1670 604 1739 φύσεως
631 1667 796 1726 οὖσαν
832 1675 1324 1745 ἐκπεπορνευκέναι
1351 1677 1487 1746 (90).
1535 1679 1671 1730 Ἀλλ’
1705 1681 1802 1749 οὐχ
1837 1679 1975 1751 ὀρῶ-

391 1777 476 1814 σιν
514 1765 562 1816 οἱ
606 1764 780 1818 ταῦτα
816 1765 1084 1834 λέγοντες,
1113 1769 1194 1820 ὅτι
1229 1769 1427 1832 παντὸς
1457 1769 1565 1822 τῶν
1599 1771 1854 1824 ἐναντίων
1879 1772 1974 1824 καὶ

384 1853 496 1906 τῶν
529 1853 706 1907 αὐτῶν
750 1856 1016 1910 δεκτικόν.
1054 1858 1117 1910 Εἰ
1151 1857 1207 1910 δὲ
1240 1857 1455 1922 ἐδέξατο
1491 1860 1552 1912 τὸ
1598 1862 1889 1932 πορνεῦσαι
1935 1865 1968 1934 ὴ

387 1944 731 2018 πνευματικὴ
766 1948 946 2017 φύσις,
979 1948 1260 2018 ὁμοούσιος
1278 1948 1412 2005 οὖσα
1435 1955 1500 2022 τῇ
1526 1953 1824 2023 ἀγεννήτῳ,
1849 1954 1972 2006 ἀνό-

388 2051 483 2088 σια
509 2037 602 2089 καὶ
632 2037 767 2091 ἄθεα
804 2038 899 2092 καὶ
929 2038 1098 2108 ἀσεϐῆ
1137 2039 1418 2092 ἀκολουθεῖ
1446 2040 1523 2110 τῷ
1561 2040 1702 2110 λόγῳ
1732 2043 1808 2112 τῷ
1849 2044 1969 2096 κατ’

385 2126 583 2189 αὐτοὺς
599 2144 665 2179 πε
673 2128 726 2199 pl
741 2129 894 2181 Θεοῦ·
914 2129 1034 2182 οὐδὲ
1059 2129 1496 2200 φαντασιωθῆναι
1520 2131 1801 2186 ἀκίνδυνόν
1823 2135 1970 2186 ἐστιν

384 2215 656 2288 ἀλλήλοις.
701 2218 1019 2289 Πειθόμενοι
1066 2220 1143 2290 τῷ
1180 2221 1393 2291 Σωτῆρι
1430 2219 1662 2289 λέγοντιο
1693 2241 1712 2274 ι
1761 2223 1820 2275 '0
1860 2225 1972 2276 Πα-

383 2305 489 2378 τὴρ
525 2308 553 2360 ὁ
584 2305 807 2376 πέμψας
852 2324 920 2378 με
953 2307 1152 2378 μείζων
1198 2325 1299 2378 μου
1338 2309 1476 2373 ἐστί,
1511 2327 1529 2360 ›
1561 2311 1655 2364 καὶ
1691 2310 1780 2364 διὰ
1813 2311 1970 2366 τοῦτο

388 2394 465 2465 μὴ
520 2397 794 2463 ἐνεγκόντι
831 2397 964 2466 μηδὲ
1011 2396 1130 2468 τὴν,
1175 2398 1397 2466 ἀγαθὸς,
1441 2400 1813 2472 προσηγορίαν
1870 2403 1968 2472 τὴν

386 2487 605 2558 κυρίαν,
647 2490 742 2541 καὶ
783 2489 979 2560 ἀληθῆ,
1013 2491 1108 2543 καὶ
1142 2489 1354 2543 τελείαν
1387 2491 1794 2563 παραδέξασθαι
1821 2495 1970 2566 αὐτῷ

387 2579 862 2650 προσφερομένην,
904 2581 1040 2636 ἀλλὰ
1070 2582 1396 2653 ἀναφέροντι
1432 2584 1603 2655 αὐτὴν
1633 2585 1969 2656 εὐχαρίστως

381 2669 464 2740 τῷ
497 2671 670 2741 Πατρὶ
694 2673 810 2742 μετ’
851 2675 1219 2744 ἐπιτιμήσεως
1246 2673 1381 2744 πρὸς
1403 2675 1493 2728 τὸν
1511 2674 1833 2746 βουλόμενον
1855 2677 1967 2745 (91)

387 2757 769 2829 ΰπρδοξάςειν
817 2761 906 2815 τὸν
947 2762 1094 2826 Υίὸν,
1153 2762 1370 2816 πάντων
1426 2763 1526 2834 μὲν
1567 2764 1676 2817 τῶν
1725 2765 1969 2836 γενητῶν

385 2848 695 2921 ὑπερέχειν,
717 2853 777 2904 οὐ
813 2853 1116 2924 συγκρίσει,
1155 2855 1270 2908 ἀλλ’
1295 2855 1704 2930 ὑπερϐαλλούσῃ
1727 2859 1966 2932 ὑπεροχῇ

387 2959 566 3012 φαμεν
597 2943 688 2996 τὸν
728 2944 978 3016 Σωτῆρα,
1008 2947 1102 3009 καὶ
1143 2946 1202 2998 τὺ
1232 2947 1455 3017 Πνεῦμα
1490 2947 1550 3000 τὸ
1589 2947 1763 3016 ἅγιον,
1797 2950 1968 3021 ὑπερ-

387 3033 643 3104 εχόμενον
678 3035 787 3105 (92)
809 3037 1059 3091 τοσοῦτον
1097 3037 1129 3108 ἢ
1160 3037 1255 3091 καὶ⁸
1290 3039 1451 3094 πλέον
1480 3039 1588 3093 ἀπὸ
1609 3041 1704 3093 ’τοὖ
1733 3042 1965 3113 “ambs:

2073 581 2144 635 sit
2194 579 2437 648 spiritus.
2467 577 2600 632 Illud
2628 579 2792 633 etiam
2821 595 2836 632 :
2879 594 2898 627 ι
2924 577 3230 630 Adorantes
3275 587 3489 643 oportet
3518 581 3650 631 ado-

2073 684 2198 723 rare
2231 670 2284 722 in
2314 668 2507 736 spiritu
2539 677 2596 722 et
2629 666 2941 730 veritate";
2972 685 2991 718 ι
3032 675 3182 720 ratus
3235 682 3295 720 se
3329 659 3658 731 declarare,-

2073 761 2288 830 inquit-:
2319 781 2336 812 ι
2361 761 2467 815 Pro
2493 761 2756 830 dignitate
2787 759 2903 827 ejus
2930 759 3020 826 qui
3055 759 3317 812 adoratur
3349 759 3648 826 spirituali-

2072 861 2178 919 ter,
2217 869 2322 907 non
2369 852 2669 908 carnaliter
2699 873 2711 906 :
2739 853 2940 908 etenim
2993 852 3095 921 ipsi
3147 851 3388 917 ejusdem
3440 861 3648 904 natura:

2072 960 2196 1000 cum
2251 943 2412 999 Patre
2471 943 2801 999 exsistentes
2857 952 2986 998 sunt
3032 942 3274 1010 spiritus,
3309 943 3399 1010 qui
3454 954 3647 995 secun-

2072 1036 2202 1090 dum
2256 1037 2538 1090 veritatem
2588 1045 2644 1089 et
2703 1050 2809 1090 non
2867 1034 3164 1088 secundum
3218 1046 3458 1087 errorem
3514 1031 3648 1082 ado-

2075 1137 2220 1192 rant,
2279 1127 2735 1195 quemadmodum
2797 1136 2855 1181 et
2899 1125 3190 1194 Apostolus
3241 1124 3397 1176 docet
3457 1121 3646 1174 dicens

2079 1235 2097 1267 ι
2139 1216 2514 1272 rationabilem
2577 1217 2779 1272 cultum
2823 1217 2898 1280 °°,
2940 1235 2958 1268 ι
3002 1216 3158 1270 talem
3213 1214 3304 1268 Dei
3363 1211 3586 1267 cultum.
3618 1230 3639 1263 ι

2074 1306 2236 1378 235
2277 1309 2382 1362 Sed
2421 1309 2803 1364 adnotabimus
2849 1323 2915 1362 an
2965 1323 3070 1361 non
3103 1305 3257 1360 valde
3299 1304 3370 1358 sit
3412 1303 3638 1370 impium

2075 1400 2256 1453 dicere
2281 1399 2421 1468 quod
2445 1399 2732 1453 adorantes
2764 1400 2929 1453 Deum
2966 1399 3018 1450 in
3044 1396 3235 1464 spiritu
3269 1394 3346 1466 [et
3365 1390 3642 1461 veritate,]

2074 1491 2313 1560 ejusdem
2347 1491 2456 1544 sint
2477 1492 2728 1546 essentia:
2755 1504 2877 1543 cum
2905 1489 3142 1558 ingenita
3167 1487 3256 1540 illa
3287 1496 3342 1540 et
3367 1486 3641 1554 undequa-

2075 1595 2180 1648 que
2208 1581 2363 1634 beata
2403 1588 2619 1645 natura,
2644 1593 2783 1648 quos
2812 1578 2973 1649 paulo
3000 1589 3126 1632 ante
3159 1579 3371 1631 dixerat
3402 1576 3515 1646 ipse
3537 1575 3645 1628 lle-

2075 1675 2293 1730 racleon
2348 1674 2528 1744 lapsos
2573 1674 2772 1737 fuisse,
2840 1687 2962 1726 cum
3008 1671 3393 1726 Samaritidem
3441 1671 3648 1725 diceret

2075 1764 2372 1834 spiritualis
2395 1765 2750 1819 exsistentem
2775 1772 3006 1825 naturae,
3035 1761 3433 1816 meretricatam
3455 1761 3644 1816 fuisse.

2001 1831 2044 1886 Β
2076 1831 2180 1910 Sed
2213 1855 2328 1909 hate
2357 1855 2599 1916 dicentes
2627 1868 2732 1908 non
2784 1853 2971 1907 vident
2991 1853 3214 1906 omnino
3241 1852 3644 1906 contrariorum

2073 1963 2185 2000 rem
2211 1945 2459 2001 eamdem
2491 1959 2612 2000 esse
2653 1959 2933 2011 capacem.
2969 1944 3120 2009 Quod
3161 1942 3206 1996 si
3252 1941 3512 2010 spiritalis
3542 1956 3645 1994 ηασ-

2071 2045 2218 2100 tura,
2253 2050 2376 2106 qua:
2405 2037 2644 2102 ejusdem
2673 2045 2758 2089 est
2788 2050 2852 2088 ac
2884 2035 3064 2086 divina
3099 2034 3438 2095 substantim,
3469 2032 3642 2084 forni-

2072 2127 2185 2180 cari
2221 2127 2416 2194 potuit,
2443 2125 2693 2194 profana,
2722 2133 2775 2178 et
2803 2123 2992 2192 impia,
3018 2132 3073 2178 et
3105 2122 3401 2190 irreligiosa
3439 2121 3504 2175 de
3533 2119 3644 2174 Deo

2071 2224 2481 2284 consequuntur
2511 2229 2576 2268 ex
2615 2229 2802 2268 eorum
2850 2214 3058 2267 ratione
3094 2229 3199 2268 :ac
3247 2228 3314 2266 ne
3353 2227 3472 2267 sme
3506 2213 3648 2282 peri-

2071 2309 2192 2362 culo
2216 2307 2436 2376 quidem
2469 2304 2731 2377 [conferri
2780 2303 3028 2375 possunt]
3063 2305 3176 2357 haec
3219 2303 3363 2358 inter
3389 2318 3448 2358 se
3475 2313 3640 2371 atque

2071 2402 2381 2472 imaginari.
2437 2399 2888 2468 Obtetnperantes
2942 2397 3224 2451 Servatori
3273 2397 3473 2451 dicenti
3516 2396 3560 2428 “
3625 2410 3641 2448 :

2075 2513 2095 2546 ι
2129 2494 2292 2550 Pater
2333 2494 2424 2563 qui
2471 2491 2620 2546 misit
2685 2505 2795 2550 me.
2843 2488 3016 2556 major
3066 2505 3151 2543 me
3191 2497 3293 2553 est,
3325 2507 3344 2538 ι
3378 2503 3478 2542 nec
3526 2489 3646 2542 ideo

2072 2586 2326 2640 toleranti
2355 2583 2647 2640 admittere
2666 2581 2901 2636 oblatam
2933 2580 3032 2635 sibi
3054 2580 3177 2633 boni
3199 2578 3644 2650 appellationem,

2069 2679 2366 2748 propriam,
2435 2686 2492 2732 et
2543 2691 2754 2741 veram,
2806 2682 2862 2727 et
2909 2673 3229 2742 perfectam,
3268 2671 3363 2728 sed
3411 2671 3648 2741 gratiose

2071 2771 2360 2824 admodum
2395 2767 2654 2824 referenti
2687 2780 2807 2820 eam
2841 2765 2909 2818 ad
2943 2764 3157 2818 Patrem
3196 2763 3262 2828 θ’,
3310 2779 3434 2818 cum
3464 2765 3645 2818 incre-

2069 2863 2291 2930 patione
2332 2861 2476 2915 illius
2504 2859 2594 2929 qui
2631 2859 2843 2913 volebat
2891 2856 3201 2926 gloriﬁcare
3250 2854 3469 2920 Filium,
3508 2855 3648 2910 dici-

2071 2969 2210 3018 mus,
2243 2968 2347 3007 non
2379 2952 2812 3021 comparatione,
2849 2949 2942 3003 sed
2969 2946 3292 3002 exuberanti
3325 2945 3645 3001 excellentia

2067 3039 2320 3094 omnibus
2350 3053 2468 3108 qua:
2497 3037 2637 3092 facta
2661 3046 2810 3100 sunt,
2837 3036 3164 3090 antecellere
3195 3034 3566 3101 Servatorem,
3591 3045 3648 3089 et

383 3121 494 3192 ὅσῳ
527 3124 784 3194 ὑπερέχει
812 3126 972 3190 αὐτὸς
1025 3129 1120 3181 καὶ
1162 3129 1221 3181 τὸ
1257 3129 1409 3197 ἆγιον
1459 3128 1684 3200 Πνεῦμα
1727 3131 1834 3184 τῶν
1860 3131 1965 3185 λοι-

2071 3130 2331 3199 Spiritum
2365 3139 2634 3196 sanctum,
2667 3133 2758 3198 qui
2793 3138 2938 3182 tanta
2962 3138 3057 3181 aut
3090 3127 3299 3196 majore
3326 3126 3646 3196 prastautia

387 3212 526 3276 πῶν,
556 3216 616 3268 οὐ
638 3216 746 3270 τῶν
793 3219 1082 3289 τυχόντων·
1119 3220 1219 3290 ὅση
1247 3220 1355 3292 γὰρ
1387 3220 1662 3290 δοξολογία
1681 3224 1772 3276 τοῦ
1798 3224 1966 3294 ὑπερ-

383 3303 600 3376 έχοντος
629 3307 855 3380 θρόνων,
906 3313 1260 3382 κυριοτήτων,
1300 3312 1505 3383 ἀρχῶν,
1550 3313 1825 3380 ἐξουσιῶν,
1873 3317 1966 3370 καὶ

492 3464 540 3496 ⁸⁹
559 3463 717 3520 Joan.
753 3482 828 3531 tv,
858 3466 949 3522 24.
1045 3469 1090 3501 ⁸ο
1121 3468 1276 3528 Rom.
1311 3486 1412 3535 xtt,
1447 3471 1498 3525 I.

458 3582 568 3653 (88)
620 3581 1071 3651 ’Emoniawpsr
1096 3583 1186 3649 δέ,
1208 3593 1316 3640 etc.
1351 3583 1612 3652 Origenes
1638 3583 1728 3639 hic
1779 3584 1967 3651 impie-

387 3657 518 3710 tatis
570 3653 744 3721 argnit
774 3653 1372 3724 Ileracleonem,rqui
1432 3655 1677 3723 ejusdem
1729 3668 1850 3708 esse
1901 3669 1964 3707 ac

388 3725 559 3780 Deum
586 3723 836 3776 essentite
886 3723 1122 3790 [iungebat
1173 3723 1485 3792 quicunque
1541 3725 1718 3792 ipsum
1766 3723 1962 3791 spiritu

388 3799 705 3849 adorarent.
747 3791 850 3857 Qui
889 3809 1020 3860 ergo
1067 3791 1202 3847 vera
1248 3795 1318 3847 sit
1381 3791 1645 3847 intentata
1701 3792 1964 3846 adversus

386 3881 512 3916 eum
545 3862 858 3932 criminatio
881 3863 947 3914 ah
977 3861 1307 3932 Hieronymo
1336 3863 1498 3932 epist.
1532 3861 1626 3924 59,
1668 3863 1735 3915 ad
1792 3862 1962 3924 Avit.,

387 3949 508 4000 eap.
542 3931 576 3984 4
605 3948 620 3986 :
660 3950 678 3981 ι
722 3930 798 3984 Ne
839 3947 1060 3998 parvam
1094 3930 1430 4000 putaremus,
1463 3933 1674 4001 inquit,
1709 3932 1962 4000 impieta-

390 4017 500 4055 tem
529 4017 649 4055 esse
679 4017 867 4054 eorum
894 4016 1012 4056 quae
1043 4003 1400 4068 pramtiserat,
1453 4003 1504 4055 in
1529 4002 1769 4068 ejusdem
1804 4002 1963 4053 voln-

387 4074 550 4126 minis
575 4071 737 4140 (Περὶ
760 4069 983 4141 ἀρχῶν)
1013 4072 1118 4125 line
1147 4073 1429 4140 conjungit
1449 4087 1638 4125 omnes
1665 4071 1963 4141 rationabi-

392 4144 470 4196 les
494 4153 741 4200 natnras,
783 4141 834 4193 id
857 4139 1229 4204 est,'Patrem,
1253 4151 1307 4195 et
1345 4141 1562 4200 Filium.
1593 4153 1649 4194 et
1696 4139 1956 4207 Spiritum

391 4223 662 4274 sanctum,
691 4211 954 4278 angelos,
1007 4221 1322 4277 potestates,
1385 4211 1798 4274 dominationes,
1856 4225 1959 4263 ca:-

393 4293 646 4348 terasque
667 4281 915 4340 virtutes.
963 4283 1136 4346 ipsum
1160 4296 1376 4349 quoque
1435 4281 1705 4333 hominem
1756 4293 1956 4333 secun-

391 4353 517 4403 dum
547 4351 741 4403 anima:
800 4351 1118 4419 dignitatem
1173 4353 1332 4404 unius
1389 4365 1513 4404 esse
1567 4349 1904 4404 substantia.
1936 4368 1954 4400 ι

395 4439 415 4473 ι
443 4419 890 4483 Intellectualem,
925 4421 1120 4484 inquit,
1167 4421 1657 4488 rationabilemque
1705 4428 1957 4473 naturam

396 4509 416 4542 ι
443 4491 606 4545 sentit
637 4489 798 4554 Deus,
824 4499 877 4542 et
926 4490 1232 4558 Unigenitus
1261 4489 1428 4543 Filius
1462 4489 1596 4558 ejus,
1628 4499 1681 4542 et
1727 4489 1962 4556 Spiritus

2071 3238 2102 3276 a
2134 3220 2295 3276 Patre
2327 3231 2636 3290 superatur,
2664 3231 2872 3290 quanta
2904 3223 3018 3290 ipse
3048 3231 3213 3288 atque
3265 3219 3500 3287 Spiritus
3527 3232 3648 3272 san-

2069 3322 2197 3367 ctus
2234 3310 2466 3380 reliqua,
2493 3326 2600 3366 non
2623 3311 2900 3382 quaelibet,
2931 3320 3214 3381 superant.
3258 3312 3472 3377 Quanta
3499 3312 3646 3366 enim

1602 3470 1645 3502 ⁶¹
1676 3468 1833 3526 Joan.
1861 3487 1972 3536 xiv,
2003 3469 2092 3526 98.
2159 3469 2204 3502 ⁶²
2226 3467 2391 3524 Marc.
2419 3485 2476 3535 x,
2509 3470 2602 3535 18;
2635 3468 2768 3524 Luc.
2796 3484 2949 3536 xvnt,
2992 3467 3081 3524 19.

2075 3591 2182 3635 tam
2217 3596 2338 3636 esse
2366 3582 2627 3637 decrevit.
2663 3580 2766 3648 Qui
2787 3582 2933 3636 enim
2952 3596 3212 3651 corporea
3243 3595 3333 3635 res
3368 3595 3496 3650 pars
3521 3597 3645 3640 esse

2076 3653 2166 3705 Dei
2197 3667 2426 3724 corpore
2452 3653 2711 3724 carentis.
2734 3653 2946 3724 qualem
2979 3667 3122 3724 esse
3166 3651 3412 3724 defendit
3446 3653 3642 3724 Qrige-

2065 3738 2182 3786 nes,
2209 3723 2318 3775 dici
2346 3722 2584 3792 poterit?
2610 3720 2733 3792 Nec
2763 3722 2940 3792 minus
2979 3722 3080 3775 hoc
3105 3722 3241 3792 utile
3275 3723 3417 3788 quod
3448 3720 3643 3779 llieru-

2068 3807 2262 3863 nymus
2312 3789 2401 3862 ep.
2436 3790 2527 3863 82,
2577 3794 2645 3863 ad
2690 3789 3064 3863 Marcellinum
3103 3801 3180 3863 _et_
3217 3790 3641 3863 Auapsyehiam,

2066 3860 2382 3928 germanam
2419 3861 2672 3930 Origenis
2703 3862 3023 3914 sententiam
3065 3860 3136 3914 ab
3171 3861 3270 3913 hac
3322 3861 3418 3928 ipsi
3466 3863 3641 3917 aﬂicta

2067 3932 2381 4000 distinguit.
2410 3931 2617 3998 «Super
2645 3931 2839 4000 animm
2866 3939 3031 3995 statu,
3057 3930 3251 4000 inquit,
3282 3931 3498 3984 utemini
3552 3949 3646 3988 ve-

2067 4013 2201 4054 sme
2241 3999 2666 4068 quaestiunculas,
2692 3999 2801 4054 imo
2832 4001 3065 4070 maxime
3087 3999 3467 4070 ecclesiastica:
3497 4017 3644 4070 quas-

2076 4071 2292 4132 stiunis,
2321 4082 2514 4141 utrum
2571 4070 2716 4138 lapsa
2768 4073 2839 4141 de
2870 4068 3012 4123 etnlo
3053 4071 3142 4141 sit,
3198 4079 3276 4141 ut_
3307 4068 3642 4141 Pythagoras

2070 4139 2440 4208 phil050phus,
2472 4154 2771 4207 omnesque
2810 4138 3074 4194 Platonici
3127 4148 3182 4192 et
3244 4138 3507 4206 Origenes
3549 4157 3645 4208 pu-

2069 4219 2214 4275 tant;
2249 4226 2316 4262 au
2356 4210 2621 4278 apropria
2677 4210 2769 4278 Dei
2815 4210 3138 4270 substantia,
3192 4219 3249 4261 ut
3286 4208 3476 4274 Stoici,
3530 4211 3642 4264 Ma-

2069 4280 2328 4344 nielneus,
2358 4291 2413 4334 et
2437 4277 2710 4347 Hispania:
2737 4277 3063 4348 Priscilliani
3096 4280 3330 4333 haereSes
3355 4281 3643 4348 suspican-

2070 4357 2176 4419 t_ur.
2202 4367 2221 4399 ι
2264 4349 2389 4403 Haec
2416 4349 2728 4419 observavit
2758 4347 3006 4411 Huetius,
3036 4348 3192 4414 cujus
3243 4351 3368 4402 vide
3418 4347 3644 4419 insuper

2069 4417 2513 4485 Origenianorum
2543 4418 2635 4472 lib.
2666 4433 2726 4480 tt,
2749 4428 2940 4488 qtuest.
2981 4420 3030 4478 I.
3072 4433 3220 4471 num.
3257 4419 3309 4470 7.

2137 4488 2252 4556 (89)
2309 4489 2404 4541 Ἐν
2437 4489 2748 4556 πνεύματι.
2792 4488 3077 4544 Ferrarius
3113 4489 3326 4557 legebat
3371 4488 3429 4540 ἐν
3472 4489 3646 4542 πνεύ-
3681 4491 3683 4493 ’

397 4580 416 4613 ι
441 4570 702 4625 sanctus;
729 4533 970 4612 sentiunt
992 4533 1191 4626 ahgeli,
1223 4571 1278 4613 et
1305 4533 1616 4629 potestates,
1645 4533 1963 4624 czete'i'azqne

2071 4533 2840 4629 μοι’ζὲαι-άλτίὸὲῖέῒὲᾇῦεῷ.

395 4651 413 4683 ι
445 4633 713 4695 virtutes;
743 4629 903 4683 sentit
934 4629 1162 4682 interior
1192 4628 1353 4684 homo
1379 4638 1586 4692 noster,
1608 4629 1703 4696 qui
1736 4628 1801 4680 ad
1825 4629 1959 4680 inta-

395 4721 413 4750 ι
443 4701 620 4769 ginem
653 4711 706 4752 et
745 4699 1152 4753 similitudinem
1189 4699 1280 4751 Dei
1325 4699 1575 4753 conditus
1605 4707 1707 4752 est.
1742 4697 1824 4769 Et
1856 4715 1963 4766 quo

393 4791 412 4822 ι
446 4768 788 4824 concluditur
820 4769 1008 4838 Detun,
1031 4779 1084 4821 et
1111 4771 1224 4822 haec
1250 4769 1646 4838 quodammodo
1665 4768 1821 4820 unius
1843 4783 1962 4821 esse

393 4859 414 4892 ι
444 4841 780 4913 substantiae.
807 4857 836 4913 _i
868 4837 973 4913 sed
1009 4837 1283 4913 0rigenes’
1302 4854 1494 4913 vocem
1523 4838 1748 4913 addens,
1777 4855 1797 4889 ι
1836 4852 1963 4904 quo-

389 4909 702 4978 dammodo,
744 4928 764 4960 ι
805 4909 1104 4977 impietatis
1141 4909 1618 4978 reprehensionem
1645 4922 1674 4960 a
1697 4922 1757 4961 se
1784 4923 1963 4960 remo-

391 4989 496 5032 vel.
525 4977 732 5032 «Unum
763 4978 966 5043 addit,»
997 4979 1171 5046 inquit
1201 4977 1586 5047 Hieronymus,
1645 4995 1664 5028 ι
1685 4979 1958 5047 “verbum,

389 5049 803 5120 quodammodo,
849 5061 904 5103 ut
955 5045 1084 5120 tanti
1114 5045 1607 5120 sacrilegiierinteq
1639 5045 1953 5120 eifugereta

390 5119 588 5185 Quidni
618 5120 799 5187 potius
834 5118 1176 5188 umpiuiouis
1203 5119 1360 5184 hujus
1401 5117 1706 5186 neutiquam
1745 5117 1957 5188 aliineut

392 5206 451 5241 se
483 5185 826 5242 declararet?
854 5185 956 5241 Sic'
979 5191 1032 5241 in
1059 5189 1196 5242 libro
1231 5188 1302 5240 De
1357 5185 1636 5256 martyrio,
1687 5202 1837 5256 tium.
1867 5185 1959 5247 47,

395 5259 514 5337 ᾜτι
540 5259 611 5337 δὲ.
628 5259 722 5310 καὶ
747 5257 1028 5337 ἐφιλοζῶει
1060 5258 1366 5337 ανθρωπος,
1388 5253 1594 5327 πεῖσμα
1619 5253 1800 5337 λαϐὼν
1822 5256 1960 5337 περὶ

389 5329 573 5392 οὐσίας
595 5325 817 5398 λογικῆς
845 5328 1039 5397 ψυχῆς,
1070 5328 1145 5390 ὡς
1163 5325 1394 5399 ἐχούσης
1431 5344 1484 5380 τι
1516 5325 1770 5397 συγγενὲς
1817 5325 1958 5397 Θεῷ.

392 5400 544 5465 Quod
569 5401 612 5452 si
644 5415 673 5452 e
700 5399 789 5452 Dei
834 5399 1135 5451 substantia
1160 5399 1455 5452 delibatam
1483 5399 1790 5451 censuisset
1838 5400 1959 5450 ani-

395 5485 561 5534 mam,
587 5483 692 5521 non
726 5467 886 5520 aliine
917 5466 1120 5536 aliquid
1149 5467 1368 5532 habere,
1403 5469 1496 5522 sed
1522 5467 1692 5536 ipsius
1718 5468 1958 5534 particu-

395 5485 561 5534 mam,
587 5483 692 5521 non
726 5483 886 5520 autne
917 5483 1120 5588 aut}qu
1149 5483 1368 5532 nabere,
1403 5483 1496 5522 seu
1522 5483 1692 5536 rpsms
1718 5483 1954 5534 pal‘llCll-

394 5537 498 5590 lam
528 5553 650 5592 esse
675 5539 923 5591 dixisset.
948 5538 988 5589 Α
1031 5551 1120 5589 tne
1166 5548 1346 5590 autem
1404 5553 1526 5592 cum
1571 5553 1637 5592 eo
1677 5537 1954 5605 quidpiam

397 5608 577 5671 habet,
602 5609 746 5676 quod
771 5607 836 5658 ad
865 5605 981 5674 ejus
1007 5607 1296 5676 imaginem
1325 5609 1538 5662 condita
1566 5607 1638 5660 sit
1659 5649 1675 5672 ,
1701 5606 1843 5675 quod
1869 5605 1953 5676 lu-

395 5679 540 5730 mine
570 5674 756 5732 divino
783 5677 965 5730 vultus
989 5674 1158 5744 ipsius
1184 5677 1427 5743 signatus
1457 5676 1548 5740 sit,
1582 5674 1730 5744 quod
1763 5674 1953 5730 mortis

395 5761 590 5814 expers
612 5757 668 5801 et
689 5745 963 5801 beatitatis
993 5757 1208 5799 aiternze
1260 5760 1428 5814 capax
1475 5748 1566 5799 sit.
1629 5746 1740 5799 Hoc
1788 5745 1950 5797 etiam

399 5817 624 5873 crimine
652 5831 712 5873 se
734 5825 926 5885 purgat
953 5814 1214 5886 Origenes
1257 5817 1398 5886 quod
1431 5815 1666 5871 animam
1697 5829 1952 5882 corpora-

2139 4628 2252 4702 (99)
2283 4628 2454 4702 Codd.
2489 4628 2840 4702 _Bodleianus
2878 4637 2934 4702 et
2977 4628 3329 4702 Barheriuus,
3353 4629 3638 4702 ,ἐκπεπορ-

2065 4697 2332 4761 νεῦκέναι,
2373 4697 2571 4767 Regius
2595 4699 3045 4767 νπεπορνευκέναι.
3097 4698 3236 4767 Mox
3263 4699 3434 4752 codex
3496 4697 3638 4754 Bod-

2066 4768 2275 4841 ieianus
2303 4766 2485 4841 habet,
2530 4766 2668 4841 ᾋλλ”
2691 4769 2804 4841 οὐχ’
2828 4771 3025 4841 ὁρῶσιν
3052 4771 3099 4821 οἱ
3126 4766 3314 4841 ταῦτα
3363 4767 3637 4841 λέγοντες,

2062 4839 2146 4891 ὅτι
2173 4839 2372 4902 παντὸς
2409 4837 2516 4890 τῶν
2543 4837 2800 4890 ἐναντίων
2821 4837 2911 4892 κάι
2944 4838 3049 4892 τῶν
3077 4837 3256 4892 αὐτῶν
3285 4837 3547 4892 δεκτικόν.
3574 4841 3635 4892 El

2061 4909 2118 4962 δὲ
2138 4909 2356 4980 ἐδέξατο
2386 4909 2448 4960 τὸ
2503 4907 2846 4980 πορνεῦσαιή
2878 4908 3218 4980 πνευματικὴ
3239 4907 3418 4976 φύσις,
3448 4909 3637 4980 ὀμοούτ

2064 4995 2176 5042 σιος
2230 4977 2364 5034 οὖσα
2397 4981 2462 5050 τῇ
2493 4977 3639 5050 ἀγεννήτῳβνόσιαζυιαεειριιιιεειιιιίιειιί

2061 5050 2244 5172 Ouini:
2268 5048 2650 5174 restituuntur.
2683 5049 2840 5103 Modo
2870 5067 2968 5119 pro
2989 5050 3084 5101 καὶ
3121 5048 3230 5102 τῶν
3268 5048 3444 5101 αὐτῶν
3486 5050 3633 5118 legas

2061 5136 2130 5172 κα
2183 5137 2212 5172 τ
2269 5138 2372 5174 αυτ
2409 5161 2420 5174 .

2061 5121 2154 5172 καὶ
2183 5121 2244 5172 τὸ
2269 5121 2420 5174 αὑτό.

2133 5191 2244 5257 (91)
2286 5194 2468 5245 Codex
2519 5189 2720 5259 Regius
2768 5204 3050 5259 perperam
3102 5189 3263 5242 habet
3305 5185 3634 5259 ἀναφέροντι

2061 5259 2528 5384 ἕὴνβεὺχῗρίστως
2555 5257 2632 5330 τῷ
2660 5257 2926 5328 πνεύματι
2968 5259 3083 5328 μετ’
3103 5259 3470 5329 ἐπιτιμήσεως
3485 5257 3634 5329 πρὸς

2092 5347 2120 5380 ν
2187 5347 2246 5383 ου
2316 5347 2495 5384 μενον.

2092 5347 2120 5380 ν
2154 5347 2495 5384 βουλομενον.

2153 5331 2495 5402 βουλόμενον.

2133 5401 2246 5468 (9'2)
2281 5401 2756 5470 Ὑπερεχόμενον.
2799 5397 3027 5452 Videtur
3056 5398 3336 5470 legendum
3369 5399 3635 5470 ὑπερεχο-

2061 5471 2276 5541 μένους.
2305 5471 2428 5525 Ιιωο
2455 5469 2632 5524 autem
2663 5478 2719 5522 et
2749 5469 3056 5536 sequentia,
3076 5471 3161 5541 bili
3210 5469 3409 5541 quibus
3456 5469 3635 5522 Filius

2055 5538 2382 5607 substantia,
2417 5542 2706 5609 dignitate,
2739 5549 3027 5606 potestate,
3057 5538 3362 5602 divinitate,
3429 5547 3507 5609 et,
3537 5555 3632 5593 sa—

2054 5613 2257 5680 pientia
2313 5608 2828 5680 Patri'neutiquam
2887 5609 3306 5680 aequiparaudus
3349 5608 3633 5680 statuitur,

2055 5677 2441 5801 expetitiuntur
2487 5681 2540 5734 iu
2612 5678 2951 5750 Origeniauis
2982 5715 2999 5742 ,
3055 5678 3147 5733 lib.
3194 5690 3255 5741 tt,
3298 5688 3490 5747 quast:
3546 5677 3583 5730 2
3613 5717 3636 5744 ,

2055 5767 2205 5801 “Ulli.
2281 5789 2296 5801 .

2055 5767 2205 5806 IIUID.
2253 5767 2296 5805 Ι.
