4170 6386
519 324 629 382 ιιδ

1981 343 2304 402 ΟΠΙΕΕΝΪΞ

3673 367 3776 422 4H

521 444 598 496 sit
629 443 916 513 doxoiogia
962 444 1084 501 Filii
1134 451 1510 506 antecedentis
1548 453 1796 520 thronos,
1853 458 2082 514 domina

2205 465 2404 530 παντὸς
2438 465 2699 538 ὀνόματος
2719 470 3139 542 ὀνομαζομένου,
3168 475 3227 527 οὐ
3253 475 3412 545 μόνον
3441 479 3498 530 ἐν
3513 477 3590 549 τῷ
3624 480 3778 535 αἰῶνι

520 532 726 594 tiones,
755 535 1114 604 principatus,
1144 550 1462 608 potestates,
1513 557 1678 615 atque
1709 565 1870 604 omne
1901 565 2096 607 nomen

516 627 660 691 quod
688 628 1003 683 nominatur
1043 645 1151 685 non
1184 634 1359 688 solum
1405 637 1459 690 in
1509 637 1612 693 hoc
1658 641 1874 706 sarculo,
1906 657 2095 698 verum

516 716 684 768 etiam
717 717 768 769 in
802 718 986 774 futuro
1021 722 1086 786 ⁸³,
1114 732 1170 777 et
1199 738 1463 792 praetcrea
1492 739 1715 786 sanctos
1756 734 2000 800 angelos,
2031 751 2096 792 ac

517 805 765 872 spiritus,
814 819 872 864 et
919 813 1128 868 animas
1167 815 1344 885 justas
1515 823 1679 874 etiam
1725 824 1927 879 dicere.
1986 824 2095 881 Sed

517 905 699 950 tamen
732 914 853 954 cum
904 901 1018 971 ipse
1049 910 1215 961 tantis
1267 925 1332 964 ac
1383 912 1585 968 talibus
1633 917 1845 971 naturis
1877 929 2096 987 praestet

515 991 776 1055 essentia,
821 995 1170 1064 antiquitate,
1233 1011 1288 1056 et
1335 1013 1625 1073 potestate,
1684 1023 1749 1063 ac
1783 1010 2091 1080 divinitate,

516 1090 680 1149 atque
714 1088 976 1154 sapientia
1011 1093 1118 1160 (est
1156 1095 1300 1148 enim
1329 1097 1629 1152 animatum
1673 1099 1957 1173 Verbum),
1994 1105 2093 1158 Pa-

513 1172 584 1226 tri
614 1175 760 1229 nulla
791 1192 848 1231 re
875 1193 1244 1250 comparatur.
1275 1184 1372 1240 Est
1403 1190 1549 1242 enim
1578 1189 1760 1260 imago
1789 1172 1952 1264 236
1973 1197 2092 1265 ejus

512 1268 794 1335 bonitatis,
844 1276 1206 1347 splendorque
1267 1297 1372 1336 non
1407 1283 1536 1350 Dei.
1584 1288 1679 1340 sed
1726 1287 1842 1353 ejus
1881 1291 2087 1359 glorize,

511 1359 740 1430 eiusque
785 1363 922 1420 lucis
954 1378 1203 1437 aeternas;
1238 1383 1289 1427 et
1336 1376 1542 1442 radius,
1589 1394 1695 1432 non
1745 1379 1942 1448 Patris,
1993 1385 2088 1438 sed

510 1449 630 1518 ejus
659 1459 979 1524 potestatis;
1023 1461 1348 1533 sinceraque
1374 1472 1724 1536 praepotentis
1751 1473 1869 1542 ejus
1901 1475 2089 1542 gloria:

509 1543 697 1612 ﬂuxio,
734 1559 788 1601 et
817 1551 1099 1619 speculum
1143 1554 1497 1614 immutabilis
1529 1562 1767 1628 ejusdem
1815 1566 2089 1635 operatio-

509 1636 596 1690 nis
629 1637 691 1702 “,
719 1654 818 1707 per
844 1643 987 1710 quod
1016 1646 1288 1712 speculum
1337 1649 1539 1707 Paulus
1579 1663 1635 1708 et
1684 1654 1875 1712 Petrus
1899 1659 2088 1729 eisque

508 1726 716 1781 similes
765 1729 931 1785 Deum
982 1735 1191 1800 vident,
1239 1738 1520 1795 dicentis:
1577 1761 1596 1794 ι
1636 1743 1736 1810 Qui
1791 1747 1925 1802 vidit
1973 1726 2082 1815 me,

503 1816 642 1871 vidit
671 1818 887 1875 Patrem
918 1839 1118 1889 meum,
1152 1831 1241 1896 qui
1275 1831 1424 1885 misit
1453 1847 1540 1888 me
1569 1835 1636 1889 ⁸⁸.
1679 1854 1700 1888 ι

572 1907 664 1963 26.
687 1926 707 1962 ι
736 1909 874 1966 Dicit
893 1914 942 1967 ei
968 1916 1163 1971 mulier
1181 1934 1194 1970 :
1211 1917 1337 1973 Scio
1352 1919 1605 1977 Messiam
1623 1937 1913 1981 venturum
1936 1944 2077 1996 esse,

505 2001 599 2068 qui
635 2002 836 2057 dicitur
869 2005 1161 2062 Christus:
1205 2024 1326 2063 cum
1359 2013 1570 2067 venerit
1594 2015 1705 2080 ille,
1736 2021 2085 2078 annuntiabit

504 2093 662 2148 nobis
694 2095 875 2149 omnia
905 2097 970 2151 “.
1011 2116 1031 2150 ι
1066 2097 1292 2169 Dignum
1317 2111 1402 2156 est
1447 2114 1506 2157 ut
1537 2106 1820 2162 videamus
1847 2125 2080 2179 quonam

500 2193 662 2252 picto
693 2184 1002 2254 Samaritis,
1047 2190 1180 2244 nihil
1213 2193 1334 2260 plus
1395 2194 1691 2251 admittens
1723 2214 1886 2266 quam
1915 2204 2079 2271 quin-

505 2290 612 2344 que
637 2275 837 2348 Moysis
857 2279 1050 2344 libros,
1074 2280 1273 2336 Christi
1303 2287 1594 2339 adventum
1619 2300 1927 2358 exspectat,
1957 2293 2077 2347 vel-

501 2367 581 2422 uti
615 2378 823 2423 tantum
859 2384 889 2424 a
940 2371 1058 2438 lege
1090 2374 1399 2428 nuntiatum
1429 2397 1440 2430 :
1482 2391 1544 2432 ac
1575 2379 1819 2448 profecto
1850 2397 2081 2438 consen-

501 2470 721 2514 taneum
754 2471 837 2516 est
865 2476 984 2516 eam
1015 2463 1252 2519 futurum
1301 2468 1462 2537 hujus
1506 2470 1797 2525 adventum
1826 2489 2079 2542 sperasse

498 2565 568 2605 ex
599 2552 976 2608 benedictione
1000 2571 1161 2624 quam
1197 2555 1346 2610 Judx
1375 2556 1546 2614 Jacob
1581 2561 1729 2615 dedit
1755 2564 1946 2620 dicens
1979 2564 2024 2596 ⁸⁷
2056 2581 2072 2618 :

505 2660 526 2694 ι
565 2642 722 2705 Juda.
779 2655 830 2698 te
878 2644 1176 2701 laudabunt
1216 2647 1412 2704 fratres
1459 2652 1581 2706 tui:
1617 2667 1812 2708 manus
1867 2663 1970 2709 tua:
2021 2656 2075 2711 in

501 2738 722 2792 cervice
747 2725 981 2793 hostium
1017 2752 1233 2796 tuorum
1271 2759 1284 2794 :
1319 2759 1457 2814 genu
1489 2743 1706 2800 ﬂectent
1731 2747 1821 2803 tibi
1855 2748 1948 2802 lilii
1979 2765 2076 2818 pa-

497 2831 598 2882 tris
631 2830 742 2894 tni;
781 2850 800 2883 ι
830 2841 886 2885 et
913 2843 1060 2900 post
1104 2849 1277 2903 pauca
1308 2853 1322 2889 :
1354 2854 1372 2887 ι
1402 2835 1519 2891 Non
1579 2839 1796 2892 deficiet
1853 2843 1958 2895 dux
2005 2840 2075 2897 de

497 2919 660 2987 .luda,
687 2932 742 2976 et
769 2922 1018 2993 princeps
1045 2925 1111 2979 de
1133 2924 1432 2982 femoribus
1454 2928 1592 2998 ejus,
1620 2930 1792 2985 donec
1822 2933 2076 2987 venerint

500 3014 736 3084 reposita
768 3016 864 3081 illi,
898 3027 953 3069 et
985 3018 1099 3085 ipse
1128 3022 1469 3088 exspectatio
1511 3022 1752 3092 gentium
1779 3022 1846 3077 ⁸⁸.
1880 3040 1899 3074 ι
1933 3024 2074 3091 Quin

502 3106 800 3161 verisimile
841 3117 926 3162 est
968 3109 1344 3165 Samaritanos
1385 3126 1454 3167 ex
1503 3113 1802 3181 prophetiis
1859 3113 2077 3170 Balaam

500 3198 644 3252 idem
689 3213 959 3268 sperasse,
986 3209 1042 3255 et
1066 3215 1129 3255 ex
1159 3202 1261 3257 hac
1302 3205 1605 3272 praesertim
1636 3206 1680 3238 ⁸⁹
1707 3222 1722 3258 :
1759 3225 1778 3257 ι
1817 3205 2078 3276 Egredie-

501 3302 591 3346 tur
617 3294 779 3348 homo
807 3309 873 3347 ex
905 3295 1113 3350 semine
1143 3295 1282 3366 ejus,
1315 3306 1369 3351 et
1419 3297 1792 3354 dominabitur
1825 3303 2078 3372 gentibus

500 3383 703 3446 multis.
737 3392 791 3439 et
817 3384 1148 3439 exaltabitur
1179 3395 1400 3455 regnum
1435 3386 1586 3459 Gog,
1617 3399 1672 3444 et
1702 3405 1928 3460 regnum
1962 3391 2079 3460 ejus

495 3479 782 3547 angebitur
819 3499 830 3532 :
866 3479 1008 3532 Deus
1044 3480 1275 3534 deducet
1307 3498 1431 3536 eum
1480 3497 1546 3537 ex
1578 3481 1814 3554 Egypto
1846 3500 1860 3536 :
1906 3484 2076 3555 gloria

493 3556 614 3638 ejus
637 3571 803 3625 veluti
825 3571 998 3640 gloria
1027 3573 1304 3628 unicornis
1328 3593 1342 3628 :
1364 3574 1648 3630 devorabit
1673 3587 1862 3645 gentes
1893 3578 2076 3633 inimi-

493 3675 681 3713 corum
707 3676 948 3724 suorum,
965 3673 1018 3716 et
1035 3665 1312 3718 crassities
1329 3663 1545 3720 illorum
1565 3667 1797 3720 medulla
1822 3668 2074 3736 privabit,

491 3761 547 3804 et
569 3750 765 3819 jaculis
791 3753 1203 3808 suisinimicum
1236 3756 1837 3825 impetetzdecumbens
1860 3759 2078 3828 requie-

493 3841 571 3895 vit
591 3851 648 3895 ut
669 3842 774 3908 leo,
797 3851 852 3898 et
873 3852 929 3897 ut
948 3845 1157 3900 catulus
1174 3847 1377 3902 leonis:
1396 3849 1518 3918 quis
1531 3849 1792 3905 excitabit
1809 3867 1933 3904 eum
1951 3851 1974 3904 ?
1992 3851 2077 3906 be-

495 3933 814 3989 nedicenles
863 3945 914 3989 te
936 3935 1351 4005 benedicentur,
1374 3947 1427 3992 et
1458 3951 1808 3996 exsecrantes
1843 3951 1894 3996 te
1915 3959 2074 3998 exse-

2196 553 2556 626 τούτῳ,”ἀλλά
2604 562 2698 613 καὶ
2730 562 2788 614 ἐν
2823 561 2901 632 τῷ
2935 563 3200 634 μέλλοντι,
3244 567 3381 636 πρὸς
3425 567 3632 632 τούτοις
3681 572 3775 625 καὶ

2197 645 2368 712 ἁγίων
2382 649 2648 716 ἀγγέλων,
2667 652 2758 704 καὶ
2779 655 3121 725 πνευμάτων,
3147 657 3241 709 καὶ
3253 657 3437 728 ψυχῶν
3456 659 3770 727 δικαίων,...

2197 737 2290 788 καὶ
2322 737 2497 807 λέγειν
2529 741 2662 812 (95).
2711 744 2847 797 Ἀλλ’
2875 747 3024 817 ὅμως
3053 748 3161 803 τῶν
3192 749 3462 804 τοσούτων
3496 754 3590 806 καὶ
3623 755 3774 825 τηλι-

2195 837 2402 890 κούτων
2427 839 2708 911 ὑπερέχων
2739 843 2913 914 οὐσίᾳ,
2951 846 3044 898 καὶ
3074 845 3358 918 πρεσϐείᾳ,
3391 849 3486 902 καὶ
3525 849 3772 921 δυνάμει,

2195 929 2289 981 καὶ
2309 928 2543 1000 θειότητι
2571 931 2832 1002 (ἔμψυχος
2863 936 2971 1006 γάρ
2996 937 3111 989 ἐστι
3150 939 3364 1008 Λόγος),
3391 941 3482 992 καὶ
3503 943 3681 1012 σοφίᾳ,
3711 945 3772 996 οὐ

2195 1020 2542 1090 συγκρίνεται
2575 1024 2693 1074 κατ’
2733 1023 2885 1076 οὐδὲν
2923 1025 3002 1095 τῷ
3049 1027 3222 1098 Πατρί
3266 1028 3397 1098 (94).
3435 1029 3611 1084 Είκὼν
3663 1031 3772 1103 γάρ

2193 1111 2309 1163 ἐστι
2340 1111 2442 1182 τῆς
2468 1113 2801 1183 ἀγαθότητος
2844 1115 3029 1181 αὐτοῦ,
3070 1117 3164 1170 καὶ
3202 1118 3538 1191 ἀπαύγασμα
3570 1123 3632 1175 οὐ
3674 1122 3768 1177 τοῦ

2191 1200 2346 1265 Θεοῦ,
2375 1201 2510 1256 ἀλλὰ
2543 1203 2642 1273 τῆς
2665 1203 2823 1276 δόξης
2850 1207 3034 1271 αὐτοῦ,
3067 1210 3161 1261 καὶ
3178 1209 3270 1262 τοῦ
3289 1212 3458 1266 ἀϊδίου
3479 1215 3655 1282 φωτὸς
3673 1215 3770 1269 αὐ-

2189 1293 2304 1360 τοῦ,
2324 1295 2417 1347 καὶ
2432 1296 2594 1366 ἀτμὶς
2624 1295 2736 1366 (95)
2753 1298 2812 1350 οὐ
2832 1299 2923 1350 τοῦ
2943 1301 3173 1370 Πατρὸς,
3199 1303 3334 1357 ἀλλά
3361 1305 3460 1375 τῆς
3486 1307 3769 1378 δυνάμεως

2190 1385 2375 1450 αὐτοῦ,
2404 1389 2497 1441 καὶ
2524 1389 2792 1460 ἀπόρροια
2823 1391 3116 1464 εἰλικρινὴς
3136 1395 3233 1464 τῆς
3267 1401 3767 1472 παντοκρατορικῆς

2186 1477 2343 1548 δόξης
2367 1479 2552 1544 αὐτοῦ,
2583 1482 2678 1534 καὶ
2699 1482 2962 1554 ἔσοπτρον
2992 1486 3319 1555 ἀκηλίδωτον
3349 1490 3449 1560 τῆς
3489 1493 3766 1564 ἐνεργείας

2187 1570 2372 1634 αὐτοῦ,
2405 1571 2470 1624 δι’
2495 1565 2556 1626 οὗ
2585 1574 2854 1647 ἐσόπτρου
2889 1577 3118 1643 Παῦλος,
3166 1581 3260 1634 καὶ
3305 1582 3530 1655 Πέτρος,
3573 1587 3668 1639 καὶ
3714 1589 3764 1641 oi

2187 1663 2556 1734 παραπλήσιοι
2583 1666 2764 1730 αὐτοῖς
2799 1666 3054 1736 βλέπουσι
3075 1670 3165 1724 τὸν
3190 1671 3322 1724 Θεὸν
3347 1673 3594 1742 λέγοντος
3627 1676 3759 1747 (96)⁶

2114 1800 2158 1854 Β
2192 1771 2211 1804 ι
2255 1753 2312 1808 Ὀ
2341 1755 2600 1827 ἑωρακὼς
2623 1758 2724 1829 ἐμὲ
2749 1758 2958 1830 ἑώρακε
2987 1760 3077 1815 τὸν
3111 1762 3329 1834 Πατέρα
3352 1765 3444 1819 τὸν
3467 1766 3761 1838 πέμψαντά

2190 1861 2338 1986 p"2.6..
2365 1951 2384 1981 ι
2421 1931 2584 2000 Λέγει
2625 1932 2774 2004 αὐτῷ
2804 1933 2838 2004 ἡ
2871 1933 3044 2004 γυνή’
3073 1927 3205 1986 Οἶδα
3225 1973 3240 1995 ,
3269 1933 3351 1986 ὅτι
3384 1933 3628 1998 Μεσσίας
3660 1935 3754 2006 ἔρ-

2167 2039 2322 2095 χεται
2359 2025 2388 2076 ὁ
2424 2023 2713 2094 λεγόμενος
2753 2022 3006 2094 Χριστός*
3050 2025 3180 2077 ὅταν
3220 2024 3347 2096 ἔλθῃ
3389 2028 3617 2090 ἐκεῖνος,
3657 2029 3753 2081 ἁνα-

2167 2115 2390 2183 αγγελεϊ
2430 2117 2564 2186 ήμῖν
2621 2115 2857 2169 ἅπαντα.
2909 2134 2928 2167 ι
2969 2113 3152 2180 ’Ἄξιον
3209 2116 3337 2169 ίδείν
3377 2117 3497 2180 πῶς
3554 2120 3587 2188 ή
3653 2119 3753 2172 Σα-

2170 2209 2418 2280 μαρεῖτις
2459 2209 2640 2262 πλεῖον
2700 2209 2799 2278 τῆς
2854 2208 3224 2278 Πεντατεύχου
3263 2209 3539 2272 Μωῦσέως
3592 2209 3755 2279 μηδὲν

2167 2301 2536 2373 προσιεμένη,
2575 2302 2675 2373 τὴν
2713 2303 3018 2374 παρουσίαν
3066 2301 3336 2373 Χριστοῦ,
3374 2303 3452 2365 ὡς
3508 2302 3616 2356 ἀπὸ
3661 2301 3755 2356 τοῦ

2165 2393 2331 2464 νόμου
2389 2394 2552 2464 μόνου
2605 2395 3060 2468 κηρυσσομένην,
3116 2396 3426 2467 προσδοκᾷ·
3477 2395 3574 2448 καὶ
3612 2394 3756 2458 εἰκός

2166 2503 2231 2554 γε
2269 2488 2333 2539 ὲκ
2371 2486 2471 2558 τῆς
2510 2487 2761 2556 εὐλογίας
2797 2486 2892 2540 τοῦ
2932 2486 3128 2540 Ἰακὼϐ
3166 2488 3265 2558 τῆς
3305 2487 3443 2559 πρὸς
3492 2487 3585 2540 τὸν
3625 2487 3756 2540 Ἰού-

2167 2579 2264 2633 δαν
2299 2579 2541 2644 ἐλπίζειν
2592 2580 2758 2633 αὐτοῦ
2797 2580 3019 2634 ἔσεσθαι
3059 2582 3152 2634 καὶ
3196 2581 3296 2652 τὴν
3333 2579 3629 2650 ἐπιδημίαν
3666 2579 3756 2631 λέ-

2166 2687 2383 2740 γοντος·
2431 2691 2448 2723 ι
2497 2672 2689 2736 Ἰούδα,
2733 2673 2791 2725 σὲ
2830 2673 3147 2727 αίνέσαισαν
3184 2674 3234 2726 οἱ
3273 2672 3490 2742 ἀδελφοί
3531 2686 3658 2725 σου·
3699 2672 3756 2725 αἱ

2166 2763 2348 2836 χεῖρές
2386 2781 2481 2817 σου
2521 2765 2614 2817 ἐπὶ
2651 2763 2822 2819 νώτου
2868 2765 2978 2818 τῶν
3017 2765 3229 2836 ἐχθρῶν
3267 2782 3397 2819 σου·
3440 2765 3752 2836 προσκυνή-

2167 2855 2318 2908 σουσί
2361 2873 2445 2910 σοι
2483 2857 2590 2910 υἱοὶ
2628 2856 2722 2910 τοῦ
2762 2857 2965 2928 πατρός
3020 2874 3150 2911 σουο
3200 2875 3219 2908 ι
3263 2857 3359 2910 καὶ
3403 2856 3520 2927 μετ’
3557 2855 3711 2924 ὀλίγα
3736 2875 3747 2885 ·

2102 2964 2192 3040 ct
2239 2947 2352 3001 Οὐκ
2389 2947 2626 3017 ἐκλείψει
2665 2947 2848 3020 ἄρχων
2887 2949 2947 3012 ἐξ
2985 2948 3178 3013 Ἰούδα,
3219 2950 3313 3002 καὶ
3351 2948 3654 3019 ἡγούμενος
3690 2949 3754 3000 ἐκ

2165 3038 2275 3092 τῶν
2312 3039 2504 3110 μηρῶν
2543 3039 2730 3106 αὐτοῦ,
2770 3039 2878 3102 ἕως
2914 3040 2981 3093 ἂν
3020 3040 3149 3113 ἔλθῃ
3184 3041 3254 3092 τὰ.
3291 3041 3628 3108 ἀποκείμενα
3667 3040 3757 3092 αὐ-

2165 3131 2264 3202 τῷ,
2305 3134 2400 3184 καὶ
2439 3133 2600 3196 αὐτὸς
2638 3133 2937 3202 προσδοκία
2974 3131 3164 3186 ἐθνῶν.
3213 3151 3232 3184 ι
3266 3132 3430 3195 Εἰκὸς
3465 3131 3522 3184 δὲ
3561 3133 3656 3184 καὶ
3692 3132 3756 3184 ὲκ

2165 3223 2276 3277 τῶν
2314 3223 2664 3296 προφητειῶν
2701 3223 2796 3278 τοῦ
2836 3223 3065 3295 Βαλαὰμ
3100 3223 3163 3277 τὸ
3200 3221 3332 3276 αὐτὸ
3368 3221 3565 3284 αὐτοὺς
3603 3221 3756 3274 ἑλπί-

2168 3313 2304 3382 ζειν,
2343 3317 2442 3386 τῆς
2472 3334 2552 3370 τε*
2594 3335 2613 3368 ι
2651 3317 3022 3382 Ἐξελεύσεται
3057 3315 3342 3387 ἄνθρωπος
3375 3316 3438 3368 ὲκ
3466 3313 3560 3367 τοῦ
3598 3313 3759 3384 σπέρ-

2172 3425 2342 3477 ματος
2375 3407 2561 3471 αὐτοῦ,
2595 3408 2690 3462 καὶ
2719 3407 2998 3480 κυριεύσει
3031 3407 3202 3461 ἐθνῶν
3235 3406 3465 3469 πολλῶν,
3497 3406 3591 3458 καὶ
3619 3405 3759 3474 ὑψω-

2170 3499 2398 3570 θήσεται
2444 3500 2477 3570 ή
2524 3498 2649 3567 Γὼγ
2684 3499 2949 3569 βασιλεία,
2985 3501 3079 3553 καὶ
3124 3499 3495 3569 αὐξηθήσεται
3539 3499 3571 3568 ή
3609 3497 3760 3567 βασι-

2167 3590 2289 3644 λεία
2327 3591 2513 3645 αὐτοῦ·
2554 3592 2688 3655 Θεὸς
2727 3591 3007 3661 ὡδήγησεν
3047 3591 3208 3644 αὐτὸν
3246 3590 3305 3657 ἐξ
3344 3589 3644 3658 Αἰγύπτου,
3684 3586 3760 3651 ὡς

2177 3682 2305 3746 δόξα
2343 3681 2709 3753 μονοκέρωτος
2738 3679 2905 3750 αὐτῷ’
2949 3680 3122 3734 ἔδεται
3156 3680 3282 3750 ἔθνη
3325 3680 3532 3752 ἐχθρῶν
3564 3681 3752 3746 αὑτοῦ,

2177 3773 2270 3827 καὶ
2296 3771 2366 3825 τὰ
2390 3771 2537 3842 πάχη
2559 3769 2738 3825 αὐτῶν
2768 3769 3062 3841 ὲκμυελιεῖ,
3093 3771 3188 3823 καὶ
3212 3772 3330 3834 ταῖς
3360 3770 3560 3840 βολίσιν
3590 3771 3756 3825 αὐτοῦ

2177 3862 2559 3928 κατατοξεύσει
2605 3861 2815 3933 ἐχθρόν·
2871 3859 3214 3924 κατακλιθεὶς
3262 3859 3371 3930 (97)
3415 3860 3755 3914 ἀνεπαύσατο

2174 3955 2248 4018 ὡς
2273 3955 2430 4019 λέων,
2466 3953 2560 4006 καὶ
2597 3953 2672 4016 ὡς
2705 3951 2963 4022 σκύμνοςο
2998 3950 3082 4015 τίς
3124 3951 3417 4020 ἀναστήσει
3463 3950 3656 4014 αὐτόν;
3703 3953 3754 4004 οἱ

491 4027 626 4079 crati
653 4027 811 4080 sinta
835 4025 974 4093 Quin
999 4029 1050 4083 in
1072 4033 1426 4100 sequentibus
1453 4033 1617 4087 etiam
1648 4034 1821 4103 inquit
1845 4034 1958 4103 ipse
1981 4035 2077 4089 Ba-

427 4133 429 4135 ί
491 4116 634 4170 laatu
665 4118 712 4150 ⁷ο
741 4134 752 4166 :
787 4137 805 4170 ι
838 4120 1121 4190 Apparebo
1171 4122 1298 4188 illis,
1342 4132 1398 4178 et
1441 4139 1547 4178 non
1594 4141 1740 4180 nunc
1773 4143 1788 4180 :
1822 4127 2076 4182 beatifico

2177 4141 2532 4210 κατήρανται.
2573 4155 2592 4188 ι
2621 4135 2730 4188 Καὶ
2756 4138 2814 4188 ὲν
2857 4136 2970 4196 τοῖς
3001 4133 3128 4204 ἑξῆς
3171 4134 3227 4186 δέ
3255 4151 3417 4205 φησιν
3446 4133 3605 4196 αὐτὸς
3649 4134 3754 4186 Βα-

491 4218 548 4263 et
597 4225 704 4265 non
751 4213 1090 4282 approximat
1119 4231 1134 4268 :
1165 4216 1374 4270 orietur
1421 4227 1629 4270 astrum
1675 4233 1743 4272 ex
1797 4216 1986 4285 Jacob,
2021 4227 2078 4273 et

2175 4232 2342 4301 λαάμο
2376 4251 2393 4281 ι
2428 4229 2596 4291 Δείξω
2619 4229 2824 4290 αὐτοῖς,
2855 4227 2950 4280 καὶ
2988 4225 3110 4295 οὐχ).
3158 4224 3272 4277 νῦν·
3312 4226 3618 4297 μακαρίζω,
3661 4229 3756 4282 καὶ

492 4313 752 4374 exsurget
782 4306 944 4359 homo
973 4323 1040 4362 ex
1072 4307 1259 4372 Israel,
1286 4318 1339 4363 et
1369 4309 1677 4364 vulnerabit
1700 4310 1866 4365 duces
1890 4308 2064 4374 Moab,

2174 4323 2272 4376 οὐκ
2320 4321 2552 4390 ἐγγίζει·
2583 4319 2833 4373 ἀνατελεί
2877 4318 3074 4389 ἀστρον
3121 4315 3179 4382 ἐξ
3235 4315 3451 4380 Ἰακὼϐ,
3496 4318 3588 4370 καὶ
3621 4319 3749 4370 ἀνα-

487 4408 548 4453 .et
571 4399 814 4466 captivos
853 4400 1017 4454 ducet
1046 4415 1237 4454 onmcs
1279 4401 1421 4456 ﬁlios
1451 4401 1605 4466 Seth,
1649 4409 1703 4456 et
1745 4402 1853 4456 erit
1901 4401 2068 4456 Edom

2177 4415 2432 4486 στήσεται
2487 4410 2772 4483 ἄνθρωπος
2821 4409 2880 4475 ἐξ
2934 4409 3170 4480 Ἰσραὴλ,
3223 4411 3316 4464 καὶ
3361 4407 3586 4480 θραύσει
3631 4410 3756 4471 τοὺς

494 4493 783 4548 Ιιιετειιίιοε
817 4509 830 4542 :
864 4503 919 4549 et
952 4495 1057 4549 erit
1085 4495 1372 4551 lnereditas
1402 4497 1542 4551 Esau
1570 4497 1823 4551 inimicus
1853 4495 1992 4564 ejus,
2015 4502 2072 4549 et

2174 4505 2450 4576 ἀρχηγοὺς
2476 4502 2669 4566 Μωὰϐ,
2702 4502 2797 4556 καὶ
2829 4501 3192 4574 προνομεύσει
3222 4501 3430 4560 πάντας
3456 4503 3582 4565 τοὺς
3608 4504 3757 4565 υἱοὺς

495 4584 661 4638 Israel
690 4585 816 4640 fecit
851 4587 903 4640 in
935 4585 1271 4653 fortitudine,
1326 4596 1380 4642 et
1412 4589 1747 4644 excitabitur
1775 4602 1842 4641 ex
1874 4585 2066 4651 Jacob,

2174 4595 2304 4665 Σὴθ,
2334 4594 2428 4647 καὶ
2459 4592 2612 4646 ἔσται
2658 4589 2837 4661 Ἐδὼμ
2865 4588 3218 4662 κληρονομῐω
3257 4589 3350 4642 καὶ
3373 4588 3525 4642 ἔσται
3555 4591 3755 4659 κληρο-

492 4686 547 4730 et
577 4677 768 4746 perdet
796 4687 1070 4733 servatum
1117 4695 1184 4734 ex
1217 4681 1370 4734 urbe.
1415 4699 1432 4732 ι
1465 4680 1724 4749 lnspicies
1770 4694 1902 4733 vero
1937 4693 2066 4732 num

2174 4685 2335 4756 νομία
2368 4684 2480 4755 (98)
2520 4682 2688 4737 Ἡσαῦ
2719 4685 2746 4736 ὁ
2768 4681 2958 4752 ἐχθρὸς
2984 4682 3169 4747 αὐτοῦ,
3203 4683 3296 4735 καὶ
3333 4682 3548 4753 Ἰσραὴλ
3570 4683 3758 4752 ἐποίη-

492 4768 637 4825 forte
666 4771 1027 4826 Samaritanis
1053 4789 1266 4842 quoque
1291 4774 1624 4843 complaceat
1653 4781 1712 4828 ut
1744 4773 1945 4844 Moysis
1973 4773 2066 4828 be-

2177 4795 2267 4830 σεν
2292 4778 2350 4830 ὲν
2382 4775 2545 4846 ίσχύῖ,
2581 4775 2676 4829 καὶ
2708 4773 3120 4846 ἐξεγερθήσεται
3149 4776 3208 4841 ἐξ
3255 4774 3470 4838 Ἰακὼϐ,
3496 4775 3589 4828 καὶ
3625 4777 3758 4829 ἀπο-

497 4867 728 4923 nedictio
759 4869 825 4921 ad
854 4868 1074 4935 ludam,
1112 4871 1383 4925 referatur
1409 4871 1475 4924 ad
1502 4871 1804 4934 Christum,
1859 4870 1938 4925 sic
1966 4870 2066 4924 ha-

2174 4868 2253 4920 λεῖ
2279 4866 2582 4938 σωζόμενον
2622 4869 2688 4920 ὲκ
2726 4867 2955 4930 πόλεως.
2997 4887 3015 4919 ι
3064 4868 3412 4936 Ἐπιστήσεις
3437 4867 3494 4920 δὲ
3525 4869 3573 4919 εἰ
3604 4866 3697 4919 καὶ
3723 4867 3756 4936 ή

496 4960 695 5015 hens"
732 4978 746 5015 :
782 4979 801 5012 ι
834 4960 1062 5026 Exaudi,
1127 4963 1366 5026 Domine,
1429 4978 1616 5018 vocem
1678 4961 1837 5027 Juda,
1889 4970 1945 5016 et
1996 4961 2065 5016 ad

2174 4958 2265 5012 τοῦ
2294 4959 2573 5022 Μωῦσέως
2603 4958 2738 5029 πρὸς
2785 4958 2984 5013 Ἰούδαν
3012 4957 3231 5027 εὐλογία
3259 4959 3339 5021 είς
3372 4957 3606 5028 Χριστὸν
3628 4959 3757 5011 ἀνα-

568 5101 614 5134 ⁶³
660 5102 858 5170 pres.
904 5119 943 5165 ι,
970 5104 1062 5158 2i.
1139 5105 1184 5136 “
1225 5105 1350 5173 Sap.
1383 5119 1480 5160 vn.
1510 5104 1601 5166 ‘25,
1649 5103 1742 5156 26.
1843 5103 1887 5135 ⁸⁵
1925 5100 2082 5173 Ιοοηί.

2176 5116 2213 5166 t,
2244 5099 2333 5154 45.
2408 5099 2453 5130 ⁸⁸
2482 5097 2638 5173 Jo_an.
2671 5113 2743 5163 tv,
2770 5097 2861 5152 25.
2961 5098 3007 5130 °"
3041 5097 3178 5153 Gen.
3210 5112 3354 5162 χιιι,
3385 5097 3438 5152 8.
3545 5098 3590 5129 ⁸⁸
3621 5099 3750 5154 ibid.

497 5172 584 5229 l0.
663 5169 894 5228 6’ri‘tum.
924 5189 1073 5238 xxiv,
1104 5173 1136 5228 7
1162 5184 1217 5229 et
1242 5169 1357 5244 seq.
1433 5175 1479 5206 '°
1513 5174 1643 5230 ibid.
1674 5175 1737 5228 i7
1773 5182 1827 5228 et
1861 5187 1980 5243 seq.
2049 5172 2093 5203 '“
2126 5171 2277 5224 Deut.
2314 5185 2506 5234 xxxm,
2537 5169 2590 5223 'l.

573 5289 685 5357 (95)
720 5289 829 5342 Καὶ
861 5289 1083 5360 λέγειν.
1115 5290 1303 5344 Hiatus
1325 5300 1412 5345 est
1440 5291 1493 5344 in
1521 5307 1653 5346 mss.
1696 5291 1837 5358 Quid
1887 5300 2068 5345 autem
2178 5291 2350 5360 ipsum
2381 5287 2526 5356 quod
2557 5296 2667 5352 est,
2707 5285 2912 5342 habere
2973 5302 3054 5353 se,
3084 5286 3210 5355 quia
3261 5283 3428 5340 Pater
3447 5285 3705 5342 dedisset.
3732 5304 3752 5337 ι

503 5359 818 5437 desit,aliis
847 5359 1197 5437 divinandum
1229 5361 1538 5437 relittqtto:_
1655 5431 1772 5437 __
1891 5431 1901 5437 _
1967 5429 2008 5437 __
2179 5359 2492 5437 llu_§yu§:_
2544 5427 2557 5437 _
2653 5427 2664 5437 ι
2757 5426 2791 5437 ﬁ
2863 5427 2874 5436 _
2955 5426 2967 5437 _
3087 5425 3100 5437 _
3177 5426 3189 5437 ι

537 5473 540 5476 ι
571 5429 683 5508 (94)
713 5431 797 5483 Οὺ
827 5431 1212 5508 συγκρίνεται
1245 5431 1370 5484 κατ’
1390 5424 1588 5508 was}:
1609 5431 1939 5508 {QIIGI‘QL‘
1964 5429 2073 5484 Νο-

2218 5429 2356 5508 -(ξ[5)
2388 5428 2498 5481 Kal
2524 5427 2718 5508 ἀτμίς.
2755 5426 3046 5508 Perionius
3087 5425 3238 5508 legit,
3294 5427 3390 5508 καὶ
3426 5424 3605 5508 ἀκτίς,
3659 5429 3756 5486 sed

503 5497 781 5563 vatianus,
813 5516 906 5554 seu
921 5497 1179 5570 quisquis
1207 5513 1413 5578 auclor_
1428 5514 1510 5556 est
1534 5501 1767 5578 libri_l)e
1791 5497 2073 5578 Trinitate,
2177 5498 2536 5578 eX'ASjtpLVIt,
2559 5497 2651 5578 2§,
2683 5499 2910 5578 oni-nino
2946 5497 3290 5578 retinendum
3325 5497 3512 5578 ἀτμίςἸ

506 5571 614 5650 qui
634 5569 903 5650 Operibus
945 5565 1266 5650 Tertulliani
1330 5571 1916 5650 adjungi‘solethcap.
1958 5570 2023 5624 l7
2057 5587 2072 5624 :
2181 5637 2219 5650 ἢ
2251 5565 2556 5650 (9.6)Ὸρς1ἀ.
2597 5567 2925 5650 Bodleianus
2954 5575 3009 5620 et
3057 5565 3411 5630 BarbetilIUS.
3462 5566 3749 5635 λέγοντοςο

513 5657 542 5694 ι,
573 5637 829 5703 Quamvis
875 5641 1016 5695 enim
1044 5658 1100 5697 se
1123 5658 1188 5703 ex
1213 5643 1330 5724 κρεο
1373 5637 1532 5724 Patre
1566 5641 1731 5696 Demn
1784 5637 1911 5695 esse
1965 5655 2080 5724 ιηοι-
2181 5637 2690 5724 ΒρίξιιιεἏλέγοντα,
2715 5638 2913 5724 male.
2954 5704 2970 5724 ς
3183 5706 3200 5724 κ
3237 5707 3263 5724 ﬂ
3304 5708 3314 5724 ν

512 5710 778 5772 tninisset,
804 5727 1090 5790 _nunqu:un
1127 5729 1186 5766 se
1219 5713 1326 5767 Deo
1383 5707 1524 5765 Pati'i
1582 5723 1674 5790 aut
1706 5710 2078 5790 comparavit,

2397 5704 2585 5790 _C_od'ex
2624 5707 2844 5790 Regius,
2883 5704 2978 5788 καὶ
3002 5706 3397 5790 κατακλιθείςη

512 5792 601 5832 aut
631 5782 882 5847 contulit,
914 5773 1120 5838 nicmor
1153 5799 1211 5840 se
1249 5797 1369 5839 esse
1403 5799 1466 5838 cx
1495 5799 1593 5839 suo
1624 5773 1783 5838 Patre
1808 5773 1845 5847 ,⁷
1875 5791 1926 5836 et
1979 5781 2082 5835 hoc
2255 5779 2366 5850 (98)
2397 5779 2540 5834 Idem
2561 5773 2733 5838 codex
2768 5777 2989 5849 Regius,
3033 5778 3065 5847 ἡ
3103 5775 3458 5836 κλτοονομία,

2175 4045 2522 4115 εὐλογοῦντες
2548 4061 2606 4096 σε
2632 4043 2970 4114 εὐλόγηνται,
2991 4043 3084 4094 κα).
3101 4043 3149 4095 οἱ
3171 4041 3550 4113 καταρώμενοί
3575 4059 3635 4094 σε
3663 4058 3755 4094 κε-

2961 5098 3007 5130 ⁶⁷
3041 5096 3178 5153 Gen.
3210 5112 3354 5162 χιιι,
3385 5097 3438 5152 8.
