4170 6456
505 382 611 439 M5

1559 378 1914 436 COMMENT.
1953 381 2020 436 IN
2057 378 2248 435 IOAN.
2289 379 2529 436 TOMUS
2561 379 2700 436 XIII.

3647 365 3754 438 iis

506 498 766 571 φέρεσθαι
793 496 1025 560 καὶτοῖς
1077 497 1422 568 Σαμαρεῦσιν
1458 495 1524 550 ἂν
1557 497 1857 568 συνδοκοίη,
1908 497 2065 561 οὕτως

2149 497 2437 567 ,populum
2489 511 2626 564 ejus,
2672 510 2875 566 quaeso,
2915 495 3107 550 venias
3145 510 3158 548 :
3192 509 3382 552 manus
3423 495 3539 564 ejus
3589 498 3752 551 simul

501 591 718 662 ἔχουσα·
775 609 794 641 ι
833 590 1182 652 Είσάικουσον,
1215 589 1406 659 Κύριε,
1435 587 1616 658 φωνὴν
1662 589 1851 651 Ἰούδα,
1880 591 1974 642 καὶ
2001 591 2080 652 εἰς

499 680 591 733 τὸν
615 679 740 732 λαὸν
772 678 931 732 αὐτοῦ
965 679 1139 742 ἔλθοις
1170 679 1254 732 ἄν·
1289 679 1346 731 αἱ
1384 680 1564 749 χεῖρες
1594 677 1757 732 αὑτοῦ
1793 678 1910 749 ἅμα
1954 679 2078 750 κρί-

499 784 683 822 νουσιν
719 767 888 838 αὑτῷ,
920 768 1016 820 καὶ
1047 766 1239 837 βοηθὸς
1279 769 1343 819 ἐκ
1392 765 1499 818 τῶν
1534 766 1744 837 ἐχθρῶν
1776 767 1941 820 αὐτοῦ
1967 767 2075 838 (99)

495 860 619 934 ἔσῃ.
663 879 682 912 ι
723 860 876 914 Ἐπεὶ
915 860 972 913 δὲ
1015 860 1239 930 αὑχοῦσι
1284 860 1626 930 πατριάρχην
1672 860 1946 930 Σαμαρεῖς
1984 860 2076 913 τὸν

511 951 729 1022 Ἰωσὴφ,
767 950 1026 1020 ἐφίστημι
1054 951 1262 1021 μήποτε
1287 951 1386 1020 τήν
1419 967 1479 1002 τε
1515 949 1608 1002 τοῦ
1644 948 1838 1003 Ἰακὼϐ
1865 951 1945 1012 εἰς
1983 949 2075 1003 τὸν

511 1042 705 1113 Ἰωσήφ
729 1059 874 1106 τινες
917 1041 1163 1108 εὐλογίαν
1205 1040 1372 1111 αὐτῷ,
1420 1041 1515 1094 καὶ
1547 1040 1646 1112 τὴν
1677 1041 1769 1094 τοῦ
1798 1041 2075 1106 Μωῦσέως

495 1131 800 1198 ἐκδέξονται
843 1131 1094 1199 λέγεσθαι
1126 1134 1204 1194 είς
1233 1133 1332 1202 τὴν
1371 1132 1607 1202 Χριστοῦ
1630 1132 1950 1202 παρουσίαν.
1983 1130 2074 1201 Τῷ

494 1220 552 1274 δὲ
583 1220 888 1291 βουλομένῳ
919 1219 1134 1284 ἐξέσται
1181 1221 1273 1272 ἀπ’
1305 1221 1475 1289 αὐτῆς
1504 1221 1602 1290 τῆς
1641 1221 1864 1292 Γραφῆς
1889 1221 2072 1274 λαϐεῖν

495 1311 566 1365 τὰ
595 1312 754 1383 ῥητά·
779 1313 871 1365 καὶ
895 1311 1056 1375 αὐτὸς
1075 1311 1132 1363 δέ
1162 1314 1191 1364 6
1232 1312 1442 1382 Σωτὴρ,
1467 1311 1619 1377 εἰδὼς
1640 1312 1878 1367 Μωῦσέα
1901 1312 2070 1366 πολλά

493 1397 916 1470 ἀναγεγραφότα
937 1399 1034 1468 τῆς
1056 1399 1182 1470 περὶ
1203 1400 1439 1469 Χριστοῦ
1464 1403 1798 1473 προφητείας
1821 1401 1920 1472 (I),
1946 1403 2080 1473 φησὶ

491 1493 604 1556 τοῖς
627 1490 922 1554 Ἰουδαίοις·
948 1509 966 1542 ι
992 1491 1053 1543 Εί
1077 1489 1390 1544 ἐπιστεύετε
1412 1493 1657 1559 Μωῦσεί,
1678 1493 1992 1547 ἐπιστεύετε
2012 1493 2080 1548 ἂν

492 1581 636 1652 ἐμοί·
662 1581 791 1651 περὶ
826 1580 938 1652 γάρ
977 1579 1112 1649 ἐμοῦ
1137 1581 1344 1644 ἐκεῖνος
1385 1579 1610 1652 ἔγραψε.
1643 1600 1661 1633 ›
1683 1581 1946 1646 Τυπικῶς
1979 1585 2078 1654 μέν

492 1671 587 1727 οὖν
613 1673 707 1726 καὶ
733 1671 1146 1743 αἰνιγματωδῶς
1182 1673 1563 1743 ἀναφερόμενα
1603 1675 1684 1737 είς
1725 1675 1816 1728 τὸν
1841 1674 2079 1744 Χριστὸν

490 1761 599 1816 τῶν
626 1763 1134 1834 ἀναγεγραμμένων
1161 1763 1218 1815 ἐν
1247 1761 1324 1833 τῷ
1348 1762 1518 1834 Νόμῳ
1544 1762 1771 1818 πλεῖστα
1797 1766 1898 1818 ὅσα
1931 1764 2077 1818 ἔστιν

2175 587 2420 656 judicant
2449 602 2596 651 eum,
2625 594 2682 640 et
2705 585 2921 653 adiutor
2942 585 3046 640 sibi
3078 585 3147 640 ab
3181 587 3416 641 inimicis
3443 588 3563 654 ejus
3584 589 3747 642 eris.»

2181 679 2286 733 Sed
2317 678 2572 747 quoniam
2622 677 2927 746 gloriantur
2977 677 3307 732 Samaritani
3346 679 3412 732 de
3443 679 3750 747 patriarcha

2175 767 2400 837 Ioseph,
2427 767 2586 838 237
2617 767 2846 838 inspicio
2883 783 3012 820 num
3062 766 3204 822 forte
3247 767 3414 835 aliqui
3454 778 3509 822 et
3528 768 3752 822 benedic

2175 863 2414 916 ctionem
2464 858 2634 913 Iacob
2661 859 2728 912 ad
2755 856 2976 926 Ioseph,
3005 865 3059 913 et
3091 858 3522 912 benedictionem
3550 857 3749 928 Moysis

2177 951 2450 1019 accipiant
2491 949 2597 1003 dici
2645 948 2715 1004 de
2756 947 2956 1004 Christi
3003 948 3258 1005 adventu.
3311 948 3522 1002 Poterit
3567 958 3748 1002 autem

2175 1043 2419 1112 quisquis
2446 1041 2681 1095 voluerit
2711 1054 2778 1095 ex
2817 1039 2934 1109 ipsa
2979 1039 3262 1109 Scriptura
3302 1053 3520 1095 sumere
3556 1040 3748 1094 verba.

2173 1133 2315 1200 Quin
2349 1133 2612 1186 Servator
2635 1131 2755 1201 ipse
2787 1132 2970 1186 sciens
2999 1130 3216 1198 Moysen
3244 1130 3413 1184 multa
3445 1130 3513 1184 de
3537 1129 3750 1188 Messias

2172 1225 2454 1294 prophetia
2486 1224 2798 1294 scripsisse,
2834 1223 2900 1278 ad
2923 1219 3142 1276 Iudazos
3168 1221 3346 1291 inquit
3378 1235 3395 1276 :
3431 1240 3450 1272 ι
3489 1222 3546 1276 Si
3576 1221 3745 1293 Moysi

2169 1315 2490 1380 crederetis,
2519 1315 2820 1370 crederetis
2863 1317 3027 1368 etiam
3065 1314 3222 1377 mihi,
3258 1313 3327 1368 de
3359 1329 3444 1368 me
3477 1314 3620 1368 enim
3655 1314 3746 1367 ille

2169 1407 2388 1476 scripsit
2432 1409 2500 1465 ⁷³.
2555 1425 2574 1458 ι
2625 1405 2991 1474 Quamobrem
3042 1405 3439 1475 quamplurima
3500 1406 3743 1460 invenire

2169 1499 2292 1552 licet
2323 1498 2527 1566 scripta
2561 1497 2613 1550 in
2646 1497 2765 1566 lege
2800 1506 2911 1548 tum
2949 1496 3130 1564 typice
3159 1505 3368 1563 aperte,
3407 1504 3517 1547 tum
3546 1496 3745 1549 obscu-

2168 1604 2249 1656 re,
2301 1605 2421 1659 qua:
2453 1588 2767 1644 referantur
2793 1586 2860 1640 ad
2913 1584 3212 1642 Christum.
3274 1587 3560 1655 Apertiera
3614 1601 3745 1640 vero

2167 1681 2267 1736 alia
2302 1693 2358 1736 et
2393 1681 2766 1736 manifestiora
2802 1687 3001 1748 praeter
3054 1679 3191 1744 haec,
3217 1693 3318 1748 ego
3351 1679 3404 1732 in
3455 1679 3743 1749 praesentia

2169 1789 2274 1828 non
2312 1773 2490 1829 video.
2518 1773 2744 1831 Messias
2772 1777 2990 1846 quidem
3021 1777 3202 1848 lingua
3235 1777 3579 1833 lIebra'orum
3603 1778 3742 1833 dicin'

492 1854 695 1918 εὑρεῖν·
725 1855 1036 1926 γυμνότερα
1060 1854 1118 1909 δέ
1141 1855 1236 1908 καὶ
1261 1855 1572 1927 σαφέστερα
1597 1857 1707 1926 ἐγὼ
1734 1859 1831 1928 οὐχ
1851 1856 1963 1927 όρῶ
1985 1857 2065 1909 ἐπῖ

2171 1873 2275 1927 tur,
2316 1864 2459 1934 quod
2484 1837 2838 1937 Septuaginta
2874 1837 3220 1938 interpretati
3260 1877 3408 1935 sunt,
3461 1866 3743 1934 Christus;

489 1946 584 1999 τοῦ
616 1949 886 2019 παρόντος
917 1947 1054 2001 ἄλλα
1083 1947 1207 2001 τινά
1246 1948 1400 2019 παρὰ
1438 1949 1633 2006 ταῦτα.
1673 1950 1916 2012 Μεσσίας
1951 1949 2076 2021 μέν·

491 2056 638 2107 τοιγε
671 2040 972 2110 Ἐϐραϊστὶ,
1004 2040 1269 2096 καλεῖται.
1293 2042 1430 2111 ὅπερ
1451 2044 1500 2094 οἱ
1529 2044 1626 2111 μὲν
1651 2042 2072 2112 Ἑϐδομήκοντα,

489 2134 772 2200 Χριστός,
816 2134 1168 2205 ἡρμήνευσαν
1190 2151 1203 2165 ·
1237 2136 1266 2189 6
1296 2135 1353 2188 δὲ
1383 2134 1635 2199 ’Δκύλας,
1675 2133 2071 2203 Ἠλειμμένος.

563 2223 654 2277 27.
681 2221 1000 2294 Θεωρητέον
1030 2221 1123 2275 καὶ
1144 2221 1227 2274 τό·
1264 2239 1283 2272 ‹
1321 2221 1489 2274 Ὅταν
1513 2221 1640 2292 ἔλθῃ
1665 2223 1889 2285 ἐκεῖνος,
1909 2221 2078 2290 ἀναγ-

489 2313 638 2383 γελεῖ
685 2315 816 2383 ἡμῖν
856 2313 1094 2377 ἅπαντα,
1137 2331 1155 2363 ι
1193 2311 1421 2383 πότερον
1464 2312 1573 2366 ἀπὸ
1623 2311 1971 2383 παραδόσεως
2003 2314 2070 2384 τῇ

488 2405 837 2477 Σαμαρείτιδι
873 2405 1107 2476 εἴρηται,
1148 2405 1180 2474 ἢ
1220 2403 1329 2457 ἀπὸ
1354 2404 1448 2457 τοῦ
1485 2405 1691 2476 Νόμου.
1730 2406 1842 2458 Ούκ
1875 2406 2074 2476 ἀγνοη-

485 2497 606 2550 τέον
666 2497 936 2568 μέντοιγε,
963 2499 1067 2560 ὅτι,
1123 2496 1310 2567 ὥσπερ
1341 2497 1449 2550 ἀπὸ
1486 2496 1750 2551 Ἰουδαίων
1789 2499 1990 2569 ἀνέστη
2040 2500 2070 2552 6

498 2589 703 2660 Ἰησοῦς
730 2591 963 2661 Χριστὸς
987 2586 1125 2643 εἶναι
1154 2589 1230 2659 (2)
1275 2591 1335 2642 ού
1372 2589 1529 2659 μόνον
1574 2591 1767 2659 λέγων,
1800 2592 1936 2646 ἀλλά
1975 2592 2070 2646 καὶ

483 2681 824 2745 ἀποδεικνύς·
869 2681 1042 2745 οὕτως
1072 2682 1180 2734 ἀπὸ
1218 2681 1517 2755 Σαμαρέων
1563 2683 1810 2746 Δοσίθεός
1845 2682 1920 2755 (5)
1983 2701 2068 2747 τις

483 2772 721 2836 ἀναστὰς
749 2772 984 2841 ἔφασκεν
1010 2771 1200 2826 ἐαυτὸν
1251 2767 1390 2824 εἶναι
1426 2772 1518 2827 τὸν
1551 2773 2066 2844 προπεφητευμένον

482 2866 734 2937 Χριστὸν,
768 2866 860 2933 ἀφ’
901 2859 961 2918 οὗ
1000 2865 1159 2936 δεῦρο
1197 2865 1358 2936 μέχρι
1397 2865 1534 2919 εἰσὶν
1564 2867 1612 2918 οι
1643 2864 1935 2918 Δοσιθεινοὶ
1964 2866 2063 2937 (4),

481 2959 738 3028 φέροντες
769 2959 862 3011 καὶ
903 2957 1117 3027 βίϐλους
1136 2958 1233 3010 τοῦ
1265 2957 1540 3021 Δοσιθέου,
1566 2959 1660 3011 καὶ
1692 2958 1894 3028 μύθους
1911 2959 2066 3024 τινας

479 3051 609 3120 περὶ
637 3049 801 3103 αὐτοῦ
832 3049 1198 3120 διηγούμενοι,
1226 3048 1302 3112 ὡς
1337 3049 1411 3120 μὴ
1432 3049 1770 3120 γευσαμένου
1805 3049 2060 3118 Θανάτου,

477 3141 590 3193 ἀλλ’
617 3143 674 3192 ἐν
703 3139 779 3210 τῷ
812 3140 909 3210 βίῳ
946 3158 1048 3194 που
1078 3141 1456 3210 τυγχάνοντος.
1502 3141 1612 3192 Καὶ
1639 3140 1816 3194 ταῦτα
1858 3141 1957 3211 μὲν
1989 3142 2117 3230 ὼςο

477 3232 614 3302 πρὸς
642 3231 739 3302 τὴν
771 3231 938 3298 λέξιν.
973 3231 1132 3330 Ἀλλά
1153 3231 1248 3284 καὶ
1273 3233 1306 3302 ἡ
1332 3231 1634 3303 ἐτερόδοξος
1657 3231 1808 3303 παρά
1826 3235 1892 3304 τῇ
1911 3235 2060 3304 πηγῇ

476 3321 570 3374 τοῦ
630 3322 846 3385 Ἰακὼϐ,
904 3318 1100 3394 φρέατι
1151 3323 1242 3375 ὑπ’
1295 3322 1464 3392 αὐτῆς
1504 3318 1644 3375 εἶναι
1697 3321 2059 3393 νομιζομένῳ,

475 3414 667 3486 γνώμη
705 3416 802 3487 (5),
838 3416 896 3469 ὃν
929 3415 1299 3486 ὑπολαμϐάνει
1332 3411 1468 3469 εἷναι
1503 3415 1834 3486 τελειότερον
1865 3415 2058 3483 Λόγον,

474 3506 662 3562 τοῦτον
681 3507 915 3578 Χριστὸν
941 3506 1282 3578 ὀνομάζουσά
1307 3523 1492 3578 φησιν·
1522 3525 1541 3559 ι
1568 3508 1733 3561 Ὅταν
1760 3506 1887 3578 ἔλθῃ
1917 3510 2060 3561 ἐκεί-

473 3617 584 3664 νος,
647 3599 937 3668 ἀναγγελεῖ
975 3601 1104 3670 ἡμῖν
1155 3598 1392 3654 ἅπαντα·
1433 3618 1452 3652 ι
1507 3599 1698 3671 παρὼν
1736 3599 1794 3652 δὲ
1835 3602 1972 3672 αὐτῇ
2029 3604 2057 3655 6

474 3691 938 3762 προσδοκώμενος,
987 3691 1082 3744 καὶ
1129 3690 1499 3762 ἐλπιζόμενος,
1536 3692 1670 3763 φησὶ
1705 3693 1785 3744 τό·
1824 3710 1842 3743 ι
1919 3691 2058 3761 Ἐγώ

472 3787 587 3856 εἰμι
619 3787 647 3836 ὁ
675 3783 851 3836 λαλῶν
885 3799 988 3836 σοι.
1023 3801 1040 3834 ι
1077 3781 1220 3854 Ὅρα
1251 3781 1308 3835 δὲ
1337 3782 1432 3836 καὶ
1477 3783 1569 3837 τὸν
1623 3783 1975 3854 Ἡρακλέωνα
2001 3784 2055 3837 τί

474 3875 624 3944 φησί·
655 3874 802 3942 λέγει
823 3873 952 3945 γὰρ,
992 3875 1075 3926 ὅτι
1104 3887 1135 3926 ἰ
1175 3873 1537 3945 Προσεδέχετο
1559 3877 1592 3944 ἡ
1638 3873 1937 3946 Ἐκκλησία
1962 3874 2055 3928 τὸν

471 3966 725 4038 Χριστὸν,
772 3966 865 4020 καὶ
898 3965 1189 4018 ἐπέπειστο
1234 3965 1364 4039 περὶ
1407 3962 1596 4033 αὐτοῦ,
1642 3966 1724 4020 ὄτι
1773 3965 1842 4018 τὰ
1876 3965 2054 4020 πάντα

474 4057 634 4128 μόνος
661 4057 868 4120 ἐκεῖνος
902 4055 1214 4109 ἐπίσταται.
1249 4073 1269 4106 ι

532 4147 626 4202 28.
665 4166 684 4198 ι
714 4146 877 4215 Λέγει
905 4147 1042 4218 αὐτῇ
1071 4149 1100 4200 6
1124 4145 1354 4218 Ἰησοῦς·
1377 4144 1525 4216 Ἐγώ
1548 4146 1663 4218 εἰμι
1681 4144 1713 4199 6
1740 4143 1918 4200 λαλῶν
1940 4157 2044 4197 σοι·

461 4253 558 4307 καὶ
586 4254 680 4307 ἐπὶ
715 4253 873 4307 τοῦτο
904 4249 1067 4326 ἦλθον
1093 4255 1143 4308 oi
1179 4254 1419 4327 μαθηταὶ
1451 4253 1650 4319 αὐτοῦ,
1683 4253 1778 4308 καὶ
1808 4251 2050 4323 ἐθαύμα-

463 4357 575 4425 ζον,
605 4359 688 4414 ὅτι
719 4359 858 4431 μετὰ
889 4360 1149 4429 γυναικὸς
1175 4361 1385 4415 ἐλάλει·
1416 4360 1590 4424 οὐδεὶς
1615 4359 1862 4431 μέντοιγε
1892 4351 2045 4410 εἷπε·

461 4465 526 4516 Τί
559 4462 777 4534 ζητεῖς,
821 4464 854 4535 ἢ
897 4465 949 4518 τί
991 4463 1169 4528 λαλεῖς
1213 4465 1330 4537 μετ’
1372 4463 1579 4534 αὐτῆς
1633 4480 1653 4514 ι
1701 4459 1970 4533 Ζητητέον
1997 4456 2051 4512 εἴ

461 4586 564 4621 που
598 4571 626 4622 6
653 4569 889 4641 Χριστὸς
920 4571 1112 4625 ἑαυτὸν
1155 4569 1574 4642 εὐηγγελίσατο,
1603 4568 1699 4622 καὶ
1728 4564 2046 4636 συγκριτέον

457 4675 632 4729 ταῦτα
657 4676 927 4748 ἀλλήλοις,
955 4676 1162 4742 ὥσπερ·
1187 4694 1204 4728 ι
1237 4675 1382 4746 Ἐγώ
1404 4677 1519 4746 είμι
1542 4676 1570 4729 6
1599 4669 1894 4744 μαρτυρῶν
1920 4665 2049 4738 περὶ

455 4780 713 4851 ἐμαυτοῦ,
748 4781 842 4834 καὶ
876 4783 1141 4852 μαρτυρεῖ
1170 4778 1300 4852 περὶ
1326 4777 1460 4850 ἐμοῦ
1495 4779 1524 4832 6
1555 4777 1777 4849 πέμψας
1814 4796 1883 4849 με
1917 4778 2035 4831 Πα-

2161 1953 2386 2022 Aquilas
2410 1969 2559 2018 vero,
2593 1953 2816 2010 chtus.

2230 2218 2321 2272 27.
2354 2219 2678 2276 Intuendum
2707 2232 2763 2278 et
2791 2223 2919 2277 illud
2949 2239 2966 2280 :
3004 2241 3023 2278 ι
3055 2224 3191 2280 Cum
3241 2225 3456 2280 venerit
3505 2225 3620 2291 ille,
3650 2241 3745 2281 an-

2159 2311 2431 2366 nuntiabit
2466 2313 2620 2366 nobis
2654 2314 2837 2368 omnia
2871 2315 2937 2380 7',
2975 2335 2994 2365 ι
3033 2325 3217 2370 utrum
3248 2331 3318 2371 ex
3357 2317 3649 2372 traditione
3683 2318 3739 2373 id

2159 2399 2362 2454 dixerit
2411 2399 2720 2468 Samaritis,
2770 2419 2840 2457 an
2869 2420 2935 2459 ex
2993 2405 3131 2475 lege.
3166 2404 3278 2460 Nec
3313 2420 3445 2460 sane
3473 2405 3743 2477 ignoraui

2157 2492 2284 2546 dum
2315 2501 2421 2557 est,
2451 2502 2510 2548 ut
2532 2493 2690 2548 Iesus
2733 2496 2977 2565 seipsum
3007 2512 3114 2550 non
3163 2497 3337 2551 solum
3370 2513 3492 2553 esse
3541 2514 3606 2553 ex
3639 2497 3740 2553 Iuo

2157 2584 2286 2637 daeis
2321 2583 2570 2639 lllessiam
2603 2586 2843 2653 dicebat,
2873 2589 2966 2643 sed
2993 2589 3157 2642 etiam
3184 2591 3617 2658 demonstrabat;
3654 2594 3736 2648 sic

2156 2673 2466 2730 Dositheum
2503 2677 2668 2732 etiam
2696 2679 2985 2748 quemdam
3023 2681 3306 2736 exstitisse
3335 2697 3402 2736 ex
3429 2682 3735 2738 Samarita-

2155 2763 2261 2826 nis,
2295 2765 2386 2832 qui
2420 2765 2663 2833 seipsum
2715 2767 2923 2822 diceret
2980 2767 3232 2825 Messiam
3275 2773 3736 2840 prophetatum,a

2153 2867 2261 2920 quo
2283 2869 2452 2920 usque
2511 2870 2653 2910 nunc
2709 2857 3008 2912 Dositheini
3063 2869 3212 2925 sunt,
3277 2860 3444 2917 libros
3490 2861 3736 2920 Dosithei

2152 2944 2620 3008 circumferentes,
2652 2956 2706 3000 et
2738 2947 2948 3002 fabulas
2976 2951 3241 3015 quasdam
3296 2963 3620 3007 enarrantes
3669 2955 3736 3008 de

2150 3048 2236 3100 eo,
2265 3035 2492 3104 perinde
2541 3039 2697 3106 quasi
2733 3039 2821 3093 ille
2850 3054 2956 3094 non
2989 3041 3235 3109 perierit,
3294 3044 3390 3098 sed
3445 3043 3644 3099 alicubi
3679 3045 3734 3100 in

2153 3125 2254 3180 hac
2283 3126 2394 3180 vita
2432 3128 2611 3199 degat.
2671 3129 2734 3182 Et
2773 3132 2885 3185 haec
2919 3133 3160 3201 quidem,
3201 3135 3346 3204 quod
3380 3135 3446 3190 ad
3481 3137 3736 3196 lectionis

2153 3217 2350 3271 seriem
2397 3219 2616 3273 attinet.
2660 3218 2800 3285 Quin
2863 3221 3029 3276 etiam
3075 3223 3307 3280 diversae
3353 3236 3515 3282 sectae
3540 3228 3735 3284 mulier

2150 3310 2291 3379 apud
2350 3309 2551 3365 fontem
2590 3309 2780 3375 Iacob,
2809 3327 2968 3381 quem
3019 3323 3238 3381 puteum
3288 3319 3537 3384 putabat,
3569 3334 3733 3387 quem

2152 3409 2332 3457 mente
2359 3403 2667 3472 suspicatur
2699 3419 2819 3459 esse
2878 3406 3260 3474 perfectiorem
3289 3389 3594 3482 Λόγον,’[ί‹1
3649 3420 3735 3467 est

2154 3513 2174 3548 ι
2219 3495 2562 3562 Sermonem,
2596 3495 2645 3569 ι]
2685 3498 2829 3553 hunc
2859 3498 3138 3554 Christum
3175 3502 3467 3557 nominans
3496 3505 3675 3574 inquit
3712 3521 3727 3558 :

2153 3607 2172 3640 ι
2211 3588 2344 3643 Cum
2392 3591 2604 3646 venerit
2669 3590 2780 3658 ille,
2847 3592 3196 3648 annuntiabit
3250 3595 3407 3650 nobis
3450 3597 3666 3659 omnia;
3704 3616 3724 3650 ι

2148 3694 2389 3747 praesens
2415 3691 2596 3736 autem
2627 3696 2751 3736 cum
2787 3691 2932 3736 esset
2967 3682 3056 3736 ille
3090 3683 3181 3751 qui
3226 3692 3283 3738 et
3310 3688 3730 3754 exspectabatur

2144 3781 2198 3825 et
2225 3770 2586 3838 sperabatur:
2627 3790 2646 3823 ι
2677 3769 2788 3840 Ego
2839 3786 2978 3837 sum,
3012 3773 3104 3840 qui
3138 3783 3311 3827 tecum
3342 3774 3550 3844 loquor,
3584 3793 3604 3826 ι
3643 3776 3730 3829 in-

2145 3863 2261 3932 quit
2283 3863 2346 3916 ".
2375 3862 2480 3916 Sed
2509 3863 2630 3918 vide
2653 3864 2782 3932 quid
2808 3864 3106 3919 Heracleon
3133 3867 3308 3930 dicat;
3337 3867 3512 3938 inquit
3536 3868 3680 3934 enim
3708 3885 3723 3921 :

2148 3968 2168 4002 ‹
2224 3951 2572 4021 Exspectabat
2624 3953 2865 4009 Ecclesia
2925 3957 3243 4024 Christum,
3293 3968 3348 4012 et
3405 3974 3725 4028 persuasum

2144 4043 2379 4098 habebat
2417 4044 2588 4098 solum
2623 4047 2772 4100 illmn
2801 4050 2982 4102 omnia
3014 4065 3191 4106 nosse.
3231 4069 3250 4101 ο

2212 4133 2302 4189 28.
2329 4153 2348 4187 ι
2374 4136 2516 4190 Dicit
2548 4138 2620 4191 illi
2654 4137 2814 4197 Iesus
2840 4155 2854 4192 :
2886 4139 2998 4208 Ego
3019 4156 3136 4193 sum
3161 4143 3253 4210 qui
3285 4140 3478 4211 loquor
3510 4152 3719 4204 tecum.

2141 4223 2210 4279 Et
2239 4227 2452 4281 interim
2490 4240 2755 4283 venerunt
2799 4231 3049 4298 discipuli
3083 4230 3222 4299 ejus,
3267 4235 3720 4304 mirabanturque

2139 4318 2283 4386 quod
2317 4334 2437 4371 cum
2473 4319 2700 4373 muliere
2736 4320 3090 4388 loqueretur;
3131 4337 3290 4376 nemo
3319 4334 3499 4378 tamen
3526 4325 3665 4380 dixit
3698 4341 3714 4379 :

2141 4407 2280 4476 Quid
2303 4411 2524 4478 quaeris,
2555 4421 2648 4464 aut
2681 4427 2778 4465 cur
2797 4412 3038 4480 loqueris
3059 4429 3179 4467 cum
3204 4429 3266 4468 ea
3287 4415 3372 4468 7”?
3395 4434 3414 4466 ι
3443 4416 3725 4485 lnquirere

2071 4540 2116 4596 Β
2142 4501 2404 4556 debemus
2453 4504 2626 4557 sicubi
2667 4505 2916 4562 Christus
2956 4509 3418 4578 evangelizaverit
3452 4511 3716 4579 seipsum,

2142 4594 2371 4662 locaque
2395 4595 2538 4650 inter
2574 4611 2633 4650 se
2677 4601 2950 4665 conferre,
3010 4602 3174 4656 veluti
3205 4619 3220 4656 :
3259 4621 3277 4654 ι
3307 4603 3419 4672 Ego
3445 4617 3586 4668 sum,
3626 4603 3719 4672 qui

2140 4680 2206 4734 de
2244 4682 2452 4750 meipso
2512 4685 2880 4741 testimonium
2934 4688 3073 4756 fero,
3122 4700 3174 4745 et
3231 4700 3464 4746 testatur
3505 4693 3575 4747 de
3609 4707 3716 4756 me,

2136 4770 2229 4840 qui
2261 4771 2412 4826 misit
2446 4789 2553 4842 me,
2599 4775 2766 4832 Pater
2791 4779 2875 4847 7°;
2915 4797 2934 4831 ι
2969 4790 3024 4835 ει
3059 4782 3232 4838 illud:
3276 4801 3295 4834 ι
3332 4783 3390 4837 Si
3420 4783 3719 4838 crederetis

453 4873 575 4946 τήρ-
601 4893 619 4924 ι
661 4873 754 4925 καὶ
785 4873 844 4925 ἐν
863 4872 957 4943 τῷ·
990 4891 1010 4924 ι
1034 4873 1096 4925 Εἰ
1122 4871 1433 4925 ἐπιστεύετε
1448 4870 1693 4934 Μωῦσεῖ,
1717 4868 2033 4923 ἐπιστεύετε

2149 4859 2328 4930 lloysi,
2353 4865 2653 4922 crederetis
2679 4869 2842 4923 etiam
2877 4871 3030 4935 mihi,
3085 4872 3150 4925 de
3173 4887 3257 4926 me
3281 4873 3424 4927 enim
3459 4873 3548 4927 ille
3577 4873 3716 4926 scri-

451 4959 519 5014 ἂν
550 4961 691 5032 ἐμοί·
720 4961 850 5033 περὶ
887 4963 996 5034 γάρ
1027 4961 1162 5033 ἐμοῦ
1183 4963 1390 5026 ἐκεῖνος
1421 4961 1649 5034 ἔγραψε·
1696 4979 1716 5012 ι
1774 4960 1870 5014 καὶ
1897 4960 1952 5014 εἴ
1977 4977 2034 5014 τι

522 5099 566 5128 ⁷²
587 5096 740 5154 Ioan.
773 5115 822 5165 ν,
850 5101 940 5156 46.
1020 5097 1087 5135 ’⁷³
1109 5101 1264 5159 Ioan.
1299 5119 1374 5170 ιν,
1412 5104 1504 5161 25.
1607 5104 1656 5173 7⁸
1677 5105 1810 5160 ibid.
1835 5105 1924 5162 26.

525 5227 636 5301 ιξὶθ)
665 5227 846 5281 Codex
877 5229 1101 5301 Regius,
1125 5236 1325 5290 αὐτῶν.

523 5295 601 5367 (.l)
650 5295 1039 5377 Προφῃτείιξς.
1088 5295 1165 5377 ln_
1198 5308 1440 5377 margine
1489 5324 1696 5366 comcns
1746 5309 2026 5366 Bodleiani

450 5367 778 5450 adinoiretur
811 5367 1263 5450 fortejegentlum
1298 5367 1620 5450 παρουσίας.

517 5436 596 5558 ἓ2)
631 5437 889 5520 Χριστὸς
913 5436 1086 5521 sla-dt.
1125 5442 1182 5497 In
1209 5436 1446 5503 editione
1479 5436 1658 5529 Hltetii
1705 5450 1858 5506 deest
1893 5451 2027 5524 Χρι-

548 5523 596 5558 ε.
627 5511 722 5558 sed
759 5518 1067 5558 restituitur
1097 5527 1129 5558 ρ
1170 5517 1328 5558 ρηιιιι,
1384 5517 1676 5558 ιιηηιρωηη
1726 5529 1779 5558 ιιι
1825 5521 2027 5558 Ral-ha-

449 5511 596 5586 στος,
627 5511 722 5562 sed
759 5511 1067 5565 restituitur
1097 5527 1129 5567 e
1170 5517 1330 5570 codd.
1380 5517 1676 5575 Bodleiano
1726 5529 1783 5576 et
1821 5511 2027 5576 Barbe-

451 5590 594 5630 nuo.

523 5645 598 5713 (5)
625 5646 928 5726 ἀοσίθεος,
954 5657 1060 5705 etc.
1091 5651 1350 5722 Origenes
1373 5656 1466 5710 lib.
1498 5673 1516 5712 ι
1563 5668 1750 5712 contra
1787 5657 2020 5726 Celsum,

2032 5106 2238 5163 "ibid.
2282 5105 2374 5171 es,
2409 5106 2499 5160 27.
2577 5105 2799 5164 "Ioan.
2834 5125 2884 5174 ν,
2919 5111 3006 5177 5t,
3041 5111 3130 5166 57.

2133 4953 2245 5024 psit
2265 4953 2335 5021 ",
2357 4969 2388 5009 ἰ
2419 4968 2477 5014 et
2517 4959 2562 5013 si
2588 4961 2718 5028 quid
2768 4961 2960 5017 horum
3003 4964 3170 5036 238
3194 4965 3372 5020 simile
3402 4964 3605 5020 dictum
3634 4973 3720 5021 est

3239 5111 3286 5144 ‘"
3319 5111 3450 5168 ibid.
3481 5110 3573 5168 46.

2029 5219 2031 5221 ’
2135 5239 2507 5319 Ϊιιςιιιιιίιιηυε
2539 5239 2614 5294 De
2661 5259 2877 5310 prwscr.
2912 5251 3034 5319 ραι).
3083 5247 3375 5314 liazreticos,
3430 5264 3553 5319 cap.
3603 5252 3711 5319 45;

2135 5310 2466 5388 Epiphanius
2495 5313 2688 5368 haeres.
2717 5329 2854 5377 xm;
2909 5315 3231 5372 l’hitastrius
3263 5310 3384 5388 cap'.
3410 5319 3468 5386 4,
3499 5310 3567 5374 ἐι
3619 5310 3712 5378 alii

2131 5383 2398 5448 plerique.
2425 5380 2689 5438 Hunnus.

2153 5518 2182 5531 η
2203 5451 2280 5519 (4)
2310 5451 2990 5531 ΔοσιθειιςοζΔοσιθεηνοί
3009 5457 3354 5531 appellantur
3379 5461 3446 5512 ab
3472 5457 3714 5531 Origene

2129 5516 2222 5572 lib.
2253 5516 2303 5572 νι
2325 5531 2509 5573 contra
2537 5522 2765 5588 Getsum,
2796 5516 2948 5581 nunt.
2970 5516 3057 5590 II;
3080 5516 3152 5582 ἐι
3196 5529 3501 5584 Dositheani
3525 5516 3706 5586 Τῖίειει.

2130 5603 2280 5668 trav-1A1
2304 5592 2360 5643 in
2386 5590 2579 5668 M_att_ft.
2603 5598 2817 5668 _veteris
2865 5599 3355 5668 interpretationis,
3396 5616 3519 5668 pag.
3555 5602 3650 5654 851
3691 5616 3709 5659 ξ

2121 5657 2363 5740 ροσίθεοι
2391 5661 2458 5740 ab
2516 5662 2846 5732 Epiphanio,
2878 5657 3218 5724 Theédoreto
3253 5680 3309 5724 et
3342 5657 3706 5728 Illaiti'asccno.

451 5729 612 5791 nunt.
644 5715 732 5777 5'7.
763 5728 816 5770 et
857 5721 970 5791 _lib.
1009 5735 1082 5784 vr,
1132 5715 1286 5776 ηιῖιιι.
1335 5726 1440 5791 ll;
1495 5726 1678 5782 Traet.
1741 5745 1890 5782 xxv"
1964 5715 2020 5784 iii
2121 5725 2198 5781 In.

453 5783 816 5858 Matth.,pag.
849 5789 973 5857 85l,
1015 5783 1281 5850 ethomil.
1310 5795 1379 5852 25
1419 5783 1474 5852 in
1508 5797 1662 5866 Lua,
1717 5814 1838 5870 pag.
1878 5783 2014 5868 962,

2193 5800 2270 5871 (5)
2308 5801 2542 5873 Γνώμη.
2573 5803 2866 5864 Ferrarius
2895 5807 3108 5880 legebat
3144 5812 3304 5882 γυνή.
