4170 6452
405 395 513 451 M7

1854 385 2016 441 ORIG
2028 383 2182 438 ENIS

3569 373 3670 428 M8

408 509 463 562 in
493 505 676 576 aliquo
701 494 1011 572 Evangelio.
1051 504 1460 567 Verumtamen,
1514 502 1658 572 quod
1687 504 1752 557 ad.
1787 503 1976 558 lectio-

2099 497 2288 560 τούτοις
2309 494 2690 568 παραπλήσιον
2722 492 2778 545 ἐν
2801 508 2906 545 τινι
2930 489 3038 543 τῶν
3066 488 3411 557 Εὐαγγελίων
3427 486 3667 558 εἴρηται.

411 599 496 652 nis
522 597 718 650 seriem
755 596 969 659 attinet,
1005 592 1071 646 ab
1095 593 1212 662 ipso
1243 593 1370 647 hinc
1399 594 1683 658 discimus,
1705 594 1848 662 quod
1877 593 1980 646 mi-

411 691 482 742 tis
505 697 559 742 et
587 687 808 741 humilis
833 686 998 739 corde
1028 685 1073 716 ⁷⁸
1097 685 1187 750 sit,
1209 683 1404 737 talibus
1428 683 1494 738 de
1525 685 1693 738 rebus
1719 683 1984 738 disserere

412 793 519 832 non
557 790 822 845 spernens
852 791 978 829 cum
1039 775 1268 828 muliere
1316 788 1510 841 aquam
1544 782 1787 843 gerente,
1827 782 1882 826 et
1913 774 1984 827 ob

412 866 638 920 multam
680 874 1054 934 paupertatem
1081 881 1146 920 ex
1185 865 1319 919 urbe
1350 879 1571 934 egressa
1613 879 1677 919 ac
1706 864 1986 918 laborante

414 959 466 1011 in
501 958 801 1012 haurienda
831 974 992 1026 aqua.
1029 959 1108 1012 At:
1138 956 1383 1027 profecto
1436 956 1706 1010 mirantur
1735 954 1986 1022 discipuli

413 1052 877 1120 supervenientes,
914 1050 1006 1120 qui
1039 1050 1407 1117 praeviderant
1436 1046 1864 1116 magnitudinem
1897 1046 1984 1099 di-

414 1141 656 1194 vinitatis
679 1140 731 1192 in
755 1139 894 1209 ipso,
936 1140 1312 1208 miranturque
1347 1135 1619 1204 quomodo
1651 1143 1833 1190 tantus
1859 1149 1984 1190 cum

415 1231 641 1284 muliere
675 1230 1027 1298 loqueretur;
1055 1231 1151 1284 sed
1183 1243 1303 1292 nos,
1331 1227 1604 1296 iactantia
1629 1241 1694 1280 ac
1733 1226 1989 1294 superbia

418 1319 585 1384 ducti,
611 1319 888 1388 simplices
937 1319 1287 1389 despicimus,
1337 1316 1487 1370 obliti
1514 1316 1642 1369 illud
1673 1315 1988 1384 singulatim

420 1412 487 1465 ad
517 1412 764 1479 quemvis
813 1412 1084 1465 hominem
1136 1409 1450 1478 pertinere:
1484 1425 1505 1458 ι
1547 1407 1837 1463 Faciamus
1892 1409 1993 1463 ho-

417 1502 618 1556 minem
643 1503 711 1555 ad
738 1501 1029 1571 imaginem
1080 1511 1135 1555 et
1157 1495 1571 1554 similitudinem
1605 1507 1848 1550 nostram
1871 1497 1940 1560 ",
1967 1514 1986 1547 ι

414 1601 471 1646 et
499 1593 760 1647 memoria
803 1608 909 1646 non
949 1600 1256 1661 repetentes
1294 1590 1591 1662 ﬁngentem
1623 1590 1678 1644 in
1731 1600 1908 1656 utero,
1937 1598 1994 1643 et

417 1683 711 1753 fingentem
751 1682 1066 1751 singulatim
1100 1680 1263 1735 corda
1306 1679 1586 1736 hominum
1617 1680 1881 1745 omnium,
1938 1687 1993 1734 et

418 1775 808 1844 intelligentem
843 1774 896 1827 in
928 1774 1109 1827 omnia
1165 1787 1328 1842 opera
1357 1787 1548 1826 eorum
1577 1771 1649 1837 ⁸⁸,
1689 1786 1794 1825 non
1827 1785 1992 1840 agno-

2084 589 2229 659 Πλὴν
2251 589 2375 641 ὅσον
2415 587 2508 639 ἐπὶ
2553 585 2630 656 τῷ
2667 583 2816 654 ρητῷ
2859 581 3203 652 μανθάνομεν
3233 580 3328 631 ἀπ’
3357 575 3522 630 αὑτοῦ
3575 579 3668 632 καὶ

2084 679 2352 743 ἐντεῦθεν,
2391 681 2473 732 ὅτι
2507 677 2681 748 πρᾶός
2734 678 2851 728 ἐστι
2903 673 2998 726 καὶ
3042 670 3297 734 ταπεινὸς
3330 673 3395 741 τῇ
3446 669 3666 740 καρδίᾳ,

2089 773 2162 843 μὴ
2199 769 2561 842 ὑπερηφανῶν
2591 770 2720 840 περὶ
2745 765 3080 840 τηλικούτων
3112 764 3452 834 πραγμάτων
3494 761 3672 816 διαλέ-

2085 862 2278 931 γεσθαι
2323 861 2605 932 ὑδροφόρῳ
2635 861 2854 928 γυναικὶ
2883 857 2973 910 διά
3003 855 3202 926 πολλὴν
3228 853 3416 907 πενίαν
3453 851 3672 925 ἐξιούσῃ

2087 953 2187 1023 τῆς
2214 953 2419 1016 πόλεως
2449 951 2548 1021 (7),
2593 951 2685 1003 καὶ
2730 947 3010 1020 καμνούσῃ
3055 949 3135 1010 είς
3176 947 3238 999 τὸ
3287 944 3670 1017 ὑδρεύσασθαι.

2087 1042 2437 1114 Θαυμάζουσί
2465 1060 2529 1111 γε
2558 1042 2653 1095 καὶ
2675 1042 2725 1094 oi
2751 1041 2992 1111 μαθηταὶ
3023 1038 3341 1100 ἐπελθόντες
3371 1037 3662 1108 προτεθεω-

2091 1133 2318 1204 ρηκότες
2344 1134 2404 1185 τὸ
2432 1131 2660 1203 μέγεθος
2702 1132 2800 1201 τῆς
2829 1133 2886 1183 ἐν
2918 1130 3067 1200 αὑτῷ
3104 1129 3375 1199 θεότητος,
3411 1131 3505 1183 καὶ
3527 1129 3671 1182 ’θαυ-

2093 1223 2324 1294 μάζουσι
2381 1223 2502 1276 τίνα
2546 1223 2747 1294 τρόπον
2787 1225 2815 1275 ό
2853 1220 3170 1291 τηλικοῦτος
3228 1221 3368 1292 μετὰ
3415 1220 3673 1290 γυναικὸς

2090 1313 2288 1368 ἐλάλειο
2333 1317 2496 1384 ἡμεῖς
2528 1314 2604 1378 δὲ,
2635 1313 2741 1365 ὑπὸ
2769 1312 3086 1376 ἀλαζονείας
3119 1313 3214 1366 καὶ
3240 1313 3346 1365 ὑπὸ
3390 1313 3674 1383 ὑπερηφα-

2090 1407 2210 1470 νίας
2237 1407 2518 1476 ἀγόμενοι,
2546 1408 2674 1469 τοὺς
2711 1405 3123 1476 εὐτελεστέρους
3149 1403 3548 1476 ὑπερορώμεθά
3589 1422 3673 1466 τε,

2092 1498 2572 1569 ἐπιλανθανόμενοι
2603 1499 2697 1551 τοῦ
2719 1498 2841 1552 καθ’
2871 1499 3101 1552 ἕκαστον
3128 1497 3414 1567 ἄνθρωπον
3434 1493 3572 1552 εἶναι
3591 1498 3672 1551 τόο
3725 1537 3732 1545 .

2098 1609 2117 1642 ι
2156 1591 2480 1662 Ποιήσωμεν
2509 1590 2792 1661 ἄνθρωπον
2821 1591 2941 1642 κατ’
2981 1589 3164 1642 εἰκόνα
3198 1589 3291 1642 καὶ
3328 1589 3451 1642 καθ’
3481 1590 3677 1659 ὁμοίω-

2094 1698 2179 1734 σιν
2203 1682 2478 1754 ἡμετέραν
2503 1683 2602 1752 (8),
2637 1701 2655 1733 ι
2691 1682 2785 1735 καὶ¹
2813 1679 2888 1751 μὴ
2917 1680 3256 1751 μεμνημένοι
3286 1680 3380 1733 τοῦ
3411 1679 3678 1734 πλάσσον-

2091 1790 2184 1837 τος
2215 1775 2273 1826 ἐν
2298 1773 2495 1845 κοιλίᾳ,
2523 1775 2615 1827 καὶ
2631 1773 2962 1835 πλάσσοντος
2981 1772 3122 1825 κατά
3145 1772 3311 1843 μόνας
3333 1771 3430 1836 τὰς
3450 1773 3678 1845 καρδίας

418 1838 625 1922 scimus
653 1865 796 1934 quod
847 1863 1182 1933 abjectorum
1202 1838 1219 1842 ν
1240 1871 1294 1916 et
1347 1862 1697 1931 parvulorum
1737 1838 1881 1916 Deus
1908 1871 1993 1916 est

2099 1863 2312 1916 πάντων
2340 1838 2664 1934 ἀνθρώπων,
2687 1863 2782 1914 καὶ
2813 1861 3083 1924 συνιέντος
3109 1838 3189 1925 είς
3221 1862 3402 1916 πάντα
3426 1862 3495 1915 τά
3527 1838 3678 1933 ’ἔργα

417 1957 732 2023 auxiliator,
767 1964 823 2010 et
851 1964 1131 2024 susceptor
1161 1955 1524 2018 infirmorum,
1547 1967 1874 2008 succurrens
1901 1953 1996 2007 de-

417 2049 790 2118 sperantibus,
817 2056 873 2102 et
901 2061 996 2102 eos
1019 2047 1110 2116 qui
1147 2047 1411 2115 deplorati
1435 2053 1564 2100 sunt
1591 2060 1835 2101 servans.
1875 2043 1994 2099 Uti-

419 2151 509 2195 tur
530 2150 708 2195 autem
750 2140 853 2194 hac
909 2138 1137 2192 muliere
1185 2137 1351 2192 veluti
1395 2137 1638 2208 apostola
1673 2138 1740 2191 ad
1776 2152 1871 2192 eos
1900 2137 1994 2206 qui

413 2240 578 2286 erant
613 2230 670 2286 in
701 2232 856 2297 urbe,
881 2229 946 2284 ‘in
981 2238 1186 2283 tantum
1218 2243 1338 2282 eam
1381 2229 1726 2283 sermonibus
1777 2227 1994 2283 inflam-

421 2337 600 2389 mans,
627 2333 686 2375 ut
708 2321 933 2376 dimissa
963 2321 1156 2390 hydria
1183 2335 1279 2374 sua
1307 2318 1502 2374 mulier
1532 2320 1725 2374 abierit
1754 2319 1808 2373 in
1859 2319 1995 2374 civi-

423 2422 612 2477 tatem,
642 2412 949 2479 dixeritque
989 2411 1341 2469 hominibus:
1375 2426 1395 2461 ι
1430 2407 1643 2474 Venite,
1695 2411 1871 2466 videte
1905 2413 1999 2466 ho-

424 2503 648 2564 minem,
674 2503 767 2572 qui
801 2501 940 2555 dixit
972 2502 1103 2554 mihi
1132 2500 1313 2554 omnia
1363 2515 1699 2571 quaecunque
1731 2501 1833 2558 feci
1872 2519 1886 2556 :
1927 2518 1995 2558 an

421 2595 513 2650 hic
539 2603 624 2650 est
648 2595 734 2648 ille
759 2593 1039 2648 Christus?
1071 2591 1221 2647 Tunc
1249 2607 1318 2647 ex
1352 2594 1486 2648 urbe
1513 2592 1792 2658 exierunt,
1815 2604 1871 2649 et
1900 2611 1996 2650 ve-

420 2695 622 2742 nerunt
656 2687 722 2739 ad
762 2685 937 2755 ipsum
968 2684 1047 2748 ἰς
1100 2703 1119 2736 ι
1151 2695 1314 2754 atque
1363 2686 1642 2740 mulierem
1697 2688 1839 2741 hanc
1887 2702 1998 2742 non

426 2777 778 2845 posthabens,
833 2775 1178 2845 apertissime
1231 2781 1468 2846 seipsum
1519 2778 1757 2832 ostendit
1804 2775 1999 2832 Sermo

424 2865 522 2920 Dei
554 2866 744 2930 Filius,
783 2869 922 2921 adeo
953 2875 1012 2921 ut
1043 2882 1164 2921 cum
1195 2868 1472 2922 venissent
1513 2868 1773 2935 apostoli,
1826 2883 1997 2922 mira.

424 2967 618 3012 rentur
660 2959 706 3013 si
753 2973 877 3012 cum
929 2959 1030 3012 hac
1072 2957 1312 3024 femella,
1369 2968 1428 3013 et
1459 2973 1580 3028 qua:
1611 2957 1772 3014 facile
1820 2959 1997 3027 decipi

424 3059 632 3122 posset,
683 3042 1266 3123 dignaretur'eolloqui
1319 3052 1514 3107 Sermo
1544 3051 1714 3107 Filius
1754 3051 1868 3110 Dei.
1898 3052 1998 3106 At-

2094 1955 2272 2009 αὑτῶν
2308 1956 2370 2007 οὑ
2417 1953 2780 2024 γινώσκομεν,
2829 1954 2912 2006 ὅτι
2951 1951 3223 2006 ταπεινῶν
3267 1954 3414 2006 ἐστιν
3455 1957 3484 2006 ὁ
3524 1954 3679 2018 Θεὸς,

2095 2049 2190 2102 καὶ
2216 2047 2513 2100 ἐλαττόνων
2537 2045 2752 2117 βοηθὸς,
2797 2047 2891 2100 καὶ⁵
2914 2046 3258 2120 ἀντιλὴπτωρ
3286 2047 3677 2114 ἀσθενούντων,

2094 2138 2524 2211 ἀπηλπισμένων
2559 2138 2894 2208 σκεπαστὴς,
2937 2140 3033 2192 καὶ
3081 2139 3521 2210 ἀπεγνωσμένων
3565 2140 3671 2192 Σιο-

2092 2232 2219 2302 τὴρ.
2251 2229 2428 2283 Οίονεὶ
2455 2229 2513 2282 δὲ
2559 2228 2654 2282 κα)⁵
2684 2229 2970 2299 ἀποστόλῳ
3001 2229 3138 2301 πρὸς
3181 2232 3308 2293 τοὺς
3345 2232 3402 2283 ἐν
3430 2233 3496 2302 τῇ
3530 2231 3682 2284 πόλει

2095 2322 2297 2392 χρῆται
2319 2323 2384 2392 τῇ
2419 2321 2638 2389 γυναικὶ
2668 2319 2862 2393 ταύτῃ,
2895 2322 2988 2373 ἐπὶ
3016 2320 3268 2374 τοσοῦτον
3293 2320 3496 2390 ἐξάψας
3515 2321 3683 2392 αὐτὴν

2095 2411 2184 2464 διὰ
2211 2410 2322 2464 τῶν
2352 2412 2546 2480 λόγων,
2567 2411 2691 2474 ἕως,
2716 2411 2914 2479 ἀφεῖσα
2935 2411 3033 2481 τὴν
3067 2411 3254 2482 ὑδρίαν
3266 2411 3456 2481 αὑτῆς,
3483 2414 3514 2482 ἡ
3546 2411 3683 2481 γυνὴ

2097 2502 2404 2558 ἀπελθοῦσα
2431 2504 2512 2566 είς
2539 2503 2637 2573 τὴν
2654 2501 2807 2556 πόλιν
2828 2502 2958 2572 εῐπῃ
2976 2505 3088 2564 τοῖς
3109 2503 3434 2574 ἀνθρώποις·
3456 2522 3474 2554 ι
3495 2503 3681 2569 Δεῦτε,

2101 2596 2238 2649 ἴδετε
2272 2595 2581 2668 ἄνθρωπον,
2619 2596 2676 2659 ὃς
2723 2591 2844 2648 εἶπέ
2873 2613 2963 2666 μοι
2997 2597 3175 2649 πάντα
3197 2597 3298 2649 ὅσα
3329 2595 3560 2667 ἐποίησα
3585 2595 3680 2667 (9)·

2101 2690 2232 2760 μήτι
2262 2682 2418 2752 οὗτός
2452 2691 2598 2741 ἐστιν
2635 2688 2664 2740 ὁ
2696 2689 2964 2760 Χριστόςς
3012 2707 3030 2740 ι
3056 2686 3186 2742 Ὅτε
3215 2687 3324 2758 (10)
3359 2687 3580 2760 ἐξῆλθον
3621 2689 3687 2741 ἐκ

2097 2779 2197 2850 τῆς
2229 2778 2456 2842 πόλεως,
2484 2779 2580 2832 καὶ
2613 2781 2845 2850 ἡρχοντο
2891 2778 3027 2850 πρὸς
3065 2778 3245 2843 αὑτὸν,
3277 2779 3372 2832 καὶ
3396 2782 3460 2849 τῇ
3505 2779 3685 2850 τοιᾷδε

2103 2871 2200 2941 μὲν
2225 2871 2299 2942 μὴ
2333 2870 2572 2941 ὑστερῶν
2598 2870 2719 2922 τότε
2761 2870 3074 2939 σαφέστατα
3102 2870 3389 2942 ἐμφανίζει
3415 2870 3526 2943 (Η)
3557 2872 3686 2924 ἐαυ-

2098 2963 2248 3026 τδνό
2285 2961 2479 3030 Λόγος,
2511 2961 2589 3024 ὡς
2640 2961 2894 3024 ἐλθόντας
2939 2963 3066 3026 τοὺς
3108 2963 3356 3033 μαθητὰς
3391 2962 3689 3034 θαυμάζειν

2101 3058 2150 3110 εἰ
2202 3056 2298 3109 καὶ
2329 3054 2469 3125 αὕτη
2515 3054 2742 3125 ἠξίωται
2789 3057 2958 3129 θῆλύς
2996 3075 3076 3122 τις
3120 3057 3528 3130 εὑεξαπάτητος
3554 3055 3688 3112 οῦσα

433 3154 612 3198 tamen
646 3145 826 3199 omnia
853 3144 1112 3212 przeclare
1143 3143 1260 3197 fieri
1285 3159 1314 3196 a
1346 3143 1610 3198 Sermone
1636 3143 1880 3211 persuasi
1917 3142 1997 3197 di-

2102 3149 2415 3220 τυχεῖνῌῖ)
2443 3149 2544 3219 τῆς
2567 3149 2784 3220 όμιλίας
2813 3150 2950 3223 πρὸς
2982 3150 3151 3222 αὑτὴν
3176 3150 3271 3204 τοῦ
3314 3151 3512 3218 Λόγου.
3543 3151 3689 3221 Πλὴν

427 3234 650 3304 scipuli,
679 3251 784 3290 non
817 3236 1098 3304 increpant
1125 3234 1312 3289 Iesum
1335 3273 1350 3298 ,
1400 3247 1500 3288 nec
1526 3235 1773 3289 dubitant
1798 3236 1864 3290 de
1893 3235 2001 3289 dis-

433 3328 716 3395 putatione
745 3329 862 3396 ejus
889 3342 1013 3382 cum
1040 3325 1390 3389 Samaritide,
1417 3324 1501 3378 vel
1534 3326 1600 3380 de
1658 3326 2005 3382 Samaritidis

431 3417 792 3474 collocutione
822 3434 943 3474 cum
969 3419 1097 3474 Jesu
1137 3440 1149 3474 :
1177 3418 1428 3474 fortassis
1468 3434 1600 3474 vero
1622 3419 1786 3472 etiam
1813 3420 2005 3474 obstu-

430 3520 662 3581 puerant
689 3511 756 3567 de
777 3511 943 3565 multa
968 3511 1213 3565 bonitate
1239 3509 1361 3564 Filii
1389 3508 1486 3563 Dei
1515 3508 2006 3565 condescendentis

433 3599 629 3654 anima:
657 3601 934 3669 speruenti
968 3600 1122 3662 Sion,
1171 3608 1225 3654 et
1259 3615 1409 3667 spem
1447 3600 1500 3653 in
1537 3611 1776 3653 montem
1810 3599 2004 3655 Sama-

432 3689 527 3743 riae
548 3689 808 3754 babenti;
845 3704 1006 3758 quam
1036 3689 1106 3743 ob
1136 3704 1360 3743 causam
1387 3689 1644 3757 scriptum
1689 3698 1775 3743 est
1807 3704 1822 3741 :
1857 3707 1876 3740 ι
1909 3688 2006 3743 Mi-

435 3780 722 3842 rahantur,
751 3780 894 3846 quod
928 3794 1050 3832 cum
1079 3777 1307 3832 muliere
1332 3777 1647 3846 loqueretur
1675 3776 1741 3828 θ’.
1775 3793 1795 3826 ι
1837 3775 2009 3830 Hera-

431 3867 585 3922 eleou
611 3883 741 3922 vero
774 3869 825 3921 in
861 3884 921 3922 ea
955 3868 1116 3920 verba
1153 3885 1166 3920 :
1206 3885 1225 3918 ι
1265 3867 1375 3935 Ego
1411 3879 1554 3930 sum,
1584 3865 1677 3933 qui
1711 3863 1903 3933 loquor
1930 3873 2012 3918 te-

433 3976 557 4013 cum
573 3959 640 4024 ⁸⁸,
663 3975 683 4008 ι
707 3959 901 4028 inquit,
919 3958 1252 4022 Samaritidi,
1273 3957 1526 4025 quoniam
1554 3970 1810 4024 persuasa
1834 3956 2012 4011 fuerat

431 4047 730 4113 Christum,
755 4065 876 4103 cum
913 4049 1171 4112 venisset,
1205 4050 1390 4102 omnia
1430 4048 1505 4102 illi
1531 4048 2005 4113 annuutiaturum,

437 4142 621 4196 dicere
642 4139 826 4195 Iesum
847 4143 960 4196 haec
982 4140 1144 4194 verba
1175 4157 1188 4194 :
1216 4159 1236 4192 ι
1269 4139 1420 4195 Scito
1447 4141 1594 4193 illum
1633 4155 1792 4209 quem
1835 4150 1890 4194 tu
1915 4155 2010 4194 ex-

2104 3239 2417 3308 πειθόμενοι
2461 3238 2642 3303 καλῶς
2676 3239 2782 3292 ὑπὸ
2807 3241 2901 3293 τοῦ
2935 3241 3108 3308 Λόγου
3139 3241 3319 3294 πάντα
3367 3240 3610 3309 γίνεσθαι
3639 3242 3689 3294 οἱ

2108 3329 2347 3402 μαθηταὶ
2383 3330 2486 3382 οὑκ
2523 3330 2968 3402 ἐπιπλήττουσιν,
3013 3332 3136 3385 οὑδὲ
3181 3332 3518 3404 ἐπαποροῦσι
3562 3334 3690 3405 περὶ

2104 3422 2202 3491 τῆς
2221 3421 2358 3492 πρὸς
2383 3420 2481 3491 τὴν
2502 3422 2834 3493 Σαμαρεῖτιν
2867 3423 3164 3495 ζητήσεως,
3195 3424 3290 3476 καὶ
3319 3425 3418 3494 τῆς
3438 3424 3574 3495 πρὸς
3597 3425 3691 3478 αὑ-

2105 3509 2202 3580 τὴν
2238 3509 2591 3578 κοινολογίας·
2646 3510 2789 3582 τάχα
2836 3511 2894 3565 δὲ
2950 3513 3046 3567 καὶ
3090 3514 3543 3585 καταπεπλήγασι
3592 3516 3693 3586 τὴν

2107 3600 2308 3672 πολλὴν
2336 3602 2680 3673 χρηστότητα
2712 3601 2808 3656 τοῦ
2840 3604 3015 3672 Λόγου
3048 3607 3568 3674 συγκαταϐαίνοντος
3596 3607 3692 3676 ψυ-

2107 3695 2176 3763 χῇ
2211 3692 2568 3767 ἐξουθενούσῃ
2602 3695 2763 3761 Σιὼν,
2793 3697 2888 3750 καὶ
2917 3698 3209 3771 πεποιθυίᾳ
3234 3700 3324 3752 ἐπὶ
3353 3699 3414 3752 τὸ
3436 3700 3561 3770 ὅρος
3589 3701 3694 3752 Σα-

2111 3783 2360 3855 μαρείας⁸
2390 3785 2579 3858 διόπερ
2608 3787 2936 3859 γέγραπται·
2979 3807 2997 3839 ι
3049 3789 3406 3860 Ἐθαύμαζον,
3446 3792 3528 3844 ὃτι
3556 3790 3693 3864 μετά

2107 3878 2363 3945 γυναικὸς
2386 3877 2585 3935 ἐλάλει.
2629 3899 2648 3931 ι
2675 3882 2785 3935 Καὶ
2811 3883 2840 3935 ό
2885 3882 3198 3954 Ἡρακλέων
3230 3883 3285 3936 δέ
3303 3901 3433 3953 φησι
3457 3884 3594 3954 πρὸς
3611 3883 3692 3937 τόν

2115 3985 2134 4019 ι
2178 3967 2318 4038 Ἐγώ
2337 3972 2452 4042 ειμι
2474 3973 2502 4024 ὁ
2533 3971 2710 4025 λαλῶν
2741 3990 2846 4037 σοι,
2892 3993 2910 4026 ι
2943 3976 3045 4038 ὅτι,
3079 3975 3236 4045 είπερ
3258 3975 3370 4041 (15)
3403 3976 3695 4029 ἐπέπειστο

2110 4061 2144 4129 ἡ
2177 4060 2505 4132 Σαμαρεῖτις
2537 4063 2665 4134 περὶ
2685 4063 2779 4116 τοῦ
2797 4065 3054 4136 Χριστοῦ,
3081 4065 3156 4129 ὡς
3185 4066 3293 4136 ἀρα
3320 4065 3487 4119 ἐλθὼν
3516 4067 3693 4120 πάντα

2111 4150 2410 4219 ἀπαγγελεῖ
2453 4153 2612 4224 αὑτῇ,
2649 4154 2800 4228 φησί·
2853 4155 2891 4206 Γ
2899 4156 3094 4209 ίνωσκε
3130 4156 3262 4227 (14),
3295 4158 3376 4210 ὅτι
3407 4160 3612 4221 ἐκεῖνος
3635 4157 3693 4209 ὃν

435 4242 672 4302 spectas,
696 4233 773 4303 (6)
819 4230 930 4303 [me
951 4247 1096 4300 esse,
1130 4234 1222 4301 qui
1249 4242 1428 4288 tecum
1468 4233 1692 4302 loquor;
1726 4252 1744 4284 ι
1773 4242 1828 4288 et
1885 4246 1997 4286 cur:

2113 4239 2434 4310 προσδοκᾷς,
2459 4241 2568 4308 ἐγώ
2599 4243 2711 4312 είμι
2734 4244 2763 4296 ό
2793 4243 2970 4297 λαλῶν
3010 4261 3110 4296 σοι·
3147 4245 3240 4297 καὶ
3265 4245 3391 4297 ὅταν
3413 4245 3695 4315 ὡμολόγη-

439 4326 676 4393 seipsum
713 4341 834 4379 eum
868 4339 991 4380 esse
1011 4325 1104 4394 qui
1137 4334 1396 4379 venturus
1416 4313 1844 4395 exspectaretur,
1877 4338 1997 4377 con-

2115 4348 2205 4385 σεν
2228 4333 2416 4386 ἐαυτὸν
2432 4333 2520 4385 τὸν
2551 4333 2998 4406 προσδοκώμενον
3028 4336 3365 4406 ἐληλυθέναι,
3385 4355 3403 4388 ι
3425 4313 3648 4399 τΠλθον,
3671 4354 3690 4386 ι

440 4415 616 4470 fessus
639 4416 831 4488 esset,]
853 4418 1031 4482 inquit
1053 4417 1215 4469 etiam
1241 4415 1563 4480 lleracleon,
1601 4433 1620 4467 ι
1645 4414 1924 4469 Venerunt
1945 4428 1997 4467 ac

2115 4424 2298 4492 φησὶν,
2335 4443 2353 4475 t
2383 4425 2432 4476 οί
2464 4424 2702 4496 μαθηταὶ
2725 4427 2860 4497 πρὸς
2889 4428 3070 4493 αὑτὸν,
3117 4429 3182 4483 δι’
3217 4427 3309 4492 οὒς
3339 4427 3589 4500 ἐληλύθει
3616 4431 3694 4492 είς

435 4521 564 4560 eum
623 4506 868 4573 discipuli
911 4505 1072 4576 239
1102 4522 1328 4576 quorum
1357 4523 1523 4562 causa
1557 4516 1781 4562 venerat
1829 4507 1884 4558 in
1911 4504 1997 4558 Sa-

2114 4515 2210 4584 τὴν
2239 4515 2572 4586 Σαμάρειαν.
2619 4535 2636 4567 ι
2672 4516 2795 4580 Πῶς
2821 4518 2878 4570 δὲ
2907 4518 2994 4572 διὰ
3022 4519 3148 4582 τοὺς
3178 4518 3423 4590 μαθητὰς
3451 4518 3695 4589 ἐληλύθει

442 4599 690 4652 muriam.
721 4618 741 4650 ι
772 4600 837 4652 At
867 4615 1101 4668 quonam
1135 4609 1292 4667 paclo
1321 4601 1706 4671 discipulorum
1754 4613 1920 4654 causa
1953 4599 1997 4652 iu

2116 4606 2197 4668 εἰς
2226 4606 2324 4675 τὴν
2357 4605 2688 4677 Σαμάρειαν,
2714 4606 2908 4670 οἵτινες
2944 4609 3035 4661 καὶ
3086 4607 3348 4680 πρότερον
3381 4609 3530 4680 αὑτῷ
3568 4625 3696 4660 συν-

439 4689 748 4745 Samariam
783 4702 1028 4757 venerat,
1059 4693 1150 4761 qui
1187 4708 1309 4747 cum
1345 4693 1434 4748 illo
1465 4694 1617 4760 prius
1650 4690 1909 4744 fuerant?
2118 4693 2290 4764 ἧσαν;

509 4781 600 4836 29.
637 4799 658 4834 ι
693 4782 932 4851 Reliquit
962 4784 1125 4854 igitur
1154 4783 1351 4838 mulier
1390 4785 1634 4854 hydriam
1655 4797 1831 4847 suam,
1855 4793 1911 4838 et
1938 4783 1997 4837 ci-

2184 4787 2271 4843 29.
2313 4807 2333 4841 ι
2356 4789 2591 4861 ’Λφῆκεν
2619 4784 2711 4844 οῦν
2751 4789 2851 4861 τὴν
2883 4789 3068 4862 ὑδρίαν
3112 4790 3284 4861 αὑτῆς
3329 4794 3362 4861 ἡ
3395 4791 3554 4861 γυνὴ,
3605 4789 3698 4844 καὶ

450 4982 459 5017 η
547 4944 593 4976 τ⁸
621 4943 812 4998 Matth.
867 4960 943 5011 χι,
973 4943 1063 5000 29.
1135 4945 1181 4977 ⁷⁹
1211 4944 1346 5000 Gen.
1385 4963 1424 5012 ι,
1453 4947 1544 5002 26.
1636 4947 1682 4979 ⁸ο
1718 4945 1858 5001 Psal.
1895 4961 1997 5000 xxx

2105 4945 2192 5002 15.
2271 4947 2314 4978 ⁸¹
2347 4945 2504 5002 Joan.
2541 4962 2615 5012 tv,
2647 4947 2738 5010 ‘29,
2769 4946 2857 5001 50.
2935 4947 2983 4978 ⁸⁸
3016 4948 3146 5003 ibid.
3176 4947 3270 5002 27.
3368 4945 3415 4979 ⁸³
3444 4947 3570 5000 ibid.
3605 4944 3696 4999 26.

515 5087 742 5162 (θ)ηῄξο
764 5103 794 5144 e
819 5089 1070 5162 Perionio
1096 5091 1484 5162 supplevimns.

517 5157 742 5231 (])’Τῆς
771 5161 1021 5226 πόλεως.
1061 5157 1349 5231 εἰςἰἔοιιει
1389 5161 1754 5224 Bodleianus;
1815 5162 2015 5231 Regius

445 5243 496 5301 et
526 5227 883 5301 Βιιτιιβνὶιιυε,
901 5231 999 5301 τὴν
1030 5231 1203 5285 πόλιν.
1249 5230 1369 5285 Mox
1403 5233 1558 5288 codd.
1611 5227 1935 5286 Bodleianus
1965 5241 2021 5286 et

449 5299 806 5371 But-peritius,
835 5299 1218 5371 ὑδρεύσασθαι,
1249 5301 1468 5369 Regius,
1495 5302 1772 5371 ὑδρεῦσαι.

522 5367 596 5438 (8)
627 5367 764 5422 Κατ’
793 5367 995 5423 είκόνα
1040 5372 1137 5424 καὶ
1193 5367 1653 5439 καθ’ίόμοίωὰιν
1707 5369 2016 5438 ἡμετέραν.

451 5438 737 5509 Siecodex
784 5440 1145 5506 Bodleianus;
1179 5439 1381 5509 Regius
1405 5438 1473 5491 et
1505 5440 1850 5502 Barberiuus,
1898 5439 2019 5494 κατ’

450 5508 636 5581 εἰκόνα
670 5509 964 5580 ἡμετέραν,
997 5513 1091 5565 καὶ
1118 5510 1238 5563 καθ’
1271 5508 1535 5581 ὁμοίωσιν
1567 5509 1858 5581 ἡμετέραν.
1896 5511 2014 5581 mox

455 5578 614 5650 iidem
639 5578 1086 5650 cuilices—iltabent
1131 5581 1211 5632 his
1268 5578 1618 5646 πλάσαντος,
1645 5578 1753 5650 υνό
1796 5596 1903 5650 quo
1962 5580 2017 5633 in

453 5647 528 5700 I50
551 5647 743 5700 lleiano
781 5649 972 5716 legitur
998 5652 1077 5703 his
1113 5650 1464 5714 πλάσσοντος.

526 5717 601 5792 (9)
635 5718 790 5792 ’ξΟοήα
811 5720 1092 5792 ἐποίησαἒ
1124 5723 1196 5773 Ita
1230 5723 1400 5777 codex
1439 5720 1789 5786 Bodleianus;
1826 5719 2023 5792 Regius

458 5796 511 5840 et
537 5785 881 5852 Barberinus,
908 5787 942 5842 ἃ
973 5789 1221 5845 ἐποίησα.

2193 5092 2302 5164 (10)
2337 5095 2495 5147 Ὅτε.
2527 5091 2580 5146 In
2607 5092 2851 5164 margine
2882 5093 3088 5147 codicis
3118 5092 3650 5164 Betlleiattinotatttr
3677 5107 3691 5141 :

2122 5162 2291 5218 Forte
2320 5164 2593 5231 legendum
2623 5162 2766 5227 τότε,
2800 5164 2946 5231 quod
2987 5174 3208 5216 secutus
3241 5173 3325 5216 est
3386 5162 3692 5231 Ferrarius.

2193 5234 2305 5302 (ll)
2335 5229 2429 5300 Μὴ
2480 5231 2750 5299 ὑστερῶν
2793 5229 2928 5284 τότε
2977 5233 3324 5301 σαφέστατα
3375 5229 3695 5302 ἐμφανίζει.

2121 5305 2197 5357 Ita
2223 5305 2390 5356 codex
2422 5301 2777 5372 Bodleianns;
2839 5302 3037 5371 Regius
3085 5319 3183 5369 pro
3230 5301 3473 5372 ὑστερῶν
3542 5303 3701 5354 habet

2125 5375 2370 5442 ὓστερον,
2401 5383 2452 5425 et
2477 5371 2749 5443 ἐμφανίζῃ
2777 5385 2873 5439 pro
2904 5373 3211 5443 ἐμφανίζει.

2199 5437 2308 5511 (li!)
2356 5437 2818 5506 Εὺεξὶιὲτάτηὲὀς
2861 5437 3022 5495 οὖσα
3085 5441 3311 5510 τυχεῖν.
3381 5440 3472 5494 Sic
3531 5437 3697 5511 milex

2126 5507 2502 5595 Bodleianus,
2552 5512 2784 5580 optime;
2847 5511 3088 5580 Regius,
3147 5507 3487 5580 ἑξαπάτητος
3556 5507 3697 5563 οὖσα

2124 5601 2284 5636 τυγη.

2342 5651 2543 5718 Εἴπερ.
2573 5649 2796 5722 Videtur
2828 5649 3110 5722 legendum
3147 5650 3392 5722 ἐπείπερ.

2203 5723 2314 5791 μί)
2340 5723 2629 5776 Γίνωσκε.
2666 5721 2822 5775 Deest
2849 5721 2899 5775 in
2941 5719 3238 5776 Bodleiano
3270 5719 3480 5774 codice.
