4170 6460
477 333 583 387 449

1539 336 1896 394 COMMENT.
1936 339 2000 393 IN
2037 340 2226 398 .IOAN.
2264 341 2502 400 TOMUS
2534 346 2674 402 XIII.

3633 365 3661 417 4
3675 365 3741 418 Fid

481 444 718 514 ἀπῆλθεν
760 445 841 508 είς
890 444 988 515 τὴν
1019 445 1193 504 πόλιν,
1249 446 1344 498 καὶ
1396 445 1541 513 λέγει
1580 452 1692 512 τοῖς
1720 451 2025 521 ἀνθρώποις

2138 510 2140 514 _
2169 455 2392 508 vitatem
2425 458 2578 524 adiit,
2611 471 2665 513 et
2691 461 3005 519 hominibus
3037 467 3116 520 ait
3144 487 3156 522 :
3193 469 3409 535 Venite,
3448 475 3629 530 videte
3658 483 3740 530 vi.

477 536 662 598 Δεῦτε,
697 537 836 592 ἴδετε
857 536 1163 606 ἄνθρωπον,
1198 537 1255 598 ὃς
1277 534 1400 590 εἶπέ
1431 556 1520 608 μοι
1554 540 1730 594 πάντα
1753 542 1856 596 ὅσα
1884 544 2064 616 ἐποίη-

478 645 577 680 σα·
620 629 750 698 μήτι
803 618 959 689 οὗτός
1006 627 1154 678 ἐστιν
1183 628 1211 680 ὁ
1239 626 1512 697 Χριστόςς
1542 649 1559 678 ι
1595 631 1669 683 Οὑ
1707 632 1883 703 μάτην
1908 631 2061 705 οἶμαι

475 715 918 786 ἀναγεγραφέναι
953 715 1056 806 ξὺν
1101 717 1491 789 εὑαγγελιστὴν
1536 721 1630 772 καὶ
1676 720 1746 774 τὰ
1796 724 1924 795 περὶ
1962 727 2060 797 τῆς

474 810 724 878 ἀφέσεως
748 809 847 880 τῆς
879 810 1086 881 ὑδρίας,
1120 811 1310 882 ἥντινα
1345 813 1544 881 ἀφεῖσα
1578 816 1610 886 ή
1650 815 1786 888 γυνὴ
1818 818 2058 889 ἀπῆλθεν

472 905 551 964 εἰς
578 901 677 973 τὴν
709 903 894 955 πόλιν·
926 903 1067 956 κατὰ
1103 905 1201 973 μὲν
1229 901 1323 957 οὖν
1365 905 1464 975 τὴν
1496 903 1657 971 λέξιν,
1689 907 1923 980 σπουδὴν
1955 911 2056 980 ἐμ-

472 993 652 1064 φαίνει
679 994 899 1048 πλείονα
934 995 1034 1066 τῆς
1066 997 1454 1066 Σαμαρείτιδος
1485 999 1920 1071 καταλειπούσης
1957 1003 2056 1072 τὴν

459 1076 681 1158 ὑδρίαν,
714 1088 809 1141 καὶ
850 1087 912 1140 οὑ
943 1089 1193 1142 τοσοῦτον
1225 1091 1646 1159 πεφροντικυίας
1689 1091 1784 1145 τοῦ
1820 1112 2057 1166 σωματι-

469 1178 567 1233 κοῦ
603 1179 714 1251 (15)
751 1179 843 1233 καὶ
873 1183 1256 1254 ταπεινοτέρου
1294 1182 1647 1254 καθήκοντος,
1681 1186 1803 1239 ὅσον
1823 1188 1924 1258 τῆς
1945 1190 2054 1242 τῶν

468 1273 679 1326 πολλῶν
708 1273 1009 1343 ὠφελείας·
1043 1274 1530 1347 φιλανθρωπότατα
1569 1277 1678 1348 γὰρ
1709 1279 1989 1352 κεκίνηται
2017 1284 2050 1354 ή

468 1365 792 1437 βουληθεῖσα
845 1369 957 1430 τοῖς
1003 1368 1250 1431 πολίταις
1283 1369 1736 1438 εὐαγγελίσασθαι
1795 1372 1887 1425 τὸν
1919 1375 2053 1444 Χρι-

468 1457 612 1518 στὸν,
683 1457 1040 1531 μαρτυροῦσα
1095 1459 1243 1530 αὑτῷ
1297 1463 1542 1533 εἰρηκότι
1593 1463 1729 1535 αὑτῇ
1790 1464 1966 1518 πάντα
2015 1465 2051 1520 ἃ.

462 1549 709 1620 ἐποίησε.
748 1549 919 1604 Καλεῐ
945 1551 1002 1603 δὲ
1043 1551 1240 1616 αὐτοὺς
1272 1553 1364 1605 ἐπὶ
1393 1553 1454 1606 τὸ
1490 1553 1616 1607 ἰδεῖν
1644 1555 1932 1625 ἄνθρωπον
1962 1557 2052 1611 λό-

461 1659 557 1710 γον
591 1641 782 1712 ἔχοντα
816 1643 1035 1714 μείζονα
1057 1644 1344 1716 ἀνθρώπου
1369 1661 1383 1676 ο
1410 1645 1471 1699 τὸ
1495 1646 1603 1717 γὰρ
1629 1648 1824 1719 ὁρατὸν
1852 1649 2049 1717 ὀφθαλ-

464 1738 587 1806 μοῖς
608 1735 774 1788 αὑτοῦ
803 1735 1090 1807 ἄνθρωπος
1119 1733 1207 1809 ἦν.
1249 1739 1370 1810 Χρὴ
1401 1736 1494 1793 οῦν
1524 1740 1618 1792 καὶ
1645 1743 1795 1812 ἡμᾶς
1829 1743 2048 1796 ἐπιλαν-

2164 559 2303 610 rum,
2333 548 2422 615 qui
2467 550 2602 602 dixit
2635 551 2764 604 mihi
2798 556 2978 609 omnia
3009 573 3348 629 quaecunque
3379 562 3481 618 feci
3509 581 3523 617 :
3560 581 3627 619 an
3654 570 3738 624 hic

2161 648 2242 691 est
2281 638 2370 692 ille
2395 677 2397 680 ς
2420 638 2672 696 Christus
2708 643 2756 675 ⁸⁸
2779 645 2803 698 ἲ
2829 666 2847 697 ι
2884 647 3000 702 Non
3033 651 3230 706 frustra
3279 669 3408 708 reor
3453 659 3740 726 scripsisse

2159 729 2545 796 evangelistam
2573 731 2641 786 de
2678 733 2996 792 dimissione
3029 740 3254 810 hydrina,
3289 745 3432 811 quod
3461 747 3741 815 reliquerit

2162 815 2307 870 illam
2344 819 2540 873 mulier
2567 822 2809 888 profecta
2841 828 2908 880 ad
2961 828 3171 894 urbem,
3222 834 3538 899 ostendens,
3594 841 3739 904 quod

2159 911 2224 963 ad
2258 921 2466 965 textum
2497 914 2712 982 quidem
2739 919 2960 985 attinet,
2985 923 3220 976 Studium
3251 926 3426 992 majus
3447 942 3609 996 quam
3641 945 3740 998 pro

2159 1000 2509 1072 Samarilide,
2565 1017 2627 1060 ut
2673 1025 2792 1077 quae
2849 1012 3130 1082 reliquerit
3179 1016 3449 1086 hydriam,
3500 1035 3606 1072 non
3656 1020 3740 1074 sic

2155 1095 2301 1147 cordi
2333 1095 2540 1151 habens
2566 1111 2891 1166 corporeum
2921 1112 2978 1156 et
3007 1104 3208 1157 humile
3240 1104 3498 1170 officium,
3520 1117 3580 1161 ut
3599 1111 3739 1161 mul-

2158 1193 2334 1236 torum
2371 1186 2696 1240 utilitatem:
2735 1189 3072 1245 humanitate
3098 1194 3241 1247 enim
3273 1207 3414 1250 mota
3463 1207 3566 1261 est,
3611 1214 3736 1266 quae

2154 1275 2564 1332 voluitcivibus
2592 1282 2969 1349 evangelizare
2998 1283 3311 1352 Christum;
3354 1289 3455 1355 ipsi
3493 1289 3737 1345 testimo-

2151 1369 2300 1422 nium
2337 1370 2498 1435 dans,
2541 1375 2684 1441 quod
2733 1375 2916 1428 omnia
2971 1391 3307 1448 qua‘eunque
3360 1379 3583 1434 fecisset
3630 1383 3735 1438 sibi

2151 1461 2370 1514 dixerit.
2410 1461 2607 1519 Invitat
2638 1478 2822 1521 autem
2865 1468 3008 1536 ipsos
3043 1471 3108 1523 ad
3131 1472 3422 1526 videndum
3457 1474 3734 1529 hominem

2152 1551 2438 1608 habentem
2495 1557 2766 1613 rationem
2816 1574 2881 1613 ac
2940 1575 3246 1616 sermonem
3304 1564 3459 1634 longe
3508 1566 3736 1620 homine,

2150 1647 2586 1714 prastantiorem
2616 1666 2632 1703 ;
2668 1649 2722 1704 id
2751 1651 2895 1705 enim
2929 1654 3072 1721 quod
3106 1654 3172 1708 de
3195 1669 3261 1708 eo
3307 1657 3512 1712 nostris
3559 1658 3733 1716 oculis

2148 1741 2484 1808 aspectabile
2513 1752 2654 1811 erat,
2683 1745 2844 1799 homo
2871 1758 3011 1800 erat.
3043 1747 3408 1813 Quamobrem
3437 1750 3730 1807 oblivisca-

462 1818 790 1897 θανομένους
815 1826 924 1880 τῶν
958 1830 1448 1901 σωματικωτέρων,
1478 1831 1570 1885 καὶ
1603 1833 1860 1903 ἀφιέντας
1886 1835 2037 1899 αὐτὰ,

2151 1845 2274 1885 mur
2311 1840 2368 1884 et
2402 1847 2501 1886 nos
2530 1849 2754 1889 necesse
2779 1845 2859 1889 est
2883 1851 3064 1889 rerum
3097 1839 3490 1907 corporalium,
3535 1843 3731 1913 hisque

461 1916 711 1970 σπεύδειν
758 1918 852 1970 ἐπὶ
878 1916 940 1969 τὸ
971 1919 1307 1988 μεταδιδόναι
1355 1915 1424 1993 ἦς
1459 1923 1864 1995 μετειλήφαμεν
1891 1924 2038 1994 ὠφε-

457 2005 606 2070 λείας
634 2007 841 2079 ἑτέροις
865 2024 878 2037 ·
915 2009 1005 2060 ἐπὶ
1047 2008 1206 2062 τοῦτο
1232 2009 1340 2082 γὰρ
1370 2013 1721 2082 προκαλεῖται
1748 2018 1777 2069 ὁ
1815 2017 2040 2086 εὐαγγε-

457 2099 647 2170 λιστὴς
669 2099 888 2153 ἔπαινον
933 2105 1045 2166 τοῖς
1069 2102 1264 2156 εἰδόσιν
1289 2103 1681 2172 ἀναγινώσκειν
1709 2107 2038 2179 ἀναγράφων

453 2188 554 2259 τῆς
581 2190 858 2259 γυναικός.
915 2192 1058 2263 Πρὸς
1091 2193 1338 2263 μέντοιγε
1383 2193 1480 2266 τήν
1509 2196 1798 2268 ἀναγωγὴν
1829 2215 2037 2269 σκοτι-η-

454 2281 577 2335 τέον
606 2283 691 2346 τίς
737 2284 770 2354 ή
805 2283 984 2356 ὑδρία,
1017 2285 1082 2356 ἢν
1112 2286 1303 2358 ἀφίησι
1349 2287 1769 2360 παραδεξαμένη
1796 2307 1914 2354 πως
1944 2290 2036 2343 τοῦ

467 2373 642 2445 Ἰησοῦ
675 2374 867 2443 λόγους
914 2377 946 2448 ἡ
981 2377 1349 2448 Σαμαρεῖτις·
1403 2379 1497 2433 καὶ
1547 2379 1687 2450 τάχα
1729 2380 1790 2434 τὺ
1833 2381 2038 2452 δοχεῖον

452 2466 547 2519 τοῦ
585 2468 1074 2538 σεμνοποιουμένου
1107 2467 1218 2540 (16)
1261 2469 1353 2522 ἐπὶ
1389 2469 1648 2542 βαθύτητι
1676 2469 1885 2535 ὓδατος,
1939 2472 2038 2542 τῆς

453 2558 825 2622 διδασκαλίας,
880 2551 954 2612 ὧν
1011 2560 1228 2632 ἐφρόνει
1284 2561 1549 2633 πρότερον
1609 2562 2037 2628 ἐξευτελίζουσα,

452 2649 770 2704 ἀποτίθεται
802 2653 859 2705 ὲν
902 2650 980 2722 τῷ
1009 2651 1275 2723 κρείττονι
1319 2653 1420 2724 τῆς
1452 2653 1659 2725 ὑδρίας,
1704 2654 1942 2709 λαϐοῦσα
1973 2657 2037 2709 ἐκ

453 2742 547 2796 τοῦ
582 2741 775 2807 ὕδατος
803 2741 898 2796 τοῦ
948 2743 1240 2813 γενομένου
1290 2745 1392 2816 ήδη
1445 2747 1502 2799 ἐν
1547 2747 1684 2818 αὑτῇ
1714 2747 1897 2818 πηγῆς
1925 2746 2036 2819 (1³7)

453 2833 646 2899 ὓδατος
679 2835 978 2907 ἁλλομένου
1034 2837 1116 2899 είς
1147 2834 1294 2907 ζωήν
1339 2836 1589 2892 αἰώνιον·
1639 2838 1758 2903 πῶς
1789 2838 1898 2910 γὰρ
1944 2839 2032 2904 ἂν,

449 2926 543 2980 τοῦ
597 2926 785 2990 ὓδατος
834 2925 1024 2980 τούτου
1083 2927 1157 2999 μὴ
1213 2928 1587 3000 μετειληφυῖα,
1640 2929 2038 3002 φιλανθρώπως

448 3019 686 3092 Χριστὸν
735 3022 847 3084 τοῖς
879 3019 1122 3084 πολίταις
1155 3021 1444 3092 ἐκήρυσσε,
1491 3018 1843 3090 θαυμάζουσα
1875 3019 2036 3076 αὑτὸν

447 3111 861 3180 ἀπαγγέλλοντα
884 3111 1064 3165 πάντα
1083 3110 1119 3164 ἃ.
1147 3111 1420 3183 ἐποίησεν,
1451 3113 1500 3164 εί
1533 3111 1607 3183 μὴ
1633 3113 1946 3185 μετειλήφει
1967 3113 2034 3167 δι’

447 3195 523 3255 ὧν
554 3202 755 3273 ἤκουσε
785 3202 897 3273 (18)
931 3201 1027 3255 τοῦ
1059 3203 1327 3276 σωτηρίου
1351 3203 1575 3268 ῦδατος;
1619 3205 1884 3258 Ῥεϐέκκα
1913 3207 2034 3277 μέν·

444 3311 550 3356 τοι,
586 3295 681 3347 καὶ
727 3294 866 3366 αὑτὴ
918 3294 1104 3366 ὑδρίαν
1137 3295 1335 3367 ἔχουσα
1377 3296 1470 3348 ἐπὶ
1514 3295 1624 3349 τῶν
1659 3295 1845 3367 ὤμων,
1902 3300 2032 3370 πρὶν

447 3377 768 3432 συντελέσαι
818 3378 1085 3434 λαλοῦντα
1130 3382 1189 3434 ἐν
1234 3383 1300 3452 τῇ
1355 3380 1562 3453 διανοίᾳ
1606 3383 1700 3436 τὸν
1727 3383 1895 3437 παῖδα
1936 3385 2031 3438 τοῦ

458 3469 730 3547 Ἀϐραὰμ,
767 3470 1121 3543 ἐξεπορεύετο
1151 3471 1290 3544 καλὴ
1319 3475 1384 3544 τῇ
1407 3472 1528 3542 ὄψει
1555 3473 1821 3544 παρθένος
1845 3491 1861 3506 ο
1887 3475 2029 3545 ἥτις,

445 3563 677 3634 ἐπείπερ
709 3563 808 3633 οὐχ
839 3563 1039 3633 ὁμοίως
1066 3563 1244 3634 ἤντλει
1276 3567 1341 3635 τῇ
1370 3565 1742 3637 Σαμαρείτιδι,
1774 3567 2033 3620 καταϐαί-

445 3670 526 3708 νει
557 3655 650 3706 ἐπὶ
678 3653 778 3725 τήν
821 3655 1025 3726 πηγὴν,
1057 3656 1152 3708 καὶ
1179 3655 1378 3726 πληροῖ
1412 3657 1513 3728 τὴν
1543 3656 1751 3728 ὑδρίαν,
1783 3657 2030 3732 ἀναϐάσῃ

441 3763 502 3799 τε
531 3747 668 3818 αὑτῇ
696 3747 804 3817 (19)
841 3747 1115 3820 ἐπιτρέχει
1145 3749 1225 3811 είς
1258 3749 1580 3820 συνάντησιν
1599 3751 1628 3802 ὁ
1647 3749 1744 3803 τοῦ
1782 3751 2033 3823 Ἀϐραὰμ

442 3841 595 3904 παῖς,
626 3839 721 3892 καὶ
768 3833 892 3893 εἷπε
914 3856 929 3869 ·
986 3859 1004 3891 ι
1029 3839 1257 3893 Πότισόν
1309 3857 1377 3910 με
1425 3840 1620 3912 μικρὸν
1664 3841 1807 3914 ὓδωρ
1836 3843 1901 3896 ἐκ
1930 3843 2030 3913 τῆς

443 3932 633 4003 ὑδρίας
663 3949 777 3985 σου.
810 3951 829 3983 ι
880 3931 1032 3985 Ἐπεὶ
1059 3931 1168 4004 γὰρ
1198 3934 1328 3996 παῖς
1357 3929 1425 4003 ἦν
1451 3931 1544 3985 τοῦ
1583 3931 1852 4004 Ἀϐραὰμ,
1893 3934 2030 4004 ἠγά-

443 4040 521 4075 πα
546 4022 651 4076 κᾶν
682 4020 882 4093 μικροῦ
918 4021 1108 4084 ὓδατος
1133 4020 1243 4074 ἀπὸ
1274 4021 1372 4092 τῆς
1395 4020 1582 4092 ὑδρίας
1621 4021 1914 4086 Ῥεϐέκκας
1941 4023 2030 4077 λα-

443 4113 557 4168 ϐεῖν
581 4131 595 4144 ·
646 4115 742 4167 καὶ
788 4114 1053 4167 ἔσπευσεν
1104 4115 1138 4185 ή
1195 4113 1476 4178 Ῥεϐέκκα,
1525 4114 1619 4168 καὶ
1665 4113 1883 4168 καθεῖλε
1927 4116 2028 4187 τήν

442 4205 633 4277 ὑδρίαν
666 4205 760 4260 ἐπὶ
812 4205 905 4258 τὸν
953 4205 1212 4277 βραχίονα
1257 4205 1366 4277 (20)
1394 4205 1582 4277 αὑτῆς,
1637 4201 1733 4259 καὶ
1773 4205 2027 4261 ἐπότισεν

441 4301 624 4365 αὑτὸν,
651 4299 758 4363 ἐως
782 4299 1057 4353 ἐπαύσατο
1084 4298 1274 4354 πίνων.
1324 4298 1583 4369 Ἐπείπερ
1603 4293 1696 4351 οὖν
1715 4293 1784 4368 ἦν
1811 4297 2027 4352 ἐπαινε-

441 4392 508 4465 τή
537 4394 570 4464 ἡ
604 4393 704 4463 τῆς
741 4391 1037 4455 Ῥεϐέκκας
1069 4390 1246 4462 ὑδρία,
1279 4391 1341 4444 οὑ
1378 4390 1767 4444 καταλείπεται
1795 4389 1890 4443 ἀπ’
1927 4391 2028 4443 αὑ-

440 4483 562 4553 τῆς,
592 4485 626 4555 ή
648 4483 704 4536 δέ
730 4482 830 4552 τῆς
850 4481 1260 4554 Σαμαρείτιδος,
1291 4475 1424 4535 οὖσα
1450 4481 1568 4551 ὥρα
1591 4480 1749 4552 ἐκτη,
1781 4479 2021 4549 ἀφίεται.

2141 1923 2356 1978 omissis
2387 1925 2705 1980 festinemus
2726 1927 2792 1979 ad
2821 1928 3328 1983 communieandam
3363 1930 3512 1996 aliis,
3557 1949 3728 2002 quam

2141 2015 2673 2085 participaverimus,
2716 2017 3005 2072 utilitatem
3037 2035 3050 2072 :
3086 2019 3151 2072 ad
3179 2020 3280 2073 hoc
3321 2036 3554 2091 namque
3588 2025 3728 2078 invi-

2143 2113 2220 2159 tat
2249 2108 2580 2177 evangelista
2627 2107 2841 2162 laudem
2892 2110 3143 2165 scribens
3186 2111 3432 2166 mulieris
3467 2115 3724 2181 prudenti

2141 2197 2352 2252 lectori.
2387 2197 2493 2251 Sed
2530 2199 2596 2252 ad
2625 2198 2873 2253 altiorem
2903 2199 3319 2271 intelligentiam
3360 2204 3728 2262 intendendus

2138 2299 2224 2343 est
2257 2288 2492 2354 animus,
2517 2283 2767 2360 quaenam
2801 2293 3010 2348 scilicet
3041 2294 3112 2348 sit
3140 2294 3331 2366 hydria
3362 2311 3525 2364 quam
3557 2299 3727 2352 relin-

2138 2381 2254 2448 quit
2284 2381 2589 2450 Samaritis,
2619 2399 2738 2454 quae
2797 2385 2977 2453 aliquo
3028 2387 3186 2441 modo
3240 2395 3530 2458 acceperat
3587 2389 3728 2445 Jesu

2139 2484 2456 2536 sermones;
2489 2481 2544 2528 et
2573 2472 2807 2529 fortasse
2836 2491 2931 2530 vas
2960 2491 3115 2544 aqua:
3145 2477 3446 2532 nobilitata}
3493 2479 3564 2533 ob
3593 2496 3722 2549 pro-

2139 2562 2462 2619 funditatem
2493 2566 2776 2630 doctrinae,
2801 2567 2890 2621 his
2917 2568 3078 2622 rebus
3106 2583 3240 2638 quas
3266 2580 3426 2623 antea
3463 2571 3720 2635 curabat.

2139 2654 2355 2722 spretis,
2390 2655 2604 2723 reponit
2631 2655 2770 2723 apud
2810 2669 2934 2709 eum
2972 2655 3064 2724 qui
3095 2669 3223 2709 vase
3251 2655 3409 2725 longe
3450 2666 3724 2726 praestans

2140 2744 2246 2798 tior
2277 2752 2383 2810 est,
2413 2760 2535 2800 cum
2581 2745 2906 2814 sumpsisset
2932 2759 2996 2798 ex
3031 2745 3120 2798 illa
3155 2760 3318 2814 aqua,
3349 2761 3470 2813 quin
3513 2747 3627 2816 jam
3667 2747 3723 2800 in

2138 2850 2198 2890 se
2227 2834 2370 2889 facta
2413 2833 2594 2890 fuerat
2627 2835 2750 2891 fons
2792 2849 2948 2903 aquae
2979 2835 3226 2889 salientis
3259 2837 3328 2890 ad
3359 2836 3524 2889 vitam
3555 2849 3720 2890 aeter-

2137 2942 2263 2981 nam
2291 2926 2358 2981 ⁸⁸.
2397 2926 2682 2994 Quomodo
2709 2926 2854 2980 enim
2884 2926 2929 2981 si
2959 2941 3066 2980 non
3101 2927 3372 2996 particeps
3412 2927 3536 2983 talis
3565 2943 3723 2996 aqua:

2138 3015 2660 3087 fuisset,quomodo,
2678 3015 2922 3085 inquam,
2946 3016 3179 3070 humane
3201 3016 3475 3070 Christum
3506 3016 3722 3073 civibus

2137 3106 2508 3177 praedicasset,
2538 3107 2820 3161 admirans
2858 3121 2980 3160 eum
3013 3105 3116 3159 sibi
3159 3106 3339 3160 omnia
3375 3122 3720 3176 quaecunque

2137 3200 2359 3254 fecisset
2419 3199 2846 3262 renuntiantem,
2881 3197 2983 3252 nisi
3015 3199 3287 3267 particeps
3334 3199 3473 3254 facta
3528 3200 3720 3254 fuisset

2134 3305 2288 3360 aqua:
2308 3289 2562 3344 salutaris
2585 3303 2684 3359 per
2705 3302 2770 3344 ea
2804 3289 2968 3343 verba
3000 3303 3120 3357 qua:
3140 3289 3433 3344 audierat?
3471 3290 3718 3346 Rebecca

2132 3396 2266 3435 sane
2303 3388 2360 3436 et
2391 3380 2504 3450 ipsa
2538 3379 2787 3450 hydriam
2819 3378 3028 3434 habens
3056 3392 3224 3448 super
3249 3379 3529 3446 humeros,
3559 3390 3719 3434 ante-

2131 3489 2295 3544 quam
2326 3473 2561 3529 Abrahae
2595 3487 2733 3542 puer
2756 3471 2920 3524 tinem
2957 3469 3210 3538 loquendi
3240 3470 3447 3526 faceret
3480 3471 3533 3525 in
3563 3473 3716 3542 cogi-

2133 3567 2365 3633 talione,
2396 3566 2784 3637 egrediebatur
2827 3565 2984 3633 virgo
3033 3563 3216 3631 specie
3265 3573 3592 3632 pervenusta
3626 3564 3708 3614 ⁸⁶ε

2130 3673 2253 3728 qum
2297 3659 2554 3728 quoniam
2607 3673 2711 3711 non
2760 3656 2987 3727 perinde
3040 3666 3206 3725 atque
3259 3653 3547 3710 Samaritis
3595 3656 3714 3712 bzee

2132 3750 2403 3815 hauriret,
2429 3749 2709 3805 descendit
2741 3749 2809 3803 ad
2856 3747 3085 3811 fontem,
3129 3756 3185 3800 et
3219 3745 3403 3814 implet
3434 3746 3711 3816 hydriam,

2129 3845 2294 3912 eique
2323 3842 2638 3897 ascendenti
2671 3841 2890 3895 obviam
2941 3852 3238 3894 accurrens
3290 3837 3523 3892 Abrahae
3569 3852 3708 3907 puer

2129 3934 2308 3988 dixit:
2347 3951 2367 3986 ι
2397 3932 2592 3987 Potum
2621 3932 2800 4002 prsebe
2832 3929 2964 3984 mihi
2997 3929 3287 3998 pauculum
3321 3943 3477 3996 aquae
3504 3941 3571 3982 ex
3603 3928 3708 3998 by-

2128 4025 2246 4080 dria
2278 4034 2367 4079 tua
2392 4024 2461 4078 '7.
2494 4042 2514 4074 ι
2546 4023 2814 4090 Quoniam
2845 4021 3016 4092 igitur
3048 4033 3184 4089 puer
3230 4027 3350 4073 erat
3402 4018 3705 4082 Abraham,

2126 4123 2410 4170 contentus
2436 4112 2535 4167 fuit
2559 4115 2642 4168 vel
2668 4109 2934 4166 tantulum
2960 4124 3116 4179 aquze
3140 4123 3206 4164 ex
3233 4108 3423 4179 hydria
3447 4106 3708 4164 Rebecca:

2126 4221 2378 4271 sumere;
2411 4214 2468 4260 et
2525 4204 2799 4260 festinavit
2861 4201 3129 4267 Rebecca,
3183 4209 3239 4254 et
3271 4197 3709 4269 deposuitzm

2126 4298 2373 4370 hydriam
2407 4311 2569 4366 super
2593 4295 2874 4350 brachium
2904 4308 3084 4355 suum,
3109 4300 3292 4361 potum
3324 4290 3402 4344 illi
3431 4292 3702 4359 priebens,

2126 4392 2299 4448 donec
2315 4397 2556 4446 cessaret
2571 4403 2600 4442 a
2615 4388 2848 4442 bibendo
2860 4385 2928 4440 ⁸⁸.
2953 4384 3220 4452 Quoniam
3239 4383 3402 4453 igitur
3417 4380 3706 4436 laudabilis

2125 4490 2244 4535 erat
2273 4479 2535 4534 Rebeccae
2579 4477 2796 4548 hydria,
2847 4490 2956 4530 non
3013 4473 3390 4542 relinquitura
3425 4472 3699 4546 Rebecca,

456 4574 674 4628 Ἐνθάδε
709 4572 807 4644 μὲν
829 4572 893 4643 δή
919 4575 1033 4636 τοῖς
1065 4571 1431 4644 Σαμαρείταις
1456 4569 1592 4642 γυνὴ
1618 4570 2026 4640 εὐαγγελίζεται

2138 4573 2228 4630 sed
2265 4569 2612 4626 Samaritidis
2637 4569 2831 4640 hydria
2874 4567 3201 4636 relinquitur
3232 4567 3366 4621 hora
3408 4565 3706 4620 exsistente

442 4665 534 4720 τὸν
561 4666 818 4737 Χριστόν·
868 4665 961 4719 ἐπὶ
986 4665 1129 4719 τέλει
1177 4665 1235 4719 δὲ
1280 4664 1390 4718 τῶν
1416 4665 1764 4733 Εὑαγγελίων
1809 4663 1902 4718 καὶ
1927 4662 2027 4735 τὴν

441 4758 739 4812 ἀνάστασιν
785 4755 878 4809 τοῦ
908 4756 1163 4828 Σωτῆρος
1189 4757 1300 4819 τοῖς
1333 4755 1647 4819 ἀποστόλοις
1684 4756 1717 4826 ή
1747 4755 1853 4826 πρὸ
1891 4753 2026 4806 πάν-

440 4867 550 4902 των
599 4847 760 4902 αὑτὸν
804 4847 1116 4920 θεασαμένη
1167 4847 1305 4920 γυνὴ
1348 4846 1636 4918 διηγεῖται.
1711 4845 1853 4899 Ἀλλ’
1896 4844 2024 4898 οὔτε

2134 4672 2286 4720 sexta
2316 4663 2384 4716 θ’.
2413 4661 2524 4716 Hoc
2562 4660 2728 4730 igitur
2761 4659 2813 4713 in
2843 4658 2964 4712 loco
2996 4655 3191 4710 mulier
3223 4655 3578 4710 Samaritanis
3600 4668 3703 4708 an-

2131 4753 2349 4811 nuntiat
2376 4751 2656 4808 Christum
2688 4768 2703 4815 ;
2737 4750 2790 4803 in
2829 4750 2936 4805 line
2963 4764 3095 4803 vero
3143 4745 3579 4816 Evangeliorum,
3615 4759 3705 4798 re-

2131 4839 2524 4896 surrectionem
2581 4837 2896 4893 Senatoris
2949 4838 3113 4891 etiam
3164 4845 3390 4891 enarrat
3441 4833 3703 4904 apostolis

420 5096 422 5099 ι
511 5034 559 5066 ⁸⁵
583 5031 739 5088 Joan.
769 5029 948 5096 tv,28,
975 5029 1064 5087 29.
1139 5030 1186 5063 ⁸⁸
1208 5029 1337 5086 ibid.
1367 5030 1458 5085 14.
1531 5028 1577 5061 ⁸⁸
1601 5027 1738 5084 Gen.
1772 5041 1920 5084 xxiv.
1994 5027 2037 5060 ⁸⁷

2138 5025 2204 5081 id.
2247 5023 2338 5082 17.
2411 5021 2458 5055 ⁸⁸
2493 5021 2626 5079 ibid.
2656 5019 2747 5075 18.
2821 5018 2868 5052 ⁸³
2893 5017 3056 5074 Joan.
3083 5031 3159 5083 tv,
3195 5015 3251 5071 6.

514 5212 628 5280 (15)
663 5213 847 5270 Codex
880 5211 1225 5273 Bodleiauus,
1260 5209 1356 5263 καὶ
1387 5207 1560 5272 οὕτως
1592 5207 1764 5276 αὐτῆς
1785 5221 2019 5277 πεφρον-

420 5342 425 5348 _
440 5285 659 5348 τικυίας
682 5285 744 5338 οὑ
777 5283 870 5337 τοῦ
881 5299 893 5314 ⁸
905 5281 1242 5353 σωματικοῦ.

514 5378 627 5447 (16)
648 5377 820 5432 Codd.
844 5377 1048 5447 Regius
1079 5383 1134 5429 et
1160 5373 1515 5437 Ba'rberimis,
1583 5367 1784 5441 σεμνοῦ
1829 5385 2016 5422 ποιου-

445 5447 633 5659 μέὲςέ
651 5534 974 5617 Bqdleianus
996 5533 1172 5590 codex
1194 5531 1399 5602 πηγῆς,
1439 5532 1638 5601 Regius
1668 5539 1724 5587 et
1758 5529 2016 5586 Barberi-

445 5623 567 5659 IIIS.
638 5622 796 5659 σιγης.

444 5623 567 5670 IIIIS,
596 5622 796 5677 αρχης.

444 5768 471 5770 ᾗ
512 5695 1306 5770 (18)Co«lex_Boilleian_us,§i’
1329 5687 1667 5770 §iv_ﬁx9uee,
1719 5694 1918 5770 Regius
1957 5704 2016 5751 et

441 5764 792 5836 Barbe'rinus,
821 5768 1061 5839 διήκουε.
1105 5764 1282 5821 Vertit
1327 5764 1632 5830 Perionius,
1678 5782 1696 5816 ι
1733 5765 1837 5819 nisi
1887 5779 2010 5834 par-

2121 5205 2294 5275 ticeps
2314 5203 2456 5275 facta
2482 5212 2630 5259 esset
2650 5216 2804 5273 aqua:
2824 5210 3086 5272 perpetuo
3117 5198 3398 5264 salutaris,
3432 5215 3453 5251 ι
3483 5196 3698 5269 legebat

2119 5274 2401 5330 διηνεκῶς.

2171 5292 2651 5418 τξῖῗξωξᾶναϐᾴρῃ
2678 5358 2745 5395 τε
2794 5339 2972 5408 αὐτῇ.
3017 5352 3134 5418 etc.
3171 5338 3245 5394 Ita
3301 5339 3586 5418 legendum
3626 5353 3694 5418 ex

2122 5409 2318 5470 Cenes.
2345 5431 2497 5480 xxiv,
2521 5409 2742 5478 17,7iion
2773 5427 2903 5466 vero
2929 5410 3216 5481 καταϐάσῃ
3240 5451 3256 5474 ,
3292 5409 3584 5481 ιιιίΙΙιιειίο
3613 5411 3698 5476 vi-

2122 5441 2318 5470 υιτιιυδ.
2346 5441 2497 5480 “tu,
2521 5441 2608 5478 lt,
2637 5441 2742 5466 llUll
2778 5441 2903 5466 ηςιύ
2932 5441 3198 5481 ιιυιίαυιιυξ
3240 5451 3256 5474 ,
3294 5441 3349 5463 ut
3390 5441 3584 5464 ιιιιςιιυ
3619 5441 3697 5476 νιέ

2121 5487 2301 5549 detur,
2323 5500 2389 5540 ex
2416 5485 2617 5538 Cenes.
2649 5497 2800 5543 xxiv,
2823 5482 2910 5537 45.
2945 5481 3094 5548 Quod
3128 5485 3172 5533 si
3204 5441 3319 5535 ioca
3374 5479 3486 5533 haec
3518 5479 3697 5534 Gene-

2120 5569 2244 5610 seos
2283 5554 2648 5608 consuluisset
2687 5551 2974 5605 Ferrarius
3001 5591 3018 5613 ,
3075 5550 3242 5604 παῖδα
3271 5549 3365 5602 τοῦ
3421 5549 3692 5620 Ἀϐραάμ,

2126 5623 2395 5678 «Abrahae
2427 5624 2594 5677 lilium
2619 5641 2639 5674 ι
2681 5622 3018 5692 ineptissime
3045 5635 3153 5675 non
3187 5620 3535 5680 reddidisset,
3573 5635 3633 5672 se
3665 5654 3691 5693 .,

2120 5694 2388 5767 gAtirahaz
2417 5707 2727 5767 puerum_._i_
2930 5759 2942 5767 _
2995 5760 3006 5767 _
3102 5757 3128 5767 ,

2128 5787 2134 5792 -
2193 5763 2308 5833 (20)
2341 5757 2521 5819 Codex
2545 5762 2890 5827 Bodleianus,
2926 5759 3017 5813 ἐπὶ
3037 5757 3131 5811 τοῦ
3163 5757 3468 5830 βραχίονος.
