4170 6390
1893 173 1902 202 i

487 255 590 314 ιεςι

1939 247 2264 306 ORIGENIS

3638 249 3743 302 459.

473 370 690 432 mulier,
720 373 848 421 ante
873 377 1065 420 omnes
1090 361 1268 433 ipsum
1296 363 1611 433 conspicata
1637 363 1707 422 ”.
1745 360 1849 418 Sed
1878 379 2036 432 neque

2154 360 2313 432 αὑτὴ,
2337 359 2500 444 ὼςιτδ
2527 359 2729 414 τέλειον
2759 361 2855 431 τῆς
2882 361 3115 425 πίστεως
3136 360 3628 433 εὑαγγελισαμὲνη,
3652 364 3743 414 εὑ-

469 461 620 523 ltnie,
652 470 907 527 tanquam
939 472 1061 526 qua:
1093 457 1419 510 renuntiarit
1464 455 1856 526 perfectionem
1899 457 2045 518 fidei,

467 555 659 622 gratia:
689 568 719 605 a
748 551 1118 607 Samaritanis
1161 551 1428 604 habentur
1469 549 1778 604 dicentibus
1811 566 1825 602 :
1876 566 1897 602 ι
1935 549 2048 604 bon

469 643 701 712 amplius
731 651 950 712 propter
976 640 1244 710 loquelam
1271 649 1417 695 tuam
1437 636 1744 705 credimus;
1779 654 1880 708 tpst
1904 640 2050 694 enim

467 735 799 800 audivimus,
832 743 888 787 et
919 733 1124 787 scimus
1156 732 1302 787 hunc
1347 745 1472 785 esse
1511 745 1644 785 vere
1697 730 2046 785 Servatorem

467 827 652 880 tnundi
681 825 722 856 "
746 839 980 892 uneque
1010 823 1087 878 illi
1115 823 1487 877 conceduntur
1512 823 1768 890 primitiae
1793 821 2048 890 tangendi

465 917 764 979 Christum,
799 915 1067 970 dicentem
1102 915 1150 969 ei
1179 928 1194 967 :
1227 933 1243 966 ι
1276 913 1392 967 Noli
1417 928 1502 968 me
1529 923 1751 981 tangere
1768 914 1836 978 ",
1864 931 1883 961 ι
1917 912 2046 980 quia

464 1006 703 1060 Thomas
725 1005 1009 1058 auditurus
1035 1013 1190 1057 erat:
1221 1021 1240 1056 ι
1275 1003 1424 1058 Al'fer
1452 1003 1683 1073 digitum
1726 1012 1876 1057 tuum
1920 1003 2044 1067 huc,

461 1105 516 1150 et
545 1097 665 1152 vide
699 1112 897 1153 manus
929 1111 1101 1158 meas,
1129 1107 1185 1148 et
1209 1093 1343 1149 aﬂ‘er
1368 1110 1590 1149 manum
1618 1104 1786 1160 tuam,
1811 1103 1865 1148 et
1892 1094 2049 1149 mitte

462 1189 515 1243 in
557 1189 698 1243 latus
731 1189 1026 1243 meum".t
1063 1187 1256 1243 Omnia
1311 1197 1492 1240 autem
1539 1195 1714 1251 erant,
1753 1201 1874 1255 quae
1915 1184 2046 1240 fecit

461 1279 678 1345 mulier,
705 1279 1049 1334 consuetudo
1080 1293 1203 1331 cum
1237 1279 1479 1346 quinque
1512 1277 1668 1342 viris,
1701 1286 1757 1331 et
1786 1285 1907 1344 post
1946 1275 2045 1332 hos

458 1371 856 1428 condescensio
917 1371 986 1424 ad
1043 1379 1283 1436 sertum,
1332 1370 1424 1438 qui
1474 1368 1747 1438 legitimus
1794 1369 1878 1422 vir
1935 1383 2042 1422 non

457 1476 616 1532 erat;
647 1481 806 1535 quem
843 1480 964 1519 cum
998 1476 1275 1533 negasset,
1307 1463 1664 1533 hydriamqne
1713 1460 2041 1530 reliquisset,

460 1557 688 1611 honeste
718 1556 769 1608 itt
798 1556 1086 1624 septimum
1122 1553 1416 1622 requiescit
1468 1551 1622 1623 [(21)
1655 1550 1888 1606 afferens
1937 1553 2044 1606 uti-

458 1647 671 1702 litatem
705 1647 772 1700 iis
801 1660 1018 1715 quoque
1054 1645 1145 1714 qui
1208 1645 1401 1698 iisdem
1455 1644 1798 1712 dogmatibus
1847 1642 2038 1697 imbuti

2153 455 2492 522 χαριστεῖται
2522 453 2626 505 ὑπὸ
2656 452 2767 505 τῶν
2798 453 3153 525 Σαμαρειτῶν
3181 455 3447 522 λεγόντων
3469 473 3482 486 ·
3521 475 3538 506 ι
3569 457 3742 508 Οὑκέ-

2151 559 2203 594 τι
2235 542 2323 596 διὰ
2353 543 2451 614 τὴν
2481 543 2668 597 λαλιάν
2703 562 2796 598 σου
2848 547 3178 618 πιστεύομεν
3203 565 3216 578 ·
3270 549 3423 602 αὐτοὶ
3469 550 3580 621 γὰρ
3605 552 3744 622 ἀκη-

2151 636 2377 706 κόαμεν,
2406 638 2500 690 καὶ
2529 636 2772 708 οἴδαμεν,
2829 638 2910 690 ὅτι
2950 634 3102 704 οὗτός
3132 642 3280 694 ἐστιν
3321 642 3536 712 ἀληθῶς
3567 645 3594 694 ὁ
3623 644 3738 696 Σω-

2147 727 2254 798 τὴρ
2299 727 2393 781 τοῦ
2425 729 2656 798 κόσμου·
2689 748 2706 779 ι
2746 729 2930 800 ἐκείνη
2959 747 3018 782 τε
3060 731 3158 803 τὴν
3186 730 3438 804 ἀπαρχὴν
3467 733 3565 804 τῆς
3597 734 3739 803 ἁφῆς

2148 819 2243 871 τοῦ
2291 819 2528 890 Χριστοῦ
2581 819 2642 872 οὑ
2694 820 3029 883 πιστεύεται,
3078 821 3326 890 λέγοντος
3369 823 3540 892 αὑτῇ·
3600 825 3734 895 «Μή

2153 928 2253 980 μου
2282 911 2454 963 ἅπτου
2477 928 2490 940 °
2521 930 2539 961 ι
2590 909 2781 981 ἔμελλε
2812 911 2922 983 γὰρ
2949 913 2978 964 ὁ
3009 912 3210 983 Θωμᾶς
3241 913 3491 967 ἀκούειν’
3549 933 3569 965 ι
3600 914 3736 985 Φέρε

2147 1002 2239 1053 τὸν
2270 1001 2532 1054 δάκτυλόν
2567 1019 2658 1054 σου
2703 997 2826 1067 ὦδε,
2863 1004 2958 1056 καὶ
3007 1004 3083 1056 ἴδε
3133 1005 3232 1067 τὰς
3265 1006 3454 1076 χεῖράς
3485 1023 3609 1076 μου,
3641 1007 3736 1059 καὶ

2149 1094 2281 1164 φέρε
2309 1093 2409 1164 τὴν
2435 1095 2594 1166 χεῖρά
2616 1113 2732 1160 σου,
2756 1096 2849 1148 καλ⁵
2881 1095 3039 1165 βάλλε
3065 1099 3142 1160 είς
3169 1097 3267 1168 τὴν
3290 1097 3530 1169 πλευράν
3562 1115 3684 1168 μου.
3707 1117 3726 1149 ι

2147 1185 2329 1238 Πάντα
2355 1186 2411 1239 δὲ
2442 1183 2510 1258 ἦν
2539 1187 2575 1242 ἃ
2603 1189 2858 1260 ἐποίησεν
2888 1191 2920 1259 ἡ
2951 1189 3107 1258 γυνὴ,
3138 1190 3172 1259 ἦ
3202 1207 3261 1242 τε
3288 1189 3424 1260 πρὸς
3451 1191 3577 1253 τοὺς
3605 1190 3734 1243 πέν-

2145 1293 2203 1329 τε
2233 1277 2431 1348 ἄνδρας
2484 1280 2757 1343 κοινωνία,
2795 1283 2890 1334 καὶ
2947 1283 3062 1352 μετ’
3109 1281 3353 1346 ὲκείνους
3393 1285 3426 1353 ἡ
3458 1281 3596 1352 πρὸς
3639 1284 3732 1336 τὸν

2144 1366 2301 1420 ἕκτον
2338 1370 2398 1421 οὑ
2429 1371 2650 1441 γνήσιον
2686 1372 2854 1442 ἄνδρα
2889 1373 3299 1441 συγκατάϐασις
3319 1391 3331 1403 ·
3363 1375 3545 1428 ὅντινα
3566 1377 3731 1446 ἀρνη-

2146 1460 2378 1530 σαμένη,
2431 1464 2524 1514 καὶ
2567 1463 2666 1534 τὴν
2701 1465 2890 1534 ὑδρίαν
2937 1465 3329 1531 καταλιποῦσα,
3373 1467 3453 1529 εὶς
3501 1466 3728 1537 ’ἐϐδομον

2144 1551 2256 1622 (22)
2302 1553 2514 1624 σεμνῶς
2548 1555 2903 1618 ἀναπαύεται,
2960 1555 3297 1628 προξενοῦσα
3325 1557 3422 1628 τὴν
3463 1555 3727 1625 ὠφέλειαν

2143 1641 2237 1695 καὶ
2267 1647 2378 1706 τοῖς
2407 1645 2518 1698 ἀπὸ
2565 1645 2673 1698 τῶν
2698 1647 2980 1716 προτέρων
3026 1649 3162 1717 αὑτῇ
3206 1647 3492 1717 δογμάτων
3517 1648 3728 1701 οἰκοῦσι

458 1739 650 1794 urbem
686 1737 1016 1802 incolebant,
1055 1737 1108 1791 id
1144 1746 1250 1800 est,
1281 1735 1680 1790 institutionem
1723 1735 2035 1801 verborum,

2142 1734 2315 1796 πόλιν,
2346 1735 2446 1808 τὴν
2473 1737 2762 1810 οἰκοδομὴν
2794 1739 2902 1793 τῶν
2934 1741 3030 1809 οὑχ
3066 1739 3236 1808 ὑγιῶν
3275 1739 3467 1809 λόγων,
3500 1740 3596 1811 τὴν
3630 1742 3727 1794 αὑ-

456 1846 584 1899 qua:
615 1844 721 1882 non
751 1838 898 1882 recta
937 1842 1180 1896 sanaque
1207 1836 1356 1890 sunt,
1380 1827 1628 1880 eamdem
1675 1840 1796 1894 qua:
1825 1825 2036 1880 mulieri

2141 1831 2240 1901 τὴν
2271 1834 2336 1902 τῇ
2389 1835 2607 1900 γυναικί
2629 1851 2641 1863 °
2684 1828 2766 1898 οἷς
2807 1835 2902 1887 καὶ
2939 1836 3088 1887 αἰτία
3123 1836 3333 1903 γίνεται
3367 1833 3600 1900 ἐξελθεῖν
3627 1834 3728 1903 τῆς

453 1921 634 1992 erat];
704 1936 825 1989 quae
873 1921 1034 1973 etiam
1080 1921 1130 1973 itt
1163 1935 1331 1974 causa
1386 1917 1507 1981 fuit,
1537 1927 1597 1973 ut
1630 1916 1707 1972 illi
1743 1932 1774 1971 e
1816 1917 2036 1973 civitate

2141 1924 2368 1987 πόλεως,
2396 1925 2488 1977 καὶ
2517 1925 2690 1979 ὲλθεῖν
2719 1927 2855 1998 πρὸς
2884 1927 2975 1980 τὸν
3013 1927 3241 1995 Ἰησοῦν.
3275 1927 3425 1980 Πάνυ
3458 1927 3514 1979 δὲ
3546 1943 3726 1996 παρα-

452 2015 683 2078 exirent,
718 2023 771 2065 et
800 2013 1046 2065 venirent
1087 2011 1156 2063 ad
1207 2009 1417 2064 Jesum.
1460 2007 1653 2078 Magna
1704 2016 1888 2062 autem
1942 2008 2040 2062 ob—

452 2106 761 2163 servatione
781 2102 964 2158 Jesum
990 2111 1184 2172 rogant
1207 2101 1540 2156 Samaritani
1573 2102 1624 2154 in
1659 2101 2032 2170 sequentibus,

458 2213 561 2253 non
595 2206 654 2250 ιιι
679 2204 895 2249 maneat
931 2195 984 2248 in
1019 2194 1259 2257 civitate,
1292 2193 1386 2248 sed
1425 2210 1444 2244 ι
1475 2192 1614 2260 apud
1644 2193 1788 2262 ipsos
1817 2190 2038 2256 “,thoc

450 2297 556 2351 est,
585 2296 643 2341 ut
677 2289 750 2342 sit
779 2287 831 2342 in
864 2286 1175 2358 principatu
1208 2299 1400 2338 eorum
1445 2283 1662 2356 [animae
1699 2293 1852 2352 parte
1895 2297 2035 2351 pra:-

451 2374 820 2447 statttissima]
861 2391 874 2424 :
917 2391 1044 2430 nam
1075 2376 1312 2430 fortasse
1345 2376 1606 2445 nequibat
1629 2372 1788 2429 Jesus
1815 2373 1870 2428 in
1901 2374 2035 2427 civi-

454 2476 561 2520 tate
598 2483 784 2522 eorum
814 2482 1058 2533 manere,
1109 2466 1554 2536 quandoquidem
1587 2466 1754 2520 etiam
1812 2464 1913 2534 ipsi
1966 2479 2033 2518 ex

449 2558 673 2612 civitate
699 2558 971 2621 exierant,
1003 2559 1210 2626 optime
1258 2556 1540 2623 facientes,
1577 2565 1633 2610 et
1672 2563 1936 2609 venerant
1965 2555 2033 2609 ad

448 2662 597 2703 eum.
646 2649 806 2716 Quod
860 2658 1042 2703 autem
1085 2647 1457 2716 hujuscemodi
1505 2647 1752 2716 quaedam
1804 2649 2034 2700 innuan-

451 2748 560 2805 tur,
588 2754 786 2794 causas
817 2739 973 2794 nobis
1002 2738 1290 2809 praebente
1321 2739 1654 2808 evangelista
1683 2737 2033 2792 accuratissi-

449 2847 538 2884 me
561 2831 625 2884 ad
655 2846 871 2886 sensum
900 2830 1283 2901 anagogicum,
1316 2830 1419 2884 hoc
1446 2839 1533 2884 est
1561 2831 1627 2885 ad
1653 2832 2027 2889 sublimiorem

450 2922 892 2991 intelligentiam,
918 2937 984 2977 ex
1019 2923 1102 2976 bis
1131 2921 1312 2976 verbis
1334 2920 1740 2989 dijudicandum
1774 2935 1881 2980 est.
1909 2924 2030 2980 Pri-

449 3029 600 3068 mum
646 3013 864 3084 quidem
900 3015 1161 3082 scriptum
1193 3011 1379 3066 est“:
1418 3030 1437 3064 ι
1469 3013 1735 3068 Exierunt
1788 3030 1855 3069 ex
1891 3016 2027 3070 civi-
2057 3050 2099 3108 α

447 3114 580 3171 tate,
610 3115 664 3160 et
697 3117 962 3160 venerunt
999 3106 1065 3159 ad
1095 3121 1258 3172 eum;
1287 3124 1305 3156 ι
1333 3113 1388 3159 et
1419 3113 1540 3174 post
1581 3120 1754 3174 pauca
1779 3106 1827 3138 "
1853 3122 1868 3160 :
1903 3127 1921 3158 ι
1953 3107 2030 3162 Ex

445 3196 673 3252 civitate
717 3206 896 3250 autem
929 3196 1016 3250 illa
1067 3196 1222 3251 multi
1268 3197 1738 3253 Samaritanorum
1785 3199 2034 3256 credide~

446 3296 574 3340 runt
603 3287 654 3339 in
683 3301 828 3351 eum,
858 3297 1076 3356 propter
1112 3300 1421 3341 sermonem
1481 3288 1746 3352 mulieris,
1783 3305 1904 3359 quae
1955 3299 2032 3346 te-

442 3377 786 3432 Stificabatur
807 3379 1013 3442 dicens,
1037 3377 1173 3443 Quia
1206 3378 1346 3432 dixit
1387 3377 1730 3436 mihi.omnia
1771 3395 2030 3445 quzecun-

443 3485 550 3540 que
573 3469 696 3524 feci.
729 3468 801 3524 Ut
825 3483 956 3539 ergo
977 3480 1244 3524 venerunt
1274 3470 1340 3523 ad
1371 3485 1495 3524 eum
1527 3469 1835 3536 Samaritae,
1872 3487 2029 3540 roga-

443 3569 639 3614 verunt
657 3571 781 3614 eum
806 3566 865 3612 ut
886 3568 1131 3614 maneret
1150 3559 1291 3628 apud
1312 3559 1478 3629 ipsos.
1503 3579 1521 3612 ι
1544 3558 1714 3630 Igitur
1735 3561 1882 3630 prius
1904 3577 2025 3615 cum

443 3666 512 3706 ex
534 3651 757 3706 civitate
782 3651 848 3705 ad
879 3665 1002 3706 eum
1030 3650 1326 3719 venissent,
1353 3653 1518 3706 etiam
1546 3653 1727 3707 denuo
1759 3663 2030 3708 venerunt

446 3743 513 3794 ad
553 3756 676 3796 eum
709 3741 1016 3807 Samaritae,
1055 3743 1232 3796 adhuc
1255 3743 1608 3798 exsistentem
1642 3745 1784 3814 apud
1821 3744 2022 3799 fontem

445 3832 616 3888 Jacob
649 3835 774 3904 (nec
805 3835 952 3888 enim
979 3835 1104 3888 inde
1156 3835 1534 3904 discesserat),
1582 3844 1638 3890 et
1693 3847 2025 3906 rogaverunt

444 3941 569 3980 eum
598 3935 657 3980 ut
679 3937 925 3980 maneret
959 3925 1096 3994 apud
1116 3927 1284 3995 ipsos.
1306 3927 1418 3981 Nec
1439 3928 1700 3996 scriptum
1725 3937 1809 3982 est
1836 3936 2019 3998 postea

449 4020 594 4089 quod
630 4020 906 4088 ingressus
928 4019 1000 4074 sit
1027 4019 1437 4083 civitatem,sed
1477 4037 1497 4070 ‹
1531 4020 1738 4074 mansit
1778 4020 1850 4074 ibi
1887 4021 2025 4075 duos

443 4110 563 4165 dies
582 4111 650 4164 ’7.
688 4129 706 4160 ι
736 4109 876 4176 Quin
911 4111 1073 4164 etiam
1105 4109 1262 4181 24],
1305 4111 1357 4163 in
1387 4111 1741 4179 sequentibus
1791 4126 1894 4165 non
1948 4112 2022 4165 di-

442 4213 589 4257 ctum
616 4212 699 4258 est
727 4221 740 4255 :
777 4219 796 4253 ι
827 4202 1108 4256 Postduos
1131 4218 1256 4256 vero
1283 4203 1399 4256 dies
1433 4221 1452 4253 ι
1487 4203 1654 4256 exivit
1675 4218 1742 4256 ex
1779 4203 2021 4270 civitate,

436 4296 540 4349 sed
573 4295 834 4364 scriptum
879 4304 1004 4348 est:
1045 4311 1063 4345 ι
1094 4293 1157 4346 Et
1202 4294 1375 4347 exivit
1430 4294 1552 4347 inde
1574 4294 1620 4324 ’⁸
1645 4310 1660 4358 ;
1690 4313 1708 4345 ι
1762 4304 2022 4363 quantum

2137 2015 2526 2086 τετηρημένως
2564 2019 2622 2069 tv
2672 2020 2785 2081 τοῖς
2829 2017 2958 2088 ἑξῆς
3004 2019 3054 2072 οἱ
3097 2019 3433 2090 Σαμαρεῖται
3480 2017 3727 2088 ἐρωτῶσι

2137 2104 2229 2158 τὸν
2273 2104 2501 2176 Ἰησοῦν,
2547 2109 2644 2178 οὑχ
2671 2108 2759 2160 ἵνα
2790 2107 2948 2178 μείνῃ
2977 2109 3035 2160 tv
3060 2111 3124 2178 τῇ
3157 2107 3329 2170 πόλει,
3374 2106 3509 2160 ἀλλὰ
3547 2125 3566 2158 ι
3596 2108 3726 2176 παρ’

2137 2197 2342 2262 αὐτοῖς,
2374 2218 2392 2249 ι
2450 2200 2727 2253 τουτέστιν
2767 2200 2854 2252 ῖνα
2896 2200 3123 2270 γένηται
3169 2200 3228 2252 tv
3283 2199 3362 2270 τῷ
3413 2199 3727 2269 ἡγεμονικῷ

2138 2289 2348 2342 αὑτῶν·
2380 2291 2519 2360 τάχα
2544 2290 2652 2362 γὰρ
2678 2289 2778 2343 οὑκ
2806 2287 2874 2361 ἦν
2898 2289 3124 2344 δυνατὸν
3176 2293 3354 2360 μεῖναι
3382 2289 3543 2342 αὑτὸν
3569 2291 3626 2342 tv
3659 2292 3724 2360 τῇ

2137 2380 2289 2433 πόλει
2319 2381 2518 2445 αὑτῶν,
2549 2381 2782 2452 ἐπείπερ
2807 2382 2903 2435 καὶ
2929 2383 3080 2436 αὑτοὶ
3111 2381 3333 2451 ἐξῆλθον
3358 2377 3416 2435 εὑ
3448 2381 3726 2443 ποιοῦντες

2135 2471 2200 2523 ὲκ
2230 2471 2326 2542 τῆς
2354 2472 2580 2537 πόλεως,
2611 2474 2704 2526 καὶ
2735 2474 2965 2545 ἤρχοντο
2994 2473 3128 2541 πρὸς
3151 2473 3334 2526 αὑτόν.
3373 2473 3495 2524 ’Ότι
3533 2471 3589 2524 δὲ
3618 2487 3727 2522 τοι-

2133 2561 2275 2616 αῦτά
2305 2579 2428 2616 τινα
2455 2563 2708 2632 δηλοῦται
2741 2563 3133 2636 ἀκριϐέστατα,
3179 2565 3260 2626 είς
3296 2561 3396 2624 τὰς
3435 2559 3724 2628 ἀναγωγὰς

2134 2653 2246 2722 (25)
2295 2654 2552 2724 ἀφορμὰς
2600 2657 2734 2725 ἡμῖν
2779 2655 3011 2718 διδόντος
3062 2653 3156 2706 τοῦ
3204 2651 3612 2722 εὐαγγελιστοῦ,
3658 2653 3725 2704 ἐκ

2131 2738 2335 2799 τούτων
2364 2747 2739 2817 κατακριτέον.
2779 2747 3050 2818 Πρότερον
3077 2746 3174 2815 μὲν
3199 2744 3538 2815 γέγραπται·
3574 2761 3591 2793 ι
3615 2741 3726 2808 Ἐξ-

2131 2835 2290 2906 ῆλθον
2337 2839 2400 2889 ὲκ
2445 2838 2547 2907 τῆς
2580 2838 2804 2902 πόλεως,
2869 2839 2961 2892 καὶ
3005 2839 3236 2908 ἤρχοντο
3289 2835 3426 2907 πρὸς
3477 2834 3670 2888 αὐτόν’
3699 2853 3717 2884 ι

2133 2927 2228 2981 καὶ
2257 2929 2374 2997 μετ’
2403 2929 2558 2997 ὀλίγα
2583 2945 2596 2958 ο
2654 2947 2672 2980 ι
2697 2929 2790 2981 Ἐκ
2821 2929 2878 2982 δὲ
2917 2928 3016 2997 τῆς
3055 2927 3266 2991 πόλεως
3301 2926 3516 2996 ἐκείνης
3541 2924 3724 2976 πολλοὶ

2133 3019 2459 3073 ἐπίστευσαν
2491 3023 2570 3083 εἰς
2603 3020 2764 3073 αὑτὸν
2798 3019 2904 3072 τῶν
2940 3019 3296 3091 Σαμαρειτῶν
3323 3017 3411 3071 διὰ
3443 3017 3532 3070 τὸν
3565 3016 3723 3084 λόγον

2131 3111 2233 3182 τῆς
2286 3113 2543 3180 γυναικὸς
2579 3110 2984 3184 μαρτυρούσης,
3027 3113 3128 3174 ὅτι,
3175 3105 3309 3162 Είπέ
3352 3127 3440 3180 μοι
3475 3107 3656 3160 πάντα
3685 3105 3724 3160 ἃ

2133 3201 2366 3273 ἐποίησα
2389 3219 2402 3232 ο
2439 3203 2515 3266 ὡς
2556 3198 2649 3256 οῦν
2699 3197 2860 3272 ἦλθον
2895 3202 3030 3273 πρὸς
3083 3200 3245 3254 αὑτὸν
3275 3202 3326 3253 οἱ
3357 3201 3718 3270 Σαμαρεῖται.

2133 3291 2362 3363 ἠρώτων
2408 3293 2570 3345 αὑτὸν
2603 3296 2781 3364 μεῖναι
2836 3294 2966 3364 παρ’
2995 3293 3196 3355 αὑτοῖς.
3223 3309 3242 3342 ι
3302 3291 3412 3344 Καὶ⁵
3456 3289 3723 3360 πρότερον

2133 3379 2226 3436 οὖν
2258 3385 2322 3437 ὲκ
2345 3385 2444 3455 τῆς
2473 3384 2680 3447 πόλεως
2704 3385 2934 3455 ἤρχοντο
2956 3383 3092 3454 πρὸς
3126 3381 3307 3444 αὑτὸν,
3344 3381 3437 3433 καὶ
3469 3379 3721 3451 δεύτερον

2132 3468 2297 3544 ἦλθον
2330 3473 2465 3543 πρὸς
2496 3472 2656 3525 αὑτὸν
2704 3474 2753 3524 οἱ
2783 3473 3136 3544 Σαμαρεῖται,
3184 3469 3264 3523 ἔτι
3296 3469 3425 3522 ὄντα
3458 3467 3610 3539 παρὰ
3653 3471 3719 3539 τῇ

2134 3568 2286 3637 πηγῇ
2337 3564 2430 3617 τοῦ
2490 3563 2706 3630 Ἰακὼϐ,
2763 3565 2844 3634 (οὑ
2889 3563 2998 3635 γὰρ
3063 3562 3312 3633 φαίνεται
3363 3560 3723 3632 κεκινημένος

2134 3655 2344 3709 ἐκεῖθεν
2432 3656 2527 3710 καὶ
2572 3655 2804 3729 ἠρώτων
2831 3655 2993 3708 αὑτὸν
3026 3657 3204 3726 μεῖναι
3238 3654 3368 3723 παρ’
3395 3653 3600 3714 αὐτοῖς.
3642 3651 3718 3704 0'5

2131 3743 2442 3814 γέγραπται
2486 3743 2544 3817 δὲ
2595 3744 2732 3815 μετὰ
2763 3743 2942 3806 τοῦτο,
2978 3743 3060 3796 ὅτι
3091 3741 3340 3811 εἰσῆλθεν
3385 3743 3465 3804 εἰς
3490 3741 3588 3810 τὴν
3623 3740 3722 3792 πό-

2130 3834 2236 3899 λιν,
2269 3835 2382 3888 άλλ’
2409 3853 2422 3866 ο
2459 3836 2748 3906 (Ἔμεινεν
2791 3836 2908 3888 ἐκεῖ
2940 3834 3032 3887 δύο
3077 3833 3310 3904 ἡμέρας.
3342 3850 3361 3883 ι
3423 3831 3584 3884 Ἀλλὰ
3624 3832 3720 3884 καὶ

2130 3929 2188 3980 ἐν
2219 3931 2330 3993 τοῖς
2359 3928 2487 3998 ἑξῆς
2523 3929 2623 3981 οὑκ
2643 3927 2857 3999 εἴρηται
2876 3945 2889 3956 ·
2926 3945 2944 3977 ι
2968 3925 3124 3980 Μετὰ
3143 3925 3199 3977 δὲ
3225 3924 3322 3988 τὰς
3344 3923 3436 3977 δύο
3461 3924 3673 3994 ἡμέρας
3694 3942 3712 3974 ι

2131 4019 2353 4090 ἐξῆλθεν
2402 4023 2467 4073 ὲκ
2517 4021 2607 4090 τῆς
2641 4020 2869 4083 πόλεως,
2922 4019 3091 4072 ἀλλά·
3128 4036 3146 4068 ι
3171 4017 3279 4070 Καὶ
3313 4016 3533 4087 ἐξῆλθεν
3572 4018 3715 4068 ἐκεῖ-

2132 4110 2258 4164 θεν·
2293 4132 2312 4163 ι
2357 4112 2478 4164 ὅσον
2527 4111 2636 4183 γὰρ
2687 4112 2780 4163 tu).
2816 4109 2894 4180 τῷ
2923 4108 3117 4181 νοητῷ,
3171 4110 3385 4180 πᾶσαή
3436 4107 3715 4177 οἰκονομία

2130 4203 2226 4272 τῆς
2259 4201 2527 4271 ὡφελείας
2559 4204 2672 4263 τοῖς
2717 4200 3033 4272 Σαμαρεῦσι
3075 4200 3227 4272 παρὰ
3270 4203 3334 4270 τῇ
3369 4202 3519 4271 πηγῇ
3559 4198 3715 4266 γεγέ-

2131 4312 2288 4365 νηται
2312 4294 2404 4346 τοῦ
2447 4292 2662 4349 Ἰακώϐ.

443 4387 590 4440 enim
627 4388 694 4440 ad
726 4387 1136 4456 intelligentiam
1161 4387 1419 4456 pertinet,
1450 4388 1628 4442 omnis
1655 4390 1957 4444 oeconomia
1995 4391 2240 4445 utilitatis
2279 4405 2406 4459 erga
2445 4387 2820 4443 Samaritanos
2842 4387 2982 4442 facta
3013 4398 3094 4442 est
3123 4388 3264 4457 apud
3289 4386 3490 4441 fontem
3524 4382 3711 4440 δειραὶ).

434 4486 441 4495 ‘
516 4480 608 4536 '50.
639 4479 802 4534 Porto
834 4479 1130 4534 lieracleon
1167 4479 1417 4549 hydriam
1453 4492 1574 4533 esse
1602 4479 1882 4533 existimat
1915 4481 2023 4534 dis-

2198 4480 2286 4534 50.
2319 4479 2377 4532 '0
2396 4479 2452 4532 δὲ
2482 4477 2791 4550 Ἡρακλέων
2821 4480 2920 4549 τὴν
2947 4480 3134 4552 ὑδρίαν
3163 4481 3261 4550 τὴν
3283 4477 3536 4548 δεκτικὴν
3567 4475 3712 4544 ζωῆς

445 4575 768 4644 positionem
818 4583 872 4627 et
910 4574 1189 4627 notionem
1237 4572 1604 4641 susceptivam
1643 4572 1807 4635 .vitzn,
1859 4581 2022 4640 atque

2138 4571 2499 4642 ὅπολαμϐάνει
2527 4566 2666 4623 εἷναι
2699 4570 2956 4635 διάθεσιν,
2991 4572 3085 4625 καὶ
3117 4571 3344 4632 ἔννοιαν,
3377 4567 3470 4622 καὶ
3497 4569 3593 4638 τῆς
3623 4567 3714 4619 δυ-

445 4665 608 4720 etiam
659 4665 778 4734 ejus
821 4665 1096 4733 potentiae,
1131 4677 1248 4732 quae
1271 4677 1301 4716 a
1334 4661 1626 4717 Servatore
1666 4671 1770 4728 est,
1809 4679 1830 4713 ι
1861 4679 2020 4728 quant

2138 4665 2343 4735 νάμεως
2367 4665 2466 4734 τῆς
2499 4662 2649 4735 παρὰ
2677 4663 2772 4716 τοῦ
2805 4664 3078 4735 Σωτῆρος,
3107 4664 3295 4732 ἥντινα
3318 4659 3712 4724 καταλιποῦσα,

431 4755 783 4825 ‘relinquens,
838 4755 1034 4824 inquit,
1076 4754 1217 4823 apud
1256 4752 1456 4822 ipsum,
1509 4752 1614 4806 hoc
1655 4761 1768 4814 est,
1817 4751 2024 4806 habens

2138 4755 2283 4825 mai,
2320 4757 2452 4826 παρ’
2481 4754 2651 4825 αὑτῷ,
2685 4755 2963 4808 τουτέστιν
3005 4755 3202 4824 ἔχουσα
3235 4752 3384 4823 παρὰ
3416 4751 3495 4822 τῷ
3529 4752 3711 4821 Σωτῆ-

446 4846 588 4914 apud
625 4845 972 4900 Servatorem
1021 4843 1128 4898 tale
1172 4857 1289 4908 vas,
1331 4843 1383 4894 in
1431 4857 1538 4912 quo
1587 4841 1652 4894 ad
1703 4841 2021 4895 sumendam

2138 4864 2184 4918 9t
2208 4847 2266 4900 τὸ
2293 4847 2529 4902 τοιοῦτον
2564 4847 2780 4912 σκεῦος,
2824 4850 2882 4901 tv
2999 4847 3245 4918 ἐληλύθει
3293 4846 3476 4899 λαϐεῖν
3506 4845 3567 4898 τὸ
3600 4844 3708 4908 ζῶν

444 4940 624 4991 vivam
672 4951 867 5008 aquam
921 4945 1185 4998 venerat,
1241 4949 1458 4988 reversa
1509 4943 1592 4987 est
1636 4933 1690 4985 in
1737 4933 2018 4995 mundum,

2138 4934 2294 5008 ὕδωρ,
2333 4936 2669 5006 ὑπέστρεψεν
2700 4938 2779 5000 εἰς
2801 4937 2893 4990 τὸν
2925 4938 3126 5008 κόσμον
3157 4935 3614 5006 εὑαγγελιζομένη
3645 4935 3709 5003 τῇ

447 5028 704 5082 nuntians
740 5041 873 5081 voce
920 5027 1270 5096 prmsentiam
1327 5035 1380 5079 et
1429 5025 1722 5078 adventum
1773 5022 2016 5078 Christi:

2138 5026 2318 5098 κλήσει
2350 5028 2447 5094 τὴν
2479 5027 2716 5096 Χριστοῦ
2766 5029 3068 5098 παρουσίαν
3091 5045 3104 5058 ο
3157 5028 3245 5081 διὰ
3286 5029 3393 5099 γὰρ
3421 5027 3514 5080 τοῦ
3551 5027 3710 5079 πνεύ-

445 5131 544 5186 per
571 5115 818 5184 spiritum
841 5116 985 5170 enim
1008 5124 1064 5168 et
1091 5129 1117 5167 a
1149 5114 1341 5184 spiritu
1367 5114 1546 5167 anima
1571 5113 1638 5167 ad
1674 5113 2020 5168 Servatorern

2138 5131 2298 5186 ματος
2333 5116 2424 5168 καὶ
2468 5116 2574 5169 ὑπὸ
2618 5117 2713 5170 τοῦ
2760 5117 3068 5189 πνεύματος
3113 5117 3451 5189 προσάγεται
3495 5122 3527 5189 ὴ
3563 5118 3706 5186 ψυχὴ

553 5261 776 5316 "Joan.
812 5276 905 5321 xx,
935 5259 1022 5312 l8.
1097 5261 1141 5294 οι
1169 5256 1428 5313 1οοηην.
1461 5257 1550 5311 42.
1630 5254 1673 5289 ⁸³
1699 5255 1852 5312 Joan.
1877 5257 2078 5325 xx,i7.
2153 5258 2199 5290 ”
2228 5259 2357 5314 ibid.
2385 5259 2476 5315 27.
2568 5258 2615 5293 “
2635 5257 2792 5314 Joan.
2824 5275 2899 5326 tv,
2924 5260 3010 5318 40.
3084 5261 3130 5293 "
3164 5260 3288 5316 ibid.
3317 5260 3406 5315 ὅθ.
3505 5260 3550 5292 ’⁸
3578 5259 3707 5312 ibid.

441 5330 528 5395 39,
552 5331 643 5386 40.
721 5332 765 5363 ⁸⁷
790 5331 919 5384 ibid.
955 5328 1047 5382 40.
1121 5329 1165 5360 ’⁸
1193 5329 1320 5382 ibid.
1357 5329 1447 5382 45.

2131 5470 2586 5617 όέῗξὲῗὲοιιῐορε
2614 5543 2953 5599 Barbcrintts
2993 5557 3048 5602 et
3086 5547 3434 5617 Bodleianus,
3489 5549 3705 5615 ἀναγω-

2134 5612 2268 5681 γάς;
2297 5613 2514 5684 Regius,
2551 5631 2857 5686 perperam,
2898 5617 3232 5687 συναγωγάς.

516 5471 627 5540 (2|)
652 5472 776 5526 llaec
805 5487 834 5526 a
860 5469 1119 5526 Ferrario
1144 5469 1534 5542 praetermissa,
1559 5482 1588 5523 e
1613 5468 1865 5526 Perionio
1889 5485 2018 5541 sup-

443 5555 758 5679 νῃᾶἓῗὲδίς
774 5611 1045 5680 ἕϐδομον.
1078 5610 1169 5665 Sic
1197 5619 1343 5664 recte
1401 5611 1606 5666 habent
1664 5609 1823 5666 codd.
1849 5608 2029 5680 pBodg

447 5678 654 5735 ieianus
695 5693 750 5736 ct
805 5678 1164 5748 Darberinus;
1221 5681 1274 5734 itt
1319 5682 1559 5738 editione
1615 5695 1794 5738 autem
1847 5678 2025 5734 lluctii
