4170 6394
355 327 460 382 455

1414 301 1774 365 ΟΟΜΜΕΝΤ.
1813 297 1881 353 ιΝ
1920 293 2113 354 JOAN.
2151 292 2391 349 TOMUS
2425 291 2560 348 Xlll.

3507 287 3617 344 45ιὶ

349 446 430 517 τῷ
462 441 696 513 Σωτῆρι.
733 437 1082 506 Κατανόησον
1127 431 1190 503 δὴ
1221 432 1268 483 ει
1311 428 1531 483 δύναται
1559 413 1925 490 ἐπαινουμένη

2045 410 2348 464 adducitur.
2387 428 2406 461 ι
2441 409 2610 479 Igitur
2635 405 2924 464 considera
2955 400 3315 456 laudabilisne
3343 414 3461 454 esse
3495 416 3617 470 pos-

2047 502 2106 517 .o-
2139 501 2152 517 ι
2185 516 2212 517 γε
2234 515 2246 517 -
2275 501 2288 517 ι
2312 513 2346 517 __
2370 500 2432 517 lu!
2452 515 2458 517 ν
2529 513 2636 517 .-μμ
2676 497 2886 517 __.-._:__
2915 492 3246 517 ....I:......:n.._
3266 509 3278 517 .
3311 507 3329 517 .
3358 491 3568 517 Πὲωζηῖο
3593 511 3609 517 -

353 513 643 604 τυγχάνειν
669 531 703 600 ἡ
731 528 886 599 ὑδρία
915 525 1052 596 α’ύτη
1088 523 1264 593 πάντη
1291 519 1556 604 ἀφιεμένη
1575 533 1588 546 ·
1638 535 1656 566 ‹
1680 513 1884 582 Ἀφῆκε
1910 529 1930 562 ι

351 599 492 695 γὰρ,
531 599 701 690 φησὶ,
752 617 894 687 «τὴν
931 615 1119 687 ὑδρίαν
1158 613 1328 682 αὐτῆς
1360 599 1408 681 εὴ
1458 609 1629 678 γυνή’
1659 625 1678 657 ι
1727 603 1786 658 οὐ
1826 603 1935 673 γὰρ

351 716 693 788 πρόσκειται,
724 711 805 764 ὅτι
835 710 1045 778 ἀφῆκεν
1074 705 1242 775 αὐτὴν
1271 702 1418 772 παρὰ
1435 699 1513 770 τῷ
1540 698 1772 768 Σωτῆρι.
1809 694 1936 758 Πῶς

348 809 406 862 δὲ
440 805 533 860 καὶ
565 804 666 858 οὐκ
692 801 951 856 ἀπίθανον
984 794 1384 852 καταλιποῦσαν
1427 792 1595 862 αὐτὴν
1627 790 1726 860 τὴν
1757 789 1934 841 δεκτι-

348 897 450 968 κὴν
481 897 579 967 τῆς
609 895 753 964 ζωῆς
801 892 1059 954 διάθεσιν,
1094 889 1190 942 καὶ
1236 887 1336 958 τὴν
1387 886 1595 938 ἔννοιαν
1644 883 1746 952 τῆς
1774 881 1934 934 δυνά-

352 967 500 1059 μεως
549 987 646 1057 τῆς
696 984 848 1055 παρά
894 981 988 1036 τοῦ
1037 981 1308 1051 Σωτῆρος,
1341 977 1435 1031 καὶ
1479 975 1540 1028 τὺ
1572 975 1761 1038 σκεῦος
1807 975 1864 1027 ἐν
1891 967 1935 1041 ᾧ

349 1077 597 1148 ἐληλύθει
628 1076 924 1148 λαμϐάνειν
969 1073 1030 1126 τὸ
1077 1073 1185 1138 ζῶν
1214 1071 1376 1143 ὕδωρ,
1431 1066 1826 1138 ἀπεληλυθέναι
1856 1067 1935 1128 είς

349 1171 441 1222 τὸν
470 1170 674 1240 κόσμον
706 1168 876 1239 χωρὶς
903 1167 1129 1230 τούτων,
1158 1161 1612 1232 εὐαγγελίσασθαι
1644 1162 1710 1231 τῇ
1744 1160 1933 1229 κλήσει

347 1263 447 1334 τὴν
476 1261 710 1332 Χριστοῦ
751 1260 1092 1332 παρουσίαν;
1143 1257 1268 1322 Πῶς
1296 1257 1352 1310 δὲ
1384 1256 1477 1309 καὶ
1520 1256 1554 1326 ὴ
1589 1252 1932 1324 πνευματικὴ

352 1352 491 1424 μετὰ
517 1352 802 1414 τοσούτους
828 1351 1018 1419 λόγους
1044 1351 1105 1403 οὐ
1135 1349 1422 1402 πέπεισται
1454 1345 1638 1414 σαφῶς
1680 1343 1807 1414 περὶ
1836 1341 1931 1395 τοῦ

350 1442 609 1515 Χριστοῦ,
643 1443 780 1497 ἀλλά
802 1460 933 1514 φησι
953 1443 1147 1513 ’(Μήτι
1167 1433 1320 1504 οὗτος
1342 1442 1370 1493 ὀ
1397 1437 1628 1510 Χριστός
1644 1435 1802 1502 ;»Καὶ
1835 1435 1895 1488 τό
1913 1451 1927 1464 ο

358 1556 377 1588 ι
400 1536 654 1607 Ἐξῆλθον
687 1536 744 1590 δὲ
791 1538 855 1589 ἐκ
884 1535 983 1606 τῆς
1012 1534 1240 1598 πόλεως,
1268 1553 1286 1585 ι
1339 1533 1637 1603 διηγήσατο
1685 1529 1805 1582 ἀντὶ
1835 1527 1930 1581 τοῦ

347 1631 414 1684 ἐκ
444 1629 541 1700 τῆς
569 1629 840 1699 προτέρας
865 1625 1044 1679 αὐτῶν
1077 1623 1421 1696 ἀναστροφῆς
1453 1621 1618 1693 ούσης
1639 1620 1928 1691 κοσμικῆς,

356 1741 374 1771 α
401 1719 493 1774 καὶ
537 1719 767 1790 Ιἤρχοντο
798 1717 886 1770 διά
917 1717 1019 1786 τῆς
1066 1715 1321 1778 πίστεως,
1352 1733 1371 1764 ι
1432 1713 1585 1783 φησὶ,
1627 1731 1645 1762 ς
1670 1711 1806 1783 πρὸς
1838 1710 1930 1762 τὸν

2041 502 2113 556 sit
2139 501 2252 554 haec
2275 500 2492 570 hydria,
2521 513 2642 568 quae
2669 497 2892 552 omnino
2915 492 3278 560 relinquitur:
3308 507 3329 542 ι
3358 491 3572 545 Dimisit
3593 511 3612 544 ι

2042 590 2210 653 enim,
2237 588 2432 658 inquit,
2467 606 2486 640 ι
2522 587 2767 659 hydriam
2799 599 2951 640 suam
2979 582 3172 637 mulier
3187 580 3267 645 ”;
3291 597 3311 632 ι
3345 595 3448 634 non
3473 581 3618 634 enim

2043 681 2265 735 additur
2299 679 2442 749 quod
2477 679 2751 733 dimiserit
2787 690 2908 730 eam
2939 673 3080 742 apud
3107 670 3475 726 Servatorem.
3509 669 3621 725 Sed

2039 771 2312 840 quomodo
2335 786 2440 830 npn
2473 769 2768 824 absurdum
2799 769 2905 820 erit
2935 777 3078 824 eam,
3110 776 3231 831 quae
3263 760 3620 828 deseruisset,

2041 863 2455 932 dispositionem
2481 871 2536 915 et
2559 861 2833 916 notionem
2867 855 3231 925 susceptivam
3266 854 3390 908 vitae
3428 862 3485 908 et
3516 869 3618 924 po-

2042 955 2250 1016 tentiae,
2277 970 2305 1006 a
2331 951 2628 1007 Servalore
2660 960 2995 1013 manantem,
3027 957 3081 1002 et
3105 959 3204 1000 vas
3231 946 3282 1015 in
3311 960 3422 1014 quo
3448 959 3618 1000 vene-

2041 1058 2129 1103 rat
2169 1056 2228 1100 ut
2264 1046 2540 1114 acciperet
2569 1057 2765 1114 aquam
2796 1042 2998 1103 vivam,
3027 1038 3228 1093 abiisse
3269 1037 3323 1091 in
3357 1037 3620 1091 mundum

2040 1143 2159 1198 sine
2195 1140 2302 1205 his,
2337 1150 2396 1192 ttt
2443 1137 2853 1204 evangelizaret
2901 1147 3034 1188 voce
3077 1130 3285 1186 Christi
3327 1130 3621 1184 adventum

2039 1246 2094 1288 et
2126 1231 2471 1303 praesentiam
2491 1229 2514 1283 ?
2534 1227 2817 1295 Quomodo
2845 1226 3010 1280 etiam
3039 1224 3152 1277 haec
3179 1220 3475 1289 spiritualis
3501 1229 3623 1287 post

2041 1332 2120 1376 tot
2146 1334 2428 1376 sermones
2455 1332 2713 1388 persuasa
2745 1317 2893 1372 clare
2922 1329 3028 1368 non
3059 1323 3142 1367 est
3167 1313 3232 1366 de
3259 1310 3501 1368 Christo.
3525 1311 3619 1365 sed

2040 1414 2217 1484 inquit
2250 1431 2264 1468 :
2307 1431 2326 1464 ι
2357 1415 2439 1467 An
2468 1411 2557 1466 hic
2587 1418 2670 1465 est
2693 1409 2784 1464 ille
2801 1408 3053 1462 Christus
3072 1406 3086 1435 ¹
3111 1404 3136 1458 ’ί
3164 1424 3181 1456 ι
3208 1403 3347 1470 Quin
3371 1411 3426 1458 et
3451 1400 3615 1457 illud:

2044 1523 2064 1558 ι
2101 1505 2365 1560 Exierunt
2399 1512 2578 1557 autem
2605 1515 2636 1556 e
2667 1501 2892 1555 civitate
2915 1500 2961 1563 ³,
2987 1516 3006 1549 ι
3041 1496 3290 1567 exposuit
3321 1509 3419 1564 pro
3445 1493 3624 1563 prima

2037 1612 2224 1652 eorum
2256 1594 2636 1658 conversione,
2665 1606 2786 1661 quae
2817 1589 3084 1644 mundana
3125 1595 3272 1651 erat,
3308 1602 3328 1636 ι
3363 1593 3419 1638 et
3455 1596 3627 1636 vene-

2038 1700 2166 1747 runt
2220 1704 2317 1760 per
2362 1688 2545 1753 fidem,
2598 1683 2797 1752 inquit,
2856 1684 2925 1737 ad
2974 1679 3405 1740 Servatoremp
3443 1674 3538 1730 sed
3571 1675 3621 1728 ei

345 1765 675 1874 ¹ΣωτῆράΓσΛ»
723 1801 939 1855 λεκτέον
975 1765 1044 1853 ἰδὲ
1091 1799 1227 1871 πρὸς
1258 1765 1590 1865 οῖύτὸν,Ι
1627 1765 1933 1868 μένει”παρ’

2045 1781 2476 1854 respondendum
2506 1786 2589 1833 est
2614 1793 2628 1828 :
2661 1765 2945 1841 Quomodo
2969 1777 3155 1824 manet
3183 1768 3321 1821 duos
3344 1765 3460 1820 dies
3483 1765 3624 1832 apud

347 1897 535 1988 Διιιύτοΐς
561 1895 659 1957 τάς
690 1893 782 1946 δύο
810 1892 1051 1964 ἡμέρας
1077 1892 1137 1944 οὐ
1171 1893 1277 1962 γὰρ
1295 1890 1594 1961 τετήρηκεν
1626 1888 1655 1941 ὃ
1687 1905 1937 1960 προπαρ-

351 1985 583 2056 εθέμεθα
633 1987 794 2056 ἡμεῖς
823 1984 951 2054 περὶ
982 1982 1076 2035 τοῦ
1125 1984 1183 2034 ἐν
1210 1983 1276 2052 τῇ
1306 1981 1460 2033 πόλει
1524 1979 1687 2033 αὑτὸν
1736 1979 1938 2047 ἀναγε-

351 2077 593 2149 γράφθαι
626 2077 736 2148 (24)
769 2075 1136 2147 μεμενηκέναι
1164 2073 1262 2136 τάς
1299 2072 1392 2126 δύο
1423 2072 1654 2143 ἡμέρας.

424 2169 512 2223 51.
538 2182 558 2217 ι
595 2167 683 2220 Ἐν
712 2164 789 2236 τῷ
819 2164 1020 2235 μεταξὺ
1051 2162 1276 2235 ἠρώτων
1302 2162 1462 2216 αὑτὸν
1486 2163 1534 2215 οἱ
1572 2159 1832 2233 μαθηταὶ,
1862 2159 1942 2212 λέ-

351 2251 576 2330 γοντες²
619 2257 826 2321 Ῥαϐϐὶ,
847 2256 1007 2326 φάγε.
1035 2275 1053 2308 ι
1079 2254 1232 2308 Μετά
1258 2254 1358 2326 τὴν
1376 2253 1501 2324 περὶ
1527 2253 1586 2305 τὸ
1610 2252 1771 2305 ποτὸν
1798 2252 1943 2304 οἰκο-

352 2351 544 2419 νομίαν
596 2350 690 2403 καὶ
738 2347 836 2419 τὴν
882 2345 1231 2400 διδασκαλίαν
1256 2346 1355 2416 τῆς
1385 2345 1648 2415 διαφορᾶς
1675 2343 1784 2397 τῶν
1815 2343 1942 2397 ὑδά-

351 2462 460 2499 των
492 2440 782 2497 ἀκὸλουθον
830 2435 899 2510 ἦν
951 2440 1047 2493 καὶ
1081 2438 1150 2508 τὰ
1203 2439 1332 2510 περὶ
1379 2437 1586 2509 τροφῆς
1637 2435 1942 2507 ἀναγεγρά-

352 2538 504 2606 φθαι.
549 2535 614 2587 Ἦ
638 2532 735 2604 μὲν
759 2527 850 2586 οὖν
879 2532 1209 2604 Σαμαρεῖτις
1229 2529 1522 2601 αἰτουμένη
1550 2530 1694 2581 πιεῖν
1724 2526 1810 2581 διά
1831 2526 1941 2580 τῶν

353 2630 751 2701 ἐπαπορήσεων
781 2628 894 2702 (‘25)
924 2626 1114 2696 αὐτῆς,
1170 2623 1332 2677 οἱονεὶ
1361 2622 1418 2675 δὲ
1447 2621 1533 2674 διά
1574 2621 1667 2674 τὸν
1690 2622 1942 2693 αἰτήσαν-

351 2741 422 2778 τα
476 2722 619 2794 (οὔτε
642 2721 752 2795 γάρ
792 2717 906 2790 εἶχε
936 2717 1119 2771 δοῦναι
1143 2714 1219 2785 τῷ
1264 2713 1438 2785 Ἰησοῦ
1470 2710 1618 2778 ἄξιον
1649 2710 1811 2765 αὐτοῦ
1841 2712 1941 2764 πό-

357 2816 476 2886 μα),
511 2817 559 2868 εἰ
611 2815 860 2876 κάκεῖνος
905 2814 964 2865 ἐν
1007 2808 1087 2879 τῷ
1140 2806 1356 2878 ἐκείνην
1397 2804 1710 2876 αίτηθεῖσαν
1755 2803 1941 2875 ὀρέξαι

353 2907 604 2961 ἐϐούλετο
630 2905 987 2979 εὐεργετῆσαι
1010 2901 1098 2954 διὰ
1117 2899 1306 2953 τούτου
1327 2897 1422 2952 τοῦ
1450 2900 1596 2951 πιεῖν
1622 2897 1937 2950 δεδωκυῖαν.

358 2999 638 3070 Ἔπρεπεν
688 2997 787 3068 ῆδη
822 3037 837 3052 .
861 3037 876 3052 .
897 3033 912 3050 .
935 3035 949 3048 .
973 3035 986 3048 .
1023 2993 1134 3048 ἀπὸ
1162 2993 1265 3063 τῆς
1313 2988 1725 3062 Σαμαρείτιδος.
1777 2990 1839 3042 Οί
1883 2987 1942 3040 δὲ

2041 1875 2272 1946 ipsos'?
2309 1888 2414 1928 non
2465 1871 2614 1925 enim
2651 1865 2984 1930 observavit,
3016 1861 3160 1932 quod
3195 1874 3292 1913 uos
3329 1856 3624 1926 proposui-

2039 1945 2184 2029 mus,
2217 1962 2481 2032 scriptum
2514 1957 2726 2014 scilicet
2755 1970 2862 2010 non
2892 1967 3034 2018 esse,
3068 1965 3192 2006 eum
3239 1949 3372 2002 duos
3412 1945 3530 2001 dies
3562 1945 3617 2000 in

2039 2057 2260 2114 civitate
2286 2054 2574 2110 mansisse.

2112 2175 2203 2229 51.
2253 2168 2523 2226 «Interim
2556 2167 2820 2237 rogabant
2853 2179 2976 2219 eum
3022 2159 3295 2228 discipuli,
3338 2144 3617 2213 dicentes:

2043 2266 2241 2330 Rabbi,
2288 2264 2516 2319 comede
2545 2262 2618 2317 ⁸.»
2657 2259 2786 2314 Post
2811 2256 3169 2313 (Bcouomiam
3195 2263 3373 2323 potus,
3408 2260 3464 2306 et
3505 2257 3626 2320 post

2043 2359 2349 2415 doctrinam
2395 2355 2730 2411 diversitatis
2775 2365 3063 2417 aquarum,
3109 2359 3453 2413 consequens
3497 2352 3622 2396 erat

2044 2450 2275 2507 inscribi
2311 2463 2430 2519 qua:
2459 2448 2526 2501 ad
2570 2446 2753 2500 cibum
2802 2438 3167 2511 pertinebant.
3205 2435 3498 2491 Samaritis
3525 2434 3627 2487 ita-

2041 2557 2148 2611 que
2182 2556 2304 2595 eum
2357 2547 2651 2607 rogaretur
2697 2544 2909 2604 potum,
2957 2529 3196 2594 dubitat,
3249 2538 3471 2597 propter
3501 2541 3624 2579 eum

2044 2632 2138 2701 qui
2170 2633 2412 2699 petierat
2435 2629 2636 2701 (neque
2662 2628 2805 2682 enim
2833 2633 3048 2694 poterat
3073 2621 3206 2676 dare
3229 2618 3361 2674 Jesu
3402 2618 3624 2688 dignum

2046 2724 2140 2778 illo
2169 2723 2405 2794 potum),
2435 2736 2562 2774 num
2592 2733 2654 2774 se
2681 2719 2893 2788 jussam
2914 2728 3114 2780 aquam
3145 2711 3444 2782 porrigere,
3469 2708 3631 2763 vellet

2043 2815 2201 2871 Jesus
2252 2812 2521 2869 beneficio
2565 2810 2786 2864 afﬁcere
2825 2823 2922 2876 per
2953 2809 3095 2860 hunc
3120 2815 3329 2875 potum.
3387 2802 3628 2857 Decebat

2043 2907 2329 2978 igitur.....
2363 2918 2391 2957 a
2419 2899 2765 2956 Samaritide.
2813 2898 2986 2951 Porro
3010 2891 3285 2960 discipuli,
3311 2893 3401 2959 qui
3428 2889 3626 2943 civita—

2046 3007 2152 3052 tem
2179 2995 2431 3049 adierant
2459 3001 2519 3046 ut
2545 2992 2698 3048 cibos
2729 2997 2977 3045 emerent
3001 2987 3045 3051 ",
3075 2999 3197 3040 cum
3228 2998 3322 3037 eus
3351 2979 3494 3050 apud
3526 2980 3630 3032 ho-

359 3090 596 3163 μαθηταὶ
623 3131 638 3144 .
662 3133 677 3147 .
699 3127 714 3143 .
733 3129 746 3143 .
765 3127 780 3141 .
813 3085 1230 3159 ἀπεληλυθότων
1253 3084 1334 3147 είς
1361 3081 1458 3154 τὴν
1489 3079 1664 3144 πόλιν,
1699 3078 1789 3133 ἵνα
1815 3095 1940 3149 τρο-

2047 3090 2225 3145 mines
2256 3087 2487 3142 diversae
2533 3095 2695 3140 scene
2749 3097 2818 3138 ex
2864 3080 3031 3134 animi
3085 3075 3356 3132 sententia
3390 3071 3631 3128 invenis-

355 3185 462 3255 φάς
494 3183 859 3256 ἀγοράσωσιν,
894 3181 1013 3252 ἦτοι
1042 3176 1335 3248 εὑρηκότες
1367 3172 1705 3243 ἐπιτηδείους
1731 3171 1940 3243 τροφὰς

355 3277 507 3348 ποιρά
529 3279 641 3340 τοῖς
664 3272 990 3346 ἐτεροδόξοις
1011 3270 1203 3338 λόγους
1224 3266 1374 3330 τινάς
1393 3264 1752 3336 ἁρμόζοντας,
1780 3302 1795 3318 .
1816 3302 1832 3317 .
1854 3304 1869 3317 .
1887 3303 1900 3316 .
1923 3305 1938 3320 .

357 3369 540 3440 αὐτῷ’
579 3388 598 3420 ι
630 3367 799 3435 Φάγε,
829 3385 848 3417 ι
895 3360 1086 3434 καιρὸν
1122 3359 1442 3431 νομίσαντες
1473 3356 1776 3427 ἐπιτήδειον
1805 3349 1942 3406 εῖναι

357 3461 506 3532 αὐτῷ
548 3461 754 3532 τροφῆς
785 3455 876 3511 τὸν
933 3453 1134 3526 μεταξὺ
1166 3453 1260 3506 τὸῦ
1309 3447 1702 3520 ἀπεληλυθέναι
1732 3448 1813 3509 είς
1844 3444 1942 3515 τὴν

359 3556 513 3611 πόλιν
561 3557 659 3627 τὴν
710 3551 962 3622 γυναῖκα,
1015 3549 1109 3602 καὶ
1140 3545 1234 3600 τοῦ
1266 3543 1580 3615 ἐληλυθέναι
1621 3540 1756 3612 πρὸς
1783 3538 1943 3592 αὐτὸν

357 3652 485 3713 τοὺς
513 3645 888 3719 Σαμαρείτας·
925 3645 1011 3697 ἐπ’
1056 3638 1269 3702 οὐδενὸς
1299 3637 1407 3708 γὰρ
1453 3634 1605 3700 ξένου
1657 3631 1944 3703 παρετίθε-

361 3758 462 3794 σαν
509 3738 656 3808 αύτῷ
684 3737 782 3807 τὴν
825 3735 1067 3806 τροφήν·
1123 3733 1252 3793 ἴσως
1307 3725 1796 3798 ἐπιθορυϐηθείσης
1831 3721 1941 3792 (26)

364 3836 428 3888 ἂν
457 3833 555 3904 τῆς
602 3827 991 3902 Σαμαρείτιδος
1041 3827 1088 3879 εἰ
1117 3823 1264 3896 ἐώρα
1312 3822 1438 3884 τοὺς
1469 3817 1716 3891 μαθητὰς
1741 3815 1808 3870 τὰ
1837 3815 1944 3868 ἀπὸ

357 3925 462 3995 τῆς
493 3923 700 3985 πόλεως
728 3921 896 3991 αὐτῆς
925 3917 1188 3990 τρόφιμα,
1216 3916 1334 3985 ῆτοι
1367 3913 1516 3974 ὅντα,
1550 3909 1583 3981 ἢ
1616 3907 1944 3980 νομιζόμενα

359 4014 719 4088 παρατιθέναι
766 4010 1123 4083 βουλομένους
1169 4007 1247 4078 τῷ
1291 4002 1594 4073 διδασκάλῳ
1617 4018 1630 4031 ·
1679 3999 1792 4053 ἀλλ’
1825 3997 1944 4051 οὐδὲ

362 4107 590 4161 ἐνώπιον
619 4105 728 4158 τῶν
759 4101 1112 4175 Σαμαρειτῶν
1154 4099 1380 4160 δεόντως
1406 4095 1472 4149 ἂν
1499 4096 1694 4147 ἐκεῖνοι
1727 4090 1939 4158 ἔλεγονο

367 4219 386 4251 t
411 4197 621 4259 Ῥαϐϐὶ,
654 4195 816 4266 φάγε,
846 4212 864 4244 ι
895 4190 1206 4264 χρῃζόντων
1231 4185 1580 4242 καταλείπειν
1617 4181 1824 4236 ἑαυτῶν
1846 4180 1945 4251 τὴν

361 4292 516 4346 πόλιν
536 4307 550 4320 ο
586 4288 674 4343 διὰ
700 4287 858 4341 τοῦτο
881 4283 1063 4346 καλῶς
1095 4281 1416 4353 πρόσκειται
1440 4277 1500 4329 τό
1521 4292 1535 4306 ’
1574 4293 1593 4325 ί
1617 4275 1704 4326 Ἐν
1735 4271 1812 4342 τῷ
1846 4288 1944 4342 με-

361 4385 495 4450 ταξὺ
529 4380 757 4454 ἠρώτων
810 4377 970 4431 αὐτὸν
1025 4377 1074 4427 οἱ
1120 4372 1361 4445 μαθηταὶ
1400 4369 1686 4438 λέγοντες·
1733 4363 1942 4428 Ῥαϐϐὶ,

362 4475 526 4545 φάγε.
554 4453 574 4526 .
605 4471 702 4525 Διά
732 4469 783 4523 τί
807 4468 865 4523 δὲ
898 4487 916 4518 ε
939 4465 1110 4518 Αὐτὸν
1141 4461 1389 4534 ἠρώτων,
1418 4478 1437 4510 ι
1486 4457 1581 4512 και
1613 4455 1753 4526 οὐχὶ,
1785 4453 1942 4507 Ἔλε-
1976 4491 2025 4550 D

361 4585 457 4637 γον
488 4565 656 4636 αὐτῷ,
691 4563 841 4630 ἄξιον
874 4562 1000 4614 ἰδεῖν
1019 4577 1032 4592 ·
1064 4557 1428 4626 ἁπλούστερον
1456 4554 1565 4624 γὰρ
1605 4551 1943 4619 ἐγέγραπτο·

368 4680 387 4712 ε
413 4662 498 4714 Ἐν
524 4657 678 4730 δέτῷ
704 4655 905 4729 μεταξὺ
943 4673 961 4706 ι
993 4652 1178 4720 ἔλεγον
1202 4648 1351 4719 αὐτῷ
1377 4666 1396 4699 ι
1420 4647 1469 4699 οἱ
1496 4643 1731 4716 μαθηταί
1747 4659 1760 4672 ⁸
1802 4641 1954 4694 Ῥαϐ-

362 4753 439 4816 ϐὶ,
471 4751 632 4822 φάγε.
665 4769 683 4800 ι
728 4749 802 4802 Τὸ
826 4748 884 4801 δὲ
916 4745 1009 4798 καὶ
1044 4743 1254 4814 ἐρωτᾷν
1297 4740 1384 4794 ἵνα
1415 4737 1585 4808 φάγῃ,
1625 4734 1720 4790 καὶ
1744 4731 1951 4786 ἱκετεύ-

363 4862 444 4898 ειν
475 4843 658 4908 αὑτὸν,
689 4842 784 4894 καὶ
813 4838 1042 4903 δεῖσθαι,
1086 4835 1226 4904 τάχα
1249 4850 1303 4885 τι
1335 4830 1486 4903 δηλοῖ
1513 4827 1617 4900 πρὸ
1642 4826 1744 4896 τῆς
1771 4823 1956 4888 ἐξετά-

367 4956 526 5002 σεως,
554 4937 724 4990 ἐνίοτε
750 4935 805 4988 δὲ
833 4933 928 4986 καὶ
977 4929 1113 5002 μετὰ
1147 4926 1245 4998 τὴν
1273 4923 1538 4988 ἐξέτασιν.
1586 4917 1696 4972 Καὶ
1720 4917 1822 4987 ὅρα
1851 4915 1954 4985 μή·

365 5046 497 5106 ποτε
521 5026 877 5082 εὐλαϐοῦνται
904 5023 979 5096 μὴ
1009 5063 1022 5076 .
1041 5062 1054 5074 .
1077 5060 1091 5076 .
1112 5058 1162 5078 ..
1191 5019 1221 5071 ὁ
1242 5017 1399 5085 λόγος
1567 5013 1688 5073 ταῖς
1727 5006 1954 5069 οἰκείαις

2043 3193 2190 3247 sent,
2231 3196 2431 3252 nempe
2463 3191 2744 3235 sermones
2781 3174 3043 3245 quosdam
3093 3169 3501 3228 convenientes,
3532 3165 3628 3218 di-

2043 3285 2174 3330 cunt
2199 3272 2361 3345 242
2396 3271 2470 3326 illi
2497 3287 2512 3324 :
2548 3287 2567 3322 ι
2592 3266 2829 3323 Comede
2849 3265 2892 3328 °,
2919 3281 2938 3316 ι
2973 3271 3185 3329 tempus
3210 3257 3340 3313 illud
3373 3256 3631 3311 idoneum

2045 3369 2172 3432 rati,
2209 3376 2268 3420 ttt
2299 3365 2457 3421 Jesus
2487 3363 2821 3423 comederet,
2870 3359 2924 3411 in
2956 3369 3064 3423 quo
3107 3352 3306 3406 mulier
3347 3348 3628 3403 civitatem

2046 3459 2301 3530 petierat,
2327 3454 2651 3521 venturique
2681 3457 2841 3506 erant
2877 3446 2946 3501 ad
2972 3459 3095 3499 eum
3120 3440 3479 3503 Samaritani,
3501 3454 3625 3493 euut

2045 3551 2245 3621 alioqui
2273 3550 2456 3604 cibum
2491 3559 2676 3601 coram
2724 3541 2834 3596 ullo
2865 3537 3085 3606 lteSpite
3114 3534 3187 3588 illi
3217 3549 3319 3587 non
3345 3531 3630 3600 apposuis-

2045 3652 2194 3700 senl.
2235 3641 2312 3694 Ae
2341 3636 2596 3692 fortassis
2630 3633 2873 3687 futurum
2910 3636 3046 3692 erat,
3073 3624 3150 3679 uti
3181 3621 3474 3677 Samaritis
3495 3633 3630 3673 eon—

2046 3734 2382 3793 turbaretur,
2407 3728 2452 3782 si
2482 3726 2709 3780 vidisset
2738 3717 3036 3787 discipulos
3060 3713 3324 3784 magistro
3355 3722 3632 3781 apponere

2046 3823 2294 3878 volentes
2321 3819 2550 3881 cibaria,
2579 3831 2700 3885 qua}
2728 3812 2813 3867 vel
2849 3813 2902 3865 in
2935 3807 3179 3864 Samaria
3223 3804 3510 3863 emissent,
3539 3799 3624 3853 vel

2047 3913 2248 3970 emisse
2287 3908 2587 3964 verisimile
2620 3915 2806 3971 esset;
2846 3917 3022 3972 neque
3063 3897 3260 3953 merito
3313 3909 3495 3950 coram
3529 3883 3634 3946 Sa-

2047 4001 2337 4060 maritanis
2391 3997 2701 4053 volentibus
2751 4009 2904 4050 suam
2958 3993 3203 4060 ipsorum
3250 3984 3633 4052 derelinquere

2051 4094 2330 4150 civitatem
2367 4090 2667 4144 dixissent:
2716 4103 2737 4138 ι
2768 4083 2966 4148 Rabbi,
3004 4079 3259 4143 comede;
3289 4095 3308 4129 ι
3349 4075 3469 4130 ideo
3495 4075 3633 4130 bene

2047 4185 2292 4241 additum
2321 4193 2405 4238 est
2433 4198 2446 4235 :
2489 4198 2509 4232 ι
2545 4177 2768 4234 Interim
2797 4175 3063 4245 rogabant
3088 4185 3208 4226 eum
3238 4165 3517 4237 discipuli,
3549 4165 3635 4220 di-

2046 4289 2235 4336 centes
2281 4295 2296 4332 :
2343 4273 2885 4341 ltabbi,manduca.t
2931 4269 3038 4324 Sed
3090 4279 3252 4336 quam
3292 4263 3363 4318 ob
3410 4275 3631 4316 causam

2049 4373 2314 4442 scriptum
2348 4367 2440 4434 sit,
2472 4385 2490 4418 ι
2521 4365 2789 4435 rogabant
2819 4362 3019 4432 ipsum,
3050 4377 3069 4410 ι
3100 4367 3156 4410 et
3194 4370 3323 4417 non,
3371 4351 3634 4406 Dicebant

2054 4465 2156 4530 illi,
2185 4463 2403 4532 dignum
2431 4468 2515 4512 est
2549 4469 2816 4517 cernere;
2855 4449 3158 4520 simplicius
3189 4446 3332 4501 enim
3366 4443 3633 4509 scriptum

2054 4558 2267 4612 fuisset.
2304 4570 2322 4604 ι
2353 4534 2574 4606 Interim
2609 4568 2628 4602 ι
2666 4547 2918 4602 dicebant
2943 4543 2992 4597 ei
3041 4559 3061 4593 ‹
3110 4537 3399 4608 discipuli:
3433 4533 3630 4594 Rahbi,

2055 4645 2336 4705 comede.»
2360 4643 2597 4698 Proinde
2635 4652 2829 4708 rogare
2858 4645 2917 4690 ut
2951 4632 3222 4694 comedat,
3247 4637 3302 4683 et
3322 4625 3636 4704 supplicare

2055 4755 2203 4806 eum,
2239 4745 2293 4792 et
2321 4733 2557 4804 precari,
2593 4728 2843 4784 fortassis
2875 4724 3080 4794 aliquid
3115 4720 3289 4776 innuit
3320 4729 3444 4771 ante
3497 4700 3633 4782 sup-

2055 4829 2442 4901 plicationem,
2483 4831 2648 4894 atque
2676 4821 2839 4876 etiam
2877 4814 3150 4871 interdum
3192 4819 3313 4879 post
3353 4806 3636 4876 supplica-

2060 4922 2285 4975 tionem.
2329 4916 2462 4970 Vide
2491 4927 2644 4976 vero,
2683 4926 2751 4965 ne
2781 4909 2922 4964 forte
2948 4913 3239 4960 vereantur
3266 4897 3539 4969 discipuli,
3569 4913 3638 4964 ne

2063 5011 2259 5068 Sermo
2295 5008 2390 5064 Dei
2417 5003 2586 5062 Filius
2610 5002 2848 5076 propriis
2875 4999 3038 5053 alitus
3063 4996 3135 5053 sit
3172 4995 3257 5049 vel
3305 4991 3636 5047 fortificalus

471 5189 518 5223 ”
542 5187 699 5244 Joan.
732 5203 807 5255 tv,
838 5186 930 5242 28.
1008 5183 1026 5215 ⁸
1058 5173 1190 5237 ibid.
1213 5177 1304 5234 29.
1378 5178 1400 5208 ³
1424 5170 1556 5228 ibid.
1587 5169 1678 5226 50.
1755 5169 1776 5200 ³
1800 5165 1943 5248 ibid.

2045 5179 2068 5223 ’.
2127 5166 2168 5199 ’⁸
2199 5164 2331 5220 ibid.
2364 5163 2458 5218 51.
2533 5160 2555 5192 ⁸
2587 5158 2717 5215 ibid.
2751 5155 2806 5211 8.
2883 5155 2904 5186 ⁸
2927 5151 3060 5209 ibid.
3091 5149 3184 5204 5|.

443 5346 639 5417 (illiti
691 5340 937 5417 margine
959 5335 1173 5417 codicis
1197 5327 1480 5417 Dodleiaui
1535 5333 1758 5381 notatur
1809 5319 1952 5376 forte

369 5400 656 5486 leg‘eudum
691 5400 918 5486 essevptfi]
947 5400 1384 5486 ἀναγεγράφθαιΪ

443 5459 1090 5558 ξξδῖῗὲπξιῖτορἦολεωνξ,
1113 5459 1204 5530 Sic
1221 5459 1442 5558 I'codexl
1468 5463 1797 5558 Bodleianu:
1808 5473 1822 5522 ;
1845 5459 1954 5512 Re-

373 5531 515 5629 gitis,
540 5531 1187 5629 ἀπθρήσεῶιί-Οιιορίειιι
1221 5543 1404 5624 luxata
1429 5539 1544 5629 ltaae
1571 5542 1727 5615 sunt,
1758 5531 1957 5584 Ferra-

372 5603 1411 5693 Fia-tiiewint—erpretatiowni_Perionianam
1449 5603 1956 5693 udjungimuskquo

375 5675 826 5750 geitgﬁnf'ieémr
874 5688 1088 5743 facilius
1130 5675 1567 5752 expiscetur‘a't
1599 5675 1954 5752 .Samaritaua

376 5742 595 5834 ῖιῖἐίἆὲὖὶ
628 5742 836 5832 τυξιιιᾶ,
876 5742 938 5817 ut
969 5767 1154 5824 potum
1181 5742 1359 5816 daret,
1383 5742 1815 5803 dubitatiouibus
1843 5742 1958 5795 suis

2050 5328 2106 5375 et
2138 5313 2688 5386 interrogationibus,
2717 5307 2872 5386 quasi
2903 5313 3126 5386 propter
3157 5315 3282 5386 eum
3328 5296 3442 5386 ψιίΔ
3477 5302 3633 5386 pete-

2051 5372 2191 5456 bat,
2218 5372 2396 5458 neque
2420 5387 2564 5458 enim
2589 5372 2714 5437 Jesu
2737 5372 2873 5433 dare
2907 5372 3122 5444 poterat
3147 5372 3370 5437 dignam
3416 5379 3481 5458 eo
3527 5378 3629 5433 po-

2053 5445 2253 5514 tionem
2277 5445 2416 5523 ;'etsi
2442 5455 2534 5509 ille
2556 5468 2679 5523 cum
2710 5465 2774 5504 ea
2801 5463 2923 5518 quae
2949 5453 3230 5513 rogaretur
3252 5445 3499 5505 cuperet,
3535 5449 3636 5488 vo-

2051 5528 2195 5584 lebat
2222 5521 2366 5582 illam
2401 5526 2556 5580 bonis
2584 5521 2816 5575 allicere.
2859 5536 2877 5568 ι

2125 5573 2859 5668 ἇίίΓῗΞε-ιῦορῦὀίηῦείσῃς.
2914 5586 2990 5668 lla
3020 5582 3213 5668 'codex
3270 5573 3631 5639 Bodleianns;

2053 5653 2260 5739 Re‘giu's
2291 5677 2348 5724 el.
2377 5653 2731 5726 Barberiuus,
2764 5653 3156 5729 ἐπιτριϐείσης.
3211 5696 3228 5713 ε
