4170 6454
506 289 612 344 ,4.ἴὲΐί

1994 281 2316 339 οιιιιῑεκιε

3681 271 3785 325 lilii

512 405 674 465 cibis,
705 411 761 458 et
789 403 911 458 ideo
959 412 1121 458 orent
1149 417 1289 457 eum
1314 401 1600 456 comedere
1635 400 1888 454 inventos
1916 399 2089 451 cibos.

2202 435 2212 445 .
2238 433 2252 447 .
2273 432 2286 444 .
2309 429 2324 444 .
2352 431 2365 445 .
2410 391 2444 462 ἢ
2477 387 2986 461 ίσχυροποιούμενος
3026 385 3272 457 τροφαῖς,
3315 382 3593 448 ἐριιντὼσιν
3621 382 3784 436 αὐτὸν

513 494 609 548 His
639 495 783 548 enim
823 510 943 563 quae
974 494 1260 548 inveniunt
1300 493 1586 562 discipuli,
1623 507 1839 561 semper
1886 491 2095 544 nutrire

513 585 688 653 Λόγον
728 585 934 648 volunt,
965 595 1026 639 ut
1059 583 1406 646 fortiﬁcatus,
1448 595 1504 637 et
1537 582 1769 648 validus,
1823 591 1878 635 et
1910 595 2096 634 corro-

515 675 762 741 boratus,
789 678 995 733 diutius
1027 678 1269 733 assideat
1297 678 1473 746 ipsum
1504 677 1904 740 nutrientibus;
1934 675 2096 728 vicis-

501 769 618 836 sim
644 769 894 825 nutriens
919 779 1258 840 apponentes
1287 770 1361 824 illi
1398 770 1573 824 cibos.
1599 769 1748 822 "anc
1779 769 1850 822 ob
1872 781 2093 821 causam

511 859 666 928 jubet
688 869 835 914 stare
867 861 934 913 ad
960 860 1184 926 ostium,
1221 871 1275 914 et
1304 862 1547 930 pulsare,
1579 870 1637 913 ut
1661 859 1707 912 si
1747 861 1868 926 quis
1894 858 2093 911 ostium

513 953 815 1018 aperuerit,
855 952 1198 1022 ingrediatur
1228 954 1293 1006 ad
1326 968 1472 1016 eum,
1503 963 1558 1005 et
1586 960 1771 1005 cmnet
1822 966 1943 1002 cum
1980 949 2095 1008 illo.

515 1050 575 1092 ut
605 1053 790 1107 postea
819 1042 1138 1097 convivator
1160 1042 1332 1110 possit
1356 1041 1599 1094 vicissim
1631 1040 1880 1095 convivio
1917 1039 2096 1108 excipi

517 1149 548 1186 a
579 1133 738 1204 Λόγῳ
767 1133 859 1202 qui
886 1133 1026 1202 apud
1057 1131 1206 1186 illum
1235 1133 1534 1186 coenaverit
1557 1133 1600 1184 '.

587 1394 674 1449 52.
705 1394 848 1449 Sane
883 1393 1184 1449 Heracleon
1204 1393 1381 1463 inquit
1401 1392 1695 1462 discipulos
1718 1391 1954 1447 voluisse
1975 1405 2095 1444 cum

514 1485 642 1542 Jesu
671 1485 1076 1540 communicare
1105 1500 1224 1554 quae
1268 1486 1560 1549 emissent,
1597 1494 1759 1552 atque
1788 1499 1818 1536 a
1849 1483 2095 1538 Samaria

518 1580 844 1634 attulissent.
873 1577 894 1649 [
920 1578 1031 1648 (27)
1061 1577 1185 1632 llaec
1230 1587 1411 1630 autem
1448 1585 1859 1642 commemorat,
1894 1585 1955 1630 ut
1997 1576 2099 1630 ali-

516 1687 740 1740 qua.....
773 1671 1012 1738 quinque
1035 1669 1196 1724 fatuae
1213 1669 1568 1739 virgines"...
1595 1685 1624 1724 a
1653 1669 1864 1740 Spouso
1886 1668 1928 1720 ⁸.
1961 1668 2101 1734 Quo-

2199 482 2621 552 εύρισκομένους
2661 480 2904 534 ἐδεσθαι·
2941 473 3022 541 οἷς
3053 477 3162 547 γὰρ
3197 475 3542 546 εὑρίσκουσιν
3583 475 3631 526 οἱ
3683 492 3786 544 μα-

2196 576 2358 645 θηταὶ
2386 575 2474 627 ἀεὶ
2501 571 2860 645 τρέφεινοτὸν
2887 569 3058 638 Λόγον
3090 567 3392 638 βούλονται,
3427 567 3515 619 ἵνα
3568 567 3786 636 ἰσχυρο-

2199 665 2538 737 ποιούμενος,
2592 665 2687 718 καὶ
2714 662 3056 732 τονούμενος,
3092 660 3188 714 καὶ⁵
3229 658 3629 730 δυναμούμενος
3661 660 3785 710 ἐπι-

2197 759 2380 810 πλεῖον
2409 756 2725 828 παραμείνῃ
2775 760 2888 818 τοῖς
2917 756 3078 810 αὑτὸν
3106 756 3419 826 τρέφουσιν,
3448 751 3786 822 ἀντιτρέφων

2195 849 2322 912 τοὺς
2371 846 2772 918 παρατιθέντας
2821 845 2969 916 αύτῷ
3023 845 3091 899 τά
3151 843 3435 916 βρώματα.
3495 843 3594 896 Διά
3627 841 3786 894 τοῦτο

2197 938 2486 1009 ἐστηκέναι
2519 938 2682 1008 φησὶν
2711 939 2803 990 ἐπὶ
2831 939 2930 1010 τὴν
2956 937 3144 1007 θύραν,
3184 936 3276 989 καὶ
3308 936 3544 1007 κρούειν,
3574 936 3660 996 ἵν’,
3691 935 3785 988 ἐάν

2197 1049 2279 1094 τις
2311 1030 2496 1103 ἀνοίξῃ
2524 1030 2626 1100 τὴν
2677 1029 2866 1101 θύραν,
2898 1029 3117 1101 εἰσέλθῃ
3163 1029 3299 1099 πρὸς
3333 1029 3514 1090 αὑτὸν,
3550 1028 3643 1081 καὶ
3679 1027 3785 1080 65t-

2198 1120 2377 1190 πνήσῃ
2406 1119 2524 1188 μετ’
2555 1117 2784 1181 ἐκείνου,
2820 1117 2960 1172 ὥστε
2997 1117 3219 1188 ὕστερον
3242 1117 3536 1188 δυνηθέντα
3556 1118 3646 1170 τὸν
3673 1117 3785 1170 δει-

2198 1212 2479 1282 πνήσαντα
2508 1210 2976 1282 ἀντιδειπνηθῆναι
3009 1211 3117 1265 ἀπὸ
3148 1211 3242 1264 τοῦ
3271 1211 3656 1282 δειπνήσαντπ
3678 1210 3781 1264 A6-

2197 1319 2296 1370 γου
2332 1301 2482 1374 παρὰ
2515 1300 2593 1372 τῷ
2622 1301 2912 1374 ἀνθρώπῳ.

2267 1394 2358 1448 52.
2400 1393 2458 1446 Ὁ
2485 1393 2542 1446 δὲ
2581 1393 2892 1465 ’Πρακλέων
2921 1395 3105 1465 φησιν,
3148 1395 3230 1447 ὃτι
3264 1393 3548 1446 ἐϐούλοντο
3586 1409 3782 1445 κοινω-

2197 1487 2309 1537 νεῖν
2360 1483 2508 1554 αὐτῷ
2553 1483 2612 1550 ἐξ
2662 1477 2738 1538 ὧν
2786 1485 3155 1555 ἀγοράσαντες
3205 1484 3314 1537 ἀπὸ
3341 1484 3442 1554 τῆς
3471 1484 3785 1554 Σαμαρείας

2198 1577 2608 1646 κεκομίκεισαν.
2668 1576 2806 1630 Τάδε
2851 1577 3015 1647 φησὶν
3057 1578 3144 1629 ἵνα
3175 1578 3295 1630 τινὰ
3431 1617 3445 1630 .
3467 1617 3480 1630 .
3518 1579 3572 1630 αἱ
3625 1577 3784 1630 πέντε

2203 1670 2382 1739 μωραὶ
2408 1669 2669 1740 παρθένοι
2701 1707 2716 1722 .
2743 1707 2757 1721 .
2783 1707 2795 1720 .
2818 1705 2833 1720 .
2852 1705 2868 1722 .
2906 1668 3012 1722 ἀπὸ
3037 1667 3130 1721 τοῦ
3169 1670 3446 1740 Νυμφίου.
3487 1669 3612 1732 Πῶς
3633 1669 3688 1721 δέ
3716 1665 3788 1721 οἷο

520 1762 681 1814 modo
715 1771 895 1814 autem
932 1760 1290 1816 arbitror.....
1322 1761 1510 1814 eadem
1546 1761 1865 1814 habere.....
1901 1759 2095 1828 quibus

2205 1778 2486 1830 μαι
2521 1758 2721 1812 ἀαὺτὰ
2747 1759 3082 1830 ἔχειν.....
3113 1760 3327 1830 έγονται
3547 1755 3788 1824 αἷςάπο-

516 1853 753 1907 occlusis
781 1851 944 1905 fatuis
974 1851 1301 1920 virginibus,
1331 1867 1512 1921 Operae
1535 1852 1767 1922 pretium
1796 1861 1880 1906 est
1903 1851 2094 1906 videre

517 1961 578 1999 ea
595 1961 714 2015 qua:
733 1944 1117 2014 discipulorum
1142 1945 1548 1998 accusationem
1567 1942 1877 2016 continent,
1901 1942 2090 1998 eodem

518 2039 682 2091 modo
715 2052 823 2105 quo
846 2037 1007 2092 fatua:
1035 2038 1274 2106 virgines
1301 2037 1712 2090 dormientium.
1761 2034 1875 2090 Hoc
1907 2046 2092 2090 autem

515 2131 763 2185 eamdem
789 2132 1058 2185 rationem
1086 2130 1452 2185 habeat-lucis
1475 2129 1542 2183 ad
1570 2130 1772 2194 cibum,
1803 2143 1964 2198 quam
1996 2143 2097 2198 po-

521 2231 608 2275 tus
649 2223 714 2276 ad
747 2223 925 2280 cibum
959 2221 1235 2276 habet.....
1270 2235 1552 2285 accusare,
1590 2220 2098 2290 reprehendereque

519 2312 1048 2378 interpretationem.
1095 2313 1416 2379 Quanquam
1475 2325 1572 2380 pro
1627 2309 1768 2363 virili
1825 2316 1980 2378 parte
2042 2308 2094 2362 id

517 2403 664 2472 quod
701 2402 777 2454 ait
805 2401 1022 2470 planum
1052 2402 1232 2454 facere
1262 2401 1475 2463 debuit,
1511 2409 1566 2453 et
1596 2399 1843 2469 pluribus
1875 2399 2094 2462 docere,

518 2495 848 2547 conﬁrmans
884 2492 1390 2561 interpretationem
1422 2507 1596 2546 suam.
1624 2487 1640 2561 ]

588 2584 678 2639 35.
726 2605 744 2636 ι
777 2585 846 2638 At
874 2585 989 2654 ipse
1027 2585 1166 2640 dixit
1195 2586 1274 2640 eis
1305 2598 1320 2637 :
1353 2585 1465 2652 Ego
1498 2583 1678 2638 cibum
1711 2581 1888 2637 habeo
1937 2581 2098 2654 243

516 2675 838 2742 comedere,
887 2691 1045 2744 quem
1113 2691 1208 2731 vos
1266 2675 1486 2730 nescitis
1528 2675 1574 2730 ’.
1620 2693 1639 2727 ι
1696 2674 1751 2729 Id
1800 2674 1944 2744 quod
1994 2674 2099 2728 sibi

517 2765 737 2831 subicit,
775 2783 880 2821 non
941 2779 1062 2837 eget
1111 2767 1276 2832 cibo;
1327 2767 1556 2837 proinde
1599 2766 1746 2836 quod
1787 2767 1910 2820 cibo
1951 2775 2097 2837 eget,

520 2874 626 2912 non
660 2859 763 2912 sibi
799 2858 1019 2913 subicit.
1049 2857 1186 2912 lliuc
1231 2860 1576 2928 perspicuum
1603 2867 1685 2913 est
1720 2859 2097 2913 comedentem

519 2951 824 3016 comedere,
855 2966 960 3003 non
991 2951 1114 3018 quia
1144 2967 1247 3004 non
1283 2959 1480 3020 egeat;
1538 2951 1631 3006 sed
1683 2951 1809 3020 quia
1863 2958 2020 3020 egeat
2047 2958 2102 3003 et

518 3041 674 3094 valde
705 3051 882 3111 egeat.
913 3040 978 3094 Et
1008 3056 1236 3111 carpora
1280 3043 1517 3110 quidem,
1550 3042 1679 3110 quia
1711 3051 1904 3094 natura
1938 3039 2101 3095 ﬂuxi-

2203 1853 2502 1916 κλιθείσαις
2529 1854 2737 1924 μωραῖς
2770 1852 3081 1922 παρθένοις,
3112 1853 3259 1918 ἄξιον
3291 1853 3417 1906 ἰδεῖν
3451 1852 3787 1924 κατηγορίαν

2203 1945 2522 2014 περιέχοντα
2571 1943 2682 1996 τῶν
2731 1943 2988 2014 μαθητῶν
3039 1945 3153 2007 τοῖς
3201 1945 3383 2008 αὐτοῖς
3428 1943 3786 2014 κοιμωμένων

2199 2040 2318 2100 ταῖς
2355 2039 2566 2108 μωραῖς
2617 2035 2934 2105 παρθένοις·
2992 2037 3106 2090 ἔστι
3139 2037 3195 2090 δὲ
3239 2038 3330 2092 καὶ
3363 2039 3492 2092 αὐτὸ
3536 2037 3786 2109 ἀνόμοιον

2201 2127 2294 2180 τοῦ
2327 2127 2504 2196 φωτὸς
2535 2127 2673 2198 πρὸς
2703 2125 2928 2197 τροφὴν,
2958 2127 3052 2179 καὶ
3079 2125 3175 2179 τοῦ
3201 2126 3365 2179 ποτοῦ
3388 2127 3523 2197 πρὸς
3551 2127 3621 2180 τά
3655 2127 3789 2198 βρώ-

2207 2233 2354 2287 ματα
2385 2257 2398 2269 .
2423 2256 2436 2268 .
2460 2256 2474 2270 .
2498 2253 2513 2268 .
2535 2256 2548 2270 .
2583 2232 2778 2280 σαντας
2817 2215 3160 2269 αἰτιάσασθαι
3188 2217 3286 2286 τὴν
3314 2215 3559 2288 ἐκδοχὴν,
3585 2217 3783 2288 καίπερ

2204 2309 2347 2360 κατά
2374 2326 2424 2361 τι
2457 2308 2752 2378 δυνάμενον
2782 2308 2925 2379 σαφῆ
2961 2309 3180 2380 ποιῆσαι
3199 2308 3290 2361 τὸν
3319 2307 3476 2376 λόγον
3500 2309 3665 2379 ἐχρῆν
3689 2313 3786 2361 αὐ-

2203 2399 2295 2453 τὸν
2339 2399 2428 2452 διά
2457 2399 2717 2453 πλειόνων
2763 2401 3262 2472 παραμυθήσασθαι
3309 2400 3786 2465 κατασκευάζοντα

2205 2491 2306 2563 τὴν
2338 2492 2476 2545 ίδίαν
2507 2492 2756 2564 ἐκδοχὴν.

2275 2583 2393 2639 55.(
2410 2586 2468 2638 Ὀ
2501 2585 2558 2638 δέ
2588 2581 2737 2638 εἶπεν
2762 2586 2945 2649 αὐτοῖς
2968 2602 2982 2615 ·
3029 2583 3171 2654 Ἐγὼ
3199 2583 3401 2656 βρῶσιν
3433 2585 3541 2656 ἔχω
3569 2587 3782 2654 φαγεῖν,

2205 2673 2273 2744 ἢν
2315 2674 2474 2743 ὑμεῖς
2529 2674 2629 2726 οὐκ
2663 2674 2861 2727 οἴδατε.
2890 2693 2907 2726 ι
2945 2673 3019 2726 Τὸ
3053 2673 3150 2744 μὲν
3178 2672 3424 2736 ἀπνδεές
3469 2671 3530 2724 οὐ
3591 2670 3784 2744 χρῄζει

2209 2764 2485 2836 βρώσεως,
2512 2764 2574 2818 τὸ
2604 2764 2662 2817 δὲ
2688 2765 2886 2836 χρῇζον
2918 2763 3176 2835 βρώσεως
3199 2766 3299 2818 οὐκ
3340 2764 3485 2817 ἐστιν
3517 2763 3780 2826 άνενδεές.

2207 2857 2316 2909 Kal
2344 2857 2523 2927 δῆλον,
2563 2857 2646 2909 ὅτι
2678 2857 2707 2908 ὁ
2740 2856 2935 2907 ἐσθίων
2964 2855 3085 2924 οὐχὶ
3137 2855 3211 2926 μὴ
3259 2855 3476 2926 χρῄζων
3531 2853 3786 2926 βρώσεως

2207 2948 2397 3011 ἐσθίει,
2427 2947 2562 3001 άλλά
2590 2947 2805 3019 χρῄζων
2838 2949 2932 3000 καὶ
2955 2948 3206 3018 δεόμενος
3234 2948 3422 3017 αὐτῆς.
3455 2948 3565 3001 Kal
3591 2947 3656 3000 τά
3687 2947 3785 3018 μὲν

2211 3038 2464 3110 σώματα,
2512 3040 2605 3093 ἅτε
2644 3041 2710 3110 τῇ
2754 3039 2913 3108 φύσει
2955 3041 3081 3093 ὄντα
3121 3040 3354 3111 ῥευστὰ,
3396 3043 3652 3110 τρέφεται
3686 3041 3786 3110 τῆς

521 3130 653 3184 bilia
687 3139 836 3197 sunt,
873 3132 1188 3185 nutriuntur
1221 3130 1345 3186 cibo
1393 3131 1633 3201 replente
1680 3131 1856 3186 locum
1907 3145 2095 3185 eorum

2202 3107 2410 3204 τροφῆς
2439 3107 2860 3204 ἀναπληρούσης
2897 3132 2988 3185 τὸν
3027 3107 3190 3186 τόπον
3223 3133 3330 3187 τῶν
3373 3107 3783 3205 saepe...»

519 3238 642 3290 quae
685 3221 970 3288 deﬂuunt;
1014 3224 1106 3278 sed
1135 3238 1254 3292 quae
1288 3226 1406 3294 ipso
1450 3239 1678 3293 corpore
1714 3223 2095 3293 praestantiora

519 3323 673 3375 sunt,
699 3315 1014 3368 nutriuntur
1040 3315 1412 3385 iutelligentiis
1438 3316 1798 3384 iucorporeis,
1820 3323 1874 3369 et
1890 3329 2097 3368 sermo-

520 3407 680 3459 nibus
712 3406 1131 3476 actionibusque
1167 3407 1316 3461 sanis
1347 3425 1358 3459 :
1403 3422 1507 3460 non
1545 3408 1690 3475 quod
1741 3406 1807 3460 ad
1840 3420 1945 3458 non
1975 3419 2097 3459 esse

521 3499 974 3566 dissolverentur,
1014 3500 1117 3554 nisi
1170 3499 1511 3554 nutrireutur
1548 3516 1560 3551 :
1593 3513 1766 3567 neque
1803 3497 1948 3553 enim
1983 3513 2098 3552 cor-

521 3608 650 3658 pora
682 3594 800 3647 haec
833 3609 954 3663 qua:
980 3608 1084 3648 non
1119 3593 1452 3657 nutriuntur,
1499 3592 1564 3645 ad
1602 3605 1706 3644 non
1747 3604 1868 3644 esse
1904 3590 2099 3644 dissol—

517 3691 754 3749 vuntur;
780 3685 873 3738 sed
902 3685 1042 3753 quod
1064 3684 1292 3750 perdant
1311 3698 1432 3738 esse
1462 3683 1608 3748 talia,
1633 3683 1676 3737 si
1705 3697 1810 3737 non
1843 3683 2098 3738 nutrian-

522 3784 612 3828 tur
641 3776 837 3829 talibus
879 3790 1000 3844 quaa
1033 3775 1142 3830 sint
1199 3776 1595 3844 praestantioris
1649 3790 1814 3844 quam
1867 3789 2096 3844 corpora

521 3876 749 3921 naturae.
801 3865 872 3920 Ut
899 3875 1076 3919 autem
1111 3879 1338 3935 corpora
1375 3880 1496 3933 qua:
1523 3865 1648 3920 cibo
1675 3873 1855 3932 egent,
1879 3880 1986 3919 non
2012 3865 2098 3920 his

521 3956 740 4010 aluntur
769 3955 903 4008 cibis
933 3956 1027 4021 qui
1056 3970 1084 4008 a
1125 3954 1478 4023 qualitatibus
1526 3957 1866 4025 procedunt,
1921 3971 2098 4026 neque

519 4049 710 4102 eadem
742 4049 985 4101 ciborum
1017 4049 1293 4118 quantitas
1320 4050 1570 4102 omnibus
1587 4047 1804 4112 sullicit,
1829 4048 1908 4103 sic
1931 4049 2094 4103 etiam

522 4140 888 4210 intelligamus
927 4151 1139 4212 Oportet
1197 4143 1261 4196 de
1309 4141 1394 4195 his
1426 4157 1546 4210 qua:
1582 4151 1708 4196 sunt
1739 4142 1984 4206 meliora,
2043 4151 2098 4196 et

523 4235 900 4302 praestantiora
945 4233 1264 4304 corporibus
1298 4251 1314 4289 :
1348 4233 1490 4288 inter
1537 4235 1654 4288 haec
1715 4234 1860 4287 enim
1912 4233 2095 4304 aliqua

521 4327 849 4396 copiosiore,
878 4326 1058 4396 aliqua
1087 4328 1293 4380 minore
1315 4319 1436 4380 cibo
1463 4337 1645 4396 egent,
1678 4337 1936 4396 tanquam
1976 4343 2098 4396 qua:

521 4419 764 4470 eamdem
795 4432 1104 4471 mensuram
1137 4433 1243 4472 non
1274 4419 1489 4487 capiant
1522 4435 1537 4471 :
1567 4418 1662 4472 sed
1711 4431 1886 4485 neque
1916 4418 2096 4486 quali-

523 4516 606 4561 tas
656 4522 971 4562 sermonum
1003 4517 1056 4561 et
1085 4518 1439 4576 conceptuum
1490 4509 1543 4561 in
1597 4507 2056 4577 contemplatione
2080 4549 2095 4573 ,

520 4598 612 4666 qui
660 4608 788 4652 sunt
844 4598 1086 4652 actiones
1146 4599 1231 4652 his
1283 4598 1691 4664 convenientes,
1741 4599 1926 4652 eadem
1968 4611 2100 4651 con-

520 4690 667 4759 gruit
699 4690 952 4744 onmibus
979 4690 1282 4744 animabus.
1317 4687 1455 4755 Quin
1487 4689 1655 4744 etiam
1687 4689 1810 4744 olus
1839 4697 1895 4744 et
1941 4689 2098 4744 cibus

521 4783 726 4836 solidus
761 4797 864 4835 non
903 4782 1090 4838 eodem
1122 4791 1361 4852 tempore
1411 4796 1506 4837 eos
1555 4781 1822 4846 nutriunt,
1879 4781 1972 4851 qui
2028 4797 2096 4836 ex

523 4875 655 4944 ipsis
685 4874 920 4927 fructum
951 4873 1185 4942 aliquem
1219 4874 1528 4943 percepturi
1563 4883 1729 4927 sunt:
1757 4890 1884 4927 nam
1915 4873 2094 4928 infan-

523 4976 604 5018 tcs
633 4980 818 5018 recens
849 4965 958 5018 nati
982 5005 997 5029 ,
1039 4975 1101 5018 ut
1137 4966 1308 5034 inquit
1347 4963 1538 5019 Petrus
1576 4965 1674 5039 ’°,_
1699 4965 1780 5019 lac
1839 4963 1947 5018 doli
1997 4980 2094 5018 ne-

521 5058 716 5121 scium,
749 5055 909 5124 idque
937 5057 1131 5122 animi,
1161 5072 1264 5110 non
1291 5057 1536 5127 corporis
1557 5055 1908 5110 desiderant:
1932 5055 2094 5124 idque

521 5147 686 5200 etiam
723 5147 1012 5212 desideret,
1059 5147 1105 5202 si
1159 5149 1280 5218 quis
1337 5147 1621 5202 infantiam
1684 5146 2091 5201 Corinthiorum

522 5237 706 5301 habet,
751 5239 818 5291 ad
846 5252 981 5305 quos
1014 5238 1186 5306 inquit
1212 5237 1412 5292 Paulus
1447 5238 1489 5270 “
1520 5253 1536 5292 :
1573 5256 1592 5289 ι
1626 5236 1808 5291 Lactis
1841 5251 1936 5290 vos
1963 5245 2090 5304 potu

522 5329 654 5385 alui.
687 5343 793 5381 non
821 5329 962 5394 cibo;
987 5347 1006 5380 ι
1031 5329 1280 5384 inﬁrmus
1305 5344 1455 5396 vero,
1483 5344 1548 5386 eo
1570 5328 1711 5398 quod
1744 5342 1849 5382 non
1883 5326 2092 5390 credat.

595 5448 616 5480 '
639 5448 804 5511 Apoc.
837 5461 923 5512 ιιι,
945 5448 1038 5502 20.
1110 5448 1132 5481 ⁸
1158 5447 1348 5505 Matth.
1375 5463 1506 5504 xxv.
1581 5450 1602 5481 ⁹
1626 5447 1782 5504 Joan.
1810 5463 1884 5514 ιν,
1915 5448 2006 5505 52.
2082 5448 2095 5478 ¹

2211 5447 2356 5502 Petr.
2388 5462 2450 5512 ιι,
2479 5445 2534 5499 2.

589 5585 706 5658 (Ωἶ)
733 5583 967 5658 Perionii
1008 5584 1409 5658 interpretatio.

591 5653 706 5726 (28;)
757 5655 1109 5713 Ἀπόλλυσι.
1137 5653 1228 5714 Sic
1257 5660 1429 5714 codex
1462 5655 1820 5724 Bodleianus;
1868 5653 2093 5726 Regius,

523 5727 798 5793 ἀπόλυσιν,
835 5726 991 5780 male.

2130 4459 2176 4514 D

2202 3233 2271 3286 τά
2296 3233 2580 3304 κρείττονα
2610 3232 2862 3301 σώματος
2885 3233 3144 3303 τρέφεται
3173 3233 3285 3294 τοῖς
3313 3230 3625 3299 ἀσωμάτοις
3657 3227 3782 3296 νοή-

2207 3341 2359 3393 μασι,
2393 3325 2489 3377 καὶ
2524 3324 2722 3392 λόγοις,
2757 3325 2852 3377 καὶ
2882 3322 3144 3395 πράξεσιν
3187 3322 3394 3391 ὑγιέσιν
3415 3362 3429 3386 ,
3471 3319 3590 3389 οὐχὶ
3619 3319 3698 3380 είς
3726 3317 3787 3369 τὸ

2207 3414 2282 3484 μὴ
2318 3408 2458 3468 εἶναι
2506 3414 2940 3485 διαλυθησόμενα
2967 3453 2982 3478 ,
3018 3415 3066 3467 εί
3115 3412 3188 3484 μὴ
3214 3411 3483 3484 τρέφοιτο·
3521 3408 3642 3460 οὐδὲ
3677 3405 3786 3476 γάρ

2205 3504 2434 3576 σώματα
2467 3506 2542 3577 μὴ
2591 3507 2900 3578 τρεφόμενα
2937 3508 3015 3569 εἰς
3063 3505 3121 3558 τὸ
3167 3507 3240 3576 μὴ
3293 3499 3430 3556 εἶναι
3475 3500 3781 3554 διαλύεται·

2203 3597 2469 3651 ἀπόλλυσι
2519 3599 2631 3671 (28)
2659 3599 2717 3652 δὲ
2758 3600 2820 3652 τὸ
2850 3597 2988 3652 εἶναι
3042 3597 3250 3660 τοιάδε,
3287 3597 3368 3650 ὅτι
3414 3595 3474 3648 οὐ
3531 3595 3785 3667 τρέφεται

2202 3693 2318 3752 τοῖς
2338 3680 2581 3742 τοιοῖσδέ
2594 3690 2691 3762 τῆς
2720 3689 3083 3762 διαφερούσης
3109 3688 3216 3741 τῶν
3252 3686 3518 3758 σωμάτων
3548 3685 3782 3754 φύσεως.

2207 3781 2419 3851 ’Ὠσπερ
2442 3781 2500 3834 δὲ
2526 3780 2594 3834 τά
2624 3781 2854 3851 δεόμενα
2884 3781 3091 3852 τροφῆς
3123 3778 3350 3848 σώματα
3378 3777 3500 3830 οὔτε
3528 3780 3642 3840 τοῖς
3677 3776 3784 3830 ἀπὸ

2203 3869 2312 3924 τῶν
2342 3872 2642 3941 ποιοτήτων
2689 3871 2980 3943 τρέφεται,
3043 3871 3164 3923 ούδέ
3218 3869 3451 3940 ποσότης
3499 3867 3713 3939 τροφῶν
3750 3866 3784 3938 ἡ

2205 3961 2343 4032 αὑτὴ
2371 3964 2536 4016 πᾶσιν
2569 3963 2750 4035 ἀρκεῖ,
2780 3962 2922 4018 οὕτω
2962 3962 3180 4035 νοητέον
3216 3962 3309 4015 καὶ
3337 3961 3429 4014 ἐπὶ
3461 3961 3568 4014 τῶν
3599 3976 3783 4030 κρειτ-

2203 4055 2369 4108 τόνων
2427 4055 2577 4129 παρά
2609 4056 2678 4108 τὰ
2731 4054 2980 4126 σώματα.
3037 4056 3148 4108 Καὶ
3189 4055 3299 4125 γάρ
3348 4053 3521 4106 ταῦτα
3565 4051 3634 4104 τὰ
3684 4051 3782 4122 μὲν

2205 4145 2482 4211 πλείονος,
2530 4147 2598 4199 τά
2651 4147 2706 4200 δέ
2766 4146 3050 4210 ἐλάττονος
3094 4147 3265 4199 δεῖται
3301 4145 3536 4215 τροφῆς,
3573 4145 3634 4196 οὺ
3671 4141 3781 4196 τῶν

2207 4236 2336 4288 ἴσων
2364 4237 2492 4290 ὄντα
2521 4237 2804 4309 χωρητικά
2823 4254 2836 4268 ·
2863 4237 2978 4291 ἀλλ’
3002 4237 3123 4290 οὐδέ
3161 4239 3194 4307 ὴ
3246 4238 3467 4306 ποιότης
3501 4235 3607 4288 τῶν
3651 4248 3778 4304 τρε-

2205 4326 2414 4394 φόντων
2442 4324 2616 4393 λόγων
2644 4327 2738 4378 καὶ
2769 4326 3055 4396 νοημάτων
3079 4323 3187 4377 τῶν
3214 4327 3270 4378 ἐν
3300 4325 3501 4396 θεωρίᾳ
3529 4322 3778 4395 πράξεων

2203 4415 2311 4469 τῶν
2358 4416 2567 4479 τούτοις
2605 4417 2961 4488 ἁρμοζουσῶν
3016 4419 3050 4488 ἡ
3109 4415 3246 4488 αὐτὴ
3296 4417 3524 4487 ἁρμόζει
3580 4415 3780 4477 πάσαις

2201 4510 2322 4569 ταῖς
2367 4508 2587 4577 ψυχαῖς.
2649 4508 2810 4561 Ἀλλά
2858 4508 2966 4580 γάρ
3018 4509 3112 4561 καὶ
3169 4507 3399 4579 λάχανον
3435 4508 3528 4559 καὶ
3585 4505 3781 4578 στερεὰ

2199 4597 2373 4669 τροφὴ
2402 4599 2521 4668 οὐχὶ
2552 4597 2692 4650 κατὰ
2723 4598 2813 4650 τὸν
2840 4598 3004 4651 αὐτὸν
3048 4597 3238 4669 καιρὸν
3266 4596 3454 4666 τρέφει
3493 4595 3621 4658 τοὺς
3667 4595 3780 4646 δεο-

2204 4688 2398 4758 μένους
2432 4689 2531 4759 τῆς
2565 4687 2672 4740 ἀπὺ
2701 4687 2903 4741 τούτων
2959 4685 3290 4756 βελτιώσεως
3326 4703 3340 4716 ·
3396 4683 3466 4737 τὰ
3517 4685 3614 4754 μὲν
3671 4682 3779 4752 γὰρ

2199 4781 2559 4852 ἀρτιγέννητα
2591 4779 2786 4850 βρέφη,
2810 4779 2886 4841 ὣς
2923 4797 3085 4850 φησιν
3112 4781 3140 4832 ὁ
3168 4779 3370 4848 Πέτρος
3395 4816 3410 4841 ,
3465 4775 3527 4828 τὸ
3567 4775 3780 4844 λογικὸν

2200 4872 2384 4925 ἄδολον
2417 4871 2558 4940 γάλα
2592 4872 2870 4924 ἐπιποθεῖο
2910 4869 3236 4924 ἐπιποθείτω
3265 4869 3320 4922 δὲ
3353 4870 3446 4922 καὶ
3478 4869 3588 4939 (29)
3615 4867 3670 4920 εῖ
3696 4883 3779 4929 τις

2201 4964 2297 5034 τὴν
2329 4965 2630 5036 νηπιότητα
2682 4963 2794 5034 ἔχει
2849 4961 3185 5034 Κορινθίων,
3229 4961 3366 5030 πρὸς
3409 4961 3502 5023 οὓς
3537 4947 3698 5032 φησιν
3748 4959 3778 5010 ὁ

2200 5054 2441 5118 Παῦλος·
2475 5074 2492 5106 ι
2528 5055 2673 5108 Γάλα
2719 5056 2864 5124 ὑμᾶς
2899 5054 3125 5107 ἐπότισα
3149 5093 3164 5116 ,
3221 5054 3283 5106 οὑ
3335 5053 3567 5125 βρῶμα·
3601 5072 3619 5103 ι
3654 5053 3682 5104 ό
3717 5051 3774 5103 δὲ

2201 5146 2464 5209 ἀσθενῶν,
2495 5147 2583 5200 διὰ
2622 5146 2681 5198 τὸ
2717 5147 2791 5217 μὴ
2818 5145 3091 5199 πιστεύειν
3111 5185 3125 5209 ,
3157 5144 3365 5214 λάχανα
3388 5144 3634 5197 ἐσθιέτω.
3665 5143 3775 5195 Καὶ

2200 5238 2359 5292 τοῦτο
2391 5239 2448 5292 δὲ
2476 5240 2505 5290 ό
2533 5238 2745 5302 Παῦλος
2767 5238 3004 5292 διδάσκει
3029 5237 3220 5306 λέγων·
3253 5256 3270 5286 ι
3289 5239 3382 5299 Ὃς
3408 5235 3506 5306 μὲν
3531 5231 3773 5288 πιστεύει

2201 5331 2396 5398 φαγεῖν
2445 5327 2650 5380 πάνταο
2687 5329 2716 5379 ὀ
2752 5327 2807 5379 δὲ
2837 5326 3077 5380 ἀσθενῶν
3129 5326 3337 5395 λάχανα
3388 5322 3578 5376 ἐσθίει.
3611 5339 3630 5372 ι
3663 5319 3774 5372 Καὶ

2650 5448 2690 5478 ¹¹
2719 5445 2737 5498 ι
2771 5445 2896 5500 Cor.
2927 5461 3010 5512 ιιι,
3049 5445 3099 5498 ‘2.

2274 5580 2385 5651 (99)
2430 5581 2753 5635 Ἐπιποθεῖ·
2781 5581 3127 5651 ἐπιποθείτω
3147 5581 3213 5634 δὲ
3233 5581 3353 5644 καί,
3378 5590 3485 5635 etc.
3516 5579 3590 5651 l_ta
3633 5579 3769 5651 legi-

2203 5649 2295 5706 tur
2323 5649 2374 5705 in
2406 5653 2589 5705 codice
2618 5651 2925 5721 Bodleiano,
2955 5655 3004 5707 iu
3034 5650 3201 5721 Regio
3227 5665 3404 5709 autem
3432 5661 3488 5708 et
3525 5649 3772 5705 Barberi-

2205 5740 2274 5778 uo
2297 5727 2450 5779 deest
2475 5720 2748 5780 ἐπιποθεῖ,
