4170 6466
443 347 546 404 ιιι-ι

1503 346 1859 403 COMMENT.
1897 344 1964 400 IN
1998 344 2187 401 JOAN.
2232 344 2472 401 TOMUS
2507 345 2646 405 XIII.

3587 357 3691 412 458

445 484 464 515 c
505 463 621 516 ἔστι
659 483 677 514 ο
712 463 775 533 γέ
806 480 934 516 ποτε
978 482 995 513 ι
1033 462 1282 534 ξενισμδς
1314 461 1561 531 λαχάνων
1596 460 1708 532 (50)
1753 460 1888 531 πρὸς
1931 477 2005 528 φι-

2120 456 2269 511 olera
2323 458 2591 513 comedat.
2633 458 2834 530 [Atque
2864 459 2970 515 hoc
3010 461 3171 516 etiam
3223 463 3379 521 docet
3418 467 3616 525 Paulus
3648 473 3691 505 ¹³

440 553 557 607 λίαν
583 553 677 606 καὶ
713 553 873 624 χάριν
902 553 968 623 ,ἢ
999 552 1187 622 μόσχοι
1213 551 1323 623 (51)
1368 550 1476 605 ἀπὸ
1499 550 1608 619 (52)
1643 550 1850 620 φάτνης
1879 548 2017 621 μετά

435 643 657 715 ἔχθρας.
691 642 924 696 Τελείων
966 642 1024 695 δέ
1077 644 1227 695 εστιν
1257 644 1291 714 ἡ
1324 640 1521 713 στερεὰ
1554 641 1749 711 τροφὴ,
1783 639 1891 696 τῶν
1929 638 2018 692 διά

433 733 531 805 τὴν
562 733 675 801 ἕξιν
701 734 769 786 τά
793 733 1124 805 αἰσθητήρια
1146 731 1577 804 γεγυμνασμένα
1620 731 1852 801 ἐχόντων
1883 730 2017 802 πρδς

432 824 705 897 διάκρισιν
740 824 906 878 καλοῦ
939 842 999 877 τε
1028 825 1122 880 καὶ
1160 822 1353 879 κακοῦ.
1381 843 1400 875 ι
1428 824 1585 876 Ἐστι
1610 821 1667 875 δέ
1685 839 1769 885 τις
1801 821 1895 875 καὶ
1922 821 2017 892 δη-

431 916 689 988 λητήριος
720 915 915 987 τροφὴ,
943 916 1137 987 ἥντινα
1186 914 1527 987 μανθάνομεν
1556 912 1665 967 ἀπὸ
1691 912 1790 984 τῆς
1818 913 2016 983 τετάρ-

432 1025 529 1078 της
612 1007 720 1061 τῶν
767 1006 1063 1061 Βασιλειῶν
1095 1048 1111 1071 ,
1159 1006 1426 1076 λεγόντων
1501 1004 1638 1076 πρὸς
1708 1004 1798 1058 τὸν
1834 996 2016 1058 Ἐλισ-

434 1100 583 1153 σαῖόν
615 1100 727 1171 (55)
766 1117 955 1154 τινων*
995 1119 1012 1150 ι
1037 1100 1279 1162 Θάνατος
1308 1098 1366 1152 ἐν
1404 1097 1484 1169 τῷ
1523 1096 1731 1169 λέϐητι,
1760 1096 2013 1168 ἄνθρωπε

431 1188 525 1242 τοῦ
560 1188 717 1243 Θεοῦ.
745 1209 762 1241 ι
806 1191 982 1262 Καὶή
1024 1189 1125 1261 μέν
1190 1207 1274 1253 τις
1318 1187 1437 1241 ἐστὶ
1487 1187 1598 1240 τῶν
1662 1186 2014 1258 ἀλογωτέρων

429 1279 618 1351 ψυχῶν
651 1283 995 1353 πνευματικὴ
1028 1280 1240 1352 ποώδης
1270 1280 1467 1352 τροφὴ,
1507 1281 1603 1334 καὶ
1639 1278 1775 1349 ἄλλη
1822 1278 2015 1350 χόρτος

430 1369 465 1441 ἢ
497 1370 717 1442 ἄχυρον,
756 1371 898 1445 άπερ
934 1371 1259 1442 σημαίνεται
1295 1371 1383 1426 διὰ
1414 1370 1510 1424 τοῦ
1539 1384 1552 1397 '
1609 1389 1627 1422 ι
1660 1369 1862 1442 Κύριος
1892 1386 2013 1423 ποι-

433 1466 594 1535 μανεῖ
624 1481 712 1535 με,
755 1463 851 1517 καὶ
881 1462 1035 1517 οὐδέν
1085 1482 1153 1535 με
1187 1465 1505 1537 ὑστερήσει’
1543 1464 1623 1527 είς
1663 1464 1825 1517 τόπον
1853 1463 2014 1535 χλόης

429 1554 547 1608 ἐκεῖ
579 1572 647 1626 με
679 1555 1094 1627 κατεσκήνωσεν
1115 1572 1129 1587 ·
1166 1555 1260 1609 ἐπὶ
1288 1554 1479 1618 ὓδατος
1513 1554 1873 1618 ἀναπαύσεως
1900 1554 2014 1619 ἐξέ-

429 1643 594 1717 θρεψέ
626 1662 715 1716 με.
748 1665 767 1697 ι
801 1646 912 1699 Kal.
957 1648 986 1699 ό
1044 1646 1273 1709 Ἡσαΐας
1311 1645 1368 1699 δέ
1410 1662 1572 1715 φησι·
1621 1662 1639 1695 ι
1663 1644 1814 1698 Λέων
1847 1643 1904 1697 δὲ
1937 1644 2013 1707 ὡς

427 1732 557 1805 βοῦς
593 1733 792 1807 ἄχυρον
821 1736 1071 1804 φάγεται.
1108 1754 1127 1788 ι
1180 1735 1341 1789 Ἀλλὰ
1367 1736 1462 1790 κα)¹
1495 1735 1687 1808 χόρτον
1721 1737 1836 1798 rei;
1880 1736 2013 1806 κτή-

2121 549 2206 603 his
2264 549 2448 604 verbis
2484 569 2498 604 :
2535 551 2741 627 «‘Alius
2785 553 3003 621 quidem
3038 556 3212 611 credit
3258 572 3317 612 se
3365 564 3693 621 manducare

2117 639 2298 691 omnia
2336 655 2350 691 :
2383 641 2473 708 qui
2510 652 2689 696 autem
2723 642 2975 698 infirmus
2996 654 3100 714 est,
3129 647 3254 702 olus
3290 651 3604 709 manducat.
3640 654 3689 729 ι]

2116 738 2196 784 Ac
2225 731 2471 800 profecto
2502 751 2520 783 ι
2548 733 2741 789 melius
2784 746 2907 790 est»
2960 737 3252 807 aliquando
3312 761 3331 794 ι
3358 744 3505 799 olera
3566 762 3690 802 cum

2119 821 2356 877 amicitia
2402 834 2459 878 et
2518 825 2786 882 charitate
2836 829 3160 896 comedere,
3236 845 3402 901 quam
3459 836 3690 892 vitulum

2116 915 2421 983 saginatum
2446 932 2568 971 cum
2593 919 2718 973 odio
2753 919 3221 981 "._Perl‘ectorum
3252 940 3380 981 vero
3428 938 3513 983 est
3555 932 3690 985 soli-

2118 1007 2218 1061 dus
2274 1008 2450 1074 cibus,
2496 1025 2688 1081 nempe
2737 1026 2924 1067 eorum
2975 1015 3065 1084 qui
3114 1030 3210 1085 per
3241 1022 3689 1080 consuetudinem

2116 1100 2444 1156 exercitatos
2474 1101 2672 1157 habent
2695 1118 2887 1160 sensus
2927 1108 2993 1161 ad
3033 1108 3418 1166 discretionem
3466 1112 3592 1169 boni
3636 1123 3694 1172 et

2118 1188 2241 1241 mali
2271 1187 2337 1242 ιδ,
2369 1206 2388 1240 ι
2426 1189 2524 1246 Eat.
2550 1190 2714 1245 etiam
2740 1194 2960 1263 quidam
2992 1194 3146 1250 cibus
3174 1196 3495 1267 mortiticus,
3529 1216 3690 1271 quem

2116 1280 2378 1334 discimus
2407 1296 2472 1337 ex
2505 1293 2700 1351 quarto
2730 1283 2936 1357 Regum
2963 1328 2978 1353 ,
3012 1287 3314 1345 dicentibus
3361 1292 3683 1361 quibusdam

2116 1376 2182 1423 ad
2206 1370 2452 1426 Eliszenm
2484 1392 2499 1428 :
2533 1394 2551 1425 ι
2585 1373 2730 1431 Mors
2756 1386 2840 1432 est
2870 1377 2925 1431 in
2963 1378 3140 1435 lebete
3166 1421 3182 1446 ,
3208 1394 3241 1435 ο
3263 1380 3424 1437 Ιιοιιιο
3446 1382 3539 1439 Dei
3565 1387 3630 1443 η.
3662 1407 3682 1442 ι

2115 1459 2253 1527 Quin
2277 1464 2446 1516 ctiam
2476 1474 2560 1517 est
2585 1464 2723 1520 alius
2744 1482 2930 1521 earum
2952 1471 3279 1536 animarum,
3308 1488 3429 1543 qua:
3461 1477 3688 1533 rationis

2115 1563 2219 1603 non
2250 1560 2378 1605 sunt
2406 1564 2718 1623 compotes,
2755 1555 2910 1611 cibus
2953 1557 3254 1627 spiritualis
3299 1561 3602 1632 herbarius,
3634 1576 3692 1624 et

2114 1640 2257 1697 alius
2295 1644 2476 1699 fenum
2506 1685 2522 1710 ,
2567 1656 2623 1701 et
2646 1648 2877 1718 stipula;
2934 1665 3056 1719 quae
3102 1652 3482 1722 signiﬁcantur
3500 1674 3598 1729 per
3623 1674 3689 1716 ea

2117 1731 2309 1790 Psaltae
2367 1737 2531 1792 verba
2554 1738 2640 1792 “z
2680 1758 2697 1792 ι
2729 1740 2990 1797 Dominus
3027 1746 3205 1812 pascit
3255 1761 3375 1815 me,
3430 1759 3487 1804 et
3551 1752 3689 1808 nihil

425 1840 575 1877 νεσιν
620 1824 678 1877 ἐν
706 1806 802 1896 ίτῷ
861 1825 999 1895 οἴκῳ
1029 1824 1131 1895 τῆς
1168 1824 1465 1888 Ῥεϐέκκας
1497 1806 1863 1896 παρατιθέασι
1917 1823 2005 1876 τοῦ

2113 1825 2246 1879 mihi
2279 1826 2486 1895 deerit;
2517 1828 2569 1883 in
2597 1828 2774 1884 locum
2804 1831 2988 1889 herbae
3020 1834 3250 1892 virentis
3290 1837 3362 1893 ibi
3417 1841 3688 1901 accubare

426 1916 615 1980 παιδὸς
663 1915 777 1986 (54)
838 1915 1110 1988 Ἀϐραάμ.
1162 1915 1288 1970 Ἐάν
1328 1916 1386 1969 δέ
1430 1913 1575 1991 τιςῇ
1609 1916 1967 1986 λογικώτερος
1993 1953 2008 1977 ,

430 2009 525 2063 καὶ
551 2009 639 2063 διὰ
664 2009 821 2064 τοῦτο
852 2011 948 2063 καὶ
982 2007 1171 2079 νοητὸς
1207 2008 1516 2081 ἄνθρωπος,
1548 2009 1643 2064 καὶ
1672 2007 1860 2078 νοητὸν
1912 2007 2010 2079 ἄρ-

423 2118 514 2154 τον
543 2100 733 2167 ὲσθίει,
760 2100 837 2164 ὼς
865 2102 922 2153 ὲν
1020 2099 1273 2172 Ψαλμοῖς
1358 2099 1665 2172 γέγραπται
1693 2116 1704 2130 ·
1751 2116 1770 2149 t
1808 2099 2007 2170 ’Ᾱρτος

425 2192 670 2265 στηρίξει
710 2191 937 2265 καρδίαν
984 2191 1307 2264 ἀνθρώπου,
1345 2210 1365 2245 ι
1405 2194 1502 2246 καὶ
1545 2192 1624 2263 τῷ
1672 2189 1849 2264 νοητῷ
1879 2191 2007 2261 οἴνῳ

424 2286 773 2357 εὐφραίνεται
816 2286 917 2338 οὐκ
946 2284 1104 2349 ἄλλος
1138 2285 1170 2356 ἥ
1203 2284 1487 2356 ἄνθρωπος
1509 2302 1522 2316 ·
1569 2303 1587 2335 ι
1630 2279 1785 2346 Οἶνος
1818 2302 1838 2334 ι
1895 2282 2003 2355 γὰρ

428 2398 447 2430 ι
479 2379 760 2451 εὐφραίνει
782 2377 1008 2450 καρδίαν
1038 2376 1347 2451 ἀνθρώπου.
1387 2395 1406 2429 ι
1452 2374 1775 2431 Ἀναϐατέον
1822 2375 1880 2429 δὲ
1924 2371 2003 2443 τῷ

420 2469 565 2542 λόγῳ
600 2471 708 2524 ἀπὸ
737 2470 847 2523 τῶν
885 2469 1096 2538 ἀλόγων
1142 2469 1237 2523 καὶ
1290 2467 1399 2520 τῶν
1433 2466 1735 2539 ἀνθρώπων
1775 2467 1871 2521 καὶ
1910 2468 2002 2520 ἐπὶ

418 2561 547 2624 τοὺς
599 2560 863 2629 ἀγγέλους
893 2560 989 2613 καὶ
1016 2560 1213 2622 αὑτοὺς
1241 2557 1608 2629 τρεφομένους
1626 2575 1638 2586 ·
1670 2557 1732 2610 οὑ
1760 2555 1868 2628 γάρ
1892 2558 1999 2610 εἰσι

420 2655 598 2725 πάντη
632 2652 916 2716 ἀνενδεεῖς.
965 2671 984 2703 t
1011 2653 1210 2724 Ἀρτον
1239 2668 1256 2700 ι
1294 2649 1425 2718 γοῦν
1465 2666 1484 2700 ι
1506 2648 1752 2718 ἀγγέλων
1795 2647 1999 2718 ἔφαγεν

417 2745 724 2818 ἄνθρωπος’
767 2763 784 2794 ι
818 2743 1085 2815 μακάριός
1128 2759 1193 2811 γε
1230 2744 1259 2795 ό
1302 2739 1553 2812 ’Δϐραάμ
1606 2738 1853 2811 δυνηθεὶς
1884 2741 2000 2803 τοῖς

420 2839 759 2907 ἑπιφανεῖσιν
788 2834 936 2906 αὑτῷ
967 2834 1146 2908 τρισὶν
1194 2831 1501 2905 ἐγκρυφίας
1533 2830 1778 2902 ἀζύμους
1814 2847 1997 2902 παρα-

419 2927 616 2983 θεῖναι.

2114 1931 2198 1969 me
2229 1917 2358 1971 fecit
2386 1936 2401 1973 :
2437 1933 2600 1989 super
2646 1936 2841 1991 aquam
2874 1923 3321 1983 refocillationem
3351 1932 3683 1999 praebentem

2112 2008 2342 2062 nutrivit
2373 2024 2477 2063 me.
2508 2029 2526 2062 ι
2569 2013 2742 2083 Atque
2767 2015 2933 2069 etiam
2961 2017 3124 2073 Isaias
3154 2018 3229 2073 ait
3262 2037 3279 2075 :
3311 2038 3330 2071 ι
3362 2020 3471 2079 Leo
3504 2036 3686 2083 autem

2111 2108 2168 2150 ut
2213 2097 2313 2153 bos
2371 2100 2561 2169 paleas
2611 2106 2858 2160 comedet
2899 2106 3010 2165 π.»
3076 2106 3216 2175 Quin
3270 2113 3435 2166 etiam
3498 2114 3682 2172 fenum

2101 2187 2365 2256 jumentis
2422 2193 2475 2246 in
2528 2193 2687 2249 domo
2716 2194 2976 2253 Rebeccae
3035 2199 3200 2273 244
3243 2203 3480 2260 Abrahae
3530 2211 3682 2279 pueri

2107 2292 2391 2350 apponunt
2416 2283 2476 2336 ¹⁸.
2513 2283 2666 2350 Quod
2710 2285 2755 2342 si
2807 2290 2929 2359 quis
2965 2282 3343 2349 rationabilior
3390 2296 3573 2367 fuerit,
3630 2312 3684 2358 et

2106 2372 2249 2463 hanc
2272 2372 2440 2427 etiam
2472 2374 2541 2431 ob
2564 2390 2787 2432 causam
2817 2380 3173 2452 iutelligibilis
3231 2386 3392 2443 homo
3416 2433 3432 2458 ,
3486 2406 3679 2463 panem

2109 2458 2506 2532 intelligibilem
2559 2469 2884 2539 manducet,
2914 2475 3372 2545 quemadmodum
3419 2458 3682 2554 scriptum

2101 2565 2186 2608 est
2212 2555 2265 2609 in
2296 2554 2525 2614 Psalmis
2564 2558 2644 2613 "z
2673 2578 2692 2611 ι
2721 2559 2884 2618 Panis
2910 2568 3216 2624 consolidat
3239 2585 3334 2625 cor
3365 2572 3623 2642 hominis,
3654 2598 3674 2630 ι

2103 2654 2160 2699 ει
2193 2647 2323 2702 vino
2360 2649 2686 2723 intelligibili
2720 2668 2828 2710 non
2859 2656 3000 2712 alius
3053 2674 3215 2731 quam
3251 2662 3414 2719 homo
3445 2665 3684 2724 oblecta-

2105 2747 2194 2792 tur
2225 2756 2239 2792 :
2275 2757 2294 2791 ι
2326 2741 2527 2797 Vinum
2560 2762 2580 2795 ι
2618 2744 2764 2801 enim
2814 2764 2832 2798 ι
2861 2747 3101 2805 laetiﬁcat
3154 2768 3251 2809 cor
3290 2756 3525 2815 hominis
3552 2761 3618 2816 ”.
3657 2781 3679 2816 ι
3726 2800 3733 2809 η

2103 2830 2211 2886 Sed
2246 2832 2459 2889 ratione
2486 2838 2845 2894 ascendamus
2867 2855 3091 2898 necesse
3118 2855 3203 2899 est
3236 2845 3305 2900 ab
3346 2847 3684 2907 irrationali-

2103 2923 2238 2990 bus,
2300 2935 2355 2979 et
2408 2926 2476 2981 ab
2515 2928 2828 2986 hominibus
2884 2947 3055 3002 usque
3117 2937 3181 2990 ad
3232 2939 3376 3007 ipsos
3431 2944 3677 3014 angelos.

417 3024 853 3095 quandoquidem
894 3021 1059 3077 etiam
1109 3021 1213 3090 ipsi
1265 3019 1604 3086 nutriuntur,
1675 3018 1779 3074 sibi
1842 3017 2068 3079 omnino
2133 3034 2237 3074 non
2300 3018 2648 3078 sul'llcicntes.
2727 3024 3031 3082 «Panem»
3100 3032 3264 3103 igitur
3326 3038 3681 3109 «angelorum

421 3117 774 3172 manducavit
823 3117 985 3171 homo
1016 3116 1093 3179 ἰς
1127 3133 1146 3166 ι
1185 3117 1482 3182 beatusque
1521 3126 1655 3166 sane
1697 3110 2094 3180 Abraham,qui
2131 3111 2304 3167 tribus
2349 3114 2488 3180 illis,
2548 3117 2637 3186 qui
2675 3118 2778 3173 sibi
2838 3134 3228 3192 apparuerunt,
3277 3145 3551 3201 apponere
3581 3151 3681 3206 po-

416 3213 727 3282 tuitazyma
761 3207 1122 3264 subcinericia
1155 3207 1223 3260 ¹².

462 3309 572 3364 54.
619 3305 751 3360 Ἀλλ’
792 3306 894 3378 ήδη
926 3305 1018 3358 ἐπὶ
1038 3303 1129 3358 τὸν
1154 3302 1511 3376 προκείμενον
1534 3300 1691 3370 λόγον
1737 3287 1829 3356 τὸν
1859 3298 1988 3372 περὶ

2168 3300 2259 3355 54.
2296 3300 2405 3355 Sed
2437 3315 2627 3356 rursus
2652 3316 2720 3356 eo
2760 3303 2948 3358 redeat
2970 3308 3113 3361 unde
3142 3308 3444 3369 deﬂuxerat
3471 3317 3674 3387 oratio,

412 3402 513 3473 τῆς
548 3398 786 3472 Χριστοῦ
817 3397 1075 3471 βρώσεως
1108 3395 1372 3459 ὁδευτέον,
1402 3394 1469 3465 ἢν
1498 3394 1550 3447 οἱ
1600 3391 1840 3463 μαθηταὶ
1870 3390 1991 3445 τότε

410 3495 513 3550 οὐκ
537 3493 764 3565 ᾔδεσανο
814 3489 1065 3564 ἀληθεύει
1095 3486 1206 3559 γὰρ
1245 3486 1470 3557 λέγωνό
1510 3483 1717 3557 Ἰησοῦς
1740 3500 1755 3515 ο
1789 3504 1808 3535 ι
1847 3481 1989 3553 Ἐγὼ

414 3582 614 3656 βρῶσιν
644 3581 751 3653 ἔχω
783 3582 999 3650 φαγεῖν,
1052 3579 1122 3651 ἣν
1166 3580 1324 3649 ὑμεῖς
1377 3576 1478 3629 οὑκ
1530 3574 1707 3629 οἴδατε
1732 3593 1779 3633 ,ι
1817 3573 1990 3644 Ὅπερ

410 3675 522 3748 γὰρ
554 3676 649 3729 καὶ
701 3674 971 3744 ἔπραττεν
1020 3674 1049 3726 ό
1115 3670 1325 3744 Ἰησοῦς
1358 3668 1529 3723 ποιῶν
1556 3668 1618 3722 τὸ
1655 3667 1867 3738 θέλημα
1895 3665 1990 3721 τοῦ

412 3766 727 3838 πέμψαντος
756 3764 920 3819 αὑτὸν
944 3762 1167 3817 τελειῶν
1196 3760 1362 3817 αὑτοῦ
1395 3759 1456 3813 τὸ
1488 3759 1669 3832 ἔργον,
1694 3758 1852 3813 τοῦτο
1891 3759 1990 3811 οὑκ

406 3857 606 3930 ᾔδεσαν
629 3858 679 3910 οἱ
718 3854 975 3928 μαθηταί.
1021 3855 1139 3906 Ἵνα
1200 3853 1260 3907 δὲ
1309 3851 1475 3924 νοηθῇ
1522 3850 1846 3923 τρανότερον
1889 3849 1949 3903 τό
1972 3866 1985 3879 ·

418 3967 435 3998 ι
483 3944 622 4014 Ἐγὼ
650 3946 852 4019 βρῶσιν
878 3943 984 4014 ἔχω
1015 3944 1230 4013 φαγεῖν,
1264 3941 1332 4013 ἢν
1360 3942 1517 4013 ὑμεῖς
1554 3941 1657 3995 οὑκ
1698 3940 1875 3994 οἴδατε
1904 3977 1919 4001 ,
1962 3958 1981 3989 ι

409 4037 610 4106 λεγέτω
644 4038 737 4091 καὶ
773 4038 802 4090 ό
827 4034 1039 4097 Παῦλος
1095 4035 1208 4097 τοῖς
1258 4031 1442 4103 χρείαν
1479 4031 1660 4102 έχουσι
1687 4028 1986 4099 γάλακτος,

409 4130 502 4184 καὶ
533 4130 593 4183 οὑ
620 4128 846 4200 στερεᾶς
875 4125 1101 4197 τροφῆς,
1128 4122 1453 4195 Κορινθίοις,
1484 4122 1579 4176 καὶ
1602 4122 1744 4191 γάλα
1769 4120 2026 4201 ποτιζο-η

410 4217 614 4289 μένοις,
649 4217 744 4271 καὶ⁹
773 4216 832 4269 οὗ
864 4214 1081 4287 βρῶμα,
1110 4212 1189 4283 τῷ
1223 4212 1448 4284 μηδέπω
1490 4212 1687 4276 αὐτοὺς
1729 4211 1986 4266 δύνασθαι

408 4313 693 4385 βρώματος
740 4310 1204 4383 μεταλαμϐάνειν
1246 4329 1265 4363 ι
1313 4310 1455 4379 Ἐγὼ
1487 4309 1689 4382 βρῶσιν
1733 4308 1841 4380 ἔχω
1881 4328 1986 4380 φα-

404 4407 540 4472 γεῖν,
577 4404 645 4475 ἢν
675 4404 832 4475 ὑμεῖς
876 4404 977 4456 οὑκ
1025 4402 1224 4457 οἴδατε.
1254 4422 1272 4454 ι
1305 4402 1417 4455 Καὶ
1445 4400 1532 4457 ἀεί
1568 4418 1633 4471 γε
1663 4403 1692 4454 ό
1713 4401 1984 4472 διαφέρων

401 4500 515 4560 τοῖς
555 4495 964 4567 ὑποδεεστέροις
1007 4495 1099 4548 καὶ
1133 4495 1207 4566 μὴ
1235 4494 1556 4567 δυναμένοις
1600 4493 1671 4548 τὰ
1704 4494 1844 4550 αὑτά
1872 4497 1985 4557 τοῖς

402 4592 677 4666 κρείττοσι
701 4590 924 4661 θεωρεῖν
952 4591 1096 4660 ὲρεῖι
1134 4609 1151 4640 ι
1199 4587 1341 4658 Ἐγὼ
1379 4588 1582 4661 βρῶσιν
1610 4587 1717 4658 ἔχω
1746 4591 1939 4658 φαγεῖν
1963 4628 1978 4653 ,

2102 3393 2361 3449 nimirum
2391 3393 2458 3448 ad
2483 3407 2791 3449 sermonem
2816 3393 2884 3449 de
2909 3395 3031 3451 cibo
3056 3396 3284 3467 Christi,
3324 3419 3484 3473 quem
3513 3407 3677 3464 disci-

2096 3486 2207 3557 puli
2236 3494 2365 3541 tunc
2393 3501 2500 3541 non
2539 3497 2805 3544 noverant
2826 3503 2843 3554 ;
2904 3503 3032 3543 vere
3090 3492 3233 3544 enim
3268 3493 3419 3549 dicit
3462 3495 3670 3557 Iesus:

2098 3597 2118 3629 ι
2148 3577 2262 3648 Ego
2307 3577 2484 3632 habeo
2527 3577 2706 3633 cibum
2758 3581 3092 3637 manducare
3133 3598 3291 3654 quem
3337 3601 3433 3642 vos
3496 3593 3676 3649 nesci-

2100 3669 2167 3725 tis
2201 3669 2267 3721 ”.
2296 3687 2316 3721 ι
2348 3668 2505 3736 Quod
2548 3670 2693 3723 enim
2732 3671 2929 3740 agebat
2964 3671 3147 3739 .Iesus,
3189 3676 3523 3735 voluntatem
3569 3682 3677 3738 Pa-

2100 3759 2216 3819 tris.
2272 3775 2302 3812 a
2359 3774 2467 3829 quo
2498 3762 2695 3816 missus
2747 3761 2952 3828 fuerat,
3004 3763 3233 3834 faciens,
3275 3776 3330 3823 et
3383 3770 3675 3839 perﬁciens

2095 3849 2245 3905 illius
2274 3865 2431 3923 opus,
2481 3851 2584 3906 hoc
2639 3852 2891 3923 discipuli
2945 3870 3051 3909 non
3106 3868 3322 3913 norant.
3370 3861 3567 3918 Verum
3614 3876 3676 3923 ut

2094 3943 2337 4013 apertius
2364 3943 2741 4015 intelligantur
2769 3962 2833 4002 ea
2860 3949 3064 4004 verba:
3097 3968 3117 4003 ι
3144 3949 3256 4021 Ego
3287 3952 3460 4011 habeo
3487 3958 3669 4014 cibum

2095 4034 2422 4089 manducare
2459 4050 2621 4105 quem
2671 4050 2772 4091 vos
2832 4038 3081 4107 nescitis,
3114 4058 3134 4093 ι
3177 4040 3428 4111 loquatur
3467 4043 3669 4102 Paulus

2090 4124 2391 4181 Corinthiis
2413 4125 2554 4181 lacte
2578 4141 2716 4197 opus
2749 4127 3093 4198 habentibus,
3117 4146 3222 4187 non
3251 4133 3424 4191 solido
3453 4136 3575 4194 cibo
3599 4138 3668 4203 ⁸⁵.

2091 4216 2183 4285 qui
2213 4215 2378 4271 etiam
2406 4214 2493 4271 lac
2522 4214 2793 4281 biberant,
2840 4232 2950 4273 non
2988 4219 3209 4287 cibum,
3265 4236 3330 4278 eo
3367 4226 3511 4295 quod
3557 4227 3666 4284 cibi

2089 4309 2382 4379 participes
2413 4324 2535 4365 esse
2583 4323 2691 4364 non
2737 4319 2993 4380 possent;
3028 4309 3161 4383 [his,
3192 4312 3447 4385 inquam,
3480 4317 3667 4388 loqua-

2092 4413 2178 4456 tur
2209 4400 2408 4456 Paulus
2440 4397 2499 4472 ε]
2528 4419 2546 4451 ι
2569 4399 2684 4471 Ego
2717 4400 2892 4457 habeo
2916 4401 3097 4458 cibum
3127 4407 3475 4472 manducare,
3500 4426 3665 4480 quem

2088 4507 2188 4548 vos
2236 4491 2531 4550 nescitis.»
2596 4490 2937 4561 Semperque
2980 4492 3233 4563 profecto
3283 4496 3377 4567 qui
3434 4510 3662 4568 praestat

2086 4582 2473 4647 deterioribus,
2522 4580 2719 4651 hisque
2763 4583 2854 4652 qui
2898 4584 3085 4640 videre
3129 4598 3401 4656 nequeant
3445 4604 3511 4645 ea
3539 4607 3663 4662 quae

398 4688 470 4761 ἢν
496 4689 653 4759 ὑμεῖς
679 4686 779 4740 οὑκ
801 4684 1004 4740 οἴδατε.
1041 4702 1061 4738 ι
1098 4684 1209 4738 Καὶ
1233 4683 1333 4737 οὑκ
1366 4681 1565 4737 ἄτοπόν
1597 4698 1661 4752 γε
1700 4680 1878 4749 λέγειν
1905 4681 1980 4752 μὴ

2103 4677 2271 4734 vident
2319 4674 2728 4745 praestantiores
2752 4714 2768 4740 ,
2828 4675 3019 4731 dicet:
3055 4695 3075 4728 ι
3099 4676 3213 4748 Ego
3256 4678 3439 4735 cibum
3483 4682 3659 4741 habeo

404 4783 563 4855 μόνον
608 4778 924 4851 ἀνθρώπους
976 4777 1072 4831 καὶ
1124 4776 1389 4846 ἀγγέλους
1434 4775 1632 4839 ἐνδεεῖς
1678 4771 1819 4830 εἶναι
1871 4773 1980 4827 τῶν

400 4888 606 4943 νοητων
653 4868 905 4941 τροφῶν,
948 4866 1085 4921 ἀλλά
1135 4868 1232 4921 καὶ
1274 4867 1367 4922 τὸν
1418 4866 1654 4939 Χριστὸν
1697 4865 1790 4920 τοῦ
1838 4865 1974 4919 Θεοῦ

2087 4768 2420 4823 manducare
2449 4782 2611 4838 quem
2648 4780 2744 4820 vos
2776 4767 3020 4822 nescitis.
3052 4786 3071 4819 ι
3131 4767 3242 4826 Nec
3288 4784 3422 4828 sane
3459 4743 3684 4886 absur-I

2094 4862 2216 4886 ,ειη-ι...
2269 4861 2371 4886 ..-ιι
2467 4859 2511 4886 ’.ζ
2571 4861 2869 4886 .l:..-..:-......
2916 4875 3019 4886 ..Αη
3076 4861 3244 4886 Aul“---
3307 4864 3552 4886 LA__!_-_
3613 4878 3654 4886 Α.

2090 4862 2220 4917 dum
2266 4861 2410 4927 erit,
2467 4859 2511 4914 si
2569 4861 2871 4916 dixerimus
2916 4875 3019 4914 non
3074 4861 3246 4917 solum
3307 4864 3553 4922 homines
3602 4878 3660 4925 ct

399 4964 530 5035 (55)·
567 4962 660 5016 καὶ
690 4962 852 5026 αὐτὸς
896 4960 1037 5033 γὰρ,
1068 4960 1135 5013 ἵν’
1158 4959 1331 5025 οὕτως
1358 4960 1519 5027 εἴπω,
1555 4956 1972 5022 ἐπισκευάζεται

2103 4955 2303 5025 mgelos
2345 4954 2588 5025 indigere
2616 4953 2756 5009 cibis
2783 4953 3235 5023 intelligibilibus,
3265 4972 3451 5012 verum
3481 4959 3650 5015 etiam

1080 5056 1125 5089 “
1160 5056 1319 5111 Prov.
1364 5073 1456 5116 xv.
1502 5056 1590 5111 i7.

470 5060 515 5092 ¹²
551 5059 706 5113 Rom.
757 5072 869 5121 xw,
922 5057 980 5113 2.
1080 5057 1125 5089 "
1160 5057 1319 5111 Prov.
1364 5073 1456 5116 xv.
1502 5057 1590 5111 i7.
1699 5057 1744 5087 ”
1769 5057 1933 5111 Hebr.
1965 5070 1995 5107 v

470 5171 477 5193 ,
506 5130 562 5185 7.
641 5128 684 5159 ³⁸
699 5127 836 5183 Geu.
878 5142 1029 5193 xxw,
1054 5126 1144 5181 '52.
1223 5129 1265 5162 ¹⁹
1292 5127 1436 5182 Psal.
1467 5141 1584 5193 cm,
1616 5124 1703 5180 I5.
1777 5125 1825 5159 '°
1851 5124 1997 5180 ibid-

364 5132 367 5137 ’
397 5146 477 5195 xl,
506 5130 562 5185 7.
641 5128 684 5159 ³⁸
699 5127 836 5183 Gen.
878 5142 1029 5193 xxw,
1054 5126 1144 5181 '52.

394 5199 485 5256 52.
555 5195 649 5250 ’⁵1
687 5197 814 5253 Cor.
853 5212 935 5261 ιιι,
980 5197 1037 5252 2.

467 5292 580 5366 (50)
606 5292 715 5366 Καὶ
745 5290 879 5366 ἔστι
910 5290 979 5360 τέ
1004 5305 1148 5366 ποτε
1191 5291 1480 5366 ξενισμὸς
1521 5288 1829 5366 λαχάνων,
1858 5300 1966 5366 etc.

396 5362 458 5418 In
478 5359 720 5432 vulgatis
741 5360 850 5414 τῶν
875 5359 940 5432 tif
979 5363 1310 5432 editionibus
1350 5359 1726 5432 Proverbfxv.
1769 5360 1863 5432 I7,
1887 5359 1969 5432 le-

1699 5055 1744 5087 “
1769 5055 2005 5180 aegida

2103 5054 2144 5109 ι.
2254 5054 2299 5084 ¹⁵
2320 5054 2387 5105 IV
2411 5054 2546 5120 Reg.
2568 5065 2642 5107 Iv.
2671 5054 2762 5105 40.
2841 5054 2885 5080 "
2902 5054 3045 5105 Psal.
3083 5066 3220 5113 xxu,
3246 5055 3296 5118 1,
3324 5054 3379 5109 2.
3457 5054 3501 5085 "
3526 5054 3649 5113 Isai.

2133 5121 2273 5179 PsaI.
2339 5135 2543 5185 Lxxvu,
2586 5119 2679 5174 25.
2752 5118 2799 5151 “
2832 5119 2969 5175 Gen.
3004 5135 3157 5189 mu,
3187 5124 3239 5177 6.
3316 5123 3364 5155 ³³
3388 5122 3543 5179 Joan.
3570 5142 3649 5193 tv,

2254 5052 2299 5084 ¹⁸
2320 5048 2388 5105 IV
2411 5049 2546 5120 Reg.
2568 5049 2789 5120 ιννξιθη
2841 5049 3045 5120 ΨΡεειΙ.
3083 5066 3220 5113 xxu,
3246 5055 3296 5118 1,
3324 5052 3379 5109 2.
3457 5054 3501 5085 "
3526 5054 3650 5113 Isai.

2146 5285 2260 5357 (55)
2299 5283 2675 5358 Ἑλισζσαῐον.
2709 5284 2802 5358 Sic
2823 5286 3024 5358 ubique
3055 5287 3107 5342 in
3134 5288 3320 5345 codice
3356 5287 3647 5347 Bodleiano

2075 5355 2173 5438 per
2200 5355 2396 5438 duplex
2436 5355 2610 5436 sigma
2639 5355 2965 5435 exprimitur
2987 5371 3182 5413 nomen
3230 5360 3509 5431 prophetae
3528 5362 3643 5417 Eli-

397 5435 541 5505 gitur
570 5425 1167 5505 prsIcawvﬁeva;
1185 5430 1322 5502 μετά
1354 5430 1599 5505 λαχάνων
1630 5431 1767 5501 πρὸς
1788 5427 1968 5499 φιλίαν

2103 5425 2495 5505 ati_;_itt_chio
2520 5440 2617 5505 per:
2646 5425 2885 5505 unicum:

360 5512 365 5517 '
395 5500 504 5574 iui,
525 5500 685 5574 χάριν
713 5501 747 5572 ἢ
773 5500 1075 5574 παράθεσις
1104 5500 1326 5574 adﬁxo)!
1344 5500 1482 5574 me;
1513 5500 1731 5574 ἔχθραις-

470 5567 688 5656 (5Ϊ)’,Ἡ
705 5567 949 5656 μόσχοι.
982 5567 1260 5656 ιιιιροιξειι
1293 5567 1651 5638 Bodleianus';
1685 5571 1885 5641 Regius
1913 5580 1969 5624 et
2068 5567 2179 5656 δεῇ

281 5671 286 5681 -
397 5641 748 5730 Batberittus.
779 5641 967 5726 ὥσπερ
993 5641 1087 5694 καὶ
1114 5642 1331 5766 Εόσχοι.
1630 5710 1642 5723 .

469 5711 585 5766 l52i
630 5711 779 5766 Από.
807 5712 898 5766 διε
918 5712 1087 5766 codex
1157 5714 1477 5766 odletanus:
1509 5707 1642 5766 Rem

469 5711 585 5784 (52)
625 5711 779 5784 'Aard.
807 5712 898 5767 Sic
918 5707 1087 5768 codex
1114 5707 1477 5775 Bodleianus;
1509 5707 1715 5780 Regius
1743 5719 1799 5765 et
1831 5711 1967 5766 Bar-

395 5781 642 5850 berinus,
676 5781 798 5837 ὑπό.

629 5873 901 5949 Panum.
942 5873 1057 5936 Gs.
1107 5873 1253 5933 XIV

2143 5495 2257 5569 (54)
2289 5492 2670 5560 Τοῦ“παιδός.
2734 5494 3093 5551 Scribendum
3148 5498 3366 5554 videtur
3413 5501 3464 5553 οἱ
3518 5506 3643 5556 παῖ-

2141 5635 2255 5705 (55)
2489 5636 2587 5689 καὶ
2610 5637 2716 5713 τὸν
2748 5633 3006 5704 Χριστόν
3025 5636 3133 5713 τοῦ
3158 5638 3330 5713 Θεοῦ,
3352 5650 3459 5713 etc.
3487 5709 3498 5713 Α
3522 5637 3641 5694 Huc

2069 5707 2588 5776 quoquepertinere
2609 5705 2808 5776 debent
2836 5719 3048 5776 ea_quae
3076 5705 3129 5759 in
3188 5705 3525 5776 Ονὶῃὶηίαηίο
3571 5714 3638 5765 de

2067 5773 2334 5833 sententia
2360 5775 2672 5830 Adamantii
2696 5789 2861 5846 super
2888 5773 3158 5832 Triuitate
3195 5773 3560 5835 disseruntur.

3245 5869 3321 5931 15
