4170 6424
465 316 471 323 .
554 273 661 328 159

2011 255 2334 313 ORIGENIS

3701 266 3811 322 460

555 391 727 459 ipsum
780 383 872 438 Dei
907 381 1183 438 Christum
1213 397 1227 433 :
1256 389 1487 446 namque
1537 376 1652 446 ipse
1690 373 1881 436 etiam,
1936 382 1996 426 ut
2048 373 2121 426 ita

2234 370 2314 422 ist
2340 369 2449 423 ἀπὸ
2478 370 2570 423 τοῦ
2606 370 2818 443 Πατρὸς
2850 370 2945 426 τοῦ
2984 371 3143 443 μόνου
3174 373 3453 439 ἀνενδεοῦς
3480 376 3574 430 καὶ
3604 375 3810 450 αὐτάρ-

556 484 752 545 dicain,
789 494 1005 548 semper
1030 476 1318 531 instruitur
1347 487 1376 526 a
1405 471 1590 534 Patre,
1622 470 1715 539 qui
1747 468 1949 522 nullius
1977 476 2123 534 eget,

553 574 658 633 sibi
688 572 982 629 sufﬁciens.
1045 567 1227 623 Sumit
1273 573 1454 620 autem
1500 562 1652 619 cibos
1679 560 1873 631 vulgus
1906 559 2124 615 discen-

555 669 688 722 tium
729 681 759 720 a
791 662 1072 731 discipulis
1102 657 1259 724 Jesu,
1306 658 1397 727 qui
1439 656 1703 725 iubentur
1738 652 1915 709 turbis
1961 664 2128 720 appo-

556 772 687 813 nere
717 755 883 812 :Jesu
912 767 1042 808 vero
1069 748 1322 820 discipuli
1378 749 1446 803 ab
1504 748 1622 817 ipso
1662 746 1821 812 Jesu,
1854 750 2130 797 verumta-

554 862 674 901 men
726 842 1003 900 interdum
1030 841 1194 895 etiam
1232 853 1262 892 a
1317 837 1528 893 sanctis
1578 834 1788 906 angelis
1821 849 1834 885 :
1863 840 1917 885 at
1955 829 2127 885 Filius

552 938 645 992 Dei
674 949 703 989 a
730 933 846 988 solo
894 932 1059 984 Patre
1087 928 1240 983 cibos
1290 927 1495 989 sumit,
1529 925 1735 995 absque
1762 922 1872 977 ullo
1922 920 2130 975 media-

553 1037 689 1081 tore.
726 1024 915 1078 Itidem
949 1036 1058 1076 non
1084 1017 1386 1072 absurdum
1416 1016 1544 1083 erit,
1580 1015 1841 1085 Spiritum
1865 1026 2123 1070 sanctum

553 1117 752 1171 nutriri
822 1115 1028 1170 dicere.
1101 1109 1338 1165 Proinde
1421 1108 1745 1180 inquirenda
1816 1117 1905 1163 est
1968 1106 2129 1161 lectio

553 1208 873 1279 Scriptura,
926 1221 1049 1277 qua:
1091 1218 1192 1258 nos
1242 1203 1347 1258 hoc
1396 1204 1640 1258 edoceat.
1695 1199 1891 1254 Totum
1940 1208 2128 1254 autem

551 1298 876 1370 mysterium
900 1295 1228 1361 vocationis,
1258 1302 1312 1349 et
1334 1292 1622 1347 electionis
1643 1331 1657 1355 ,
1693 1290 1799 1345 cibi
1828 1300 1958 1345 sunt
1983 1290 2129 1345 illius

552 1404 762 1460 magna!
787 1402 961 1444 Cinnae
990 1406 1003 1442 :
1039 1406 1056 1438 ι
1086 1386 1258 1440 Homo
1286 1403 1304 1436 ι
1338 1383 1509 1449 enim,
1538 1382 1745 1452 inquit,
1808 1399 1827 1433 ι
1849 1381 1978 1437 fecit
2010 1396 2129 1435 cce-

553 1495 683 1535 nam
713 1494 985 1546 magnam,
1008 1489 1292 1544 ccenzeque
1317 1484 1564 1542 tempore
1610 1472 1781 1538 misit,
1837 1472 1928 1543 qui
1972 1486 2130 1528 voca-

552 1579 681 1626 rent
721 1570 977 1623 invitatos
1026 1568 1106 1627 με
1146 1586 1163 1617 ι
1187 1566 1598 1636 τειεςεηάιυιιιιε
1640 1575 1765 1618 sunt
1816 1564 2039 1619 omnino
2060 1579 2128 1619 ex

553 1662 868 1733 Evangeliis
919 1662 1218 1731 parabolm,
1285 1675 1405 1728 quae
1460 1658 1527 1712 de
1576 1657 1751 1711 omnis
1807 1656 2122 1727 loquuntur.

554 1755 695 1823 Quin
723 1754 886 1808 etiam
930 1766 1026 1820 per
1056 1752 1250 1805 Isaiam
1312 1751 1359 1782 “
1419 1748 1808 1819 promissiones
1863 1749 2128 1805 habemus

552 1845 869 1903 comedendi
891 1854 947 1899 et
971 1844 1206 1909 bibendi,
1238 1843 1507 1898 dicentem
1534 1862 1548 1897 :
1579 1859 1600 1892 ι
1630 1842 1766 1896 Ecce
1794 1841 1957 1914 245
1982 1844 2125 1898 servi

552 1938 657 1993 mei
685 1938 988 1998 comedent,
1012 1949 1108 1989 vos
1140 1944 1321 1989 autem
1353 1934 1605 1989 esurietis
1631 1949 1647 1998 ;
1685 1948 1814 1988 ecce
1844 1934 1987 1989 servi
2021 1935 2123 1988 mei

554 2029 772 2093 bibent,
803 2042 899 2081 vos
930 2035 1113 2080 autem
1144 2025 1363 2079 sitietis.
1396 2042 1415 2077 ι
1460 2024 1543 2079 Ad
1592 2026 1707 2078 haec
1743 2026 1917 2094 ipsum
1953 2024 2129 2079 homi-

554 2133 675 2174 nem
706 2116 859 2188 ponit
883 2114 1026 2170 Deus
1057 2115 1197 2183 apud
1240 2113 1496 2169 Genesim
1538 2112 1593 2167 in
1629 2113 1883 2183 paradiso
1912 2113 2129 2169 delicia-

554 2220 697 2273 rum,
728 2206 868 2261 datis
893 2204 965 2258 illi
1002 2203 1231 2273 legibus,
1259 2210 1319 2256 ut
1343 2203 1586 2272 quaedam
1612 2203 1939 2267 comederet,
1981 2217 2131 2272 qua!-

552 2301 677 2355 dam
711 2312 820 2353 non
842 2296 1153 2352 comederet
1190 2313 1204 2349 :
1247 2309 1646 2365 mansumsque
1675 2304 1791 2350 erat
1813 2294 2130 2350 immortalis

553 2391 738 2454 homo,
779 2388 825 2443 si
859 2402 926 2442 ex
963 2387 1111 2442 omni
1166 2386 1310 2456 ligno
1343 2386 1582 2456 paradisi
1612 2386 1957 2451 comedisset,
1990 2401 2131 2456 pra:—

555 2492 801 2552 terquam
825 2496 857 2535 e
881 2480 1027 2551 ligno
1056 2478 1418 2548 cognoscendi
1474 2480 1673 2533 bonum
1729 2486 1784 2533 et
1825 2477 2023 2532 malum
2058 2480 2125 2533 ⁸⁷.

554 2573 691 2630 Vide
722 2586 842 2642 quae
874 2572 927 2626 in
959 2569 1138 2640 primo
1168 2578 1224 2624 et
1249 2569 1510 2625 vicesimo
1543 2568 1755 2639 psalmo
1798 2568 1845 2601 "
1877 2570 2130 2623 dicuntur

554 2666 623 2723 de
641 2664 728 2721 his
746 2663 840 2734 qui
871 2662 1169 2716 adorarunt
1195 2674 1260 2715 eo
1290 2660 1433 2727 quod
1465 2659 1805 2715 comederint
1836 2676 1851 2714 :
1892 2677 1910 2711 ι
1934 2657 2129 2714 Come-

554 2755 751 2811 derunt
777 2771 797 2805 »
822 2750 970 2807 enim
998 2789 1013 2815 ,
1045 2750 1239 2818 inquit,
1276 2767 1296 2800 ι
1324 2758 1377 2802 et
1399 2750 1763 2802 adoraverunt
1791 2762 1979 2802 omnes
2006 2748 2130 2818 pin-

556 2860 689 2919 gues
725 2854 909 2909 terrae;
940 2860 960 2894 ι
991 2849 1281 2911 propterea
1315 2857 1328 2892 :
1354 2858 1372 2891 ι
1401 2839 1517 2893 Non
1552 2838 1845 2895 interﬁciet
1869 2838 2129 2893 Dominus

557 2935 701 2990 fame
733 2934 969 2987 animam
995 2930 1197 3000 justam
1227 2931 1312 2995 ¹⁹;
1340 2948 1359 2980 ι
1387 2931 1482 2985 sed
1502 2931 1718 3000 quando
1742 2929 1928 2999 iniusti
1965 2928 2130 2985 elici—

559 3041 700 3089 mur,
746 3025 999 3079 immittet
1034 3041 1052 3074 ι
1083 3021 1283 3075 famem
1315 3035 1482 3089 super
1513 3029 1713 3076 terram
1746 3034 1761 3072 :
1792 3035 1898 3076 non
1930 3020 2126 3075 famem

554 3118 732 3187 panis,
762 3128 938 3185 neque
962 3115 1108 3170 sitim
1139 3127 1316 3183 aqum,
1346 3113 1439 3167 sed
1468 3112 1670 3166 famem
1698 3112 1951 3168 audiendi
1981 3114 2131 3168 verbi

559 3210 653 3265 Dei
708 3207 820 3262 ³ο.»
881 3206 1096 3274 Quanto
1150 3206 1314 3276 igitur
1357 3205 1532 3273 magis
1575 3203 1919 3274 proficimus,
1983 3213 2134 3259 tanto

558 3300 785 3356 meliora
812 3314 874 3354 ac
898 3299 1049 3367 plura
1081 3295 1443 3359 comedimus,
1473 3295 1646 3351 donec
1672 3294 1903 3352 fortasse
1938 3311 2133 3365 perve-

558 3388 772 3443 niamus
799 3391 865 3442 ad
895 3389 945 3442 id
968 3427 983 3452 ,
1019 3387 1347 3441 uteumdem
1388 3384 1569 3439 cibum
1608 3386 1963 3441 comedamus
2007 3399 2132 3441 cum

464 3482 477 3493 '
556 3479 695 3536 Filio
733 3480 861 3545 Dei,
891 3494 1052 3548 quem
1084 3478 1137 3533 in
1169 3478 1457 3549 prasentia
1486 3477 1736 3548 discipuli
1761 3492 1869 3534 non
1911 3489 2130 3536 norant.

555 3570 670 3627 Hoc
699 3571 753 3625 in
776 3570 896 3633 loco
922 3569 1058 3624 nihil
1085 3569 1222 3624 dixit
1253 3566 1574 3623 Heracleon.

623 3663 715 3719 35.
754 3681 774 3716 ι
805 3662 1067 3717 Dicebant
1115 3661 1284 3731 igitur
1330 3658 1581 3730 discipuli
1646 3659 1788 3715 inter
1834 3674 1895 3716 se
1932 3676 1946 3712 :
1989 3659 2132 3714 Num

560 3753 759 3825 aliquis
791 3751 1071 3808 attulitilli
1103 3752 1310 3821 aliquid
1334 3750 1403 3805 ad
1437 3749 1708 3807 edendum
1741 3751 1785 3784 ³⁸
1805 3751 1830 3806 i
1853 3771 1874 3805 ι
1907 3752 2133 3808 Etiamsi

559 3845 850 3903 carnaliter
900 3852 1054 3900 retur
1113 3842 1417 3899 Heracleon
1447 3844 1563 3900 haec
1608 3858 1637 3897 a
1671 3844 1953 3913 discipulis
2000 3845 2130 3911 dici,

560 3949 817 4010 tanquam
837 3937 932 4008 qui
956 3937 1132 3993 adhuc
1163 3936 1311 3992 humi
1340 3948 1555 4008 repant,
1602 3938 1982 3994 Samaritidem
2006 3939 2133 3995 imi-

560 4040 739 4087 tantes
790 4030 1112 4084 dicentem:
1152 4026 1384 4097 iNeque
1435 4029 1777 4084 baustorium
1827 4030 2030 4093 habes.
2080 4039 2138 4085 et

558 4131 752 4194 puteus
781 4120 924 4174 altus
951 4127 1039 4175 est
1060 4119 1141 4187 ³¹;
1169 4137 1188 4171 ι
1221 4119 1441 4190 dignum
1466 4131 1550 4175 est
1569 4121 1646 4175 uti
1687 4135 1977 4177 cernamus
2000 4137 2134 4176 num

560 4216 702 4271 forte
726 4212 930 4282 aliquid
959 4210 1198 4265 divinius
1232 4211 1481 4267 videntes
1506 4211 1755 4282 discipuli
1782 4212 1964 4268 dicant
1992 4214 2137 4267 inter

559 4320 620 4361 se
658 4320 673 4357 :
710 4321 728 4354 ι
757 4301 895 4356 Num
947 4301 1068 4371 quis
1097 4300 1282 4355 attulit
1313 4301 1388 4355 illi
1425 4303 1570 4371 quod
1596 4301 1806 4357 edat?»
1862 4302 2136 4359 Fortassis

560 4394 705 4453 enim
747 4393 1008 4448 rebantur
1054 4391 1348 4460 potentiam
1379 4392 1615 4462 aliquam
1649 4394 1948 4462 angelicam
1980 4402 2132 4448 attu-
2165 4424 2210 4480 ι)

532 4488 694 4557 ,Ιίεεθ
724 4486 802 4542 illi
833 4483 976 4555 quod
1013 4483 1227 4551 ederet;
1258 4493 1308 4539 et
1337 4483 1587 4540 fortassis
1627 4484 1827 4541 idcirco
1855 4486 2131 4541 doceban-

563 4593 652 4636 tur
697 4575 959 4647 majorem
990 4588 1115 4631 esse
1148 4573 1297 4629 illum
1342 4575 1561 4638 cibum,
1610 4591 1769 4644 quem
1798 4577 2136 4633 manducare

564 4671 816 4732 habebat,
848 4666 943 4737 qui
973 4675 1093 4721 erat
1119 4704 1137 4729 ,
1166 4676 1225 4719 ut
1252 4664 1457 4721 faceret
1497 4666 1835 4723 voluntatem
1875 4668 1994 4739 ejus
2043 4670 2134 4739 qui

561 4776 683 4818 eum
715 4760 960 4826 miserat,
987 4755 1382 4827 perficeretque
1416 4771 1551 4826 opus
1574 4756 1739 4813 illius.

635 4852 728 4908 36.
773 4868 793 4902 ι
826 4849 966 4903 Dicit
994 4847 1100 4903 illis
1122 4844 1281 4903 Iesus
1317 4868 1329 4903 :
1366 4847 1517 4903 Meus
1552 4848 1705 4904 cibus
1726 4857 1812 4904 est
1838 4859 1897 4904 ut
1932 4846 2040 4903 fagi
2065 4868 2132 4904 im

565 4945 900 4999 voluntatem
934 4940 1051 5009 ejus
1109 4940 1199 5008 qui
1242 4939 1387 4994 misit
1411 4954 1529 5007 me,
1578 4950 1634 4994 et
1673 4940 1952 5009 perficiam
1988 4940 2135 4997 .llius

564 5048 700 5102 opus
759 5031 826 5086 ³³.
854 5049 873 5082 ι
933 5029 1140 5086 Decans
1193 5028 1345 5083 cibus
1378 5027 1460 5083 Fil
1485 5043 1517 5083 ο
1542 5028 1676 5096 Dei,
1720 5032 1936 5100 quando
1966 5029 2136 5087 efficit

562 5124 896 5179 voluntatem
929 5130 1253 5188 paternam;
1301 5122 1403 5178 hoc
1432 5120 1571 5176 velle
1619 5121 1672 5174 in
1712 5122 2139 5192 seipso'faciens

635 5264 681 5296 "
712 5261 899 5317 Matth.
933 5277 1071 5326 xm,
1097 5261 1174 5324 2;
1216 5259 1346 5315 an.
1385 5276 1495 5325 xw,
1536 5263 1592 5316 6.

564 5334 609 5365 ³⁸
653 5334 817 5387 Amos
858 5346 979 5394 vm,
1022 5334 1111 5385 11.
1214 5331 1256 5362 ³¹
1305 5330 1460 5387 Joan.
1498 5346 1571 5399 tv,
1605 5331 1692 5385 33.

1664 5292 1669 5299 ~
1702 5261 1746 5293 "
1776 5262 1897 5317 lsai.
1928 5281 2057 5328 va,
2094 5267 2180 5322 15.
2286 5268 2330 5299 ’⁷
2363 5266 2499 5321 Gen.
2533 5282 2545 5320 l

1664 5332 1692 5385 ἱ.
1768 5333 1811 5364 ³²
1857 5336 1992 5389 ibid.
2033 5339 2119 5391 Η.
2196 5338 2240 5368 ³³
2280 5337 2411 5392 ibid.
2452 5337 2545 5395 54.

2231 478 2359 525 κους
2392 461 2561 533 αὐτῷ.
2622 463 2902 533 Λαμόάνει
2949 463 3005 517 δὲ
3050 464 3120 517 τὰ
3160 463 3423 536 βρώματα
3452 469 3481 520 ὁ
3512 467 3612 537 μὲν
3640 468 3809 534 πολὺς

2229 552 2337 606 τῶν
2372 554 2826 626 μαθητευομένων
2860 555 2966 609 ἀπὸ
3003 556 3112 609 τῶν
3146 556 3402 627 μαθητῶν
3442 558 3616 629 Ἰησοῦ
3649 598 3665 623 ,
3712 578 3808 614 κε-

2229 643 2531 715 λευομένων
2566 646 2920 717 παρατιθέναι
2954 649 3065 709 τοῖς
3096 645 3302 715 ὄχλοιςο
3334 649 3382 701 οἱ
3410 648 3467 701 δὲ
3498 648 3593 703 τοῦ
3632 649 3809 721 Ἰησοῦ

2233 735 2471 807 μαθηταὶ
2516 738 2609 790 ἀπ’
2645 736 2808 790 αὑτοῦ
2856 737 3028 808 Ἰησοῦ
3055 778 3070 801 ,
3129 739 3268 810 πλὴν
3302 738 3411 810 (56)
3457 740 3569 794 ἔσθ’
3596 742 3687 794 ὅτε
3713 741 3810 796 καὶ

2230 829 2336 882 ἀπὸ
2388 830 2558 899 ἁγίων
2607 830 2885 898 ἀγγέλων·
2939 832 2968 883 ό
3007 830 3063 883 δὲ
3099 831 3226 895 Υἱὸς
3268 831 3363 885 τοῦ
3407 833 3542 887 Θεοῦ
3577 834 3687 887 άπὸ
3712 834 3809 889 τοῦ
3896 828 3915 833 ’

2232 922 2442 994 Πατρὸς
2471 922 2631 991 μόνου
2664 921 2929 992 λαμϐάνει
2960 921 3028 975 τὰ
3062 920 3327 992 βρώματα
3354 962 3368 984 ,
3416 923 3476 975 οὐ
3511 923 3598 977 διά
3640 941 3809 989 τινος.

2230 1011 2344 1063 Οὐκ
2366 1010 2564 1063 ἄτοπον
2582 1009 2638 1063 δὲ
2664 1011 2758 1063 καὶ
2782 1009 2842 1062 τὸ
2871 1008 3023 1078 ἅγιον
3045 1009 3272 1081 Πνεῦμα
3290 1011 3584 1083 τρέφεσθαι
3605 1012 3805 1082 λέγειν’

2231 1102 2490 1173 ζητητέον
2529 1102 2584 1155 δὲ
2618 1100 2763 1167 λέξιν
2785 1102 3008 1173 Γραφῆς
3031 1102 3441 1156 ὑποϐάλλουσαν
3473 1106 3605 1176 ἡμῖν
3626 1105 3808 1161 τοῦτο.

2233 1193 2389 1247 Ὂλον
2420 1193 2476 1246 δὲ
2509 1192 2571 1245 τὸ
2613 1193 2911 1264 μυστήριον
2946 1192 3047 1263 τῆς
3078 1192 3321 1265 κλήσεως
3357 1194 3451 1246 καὶ
3491 1193 3718 1266 ἐκλογῆς
3741 1194 3815 1252 τὰ

2229 1286 2287 1337 ὲν
2318 1284 2397 1355 τῷ
2427 1285 2648 1356 μεγάλῳ
2671 1284 2875 1354 δείπνῳ
2903 1284 3022 1337 ἐστὶ
3056 1283 3342 1357 βρώματαο
3382 1304 3400 1336 ι
3436 1286 3757 1357 Ἀνθρωπος
3786 1304 3807 1339 ι

2229 1377 2359 1448 γὰρ,
2394 1378 2581 1448 φησὶν,
2616 1396 2634 1427 ι
2675 1377 2847 1429 ἐποίει
2884 1375 3099 1430 δεῖπνον
3136 1378 3299 1449 μέγα,
3329 1378 3423 1430 καὶ
3455 1380 3520 1449 τῇ
3550 1376 3672 1450 ὥρᾳ
3715 1376 3812 1431 τοῦ

2228 1469 2444 1523 δείπνου
2497 1467 2710 1539 ἔπεμψε
2759 1467 2986 1522 καλέσαι
3037 1469 3164 1532 τοὺς
3209 1468 3611 1540 κεκλημένους·
3644 1490 3664 1522 ι
3716 1471 3814 1524 καὶ

2229 1557 2549 1612 ἀναλεκτέον
2572 1574 2634 1624 γε
2664 1558 2772 1610 ἀπὸ
2799 1558 2907 1611 τῶν
2929 1558 3276 1626 Εὑαγγελίων
3305 1558 3404 1622 τὰς
3426 1560 3554 1631 περὶ
3581 1559 3812 1614 δείπνων

2233 1649 2570 1721 παραϐολάς.
2607 1648 2770 1709 Ἀλλὰ
2820 1650 2915 1703 καὶ
2956 1648 3044 1703 διὰ
3077 1649 3170 1703 τοῦ
3215 1650 3440 1703 Ἡσαΐου
3488 1651 3812 1721 ἐπαγγελίαι

2234 1744 2430 1812 φαγεῖν
2462 1743 2570 1795 εἱσι
2609 1742 2706 1795 καὶ
2742 1745 2884 1797 πιεῖν
2917 1741 3197 1812 λέγοντοςο
3236 1761 3256 1793 ι
3302 1743 3433 1797 Ἰδοὺ
3461 1746 3510 1797 οἱ
3534 1743 3812 1798 δουλεύον-

2232 1835 2323 1899 τές
2352 1852 2442 1906 μοι
2474 1835 2775 1904 φάγονται,
2828 1835 2986 1906 ὑμεῖς
3027 1834 3083 1887 δὲ
3119 1835 3402 1889 πεινάσετε
3422 1853 3437 1869 ο
3471 1836 3582 1890 ἰδοὺ
3610 1837 3660 1890 οἱ
3689 1836 3812 1890 δου-

2233 1926 2478 1991 λεὺοντές
2515 1945 2604 1998 μοι
2634 1927 2868 1991 πίονται,
2901 1929 3058 1998 ὑμεῖς
3097 1927 3153 1986 δὲ
3196 1927 3470 1999 διψήσετε.
3506 1947 3523 1980 ι
3560 1930 3680 1982 Ἔτι
3707 1929 3816 2000 μὴν

2234 2019 2291 2071 ὲν
2331 2020 2398 2088 τῇ
2487 2017 2706 2071 Γενέσει
2802 2018 2883 2081 είς
2928 2018 3019 2071 τὸν
3069 2019 3395 2091 παράδεισον
3450 2021 3552 2091 τῆς
3604 2022 3819 2093 τρυφῆς

2232 2107 2438 2162 τίθεται
2458 2107 2548 2162 τὸν
2572 2107 2858 2180 ἄνθρωπον
2876 2109 2905 2161 ὁ
2924 2108 3077 2174 Θεὸς,
3099 2111 3297 2181 νόμους
3332 2113 3460 2183 περὶ
3488 2112 3583 2165 τοῦ
3610 2113 3817 2168 ἐσθίειν

2233 2199 2360 2253 τάδε
2411 2199 2571 2263 τινὰ,
2628 2201 2722 2252 καὶ
2772 2199 2846 2271 μὴ
2886 2200 3085 2253 ἐσθίειν
3146 2201 3272 2254 τάδε
3315 2201 3512 2265 διδούς·
3545 2203 3640 2257 καὶ
3676 2203 3813 2258 ἀθά-

2234 2307 2397 2355 νατος
2421 2289 2488 2345 ἂν
2521 2290 2736 2362 ἔμεινεν
2768 2295 2798 2345 ὁ
2828 2290 3114 2363 ἅνθρωπος
3134 2331 3149 2354 ,
3184 2294 3232 2344 εί
3267 2292 3378 2345 ἀπὸ
3408 2294 3612 2358 παντὸς
3659 2292 3815 2359 ξύλου

2232 2380 2327 2435 τοῦ
2358 2382 2416 2435 ὲν
2445 2381 2523 2453 τῷ
2554 2383 2867 2454 παραδείσῳ
2912 2382 3113 2455 βρώσει
3148 2383 3357 2456 ἢσθιεν,
3395 2386 3505 2439 ἀπὸ
3525 2386 3581 2439 δὲ
3608 2386 3702 2439 τοῦ
3729 2387 3818 2451 ξύ-

2233 2473 2325 2525 λου
2374 2473 2468 2526 τοῦ
2517 2474 2806 2542 γινώσκειν
2857 2476 3023 2529 καλὸν
3075 2477 3169 2529 καὶ
3221 2477 3457 2548 πονηρὸν
3497 2476 3573 2549 μὴ
3606 2477 3816 2549 ἢσθιεν.

2238 2565 2378 2636 Ὅρα
2425 2566 2521 2618 καὶ
2562 2565 2629 2618 τά
2673 2569 2731 2619 ἐν
2782 2566 3012 2638 εἰκοστῷ
3062 2566 3264 2638 πρώτῳ
3310 2568 3512 2639 ψαλμῷ
3548 2568 3819 2640 λεγόμενα

2236 2655 2364 2728 περὶ
2396 2655 2504 2710 τῶν
2542 2657 2990 2729 προσκυνούντων
3017 2658 3104 2713 διὰ
3125 2659 3183 2712 τὸ
3212 2658 3566 2731 βεϐρωκέναι·
3597 2681 3615 2714 ι
3645 2662 3819 2731 Ἐφα-

2234 2764 2377 2815 γονι
2423 2748 2572 2819 γάρ,
2621 2750 2783 2818 φησι,
2844 2768 2863 2800 ι
2902 2751 2996 2803 καὶ
3047 2751 3460 2824 προσεκύνησαν
3510 2753 3712 2818 πάντες
3762 2752 3820 2809 οι

2236 2836 2417 2900 πίονες
2461 2837 2573 2908 (57)
2599 2837 2702 2907 τῆς
2739 2839 2871 2910 γῆς·
2908 2858 2926 2889 ι
2959 2839 3149 2911 διόπερ
3196 2859 3214 2891 ι
3243 2839 3509 2911 Οὐδαμῶς
3560 2841 3814 2912 λιμοκτο-

2235 2929 2388 2999 νήσει
2451 2928 2656 3001 Κύριος
2718 2930 2897 3001 ψυχὴν
2931 2930 3177 2983 δικαίαν·
3214 2951 3233 2983 ι
3295 2931 3411 2985 ἀλλ’
3456 2933 3586 2987 ὅταν
3639 2932 3817 2987 ἄδικοι

2237 3019 2543 3090 γενώμεθα,
2577 3021 2927 3086 ὲξαποστελεῖ
2972 3043 2991 3074 ‹
3028 3023 3186 3095 λιμὸν
3218 3025 3310 3078 ἐπὶ
3343 3025 3441 3097 τὴν
3467 3025 3602 3096 γῆν,
3636 3027 3695 3079 οὑ
3736 3026 3818 3079 λι-

2238 3113 2337 3184 μὸν
2362 3113 2548 3185 ἄρτου,
2573 3115 2695 3167 οὐδὲ
2728 3115 2884 3186 δίψαν
2912 3115 3125 3181 ὓδατος,
3160 3117 3295 3171 ἀλλὰ
3333 3118 3492 3190 λιμὸν
3521 3118 3617 3172 τοῦ
3645 3119 3817 3173 ἀκοῦ-

2235 3221 2327 3259 σαι
2354 3204 2510 3273 λόγον
2533 3205 2691 3260 Θεοῦ.
2721 3226 2740 3259 ι
2777 3209 2941 3262 Ὅσον
2969 3204 3062 3262 οὖν
3090 3210 3494 3281 προκόπτομεν,
3532 3212 3819 3283 κρείττονα

2235 3296 2329 3349 καὶ
2355 3295 2573 3350 πλείονα
2612 3298 2919 3369 φαγόμεθα,
2956 3298 3063 3363 ἕως
3097 3301 3236 3370 τάχα
3262 3301 3559 3372 φθάσωμεν
3586 3303 3697 3374 (58)
3724 3304 3819 3358 ἐπὶ

2233 3385 2297 3438 τὸ
2324 3383 2423 3455 τὴν
2459 3384 2629 3456 αὐτὴν
2668 3385 2873 3457 βρῶσιν
2907 3390 3102 3457 φαγεῖν
3147 3389 3225 3459 τῷ
3266 3390 3379 3461 Υίῷ
3414 3390 3509 3444 τοῦ
3552 3391 3710 3455 Θεοῦ,
3748 3394 3817 3465 ἣν

2235 3477 2330 3530 ἐπὶ
2355 3477 2450 3530 τοῦ
2479 3479 2748 3549 παρόντος
2773 3482 2830 3534 of
2861 3480 3101 3552 μαθηταὶ
3129 3482 3231 3534 οὑκ
3271 3479 3504 3538 οἴδασιν.
3555 3485 3722 3539 Οὐδὲν
3759 3486 3819 3539 δὲ

2236 3571 2322 3633 εἰς
2353 3570 2453 3641 τὴν
2480 3569 2627 3636 λέξιν
2657 3566 2812 3624 εἶπεν
2832 3573 2862 3625 ό
2899 3572 3234 3644 Ἡρακλέων.

2306 3660 2396 3715 55.
2433 3679 2451 3712 ι
2486 3661 2711 3730 Ἔλεγον
2745 3657 2838 3716 οὖν
2881 3664 2932 3716 οἱ
2976 3663 3215 3735 μαθηταὶ
3244 3666 3382 3737 πρὸς
3411 3665 3695 3738 ἀλλήλους’
3722 3668 3815 3740 Μή

2234 3768 2318 3815 τις
2346 3752 2576 3823 ἠνεγκεν
2611 3752 2759 3823 αὑτῴ
2791 3757 3026 3823 φαγεῖν;
3064 3774 3083 3807 ι
3114 3756 3176 3809 Ei
3232 3757 3325 3809 xui.
3376 3759 3656 3829 σαρκικῶς
3694 3761 3823 3815 ὑπο-

2235 3843 2501 3916 λαμϐάνει
2534 3843 2710 3900 ταῦτα
2739 3845 2997 3915 λέγεσθαι
3029 3849 3059 3899 ὁ
3099 3848 3417 3919 Ἡρακλέων
3445 3850 3551 3904 ὑπὸ
3581 3850 3690 3905 τῶν
3714 3869 3820 3923 μα-

2237 3936 2438 4008 θητῶν,
2472 3935 2548 4001 ὡς
2599 3936 2681 3991 ἔτι
2724 3939 3105 4010 ταπεινότερον
3146 3940 3562 4011 διανοουμένων,
3591 3943 3687 3996 καὶ
3718 3942 3819 4013 τὴν

2236 4027 2568 4098 Σαμαρεῖτιν
2609 4030 2965 4100 μιμουμένων
2994 4029 3277 4099 λέγουσαψ
3321 4050 3341 4083 ι
3378 4032 3516 4087 Οὔτε
3568 4033 3819 4106 ἄντλημα

2237 4117 2382 4188 ἔχεις
2406 4156 2421 4182 ,
2469 4119 2566 4171 καὶ
2597 4118 2657 4172 τὸ
2689 4120 2869 4193 φρέαρ
2910 4122 3030 4175 ἐστὶ
3075 4121 3211 4192 βαθὺ
3235 4162 3250 4188 ,
3285 4141 3303 4173 ι
3334 4122 3484 4189 ἄξιον
3511 4126 3658 4196 ἡμᾶς
3688 4125 3820 4179 ἰδεῖν

2241 4212 2450 4281 μήποτε
2504 4209 2794 4280 βλέποντές
2842 4228 2896 4264 τι
2939 4211 3211 4284 θειότερον
3252 4215 3304 4266 οἱ
3367 4214 3638 4287 μαθηταὶ,
3683 4217 3821 4285 φασὶ

2241 4300 2378 4373 πρὸς
2428 4300 2691 4371 ἀλλήλους
2711 4319 2726 4334 ·
2781 4321 2799 4354 ι
2828 4304 2918 4375 Μή
2952 4320 3036 4367 τις
3068 4304 3300 4375 ἤνεγκεν
3332 4304 3481 4376 αὐτῷ
3517 4294 3748 4375 φαγεῖν;
3791 4325 3812 4360 ο

2239 4393 2393 4463 Τάχα
2424 4390 2533 4462 γὰρ
2575 4391 2835 4446 ὑπενόουν
2869 4393 3166 4464 ἀγγελικὴν
3197 4411 3320 4448 τινα
3356 4394 3585 4466 δύναμιν
3628 4398 3816 4469 ἐνηνο-

2239 4484 2391 4556 χέναι
2431 4483 2582 4554 αὑτῷ
2616 4488 2810 4553 φαγεῖν
2836 4502 2849 4514 ·
2880 4486 2974 4538 καί
3027 4486 3193 4551 εἰκὸς,
3249 4487 3332 4539 ὅτι
3367 4486 3455 4539 διὰ
3497 4487 3658 4543 τοῦτο
3710 4488 3819 4543 ὲδι-

2238 4575 2520 4638 δάσκοντο,
2550 4574 2635 4627 δτι
2687 4573 2869 4645 μεῖζόν
2919 4577 3067 4630 ἐστιν
3118 4576 3147 4629 δ
3195 4572 3308 4646 εἷχε
3347 4576 3543 4649 βρῶμα
3583 4582 3773 4648 φαγεῖν
3799 4619 3817 4643 ,

2238 4669 2374 4740 ὅπερ
2405 4663 2475 4739 ἦν
2503 4666 2728 4737 ποιῆσαι
2759 4667 2821 4720 τὺ
2850 4665 3061 4739 θέλημα
3118 4667 3215 4724 τοῦ
3262 4668 3579 4741 πέμψαντος
3613 4672 3776 4725 αὑτὸν
3797 4711 3814 4736 ,

2240 4759 2336 4813 καὶ
2368 4760 2651 4813 τελειῶσαι
2676 4759 2738 4811 τὸ
2766 4758 2926 4830 ἔργον
2951 4759 3140 4814 αὑτοῦ.

2312 4852 2401 4907 56.
2434 4871 2451 4903 ι
2489 4853 2651 4921 Λέγει
2678 4854 2861 4915 αὐτοῖς
2891 4854 2919 4905 ό
2964 4853 3171 4923 Ἰησοῦς
3192 4874 3205 4888 ·
3253 4857 3415 4928 Ἐμὸν
3447 4853 3644 4928 βρῶμά
3670 4855 3818 4907 ἐστιν

2242 4945 2331 4996 ἵνα
2384 4943 2598 5013 ποιήσω
2637 4941 2697 4995 τὸ
2739 4940 2952 5013 θέλημα
2986 4943 3083 4999 τοῦ
3137 4946 3450 5018 πέμψαντός
3485 4961 3573 5016 με,
3609 4944 3704 4998 καὶ
3732 4959 3820 4997 τε-

2242 5034 2450 5089 λειώσω
2511 5033 2678 5089 αὑτοῦ
2734 5034 2796 5087 τὸ
2860 5034 3042 5108 ἔργον.
3074 5058 3093 5090 ι
3149 5039 3440 5110 Πρέπουσα
3492 5036 3693 5109 βρῶσις
3740 5035 3819 5105 τῷ

2246 5126 2362 5198 Υἱῷ
2414 5125 2508 5179 τοῦ
2547 5125 2705 5191 Θεοῦ,
2759 5127 2851 5183 ὅτε
2885 5130 3114 5201 ποιητὴς
3145 5130 3355 5200 γίνεται
3401 5127 3497 5182 τοῦ
3550 5126 3817 5197 πατρικοῦ

2286 5268 2330 5299 ’⁷
2363 5266 2595 5338 Gemit,
2621 5265 2657 5324 8
2687 5283 2840 5338 seqq.
2940 5271 2986 5303 "'
3014 5286 3155 5326 vers.
3198 5270 3292 5325 30.
3369 5271 3414 5302 ”
3462 5268 3621 5322 Prov.
3664 5284 3720 5334 ι,
3759 5266 3814 5321 3.

633 5444 750 5567 3'56)
785 5446 901 5497 Ἀπ’
923 5443 1109 5525 αὑτοῦ
1156 5444 1369 5525 Ἰησρῦ,
1398 5445 1591 5512 πλήν.
1612 5448 1701 5501 Sic
1737 5449 1939 5537 optime
1976 5452 2131 5537 habet

566 5532 631 5569 co
668 5529 732 5569 ea
765 5511 1126 5569 Bodleianus:
1170 5515 1368 5569 Beatus
1429 5532 1576 5569 vero.
1636 5519 1794 5569 male.
1838 5520 1931 5569 ἀπ’
1974 5537 2131 5569 αλτου

2250 5472 2372 5521 tum
2406 5477 2506 5527 pro
2530 5458 2779 5530 οὐδαμῶς.
2816 5458 3013 5530 legitur
3041 5459 3184 5522 οὐδέ.
3220 5473 3320 5514 nec
3352 5473 3459 5513 non
3495 5454 3821 5523 ἐξαποστέλ-

2247 5526 2327 5569 ’λςο
2353 5548 2452 5569 nm
2481 5528 2845 5569 EFmenn-rzlet,

631 5511 1127 5603 dex‘ﬁodleianus;
1170 5515 1368 5583 Regius
1429 5511 1576 5579 vero,
1636 5511 1794 5584 male,
1838 5520 1931 5572 ἀπ’
1974 5521 2135 5574 αὶτοῦ

565 5583 1054 5725 1:0tif’iimflhti’.codice
1083 5651 1372 5711 Bodleiano
1400 5655 1554 5712 deest
1577 5658 1624 5710 οξ
1656 5656 1855 5726 πίονες,
1880 5668 1934 5716 et
1982 5671 2138 5733 paulo

2247 5526 2452 5608 λει
2480 5526 2896 5608 ἐξαποστελεῖτᾷ
3046 5601 3058 5608 _
3186 5599 3221 5608 n
3278 5598 3312 5608 η
3353 5600 3364 5608 _
3592 5596 3632 5608 _
3713 5597 3725 5608 θ

2289 5596 2432 5726 0ἓέῧδ)
2459 5600 2803 5669 Φθάσωμεν.
2843 5599 2934 5655 Sic
2960 5601 3130 5658 codex
3184 5598 3544 5666 Bodleianus;
3592 5596 3820 5668 Regius,

2249 5689 2285 5733 φ
2362 5688 2546 5735 σομεν.
