4170 6408
347 342 445 397 Mil

1404 336 1759 393 COMMENT.
1791 335 1858 389 ΙΝ
1897 334 2087 391 JOAN.
2125 333 2364 390 TOMUS
2396 332 2535 391 XIII.

3493 336 3599 392 462

346 462 672 533 θελήματος,
699 456 857 511 τοῦτο
878 457 939 510 τὸ
966 456 1139 510 θέλειν
1179 457 1237 509 ὲν
1265 456 1447 527 ἑαυτῷ
1470 456 1659 521 ποιῶν,
1692 457 1828 528 ὅπερ
1858 451 1925 527 ἦν

2032 455 2178 524 quod
2207 464 2291 509 est
2322 464 2379 511 et
2412 455 2466 509 in
2495 454 2681 519 Patre,
2714 453 2791 508 ita
2823 462 2881 507 ut
2902 452 3151 508 voluntas
3186 453 3280 510 Dei
3305 456 3376 511 sit
3400 457 3453 511 in
3478 456 3600 511 Filii

346 554 441 608 καὶ
467 554 525 605 ὲν
550 550 627 622 τῷ
650 551 845 623 Πατρὶ,
876 549 1017 603 ὥστε
1041 545 1179 603 εἶναι
1222 549 1284 601 τὸ
1316 547 1528 621 θέλημα
1563 548 1658 602 τοῦ
1696 547 1830 601 Θεοῦ
1870 550 1926 601 ἐν

343 645 422 716 τῷ
438 643 701 715 θελήματι
724 641 818 695 τοῦ
835 641 965 694 Υἰοῦ
981 642 1096 695 ἀπα
1103 640 1385 713 ραλλάκτῳ
1401 642 1490 695 τοῦ
1509 641 1809 713 θελήματος
1832 642 1924 696 τοῦ

343 726 562 808 Πατρὺς
586 774 602 797 ,
644 734 723 797 εἰς
759 734 820 787 τὸ
856 733 1054 805 μηκέτι
1078 729 1217 788 εἶναι
1250 733 1344 786 δύο
1377 733 1676 805 θελήματα,
1707 735 1842 789 ἀλλὰ
1870 734 1926 787 ἓν

345 828 559 899 θέλημα
592 827 700 898 (59)
721 844 735 857 ·
790 827 929 898 ὅπερ
966 825 1025 880 ἓν
1051 826 1263 898 θέλημα
1298 826 1469 880 αἴτιον
1503 823 1571 898 ἦν
1613 826 1709 880 τοῦ
1746 827 1926 896 λέγειν

343 921 437 974 τὸν
471 920 616 974 Υἰόν·
651 938 669 970 t
718 917 858 987 Ἐγὼ
890 919 983 971 καὶ
1033 920 1062 971 ὁ
1106 918 1294 990 Πατὴρ
1324 919 1384 973 ’έν
1426 921 1621 990 ἐσμεν·
1659 938 1677 971 ι
1712 919 1806 972 καὶ
1838 919 1924 973 διὰ

344 1012 506 1066 τοῦτο
536 1011 596 1064 τὸ
626 1010 838 1082 θέλημα
859 1013 888 1064 ὁ
912 1009 1034 1065 ἰδὼν
1062 1011 1224 1064 αὐτὸν
1248 1010 1461 1084 ἑώρακε
1490 1011 1581 1064 τὸν
1608 1012 1753 1075 Υἱὺν,
1780 1012 1926 1082 ἐώρα

341 1105 401 1158 δὲ
431 1105 525 1158 καὶ
555 1103 647 1157 τὸν
682 1103 977 1175 πέμψαντα
1008 1103 1189 1156 αὐτόν.
1232 1104 1341 1157 Καὶ
1376 1105 1585 1175 πρέπον
1615 1122 1678 1173 γε
1726 1104 1926 1175 μᾶλλον

344 1198 457 1271 (40)
485 1198 628 1251 οὕτω
656 1201 799 1251 νοεῖν
833 1199 982 1268 ἡμᾶς
1017 1196 1282 1250 ποιεῖσθαι
1312 1198 1415 1250 ὑπὸ
1441 1197 1540 1251 τοῦ
1563 1197 1693 1251 Υἱοῦ
1733 1197 1795 1251 τὸ
1840 1197 1927 1250 θέ-

342 1293 493 1363 λημα
546 1289 642 1344 τοῦ
698 1290 937 1362 Πατρὸς,
993 1291 1085 1357 ἀφ’
1121 1282 1181 1343 οῦ
1240 1288 1547 1359 θελήματος
1598 1289 1691 1341 καὶ
1722 1289 1789 1341 τὰ
1821 1289 1925 1355 ἔξω

341 1385 438 1437 τοῦ
484 1384 729 1447 Θέλοντος
764 1382 944 1445 καλῶς
970 1382 1208 1450 ἐγένετο,
1251 1381 1395 1453 ἥπερ
1436 1381 1509 1452 μὴ
1556 1398 1925 1454 περιεργασα-

345 1475 540 1547 μένους
571 1477 714 1547 ἡμᾶς
741 1474 812 1528 τὰ
839 1475 969 1546 περὶ
1008 1474 1100 1527 τοῦ
1153 1473 1455 1546 θελήματος
1504 1474 1741 1545 νομίζειν
1786 1469 1923 1527 εἶναι

342 1567 406 1621 τὸ
435 1570 608 1621 ποιεῖν
637 1568 697 1620 τὸ
735 1566 948 1638 θέλημα
973 1566 1067 1619 τοῦ
1101 1565 1440 1636 πέμψαντος,
1467 1566 1524 1617 ἐν
1554 1566 1637 1631 τῷ
1657 1565 1781 1619 τάδε
1803 1566 1923 1618 τινὰ

342 1656 416 1712 τὰ
451 1657 556 1722 ἔξω
582 1659 778 1711 ποιεῖν·
814 1657 993 1709 έκεῖνο
1018 1654 1147 1727 γὰρ,
1185 1654 1347 1725 (λέγω
1393 1654 1451 1708 δὲ
1489 1653 1550 1707 τὸ
1580 1653 1685 1720 ἔξω
1715 1654 1807 1706 τοῦ
1836 1654 1922 1707 θέ-

343 1749 597 1813 λοντος,ὶ
632 1747 917 1819 γινόμενον
964 1748 1133 1819 χωρὶς
1177 1746 1271 1800 τοῦ
1317 1747 1712 1818 προειρημένου
1767 1746 1923 1818 θελή-

346 1807 548 1914 ματος,⁷
567 1807 665 1910 οὐχ
691 1807 809 1893 ὅλον
838 1839 937 1910 μὲν
965 1807 1030 1892 τὸ
1050 1807 1269 1908 ’θέλημα
1305 1807 1400 1891 τοῦ
1431 1807 1642 1909 Πατρός
1663 1854 1675 1867 ·
1716 1840 1823 1891 πᾶν
1866 1807 1923 1890 έέ
1958 1807 1998 1860 Β

347 1933 465 1986 ἐστι
520 1931 582 1984 τὸ
625 1930 834 2001 θέλημα
875 1929 1111 2001 Πατρὸς,
1169 1930 1274 1982 ὑπὸ
1315 1928 1408 1982 τοῦ
1439 1928 1567 1982 Υἱοῦ
1601 1929 1921 1999 γινόμενον,

345 2026 436 2079 ὅτε
464 2024 524 2078 τὸ
567 2023 741 2077 θέλειν
790 2021 885 2075 τοῦ
936 2021 1071 2076 Θεοῦ
1113 2021 1401 2092 γενόμενον
1443 2022 1500 2074 ὲν
1536 2020 1615 2091 τῷ
1646 2021 1758 2091 Υἱῷ
1784 2024 1927 2074 ποιεῖ

346 2115 541 2179 ταῦτα,
575 2114 719 2185 ἅπερ
752 2111 1001 2183 βούλεται
1028 2112 1090 2165 τὸ
1124 2112 1334 2183 θέλημα
1360 2110 1456 2164 τοῦ
1487 2110 1643 2164 Θεοῦ·
1672 2112 1829 2181 μόνος
1868 2111 1925 2163 δὲ

344 2208 374 2260 ὁ
413 2203 541 2269 Υἱὸς
588 2206 698 2259 πᾶν
744 2204 806 2256 τὸ
840 2203 1053 2275 θέλημα
1099 2206 1245 2255 ποιεῖ
1286 2203 1534 2273 χωρῆσαι
1561 2200 1655 2254 τοῦ
1691 2202 1920 2272 Πατρός·

340 2280 537 2371 διόπερ
584 2299 678 2351 καὶ
722 2295 887 2353 εἰκὼν
920 2295 1108 2351 αὑτοῦ.
1150 2296 1540 2350 Ἐπισκεπτέον
1590 2295 1645 2348 δὲ
1677 2297 1779 2349 καὶ·
1799 2295 1927 2365 περὶ

343 2388 442 2443 τοῦ
498 2388 654 2457 ἁγίου
705 2387 1045 2459 Πνεύματος.
1083 2388 1126 2439 Τ
1129 2387 1164 2441 ἁ
1193 2386 1251 2440 δὲ
1282 2385 1445 2439 λοιπὰ
1489 2386 1619 2454 ἅγια
1646 2385 1796 2439 οὐδὲν
1829 2386 1927 2455 μὲν

348 2471 565 2537 ποιήσει
583 2478 691 2550 (41)
719 2480 873 2552 παρὰ
887 2479 948 2532 τὸ
965 2478 1177 2549 θέλημα
1203 2476 1298 2530 τοῦ
1322 2475 1480 2539 Θεοῦ,
1499 2477 1591 2530 καὶ
1619 2476 1796 2529 πάντα
1813 2494 1875 2545 γε
1892 2476 1929 2530 ἃ

348 2571 590 2642 ποιήσει,
610 2571 825 2640 ποιήσει
859 2568 1001 2623 κατὰ
1023 2570 1269 2640 βούλημα
1292 2568 1385 2622 τοῦ
1407 2567 1564 2632 Θεοῦ,
1591 2567 1652 2618 οὐ
1675 2567 1921 2637 μέντοιγε

345 2660 563 2731 διαρκεῖ
602 2659 739 2731 πρὸς
775 2658 836 2711 τὸ
880 2659 1023 2714 κατὰ
1064 2660 1125 2712 τὸ
1172 2661 1281 2713 πᾶν
1329 2658 1541 2730 θέλημα
1588 2653 1924 2728 τυπωθήναι.

348 2755 461 2808 Καὶ
483 2753 603 2806 τόδε
635 2770 700 2821 γε
728 2752 791 2806 τὸ
822 2750 977 2820 ἅγιον
1025 2752 1178 2824 παρὰ
1207 2752 1329 2805 τόδε
1373 2752 1434 2805 τὸ
1479 2752 1633 2822 ἆγιον
1665 2750 1845 2825 μεῖζον
1892 2753 1927 2825 ἢ

349 2845 533 2898 πλεῖον
556 2884 570 2906 ,
627 2843 661 2915 ἢ
713 2844 957 2915 πλεῖον,ῆ
989 2843 1363 2915 έκτοπώτερον
1417 2845 1700 2916 συγκρίσει
1741 2843 1928 2915 ἑτέρου

348 2937 587 3008 χωρήσει
626 2936 734 2989 ἀπὸ
787 2934 883 2989 τοῦ
933 2934 1204 3008 πατρικοῦ
1250 2935 1553 3008 θελήματος
1581 2976 1596 3001 ,
1641 2937 1735 2989 καὶ
1770 2937 1930 2990 πάλιν

349 3027 483 3098 παρ’
507 3028 680 3080 έκεῖνο
712 3025 864 3080 ἔσται
895 3043 946 3078 τι
976 3024 1104 3079 ἄλλο
1149 3025 1509 3097 διαφερόντως
1546 3026 1654 3098 (42)
1697 3026 1927 3099 χωροῦν.

350 3124 469 3177 Πᾶν
504 3122 561 3175 δὲ
600 3122 695 3176 καὶ
732 3123 853 3175 ὅλον
888 3122 948 3175 τὸ
977 3122 1189 3192 θέλημα
1228 3121 1323 3174 τοῦ
1357 3121 1493 3174 Θεοῦ
1539 3126 1755 3193 ποιήσει
1788 3124 1817 3174 ὁ
1849 3124 1928 3175 εξ-

352 3212 470 3267 πών
496 3229 511 3247 ο
548 3231 567 3261 t
611 3213 774 3283 Ἐμὸν
813 3211 1012 3283 βρῷμὰ
1040 3210 1151 3282 (45)
1185 3213 1331 3264 ἐστιν
1361 3208 1448 3264 ἵνα
1497 3211 1708 3281 ποιήσω
1739 3210 1800 3263 τὸ
1844 3209 1931 3263 θέ-

350 3311 417 3379 λη
426 3323 503 3377 μα
533 3305 631 3359 τοῦ
662 3304 798 3359 Θεοῦ
823 3305 916 3358 τοῦ
944 3304 1257 3376 πέμψαντός
1286 3321 1373 3375 με.
1399 3323 1418 3355 ι
1446 3304 1601 3357 Μετὰ
1622 3303 1777 3357 τοῦτο
1803 3304 1930 3371 γοῦν

353 3416 517 3471 φησιν
549 3398 891 3471 εὐχαρίστως
921 3398 1049 3470 περὶ
1080 3397 1175 3451 τοῦ
1222 3394 1359 3450 Θεοῦ
1382 3412 1395 3425 ·
1426 3414 1446 3448 ι
1487 3396 1653 3450 Οὐδὲν
1707 3396 1931 3449 δύναται

361 3490 537 3555 ὁΥἱὺς
574 3493 747 3545 ποιεῖν
781 3491 875 3559 ἀφ’
906 3489 1101 3543 ἑαυτοῦ
1135 3489 1307 3554 οὐδὲν,
1335 3487 1431 3544 ἐὰν
1472 3489 1545 3561 μή
1567 3506 1620 3541 τι
1644 3488 1816 3559 βλέπῃ
1840 3488 1933 3541 τὸν

352 3583 576 3656 Πατέρα
608 3582 893 3637 ποιοῦντα·
924 3582 961 3638 ἃ.
989 3581 1098 3654 γὰρ
1126 3582 1221 3636 ἐὰν
1265 3584 1394 3654 ποιῇ
1425 3584 1455 3636 ὁ
1486 3583 1676 3654 Πατήρ
1702 3621 1718 3646 ,
1760 3580 1935 3635 ταῦτα

354 3676 451 3730 καὶ
487 3678 516 3729 ὁ
542 3675 669 3738 Υἱὸς
694 3675 900 3743 ὁμοίως
928 3677 1093 3728 ποιεῖ·
1120 3676 1150 3726 ὁ
1183 3673 1374 3744 Πατὴρ
1404 3674 1593 3743 ἀγαπᾷ
1629 3674 1720 3727 τὸν
1765 3672 1893 3727 Υἰὸν
1916 3711 1932 3737 ,

354 3768 451 3821 καὶ
480 3767 659 3821 πάντα
686 3767 957 3820 δείκνυσιν
989 3765 1138 3837 αὐτῷ
1169 3766 1205 3820 ἃ
1230 3766 1396 3830 αὐτὸς
1429 3769 1590 3819 ποιεῖ’
1620 3784 1639 3816 ι
1668 3766 1761 3819 καὶ
1794 3766 1934 3837 τάχα

353 3859 445 3913 διὰ
474 3858 645 3913 ταῦτα
675 3858 837 3913 εἰκών
870 3861 987 3912 ἐστι
1017 3859 1108 3912 τοῦ
1140 3857 1273 3912 Θεοῦ
1295 3859 1390 3912 τοῦ
1423 3857 1677 3929 ἀοράτου·
1711 3858 1936 3931 καὶγὰρ

356 3949 418 4003 τὸ
461 3951 518 4002 iw
563 3948 712 4019 αὐτῷ
759 3948 971 4019 θέλημα
1016 3946 1179 4002 εἰκὼν
1209 3947 1302 4000 τοῦ
1338 3946 1554 4019 πρώτου
1598 3946 1932 4018 θελήματος,

356 4041 453 4094 καὶ
482 4042 515 4112 ή
541 4042 599 4093 ἐν
625 4039 774 4110 αὐτῷ
802 4039 994 4111 θεότης
1025 4039 1190 4093 εἰκὼν
1220 4039 1322 4110 τῆς
1358 4037 1619 4109 ἀληθινῆς
1650 4038 1930 4110 θεότητος·

356 4130 521 4185 εἰκὼν
559 4130 619 4184 δὲ
641 4130 860 4201 καὶτῆς
889 4130 1223 4202 ἀγαθότητος
1265 4128 1341 4183 ὣν
1384 4127 1479 4182 τοῦ
1516 4128 1727 4200 Πατρός
1762 4144 1896 4200 φησι
1918 4144 1932 4159 ο

365 4241 386 4274 t
416 4221 481 4275 Τί
516 4239 584 4292 με
630 4220 810 4290 λέγεις
851 4220 1090 4290 ἀγαθόν;
1135 4240 1153 4272 ι
1193 4220 1304 4274 Καὶ
1333 4220 1493 4274 τοῦτό
1519 4236 1585 4289 γε
1611 4218 1675 4272 τὸ
1726 4218 1937 4290 θέλημα

359 4311 561 4383 βρῶμά
587 4313 704 4364 ἐστι
743 4309 840 4364 τοῦ
882 4311 1013 4365 Υἱοῦ
1044 4311 1174 4365 ἴδιον
1218 4309 1403 4364 αὐτοῦ·
1442 4310 1523 4364 διὸ
1556 4309 1754 4382 βρῶμά
1790 4312 1936 4363 ἐστιν

359 4406 389 4457 ὃ
417 4405 581 4457 ἐστιν.
616 4404 738 4457 Ὅτι
769 4403 827 4456 δὲ
871 4403 934 4456 τὸ
971 4404 1100 4474 περὶ
1148 4403 1246 4474 τῆς
1282 4401 1575 4465 διαθέσεως
1608 4404 1726 4454 ἐστι
1759 4401 1821 4455 τὸ
1852 4401 1939 4454 θέ-

2030 545 2309 600 voluntate
2344 544 2671 600 immutabili
2721 558 2752 598 a
2784 543 3062 599 voluntate
3096 538 3314 610 Patris;
3373 561 3442 601 ne
3496 547 3607 600 sint

2030 636 2264 707 amplius
2319 637 2436 691 duae
2488 636 2802 690 voluntates
2827 677 2843 702 ,
2883 636 2979 691 sed
3024 650 3129 690 una
3158 636 3404 692 voluntas
3436 653 3453 692 :
3483 651 3606 707 qua

2029 745 2135 784 una
2168 730 2419 784 voluntas
2452 739 2644 784 auctor
2681 738 2766 785 est
2808 729 2947 785 Filio
3000 730 3090 784 Dei
3126 730 3338 784 dicendi
3374 749 3389 785 :
3422 748 3443 785 ι
3493 731 3607 801 Ego

2028 834 2083 878 et
2117 823 2278 878 Pater
2307 839 2472 877 unum
2498 838 2688 879 sumus
2715 823 2760 854 “
2792 844 2805 875 :
2847 842 2866 874 ι
2902 831 2952 877 et
2990 823 3129 876 hanc
3153 827 3222 877 ob
3245 824 3606 889 voluntatem,

2028 916 2118 985 qui
2155 932 2281 971 eum
2310 917 2467 981 vidit,
2498 918 2706 971 viditet
2730 916 2948 979 Filium,
2988 916 3122 969 vidit
3148 918 3311 970 etiam
3347 931 3474 970 eum
3512 922 3604 985 qui

2031 1009 2181 1063 misit
2209 1010 2380 1078 ipsum
2417 1009 2484 1063 ⁸⁵.
2514 1009 2791 1078 Decetque
2823 1008 2996 1077 magis
3038 1008 3111 1061 ita
3157 1023 3255 1060 nos
3301 1007 3610 1071 intelligere

2028 1113 2267 1171 paterna:
2312 1101 2607 1155 voluntatis
2657 1115 2863 1154 morem
2895 1114 3088 1170 gerere
3130 1098 3353 1167 Filium,
3382 1099 3549 1172 246
3577 1118 3605 1153 a

2028 1210 2134 1263 qua
2167 1193 2447 1248 voluntate
2477 1209 2539 1248 ea
2577 1194 2740 1249 etiam
2774 1206 2897 1263 quae
2936 1202 3092 1248 extra
3121 1205 3246 1246 eum
3302 1202 3468 1257 sunt,
3514 1193 3605 1260 qui

2032 1285 2166 1353 vult,
2203 1284 2465 1353 prmelare
2497 1283 2641 1338 facta
2673 1295 2834 1352 sunt;
2878 1299 3041 1354 quam
3074 1286 3346 1340 curiosius
3390 1301 3452 1340 ea
3481 1300 3604 1355 qua:

2029 1380 2094 1434 ad
2117 1379 2447 1434 voluntatem
2485 1379 2761 1449 pertinent
2797 1389 3112 1448 spectantes
3138 1419 3153 1444 ,
3187 1378 3368 1434 facere
3408 1378 3604 1433 volun-

2030 1482 2193 1526 tatem
2229 1469 2347 1538 ejus
2372 1470 2463 1539 qui
2498 1472 2686 1537 misit,
2735 1472 2788 1525 in
2823 1470 3088 1525 faciendis
3130 1470 3451 1540 quibusdam
3486 1487 3607 1541 quae

2026 1563 2297 1617 exteriora
2360 1572 2509 1628 sunt,
2574 1564 2810 1632 positum
2863 1562 3202 1617 existimare.
3274 1563 3407 1618 Illud
3456 1566 3603 1618 enim

2027 1656 2186 1724 (dico
2243 1667 2422 1711 autem
2482 1656 2633 1723 illud,
2691 1655 2834 1727 quod
2864 1666 3019 1709 extra
3050 1655 3354 1726 volentem)
3402 1655 3603 1712 factum

2027 1763 2272 1803 seorsum
2301 1765 2330 1802 a
2355 1750 2633 1805 voluntate
2661 1748 2942 1817 praedicta,
2972 1763 3081 1803 non
3104 1758 3190 1803 est
3221 1757 3330 1804 tota
3350 1749 3604 1803 voluntas

2025 1839 2244 1909 Patris;
2277 1856 2399 1896 cum
2422 1841 2621 1911 alioqui
2649 1850 2760 1896 tota
2792 1840 3047 1895 voluntas
3087 1839 3269 1896 Patris
3298 1856 3327 1894 a
3366 1839 3506 1895 Filio
3529 1842 3604 1895 sit

2025 1928 2239 1995 effecta,
2270 1947 2392 1986 cum
2418 1931 2555 1986 velle
2582 1931 2675 1985 Dei
2707 1938 2895 1985 natum
2918 1931 2973 1984 in
2996 1929 3134 1985 Filio
3150 1930 3321 1986 faciat
3342 1932 3459 1987 haac
3483 1945 3603 2001 qua:

2026 2023 2157 2077 velit
2181 2023 2434 2078 voluntas
2465 2023 2558 2078 Dei
2590 2045 2602 2078 :
2633 2023 2751 2077 solo
2784 2022 2919 2076 Filio
2946 2023 3199 2091 capiente
3229 2031 3397 2077 totam
3427 2022 3604 2076 Patris

2026 2115 2367 2172 voluntatem
2406 2134 2419 2170 :
2454 2131 2616 2186 quam
2657 2115 2823 2169 etiam
2869 2115 2938 2169 ob
2962 2130 3184 2171 causam
3229 2117 3408 2185 imago
3435 2115 3604 2183 ipsius

2026 2218 2113 2264 est
2159 2210 2205 2243 ³⁸
2240 2226 2254 2263 :
2288 2210 2339 2264 id
2374 2210 2518 2279 quod
2548 2209 2713 2264 etiam
2761 2210 2827 2264 de
2873 2208 3079 2277 Spiritu
3114 2219 3305 2263 sancto
3354 2210 3606 2263 conside-

2030 2302 2260 2354 randum
2291 2312 2396 2357 est.
2445 2300 2718 2356 Caeterum
2775 2300 2969 2369 reliqui
3000 2301 3173 2355 sancti
3206 2300 3340 2355 nihil
3387 2301 3603 2369 quidem

2030 2394 2232 2448 facient
2263 2404 2462 2462 praeter
2500 2395 2834 2452 voluntatem
2882 2397 2973 2451 Dei
2999 2437 3014 2461 ,
3058 2406 3220 2465 atque
3264 2394 3442 2449 omnia
3476 2408 3603 2463 pro-

2031 2481 2173 2537 fecto
2225 2499 2346 2550 quae
2397 2484 2619 2553 facient,
2679 2487 2877 2541 facient
2924 2485 3223 2542 secundum
3271 2485 3606 2540 voluntatem

2033 2576 2163 2643 Dei,
2189 2577 2330 2631 haud
2363 2587 2541 2633 tamen
2584 2590 2643 2634 ut
2686 2590 2797 2635 tota
2830 2580 2926 2636 Dei
2963 2580 3217 2633 voluntas
3261 2577 3609 2647 imprimatur

2030 2670 2086 2724 in
2117 2670 2216 2723 eis.
2252 2668 2390 2736 Quin
2425 2673 2527 2726 hoc
2558 2683 2809 2726 sanctum
2834 2686 2944 2741 prae
2983 2672 3077 2726 illo
3106 2680 3295 2726 sancto
3329 2669 3524 2725 melius
3552 2680 3610 2724 et

2031 2761 2230 2832 majus,
2262 2762 2383 2833 plus
2409 2773 2575 2833 atque
2598 2767 2914 2832 expressius
2945 2765 3202 2833 percipiet
3234 2778 3303 2818 ex
3331 2763 3612 2817 voluntate

2030 2861 2283 2922 paterna,
2317 2857 2731 2925 comparatione
2764 2856 3009 2921 alterius,
3054 2872 3162 2926 quo
3191 2865 3385 2911 sancto
3421 2869 3611 2910 rursus

2031 2947 2176 3003 aliud
2216 2957 2464 3002 sanctum
2519 2948 2878 3004 excellentius
2927 2949 3210 3019 percipiet.
3271 2950 3341 3001 At
3387 2961 3605 3001 omnem

2032 3039 2449 3107 universamque
2480 3042 2570 3094 Dei
2594 3041 2931 3096 voluntatem
2957 3040 3046 3095 ille
3064 3040 3225 3096 faciet
3253 3040 3347 3109 qui
3371 3038 3513 3093 dixit
3536 3037 3605 3094 ’τι

1959 3154 2000 3208 C
2039 3152 2058 3183 ι
2086 3132 2236 3186 Mens
2265 3133 2419 3185 cibus
2445 3142 2529 3186 est
2561 3143 2619 3186 tat
2649 3131 2845 3187 faciam
2872 3133 3203 3188 voluntatem
3229 3151 3248 3184 ι
3285 3132 3378 3187 Dei
3403 3173 3419 3198 ,
3470 3151 3489 3183 ι
3518 3132 3611 3200 qui

2034 3225 2183 3277 misit
2208 3237 2314 3277 me.
2345 3242 2364 3275 ι
2392 3222 2522 3278 Post
2547 3224 2664 3278 haec
2696 3224 2865 3294 igitur
2905 3224 2972 3278 de
3015 3224 3128 3278 Deo
3164 3223 3339 3292 inquit
3368 3224 3608 3293 gratiose

2034 3319 2322 3371 admodum
2357 3334 2372 3371 :
2408 3315 2584 3371 «Nihil
2608 3326 2793 3386 potest
2836 3317 3010 3373 Filius
3059 3317 3242 3372 facere
3287 3332 3317 3371 a
3358 3331 3421 3372 se
3465 3316 3609 3386 ipso,

2034 3409 2136 3463 nisi
2168 3408 2369 3464 viderit
2405 3408 2621 3463 Patrem
2653 3408 2860 3478 aliquid
2908 3408 3241 3474 facientem;
3295 3424 3415 3478 qua:
3458 3409 3606 3463 enim

2031 3499 2197 3554 Pater
2218 3498 2368 3565 facit,
2394 3514 2457 3555 ea
2489 3499 2741 3555 similiter
2764 3509 2821 3554 et
2841 3498 3016 3554 Filius
3046 3499 3214 3563 facit;
3248 3498 3412 3553 Pater
3433 3499 3613 3569 diligit

2034 3589 2251 3655 Filium,
2282 3589 2537 3644 etomnia
2572 3589 2645 3643 illi
2672 3589 2911 3644 ostendit
2933 3603 3053 3657 qua:
3085 3590 3200 3657 ipse
3226 3590 3352 3645 facit
3385 3589 3468 3654 ³⁸;
3500 3608 3520 3642 ι
3559 3599 3618 3645 et

2035 3682 2285 3737 fortassis
2339 3682 2482 3736 hanc
2526 3681 2597 3735 ob
2645 3696 2867 3736 causam
2927 3682 3106 3751 imago
3160 3691 3246 3736 est
3288 3680 3381 3736 Dei
3426 3680 3616 3736 invisi-

2034 3772 2162 3828 bilis
2192 3773 2236 3806 ³⁹
2274 3791 2290 3827 :
2332 3773 2534 3827 etenim
2562 3772 2818 3828 voluntas
2841 3812 2857 3839 ,
2891 3787 3012 3842 quas
3041 3773 3093 3826 in
3120 3771 3238 3842 ipso
3267 3782 3385 3840 est,
3431 3773 3617 3841 imago

2036 3871 2120 3915 est
2145 3860 2165 3933 [
2186 3860 2324 3932 (45')
2363 3861 2558 3930 primae
2586 3860 2922 3925 voluntatis;
2955 3871 3011 3916 et
3038 3877 3159 3932 qua:
3183 3865 3237 3916 in
3266 3876 3332 3917 eo
3360 3871 3444 3916 est
3469 3861 3616 3916 divi-

2037 3947 2199 4016 nitas,
2230 3953 2407 4023 imago
2459 3951 2568 4024 est]
2622 3967 2770 4008 vera:
2809 3953 3111 4008 divinitatis
3148 3971 3162 4008 :
3196 3954 3375 4024 imago
3427 3964 3612 4009 autem

2037 4047 2203 4101 etiam
2246 4048 2519 4101 exsistens
2568 4047 2831 4101 bonitatis
2881 4045 3063 4103 Patris
3096 4046 3166 4114 “,
3210 4047 3425 4118 inquit:
3456 4064 3477 4098 ι
3505 4047 3618 4101 Cur

2038 4155 2127 4194 me
2153 4153 2315 4194 vocas
2341 4138 2545 4195 bonum
2575 4138 2661 4193 “7
2693 4157 2712 4192 ι
2762 4138 2829 4192 Ει
2864 4153 2995 4194 sane
3026 4141 3280 4196 voluntas
3307 4142 3425 4196 haec
3457 4139 3618 4196 cibus

2038 4238 2119 4283 est
2168 4229 2289 4283 Filii
2331 4231 2449 4296 Dei,
2501 4243 2665 4302 atque
2722 4233 2797 4287 illi
2850 4235 3104 4305 proprius
3150 4233 3273 4289 ideo
3323 4233 3480 4289 cibus
3530 4240 3619 4287 est

2038 4324 2180 4393 quod
2213 4324 2460 4378 voluntas
2509 4335 2611 4380 est.
2665 4324 2819 4392 Quod
2860 4337 3046 4381 autem
3104 4325 3355 4381 voluntas
3384 4325 3458 4380 sit
3489 4338 3615 4394 quas

2037 4414 2277 4483 pertinet
2297 4418 2362 4468 ad
2387 4416 2801 4486 dispositionem
2821 4462 2837 4482 ,
2868 4419 3115 4473 declarat
3151 4417 3243 4487 qui
3272 4415 3618 4486 subiungitur

360 4496 534 4567 λημα,
563 4495 713 4567 δηλοῖ
751 4497 785 4567 ή
817 4494 1185 4566 ἐπιφερομένη
1217 4492 1381 4559 λέξις,
1420 4492 1671 4564 δεύτερον
1707 4493 1930 4562 λέγουσα

2042 4517 2371 4571 contextus,
2427 4512 2669 4565 secundo
2730 4512 2960 4578 dicens,
3025 4519 3149 4582 post
3206 4510 3618 4566 exsecutionem

364 4587 504 4658 μετὰ
530 4586 626 4659 τὴν
661 4587 876 4658 ποίησιν
914 4586 1008 4639 τοῦ
1049 4585 1352 4657 θελήματος
1392 4582 1453 4638 τὸ
1504 4584 1839 4639 τελειοῦσθαι
1874 4586 1937 4637 τὸ

364 4676 525 4750 ἔργον
564 4674 658 4729 τοῦ
687 4675 843 4730 Θεοῦ.

436 4772 525 4826 57.
563 4771 847 4825 Ἐπιπλέον
873 4769 930 4823 δὲ
962 4771 1057 4824 καὶ
1084 4770 1212 4839 περὶ
1250 4768 1441 4823 τούτου
1481 4768 1786 4840 θεωρητέον
1812 4808 1826 4832 ,
1873 4768 1936 4819 ἶν’

367 4863 599 4933 εἰδῶμεν
624 4863 677 4915 τί
710 4864 828 4916 ἐστι
875 4861 968 4915 καὶ
1004 4861 1098 4915 τό·
1145 4879 1162 4911 t
1195 4860 1481 4914 Τελειὼσω
1524 4860 1689 4915 αὑτοῦ
1740 4859 1800 4912 τὸ
1843 4859 1936 4930 ἕρ-

367 4970 483 5025 γον.
526 4973 545 5006 ο
580 4954 645 5007 Εἰ
677 4955 775 5025 μὲν
797 4949 890 5007 οῦν
910 4970 995 5016 τις
1021 4951 1382 5025 ἁπλούστερον
1408 4953 1553 5022 ὲρεί,
1585 4952 1668 5004 ὅτι
1691 4950 1753 5004 τὸ
1773 4966 1940 5021 προσ-

368 5049 700 5123 τεταγμένον
743 5048 902 5121 ἔργον
941 5050 1077 5119 ὅπερ
1103 5048 1216 5119 (44)
1247 5047 1413 5102 αὑτοῦ
1441 5050 1557 5101 ἐστι
1587 5047 1680 5100 τοῦ
1713 5045 1943 5118 προστά-

2044 4600 2334 4654 voluntatis
2354 4601 2539 4670 perfici
2572 4618 2709 4671 Opus
2741 4603 2857 4659 Dei.

2114 4779 2205 4836 57.
2239 4779 2346 4837 Sed
2369 4782 2571 4839 diutius
2593 4784 3029 4841 considerandus
3075 4793 3161 4841 est
3185 4785 3274 4841 hic
3308 4794 3618 4850 contextus,

2046 4881 2106 4928 ut
2139 4873 2503 4946 intelligamus
2551 4877 2657 4932 hoc
2708 4877 2911 4932 dictum
2936 4916 2954 4943 ,
3012 4892 3245 4947 nempe,
3290 4896 3309 4930 ο
3338 4876 3617 4945 perficiant

2046 4980 2185 5034 opus
2234 4969 2471 5038 ipsius.»
2528 4969 2708 5040 Atque
2758 4969 2957 5039 aliquis
3011 4971 3231 5039 quidem
3299 4970 3639 5040 simpliciter

2050 5057 2194 5112 dicet
2224 5057 2528 5126 iniunctum
2560 5073 2698 5128 Opus
2726 5098 2743 5123 ,
2786 5060 2930 5114 illius
2952 5074 3074 5115 esse
3100 5059 3192 5129 qui
3220 5058 3380 5127 jussit
3406 5076 3421 5112 :
3454 5058 3620 5112 veluti

374 5143 593 5208 ξαντος,
652 5143 729 5206 ὡς
761 5144 821 5195 εἰ
867 5143 962 5195 ἐπὶ
1000 5141 1456 5212 παραδειγμάτων
1510 5140 1770 5210 ἐλέγομεν
1818 5139 1930 5202 τοὺς

2050 5145 2121 5211 si,
2152 5150 2301 5202 verbi
2329 5150 2531 5218 gratia,
2569 5151 2874 5204 diceremus
2914 5165 3009 5205 eos
3040 5151 3130 5219 qui
3159 5149 3464 5215 fabricant,
3501 5149 3625 5218 qui-

446 5284 493 5315 “
534 5282 691 5338 Joan.
734 5299 791 5343 χ,
837 5283 924 5337 50.

375 5354 423 5387 ⁶⁰
467 5354 596 5424 Sap.
624 5369 718 5419 vu,
750 5354 843 5408 26.
921 5352 974 5415 “_
997 5352 1163 5406 Marc.
1195 5369 1250 5416 x,
1286 5354 1347 5417 8;
1379 5350 1510 5405 Luc.
1539 5365 1697 5414 xvm,
1727 5350 1821 5402 l9.

445 5464 562 5539 (39)
594 5467 781 5539 _'A.1.td_
811 5466 880 5521 ἐν
917 5465 1161 5537 θέλημα.
1200 5464 1276 5520 Ita
1303 5469 1469 5520 codex
1492 5464 1857 5530 Bodleianus;
1885 5469 1938 5520 in

377 5536 551 5607 Regio
577 5537 727 5607 deest
753 5537 836 5590 ἓν.

471 5603 561 5674 10)
586 5603 855 5662 Μᾶλλον.
883 5605 1040 5663 Deest
1060 5607 1115 5661 in
1150 5606 1337 5660 codice
1375 5604 1689 5658 Bodleiano.

476 5679 563 5747 Η)
591 5679 769 5732 (ὶοιὶθκ
798 5677 1018 5747 Regius,
1051 5691 1355 5746 perperam.
1389 5675 1632 5744 ποιῆσαι.
1666 5675 1881 5747 Ibidem
1906 5689 1938 5730 e

384 5745 571 5802 codice
594 5745 1252 5802 Bodleiano‘restituimus
1276 5748 1394 5799 lucc
1425 5751 1613 5806 verba,
1680 5745 1774 5798 καὶ
1816 5745 1943 5801 πάν-

385 5835 454 5871 τα
481 5835 546 5893 γε
564 5814 602 5870 ἆ
617 5821 851 5892 ποιήσει,
870 5818 1083 5887 ποιήσει
1105 5815 1245 5872 κατὰ
1274 5814 1517 5884 βούλημα
1538 5814 1630 5869 τοῦ
1653 5813 1811 5871 Θεοῦ.

1001 5284 1045 5315 ³⁸
1070 5281 1225 5336 Joan.
1256 5297 1355 5342 xu,
1386 5279 1476 5351 45.
1552 5279 1597 5311 ³⁸
1626 5278 1666 5332 ll
1702 5278 1825 5351 Cor.
1853 5295 1927 5345 tv,

2091 5283 2135 5315 "
2162 5282 2320 5339 Joan.
2354 5300 2429 5351 IV,
2451 5285 2541 5340 54.
2619 5286 2663 5317 ³⁸
2692 5284 2849 5341 Joau.
2872 5302 2922 5349 ν,
2958 5288 3040 5349 l9,
3074 5285 3167 5345 20.
3243 5286 3286 5318 ³⁹
3317 5283 3432 5341 Col.
3460 5299 3501 5349 ι,
3532 5283 3620 5338 15.

2144 5468 2233 5533 42)
2260 5467 2445 5522 Codex
2480 5466 2702 5536 Regius,
2739 5465 2899 5531 male,
2928 5464 3292 5536 διαφέροντος.

2143 5530 2235 5607 45)
2281 5536 2452 5606 Ἐμὸν
2488 5530 2722 5605 βρῖῦμα.
2757 5536 2850 5592 Sic
2886 5530 3063 5591 codex
3091 5530 3454 5601 Bodleianus;
3512 5530 3619 5590 Bo.

2049 5607 2168 5678 gius
2187 5608 2378 5678 omisit
2410 5608 2561 5678 ὲμόν.

2122 5677 2260 5743 (45')
2280 5676 2405 5732 Haec
2439 5674 2807 5744 supplevimus
2830 5691 2861 5730 e
2888 5674 3159 5730 Perionio.

2122 5747 2235 5820 (Η)
2262 5748 2467 5816 Ὅπερ.
2496 5748 2720 5805 Videtur
2745 5746 3061 5819 παρέλκειν.
