4170 6414
349 398 454 455 εδδ

1415 393 1771 453 ΟΟΜΜΕΝΤ.
1810 394 1877 450 ΙΝ
1915 393 2107 452 JOAN.
2146 393 2387 452 TOMUS
2419 392 2562 449 XIII.

3450 352 3617 456 ’466

348 513 584 585 ἀχθέντα
661 513 887 579 ὕστερόν
958 530 1087 567 ποτε
1107 553 1123 577 ,
1188 511 1400 577 τούτοις
1448 513 1733 584 τελειωθῇ.
1786 512 1933 584 Πλὴν

2037 513 2191 578 mili,
2242 514 2317 568 ita
2378 512 2606 597 singulis
2650 510 2920 583 prolapsis
2970 512 3154 569 datum
3209 513 3281 570 sit
3331 516 3619 585 proprium

347 603 637 676 ἀμφότερα
675 604 852 658 ταῦτα
885 604 942 657 ἓν
986 603 1185 677 βρῶμά
1217 604 1366 657 ἐστιν
1408 602 1538 658 ῐδιον
1586 601 1739 667 Υίοῦ,
1780 603 1845 656 τό
1873 620 1934 655 τε

324 696 571 795 ’ποιῆσαι
594 696 657 750 τὸ
681 696 890 768 θέλημα
911 696 1007 751 τοῦ
1035 697 1350 769 πέμψαντος
1377 696 1541 751 αὐτὸν
1560 696 1778 769 Πατρός
1793 695 1932 769 (48),

346 790 439 843 διαὶ
466 788 527 841 τὸ
554 789 839 844 τελειῶσαι
867 790 926 844 τὺ
949 790 1109 863 ἔργον
1128 789 1316 845 αὐτοῦ.

2039 604 2314 674 quoddam
2335 604 2689 675 principium.
2713 605 2982 661 Caeterum
2999 603 3288 677 perﬁciens
3306 602 3466 662 Jesus
3484 623 3621 676 opus

2039 696 2134 751 Dei
2165 695 2333 768 258
2358 695 2502 766 (dico
2532 704 2712 752 autem
2740 697 3006 768 quidquid
3055 698 3283 752 rationis
3311 707 3395 753 est
3422 713 3617 767 capax,

2042 803 2150 843 non
2184 797 2393 843 tantum
2426 787 2750 858 hominem),
2789 803 2897 844 uno
2921 790 3224 859 eodemque
3255 789 3413 845 modo
3441 789 3622 860 ipsum

346 885 562 956 perﬁcit
592 903 608 939 :
640 887 684 942 si
712 888 931 956 quidem
963 904 1026 944 ea
1059 903 1180 958 qua:
1223 888 1468 942 beatiora
1503 897 1662 953 sunt,
1713 886 1960 957 parentia
1998 884 2238 940 sermoni
2282 890 2338 938 et
2386 883 2617 951 rationi,
2660 898 2767 939 non
2817 885 3030 954 egentia
3079 883 3303 953 labore,
3346 884 3465 941 solo
3502 900 3624 941 ser-

345 995 507 1035 mone
536 990 594 1035 et
635 979 847 1033 ratione
897 977 1289 1048 perﬁciuntur;
1342 979 1450 1032 alia
1497 993 1629 1032 vero
1678 993 1784 1033 non
1834 975 2117 1032 credentia
2167 975 2405 1030 sermoni
2455 982 2512 1029 et
2550 974 2781 1041 rationi,
2833 974 3110 1032 laboribus
3152 985 3337 1046 egent,
3392 986 3453 1032 ut
3500 987 3625 1048 post

344 1070 592 1134 labores,
653 1070 955 1125 rationibus
1009 1080 1199 1140 postea
1242 1069 1534 1140 aliquando
1572 1070 1842 1136 adducta,
1906 1068 1995 1124 his
2048 1068 2422 1139 perﬁciantur.
2476 1066 2864 1123 Verumtamen
2912 1069 3029 1122 haec
3072 1076 3340 1139 utraque,
3386 1069 3620 1134 scilicet,

345 1163 526 1220 Patris
557 1167 640 1221 sui
674 1166 1010 1220 voluntatem
1059 1165 1278 1233 facere,
1304 1167 1397 1237 qui
1444 1167 1590 1222 misit
1622 1166 1769 1220 illum
1791 1208 1808 1233 ,
1833 1176 2043 1237 etopus
2078 1166 2222 1221 illius
2252 1167 2537 1237 perﬁcere,
2576 1182 2718 1223 unus
2742 1175 2800 1222 et
2842 1165 3089 1236 proprius
3125 1166 3282 1221 cibus
3303 1162 3430 1222 Jesu
3469 1177 3616 1225 sunt.

414 1260 505 1315 58.
567 1261 627 1314 Ὅ
670 1261 729 1315 δὲ
773 1260 1087 1334 ’Πρακλέων
1127 1262 1218 1316 διὰ
1257 1261 1390 1316 τοῦ·
1442 1281 1462 1314 ι
1523 1262 1687 1334 Ἐμὸν
1730 1261 1931 1333 βρῶμά

344 1354 512 1417 ἐστιν,
562 1352 650 1406 ἵνα
688 1354 901 1426 ποιήσω
949 1354 1010 1406 τὸ
1050 1353 1267 1425 θέλημα
1305 1353 1400 1406 τοῦ
1431 1352 1748 1425 πέμψαντός
1777 1369 1872 1424 με,
1905 1371 1923 1403 ι

343 1445 479 1515 φησι
530 1444 836 1516 διηγεῖσθαι
891 1444 983 1500 τὸν
1036 1444 1267 1517 Σωτῆρα
1320 1446 1432 1509 τοῖς
1486 1443 1792 1515 μαθηταῖς,
1848 1444 1930 1497 ὅτι

342 1537 501 1591 τοῦτο
546 1534 616 1610 ἦν
660 1538 689 1592 δ
734 1539 1018 1611 συνεζήτει
1064 1541 1202 1611 μετά
1252 1542 1349 1613 τῆς
1397 1541 1676 1610 γυναικὸς,
1734 1540 1932 1614 βρῶμα

341 1627 472 1679 εῧιον
504 1626 675 1697 λέγων
699 1628 760 1681 τὸ
790 1628 1000 1701 θέλημα
1021 1630 1113 1685 τοῦ
1143 1632 1357 1696 Πατρός
1375 1648 1389 1663 ο
1426 1630 1584 1685 τοῦτο
1620 1632 1730 1703 γὰρ
1764 1633 1931 1687 αὐτοῦ

342 1720 538 1790 τροφὴ.
576 1687 670 1773 διαὶ
703 1687 1031 1787 ἀναπαῦσις,
1081 1724 1175 1777 καὶ
1209 1687 1441 1795 δύηναψμις
1479 1720 1569 1796 ἦν.
1614 1687 1836 1797 ὀὲλημα
1875 1724 1934 1779 δὲ
1964 1687 2008 1742 Β

346 1816 565 1888 Πατρδς
601 1816 786 1887 ἔλεγεν
822 1813 960 1873 εῖναι
989 1819 1051 1872 τὸ
1080 1819 1282 1890 γνῶναι
1327 1818 1653 1893 ἀνθρώπους
1688 1820 1782 1874 τὸν
1816 1820 1934 1874 Πα-

340 1905 495 1977 τέρα,
534 1907 627 1959 καὶ
661 1908 926 1979 σωθῆναι,
955 1910 1093 1981 ὅπερ
1126 1906 1194 1981 ἦν
1226 1910 1387 1983 ἔργον
1418 1910 1514 1965 τοῦ
1543 1910 1819 1982 Σωτῆρος,
1838 1910 1932 1965 τοῦ

338 1998 504 2052 ἕνεκα
554 2000 747 2055 τούτου
805 2003 1220 2075 ἀπεσταλμένου
1284 2006 1365 2068 εἰς
1404 2004 1761 2075 Σαμάρειαν,
1809 2020 1936 2058 του-

339 2089 518 2145 τέστιν
544 2094 626 2158 είς
644 2093 737 2147 τὸν
763 2095 988 2166 κόσμον.
1024 2094 1229 2167 Βρῶμα
1256 2090 1348 2149 οὖν
1374 2093 1623 2166 ὲξείληφε
1654 2094 1748 2148 τοῦ
1774 2093 1931 2160 Υίοῦ,

341 2185 435 2237 καὶ
458 2185 557 2256 τὴν
590 2186 740 2256 μετά
771 2187 872 2258 τῆς
903 2187 1300 2259 Σαμαρείτιδος
1323 2185 1644 2259 συζήτησιν,
1677 2188 1815 2260 ὅπερ
1843 2205 1932 2241 νο-

339 2275 482 2346 μίζω
522 2278 710 2348 σαφῶς
741 2281 907 2333 παντὶ¹
949 2278 1029 2351 τῷ
1062 2279 1297 2352 ὁρᾶσθαι
1339 2280 1435 2334 καὶ
1468 2278 1743 2345 ταπεινῶς
1769 2328 1773 2333 .
1795 2279 1935 2344 ἐξει-

338 2368 541 2440 λῆφθαι
575 2373 673 2425 καὶ
698 2370 1091 2443 βεϐιασμένως.
1127 2372 1252 2436 Πῶς
1272 2372 1329 2426 δὲ
1353 2372 1528 2444 τροφὴ
1559 2370 1654 2425 τοῦ
1681 2371 1936 2444 Σωτῆρος

339 2462 398 2515 τὸ
429 2462 643 2535 θέλημα
672 2464 766 2518 τοῦ
809 2465 1046 2537 Πατρδς,
1088 2464 1275 2536 σαφῶς
1317 2466 1378 2518 οὐ
1410 2465 1723 2536 παρέστησε
1745 2481 1758 2494 ·
1816 2464 1934 2529 πῶς

337 2552 394 2605 δὲ
423 2555 518 2607 καὶ
552 2554 863 2619 ἀνάπαυσις
886 2556 948 2609 τὸ
971 2555 1186 2628 θέλημα
1228 2555 1322 2610 τοῦ
1350 2556 1602 2628 Πατρός;
1630 2555 1795 2625 Λέγει
1824 2555 1934 2628 γὰρ

338 2645 367 2695 ὁ
396 2647 603 2718 Κύριος
636 2646 894 2719 ἀλλαχοῦ,
926 2648 1003 2713 ὡς
1035 2649 1097 2701 οὐ
1137 2649 1341 2712 παντὸς
1372 2648 1484 2720 (49)
1523 2649 1616 2713 τοῦ
1663 2648 1932 2718 πατρικοῦ

335 2736 644 2810 θελήματος
673 2740 1038 2805 ἀναπαύσεως
1062 2741 1227 2796 αὐτοῦ
1253 2740 1425 2806 ὄντος*
1460 2761 1480 2794 ι
1522 2741 1729 2814 Πάτερ,
1759 2742 1805 2795 εί
1840 2741 1932 2795 δυ-

339 2830 519 2894 νατὸν,
549 2831 865 2903 παρελθέτω
889 2832 950 2885 τὸ
981 2833 1240 2904 ποτήριον
1266 2833 1363 2888 ἀπ’
1404 2833 1540 2905 ἐμοῦ
1559 2851 1595 2905 '_
1615 2833 1755 2904 πλὴν
1790 2834 1850 2886 οὐ
1879 2833 1934 2887 τί

336 2920 451 2989 ἐγὼ
480 2900 644 2986 θέλω,
686 2923 822 2977 ἀλλά
862 2924 915 2976 τί
955 2923 1041 2980 σύ.
1082 2900 1310 2978 »ν-Πόθεν
1353 2924 1409 2978 δὲ
1438 2900 1546 2978 -καὶ
1579 2900 1662 2978 έὶτι
1703 2900 1935 2996 δύναμις

338 3012 431 3065 τοῦ
465 3013 721 3086 Σωτῆρος
747 3015 807 3069 τδ
835 3013 1047 3087 θέλημα
1066 3015 1160 3069 τοῦ
1192 3014 1365 3082 Θε⁰ὗ;

408 3102 496 3157 59.
534 3123 553 3154 ι
588 3106 701 3175 Οὐχ
737 3106 895 3177 ὑμεῖς
928 3106 1139 3175 λέγετε,
1163 3107 1245 3160 ὅτι
1273 3105 1619 3178 τετράμηνός
1660 3109 1800 3170 ἐστι,
1830 3106 1928 3162 καὶ

337 3198 365 3249 ὖ
422 3194 683 3268 θερισμὸς
734 3196 987 3268 έρχεται;
1050 3198 1180 3252 Ἰδοὺ
1223 3197 1369 3267 λέγω
1418 3198 1579 3269 ὑμῖν⁸
1654 3198 1929 3270 Ἐπάρατε

337 3288 463 3351 τοὺς
484 3288 797 3361 ὀφθαλμοὺς
839 3289 1015 3362 ὑμῶν,
1051 3291 1149 3345 καὶ
1177 3290 1446 3346 θεάσασθε
1473 3292 1574 3355 τὰς
1611 3289 1816 3363 χώρας,
1847 3291 1929 3345 ὅτι

336 3379 527 3433 λευκαί
584 3382 692 3434 εἰσι
750 3381 888 3453 πρὸς
932 3381 1195 3453 θερισμὸν
1227 3382 1348 3455 ήδη.
1392 3401 1412 3435 ι
1450 3383 1598 3455 Πρὸς
1631 3383 1760 3447 τοὺς
1793 3383 1929 3436 ὑπο-

336 3471 717 3541 λαμϐάνοντας
770 3472 1136 3546 ἁπλούστερον
1195 3474 1290 3528 καὶ
1341 3472 1798 3546 σωματικώτερον
1853 3475 1930 3527 εί-

338 3565 538 3637 ρῆσθαι
565 3566 628 3621 τό
649 3584 663 3597 ο
702 3584 722 3617 ι
752 3567 863 3639 Οὐχ
891 3568 1050 3639 ὑμεῖς
1077 3568 1286 3638 λέγετε,
1316 3568 1398 3622 ὅτι
1425 3568 1763 3642 τετράμηνός
1788 3571 1925 3631 ἐστι,

336 3658 432 3710 καὶ
470 3657 500 3709 ὁ
549 3657 809 3730 θερισμὸς
855 3658 1335 3731 ἕρχεταιῃταῦτα
1383 3661 1782 3733 ἑπαπορητέον,
1832 3662 1922 3714 ἴνα

338 3747 603 3804 πεισθῶσι
643 3749 813 3823 νοητά
852 3750 1131 3816 πολλάκις.
1174 3752 1359 3823 γυμνά
1393 3751 1669 3824 αἰσθητῶν
1702 3753 1795 3807 καὶ
1825 3770 1931 3806 σω-

341 3840 591 3912 ματικῶν
618 3841 980 3914 λελαληκέναι
1004 3841 1096 3895 τὸν
1130 3843 1360 3915 Σωτῆρα
1378 3859 1393 3873 ο
1428 3844 1588 3915 εἴπερ
1614 3843 1725 3915 γὰρ
1749 3845 1779 3897 ὁ
1810 3861 1931 3898 και-

339 3934 452 4004 ρὸς,
490 3934 578 3988 ὅτε
621 3934 794 3988 ταῦτα
826 3934 1013 4003 ἔλεγεν
1068 3934 1297 4004 Ἰησοῦς,
1344 3935 1374 3988 ὁ
1422 3934 1530 4008 πρὸ
1584 3935 1928 4007 τετραμήνου

337 4025 432 4078 τοῦ
464 4025 728 4098 θερισμοῦ
760 4022 848 4097 ἦν,
882 4026 1043 4096 δῆλον
1067 4020 1156 4097 ἦν,
1183 4026 1265 4079 ὃτι
1292 4024 1503 4098 χειμὼν
1524 4021 1593 4099 ἦν
1613 4043 1627 4057 ο
1668 4026 1929 4097 θερισμὸς

338 4115 430 4174 οὖν
462 4121 521 4174 ὲν
551 4122 619 4192 τῇ
673 4120 904 4193 Ἰουδαίᾳ
949 4121 1175 4193 ἄρχεται
1223 4118 1470 4190 γίνεσθαι
1517 4120 1645 4190 περὶ
1674 4119 1767 4174 τὸν
1796 4121 1928 4191 παρ’

2102 1262 2192 1317 '58.
2240 1262 2540 1319 Heracleou
2577 1277 2708 1319 vero
2738 1276 2834 1332 per
2855 1260 2971 1316 haec
2992 1262 3183 1317 verba:
3224 1280 3245 1314 ι
3284 1261 3435 1318 Meus
3465 1264 3620 1319 cibus

2033 1364 2154 1421 est,
2198 1365 2256 1411 ut
2286 1356 2486 1417 faciam
2521 1356 2860 1412 voluntatem
2896 1358 3013 1427 ejus
3056 1355 3152 1424 qui
3188 1355 3335 1411 misit
3369 1371 3455 1410 me
3484 1355 3552 1421 δ’,
3594 1374 3613 1407 ι

2033 1446 2388 1503 Servatorem
2443 1449 2622 1517 inquit
2677 1460 2940 1504 enarrare
2995 1448 3278 1519 discipulis
3334 1449 3387 1504 id
3436 1448 3617 1503 cibum

2033 1552 2191 1594 suum
2212 1552 2376 1605 esse,
2402 1541 2549 1612 quod
2601 1540 2934 1611 loquebatur
2960 1555 3085 1597 cum
3129 1540 3394 1607 muliere,
3432 1541 3620 1597 dicens

2037 1632 2217 1688 Patris
2268 1631 2637 1701 voluntatem,
2672 1650 2793 1706 quae
2839 1635 3012 1706 ipsius
3064 1643 3185 1689 erat
3213 1635 3402 1705 cibus,
3446 1645 3502 1692 et
3530 1652 3620 1692 re-

2035 1725 2211 1796 quies,
2245 1735 2300 1781 et
2326 1727 2595 1796 potentia.
2634 1726 2779 1782 Sane
2813 1725 2993 1781 Patris
3020 1726 3354 1783 voluntatem
3381 1742 3504 1785 esse
3535 1729 3618 1782 di-

2035 1818 2228 1884 cebat,
2260 1830 2319 1873 ut
2355 1820 2611 1877 homines
2651 1819 2873 1875 Patrem
2901 1829 3296 1892 cognoscerent
3340 1827 3398 1876 et
3426 1834 3614 1876 serva-

2037 1920 2227 1965 rentur
2262 1924 2279 1965 :
2317 1927 2441 1982 quae
2482 1927 2571 1967 res
2613 1922 2733 1968 erat
2774 1928 2910 1985 Opus
2941 1913 3281 1981 Servatoris;
3315 1913 3408 1984 qui
3442 1913 3614 1983 ipsius

2035 2017 2204 2060 causa
2232 2005 2312 2059 rei
2345 2003 2651 2060 Samariam
2680 2004 2880 2061 missus
2903 2006 3103 2070 fuerat,
3134 2004 3241 2060 hoc
3261 2013 3349 2059 est
3376 2003 3431 2059 in
3459 2018 3617 2057 mun-

2035 2098 2184 2151 dum.
2222 2095 2402 2168 Ipsum
2433 2111 2570 2169 ergo
2593 2097 2773 2152 cibum
2801 2097 2933 2154 .lesu
2964 2098 3353 2167 interpretatus
3379 2104 3468 2152 est
3499 2094 3615 2151 col-

2034 2187 2278 2259 loquium
2315 2204 2437 2244 cum
2468 2187 2836 2244 Samaritide:
2865 2190 2940 2255 id,
2974 2190 3119 2261 quod
3144 2188 3401 2244 existimo
3429 2195 3617 2258 aperte

2035 2283 2339 2351 cuicunque
2369 2281 2546 2337 videri
2569 2322 2583 2344 ,
2620 2292 2737 2336 tum
2767 2278 3011 2351 abiecte,
3043 2290 3156 2335 tum
3204 2287 3396 2335 coacte
3442 2279 3616 2333 inter-

2033 2382 2309 2442 pretatum
2348 2371 2541 2429 fuisse.
2589 2371 2877 2440 Quomodo
2917 2379 3100 2427 autem
3140 2370 3397 2426 voluntas
3434 2367 3617 2424 Patris

2035 2462 2110 2517 sit
2137 2463 2296 2518 cibus
2320 2461 2651 2531 Servatoris,
2671 2462 2944 2532 quomodo
2973 2461 3135 2516 etiam
3168 2459 3415 2515 voluntas
3435 2459 3619 2514 Patris

2035 2557 2107 2611 sit
2151 2557 2402 2626 requies,
2455 2565 2649 2625 aperte
2694 2570 2805 2610 nou
2845 2553 3106 2610 ostendit.
3148 2552 3414 2622 Loquitur
3467 2552 3617 2607 enim

2036 2647 2233 2704 alicubi
2267 2647 2556 2715 Dominus,
2586 2647 2812 2719 perinde
2843 2646 3000 2717 quasi
3027 2661 3131 2701 nou
3161 2646 3341 2702 omnis
3367 2645 3617 2701 voluntas

2033 2739 2216 2795 Patris
2258 2739 2331 2794 sit
2374 2738 2523 2794 illius
2567 2737 2830 2808 requies:
2873 2756 2894 2790 ι
2924 2737 3120 2805 Pater,
3163 2740 3210 2794 si
3249 2737 3369 2793 ﬁeri
3414 2746 3616 2810 potest,

2037 2840 2279 2888 transeat
2325 2847 2357 2887 a
2413 2845 2499 2887 me
2541 2830 2688 2887 calix
2717 2832 2854 2897 iste;
2887 2838 3267 2887 verumtamen
3320 2844 3429 2885 non
3470 2829 3616 2899 quod

2034 2936 2136 2994 ego
2168 2926 2315 2989 volo,
2352 2922 2446 2979 sed
2474 2912 2617 2993 quod
2649 2932 2702 2977 tu
2729 2922 2799 2977 ⁸ο.
2841 2941 2861 2975 ι
2916 2920 3023 2977 Sed
3077 2923 3221 2976 unde
3245 2922 3409 2977 etiam
3449 2921 3617 2978 habet

1959 3032 2002 3090 ο
2035 3018 2179 3089 quod
2204 3016 2446 3087 potentia
2474 3013 2787 3070 Servatoris
2816 3014 2890 3070 sit
2922 3013 3019 3069 Dei
3042 3012 3335 3069 voluntas?

2101 3109 2195 3166 39.
2241 3126 2261 3160 ι
2307 3106 2499 3163 Nonne
2555 3121 2656 3162 vos
2710 3104 2928 3172 dicitis,
2968 3106 3114 3175 quod
3169 3106 3349 3161 adhuc
3395 3119 3612 3162 menses

2031 3214 2159 3259 sunt
2198 3210 2435 3273 quatuor
2458 3241 2474 3267 ,
2501 3211 2553 3255 et
2609 3197 2805 3256 messis
2839 3197 3031 3253 venit?
3072 3197 3215 3254 Ecce
3259 3197 3385 3254 dico
3412 3197 3608 3255 vobis:

2029 3296 2234 3353 Levate
2267 3293 2457 3350 oculos
2486 3302 2722 3358 vestros,
2748 3302 2804 3346 et
2844 3291 3021 3347 videte
3050 3291 3299 3360 regiones
3312 3289 3425 3359 jam
3457 3289 3616 3345 albas

2030 3404 2153 3446 esse
2192 3389 2260 3443 ad
2320 3400 2551 3453 messem
2579 3385 2649 3439 ³¹.
2685 3403 2706 3437 ι
2758 3384 2960 3441 Contra
3016 3398 3111 3440 eos
3155 3383 3248 3452 qui
3297 3382 3618 3439 existimant

2030 3481 2332 3552 simplicius
2358 3477 2774 3547 etcorporalius
2799 3477 2914 3532 haec
2936 3477 3078 3531 dicta
3111 3474 3315 3532 fuisse:
3369 3492 3389 3526 ι
3422 3473 3613 3530 Nonne

2035 3589 2129 3630 vos
2156 3571 2370 3637 dicitis,
2422 3572 2571 3641 quod
2611 3568 2790 3625 adhuc
2837 3582 3052 3624 menses
3100 3577 3228 3623 sunt
3272 3579 3527 3637 quatuor,
3556 3576 3614 3623 et

2032 3665 2228 3722 messis
2255 3663 2445 3720 venit?
2474 3681 2495 3716 ι
2526 3663 2688 3718 dubia
2718 3660 2986 3718 movenda
3028 3672 3175 3727 sunt,
3204 3670 3263 3714 ut
3290 3674 3608 3731 persuasum

2030 3760 2304 3822 habeant,
2330 3753 2636 3826 spiritualia
2671 3763 2727 3810 et
2757 3755 2898 3809 nuda
2940 3753 3104 3809 rebus
3131 3753 3232 3808 sub
3265 3767 3485 3807 sensum
3513 3766 3612 3808 ca-

2031 3848 2286 3906 dentibus
2319 3856 2374 3902 et
2401 3842 2781 3916 corporalibus
2812 3842 3163 3900 Servatorem
3211 3841 3411 3913 saapius
3448 3841 3608 3899 locu-

2033 3951 2143 3995 tum
2172 3940 2373 3996 luisse:
2412 3938 2459 3994 si
2496 3936 2641 3993 enim
2671 3947 2919 4006 tempus,
2957 3936 3173 4005 quando
3198 3930 3359 3990 Iesus
3392 3936 3504 3991 haec
3532 3936 3614 3991 lo-

2030 4033 2338 4106 quebatur,
2382 4038 2513 4086 ante
2556 4043 2790 4085 messem
2825 4029 3092 4084 mensium
3142 4036 3377 4097 quatuor
3430 4029 3610 4098 spatio

2032 4134 2188 4191 erat,
2228 4123 2579 4195 perspicuum
2620 4129 2707 4177 est
2743 4119 2977 4175 hiemem
3013 4118 3216 4175 fuisse:
3247 4118 3440 4174 messis
3464 4119 3610 4175 enim

349 4214 623 4287 Ἑϐραίοις
681 4214 1013 4287 καλούμενον
1049 4217 1222 4270 Νίσαν
1265 4214 1432 4287 μῆνα,
1486 4213 1578 4267 ὅτε
1622 4213 1817 4281 ἄγεται
1865 4212 1928 4266 τὸ

2034 4217 2085 4272 in
2115 4217 2300 4273 Judtua
2332 4213 2525 4285 incipit
2558 4213 2676 4268 ﬁeri
2729 4213 2876 4267 circa
2930 4225 3169 4266 mensem
3198 4211 3291 4280 qui
3334 4211 3475 4281 apud
3503 4212 3613 4267 He-

341 4307 554 4379 Πάσχα,
595 4308 673 4372 ὡς
716 4309 889 4375 ἐνίοτε
915 4308 984 4363 τὰ
1035 4308 1221 4380 ἄζυμα
1252 4306 1364 4362 ἀπὸ
1395 4304 1518 4361 νέου
1552 4305 1701 4359 σίτου
1728 4305 1928 4368 αὐτοὺς

2034 4310 2210 4365 bracos
2257 4305 2424 4363 Nisan
2475 4305 2809 4377 appellatur,
2861 4305 3079 4374 quando
3131 4303 3313 4374 agitur
3360 4303 3611 4370 Pascha;

339 4371 546 4455 ποιείν,
586 4371 734 4454 Ἀλλή
758 4401 900 4455 ἔστω
928 4401 1004 4474 μὴ
1040 4371 1161 4455 καθ
1199 4404 1407 4455 ἐκεῖνον
1456 4400 1548 4453 τὸν
1593 4397 1735 4470 μῆνα
1784 4393 1927 4482 είναι

2037 4402 2177 4456 adeo
2201 4414 2260 4455 ut
2291 4371 2584 4468 aliquoties
2638 4410 2837 4468 azyma
2878 4371 3100 4449 iaciant
3130 4371 3300 4449 Judaei
3352 4409 3421 4449 ex
3472 4410 3615 4450 novo

339 4494 430 4548 τὸν
465 4493 746 4565 θερισμὸν,
776 4493 912 4549 ἀλλὰ
939 4494 1083 4549 κατά
1109 4494 1202 4549 τὸν
1242 4494 1369 4566 ἑξῆς
1390 4493 1583 4564 ἐκείνῳ
1601 4491 1694 4545 τὸν
1726 4488 1925 4545 καλού-

2034 4490 2330 4547 i‘rumento.
2375 4489 2486 4546 Sed
2516 4494 2637 4544 eSto
2680 4488 2772 4543 illo
2806 4501 2994 4543 mense
3033 4502 3139 4541 non
3189 4501 3309 4542 esse
3353 4501 3610 4552 messem,

341 4603 504 4657 μενον
544 4589 676 4662 παρ’
706 4592 891 4653 αὐτοῖς
933 4589 1072 4660 Ἰἀρο
1128 4587 1224 4643 καὶ
1266 4587 1438 4651 οὕτως
1474 4586 1609 4659 (50),
1636 4587 1665 4639 ὁ
1706 4585 1814 4657 πρὸ
1840 4602 1929 4638 τε-

2036 4585 2130 4640 sed
2186 4583 2241 4639 in
2284 4597 2471 4638 mense
2515 4589 2638 4653 post
2685 4580 2835 4635 illum
2885 4579 3132 4650 proxime
3178 4588 3462 4648 sequente,
3516 4581 3611 4650 qui

338 4676 620 4749 τραμήνου
665 4678 857 4751 statim
915 4679 1126 4734 ἐκείνου
1179 4676 1275 4732 τοῦ
1328 4677 1497 4749 μηνὸς
1537 4674 1773 4747 ἁκμαῖός
1810 4675 1927 4728 ἐστι

2038 4676 2181 4746 apud
2223 4689 2317 4730 eos
2356 4674 2664 4745 appellatur
2683 4670 2814 4728 Jar:
2862 4671 3027 4725 etiam
3056 4670 3130 4724 ita
3157 4710 3173 4736 ,
3202 4668 3368 4742 25.9
3397 4681 3614 4743 tempus

341 4770 564 4843 χειμών.
610 4772 781 4828 Ἐπάν
806 4768 899 4827 οὗν
930 4771 1212 4844 δείξωμεν,
1245 4772 1348 4838 ὅτι,
1378 4754 1469 4825 ὅτε
1498 4769 1650 4839 ἔλεγε
1676 4767 1872 4833 ταῦτα,
1899 4771 1929 4823 ὁ

2036 4768 2139 4824 hoc
2163 4779 2400 4839 quatuor
2426 4766 2706 4822 mensibus
2735 4764 2905 4835 prius,
2929 4773 3014 4819 est
3039 4761 3212 4817 hiems
3239 4763 3443 4822 adulta.
3474 4764 3612 4820 Cum

341 4863 472 4935 περὶ
496 4863 586 4918 τὴν
612 4863 873 4937 θερισμὸν
915 4864 1026 4936 (5|)
1068 4863 1259 4935 καιρὸς
1297 4858 1367 4935 ἦν
1395 4861 1515 4935 ἤτοι
1552 4861 1681 4914 ὄντα
1716 4859 1851 4932 (52),
1889 4858 1923 4931 ἢ

2040 4863 2204 4933 igitur
2223 4860 2648 4924 ostenderimus,
2672 4873 2794 4912 cum
2821 4857 2939 4911 base
2963 4854 3170 4912 diceret
3190 4855 3374 4921 Jesus,
3399 4865 3617 4927 tempus

337 4954 510 5025 ἐγγύς
566 4974 670 5011 που
718 4957 813 5012 τοῦ
859 4958 1048 5030 λήγειν
1100 4957 1248 5019 ὅντα,
1302 4953 1750 5025 ἀποδεδειγμένον
1794 4954 1928 5024 ἡμῖν

2041 4952 2207 5008 fuisse
2224 4953 2439 5017 messis,
2468 4950 2550 5005 vel
2581 4948 2920 5014 exsistentis,
2951 4946 3035 5002 vel
3081 4947 3347 5018 proximae
3370 4945 3487 5013 lini,
3515 4947 3617 5003 de-

339 5046 493 5104 ἔσται
523 5048 587 5102 τὸ
619 5050 998 5124 προκείμενον.
1026 5048 1304 5123 Τηρητέον
1330 5048 1418 5120 δὴ,
1452 5048 1538 5102 ὅτι
1581 5044 1717 5117 μετά
1747 5044 1933 5116 τὴν-’έν

2041 5051 2398 5099 monstratum
2417 5038 2578 5095 nobis
2592 5040 2696 5126 erit
2712 5039 2766 5093 id
2782 5042 2849 5091 de
2865 5053 2976 5108 quo
2989 5038 3184 5109 agitur.
3201 5035 3617 5094 Observandum

419 5189 466 5223 δ’
498 5189 656 5246 Joan.
686 5206 761 5254 tv,
805 5190 896 5246 54.
967 5190 1014 5224 ⁸⁸
1046 5189 1230 5243 Matth.
1272 5203 1422 5250 xxvu,
1459 5186 1549 5242 59.
1621 5186 1664 5219 ⁶¹
1692 5184 1848 5239 Joan.
1887 5200 1962 5250 tv,
1994 5183 2086 5239 55.

414 5313 527 5387 (48)
566 5314 638 5368 Τὸ
661 5311 894 5387 ρέλημα
924 5310 1032 5366 τοῦ
1051 5309 1411 5387 *πέμψαντος
1438 5306 1626 5387 adeo?
1671 5306 1923 5387 Πατςρρς.

2034 5306 2216 5387 gods}:
2247 5303 2574 5387 podleianus
2605 5303 2767 5387 habet
2784 5300 2876 5354 τὸν
2907 5299 3238 5369 καλούμενον
3269 5299 3401 5371 παρ’
3432 5298 3614 5363 αὐτοῖς

343 5374 439 5440 Sic
458 5374 628 5439 codex
665 5374 995 5437 Bodléianus
1014 5399 1028 5449 ;
1050 5383 1105 5435 in
1132 5374 1327 5436 codice
1374 5378 1545 5448 Regio
1569 5377 1724 5433 deest
1754 5374 1815 5429 τὸ
1835 5374 1926 5431 θέ-

2034 5376 2156 5449 Ζίνξν
2186 5376 2284 5449 καὶἶ
2313 5376 2423 5447 γὰρ
2454 5374 2647 5449 οῦτως,
2678 5386 2789 5449 etc.

344 5455 409 5527 λη
459 5472 493 5507 α
531 5467 585 5509 et
612 5454 850 5526 Πατρός.

564 5525 749 5605 godex
775 5523 1006 5605 R‘egius,
1033 5520 1275 5605 πάντως.
1332 5591 1345 5605 ἰ
1429 5589 1457 5601 η

414 5587 531 5663 (δίο)
571 5587 684 5650 Τὸν
1110 5591 1249 5661 παρ’
1276 5589 1491 5663 αὐζοῖςί
1517 5588 1659 5663 Ἰάρ·
1690 5587 1791 5663 καὶ
1821 5588 1930 5663 ὀὕ-

346 5684 482 5732 τως,
515 5657 625 5719 etc.
660 5666 714 5719 In
755 5657 1033 5719 codicibus
1065 5657 1234 5730 Regio
1265 5671 1334 5732 et;
1372 5657 1674 5732 Barbe‘rinp
1732 5657 1929 5729 legitur

344 5728 798 5807 τὸνᾞιαλούμενοιξ
825 5733 955 5807 παρ’
985 5728 1171 5807 αὐτοῖς
1193 5734 1245 5807 εί
1271 5729 1380 5807 γάρ
1404 5747 1419 5762 ο
1449 5728 1566 5807 ’διαὶ
1593 5728 1924 5807 οὖτως,οιο.

347 5808 581 5884 Quinino
611 5799 1043 5884 legendum'1dp
1073 5819 1170 5884 pro
1198 5804 1249 5856 εί
1276 5799 1415 5884 γάρ..
1444 5799 1561 5884 ςξάρ
1592 5800 1926 5884 ειιίιιιῌπιειισ-

348 5878 426 5934 sis
451 5889 535 5933 est
560 5867 954 5945 qui'proxime
993 5867 1245 5942 sequitur
1275 5867 1415 5942 apud
1444 5867 1698 5927 Hebraeos
1729 5867 1915 5925 Nisus.

2108 5448 2223 5518 (51)
2254 5437 2338 5518 βό
2386 5437 2522 5518 περὶ
2569 5441 3022 5518 τὸν-θερισμόν,
3078 5449 3186 5493 etc.
3240 5437 3335 5493 His
3384 5439 3613 5518 negandi

2035 5509 2359 5587 particulam
2388 5509 2633 5583 adiungit
2679 5509 2986 5587 Ferrarius,
3010 5525 3171 5587 quain
3214 5522 3409 5587 neque
3442 5509 3614 5587 codex
3649 5539 3660 5549 -

2036 5578 2388 5653 Bodleianus,
2446 5578 2624 5655 neque
2663 5583 2881 5639 codices
2935 5578 3141 5650 Regius
3179 5587 3237 5635 et
3286 5578 3615 5634 Barberinus

2036 5666 2356 5727 agnoscunt.

2107 5728 2220 5799 (52)
2255 5728 2419 5785 Ἤτοι
2466 5725 2633 5799 ὄντα.
2678 5721 2991 5799 Sic__h__abe_t
3034 5720 3210 5799 codex
3244 5717 3612 5799 _l_iodleianus.

2035 5789 2264 5855 Hu‘etius
2294 5811 2363 5853 ex
2398 5798 2711 5869 conjectura
2739 5792 2927 5861 edidit,
2956 5791 3076 5863 ἤτοι
3108 5789 3461 5861 ἀκμάζοντα,
3488 5804 3610 5843 cum
