  <div class='ocr_page' id='page_1' title='image "/cluster/home/n/w/nwhite01/storage/ocr_20150623/14:no.4/coo.31924054872928/245.png"; bbox 0 0 4170 6458; ppageno 0'>
   <div class='ocr_carea' id='block_1_1' title="bbox 575 367 2157 440">
    <p class='ocr_par' dir='ltr' id='par_1_1' title="bbox 575 367 2157 436">
     <span class='ocr_line' id='line_1_1' title="bbox 575 367 2157 436; baseline -0.003 -1"><span class='ocrx_word' id='word_1_1' title='bbox 575 367 676 436; x_wconf 64' lang='grc'><strong>167</strong></span> <span class='ocrx_word' id='word_1_2' title='bbox 2017 373 2157 432; x_wconf 73' lang='grc' dir='ltr'><strong>ΟΒΙ(</strong></span> 
     </span>
    </p>
   </div>
   <div class='ocr_carea' id='block_1_2' title="bbox 2255 367 3818 440">
    <p class='ocr_par' dir='ltr' id='par_1_2' title="bbox 2255 374 3818 440">
     <span class='ocr_line' id='line_1_2' title="bbox 2255 374 3818 440; baseline 0.008 -12"><span class='ocrx_word' id='word_1_3' title='bbox 2255 374 2340 430; x_wconf 73' lang='grc' dir='ltr'><strong>ΗΒ</strong></span> <span class='ocrx_word' id='word_1_4' title='bbox 3715 381 3818 440; x_wconf 73' lang='grc' dir='ltr'>ιθϐ</span> 
     </span>
    </p>
   </div>
   <div class='ocr_carea' id='block_1_3' title="bbox 576 493 2157 574">
    <p class='ocr_par' dir='ltr' id='par_1_3' title="bbox 576 493 2144 568">
     <span class='ocr_line' id='line_1_3' title="bbox 576 493 2144 568; baseline -0.003 -15"><span class='ocrx_word' id='word_1_5' title='bbox 576 498 762 568; x_wconf 84' lang='lat' dir='ltr'><strong>itaque</strong></span> <span class='ocrx_word' id='word_1_6' title='bbox 791 507 914 567; x_wconf 88' lang='lat' dir='ltr'><strong>post</strong></span> <span class='ocrx_word' id='word_1_7' title='bbox 937 495 1295 552; x_wconf 67' lang='lat' dir='ltr'><strong>mconomiam</strong></span> <span class='ocrx_word' id='word_1_8' title='bbox 1320 509 1440 566; x_wconf 68' lang='lat' dir='ltr'><strong>qua:</strong></span> <span class='ocrx_word' id='word_1_9' title='bbox 1468 493 1612 550; x_wconf 80' lang='lat' dir='ltr'><strong>facta</strong></span> <span class='ocrx_word' id='word_1_10' title='bbox 1642 493 1743 550; x_wconf 84' lang='lat' dir='ltr'><strong>luit</strong></span> <span class='ocrx_word' id='word_1_11' title='bbox 1777 496 1832 550; x_wconf 93' lang='lat' dir='ltr'><strong>in</strong></span> <span class='ocrx_word' id='word_1_12' title='bbox 1859 495 2004 551; x_wconf 88' lang='lat' dir='ltr'><strong>Cana</strong></span> <span class='ocrx_word' id='word_1_13' title='bbox 2033 495 2144 551; x_wconf 87' lang='lat' dir='ltr'><strong>Ga-</strong></span> 
     </span>
    </p>
   </div>
   <div class='ocr_carea' id='block_1_4' title="bbox 2255 493 3822 574">
    <p class='ocr_par' dir='ltr' id='par_1_4' title="bbox 2255 498 3822 574">
     <span class='ocr_line' id='line_1_4' title="bbox 2255 498 3822 574; baseline 0.005 -25"><span class='ocrx_word' id='word_1_14' title='bbox 2255 500 2311 568; x_wconf 79' lang='grc' dir='ltr'><strong>τῇ</strong></span> <span class='ocrx_word' id='word_1_15' title='bbox 2353 498 2510 570; x_wconf 80' lang='grc' dir='ltr'>Κανᾷ</span> <span class='ocrx_word' id='word_1_16' title='bbox 2548 499 2650 571; x_wconf 86' lang='grc' dir='ltr'>τῆς</span> <span class='ocrx_word' id='word_1_17' title='bbox 2688 500 2996 568; x_wconf 82' lang='grc' dir='ltr'><strong>Γαλιλαίας,</strong></span> <span class='ocrx_word' id='word_1_18' title='bbox 3031 499 3160 572; x_wconf 79' lang='grc' dir='ltr'>περὶ</span> <span class='ocrx_word' id='word_1_19' title='bbox 3195 500 3258 555; x_wconf 83' lang='grc' dir='ltr'><strong>τὺ</strong></span> <span class='ocrx_word' id='word_1_20' title='bbox 3299 500 3702 574; x_wconf 71' lang='grc' dir='ltr'>μεταϐεϐληκὸς</span> <span class='ocrx_word' id='word_1_21' title='bbox 3739 505 3822 568; x_wconf 81' lang='grc' dir='ltr'><strong>είς</strong></span> 
     </span>
    </p>
   </div>
   <div class='ocr_carea' id='block_1_5' title="bbox 577 584 2157 667">
    <p class='ocr_par' dir='ltr' id='par_1_5' title="bbox 577 585 2145 658">
     <span class='ocr_line' id='line_1_5' title="bbox 577 585 2145 658; baseline 0.003 -16"><span class='ocrx_word' id='word_1_22' title='bbox 577 587 729 644; x_wconf 61' lang='lat' dir='ltr'><strong>liba</strong></span> <span class='ocrx_word' id='word_1_23' title='bbox 751 585 801 621; x_wconf 77' lang='grc'><strong><em>³²</em></strong></span> <span class='ocrx_word' id='word_1_24' title='bbox 832 589 978 645; x_wconf 87' lang='lat' dir='ltr'><strong>circa</strong></span> <span class='ocrx_word' id='word_1_25' title='bbox 1015 588 1371 642; x_wconf 78' lang='lat' dir='ltr'><strong>mutationem</strong></span> <span class='ocrx_word' id='word_1_26' title='bbox 1403 601 1556 658; x_wconf 65' lang='lat' dir='ltr'><strong>aquae</strong></span> <span class='ocrx_word' id='word_1_27' title='bbox 1585 588 1636 643; x_wconf 91' lang='lat' dir='ltr'><strong>in</strong></span> <span class='ocrx_word' id='word_1_28' title='bbox 1676 591 1880 652; x_wconf 84' lang='lat' dir='ltr'><strong>vinum.</strong></span> <span class='ocrx_word' id='word_1_29' title='bbox 1913 591 2145 646; x_wconf 87' lang='lat' dir='ltr'><strong>descen-</strong></span> 
     </span>
    </p>
   </div>
   <div class='ocr_carea' id='block_1_6' title="bbox 2255 584 3820 667">
    <p class='ocr_par' dir='ltr' id='par_1_6' title="bbox 2255 584 3820 667">
     <span class='ocr_line' id='line_1_6' title="bbox 2255 584 3820 667; baseline 0.005 -27"><span class='ocrx_word' id='word_1_30' title='bbox 2255 584 2388 642; x_wconf 69' lang='grc' dir='ltr'>οἶνον</span> <span class='ocrx_word' id='word_1_31' title='bbox 2437 588 2603 662; x_wconf 77' lang='grc' dir='ltr'>ὕδωρ,</span> <span class='ocrx_word' id='word_1_32' title='bbox 2649 593 2980 663; x_wconf 76' lang='grc' dir='ltr'><strong>οἰκονομίαν,</strong></span> <span class='ocrx_word' id='word_1_33' title='bbox 3048 591 3481 663; x_wconf 83' lang='grc' dir='ltr'>καταϐεϐηκέναι</span> <span class='ocrx_word' id='word_1_34' title='bbox 3529 594 3750 664; x_wconf 88' lang='grc' dir='ltr'>λέγεται</span> <span class='ocrx_word' id='word_1_35' title='bbox 3776 596 3820 667; x_wconf 69' lang='grc' dir='ltr'><strong>Ιᾰ</strong></span> 
     </span>
    </p>
   </div>
   <div class='ocr_carea' id='block_1_7' title="bbox 579 680 2157 755">
    <p class='ocr_par' dir='ltr' id='par_1_7' title="bbox 579 680 2148 754">
     <span class='ocr_line' id='line_1_7' title="bbox 579 680 2148 754; baseline 0.001 -18"><span class='ocrx_word' id='word_1_36' title='bbox 579 681 726 738; x_wconf 89' lang='lat' dir='ltr'><strong>disse</strong></span> <span class='ocrx_word' id='word_1_37' title='bbox 751 680 858 736; x_wconf 87' lang='lat' dir='ltr'><strong>dici</strong></span> <span class='ocrx_word' id='word_1_38' title='bbox 887 682 1170 737; x_wconf 87' lang='lat' dir='ltr'><strong>Dominum</strong></span> <span class='ocrx_word' id='word_1_39' title='bbox 1191 681 1604 750; x_wconf 80' lang='lat' dir='ltr'><strong>Capharnaum,</strong></span> <span class='ocrx_word' id='word_1_40' title='bbox 1633 697 1867 753; x_wconf 88' lang='lat' dir='ltr'><strong>cumque</strong></span> <span class='ocrx_word' id='word_1_41' title='bbox 1897 683 2012 754; x_wconf 89' lang='lat' dir='ltr'><strong>ipso</strong></span> <span class='ocrx_word' id='word_1_42' title='bbox 2034 699 2148 738; x_wconf 79' lang='lat' dir='ltr'><strong>rna-</strong></span> 
     </span>
    </p>
   </div>
   <div class='ocr_carea' id='block_1_8' title="bbox 2255 680 3823 755">
    <p class='ocr_par' dir='ltr' id='par_1_8' title="bbox 2255 681 3823 755">
     <span class='ocr_line' id='line_1_8' title="bbox 2255 681 3823 755; baseline 0.001 -21"><span class='ocrx_word' id='word_1_43' title='bbox 2255 681 2451 753; x_wconf 82' lang='grc' dir='ltr'>Κύριος</span> <span class='ocrx_word' id='word_1_44' title='bbox 2483 684 2563 746; x_wconf 82' lang='grc' dir='ltr'><strong>είς</strong></span> <span class='ocrx_word' id='word_1_45' title='bbox 2592 683 2968 752; x_wconf 81' lang='grc' dir='ltr'>Καφαρναοὺμ</span> <span class='ocrx_word' id='word_1_46' title='bbox 3001 682 3182 746; x_wconf 77' lang='grc' dir='ltr'>αὐτὸς,</span> <span class='ocrx_word' id='word_1_47' title='bbox 3216 681 3311 734; x_wconf 78' lang='grc' dir='ltr'>καὶ</span> <span class='ocrx_word' id='word_1_48' title='bbox 3347 684 3381 753; x_wconf 81' lang='grc' dir='ltr'><strong>ἡ</strong></span> <span class='ocrx_word' id='word_1_49' title='bbox 3423 683 3604 755; x_wconf 70' lang='grc' dir='ltr'>μήτηρ</span> <span class='ocrx_word' id='word_1_50' title='bbox 3631 684 3823 747; x_wconf 82' lang='grc' dir='ltr'>αὐτοῦ,</span> 
     </span>
    </p>
   </div>
   <div class='ocr_carea' id='block_1_9' title="bbox 579 771 2157 846">
    <p class='ocr_par' dir='ltr' id='par_1_9' title="bbox 579 771 2150 842">
     <span class='ocr_line' id='line_1_9' title="bbox 579 771 2150 842; baseline 0.001 -15"><span class='ocrx_word' id='word_1_51' title='bbox 579 783 716 827; x_wconf 88' lang='lat' dir='ltr'><strong>trem</strong></span> <span class='ocrx_word' id='word_1_52' title='bbox 745 771 897 841; x_wconf 86' lang='lat' dir='ltr'><strong>ejus,</strong></span> <span class='ocrx_word' id='word_1_53' title='bbox 927 779 982 827; x_wconf 88' lang='lat' dir='ltr'><strong>et</strong></span> <span class='ocrx_word' id='word_1_54' title='bbox 1007 771 1236 837; x_wconf 76' lang='lat' dir='ltr'><strong>fratres,</strong></span> <span class='ocrx_word' id='word_1_55' title='bbox 1277 779 1334 824; x_wconf 90' lang='lat' dir='ltr'><strong>et</strong></span> <span class='ocrx_word' id='word_1_56' title='bbox 1383 771 1709 842; x_wconf 84' lang='lat' dir='ltr'><strong>discipulos,</strong></span> <span class='ocrx_word' id='word_1_57' title='bbox 1755 773 1846 828; x_wconf 92' lang='lat' dir='ltr'><strong>ubi</strong></span> <span class='ocrx_word' id='word_1_58' title='bbox 1884 773 2150 828; x_wconf 86' lang='lat' dir='ltr'><strong>manserit</strong></span> 
     </span>
    </p>
   </div>
   <div class='ocr_carea' id='block_1_10' title="bbox 2255 771 3829 846">
    <p class='ocr_par' dir='ltr' id='par_1_10' title="bbox 2255 774 3829 846">
     <span class='ocr_line' id='line_1_10' title="bbox 2255 774 3829 846; baseline 0.002 -18"><span class='ocrx_word' id='word_1_59' title='bbox 2255 776 2344 828; x_wconf 77' lang='grc' dir='ltr'>καὶ</span> <span class='ocrx_word' id='word_1_60' title='bbox 2373 777 2422 828; x_wconf 86' lang='grc' dir='ltr'>οἱ</span> <span class='ocrx_word' id='word_1_61' title='bbox 2449 774 2687 843; x_wconf 74' lang='grc' dir='ltr'>ἀδελφοὶ,</span> <span class='ocrx_word' id='word_1_62' title='bbox 2723 775 2816 827; x_wconf 75' lang='grc' dir='ltr'>καὶ</span> <span class='ocrx_word' id='word_1_63' title='bbox 2845 777 2902 830; x_wconf 86' lang='grc' dir='ltr'><strong>οἱ,</strong></span> <span class='ocrx_word' id='word_1_64' title='bbox 2932 774 3190 845; x_wconf 82' lang='grc' dir='ltr'>μαθηταὶ,</span> <span class='ocrx_word' id='word_1_65' title='bbox 3226 775 3352 829; x_wconf 73' lang='grc' dir='ltr'>ἔνθα</span> <span class='ocrx_word' id='word_1_66' title='bbox 3377 777 3588 846; x_wconf 77' lang='grc' dir='ltr'>ἔμεινεν</span> <span class='ocrx_word' id='word_1_67' title='bbox 3609 775 3670 829; x_wconf 84' lang='grc' dir='ltr'>οὐ</span> <span class='ocrx_word' id='word_1_68' title='bbox 3697 778 3829 831; x_wconf 78' lang='grc' dir='ltr'>πολ-</span> 
     </span>
    </p>
   </div>
   <div class='ocr_carea' id='block_1_11' title="bbox 580 861 2157 938">
    <p class='ocr_par' dir='ltr' id='par_1_11' title="bbox 580 861 2146 934">
     <span class='ocr_line' id='line_1_11' title="bbox 580 861 2146 934; baseline 0.001 -16"><span class='ocrx_word' id='word_1_69' title='bbox 580 879 684 918; x_wconf 90' lang='lat' dir='ltr'><strong>non</strong></span> <span class='ocrx_word' id='word_1_70' title='bbox 715 864 915 920; x_wconf 90' lang='lat' dir='ltr'><strong>multos</strong></span> <span class='ocrx_word' id='word_1_71' title='bbox 956 863 1110 918; x_wconf 89' lang='lat' dir='ltr'><strong>dies:</strong></span> <span class='ocrx_word' id='word_1_72' title='bbox 1165 861 1440 933; x_wconf 84' lang='lat' dir='ltr'><strong>luisseque</strong></span> <span class='ocrx_word' id='word_1_73' title='bbox 1476 865 1528 917; x_wconf 93' lang='lat' dir='ltr'><strong>in</strong></span> <span class='ocrx_word' id='word_1_74' title='bbox 1586 865 1888 934; x_wconf 89' lang='lat' dir='ltr'><strong>propinquo</strong></span> <span class='ocrx_word' id='word_1_75' title='bbox 1935 865 2146 920; x_wconf 83' lang='lat' dir='ltr'><strong>Pascha</strong></span> 
     </span>
    </p>
   </div>
   <div class='ocr_carea' id='block_1_12' title="bbox 2255 861 3824 938">
    <p class='ocr_par' dir='ltr' id='par_1_12' title="bbox 2255 861 3824 938">
     <span class='ocr_line' id='line_1_12' title="bbox 2255 861 3824 938; baseline 0.004 -22"><span class='ocrx_word' id='word_1_76' title='bbox 2255 864 2347 928; x_wconf 83' lang='grc' dir='ltr'><strong>λάς</strong></span> <span class='ocrx_word' id='word_1_77' title='bbox 2380 864 2591 936; x_wconf 81' lang='grc' dir='ltr'>ἡμέρας</span> <span class='ocrx_word' id='word_1_78' title='bbox 2611 882 2624 895; x_wconf 91' lang='grc'><strong>·</strong></span> <span class='ocrx_word' id='word_1_79' title='bbox 2667 867 2760 918; x_wconf 81' lang='grc' dir='ltr'>καὶ</span> <span class='ocrx_word' id='word_1_80' title='bbox 2792 865 2960 935; x_wconf 71' lang='grc' dir='ltr'>ἐγγὺς</span> <span class='ocrx_word' id='word_1_81' title='bbox 2975 861 3044 936; x_wconf 84' lang='grc' dir='ltr'>ἦν</span> <span class='ocrx_word' id='word_1_82' title='bbox 3069 867 3130 921; x_wconf 85' lang='grc' dir='ltr'>τὸ</span> <span class='ocrx_word' id='word_1_83' title='bbox 3155 867 3344 938; x_wconf 82' lang='grc' dir='ltr'>Πάσχα</span> <span class='ocrx_word' id='word_1_84' title='bbox 3376 867 3484 921; x_wconf 84' lang='grc' dir='ltr'><strong>τῶν</strong></span> <span class='ocrx_word' id='word_1_85' title='bbox 3529 868 3824 932; x_wconf 77' lang='grc' dir='ltr'><strong>Ἰουδαίων,</strong></span> 
     </span>
    </p>
   </div>
   <div class='ocr_carea' id='block_1_13' title="bbox 576 951 2157 1032">
    <p class='ocr_par' dir='ltr' id='par_1_13' title="bbox 576 951 2146 1026">
     <span class='ocr_line' id='line_1_13' title="bbox 576 951 2146 1026; baseline 0.003 -18"><span class='ocrx_word' id='word_1_86' title='bbox 576 952 906 1018; x_wconf 67' lang='lat' dir='ltr'><strong>Judaeorum,</strong></span> <span class='ocrx_word' id='word_1_87' title='bbox 937 963 994 1008; x_wconf 90' lang='lat' dir='ltr'><strong>et</strong></span> <span class='ocrx_word' id='word_1_88' title='bbox 1025 951 1420 1026; x_wconf 75' lang='lat' dir='ltr'><strong>Jerosolymam</strong></span> <span class='ocrx_word' id='word_1_89' title='bbox 1456 955 1767 1011; x_wconf 81' lang='lat' dir='ltr'><strong>ascendisse</strong></span> <span class='ocrx_word' id='word_1_90' title='bbox 1789 954 1996 1022; x_wconf 81' lang='lat' dir='ltr'><strong>Jesum,</strong></span> <span class='ocrx_word' id='word_1_91' title='bbox 2023 972 2146 1012; x_wconf 90' lang='lat' dir='ltr'><strong>cum</strong></span> 
     </span>
    </p>
   </div>
   <div class='ocr_carea' id='block_1_14' title="bbox 2255 951 3825 1032">
    <p class='ocr_par' dir='ltr' id='par_1_14' title="bbox 2255 955 3825 1032">
     <span class='ocr_line' id='line_1_14' title="bbox 2255 955 3825 1032; baseline 0.002 -22"><span class='ocrx_word' id='word_1_92' title='bbox 2255 958 2343 1010; x_wconf 77' lang='grc' dir='ltr'><strong>καὶ</strong></span> <span class='ocrx_word' id='word_1_93' title='bbox 2371 957 2537 1028; x_wconf 87' lang='grc' dir='ltr'>ἀνέϐη</span> <span class='ocrx_word' id='word_1_94' title='bbox 2583 959 2662 1021; x_wconf 81' lang='grc' dir='ltr'>εἰς</span> <span class='ocrx_word' id='word_1_95' title='bbox 2709 956 3055 1028; x_wconf 85' lang='grc' dir='ltr'>Ἰεροσόλυμα</span> <span class='ocrx_word' id='word_1_96' title='bbox 3094 963 3124 1015; x_wconf 83' lang='grc' dir='ltr'>ὁ</span> <span class='ocrx_word' id='word_1_97' title='bbox 3177 959 3404 1031; x_wconf 85' lang='grc' dir='ltr'>Ἰησοῦς,</span> <span class='ocrx_word' id='word_1_98' title='bbox 3448 960 3535 1013; x_wconf 83' lang='grc' dir='ltr'>ὅτε</span> <span class='ocrx_word' id='word_1_99' title='bbox 3586 955 3742 1032; x_wconf 77' lang='grc' dir='ltr'>εὗρεν</span> <span class='ocrx_word' id='word_1_100' title='bbox 3767 963 3825 1014; x_wconf 82' lang='grc' dir='ltr'>ὲν</span> 
     </span>
    </p>
   </div>
   <div class='ocr_carea' id='block_1_15' title="bbox 576 1045 2157 1123">
    <p class='ocr_par' dir='ltr' id='par_1_15' title="bbox 576 1045 2147 1117">
     <span class='ocr_line' id='line_1_15' title="bbox 576 1045 2147 1117; baseline 0.003 -17"><span class='ocrx_word' id='word_1_101' title='bbox 576 1059 768 1100; x_wconf 85' lang='lat' dir='ltr'><strong>omnes</strong></span> <span class='ocrx_word' id='word_1_102' title='bbox 789 1045 843 1099; x_wconf 89' lang='lat' dir='ltr'><strong>in</strong></span> <span class='ocrx_word' id='word_1_103' title='bbox 871 1045 1072 1116; x_wconf 91' lang='lat' dir='ltr'><strong>templo</strong></span> <span class='ocrx_word' id='word_1_104' title='bbox 1103 1045 1350 1101; x_wconf 88' lang='lat' dir='ltr'><strong>inventos</strong></span> <span class='ocrx_word' id='word_1_105' title='bbox 1379 1049 1676 1102; x_wconf 83' lang='lat' dir='ltr'><strong>vendentes</strong></span> <span class='ocrx_word' id='word_1_106' title='bbox 1702 1047 1890 1115; x_wconf 81' lang='lat' dir='ltr'><strong>boves,</strong></span> <span class='ocrx_word' id='word_1_107' title='bbox 1921 1059 1976 1103; x_wconf 84' lang='lat' dir='ltr'><strong>et</strong></span> <span class='ocrx_word' id='word_1_108' title='bbox 1993 1063 2147 1117; x_wconf 86' lang='lat' dir='ltr'><strong>oves,</strong></span> 
     </span>
    </p>
   </div>
   <div class='ocr_carea' id='block_1_16' title="bbox 2255 1045 3826 1123">
    <p class='ocr_par' dir='ltr' id='par_1_16' title="bbox 2255 1045 3826 1123">
     <span class='ocr_line' id='line_1_16' title="bbox 2255 1045 3826 1123; baseline 0.002 -24"><span class='ocrx_word' id='word_1_109' title='bbox 2255 1045 2326 1116; x_wconf 84' lang='grc' dir='ltr'>τῷ</span> <span class='ocrx_word' id='word_1_110' title='bbox 2351 1045 2480 1119; x_wconf 82' lang='grc' dir='ltr'>ἱερῷ</span> <span class='ocrx_word' id='word_1_111' title='bbox 2498 1048 2623 1110; x_wconf 82' lang='grc' dir='ltr'>τοὺς</span> <span class='ocrx_word' id='word_1_112' title='bbox 2645 1046 2956 1112; x_wconf 82' lang='grc' dir='ltr'>πωλοῦντας</span> <span class='ocrx_word' id='word_1_113' title='bbox 2983 1049 3131 1119; x_wconf 85' lang='grc' dir='ltr'>βόας,</span> <span class='ocrx_word' id='word_1_114' title='bbox 3152 1051 3244 1103; x_wconf 78' lang='grc' dir='ltr'>καὶ</span> <span class='ocrx_word' id='word_1_115' title='bbox 3265 1050 3532 1123; x_wconf 87' lang='grc' dir='ltr'>πρόϐατα,</span> <span class='ocrx_word' id='word_1_116' title='bbox 3551 1051 3646 1103; x_wconf 76' lang='grc' dir='ltr'>καὶ</span> <span class='ocrx_word' id='word_1_117' title='bbox 3664 1066 3826 1120; x_wconf 83' lang='grc' dir='ltr'>περι-</span> 
     </span>
    </p>
   </div>
   <div class='ocr_carea' id='block_1_17' title="bbox 574 1135 2157 1214">
    <p class='ocr_par' dir='ltr' id='par_1_17' title="bbox 574 1135 2148 1208">
     <span class='ocr_line' id='line_1_17' title="bbox 574 1135 2148 1208; baseline 0.002 -16"><span class='ocrx_word' id='word_1_118' title='bbox 574 1144 629 1192; x_wconf 84' lang='lat' dir='ltr'><strong>et</strong></span> <span class='ocrx_word' id='word_1_119' title='bbox 657 1135 972 1204; x_wconf 87' lang='lat' dir='ltr'><strong>columbas,</strong></span> <span class='ocrx_word' id='word_1_120' title='bbox 1005 1147 1064 1192; x_wconf 89' lang='lat' dir='ltr'><strong>et</strong></span> <span class='ocrx_word' id='word_1_121' title='bbox 1089 1145 1283 1192; x_wconf 69' lang='lat' dir='ltr'><strong>caetera</strong></span> <span class='ocrx_word' id='word_1_122' title='bbox 1315 1151 1436 1206; x_wconf 69' lang='lat' dir='ltr'><strong>qua:</strong></span> <span class='ocrx_word' id='word_1_123' title='bbox 1467 1138 1671 1208; x_wconf 89' lang='lat' dir='ltr'><strong>scripta</strong></span> <span class='ocrx_word' id='word_1_124' title='bbox 1701 1148 1848 1204; x_wconf 88' lang='lat' dir='ltr'><strong>sunt,</strong></span> <span class='ocrx_word' id='word_1_125' title='bbox 1876 1139 2020 1197; x_wconf 75' lang='lat' dir='ltr'><strong>facto</strong></span> <span class='ocrx_word' id='word_1_126' title='bbox 2047 1139 2148 1195; x_wconf 81' lang='lat' dir='ltr'><strong>tia-</strong></span> 
     </span>
    </p>
   </div>
   <div class='ocr_carea' id='block_1_18' title="bbox 2255 1135 3828 1214">
    <p class='ocr_par' dir='ltr' id='par_1_18' title="bbox 2255 1139 3828 1214">
     <span class='ocr_line' id='line_1_18' title="bbox 2255 1139 3828 1214; baseline 0.001 -22"><span class='ocrx_word' id='word_1_127' title='bbox 2255 1141 2472 1210; x_wconf 78' lang='grc' dir='ltr'>στερὰς,</span> <span class='ocrx_word' id='word_1_128' title='bbox 2500 1141 2594 1194; x_wconf 83' lang='grc' dir='ltr'>καὶ</span> <span class='ocrx_word' id='word_1_129' title='bbox 2628 1140 2697 1194; x_wconf 85' lang='grc' dir='ltr'><strong>τά</strong></span> <span class='ocrx_word' id='word_1_130' title='bbox 2724 1139 2883 1194; x_wconf 77' lang='grc' dir='ltr'>λοιπὰ</span> <span class='ocrx_word' id='word_1_131' title='bbox 2905 1141 3012 1196; x_wconf 84' lang='grc' dir='ltr'>τῶν</span> <span class='ocrx_word' id='word_1_132' title='bbox 3035 1143 3565 1214; x_wconf 81' lang='grc' dir='ltr'><strong>ἀναγεγραμμένων,</strong></span> <span class='ocrx_word' id='word_1_133' title='bbox 3596 1144 3828 1212; x_wconf 74' lang='grc' dir='ltr'>ποιήσας</span> 
     </span>
    </p>
   </div>
   <div class='ocr_carea' id='block_1_19' title="bbox 575 1226 2157 1306">
    <p class='ocr_par' dir='ltr' id='par_1_19' title="bbox 575 1226 2151 1303">
     <span class='ocr_line' id='line_1_19' title="bbox 575 1226 2151 1303; baseline 0.003 -18"><span class='ocrx_word' id='word_1_134' title='bbox 575 1227 719 1300; x_wconf 88' lang='lat' dir='ltr'><strong>gello</strong></span> <span class='ocrx_word' id='word_1_135' title='bbox 738 1243 772 1284; x_wconf 88' lang='lat' dir='ltr'><strong>e</strong></span> <span class='ocrx_word' id='word_1_136' title='bbox 795 1226 1077 1295; x_wconf 82' lang='lat' dir='ltr'><strong>funiculis,</strong></span> <span class='ocrx_word' id='word_1_137' title='bbox 1117 1227 1276 1298; x_wconf 76' lang='lat' dir='ltr'><strong>eiecit</strong></span> <span class='ocrx_word' id='word_1_138' title='bbox 1301 1244 1333 1284; x_wconf 94' lang='lat' dir='ltr'><strong>e</strong></span> <span class='ocrx_word' id='word_1_139' title='bbox 1363 1229 1598 1299; x_wconf 87' lang='lat' dir='ltr'><strong>templo;</strong></span> <span class='ocrx_word' id='word_1_140' title='bbox 1631 1231 1898 1302; x_wconf 78' lang='lat' dir='ltr'><strong>dictisque</strong></span> <span class='ocrx_word' id='word_1_141' title='bbox 1923 1233 2151 1303; x_wconf 87' lang='lat' dir='ltr'><strong>quibus-</strong></span> 
     </span>
    </p>
   </div>
   <div class='ocr_carea' id='block_1_20' title="bbox 2255 1226 3826 1306">
    <p class='ocr_par' dir='ltr' id='par_1_20' title="bbox 2255 1231 3826 1306">
     <span class='ocr_line' id='line_1_20' title="bbox 2255 1231 3826 1306; baseline 0.001 -20"><span class='ocrx_word' id='word_1_142' title='bbox 2255 1231 2574 1304; x_wconf 79' lang='grc' dir='ltr'>φραγέλλιον</span> <span class='ocrx_word' id='word_1_143' title='bbox 2595 1234 2659 1286; x_wconf 89' lang='grc' dir='ltr'><strong>έκ</strong></span> <span class='ocrx_word' id='word_1_144' title='bbox 2673 1234 2920 1304; x_wconf 88' lang='grc' dir='ltr'>σχοινίων</span> <span class='ocrx_word' id='word_1_145' title='bbox 2939 1233 3145 1298; x_wconf 81' lang='grc' dir='ltr'>πάντας</span> <span class='ocrx_word' id='word_1_146' title='bbox 3175 1236 3430 1302; x_wconf 77' lang='grc' dir='ltr'>ἐξέϐαλεν</span> <span class='ocrx_word' id='word_1_147' title='bbox 3447 1238 3512 1290; x_wconf 85' lang='grc' dir='ltr'>ὲκ</span> <span class='ocrx_word' id='word_1_148' title='bbox 3535 1235 3629 1290; x_wconf 87' lang='grc' dir='ltr'><strong>τοῦ</strong></span> <span class='ocrx_word' id='word_1_149' title='bbox 3653 1236 3826 1306; x_wconf 86' lang='grc' dir='ltr'>ἱεροῦ,</span> 
     </span>
    </p>
   </div>
   <div class='ocr_carea' id='block_1_21' title="bbox 536 1305 2157 1398">
    <p class='ocr_par' dir='ltr' id='par_1_21' title="bbox 536 1305 2153 1394">
     <span class='ocr_line' id='line_1_21' title="bbox 536 1305 2153 1394; baseline 0.003 -18"><span class='ocrx_word' id='word_1_150' title='bbox 536 1305 544 1318; x_wconf 82' lang='grc'><em>’</em></span> <span class='ocrx_word' id='word_1_151' title='bbox 575 1320 704 1376; x_wconf 87' lang='lat' dir='ltr'><strong>dam</strong></span> <span class='ocrx_word' id='word_1_152' title='bbox 737 1321 804 1375; x_wconf 92' lang='lat' dir='ltr'><strong>ad</strong></span> <span class='ocrx_word' id='word_1_153' title='bbox 840 1319 1197 1376; x_wconf 84' lang='lat' dir='ltr'><strong>Nicodemum</strong></span> <span class='ocrx_word' id='word_1_154' title='bbox 1225 1321 1294 1387; x_wconf 84' lang='grc'><strong>⁸⁸,</strong></span> <span class='ocrx_word' id='word_1_155' title='bbox 1349 1331 1536 1392; x_wconf 85' lang='lat' dir='ltr'><strong>postea</strong></span> <span class='ocrx_word' id='word_1_156' title='bbox 1586 1325 1802 1379; x_wconf 79' lang='lat' dir='ltr'><strong>venisse</strong></span> <span class='ocrx_word' id='word_1_157' title='bbox 1841 1325 2020 1394; x_wconf 84' lang='lat' dir='ltr'><strong>ipsum</strong></span> <span class='ocrx_word' id='word_1_158' title='bbox 2042 1366 2059 1392; x_wconf 91' lang='lat'><strong>,</strong></span> <span class='ocrx_word' id='word_1_159' title='bbox 2097 1333 2153 1384; x_wconf 87' lang='lat' dir='ltr'><strong>et</strong></span> 
     </span>
    </p>
   </div>
   <div class='ocr_carea' id='block_1_22' title="bbox 2255 1305 3830 1398">
    <p class='ocr_par' dir='ltr' id='par_1_22' title="bbox 2255 1305 3830 1398">
     <span class='ocr_line' id='line_1_22' title="bbox 2255 1305 3830 1398; baseline 0.004 -22"><span class='ocrx_word' id='word_1_160' title='bbox 2255 1324 2348 1377; x_wconf 77' lang='grc' dir='ltr'>καὶ</span> <span class='ocrx_word' id='word_1_161' title='bbox 2397 1323 2566 1376; x_wconf 80' lang='grc' dir='ltr'>εἰπών</span> <span class='ocrx_word' id='word_1_162' title='bbox 2611 1340 2734 1378; x_wconf 86' lang='grc' dir='ltr'>τινα</span> <span class='ocrx_word' id='word_1_163' title='bbox 2787 1311 2922 1394; x_wconf 60' lang='lat' dir='ltr'><strong>ripe;</strong></span> <span class='ocrx_word' id='word_1_164' title='bbox 2954 1325 3045 1379; x_wconf 85' lang='grc' dir='ltr'>τὸν</span> <span class='ocrx_word' id='word_1_165' title='bbox 3084 1326 3414 1398; x_wconf 80' lang='grc' dir='ltr'>Νικόδημον,</span> <span class='ocrx_word' id='word_1_166' title='bbox 3460 1329 3599 1398; x_wconf 83' lang='grc' dir='ltr'><strong>μετά</strong></span> <span class='ocrx_word' id='word_1_167' title='bbox 3654 1305 3830 1382; x_wconf 88' lang='grc' dir='ltr'>ταῦτα</span> 
     </span>
    </p>
   </div>
   <div class='ocr_carea' id='block_1_23' title="bbox 574 1409 2157 1488">
    <p class='ocr_par' dir='ltr' id='par_1_23' title="bbox 574 1409 2156 1482">
     <span class='ocr_line' id='line_1_23' title="bbox 574 1409 2156 1482; baseline 0.006 -18"><span class='ocrx_word' id='word_1_168' title='bbox 574 1409 871 1482; x_wconf 87' lang='lat' dir='ltr'><strong>discipulos</strong></span> <span class='ocrx_word' id='word_1_169' title='bbox 907 1409 1026 1480; x_wconf 86' lang='lat' dir='ltr'><strong>ejus</strong></span> <span class='ocrx_word' id='word_1_170' title='bbox 1060 1412 1113 1465; x_wconf 92' lang='lat' dir='ltr'><strong>in</strong></span> <span class='ocrx_word' id='word_1_171' title='bbox 1141 1419 1340 1467; x_wconf 86' lang='lat' dir='ltr'><strong>terram</strong></span> <span class='ocrx_word' id='word_1_172' title='bbox 1382 1411 1625 1469; x_wconf 68' lang='lat' dir='ltr'><strong>Iudaeam</strong></span> <span class='ocrx_word' id='word_1_173' title='bbox 1645 1454 1661 1479; x_wconf 93' lang='lat'><strong>,</strong></span> <span class='ocrx_word' id='word_1_174' title='bbox 1691 1427 1746 1470; x_wconf 92' lang='lat' dir='ltr'><strong>et</strong></span> <span class='ocrx_word' id='word_1_175' title='bbox 1776 1414 1886 1470; x_wconf 92' lang='lat' dir='ltr'><strong>illic</strong></span> <span class='ocrx_word' id='word_1_176' title='bbox 1917 1431 2156 1473; x_wconf 85' lang='lat' dir='ltr'><strong>commo-</strong></span> 
     </span>
    </p>
   </div>
   <div class='ocr_carea' id='block_1_24' title="bbox 2255 1409 3830 1488">
    <p class='ocr_par' dir='ltr' id='par_1_24' title="bbox 2255 1409 3830 1488">
     <span class='ocr_line' id='line_1_24' title="bbox 2255 1409 3830 1488; baseline 0.004 -22"><span class='ocrx_word' id='word_1_177' title='bbox 2255 1409 2412 1485; x_wconf 82' lang='grc' dir='ltr'>ἦλθεν</span> <span class='ocrx_word' id='word_1_178' title='bbox 2433 1413 2614 1479; x_wconf 80' lang='grc' dir='ltr'>αὐτὸς,</span> <span class='ocrx_word' id='word_1_179' title='bbox 2644 1415 2738 1468; x_wconf 77' lang='grc' dir='ltr'>καὶ</span> <span class='ocrx_word' id='word_1_180' title='bbox 2767 1415 2816 1466; x_wconf 75' lang='grc' dir='ltr'>οἱ</span> <span class='ocrx_word' id='word_1_181' title='bbox 2843 1415 3084 1487; x_wconf 74' lang='grc' dir='ltr'>μαθηταὶ</span> <span class='ocrx_word' id='word_1_182' title='bbox 3123 1415 3286 1470; x_wconf 84' lang='grc' dir='ltr'>αὐτοῦ</span> <span class='ocrx_word' id='word_1_183' title='bbox 3320 1419 3400 1481; x_wconf 84' lang='grc' dir='ltr'>εἰς</span> <span class='ocrx_word' id='word_1_184' title='bbox 3427 1417 3527 1488; x_wconf 87' lang='grc' dir='ltr'>τὴν</span> <span class='ocrx_word' id='word_1_185' title='bbox 3570 1418 3830 1473; x_wconf 84' lang='grc' dir='ltr'>Ἰουδαίαν</span> 
     </span>
    </p>
   </div>
   <div class='ocr_carea' id='block_1_25' title="bbox 579 1499 2157 1578">
    <p class='ocr_par' dir='ltr' id='par_1_25' title="bbox 579 1499 2155 1578">
     <span class='ocr_line' id='line_1_25' title="bbox 579 1499 2155 1578; baseline 0.004 -22"><span class='ocrx_word' id='word_1_186' title='bbox 579 1509 760 1556; x_wconf 87' lang='lat' dir='ltr'><strong>ratum</strong></span> <span class='ocrx_word' id='word_1_187' title='bbox 791 1499 961 1557; x_wconf 82' lang='lat' dir='ltr'><strong>fuisse</strong></span> <span class='ocrx_word' id='word_1_188' title='bbox 985 1515 1110 1557; x_wconf 89' lang='lat' dir='ltr'><strong>eum</strong></span> <span class='ocrx_word' id='word_1_189' title='bbox 1151 1502 1252 1568; x_wconf 89' lang='lat' dir='ltr'><strong>eis,</strong></span> <span class='ocrx_word' id='word_1_190' title='bbox 1279 1511 1338 1557; x_wconf 91' lang='lat' dir='ltr'><strong>et</strong></span> <span class='ocrx_word' id='word_1_191' title='bbox 1376 1504 1703 1572; x_wconf 80' lang='lat' dir='ltr'><strong>baptizasse.</strong></span> <span class='ocrx_word' id='word_1_192' title='bbox 1747 1505 2017 1573; x_wconf 85' lang='lat' dir='ltr'><strong>Quantum</strong></span> <span class='ocrx_word' id='word_1_193' title='bbox 2049 1507 2155 1578; x_wconf 84' lang='lat' dir='ltr'><strong>igi-</strong></span> 
     </span>
    </p>
   </div>
   <div class='ocr_carea' id='block_1_26' title="bbox 2255 1499 3828 1578">
    <p class='ocr_par' dir='ltr' id='par_1_26' title="bbox 2255 1505 3828 1578">
     <span class='ocr_line' id='line_1_26' title="bbox 2255 1505 3828 1578; baseline 0.004 -22"><span class='ocrx_word' id='word_1_194' title='bbox 2255 1505 2377 1576; x_wconf 77' lang='grc' dir='ltr'>γῆν,</span> <span class='ocrx_word' id='word_1_195' title='bbox 2406 1511 2500 1558; x_wconf 73' lang='grc' dir='ltr'>καὶ</span> <span class='ocrx_word' id='word_1_196' title='bbox 2538 1506 2656 1558; x_wconf 73' lang='grc' dir='ltr'>ἐκεῖ</span> <span class='ocrx_word' id='word_1_197' title='bbox 2694 1506 2929 1578; x_wconf 87' lang='grc' dir='ltr'>διέτριϐε</span> <span class='ocrx_word' id='word_1_198' title='bbox 2977 1507 3095 1578; x_wconf 82' lang='grc' dir='ltr'>μετ’</span> <span class='ocrx_word' id='word_1_199' title='bbox 3134 1507 3348 1570; x_wconf 81' lang='grc' dir='ltr'>αὐτῶν,</span> <span class='ocrx_word' id='word_1_200' title='bbox 3395 1509 3492 1562; x_wconf 74' lang='grc' dir='ltr'>καὶ</span> <span class='ocrx_word' id='word_1_201' title='bbox 3547 1507 3828 1573; x_wconf 74' lang='grc' dir='ltr'>ὲϐάπτιξε.</span> 
     </span>
    </p>
   </div>
   <div class='ocr_carea' id='block_1_27' title="bbox 577 1592 2157 1669">
    <p class='ocr_par' dir='ltr' id='par_1_27' title="bbox 577 1592 2156 1669">
     <span class='ocr_line' id='line_1_27' title="bbox 577 1592 2156 1669; baseline 0.006 -23"><span class='ocrx_word' id='word_1_202' title='bbox 577 1600 669 1647; x_wconf 90' lang='lat' dir='ltr'><strong>tur</strong></span> <span class='ocrx_word' id='word_1_203' title='bbox 694 1592 954 1662; x_wconf 84' lang='lat' dir='ltr'><strong>temporis</strong></span> <span class='ocrx_word' id='word_1_204' title='bbox 981 1606 1248 1664; x_wconf 88' lang='lat' dir='ltr'><strong>ponemus</strong></span> <span class='ocrx_word' id='word_1_205' title='bbox 1279 1608 1403 1648; x_wconf 87' lang='lat' dir='ltr'><strong>eum</strong></span> <span class='ocrx_word' id='word_1_206' title='bbox 1436 1595 1488 1649; x_wconf 92' lang='lat' dir='ltr'><strong>in</strong></span> <span class='ocrx_word' id='word_1_207' title='bbox 1530 1593 1714 1651; x_wconf 64' lang='lat' dir='ltr'><strong>Judasa</strong></span> <span class='ocrx_word' id='word_1_208' title='bbox 1747 1599 2156 1669; x_wconf 81' lang='lat' dir='ltr'><strong>consumpsisse</strong></span> 
     </span>
    </p>
   </div>
   <div class='ocr_carea' id='block_1_28' title="bbox 2255 1592 3819 1669">
    <p class='ocr_par' dir='ltr' id='par_1_28' title="bbox 2255 1593 3819 1669">
     <span class='ocr_line' id='line_1_28' title="bbox 2255 1593 3819 1669; baseline 0.003 -22"><span class='ocrx_word' id='word_1_209' title='bbox 2255 1594 2426 1648; x_wconf 82' lang='grc' dir='ltr'>Πόσον</span> <span class='ocrx_word' id='word_1_210' title='bbox 2455 1593 2519 1665; x_wconf 81' lang='grc' dir='ltr'>δὴ</span> <span class='ocrx_word' id='word_1_211' title='bbox 2562 1593 2799 1666; x_wconf 79' lang='grc' dir='ltr'>θήσομεν</span> <span class='ocrx_word' id='word_1_212' title='bbox 2837 1595 3000 1648; x_wconf 78' lang='grc' dir='ltr'>αὑτὸν</span> <span class='ocrx_word' id='word_1_213' title='bbox 3040 1595 3438 1666; x_wconf 73' lang='grc' dir='ltr'>διατετριφέναι</span> <span class='ocrx_word' id='word_1_214' title='bbox 3479 1599 3539 1650; x_wconf 80' lang='grc' dir='ltr'>ὲν</span> <span class='ocrx_word' id='word_1_215' title='bbox 3576 1600 3642 1669; x_wconf 77' lang='grc' dir='ltr'>τῇ</span> <span class='ocrx_word' id='word_1_216' title='bbox 3695 1598 3819 1651; x_wconf 84' lang='grc' dir='ltr'>Ἰου-</span> 
     </span>
    </p>
   </div>
   <div class='ocr_carea' id='block_1_29' title="bbox 575 1682 2157 1760">
    <p class='ocr_par' dir='ltr' id='par_1_29' title="bbox 575 1682 2156 1759">
     <span class='ocr_line' id='line_1_29' title="bbox 575 1682 2156 1759; baseline 0.006 -21"><span class='ocrx_word' id='word_1_217' title='bbox 575 1682 944 1754; x_wconf 84' lang='lat' dir='ltr'><strong>baptizantem</strong></span> <span class='ocrx_word' id='word_1_218' title='bbox 983 1693 1106 1754; x_wconf 84' lang='lat' dir='ltr'><strong>post</strong></span> <span class='ocrx_word' id='word_1_219' title='bbox 1135 1683 1381 1740; x_wconf 81' lang='lat' dir='ltr'><strong>Pascha?</strong></span> <span class='ocrx_word' id='word_1_220' title='bbox 1422 1700 1532 1741; x_wconf 89' lang='lat' dir='ltr'><strong>non</strong></span> <span class='ocrx_word' id='word_1_221' title='bbox 1587 1688 1733 1742; x_wconf 88' lang='lat' dir='ltr'><strong>enim</strong></span> <span class='ocrx_word' id='word_1_222' title='bbox 1787 1699 1974 1759; x_wconf 91' lang='lat' dir='ltr'><strong>aperte</strong></span> <span class='ocrx_word' id='word_1_223' title='bbox 2015 1692 2156 1747; x_wconf 85' lang='lat' dir='ltr'><strong>scri-</strong></span> 
     </span>
    </p>
   </div>
   <div class='ocr_carea' id='block_1_30' title="bbox 2255 1682 3831 1760">
    <p class='ocr_par' dir='ltr' id='par_1_30' title="bbox 2255 1685 3831 1760">
     <span class='ocr_line' id='line_1_30' title="bbox 2255 1685 3831 1760; baseline 0.002 -20"><span class='ocrx_word' id='word_1_224' title='bbox 2255 1686 2380 1758; x_wconf 77' lang='grc' dir='ltr'>δαίᾳ</span> <span class='ocrx_word' id='word_1_225' title='bbox 2405 1685 2594 1759; x_wconf 89' lang='grc' dir='ltr'>χρόνον</span> <span class='ocrx_word' id='word_1_226' title='bbox 2627 1686 2952 1757; x_wconf 79' lang='grc' dir='ltr'>βαπτίζοντα</span> <span class='ocrx_word' id='word_1_227' title='bbox 2984 1687 3122 1758; x_wconf 80' lang='grc' dir='ltr'>μετὰ</span> <span class='ocrx_word' id='word_1_228' title='bbox 3145 1689 3207 1742; x_wconf 83' lang='grc' dir='ltr'>τὸ</span> <span class='ocrx_word' id='word_1_229' title='bbox 3238 1688 3464 1760; x_wconf 84' lang='grc' dir='ltr'>Πάσχα;</span> <span class='ocrx_word' id='word_1_230' title='bbox 3499 1690 3561 1742; x_wconf 74' lang='grc' dir='ltr'>οὐ</span> <span class='ocrx_word' id='word_1_231' title='bbox 3589 1691 3699 1760; x_wconf 81' lang='grc' dir='ltr'><strong>γὰρ</strong></span> <span class='ocrx_word' id='word_1_232' title='bbox 3731 1706 3831 1743; x_wconf 85' lang='grc' dir='ltr'>σα-</span> 
     </span>
    </p>
   </div>
   <div class='ocr_carea' id='block_1_31' title="bbox 575 1776 2157 1850">
    <p class='ocr_par' dir='ltr' id='par_1_31' title="bbox 575 1778 2150 1850">
     <span class='ocr_line' id='line_1_31' title="bbox 575 1778 2150 1850; baseline 0.007 -20"><span class='ocrx_word' id='word_1_233' title='bbox 575 1785 726 1847; x_wconf 90' lang='lat' dir='ltr'><strong>ptum</strong></span> <span class='ocrx_word' id='word_1_234' title='bbox 758 1784 844 1833; x_wconf 84' lang='lat' dir='ltr'><strong>est</strong></span> <span class='ocrx_word' id='word_1_235' title='bbox 867 1792 882 1831; x_wconf 88' lang='lat'><strong>:</strong></span> <span class='ocrx_word' id='word_1_236' title='bbox 919 1785 974 1832; x_wconf 91' lang='lat' dir='ltr'><strong>et</strong></span> <span class='ocrx_word' id='word_1_237' title='bbox 993 1785 1222 1848; x_wconf 91' lang='lat' dir='ltr'><strong>apparet</strong></span> <span class='ocrx_word' id='word_1_238' title='bbox 1246 1793 1314 1834; x_wconf 89' lang='lat' dir='ltr'><strong>eo</strong></span> <span class='ocrx_word' id='word_1_239' title='bbox 1340 1778 1484 1848; x_wconf 91' lang='lat' dir='ltr'><strong>quod</strong></span> <span class='ocrx_word' id='word_1_240' title='bbox 1507 1781 1865 1850; x_wconf 74' lang='lat' dir='ltr'><strong>cognoverint</strong></span> <span class='ocrx_word' id='word_1_241' title='bbox 1891 1781 2150 1841; x_wconf 54' lang='lat' dir='ltr'><strong>Pharisaei</strong></span> 
     </span>
    </p>
   </div>
   <div class='ocr_carea' id='block_1_32' title="bbox 2255 1776 3832 1850">
    <p class='ocr_par' dir='ltr' id='par_1_32' title="bbox 2256 1776 3832 1848">
     <span class='ocr_line' id='line_1_32' title="bbox 2256 1776 3832 1848; baseline 0.003 -19"><span class='ocrx_word' id='word_1_242' title='bbox 2256 1776 2372 1845; x_wconf 84' lang='grc' dir='ltr'>φῶς</span> <span class='ocrx_word' id='word_1_243' title='bbox 2401 1777 2708 1848; x_wconf 83' lang='grc' dir='ltr'>γέγραπται</span> <span class='ocrx_word' id='word_1_244' title='bbox 2726 1794 2739 1807; x_wconf 80' lang='grc'><em>’</em></span> <span class='ocrx_word' id='word_1_245' title='bbox 2764 1778 2858 1831; x_wconf 80' lang='grc' dir='ltr'>καὶ</span> <span class='ocrx_word' id='word_1_246' title='bbox 2887 1779 3136 1848; x_wconf 81' lang='grc' dir='ltr'>φαίνεται</span> <span class='ocrx_word' id='word_1_247' title='bbox 3163 1779 3252 1832; x_wconf 70' lang='grc' dir='ltr'><strong>διὰ</strong></span> <span class='ocrx_word' id='word_1_248' title='bbox 3280 1779 3341 1832; x_wconf 88' lang='grc' dir='ltr'>τὸ</span> <span class='ocrx_word' id='word_1_249' title='bbox 3372 1779 3671 1848; x_wconf 77' lang='grc' dir='ltr'>ἐγνωκέναι</span> <span class='ocrx_word' id='word_1_250' title='bbox 3704 1781 3832 1843; x_wconf 82' lang='grc' dir='ltr'>τοὺς</span> 
     </span>
    </p>
   </div>
   <div class='ocr_carea' id='block_1_33' title="bbox 573 1864 2157 1946">
    <p class='ocr_par' dir='ltr' id='par_1_33' title="bbox 573 1864 2150 1946">
     <span class='ocr_line' id='line_1_33' title="bbox 573 1864 2150 1946; baseline 0.007 -24"><span class='ocrx_word' id='word_1_251' title='bbox 573 1864 761 1923; x_wconf 83' lang='lat' dir='ltr'><strong>Jesum</strong></span> <span class='ocrx_word' id='word_1_252' title='bbox 805 1868 993 1939; x_wconf 90' lang='lat' dir='ltr'><strong>plures</strong></span> <span class='ocrx_word' id='word_1_253' title='bbox 1045 1869 1342 1940; x_wconf 86' lang='lat' dir='ltr'><strong>discipulos</strong></span> <span class='ocrx_word' id='word_1_254' title='bbox 1387 1870 1570 1930; x_wconf 74' lang='lat' dir='ltr'><strong>facere</strong></span> <span class='ocrx_word' id='word_1_255' title='bbox 1618 1871 1687 1939; x_wconf 81' lang='lat'><strong>“,</strong></span> <span class='ocrx_word' id='word_1_256' title='bbox 1737 1883 1794 1929; x_wconf 91' lang='lat' dir='ltr'><strong>et</strong></span> <span class='ocrx_word' id='word_1_257' title='bbox 1842 1875 2150 1946; x_wconf 80' lang='lat' dir='ltr'><strong>baptizare,</strong></span> 
     </span>
    </p>
   </div>
   <div class='ocr_carea' id='block_1_34' title="bbox 2255 1864 3834 1946">
    <p class='ocr_par' dir='ltr' id='par_1_34' title="bbox 2255 1867 3834 1941">
     <span class='ocr_line' id='line_1_34' title="bbox 2255 1867 3834 1941; baseline 0.001 -19"><span class='ocrx_word' id='word_1_258' title='bbox 2255 1867 2602 1938; x_wconf 74' lang='grc' dir='ltr'>Φαρισαίους,</span> <span class='ocrx_word' id='word_1_259' title='bbox 2635 1869 2717 1921; x_wconf 82' lang='grc' dir='ltr'>ὅτι</span> <span class='ocrx_word' id='word_1_260' title='bbox 2755 1867 2962 1939; x_wconf 91' lang='grc' dir='ltr'>Ἰησοῦς</span> <span class='ocrx_word' id='word_1_261' title='bbox 2984 1867 3235 1932; x_wconf 84' lang='grc' dir='ltr'>πλείονας</span> <span class='ocrx_word' id='word_1_262' title='bbox 3259 1869 3506 1941; x_wconf 78' lang='grc' dir='ltr'>μαθητάς</span> <span class='ocrx_word' id='word_1_263' title='bbox 3541 1872 3705 1935; x_wconf 83' lang='grc' dir='ltr'>ποιεῖ,</span> <span class='ocrx_word' id='word_1_264' title='bbox 3736 1871 3834 1923; x_wconf 77' lang='grc' dir='ltr'>καὶ</span> 
     </span>
    </p>
   </div>
   <div class='ocr_carea' id='block_1_35' title="bbox 575 1957 2157 2034">
    <p class='ocr_par' dir='ltr' id='par_1_35' title="bbox 575 1957 2154 2034">
     <span class='ocr_line' id='line_1_35' title="bbox 575 1957 2154 2034; baseline 0.006 -24"><span class='ocrx_word' id='word_1_265' title='bbox 575 1972 736 2026; x_wconf 85' lang='lat' dir='ltr'><strong>quam</strong></span> <span class='ocrx_word' id='word_1_266' title='bbox 753 1957 1011 2024; x_wconf 81' lang='lat' dir='ltr'><strong>Joannes,</strong></span> <span class='ocrx_word' id='word_1_267' title='bbox 1036 1958 1219 2016; x_wconf 81' lang='lat' dir='ltr'><strong>Jesum</strong></span> <span class='ocrx_word' id='word_1_268' title='bbox 1231 1959 1472 2016; x_wconf 67' lang='lat' dir='ltr'><strong>Judream</strong></span> <span class='ocrx_word' id='word_1_269' title='bbox 1490 1961 1799 2032; x_wconf 82' lang='lat' dir='ltr'><strong>reliquisse,</strong></span> <span class='ocrx_word' id='word_1_270' title='bbox 1819 1965 2154 2034; x_wconf 77' lang='lat' dir='ltr'><strong>profectum-</strong></span> 
     </span>
    </p>
   </div>
   <div class='ocr_carea' id='block_1_36' title="bbox 2255 1957 3836 2034">
    <p class='ocr_par' dir='ltr' id='par_1_36' title="bbox 2256 1958 3836 2033">
     <span class='ocr_line' id='line_1_36' title="bbox 2256 1958 3836 2033; baseline 0.001 -20"><span class='ocrx_word' id='word_1_271' title='bbox 2256 1958 2508 2030; x_wconf 76' lang='grc' dir='ltr'>βαπτίζει</span> <span class='ocrx_word' id='word_1_272' title='bbox 2565 1960 2820 2032; x_wconf 82' lang='grc' dir='ltr'>Ἰωάννης</span> <span class='ocrx_word' id='word_1_273' title='bbox 2865 1960 3000 2032; x_wconf 73' lang='grc'><strong>(55),</strong></span> <span class='ocrx_word' id='word_1_274' title='bbox 3042 1961 3225 2030; x_wconf 79' lang='grc' dir='ltr'>ἀφιεὶς</span> <span class='ocrx_word' id='word_1_275' title='bbox 3257 1961 3356 2033; x_wconf 82' lang='grc' dir='ltr'>τὴν</span> <span class='ocrx_word' id='word_1_276' title='bbox 3406 1961 3689 2026; x_wconf 83' lang='grc' dir='ltr'>Ἰουδαίαν,</span> <span class='ocrx_word' id='word_1_277' title='bbox 3737 1963 3836 2015; x_wconf 64' lang='grc' dir='ltr'>καὶ</span> 
     </span>
    </p>
   </div>
   <div class='ocr_carea' id='block_1_37' title="bbox 575 2051 2157 2130">
    <p class='ocr_par' dir='ltr' id='par_1_37' title="bbox 575 2051 2156 2130">
     <span class='ocr_line' id='line_1_37' title="bbox 575 2051 2156 2130; baseline 0.008 -28"><span class='ocrx_word' id='word_1_278' title='bbox 575 2065 683 2120; x_wconf 85' lang='lat' dir='ltr'><strong>que</strong></span> <span class='ocrx_word' id='word_1_279' title='bbox 730 2052 783 2106; x_wconf 91' lang='lat' dir='ltr'><strong>in</strong></span> <span class='ocrx_word' id='word_1_280' title='bbox 815 2051 1132 2120; x_wconf 72' lang='lat' dir='ltr'><strong>Galilaeam,</strong></span> <span class='ocrx_word' id='word_1_281' title='bbox 1163 2067 1288 2108; x_wconf 91' lang='lat' dir='ltr'><strong>cum</strong></span> <span class='ocrx_word' id='word_1_282' title='bbox 1320 2062 1602 2123; x_wconf 86' lang='lat' dir='ltr'><strong>oporteret</strong></span> <span class='ocrx_word' id='word_1_283' title='bbox 1632 2069 1757 2110; x_wconf 85' lang='lat' dir='ltr'><strong>eum</strong></span> <span class='ocrx_word' id='word_1_284' title='bbox 1793 2057 2028 2114; x_wconf 88' lang='lat' dir='ltr'><strong>transire</strong></span> <span class='ocrx_word' id='word_1_285' title='bbox 2058 2072 2156 2130; x_wconf 87' lang='lat' dir='ltr'><strong>per</strong></span> 
     </span>
    </p>
   </div>
   <div class='ocr_carea' id='block_1_38' title="bbox 2255 2051 3834 2130">
    <p class='ocr_par' dir='ltr' id='par_1_38' title="bbox 2255 2051 3834 2125">
     <span class='ocr_line' id='line_1_38' title="bbox 2255 2051 3834 2125; baseline 0.001 -20"><span class='ocrx_word' id='word_1_286' title='bbox 2255 2051 2628 2124; x_wconf 80' lang='grc' dir='ltr'>ἀπερχόμενος</span> <span class='ocrx_word' id='word_1_287' title='bbox 2667 2053 2748 2116; x_wconf 82' lang='grc' dir='ltr'><strong>είς</strong></span> <span class='ocrx_word' id='word_1_288' title='bbox 2775 2051 2874 2124; x_wconf 83' lang='grc' dir='ltr'><strong>τὴν</strong></span> <span class='ocrx_word' id='word_1_289' title='bbox 2906 2051 3216 2118; x_wconf 88' lang='grc' dir='ltr'>Γαλιλαίαν,</span> <span class='ocrx_word' id='word_1_290' title='bbox 3254 2053 3344 2107; x_wconf 81' lang='grc' dir='ltr'>ὅτε</span> <span class='ocrx_word' id='word_1_291' title='bbox 3523 2053 3631 2107; x_wconf 74' lang='grc' dir='ltr'>ἔδει</span> <span class='ocrx_word' id='word_1_292' title='bbox 3666 2051 3834 2108; x_wconf 81' lang='grc' dir='ltr'>αὐτὸν</span> 
     </span>
    </p>
   </div>
   <div class='ocr_carea' id='block_1_39' title="bbox 575 2143 2157 2222">
    <p class='ocr_par' dir='ltr' id='par_1_39' title="bbox 575 2143 2157 2222">
     <span class='ocr_line' id='line_1_39' title="bbox 575 2143 2157 2222; baseline 0.004 -22"><span class='ocrx_word' id='word_1_293' title='bbox 575 2145 908 2212; x_wconf 84' lang='lat' dir='ltr'><strong>Samariam,</strong></span> <span class='ocrx_word' id='word_1_294' title='bbox 964 2145 1180 2204; x_wconf 78' lang='lat' dir='ltr'><strong>venisse</strong></span> <span class='ocrx_word' id='word_1_295' title='bbox 1231 2144 1300 2200; x_wconf 89' lang='lat' dir='ltr'><strong>ad</strong></span> <span class='ocrx_word' id='word_1_296' title='bbox 1326 2143 1534 2201; x_wconf 82' lang='lat' dir='ltr'><strong>fontem</strong></span> <span class='ocrx_word' id='word_1_297' title='bbox 1574 2145 1784 2214; x_wconf 81' lang='lat' dir='ltr'><strong>Jacob,</strong></span> <span class='ocrx_word' id='word_1_298' title='bbox 1829 2148 1922 2204; x_wconf 86' lang='lat' dir='ltr'><strong>ubi</strong></span> <span class='ocrx_word' id='word_1_299' title='bbox 1977 2149 2157 2222; x_wconf 87' lang='lat' dir='ltr'><strong>inquit</strong></span> 
     </span>
    </p>
   </div>
   <div class='ocr_carea' id='block_1_40' title="bbox 2255 2143 3834 2222">
    <p class='ocr_par' dir='ltr' id='par_1_40' title="bbox 2255 2143 3834 2219">
     <span class='ocr_line' id='line_1_40' title="bbox 2255 2143 3834 2219; baseline 0.002 -22"><span class='ocrx_word' id='word_1_300' title='bbox 2255 2143 2561 2216; x_wconf 86' lang='grc' dir='ltr'>διέρχεσθαι</span> <span class='ocrx_word' id='word_1_301' title='bbox 2591 2143 2680 2198; x_wconf 82' lang='grc' dir='ltr'><strong>διὰ</strong></span> <span class='ocrx_word' id='word_1_302' title='bbox 2711 2145 2809 2214; x_wconf 89' lang='grc' dir='ltr'>τῆς</span> <span class='ocrx_word' id='word_1_303' title='bbox 2847 2144 3181 2217; x_wconf 84' lang='grc' dir='ltr'>Σαμαρείας,</span> <span class='ocrx_word' id='word_1_304' title='bbox 3215 2145 3309 2199; x_wconf 72' lang='grc' dir='ltr'><strong>καὶ</strong></span> <span class='ocrx_word' id='word_1_305' title='bbox 3353 2145 3648 2216; x_wconf 87' lang='grc' dir='ltr'>γενόμενος</span> <span class='ocrx_word' id='word_1_306' title='bbox 3678 2145 3834 2219; x_wconf 79' lang='grc' dir='ltr'>παρὰ</span> 
     </span>
    </p>
   </div>
   <div class='ocr_carea' id='block_1_41' title="bbox 579 2233 2157 2310">
    <p class='ocr_par' dir='ltr' id='par_1_41' title="bbox 579 2233 2157 2310">
     <span class='ocr_line' id='line_1_41' title="bbox 579 2233 2157 2310; baseline 0.003 -19"><span class='ocrx_word' id='word_1_307' title='bbox 579 2234 698 2291; x_wconf 63' lang='lat' dir='ltr'><strong>hac</strong></span> <span class='ocrx_word' id='word_1_308' title='bbox 725 2234 936 2291; x_wconf 83' lang='lat' dir='ltr'><strong>verba:</strong></span> <span class='ocrx_word' id='word_1_309' title='bbox 974 2253 995 2288; x_wconf 75' lang='grc' dir='ltr'><strong>ι</strong></span> <span class='ocrx_word' id='word_1_310' title='bbox 1030 2233 1226 2292; x_wconf 78' lang='lat' dir='ltr'><strong>Nonne</strong></span> <span class='ocrx_word' id='word_1_311' title='bbox 1258 2249 1355 2291; x_wconf 87' lang='lat' dir='ltr'><strong>vos</strong></span> <span class='ocrx_word' id='word_1_312' title='bbox 1380 2234 1566 2291; x_wconf 86' lang='lat' dir='ltr'><strong>dicitis</strong></span> <span class='ocrx_word' id='word_1_313' title='bbox 1591 2277 1607 2305; x_wconf 89' lang='lat'><strong>,</strong></span> <span class='ocrx_word' id='word_1_314' title='bbox 1643 2237 1788 2306; x_wconf 81' lang='lat' dir='ltr'><strong>quod</strong></span> <span class='ocrx_word' id='word_1_315' title='bbox 1823 2239 2002 2295; x_wconf 86' lang='lat' dir='ltr'><strong>adhuc</strong></span> <span class='ocrx_word' id='word_1_316' title='bbox 2023 2256 2157 2310; x_wconf 87' lang='lat' dir='ltr'><strong>qua-</strong></span> 
     </span>
    </p>
   </div>
   <div class='ocr_carea' id='block_1_42' title="bbox 2255 2233 3833 2310">
    <p class='ocr_par' dir='ltr' id='par_1_42' title="bbox 2255 2233 3833 2306">
     <span class='ocr_line' id='line_1_42' title="bbox 2255 2233 3833 2306; baseline 0.001 -17"><span class='ocrx_word' id='word_1_317' title='bbox 2255 2238 2320 2306; x_wconf 81' lang='grc' dir='ltr'>τῇ</span> <span class='ocrx_word' id='word_1_318' title='bbox 2351 2237 2500 2306; x_wconf 84' lang='grc' dir='ltr'>πηγῇ</span> <span class='ocrx_word' id='word_1_319' title='bbox 2535 2233 2628 2289; x_wconf 87' lang='grc' dir='ltr'><strong>τοῦ</strong></span> <span class='ocrx_word' id='word_1_320' title='bbox 2681 2233 2898 2299; x_wconf 86' lang='grc' dir='ltr'>Ἰακὼϐ,</span> <span class='ocrx_word' id='word_1_321' title='bbox 2929 2235 3172 2306; x_wconf 74' lang='grc' dir='ltr'>φησὶτό·</span> <span class='ocrx_word' id='word_1_322' title='bbox 3221 2253 3239 2286; x_wconf 77' lang='grc' dir='ltr'><strong>ι</strong></span> <span class='ocrx_word' id='word_1_323' title='bbox 3285 2236 3399 2306; x_wconf 77' lang='grc' dir='ltr'><strong>Οὐχ</strong></span> <span class='ocrx_word' id='word_1_324' title='bbox 3424 2236 3584 2306; x_wconf 83' lang='grc' dir='ltr'>ὑμεῖς</span> <span class='ocrx_word' id='word_1_325' title='bbox 3619 2236 3833 2304; x_wconf 86' lang='grc' dir='ltr'>λέγετε,</span> 
     </span>
    </p>
   </div>
   <div class='ocr_carea' id='block_1_43' title="bbox 575 2326 2157 2402">
    <p class='ocr_par' dir='ltr' id='par_1_43' title="bbox 575 2329 2157 2402">
     <span class='ocr_line' id='line_1_43' title="bbox 575 2329 2157 2402; baseline 0.003 -18"><span class='ocrx_word' id='word_1_326' title='bbox 575 2341 702 2386; x_wconf 92' lang='lat' dir='ltr'><strong>tuor</strong></span> <span class='ocrx_word' id='word_1_327' title='bbox 731 2336 860 2384; x_wconf 85' lang='lat' dir='ltr'><strong>sunt</strong></span> <span class='ocrx_word' id='word_1_328' title='bbox 893 2342 1138 2391; x_wconf 86' lang='lat' dir='ltr'><strong>menses,</strong></span> <span class='ocrx_word' id='word_1_329' title='bbox 1173 2335 1230 2383; x_wconf 85' lang='lat' dir='ltr'><strong>et</strong></span> <span class='ocrx_word' id='word_1_330' title='bbox 1264 2329 1461 2384; x_wconf 87' lang='lat' dir='ltr'><strong>messis</strong></span> <span class='ocrx_word' id='word_1_331' title='bbox 1485 2329 1672 2384; x_wconf 84' lang='lat' dir='ltr'><strong>venit?</strong></span> <span class='ocrx_word' id='word_1_332' title='bbox 1699 2329 1864 2402; x_wconf 84' lang='lat' dir='ltr'><strong>[Ecce</strong></span> <span class='ocrx_word' id='word_1_333' title='bbox 1897 2331 2020 2388; x_wconf 88' lang='lat' dir='ltr'><strong>dico</strong></span> <span class='ocrx_word' id='word_1_334' title='bbox 2061 2349 2157 2388; x_wconf 84' lang='lat' dir='ltr'><strong>vo-</strong></span> 
     </span>
    </p>
   </div>
   <div class='ocr_carea' id='block_1_44' title="bbox 2255 2326 3830 2402">
    <p class='ocr_par' dir='ltr' id='par_1_44' title="bbox 2255 2326 3830 2400">
     <span class='ocr_line' id='line_1_44' title="bbox 2255 2326 3830 2400; baseline 0.002 -20"><span class='ocrx_word' id='word_1_335' title='bbox 2255 2327 2334 2380; x_wconf 82' lang='grc' dir='ltr'>ὅτι</span> <span class='ocrx_word' id='word_1_336' title='bbox 2365 2326 2446 2380; x_wconf 75' lang='grc' dir='ltr'>ἔτι</span> <span class='ocrx_word' id='word_1_337' title='bbox 2479 2326 2818 2399; x_wconf 84' lang='grc' dir='ltr'>τετράμηνός</span> <span class='ocrx_word' id='word_1_338' title='bbox 2849 2329 2987 2393; x_wconf 73' lang='grc' dir='ltr'>ἐστι,</span> <span class='ocrx_word' id='word_1_339' title='bbox 3035 2329 3130 2382; x_wconf 78' lang='grc' dir='ltr'>καὶ</span> <span class='ocrx_word' id='word_1_340' title='bbox 3170 2331 3198 2382; x_wconf 84' lang='grc' dir='ltr'><strong>ό</strong></span> <span class='ocrx_word' id='word_1_341' title='bbox 3234 2327 3490 2399; x_wconf 76' lang='grc' dir='ltr'>θερισμὸς</span> <span class='ocrx_word' id='word_1_342' title='bbox 3522 2329 3770 2400; x_wconf 76' lang='grc' dir='ltr'>ἔρχεται;</span> <span class='ocrx_word' id='word_1_343' title='bbox 3808 2348 3830 2383; x_wconf 79' lang='lat' dir='ltr'><strong>a</strong></span> 
     </span>
    </p>
   </div>
   <div class='ocr_carea' id='block_1_45' title="bbox 575 2417 2156 2496">
    <p class='ocr_par' dir='ltr' id='par_1_45' title="bbox 575 2417 2156 2496">
     <span class='ocr_line' id='line_1_45' title="bbox 575 2417 2156 2496; baseline 0.002 -19"><span class='ocrx_word' id='word_1_344' title='bbox 575 2421 696 2477; x_wconf 89' lang='lat' dir='ltr'><strong>bis:</strong></span> <span class='ocrx_word' id='word_1_345' title='bbox 731 2417 937 2475; x_wconf 78' lang='lat' dir='ltr'><strong>Levate</strong></span> <span class='ocrx_word' id='word_1_346' title='bbox 960 2418 1152 2476; x_wconf 88' lang='lat' dir='ltr'><strong>oculos</strong></span> <span class='ocrx_word' id='word_1_347' title='bbox 1184 2427 1435 2485; x_wconf 84' lang='lat' dir='ltr'><strong>vestros,</strong></span> <span class='ocrx_word' id='word_1_348' title='bbox 1459 2428 1516 2475; x_wconf 87' lang='lat' dir='ltr'><strong>et</strong></span> <span class='ocrx_word' id='word_1_349' title='bbox 1542 2420 1720 2478; x_wconf 78' lang='lat' dir='ltr'><strong>videte</strong></span> <span class='ocrx_word' id='word_1_350' title='bbox 1749 2424 2004 2493; x_wconf 81' lang='lat' dir='ltr'><strong>regiones</strong></span> <span class='ocrx_word' id='word_1_351' title='bbox 2041 2428 2156 2496; x_wconf 85' lang='lat' dir='ltr'><strong>jam</strong></span> 
     </span>
    </p>
   </div>
   <div class='ocr_carea' id='block_1_46' title="bbox 573 2509 2158 2586">
    <p class='ocr_par' dir='ltr' id='par_1_46' title="bbox 573 2509 2158 2586">
     <span class='ocr_line' id='line_1_46' title="bbox 573 2509 2158 2586; baseline 0.004 -18"><span class='ocrx_word' id='word_1_352' title='bbox 573 2513 731 2568; x_wconf 86' lang='lat' dir='ltr'><strong>albas</strong></span> <span class='ocrx_word' id='word_1_353' title='bbox 759 2526 881 2568; x_wconf 86' lang='lat' dir='ltr'><strong>esse</strong></span> <span class='ocrx_word' id='word_1_354' title='bbox 909 2512 977 2567; x_wconf 92' lang='lat' dir='ltr'><strong>ad</strong></span> <span class='ocrx_word' id='word_1_355' title='bbox 1013 2525 1248 2568; x_wconf 86' lang='lat' dir='ltr'><strong>messem</strong></span> <span class='ocrx_word' id='word_1_356' title='bbox 1273 2509 1369 2583; x_wconf 72' lang='lat'><strong>“.1</strong></span> <span class='ocrx_word' id='word_1_357' title='bbox 1407 2530 1427 2562; x_wconf 77' lang='grc' dir='ltr'><strong>ι</strong></span> <span class='ocrx_word' id='word_1_358' title='bbox 1454 2512 1608 2580; x_wconf 87' lang='lat' dir='ltr'><strong>Quod</strong></span> <span class='ocrx_word' id='word_1_359' title='bbox 1655 2515 1700 2570; x_wconf 95' lang='lat' dir='ltr'><strong>si</strong></span> <span class='ocrx_word' id='word_1_360' title='bbox 1732 2517 1856 2586; x_wconf 90' lang='lat' dir='ltr'><strong>quis</strong></span> <span class='ocrx_word' id='word_1_361' title='bbox 1879 2518 2158 2574; x_wconf 83' lang='lat' dir='ltr'><strong>existimat</strong></span> 
     </span>
    </p>
   </div>
   <div class='ocr_carea' id='block_1_47' title="bbox 580 2603 2158 2680">
    <p class='ocr_par' dir='ltr' id='par_1_47' title="bbox 580 2603 2158 2680">
     <span class='ocr_line' id='line_1_47' title="bbox 580 2603 2158 2680; baseline 0.004 -21"><span class='ocrx_word' id='word_1_362' title='bbox 580 2603 823 2674; x_wconf 88' lang='lat' dir='ltr'><strong>plurium</strong></span> <span class='ocrx_word' id='word_1_363' title='bbox 853 2607 1122 2660; x_wconf 87' lang='lat' dir='ltr'><strong>mensium</strong></span> <span class='ocrx_word' id='word_1_364' title='bbox 1159 2617 1370 2676; x_wconf 84' lang='lat' dir='ltr'><strong>tempus</strong></span> <span class='ocrx_word' id='word_1_365' title='bbox 1389 2607 1792 2676; x_wconf 84' lang='lat' dir='ltr'><strong>consumpsisse</strong></span> <span class='ocrx_word' id='word_1_366' title='bbox 1816 2606 2005 2665; x_wconf 80' lang='lat' dir='ltr'><strong>Jesum</strong></span> <span class='ocrx_word' id='word_1_367' title='bbox 2037 2622 2158 2680; x_wconf 88' lang='lat' dir='ltr'><strong>post</strong></span> 
     </span>
    </p>
   </div>
   <div class='ocr_carea' id='block_1_48' title="bbox 577 2693 2153 2772">
    <p class='ocr_par' dir='ltr' id='par_1_48' title="bbox 577 2693 2153 2772">
     <span class='ocr_line' id='line_1_48' title="bbox 577 2693 2153 2772; baseline 0.005 -22"><span class='ocrx_word' id='word_1_368' title='bbox 577 2693 791 2752; x_wconf 85' lang='lat' dir='ltr'><strong>Pascha</strong></span> <span class='ocrx_word' id='word_1_369' title='bbox 822 2697 876 2752; x_wconf 89' lang='lat' dir='ltr'><strong>in</strong></span> <span class='ocrx_word' id='word_1_370' title='bbox 909 2693 1094 2752; x_wconf 66' lang='lat' dir='ltr'><strong>Iudaea</strong></span> <span class='ocrx_word' id='word_1_371' title='bbox 1143 2699 1508 2768; x_wconf 82' lang='lat' dir='ltr'><strong>baptizantem</strong></span> <span class='ocrx_word' id='word_1_372' title='bbox 1550 2714 1674 2755; x_wconf 91' lang='lat' dir='ltr'><strong>cum</strong></span> <span class='ocrx_word' id='word_1_373' title='bbox 1707 2699 1992 2772; x_wconf 91' lang='lat' dir='ltr'><strong>discipulis</strong></span> <span class='ocrx_word' id='word_1_374' title='bbox 2017 2704 2153 2772; x_wconf 87' lang='lat' dir='ltr'><strong>suis,</strong></span> 
     </span>
    </p>
   </div>
   <div class='ocr_carea' id='block_1_49' title="bbox 576 2787 2158 2864">
    <p class='ocr_par' dir='ltr' id='par_1_49' title="bbox 576 2787 2158 2864">
     <span class='ocr_line' id='line_1_49' title="bbox 576 2787 2158 2864; baseline 0.003 -18"><span class='ocrx_word' id='word_1_375' title='bbox 576 2787 718 2846; x_wconf 69' lang='lat' dir='ltr'><strong>adeo</strong></span> <span class='ocrx_word' id='word_1_376' title='bbox 745 2797 805 2843; x_wconf 91' lang='lat' dir='ltr'><strong>ut</strong></span> <span class='ocrx_word' id='word_1_377' title='bbox 826 2787 938 2859; x_wconf 80' lang='lat' dir='ltr'><strong>jam</strong></span> <span class='ocrx_word' id='word_1_378' title='bbox 965 2790 1196 2846; x_wconf 86' lang='lat' dir='ltr'><strong>instaret</strong></span> <span class='ocrx_word' id='word_1_379' title='bbox 1241 2799 1453 2862; x_wconf 86' lang='lat' dir='ltr'><strong>tempus</strong></span> <span class='ocrx_word' id='word_1_380' title='bbox 1485 2793 1630 2862; x_wconf 89' lang='lat' dir='ltr'><strong>quod</strong></span> <span class='ocrx_word' id='word_1_381' title='bbox 1679 2801 1802 2848; x_wconf 88' lang='lat' dir='ltr'><strong>erat</strong></span> <span class='ocrx_word' id='word_1_382' title='bbox 1834 2801 1962 2848; x_wconf 86' lang='lat' dir='ltr'><strong>ante</strong></span> <span class='ocrx_word' id='word_1_383' title='bbox 1992 2811 2158 2864; x_wconf 87' lang='lat' dir='ltr'><strong>quar-</strong></span> 
     </span>
    </p>
   </div>
   <div class='ocr_carea' id='block_1_50' title="bbox 578 2882 2157 2956">
    <p class='ocr_par' dir='ltr' id='par_1_50' title="bbox 578 2882 2157 2956">
     <span class='ocr_line' id='line_1_50' title="bbox 578 2882 2157 2956; baseline 0.004 -20"><span class='ocrx_word' id='word_1_384' title='bbox 578 2886 694 2936; x_wconf 77' lang='lat' dir='ltr'><strong>tum</strong></span> <span class='ocrx_word' id='word_1_385' title='bbox 723 2894 966 2937; x_wconf 86' lang='lat' dir='ltr'><strong>mensem</strong></span> <span class='ocrx_word' id='word_1_386' title='bbox 991 2882 1189 2938; x_wconf 82' lang='lat' dir='ltr'><strong>messis</strong></span> <span class='ocrx_word' id='word_1_387' title='bbox 1215 2882 1302 2949; x_wconf 83' lang='lat'><strong>&quot;;</strong></span> <span class='ocrx_word' id='word_1_388' title='bbox 1329 2882 1733 2954; x_wconf 82' lang='lat' dir='ltr'><strong>adjungendum</strong></span> <span class='ocrx_word' id='word_1_389' title='bbox 1767 2893 1852 2940; x_wconf 86' lang='lat' dir='ltr'><strong>est</strong></span> <span class='ocrx_word' id='word_1_390' title='bbox 1883 2885 1982 2953; x_wconf 89' lang='lat' dir='ltr'><strong>illi,</strong></span> <span class='ocrx_word' id='word_1_391' title='bbox 2013 2889 2157 2956; x_wconf 91' lang='lat' dir='ltr'><strong>quod</strong></span> 
     </span>
    </p>
   </div>
   <div class='ocr_carea' id='block_1_51' title="bbox 576 2972 2154 3047">
    <p class='ocr_par' dir='ltr' id='par_1_51' title="bbox 576 2972 2154 3047">
     <span class='ocr_line' id='line_1_51' title="bbox 576 2972 2154 3047; baseline 0.006 -21"><span class='ocrx_word' id='word_1_392' title='bbox 576 2972 714 3028; x_wconf 88' lang='lat' dir='ltr'><strong>duos</strong></span> <span class='ocrx_word' id='word_1_393' title='bbox 736 2972 857 3030; x_wconf 85' lang='lat' dir='ltr'><strong>dies</strong></span> <span class='ocrx_word' id='word_1_394' title='bbox 901 2987 1026 3029; x_wconf 90' lang='lat' dir='ltr'><strong>cum</strong></span> <span class='ocrx_word' id='word_1_395' title='bbox 1061 2974 1353 3031; x_wconf 88' lang='lat' dir='ltr'><strong>mansisset</strong></span> <span class='ocrx_word' id='word_1_396' title='bbox 1403 2975 1515 3031; x_wconf 92' lang='lat' dir='ltr'><strong>illic</strong></span> <span class='ocrx_word' id='word_1_397' title='bbox 1568 2976 1711 3047; x_wconf 88' lang='lat' dir='ltr'><strong>apud</strong></span> <span class='ocrx_word' id='word_1_398' title='bbox 1757 2976 2154 3046; x_wconf 88' lang='lat' dir='ltr'><strong>Samaritanos,</strong></span> 
     </span>
    </p>
   </div>
   <div class='ocr_carea' id='block_1_52' title="bbox 577 3063 2158 3141">
    <p class='ocr_par' dir='ltr' id='par_1_52' title="bbox 577 3063 2158 3141">
     <span class='ocr_line' id='line_1_52' title="bbox 577 3063 2158 3141; baseline 0.007 -23"><span class='ocrx_word' id='word_1_399' title='bbox 577 3071 702 3133; x_wconf 87' lang='lat' dir='ltr'><strong>post</strong></span> <span class='ocrx_word' id='word_1_400' title='bbox 747 3063 849 3120; x_wconf 87' lang='lat' dir='ltr'><strong>hos</strong></span> <span class='ocrx_word' id='word_1_401' title='bbox 905 3065 1102 3122; x_wconf 82' lang='lat' dir='ltr'><strong>exierit</strong></span> <span class='ocrx_word' id='word_1_402' title='bbox 1150 3067 1206 3121; x_wconf 93' lang='lat' dir='ltr'><strong>in</strong></span> <span class='ocrx_word' id='word_1_403' title='bbox 1259 3065 1571 3133; x_wconf 71' lang='lat' dir='ltr'><strong>Galilaeam;</strong></span> <span class='ocrx_word' id='word_1_404' title='bbox 1619 3069 1993 3141; x_wconf 84' lang='lat' dir='ltr'><strong>scriptumque</strong></span> <span class='ocrx_word' id='word_1_405' title='bbox 2035 3087 2158 3130; x_wconf 87' lang='lat' dir='ltr'><strong>esse</strong></span> 
     </span>
    </p>
   </div>
   <div class='ocr_carea' id='block_1_53' title="bbox 2269 2415 3824 2490">
    <p class='ocr_par' dir='ltr' id='par_1_53' title="bbox 2269 2415 3824 2490">
     <span class='ocr_line' id='line_1_53' title="bbox 2269 2415 3824 2490; baseline 0.001 -19"><span class='ocrx_word' id='word_1_406' title='bbox 2269 2417 2396 2471; x_wconf 84' lang='grc' dir='ltr'><strong>Ἐὰν</strong></span> <span class='ocrx_word' id='word_1_407' title='bbox 2428 2416 2486 2470; x_wconf 92' lang='grc' dir='ltr'><strong>δέ</strong></span> <span class='ocrx_word' id='word_1_408' title='bbox 2508 2435 2594 2480; x_wconf 81' lang='grc' dir='ltr'><strong>τις</strong></span> <span class='ocrx_word' id='word_1_409' title='bbox 2626 2419 2828 2488; x_wconf 77' lang='grc' dir='ltr'>ὑπονοῇ</span> <span class='ocrx_word' id='word_1_410' title='bbox 2857 2415 2992 2488; x_wconf 83' lang='grc' dir='ltr'><strong>μετά</strong></span> <span class='ocrx_word' id='word_1_411' title='bbox 3015 2417 3077 2470; x_wconf 84' lang='grc' dir='ltr'>τὸ</span> <span class='ocrx_word' id='word_1_412' title='bbox 3106 2418 3297 2488; x_wconf 80' lang='grc' dir='ltr'>Πάσχα</span> <span class='ocrx_word' id='word_1_413' title='bbox 3326 2419 3589 2471; x_wconf 86' lang='grc' dir='ltr'>πλειόνων</span> <span class='ocrx_word' id='word_1_414' title='bbox 3634 2419 3824 2490; x_wconf 80' lang='grc' dir='ltr'>μηνῶν</span> 
     </span>
    </p>
   </div>
   <div class='ocr_carea' id='block_1_54' title="bbox 2255 2508 3836 2584">
    <p class='ocr_par' dir='ltr' id='par_1_54' title="bbox 2255 2508 3836 2584">
     <span class='ocr_line' id='line_1_54' title="bbox 2255 2508 3836 2584; baseline 0.003 -22"><span class='ocrx_word' id='word_1_415' title='bbox 2255 2509 2444 2582; x_wconf 87' lang='grc' dir='ltr'>χρόνον</span> <span class='ocrx_word' id='word_1_416' title='bbox 2483 2508 2593 2580; x_wconf 80' lang='grc'><strong>(55)</strong></span> <span class='ocrx_word' id='word_1_417' title='bbox 2621 2509 3022 2580; x_wconf 77' lang='grc' dir='ltr'>διατετριφέναι</span> <span class='ocrx_word' id='word_1_418' title='bbox 3043 2511 3102 2563; x_wconf 83' lang='grc' dir='ltr'>ὲν</span> <span class='ocrx_word' id='word_1_419' title='bbox 3127 2512 3193 2581; x_wconf 78' lang='grc' dir='ltr'><strong>τῇ</strong></span> <span class='ocrx_word' id='word_1_420' title='bbox 3231 2508 3462 2582; x_wconf 81' lang='grc' dir='ltr'>Ἰουδαίᾳ</span> <span class='ocrx_word' id='word_1_421' title='bbox 3491 2511 3582 2564; x_wconf 81' lang='grc' dir='ltr'>τὸν</span> <span class='ocrx_word' id='word_1_422' title='bbox 3628 2512 3836 2584; x_wconf 82' lang='grc' dir='ltr'>Ἰησοῦν</span> 
     </span>
    </p>
   </div>
   <div class='ocr_carea' id='block_1_55' title="bbox 2258 2600 3839 2676">
    <p class='ocr_par' dir='ltr' id='par_1_55' title="bbox 2258 2600 3839 2676">
     <span class='ocr_line' id='line_1_55' title="bbox 2258 2600 3839 2676; baseline 0.002 -22"><span class='ocrx_word' id='word_1_423' title='bbox 2258 2600 2584 2672; x_wconf 76' lang='grc' dir='ltr'>βαπτίζοντα</span> <span class='ocrx_word' id='word_1_424' title='bbox 2617 2600 2755 2672; x_wconf 87' lang='grc' dir='ltr'><strong>μετά</strong></span> <span class='ocrx_word' id='word_1_425' title='bbox 2784 2600 2893 2654; x_wconf 84' lang='grc' dir='ltr'><strong>τῶν</strong></span> <span class='ocrx_word' id='word_1_426' title='bbox 2927 2601 3184 2672; x_wconf 85' lang='grc' dir='ltr'>μαθητῶν</span> <span class='ocrx_word' id='word_1_427' title='bbox 3227 2601 3410 2666; x_wconf 85' lang='grc' dir='ltr'>αὑτοῦ,</span> <span class='ocrx_word' id='word_1_428' title='bbox 3449 2601 3589 2656; x_wconf 85' lang='grc' dir='ltr'>ὥστε</span> <span class='ocrx_word' id='word_1_429' title='bbox 3621 2605 3839 2676; x_wconf 86' lang='grc' dir='ltr'>ἐνεστη-</span> 
     </span>
    </p>
   </div>
   <div class='ocr_carea' id='block_1_56' title="bbox 2256 2693 3835 2767">
    <p class='ocr_par' dir='ltr' id='par_1_56' title="bbox 2256 2693 3835 2767">
     <span class='ocr_line' id='line_1_56' title="bbox 2256 2693 3835 2767; baseline 0 -18"><span class='ocrx_word' id='word_1_430' title='bbox 2256 2696 2407 2750; x_wconf 85' lang='grc' dir='ltr'>κέναι</span> <span class='ocrx_word' id='word_1_431' title='bbox 2446 2695 2548 2767; x_wconf 73' lang='grc' dir='ltr'>ἧδη</span> <span class='ocrx_word' id='word_1_432' title='bbox 2579 2695 2674 2749; x_wconf 77' lang='grc' dir='ltr'>’τὸν</span> <span class='ocrx_word' id='word_1_433' title='bbox 2705 2694 2810 2767; x_wconf 78' lang='grc' dir='ltr'>πρὸ</span> <span class='ocrx_word' id='word_1_434' title='bbox 2839 2695 3180 2766; x_wconf 87' lang='grc' dir='ltr'>τετραμήνου</span> <span class='ocrx_word' id='word_1_435' title='bbox 3204 2693 3298 2748; x_wconf 91' lang='grc' dir='ltr'><strong>τοῦ</strong></span> <span class='ocrx_word' id='word_1_436' title='bbox 3335 2693 3596 2766; x_wconf 88' lang='grc' dir='ltr'>θερισμοῦ</span> <span class='ocrx_word' id='word_1_437' title='bbox 3621 2697 3835 2766; x_wconf 75' lang='grc' dir='ltr'>καιρόνο</span> 
     </span>
    </p>
   </div>
   <div class='ocr_carea' id='block_1_57' title="bbox 2257 2786 3839 2860">
    <p class='ocr_par' dir='ltr' id='par_1_57' title="bbox 2257 2786 3839 2860">
     <span class='ocr_line' id='line_1_57' title="bbox 2257 2786 3839 2860; baseline 0 -19"><span class='ocrx_word' id='word_1_438' title='bbox 2257 2787 2592 2860; x_wconf 82' lang='grc' dir='ltr'>παραθετέον</span> <span class='ocrx_word' id='word_1_439' title='bbox 2621 2786 2788 2858; x_wconf 76' lang='grc' dir='ltr'>αὐτῷ,</span> <span class='ocrx_word' id='word_1_440' title='bbox 2820 2789 2902 2841; x_wconf 80' lang='grc' dir='ltr'>ὅτι</span> <span class='ocrx_word' id='word_1_441' title='bbox 2933 2786 3026 2840; x_wconf 82' lang='grc' dir='ltr'>δύο</span> <span class='ocrx_word' id='word_1_442' title='bbox 3050 2787 3262 2858; x_wconf 84' lang='grc' dir='ltr'>ἡμέρας</span> <span class='ocrx_word' id='word_1_443' title='bbox 3301 2786 3491 2853; x_wconf 83' lang='grc' dir='ltr'>μείνας</span> <span class='ocrx_word' id='word_1_444' title='bbox 3528 2787 3645 2840; x_wconf 77' lang='grc' dir='ltr'>ἐκεῖ</span> <span class='ocrx_word' id='word_1_445' title='bbox 3685 2786 3839 2859; x_wconf 79' lang='grc' dir='ltr'>παρὰ</span> 
     </span>
    </p>
   </div>
   <div class='ocr_carea' id='block_1_58' title="bbox 2255 2877 3839 2952">
    <p class='ocr_par' dir='ltr' id='par_1_58' title="bbox 2255 2877 3839 2952">
     <span class='ocr_line' id='line_1_58' title="bbox 2255 2877 3839 2952; baseline -0.004 -15"><span class='ocrx_word' id='word_1_446' title='bbox 2255 2885 2364 2946; x_wconf 82' lang='grc' dir='ltr'>τοῖς</span> <span class='ocrx_word' id='word_1_447' title='bbox 2397 2879 2728 2952; x_wconf 80' lang='grc' dir='ltr'>Σαμαρεῦσι,</span> <span class='ocrx_word' id='word_1_448' title='bbox 2761 2879 2898 2950; x_wconf 81' lang='grc' dir='ltr'>μετὰ</span> <span class='ocrx_word' id='word_1_449' title='bbox 2929 2878 3130 2942; x_wconf 78' lang='grc' dir='ltr'>ταύτας</span> <span class='ocrx_word' id='word_1_450' title='bbox 3171 2877 3390 2950; x_wconf 73' lang='grc' dir='ltr'>ἐξῆλθεν</span> <span class='ocrx_word' id='word_1_451' title='bbox 3429 2879 3511 2940; x_wconf 88' lang='grc' dir='ltr'><strong>είς</strong></span> <span class='ocrx_word' id='word_1_452' title='bbox 3553 2877 3650 2949; x_wconf 83' lang='grc' dir='ltr'>τὴν</span> <span class='ocrx_word' id='word_1_453' title='bbox 3682 2877 3839 2931; x_wconf 82' lang='grc' dir='ltr'>Γαλι-</span> 
     </span>
    </p>
   </div>
   <div class='ocr_carea' id='block_1_59' title="bbox 2254 2969 3839 3044">
    <p class='ocr_par' dir='ltr' id='par_1_59' title="bbox 2254 2969 3839 3044">
     <span class='ocr_line' id='line_1_59' title="bbox 2254 2969 3839 3044; baseline -0.004 -15"><span class='ocrx_word' id='word_1_454' title='bbox 2254 2975 2430 3040; x_wconf 89' lang='grc' dir='ltr'>λαίαν,</span> <span class='ocrx_word' id='word_1_455' title='bbox 2466 2974 2560 3028; x_wconf 79' lang='grc' dir='ltr'>κα).</span> <span class='ocrx_word' id='word_1_456' title='bbox 2579 2973 3014 3044; x_wconf 82' lang='grc' dir='ltr'>ἀναγέγραπται.</span> <span class='ocrx_word' id='word_1_457' title='bbox 3044 2971 3120 3034; x_wconf 83' lang='grc' dir='ltr'><strong>ὡς</strong></span> <span class='ocrx_word' id='word_1_458' title='bbox 3145 2971 3339 3024; x_wconf 75' lang='grc' dir='ltr'>νεωστὶ</span> <span class='ocrx_word' id='word_1_459' title='bbox 3363 2969 3456 3024; x_wconf 87' lang='grc' dir='ltr'><strong>τοῦ</strong></span> <span class='ocrx_word' id='word_1_460' title='bbox 3492 2970 3682 3041; x_wconf 84' lang='grc' dir='ltr'>Πάσχα</span> <span class='ocrx_word' id='word_1_461' title='bbox 3705 2987 3839 3041; x_wconf 83' lang='grc' dir='ltr'>προ-</span> 
     </span>
    </p>
   </div>
   <div class='ocr_carea' id='block_1_60' title="bbox 2255 3062 3840 3138">
    <p class='ocr_par' dir='ltr' id='par_1_60' title="bbox 2255 3062 3840 3138">
     <span class='ocr_line' id='line_1_60' title="bbox 2255 3062 3840 3138; baseline -0.003 -17"><span class='ocrx_word' id='word_1_462' title='bbox 2255 3068 2643 3138; x_wconf 84' lang='grc' dir='ltr'>γεγενημένου,</span> <span class='ocrx_word' id='word_1_463' title='bbox 2665 3065 2760 3120; x_wconf 79' lang='grc' dir='ltr'>καὶ</span> <span class='ocrx_word' id='word_1_464' title='bbox 2787 3064 2893 3118; x_wconf 85' lang='grc' dir='ltr'><strong>τῶν</strong></span> <span class='ocrx_word' id='word_1_465' title='bbox 2921 3065 2980 3117; x_wconf 82' lang='grc' dir='ltr'>ὲν</span> <span class='ocrx_word' id='word_1_466' title='bbox 3024 3062 3284 3136; x_wconf 80' lang='grc' dir='ltr'>Ἰεροσολύ</span> <span class='ocrx_word' id='word_1_467' title='bbox 3293 3065 3414 3134; x_wconf 77' lang='grc' dir='ltr'>μοις</span> <span class='ocrx_word' id='word_1_468' title='bbox 3433 3063 3840 3134; x_wconf 82' lang='grc' dir='ltr'>πεπραγμένων</span> 
     </span>
    </p>
   </div>
   <div class='ocr_carea' id='block_1_61' title="bbox 575 3151 2157 3251">
    <p class='ocr_par' dir='ltr' id='par_1_61' title="bbox 575 3155 2156 3228">
     <span class='ocr_line' id='line_1_61' title="bbox 575 3155 2156 3228; baseline 0.005 -19"><span class='ocrx_word' id='word_1_469' title='bbox 575 3155 720 3224; x_wconf 83' lang='lat' dir='ltr'><strong>quod</strong></span> <span class='ocrx_word' id='word_1_470' title='bbox 751 3155 999 3228; x_wconf 83' lang='lat' dir='ltr'><strong>(perinde</strong></span> <span class='ocrx_word' id='word_1_471' title='bbox 1027 3159 1184 3227; x_wconf 86' lang='lat' dir='ltr'><strong>quasi</strong></span> <span class='ocrx_word' id='word_1_472' title='bbox 1217 3173 1390 3226; x_wconf 88' lang='lat' dir='ltr'><strong>nuper</strong></span> <span class='ocrx_word' id='word_1_473' title='bbox 1422 3157 1695 3214; x_wconf 86' lang='lat' dir='ltr'><strong>Paschate</strong></span> <span class='ocrx_word' id='word_1_474' title='bbox 1741 3160 1885 3215; x_wconf 81' lang='lat' dir='ltr'><strong>facto</strong></span> <span class='ocrx_word' id='word_1_475' title='bbox 1909 3201 1926 3227; x_wconf 94' lang='lat'><strong>,</strong></span> <span class='ocrx_word' id='word_1_476' title='bbox 1966 3164 2156 3217; x_wconf 85' lang='lat' dir='ltr'><strong>rebus-</strong></span> 
     </span>
    </p>
   </div>
   <div class='ocr_carea' id='block_1_62' title="bbox 2255 3151 3838 3251">
    <p class='ocr_par' dir='ltr' id='par_1_62' title="bbox 2259 3151 3838 3231">
     <span class='ocr_line' id='line_1_62' title="bbox 2259 3151 3838 3231; baseline -0.006 -15"><span class='ocrx_word' id='word_1_477' title='bbox 2259 3160 2428 3231; x_wconf 77' lang='grc' dir='ltr'>αὐτῷ,</span> <span class='ocrx_word' id='word_1_478' title='bbox 2460 3160 2551 3213; x_wconf 78' lang='grc' dir='ltr'>ὅτε</span> <span class='ocrx_word' id='word_1_479' title='bbox 2580 3155 2741 3230; x_wconf 78' lang='grc' dir='ltr'>ἦλθεν</span> <span class='ocrx_word' id='word_1_480' title='bbox 2769 3159 2850 3219; x_wconf 79' lang='grc' dir='ltr'>εἰς</span> <span class='ocrx_word' id='word_1_481' title='bbox 2883 3155 2984 3227; x_wconf 80' lang='grc' dir='ltr'>τὴν</span> <span class='ocrx_word' id='word_1_482' title='bbox 3017 3152 3329 3219; x_wconf 89' lang='grc' dir='ltr'>Γαλιλαίαν,</span> <span class='ocrx_word' id='word_1_483' title='bbox 3370 3152 3620 3219; x_wconf 76' lang='grc' dir='ltr'>ἐδέξαντο</span> <span class='ocrx_word' id='word_1_484' title='bbox 3674 3151 3838 3206; x_wconf 79' lang='grc' dir='ltr'>αὑτὸν</span> 
     </span>
    </p>
   </div>
   <div class='ocr_carea' id='block_1_63' title="bbox 576 3247 2155 3320">
    <p class='ocr_par' dir='ltr' id='par_1_63' title="bbox 576 3247 2155 3320">
     <span class='ocr_line' id='line_1_63' title="bbox 576 3247 2155 3320; baseline 0.003 -18"><span class='ocrx_word' id='word_1_485' title='bbox 576 3263 682 3317; x_wconf 87' lang='lat' dir='ltr'><strong>que</strong></span> <span class='ocrx_word' id='word_1_486' title='bbox 711 3263 848 3318; x_wconf 84' lang='lat' dir='ltr'><strong>quas</strong></span> <span class='ocrx_word' id='word_1_487' title='bbox 881 3249 994 3320; x_wconf 92' lang='lat' dir='ltr'><strong>ipse</strong></span> <span class='ocrx_word' id='word_1_488' title='bbox 1027 3259 1218 3319; x_wconf 88' lang='lat' dir='ltr'><strong>egerat</strong></span> <span class='ocrx_word' id='word_1_489' title='bbox 1249 3247 1630 3320; x_wconf 83' lang='lat' dir='ltr'><strong>Jerosolymis)</strong></span> <span class='ocrx_word' id='word_1_490' title='bbox 1670 3264 1793 3304; x_wconf 89' lang='lat' dir='ltr'><strong>cum</strong></span> <span class='ocrx_word' id='word_1_491' title='bbox 1823 3253 2067 3307; x_wconf 87' lang='lat' dir='ltr'><strong>venisset</strong></span> <span class='ocrx_word' id='word_1_492' title='bbox 2101 3255 2155 3306; x_wconf 91' lang='lat' dir='ltr'><strong>in</strong></span> 
     </span>
    </p>
   </div>
   <div class='ocr_carea' id='block_1_64' title="bbox 574 3339 2160 3410">
    <p class='ocr_par' dir='ltr' id='par_1_64' title="bbox 574 3339 2160 3410">
     <span class='ocr_line' id='line_1_64' title="bbox 574 3339 2160 3410; baseline 0.002 -13"><span class='ocrx_word' id='word_1_493' title='bbox 574 3339 894 3406; x_wconf 72' lang='lat' dir='ltr'><strong>Galilaeam,</strong></span> <span class='ocrx_word' id='word_1_494' title='bbox 945 3341 1264 3410; x_wconf 82' lang='lat' dir='ltr'><strong>exceperint</strong></span> <span class='ocrx_word' id='word_1_495' title='bbox 1298 3341 1449 3396; x_wconf 88' lang='lat' dir='ltr'><strong>illum</strong></span> <span class='ocrx_word' id='word_1_496' title='bbox 1497 3340 1744 3410; x_wconf 69' lang='lat' dir='ltr'><strong>Galilrei,</strong></span> <span class='ocrx_word' id='word_1_497' title='bbox 1774 3342 1864 3410; x_wconf 85' lang='lat' dir='ltr'><strong>qui</strong></span> <span class='ocrx_word' id='word_1_498' title='bbox 1910 3345 2160 3400; x_wconf 85' lang='lat' dir='ltr'><strong>viderant</strong></span> 
     </span>
    </p>
   </div>
   <div class='ocr_carea' id='block_1_65' title="bbox 575 3431 2159 3504">
    <p class='ocr_par' dir='ltr' id='par_1_65' title="bbox 575 3431 2159 3504">
     <span class='ocr_line' id='line_1_65' title="bbox 575 3431 2159 3504; baseline 0.001 -13"><span class='ocrx_word' id='word_1_499' title='bbox 575 3447 911 3504; x_wconf 66' lang='lat' dir='ltr'><strong>quaecunque</strong></span> <span class='ocrx_word' id='word_1_500' title='bbox 937 3431 1287 3504; x_wconf 81' lang='lat' dir='ltr'><strong>Jerosolymis</strong></span> <span class='ocrx_word' id='word_1_501' title='bbox 1320 3433 1538 3490; x_wconf 81' lang='lat' dir='ltr'><strong>fecisset</strong></span> <span class='ocrx_word' id='word_1_502' title='bbox 1581 3434 1634 3488; x_wconf 92' lang='lat' dir='ltr'><strong>in</strong></span> <span class='ocrx_word' id='word_1_503' title='bbox 1668 3435 1756 3490; x_wconf 89' lang='lat' dir='ltr'><strong>die</strong></span> <span class='ocrx_word' id='word_1_504' title='bbox 1785 3433 1964 3490; x_wconf 81' lang='lat' dir='ltr'><strong>festo:</strong></span> <span class='ocrx_word' id='word_1_505' title='bbox 1994 3451 2159 3493; x_wconf 88' lang='lat' dir='ltr'><strong>vene-</strong></span> 
     </span>
    </p>
   </div>
   <div class='ocr_carea' id='block_1_66' title="bbox 577 3527 2158 3600">
    <p class='ocr_par' dir='ltr' id='par_1_66' title="bbox 577 3527 2158 3600">
     <span class='ocr_line' id='line_1_66' title="bbox 577 3527 2158 3600; baseline 0 -16"><span class='ocrx_word' id='word_1_506' title='bbox 577 3537 702 3585; x_wconf 89' lang='lat' dir='ltr'><strong>rant</strong></span> <span class='ocrx_word' id='word_1_507' title='bbox 731 3529 878 3584; x_wconf 90' lang='lat' dir='ltr'><strong>enim</strong></span> <span class='ocrx_word' id='word_1_508' title='bbox 906 3529 1072 3584; x_wconf 88' lang='lat' dir='ltr'><strong>etiam</strong></span> <span class='ocrx_word' id='word_1_509' title='bbox 1113 3528 1220 3600; x_wconf 90' lang='lat' dir='ltr'><strong>ipsi</strong></span> <span class='ocrx_word' id='word_1_510' title='bbox 1261 3529 1330 3585; x_wconf 84' lang='lat' dir='ltr'><strong>ad</strong></span> <span class='ocrx_word' id='word_1_511' title='bbox 1369 3529 1513 3584; x_wconf 87' lang='lat' dir='ltr'><strong>diem</strong></span> <span class='ocrx_word' id='word_1_512' title='bbox 1553 3527 1774 3584; x_wconf 82' lang='lat' dir='ltr'><strong>festum.</strong></span> <span class='ocrx_word' id='word_1_513' title='bbox 1812 3529 1920 3584; x_wconf 87' lang='lat' dir='ltr'><strong>Sed</strong></span> <span class='ocrx_word' id='word_1_514' title='bbox 1963 3531 2158 3598; x_wconf 82' lang='lat' dir='ltr'><strong>proba-</strong></span> 
     </span>
    </p>
   </div>
   <div class='ocr_carea' id='block_1_67' title="bbox 575 3619 2159 3692">
    <p class='ocr_par' dir='ltr' id='par_1_67' title="bbox 575 3619 2159 3692">
     <span class='ocr_line' id='line_1_67' title="bbox 575 3619 2159 3692; baseline 0.001 -15"><span class='ocrx_word' id='word_1_515' title='bbox 575 3619 686 3678; x_wconf 88' lang='lat' dir='ltr'><strong>bile</strong></span> <span class='ocrx_word' id='word_1_516' title='bbox 720 3629 805 3676; x_wconf 89' lang='lat' dir='ltr'><strong>est</strong></span> <span class='ocrx_word' id='word_1_517' title='bbox 837 3619 1076 3692; x_wconf 82' lang='lat' dir='ltr'><strong>aliquem</strong></span> <span class='ocrx_word' id='word_1_518' title='bbox 1126 3620 1196 3676; x_wconf 86' lang='lat' dir='ltr'><strong>ad</strong></span> <span class='ocrx_word' id='word_1_519' title='bbox 1248 3620 1366 3676; x_wconf 71' lang='lat' dir='ltr'><strong>haec</strong></span> <span class='ocrx_word' id='word_1_520' title='bbox 1405 3621 1675 3675; x_wconf 91' lang='lat' dir='ltr'><strong>dicturum</strong></span> <span class='ocrx_word' id='word_1_521' title='bbox 1702 3658 1718 3684; x_wconf 92' lang='lat'><strong>,</strong></span> <span class='ocrx_word' id='word_1_522' title='bbox 1768 3620 1904 3675; x_wconf 88' lang='lat' dir='ltr'><strong>nihil</strong></span> <span class='ocrx_word' id='word_1_523' title='bbox 1938 3622 2159 3678; x_wconf 86' lang='lat' dir='ltr'><strong>obstare</strong></span> 
     </span>
    </p>
   </div>
   <div class='ocr_carea' id='block_1_68' title="bbox 577 3710 2157 3787">
    <p class='ocr_par' dir='ltr' id='par_1_68' title="bbox 577 3710 2157 3787">
     <span class='ocr_line' id='line_1_68' title="bbox 577 3710 2157 3787; baseline 0.001 -18"><span class='ocrx_word' id='word_1_524' title='bbox 577 3713 870 3787; x_wconf 90' lang='lat' dir='ltr'><strong>plurimum</strong></span> <span class='ocrx_word' id='word_1_525' title='bbox 902 3712 1162 3784; x_wconf 87' lang='lat' dir='ltr'><strong>temporis</strong></span> <span class='ocrx_word' id='word_1_526' title='bbox 1185 3727 1310 3769; x_wconf 91' lang='lat' dir='ltr'><strong>eum</strong></span> <span class='ocrx_word' id='word_1_527' title='bbox 1339 3712 1395 3768; x_wconf 90' lang='lat' dir='ltr'><strong>in</strong></span> <span class='ocrx_word' id='word_1_528' title='bbox 1421 3710 1606 3768; x_wconf 79' lang='lat' dir='ltr'><strong>Judaea</strong></span> <span class='ocrx_word' id='word_1_529' title='bbox 1631 3726 2028 3770; x_wconf 88' lang='lat' dir='ltr'><strong>commoratum</strong></span> <span class='ocrx_word' id='word_1_530' title='bbox 2061 3731 2157 3772; x_wconf 89' lang='lat' dir='ltr'><strong>ve-</strong></span> 
     </span>
    </p>
   </div>
   <div class='ocr_carea' id='block_1_69' title="bbox 578 3803 2155 3875">
    <p class='ocr_par' dir='ltr' id='par_1_69' title="bbox 578 3803 2155 3875">
     <span class='ocr_line' id='line_1_69' title="bbox 578 3803 2155 3875; baseline -0.001 -11"><span class='ocrx_word' id='word_1_531' title='bbox 578 3807 728 3864; x_wconf 85' lang='lat' dir='ltr'><strong>nisse</strong></span> <span class='ocrx_word' id='word_1_532' title='bbox 771 3807 838 3862; x_wconf 91' lang='lat' dir='ltr'><strong>ad</strong></span> <span class='ocrx_word' id='word_1_533' title='bbox 887 3805 1088 3860; x_wconf 81' lang='lat' dir='ltr'><strong>fontem</strong></span> <span class='ocrx_word' id='word_1_534' title='bbox 1135 3803 1344 3870; x_wconf 69' lang='lat' dir='ltr'><strong>Iacob,</strong></span> <span class='ocrx_word' id='word_1_535' title='bbox 1396 3803 1688 3860; x_wconf 89' lang='lat' dir='ltr'><strong>abeuntem</strong></span> <span class='ocrx_word' id='word_1_536' title='bbox 1748 3805 1804 3860; x_wconf 91' lang='lat' dir='ltr'><strong>in</strong></span> <span class='ocrx_word' id='word_1_537' title='bbox 1853 3804 2155 3875; x_wconf 61' lang='lat' dir='ltr'><strong>Galilaeam,</strong></span> 
     </span>
    </p>
   </div>
   <div class='ocr_carea' id='block_1_70' title="bbox 575 3895 2158 3968">
    <p class='ocr_par' dir='ltr' id='par_1_70' title="bbox 575 3895 2158 3968">
     <span class='ocr_line' id='line_1_70' title="bbox 575 3895 2158 3968; baseline 0.003 -18"><span class='ocrx_word' id='word_1_538' title='bbox 575 3897 798 3968; x_wconf 86' lang='lat' dir='ltr'><strong>quando</strong></span> <span class='ocrx_word' id='word_1_539' title='bbox 845 3895 1022 3950; x_wconf 79' lang='lat' dir='ltr'><strong>dixit:</strong></span> <span class='ocrx_word' id='word_1_540' title='bbox 1074 3914 1092 3946; x_wconf 80' lang='grc' dir='ltr'><strong>ι</strong></span> <span class='ocrx_word' id='word_1_541' title='bbox 1130 3895 1322 3950; x_wconf 85' lang='lat' dir='ltr'><strong>Adhuc</strong></span> <span class='ocrx_word' id='word_1_542' title='bbox 1375 3905 1614 3967; x_wconf 88' lang='lat' dir='ltr'><strong>quatuor</strong></span> <span class='ocrx_word' id='word_1_543' title='bbox 1654 3913 1869 3954; x_wconf 90' lang='lat' dir='ltr'><strong>menses</strong></span> <span class='ocrx_word' id='word_1_544' title='bbox 1914 3910 2042 3955; x_wconf 87' lang='lat' dir='ltr'><strong>sunt</strong></span> <span class='ocrx_word' id='word_1_545' title='bbox 2087 3901 2158 3956; x_wconf 92' lang='lat' dir='ltr'><strong>ad</strong></span> 
     </span>
    </p>
   </div>
   <div class='ocr_carea' id='block_1_71' title="bbox 581 3986 2159 4056">
    <p class='ocr_par' dir='ltr' id='par_1_71' title="bbox 581 3986 2159 4056">
     <span class='ocr_line' id='line_1_71' title="bbox 581 3986 2159 4056; baseline 0.004 -13"><span class='ocrx_word' id='word_1_546' title='bbox 581 4002 853 4054; x_wconf 84' lang='lat' dir='ltr'><strong>messem,</strong></span> <span class='ocrx_word' id='word_1_547' title='bbox 888 4005 910 4040; x_wconf 71' lang='grc' dir='ltr'><strong>ι</strong></span> <span class='ocrx_word' id='word_1_548' title='bbox 957 4001 1062 4042; x_wconf 90' lang='lat' dir='ltr'><strong>nec</strong></span> <span class='ocrx_word' id='word_1_549' title='bbox 1112 3986 1409 4056; x_wconf 90' lang='lat' dir='ltr'><strong>quidquam</strong></span> <span class='ocrx_word' id='word_1_550' title='bbox 1469 3987 1696 4042; x_wconf 89' lang='lat' dir='ltr'><strong>ahsurdi</strong></span> <span class='ocrx_word' id='word_1_551' title='bbox 1732 4004 1856 4045; x_wconf 89' lang='lat' dir='ltr'><strong>esse</strong></span> <span class='ocrx_word' id='word_1_552' title='bbox 1903 3989 2159 4048; x_wconf 70' lang='lat' dir='ltr'><strong>Galilaeos</strong></span> 
     </span>
    </p>
   </div>
   <div class='ocr_carea' id='block_1_72' title="bbox 575 4079 2158 4151">
    <p class='ocr_par' dir='ltr' id='par_1_72' title="bbox 575 4079 2158 4151">
     <span class='ocr_line' id='line_1_72' title="bbox 575 4079 2158 4151; baseline 0.002 -15"><span class='ocrx_word' id='word_1_553' title='bbox 575 4094 705 4137; x_wconf 88' lang='lat' dir='ltr'><strong>eum</strong></span> <span class='ocrx_word' id='word_1_554' title='bbox 744 4079 1020 4151; x_wconf 77' lang='lat' dir='ltr'><strong>excepisse</strong></span> <span class='ocrx_word' id='word_1_555' title='bbox 1067 4089 1288 4147; x_wconf 88' lang='lat' dir='ltr'><strong>propter</strong></span> <span class='ocrx_word' id='word_1_556' title='bbox 1326 4093 1392 4132; x_wconf 89' lang='lat' dir='ltr'><strong>ea</strong></span> <span class='ocrx_word' id='word_1_557' title='bbox 1437 4093 1560 4148; x_wconf 77' lang='lat' dir='ltr'><strong>qua:</strong></span> <span class='ocrx_word' id='word_1_558' title='bbox 1611 4079 1664 4134; x_wconf 93' lang='lat' dir='ltr'><strong>in</strong></span> <span class='ocrx_word' id='word_1_559' title='bbox 1721 4083 2158 4151; x_wconf 81' lang='lat' dir='ltr'><strong>praecedentibus</strong></span> 
     </span>
    </p>
   </div>
   <div class='ocr_carea' id='block_1_73' title="bbox 577 4163 2158 4239">
    <p class='ocr_par' dir='ltr' id='par_1_73' title="bbox 577 4163 2158 4239">
     <span class='ocr_line' id='line_1_73' title="bbox 577 4163 2158 4239; baseline 0.001 -14"><span class='ocrx_word' id='word_1_560' title='bbox 577 4166 858 4225; x_wconf 82' lang='lat' dir='ltr'><strong>mensibus</strong></span> <span class='ocrx_word' id='word_1_561' title='bbox 905 4167 1021 4238; x_wconf 90' lang='lat' dir='ltr'><strong>ipse</strong></span> <span class='ocrx_word' id='word_1_562' title='bbox 1064 4163 1424 4236; x_wconf 81' lang='lat' dir='ltr'><strong>Jcrosolymis</strong></span> <span class='ocrx_word' id='word_1_563' title='bbox 1463 4167 1690 4236; x_wconf 78' lang='lat' dir='ltr'><strong>egisset.</strong></span> <span class='ocrx_word' id='word_1_564' title='bbox 1722 4167 1887 4239; x_wconf 73' lang='lat'><strong>250</strong></span> <span class='ocrx_word' id='word_1_565' title='bbox 1919 4170 2027 4226; x_wconf 85' lang='lat' dir='ltr'><strong>Sed</strong></span> <span class='ocrx_word' id='word_1_566' title='bbox 2065 4187 2158 4227; x_wconf 85' lang='lat' dir='ltr'><strong>re-</strong></span> 
     </span>
    </p>
   </div>
   <div class='ocr_carea' id='block_1_74' title="bbox 575 4257 2154 4331">
    <p class='ocr_par' dir='ltr' id='par_1_74' title="bbox 575 4257 2154 4331">
     <span class='ocr_line' id='line_1_74' title="bbox 575 4257 2154 4331; baseline 0.001 -15"><span class='ocrx_word' id='word_1_567' title='bbox 575 4258 952 4331; x_wconf 87' lang='lat' dir='ltr'><strong>spondendum</strong></span> <span class='ocrx_word' id='word_1_568' title='bbox 997 4267 1083 4314; x_wconf 89' lang='lat' dir='ltr'><strong>est</strong></span> <span class='ocrx_word' id='word_1_569' title='bbox 1128 4257 1236 4313; x_wconf 89' lang='lat' dir='ltr'><strong>illis</strong></span> <span class='ocrx_word' id='word_1_570' title='bbox 1271 4260 1416 4328; x_wconf 90' lang='lat' dir='ltr'><strong>quod</strong></span> <span class='ocrx_word' id='word_1_571' title='bbox 1457 4259 1732 4328; x_wconf 83' lang='lat' dir='ltr'><strong>profectus</strong></span> <span class='ocrx_word' id='word_1_572' title='bbox 1771 4263 1823 4314; x_wconf 91' lang='lat' dir='ltr'><strong>in</strong></span> <span class='ocrx_word' id='word_1_573' title='bbox 1876 4259 2154 4317; x_wconf 81' lang='lat' dir='ltr'><strong>Galilaeam</strong></span> 
     </span>
    </p>
   </div>
   <div class='ocr_carea' id='block_1_75' title="bbox 576 4347 2159 4416">
    <p class='ocr_par' dir='ltr' id='par_1_75' title="bbox 576 4347 2159 4416">
     <span class='ocr_line' id='line_1_75' title="bbox 576 4347 2159 4416; baseline 0.003 -11"><span class='ocrx_word' id='word_1_574' title='bbox 576 4349 790 4407; x_wconf 84' lang='lat' dir='ltr'><strong>venerit</strong></span> <span class='ocrx_word' id='word_1_575' title='bbox 809 4349 1012 4406; x_wconf 85' lang='lat' dir='ltr'><strong>Canam</strong></span> <span class='ocrx_word' id='word_1_576' title='bbox 1040 4347 1320 4404; x_wconf 81' lang='lat' dir='ltr'><strong>civitatem</strong></span> <span class='ocrx_word' id='word_1_577' title='bbox 1351 4347 1606 4416; x_wconf 63' lang='lat' dir='ltr'><strong>Galilaea,</strong></span> <span class='ocrx_word' id='word_1_578' title='bbox 1641 4352 1731 4407; x_wconf 89' lang='lat' dir='ltr'><strong>ubi</strong></span> <span class='ocrx_word' id='word_1_579' title='bbox 1766 4363 1928 4406; x_wconf 86' lang='lat' dir='ltr'><strong>antea</strong></span> <span class='ocrx_word' id='word_1_580' title='bbox 1954 4353 2159 4409; x_wconf 78' lang='lat' dir='ltr'><strong>fecerat</strong></span> 
     </span>
    </p>
   </div>
   <div class='ocr_carea' id='block_1_76' title="bbox 569 4441 2155 4515">
    <p class='ocr_par' dir='ltr' id='par_1_76' title="bbox 569 4441 2155 4515">
     <span class='ocr_line' id='line_1_76' title="bbox 569 4441 2155 4515; baseline 0.001 -17"><span class='ocrx_word' id='word_1_581' title='bbox 569 4459 647 4504; x_wconf 77' lang='lat' dir='ltr'><strong>ex</strong></span> <span class='ocrx_word' id='word_1_582' title='bbox 673 4456 816 4513; x_wconf 89' lang='lat' dir='ltr'><strong>aqua</strong></span> <span class='ocrx_word' id='word_1_583' title='bbox 844 4441 1065 4508; x_wconf 85' lang='lat' dir='ltr'><strong>vinum,</strong></span> <span class='ocrx_word' id='word_1_584' title='bbox 1099 4442 1192 4497; x_wconf 89' lang='lat' dir='ltr'><strong>ubi</strong></span> <span class='ocrx_word' id='word_1_585' title='bbox 1218 4441 1381 4498; x_wconf 86' lang='lat' dir='ltr'><strong>etiam</strong></span> <span class='ocrx_word' id='word_1_586' title='bbox 1411 4443 1578 4512; x_wconf 87' lang='lat' dir='ltr'><strong>reguli</strong></span> <span class='ocrx_word' id='word_1_587' title='bbox 1611 4444 1780 4500; x_wconf 85' lang='lat' dir='ltr'><strong>lilium</strong></span> <span class='ocrx_word' id='word_1_588' title='bbox 1803 4455 2155 4515; x_wconf 70' lang='lat' dir='ltr'><strong>aegrotantem</strong></span> 
     </span>
    </p>
   </div>
   <div class='ocr_carea' id='block_1_77' title="bbox 2258 3244 3838 3320">
    <p class='ocr_par' dir='ltr' id='par_1_77' title="bbox 2258 3244 3838 3320">
     <span class='ocr_line' id='line_1_77' title="bbox 2258 3244 3838 3320; baseline -0.006 -13"><span class='ocrx_word' id='word_1_589' title='bbox 2258 3255 2310 3308; x_wconf 82' lang='lat' dir='ltr'><strong>oi</strong></span> <span class='ocrx_word' id='word_1_590' title='bbox 2336 3251 2625 3318; x_wconf 87' lang='grc' dir='ltr'>Γαλιλαῖοι,</span> <span class='ocrx_word' id='word_1_591' title='bbox 2653 3248 2831 3304; x_wconf 84' lang='grc' dir='ltr'>πάντα</span> <span class='ocrx_word' id='word_1_592' title='bbox 2860 3246 3164 3320; x_wconf 79' lang='grc' dir='ltr'>ἑωρακότες</span> <span class='ocrx_word' id='word_1_593' title='bbox 3201 3247 3304 3300; x_wconf 85' lang='grc' dir='ltr'>ὅσα</span> <span class='ocrx_word' id='word_1_594' title='bbox 3337 3246 3590 3316; x_wconf 77' lang='grc' dir='ltr'>ἐποίησεν</span> <span class='ocrx_word' id='word_1_595' title='bbox 3625 3246 3684 3298; x_wconf 83' lang='grc' dir='ltr'>ὲν</span> <span class='ocrx_word' id='word_1_596' title='bbox 3737 3244 3838 3298; x_wconf 82' lang='grc' dir='ltr'>Ἰε-</span> 
     </span>
    </p>
   </div>
   <div class='ocr_carea' id='block_1_78' title="bbox 2263 3333 3840 3419">
    <p class='ocr_par' dir='ltr' id='par_1_78' title="bbox 2263 3333 3840 3419">
     <span class='ocr_line' id='line_1_78' title="bbox 2263 3333 3840 3419; baseline -0.007 -19"><span class='ocrx_word' id='word_1_597' title='bbox 2263 3345 2602 3419; x_wconf 80' lang='grc' dir='ltr'>ροσολύμοις,</span> <span class='ocrx_word' id='word_1_598' title='bbox 2651 3344 2709 3396; x_wconf 81' lang='grc' dir='ltr'>ἐν</span> <span class='ocrx_word' id='word_1_599' title='bbox 2743 3343 2809 3413; x_wconf 80' lang='grc' dir='ltr'>τῇ</span> <span class='ocrx_word' id='word_1_600' title='bbox 2859 3341 3053 3412; x_wconf 73' lang='grc' dir='ltr'><strong>ιῐεορτῆ⁸</strong></span> <span class='ocrx_word' id='word_1_601' title='bbox 3099 3339 3192 3393; x_wconf 77' lang='grc' dir='ltr'>καὶ</span> <span class='ocrx_word' id='word_1_602' title='bbox 3219 3339 3373 3394; x_wconf 73' lang='grc' dir='ltr'>αὐτοὶ</span> <span class='ocrx_word' id='word_1_603' title='bbox 3402 3338 3513 3409; x_wconf 87' lang='grc' dir='ltr'>γὰρ</span> <span class='ocrx_word' id='word_1_604' title='bbox 3551 3333 3716 3410; x_wconf 78' lang='grc' dir='ltr'>ἦλθον</span> <span class='ocrx_word' id='word_1_605' title='bbox 3757 3338 3840 3400; x_wconf 84' lang='grc' dir='ltr'><strong>είς</strong></span> 
     </span>
    </p>
   </div>
   <div class='ocr_carea' id='block_1_79' title="bbox 2256 3429 3837 3512">
    <p class='ocr_par' dir='ltr' id='par_1_79' title="bbox 2256 3429 3837 3512">
     <span class='ocr_line' id='line_1_79' title="bbox 2256 3429 3837 3512; baseline -0.008 -18"><span class='ocrx_word' id='word_1_606' title='bbox 2256 3442 2357 3512; x_wconf 83' lang='grc' dir='ltr'>τὴν</span> <span class='ocrx_word' id='word_1_607' title='bbox 2403 3439 2618 3510; x_wconf 77' lang='grc' dir='ltr'>ἑορτήν.</span> <span class='ocrx_word' id='word_1_608' title='bbox 2676 3433 2816 3489; x_wconf 86' lang='grc' dir='ltr'>Ἀλλ’</span> <span class='ocrx_word' id='word_1_609' title='bbox 2861 3433 3030 3498; x_wconf 79' lang='grc' dir='ltr'>εἰκὸς,</span> <span class='ocrx_word' id='word_1_610' title='bbox 3067 3433 3152 3487; x_wconf 80' lang='grc' dir='ltr'>ὅτι</span> <span class='ocrx_word' id='word_1_611' title='bbox 3199 3433 3316 3505; x_wconf 85' lang='grc' dir='ltr'>ὲρεῖ</span> <span class='ocrx_word' id='word_1_612' title='bbox 3356 3448 3440 3495; x_wconf 91' lang='grc' dir='ltr'><strong>τις</strong></span> <span class='ocrx_word' id='word_1_613' title='bbox 3485 3430 3624 3502; x_wconf 84' lang='grc' dir='ltr'>πρὸς</span> <span class='ocrx_word' id='word_1_614' title='bbox 3665 3429 3837 3482; x_wconf 88' lang='grc' dir='ltr'>ταῦτα</span> 
     </span>
    </p>
   </div>
   <div class='ocr_carea' id='block_1_80' title="bbox 2258 3523 3837 3597">
    <p class='ocr_par' dir='ltr' id='par_1_80' title="bbox 2258 3523 3837 3597">
     <span class='ocr_line' id='line_1_80' title="bbox 2258 3523 3837 3597; baseline -0.009 -9"><span class='ocrx_word' id='word_1_615' title='bbox 2258 3533 2412 3588; x_wconf 74' lang='grc' dir='ltr'>οὐδὲν</span> <span class='ocrx_word' id='word_1_616' title='bbox 2443 3531 2633 3584; x_wconf 85' lang='grc' dir='ltr'>λυπεῖν</span> <span class='ocrx_word' id='word_1_617' title='bbox 2661 3527 2884 3582; x_wconf 87' lang='grc' dir='ltr'>πλείονα</span> <span class='ocrx_word' id='word_1_618' title='bbox 2917 3526 3080 3580; x_wconf 72' lang='grc' dir='ltr'>αὐτὸν</span> <span class='ocrx_word' id='word_1_619' title='bbox 3121 3523 3476 3597; x_wconf 74' lang='grc' dir='ltr'>διατρίψαντα</span> <span class='ocrx_word' id='word_1_620' title='bbox 3516 3525 3574 3576; x_wconf 82' lang='grc' dir='ltr'>ὲν</span> <span class='ocrx_word' id='word_1_621' title='bbox 3599 3526 3665 3594; x_wconf 80' lang='grc' dir='ltr'>τῇ</span> <span class='ocrx_word' id='word_1_622' title='bbox 3705 3523 3837 3584; x_wconf 83' lang='grc' dir='ltr'>Ἰου-</span> 
     </span>
    </p>
   </div>
   <div class='ocr_carea' id='block_1_81' title="bbox 2257 3613 3838 3697">
    <p class='ocr_par' dir='ltr' id='par_1_81' title="bbox 2257 3613 3838 3697">
     <span class='ocr_line' id='line_1_81' title="bbox 2257 3613 3838 3697; baseline -0.009 -17"><span class='ocrx_word' id='word_1_623' title='bbox 2257 3624 2383 3696; x_wconf 75' lang='grc' dir='ltr'>δαίᾳ</span> <span class='ocrx_word' id='word_1_624' title='bbox 2409 3624 2601 3697; x_wconf 85' lang='grc' dir='ltr'>χρόνον</span> <span class='ocrx_word' id='word_1_625' title='bbox 2627 3619 2940 3692; x_wconf 75' lang='grc' dir='ltr'>ἐληλυθέναι</span> <span class='ocrx_word' id='word_1_626' title='bbox 2985 3618 3078 3672; x_wconf 74' lang='grc' dir='ltr'><strong>ἐπὶ</strong></span> <span class='ocrx_word' id='word_1_627' title='bbox 3125 3616 3222 3688; x_wconf 83' lang='grc' dir='ltr'>τὴν</span> <span class='ocrx_word' id='word_1_628' title='bbox 3262 3616 3446 3687; x_wconf 75' lang='grc' dir='ltr'>πηγὴν</span> <span class='ocrx_word' id='word_1_629' title='bbox 3479 3614 3574 3669; x_wconf 89' lang='grc' dir='ltr'><strong>τοῦ</strong></span> <span class='ocrx_word' id='word_1_630' title='bbox 3619 3613 3838 3682; x_wconf 86' lang='grc' dir='ltr'>Ἰακὼϐ,</span> 
     </span>
    </p>
   </div>
   <div class='ocr_carea' id='block_1_82' title="bbox 2259 3707 3834 3787">
    <p class='ocr_par' dir='ltr' id='par_1_82' title="bbox 2259 3707 3834 3787">
     <span class='ocr_line' id='line_1_82' title="bbox 2259 3707 3834 3787; baseline -0.01 -14"><span class='ocrx_word' id='word_1_631' title='bbox 2259 3718 2490 3774; x_wconf 84' lang='grc' dir='ltr'>ἀπιόντα</span> <span class='ocrx_word' id='word_1_632' title='bbox 2509 3719 2589 3781; x_wconf 80' lang='grc' dir='ltr'><strong>είς</strong></span> <span class='ocrx_word' id='word_1_633' title='bbox 2619 3714 2717 3787; x_wconf 86' lang='grc' dir='ltr'><strong>τὴν</strong></span> <span class='ocrx_word' id='word_1_634' title='bbox 2744 3712 3057 3777; x_wconf 86' lang='grc' dir='ltr'>Γαλιλαίαν,</span> <span class='ocrx_word' id='word_1_635' title='bbox 3099 3729 3117 3762; x_wconf 81' lang='grc' dir='ltr'><strong>ι</strong></span> <span class='ocrx_word' id='word_1_636' title='bbox 3151 3711 3277 3763; x_wconf 87' lang='grc' dir='ltr'>Ὅτε</span> <span class='ocrx_word' id='word_1_637' title='bbox 3308 3709 3390 3761; x_wconf 77' lang='grc' dir='ltr'>ἔτι</span> <span class='ocrx_word' id='word_1_638' title='bbox 3419 3707 3780 3778; x_wconf 83' lang='grc' dir='ltr'>τετράμηνος,</span> <span class='ocrx_word' id='word_1_639' title='bbox 3815 3725 3834 3756; x_wconf 76' lang='grc' dir='ltr'><strong>ι</strong></span> 
     </span>
    </p>
   </div>
   <div class='ocr_carea' id='block_1_83' title="bbox 2257 3797 3841 3875">
    <p class='ocr_par' dir='ltr' id='par_1_83' title="bbox 2257 3797 3841 3875">
     <span class='ocr_line' id='line_1_83' title="bbox 2257 3797 3841 3875; baseline -0.009 -10"><span class='ocrx_word' id='word_1_640' title='bbox 2257 3807 2434 3875; x_wconf 75' lang='grc' dir='ltr'>εἶπεν,</span> <span class='ocrx_word' id='word_1_641' title='bbox 2462 3827 2482 3861; x_wconf 77' lang='grc' dir='ltr'><strong>ι</strong></span> <span class='ocrx_word' id='word_1_642' title='bbox 2522 3809 2602 3871; x_wconf 80' lang='grc' dir='ltr'>εἰς</span> <span class='ocrx_word' id='word_1_643' title='bbox 2630 3807 2721 3860; x_wconf 81' lang='grc' dir='ltr'>τὸν</span> <span class='ocrx_word' id='word_1_644' title='bbox 2761 3802 3050 3874; x_wconf 80' lang='grc' dir='ltr'>θερισμόνο</span> <span class='ocrx_word' id='word_1_645' title='bbox 3108 3821 3127 3852; x_wconf 74' lang='grc' dir='ltr'><strong>ι</strong></span> <span class='ocrx_word' id='word_1_646' title='bbox 3166 3801 3261 3855; x_wconf 71' lang='grc' dir='ltr'><strong>καὶ</strong></span> <span class='ocrx_word' id='word_1_647' title='bbox 3291 3799 3443 3856; x_wconf 76' lang='grc' dir='ltr'>οὐδὲν</span> <span class='ocrx_word' id='word_1_648' title='bbox 3477 3797 3676 3853; x_wconf 76' lang='grc' dir='ltr'>ἄτοπόν</span> <span class='ocrx_word' id='word_1_649' title='bbox 3723 3799 3841 3851; x_wconf 74' lang='grc' dir='ltr'>ἐστι</span> 
     </span>
    </p>
   </div>
   <div class='ocr_carea' id='block_1_84' title="bbox 2258 3891 3840 3965">
    <p class='ocr_par' dir='ltr' id='par_1_84' title="bbox 2258 3891 3840 3965">
     <span class='ocr_line' id='line_1_84' title="bbox 2258 3891 3840 3965; baseline -0.006 -9"><span class='ocrx_word' id='word_1_650' title='bbox 2258 3903 2384 3965; x_wconf 78' lang='grc' dir='ltr'>τοὺς</span> <span class='ocrx_word' id='word_1_651' title='bbox 2408 3897 2723 3962; x_wconf 88' lang='grc' dir='ltr'>Γαλιλαίους</span> <span class='ocrx_word' id='word_1_652' title='bbox 2754 3895 2841 3950; x_wconf 84' lang='grc' dir='ltr'><strong>διὰ</strong></span> <span class='ocrx_word' id='word_1_653' title='bbox 2865 3895 2935 3948; x_wconf 77' lang='grc' dir='ltr'>τὰ</span> <span class='ocrx_word' id='word_1_654' title='bbox 2977 3895 3071 3949; x_wconf 74' lang='grc' dir='ltr'><strong>ὲπὶ</strong></span> <span class='ocrx_word' id='word_1_655' title='bbox 3108 3893 3217 3947; x_wconf 82' lang='grc' dir='ltr'><strong>τῶν</strong></span> <span class='ocrx_word' id='word_1_656' title='bbox 3261 3891 3453 3964; x_wconf 79' lang='grc' dir='ltr'>πρώην</span> <span class='ocrx_word' id='word_1_657' title='bbox 3491 3891 3676 3963; x_wconf 85' lang='grc' dir='ltr'>μηνῶν</span> <span class='ocrx_word' id='word_1_658' title='bbox 3722 3891 3840 3963; x_wconf 85' lang='grc'><strong>(56)</strong></span> 
     </span>
    </p>
   </div>
   <div class='ocr_carea' id='block_1_85' title="bbox 2257 3981 3882 4062">
    <p class='ocr_par' dir='ltr' id='par_1_85' title="bbox 2257 3981 3882 4062">
     <span class='ocr_line' id='line_1_85' title="bbox 2257 3981 3882 4062; baseline -0.008 -16"><span class='ocrx_word' id='word_1_659' title='bbox 2257 3990 2408 4062; x_wconf 81' lang='grc' dir='ltr'>αὐτῷ</span> <span class='ocrx_word' id='word_1_660' title='bbox 2445 3990 2711 4061; x_wconf 89' lang='grc' dir='ltr'>γενόμενα</span> <span class='ocrx_word' id='word_1_661' title='bbox 2757 3989 2816 4040; x_wconf 81' lang='grc' dir='ltr'>ὲν</span> <span class='ocrx_word' id='word_1_662' title='bbox 2874 3984 3263 4058; x_wconf 81' lang='grc' dir='ltr'>Ἰεροσολύμοις</span> <span class='ocrx_word' id='word_1_663' title='bbox 3307 3981 3708 4055; x_wconf 82' lang='grc' dir='ltr'>παραδέχεσθαι</span> <span class='ocrx_word' id='word_1_664' title='bbox 3741 3981 3882 4034; x_wconf 47' lang='grc' dir='ltr'><strong>ἀφ’</strong></span> 
     </span>
    </p>
   </div>
   <div class='ocr_carea' id='block_1_86' title="bbox 2257 4075 3840 4151">
    <p class='ocr_par' dir='ltr' id='par_1_86' title="bbox 2257 4075 3840 4151">
     <span class='ocr_line' id='line_1_86' title="bbox 2257 4075 3840 4151; baseline -0.008 -13"><span class='ocrx_word' id='word_1_665' title='bbox 2257 4085 2368 4138; x_wconf 88' lang='grc' dir='ltr'>τόν.</span> <span class='ocrx_word' id='word_1_666' title='bbox 2406 4082 2638 4136; x_wconf 85' lang='grc' dir='ltr'>Λεκτέον</span> <span class='ocrx_word' id='word_1_667' title='bbox 2674 4079 2732 4134; x_wconf 81' lang='grc' dir='ltr'>δὲ</span> <span class='ocrx_word' id='word_1_668' title='bbox 2759 4079 2896 4151; x_wconf 79' lang='grc' dir='ltr'>πρὸς</span> <span class='ocrx_word' id='word_1_669' title='bbox 2921 4079 3138 4141; x_wconf 81' lang='grc' dir='ltr'>αὐτοὺς,</span> <span class='ocrx_word' id='word_1_670' title='bbox 3164 4077 3246 4130; x_wconf 89' lang='grc' dir='ltr'>ὃτι</span> <span class='ocrx_word' id='word_1_671' title='bbox 3289 4075 3730 4147; x_wconf 84' lang='grc' dir='ltr'>παραγενόμενος</span> <span class='ocrx_word' id='word_1_672' title='bbox 3758 4075 3840 4138; x_wconf 85' lang='grc' dir='ltr'><strong>εἰς</strong></span> 
     </span>
    </p>
   </div>
   <div class='ocr_carea' id='block_1_87' title="bbox 2258 4165 3834 4247">
    <p class='ocr_par' dir='ltr' id='par_1_87' title="bbox 2258 4165 3834 4247">
     <span class='ocr_line' id='line_1_87' title="bbox 2258 4165 3834 4247; baseline -0.006 -19"><span class='ocrx_word' id='word_1_673' title='bbox 2258 4175 2356 4247; x_wconf 78' lang='grc' dir='ltr'>τὴν</span> <span class='ocrx_word' id='word_1_674' title='bbox 2396 4173 2685 4228; x_wconf 88' lang='grc' dir='ltr'>Γαλιλαίαν</span> <span class='ocrx_word' id='word_1_675' title='bbox 2719 4167 2881 4244; x_wconf 79' lang='grc' dir='ltr'>ἦλθεν</span> <span class='ocrx_word' id='word_1_676' title='bbox 2921 4173 3000 4233; x_wconf 87' lang='grc' dir='ltr'><strong>εἰς</strong></span> <span class='ocrx_word' id='word_1_677' title='bbox 3040 4171 3139 4240; x_wconf 82' lang='grc' dir='ltr'>τὴν</span> <span class='ocrx_word' id='word_1_678' title='bbox 3189 4169 3346 4222; x_wconf 83' lang='grc' dir='ltr'>Κανᾶ</span> <span class='ocrx_word' id='word_1_679' title='bbox 3391 4166 3492 4238; x_wconf 82' lang='grc' dir='ltr'>τῆς</span> <span class='ocrx_word' id='word_1_680' title='bbox 3527 4165 3834 4229; x_wconf 83' lang='grc' dir='ltr'>Γαλιλαίας,</span> 
     </span>
    </p>
   </div>
   <div class='ocr_carea' id='block_1_88' title="bbox 2258 4255 3838 4338">
    <p class='ocr_par' dir='ltr' id='par_1_88' title="bbox 2258 4255 3838 4338">
     <span class='ocr_line' id='line_1_88' title="bbox 2258 4255 3838 4338; baseline -0.006 -18"><span class='ocrx_word' id='word_1_681' title='bbox 2258 4269 2390 4320; x_wconf 82' lang='grc' dir='ltr'>ὅπου</span> <span class='ocrx_word' id='word_1_682' title='bbox 2419 4265 2676 4338; x_wconf 87' lang='grc' dir='ltr'>πρότερον</span> <span class='ocrx_word' id='word_1_683' title='bbox 2704 4263 2972 4333; x_wconf 86' lang='grc' dir='ltr'>πεποίηκε</span> <span class='ocrx_word' id='word_1_684' title='bbox 2999 4262 3062 4314; x_wconf 86' lang='grc' dir='ltr'>τὸ</span> <span class='ocrx_word' id='word_1_685' title='bbox 3094 4259 3238 4331; x_wconf 79' lang='grc' dir='ltr'>ὕδωρ</span> <span class='ocrx_word' id='word_1_686' title='bbox 3269 4255 3430 4324; x_wconf 79' lang='grc' dir='ltr'>οἶνον,</span> <span class='ocrx_word' id='word_1_687' title='bbox 3465 4257 3592 4312; x_wconf 77' lang='grc' dir='ltr'>ἔνθα</span> <span class='ocrx_word' id='word_1_688' title='bbox 3630 4259 3724 4310; x_wconf 77' lang='grc' dir='ltr'>καὶ</span> <span class='ocrx_word' id='word_1_689' title='bbox 3745 4258 3838 4311; x_wconf 84' lang='grc' dir='ltr'>τὸν</span> 
     </span>
    </p>
   </div>
   <div class='ocr_carea' id='block_1_89' title="bbox 2258 4349 3872 4428">
    <p class='ocr_par' dir='ltr' id='par_1_89' title="bbox 2258 4349 3872 4428">
     <span class='ocr_line' id='line_1_89' title="bbox 2258 4349 3872 4428; baseline -0.006 -16"><span class='ocrx_word' id='word_1_690' title='bbox 2258 4357 2352 4412; x_wconf 86' lang='grc' dir='ltr'><strong>τοῦ</strong></span> <span class='ocrx_word' id='word_1_691' title='bbox 2374 4355 2652 4428; x_wconf 78' lang='grc' dir='ltr'>βασιλικοῦ</span> <span class='ocrx_word' id='word_1_692' title='bbox 2689 4354 2804 4408; x_wconf 84' lang='grc' dir='ltr'>υίδν</span> <span class='ocrx_word' id='word_1_693' title='bbox 2839 4351 3102 4408; x_wconf 89' lang='grc' dir='ltr'>νοσοῦντα</span> <span class='ocrx_word' id='word_1_694' title='bbox 3143 4353 3200 4405; x_wconf 84' lang='grc' dir='ltr'>ὲν</span> <span class='ocrx_word' id='word_1_695' title='bbox 3244 4352 3309 4421; x_wconf 78' lang='grc' dir='ltr'><strong>τῇ</strong></span> <span class='ocrx_word' id='word_1_696' title='bbox 3351 4349 3726 4420; x_wconf 80' lang='grc' dir='ltr'>Καφαρναοὺμ</span> <span class='ocrx_word' id='word_1_697' title='bbox 3761 4349 3872 4402; x_wconf 80' lang='grc' dir='ltr'><strong>εἰ·-</strong></span> 
     </span>
    </p>
   </div>
   <div class='ocr_carea' id='block_1_90' title="bbox 2261 4433 3836 4522">
    <p class='ocr_par' dir='ltr' id='par_1_90' title="bbox 2261 4433 3836 4522">
     <span class='ocr_line' id='line_1_90' title="bbox 2261 4433 3836 4522; baseline -0.007 -17"><span class='ocrx_word' id='word_1_698' title='bbox 2261 4451 2377 4505; x_wconf 86' lang='grc' dir='ltr'>πὼν</span> <span class='ocrx_word' id='word_1_699' title='bbox 2413 4449 2492 4522; x_wconf 83' lang='grc' dir='ltr'>τῷ</span> <span class='ocrx_word' id='word_1_700' title='bbox 2533 4433 2704 4520; x_wconf 70' lang='grc' dir='ltr'>πατρὶ</span> <span class='ocrx_word' id='word_1_701' title='bbox 2743 4445 2945 4501; x_wconf 83' lang='grc' dir='ltr'>αὑτοῦ·</span> <span class='ocrx_word' id='word_1_702' title='bbox 2984 4465 3002 4498; x_wconf 78' lang='grc' dir='ltr'><strong>ι</strong></span> <span class='ocrx_word' id='word_1_703' title='bbox 3053 4444 3113 4497; x_wconf 86' lang='grc' dir='ltr'>Ὀ</span> <span class='ocrx_word' id='word_1_704' title='bbox 3156 4443 3271 4506; x_wconf 76' lang='grc' dir='ltr'>υἱός</span> <span class='ocrx_word' id='word_1_705' title='bbox 3305 4459 3400 4495; x_wconf 89' lang='grc' dir='ltr'><strong>σου</strong></span> <span class='ocrx_word' id='word_1_706' title='bbox 3441 4441 3530 4514; x_wconf 80' lang='grc' dir='ltr'><strong>ζῇ,</strong></span> <span class='ocrx_word' id='word_1_707' title='bbox 3576 4461 3594 4493; x_wconf 77' lang='grc' dir='ltr'><strong>ι</strong></span> <span class='ocrx_word' id='word_1_708' title='bbox 3641 4439 3836 4511; x_wconf 74' lang='grc' dir='ltr'>ἑθερά-</span> 
     </span>
    </p>
   </div>
   <div class='ocr_carea' id='block_1_91' title="bbox 581 4529 2157 4606">
    <p class='ocr_par' dir='ltr' id='par_1_91' title="bbox 581 4531 2157 4603">
     <span class='ocr_line' id='line_1_91' title="bbox 581 4531 2157 4603; baseline 0.003 -15"><span class='ocrx_word' id='word_1_709' title='bbox 581 4535 634 4588; x_wconf 92' lang='lat' dir='ltr'><strong>in</strong></span> <span class='ocrx_word' id='word_1_710' title='bbox 663 4531 988 4602; x_wconf 84' lang='lat' dir='ltr'><strong>Capharnao</strong></span> <span class='ocrx_word' id='word_1_711' title='bbox 1011 4533 1261 4598; x_wconf 86' lang='lat' dir='ltr'><strong>curavit,</strong></span> <span class='ocrx_word' id='word_1_712' title='bbox 1290 4533 1436 4603; x_wconf 90' lang='lat' dir='ltr'><strong>patri</strong></span> <span class='ocrx_word' id='word_1_713' title='bbox 1476 4532 1647 4603; x_wconf 87' lang='lat' dir='ltr'><strong>ipsius</strong></span> <span class='ocrx_word' id='word_1_714' title='bbox 1675 4535 1864 4591; x_wconf 90' lang='lat' dir='ltr'><strong>dicens</strong></span> <span class='ocrx_word' id='word_1_715' title='bbox 1891 4557 1904 4592; x_wconf 87' lang='lat'><strong><em>:</em></strong></span> <span class='ocrx_word' id='word_1_716' title='bbox 1939 4555 1958 4588; x_wconf 75' lang='grc' dir='ltr'><strong>ι</strong></span> <span class='ocrx_word' id='word_1_717' title='bbox 1987 4535 2157 4592; x_wconf 86' lang='lat' dir='ltr'><strong>Filius</strong></span> 
     </span>
    </p>
   </div>
   <div class='ocr_carea' id='block_1_92' title="bbox 2255 4529 3834 4606">
    <p class='ocr_par' dir='ltr' id='par_1_92' title="bbox 2261 4529 3834 4606">
     <span class='ocr_line' id='line_1_92' title="bbox 2261 4529 3834 4606; baseline -0.008 -12"><span class='ocrx_word' id='word_1_718' title='bbox 2261 4556 2459 4594; x_wconf 76' lang='grc' dir='ltr'>πευσεο</span> <span class='ocrx_word' id='word_1_719' title='bbox 2487 4541 2600 4604; x_wconf 74' lang='grc' dir='ltr'>καὶ,</span> <span class='ocrx_word' id='word_1_720' title='bbox 2641 4559 2661 4592; x_wconf 80' lang='grc' dir='ltr'><strong>ι</strong></span> <span class='ocrx_word' id='word_1_721' title='bbox 2702 4537 2856 4594; x_wconf 84' lang='grc' dir='ltr'>Μετὰ</span> <span class='ocrx_word' id='word_1_722' title='bbox 2883 4536 3056 4592; x_wconf 89' lang='grc' dir='ltr'>ταῦτα</span> <span class='ocrx_word' id='word_1_723' title='bbox 3089 4530 3158 4606; x_wconf 80' lang='grc' dir='ltr'>ἦν</span> <span class='ocrx_word' id='word_1_724' title='bbox 3187 4534 3349 4605; x_wconf 77' lang='grc' dir='ltr'>ἑορτὴ</span> <span class='ocrx_word' id='word_1_725' title='bbox 3380 4532 3489 4586; x_wconf 83' lang='grc' dir='ltr'><strong>τῶν</strong></span> <span class='ocrx_word' id='word_1_726' title='bbox 3542 4529 3834 4594; x_wconf 88' lang='grc' dir='ltr'>Ἰουδαίων,</span> 
     </span>
    </p>
   </div>
   <div class='ocr_carea' id='block_1_93' title="bbox 579 4624 2161 4694">
    <p class='ocr_par' dir='ltr' id='par_1_93' title="bbox 579 4624 2161 4694">
     <span class='ocr_line' id='line_1_93' title="bbox 579 4624 2161 4694; baseline 0.002 -12"><span class='ocrx_word' id='word_1_727' title='bbox 579 4634 706 4682; x_wconf 86' lang='lat' dir='ltr'><strong>tuus</strong></span> <span class='ocrx_word' id='word_1_728' title='bbox 727 4625 862 4681; x_wconf 89' lang='lat' dir='ltr'><strong>vivit</strong></span> <span class='ocrx_word' id='word_1_729' title='bbox 887 4624 970 4694; x_wconf 84' lang='lat'><strong>&quot;;</strong></span> <span class='ocrx_word' id='word_1_730' title='bbox 1003 4643 1023 4678; x_wconf 78' lang='grc' dir='ltr'><strong>ι</strong></span> <span class='ocrx_word' id='word_1_731' title='bbox 1060 4635 1145 4694; x_wconf 90' lang='lat' dir='ltr'><strong>et,</strong></span> <span class='ocrx_word' id='word_1_732' title='bbox 1188 4643 1208 4678; x_wconf 77' lang='grc' dir='ltr'><strong>ι</strong></span> <span class='ocrx_word' id='word_1_733' title='bbox 1244 4625 1440 4682; x_wconf 90' lang='lat' dir='ltr'><strong>Postea</strong></span> <span class='ocrx_word' id='word_1_734' title='bbox 1468 4635 1588 4682; x_wconf 89' lang='lat' dir='ltr'><strong>erat</strong></span> <span class='ocrx_word' id='word_1_735' title='bbox 1607 4627 1726 4682; x_wconf 85' lang='lat' dir='ltr'><strong>dies</strong></span> <span class='ocrx_word' id='word_1_736' title='bbox 1748 4625 1922 4685; x_wconf 81' lang='lat' dir='ltr'><strong>festus</strong></span> <span class='ocrx_word' id='word_1_737' title='bbox 1950 4627 2161 4685; x_wconf 72' lang='lat' dir='ltr'><strong>Iuda-:0-</strong></span> 
     </span>
    </p>
   </div>
   <div class='ocr_carea' id='block_1_94' title="bbox 576 4716 2160 4790">
    <p class='ocr_par' dir='ltr' id='par_1_94' title="bbox 576 4716 2160 4790">
     <span class='ocr_line' id='line_1_94' title="bbox 576 4716 2160 4790; baseline 0.001 -16"><span class='ocrx_word' id='word_1_738' title='bbox 576 4733 733 4786; x_wconf 83' lang='lat' dir='ltr'><strong>rum,</strong></span> <span class='ocrx_word' id='word_1_739' title='bbox 761 4725 820 4775; x_wconf 87' lang='lat' dir='ltr'><strong>et</strong></span> <span class='ocrx_word' id='word_1_740' title='bbox 861 4717 1114 4774; x_wconf 84' lang='lat' dir='ltr'><strong>ascendit</strong></span> <span class='ocrx_word' id='word_1_741' title='bbox 1153 4716 1311 4773; x_wconf 82' lang='lat' dir='ltr'><strong>Jcsus</strong></span> <span class='ocrx_word' id='word_1_742' title='bbox 1355 4717 1748 4790; x_wconf 78' lang='lat' dir='ltr'><strong>Jerosolymam</strong></span> <span class='ocrx_word' id='word_1_743' title='bbox 1773 4719 1839 4783; x_wconf 83' lang='grc'><strong>⁸⁸,</strong></span> <span class='ocrx_word' id='word_1_744' title='bbox 1879 4738 1899 4772; x_wconf 73' lang='grc' dir='ltr'><strong>ι</strong></span> <span class='ocrx_word' id='word_1_745' title='bbox 1943 4723 2160 4790; x_wconf 90' lang='lat' dir='ltr'><strong>quando</strong></span> 
     </span>
    </p>
   </div>
   <div class='ocr_carea' id='block_1_95' title="bbox 579 4808 2159 4882">
    <p class='ocr_par' dir='ltr' id='par_1_95' title="bbox 579 4808 2159 4882">
     <span class='ocr_line' id='line_1_95' title="bbox 579 4808 2159 4882; baseline 0.004 -20"><span class='ocrx_word' id='word_1_746' title='bbox 579 4808 936 4882; x_wconf 79' lang='lat' dir='ltr'><strong>paralyticum</strong></span> <span class='ocrx_word' id='word_1_747' title='bbox 970 4821 1096 4866; x_wconf 92' lang='lat' dir='ltr'><strong>octo</strong></span> <span class='ocrx_word' id='word_1_748' title='bbox 1127 4819 1183 4864; x_wconf 90' lang='lat' dir='ltr'><strong>et</strong></span> <span class='ocrx_word' id='word_1_749' title='bbox 1212 4809 1436 4879; x_wconf 77' lang='lat' dir='ltr'><strong>triginta</strong></span> <span class='ocrx_word' id='word_1_750' title='bbox 1463 4825 1636 4864; x_wconf 90' lang='lat' dir='ltr'><strong>annos</strong></span> <span class='ocrx_word' id='word_1_751' title='bbox 1675 4810 1965 4868; x_wconf 88' lang='lat' dir='ltr'><strong>habentem</strong></span> <span class='ocrx_word' id='word_1_752' title='bbox 2011 4826 2071 4866; x_wconf 90' lang='lat' dir='ltr'><strong>se</strong></span> <span class='ocrx_word' id='word_1_753' title='bbox 2105 4813 2159 4868; x_wconf 90' lang='lat' dir='ltr'><strong>in</strong></span> 
     </span>
    </p>
   </div>
   <div class='ocr_carea' id='block_1_96' title="bbox 577 4901 2162 4960">
    <p class='ocr_par' dir='ltr' id='par_1_96' title="bbox 577 4901 2162 4960">
     <span class='ocr_line' id='line_1_96' title="bbox 577 4901 2162 4960; baseline 0.004 -6"><span class='ocrx_word' id='word_1_754' title='bbox 577 4901 904 4956; x_wconf 79' lang='lat' dir='ltr'><strong>inﬁrmitate</strong></span> <span class='ocrx_word' id='word_1_755' title='bbox 926 4903 1156 4958; x_wconf 86' lang='lat' dir='ltr'><strong>curavit.</strong></span> <span class='ocrx_word' id='word_1_756' title='bbox 1191 4902 1274 4956; x_wconf 81' lang='lat' dir='ltr'><strong>An</strong></span> <span class='ocrx_word' id='word_1_757' title='bbox 1302 4915 1432 4955; x_wconf 89' lang='lat' dir='ltr'><strong>vero</strong></span> <span class='ocrx_word' id='word_1_758' title='bbox 1459 4901 1551 4956; x_wconf 86' lang='lat' dir='ltr'><strong>hic</strong></span> <span class='ocrx_word' id='word_1_759' title='bbox 1581 4902 1697 4958; x_wconf 90' lang='lat' dir='ltr'><strong>dies</strong></span> <span class='ocrx_word' id='word_1_760' title='bbox 1724 4901 1896 4959; x_wconf 74' lang='lat' dir='ltr'><strong>[estus</strong></span> <span class='ocrx_word' id='word_1_761' title='bbox 1925 4902 2162 4960; x_wconf 87' lang='lat' dir='ltr'><strong>Pascha-</strong></span> 
     </span>
    </p>
   </div>
   <div class='ocr_carea' id='block_1_97' title="bbox 579 4993 2152 5065">
    <p class='ocr_par' dir='ltr' id='par_1_97' title="bbox 579 4993 2152 5065">
     <span class='ocr_line' id='line_1_97' title="bbox 579 4993 2152 5065; baseline 0 -13"><span class='ocrx_word' id='word_1_762' title='bbox 579 4995 652 5052; x_wconf 83' lang='lat' dir='ltr'><strong>tis</strong></span> <span class='ocrx_word' id='word_1_763' title='bbox 677 5000 832 5058; x_wconf 85' lang='lat' dir='ltr'><strong>erat,</strong></span> <span class='ocrx_word' id='word_1_764' title='bbox 869 5007 976 5048; x_wconf 91' lang='lat' dir='ltr'><strong>non</strong></span> <span class='ocrx_word' id='word_1_765' title='bbox 1003 4993 1222 5049; x_wconf 87' lang='lat' dir='ltr'><strong>additur</strong></span> <span class='ocrx_word' id='word_1_766' title='bbox 1259 5009 1455 5050; x_wconf 86' lang='lat' dir='ltr'><strong>nomen</strong></span> <span class='ocrx_word' id='word_1_767' title='bbox 1489 4993 1641 5063; x_wconf 86' lang='lat' dir='ltr'><strong>ejus;</strong></span> <span class='ocrx_word' id='word_1_768' title='bbox 1673 5005 1936 5065; x_wconf 82' lang='lat' dir='ltr'><strong>urgetque</strong></span> <span class='ocrx_word' id='word_1_769' title='bbox 1976 4995 2152 5052; x_wconf 84' lang='lat' dir='ltr'><strong>series</strong></span> 
     </span>
    </p>
   </div>
   <div class='ocr_carea' id='block_1_98' title="bbox 2257 4620 3842 4701">
    <p class='ocr_par' dir='ltr' id='par_1_98' title="bbox 2257 4620 3842 4701">
     <span class='ocr_line' id='line_1_98' title="bbox 2257 4620 3842 4701; baseline -0.008 -16"><span class='ocrx_word' id='word_1_770' title='bbox 2257 4633 2351 4686; x_wconf 80' lang='grc' dir='ltr'>καὶ</span> <span class='ocrx_word' id='word_1_771' title='bbox 2378 4629 2546 4700; x_wconf 83' lang='grc' dir='ltr'>ἀνέϐη</span> <span class='ocrx_word' id='word_1_772' title='bbox 2578 4631 2608 4682; x_wconf 84' lang='grc' dir='ltr'><strong>ὁ</strong></span> <span class='ocrx_word' id='word_1_773' title='bbox 2648 4627 2853 4701; x_wconf 85' lang='grc' dir='ltr'>Ἰησοῦς</span> <span class='ocrx_word' id='word_1_774' title='bbox 2877 4631 2955 4692; x_wconf 83' lang='grc' dir='ltr'>εἰς</span> <span class='ocrx_word' id='word_1_775' title='bbox 2993 4625 3360 4698; x_wconf 86' lang='grc' dir='ltr'>Ἱεροσόλυμα,</span> <span class='ocrx_word' id='word_1_776' title='bbox 3387 4645 3406 4676; x_wconf 68' lang='grc' dir='ltr'><strong>ι</strong></span> <span class='ocrx_word' id='word_1_777' title='bbox 3437 4624 3527 4676; x_wconf 86' lang='grc' dir='ltr'>ὅτε</span> <span class='ocrx_word' id='word_1_778' title='bbox 3563 4623 3655 4675; x_wconf 87' lang='grc' dir='ltr'>τὸν</span> <span class='ocrx_word' id='word_1_779' title='bbox 3689 4620 3842 4692; x_wconf 85' lang='grc' dir='ltr'>τριά-</span> 
     </span>
    </p>
   </div>
   <div class='ocr_carea' id='block_1_99' title="bbox 2257 4713 3838 4793">
    <p class='ocr_par' dir='ltr' id='par_1_99' title="bbox 2257 4713 3838 4793">
     <span class='ocr_line' id='line_1_99' title="bbox 2257 4713 3838 4793; baseline -0.009 -14"><span class='ocrx_word' id='word_1_780' title='bbox 2257 4742 2421 4779; x_wconf 90' lang='grc' dir='ltr'>κοντα</span> <span class='ocrx_word' id='word_1_781' title='bbox 2448 4721 2593 4777; x_wconf 82' lang='grc' dir='ltr'>ὀκτὼ</span> <span class='ocrx_word' id='word_1_782' title='bbox 2631 4721 2726 4793; x_wconf 77' lang='grc' dir='ltr'>ἔτη</span> <span class='ocrx_word' id='word_1_783' title='bbox 2758 4720 2948 4792; x_wconf 71' lang='grc' dir='ltr'>ἔχοντα</span> <span class='ocrx_word' id='word_1_784' title='bbox 2986 4721 3044 4772; x_wconf 82' lang='grc' dir='ltr'>ὲν</span> <span class='ocrx_word' id='word_1_785' title='bbox 3078 4721 3144 4789; x_wconf 83' lang='grc' dir='ltr'>τῇ</span> <span class='ocrx_word' id='word_1_786' title='bbox 3181 4715 3434 4788; x_wconf 80' lang='grc' dir='ltr'>ἀσθενείᾳ</span> <span class='ocrx_word' id='word_1_787' title='bbox 3472 4713 3838 4786; x_wconf 80' lang='grc' dir='ltr'>παραλυτικὸν</span> 
     </span>
    </p>
   </div>
   <div class='ocr_carea' id='block_1_100' title="bbox 2257 4803 3834 4890">
    <p class='ocr_par' dir='ltr' id='par_1_100' title="bbox 2257 4803 3834 4890">
     <span class='ocr_line' id='line_1_100' title="bbox 2257 4803 3834 4890; baseline -0.01 -17"><span class='ocrx_word' id='word_1_788' title='bbox 2257 4818 2646 4890; x_wconf 77' lang='grc' dir='ltr'>ἐθεράπευσεν.</span> <span class='ocrx_word' id='word_1_789' title='bbox 2695 4815 2822 4870; x_wconf 70' lang='grc' dir='ltr'><strong>Ἐὰν</strong></span> <span class='ocrx_word' id='word_1_790' title='bbox 2857 4814 2915 4868; x_wconf 83' lang='grc' dir='ltr'>δὲ</span> <span class='ocrx_word' id='word_1_791' title='bbox 2948 4812 3087 4884; x_wconf 82' lang='grc' dir='ltr'>αὑτὴ</span> <span class='ocrx_word' id='word_1_792' title='bbox 3127 4815 3160 4882; x_wconf 82' lang='grc' dir='ltr'>ὴ</span> <span class='ocrx_word' id='word_1_793' title='bbox 3205 4810 3368 4882; x_wconf 83' lang='grc' dir='ltr'>ἑορτὴ</span> <span class='ocrx_word' id='word_1_794' title='bbox 3404 4809 3499 4863; x_wconf 90' lang='grc' dir='ltr'><strong>τοῦ</strong></span> <span class='ocrx_word' id='word_1_795' title='bbox 3523 4809 3715 4878; x_wconf 86' lang='grc' dir='ltr'>Πάσχα</span> <span class='ocrx_word' id='word_1_796' title='bbox 3743 4803 3834 4877; x_wconf 79' lang='grc' dir='ltr'>ἦν,</span> 
     </span>
    </p>
   </div>
   <div class='ocr_carea' id='block_1_101' title="bbox 2255 4895 3837 4978">
    <p class='ocr_par' dir='ltr' id='par_1_101' title="bbox 2255 4895 3837 4978">
     <span class='ocr_line' id='line_1_101' title="bbox 2255 4895 3837 4978; baseline -0.008 -18"><span class='ocrx_word' id='word_1_797' title='bbox 2255 4907 2318 4960; x_wconf 85' lang='grc' dir='ltr'>οὐ</span> <span class='ocrx_word' id='word_1_798' title='bbox 2345 4905 2664 4978; x_wconf 87' lang='grc' dir='ltr'>πρόσκειται</span> <span class='ocrx_word' id='word_1_799' title='bbox 2701 4904 2761 4957; x_wconf 85' lang='grc' dir='ltr'>τὸ</span> <span class='ocrx_word' id='word_1_800' title='bbox 2789 4903 2961 4974; x_wconf 75' lang='grc' dir='ltr'>ὄνομα</span> <span class='ocrx_word' id='word_1_801' title='bbox 3005 4901 3209 4972; x_wconf 82' lang='grc' dir='ltr'>αὐτῆς·</span> <span class='ocrx_word' id='word_1_802' title='bbox 3264 4902 3589 4971; x_wconf 85' lang='grc' dir='ltr'>στενοχωρεῖ</span> <span class='ocrx_word' id='word_1_803' title='bbox 3633 4913 3692 4949; x_wconf 86' lang='grc' dir='ltr'><strong>τε</strong></span> <span class='ocrx_word' id='word_1_804' title='bbox 3723 4895 3837 4966; x_wconf 81' lang='grc'><strong>(57)</strong></span> 
     </span>
    </p>
   </div>
   <div class='ocr_carea' id='block_1_102' title="bbox 2205 4987 3837 5068">
    <p class='ocr_par' dir='ltr' id='par_1_102' title="bbox 2205 4987 3837 5068">
     <span class='ocr_line' id='line_1_102' title="bbox 2205 4987 3837 5068; baseline -0.004 -16"><span class='ocrx_word' id='word_1_805' title='bbox 2205 5024 2209 5028; x_wconf 72' lang='lat'><strong><em>~</em></strong></span> <span class='ocrx_word' id='word_1_806' title='bbox 2259 4997 2322 5052; x_wconf 83' lang='grc' dir='ltr'>τὸ</span> <span class='ocrx_word' id='word_1_807' title='bbox 2354 4996 2644 5052; x_wconf 85' lang='grc' dir='ltr'>ἀκόλουθον</span> <span class='ocrx_word' id='word_1_808' title='bbox 2681 4997 2780 5068; x_wconf 85' lang='grc' dir='ltr'>τῆς</span> <span class='ocrx_word' id='word_1_809' title='bbox 2830 4993 3090 5067; x_wconf 73' lang='grc' dir='ltr'>ἱστορίας,</span> <span class='ocrx_word' id='word_1_810' title='bbox 3136 4987 3230 5047; x_wconf 73' lang='grc' dir='ltr'>καὶ</span> <span class='ocrx_word' id='word_1_811' title='bbox 3273 4993 3508 5065; x_wconf 80' lang='grc' dir='ltr'>μάλιστα</span> <span class='ocrx_word' id='word_1_812' title='bbox 3547 4994 3670 5046; x_wconf 73' lang='grc' dir='ltr'>ἐπεὶ</span> <span class='ocrx_word' id='word_1_813' title='bbox 3719 4993 3837 5064; x_wconf 87' lang='grc' dir='ltr'>μετ’</span> 
     </span>
    </p>
   </div>
   <div class='ocr_carea' id='block_1_103' title="bbox 647 5171 2157 5249">
    <p class='ocr_par' dir='ltr' id='par_1_103' title="bbox 647 5178 2157 5249">
     <span class='ocr_line' id='line_1_103' title="bbox 647 5178 2157 5249; baseline -0.017 -8"><span class='ocrx_word' id='word_1_814' title='bbox 647 5179 1030 5247; x_wconf 82' lang='lat' dir='ltr'><strong>&quot;Joan.n,l.</strong></span> <span class='ocrx_word' id='word_1_815' title='bbox 1089 5179 1135 5211; x_wconf 81' lang='grc'><strong>⁵³</strong></span> <span class='ocrx_word' id='word_1_816' title='bbox 1157 5178 1508 5248; x_wconf 78' lang='lat' dir='ltr'><strong>.Ioan.tu,l.</strong></span> <span class='ocrx_word' id='word_1_817' title='bbox 1576 5180 1626 5214; x_wconf 78' lang='lat'><strong>“</strong></span> <span class='ocrx_word' id='word_1_818' title='bbox 1651 5179 1980 5249; x_wconf 65' lang='lat' dir='ltr'><strong>Joan.iv,|,</strong></span> <span class='ocrx_word' id='word_1_819' title='bbox 2034 5186 2157 5243; x_wconf 65' lang='grc' dir='ltr'>πη)</span> 
     </span>
    </p>
   </div>
   <div class='ocr_carea' id='block_1_104' title="bbox 2255 5171 3834 5249">
    <p class='ocr_par' dir='ltr' id='par_1_104' title="bbox 2260 5171 3834 5245">
     <span class='ocr_line' id='line_1_104' title="bbox 2260 5171 3834 5245; baseline -0.011 -1"><span class='ocrx_word' id='word_1_820' title='bbox 2260 5187 2348 5244; x_wconf 72' lang='lat'><strong>55.</strong></span> <span class='ocrx_word' id='word_1_821' title='bbox 2407 5185 2456 5217; x_wconf 78' lang='lat'>&quot;</span> <span class='ocrx_word' id='word_1_822' title='bbox 2481 5181 2615 5237; x_wconf 90' lang='lat' dir='ltr'><strong>ibid.</strong></span> <span class='ocrx_word' id='word_1_823' title='bbox 2643 5178 2736 5245; x_wconf 76' lang='grc'><strong>45,</strong></span> <span class='ocrx_word' id='word_1_824' title='bbox 2763 5176 2854 5231; x_wconf 73' lang='grc'><strong>45.</strong></span> <span class='ocrx_word' id='word_1_825' title='bbox 2916 5176 2963 5208; x_wconf 82' lang='grc'><strong>⁸⁷</strong></span> <span class='ocrx_word' id='word_1_826' title='bbox 2991 5175 3119 5229; x_wconf 90' lang='lat' dir='ltr'><strong>ibid.</strong></span> <span class='ocrx_word' id='word_1_827' title='bbox 3149 5172 3238 5228; x_wconf 78' lang='lat'><strong>50.</strong></span> <span class='ocrx_word' id='word_1_828' title='bbox 3300 5173 3347 5205; x_wconf 74' lang='lat'><strong>&quot;</strong></span> <span class='ocrx_word' id='word_1_829' title='bbox 3377 5171 3538 5228; x_wconf 80' lang='lat' dir='ltr'><strong>Joan.</strong></span> <span class='ocrx_word' id='word_1_830' title='bbox 3571 5173 3670 5239; x_wconf 79' lang='lat' dir='ltr'><strong>v,l</strong></span> <span class='ocrx_word' id='word_1_831' title='bbox 3713 5185 3834 5241; x_wconf 90' lang='lat' dir='ltr'><strong>seq.</strong></span> 
     </span>
    </p>
   </div>
   <div class='ocr_carea' id='block_1_105' title="bbox 577 5361 2155 5439">
    <p class='ocr_par' dir='ltr' id='par_1_105' title="bbox 577 5361 2155 5439">
     <span class='ocr_line' id='line_1_105' title="bbox 577 5361 2155 5439; baseline 0.001 -17"><span class='ocrx_word' id='word_1_832' title='bbox 577 5364 1191 5439; x_wconf 76' lang='lat' dir='ltr'><strong>oblitterata_codi_cum</strong></span> <span class='ocrx_word' id='word_1_833' title='bbox 1237 5361 1410 5439; x_wconf 80' lang='lat' dir='ltr'><strong>_Regii</strong></span> <span class='ocrx_word' id='word_1_834' title='bbox 1474 5373 1522 5420; x_wconf 86' lang='lat' dir='ltr'><strong>et</strong></span> <span class='ocrx_word' id='word_1_835' title='bbox 1584 5365 1866 5420; x_wconf 86' lang='lat' dir='ltr'><strong>Barberini</strong></span> <span class='ocrx_word' id='word_1_836' title='bbox 1928 5370 2155 5439; x_wconf 66' lang='lat' dir='ltr'><strong>vestigia</strong></span> 
     </span>
    </p>
   </div>
   <div class='ocr_carea' id='block_1_106' title="bbox 579 5433 1407 5506">
    <p class='ocr_par' dir='ltr' id='par_1_106' title="bbox 579 5433 1407 5506">
     <span class='ocr_line' id='line_1_106' title="bbox 579 5433 1407 5506; baseline -0.006 -13"><span class='ocrx_word' id='word_1_837' title='bbox 579 5436 874 5506; x_wconf 66' lang='lat' dir='ltr'><strong>praeferant</strong></span> <span class='ocrx_word' id='word_1_838' title='bbox 897 5434 1018 5506; x_wconf 66' lang='grc' dir='ltr'>ἦτοι</span> <span class='ocrx_word' id='word_1_839' title='bbox 1039 5433 1407 5504; x_wconf 82' lang='grc' dir='ltr'>ἀκηκοῦοντα.</span> 
     </span>
    </p>
   </div>
   <div class='ocr_carea' id='block_1_107' title="bbox 653 5522 2153 5599">
    <p class='ocr_par' dir='ltr' id='par_1_107' title="bbox 653 5522 2153 5599">
     <span class='ocr_line' id='line_1_107' title="bbox 653 5522 2153 5599; baseline 0.002 -19"><span class='ocrx_word' id='word_1_840' title='bbox 653 5525 766 5599; x_wconf 69' lang='grc'><strong>(55)</strong></span> <span class='ocrx_word' id='word_1_841' title='bbox 802 5523 1104 5599; x_wconf 50' lang='grc' dir='ltr'><strong>Ἰωάιξνηςζ</strong></span> <span class='ocrx_word' id='word_1_842' title='bbox 1140 5522 1511 5599; x_wconf 66' lang='lat' dir='ltr'><strong>scribendum</strong></span> <span class='ocrx_word' id='word_1_843' title='bbox 1534 5525 1753 5599; x_wconf 81' lang='lat' dir='ltr'><strong>videtur</strong></span> <span class='ocrx_word' id='word_1_844' title='bbox 1789 5525 1822 5597; x_wconf 80' lang='grc' dir='ltr'>ἦ</span> <span class='ocrx_word' id='word_1_845' title='bbox 1881 5527 2153 5599; x_wconf 79' lang='grc' dir='ltr'>Ἰωάννης.</span> 
     </span>
    </p>
   </div>
   <div class='ocr_carea' id='block_1_108' title="bbox 575 5594 2158 5720">
    <p class='ocr_par' dir='ltr' id='par_1_108' title="bbox 575 5594 2158 5720">
     <span class='ocr_line' id='line_1_108' title="bbox 575 5594 2158 5720; baseline 0.001 -70"><span class='ocrx_word' id='word_1_846' title='bbox 575 5594 707 5720; x_wconf 40' lang='lat' dir='ltr'><strong>glad:</strong></span> <span class='ocrx_word' id='word_1_847' title='bbox 733 5597 787 5651; x_wconf 91' lang='lat' dir='ltr'><strong>in</strong></span> <span class='ocrx_word' id='word_1_848' title='bbox 837 5597 1028 5652; x_wconf 89' lang='lat' dir='ltr'><strong>codice</strong></span> <span class='ocrx_word' id='word_1_849' title='bbox 1069 5594 1365 5651; x_wconf 82' lang='lat' dir='ltr'><strong>Bodleiano</strong></span> <span class='ocrx_word' id='word_1_850' title='bbox 1407 5595 1607 5665; x_wconf 81' lang='lat' dir='ltr'><strong>legitur</strong></span> <span class='ocrx_word' id='word_1_851' title='bbox 1655 5594 1852 5668; x_wconf 83' lang='grc' dir='ltr'>ἀφίησι</span> <span class='ocrx_word' id='word_1_852' title='bbox 1888 5596 1986 5669; x_wconf 76' lang='grc' dir='ltr'>τὴν</span> <span class='ocrx_word' id='word_1_853' title='bbox 2027 5594 2158 5652; x_wconf 75' lang='grc' dir='ltr'>Ἰου-</span> 
     </span>
     <span class='ocr_line' id='line_1_109' title="bbox 669 5684 753 5720; baseline 0.024 -2"><span class='ocrx_word' id='word_1_854' title='bbox 669 5684 753 5720; x_wconf 86' lang='grc' dir='ltr'>αν.</span> 
     </span>
    </p>
   </div>
   <div class='ocr_carea' id='block_1_109' title="bbox 669 5684 753 5720">
    <p class='ocr_par' dir='ltr' id='par_1_109' title="bbox 669 5684 753 5720">
     <span class='ocr_line' id='line_1_110' title="bbox 669 5684 753 5720; baseline 0.024 -2"><span class='ocrx_word' id='word_1_855' title='bbox 669 5684 732 5719; x_wconf 86' lang='grc' dir='ltr'><strong>αν</strong></span> <span class='ocrx_word' id='word_1_856' title='bbox 737 5703 753 5720; x_wconf 74' lang='grc' dir='ltr'>ι</span> 
     </span>
    </p>
   </div>
   <div class='ocr_carea' id='block_1_110' title="bbox 580 5759 2154 5885">
    <p class='ocr_par' dir='ltr' id='par_1_110' title="bbox 580 5759 2154 5885">
     <span class='ocr_line' id='line_1_111' title="bbox 580 5759 2154 5885; baseline 0.002 -70"><span class='ocrx_word' id='word_1_857' title='bbox 580 5759 733 5885; x_wconf 50' lang='grc' dir='ltr'><strong>⁸(ῗῦ</strong></span> <span class='ocrx_word' id='word_1_858' title='bbox 752 5759 922 5817; x_wconf 81' lang='lat' dir='ltr'><strong>Codd.</strong></span> <span class='ocrx_word' id='word_1_859' title='bbox 949 5760 1275 5819; x_wconf 81' lang='lat' dir='ltr'><strong>Bodleianus</strong></span> <span class='ocrx_word' id='word_1_860' title='bbox 1305 5771 1360 5818; x_wconf 79' lang='lat' dir='ltr'><strong>et</strong></span> <span class='ocrx_word' id='word_1_861' title='bbox 1383 5759 1740 5830; x_wconf 88' lang='lat' dir='ltr'><strong>Barberinus,</strong></span> <span class='ocrx_word' id='word_1_862' title='bbox 1767 5761 1888 5837; x_wconf 59' lang='lat' dir='ltr'><strong>an;</strong></span> <span class='ocrx_word' id='word_1_863' title='bbox 1928 5762 2154 5832; x_wconf 79' lang='lat' dir='ltr'><strong>Regius,</strong></span> 
     </span>
    </p>
   </div>
   <div class='ocr_carea' id='block_1_111' title="bbox 2329 5356 3832 5438">
    <p class='ocr_par' dir='ltr' id='par_1_111' title="bbox 2329 5356 3832 5438">
     <span class='ocr_line' id='line_1_112' title="bbox 2329 5356 3832 5438; baseline -0.003 -20"><span class='ocrx_word' id='word_1_864' title='bbox 2329 5365 2440 5438; x_wconf 70' lang='lat'><strong>(55)</strong></span> <span class='ocrx_word' id='word_1_865' title='bbox 2465 5365 2714 5438; x_wconf 70' lang='grc' dir='ltr'>Χρόνον.</span> <span class='ocrx_word' id='word_1_866' title='bbox 2751 5359 2913 5438; x_wconf 52' lang='grc' dir='ltr'>Ποσει</span> <span class='ocrx_word' id='word_1_867' title='bbox 2944 5360 3001 5438; x_wconf 80' lang='lat' dir='ltr'><strong>in</strong></span> <span class='ocrx_word' id='word_1_868' title='bbox 3027 5359 3185 5416; x_wconf 90' lang='lat' dir='ltr'><strong>codd.</strong></span> <span class='ocrx_word' id='word_1_869' title='bbox 3221 5359 3390 5431; x_wconf 81' lang='lat' dir='ltr'><strong>Regio</strong></span> <span class='ocrx_word' id='word_1_870' title='bbox 3421 5369 3476 5414; x_wconf 91' lang='lat' dir='ltr'><strong>et</strong></span> <span class='ocrx_word' id='word_1_871' title='bbox 3508 5356 3832 5424; x_wconf 83' lang='lat' dir='ltr'><strong>Barberino,</strong></span> 
     </span>
    </p>
   </div>
   <div class='ocr_carea' id='block_1_112' title="bbox 2265 5431 3088 5494">
    <p class='ocr_par' dir='ltr' id='par_1_112' title="bbox 2265 5431 3088 5494">
     <span class='ocr_line' id='line_1_113' title="bbox 2265 5431 3088 5494; baseline -0.005 -2"><span class='ocrx_word' id='word_1_872' title='bbox 2265 5431 2360 5494; x_wconf 83' lang='lat' dir='ltr'><strong>sed</strong></span> <span class='ocrx_word' id='word_1_873' title='bbox 2391 5431 2695 5492; x_wconf 85' lang='lat' dir='ltr'><strong>restituitur</strong></span> <span class='ocrx_word' id='word_1_874' title='bbox 2722 5447 2752 5486; x_wconf 91' lang='lat' dir='ltr'><strong>e</strong></span> <span class='ocrx_word' id='word_1_875' title='bbox 2773 5431 3088 5488; x_wconf 85' lang='lat' dir='ltr'><strong>Bodleiano.</strong></span> 
     </span>
    </p>
   </div>
   <div class='ocr_carea' id='block_1_113' title="bbox 2332 5499 3872 5596">
    <p class='ocr_par' dir='ltr' id='par_1_113' title="bbox 2332 5499 3872 5596">
     <span class='ocr_line' id='line_1_114' title="bbox 2332 5499 3872 5596; baseline -0.003 -19"><span class='ocrx_word' id='word_1_876' title='bbox 2332 5523 2760 5596; x_wconf 62' lang='grc' dir='ltr'><strong>(56)]Επιτῶν</strong></span> <span class='ocrx_word' id='word_1_877' title='bbox 2781 5521 2988 5596; x_wconf 59' lang='grc' dir='ltr'><strong>πρόπρ-</strong></span> <span class='ocrx_word' id='word_1_878' title='bbox 3026 5519 3258 5596; x_wconf 50' lang='grc' dir='ltr'>μηνῶιρ</span> <span class='ocrx_word' id='word_1_879' title='bbox 3317 5519 3411 5596; x_wconf 76' lang='lat' dir='ltr'><strong>§ic</strong></span> <span class='ocrx_word' id='word_1_880' title='bbox 3466 5533 3618 5596; x_wconf 73' lang='lat' dir='ltr'><strong>recte</strong></span> <span class='ocrx_word' id='word_1_881' title='bbox 3664 5499 3872 5596; x_wconf 37' lang='lat' dir='ltr'><strong>habet:</strong></span> 
     </span>
    </p>
   </div>
   <div class='ocr_carea' id='block_1_114' title="bbox 2259 5589 3837 5680">
    <p class='ocr_par' dir='ltr' id='par_1_114' title="bbox 2259 5589 3837 5680">
     <span class='ocr_line' id='line_1_115' title="bbox 2259 5589 3837 5680; baseline -0.004 -29"><span class='ocrx_word' id='word_1_882' title='bbox 2259 5589 2437 5680; x_wconf 59' lang='lat' dir='ltr'><strong>rudes</strong></span> <span class='ocrx_word' id='word_1_883' title='bbox 2457 5589 2832 5660; x_wconf 61' lang='lat' dir='ltr'><strong>Bodleianos,</strong></span> <span class='ocrx_word' id='word_1_884' title='bbox 2851 5594 2904 5646; x_wconf 88' lang='lat' dir='ltr'><strong>in</strong></span> <span class='ocrx_word' id='word_1_885' title='bbox 2938 5589 3108 5664; x_wconf 80' lang='lat' dir='ltr'><strong>Regio</strong></span> <span class='ocrx_word' id='word_1_886' title='bbox 3134 5603 3189 5647; x_wconf 87' lang='lat' dir='ltr'><strong>et</strong></span> <span class='ocrx_word' id='word_1_887' title='bbox 3218 5589 3513 5647; x_wconf 87' lang='lat' dir='ltr'><strong>Bodleiano</strong></span> <span class='ocrx_word' id='word_1_888' title='bbox 3546 5591 3700 5646; x_wconf 90' lang='lat' dir='ltr'><strong>deest</strong></span> <span class='ocrx_word' id='word_1_889' title='bbox 3741 5590 3837 5644; x_wconf 72' lang='grc' dir='ltr'>ἐπὶ</span> 
     </span>
    </p>
   </div>
   <div class='ocr_carea' id='block_1_115' title="bbox 2258 5684 3838 5826">
    <p class='ocr_par' dir='ltr' id='par_1_115' title="bbox 2258 5684 3838 5826">
     <span class='ocr_line' id='line_1_116' title="bbox 2258 5684 3838 5826; baseline -0.005 -12"><span class='ocrx_word' id='word_1_890' title='bbox 2258 5684 2446 5826; x_wconf 45' lang='lat' dir='ltr'><strong>ma?)</strong></span> <span class='ocrx_word' id='word_1_891' title='bbox 2477 5756 2647 5812; x_wconf 85' lang='lat' dir='ltr'><strong>Codd.</strong></span> <span class='ocrx_word' id='word_1_892' title='bbox 2679 5754 3002 5809; x_wconf 79' lang='lat' dir='ltr'><strong>Bodleianns</strong></span> <span class='ocrx_word' id='word_1_893' title='bbox 3031 5765 3083 5808; x_wconf 91' lang='lat' dir='ltr'><strong>et</strong></span> <span class='ocrx_word' id='word_1_894' title='bbox 3109 5753 3440 5810; x_wconf 85' lang='lat' dir='ltr'><strong>Barberinus</strong></span> <span class='ocrx_word' id='word_1_895' title='bbox 3459 5797 3473 5823; x_wconf 91' lang='lat'><strong>,</strong></span> <span class='ocrx_word' id='word_1_896' title='bbox 3511 5755 3838 5826; x_wconf 77' lang='grc' dir='ltr'>στενοχωρεὶ</span> 
     </span>
    </p>
   </div>
   <div class='ocr_carea' id='block_1_116' title="bbox 2264 5827 3076 5896">
    <p class='ocr_par' dir='ltr' id='par_1_116' title="bbox 2264 5827 3076 5896">
     <span class='ocr_line' id='line_1_117' title="bbox 2264 5827 3076 5896; baseline -0.002 -12"><span class='ocrx_word' id='word_1_897' title='bbox 2264 5846 2354 5884; x_wconf 68' lang='grc' dir='ltr'>τεο</span> <span class='ocrx_word' id='word_1_898' title='bbox 2386 5828 2610 5896; x_wconf 68' lang='lat' dir='ltr'><strong>Regius,</strong></span> <span class='ocrx_word' id='word_1_899' title='bbox 2644 5827 3076 5895; x_wconf 73' lang='grc' dir='ltr'>πενοχωρεῖται.</span> 
     </span>
    </p>
   </div>
  </div>
