4170 6426
383 355 490 413 469

1443 349 1798 406 COMMENT.
1838 345 2135 406 lN-JOAN.
2173 348 2415 406 TOMUS
2453 348 2590 403 Xlll.

3529 351 3634 406 ιπ

375 471 531 527 ὀλίγα
561 469 900 538 ἐπιφέρεται,
935 467 1017 521 ὅτι
1050 488 1067 518 ί
1109 461 1216 520 ’Ἦν
1242 467 1408 536 ἐγγὺς
1432 469 1464 538 ή
1492 467 1652 537 ἑορτὴ
1683 465 1790 518 τῶν
1831 466 1961 517 Ἰου-

2072 465 2340 532 historia),
2387 476 2444 522 et
2475 467 2709 520 maxime
2736 466 2876 534 quod
2907 472 3027 533 post
3068 479 3234 534 pauca
3260 468 3635 539 subjungitur:

377 565 539 617 δαίων
565 563 600 633 ή
624 560 994 631 Σκηνοπηγία.
1029 579 1048 610 ι

369 644 374 653 ’
448 655 536 709 40.
583 652 802 706 Τούτων
844 652 908 722 δὴ
947 650 1221 705 ἐπιπλεῖον
1275 649 1697 720 ἐξεταζομένων,
1739 650 1962 703 ἀκόλου-

379 748 471 801 θόν
506 749 623 800 ἐστι
645 745 724 816 τῷ
752 743 1046 814 βαθύτερον
1082 743 1338 816 ἐνορῶντι
1374 742 1451 813 τῷ
1485 742 1561 811 νῷ
1591 743 1698 795 τῶν
1729 742 1961 814 Γραφῶν

378 841 562 912 ζητεῖν
590 838 641 890 τί
685 837 819 891 νοῶν
869 840 982 900 τοῖς
1020 836 1287 907 μαθηταῖς
1338 835 1519 904 ἔλεγεν
1552 839 1580 889 6
1627 834 1829 905 Ἰησοῦς
1867 836 1958 888 τό·

384 952 405 984 ‹
431 933 543 1003 Οὑχ
577 932 734 1002 ὑμεῖς
772 931 979 999 λέγετε,
1006 931 1087 983 ὅτι
1117 929 1452 1000 τετράμηνός
1477 930 1614 990 ἐστι,
1641 928 1734 980 καὶ
1765 929 1792 980 6
1821 927 1965 999 θερι-

381 1025 519 1094 σμός
563 1022 816 1094 ἐρχεταις
882 1021 1011 1074 Ἰδοὺ
1070 1020 1216 1088 λέγω
1267 1021 1430 1090 ὑμῖνο
1504 1019 1775 1091 Ἐπάρατε
1840 1019 1965 1082 τοὺς

377 1114 691 1186 ὀφθαλμοὺς
719 1112 894 1184 ὑμῶν,
936 1114 1027 1166 καὶ
1065 1111 1333 1165 θεάσασθε
1361 1111 1460 1174 τὰς
1487 1109 1691 1182 χώρας,
1728 1111 1808 1163 ὅτι
1844 1110 1965 1163 λευ-

381 1204 476 1260 καί
510 1205 615 1258 εἱσι
655 1203 790 1272 πρὸς
838 1201 1097 1272 θερισμὸν
1137 1202 1260 1273 ήδη.
1300 1221 1319 1253 ι
1357 1202 1567 1273 ’Ὠσπερ
1611 1201 1668 1253 δὲ
1703 1201 1964 1272 ἐλέγομεν

379 1293 607 1346 ἐπὶτῶν
633 1293 777 1346 κατὰ
807 1292 906 1363 τὴν
946 1293 1278 1362 Σαμαρεῖτιν
1312 1291 1380 1345 τὰ
1425 1294 1554 1362 περὶ
1601 1291 1710 1345 τῶν
1756 1292 1965 1345 ὑδάτων

379 1382 748 1450 ἐξετάζοντες,
788 1380 931 1434 οὑτω
973 1381 1066 1434 καὶ
1118 1380 1306 1434 ἐνθάδε
1355 1382 1669 1452 ποιήσωμεν
1701 1382 1836 1452 (58).
1870 1383 1968 1445 Τίς

378 1477 492 1548 γάρ
517 1475 616 1529 οὑκ
644 1474 711 1528 ἂν
731 1474 1070 1545 ὁμολογήσαι
1092 1473 1154 1525 τό
1178 1489 1192 1502 ·
1235 1491 1254 1522 ‹
1307 1474 1579 1544 Ἐπάρατε
1607 1475 1734 1537 τοὺς
1771 1473 1968 1541 ὀφθαλ-

381 1567 522 1638 μοὺς
553 1565 730 1637 ὑμῶν,
765 1566 862 1619 καὶ
886 1563 1154 1618 θεάσασθε
1176 1563 1276 1629 τὰς
1305 1564 1508 1638 χώρας,
1537 1567 1617 1620 ὅτι
1643 1567 1834 1621 λευκαί
1861 1569 1966 1620 εἰσι

381 1656 521 1728 πρὸς
555 1655 813 1727 θερισμὸν
845 1655 970 1727 ήδη,
1009 1674 1028 1706 ι
1067 1655 1437 1726 πνευματικὸν
1459 1649 1599 1709 εῖναι
1639 1657 1737 1710 καὶ
1764 1657 1968 1727 γυμνόν

379 1748 652 1819 αἰσθητῶν
691 1746 1056 1818 πνευματικόν
1079 1746 1220 1819 (59);
1324 1748 1612 1802 ἀκόλουθον
1647 1749 1713 1802 ἂν
1739 1748 1823 1820 εἴη
1867 1751 1962 1802 καὶ

376 1841 440 1894 τδ
477 1805 602 1904 τοὺς
656 1805 904 1912 μαθητὰς
944 1805 1126 1908 λέγειν
1170 1805 1314 1910 μετὰ
1368 1840 1707 1912 τετράμηνον
1745 1805 1963 1894 ἔσεσθαι
1995 1805 2037 1859 Β

378 1933 471 1987 τόν
521 1931 780 2004 θερισμόν
828 1930 922 1984 τόν
974 1931 1288 2003 σύγκριτον,
1333 1931 1458 1984 ὅσον
1498 1933 1590 1984 ἐπὶ
1628 1934 1694 2003 τῇ
1740 1931 1965 2003 ὑπονοίᾳ

378 2022 579 2087 αὐτῶν,
623 2025 703 2085 είς
750 2020 842 2076 τόν
885 2020 992 2074 ὑπό
1029 2021 1124 2074 τοῦ
1189 2020 1363 2091 Ἰησοῦ
1419 2020 1770 2091 δεικνύμενον
1814 2020 1963 2092 θερι-

380 2114 516 2185 σμόν
545 2113 675 2185 (60).
713 2113 1026 2185 Νομίζομεν
1064 2109 1158 2166 οὖν
1197 2112 1426 2166 τοιαῦτά
1453 2129 1576 2166 τινα
1621 2111 1760 2167 εἶναι
1794 2115 1852 2165 ἐν
1887 2112 1966 2183 τῷ

376 2205 505 2267 τοὺς
529 2203 777 2274 μαθητὰς
812 2204 1012 2272 λέγειν,
1044 2204 1128 2256 ὅτι
1166 2220 1185 2252 ι
1239 2201 1591 2273 Τετράμηνός
1633 2202 1770 2265 ἐστι,
1818 2201 1911 2254 καὶ
1937 2203 1966 2254 ό

377 2297 637 2373 θερισμός
677 2297 920 2368 ἔρχεται.
968 2315 987 2348 ι
1024 2297 1087 2348 υἱ
1123 2295 1364 2349 πλεῖστοι
1394 2293 1502 2348 τῶν
1538 2293 1632 2347 τοῦ
1657 2294 1830 2363 Λόγου
1867 2312 1967 2364 μα-

378 2390 559 2461 θητῶν
605 2387 910 2453 ἐννοοῦντες
961 2389 1279 2457 δυσέφικτον
1331 2384 1467 2440 εἴναι
1522 2390 1587 2456 τῇ
1650 2386 1966 2460 ἀνθρωπίνῃ

377 2484 540 2556 φύσει
563 2484 663 2556 τὴν
689 2483 964 2553 ἀλήθειαν,
988 2483 1078 2536 ὅτε
1107 2481 1412 2554 διειλήφασι
1446 2484 1574 2552 περὶ
1595 2480 1786 2552 ἑτέρας
1817 2483 1967 2554 παρὰ

374 2577 478 2648 τὴν
514 2577 868 2648 ἐνεστηκυῖαν
912 2574 1054 2645 ζωὴν
1099 2572 1266 2644 ζωῆς,
1304 2573 1710 2645 ἁπαυδήσαντες
1741 2575 1835 2627 ἐπὶ
1871 2573 1964 2628 τοῦ

378 2666 646 2736 παρόντος
681 2665 818 2737 πρὸς
842 2664 902 2717 τό
947 2663 1208 2736 περὶτῶν
1239 2663 1587 2735 ζητουμένων
1625 2667 1797 2732 τέλος,
1835 2670 1967 2722 ὑπο-

375 2757 712 2830 λαμϐάνουσι
743 2757 883 2827 μετὰ
911 2756 1014 2827 τὴν
1041 2756 1178 2827 πρὸς
1204 2756 1273 2808 τὰ
1303 2756 1545 2828 τέσσαρα
1580 2763 1821 2830 στοιχεῖα
1853 2762 1963 2832 (61)

379 2849 736 2918 συγγένειαν,
790 2847 1128 2920 ὑπερϐάντες
1152 2846 1355 2910 ταῦτα,
1412 2848 1818 2921 καταλήψεσθαι
1868 2853 1966 2924 τὴν

376 2942 657 3014 ἀλήθειαν.
691 2943 859 2996 Φασὶν
887 2939 983 2995 οὑν
1012 2940 1155 2995 κατὰ
1183 2939 1280 3011 τὴν
1313 2939 1408 2993 τοῦ
1449 2942 1658 3014 Κυρίου
1694 2946 1878 3018 φωνὴν
1916 2950 1966 3002 οἱ

383 3035 622 3108 μαθηταὶ
652 3037 781 3106 περὶ
808 3034 903 3088 τοῦ
933 3032 1220 3105 θερισμοῦ,
1256 3033 1406 3096 ὅστις
1441 3035 1590 3089 ἐστὶν
1621 3038 1653 3107 ἡ
1689 3039 1966 3096 συντέλεια

377 3129 488 3184 τῶν
513 3127 898 3199 συγκομιστῶν
927 3128 1027 3200 τῆς
1061 3127 1320 3199 άληθείας
1351 3127 1552 3199 ἔργων,
1583 3131 1665 3183 ὅτι
1699 3133 1838 3202 μετὰ
1868 3136 1965 3208 τὴν

378 3224 734 3293 ἐνεστηκυῖαν
753 3221 988 3293 τετράδα
1004 3221 1239 3289 γίνεται.
1288 3221 1362 3273 Τὸ
1380 3221 1436 3274 δὲ
1458 3223 1567 3276 τῶν
1591 3225 1774 3295 μηνῶν
1796 3226 1966 3302 ὄνομα

379 3319 516 3388 πρὸς
535 3314 596 3368 τὸ
617 3314 826 3386 πρέπον
849 3313 927 3384 τῷ
948 3314 1076 3384 περὶ
1099 3312 1193 3366 τοῦ
1219 3311 1480 3384 θερισμοῦ
1505 3315 1648 3386 λόγῳ
1674 3323 1973 3394 σωματικῷ

378 3406 654 3477 εἴληπται.
689 3406 764 3458 Οὑ
792 3405 902 3476 γὰρ
931 3405 1100 3477 ἐχρῆν
1127 3405 1360 3474 φάσκειν
1381 3405 1473 3458 τό⁸
1508 3424 1527 3456 ‹
1559 3407 1670 3478 Οὑχ
1699 3409 1859 3481 ὑμεῖς
1886 3412 1973 3466 λέ-

379 3513 528 3566 γετε,
554 3496 637 3549 ὅτι
660 3495 740 3548 ἔτι
757 3495 870 3567 (62)
887 3495 1153 3566 τέσσαρες
1182 3494 1407 3566 ἡμέραι,
1431 3495 1525 3550 καὶ
1546 3498 1576 3549 6
1604 3496 1864 3570 θερισμὸς
1885 3501 1974 3573 έρ-

378 3602 552 3656 χεται·
582 3605 600 3636 ι
631 3584 688 3655 ἢ,
727 3604 745 3636 ι
775 3586 897 3638 Ἔτι
928 3585 1174 3656 τέσσαρα
1198 3603 1216 3636 ι
1235 3584 1352 3653 ἔτη,
1377 3605 1394 3636 ι
1422 3587 1516 3640 καὶ
1541 3589 1570 3640 6
1597 3587 1854 3660 θερισμὸς
1885 3592 1974 3664 έρ-

379 3691 590 3746 χεται;»
615 3674 851 3746 μάλιστα
877 3674 998 3727 ἐπεὶ
1019 3675 1112 3728 καὶ
1135 3676 1260 3738 τοὺς
1281 3675 1505 3740 πολλοὺς
1535 3680 1628 3731 καὶ
1657 3697 1974 3750 σωματικω-

378 3764 570 3836 τέρους
605 3764 887 3820 λανθάνειν
912 3765 941 3817 6
966 3765 1138 3832 Λόγος
1173 3764 1421 3834 βούλεται
1446 3783 1458 3795 ⁸
1497 3768 1754 3838 κρύπτων
1791 3773 1887 3842 μὲν
1913 3773 1974 3825 τὺ

383 3857 663 3929 μυστικὸν,
691 3856 972 3927 ἐμφαίνων
1017 3855 1074 3909 δὲ
1099 3855 1160 3908 τὸ
1199 3855 1565 3928 ἁπλούστερον
1591 3861 1671 3922 εἰς
1693 3859 1752 3913 τὸ
1783 3865 1973 3931 σαφεῖς

277 3955 286 3962 ’
382 3947 522 4004 εἶναι
547 3948 860 4021 νομίζεσθαι
880 3949 1007 4012 τοὺς
1022 3948 1534 4020 ἁπαγγελλομένους
1550 3951 1656 4004 ὑπὸ
1675 3952 1767 4005 τοῦ
1787 3954 1972 4024 Σωτῆ-

383 4059 476 4113 ρος
489 4039 700 4112 λόγους.
711 4039 785 4095 Ἦ
799 4041 938 4112 τάχα
951 4039 1014 4094 τὸ
1027 4040 1133 4094 τῶν
1153 4041 1408 4114 μαθητῶν
1426 4041 1589 4112 βούλη
1598 4061 1674 4113 μα
1686 4043 1968 4113 λεγόντων-

387 4153 406 4184 (
440 4135 560 4187 Ἐτι
606 4133 946 4205 τετράμηνός
983 4135 1120 4198 ἐστι,
1167 4134 1263 4186 καὶ
1303 4134 1332 4185 6
1377 4133 1636 4204 θερισμὸς
1679 4135 1918 4207 ἔρχεται,
1949 4158 1966 4188 ›

381 4225 621 4280 τοιοῦτόν
651 4227 796 4279 ἐστι’
829 4225 1108 4297 Τέσσαρές
1144 4226 1250 4278 είσι
1284 4228 1511 4297 σφαῖραι
1542 4227 1650 4281 τῶν
1691 4230 1973 4300 τεσσάρων

386 4320 686 4391 στοιχείων,
724 4319 1084 4390 ὑποκείμεναι
1121 4321 1188 4390 τῇ
1235 4318 1461 4390 αἰθερίῳ
1496 4319 1677 4388 φύσει,
1725 4323 1784 4374 ἐν
1820 4323 1975 4393 μέσῳ

387 4417 484 4486 μὲν
514 4417 610 4471 καὶ
636 4415 936 4487 κατωτάτῳ
966 4417 1000 4487 ἡ
1045 4417 1146 4487 τῆς
1174 4416 1278 4486 γῆς
1295 4414 1404 4486 (65)
1424 4431 1438 4444 ·
1474 4414 1605 4486 περὶ
1644 4413 1814 4485 αὑτὴν
1854 4414 1912 4466 δὲ
1939 4416 1973 4483 ἡ

2068 575 2087 607 ι
2113 558 2395 611 Proximus
2415 566 2531 611 crat
2548 556 2664 612 dies
2685 556 2856 612 festus
2871 556 3176 610 Judzcornm
3194 558 3522 631 Scenopegia
3537 563 3603 615 δ’.
3617 582 3634 613 ι

2133 648 2222 704 40.
2269 649 2361 702 llis
2409 650 2572 718 igitur
2609 648 2808 702 diutius
2877 651 3239 714 examinatis,
3299 666 3640 720 consequens

2064 749 2147 794 est
2188 740 2492 810 dispicienti
2553 740 2872 810 profundius
2947 755 3167 796 sensum
3233 742 3640 810 Scripturarmn

2064 849 2347 902 quzerere,
2389 832 2516 902 quid
2560 833 2806 901 cogitans
2846 831 3004 888 Jesus
3067 834 3350 904 discipulis
3409 836 3643 891 dixerit:

2071 944 2091 976 c
2130 923 2318 979 Nonne
2367 939 2463 978 vos
2490 923 2708 988 dicitis,
2755 923 2898 993 quod
2947 924 3125 979 adhuc
3163 934 3398 994 quatuor
3431 942 3646 981 mensos

2066 1025 2212 1076 sunt,
2243 1023 2296 1069 et
2321 1015 2513 1069 messis
2532 1013 2716 1068 venit?
2737 1014 2876 1068 Ecce
2900 1014 3022 1068 dico
3051 1015 3205 1070 vobis
3238 1032 3252 1068 :
3291 1016 3489 1070 Levate
3514 1033 3648 1072 ocu-

2067 1104 2147 1159 los
2173 1113 2419 1169 vestros,
2463 1113 2520 1159 et
2569 1105 2748 1160 videte
2790 1105 3041 1174 regiones
3092 1108 3252 1162 albas.
3293 1107 3546 1178 essejam
3580 1108 3645 1159 ad

2069 1210 2301 1251 messem
2351 1196 2417 1251 °°.
2476 1215 2496 1248 ι
2547 1195 3011 1261 Quemadmodum
3078 1208 3260 1252 autem
3321 1199 3647 1253 dicebamus

2069 1302 2240 1357 aquas
2266 1298 2522 1341 accurate
2553 1290 2936 1346 examinantes
2967 1292 3020 1344 in
3059 1305 3314 1345 sermone
3356 1291 3644 1346 Samariti-

2068 1378 2186 1443 dis,
2216 1378 2288 1432 ita
2316 1378 2424 1433 hoc
2452 1379 2618 1434 etiam
2653 1379 2771 1435 loco
2817 1380 3102 1434 faciemus.
3157 1379 3293 1447 Quis
3340 1381 3486 1434 enim
3536 1379 3647 1448 jam

2070 1487 2177 1526 non
2199 1471 2524 1527 sitfassurus
2551 1472 2753 1526 dictum
2774 1473 2908 1527 hoc:
2939 1490 2959 1524 ‹
2980 1471 3182 1528 Levate
3201 1473 3390 1529 oculos
3415 1483 3647 1540 vestros,

2070 1574 2125 1618 et
2177 1563 2352 1618 ridete
2397 1564 2652 1631 regiones
2695 1563 2850 1618 albas
2881 1579 3006 1620 esse
3075 1563 3190 1634 jam
3220 1566 3287 1621 ad
3323 1582 3590 1634 messem,
3625 1588 3644 1620 ι

2072 1655 2351 1724 spirituale
2378 1668 2499 1709 esse
2534 1655 2845 1725 nudumque
2877 1657 2961 1711 bis
2994 1655 3158 1712 rebus
3182 1671 3303 1727 quae
3335 1672 3494 1713 sensu
3529 1674 3651 1727 per-

2075 1746 2391 1816 cipiuntur?
2447 1746 2534 1799 cui
2561 1760 2902 1816 consequens
2928 1749 3094 1802 etiam
3143 1749 3286 1812 erit,
3338 1751 3417 1804 uti
3467 1750 3654 1806 dicant

2070 1839 2318 1908 discipuli
2366 1847 2490 1908 post
2545 1848 2782 1907 quatuor
2833 1854 3049 1894 menses
3098 1839 3340 1894 futuram
3391 1855 3653 1906 messem,

2072 1946 2212 2000 quae,
2241 1930 2384 2000 quod
2413 1932 2480 1984 ad
2511 1944 2702 1983 eorum
2734 1929 3108 1998 conjecturam
3145 1931 3432 2000 attinebat,
3464 1933 3650 1997 messi,

2072 2041 2194 2093 qua:
2239 2040 2267 2076 a
2302 2022 2429 2078 Jesu
2467 2021 2660 2077 fuisset
2691 2033 2952 2096 ostensa,
3001 2023 3194 2078 similis
3235 2037 3401 2080 esset.
3443 2026 3650 2080 Existi-

2075 2133 2287 2172 mamus
2314 2131 2448 2186 ergo
2473 2115 2526 2168 in
2559 2115 2642 2169 his
2683 2115 3066 2184 discipulorum
3102 2117 3317 2182 verbis,
3355 2121 3652 2187 «quatuor

2074 2223 2288 2263 menses
2313 2216 2477 2270 sunt,
2508 2215 2564 2261 et
2599 2207 2792 2262 messis
2818 2208 3003 2270 venit,
3043 2226 3061 2260 ι
3107 2208 3265 2261 talem
3305 2209 3485 2264 inesse
3527 2224 3650 2264 sen-

2073 2316 2215 2355 sum.
2247 2298 2565 2368 Complures
2591 2296 2984 2368 discipulorum
3014 2296 3203 2363 Verbi,
3232 2299 3649 2356 considerantes

2073 2390 2427 2447 difﬁciliorem
2469 2403 2592 2443 esse
2628 2388 2916 2442 veritatem
2955 2401 3116 2456 quam
3150 2402 3269 2456 quae
3298 2387 3368 2440 ab
3419 2388 3652 2440 humana

2076 2493 2271 2538 natura
2297 2481 2504 2552 percipi
2541 2479 2702 2535 facile
2744 2479 2954 2548 possit,
3000 2494 3123 2534 cum
3177 2481 3557 2534 disseruerunt
3589 2480 3657 2533 de

2072 2592 2137 2632 ea
2161 2577 2275 2630 vita
2309 2589 2429 2645 qua:
2461 2584 2546 2628 est
2571 2573 2739 2628 altera
2770 2587 2801 2625 a
2830 2572 3105 2641 prasenti,
3135 2571 3419 2641 defatigati
3472 2573 3524 2625 in
3559 2588 3656 2642 ap-

2075 2668 2461 2739 prehendendo
2502 2666 2609 2719 fine
2644 2681 2829 2718 earum
2894 2678 3075 2717 rerum
3126 2677 3246 2733 qua:
3293 2665 3344 2717 in
3397 2666 3652 2733 praesenti

2076 2764 2185 2816 vita
2210 2768 2561 2831 quaaruntur,
2591 2759 2879 2812 veritatem
2909 2770 2970 2810 se
2993 2757 3432 2826 apprehensuros
3463 2756 3656 2811 existi-3

2075 2864 2242 2919 mant,
2278 2869 2400 2909 cum
2453 2862 2687 2923 quatuor
2713 2849 2981 2905 elementa
3027 2849 3486 2912 transcenderint,
3529 2865 3654 2903 cum

2074 2945 2272 3016 quibus
2299 2945 2685 3015 cognationem
2733 2942 2960 2996 habent.
3003 2940 3240 2995 Proinde
3273 2940 3462 2994 dicunt
3490 2939 3656 2994 disci-

2073 3042 2224 3112 puli,
2285 3054 2542 3103 messem,
2567 3053 2710 3107 quae,
2733 3037 2887 3106 juxta
2921 3035 3135 3090 Domini
3167 3049 3377 3102 vocem,
3405 3044 3489 3090 est
3528 3049 3658 3090 con-

2001 3169 2044 3226 c
2077 3133 2368 3190 summatio
2399 3131 2780 3186 collatitiorum
2812 3129 3055 3184 veritatis
3089 3143 3347 3198 operum,
3381 3127 3496 3183 fieri
3538 3136 3660 3198 post

2076 3230 2370 3282 instantem
2420 3225 2864 3294 quaternitatem.
2918 3223 3086 3277 Porro
3139 3222 3404 3278 mensium
3458 3235 3655 3275 nomen

2074 3319 2462 3375 convenienter
2504 3318 2742 3373 sermoni
2775 3330 3041 3384 corporeo
3077 3315 3144 3370 de
3171 3329 3349 3368 messe
3376 3324 3653 3382 sumptum

2073 3423 2174 3468 est.
2219 3413 2329 3468 Nec
2361 3412 2506 3468 enim
2537 3412 2718 3467 dicere
2739 3408 3063 3479 oportebat:
3114 3425 3132 3460 ι
3177 3405 3366 3461 Nonne
3395 3421 3490 3460 vos
3519 3407 3654 3460 dici-
3737 3391 3742 3396 ’

2077 3509 2145 3562 tis
2173 3505 2316 3576 quod
2344 3506 2522 3559 adhuc
2560 3512 2794 3574 quatuor
2838 3503 2958 3557 dies
3011 3509 3172 3567 sunt,
3217 3509 3272 3554 et
3313 3500 3504 3554 messis
3557 3515 3654 3554 ve—

2077 3601 2186 3653 nit:
2216 3618 2235 3650 »
2261 3597 2399 3662 vel,«
2423 3597 2616 3651 Adhuc
2639 3605 2873 3666 quatuor
2893 3613 2913 3647 ι
2937 3595 3178 3661 anui,«et
3200 3595 3393 3648 messis
3419 3593 3607 3647 venit?
3631 3612 3662 3644 »-

2075 3689 2233 3759 251
2273 3689 2438 3759 idque
2471 3686 2841 3756 potissimum,
2864 3686 3120 3756 quoniam
3143 3685 3336 3741 Sermo
3363 3684 3536 3738 Filius
3558 3685 3666 3739 Dei-

2075 3783 2297 3852 vulgum
2337 3789 2392 3835 et
2439 3778 2661 3849 corpori
2699 3777 2914 3832 deditos
2959 3776 3091 3830 velit
3131 3775 3323 3841 latere,
3360 3776 3666 3846 mysticum

2075 3874 2294 3944 quidem
2326 3873 2534 3936 celans,
2569 3871 2623 3926 id
2660 3883 2789 3924 vero
2817 3869 2964 3938 quod
2995 3868 3298 3938 simplicius
3327 3877 3432 3932 est,
3464 3877 3651 3923 osteno

2075 3967 2232 4030 dens,
2257 3973 2317 4018 ut
2343 3963 2518 4033 aperti
2561 3975 2684 4016 esse
2726 3961 3118 4016 existimentur
3147 3975 3425 4016 sermones
3461 3975 3490 4012 a
3524 3960 3653 4016 Ser-

2077 4053 2268 4110 vatore‘
2295 4054 2508 4124 prolati.
2551 4051 2645 4107 Vel
2672 4052 2922 4108 fortassis
2950 4052 3341 4121 discipulorum
3379 4051 3646 4117 voluntas,

2077 4147 2368 4203 dicentium
2392 4163 2405 4198 :
2437 4163 2455 4196 ‹
2490 4144 2683 4209 Adhuc
2703 4151 2832 4199 sunt
2859 4151 3092 4212 quatuor
3112 4157 3347 4207 menses,
3383 4152 3438 4197 et
3461 4145 3650 4198 messis

2079 4241 2246 4302 venit,
2275 4259 2294 4292 ι
2324 4237 2445 4293 talis
2465 4247 2581 4293 est:
2615 4238 2861 4306 Quatuor
2885 4250 3014 4292 sunt
3041 4237 3268 4307 sphaerae
3283 4246 3520 4306 quatuor
3542 4237 3654 4292 ele-

2078 4323 2405 4396 mentorum,
2445 4346 2564 4400 qua:
2611 4331 2866 4402 subjectae
2911 4339 3040 4385 sunt
3083 4341 3288 4384 natura:
3319 4328 3563 4394 caelesti;
3599 4330 3651 4382 in

2077 4422 2252 4477 medio
2276 4423 2496 4492 quidem
2527 4431 2582 4476 et
2609 4423 2848 4476 maxime
2877 4420 3093 4476 inferne
3113 4422 3324 4489 sphaera
3349 4428 3432 4475 est
3456 4431 3612 4475 terra:
3637 4437 3654 4472 :

381 4508 476 4562 τοῦ
525 4508 748 4572 ὓδατος·
797 4509 894 4563 καλ⁵
932 4507 1093 4581 τρίτη
1125 4509 1159 4578 ή
1203 4505 1298 4560 τοῦ
1344 4505 1537 4578 ἀέρος’
1575 4505 1808 4576 τετάρτη
1844 4504 1902 4558 δὲ
1936 4507 1969 4576 ή

2078 4515 2222 4569 circa
2257 4514 2398 4568 hanc
2418 4523 2502 4568 est
2536 4514 2746 4582 sphaera
2784 4528 2940 4582 aquae
2970 4531 2982 4566 :
3016 4513 3174 4566 tertia
3197 4522 3282 4567 est
3303 4513 3656 4581 aeris,quaro

383 4599 478 4654 τοῦ
503 4601 696 4672 πυρός’
730 4601 850 4672 μεθ’
877 4602 943 4673 ήν
970 4601 1004 4671 ἡ
1027 4599 1128 4670 τῆς
1158 4599 1408 4672 σελήνης,
1438 4597 1664 4652 καὶτῶν
1694 4597 1841 4669 ἑξῆς.
1861 4599 1972 4651 Καὶ

384 4693 768 4766 ἐπιστήσωμεν
832 4694 1042 4765 μήποτε
1096 4692 1575 4764 ὑπολαμϐάνουσιν
1623 4693 1672 4745 οἱ
1730 4691 1972 4762 μαθηταὶ

384 4788 525 4858 πρὸς
573 4787 634 4842 τὸ
671 4786 782 4859 (64)
831 4785 1194 4858 καθαρωτέρα
1247 4786 1403 4838 οὐσία
1455 4785 1783 4855 γενομένους
1842 4785 1972 4847 τοὺς

385 4878 636 4933 ἐντεῦθεν
661 4879 1212 4952 παρεσκευασμένους
1232 4875 1639 4948 καταλήψεσθαι
1665 4875 1728 4928 τὸ
1751 4874 1970 4946 ἀληθὲς,

385 4972 512 5026 ὅταν
539 4973 634 5027 καὶ
659 4972 758 5044 τὴν
800 4973 896 5026 τοῦ
928 4971 1098 5043 πυρός
1126 4988 1210 5034 τις
1241 4970 1465 5024 δύναται
1513 4971 1750 5038 σφαῖραν
1784 4967 1973 5038 διαϐῆ-

458 5115 506 5148 ⁸⁹
530 5113 692 5170 Joan.
713 5130 814 5180 vtt,
847 5114 904 5167 2.
979 5114 1024 5146 ³ο
1052 5113 1209 5169 Joan.
1249 5129 1322 5178 Iv,
1358 5113 1446 5167 55.

483 5278 572 5351 58)
594 5279 776 5334 Codex
810 5279 1156 5344 Bodleianus,
1181 5283 1502 5351 ποιήσομεν.

485 5349 1030 5420 59)(1νευματικόν.
1061 5354 1221 5404 Deest
1247 5349 1308 5404 in
1327 5349 1512 5404 codice
1544 5349 1857 5420 Bodleiano.

486 5418 577 5490 60)
600 5418 776 5475 Codd.
813 5420 1025 5490 Regius
1047 5431 1101 5474 et
1128 5421 1489 5483 Barberinns,
1511 5420 1614 5490 ,τὸν
1653 5419 1967 5490 σὺγκριτον,

387 5490 514 5561 ὅσον
560 5489 661 5561 ἐπ).
720 5492 786 5561 τῇ
839 5489 1086 5561 ἀπονοίᾳᾷ
1118 5490 1323 5555 αὑτῶν,
1375 5490 1454 5561 τῷ
1497 5489 1752 5561 ὑπὸίτοῦ
1794 5489 1970 5560 Ἰησοῦ

389 5507 514 5542 οσον
565 5507 661 5542 επι
761 5547 769 5560 ⁸
839 5507 1069 5560 απονοιᾳ
1118 5507 1323 5555 αυτων,
1375 5507 1454 5561 τῳ
1497 5507 1602 5542 υπο
1656 5507 1752 5544 του
1800 5507 1970 5560 ἰησου

388 5507 1026 5631 δεικνυμένῳτὲερισμῷ.
1066 5559 1167 5614 Sed
1193 5561 1537 5631 Bodleianus,
1570 5560 1678 5613 τῶν
1713 5578 1974 5630 συγκομι-

393 5629 558 5695 στῶν,
585 5629 715 5683 ὅσον
750 5629 844 5683 ἐπὶ
868 5632 935 5700 τῇ
966 5631 1192 5700 ὑπονοίᾳ
1215 5630 1413 5694 αὑτῶν,
1452 5632 1531 5692 είς
1574 5631 1664 5682 τόν
1717 5633 1819 5685 ὑπὸ
1880 5629 1974 5683 τοῦ

405 5700 580 5772 Ἰησοῦ
609 5701 958 5772 δεικνύμενον
992 5700 1268 5772 θερισμόν.

469 5767 582 5839 (tit)
613 5767 1171 5840 Codex'Bodleiauus',
1211 5772 1483 5840 στοιχεῖα·
1515 5767 1717 5840 Regius
1747 5781 1802 5827 et
1851 5771 1978 5826 Bar-

395 5838 644 5910 berlnus,
676 5839 784 5896 τῶν
811 5841 1104 5911 στοιχείων.
1329 5838 1356 5840 ⁷⁷
1603 5838 1622 5840 ⁷
1664 5843 1670 5864 ‘

2075 4615 2128 4660 ta
2181 4605 2343 4677 ignis,
2390 4615 2511 4674 post
2549 4621 2706 4675 quam
2755 4607 2969 4675 sphaera
3017 4603 3158 4659 luna:
3211 4615 3266 4658 et
3309 4615 3656 4660 ceterarum.

2077 4695 2338 4750 Notemus
2383 4697 2572 4762 etiam,
2607 4711 2676 4751 ne
2725 4696 2868 4752 forte
2901 4697 3153 4765 discipuli
3193 4696 3530 4759 existiment,
3562 4711 3659 4751 eos

2076 4789 2360 4843 veritatem
2397 4797 2770 4859 percepturos,
2791 4789 2884 4859 qui
2917 4790 3046 4844 hinc
3082 4789 3336 4844 instructi
3386 4789 3656 4843 discesse-

2074 4879 2206 4941 rint,
2267 4889 2323 4935 et
2368 4895 2536 4951 prope
2594 4882 2871 4950 puriorem
2923 4881 3221 4936 essentiam
3272 4879 3656 4950 pervenerint,

2075 4974 2293 5041 quando
2345 4975 2516 5044 possit
2560 4975 2706 5044 'quis
2762 4990 2868 5028 non
2933 4983 3218 5042 corruptus
3259 4981 3482 5043 peccato
3516 4972 3660 5039 ignis

2148 5282 2260 5351 (62)
2288 5283 2521 5337 Codices
2547 5279 2869 5335 Bodleianus
2889 5287 2943 5334 et
2971 5276 3277 5340 Barberin.,
3335 5274 3417 5326 ὅτι
3450 5271 3562 5326 ἔτι·
3597 5272 3658 5326 in

2078 5353 2559 5423 Regtodeestfict.
2754 5420 2784 5423 _
3125 5418 3140 5423 _
3201 5417 3211 5423 _
3339 5417 3352 5423 _
3433 5414 3457 5423 _
3565 5413 3590 5423 _

2151 5414 2264 5491 (65)
2309 5423 2478 5477 Recte
2534 5423 2705 5475 codex
2753 5419 3078 5473 Bodleianus
3125 5417 3288 5470 habet
3329 5417 3362 5484 ἡ
3397 5414 3495 5484 τῆς
3527 5414 3653 5481 γῆς,

2082 5490 2285 5564 Regius
2323 5505 2378 5564 et
2403 5492 2736 5564 Barberinus
2771 5490 3030 5564 omittunt
3058 5491 3116 5564 ‘1]:
3181 5554 3213 5564 _
3507 5552 3520 5564 _
3571 5552 3622 5564 .-

2157 5552 2272 5632 (64)
2309 5563 2490 5634 Codex
2516 5562 2860 5634 Bodleianus,
2886 5559 3021 5634 πρὸς
3174 5554 3444 5608 C2eterum
3467 5552 3540 5634 ab
3571 5552 3656 5634 bis

2088 5626 2271 5688 verbis
2325 5633 2462 5702 πρὸς
2508 5633 2569 5685 τὸ
2615 5626 3160 5702 καθαρωτέρακθιρη
3196 5637 3366 5702 usque
3412 5626 3652 5702 adista.

2089 5705 2292 5774 ταύτην
2314 5693 2380 5755 δὲ’
2402 5693 2498 5774 τήν
2517 5693 2804 5770 ὑπόληψιν,
2834 5693 2964 5758 cte.,
2997 5699 3182 5774 Cra-ca
3213 5693 3656 5774 Olllll‘l'l'lodilllala

2089 5763 2363 5841 sunt,'ncc
2395 5763 2561 5828 ullum
2587 5788 2653 5828 ex
2676 5763 2750 5824 iis
2781 5785 3000 5825 sensum
3028 5763 3300 5835 cxpiscari
3332 5763 3480 5819 licet.
