4170 6414
505 343 600 397 ΠΙ

1947 319 2271 380 οιιιῡωιε

3659 316 3763 371 ιη

506 465 670 516 etiam
695 461 961 532 sphaeram
989 454 1241 519 transire,
1270 467 1391 523 qua:
1425 451 1644 522 quidem
1689 448 1831 519 ignis
1867 446 2077 516 sphaera

2181 458 2267 496 ναι
2298 439 2432 511 (65),
2482 439 2558 511 μὴ
2599 437 2971 510 καταφθαρεὶς
3013 436 3118 490 ὑπὸ
3156 435 3256 506 τῆς
3302 433 3599 507 ἁμαρτίας,
3637 433 3761 503 ητις

508 556 735 608 materia
767 561 854 609 est
883 550 1125 606 universi
1171 549 1391 603 in.......
1422 545 1573 600 lianc
1615 542 1947 611 opinionem,
1980 554 2079 593 ceu

511 660 617 698 non
656 658 870 704 sanam,
923 641 1260 709 redarguens
1295 634 1533 691 Verbum
1583 647 1714 687 caro
1758 630 1987 691 factum,
2012 628 2079 682 ad

505 752 602 792 eos
630 736 724 808 qui
760 735 886 790 talia
937 735 1168 789 credunt
1210 732 1432 800 inquit:
1474 749 1493 781 ι
1518 727 1709 782 Nonne
1754 740 1850 779 vos
1899 722 2082 777 dicitis

503 830 649 896 quod
677 835 915 897 quatuor
957 839 1173 879 menses
1212 830 1362 886 sunt,
1398 830 1455 877 et
1494 820 1688 876 messis
1721 815 1909 873 venit?
1941 816 2082 870 Ecce

504 924 628 980 dico
653 919 843 974 vobis:
875 917 1078 975 Levate
1102 918 1293 973 oculos
1327 927 1561 983 vestros,
1592 923 1648 970 et
1679 913 1859 969 videte
1899 912 2076 980 regio-

506 1032 607 1072 nes
635 1017 748 1087 jam
794 1014 946 1069 albas
988 1027 1112 1068 esse
1140 1012 1207 1064 ad
1232 1021 1489 1065 messem.
1530 1027 1550 1060 ι
1611 1005 1824 1062 Etenim
1872 1005 2081 1058 incom-

502 1107 871 1178 preliensibile
907 1105 1063 1160 nobis
1092 1104 1312 1159 videtur
1343 1116 1468 1157 eum
1497 1101 1565 1155 de
1590 1114 1697 1154 una
1718 1112 1891 1153 messe
1910 1098 1963 1149 in
1995 1094 2080 1148 his

502 1199 760 1254 munibus
794 1197 1088 1259 disserere,
1116 1193 1553 1265 quandoquidem
1584 1190 1856 1246 sententia
1888 1202 2077 1245 eorum

503 1295 594 1363 qui
623 1291 929 1361 simplicius
973 1296 1279 1358 exponunt,
1307 1300 1437 1340 vera
1462 1283 1749 1352 loquentes
1779 1276 2079 1346 discipulos

499 1387 751 1458 oltjurgat
784 1384 1069 1446 Dominus,
1098 1381 1505 1439 existimantes,
1542 1384 1603 1429 ut
1633 1373 1690 1430 bi
1722 1380 1933 1443 putant,
1955 1379 2079 1438 post

500 1490 754 1549 quartum
781 1492 1022 1532 mensem
1051 1485 1333 1531 venturam
1362 1485 1614 1533 messem,
1647 1482 1810 1538 quam
1841 1465 1895 1520 in
1918 1479 2076 1534 supe-

501 1574 741 1629 rioribus
800 1569 1185 1649 proposuimus
1245 1582 1350 1620 non
1404 1563 1695 1619 admodum
1749 1574 1911 1630 posse
1958 1567 2079 1628 post

500 1674 756 1733 quartum
789 1675 1032 1715 mensem
1063 1658 1382 1712 consistere.
1409 1654 1663 1722 Alioquin
1688 1650 2075 1719 discipulorum

2182 538 2331 590 ἐστὶν
2376 535 2475 609 ὕλη
2518 534 2613 589 τοῦ
2644 534 2846 598 παντὸς
2889 536 2947 587 ὲν
2977 534 3089 599 τοῖς
3121 531 3226 603 πρὸ
3264 531 3453 602 τῆς....
3489 528 3759 599 αἰθερίους

2179 629 2444 692 τόπους...
2489 628 2726 699 χωρίοις.
2774 625 2990 697 Ταύτην
3019 624 3080 677 δὲ
3108 624 3207 695 τὴν
3253 620 3519 693 ὑπόληψιν
3556 620 3762 689 διελέγ-

2181 736 2291 790 χων
2318 719 2394 783 ὡς
2423 719 2536 789 οὐχ.
2549 719 2678 790 ὑγιῆ
2711 735 2875 789 φησιν
2903 718 2943 769 ό·
2961 714 3253 786 γενόμενος
3287 712 3425 784 σὰρξ
3454 712 3625 780 Λόγος
3647 712 3759 774 τοῖς

2180 810 2350 864 ταῦτα
2381 809 2659 881 νομίζουσι
2687 807 2748 864 τό
2768 825 2781 838 ⁸
2822 828 2841 861 ι
2869 809 2982 877 Οὐχ
3010 807 3167 877 ὑμεῖς
3208 802 3419 873 λέγετε,
3448 803 3530 856 ὅτι
3561 798 3730 872 τετρά

2183 903 2351 974 μηνός
2383 903 2521 968 ἐστι,
2549 901 2644 955 καὶ
2664 902 2693 954 ὁ
2718 899 2975 973 θερισμὸς
3004 899 3258 972 ἔρχεταις
3291 897 3399 951 ίδοὺ
3430 894 3574 964 λέγω
3604 890 3755 964 ὑμῖνο

2193 996 2465 1066 Ἐπάρατε
2488 994 2613 1057 τοὺς
2639 990 2955 1063 ὀφθαλμοὺς
2998 990 3174 1063 ὑμῶν,
3215 989 3313 1044 καὶ
3352 982 3621 1041 θεάσασθε
3658 982 3760 1048 τὰς

2180 1088 2385 1159 χώρας,
2408 1087 2490 1140 ὅτι
2517 1085 2707 1140 λευκαί
2737 1085 2843 1139 είσι
2873 1083 3008 1153 πρὸς
3039 1082 3298 1156 θερισμὸν
3326 1077 3449 1153 ήδη.
3477 1098 3496 1130 ι
3521 1077 3630 1131 Kal
3649 1076 3758 1148 γὰρ

2178 1179 2490 1248 ἀδιανόητον
2539 1178 2671 1248 ἡμῖν
2716 1175 2965 1245 φαίνεται
3020 1174 3148 1247 περὶ
3205 1172 3322 1236 ἐνὸς
3338 1170 3451 1242 (66)
3486 1170 3648 1224 αὑτὸν
3695 1169 3758 1222 ὲν

2177 1268 2386 1332 τούτοις
2417 1269 2551 1321 πᾶσι
2582 1267 2967 1339 διαλαμϐάνειν
3010 1264 3295 1338 θερισμοῦ,
3331 1263 3561 1334 ἐπείπερ
3613 1258 3757 1315 κατὰ

2176 1360 2302 1421 τοὺς
2359 1357 2722 1430 ἁπλούστερον
2770 1356 3154 1428 ἐκδεχομένους
3234 1354 3430 1425 ἀληθὲς
3503 1352 3755 1421 λέγουσιν

2178 1445 2470 1515 ἐπιπλῆξαι
2524 1448 2962 1520 τοῖς.μαθηταῖς
3012 1447 3342 1519 νομίζουσιν,
3388 1446 3464 1509 ὡς
3514 1446 3752 1507 οἴονται,

2181 1541 2320 1612 μετὰ
2355 1542 2694 1613 τετράμηνον
2734 1540 2988 1613 ἔρχεσθαι
3032 1540 3123 1593 τὸν
3166 1538 3446 1610 θερισμὸν,
3479 1538 3667 1591 ὅντινα
3696 1538 3756 1590 ὲν

2177 1638 2289 1698 τοῖς
2317 1635 2422 1705 πρὸ
2454 1634 2661 1688 τούτων
2692 1636 3119 1706 παρεστήσαμεν
3147 1633 3223 1703 μὴ
3251 1633 3392 1686 πάνυ
3417 1649 3470 1684 τι
3498 1628 3757 1684 δύνασθαι

499 1721 662 1808 etiam
714 1754 1022 1822 opinionem
1072 1750 1186 1804 fere
1221 1721 1794 1814 corrigenspinquit:
1839 1739 2074 1796 «Nonne

2184 1726 2320 1797 μετᾶ
2345 1727 2683 1798 τετράμηνον
2721 1724 3107 1796 ἐνστήσεσθαι·
3146 1722 3319 1786 ἄλλως
3358 1739 3419 1775 τε
3457 1722 3553 1776 καὶ
3595 1721 3759 1774 οἱονεὶ

500 1861 597 1899 vos
627 1864 647 1896 ι
680 1789 916 1913 quidem.
949 1843 1053 1895 hoc
1083 1858 1102 1891 ι
1135 1789 1401 1893 dicitisi:
1436 1789 1783 1903 At'ego‘boc
1818 1832 1965 1887 dico.
1989 1831 2070 1884 Ad

2182 1789 2284 1889 τὴν
2308 1818 2422 1889 (67)
2444 1789 2712 1871 ’ὑπόνοιαν
2749 1789 2882 1869 τῶν.
2910 1814 3169 1886 μαθητῶν
3211 1813 3588 1886 διορθούμενός
3625 1830 3759 1883 φησι

498 1940 616 1993 lucc
635 1936 911 2007 quomodo
940 1933 1234 1988 absurdum
1260 1946 1365 1985 non
1389 1939 1474 1984 est
1501 1926 1791 1998 allegorice
1816 1924 1991 1996 palam
2017 1924 2072 1976 in

498 2029 751 2083 omnibus
778 2027 1056 2096 explicare
1087 2024 1192 2079 hoc
1221 2023 1423 2077 dictum
1448 2037 1463 2074 :
1498 2039 1518 2071 ι
1545 2018 1746 2073 Levate
1772 2016 1958 2072 oculos
1981 2032 2075 2070 ve-

497 2132 675 2184 stros;
704 2136 725 2167 ι
763 2125 821 2171 et
850 2115 954 2170 hoc
986 2137 998 2169 :
1038 2131 1059 2164 ι
1097 2113 1289 2167 Videte
1322 2111 1575 2180 regiones
1606 2107 1720 2174 jam
1763 2105 1918 2161 albas
1953 2121 2076 2159 esse

498 2211 567 2264 ad
609 2222 881 2272 messem;
912 2225 934 2258 ι
970 2207 1022 2260 in
1067 2219 1134 2260 eo
1162 2218 1295 2259 veru
1334 2202 1481 2270 quod
1531 2209 1657 2255 mite
1698 2199 1801 2253 boc
1831 2198 2069 2265 positum

496 2309 602 2365 est,
636 2312 866 2368 nempe:
912 2315 933 2349 ι
959 2293 1150 2349 Nonne
1177 2308 1276 2348 vos
1324 2292 1505 2346 dicitis
1548 2290 1696 2360 quod
1731 2290 1907 2344 adhuc
1932 2302 2041 2357 qua
2063 2316 2075 2327 -

501 2403 628 2445 tuor
652 2401 869 2444 menses
887 2395 1037 2450 sunt,
1065 2395 1121 2442 et
1144 2385 1338 2440 messis
1359 2383 1527 2448 venit,
1551 2402 1569 2432 ι
1600 2382 1740 2436 idem
1766 2379 2074 2436 faciendum

497 2496 606 2537 non
633 2479 897 2537 censere?

567 2657 663 2712 41.
698 2657 952 2711 Attamen
1007 2652 1330 2717 Heracleon,
1368 2666 1474 2706 non
1507 2664 1669 2706 secus
1701 2660 1866 2720 atque
1893 2648 2071 2712 multi,

497 2749 698 2806 littore
749 2748 978 2811 assidet,
1039 2756 1189 2801 ratus
1255 2759 1377 2800 eam
1437 2743 1795 2813 anagogicum
1854 2756 2073 2796 sensum

503 2857 610 2896 nou
656 2841 920 2911 recipere.
976 2838 1155 2910 loquit
1187 2854 1321 2909 ergo
1355 2836 1539 2893 Iesum
1597 2835 1745 2904 loqui
1789 2834 1857 2889 de
1898 2847 2077 2888 messe

506 2949 696 2990 eorum
742 2932 835 3002 qui
889 2940 1241 3002 generantur,
1275 2930 1503 2999 perinde
1530 2930 1685 2998 quasi
1730 2928 1845 2982 btec
1881 2925 2075 2981 messis

501 3026 740 3096 spatium
762 3033 1000 3094 quatuor
1028 3024 1204 3078 adhuc
1238 3022 1506 3078 mensium
1528 3019 1952 3075 determinatum
1978 3018 2076 3071 ita-

2179 1910 2267 1963 τό’
2307 1929 2324 1960 ι
2355 1910 2466 1979 Οὐχ
2497 1910 2653 1979 ὑμεῖς
2674 1928 2691 1958 ι
2739 1908 2837 1979 μὲν
2883 1906 3000 1961 τόδε
3053 1925 3071 1957 ι
3097 1905 3287 1974 λέγετε
3310 1921 3325 1969 ;
3351 1924 3369 1956 ι
3408 1902 3518 1972 ἐγὼ
3555 1903 3612 1957 δὲ
3637 1903 3759 1957 τόδε

2182 1998 2344 2070 φημί.
2378 1998 2523 2069 Πρὸς
2550 1999 2757 2061 τούτοις
2792 1996 2910 2060 πῶς
2940 1996 3042 2049 οὐκ
3061 1996 3259 2049 ἄτοπον
3287 1992 3350 2047 τὸ
3382 1994 3481 2065 μέν
3499 2011 3513 2025 ⁸
3548 2013 3566 2045 ι
3587 1993 3760 2049 Ἐπά-

2183 2107 2314 2160 ρατε
2339 2092 2465 2153 τοὺς
2491 2088 2803 2160 ὀφθαλμοὺς
2830 2089 3006 2159 ὑμῶν,
3029 2108 3048 2140 r
3074 2087 3216 2141 κατὰ
3250 2087 3428 2141 πάντα
3452 2085 3761 2157 ἀλληγορῆ-

2184 2198 2273 2234 σαι
2301 2180 2507 2248 σαφῶς,
2541 2180 2639 2233 καὶ
2681 2180 2770 2232 τό’
2808 2198 2826 2230 ι
2853 2177 3131 2231 Θεάσασθε
3162 2176 3262 2240 τὰς
3292 2174 3495 2247 χώρας,
3527 2175 3609 2227 ὅτι
3639 2173 3759 2226 λευ-

2182 2272 2274 2325 καί
2292 2272 2400 2324 εἰσι
2423 2271 2557 2341 πρὸς
2583 2268 2841 2340 θερισμὸν
2866 2270 2969 2340 ηδη
2989 2286 3002 2299 ⁸
3031 2288 3051 2321 ι
3075 2268 3136 2322 τὸ
3163 2268 3220 2321 δὲ
3250 2267 3354 2339 πρὸ
3387 2265 3576 2319 τούτου
3604 2266 3758 2337 ἐρχό-

2184 2380 2342 2435 μενον
2369 2360 2527 2415 τοῦτο
2548 2360 2680 2433 (68)·
2720 2380 2739 2412 ι
2768 2360 2880 2431 Οὐχ
2916 2361 3075 2431 ὑμεῖς
3117 2359 3325 2427 λέγετε,
3350 2358 3433 2411 ὅτι
3460 2355 3540 2410 ἔτι
3566 2355 3760 2426 τετρά-

2183 2453 2350 2525 μηνός
2383 2454 2520 2517 ὲστι,
2549 2453 2645 2506 καὶ
2668 2452 2698 2505 ό
2715 2450 2973 2527 θερισμὸς
2989 2448 3260 2525 ἔρχεται,›
3283 2449 3360 2522 μὴ
3384 2448 3759 2521 άλληγορικῶς

2180 2546 2430 2600 ἐκλαϐεῖν
2450 2561 2466 2612 ;

2252 2660 2339 2716 41.
2376 2659 2487 2714 Καὶ
2525 2659 2556 2712 ὁ
2602 2656 2914 2730 Ἡρακλέων
2958 2657 3209 2727 μέντοιγε
3250 2655 3453 2727 ὁμοίως
3484 2656 3596 2719 τοῖς
3631 2655 3740 2707 πολ-

2180 2753 2290 2817 λοῖς
2319 2752 2411 2805 ἐπὶ
2438 2752 2537 2823 τῆς
2580 2747 2781 2815 λέξεως
2811 2749 3015 2819 ἔμεινε,
3052 2749 3128 2819 μὴ
3157 2749 3403 2818 οἰόμενος
3433 2745 3601 2816 αὐτὴν
3629 2745 3761 2798 άνάο

2180 2842 2395 2913 γεσθαι.
2428 2842 2569 2913 Φησὶ
2612 2841 2777 2910 γοῦν,
2825 2841 2908 2894 ὅτι
2951 2839 3047 2892 τὸν
3079 2839 3188 2892 τῶν
3217 2838 3574 2909 γεννημάτων
3610 2836 3762 2904 λέγει

2181 2934 2459 3008 θερισμὸν,
2488 2933 2565 2996 ὡς
2603 2932 2792 2986 τούτου
2828 2931 2927 3002 μὲν
2968 2929 3050 2982 ἔτι
3078 2929 3284 3001 διορίαν
3311 2928 3524 2999 ἔχοντος
3567 2927 3763 2998 τετρά-

2185 3045 2353 3100 μηνον
2378 3025 2533 3080 τοῦδε
2562 3024 2846 3097 θερισμοῦ,
2878 3019 2941 3078 οὒ
2966 3023 3129 3087 αὐτὸς
3157 3022 3363 3091 ἔλεγεν,
3389 3020 3489 3092 ἠδη
3531 3019 3761 3074 ἐνεστῶ-

498 3118 649 3182 beat,
677 3131 840 3184 quam
866 3115 985 3185 ipse
1013 3113 1230 3170 dicebat
1246 3113 1359 3182 jam
1389 3112 1553 3184 252
1578 3112 1802 3167 instare.
1829 3109 1940 3166 Nec
1960 3110 2076 3166 scio

2182 3138 2295 3185 τος.
2328 3120 2439 3174 Καὶ
2467 3118 2560 3171 τὸν
2602 3117 2860 3190 θερισμὸν
2891 3117 2992 3170 οὐκ
3018 3111 3116 3169 οἶδ’
3149 3117 3298 3179 ὅπως
3331 3115 3425 3169 ἐπὶ
3453 3114 3553 3185 τῆς
3582 3113 3760 3185 ψυχῆς

497 3223 611 3279 quo
633 3215 795 3277 pacto
831 3208 995 3263 etiam
1031 3218 1265 3261 messem
1284 3205 1677 3275 interpretatus
1695 3203 1768 3258 sit
1798 3204 1865 3258 de
1892 3200 2073 3256 anima

2181 3213 2427 3284 ὲξείληφε
2457 3212 2565 3265 τῶν
2607 3210 2990 3274 πιστευόντων,
3025 3209 3221 3278 λέγων,
3262 3208 3346 3262 ὅτι
3392 3208 3492 3279 ἢδη
3537 3208 3764 3278 ἀκμαῖοι

497 3300 866 3364 credentium,
915 3298 1104 3353 dicens
1152 3312 1247 3352 eos
1270 3295 1381 3366 jam
1414 3303 1656 3349 elaturos
1681 3303 1738 3347 et
1768 3301 1987 3363 paratos
2009 3292 2077 3346 ad

2181 3310 2273 3364 καὶ
2304 3308 2510 3380 ἕτοιμοί
2542 3310 2647 3360 είσι
2681 3307 2818 3378 πρὸς
2855 3304 3138 3378 θερισμὸν,
3169 3304 3266 3357 καὶ
3293 3301 3592 3372 ἐπιτήδειοι
3622 3298 3761 3371 πρὸς

500 3406 732 3447 messem
763 3405 907 3458 esse,
940 3399 1104 3457 atque
1142 3388 1308 3442 etiam
1359 3386 1584 3441 idoneos
1617 3386 1707 3453 qui
1751 3386 2080 3440 inducantur

498 3484 553 3537 in
580 3484 859 3547 horreum,
891 3481 993 3535 hoc
1015 3490 1097 3536 est
1119 3495 1216 3550 per
1241 3479 1402 3535 ﬁdem
1437 3478 1492 3532 in
1520 3476 1793 3548 quietem;
1826 3476 1873 3531 si
1899 3485 2080 3530 tanien

496 3577 607 3629 sint
631 3574 830 3645 parati,
853 3588 953 3628 nec
978 3574 1125 3627 enim
1154 3585 1349 3627 omnes
1372 3571 1548 3640 parati
1575 3579 1735 3626 sunt:
1766 3588 1786 3621 ι
1809 3585 1933 3624 nam
1962 3570 2081 3624 ani-

499 3682 713 3721 marum
748 3668 944 3736 aliqua:
967 3674 1173 3734 parata
1202 3663 1441 3730 fuerant,
1475 3663 1675 3732 inquit,
1698 3665 1891 3733 aliqua:
1919 3671 2082 3717 erant

496 3773 557 3813 se
596 3768 977 3827 prcharatnra:
1014 3754 1248 3828 [nempe
1303 3752 1408 3807 illa:
1450 3753 1647 3807 animm
1666 3751 1709 3825 1,
1768 3762 1825 3807 et
1884 3750 2081 3821 aliqua

499 3849 718 3916 quidem
756 3846 868 3914 jam
909 3849 1274 3907 seminantur,
1310 3842 1535 3916 [aliquas
1571 3859 1701 3898 vero
1744 3844 2081 3898 seminandus

498 3951 649 3997 sunt.
674 3938 733 4012 ι]
769 3940 895 3996 Hac
916 3938 1131 4010 quidem
1156 3939 1267 3993 ille.
1302 3938 1408 3992 Sed
1432 3937 1620 3993 nescio
1651 3952 1719 3989 an
1747 3937 1862 4003 ipse
1894 3946 2080 3991 osten-

499 4036 629 4090 dere
665 4034 837 4103 possit
860 4031 1134 4103 quonmtlo
1171 4028 1429 4100 discipuli
1469 4028 1747 4083 elevantes
1774 4027 1961 4084 oculos
1994 4026 2078 4081 vi.

2177 3394 2239 3449 τὸ
2273 3394 2603 3466 συναχθῆναι
2649 3396 2729 3457 εἰς
2774 3392 3083 3465 ἀποθήκην,
3113 3390 3362 3446 τουτέστι
3392 3389 3482 3444 διὰ
3525 3390 3763 3453 πίστεως

2179 3482 2260 3545 είς
2287 3481 2613 3543 ἀνάπαυσιν,
2643 3481 2765 3533 ὅσαι
2811 3497 2875 3549 γε
2920 3480 3149 3552 ἕτοιμοι,
3192 3480 3252 3533 οὺ
3287 3478 3396 3551 γὰρ
3425 3479 3598 3533 πᾶσαι
3617 3495 3630 3508 ·
3667 3496 3686 3528 r
3706 3479 3764 3531 αί

2181 3572 2283 3645 μὲν
2306 3572 2415 3643 γὰρ
2436 3572 2535 3644 ἠδη
2562 3572 2769 3643 ἕτοιμοι
2793 3567 2955 3642 ἦσαν,
2983 3572 3169 3642 φησὶν,
3212 3572 3268 3625 αί
3301 3571 3358 3624 δὲ
3387 3569 3639 3640 ἔμελλον·
3671 3568 3765 3623 καὶ

2178 3665 2235 3718 αἱ
2264 3664 2361 3736 μὲν
2393 3663 2695 3735 μέλλουσιν,
2734 3665 2792 3718 αἱ
2825 3664 2881 3716 δὲ
2927 3662 3337 3733 ὲπισπείρονται
3377 3662 3500 3733 ήδη.
3525 3680 3543 3712 ι
3579 3659 3766 3714 Ταῦτα

2183 3758 2282 3829 μὲν
2311 3753 2404 3812 οὖν
2437 3758 2643 3821 ἐκεῖνος
2675 3751 2819 3811 εἷπε.
2854 3756 2979 3821 Πῶς
3005 3756 3064 3809 δὲ
3092 3758 3140 3809 οἱ
3173 3755 3412 3827 μαθηταὶ
3445 3754 3767 3824 ἐπαίροντες

2179 3853 2306 3915 τοὺς
2353 3848 2663 3921 ὀφθαλμοὺς
2704 3848 2961 3903 δύνανται
3018 3848 3238 3917 βλέπειν
3282 3847 3382 3911 τὰς
3433 3845 3610 3916 ψυχὰς
3662 3845 3765 3917 ἠδη

2178 3942 2513 4013 ἐπιτηδείους
2544 3940 2711 4004 οὓσας
2741 3940 2877 4011 πρὸς
2914 3941 2995 4004 τὸ,
3026 3939 3104 4004 ὡς
3136 3940 3328 4003 οῐεται,
3365 3939 3446 4002 είς
3479 3936 3765 4008 ἀποθήκην

2180 4033 2516 4104 εἰσαχθῆναι,
2546 4034 2647 4087 οὐκ
2671 4028 2790 4087 οἶδα
2821 4034 2871 4086 εί
2895 4032 3117 4086 δύναται
3144 4031 3529 4103 παραστῆσαν
3561 4032 3656 4084 καὶ
3684 4030 3764 4083 ετι

497 4125 631 4178 dere
677 4124 887 4192 possint
931 4122 1145 4178 animas
1180 4120 1293 4192 jam
1346 4120 1572 4176 idoneas
1627 4119 1980 4184 exsislentes,
2022 4125 2081 4172 ut

498 4224 687 4285 putat,
719 4225 780 4271 ut
814 4216 867 4270 in
896 4215 1150 4270 horreum
1180 4214 1509 4268 inducantur
1534 4232 1548 4268 :
1577 4212 1709 4282 quin
1739 4211 1907 4266 etiam
1940 4224 2077 4280 quo-

2178 4141 2243 4193 γε
2273 4123 2391 4188 πῶς
2437 4125 2534 4177 ἐπὶ
2560 4122 2669 4176 τῶν
2697 4122 2886 4193 ψυχῶν
2938 4122 3140 4194 ἀληθὲς
3169 4122 3253 4175 τό·
3291 4142 3309 4174 ι
3341 4122 3534 4185 ’Δλλος
3558 4124 3588 4175 ὁ
3615 4120 3767 4174 σπεί-

2182 4234 2311 4289 ρων,
2340 4217 2434 4270 καὶ
2460 4216 2617 4280 ἀλλος
2641 4219 2672 4270 ὁ
2703 4216 2932 4288 θερίζων
2951 4233 2965 4247 ο
2991 4236 3011 4269 ι
3049 4215 3141 4269 καί
3165 4232 3177 4246 ·
3220 4234 3240 4268 ι
3277 4215 3598 4268 Ἀπέστειλα
3620 4216 3766 4285 ὑμᾶς

502 4307 663 4361 modo
690 4309 755 4361 de
787 4306 1071 4361 animabus
1097 4320 1286 4381 verum
1330 4315 1416 4360 est
1460 4307 1603 4360 hoc:
1637 4322 1656 4355 ι
1679 4303 1837 4358 Alius
1865 4311 1950 4357 est
1985 4301 2077 4370 qui

2181 4309 2415 4381 θερίζειν
2442 4308 2471 4361 ὃ
2501 4310 2600 4379 οὐχ
2640 4310 2799 4380 ὑμεῖς
2837 4311 3204 4364 κεκοπιάκατε
3224 4327 3237 4340 ·
3274 4329 3292 4361 ι
3325 4309 3447 4363 τίνα
3471 4309 3529 4363 δὲ
3565 4308 3766 4381 τρόπον

498 4398 976 4460 seminat,etalius
996 4404 1079 4451 est
1096 4396 1190 4465 qui
1215 4397 1368 4450 metit
1388 4395 1546 4461 “—";
1576 4414 1596 4447 ι
1624 4405 1682 4451 et
1707 4395 1837 4450 illud
1866 4409 1880 4445 :
1918 4412 1936 4445 ι
1970 4392 2077 4461 Ego

2181 4401 2241 4454 τό
2263 4418 2276 4431 ·
2318 4418 2337 4451 ι
2364 4400 2547 4453 ’Δλλοι
2581 4402 2967 4466 κεκοπιάκασι,
3016 4404 3112 4457 καὶ
3158 4403 3317 4473 ὑμεῖς
3350 4403 3432 4465 είς
3472 4402 3564 4455 τὸν
3597 4402 3768 4455 κόπον

498 4492 623 4546 misi
649 4504 744 4545 vos
777 4494 843 4545 ad
873 4491 1181 4546 metendum
1208 4491 1352 4559 quod
1376 4504 1473 4544 vos
1500 4505 1606 4543 non
1631 4488 1926 4543 laborastis
1948 4486 2025 4539 "z
2054 4506 2072 4538 ι

2184 4491 2365 4546 αὐτῶν
2411 4492 2817 4564 εἰσεληλύθατε,
2839 4515 2858 4546 ι
2914 4493 3141 4548 δυνατόν
3189 4496 3309 4546 ἐστι
3359 4492 3767 4565 παραδέξασθαι

498 4586 769 4654 quomodo
795 4585 962 4640 etiam
996 4585 1112 4639 ﬁeri
1144 4595 1325 4655 potest
1346 4593 1407 4638 ut
1431 4582 1562 4638 illud
1597 4581 1665 4637 de
1701 4582 1881 4635 anima
1914 4580 2077 4634 intel-

2184 4586 2277 4638 ἐπὶ
2321 4585 2423 4655 τῆς
2462 4584 2661 4656 ψυχῆς.
2715 4587 2905 4658 Ἡμεῖς
2954 4583 3049 4641 οὖν
3086 4586 3347 4658 θερισμὸν
3392 4585 3765 4658 συναγομένου

499 4678 696 4748 ligatur
722 4692 737 4731 :
775 4695 795 4730 ι
827 4677 935 4732 Alii
959 4676 1369 4743 laboraverunt,
1395 4685 1450 4732 et
1474 4690 1571 4730 vos
1601 4676 1655 4729 in
1686 4674 1925 4729 laborem
1952 4672 2077 4726 illo-

2184 4677 2397 4749 καρποῦ
2429 4681 2509 4743 εἰς
2555 4676 2701 4750 ζωὴν
2742 4678 2962 4733 αίώνιον
3007 4678 3446 4752 ὲκλαμὸἀνομεν,
3485 4679 3624 4733 κατὰ
3668 4677 3768 4750 τὴν

500 4785 618 4823 rum
671 4770 972 4826 introistis?
994 4789 1014 4822 ι
1045 4768 1408 4835 Quamobrem
1455 4784 1554 4838 per
1599 4780 1831 4822 messem
1863 4781 1963 4820 nos
1993 4765 2077 4819 in-

2182 4770 2457 4825 τελείωσιν
2498 4771 2593 4824 τοῦ
2624 4772 3014 4845 σπερματικῶς
3042 4772 3362 4843 ἐγκειμένου
3392 4770 3534 4825 κατὰ
3560 4770 3659 4834 τὰς
3683 4772 3756 4824 sv.

499 4864 793 4934 teiligimus
821 4880 1059 4920 messem
1107 4863 1339 4926 fructus,
1369 4864 1461 4933 qui
1492 4863 1771 4934 colligitur
1813 4862 1867 4917 in
1907 4862 2072 4915 vitam

2182 4863 2328 4927 νοίας
2360 4867 2490 4935 ἡμῖν
2516 4864 2675 4933 λόγου
2702 4864 2810 4918 ἀπὸ
2835 4865 3111 4937 γεωργίας
3138 4865 3382 4928 πλείονος
3412 4862 3770 4934 τετελειωμέ-

497 4965 783 5022 aeternam,
821 4954 977 5024 juxta
1009 4955 1402 5026 perfectionem
1436 4955 1684 5020 rationis,
1714 4969 1835 5024 quas
1881 4954 1933 5007 in
1982 4969 2077 5007 no-

2186 4975 2297 5011 vou.
2333 4957 2458 5021 Πῶς
2504 4958 2563 5011 δὲ
2596 4958 2701 5011 ὑπὸ
2736 4958 2897 5012 ἄλλου
2949 4959 3253 5029 σπείρεται,
3307 4958 3401 5011 καὶ
3451 4956 3557 5010 ὑπὸ
3604 4956 3765 5012 ἄλλου

500 5049 740 5103 tionibus
772 5049 999 5109 nostris,
1032 5048 1258 5101 seminis
1286 5047 1482 5111 instar,
1521 5046 1762 5116 ingenita
1798 5045 1967 5100 multo
1997 5045 2077 5099 la-

2186 5046 2480 5119 θερίζεται,
2510 5051 2568 5102 ὲν
2600 5051 2712 5113 τοῖς
2739 5049 2865 5121 ἑξῆς
2890 5048 3282 5120 διαληψόμεθα.

500 5142 635 5195 bore
670 5138 967 5210 perﬁcitur.
997 5138 1267 5193 Caeterum
1293 5140 1567 5207 quomodo
1593 5138 1664 5191 ab
1700 5138 1808 5193 alio
1834 5140 2157 5207 seminatur,
2183 5154 2238 5198 et
2271 5145 2339 5196 ab
2367 5144 2474 5196 alio
2507 5143 2753 5205 metitur,
2797 5144 2849 5194 in
2877 5143 3231 5210 sequentibus
3266 5141 3620 5197 disseremus.

570 5233 662 5286 Η.
704 5250 721 5282 ι
747 5231 885 5286 Ecce
926 5231 1048 5285 dico
1076 5231 1262 5286 vobis:
1288 5230 1491 5285 Levate
1537 5230 1726 5285 oculos
1753 5240 1991 5295 vestros,
2019 5244 2073 5286 et

574 5366 698 5406 ⁶¹-⁶²
724 5364 889 5421 Joan.
917 5381 995 5425 tv,
1027 5364 1121 5419 '57.
1197 5363 1242 5395 ⁸³
1276 5366 1407 5419 ibid.
1437 5364 1529 5421 58.

573 5484 688 5562 (65)
718 5484 1020 5562 Διαδῇνᾳι.
1049 5485 1629 5562 Exciditecodicibus
1658 5488 1828 5562 Regio
1858 5504 1913 5547 et
1947 5494 2079 5546 [iar-

502 5554 717 5625 berino,
744 5558 838 5612 sed
866 5558 1136 5626 legiturin
1167 5554 1482 5626 Bodleiano.

576 5624 904 5701 (66)'CotleX
921 5624 1294 5690 _Bodleianus,
1345 5624 1608 5685 ἀδύνατον
1657 5631 1788 5701 ἡμῖν
1834 5628 2086 5699 φαίνεται

509 5696 583 5766 μὴ
612 5695 740 5769 περὶ
769 5695 908 5762 ἑνός,
938 5707 1047 5751 etc.

576 5768 933 5838 ωηνΑλλως
961 5785 1023 5821 τε
1041 5771 1136 5823 καὶ
1157 5771 1336 5827 οἱονεί
1356 5768 1487 5838 τήν.
1512 5770 1602 5827 Sic
1629 5772 1794 5828 codex
1830 5770 2080 5826 Bodleia-

2251 5234 2339 5289 42.
2374 5255 2393 5287 ι
2427 5234 2557 5289 Ἰδοὺ
2603 5234 2746 5305 λέγω
2789 5234 2955 5305 ὑμῖνο
3006 5233 3278 5306 Ἐπάρατε
3306 5234 3432 5297 τοὺς
3455 5231 3765 5304 ὀφθαλμοὺς

2191 5504 2317 5553 nus,
2353 5487 2587 5555 optime;
2626 5484 2765 5538 male
2796 5498 2924 5537 vero
2952 5482 3154 5554 Regius
3179 5495 3233 5539 et
3261 5482 3619 5549 Barberinus,
3646 5482 3764 5537 ἀλλ’

2188 5549 2332 5615 ὥστε
2365 5549 2460 5610 καὶ
2489 5549 2600 5608 οἷον
2634 5557 2713 5619 είς
2748 5556 2868 5625 τήν,
2900 5565 3004 5608 etc.

2262 5628 2377 5699 (68)
2405 5624 2526 5699 Πρρ
2551 5627 2765 5699 τούτου
2802 5621 3138 5699 ’ἐρχόμενον
3162 5621 3358 5699 τοῦ-το.
3391 5622 3686 5699 Ita_legitu_r
3709 5625 3762 5676 in

2190 5692 2469 5754 codicibus
2491 5695 2786 5750 Bodleiano
2809 5711 2872 5750 ac
2900 5692 3224 5765 rliarlierino.
3258 5692 3420 5748 Forte
3472 5693 3762 5765 legendum

2191 5769 2296 5832 πρὸ
2316 5766 2506 5824 τούτου
2536 5766 2821 5845 εἰρημένον
2852 5764 2910 5819 τό
2935 5782 2946 5795 '
2984 5764 3094 5827 Οὐχ
3124 5766 3303 5829 ὑμεῖς,
3335 5777 3443 5821 etc.
