4170 6414
391 360 497 414 475

1448 354 1804 410 COMMENT.
1841 354 1909 410 IN
1948 353 2144 411 .IOAN.
2188 353 2428 412 TOMUS
2461 353 2603 410 XIII.

3548 360 3651 414 47.5

396 476 568 547 ὑμῶν,
600 475 693 528 καί
725 473 993 528 θεάσασθε
1026 472 1124 536 τὰς
1148 472 1353 546 χώρας,
1381 473 1463 527 ᾶτι
1489 473 1679 527 λευκαί
1708 476 1812 527 εἰσι
1840 474 1976 545 πρὸς

2082 475 2259 530 videte
2294 474 2413 530 loca
2436 472 2550 542 jam
2597 473 2716 527 alba
2768 486 2893 528 esse
2938 473 3005 527 ad
3047 487 3298 529 messem.
3327 492 3347 526 ι
3378 474 3434 529 In
3469 479 3654 535 multis

394 567 652 640 θερισμὸν
705 567 868 638 ἤδη.»
922 566 1197 638 Πολλαχοῦ
1247 566 1348 637 τῆς
1398 567 1621 638 Γραφῆς
1676 570 1852 620 κεῖται
1886 568 1968 621 τό·

400 680 419 712 ι
460 659 734 731 Ἐπάρατε
764 659 892 723 τοὺς
920 658 1231 730 ὀφθαλμοὺς
1263 659 1438 729 ὑμῶν,
1466 680 1484 710 ι
1521 658 1972 731 προτρεπομένου

396 753 543 823 ἡμᾶς
568 750 662 804 τοῦ
690 750 834 804 θείου
861 750 1020 819 λόγου
1048 750 1237 821 ὑψοῦν,
1267 750 1362 804 καὶ
1400 751 1650 823 ἐπαίρειν
1676 749 1745 803 τὰ
1773 752 1976 822 φρονήα

398 860 565 916 ματα,
591 844 684 897 καὶ
709 843 772 896 τὸ
794 842 1098 914 διορατικὸν
1122 842 1273 898 κάτω
1298 860 1399 896 που
1423 842 1694 914 κείμενον,
1720 840 1816 895 καὶ
1847 858 1977 910 συγ-

394 935 621 1000 κύπτον,
659 934 733 1006 μὴ
762 935 1055 1007 δυνάμενόν
1085 953 1144 989 τε
1168 934 1441 1006 ἀνακύψαι
1485 935 1566 993 εἰς
1607 933 1670 987 τὸ
1715 933 1979 998 παντελὲς

396 1026 762 1099 μετεωρίσαι·
798 1027 989 1099 ὥσπερ
1016 1028 1073 1081 ὲν
1101 1020 1337 1098 Ἡσαΐᾳ·
1376 1045 1394 1077 ι
1431 1025 1705 1096 Ἐπάρατε
1736 1026 1818 1087 εἰς
1845 1023 1979 1093 ὕψος

393 1121 523 1184 τοὺς
544 1119 856 1191 ὀφθαλμοὺς
894 1119 1068 1191 ὑμῶν,
1096 1122 1189 1174 καὶ
1221 1118 1357 1173 ἴδετε
1389 1119 1472 1183 τίς
1501 1118 1777 1185 κατέδειξε
1805 1117 1978 1172 ταῦτα

395 1211 595 1266 πάντα.
618 1230 636 1263 ι
683 1212 794 1265 Καὶ
836 1212 866 1264 6
907 1212 1098 1284 Σωτὴρ
1134 1211 1213 1274 δὲ,
1258 1213 1346 1266 ὅτε
1379 1210 1689 1282 μὲλλειτοῖς
1721 1211 1780 1262 ἐν
1812 1208 1979 1279 πεδίῳ

398 1300 710 1372 συναχθεῖσι
744 1300 874 1372 (68')
909 1300 1090 1369 λέγειν
1135 1302 1262 1365 τοὺς
1314 1300 1718 1372 μακαρισμοὺς,
1768 1298 1978 1369 ἐπάρας

395 1395 520 1458 τοὺς
547 1392 858 1465 ὀφθαλμοὺς
882 1394 1049 1449 αὑτοῦ
1078 1394 1216 1467 πρὸς
1245 1395 1372 1458 τοὺς
1409 1391 1678 1465 μαθητὰς,
1706 1392 1854 1461 λέγει
1881 1393 1942 1445 τό
1959 1409 1974 1423 ·

402 1486 709 1556 «Μακάριοι
734 1505 750 1535 ι
784 1486 892 1539 οῐδε
922 1487 1017 1539 καὶ
1034 1480 1148 1539 οἶδε
1171 1503 1184 1518 ο
1219 1486 1393 1549 οὐδεὶς
1416 1484 1526 1557 γὰρ
1553 1485 1776 1556 γνήσιος
1803 1484 1977 1555 Ἰησοῦ

398 1577 644 1649 μαθητὴς
666 1578 815 1631 κάτω
840 1579 1006 1641 ἐστὶν,
1036 1576 1112 1640 ὼς
1134 1576 1255 1629 οὐδὲ
1281 1579 1311 1632 6
1341 1575 1755 1646 ἀναπαυόμενος
1780 1577 1838 1630 ὲν
1866 1578 1980 1640 τοῖς

395 1670 490 1724 τοῦ
531 1669 782 1741 Ἀϐραὰμ
813 1668 1053 1731 κόλποις.
1096 1668 1155 1721 '0
1185 1667 1315 1737 γοῦν
1344 1668 1598 1732 πλούσιος
1636 1667 1899 1738 ὑπάρχων
1920 1668 1980 1720 ἐν

398 1759 654 1830 βασάνοις
696 1758 806 1831 (69)
852 1758 1066 1829 ἐπάρας
1113 1760 1240 1822 τοὺς
1290 1757 1603 1829 ὀφθαλμοὺς
1654 1757 1843 1828 βλέπει
1886 1756 1978 1811 τὸν

2076 563 2375 634 Scriptura:
2409 564 2545 621 locis
2572 565 2808 635 positum
2853 575 2935 619 est
2968 563 3073 620 lioc
3117 565 3321 619 dictum
3351 585 3365 620 :
3407 586 3427 618 ι
3453 567 3654 625 Levate

2074 656 2263 712 oculos
2290 665 2568 720 vestros,»
2597 656 2783 710 divina
2809 672 2911 711 nos
2942 656 3195 711 oratione
3218 657 3544 715 admonente
3578 664 3654 717 uti

2075 748 2388 803 attollamus
2431 747 2816 816 elevetnusque
2871 756 2984 800 tum
3037 762 3250 813 sensus,
3283 758 3394 803 tum
3437 751 3546 805 vim
3575 753 3658 808 vi-

2076 838 2239 894 dendi
2271 838 2483 893 inferne
2519 838 2822 908 jacentem.
2854 845 2911 892 et
2944 852 3194 905 pronam,
3226 851 3330 894 nec
3356 839 3570 910 erigere
3596 857 3657 898 se

2077 930 2371 995 valentem,
2391 938 2449 983 ut
2471 928 2714 1000 perfecte
2730 929 2983 984 sublimia
3007 930 3443 1000 contempletur;
3465 948 3658 1003 quem-

2077 1021 2372 1078 admodum
2422 1021 2476 1075 iu
2523 1018 2708 1075 Isaia:
2742 1038 2763 1073 ι
2790 1019 2992 1077 Levate
3032 1022 3087 1077 in
3128 1022 3406 1078 excelsum
3468 1026 3658 1083 oculos

2079 1123 2316 1177 vestros,
2350 1123 2407 1168 et
2432 1114 2617 1168 videte
2639 1114 2764 1182 quis
2787 1114 2902 1169 hanc
2932 1116 3112 1169 omnia
3135 1116 3373 1169 ostendit
3390 1116 3458 1172 “.
3485 1137 3504 1169 ι
3535 1119 3660 1173 Ser-

2079 1213 2237 1259 vator
2259 1206 2428 1259 etiam
2467 1205 2551 1258 bis
2576 1206 2667 1274 qui
2704 1207 2758 1258 in
2786 1222 3039 1275 campum
3069 1217 3455 1273 convenerant,
3486 1211 3661 1265 beati-

2082 1297 2300 1352 tudines
2327 1297 2598 1361 dicturus,
2625 1296 2856 1352 elevatis
2885 1296 3061 1351 oculis
3090 1297 3203 1352 suis
3237 1299 3303 1352 ad
3336 1298 3656 1370 discipulos,

2081 1384 2255 1454 inquit
2280 1384 2362 1437 ":
2396 1403 2416 1437 ι
2444 1384 2596 1439 Beati
2623 1405 2641 1436 ι
2671 1386 2751 1450 hi,
2781 1398 2837 1441 et
2880 1387 2935 1441 lii
2968 1404 2982 1440 :
3026 1387 3207 1442 nullus
3249 1390 3393 1443 enim
3424 1389 3661 1460 discipu-

2081 1476 2167 1531 lus
2213 1490 2509 1547 germanus
2556 1475 2684 1532 Jesu
2727 1475 2872 1544 jacet
2926 1477 3158 1545 inferne,
3201 1481 3658 1548 quemadmodum

2081 1583 2258 1638 neque
2310 1568 2400 1623 ille
2443 1570 2535 1638 qui
2586 1574 2640 1623 in
2692 1569 2929 1623 Abrahae
2983 1570 3193 1626 sinibus
3240 1572 3657 1642 requiembat:

2079 1676 2148 1714 ex
2173 1674 2283 1731 quo
2311 1660 2489 1725 dives,
2522 1661 2616 1730 qui
2643 1661 2696 1714 in
2726 1662 3018 1716 tormentis
3051 1671 3196 1727 erat,
3234 1678 3357 1716 cum
3393 1663 3662 1719 elevasset

2081 1754 2291 1817 oculos,
2346 1752 2497 1806 videt
2544 1752 2819 1806 Abraham
2863 1762 2922 1806 et
2957 1751 3224 1807 Lazarum
3257 1754 3310 1807 in
3340 1754 3500 1824 hujus
3527 1757 3662 1811 sini-

409 1850 681 1923 Ἀϐραὰμ,
707 1829 817 1905 καὶ
857 1850 951 1903 τὸν
992 1849 1243 1921 Λάζαρον
1274 1850 1333 1902 ὲν
1375 1852 1489 1913 τοῖς
1536 1849 1756 1912 κόλποις
1788 1848 1974 1902 αὐτοῦ.

2082 1841 2264 1895 bus“.
2291 1841 2375 1896 Ad
2398 1841 2518 1896 haec
2544 1842 2742 1897 mulier
2771 1843 2862 1896 illa
2902 1854 3211 1911 contracta,
3238 1860 3340 1901 nec
3367 1858 3532 1913 caput
3551 1850 3662 1901 eri-

397 1943 542 2014 Πρὸς
570 1941 782 2005 τούτοις
807 1943 841 2013 ἡ
874 1942 1281 2010 συγκύπτουσα,
1306 1941 1400 1994 καὶ
1435 1942 1508 2012 μὴ
1542 1942 1816 2012 δυναμένη
1841 1943 1976 1996 ἀνα-

396 2033 566 2103 κὺψαι
600 2036 681 2097 εἰς
710 2033 773 2087 τὸ
811 2033 1075 2097 παντελὲς
1118 2032 1295 2104 Ἰησοῦ
1344 2034 1515 2105 αὐτὴν
1548 2032 1977 2106 ἁνορθὼσαντος,

2079 1946 2209 2001 gere
2248 1933 2477 1987 omnino
2508 1932 2715 1997 valens,
2747 1949 2871 1988 eum
2918 1950 2946 1987 a
2997 1934 3126 1990 Jesu
3159 1947 3341 1992 erecta
3378 1938 3575 1994 fuisset
3590 1940 3658 2005 "’,

2081 2025 2512 2079 contractionem
2545 2034 2712 2093 atque
2740 2024 3110 2082 infirmitatem
3139 2029 3381 2097 erigendi
3408 2046 3528 2087 sese
3560 2033 3656 2087 de-

2081 2115 2253 2187 ponit,
2288 2126 2349 2170 ut
2373 2115 2552 2172 elevet
2589 2117 2798 2172 oculos.
2828 2117 2941 2174 Nec
2971 2119 3112 2173 ullus
3162 2121 3406 2190 profecto
3435 2132 3518 2177 est
3564 2126 3659 2193 qui

2081 2209 2588 2276 perturbationibus
2615 2210 2906 2276 obnoxius,
2939 2221 2995 2267 et
3037 2215 3187 2267 carni
3240 2214 3541 2282 adhaerens,
3570 2217 3655 2270 vel

397 2313 457 2364 ὲν
494 2311 724 2366 πάθεσιν
755 2309 853 2377 ὢν,
886 2312 981 2363 καὶ
1018 2311 1085 2381 τῇ
1134 2309 1300 2382 σαρκὶ
1349 2309 1757 2381 προστετηκὼς,
1790 2310 1824 2382 ἦ
1865 2313 1980 2375 τοῖς

2082 2301 2246 2355 rebus
2266 2301 2650 2355 materialibus
2674 2302 3015 2370 eommistus,
3049 2308 3364 2359 mandatum
3403 2320 3660 2362 servave-

397 2403 604 2467 ὑλικοῖς
644 2403 1088 2475 ὲμπεφυρμένος,
1137 2402 1374 2474 ἐτήρησε
1407 2401 1503 2473 τὴν
1534 2401 1797 2471 λέγουσαν
1828 2405 1979 2456 ὲντο-

2087 2392 2156 2445 rit
2188 2392 2374 2447 dicens
2408 2410 2422 2447 :
2463 2411 2485 2444 ι
2521 2392 2725 2449 Levate
2757 2395 2947 2449 oculos
2971 2406 3214 2461 vestros;
3247 2416 3267 2450 ι
3303 2400 3658 2467 quamobrem

396 2495 531 2567 λήνο
573 2513 593 2547 ι
633 2495 903 2567 Ἐπάρατε
942 2495 1070 2558 τοὺς
1114 2495 1426 2564 ὀφθαλμοὺς
1468 2493 1656 2565 ὑμῶν’
1687 2514 1704 2545 ι
1736 2494 1925 2566 διόπερ
1952 2496 1980 2547 6

2084 2501 2152 2540 ne
2193 2486 2310 2541 loca
2338 2488 2558 2555 quidem
2589 2489 2806 2544 visurus
2834 2499 2918 2543 est
2967 2491 3087 2552 iste.
3129 2492 3344 2546 etiamsi
3391 2490 3501 2559 jain
3539 2494 3659 2550 alba

396 2585 638 2649 τοιοῦτος
679 2584 801 2638 οὐδὲ
854 2583 1107 2638 θεάσεται
1148 2582 1248 2648 τὰς
1278 2582 1483 2655 χώρας,
1526 2583 1631 2637 κᾶν
1662 2576 1759 2638 ὦσι
1791 2583 1980 2638 λευκαὶ

2083 2579 2193 2633 sint
2217 2580 2282 2633 ad
2309 2579 2473 2651 253
2498 2596 2754 2636 messem.
2791 2581 3059 2638 Prmterea
3084 2584 3262 2639 nullus
3289 2587 3379 2655 qui
3404 2601 3664 2655 operatur

397 2675 537 2747 πρὸς
577 2674 837 2747 θερισμὸν
887 2675 1011 2747 ἤδη.
1048 2675 1170 2728 Ἔτι
1208 2675 1266 2728 δὲ
1310 2675 1483 2738 οὐδεὶς
1517 2674 1885 2747 ἐργαζόμενος
1911 2675 1980 2729 τά

2082 2683 2246 2739 opera
2294 2671 2495 2733 carnis,
2540 2671 2741 2726 levavit
2788 2673 2999 2727 oculos.
3030 2674 3198 2729 Porro
3247 2676 3369 2729 alba
3418 2687 3546 2731 sunt
3593 2680 3660 2731 ad

398 2764 538 2837 ἔργα
568 2764 670 2835 τῆς
716 2765 918 2835 σαρκὸς
963 2764 1140 2836 ἐπῆρε
1177 2767 1306 2828 τοὺς
1333 2765 1663 2837 ὀφθαλμούς.
1695 2769 1898 2821 Λευκαὶ
1924 2768 1980 2822 δὲ

2083 2776 2317 2817 messeni
2343 2762 2457 2832 jam
2515 2763 2655 2828 loca,
2686 2765 2908 2833 quando
2942 2768 3097 2821 adest
3150 2768 3242 2821 Dei
3278 2767 3473 2823 Sermo
3519 2785 3654 2841 ape-

400 2855 460 2908 αί
495 2854 669 2926 χῶραι
712 2855 849 2926 πρὸς
892 2854 1152 2927 θερισμὸν
1194 2856 1295 2927 ἤδη
1333 2857 1491 2922 είσὶν,
1529 2861 1620 2914 ὅτε
1663 2857 1928 2930 πάρεστιν
1951 2860 1980 2913 6

2083 2853 2235 2909 riens
2255 2864 2311 2908 et
2351 2854 2636 2910 illnstrans
2672 2857 2855 2910 omnia
2896 2858 3196 2928 Scriptum
3227 2861 3367 2928 loca,
3403 2877 3522 2932 qua;
3551 2862 3662 2932 ple-

399 2945 495 3000 τοῦ
530 2946 668 3000 Θεοῦ
700 2946 859 3016 λόγος
895 2946 1208 3019 σαφηνίζων
1242 2947 1337 3001 καὶ
1380 2947 1632 3017 φωτίζων
1662 2951 1842 3015 πάσας
1882 2950 1980 3016 τὰς

2084 2957 2157 2999 na
2211 2953 2363 3011 sunt,
2395 2945 2725 3002 adveniente
2773 2948 2910 3017 ipso.
2966 2948 3241 3006 Fortassis
3277 2953 3442 3007 etiam
3479 2956 3666 3008 omnia

400 3036 584 3111 χώρας
629 3040 731 3109 τῆς
783 3039 1005 3110 Γραφῆς
1057 3039 1445 3112 πληρουμένης
1489 3042 1549 3094 ἐν
1600 3043 1667 3112 τῇ
1717 3042 1980 3115 ἐπιδημίᾳ

2085 3050 2207 3105 qua:
2227 3050 2391 3091 sensu
2423 3037 2815 3106 percipiuntur,
2839 3038 2922 3092 vel
2948 3041 3015 3092 ad
3054 3040 3228 3109 ipsum
3251 3056 3421 3110 usque
3440 3041 3666 3109 coelum,

400 3129 587 3185 αὐτοῦ,
618 3131 771 3201 Τάχα
801 3130 860 3184 δὲ
883 3132 977 3185 καὶ
1001 3131 1179 3185 πάντα
1203 3131 1270 3185 τὰ
1289 3131 1521 3202 αἰσθητά
1546 3133 1708 3205 μέχρι
1726 3151 1788 3203 γε
1816 3134 1980 3190 αὐτοῦ

2085 3139 2251 3198 atque
2279 3141 2452 3197 usque
2485 3128 2552 3182 ad
2585 3142 2649 3182 ea
2679 3143 2799 3197 quae
2824 3129 2877 3182 in
2903 3130 3020 3198 ipso
3043 3142 3191 3196 sunt,
3218 3133 3339 3187 alba
3376 3144 3502 3188 sunt
3548 3134 3663 3188 loca

395 2126 716 2182 ἀποτίθεται
745 2126 809 2180 τὸ
850 2126 1181 2195 συγκόπτειν
1220 2126 1316 2180 καὶ
1349 2126 1411 2179 τὸ
1445 2126 1520 2198 μὴ
1559 2126 1820 2181 δύνασθαι
1846 2128 1979 2181 ἀνα-

397 2218 645 2283 κύπτειν,
677 2219 767 2273 ἵνα
808 2218 992 2291 ἐπάρῃ
1028 2218 1155 2281 τοὺς
1183 2216 1514 2289 ὀφθαλμούς.
1544 2219 1656 2272 Καὶ
1685 2218 1861 2282 οὐδείς
1889 2234 1979 2287 γε,

399 3220 495 3276 τοῦ
530 3221 783 3293 οὐρανοῦ,
816 3220 1043 3276 καὶτῶν
1072 3224 1129 3276 ἐν
1151 3222 1321 3294 αὐτῷ,
1352 3225 1410 3277 αἱ
1441 3223 1630 3278 λευκαί
1652 3227 1760 3278 εἱσι
1783 3226 1980 3298 χῶραι,

399 3312 607 3383 ἕτοιμοι
648 3311 785 3385 πρὸς
831 3311 1091 3385 θερισμὸν
1139 3317 1250 3377 τοῖς
1290 3314 1577 3384 ἐπαίρουσι
1622 3314 1752 3378 τοὺς
1786 3315 1985 3386 ὀφθαλ-

402 3405 560 3478 μοὺς,
594 3403 782 3472 σαφῶς
830 3405 1240 3476 παρισταμένου
1271 3405 1365 3459 τοῦ
1400 3406 1529 3477 περὶ
1563 3406 1796 3461 ἑκάστου
1825 3407 1983 3477 λόγου

397 3497 513 3559 τοῖς
546 3496 909 3566 άνειληφόσιν,
942 3499 1011 3550 ὲκ
1040 3494 1133 3549 τοῦ
1162 3496 1260 3569 τὴν
1291 3497 1461 3569 αὐτὴν
1491 3497 1679 3552 εἰκόνα
1711 3512 1987 3570 μεταμορ-

401 3586 634 3657 φοῦσθαι
654 3588 763 3641 άπὸ
784 3587 941 3659 δόξης
961 3590 1041 3652 εἰς
1069 3586 1250 3654 δόξαν,
1279 3589 1573 3661 ὀφθαλμῶν
1597 3591 1853 3662 ὁμοίωμα
1870 3590 1983 3663 (70)

399 3678 510 3733 τῶν
538 3680 861 3751 ἑωρακότων
895 3680 1012 3745 πῶς
1048 3681 1281 3735 ’ἑκαστον
1322 3681 1433 3736 τῶν
1474 3681 1783 3753 γενομένων
1821 3682 1987 3737 καλὸν

399 3762 469 3840 ἦν
488 3785 504 3800 ο
537 3768 599 3822 τὸ
626 3770 758 3840 γὰρ,
780 3765 933 3823 Εἶδεν
957 3772 988 3823 6
1014 3770 1148 3834 Θεὸς
1173 3770 1513 3826 καθέκαστον
1535 3772 1646 3826 τῶν
1671 3772 1987 3843 κτισμάτων

402 3861 711 3934 λεγόμενον.
764 3863 847 3915 ὅτι
897 3862 1081 3926 καλὸν,
1122 3861 1362 3916 τοιοῦτόν
1404 3863 1552 3916 ἔστιν
1570 3879 1584 3893 ·
1633 3855 1756 3916 ’Ὅτι
1788 3864 1989 3919 ὲνεϊδεν

401 3957 433 4011 6
457 3955 591 4019 Θεὸς
620 3959 734 4019 τοῖς
764 3955 944 4023 λόγοις
975 3955 1088 4026 (71)
1130 3954 1381 4020 ἑκάστου,
1416 3956 1510 4010 καὶ
1557 3951 1666 4009 εἶδε
1713 3957 1831 4022 πιῖις
1863 3957 1988 4011 καθ’

404 4044 499 4109 οὓς
540 4044 763 4114 γέγονεν
811 4044 1042 4098 ἕκαστον
1091 4043 1200 4097 τῶν
1241 4032 1559 4115 κτισμάτων
1612 4044 1823 4114 λόγους,
1870 4046 1990 4100 ἐστὶ

405 4136 590 4192 καλόν.
626 4136 692 4189 Εἰ
713 4136 772 4189 δὲ
807 4135 882 4207 μὴ
922 4134 1095 4198 οὕτως
1124 4151 1208 4198 τις
1242 4135 1608 4206 παραδέχεται
1645 4135 1706 4189 τό
1727 4152 1741 4165 ο
1785 4154 1804 4188 ι
1834 4131 1991 4190 Εἷδεν

2087 3228 2277 3289 parata
2300 3218 2416 3288 jam
2449 3218 2522 3273 ad
2546 3234 2808 3285 messeni,
2852 3221 3190 3278 elevantibus
3218 3223 3407 3280 oculos
3439 3242 3454 3280 :
3488 3227 3666 3294 palam

2085 3307 2515 3378 uniuscujusque
2561 3309 2643 3364 rei
2691 3311 2906 3365 ratione
2931 3310 3036 3364 illis
3070 3312 3141 3365 ob
3175 3312 3363 3367 oculos
3395 3313 3669 3383 exhibita,

2084 3401 2178 3471 qui
2210 3409 2555 3470 receperunt,
2574 3414 2640 3455 eo
2661 3402 2806 3470 quod
2842 3400 3304 3456 transformamur
3325 3404 3391 3456 ad
3417 3405 3666 3460 eamdem

2086 3492 2384 3562 imaginem
2408 3506 2439 3545 a
2464 3490 2633 3562 gloria
2663 3492 2714 3545 in
2743 3491 2975 3562 gloriam
3000 3492 3067 3554 θα,
3095 3492 3509 3548 similitudinem
3534 3510 3669 3550 ocu-

2087 3584 2290 3649 lorum,
2315 3582 2407 3654 qui
2463 3583 2725 3637 viderunt
2777 3583 3055 3652 quomodo
3109 3583 3319 3655 singula
3354 3601 3477 3655 qua:
3527 3586 3670 3643 facta

2088 3675 2325 3737 fuerant,
2363 3676 2504 3730 bona
2555 3684 2762 3729 essent.
2805 3673 2919 3729 Hoc
2967 3675 3112 3728 enim
3169 3676 3371 3729 dictum
3391 3675 3480 3730 ":
3527 3675 3674 3731 Vidit

2088 3766 2232 3822 Deus
2260 3765 2604 3836 singillatim,
2636 3780 2757 3835 qua:
2789 3775 2974 3820 creata
3007 3773 3154 3831 sunt,
3201 3766 3345 3820 bona
3376 3781 3531 3835 esse,
3563 3769 3672 3825 tale

2088 3859 2488 3929 estzlnspexit
2542 3861 2685 3914 Deus
2727 3860 2992 3928 cujusque
3045 3862 3122 3913 rei
3177 3861 3440 3928 rationes,
3468 3876 3672 3932 easque

2088 3952 2227 4007 vidit
2271 3953 2443 4008 bonas
2489 3965 2619 4007 esse
2674 3963 2897 4021 propter
2934 3954 3178 4008 rationes
3228 3954 3427 4023 quibus
3478 3970 3673 4008 unum-

2090 4044 2346 4114 quodque
2368 4054 2619 4100 creatum
2650 4053 2798 4099 erat.
2831 4044 2988 4111 Quod
3020 4045 3067 4100 si
3108 4046 3232 4113 quis
3265 4046 3344 4100 sic
3374 4060 3480 4099 non
3514 4044 3673 4099 intel-

2091 4135 2213 4205 ligit
2246 4135 2350 4189 hoc
2368 4135 2573 4189 dictum
2597 4153 2612 4188 :
2635 4151 2654 4185 ι
2676 4132 2824 4189 Vidit
2843 4135 2983 4190 Deus
3000 4139 3141 4203 quod
3168 4137 3365 4190 bonum
3386 4148 3533 4191 esset
3551 4136 3622 4201 ⁷⁸,
3646 4154 3669 4187 ι

404 4230 435 4284 6
461 4229 615 4294 Θεὸς,
665 4230 748 4282 ὅτι
785 4226 969 4291 καλὸν,
994 4246 1013 4280 ι
1059 4226 1408 4299 διηησάσθω
1447 4227 1563 4290 πῶς
1598 4228 1657 4280 ὲν
1679 4227 1757 4300 τῷ
1781 4247 1801 4279 ι
1836 4230 1980 4296 Ἐξα-

2107 4236 2333 4279 enarret
2381 4225 2541 4279 nobis
2582 4227 2858 4295 quomodo
2886 4225 2942 4277 in
2984 4227 3070 4280 liis
3111 4226 3295 4280 verbis
3327 4238 3344 4277 :
3374 4244 3394 4277 ι
3427 4226 3674 4280 Educant

404 4322 622 4393 γαγέτω
647 4320 718 4373 τὰ
751 4320 921 4374 ὕδατα
949 4319 1155 4391 ἑρπετὰ
1182 4320 1372 4391 ψυχῶν
1400 4318 1611 4387 ζωσῶν,
1645 4322 1741 4375 καὶ
1771 4323 1980 4377 πετεινὰ

2094 4328 2249 4382 aqua:
2298 4314 2511 4383 reptilia
2567 4314 2906 4379 animarum,
2960 4329 3082 4383 quae
3142 4316 3365 4370 victura:
3420 4315 3550 4381 sint,
3618 4323 3676 4370 et

408 4414 682 4484 πετόμενα
708 4412 801 4465 ἐπὶ
831 4411 929 4482 τῆς
959 4410 1063 4481 γῆς
1102 4410 1243 4464 κατὰ
1280 4410 1341 4464 τὸ
1385 4411 1675 4483 στερέωμα
1705 4412 1799 4466 τοῦ
1828 4413 1980 4485 οὐρα-

2095 4405 2335 4461 volatilia
2366 4405 2513 4460 alata
2540 4422 2706 4475 super
2731 4417 2932 4461 terram
2960 4407 3013 4460 in
3041 4407 3383 4462 ﬁrmamento
3410 4409 3534 4463 οωΙί
3553 4409 3619 4472 '“,
3646 4425 3672 4460 ι

409 4504 525 4571 νοῦ,
550 4523 570 4557 ι
601 4502 832 4568 σώζεται
856 4503 918 4557 τό
936 4519 951 4533 ο
972 4496 1154 4556 «Εἵδεν
1171 4504 1201 4556 6
1217 4501 1373 4568 Θεὸς,
1407 4504 1490 4556 ὅτι
1518 4503 1735 4568 καλὸν,ι
1758 4504 1853 4557 καὶ
1883 4505 1980 4575 μά-

2094 4509 2351 4554 servetur
2397 4497 2568 4551 Deum
2610 4497 2833 4562 vidisse,
2868 4498 3010 4566 quod
3066 4499 3269 4551 bonum
3314 4507 3483 4563 esset,
3514 4499 3676 4567 idque

408 4595 566 4652 λιστα
608 4594 732 4648 ἐπεὶ
776 4591 1033 4663 ἐποίησεν
1068 4592 1098 4645 6
1131 4592 1266 4656 Θεὸς
1305 4592 1376 4645 τὰ
1417 4594 1558 4665 κήτη
1592 4593 1661 4646 τὰ
1700 4593 1980 4664 payth

2096 4590 2466 4660 potissimum,
2491 4590 2635 4659 quod
2677 4588 2874 4644 fecerit
2905 4589 3049 4643 Deus
3081 4600 3200 4645 cete
3241 4605 3437 4660 magna
3457 4591 3506 4623 "
3535 4608 3549 4645 :
3579 4592 3676 4646 sed

408 4686 568 4756 λόγος
594 4685 708 4759 (72)
739 4686 769 4738 6
797 4685 926 4755 περὶ
950 4684 1182 4738 ἑκάστου
1211 4684 1416 4739 τούτων
1448 4685 1597 4738 ἐστὶν
1629 4685 1846 4757 ὁραθεὶς
1872 4686 1980 4758 Θεῷ

2099 4680 2240 4734 ratio
2278 4678 2710 4748 uniuscujusque
2745 4679 2938 4732 barum
2973 4692 3154 4732 rerum
3206 4680 3318 4734 Deo
3367 4694 3675 4749 perspecta,

407 4778 471 4832 τὸ
497 4777 682 4832 καλόν.
719 4776 800 4830 Τὰ
830 4777 874 4830 δ’
909 4776 1050 4831 αὐτὰ
1090 4776 1187 4829 καὶ
1226 4774 1495 4846 περὶτοῦ,
1530 4795 1549 4828 ι
1585 4776 1931 4847 Ἐξαγαγέτω
1957 4779 1980 4847 ’ἦ

2101 4786 2190 4825 res
2218 4769 2361 4824 bona
2382 4779 2489 4825 est.
2509 4770 2655 4823 Idem
2680 4771 3013 4825 censendum
3044 4781 3127 4824 est
3152 4780 3208 4824 et
3230 4772 3299 4826 de
3324 4771 3429 4824 illis
3455 4773 3673 4826 verbis:

410 4873 484 4943 Τῆ
515 4870 694 4942 ψυχὴν
727 4869 907 4935 ζῶσα-ν
940 4869 1083 4923 κατά
1123 4869 1303 4937 γένος,
1336 4868 1665 4941 τετράποδα,
1709 4868 1804 4923 καὶ
1838 4870 1980 4941 ἑρπε-

2105 4881 2123 4912 ε
2156 4861 2368 4917 Educat
2388 4870 2535 4915 terra
2563 4862 2805 4916 animam
2833 4864 3106 4918 viventem
3129 4863 3285 4930 juxta
3320 4878 3510 4933 genus,
3539 4880 3677 4933 qna-

410 4964 501 5028 τὰ,
541 4965 638 5017 καὶ
681 4961 846 5034 θηρία
888 4963 987 5034 τῆς
1029 4963 1135 5033 γῆς
1175 4961 1318 5016 κατὰ
1359 4960 1537 5029 γένος,
1562 4979 1582 5012 ι
1633 4960 1876 5023 λεκτέον,
1909 4958 1980 5028 (ῖς

2100 4952 2345 5022 drupeda
2391 4962 2450 5007 et
2480 4953 2715 5023 reptilia,
2748 4948 2970 5011 etieras
2998 4963 3153 5010 terra:
3169 4955 3324 5022 juxta
3355 4970 3522 5023 genus
3542 4956 3618 5021 ";
3651 4974 3676 5008 ι

412 5056 508 5112 καὶ
546 5054 868 5125 ἐπιφέρεται
902 5057 965 5110 τό
983 5073 997 5086 ·
1033 5074 1052 5107 ι
1076 5051 1229 5110 Εἷδιν
1253 5057 1282 5108 6
1306 5053 1461 5121 Θεὸς,
1498 5054 1582 5107 ὅτι
1613 5053 1796 5107 καλόν.
1818 5071 1838 5105 ι
1866 5052 1980 5117 Πῶς

2097 5048 2296 5117 quibus
2322 5047 2670 5117 subjungitur
2695 5047 2860 5102 etiam
2888 5064 2901 5099 :
2941 5066 2959 5099 ι
2990 5046 3135 5101 Vidit
3168 5049 3333 5112 Dens,
3380 5047 3524 5117 quod
3572 5049 3677 5103 bo-

412 5147 522 5218 γὰρ
541 5143 707 5200 καλὸν
736 5147 806 5200 τὰ
831 5144 997 5218 θηρία
1023 5146 1118 5200 καὶ
1142 5146 1213 5200 τὰ
1235 5144 1463 5217 ἑρπετά,
1480 5147 1531 5199 εἰ
1556 5144 1632 5215 μὴ
1654 5144 1761 5214 άρα
1782 5143 1811 5195 6
1834 5142 1980 5212 λόγος

2099 5155 2226 5194 num
2241 5138 2501 5195 esset'h
2521 5139 2807 5204 Quomodo
2828 5138 2976 5192 enim
3011 5139 3138 5194 fera:
3167 5148 3221 5193 et
3241 5139 3448 5208 reptilia
3477 5140 3678 5194 bonum

414 5239 444 5292 6
464 5239 595 5309 napi.
619 5236 800 5291 αὐτῶν
833 5239 949 5290 ἐστι
985 5237 1047 5289 τὸ
1077 5236 1275 5302 καλόνς
1306 5234 1491 5290 Ταῦτα
1527 5235 1572 5289 δ’
1601 5237 1736 5307 ἡμῖν
1773 5234 1980 5304 λέγεται

2096 5245 2245 5299 sunt,
2282 5234 2384 5288 nisi
2433 5234 2572 5287 ratio
2610 5247 2798 5286 earnm
2848 5234 3050 5286 bonum
3100 5230 3223 5287 est?
3259 5230 3385 5286 Haec
3430 5241 3610 5285 autem
3644 5246 3676 5284 a

489 5327 538 5360 “
569 5328 690 5385 lsai.
721 5344 813 5390 κιο,
835 5327 929 5381 26.
1040 5327 1086 5359 ⁸⁵
1110 5326 1301 5381 Matth.
1323 5342 1377 5390 v,
1397 5327 1598 5393 5seq.;
1633 5324 1766 5380 an.
1792 5341 1868 5391 vi,
1894 5324 1967 5378 20
1989 5339 2109 5392 seq.
2184 5325 2231 5355 “
2258 5324 2391 5378 Luc.
2416 5337 2535 5388 xw,
2563 5321 2657 5393 23.
2732 5322 2775 5393 ξ’
2801 5320 2933 5376 Luc.
2970 5336 3090 5388 xm,
3121 5322 3179 5374 Η
3220 5337 3337 5391 seq.
3382 5322 3458 5393 gf“
3482 5322 3522 5374 ll
3546 5320 3676 5375 Cor.

415 5398 606 5465 11,18.
696 5399 894 5453 “Gen.
924 5397 1079 5462 1,51.
1155 5390 1591 5461 '°ibid.10,l'2,
1625 5390 1860 5461 13,21.
1910 5396 1955 5427 τι

2082 5398 2122 5449 l.
2149 5393 2242 5448 20.
2314 5394 2359 5425 ⁷³
2394 5394 2526 5447 ibid.
2551 5392 2643 5448 2|.
2719 5391 2766 5423 ⁷³
2797 5395 2928 5445 ibid.
2954 5392 3044 5446 24.
3123 5392 3172 5423 ⁷⁸
3203 5390 3334 5448 ibid.
3373 5390 3467 5447 εδ.

489 5492 627 5563 (68')
656 5490 785 5558 Τοῖς
811 5492 882 5563 ὲις
904 5491 1088 5563 πεδίῳ
1117 5487 1492 5559 συναχθεῖσι.
1517 5488 1646 5546 Haec
1671 5490 1980 5546 desideran-

2096 5491 2263 5563 tuitur
2292 5488 2646 5563 e_co_d_ici_bus
2665 5487 2963 5563 Bodleiano,
2984 5499 3038 5545 et
3073 5491 3390 5563 Barberino.

420 5558 512 5617 tur
548 5564 599 5616 in
635 5564 825 5616 codice
850 5558 1163 5616 Bodleiano.
1288 5558 1315 5559 ⁷⁷
1429 5628 1437 5630 _
1701 5628 1710 5630 μ
1878 5629 1886 5630 ί

2100 5628 2113 5630 Α
2165 5560 2278 5629 (71)
2313 5558 2483 5630 Codd.
2504 5558 2844 5630 Bodleiunus
2867 5570 2923 5613 et
2948 5561 3294 5625 Barberinus,
3325 5563 3439 5623 τοῖς
3470 5558 3672 5630 λόγοις·

489 5631 604 5701 (69)
627 5631 804 5686 Codex
854 5632 1195 5702 Bodleianus,
1231 5628 1541 5701 βασιλείοις,
1575 5632 1671 5685 sed
1700 5628 1980 5702 legendum

2095 5628 2473 5702 Ilegiii3,_cob_g
2489 5628 2717 5702 λόγους.

421 5694 637 5755 videtur
660 5702 934 5772 βασάνοις,
976 5712 1035 5772 ιιι.
1066 5703 1118 5755 in
1149 5694 1382 5772 Regio.”
1592 5769 1602 5772 _
1941 5770 1947 5772 _

2152 5694 2290 5772 Δ(72)
2328 5699 2390 5772 Ὀ
2421 5694 2747 5772 λόγος’,οια
2781 5698 3091 5770 Legendum
3114 5696 3369 5764 fortasse,
3395 5700 3442 5751 εἰ
3468 5694 3548 5769 μὴ
3567 5695 3678 5769 ἄρα

493 5771 604 5841 (70)
647 5767 956 5843 'Oyoiwya.
989 5771 1150 5828 Deest
1179 5767 1454 5829 iu'codice
1474 5769 1662 5842 Regio,
1687 5770 1784 5827 sed
1821 5770 1980 5828 resti—

2093 5772 2121 5824 ὁ
2152 5768 2308 5838 λόγος
2333 5770 2360 5821 6
2383 5771 2515 5838 περὶ
2538 5767 2790 5824 ἑκάστου.
