4170 6404
509 340 611 395 475

1981 337 2303 395 ORIGENIS

3651 339 3758 393 476

508 456 666 512 nobis
701 454 963 512 dicuntur
1004 468 1229 526 propter
1262 457 1392 512 illud
1428 477 1441 510 ι
1477 477 1494 509 ι
1530 458 1726 512 Levate
1763 457 1950 512 oculos
1989 473 2070 510 ve-

2185 456 2270 508 διά
2301 457 2386 508 τό·
2437 475 2454 504 ι
2488 457 2758 527 Ἐπάρατε
2803 458 2927 520 τοὺς
2955 450 3266 525 ὀφθαλμοὺς
3295 455 3470 526 ὑμῶν,
3505 455 3597 509 καὶ
3629 455 3756 508 θεά-

507 560 677 610 stros,
706 558 760 602 et
798 548 978 602 videte
1007 549 1120 602 loca
1146 549 1255 616 jam
1287 549 1406 602 alba
1441 563 1563 603 esse
1584 550 1648 601 ad
1679 561 1968 611 messem,»
1990 546 2080 600 Fi-

509 637 582 693 lio
615 638 734 702 Dei,
771 639 865 707 qui
917 640 1198 707 discipulis
1254 640 1464 702 aderat,
1498 639 1772 693 auditores
1807 647 2080 701 monente,

509 742 569 784 ut
598 732 879 785 elevarent
909 733 1098 785 oculos
1124 732 1190 785 ad
1246 732 1364 785 loca
1415 731 1732 800 Scripturae,
1772 740 1826 784 et
1856 734 1921 784 ad
1963 730 2082 785 loca

511 821 742 876 rationis
799 821 1033 888 singulis
1091 820 1310 874 entibns
1354 821 1554 873 innata:
1591 820 1976 889 ingenitarque,
2022 831 2083 874 ut

509 909 811 964 albedinem
851 909 1312 978 splendoremque
1343 911 1481 964 lucis
1512 912 1780 975 veritatis,
1811 928 1931 980 qua:
1965 913 2084 966 ubi-

505 1013 630 1070 que'
657 1009 762 1062 est,
811 1000 1010 1069 aliquis
1057 1002 1278 1057 videat:
1325 1022 1344 1054 ι
1377 1003 1567 1058 Omnia
1604 1023 1624 1056 ο
1661 1004 1804 1057 enim
1841 1021 1860 1054 ι
1898 1018 2082 1056 coram

508 1091 954 1161 intelligentibus,
989 1113 1008 1146 ι
1051 1102 1188 1149 teste
1238 1095 1528 1150 Salomone
1554 1096 1624 1160 ",
1665 1117 1684 1149 ι
1714 1109 1858 1152 recta
1901 1107 2080 1152 autem

506 1182 589 1236 his
617 1184 708 1251 qui
735 1199 961 1238 sensum
989 1186 1318 1242 distribuere
1350 1188 1590 1245 volunt.»

574 1358 666 1416 43.
697 1377 716 1410 ι
748 1359 848 1426 Qui
883 1361 1061 1427 metit,
1091 1366 1396 1418 mercedem
1429 1367 1652 1434 accipit,
1692 1375 1747 1420 et
1779 1376 2081 1436 congregat

504 1447 740 1505 fructum
774 1453 826 1506 in
862 1453 1029 1508 vitam
1082 1465 1364 1520 mternam,
1399 1467 1459 1511 ut
1485 1458 1577 1527 qui
1628 1458 1883 1524 seminat,
1916 1460 2079 1514 simul

499 1541 754 1612 gaudeat,
785 1555 837 1598 et
869 1546 959 1614 qui
994 1547 1148 1600 metit
1170 1548 1237 1605 ⁷⁸.
1274 1567 1294 1600 ι
1330 1549 1473 1615 Quot
1502 1549 1679 1605 modis
1713 1550 1765 1604 in
1796 1550 2079 1622 Scriptura

502 1636 695 1690 messis
725 1636 962 1700 dicatur,
1014 1649 1071 1693 et
1117 1639 1168 1693 in
1220 1650 1355 1710 quot
1384 1641 1876 1710 signiticationihus
1903 1658 2078 1712 pona-

502 1733 610 1789 tur,
643 1726 827 1782 dicere
855 1739 1072 1795 oportet
1107 1749 1119 1784 :
1159 1731 1319 1800 idque
1350 1733 1660 1787 necessario
1695 1734 2078 1804 apponendum

2188 546 2350 598 σασθε
2396 547 2493 610 τὰς
2541 547 2744 618 χώρας,
2795 547 2876 600 ὅτι
2925 546 3114 599 λευκαί
3169 549 3274 599 είσι
3321 547 3454 616 πρὸς
3501 546 3760 618 θερισμὸν

2183 639 2348 709 ἦδη,ι
2400 640 2800 709 προτρέποντος
2857 637 2950 691 τοῦ
2999 638 3262 708 παρόντος
3315 641 3425 698 τοῖς
3488 638 3758 708 μαθηταῖς

2183 733 2356 798 Λόγου
2382 732 2507 793 τοὺς
2536 730 2808 799 ἀκροατάς
2853 729 3100 799 ἐπαίρειν
3145 729 3270 790 τοὺς
3323 729 3634 799 ὀφθαλμοὺς
3665 728 3755 782 ὲπί

2181 840 2240 875 τε
2268 824 2367 885 τὰς
2407 821 2587 894 χώρας
2634 823 2731 892 τῆς
2765 823 3005 892 Γραφῆς,
3049 821 3140 872 καὶ
3172 821 3265 872 ἐπὶ
3297 821 3395 884 τὰς
3436 821 3616 891 χώρας
3659 821 3753 874 τοῦ

2182 916 2239 967 ἐν
2266 915 2479 984 ἑκάστῳ
2508 915 2613 967 τῶν
2651 914 2818 966 ὄντων
2849 913 3029 982 λόγου,
3066 913 3154 966 ἵνα
3191 914 3290 984 τὴν
3331 913 3625 982 λευκότητα
3661 913 3753 966 καὶ

2181 1007 2278 1076 τὴν
2307 1006 2664 1076 λαμπρότητα
2692 1004 2948 1075 θεάσηται
2978 1021 3060 1066 τις
3088 1003 3183 1056 τοῦ
3213 1003 3311 1072 τῆς
3337 1002 3592 1072 ἀληθείας
3621 1019 3754 1057 παν-

2180 1095 2346 1166 ταχοῦ
2370 1096 2543 1163 φωτός
2563 1113 2574 1125 ·
2611 1113 2629 1146 ι
2653 1095 2834 1148 Πάντα
2860 1093 2969 1164 γὰρ
2992 1091 3220 1145 ἐνώπιον
3237 1093 3350 1162 (75)
3378 1095 3490 1155 τοῖς
3512 1092 3745 1156 νοοῦσι,›

2182 1187 2320 1239 κατά
2359 1186 2448 1239 τὸν
2503 1185 2844 1255 Σολομῶντα,
2897 1201 2916 1236 ι
2941 1184 3076 1255 ὀρθὰ
3126 1183 3184 1236 δὲ
3235 1187 3347 1247 τοῖς
3405 1183 3752 1255 βουλομένοις

2180 1275 2578 1346 ἀπονείμασθαι
2605 1276 2714 1347 (74)
2745 1275 3015 1346 αἴσθησιν.
3047 1295 3066 1325 ι

2251 1369 2338 1422 45.
2388 1389 2406 1420 ι
2443 1371 2502 1422 Ὀ
2543 1368 2770 1440 θερίζων
2815 1367 3004 1438 μισθὸν
3051 1366 3337 1438 λαμὸάνει,
3384 1368 3477 1420 καὶ
3531 1368 3752 1436 συνάγει

2181 1462 2390 1532 καρπὸν
2421 1460 2500 1522 εἰς
2531 1460 2676 1530 ζωὴν
2701 1459 2938 1524 αἰώνιον,
2970 1461 3054 1512 ἵνα
3081 1460 3108 1510 ὁ
3140 1459 3376 1530 σπείρων
3403 1459 3537 1530 ὁμοῦ
3565 1461 3749 1532 χαίρῃ,

2180 1554 2273 1607 καὶ
2322 1554 2351 1605 ὁ
2393 1551 2674 1624 θερίζων.»
2712 1551 2971 1622 Ποσαχῶς
2998 1553 3026 1604 ὁ
3057 1551 3316 1622 θερισμὸς
3361 1553 3418 1604 tv
3457 1553 3524 1622 τῇ
3561 1553 3750 1622 Γραφῇ

2178 1644 2541 1712 λέγεται,καὶ
2579 1643 2663 1712 ἐφ’
2707 1644 2847 1695 ὅσων
2885 1642 3162 1705 τάσσεται,
3211 1640 3417 1710 νομίζω
3453 1643 3752 1710 ἀναγκαῖον

2181 1731 2320 1787 εἶναι
2353 1733 2714 1804 παραθέσθαι,
2747 1733 2854 1796 ἵνα,
2882 1732 3022 1784 κατὰ
3049 1731 3110 1783 τὸ
3134 1731 3354 1784 δυνατὸν
3381 1734 3515 1802 ἡμῖν
3547 1733 3752 1805 καθαρ-

501 1828 648 1880 reor,
705 1822 762 1869 ut
807 1818 1118 1885 possimus,
1163 1821 1566 1890 signiﬁcatione
1621 1821 1782 1892 hujus
1839 1823 2070 1878 nominis

2183 1825 2366 1888 θέντος
2402 1824 2496 1878 τοῦ
2552 1824 2972 1895 σημαινομένου,
3017 1821 3331 1894 δυνηθῶμεν
3377 1823 3564 1878 ὲνθάδε
3625 1804 3751 1878 ἰδεῖν

501 1906 656 1961 nobis
685 1922 783 1975 pro
827 1909 1031 1964 viribus
1066 1923 1373 1980 perspecta,
1404 1928 1469 1968 ex
1507 1911 1754 1984 pluribus
1787 1914 1973 1970 videre
2019 1915 2073 1969 in

499 2013 734 2066 quanam
764 2003 1073 2070 ponendum
1105 2005 1195 2058 sit.
1230 2006 1546 2062 Invenimus
1583 2023 1715 2078 ergo
1747 2008 1800 2062 in
1831 2007 2075 2078 Evange-

498 2086 574 2141 lio
626 2093 922 2146 secundum
980 2094 1316 2162 Matth-arum,
1350 2097 1515 2169 254
1547 2113 1670 2152 cum
1713 2099 2077 2154 accessissent

501 2179 750 2252 discipuli
789 2185 859 2239 ad
909 2186 1199 2242 Dominum
1244 2188 1538 2244 dicentes:
1575 2209 1594 2242 ι
1627 2190 1880 2247 Edissere
1919 2193 2074 2247 nobis

497 2273 810 2339 parabolam
829 2277 1174 2332 zizaniorum
1204 2281 1319 2346 agri
1346 2280 1414 2345 ",
1445 2299 1464 2332 ι
1494 2281 1800 2336 doctrinam
1835 2283 2071 2346 Domini,

495 2376 617 2430 qua:
645 2365 711 2419 de
745 2369 846 2422 hoc
894 2369 1112 2425 nomine
1153 2383 1275 2441 post
1321 2371 1428 2425 alia
1459 2373 1634 2428 dicit:
1675 2394 1692 2424 ι
1721 2373 1909 2429 Mcssis
1945 2391 2074 2430 vero

495 2461 580 2506 est
606 2451 729 2509 ﬁnis
754 2457 958 2522 saeculi,
995 2475 1263 2515 messores
1295 2471 1475 2515 autem
1506 2464 1683 2532 angeli
1723 2475 1847 2518 sunt
1873 2467 1974 2522 ⁷⁸.»
2005 2468 2073 2520 At

496 2556 628 2598 vero
655 2545 819 2600 etiam
850 2549 954 2602 alio
990 2550 1042 2604 in
1083 2552 1202 2606 loco
1239 2555 1304 2608 de
1331 2555 1677 2609 multitudine
1708 2558 2070 2622 credentitnn,

495 2643 551 2686 et
577 2649 716 2705 opus
748 2638 1064 2694 habentium
1087 2642 1334 2698 doctrina
1368 2661 1490 2714 qua:
1535 2647 1643 2702 illis
1674 2649 1985 2704 manifestet
2007 2666 2069 2703 ea

494 2738 616 2794 qua:
637 2729 890 2796 credunt,
905 2731 1168 2788 Servator
1194 2735 1368 2806 inquit
1391 2748 1573 2793 noster
1595 2740 1662 2792 ηε
1687 2759 1705 2791 ι
1736 2740 1928 2795 Messis
1950 2742 2072 2811 qui-

494 2817 618 2870 dem
651 2820 841 2887 multa,
883 2825 1121 2890 operarii
1165 2835 1346 2880 autem
1380 2831 1570 2896 pauci;
1611 2830 1893 2886 obsecrate
1941 2849 2070 2905 ergo

493 2905 776 2964 dominum
821 2915 1035 2980 messis,
1062 2926 1120 2969 ut
1156 2918 1372 2972 emittat
1420 2921 1700 2989 operarios
1752 2923 1803 2976 in
1837 2939 2067 2980 mesen:

493 3010 669 3054 suam.
700 3019 720 3052 ι
755 3002 834 3056 Ad
861 3003 976 3058 bzec
1010 3006 1300 3075 Apostolus
1328 3026 1512 3065 semen
1564 3014 1786 3081 quidem
1821 3018 2070 3070 nominat

492 3102 638 3154 eam,
671 3104 792 3159 qua:
828 3093 880 3146 in
911 3095 1013 3150 hac
1045 3099 1150 3150 vita
1179 3108 1284 3164 est,
1313 3102 1726 3167 abundantiam,
1759 3107 1841 3158 vel
1872 3121 2066 3176 pecca-

495 3183 608 3231 tum
663 3179 982 3252 hominum;
1017 3201 1248 3244 messem
1300 3206 1428 3246 vero
1482 3209 1568 3258 ea,
1612 3210 1732 3264 quas
1777 3199 2068 3268 unicuique

495 3270 693 3326 merito
729 3276 964 3344 reposita
996 3289 1142 3343 sunt,
1174 3282 1256 3335 vel
1287 3284 1357 3338 ob
1391 3287 1652 3354 praeclare
1682 3287 1851 3349 facta,
1886 3290 1970 3344 vel
1999 3295 2069 3344 ob

491 3373 736 3432 peccata,
767 3383 889 3436 qua:
923 3369 974 3422 in
1025 3376 1280 3438 praesenti
1333 3376 1444 3430 vita
1491 3379 1725 3448 quisque
1761 3383 1958 3449 egerit,
1990 3384 2070 3439 sic
2111 3419 2118 3426 -

489 3452 678 3510 dicens
696 3456 742 3488 '°
771 3474 784 3510 :
824 3475 844 3510 ι
875 3459 1145 3532 Quidquid
1206 3467 1350 3520 enim
1382 3471 1733 3525 seminaverit
1755 3471 1938 3541 homo,
1965 3475 2070 3532 hoc

487 3545 655 3599 etiam
703 3558 904 3617 metet;
959 3556 1212 3622 quoniam
1252 3559 1344 3627 qui
1392 3559 1445 3613 in
1486 3575 1654 3616 carne
1698 3565 1953 3631 seminat,
2003 3569 2069 3622 de

487 3649 654 3691 carne
685 3654 963 3697 messurus
993 3655 1077 3700 est
1114 3651 1520 3718 corruptionem
1555 3672 1570 3708 :
1600 3654 1691 3722 qui
1741 3665 1926 3710 autem
1975 3673 2066 3713 se-

493 3728 666 3781 Ininat
691 3729 743 3783 in
778 3733 997 3800 spiritu,
1031 3737 1097 3792 de
1123 3741 1320 3807 spiritu
1353 3751 1518 3797 metet
1547 3744 1713 3798 vitam
1741 3754 2063 3802 azternam.»

489 3814 548 3900 in
578 3819 755 3888 aliqua
787 3837 922 3878 vero
956 3827 1118 3883 simili
1154 3831 1562 3900 signiﬁcatione
1609 3835 1850 3892 arbitror
1901 3840 2066 3894 etiam

491 3899 952 3980 Prophetam,qui
986 3913 1036 3968 in
1062 3899 1292 3973 Psalmis
1317 3920 1729 3988 circumfertur,
1754 3925 2017 3982 dixisse“
2049 3945 2062 3982 :

491 4012 510 4044 ι
548 3994 646 4060 Qui
676 4001 951 4057 seminant
983 4005 1037 4060 in
1070 4006 1349 4079 lacrymis,
1371 4011 1423 4064 in
1449 4013 1814 4072 exsultatione
1839 4029 2062 4076 metent.

490 4087 694 4144 Euntes
758 4091 925 4156 ibant,
968 4106 1023 4150 et
1073 4096 1308 4166 ﬂebant,
1359 4103 1640 4161 mittentes
1676 4109 1882 4163 semina
1927 4126 2062 4178 sua;

488 4183 769 4240 venientes
804 4198 984 4244 autem
1015 4193 1232 4246 venient
1263 4209 1384 4248 cum
1415 4197 1808 4273 exsultatione,
1843 4213 2065 4270 portan-

491 4283 574 4328 tcs
624 4279 928 4347 manipulos
977 4299 1167 4337 suos.»
1223 4283 1453 4340 Ponitur
1504 4288 1670 4341 etiam
1724 4292 1826 4345 hoc
1868 4308 2063 4348 nomen

487 4363 822 4434 frequenter,
849 4381 907 4424 ut
931 4372 1075 4442 loqui
1097 4379 1505 4443 consuevimus,
1532 4383 1986 4450 quemadmodum
2008 4387 2060 4438 in

2182 1917 2274 1969 ἐπὶ
2323 1917 2467 1980 τίνος
2508 1916 2616 1968 τῶν
2664 1915 2923 1967 πλειόνων
2969 1913 3223 1966 τέτακται
3275 1915 3308 1984 ὴ
3355 1913 3515 1980 λέξις.
3565 1915 3750 1986 Ἐροῦ-

2185 2025 2283 2078 μεν
2312 2007 2425 2075 (75l
2455 2006 2519 2077 δὴ
2554 2008 2614 2058 tv
2643 2005 2722 2076 τῷ
2753 2003 2892 2058 κατά
2924 2002 3196 2058 Ματθαίον
3227 2004 3561 2074 Εύαγγελίῳ,
3591 2006 3751 2075 ἡνίκα

2183 2097 2489 2168 προσῆλθον
2515 2099 2564 2150 oi.
2597 2096 2836 2168 μαθηταὶ
2862 2095 2940 2166 τῷ
2971 2095 3159 2166 Κυρίῳ
3188 2093 3436 2162 λέγοντες
3455 2112 3468 2124 ·
3508 2117 3526 2146 ι
3551 2096 3750 2148 Διασά-

2181 2205 2353 2258 φησον
2381 2190 2511 2259 ἡμῖν
2531 2189 2630 2258 τὴν
2655 2187 2966 2258 παραδολὴν
2994 2185 3103 2238 τῶν
3131 2183 3384 2248 ζιζανίων
3405 2185 3497 2238 τοῦ
3521 2186 3712 2258 ἀγροῦ,
3729 2205 3747 2238 ι

2179 2280 2526 2335 διδασκαλίαν
2559 2281 2688 2350 περὶ
2715 2279 2923 2350 ταύτης
2951 2277 3044 2331 τοῦ
3081 2277 3307 2348 Κυρίου,
3337 2277 3453 2348 μεθ’
3479 2276 3640 2348 ἕτερα
3668 2278 3750 2330 λέ.

2180 2391 2380 2442 γουσαν
2405 2391 2418 2404 ο
2457 2393 2476 2424 ι
2508 2374 2566 2426 '0
2594 2372 2652 2424 δὲ
2682 2371 2936 2442 θερισμὸς
2969 2369 3247 2423 συντέλεια
3286 2368 3480 2430 αἰῶνός
3504 2369 3672 2432 ἐστιν,
3702 2368 3750 2422 ot

2178 2463 2235 2516 δὲ
2263 2461 2508 2534 θερισταὶ
2536 2459 2755 2529 ἄγγελοί
2783 2461 2939 2512 εἰσιν.
2968 2478 2987 2511 ι
3029 2458 3188 2510 Ἀλλά
3226 2456 3330 2527 μὴν
3362 2457 3455 2510 καὶ
3485 2459 3542 2509 tv
3583 2457 3750 2528 ἑτέρῳ

2179 2556 2329 2625 τόπῳ
2359 2571 2424 2606 πε
2435 2553 2487 2624 ρί
2512 2552 2606 2604 τοῦ
2637 2550 2872 2621 πλήθους
2893 2549 3000 2602 τῶν
3023 2550 3387 2602 πιστευόντων
3406 2546 3750 2618 ἀπορούντων

2177 2645 2522 2708 διδασκαλίας
2566 2641 2868 2714 τρανούσης
2920 2641 3102 2704 αὐτοῖς
3146 2641 3273 2712 περὶ
3311 2634 3387 2693 ὧν
3415 2639 3747 2696 πιστεύουσι,

2179 2739 2343 2807 φησὶν
2371 2740 2398 2788 ὁ
2431 2735 2619 2805 Σωτὴρ
2663 2733 2818 2804 ἡμῶν
2839 2751 2850 2762 ·
2907 2753 2924 2784 ι
2961 2733 3018 2785 '0
3052 2733 3148 2803 μὲν
3178 2733 3434 2802 θερισμὸς
3467 2731 3651 2794 πολὺς,
3696 2734 3746 2784 οἱ

2177 2828 2233 2880 δὲ
2261 2829 2488 2897 ἐργάται
2520 2825 2720 2892 ὀλίγοιο
2761 2822 2988 2893 δεήθητε
3035 2818 3127 2874 οὖν
3165 2821 3258 2874 τοῦ
3301 2821 3504 2892 Κυρίου
3537 2821 3629 2875 τοῦ
3663 2821 3746 2873 θε-

2179 2919 2396 2991 ρισμοῦ,
2425 2920 2572 2980 ὅπως
2598 2915 2832 2985 ὲκῦάλλῃ
2873 2914 3109 2985 ἐργάτας
3151 2915 3228 2976 είς
3255 2913 3344 2966 τὸν
3367 2913 3624 2985 θερισμὸν
3651 2913 3746 2967 m3-

2175 3013 2290 3067 τοῦ.
2315 3030 2332 3061 ›
2373 3009 2516 3080 Πρὸς
2557 3007 2765 3068 τούτοις
2811 3008 2839 3058 ὁ
2885 3005 3202 3067 ’Λπόστολος
3251 3004 3454 3076 σπόρον
3499 3005 3594 3075 μὲν
3633 3005 3746 3058 ὀνο-

2095 3152 2137 3209 C
2179 3101 2339 3175 μάζει
2370 3102 2467 3172 τὴν
2506 3103 2564 3153 tv
2601 3099 2680 3168 τῷ
2726 3098 2824 3167 βίῳ
2852 3097 3026 3167 τούτῳ
3069 3096 3348 3167 εὐπορίαν,
3400 3097 3434 3166 ἢ
3477 3097 3746 3168 ἁμαρτίαν

2211 3196 2235 3208 ο
2327 3195 2339 3209 ι
2385 3193 2410 3209 Λ
2471 3190 2484 3208 Ι
2611 3207 2646 3209 γ.
2686 3188 2940 3209 Λ------ὶ-.
2971 3188 3019 3209 ιιι
3051 3186 3113 3209 _L
3146 3186 3229 3209 $-L
3261 3187 3323 3209 -1-
3351 3187 3575 3209 1.._~_-,n..
3606 3205 3706 3209 --μ-

2170 3196 2276 3250 τῶν
2315 3190 2618 3263 ἀνθρώπων
2637 3207 2648 3220 ·
2686 3188 2940 3260 θερισμὸν
2965 3188 3023 3240 δὲ
3047 3186 3115 3240 τὰ
3142 3186 3229 3241 διὰ
3258 3187 3324 3240 τὰ
3348 3187 3579 3240 ἐνταῦθα
3605 3205 3746 3242 κατ-

2169 3284 2462 3359 ορθώματα
2506 3282 2539 3350 ἥ
2585 3282 2958 3352 ἁμαρτήματα
3007 3278 3222 3348 ἑκάστῳ
3269 3278 3408 3332 κατά
3446 3279 3544 3349 τὴν
3592 3280 3747 3346 ἀξίαν

2170 3378 2530 3446 ἀποκείμενα,
2577 3374 2720 3427 οῦτω
2753 3373 2956 3440 λέγων’
3001 3392 3019 3423 ι
3051 3373 3115 3424 "0
3147 3371 3256 3442 γάρ
3296 3372 3389 3424 ἐὰν
3419 3372 3618 3444 σπείρῃ
3656 3373 3744 3426 ἀν-

2172 3471 2409 3542 θρωπος,
2457 3466 2616 3520 τοῦτο
2664 3466 2758 3517 καὶ
2808 3464 3043 3535 θερίσειο
3075 3463 3156 3516 ὅτι
3199 3464 3227 3516 ὁ
3277 3463 3516 3534 σπείρων
3545 3466 3624 3526 είς
3646 3463 3746 3535 τὴν

2171 3562 2348 3632 σάρκα
2384 3562 2448 3612 ὲκ
2476 3557 2577 3627 τῆς
2610 3555 2815 3626 σαρκὸς
2841 3553 3045 3624 θερίσει
3090 3552 3293 3623 φθοράν
3313 3570 3326 3583 ·
3361 3555 3390 3606 ὁ
3419 3553 3475 3606 δὲ
3511 3553 3746 3626 σπείρων

2170 3653 2249 3714 είς
2283 3651 2343 3703 τὸ
2373 3647 2594 3718 πνεῦμα
2621 3649 2686 3699 ὲκ
2715 3645 2809 3698 τοῦ
2842 3643 3149 3714 πνεύματος
3197 3643 3401 3714 θερίσει
3443 3642 3588 3716 ζωὴν
3617 3643 3745 3696 αἰώ-

2169 3760 2300 3797 νιον.
2331 3761 2349 3794 ι
2387 3739 2546 3794 Κατά
2588 3756 2732 3803 τινος
2765 3738 2821 3792 δὲ
2855 3735 3238 3802 παραπλησίου
3282 3735 3376 3788 τοῦ
3413 3737 3744 3808 σημαινομέ-

2168 3852 2260 3887 νου
2317 3830 2522 3904 νομίζω
2568 3831 2660 3883 καὶ
2689 3830 2780 3883 τὸν
2831 3828 3124 3898 Προφήτην
3158 3827 3454 3894 φεῴμενον
3484 3829 3541 3880 ὲν
3599 3829 3743 3882 Ψαλ-

2173 3929 2291 3998 μοῖς
2365 3923 2677 3996 εἰρηκέναι·
2737 3921 2846 3974 «Oi
2902 3919 3211 3987 σπείροντες
3277 3923 3336 3971 ὲν
3381 3919 3640 3991 δάκρυσιν
3691 3923 3746 3974 ὲν

2167 4018 2486 4088 ἀγαλλιάσει
2549 4013 2807 4086 θεριοῦσι,
2847 4006 3204 4082 Πορευόμενοι
3266 4011 3588 4083 ἐπορεύοντο
3654 4015 3742 4067 καὶ

2168 4110 2399 4171 ἔκλαιον,
2437 4107 2720 4178 βάλλοντες
2766 4105 2833 4157 τὰ
2885 4103 3174 4173 σπέρματα
3215 4103 3427 4155 αὐτῶν·
3465 4105 3743 4174 ἐρχόμενοι

2166 4200 2222 4253 δὲ
2254 4199 2475 4268 ἥξουσιν
2503 4201 2560 4250 tv
2595 4195 2936 4265 ἀγαλλιάσει,
2967 4195 3211 4264 αἴροντες
3246 4193 3313 4246 τά
3339 4193 3625 4265 δράγματα
3651 4195 3737 4247 αὐ-

2166 4291 2330 4344 τῶν.»
2362 4292 2555 4343 Κεῖται
2583 4289 2638 4341 δὲ
2663 4288 2724 4340 τὸ
2755 4288 2926 4358 ὄνομα
2958 4285 3225 4355 πολλαχοῦ
3258 4289 3351 4338 καὶ
3384 4287 3478 4338 ἐπὶ
3501 4287 3596 4356 τῆς
3623 4301 3738 4337 συν-

2164 4381 2372 4451 ηθείας,
2403 4379 2592 4448 ὥσπερ
2635 4379 2729 4430 καὶ
2757 4379 2813 4430 tv
2836 4379 2905 4447 τῇ
2944 4373 3124 4440 Ῥούθ,
3151 4375 3240 4429 διὰ
3260 4375 3482 4429 τούτων’
3537 4397 3553 4426 ι
3578 4376 3742 4428 Αύταδ

486 4456 626 4512 libro
671 4457 815 4514 Ruth
867 4463 1017 4519 hisce
1062 4469 1242 4522 verbis
1272 4483 1286 4520 :
1328 4489 1345 4520 ι
1374 4469 1482 4525 Illa:
1511 4480 1691 4526 autem
1723 4473 2064 4529 advenerunt

2173 4473 2224 4526 δὲ
2266 4471 2717 4543 παρεγενήθησαν
2760 4474 2839 4536 εἰς
2890 4471 3138 4543 Βηθλεὲμ
3188 4473 3245 4523 tv
3291 4473 3434 4542 ἀρχῇ
3487 4470 3746 4541 θερισμοῦ

486 4549 838 4622 Bethlehem,
876 4573 1000 4613 cum
1063 4563 1257 4618 messis
1299 4565 1604 4620 hordeacea
1656 4565 1918 4636 inciperet
1939 4568 2006 4622 ⁸³.
2039 4588 2057 4620 ι

487 4642 758 4713 Expositis
787 4649 969 4719 itaque
1014 4653 1066 4706 in
1100 4657 1386 4722 prtesentia
1419 4657 1660 4726 quinque
1698 4659 2062 4730 signiﬁcatio-

485 4736 646 4790 nibus
678 4741 893 4807 messis,
932 4744 1279 4800 manil‘estum
1330 4757 1413 4803 est
1451 4751 1553 4803 hoc
1583 4749 1635 4803 in
1669 4749 1787 4806 loco
1828 4768 2060 4808 messem

459 4831 592 4880 'non
632 4830 807 4898 accipi
863 4843 921 4886 ut
965 4833 1110 4903 loqui
1142 4838 1548 4903 consuevimus,
1596 4840 1692 4894 sed
1729 4856 1796 4896 ne
1827 4858 1924 4912 pro
1955 4842 2062 4897 ﬁne

483 4919 702 4984 quidem
751 4931 806 4976 et
835 4928 1345 4994 consummatione;
1377 4946 1555 4999 neque
1586 4933 1732 4986 enim
1766 4934 1865 4988 hoc
1901 4939 2060 4990 modo

485 5005 632 5077 loqui
653 5015 1036 5068 consuevimus
1063 5037 1073 5069 :
1119 5034 1137 5066 ι
1161 5017 1263 5083 Qui
1297 5021 1475 5082 metit,
1501 5024 1806 5076 mercedem
1837 5025 2054 5095 accipit,

483 5107 540 5152 et
562 5113 858 5174 congregat
902 5105 1134 5160 fructum
1167 5109 1218 5162 in
1249 5109 1411 5164 vitam
1440 5122 1700 5166 aeternam
1726 5114 1790 5166 ⁸³.
1823 5133 1842 5167 ι
1875 5115 2061 5186 Neque

483 5188 552 5246 de
587 5195 921 5250 messoribus
949 5198 1159 5267 angelis
1187 5211 1612 5258 consentaneum
1641 5212 1722 5258 est
1749 5221 1846 5260 nos
1876 5207 1976 5262 hoc
2006 5209 2057 5262 in

557 5302 604 5335 "
635 5303 798 5360 Prov.
832 5322 951 5370 vm,
979 5310 1034 5364 9.

2168 4563 2392 4637 κριθῶν.
2421 4583 2438 4613 ι
2492 4563 2660 4616 Πέντε
2705 4562 2770 4634 δὴ
2818 4563 2911 4616 ἐπὶ
2963 4563 3060 4617 τοῦ
3115 4563 3383 4633 παρόντος
3421 4562 3746 4616 ἐκτεθέντων

2169 4657 2602 4728 σημαινομένων,
2634 4657 2865 4727 φανερὸν
2900 4657 3018 4728 μὲν,
3054 4657 3134 4710 δτι
3164 4657 3223 4708 ού
3265 4657 3325 4708 τὸ
3372 4659 3430 4709 ἐν
3469 4660 3533 4728 τῇ
3581 4674 3745 4727 συνη-

2168 4749 2286 4820 0-ίᾳ
2317 4747 2643 4819 δηλούμενον
2675 4746 2908 4800 ἐνταῦθα
2953 4747 3188 4819 εἴρηται,
3240 4747 3355 4799 ἀλλ’
3387 4748 3507 4800 οὐδὲ
3557 4748 3618 4801 τὸ
3655 4748 3745 4801 ἐπὶ

2166 4843 2264 4911 τῆς
2293 4841 2603 4904 συντελείας
2634 4839 2985 4910 τεταγμένονο
3019 4840 3143 4893 οὔτε
3176 4841 3282 4912 γὰρ
3311 4841 3369 4894 ἐν
3391 4844 3456 4910 τῇ
3491 4841 3742 4912 συνηθείᾳ

2166 4934 2256 4986 τό·
2292 4953 2310 4984 ι
2347 4933 2405 4986 Ὀ
2442 4932 2669 5002 θερίζων
2695 4933 2806 5003 (76)
2842 4934 3032 5003 μισθὸν
3071 4933 3355 5003 λαμϐάνει,
3390 4935 3483 4985 καὶ¹
3525 4933 3746 5001 συνάγει

2169 5026 2376 5098 καρπὸν
2407 5028 2485 5089 είς
2532 5025 2678 5099 ζωὴν
2716 5025 2993 5080 αίώνιονη
3023 5027 3145 5081 οὔτε
3185 5029 3311 5100 περὶ
3340 5028 3448 5082 τῶν
3482 5028 3746 5100 θεριστῶν

2169 5116 2414 5186 ἀγγέλων
2440 5116 2500 5168 τὸ
2544 5117 2942 5188 προτρεπτικδν
2977 5119 3057 5181 είς
3086 5117 3146 5170 τὺ
3179 5117 3413 5188 θερίζειν
3445 5117 3664 5186 εὔλογον
3687 5119 3744 5168 tv

2167 5209 2244 5279 τῷ
2270 5209 2420 5279 τόπῳ
2442 5211 2601 5262 νοεῖν.
2640 5209 2776 5261 Ἀλλ’
2801 5209 2922 5262 οὐδὲ
2958 5210 3102 5264 κατὰ
3127 5210 3216 5262 τόε
3255 5231 3272 5261 ι
3309 5211 3366 5262 Ὀ
3402 5214 3642 5281 σπείρων
3666 5211 3744 5272 είς

1139 5310 1182 5390 ζ’
1213 5312 1372 5390 .loan‘.
1400 5331 1474 5390 tv.
1505 5317 1593 5369 36.
1669 5319 1935 5390 "Matth.
1971 5339 2090 5390 xm,
2116 5327 2204 5380 56.
2283 5324 2328 5356 ⁷⁸
2367 5323 2497 5378 ibid.
2523 5322 2614 5377 59.
2688 5324 2733 5356 "
2762 5322 2948 5378 Matth.
2986 5339 3062 5389 Ix,
3098 5325 3187 5386 37,
3215 5326 3302 5379 58.
3379 5324 3426 5354 ⁸ο
3459 5324 3638 5380 Galat.
3667 5339 3740 5388 vl,

486 5370 543 5438 7,
573 5375 625 5428 8.
701 5376 745 5407 ⁸¹
770 5376 910 5430 Psal.
943 5396 1102 5444 cxxv,
1133 5381 1186 5444 5,
1208 5385 1261 5436 6.
1337 5384 1384 5415 ⁸⁸
1418 5370 1560 5440 Ruth
1614 5403 1652 5449 I,
1677 5389 1766 5441 ‘22.
1803 5370 2300 5462 “i‘="io'{.'.'.'.’[€'5s.

711 5467 914 5547 Πάγτᾳ
965 5471 1075 5541 γὰρ
1105 5472 1382 5547 ἐνώπιον,
1436 5488 1542 5530 etc.
1597 5478 1801 5533 Omnes
1839 5483 1948 5535 τῶν
2003 5486 2057 5536 0'

490 5535 763 5617 editiones
812 5535 1048 5617 habent,
1086 5547 1260 5617 πάντα
1294 5535 1500 5600 ἐνώπια
1529 5551 1641 5612 τοῖς
1673 5551 1934 5617 συνιοῦσι,
1967 5535 2060 5606 καὶ

489 5603 628 5686 δρθά
656 5609 766 5670 τοῖς
793 5603 1106 5686 εύρίσκουσι
1137 5614 1358 5682 γνῶσιν,
1393 5619 1590 5686 quibus
1621 5603 1934 5678 consonant

493 5680 674 5734 brait'a
712 5692 766 5736 et
790 5680 1054 5736 editiones
1084 5680 1366 5739 universal.

563 5751 674 5821 (74)
701 5754 876 5809 Codex
911 5750 1250 5823 Bodleianus,
1277 5757 1677 5826 ἐπινείμασοαι.

2241 5485 2353 5553 (75)
2407 5484 2702 5551 Ἐροῦμεν.
2734 5483 3042 5548 Legendnm
3078 5483 3292 5553 videtur
3330 5481 3581 5553 εὕρομεν.
3620 5480 3740 5536 Mox

2172 5552 2617 5634 voanbayyaMtp
2644 5553 2796 5608 deest
2827 5555 2880 5607 in
2909 5555 3095 5608 codice
3125 5552 3318 5623 Regio,
3345 5552 3437 5607 sed
3467 5564 3646 5607 exstat
3683 5554 3737 5604 in

2175 5624 2489 5689 Bodleiano.

2218 5693 2362 5764 (76)
2418 5694 2525 5746 Τό·
2591 5693 2653 5744 '0
2709 5691 2961 5760 θερίζων.
3020 5693 3074 5746 ιιι
3125 5693 3312 5764 codice
3368 5692 3535 5764 Regio
3587 5691 3739 5747 deest.

2185 5763 2263 5825 τὸ,
2295 5765 2322 5818 ὁ
2348 5780 2360 5829 ;
2390 5764 2483 5819 scd
2517 5765 2820 5819 resﬁtuitur
2850 5780 2878 5818 e
2908 5763 3096 5820 codice
3125 5762 3436 5818 Bodleiano.
