  <div class='ocr_page' id='page_1' title='image "/cluster/home/n/w/nwhite01/storage/ocr_20150623/14:no.4/coo.31924054872928/250.png"; bbox 0 0 4170 6456; ppageno 0'>
   <div class='ocr_carea' id='block_1_1' title="bbox 499 405 599 462">
    <p class='ocr_par' dir='ltr' id='par_1_1' title="bbox 499 405 599 462">
     <span class='ocr_line' id='line_1_1' title="bbox 499 405 599 462; baseline -0.01 0"><span class='ocrx_word' id='word_1_1' title='bbox 499 405 599 462; x_wconf 73' lang='grc'><strong>477</strong></span> 
     </span>
    </p>
   </div>
   <div class='ocr_carea' id='block_1_2' title="bbox 1560 386 2693 456">
    <p class='ocr_par' dir='ltr' id='par_1_2' title="bbox 1560 386 2693 456">
     <span class='ocr_line' id='line_1_2' title="bbox 1560 386 2693 456; baseline -0.009 -2"><span class='ocrx_word' id='word_1_2' title='bbox 1560 396 1910 456; x_wconf 79' lang='lat' dir='ltr'><strong>COMMENT.</strong></span> <span class='ocrx_word' id='word_1_3' title='bbox 1946 393 2014 449; x_wconf 82' lang='lat' dir='ltr'>IN</span> <span class='ocrx_word' id='word_1_4' title='bbox 2048 389 2241 449; x_wconf 84' lang='lat' dir='ltr'><strong>JOAN.</strong></span> <span class='ocrx_word' id='word_1_5' title='bbox 2283 386 2522 445; x_wconf 83' lang='lat' dir='ltr'><strong>TOMUS</strong></span> <span class='ocrx_word' id='word_1_6' title='bbox 2553 386 2693 444; x_wconf 80' lang='lat' dir='ltr'>XIII.</span> 
     </span>
    </p>
   </div>
   <div class='ocr_carea' id='block_1_3' title="bbox 3641 387 3747 444">
    <p class='ocr_par' dir='ltr' id='par_1_3' title="bbox 3641 387 3747 444">
     <span class='ocr_line' id='line_1_3' title="bbox 3641 387 3747 444; baseline 0.019 -2"><span class='ocrx_word' id='word_1_7' title='bbox 3641 387 3747 444; x_wconf 67' lang='lat'><strong>478</strong></span> 
     </span>
    </p>
   </div>
   <div class='ocr_carea' id='block_1_4' title="bbox 494 503 2042 591">
    <p class='ocr_par' dir='ltr' id='par_1_4' title="bbox 494 510 2042 591">
     <span class='ocr_line' id='line_1_4' title="bbox 494 510 2042 591; baseline -0.007 -16"><span class='ocrx_word' id='word_1_8' title='bbox 494 523 594 591; x_wconf 81' lang='grc' dir='ltr'>τὴν</span> <span class='ocrx_word' id='word_1_9' title='bbox 624 517 804 591; x_wconf 87' lang='grc' dir='ltr'>σάρκα</span> <span class='ocrx_word' id='word_1_10' title='bbox 829 518 895 571; x_wconf 91' lang='grc' dir='ltr'><strong>ἐκ</strong></span> <span class='ocrx_word' id='word_1_11' title='bbox 917 517 1017 588; x_wconf 85' lang='grc' dir='ltr'>τῆς</span> <span class='ocrx_word' id='word_1_12' title='bbox 1041 517 1243 589; x_wconf 78' lang='grc' dir='ltr'>σαρκὸς</span> <span class='ocrx_word' id='word_1_13' title='bbox 1270 516 1474 589; x_wconf 78' lang='grc' dir='ltr'>θερίσει</span> <span class='ocrx_word' id='word_1_14' title='bbox 1500 515 1726 588; x_wconf 81' lang='grc' dir='ltr'>φθορὰν,</span> <span class='ocrx_word' id='word_1_15' title='bbox 1749 514 1841 567; x_wconf 74' lang='grc' dir='ltr'>καὶ</span> <span class='ocrx_word' id='word_1_16' title='bbox 1864 513 1894 565; x_wconf 85' lang='grc'>6</span> <span class='ocrx_word' id='word_1_17' title='bbox 1924 510 2042 566; x_wconf 81' lang='grc' dir='ltr'>σπεί</span> 
     </span>
    </p>
   </div>
   <div class='ocr_carea' id='block_1_5' title="bbox 2141 503 3746 591">
    <p class='ocr_par' dir='ltr' id='par_1_5' title="bbox 2141 503 3746 589">
     <span class='ocr_line' id='line_1_5' title="bbox 2141 503 3746 589; baseline -0.001 -26"><span class='ocrx_word' id='word_1_18' title='bbox 2141 555 2146 571; x_wconf 82' lang='grc'><strong>,</strong></span> <span class='ocrx_word' id='word_1_19' title='bbox 2178 508 2296 563; x_wconf 93' lang='lat' dir='ltr'><strong>loco</strong></span> <span class='ocrx_word' id='word_1_20' title='bbox 2331 505 2632 574; x_wconf 72' lang='lat' dir='ltr'><strong>intelligere</strong></span> <span class='ocrx_word' id='word_1_21' title='bbox 2656 503 3082 560; x_wconf 72' lang='lat' dir='ltr'><strong>admonitionem</strong></span> <span class='ocrx_word' id='word_1_22' title='bbox 3115 503 3187 589; x_wconf 6' lang='lat' dir='ltr'><strong>de»</strong></span> <span class='ocrx_word' id='word_1_23' title='bbox 3229 504 3499 561; x_wconf 89' lang='lat' dir='ltr'><strong>metendo.</strong></span> <span class='ocrx_word' id='word_1_24' title='bbox 3536 505 3643 563; x_wconf 85' lang='lat' dir='ltr'><strong>Sed</strong></span> <span class='ocrx_word' id='word_1_25' title='bbox 3676 523 3746 562; x_wconf 91' lang='lat' dir='ltr'><strong>ne</strong></span> 
     </span>
    </p>
   </div>
   <div class='ocr_carea' id='block_1_6' title="bbox 497 602 2066 681">
    <p class='ocr_par' dir='ltr' id='par_1_6' title="bbox 497 602 2066 681">
     <span class='ocr_line' id='line_1_6' title="bbox 497 602 2066 681; baseline -0.005 -19"><span class='ocrx_word' id='word_1_26' title='bbox 497 624 608 681; x_wconf 92' lang='grc' dir='ltr'><strong>ρων</strong></span> <span class='ocrx_word' id='word_1_27' title='bbox 644 610 724 672; x_wconf 85' lang='grc' dir='ltr'><strong>είς</strong></span> <span class='ocrx_word' id='word_1_28' title='bbox 754 607 815 661; x_wconf 89' lang='lat'><strong>:6</strong></span> <span class='ocrx_word' id='word_1_29' title='bbox 855 609 1072 679; x_wconf 88' lang='grc' dir='ltr'>πνεῦμα</span> <span class='ocrx_word' id='word_1_30' title='bbox 1105 612 1168 662; x_wconf 88' lang='grc' dir='ltr'><strong>ἐκ</strong></span> <span class='ocrx_word' id='word_1_31' title='bbox 1206 608 1300 661; x_wconf 90' lang='grc' dir='ltr'><strong>τοῦ</strong></span> <span class='ocrx_word' id='word_1_32' title='bbox 1335 607 1637 678; x_wconf 88' lang='grc' dir='ltr'>πνεύματος</span> <span class='ocrx_word' id='word_1_33' title='bbox 1679 605 1884 678; x_wconf 82' lang='grc' dir='ltr'><strong>θερίσει</strong></span> <span class='ocrx_word' id='word_1_34' title='bbox 1923 602 2066 675; x_wconf 74' lang='grc' dir='ltr'>ζωὴν</span> 
     </span>
    </p>
   </div>
   <div class='ocr_carea' id='block_1_7' title="bbox 495 696 2066 771">
    <p class='ocr_par' dir='ltr' id='par_1_7' title="bbox 495 696 2066 771">
     <span class='ocr_line' id='line_1_7' title="bbox 495 696 2066 771; baseline -0.004 -15"><span class='ocrx_word' id='word_1_35' title='bbox 495 696 896 764; x_wconf 72' lang='grc' dir='ltr'>αἰώνιον,ιοῖόν</span> <span class='ocrx_word' id='word_1_36' title='bbox 921 718 983 754; x_wconf 89' lang='grc' dir='ltr'><strong>τε</strong></span> <span class='ocrx_word' id='word_1_37' title='bbox 1023 701 1209 754; x_wconf 87' lang='grc' dir='ltr'>ἐνθάδε</span> <span class='ocrx_word' id='word_1_38' title='bbox 1238 700 1536 771; x_wconf 78' lang='grc' dir='ltr'>λαμϐάνειν</span> <span class='ocrx_word' id='word_1_39' title='bbox 1564 700 1652 752; x_wconf 89' lang='grc' dir='ltr'>τό·</span> <span class='ocrx_word' id='word_1_40' title='bbox 1695 720 1712 750; x_wconf 75' lang='grc' dir='ltr'><strong>ι</strong></span> <span class='ocrx_word' id='word_1_41' title='bbox 1750 700 1808 751; x_wconf 89' lang='grc' dir='ltr'><strong>Ὀ</strong></span> <span class='ocrx_word' id='word_1_42' title='bbox 1839 696 2066 769; x_wconf 80' lang='grc' dir='ltr'>θερίζων</span> 
     </span>
    </p>
   </div>
   <div class='ocr_carea' id='block_1_8' title="bbox 496 786 2065 865">
    <p class='ocr_par' dir='ltr' id='par_1_8' title="bbox 496 786 2065 865">
     <span class='ocr_line' id='line_1_8' title="bbox 496 786 2065 865; baseline -0.005 -18"><span class='ocrx_word' id='word_1_43' title='bbox 496 794 688 865; x_wconf 82' lang='grc' dir='ltr'>μισθὸν</span> <span class='ocrx_word' id='word_1_44' title='bbox 715 794 1002 864; x_wconf 74' lang='grc' dir='ltr'>λαμόάνει,</span> <span class='ocrx_word' id='word_1_45' title='bbox 1033 794 1129 848; x_wconf 75' lang='grc' dir='ltr'>καὶ</span> <span class='ocrx_word' id='word_1_46' title='bbox 1162 794 1379 861; x_wconf 84' lang='grc' dir='ltr'>συνάγει</span> <span class='ocrx_word' id='word_1_47' title='bbox 1407 793 1617 864; x_wconf 80' lang='grc' dir='ltr'>καρπὸν</span> <span class='ocrx_word' id='word_1_48' title='bbox 1649 791 1729 853; x_wconf 80' lang='grc' dir='ltr'>εἰς</span> <span class='ocrx_word' id='word_1_49' title='bbox 1761 789 1903 859; x_wconf 80' lang='grc' dir='ltr'>ζωὴν</span> <span class='ocrx_word' id='word_1_50' title='bbox 1935 786 2065 841; x_wconf 84' lang='grc' dir='ltr'><strong>αίὼ-</strong></span> 
     </span>
    </p>
   </div>
   <div class='ocr_carea' id='block_1_9' title="bbox 492 882 2063 957">
    <p class='ocr_par' dir='ltr' id='par_1_9' title="bbox 492 882 2063 957">
     <span class='ocr_line' id='line_1_9' title="bbox 492 882 2063 957; baseline -0.006 -14"><span class='ocrx_word' id='word_1_51' title='bbox 492 906 623 943; x_wconf 90' lang='grc' dir='ltr'>νιον.</span> <span class='ocrx_word' id='word_1_52' title='bbox 659 907 677 939; x_wconf 73' lang='grc' dir='ltr'><strong>ι</strong></span> <span class='ocrx_word' id='word_1_53' title='bbox 712 886 870 940; x_wconf 84' lang='grc' dir='ltr'><strong>Κατὰ</strong></span> <span class='ocrx_word' id='word_1_54' title='bbox 906 887 1002 957; x_wconf 81' lang='grc' dir='ltr'><strong>μὲν</strong></span> <span class='ocrx_word' id='word_1_55' title='bbox 1045 886 1153 957; x_wconf 81' lang='grc' dir='ltr'><strong>γὰρ</strong></span> <span class='ocrx_word' id='word_1_56' title='bbox 1184 884 1255 939; x_wconf 85' lang='grc' dir='ltr'>τὰ</span> <span class='ocrx_word' id='word_1_57' title='bbox 1286 883 1616 939; x_wconf 73' lang='grc' dir='ltr'>άποστολικά</span> <span class='ocrx_word' id='word_1_58' title='bbox 1648 882 1784 953; x_wconf 77' lang='grc' dir='ltr'>ῥητά</span> <span class='ocrx_word' id='word_1_59' title='bbox 1832 885 1861 935; x_wconf 88' lang='lat'><strong>6</strong></span> <span class='ocrx_word' id='word_1_60' title='bbox 1902 882 2063 945; x_wconf 81' lang='grc' dir='ltr'>αὐτός</span> 
     </span>
    </p>
   </div>
   <div class='ocr_carea' id='block_1_10' title="bbox 490 973 2066 1050">
    <p class='ocr_par' dir='ltr' id='par_1_10' title="bbox 490 973 2066 1050">
     <span class='ocr_line' id='line_1_10' title="bbox 490 973 2066 1050; baseline -0.008 -17"><span class='ocrx_word' id='word_1_61' title='bbox 490 980 638 1033; x_wconf 88' lang='grc' dir='ltr'>ἐστιν</span> <span class='ocrx_word' id='word_1_62' title='bbox 666 981 695 1033; x_wconf 97' lang='lat'><strong>6</strong></span> <span class='ocrx_word' id='word_1_63' title='bbox 727 979 968 1050; x_wconf 86' lang='grc' dir='ltr'>σπείρων</span> <span class='ocrx_word' id='word_1_64' title='bbox 1012 980 1106 1032; x_wconf 73' lang='grc' dir='ltr'>καὶ</span> <span class='ocrx_word' id='word_1_65' title='bbox 1131 980 1159 1031; x_wconf 90' lang='lat'><strong>6</strong></span> <span class='ocrx_word' id='word_1_66' title='bbox 1194 977 1442 1047; x_wconf 76' lang='grc' dir='ltr'><strong>θερίζων,</strong></span> <span class='ocrx_word' id='word_1_67' title='bbox 1466 976 1575 1029; x_wconf 86' lang='grc' dir='ltr'>εἴτε</span> <span class='ocrx_word' id='word_1_68' title='bbox 1619 977 1698 1039; x_wconf 73' lang='grc' dir='ltr'><strong>εἰς</strong></span> <span class='ocrx_word' id='word_1_69' title='bbox 1739 974 1836 1044; x_wconf 88' lang='grc' dir='ltr'>τὴν</span> <span class='ocrx_word' id='word_1_70' title='bbox 1867 973 2066 1043; x_wconf 69' lang='grc' dir='ltr'>σάρκα.</span> 
     </span>
    </p>
   </div>
   <div class='ocr_carea' id='block_1_11' title="bbox 490 1062 2064 1141">
    <p class='ocr_par' dir='ltr' id='par_1_11' title="bbox 490 1062 2064 1141">
     <span class='ocr_line' id='line_1_11' title="bbox 490 1062 2064 1141; baseline -0.006 -16"><span class='ocrx_word' id='word_1_71' title='bbox 490 1072 598 1126; x_wconf 72' lang='grc' dir='ltr'>εἴτε</span> <span class='ocrx_word' id='word_1_72' title='bbox 625 1073 706 1135; x_wconf 88' lang='grc' dir='ltr'><strong>είς</strong></span> <span class='ocrx_word' id='word_1_73' title='bbox 731 1070 793 1124; x_wconf 89' lang='lat'><strong>:6</strong></span> <span class='ocrx_word' id='word_1_74' title='bbox 821 1070 1058 1141; x_wconf 89' lang='grc' dir='ltr'>πνεῦμα,</span> <span class='ocrx_word' id='word_1_75' title='bbox 1087 1070 1180 1123; x_wconf 75' lang='grc' dir='ltr'><strong>καὶ</strong></span> <span class='ocrx_word' id='word_1_76' title='bbox 1200 1069 1289 1122; x_wconf 79' lang='grc' dir='ltr'><strong>διά</strong></span> <span class='ocrx_word' id='word_1_77' title='bbox 1321 1067 1479 1121; x_wconf 88' lang='grc' dir='ltr'>τοῦτο</span> <span class='ocrx_word' id='word_1_78' title='bbox 1510 1066 1756 1135; x_wconf 83' lang='grc' dir='ltr'>συνάγων</span> <span class='ocrx_word' id='word_1_79' title='bbox 1783 1065 1899 1135; x_wconf 71' lang='grc' dir='ltr'>ἤτοι</span> <span class='ocrx_word' id='word_1_80' title='bbox 1934 1062 2064 1135; x_wconf 77' lang='grc' dir='ltr'>φθο-</span> 
     </span>
    </p>
   </div>
   <div class='ocr_carea' id='block_1_12' title="bbox 491 1154 2059 1235">
    <p class='ocr_par' dir='ltr' id='par_1_12' title="bbox 491 1154 2059 1235">
     <span class='ocr_line' id='line_1_12' title="bbox 491 1154 2059 1235; baseline -0.008 -17"><span class='ocrx_word' id='word_1_81' title='bbox 491 1163 651 1235; x_wconf 72' lang='grc' dir='ltr'><strong>ρὰνῆ</strong></span> <span class='ocrx_word' id='word_1_82' title='bbox 691 1161 838 1234; x_wconf 79' lang='grc' dir='ltr'>ζωὴν</span> <span class='ocrx_word' id='word_1_83' title='bbox 885 1161 1122 1217; x_wconf 78' lang='grc' dir='ltr'>αἰώνιον·</span> <span class='ocrx_word' id='word_1_84' title='bbox 1155 1159 1297 1214; x_wconf 78' lang='grc' dir='ltr'>κατὰ</span> <span class='ocrx_word' id='word_1_85' title='bbox 1339 1159 1396 1212; x_wconf 84' lang='grc' dir='ltr'><strong>δέ</strong></span> <span class='ocrx_word' id='word_1_86' title='bbox 1422 1158 1490 1211; x_wconf 82' lang='grc' dir='ltr'><strong>τά</strong></span> <span class='ocrx_word' id='word_1_87' title='bbox 1525 1156 1871 1225; x_wconf 79' lang='grc' dir='ltr'><strong>ἐνεστηκότα,</strong></span> <span class='ocrx_word' id='word_1_88' title='bbox 1901 1154 2059 1217; x_wconf 77' lang='grc' dir='ltr'>ἄλλος</span> 
     </span>
    </p>
   </div>
   <div class='ocr_carea' id='block_1_13' title="bbox 488 1245 2059 1324">
    <p class='ocr_par' dir='ltr' id='par_1_13' title="bbox 488 1245 2059 1324">
     <span class='ocr_line' id='line_1_13' title="bbox 488 1245 2059 1324; baseline -0.006 -17"><span class='ocrx_word' id='word_1_89' title='bbox 488 1254 636 1308; x_wconf 81' lang='grc' dir='ltr'>ἐστὶν</span> <span class='ocrx_word' id='word_1_90' title='bbox 667 1257 697 1309; x_wconf 91' lang='lat'><strong>6</strong></span> <span class='ocrx_word' id='word_1_91' title='bbox 740 1253 980 1324; x_wconf 84' lang='grc' dir='ltr'>σπείρων</span> <span class='ocrx_word' id='word_1_92' title='bbox 1019 1254 1114 1307; x_wconf 83' lang='grc' dir='ltr'><strong>καὶ</strong></span> <span class='ocrx_word' id='word_1_93' title='bbox 1148 1252 1305 1314; x_wconf 76' lang='grc' dir='ltr'>ἄλλος</span> <span class='ocrx_word' id='word_1_94' title='bbox 1329 1252 1358 1304; x_wconf 91' lang='lat'><strong>6</strong></span> <span class='ocrx_word' id='word_1_95' title='bbox 1390 1250 1640 1322; x_wconf 79' lang='grc' dir='ltr'>θερίζων.</span> <span class='ocrx_word' id='word_1_96' title='bbox 1682 1245 1914 1317; x_wconf 86' lang='grc' dir='ltr'><strong>Ὁμοίως</strong></span> <span class='ocrx_word' id='word_1_97' title='bbox 1940 1245 1995 1297; x_wconf 84' lang='grc' dir='ltr'>δὲ</span> <span class='ocrx_word' id='word_1_98' title='bbox 2030 1247 2059 1298; x_wconf 92' lang='lat'><strong>6</strong></span> 
     </span>
    </p>
   </div>
   <div class='ocr_carea' id='block_1_14' title="bbox 487 1336 2058 1417">
    <p class='ocr_par' dir='ltr' id='par_1_14' title="bbox 487 1336 2058 1417">
     <span class='ocr_line' id='line_1_14' title="bbox 487 1336 2058 1417; baseline -0.004 -20"><span class='ocrx_word' id='word_1_99' title='bbox 487 1345 648 1409; x_wconf 79' lang='grc' dir='ltr'>αὐτὸς</span> <span class='ocrx_word' id='word_1_100' title='bbox 680 1346 777 1417; x_wconf 84' lang='grc' dir='ltr'>μὲν</span> <span class='ocrx_word' id='word_1_101' title='bbox 808 1345 1022 1416; x_wconf 86' lang='grc' dir='ltr'>σπείρει</span> <span class='ocrx_word' id='word_1_102' title='bbox 1055 1344 1146 1398; x_wconf 76' lang='grc' dir='ltr'><strong>καὶ</strong></span> <span class='ocrx_word' id='word_1_103' title='bbox 1172 1342 1394 1414; x_wconf 80' lang='grc' dir='ltr'>θερίζει,</span> <span class='ocrx_word' id='word_1_104' title='bbox 1422 1341 1540 1394; x_wconf 83' lang='grc' dir='ltr'>καθ’</span> <span class='ocrx_word' id='word_1_105' title='bbox 1561 1339 1589 1392; x_wconf 86' lang='grc' dir='ltr'><strong>ὃ</strong></span> <span class='ocrx_word' id='word_1_106' title='bbox 1623 1336 1971 1408; x_wconf 77' lang='grc' dir='ltr'>παρεθέμεθα</span> <span class='ocrx_word' id='word_1_107' title='bbox 2000 1339 2058 1390; x_wconf 93' lang='grc' dir='ltr'><strong>ἐν</strong></span> 
     </span>
    </p>
   </div>
   <div class='ocr_carea' id='block_1_15' title="bbox 477 1428 2058 1512">
    <p class='ocr_par' dir='ltr' id='par_1_15' title="bbox 477 1428 2058 1512">
     <span class='ocr_line' id='line_1_15' title="bbox 477 1428 2058 1512; baseline -0.009 -17"><span class='ocrx_word' id='word_1_108' title='bbox 477 1435 723 1508; x_wconf 75' lang='grc' dir='ltr'><strong>Ψαλμοῖς</strong></span> <span class='ocrx_word' id='word_1_109' title='bbox 786 1440 979 1512; x_wconf 72' lang='grc' dir='ltr'>ῥητὸν,</span> <span class='ocrx_word' id='word_1_110' title='bbox 1045 1437 1302 1507; x_wconf 84' lang='grc' dir='ltr'>διαφέρον</span> <span class='ocrx_word' id='word_1_111' title='bbox 1364 1432 1458 1486; x_wconf 91' lang='grc' dir='ltr'><strong>τοῦ</strong></span> <span class='ocrx_word' id='word_1_112' title='bbox 1483 1429 1836 1486; x_wconf 84' lang='grc' dir='ltr'>ὰποστολικοῦ</span> <span class='ocrx_word' id='word_1_113' title='bbox 1860 1428 1935 1500; x_wconf 82' lang='grc' dir='ltr'><strong>τῷ</strong></span> <span class='ocrx_word' id='word_1_114' title='bbox 1964 1447 2058 1499; x_wconf 88' lang='grc' dir='ltr'>μυ-</span> 
     </span>
    </p>
   </div>
   <div class='ocr_carea' id='block_1_16' title="bbox 484 1523 2053 1597">
    <p class='ocr_par' dir='ltr' id='par_1_16' title="bbox 484 1523 2053 1597">
     <span class='ocr_line' id='line_1_16' title="bbox 484 1523 2053 1597; baseline -0.004 -18"><span class='ocrx_word' id='word_1_115' title='bbox 484 1526 801 1596; x_wconf 82' lang='grc' dir='ltr'>στικωτέρῳ</span> <span class='ocrx_word' id='word_1_116' title='bbox 844 1525 940 1578; x_wconf 76' lang='grc' dir='ltr'>καὶ</span> <span class='ocrx_word' id='word_1_117' title='bbox 988 1524 1429 1597; x_wconf 76' lang='grc' dir='ltr'>ἀπορρητοτέρῳ·</span> <span class='ocrx_word' id='word_1_118' title='bbox 1461 1523 1521 1576; x_wconf 91' lang='lat'><strong>:6</strong></span> <span class='ocrx_word' id='word_1_119' title='bbox 1562 1523 1659 1594; x_wconf 81' lang='grc' dir='ltr'><strong>μὲν</strong></span> <span class='ocrx_word' id='word_1_120' title='bbox 1689 1523 1797 1592; x_wconf 75' lang='grc' dir='ltr'><strong>γὰρ</strong></span> <span class='ocrx_word' id='word_1_121' title='bbox 1823 1523 2053 1575; x_wconf 80' lang='grc' dir='ltr'>ἀποστο-</span> 
     </span>
    </p>
   </div>
   <div class='ocr_carea' id='block_1_17' title="bbox 479 1613 2055 1687">
    <p class='ocr_par' dir='ltr' id='par_1_17' title="bbox 479 1613 2055 1687">
     <span class='ocr_line' id='line_1_17' title="bbox 479 1613 2055 1687; baseline -0.003 -17"><span class='ocrx_word' id='word_1_122' title='bbox 479 1616 626 1670; x_wconf 76' lang='grc' dir='ltr'>λικδν</span> <span class='ocrx_word' id='word_1_123' title='bbox 704 1615 1069 1687; x_wconf 83' lang='grc' dir='ltr'>ἁπλούστερον</span> <span class='ocrx_word' id='word_1_124' title='bbox 1144 1614 1388 1687; x_wconf 75' lang='grc' dir='ltr'>εἴρηται,</span> <span class='ocrx_word' id='word_1_125' title='bbox 1457 1616 1519 1669; x_wconf 83' lang='grc' dir='ltr'><strong>οὐ</strong></span> <span class='ocrx_word' id='word_1_126' title='bbox 1599 1614 1851 1668; x_wconf 79' lang='grc' dir='ltr'>διδάσκον</span> <span class='ocrx_word' id='word_1_127' title='bbox 1925 1613 2055 1683; x_wconf 74' lang='grc' dir='ltr'>περὶ</span> 
     </span>
    </p>
   </div>
   <div class='ocr_carea' id='block_1_18' title="bbox 418 1703 2053 1779">
    <p class='ocr_par' dir='ltr' id='par_1_18' title="bbox 418 1703 2053 1779">
     <span class='ocr_line' id='line_1_18' title="bbox 418 1703 2053 1779; baseline -0.002 -20"><span class='ocrx_word' id='word_1_128' title='bbox 418 1754 421 1759; x_wconf 90' lang='grc'><strong>.</strong></span> <span class='ocrx_word' id='word_1_129' title='bbox 475 1708 574 1778; x_wconf 81' lang='grc' dir='ltr'>τῆς</span> <span class='ocrx_word' id='word_1_130' title='bbox 595 1706 852 1779; x_wconf 75' lang='grc' dir='ltr'>διαφόρου</span> <span class='ocrx_word' id='word_1_131' title='bbox 894 1704 1107 1773; x_wconf 80' lang='grc' dir='ltr'>φύσεως</span> <span class='ocrx_word' id='word_1_132' title='bbox 1144 1705 1254 1760; x_wconf 89' lang='grc' dir='ltr'><strong>τῶν</strong></span> <span class='ocrx_word' id='word_1_133' title='bbox 1288 1706 1617 1777; x_wconf 84' lang='grc' dir='ltr'>σπερμάτων</span> <span class='ocrx_word' id='word_1_134' title='bbox 1644 1703 1809 1758; x_wconf 88' lang='grc' dir='ltr'>πόθεν</span> <span class='ocrx_word' id='word_1_135' title='bbox 1837 1703 2053 1775; x_wconf 77' lang='grc' dir='ltr'>λαμϐά-</span> 
     </span>
    </p>
   </div>
   <div class='ocr_carea' id='block_1_19' title="bbox 2169 586 3744 666">
    <p class='ocr_par' dir='ltr' id='par_1_19' title="bbox 2169 586 3744 666">
     <span class='ocr_line' id='line_1_19' title="bbox 2169 586 3744 666; baseline -0.001 -12"><span class='ocrx_word' id='word_1_136' title='bbox 2169 615 2291 655; x_wconf 89' lang='lat' dir='ltr'><strong>cum</strong></span> <span class='ocrx_word' id='word_1_137' title='bbox 2321 600 2420 653; x_wconf 90' lang='lat' dir='ltr'><strong>hoc</strong></span> <span class='ocrx_word' id='word_1_138' title='bbox 2462 597 2683 666; x_wconf 87' lang='lat' dir='ltr'><strong>quidem</strong></span> <span class='ocrx_word' id='word_1_139' title='bbox 2713 596 2900 652; x_wconf 90' lang='lat' dir='ltr'><strong>dicto:</strong></span> <span class='ocrx_word' id='word_1_140' title='bbox 2939 614 2959 648; x_wconf 79' lang='grc' dir='ltr'><strong>ι</strong></span> <span class='ocrx_word' id='word_1_141' title='bbox 2983 596 3084 663; x_wconf 83' lang='lat' dir='ltr'><strong>Qui</strong></span> <span class='ocrx_word' id='word_1_142' title='bbox 3109 586 3343 650; x_wconf 87' lang='lat' dir='ltr'><strong>seminat</strong></span> <span class='ocrx_word' id='word_1_143' title='bbox 3373 597 3425 651; x_wconf 93' lang='lat' dir='ltr'><strong>in</strong></span> <span class='ocrx_word' id='word_1_144' title='bbox 3457 611 3645 665; x_wconf 86' lang='lat' dir='ltr'><strong>carne,</strong></span> <span class='ocrx_word' id='word_1_145' title='bbox 3677 598 3744 652; x_wconf 87' lang='lat' dir='ltr'><strong>de</strong></span> 
     </span>
    </p>
   </div>
   <div class='ocr_carea' id='block_1_20' title="bbox 2166 685 3744 755">
    <p class='ocr_par' dir='ltr' id='par_1_20' title="bbox 2166 685 3744 755">
     <span class='ocr_line' id='line_1_20' title="bbox 2166 685 3744 755; baseline -0.002 -11"><span class='ocrx_word' id='word_1_146' title='bbox 2166 705 2331 744; x_wconf 88' lang='lat' dir='ltr'><strong>carne</strong></span> <span class='ocrx_word' id='word_1_147' title='bbox 2377 702 2654 744; x_wconf 86' lang='lat' dir='ltr'><strong>messurus</strong></span> <span class='ocrx_word' id='word_1_148' title='bbox 2684 697 2771 742; x_wconf 90' lang='lat' dir='ltr'><strong>est</strong></span> <span class='ocrx_word' id='word_1_149' title='bbox 2811 685 3251 755; x_wconf 72' lang='lat' dir='ltr'><strong>corruptionem;</strong></span> <span class='ocrx_word' id='word_1_150' title='bbox 3283 696 3337 741; x_wconf 93' lang='lat' dir='ltr'><strong>et</strong></span> <span class='ocrx_word' id='word_1_151' title='bbox 3371 688 3462 755; x_wconf 90' lang='lat' dir='ltr'><strong>qui</strong></span> <span class='ocrx_word' id='word_1_152' title='bbox 3510 688 3744 743; x_wconf 78' lang='lat' dir='ltr'><strong>seminat</strong></span> 
     </span>
    </p>
   </div>
   <div class='ocr_carea' id='block_1_21' title="bbox 2165 774 3740 849">
    <p class='ocr_par' dir='ltr' id='par_1_21' title="bbox 2165 774 3740 849">
     <span class='ocr_line' id='line_1_21' title="bbox 2165 774 3740 849; baseline -0.002 -13"><span class='ocrx_word' id='word_1_153' title='bbox 2165 782 2219 836; x_wconf 91' lang='lat' dir='ltr'><strong>in</strong></span> <span class='ocrx_word' id='word_1_154' title='bbox 2260 779 2477 849; x_wconf 75' lang='lat' dir='ltr'><strong>spiritu,</strong></span> <span class='ocrx_word' id='word_1_155' title='bbox 2514 780 2581 833; x_wconf 93' lang='lat' dir='ltr'><strong>de</strong></span> <span class='ocrx_word' id='word_1_156' title='bbox 2610 778 2808 848; x_wconf 87' lang='lat' dir='ltr'><strong>spiritu</strong></span> <span class='ocrx_word' id='word_1_157' title='bbox 2839 785 3009 832; x_wconf 84' lang='lat' dir='ltr'><strong>metet</strong></span> <span class='ocrx_word' id='word_1_158' title='bbox 3034 774 3203 829; x_wconf 82' lang='lat' dir='ltr'><strong>vitam</strong></span> <span class='ocrx_word' id='word_1_159' title='bbox 3247 785 3532 843; x_wconf 60' lang='lat' dir='ltr'><strong>aeternam,</strong></span> <span class='ocrx_word' id='word_1_160' title='bbox 3562 796 3581 829; x_wconf 73' lang='grc' dir='ltr'><strong>ι</strong></span> <span class='ocrx_word' id='word_1_161' title='bbox 3622 779 3740 833; x_wconf 87' lang='lat' dir='ltr'><strong>ileri</strong></span> 
     </span>
    </p>
   </div>
   <div class='ocr_carea' id='block_1_22' title="bbox 2161 854 3735 943">
    <p class='ocr_par' dir='ltr' id='par_1_22' title="bbox 2161 854 3735 943">
     <span class='ocr_line' id='line_1_22' title="bbox 2161 854 3735 943; baseline -0.001 -16"><span class='ocrx_word' id='word_1_162' title='bbox 2161 882 2359 943; x_wconf 89' lang='lat' dir='ltr'><strong>potest,</strong></span> <span class='ocrx_word' id='word_1_163' title='bbox 2394 882 2451 925; x_wconf 91' lang='lat' dir='ltr'><strong>ut</strong></span> <span class='ocrx_word' id='word_1_164' title='bbox 2476 870 2838 940; x_wconf 80' lang='lat' dir='ltr'><strong>intelligamus</strong></span> <span class='ocrx_word' id='word_1_165' title='bbox 2869 871 2984 924; x_wconf 69' lang='lat' dir='ltr'><strong>haec</strong></span> <span class='ocrx_word' id='word_1_166' title='bbox 3012 867 3178 924; x_wconf 90' lang='lat' dir='ltr'><strong>verba</strong></span> <span class='ocrx_word' id='word_1_167' title='bbox 3199 854 3496 924; x_wconf 78' lang='lat' dir='ltr'><strong>convenire</strong></span> <span class='ocrx_word' id='word_1_168' title='bbox 3531 884 3690 938; x_wconf 82' lang='lat' dir='ltr'><strong>posse</strong></span> <span class='ocrx_word' id='word_1_169' title='bbox 3720 887 3735 924; x_wconf 89' lang='lat'><strong>:</strong></span> 
     </span>
    </p>
   </div>
   <div class='ocr_carea' id='block_1_23' title="bbox 2167 960 3740 1031">
    <p class='ocr_par' dir='ltr' id='par_1_23' title="bbox 2167 960 3740 1031">
     <span class='ocr_line' id='line_1_23' title="bbox 2167 960 3740 1031; baseline 0.001 -15"><span class='ocrx_word' id='word_1_170' title='bbox 2167 982 2186 1016; x_wconf 76' lang='grc' dir='ltr'>α</span> <span class='ocrx_word' id='word_1_171' title='bbox 2219 964 2321 1031; x_wconf 86' lang='lat' dir='ltr'><strong>Qui</strong></span> <span class='ocrx_word' id='word_1_172' title='bbox 2345 963 2520 1027; x_wconf 85' lang='lat' dir='ltr'><strong>metit.</strong></span> <span class='ocrx_word' id='word_1_173' title='bbox 2547 961 2854 1017; x_wconf 89' lang='lat' dir='ltr'><strong>mercedem</strong></span> <span class='ocrx_word' id='word_1_174' title='bbox 2885 961 3156 1031; x_wconf 86' lang='lat' dir='ltr'><strong>accipitet</strong></span> <span class='ocrx_word' id='word_1_175' title='bbox 3183 972 3474 1031; x_wconf 75' lang='lat' dir='ltr'><strong>congregat</strong></span> <span class='ocrx_word' id='word_1_176' title='bbox 3505 960 3740 1017; x_wconf 77' lang='lat' dir='ltr'><strong>fructum</strong></span> 
     </span>
    </p>
   </div>
   <div class='ocr_carea' id='block_1_24' title="bbox 2160 1052 3740 1122">
    <p class='ocr_par' dir='ltr' id='par_1_24' title="bbox 2160 1052 3740 1122">
     <span class='ocr_line' id='line_1_24' title="bbox 2160 1052 3740 1122; baseline -0.002 -11"><span class='ocrx_word' id='word_1_177' title='bbox 2160 1056 2215 1111; x_wconf 88' lang='lat' dir='ltr'><strong>in</strong></span> <span class='ocrx_word' id='word_1_178' title='bbox 2239 1057 2404 1109; x_wconf 91' lang='lat' dir='ltr'><strong>vitam</strong></span> <span class='ocrx_word' id='word_1_179' title='bbox 2424 1064 2740 1109; x_wconf 63' lang='lat' dir='ltr'><strong>aeternam.»</strong></span> <span class='ocrx_word' id='word_1_180' title='bbox 2762 1052 2926 1107; x_wconf 85' lang='lat' dir='ltr'><strong>Juxta</strong></span> <span class='ocrx_word' id='word_1_181' title='bbox 2942 1055 3087 1108; x_wconf 90' lang='lat' dir='ltr'><strong>enim</strong></span> <span class='ocrx_word' id='word_1_182' title='bbox 3112 1053 3408 1122; x_wconf 80' lang='lat' dir='ltr'><strong>apostolica</strong></span> <span class='ocrx_word' id='word_1_183' title='bbox 3430 1053 3574 1109; x_wconf 91' lang='lat' dir='ltr'><strong>dicta</strong></span> <span class='ocrx_word' id='word_1_184' title='bbox 3597 1053 3740 1108; x_wconf 90' lang='lat' dir='ltr'><strong>idem</strong></span> 
     </span>
    </p>
   </div>
   <div class='ocr_carea' id='block_1_25' title="bbox 2158 1142 3739 1213">
    <p class='ocr_par' dir='ltr' id='par_1_25' title="bbox 2158 1142 3739 1213">
     <span class='ocr_line' id='line_1_25' title="bbox 2158 1142 3739 1213; baseline -0.001 -13"><span class='ocrx_word' id='word_1_185' title='bbox 2158 1154 2263 1210; x_wconf 89' lang='lat' dir='ltr'><strong>est,</strong></span> <span class='ocrx_word' id='word_1_186' title='bbox 2287 1144 2376 1213; x_wconf 91' lang='lat' dir='ltr'><strong>qni</strong></span> <span class='ocrx_word' id='word_1_187' title='bbox 2414 1142 2650 1197; x_wconf 89' lang='lat' dir='ltr'><strong>seminat</strong></span> <span class='ocrx_word' id='word_1_188' title='bbox 2677 1150 2730 1197; x_wconf 90' lang='lat' dir='ltr'><strong>et</strong></span> <span class='ocrx_word' id='word_1_189' title='bbox 2751 1143 2847 1212; x_wconf 90' lang='lat' dir='ltr'><strong>qui</strong></span> <span class='ocrx_word' id='word_1_190' title='bbox 2888 1143 3060 1207; x_wconf 91' lang='lat' dir='ltr'><strong>metit,</strong></span> <span class='ocrx_word' id='word_1_191' title='bbox 3088 1143 3205 1198; x_wconf 88' lang='lat' dir='ltr'><strong>sive</strong></span> <span class='ocrx_word' id='word_1_192' title='bbox 3233 1144 3288 1197; x_wconf 92' lang='lat' dir='ltr'><strong>in</strong></span> <span class='ocrx_word' id='word_1_193' title='bbox 3316 1158 3506 1208; x_wconf 89' lang='lat' dir='ltr'><strong>carne,</strong></span> <span class='ocrx_word' id='word_1_194' title='bbox 3536 1145 3654 1199; x_wconf 84' lang='lat' dir='ltr'><strong>sive</strong></span> <span class='ocrx_word' id='word_1_195' title='bbox 3686 1146 3739 1199; x_wconf 92' lang='lat' dir='ltr'><strong>in</strong></span> 
     </span>
    </p>
   </div>
   <div class='ocr_carea' id='block_1_26' title="bbox 2157 1233 3739 1306">
    <p class='ocr_par' dir='ltr' id='par_1_26' title="bbox 2157 1233 3739 1306">
     <span class='ocr_line' id='line_1_26' title="bbox 2157 1233 3739 1306; baseline -0.001 -16"><span class='ocrx_word' id='word_1_196' title='bbox 2157 1235 2383 1306; x_wconf 84' lang='lat' dir='ltr'><strong>spiritu;</strong></span> <span class='ocrx_word' id='word_1_197' title='bbox 2418 1244 2473 1287; x_wconf 92' lang='lat' dir='ltr'><strong>et</strong></span> <span class='ocrx_word' id='word_1_198' title='bbox 2507 1234 2579 1289; x_wconf 88' lang='lat' dir='ltr'><strong>ob</strong></span> <span class='ocrx_word' id='word_1_199' title='bbox 2610 1234 2714 1288; x_wconf 92' lang='lat' dir='ltr'><strong>hoc</strong></span> <span class='ocrx_word' id='word_1_200' title='bbox 2752 1234 2915 1287; x_wconf 91' lang='lat' dir='ltr'><strong>etiam</strong></span> <span class='ocrx_word' id='word_1_201' title='bbox 2942 1248 3279 1305; x_wconf 71' lang='lat' dir='ltr'><strong>congregans</strong></span> <span class='ocrx_word' id='word_1_202' title='bbox 3305 1233 3388 1289; x_wconf 86' lang='lat' dir='ltr'><strong>vel</strong></span> <span class='ocrx_word' id='word_1_203' title='bbox 3430 1236 3739 1303; x_wconf 83' lang='lat' dir='ltr'><strong>corruptio-</strong></span> 
     </span>
    </p>
   </div>
   <div class='ocr_carea' id='block_1_27' title="bbox 2156 1316 3736 1396">
    <p class='ocr_par' dir='ltr' id='par_1_27' title="bbox 2156 1316 3736 1396">
     <span class='ocr_line' id='line_1_27' title="bbox 2156 1316 3736 1396; baseline -0.003 -13"><span class='ocrx_word' id='word_1_204' title='bbox 2156 1342 2303 1392; x_wconf 92' lang='lat' dir='ltr'><strong>nem,</strong></span> <span class='ocrx_word' id='word_1_205' title='bbox 2344 1326 2431 1380; x_wconf 88' lang='lat' dir='ltr'><strong>vel</strong></span> <span class='ocrx_word' id='word_1_206' title='bbox 2472 1326 2634 1379; x_wconf 91' lang='lat' dir='ltr'><strong>vitam</strong></span> <span class='ocrx_word' id='word_1_207' title='bbox 2698 1316 3015 1380; x_wconf 53' lang='lat' dir='ltr'><strong>aeternam:</strong></span> <span class='ocrx_word' id='word_1_208' title='bbox 3073 1326 3127 1379; x_wconf 90' lang='lat' dir='ltr'><strong>in</strong></span> <span class='ocrx_word' id='word_1_209' title='bbox 3189 1327 3553 1396; x_wconf 73' lang='lat' dir='ltr'><strong>praesentibus</strong></span> <span class='ocrx_word' id='word_1_210' title='bbox 3605 1341 3736 1381; x_wconf 90' lang='lat' dir='ltr'><strong>vero</strong></span> 
     </span>
    </p>
   </div>
   <div class='ocr_carea' id='block_1_28' title="bbox 2155 1416 3734 1489">
    <p class='ocr_par' dir='ltr' id='par_1_28' title="bbox 2155 1416 3734 1489">
     <span class='ocr_line' id='line_1_28' title="bbox 2155 1416 3734 1489; baseline -0.003 -13"><span class='ocrx_word' id='word_1_211' title='bbox 2155 1421 2297 1477; x_wconf 88' lang='lat' dir='ltr'><strong>alius</strong></span> <span class='ocrx_word' id='word_1_212' title='bbox 2329 1428 2413 1476; x_wconf 91' lang='lat' dir='ltr'><strong>est</strong></span> <span class='ocrx_word' id='word_1_213' title='bbox 2442 1420 2532 1489; x_wconf 91' lang='lat' dir='ltr'><strong>qui</strong></span> <span class='ocrx_word' id='word_1_214' title='bbox 2568 1420 2825 1483; x_wconf 83' lang='lat' dir='ltr'><strong>seminat,</strong></span> <span class='ocrx_word' id='word_1_215' title='bbox 2850 1427 2905 1472; x_wconf 92' lang='lat' dir='ltr'><strong>et</strong></span> <span class='ocrx_word' id='word_1_216' title='bbox 2932 1419 3068 1474; x_wconf 89' lang='lat' dir='ltr'><strong>alius</strong></span> <span class='ocrx_word' id='word_1_217' title='bbox 3089 1419 3181 1489; x_wconf 88' lang='lat' dir='ltr'><strong>qui</strong></span> <span class='ocrx_word' id='word_1_218' title='bbox 3212 1418 3387 1473; x_wconf 90' lang='lat' dir='ltr'><strong>metit.</strong></span> <span class='ocrx_word' id='word_1_219' title='bbox 3413 1416 3474 1472; x_wconf 91' lang='lat' dir='ltr'><strong>In</strong></span> <span class='ocrx_word' id='word_1_220' title='bbox 3500 1417 3734 1472; x_wconf 87' lang='lat' dir='ltr'><strong>Psalmis</strong></span> 
     </span>
    </p>
   </div>
   <div class='ocr_carea' id='block_1_29' title="bbox 2152 1509 3733 1578">
    <p class='ocr_par' dir='ltr' id='par_1_29' title="bbox 2152 1509 3733 1578">
     <span class='ocr_line' id='line_1_29' title="bbox 2152 1509 3733 1578; baseline -0.002 -11"><span class='ocrx_word' id='word_1_221' title='bbox 2152 1514 2316 1568; x_wconf 90' lang='lat' dir='ltr'><strong>etiam</strong></span> <span class='ocrx_word' id='word_1_222' title='bbox 2345 1512 2489 1567; x_wconf 92' lang='lat' dir='ltr'><strong>idem</strong></span> <span class='ocrx_word' id='word_1_223' title='bbox 2520 1510 2775 1565; x_wconf 89' lang='lat' dir='ltr'><strong>similiter</strong></span> <span class='ocrx_word' id='word_1_224' title='bbox 2821 1512 3056 1565; x_wconf 85' lang='lat' dir='ltr'><strong>seminat</strong></span> <span class='ocrx_word' id='word_1_225' title='bbox 3085 1521 3143 1566; x_wconf 90' lang='lat' dir='ltr'><strong>et</strong></span> <span class='ocrx_word' id='word_1_226' title='bbox 3180 1510 3323 1566; x_wconf 90' lang='lat' dir='ltr'><strong>idem</strong></span> <span class='ocrx_word' id='word_1_227' title='bbox 3370 1510 3543 1576; x_wconf 91' lang='lat' dir='ltr'><strong>metit,</strong></span> <span class='ocrx_word' id='word_1_228' title='bbox 3580 1509 3733 1578; x_wconf 79' lang='lat' dir='ltr'><strong>iuxta</strong></span> 
     </span>
    </p>
   </div>
   <div class='ocr_carea' id='block_1_30' title="bbox 2154 1602 3729 1677">
    <p class='ocr_par' dir='ltr' id='par_1_30' title="bbox 2154 1602 3729 1677">
     <span class='ocr_line' id='line_1_30' title="bbox 2154 1602 3729 1677; baseline -0.002 -16"><span class='ocrx_word' id='word_1_229' title='bbox 2154 1606 2361 1661; x_wconf 92' lang='lat' dir='ltr'><strong>dictum</strong></span> <span class='ocrx_word' id='word_1_230' title='bbox 2392 1606 2538 1677; x_wconf 89' lang='lat' dir='ltr'><strong>quod</strong></span> <span class='ocrx_word' id='word_1_231' title='bbox 2580 1607 2970 1676; x_wconf 89' lang='lat' dir='ltr'><strong>proposuimus</strong></span> <span class='ocrx_word' id='word_1_232' title='bbox 3015 1605 3086 1660; x_wconf 91' lang='lat' dir='ltr'><strong>ab</strong></span> <span class='ocrx_word' id='word_1_233' title='bbox 3116 1604 3424 1675; x_wconf 86' lang='lat' dir='ltr'><strong>apostolico</strong></span> <span class='ocrx_word' id='word_1_234' title='bbox 3452 1602 3729 1668; x_wconf 78' lang='lat' dir='ltr'><strong>diﬂ&#39;erens,</strong></span> 
     </span>
    </p>
   </div>
   <div class='ocr_carea' id='block_1_31' title="bbox 2151 1693 3729 1751">
    <p class='ocr_par' dir='ltr' id='par_1_31' title="bbox 2151 1693 3729 1751">
     <span class='ocr_line' id='line_1_31' title="bbox 2151 1693 3729 1751; baseline -0.003 -1"><span class='ocrx_word' id='word_1_235' title='bbox 2151 1696 2362 1751; x_wconf 85' lang='lat' dir='ltr'><strong>ratione</strong></span> <span class='ocrx_word' id='word_1_236' title='bbox 2427 1696 2734 1751; x_wconf 88' lang='lat' dir='ltr'><strong>sacratiore</strong></span> <span class='ocrx_word' id='word_1_237' title='bbox 2793 1704 2849 1749; x_wconf 91' lang='lat' dir='ltr'><strong>et</strong></span> <span class='ocrx_word' id='word_1_238' title='bbox 2897 1693 3204 1750; x_wconf 90' lang='lat' dir='ltr'><strong>occultiore</strong></span> <span class='ocrx_word' id='word_1_239' title='bbox 3254 1712 3270 1749; x_wconf 89' lang='lat'><strong>:</strong></span> <span class='ocrx_word' id='word_1_240' title='bbox 3326 1709 3454 1748; x_wconf 87' lang='lat' dir='ltr'><strong>nam</strong></span> <span class='ocrx_word' id='word_1_241' title='bbox 3526 1693 3729 1749; x_wconf 85' lang='lat' dir='ltr'><strong>dictum</strong></span> 
     </span>
    </p>
   </div>
   <div class='ocr_carea' id='block_1_32' title="bbox 475 1784 2042 1868">
    <p class='ocr_par' dir='ltr' id='par_1_32' title="bbox 475 1792 2042 1868">
     <span class='ocr_line' id='line_1_32' title="bbox 475 1792 2042 1868; baseline -0.003 -17"><span class='ocrx_word' id='word_1_242' title='bbox 475 1814 643 1852; x_wconf 90' lang='grc' dir='ltr'>νεται.</span> <span class='ocrx_word' id='word_1_243' title='bbox 684 1798 758 1851; x_wconf 86' lang='lat' dir='ltr'><em>T6</em></span> <span class='ocrx_word' id='word_1_244' title='bbox 788 1796 845 1850; x_wconf 85' lang='grc' dir='ltr'>δὲ</span> <span class='ocrx_word' id='word_1_245' title='bbox 875 1796 984 1851; x_wconf 87' lang='grc' dir='ltr'><strong>ἀπὺ</strong></span> <span class='ocrx_word' id='word_1_246' title='bbox 1009 1796 1117 1849; x_wconf 88' lang='grc' dir='ltr'><strong>τῶν</strong></span> <span class='ocrx_word' id='word_1_247' title='bbox 1146 1796 1392 1868; x_wconf 79' lang='grc' dir='ltr'>Ψαλμῶν</span> <span class='ocrx_word' id='word_1_248' title='bbox 1414 1796 1561 1849; x_wconf 87' lang='grc' dir='ltr'>δοκεῖ</span> <span class='ocrx_word' id='word_1_249' title='bbox 1590 1813 1679 1865; x_wconf 90' lang='grc' dir='ltr'><strong>μοι</strong></span> <span class='ocrx_word' id='word_1_250' title='bbox 1710 1794 1901 1863; x_wconf 81' lang='grc' dir='ltr'>δηλοῦν</span> <span class='ocrx_word' id='word_1_251' title='bbox 1922 1792 2042 1865; x_wconf 79' lang='grc' dir='ltr'>περῖ</span> 
     </span>
    </p>
   </div>
   <div class='ocr_carea' id='block_1_33' title="bbox 2141 1784 3731 1868">
    <p class='ocr_par' dir='ltr' id='par_1_33' title="bbox 2152 1784 3731 1857">
     <span class='ocr_line' id='line_1_33' title="bbox 2152 1784 3731 1857; baseline -0.001 -16"><span class='ocrx_word' id='word_1_252' title='bbox 2152 1787 2505 1856; x_wconf 86' lang='lat' dir='ltr'><strong>apostolicum</strong></span> <span class='ocrx_word' id='word_1_253' title='bbox 2537 1787 2843 1857; x_wconf 88' lang='lat' dir='ltr'><strong>simplicius</strong></span> <span class='ocrx_word' id='word_1_254' title='bbox 2865 1786 3137 1856; x_wconf 89' lang='lat' dir='ltr'><strong>prolatum</strong></span> <span class='ocrx_word' id='word_1_255' title='bbox 3160 1793 3266 1853; x_wconf 89' lang='lat' dir='ltr'><strong>est,</strong></span> <span class='ocrx_word' id='word_1_256' title='bbox 3297 1800 3407 1841; x_wconf 92' lang='lat' dir='ltr'><strong>non</strong></span> <span class='ocrx_word' id='word_1_257' title='bbox 3438 1785 3637 1842; x_wconf 86' lang='lat' dir='ltr'><strong>docens</strong></span> <span class='ocrx_word' id='word_1_258' title='bbox 3662 1784 3731 1840; x_wconf 88' lang='lat' dir='ltr'><strong>de</strong></span> 
     </span>
    </p>
   </div>
   <div class='ocr_carea' id='block_1_34' title="bbox 471 1856 2042 1960">
    <p class='ocr_par' dir='ltr' id='par_1_34' title="bbox 471 1856 2042 1960">
     <span class='ocr_line' id='line_1_34' title="bbox 471 1856 2042 1960; baseline -0.002 -18"><span class='ocrx_word' id='word_1_259' title='bbox 471 1889 571 1959; x_wconf 86' lang='grc' dir='ltr'>τῆς</span> <span class='ocrx_word' id='word_1_260' title='bbox 594 1889 821 1942; x_wconf 86' lang='grc' dir='ltr'>καθόδου</span> <span class='ocrx_word' id='word_1_261' title='bbox 855 1889 967 1960; x_wconf 71' lang='grc'><strong>(77)</strong></span> <span class='ocrx_word' id='word_1_262' title='bbox 994 1886 1101 1941; x_wconf 85' lang='grc' dir='ltr'><strong>τῶν</strong></span> <span class='ocrx_word' id='word_1_263' title='bbox 1132 1856 1530 1958; x_wconf 77' lang='grc' dir='ltr'>εὐγενεστέρων</span> <span class='ocrx_word' id='word_1_264' title='bbox 1564 1856 1775 1956; x_wconf 41' lang='grc' dir='ltr'>ψυχῶν.</span> <span class='ocrx_word' id='word_1_265' title='bbox 1800 1856 2042 1957; x_wconf 72' lang='grc' dir='ltr'>παραγε-</span> 
     </span>
    </p>
   </div>
   <div class='ocr_carea' id='block_1_35' title="bbox 2141 1856 3728 1960">
    <p class='ocr_par' dir='ltr' id='par_1_35' title="bbox 2151 1856 3728 1950">
     <span class='ocr_line' id='line_1_35' title="bbox 2151 1856 3728 1950; baseline -0.003 -16"><span class='ocrx_word' id='word_1_266' title='bbox 2151 1878 2314 1950; x_wconf 73' lang='grc'><strong>255</strong></span> <span class='ocrx_word' id='word_1_267' title='bbox 2339 1879 2553 1934; x_wconf 83' lang='lat' dir='ltr'><strong>diversa</strong></span> <span class='ocrx_word' id='word_1_268' title='bbox 2579 1856 2774 1934; x_wconf 80' lang='lat' dir='ltr'><strong>natura</strong></span> <span class='ocrx_word' id='word_1_269' title='bbox 2818 1878 3112 1944; x_wconf 89' lang='lat' dir='ltr'><strong>seminum,</strong></span> <span class='ocrx_word' id='word_1_270' title='bbox 3137 1882 3286 1933; x_wconf 87' lang='lat' dir='ltr'><strong>unde</strong></span> <span class='ocrx_word' id='word_1_271' title='bbox 3314 1884 3621 1932; x_wconf 82' lang='lat' dir='ltr'><strong>sumantur.</strong></span> <span class='ocrx_word' id='word_1_272' title='bbox 3656 1875 3728 1930; x_wconf 80' lang='lat' dir='ltr'><strong>At</strong></span> 
     </span>
    </p>
   </div>
   <div class='ocr_carea' id='block_1_36' title="bbox 470 1976 2043 2052">
    <p class='ocr_par' dir='ltr' id='par_1_36' title="bbox 470 1976 2043 2052">
     <span class='ocr_line' id='line_1_36' title="bbox 470 1976 2043 2052; baseline -0.003 -18"><span class='ocrx_word' id='word_1_273' title='bbox 470 1981 709 2052; x_wconf 81' lang='grc' dir='ltr'>νομένων</span> <span class='ocrx_word' id='word_1_274' title='bbox 757 1982 835 2044; x_wconf 86' lang='grc' dir='ltr'><strong>είς</strong></span> <span class='ocrx_word' id='word_1_275' title='bbox 884 1980 977 2033; x_wconf 83' lang='grc' dir='ltr'>τὸν</span> <span class='ocrx_word' id='word_1_276' title='bbox 1027 1980 1138 2050; x_wconf 80' lang='grc' dir='ltr'>βίον</span> <span class='ocrx_word' id='word_1_277' title='bbox 1189 1978 1375 2032; x_wconf 90' lang='grc' dir='ltr'>τοῦτον</span> <span class='ocrx_word' id='word_1_278' title='bbox 1424 1977 1561 2050; x_wconf 82' lang='grc' dir='ltr'>μετὰ</span> <span class='ocrx_word' id='word_1_279' title='bbox 1604 1977 1712 2031; x_wconf 88' lang='grc' dir='ltr'><strong>τῶν</strong></span> <span class='ocrx_word' id='word_1_280' title='bbox 1760 1976 2043 2049; x_wconf 85' lang='grc' dir='ltr'>σωτηρίων</span> 
     </span>
    </p>
   </div>
   <div class='ocr_carea' id='block_1_37' title="bbox 470 2067 2041 2143">
    <p class='ocr_par' dir='ltr' id='par_1_37' title="bbox 470 2067 2041 2143">
     <span class='ocr_line' id='line_1_37' title="bbox 470 2067 2041 2143; baseline -0.003 -20"><span class='ocrx_word' id='word_1_281' title='bbox 470 2071 799 2143; x_wconf 85' lang='grc' dir='ltr'>σπερμάτων</span> <span class='ocrx_word' id='word_1_282' title='bbox 826 2111 841 2135; x_wconf 96' lang='grc'><strong>,</strong></span> <span class='ocrx_word' id='word_1_283' title='bbox 872 2073 964 2124; x_wconf 75' lang='grc' dir='ltr'><strong>καὶ</strong></span> <span class='ocrx_word' id='word_1_284' title='bbox 996 2071 1451 2142; x_wconf 90' lang='grc' dir='ltr'>παραγενομένων</span> <span class='ocrx_word' id='word_1_285' title='bbox 1484 2087 1548 2139; x_wconf 89' lang='grc' dir='ltr'><strong>γε</strong></span> <span class='ocrx_word' id='word_1_286' title='bbox 1581 2068 1741 2123; x_wconf 72' lang='grc' dir='ltr'>οἱονεὶ</span> <span class='ocrx_word' id='word_1_287' title='bbox 1773 2067 2041 2130; x_wconf 84' lang='grc' dir='ltr'>ἀκουσίως</span> 
     </span>
    </p>
   </div>
   <div class='ocr_carea' id='block_1_38' title="bbox 469 2160 2037 2236">
    <p class='ocr_par' dir='ltr' id='par_1_38' title="bbox 469 2160 2037 2236">
     <span class='ocr_line' id='line_1_38' title="bbox 469 2160 2037 2236; baseline -0.003 -19"><span class='ocrx_word' id='word_1_288' title='bbox 469 2161 608 2236; x_wconf 79' lang='grc' dir='ltr'>μετὰ</span> <span class='ocrx_word' id='word_1_289' title='bbox 632 2162 971 2234; x_wconf 82' lang='grc' dir='ltr'>στεναγμοῦ,</span> <span class='ocrx_word' id='word_1_290' title='bbox 1002 2162 1449 2234; x_wconf 85' lang='grc' dir='ltr'>ἐπανερχομένων</span> <span class='ocrx_word' id='word_1_291' title='bbox 1497 2162 1553 2215; x_wconf 87' lang='grc' dir='ltr'>δὲ</span> <span class='ocrx_word' id='word_1_292' title='bbox 1598 2163 1656 2214; x_wconf 85' lang='grc' dir='ltr'><strong>ἐν</strong></span> <span class='ocrx_word' id='word_1_293' title='bbox 1701 2160 2037 2230; x_wconf 84' lang='grc' dir='ltr'>ἀγαλλιάσει,</span> 
     </span>
    </p>
   </div>
   <div class='ocr_carea' id='block_1_39' title="bbox 464 2252 2037 2326">
    <p class='ocr_par' dir='ltr' id='par_1_39' title="bbox 464 2252 2037 2326">
     <span class='ocr_line' id='line_1_39' title="bbox 464 2252 2037 2326; baseline -0.002 -19"><span class='ocrx_word' id='word_1_294' title='bbox 464 2252 553 2308; x_wconf 69' lang='grc' dir='ltr'>ιιὰ</span> <span class='ocrx_word' id='word_1_295' title='bbox 575 2253 636 2308; x_wconf 89' lang='lat'><strong>1:6</strong></span> <span class='ocrx_word' id='word_1_296' title='bbox 669 2253 847 2319; x_wconf 85' lang='grc' dir='ltr'>καλῶς</span> <span class='ocrx_word' id='word_1_297' title='bbox 871 2254 1248 2326; x_wconf 86' lang='grc' dir='ltr'>γεωργηκέναι</span> <span class='ocrx_word' id='word_1_298' title='bbox 1267 2294 1281 2319; x_wconf 96' lang='grc'><strong>,</strong></span> <span class='ocrx_word' id='word_1_299' title='bbox 1324 2255 1417 2307; x_wconf 73' lang='grc' dir='ltr'><strong>καὶ</strong></span> <span class='ocrx_word' id='word_1_300' title='bbox 1454 2252 1748 2324; x_wconf 78' lang='grc' dir='ltr'>ηὐξηκέναι</span> <span class='ocrx_word' id='word_1_301' title='bbox 1769 2290 1784 2315; x_wconf 94' lang='grc'><strong>,</strong></span> <span class='ocrx_word' id='word_1_302' title='bbox 1815 2252 1910 2306; x_wconf 79' lang='grc' dir='ltr'>καὶ</span> <span class='ocrx_word' id='word_1_303' title='bbox 1938 2269 2037 2304; x_wconf 87' lang='grc' dir='ltr'>πε-</span> 
     </span>
    </p>
   </div>
   <div class='ocr_carea' id='block_1_40' title="bbox 465 2338 2040 2416">
    <p class='ocr_par' dir='ltr' id='par_1_40' title="bbox 465 2338 2040 2416">
     <span class='ocr_line' id='line_1_40' title="bbox 465 2338 2040 2416; baseline -0.001 -19"><span class='ocrx_word' id='word_1_304' title='bbox 465 2344 831 2415; x_wconf 81' lang='grc' dir='ltr'>πληθυγκέναι</span> <span class='ocrx_word' id='word_1_305' title='bbox 853 2345 922 2399; x_wconf 82' lang='grc' dir='ltr'>τὰ</span> <span class='ocrx_word' id='word_1_306' title='bbox 950 2346 1260 2416; x_wconf 86' lang='grc' dir='ltr'>σπέρματα,</span> <span class='ocrx_word' id='word_1_307' title='bbox 1289 2343 1407 2415; x_wconf 85' lang='grc' dir='ltr'>μεθ’</span> <span class='ocrx_word' id='word_1_308' title='bbox 1437 2338 1512 2397; x_wconf 85' lang='grc' dir='ltr'>ὧν</span> <span class='ocrx_word' id='word_1_309' title='bbox 1536 2341 1872 2414; x_wconf 89' lang='grc' dir='ltr'>ἐληλύθασιν.</span> <span class='ocrx_word' id='word_1_310' title='bbox 1911 2341 2040 2395; x_wconf 78' lang='grc' dir='ltr'><strong>Ἀλ-</strong></span> 
     </span>
    </p>
   </div>
   <div class='ocr_carea' id='block_1_41' title="bbox 464 2434 2033 2509">
    <p class='ocr_par' dir='ltr' id='par_1_41' title="bbox 464 2434 2033 2509">
     <span class='ocr_line' id='line_1_41' title="bbox 464 2434 2033 2509; baseline 0.001 -20"><span class='ocrx_word' id='word_1_311' title='bbox 464 2434 554 2500; x_wconf 86' lang='grc' dir='ltr'><strong>λος</strong></span> <span class='ocrx_word' id='word_1_312' title='bbox 592 2435 649 2490; x_wconf 91' lang='grc' dir='ltr'><strong>δέ</strong></span> <span class='ocrx_word' id='word_1_313' title='bbox 691 2439 840 2491; x_wconf 88' lang='grc' dir='ltr'>ἐστιν</span> <span class='ocrx_word' id='word_1_314' title='bbox 863 2439 893 2491; x_wconf 91' lang='lat'><strong>6</strong></span> <span class='ocrx_word' id='word_1_315' title='bbox 923 2437 1160 2509; x_wconf 83' lang='grc' dir='ltr'>σπείρων</span> <span class='ocrx_word' id='word_1_316' title='bbox 1206 2438 1301 2491; x_wconf 77' lang='grc' dir='ltr'>καὶ</span> <span class='ocrx_word' id='word_1_317' title='bbox 1334 2436 1493 2501; x_wconf 82' lang='grc' dir='ltr'>ἄλλος</span> <span class='ocrx_word' id='word_1_318' title='bbox 1537 2437 1566 2490; x_wconf 91' lang='lat'><strong>6</strong></span> <span class='ocrx_word' id='word_1_319' title='bbox 1613 2435 1844 2509; x_wconf 76' lang='grc' dir='ltr'>θερίζων</span> <span class='ocrx_word' id='word_1_320' title='bbox 1884 2438 1941 2490; x_wconf 88' lang='grc' dir='ltr'><strong>ἐν</strong></span> <span class='ocrx_word' id='word_1_321' title='bbox 1966 2439 2033 2508; x_wconf 77' lang='grc' dir='ltr'>τῇ</span> 
     </span>
    </p>
   </div>
   <div class='ocr_carea' id='block_1_42' title="bbox 463 2525 988 2600">
    <p class='ocr_par' dir='ltr' id='par_1_42' title="bbox 463 2525 988 2600">
     <span class='ocr_line' id='line_1_42' title="bbox 463 2525 988 2600; baseline 0.008 -22"><span class='ocrx_word' id='word_1_322' title='bbox 463 2525 799 2600; x_wconf 80' lang='grc' dir='ltr'>προκειμένῃ</span> <span class='ocrx_word' id='word_1_323' title='bbox 825 2526 988 2595; x_wconf 81' lang='grc' dir='ltr'>λέξει.</span> 
     </span>
    </p>
   </div>
   <div class='ocr_carea' id='block_1_43' title="bbox 539 2686 2034 2782">
    <p class='ocr_par' dir='ltr' id='par_1_43' title="bbox 539 2686 2034 2782">
     <span class='ocr_line' id='line_1_43' title="bbox 539 2686 2034 2782; baseline 0.002 -22"><span class='ocrx_word' id='word_1_324' title='bbox 539 2686 630 2760; x_wconf 73' lang='grc'><strong>44.</strong></span> <span class='ocrx_word' id='word_1_325' title='bbox 660 2707 771 2759; x_wconf 74' lang='grc' dir='ltr'><strong>Καὶ</strong></span> <span class='ocrx_word' id='word_1_326' title='bbox 790 2709 906 2777; x_wconf 85' lang='grc' dir='ltr'>ἐρεῖ</span> <span class='ocrx_word' id='word_1_327' title='bbox 934 2723 1000 2775; x_wconf 83' lang='grc' dir='ltr'><strong>γε</strong></span> <span class='ocrx_word' id='word_1_328' title='bbox 1032 2707 1062 2760; x_wconf 89' lang='lat'><strong>6</strong></span> <span class='ocrx_word' id='word_1_329' title='bbox 1090 2706 1425 2780; x_wconf 82' lang='grc' dir='ltr'>Ἡρακλέων,</span> <span class='ocrx_word' id='word_1_330' title='bbox 1455 2707 1595 2779; x_wconf 83' lang='grc' dir='ltr'>τάχα</span> <span class='ocrx_word' id='word_1_331' title='bbox 1625 2706 1683 2761; x_wconf 79' lang='grc' dir='ltr'><strong>δὲ</strong></span> <span class='ocrx_word' id='word_1_332' title='bbox 1713 2706 1889 2778; x_wconf 84' lang='grc' dir='ltr'>τούτῳ</span> <span class='ocrx_word' id='word_1_333' title='bbox 1918 2705 2034 2782; x_wconf 89' lang='grc'><strong>(78)</strong></span> 
     </span>
    </p>
   </div>
   <div class='ocr_carea' id='block_1_44' title="bbox 459 2799 2033 2872">
    <p class='ocr_par' dir='ltr' id='par_1_44' title="bbox 459 2799 2033 2872">
     <span class='ocr_line' id='line_1_44' title="bbox 459 2799 2033 2872; baseline 0.003 -20"><span class='ocrx_word' id='word_1_334' title='bbox 459 2799 601 2853; x_wconf 83' lang='grc' dir='ltr'>κατὰ</span> <span class='ocrx_word' id='word_1_335' title='bbox 625 2799 724 2871; x_wconf 83' lang='grc' dir='ltr'>τὴν</span> <span class='ocrx_word' id='word_1_336' title='bbox 754 2799 979 2871; x_wconf 82' lang='grc' dir='ltr'>ἐκδοχὴν</span> <span class='ocrx_word' id='word_1_337' title='bbox 1006 2799 1210 2870; x_wconf 86' lang='grc' dir='ltr'>ταύτην</span> <span class='ocrx_word' id='word_1_338' title='bbox 1253 2800 1798 2872; x_wconf 79' lang='grc' dir='ltr'>συμπεριφερόμενος</span> <span class='ocrx_word' id='word_1_339' title='bbox 1821 2819 1905 2864; x_wconf 88' lang='grc' dir='ltr'><strong>τις</strong></span> <span class='ocrx_word' id='word_1_340' title='bbox 1937 2802 2033 2857; x_wconf 81' lang='grc' dir='ltr'>καὶ</span> 
     </span>
    </p>
   </div>
   <div class='ocr_carea' id='block_1_45' title="bbox 464 2889 2029 2967">
    <p class='ocr_par' dir='ltr' id='par_1_45' title="bbox 464 2889 2029 2967">
     <span class='ocr_line' id='line_1_45' title="bbox 464 2889 2029 2967; baseline 0 -23"><span class='ocrx_word' id='word_1_341' title='bbox 464 2889 956 2963; x_wconf 60' lang='grc' dir='ltr'>ἐκκλησιαστικὸςυ</span> <span class='ocrx_word' id='word_1_342' title='bbox 1009 2897 1093 2951; x_wconf 85' lang='grc' dir='ltr'><strong>ὅτι</strong></span> <span class='ocrx_word' id='word_1_343' title='bbox 1144 2894 1224 2967; x_wconf 82' lang='grc' dir='ltr'>τῷ</span> <span class='ocrx_word' id='word_1_344' title='bbox 1302 2890 1444 2944; x_wconf 83' lang='grc' dir='ltr'>κατὰ</span> <span class='ocrx_word' id='word_1_345' title='bbox 1483 2891 1577 2945; x_wconf 88' lang='grc' dir='ltr'>τό·</span> <span class='ocrx_word' id='word_1_346' title='bbox 1618 2892 1717 2944; x_wconf 76' lang='grc' dir='ltr'><strong>«Ὀ</strong></span> <span class='ocrx_word' id='word_1_347' title='bbox 1748 2892 1847 2963; x_wconf 85' lang='grc' dir='ltr'>μὲν</span> <span class='ocrx_word' id='word_1_348' title='bbox 1879 2892 2029 2964; x_wconf 83' lang='grc' dir='ltr'>θερι-</span> 
     </span>
    </p>
   </div>
   <div class='ocr_carea' id='block_1_46' title="bbox 460 2977 2029 3055">
    <p class='ocr_par' dir='ltr' id='par_1_46' title="bbox 460 2977 2029 3055">
     <span class='ocr_line' id='line_1_46' title="bbox 460 2977 2029 3055; baseline 0.003 -25"><span class='ocrx_word' id='word_1_349' title='bbox 460 2977 595 3049; x_wconf 81' lang='grc' dir='ltr'>σμὸς</span> <span class='ocrx_word' id='word_1_350' title='bbox 632 2977 833 3042; x_wconf 83' lang='grc' dir='ltr'>πολὺς,</span> <span class='ocrx_word' id='word_1_351' title='bbox 863 2981 910 3031; x_wconf 90' lang='grc' dir='ltr'><strong>οί</strong></span> <span class='ocrx_word' id='word_1_352' title='bbox 954 2977 1011 3030; x_wconf 86' lang='grc' dir='ltr'>δὲ</span> <span class='ocrx_word' id='word_1_353' title='bbox 1059 2980 1285 3051; x_wconf 82' lang='grc' dir='ltr'>ἐργάται</span> <span class='ocrx_word' id='word_1_354' title='bbox 1325 2981 1493 3049; x_wconf 76' lang='grc' dir='ltr'>ὀλίγοι</span> <span class='ocrx_word' id='word_1_355' title='bbox 1518 3024 1532 3048; x_wconf 86' lang='grc'><strong>,</strong></span> <span class='ocrx_word' id='word_1_356' title='bbox 1575 3002 1593 3034; x_wconf 77' lang='grc' dir='ltr'><strong>ι</strong></span> <span class='ocrx_word' id='word_1_357' title='bbox 1648 2983 2029 3055; x_wconf 78' lang='grc' dir='ltr'>σημαινομένῳ</span> 
     </span>
    </p>
   </div>
   <div class='ocr_carea' id='block_1_47' title="bbox 455 3067 2025 3147">
    <p class='ocr_par' dir='ltr' id='par_1_47' title="bbox 455 3067 2025 3147">
     <span class='ocr_line' id='line_1_47' title="bbox 455 3067 2025 3147; baseline 0.006 -28"><span class='ocrx_word' id='word_1_358' title='bbox 455 3068 654 3138; x_wconf 85' lang='grc' dir='ltr'>ὁμοίως</span> <span class='ocrx_word' id='word_1_359' title='bbox 699 3067 868 3120; x_wconf 79' lang='grc' dir='ltr'>ταῦτα</span> <span class='ocrx_word' id='word_1_360' title='bbox 907 3067 1154 3140; x_wconf 78' lang='grc' dir='ltr'>εἴρηται,</span> <span class='ocrx_word' id='word_1_361' title='bbox 1184 3069 1264 3140; x_wconf 85' lang='grc' dir='ltr'><strong>τῷ</strong></span> <span class='ocrx_word' id='word_1_362' title='bbox 1287 3071 1537 3142; x_wconf 79' lang='grc' dir='ltr'>ἑτοίμους</span> <span class='ocrx_word' id='word_1_363' title='bbox 1568 3074 1702 3144; x_wconf 77' lang='grc' dir='ltr'>πρὸς</span> <span class='ocrx_word' id='word_1_364' title='bbox 1746 3074 2025 3147; x_wconf 81' lang='grc' dir='ltr'>θερισμὸν,</span> 
     </span>
    </p>
   </div>
   <div class='ocr_carea' id='block_1_48' title="bbox 455 3156 2102 3274">
    <p class='ocr_par' dir='ltr' id='par_1_48' title="bbox 455 3156 2102 3274">
     <span class='ocr_line' id='line_1_48' title="bbox 455 3156 2102 3274; baseline 0.005 -64"><span class='ocrx_word' id='word_1_365' title='bbox 455 3158 550 3210; x_wconf 82' lang='grc' dir='ltr'>καὶ</span> <span class='ocrx_word' id='word_1_366' title='bbox 564 3156 914 3274; x_wconf 52' lang='grc' dir='ltr'>ξῖιιτηδεὲορς</span> <span class='ocrx_word' id='word_1_367' title='bbox 935 3159 1071 3261; x_wconf 74' lang='grc' dir='ltr'>πρὸς</span> <span class='ocrx_word' id='word_1_368' title='bbox 1100 3159 1162 3213; x_wconf 84' lang='grc' dir='ltr'><strong>τὸ</strong></span> <span class='ocrx_word' id='word_1_369' title='bbox 1187 3160 1286 3231; x_wconf 71' lang='grc' dir='ltr'>ἥδη</span> <span class='ocrx_word' id='word_1_370' title='bbox 1318 3161 1429 3231; x_wconf 84' lang='grc'><strong>(79)</strong></span> <span class='ocrx_word' id='word_1_371' title='bbox 1463 3162 1792 3233; x_wconf 82' lang='grc' dir='ltr'>συναχθῆναι</span> <span class='ocrx_word' id='word_1_372' title='bbox 1827 3168 1905 3228; x_wconf 83' lang='grc' dir='ltr'><strong>είς</strong></span> <span class='ocrx_word' id='word_1_373' title='bbox 1927 3165 2027 3237; x_wconf 81' lang='grc' dir='ltr'>τὴν</span> <span class='ocrx_word' id='word_1_374' title='bbox 2055 3214 2102 3274; x_wconf 78' lang='lat' dir='ltr'><strong><em>C</em></strong></span> 
     </span>
    </p>
   </div>
   <div class='ocr_carea' id='block_1_49' title="bbox 453 3248 2027 3321">
    <p class='ocr_par' dir='ltr' id='par_1_49' title="bbox 453 3248 2027 3321">
     <span class='ocr_line' id='line_1_49' title="bbox 453 3248 2027 3321; baseline 0.006 -20"><span class='ocrx_word' id='word_1_375' title='bbox 453 3248 759 3321; x_wconf 81' lang='grc' dir='ltr'>ἀποθήκην,</span> <span class='ocrx_word' id='word_1_376' title='bbox 787 3249 873 3303; x_wconf 75' lang='grc' dir='ltr'>διὰ</span> <span class='ocrx_word' id='word_1_377' title='bbox 904 3249 1004 3321; x_wconf 85' lang='grc' dir='ltr'>τῆς</span> <span class='ocrx_word' id='word_1_378' title='bbox 1033 3251 1268 3317; x_wconf 86' lang='grc' dir='ltr'>πίστεως</span> <span class='ocrx_word' id='word_1_379' title='bbox 1297 3256 1377 3317; x_wconf 85' lang='grc' dir='ltr'>εἰς</span> <span class='ocrx_word' id='word_1_380' title='bbox 1404 3255 1710 3309; x_wconf 84' lang='grc' dir='ltr'>ἀνάπαυσιν</span> <span class='ocrx_word' id='word_1_381' title='bbox 1746 3253 1904 3321; x_wconf 81' lang='grc' dir='ltr'>εἶναι,</span> <span class='ocrx_word' id='word_1_382' title='bbox 1934 3259 2027 3311; x_wconf 84' lang='grc' dir='ltr'>καὶ</span> 
     </span>
    </p>
   </div>
   <div class='ocr_carea' id='block_1_50' title="bbox 451 3340 2026 3418">
    <p class='ocr_par' dir='ltr' id='par_1_50' title="bbox 451 3340 2026 3418">
     <span class='ocr_line' id='line_1_50' title="bbox 451 3340 2026 3418; baseline 0.006 -26"><span class='ocrx_word' id='word_1_383' title='bbox 451 3340 785 3411; x_wconf 78' lang='grc' dir='ltr'>ἐπιτηδείους</span> <span class='ocrx_word' id='word_1_384' title='bbox 810 3340 945 3412; x_wconf 80' lang='grc' dir='ltr'>πρὸς</span> <span class='ocrx_word' id='word_1_385' title='bbox 975 3342 1248 3415; x_wconf 85' lang='grc' dir='ltr'>σωτηρίαν</span> <span class='ocrx_word' id='word_1_386' title='bbox 1272 3347 1367 3399; x_wconf 80' lang='grc' dir='ltr'><strong>καὶ</strong></span> <span class='ocrx_word' id='word_1_387' title='bbox 1389 3347 1702 3418; x_wconf 80' lang='grc' dir='ltr'>παραδοχὴν</span> <span class='ocrx_word' id='word_1_388' title='bbox 1727 3348 2026 3417; x_wconf 77' lang='grc' dir='ltr'>τοῦλόγου,</span> 
     </span>
    </p>
   </div>
   <div class='ocr_carea' id='block_1_51' title="bbox 449 3430 2047 3511">
    <p class='ocr_par' dir='ltr' id='par_1_51' title="bbox 449 3430 2047 3511">
     <span class='ocr_line' id='line_1_51' title="bbox 449 3430 2047 3511; baseline 0.006 -26"><span class='ocrx_word' id='word_1_389' title='bbox 449 3431 592 3485; x_wconf 82' lang='grc' dir='ltr'>κατὰ</span> <span class='ocrx_word' id='word_1_390' title='bbox 612 3430 712 3502; x_wconf 81' lang='grc' dir='ltr'>μὲν</span> <span class='ocrx_word' id='word_1_391' title='bbox 736 3431 829 3486; x_wconf 83' lang='grc' dir='ltr'><strong>τὸν</strong></span> <span class='ocrx_word' id='word_1_392' title='bbox 856 3432 1201 3504; x_wconf 82' lang='grc' dir='ltr'>Ἡρακλέωνα</span> <span class='ocrx_word' id='word_1_393' title='bbox 1232 3435 1322 3490; x_wconf 85' lang='grc' dir='ltr'>διὰ</span> <span class='ocrx_word' id='word_1_394' title='bbox 1345 3437 1444 3509; x_wconf 87' lang='grc' dir='ltr'><strong>τὴν</strong></span> <span class='ocrx_word' id='word_1_395' title='bbox 1474 3439 1820 3511; x_wconf 83' lang='grc' dir='ltr'>κατασκευὴν</span> <span class='ocrx_word' id='word_1_396' title='bbox 1846 3440 2047 3495; x_wconf 83' lang='grc' dir='ltr'>αὐτῶν·</span> 
     </span>
    </p>
   </div>
   <div class='ocr_carea' id='block_1_52' title="bbox 447 3522 2026 3595">
    <p class='ocr_par' dir='ltr' id='par_1_52' title="bbox 447 3522 2026 3595">
     <span class='ocr_line' id='line_1_52' title="bbox 447 3522 2026 3595; baseline 0.008 -20"><span class='ocrx_word' id='word_1_397' title='bbox 447 3524 543 3576; x_wconf 70' lang='grc' dir='ltr'>καὶ</span> <span class='ocrx_word' id='word_1_398' title='bbox 571 3523 673 3595; x_wconf 80' lang='grc' dir='ltr'>τὴν</span> <span class='ocrx_word' id='word_1_399' title='bbox 705 3522 901 3593; x_wconf 76' lang='grc' dir='ltr'>φύσιν·</span> <span class='ocrx_word' id='word_1_400' title='bbox 931 3524 1075 3580; x_wconf 81' lang='grc' dir='ltr'>κατὰ</span> <span class='ocrx_word' id='word_1_401' title='bbox 1133 3526 1191 3581; x_wconf 80' lang='grc' dir='ltr'><strong>δὲ</strong></span> <span class='ocrx_word' id='word_1_402' title='bbox 1237 3523 1328 3578; x_wconf 84' lang='grc' dir='ltr'><strong>τὸν</strong></span> <span class='ocrx_word' id='word_1_403' title='bbox 1378 3526 1866 3594; x_wconf 59' lang='grc' dir='ltr'>ἐκκλησιαστικὸν,</span> <span class='ocrx_word' id='word_1_404' title='bbox 1933 3535 2026 3588; x_wconf 75' lang='grc' dir='ltr'>καὶ</span> 
     </span>
    </p>
   </div>
   <div class='ocr_carea' id='block_1_53' title="bbox 444 3611 2026 3694">
    <p class='ocr_par' dir='ltr' id='par_1_53' title="bbox 444 3611 2026 3694">
     <span class='ocr_line' id='line_1_53' title="bbox 444 3611 2026 3694; baseline 0.008 -29"><span class='ocrx_word' id='word_1_405' title='bbox 444 3611 531 3667; x_wconf 86' lang='grc' dir='ltr'><strong>διά</strong></span> <span class='ocrx_word' id='word_1_406' title='bbox 558 3629 683 3668; x_wconf 89' lang='grc' dir='ltr'>τινα</span> <span class='ocrx_word' id='word_1_407' title='bbox 724 3614 1086 3686; x_wconf 81' lang='grc' dir='ltr'>εὐτρεπισμὸν</span> <span class='ocrx_word' id='word_1_408' title='bbox 1124 3616 1219 3669; x_wconf 85' lang='grc' dir='ltr'><strong>τοῦ</strong></span> <span class='ocrx_word' id='word_1_409' title='bbox 1264 3618 1594 3689; x_wconf 83' lang='grc' dir='ltr'>ἡγεμονικοῦ</span> <span class='ocrx_word' id='word_1_410' title='bbox 1628 3621 1845 3693; x_wconf 79' lang='grc' dir='ltr'>ἑτοίμου</span> <span class='ocrx_word' id='word_1_411' title='bbox 1888 3624 2026 3694; x_wconf 82' lang='grc' dir='ltr'>πρὸς</span> 
     </span>
    </p>
   </div>
   <div class='ocr_carea' id='block_1_54' title="bbox 444 3702 2024 3785">
    <p class='ocr_par' dir='ltr' id='par_1_54' title="bbox 444 3702 2024 3785">
     <span class='ocr_line' id='line_1_54' title="bbox 444 3702 2024 3785; baseline 0.008 -30"><span class='ocrx_word' id='word_1_412' title='bbox 444 3702 759 3770; x_wconf 81' lang='grc' dir='ltr'>τελείωσιν,</span> <span class='ocrx_word' id='word_1_413' title='bbox 802 3705 890 3758; x_wconf 75' lang='grc' dir='ltr'><strong>ἵνα</strong></span> <span class='ocrx_word' id='word_1_414' title='bbox 938 3706 1012 3777; x_wconf 83' lang='grc' dir='ltr'>μὴ</span> <span class='ocrx_word' id='word_1_415' title='bbox 1048 3706 1144 3760; x_wconf 76' lang='grc' dir='ltr'><strong>καὶ</strong></span> <span class='ocrx_word' id='word_1_416' title='bbox 1190 3707 1432 3779; x_wconf 83' lang='grc' dir='ltr'>θερισθῇ.</span> <span class='ocrx_word' id='word_1_417' title='bbox 1479 3711 1716 3764; x_wconf 83' lang='grc' dir='ltr'>Λεκτέον</span> <span class='ocrx_word' id='word_1_418' title='bbox 1762 3708 1855 3766; x_wconf 84' lang='grc' dir='ltr'><strong>οῦν</strong></span> <span class='ocrx_word' id='word_1_419' title='bbox 1887 3715 2024 3785; x_wconf 81' lang='grc' dir='ltr'>πρὸς</span> 
     </span>
    </p>
   </div>
   <div class='ocr_carea' id='block_1_55' title="bbox 441 3794 2021 3872">
    <p class='ocr_par' dir='ltr' id='par_1_55' title="bbox 441 3794 2021 3872">
     <span class='ocr_line' id='line_1_55' title="bbox 441 3794 2021 3872; baseline 0.004 -22"><span class='ocrx_word' id='word_1_420' title='bbox 441 3796 568 3859; x_wconf 79' lang='grc' dir='ltr'>τοὺς</span> <span class='ocrx_word' id='word_1_421' title='bbox 594 3794 768 3860; x_wconf 82' lang='grc' dir='ltr'>οὕτως</span> <span class='ocrx_word' id='word_1_422' title='bbox 793 3797 1202 3869; x_wconf 80' lang='grc' dir='ltr'>ἐκδεξαμένους,</span> <span class='ocrx_word' id='word_1_423' title='bbox 1228 3801 1276 3852; x_wconf 84' lang='grc' dir='ltr'>εἰ</span> <span class='ocrx_word' id='word_1_424' title='bbox 1312 3799 1590 3869; x_wconf 80' lang='grc' dir='ltr'>βούλονται</span> <span class='ocrx_word' id='word_1_425' title='bbox 1622 3800 2021 3872; x_wconf 82' lang='grc' dir='ltr'>παραδέξασθαι</span> 
     </span>
    </p>
   </div>
   <div class='ocr_carea' id='block_1_56' title="bbox 445 3886 2019 3966">
    <p class='ocr_par' dir='ltr' id='par_1_56' title="bbox 445 3886 2019 3966">
     <span class='ocr_line' id='line_1_56' title="bbox 445 3886 2019 3966; baseline 0.004 -26"><span class='ocrx_word' id='word_1_426' title='bbox 445 3886 654 3957; x_wconf 82' lang='grc' dir='ltr'>μήποτε</span> <span class='ocrx_word' id='word_1_427' title='bbox 687 3888 967 3958; x_wconf 81' lang='grc' dir='ltr'>γεγονέναι</span> <span class='ocrx_word' id='word_1_428' title='bbox 995 3890 1101 3963; x_wconf 88' lang='grc' dir='ltr'><strong>πρὸ</strong></span> <span class='ocrx_word' id='word_1_429' title='bbox 1126 3893 1224 3961; x_wconf 84' lang='grc' dir='ltr'>τῆς</span> <span class='ocrx_word' id='word_1_430' title='bbox 1247 3890 1342 3944; x_wconf 87' lang='grc' dir='ltr'><strong>τοῦ</strong></span> <span class='ocrx_word' id='word_1_431' title='bbox 1371 3891 1619 3964; x_wconf 79' lang='grc' dir='ltr'>Σωτῆρος</span> <span class='ocrx_word' id='word_1_432' title='bbox 1639 3893 1798 3963; x_wconf 82' lang='grc' dir='ltr'>ἡμῶν</span> <span class='ocrx_word' id='word_1_433' title='bbox 1830 3894 2019 3966; x_wconf 83' lang='grc' dir='ltr'>ἐπιδη-</span> 
     </span>
    </p>
   </div>
   <div class='ocr_carea' id='block_1_57' title="bbox 443 3978 2018 4054">
    <p class='ocr_par' dir='ltr' id='par_1_57' title="bbox 443 3978 2018 4054">
     <span class='ocr_line' id='line_1_57' title="bbox 443 3978 2018 4054; baseline 0.004 -23"><span class='ocrx_word' id='word_1_434' title='bbox 443 3978 570 4048; x_wconf 85' lang='grc' dir='ltr'>μίας</span> <span class='ocrx_word' id='word_1_435' title='bbox 600 3978 856 4052; x_wconf 82' lang='grc' dir='ltr'>θερισμὸν</span> <span class='ocrx_word' id='word_1_436' title='bbox 888 3982 1269 4054; x_wconf 82' lang='grc' dir='ltr'>παραπλήσιον</span> <span class='ocrx_word' id='word_1_437' title='bbox 1296 3982 1375 4053; x_wconf 84' lang='grc' dir='ltr'><strong>τῷ</strong></span> <span class='ocrx_word' id='word_1_438' title='bbox 1402 3984 1573 4051; x_wconf 75' lang='grc' dir='ltr'>οῦτως</span> <span class='ocrx_word' id='word_1_439' title='bbox 1601 3984 1668 4038; x_wconf 81' lang='grc' dir='ltr'><strong>ἂν</strong></span> <span class='ocrx_word' id='word_1_440' title='bbox 1711 3984 2018 4038; x_wconf 84' lang='grc' dir='ltr'>ἐλπισθέντι</span> 
     </span>
    </p>
   </div>
   <div class='ocr_carea' id='block_1_58' title="bbox 439 4071 2016 4147">
    <p class='ocr_par' dir='ltr' id='par_1_58' title="bbox 439 4071 2016 4147">
     <span class='ocr_line' id='line_1_58' title="bbox 439 4071 2016 4147; baseline 0.004 -23"><span class='ocrx_word' id='word_1_441' title='bbox 439 4071 549 4124; x_wconf 76' lang='grc' dir='ltr'><strong>ἀπὸ</strong></span> <span class='ocrx_word' id='word_1_442' title='bbox 588 4071 698 4126; x_wconf 87' lang='grc' dir='ltr'><strong>τῶν</strong></span> <span class='ocrx_word' id='word_1_443' title='bbox 739 4073 944 4144; x_wconf 86' lang='grc' dir='ltr'>χρόνων</span> <span class='ocrx_word' id='word_1_444' title='bbox 989 4073 1086 4127; x_wconf 90' lang='grc' dir='ltr'><strong>τοῦ</strong></span> <span class='ocrx_word' id='word_1_445' title='bbox 1137 4074 1493 4143; x_wconf 80' lang='grc' dir='ltr'>εύαγγελικοῦ</span> <span class='ocrx_word' id='word_1_446' title='bbox 1543 4076 1916 4147; x_wconf 77' lang='grc' dir='ltr'>κηρύγματος.</span> <span class='ocrx_word' id='word_1_447' title='bbox 1954 4080 2016 4131; x_wconf 84' lang='lat' dir='ltr'><strong>Ei</strong></span> 
     </span>
    </p>
   </div>
   <div class='ocr_carea' id='block_1_59' title="bbox 436 4160 2018 4236">
    <p class='ocr_par' dir='ltr' id='par_1_59' title="bbox 436 4160 2018 4236">
     <span class='ocr_line' id='line_1_59' title="bbox 436 4160 2018 4236; baseline 0.003 -21"><span class='ocrx_word' id='word_1_448' title='bbox 436 4160 545 4233; x_wconf 83' lang='grc' dir='ltr'>γὰρ</span> <span class='ocrx_word' id='word_1_449' title='bbox 574 4161 654 4233; x_wconf 83' lang='grc' dir='ltr'>τῷ</span> <span class='ocrx_word' id='word_1_450' title='bbox 701 4160 840 4218; x_wconf 72' lang='grc' dir='ltr'>εἶναι</span> <span class='ocrx_word' id='word_1_451' title='bbox 881 4164 974 4217; x_wconf 83' lang='grc' dir='ltr'><strong>τὸν</strong></span> <span class='ocrx_word' id='word_1_452' title='bbox 1008 4164 1265 4236; x_wconf 76' lang='grc' dir='ltr'>θερισμὸν</span> <span class='ocrx_word' id='word_1_453' title='bbox 1309 4165 1474 4220; x_wconf 83' lang='grc' dir='ltr'>πολὺν</span> <span class='ocrx_word' id='word_1_454' title='bbox 1508 4165 1694 4219; x_wconf 78' lang='grc' dir='ltr'>πολλοὶ</span> <span class='ocrx_word' id='word_1_455' title='bbox 1724 4167 2018 4219; x_wconf 85' lang='grc' dir='ltr'>πεπιστεύ-</span> 
     </span>
    </p>
   </div>
   <div class='ocr_carea' id='block_1_60' title="bbox 436 4254 2016 4330">
    <p class='ocr_par' dir='ltr' id='par_1_60' title="bbox 436 4254 2016 4330">
     <span class='ocr_line' id='line_1_60' title="bbox 436 4254 2016 4330; baseline 0.003 -22"><span class='ocrx_word' id='word_1_456' title='bbox 436 4271 586 4320; x_wconf 85' lang='grc' dir='ltr'>κασι,</span> <span class='ocrx_word' id='word_1_457' title='bbox 619 4254 862 4324; x_wconf 86' lang='grc' dir='ltr'>καίτοιγε</span> <span class='ocrx_word' id='word_1_458' title='bbox 901 4255 1097 4325; x_wconf 82' lang='grc' dir='ltr'>ὀλίγων</span> <span class='ocrx_word' id='word_1_459' title='bbox 1130 4256 1297 4310; x_wconf 78' lang='grc' dir='ltr'>ὄντων</span> <span class='ocrx_word' id='word_1_460' title='bbox 1344 4257 1454 4311; x_wconf 87' lang='grc' dir='ltr'><strong>τῶν</strong></span> <span class='ocrx_word' id='word_1_461' title='bbox 1498 4257 1746 4330; x_wconf 86' lang='grc' dir='ltr'>ἐργατῶν</span> <span class='ocrx_word' id='word_1_462' title='bbox 1783 4258 2016 4313; x_wconf 85' lang='grc' dir='ltr'>ἀποστό-</span> 
     </span>
    </p>
   </div>
   <div class='ocr_carea' id='block_1_61' title="bbox 434 4343 2013 4420">
    <p class='ocr_par' dir='ltr' id='par_1_61' title="bbox 434 4343 2013 4420">
     <span class='ocr_line' id='line_1_61' title="bbox 434 4343 2013 4420; baseline 0.004 -23"><span class='ocrx_word' id='word_1_463' title='bbox 434 4343 561 4409; x_wconf 89' lang='grc' dir='ltr'>λων,</span> <span class='ocrx_word' id='word_1_464' title='bbox 586 4344 664 4409; x_wconf 86' lang='grc' dir='ltr'>ὼς</span> <span class='ocrx_word' id='word_1_465' title='bbox 695 4345 830 4418; x_wconf 80' lang='grc' dir='ltr'>πρὸς</span> <span class='ocrx_word' id='word_1_466' title='bbox 854 4346 914 4399; x_wconf 87' lang='lat'><strong>:6</strong></span> <span class='ocrx_word' id='word_1_467' title='bbox 946 4347 1147 4418; x_wconf 82' lang='grc' dir='ltr'>πλῆθος</span> <span class='ocrx_word' id='word_1_468' title='bbox 1180 4346 1289 4402; x_wconf 86' lang='grc' dir='ltr'><strong>τῶν</strong></span> <span class='ocrx_word' id='word_1_469' title='bbox 1322 4349 1781 4420; x_wconf 85' lang='grc' dir='ltr'>παραδεξαμένων</span> <span class='ocrx_word' id='word_1_470' title='bbox 1806 4349 1899 4403; x_wconf 81' lang='grc' dir='ltr'><strong>τὸν</strong></span> <span class='ocrx_word' id='word_1_471' title='bbox 1922 4350 2013 4403; x_wconf 86' lang='grc' dir='ltr'>λό-</span> 
     </span>
    </p>
   </div>
   <div class='ocr_carea' id='block_1_62' title="bbox 2149 1968 3728 2041">
    <p class='ocr_par' dir='ltr' id='par_1_62' title="bbox 2149 1968 3728 2041">
     <span class='ocr_line' id='line_1_62' title="bbox 2149 1968 3728 2041; baseline 0 -17"><span class='ocrx_word' id='word_1_472' title='bbox 2149 1971 2293 2040; x_wconf 90' lang='lat' dir='ltr'><strong>qnod</strong></span> <span class='ocrx_word' id='word_1_473' title='bbox 2328 1985 2359 2024; x_wconf 92' lang='lat' dir='ltr'><strong>e</strong></span> <span class='ocrx_word' id='word_1_474' title='bbox 2386 1969 2616 2025; x_wconf 84' lang='lat' dir='ltr'><strong>Psalmis</strong></span> <span class='ocrx_word' id='word_1_475' title='bbox 2653 1970 3074 2041; x_wconf 84' lang='lat' dir='ltr'><strong>proposuimus,</strong></span> <span class='ocrx_word' id='word_1_476' title='bbox 3107 1968 3386 2023; x_wconf 82' lang='lat' dir='ltr'><strong>declarare</strong></span> <span class='ocrx_word' id='word_1_477' title='bbox 3416 1969 3546 2024; x_wconf 91' lang='lat' dir='ltr'><strong>mihi</strong></span> <span class='ocrx_word' id='word_1_478' title='bbox 3573 1969 3728 2024; x_wconf 87' lang='lat' dir='ltr'><strong>vide-</strong></span> 
     </span>
    </p>
   </div>
   <div class='ocr_carea' id='block_1_63' title="bbox 2145 2060 3729 2131">
    <p class='ocr_par' dir='ltr' id='par_1_63' title="bbox 2145 2060 3729 2131">
     <span class='ocr_line' id='line_1_63' title="bbox 2145 2060 3729 2131; baseline -0.001 -14"><span class='ocrx_word' id='word_1_479' title='bbox 2145 2072 2239 2117; x_wconf 92' lang='lat' dir='ltr'><strong>tur</strong></span> <span class='ocrx_word' id='word_1_480' title='bbox 2288 2061 2588 2116; x_wconf 90' lang='lat' dir='ltr'><strong>animarum</strong></span> <span class='ocrx_word' id='word_1_481' title='bbox 2643 2062 2904 2117; x_wconf 90' lang='lat' dir='ltr'><strong>nobilium</strong></span> <span class='ocrx_word' id='word_1_482' title='bbox 2933 2061 3285 2129; x_wconf 87' lang='lat' dir='ltr'><strong>descensum,</strong></span> <span class='ocrx_word' id='word_1_483' title='bbox 3316 2075 3438 2131; x_wconf 69' lang='lat' dir='ltr'><strong>qua:</strong></span> <span class='ocrx_word' id='word_1_484' title='bbox 3481 2060 3729 2116; x_wconf 83' lang='lat' dir='ltr'><strong>venerint</strong></span> 
     </span>
    </p>
   </div>
   <div class='ocr_carea' id='block_1_64' title="bbox 2147 2152 3728 2220">
    <p class='ocr_par' dir='ltr' id='par_1_64' title="bbox 2147 2152 3728 2220">
     <span class='ocr_line' id='line_1_64' title="bbox 2147 2152 3728 2220; baseline -0.001 -13"><span class='ocrx_word' id='word_1_485' title='bbox 2147 2152 2202 2207; x_wconf 90' lang='lat' dir='ltr'><strong>in</strong></span> <span class='ocrx_word' id='word_1_486' title='bbox 2233 2153 2373 2207; x_wconf 90' lang='lat' dir='ltr'><strong>hanc</strong></span> <span class='ocrx_word' id='word_1_487' title='bbox 2393 2152 2558 2206; x_wconf 89' lang='lat' dir='ltr'><strong>vitam</strong></span> <span class='ocrx_word' id='word_1_488' title='bbox 2605 2166 2726 2207; x_wconf 92' lang='lat' dir='ltr'><strong>cum</strong></span> <span class='ocrx_word' id='word_1_489' title='bbox 2757 2153 3084 2207; x_wconf 85' lang='lat' dir='ltr'><strong>salutaribus</strong></span> <span class='ocrx_word' id='word_1_490' title='bbox 3120 2152 3442 2219; x_wconf 83' lang='lat' dir='ltr'><strong>seminibus,</strong></span> <span class='ocrx_word' id='word_1_491' title='bbox 3494 2165 3728 2220; x_wconf 73' lang='lat' dir='ltr'><strong>quaeque</strong></span> 
     </span>
    </p>
   </div>
   <div class='ocr_carea' id='block_1_65' title="bbox 2147 2241 3725 2312">
    <p class='ocr_par' dir='ltr' id='par_1_65' title="bbox 2147 2241 3725 2312">
     <span class='ocr_line' id='line_1_65' title="bbox 2147 2241 3725 2312; baseline 0.001 -17"><span class='ocrx_word' id='word_1_492' title='bbox 2147 2241 2340 2296; x_wconf 71' lang='lat' dir='ltr'><strong>invitae</strong></span> <span class='ocrx_word' id='word_1_493' title='bbox 2366 2241 2481 2296; x_wconf 84' lang='lat' dir='ltr'><strong>fere</strong></span> <span class='ocrx_word' id='word_1_494' title='bbox 2509 2242 2759 2297; x_wconf 88' lang='lat' dir='ltr'><strong>venerint</strong></span> <span class='ocrx_word' id='word_1_495' title='bbox 2793 2242 3271 2312; x_wconf 88' lang='lat' dir='ltr'><strong>suspirantes,sed</strong></span> <span class='ocrx_word' id='word_1_496' title='bbox 3302 2242 3570 2296; x_wconf 87' lang='lat' dir='ltr'><strong>redierint</strong></span> <span class='ocrx_word' id='word_1_497' title='bbox 3600 2256 3725 2297; x_wconf 88' lang='lat' dir='ltr'><strong>cum</strong></span> 
     </span>
    </p>
   </div>
   <div class='ocr_carea' id='block_1_66' title="bbox 2143 2334 3725 2406">
    <p class='ocr_par' dir='ltr' id='par_1_66' title="bbox 2143 2334 3725 2406">
     <span class='ocr_line' id='line_1_66' title="bbox 2143 2334 3725 2406; baseline 0.001 -17"><span class='ocrx_word' id='word_1_498' title='bbox 2143 2334 2531 2400; x_wconf 84' lang='lat' dir='ltr'><strong>exsultatione,</strong></span> <span class='ocrx_word' id='word_1_499' title='bbox 2561 2349 2626 2389; x_wconf 88' lang='lat' dir='ltr'><strong>eo</strong></span> <span class='ocrx_word' id='word_1_500' title='bbox 2658 2336 2802 2403; x_wconf 89' lang='lat' dir='ltr'><strong>quod</strong></span> <span class='ocrx_word' id='word_1_501' title='bbox 2849 2335 3068 2406; x_wconf 77' lang='lat' dir='ltr'><strong>egregie</strong></span> <span class='ocrx_word' id='word_1_502' title='bbox 3116 2335 3506 2401; x_wconf 85' lang='lat' dir='ltr'><strong>laboraverint,</strong></span> <span class='ocrx_word' id='word_1_503' title='bbox 3532 2343 3590 2393; x_wconf 89' lang='lat' dir='ltr'><strong>et</strong></span> <span class='ocrx_word' id='word_1_504' title='bbox 3625 2351 3725 2391; x_wconf 82' lang='lat' dir='ltr'><strong>au-</strong></span> 
     </span>
    </p>
   </div>
   <div class='ocr_carea' id='block_1_67' title="bbox 2142 2425 3727 2495">
    <p class='ocr_par' dir='ltr' id='par_1_67' title="bbox 2142 2425 3727 2495">
     <span class='ocr_line' id='line_1_67' title="bbox 2142 2425 3727 2495; baseline 0 -14"><span class='ocrx_word' id='word_1_505' title='bbox 2142 2426 2348 2490; x_wconf 81' lang='lat' dir='ltr'><strong>xerint,</strong></span> <span class='ocrx_word' id='word_1_506' title='bbox 2370 2434 2427 2480; x_wconf 93' lang='lat' dir='ltr'><strong>et</strong></span> <span class='ocrx_word' id='word_1_507' title='bbox 2476 2426 2884 2494; x_wconf 89' lang='lat' dir='ltr'><strong>multiplicarint</strong></span> <span class='ocrx_word' id='word_1_508' title='bbox 2921 2426 3133 2480; x_wconf 87' lang='lat' dir='ltr'><strong>semina</strong></span> <span class='ocrx_word' id='word_1_509' title='bbox 3167 2441 3291 2481; x_wconf 92' lang='lat' dir='ltr'><strong>cum</strong></span> <span class='ocrx_word' id='word_1_510' title='bbox 3336 2425 3534 2495; x_wconf 87' lang='lat' dir='ltr'><strong>quibus</strong></span> <span class='ocrx_word' id='word_1_511' title='bbox 3563 2441 3727 2482; x_wconf 82' lang='lat' dir='ltr'><strong>vene-</strong></span> 
     </span>
    </p>
   </div>
   <div class='ocr_carea' id='block_1_68' title="bbox 2142 2517 3726 2589">
    <p class='ocr_par' dir='ltr' id='par_1_68' title="bbox 2142 2517 3726 2589">
     <span class='ocr_line' id='line_1_68' title="bbox 2142 2517 3726 2589; baseline 0.001 -16"><span class='ocrx_word' id='word_1_512' title='bbox 2142 2526 2286 2574; x_wconf 87' lang='lat' dir='ltr'><strong>rant.</strong></span> <span class='ocrx_word' id='word_1_513' title='bbox 2306 2518 2460 2573; x_wconf 87' lang='lat' dir='ltr'><strong>Alius</strong></span> <span class='ocrx_word' id='word_1_514' title='bbox 2482 2528 2662 2573; x_wconf 89' lang='lat' dir='ltr'><strong>autem</strong></span> <span class='ocrx_word' id='word_1_515' title='bbox 2693 2527 2777 2572; x_wconf 89' lang='lat' dir='ltr'><strong>est</strong></span> <span class='ocrx_word' id='word_1_516' title='bbox 2808 2517 2900 2586; x_wconf 92' lang='lat' dir='ltr'><strong>qui</strong></span> <span class='ocrx_word' id='word_1_517' title='bbox 2933 2518 3199 2582; x_wconf 85' lang='lat' dir='ltr'><strong>seminat,</strong></span> <span class='ocrx_word' id='word_1_518' title='bbox 3231 2525 3291 2573; x_wconf 90' lang='lat' dir='ltr'><strong>et</strong></span> <span class='ocrx_word' id='word_1_519' title='bbox 3324 2517 3464 2574; x_wconf 88' lang='lat' dir='ltr'><strong>alius</strong></span> <span class='ocrx_word' id='word_1_520' title='bbox 3491 2519 3582 2589; x_wconf 91' lang='lat' dir='ltr'><strong>qui</strong></span> <span class='ocrx_word' id='word_1_521' title='bbox 3617 2534 3726 2575; x_wconf 85' lang='lat' dir='ltr'><strong>me-</strong></span> 
     </span>
    </p>
   </div>
   <div class='ocr_carea' id='block_1_69' title="bbox 2141 2609 3258 2679">
    <p class='ocr_par' dir='ltr' id='par_1_69' title="bbox 2141 2609 3258 2679">
     <span class='ocr_line' id='line_1_69' title="bbox 2141 2609 3258 2679; baseline 0.002 -14"><span class='ocrx_word' id='word_1_522' title='bbox 2141 2610 2207 2665; x_wconf 86' lang='lat' dir='ltr'><strong>tit</strong></span> <span class='ocrx_word' id='word_1_523' title='bbox 2236 2610 2283 2643; x_wconf 75' lang='lat'><strong>“</strong></span> <span class='ocrx_word' id='word_1_524' title='bbox 2322 2611 2375 2663; x_wconf 94' lang='lat' dir='ltr'><strong>in</strong></span> <span class='ocrx_word' id='word_1_525' title='bbox 2406 2611 2656 2679; x_wconf 65' lang='lat' dir='ltr'><strong>praesenti</strong></span> <span class='ocrx_word' id='word_1_526' title='bbox 2685 2609 2950 2665; x_wconf 89' lang='lat' dir='ltr'><strong>orationis</strong></span> <span class='ocrx_word' id='word_1_527' title='bbox 2976 2619 3258 2667; x_wconf 77' lang='lat' dir='ltr'><strong>contextu.</strong></span> 
     </span>
    </p>
   </div>
   <div class='ocr_carea' id='block_1_70' title="bbox 2209 2701 3724 2776">
    <p class='ocr_par' dir='ltr' id='par_1_70' title="bbox 2209 2701 3724 2776">
     <span class='ocr_line' id='line_1_70' title="bbox 2209 2701 3724 2776; baseline 0.001 -20"><span class='ocrx_word' id='word_1_528' title='bbox 2209 2701 2301 2758; x_wconf 67' lang='grc'><strong>44.</strong></span> <span class='ocrx_word' id='word_1_529' title='bbox 2331 2703 2590 2771; x_wconf 85' lang='lat' dir='ltr'><strong>Dicetque</strong></span> <span class='ocrx_word' id='word_1_530' title='bbox 2637 2702 2884 2772; x_wconf 83' lang='lat' dir='ltr'><strong>profecto</strong></span> <span class='ocrx_word' id='word_1_531' title='bbox 2929 2701 3251 2769; x_wconf 79' lang='lat' dir='ltr'><strong>Heracleon,</strong></span> <span class='ocrx_word' id='word_1_532' title='bbox 3281 2709 3337 2757; x_wconf 90' lang='lat' dir='ltr'><strong>et</strong></span> <span class='ocrx_word' id='word_1_533' title='bbox 3379 2716 3563 2776; x_wconf 76' lang='lat' dir='ltr'><strong>secum</strong></span> <span class='ocrx_word' id='word_1_534' title='bbox 3610 2702 3724 2757; x_wconf 89' lang='lat' dir='ltr'><strong>t‘or-</strong></span> 
     </span>
    </p>
   </div>
   <div class='ocr_carea' id='block_1_71' title="bbox 2141 2795 3723 2867">
    <p class='ocr_par' dir='ltr' id='par_1_71' title="bbox 2141 2795 3723 2867">
     <span class='ocr_line' id='line_1_71' title="bbox 2141 2795 3723 2867; baseline 0.001 -17"><span class='ocrx_word' id='word_1_535' title='bbox 2141 2798 2304 2852; x_wconf 89' lang='lat' dir='ltr'><strong>tassis</strong></span> <span class='ocrx_word' id='word_1_536' title='bbox 2349 2797 2594 2850; x_wconf 78' lang='lat' dir='ltr'><strong>sentiens</strong></span> <span class='ocrx_word' id='word_1_537' title='bbox 2649 2796 2789 2851; x_wconf 87' lang='lat' dir='ltr'><strong>alius</strong></span> <span class='ocrx_word' id='word_1_538' title='bbox 2829 2795 2996 2851; x_wconf 89' lang='lat' dir='ltr'><strong>etiam</strong></span> <span class='ocrx_word' id='word_1_539' title='bbox 3045 2795 3471 2864; x_wconf 88' lang='lat' dir='ltr'><strong>ecclesiasticus,</strong></span> <span class='ocrx_word' id='word_1_540' title='bbox 3496 2806 3723 2867; x_wconf 84' lang='lat' dir='ltr'><strong>propter</strong></span> 
     </span>
    </p>
   </div>
   <div class='ocr_carea' id='block_1_72' title="bbox 2137 2887 3721 2956">
    <p class='ocr_par' dir='ltr' id='par_1_72' title="bbox 2137 2887 3721 2956">
     <span class='ocr_line' id='line_1_72' title="bbox 2137 2887 3721 2956; baseline -0.001 -12"><span class='ocrx_word' id='word_1_541' title='bbox 2137 2888 2281 2944; x_wconf 89' lang='lat' dir='ltr'><strong>hanc</strong></span> <span class='ocrx_word' id='word_1_542' title='bbox 2304 2888 2718 2956; x_wconf 73' lang='lat' dir='ltr'><strong>expositionem,</strong></span> <span class='ocrx_word' id='word_1_543' title='bbox 2749 2887 2864 2942; x_wconf 65' lang='lat' dir='ltr'><strong>haec</strong></span> <span class='ocrx_word' id='word_1_544' title='bbox 2892 2888 3058 2942; x_wconf 90' lang='lat' dir='ltr'><strong>verba</strong></span> <span class='ocrx_word' id='word_1_545' title='bbox 3087 2889 3229 2943; x_wconf 87' lang='lat' dir='ltr'><strong>dicta</strong></span> <span class='ocrx_word' id='word_1_546' title='bbox 3265 2887 3435 2944; x_wconf 81' lang='lat' dir='ltr'><strong>fuisse</strong></span> <span class='ocrx_word' id='word_1_547' title='bbox 3463 2889 3519 2943; x_wconf 89' lang='lat' dir='ltr'><strong>in</strong></span> <span class='ocrx_word' id='word_1_548' title='bbox 3550 2903 3615 2944; x_wconf 90' lang='lat' dir='ltr'><strong>ea</strong></span> <span class='ocrx_word' id='word_1_549' title='bbox 3646 2890 3721 2943; x_wconf 82' lang='lat' dir='ltr'><strong>si-</strong></span> 
     </span>
    </p>
   </div>
   <div class='ocr_carea' id='block_1_73' title="bbox 2135 2979 3716 3051">
    <p class='ocr_par' dir='ltr' id='par_1_73' title="bbox 2135 2979 3716 3051">
     <span class='ocr_line' id='line_1_73' title="bbox 2135 2979 3716 3051; baseline 0.001 -18"><span class='ocrx_word' id='word_1_550' title='bbox 2135 2980 2487 3051; x_wconf 69' lang='lat' dir='ltr'><strong>gniﬁcatione</strong></span> <span class='ocrx_word' id='word_1_551' title='bbox 2517 2996 2622 3048; x_wconf 90' lang='lat' dir='ltr'><strong>qua</strong></span> <span class='ocrx_word' id='word_1_552' title='bbox 2657 2979 2864 3034; x_wconf 88' lang='lat' dir='ltr'><strong>dictum</strong></span> <span class='ocrx_word' id='word_1_553' title='bbox 2894 2990 3040 3034; x_wconf 83' lang='lat' dir='ltr'><strong>est:t</strong></span> <span class='ocrx_word' id='word_1_554' title='bbox 3062 2981 3250 3037; x_wconf 80' lang='lat' dir='ltr'><strong>Messis</strong></span> <span class='ocrx_word' id='word_1_555' title='bbox 3277 2981 3494 3051; x_wconf 88' lang='lat' dir='ltr'><strong>quidem</strong></span> <span class='ocrx_word' id='word_1_556' title='bbox 3523 2981 3716 3044; x_wconf 86' lang='lat' dir='ltr'><strong>multa,</strong></span> 
     </span>
    </p>
   </div>
   <div class='ocr_carea' id='block_1_74' title="bbox 2134 3070 3718 3140">
    <p class='ocr_par' dir='ltr' id='par_1_74' title="bbox 2134 3070 3718 3140">
     <span class='ocr_line' id='line_1_74' title="bbox 2134 3070 3718 3140; baseline -0.001 -15"><span class='ocrx_word' id='word_1_557' title='bbox 2134 3071 2372 3140; x_wconf 85' lang='lat' dir='ltr'><strong>operarii</strong></span> <span class='ocrx_word' id='word_1_558' title='bbox 2423 3082 2604 3125; x_wconf 79' lang='lat' dir='ltr'><strong>autem</strong></span> <span class='ocrx_word' id='word_1_559' title='bbox 2670 3073 2826 3140; x_wconf 91' lang='lat' dir='ltr'><strong>pauci</strong></span> <span class='ocrx_word' id='word_1_560' title='bbox 2865 3070 2934 3135; x_wconf 80' lang='grc'><strong>⁸⁵,</strong></span> <span class='ocrx_word' id='word_1_561' title='bbox 2971 3090 2990 3121; x_wconf 72' lang='grc' dir='ltr'><strong>ι</strong></span> <span class='ocrx_word' id='word_1_562' title='bbox 3013 3086 3078 3125; x_wconf 89' lang='lat' dir='ltr'><strong>eo</strong></span> <span class='ocrx_word' id='word_1_563' title='bbox 3109 3074 3250 3139; x_wconf 89' lang='lat' dir='ltr'><strong>quod</strong></span> <span class='ocrx_word' id='word_1_564' title='bbox 3272 3071 3450 3139; x_wconf 85' lang='lat' dir='ltr'><strong>parati</strong></span> <span class='ocrx_word' id='word_1_565' title='bbox 3481 3071 3548 3125; x_wconf 92' lang='lat' dir='ltr'><strong>ad</strong></span> <span class='ocrx_word' id='word_1_566' title='bbox 3576 3085 3718 3124; x_wconf 86' lang='lat' dir='ltr'><strong>mes-</strong></span> 
     </span>
    </p>
   </div>
   <div class='ocr_carea' id='block_1_75' title="bbox 2135 3162 3717 3232">
    <p class='ocr_par' dir='ltr' id='par_1_75' title="bbox 2135 3162 3717 3232">
     <span class='ocr_line' id='line_1_75' title="bbox 2135 3162 3717 3232; baseline 0 -14"><span class='ocrx_word' id='word_1_567' title='bbox 2135 3178 2271 3229; x_wconf 86' lang='lat' dir='ltr'><strong>sem,</strong></span> <span class='ocrx_word' id='word_1_568' title='bbox 2298 3175 2354 3218; x_wconf 91' lang='lat' dir='ltr'><strong>et</strong></span> <span class='ocrx_word' id='word_1_569' title='bbox 2383 3164 2559 3218; x_wconf 91' lang='lat' dir='ltr'><strong>idonei</strong></span> <span class='ocrx_word' id='word_1_570' title='bbox 2587 3164 2679 3232; x_wconf 91' lang='lat' dir='ltr'><strong>qui</strong></span> <span class='ocrx_word' id='word_1_571' title='bbox 2705 3162 2817 3229; x_wconf 91' lang='lat' dir='ltr'><strong>jam</strong></span> <span class='ocrx_word' id='word_1_572' title='bbox 2846 3162 3176 3217; x_wconf 85' lang='lat' dir='ltr'><strong>inducantur</strong></span> <span class='ocrx_word' id='word_1_573' title='bbox 3223 3162 3276 3216; x_wconf 88' lang='lat' dir='ltr'><strong>in</strong></span> <span class='ocrx_word' id='word_1_574' title='bbox 3309 3163 3587 3230; x_wconf 88' lang='lat' dir='ltr'><strong>horreum,</strong></span> <span class='ocrx_word' id='word_1_575' title='bbox 3607 3164 3717 3218; x_wconf 87' lang='lat' dir='ltr'><strong>sint</strong></span> 
     </span>
    </p>
   </div>
   <div class='ocr_carea' id='block_1_76' title="bbox 2134 3255 3715 3325">
    <p class='ocr_par' dir='ltr' id='par_1_76' title="bbox 2134 3255 3715 3325">
     <span class='ocr_line' id='line_1_76' title="bbox 2134 3255 3715 3325; baseline 0.001 -16"><span class='ocrx_word' id='word_1_576' title='bbox 2134 3257 2188 3310; x_wconf 89' lang='lat' dir='ltr'><strong>in</strong></span> <span class='ocrx_word' id='word_1_577' title='bbox 2213 3256 2403 3325; x_wconf 87' lang='lat' dir='ltr'><strong>requie</strong></span> <span class='ocrx_word' id='word_1_578' title='bbox 2444 3271 2541 3324; x_wconf 86' lang='lat' dir='ltr'><strong>per</strong></span> <span class='ocrx_word' id='word_1_579' title='bbox 2574 3255 2758 3321; x_wconf 87' lang='lat' dir='ltr'><strong>iidem,</strong></span> <span class='ocrx_word' id='word_1_580' title='bbox 2790 3262 2952 3323; x_wconf 89' lang='lat' dir='ltr'><strong>atque</strong></span> <span class='ocrx_word' id='word_1_581' title='bbox 2984 3255 3163 3309; x_wconf 88' lang='lat' dir='ltr'><strong>idonei</strong></span> <span class='ocrx_word' id='word_1_582' title='bbox 3191 3257 3259 3310; x_wconf 91' lang='lat' dir='ltr'><strong>ad</strong></span> <span class='ocrx_word' id='word_1_583' title='bbox 3300 3256 3531 3312; x_wconf 86' lang='lat' dir='ltr'><strong>salutem</strong></span> <span class='ocrx_word' id='word_1_584' title='bbox 3563 3265 3620 3311; x_wconf 89' lang='lat' dir='ltr'><strong>et</strong></span> <span class='ocrx_word' id='word_1_585' title='bbox 3647 3258 3715 3312; x_wconf 93' lang='lat' dir='ltr'><strong>ad</strong></span> 
     </span>
    </p>
   </div>
   <div class='ocr_carea' id='block_1_77' title="bbox 2128 3346 3712 3419">
    <p class='ocr_par' dir='ltr' id='par_1_77' title="bbox 2128 3346 3712 3419">
     <span class='ocr_line' id='line_1_77' title="bbox 2128 3346 3712 3419; baseline 0.001 -17"><span class='ocrx_word' id='word_1_586' title='bbox 2128 3350 2526 3418; x_wconf 78' lang='lat' dir='ltr'><strong>susceptionem</strong></span> <span class='ocrx_word' id='word_1_587' title='bbox 2564 3348 2712 3403; x_wconf 87' lang='lat' dir='ltr'><strong>verbi</strong></span> <span class='ocrx_word' id='word_1_588' title='bbox 2763 3346 2904 3419; x_wconf 89' lang='lat' dir='ltr'><strong>[Dei]</strong></span> <span class='ocrx_word' id='word_1_589' title='bbox 2938 3364 2954 3412; x_wconf 92' lang='lat'><strong>;</strong></span> <span class='ocrx_word' id='word_1_590' title='bbox 2992 3348 3289 3401; x_wconf 77' lang='lat' dir='ltr'><strong>secundum</strong></span> <span class='ocrx_word' id='word_1_591' title='bbox 3323 3347 3712 3404; x_wconf 77' lang='lat' dir='ltr'><strong>Heracleonent</strong></span> 
     </span>
    </p>
   </div>
   <div class='ocr_carea' id='block_1_78' title="bbox 2127 3438 3714 3510">
    <p class='ocr_par' dir='ltr' id='par_1_78' title="bbox 2127 3438 3714 3510">
     <span class='ocr_line' id='line_1_78' title="bbox 2127 3438 3714 3510; baseline 0.001 -18"><span class='ocrx_word' id='word_1_592' title='bbox 2127 3441 2372 3509; x_wconf 88' lang='lat' dir='ltr'><strong>quidem,</strong></span> <span class='ocrx_word' id='word_1_593' title='bbox 2408 3441 2534 3510; x_wconf 85' lang='lat' dir='ltr'><strong>quia</strong></span> <span class='ocrx_word' id='word_1_594' title='bbox 2589 3440 2728 3494; x_wconf 87' lang='lat' dir='ltr'><strong>tales</strong></span> <span class='ocrx_word' id='word_1_595' title='bbox 2769 3440 2940 3493; x_wconf 91' lang='lat' dir='ltr'><strong>creati</strong></span> <span class='ocrx_word' id='word_1_596' title='bbox 2973 3438 3200 3504; x_wconf 80' lang='lat' dir='ltr'><strong>fuerint,</strong></span> <span class='ocrx_word' id='word_1_597' title='bbox 3231 3449 3288 3493; x_wconf 92' lang='lat' dir='ltr'><strong>et</strong></span> <span class='ocrx_word' id='word_1_598' title='bbox 3315 3439 3474 3493; x_wconf 90' lang='lat' dir='ltr'><strong>talem</strong></span> <span class='ocrx_word' id='word_1_599' title='bbox 3506 3439 3714 3494; x_wconf 88' lang='lat' dir='ltr'><strong>habue-</strong></span> 
     </span>
    </p>
   </div>
   <div class='ocr_carea' id='block_1_79' title="bbox 2127 3531 3712 3600">
    <p class='ocr_par' dir='ltr' id='par_1_79' title="bbox 2127 3531 3712 3600">
     <span class='ocr_line' id='line_1_79' title="bbox 2127 3531 3712 3600; baseline 0 -13"><span class='ocrx_word' id='word_1_600' title='bbox 2127 3532 2238 3587; x_wconf 91' lang='lat' dir='ltr'><strong>rint</strong></span> <span class='ocrx_word' id='word_1_601' title='bbox 2271 3542 2518 3586; x_wconf 88' lang='lat' dir='ltr'><strong>naturam</strong></span> <span class='ocrx_word' id='word_1_602' title='bbox 2549 3548 2565 3597; x_wconf 90' lang='lat'><strong>;</strong></span> <span class='ocrx_word' id='word_1_603' title='bbox 2594 3532 2891 3587; x_wconf 89' lang='lat' dir='ltr'><strong>secundum</strong></span> <span class='ocrx_word' id='word_1_604' title='bbox 2918 3531 3357 3586; x_wconf 84' lang='lat' dir='ltr'><strong>ecclesiasticum</strong></span> <span class='ocrx_word' id='word_1_605' title='bbox 3401 3545 3552 3598; x_wconf 91' lang='lat' dir='ltr'><strong>vero,</strong></span> <span class='ocrx_word' id='word_1_606' title='bbox 3584 3546 3712 3600; x_wconf 91' lang='lat' dir='ltr'><strong>pro-</strong></span> 
     </span>
    </p>
   </div>
   <div class='ocr_carea' id='block_1_80' title="bbox 2124 3622 3706 3694">
    <p class='ocr_par' dir='ltr' id='par_1_80' title="bbox 2124 3622 3706 3694">
     <span class='ocr_line' id='line_1_80' title="bbox 2124 3622 3706 3694; baseline 0.002 -19"><span class='ocrx_word' id='word_1_607' title='bbox 2124 3629 2249 3692; x_wconf 89' lang='lat' dir='ltr'><strong>pter</strong></span> <span class='ocrx_word' id='word_1_608' title='bbox 2278 3624 2568 3692; x_wconf 86' lang='lat' dir='ltr'><strong>quamdam</strong></span> <span class='ocrx_word' id='word_1_609' title='bbox 2592 3623 2904 3693; x_wconf 77' lang='lat' dir='ltr'><strong>diligentem</strong></span> <span class='ocrx_word' id='word_1_610' title='bbox 2947 3623 3398 3692; x_wconf 65' lang='lat' dir='ltr'><strong>pra&#39;parationem</strong></span> <span class='ocrx_word' id='word_1_611' title='bbox 3430 3622 3550 3692; x_wconf 84' lang='lat' dir='ltr'><strong>ejus</strong></span> <span class='ocrx_word' id='word_1_612' title='bbox 3578 3637 3706 3694; x_wconf 89' lang='lat' dir='ltr'><strong>par-</strong></span> 
     </span>
    </p>
   </div>
   <div class='ocr_carea' id='block_1_81' title="bbox 2122 3712 3710 3783">
    <p class='ocr_par' dir='ltr' id='par_1_81' title="bbox 2122 3712 3710 3783">
     <span class='ocr_line' id='line_1_81' title="bbox 2122 3712 3710 3783; baseline 0 -16"><span class='ocrx_word' id='word_1_613' title='bbox 2122 3712 2195 3767; x_wconf 89' lang='lat' dir='ltr'><strong>tis</strong></span> <span class='ocrx_word' id='word_1_614' title='bbox 2223 3713 2422 3768; x_wconf 68' lang='lat' dir='ltr'><strong>animat</strong></span> <span class='ocrx_word' id='word_1_615' title='bbox 2441 3727 2560 3781; x_wconf 63' lang='lat' dir='ltr'><strong>qua</strong></span> <span class='ocrx_word' id='word_1_616' title='bbox 2585 3713 3032 3782; x_wconf 67' lang='lat' dir='ltr'><strong>praestantissima</strong></span> <span class='ocrx_word' id='word_1_617' title='bbox 3060 3721 3166 3779; x_wconf 89' lang='lat' dir='ltr'><strong>est,</strong></span> <span class='ocrx_word' id='word_1_618' title='bbox 3208 3723 3414 3783; x_wconf 69' lang='lat' dir='ltr'><strong>parata:</strong></span> <span class='ocrx_word' id='word_1_619' title='bbox 3431 3721 3486 3768; x_wconf 89' lang='lat' dir='ltr'><strong>et</strong></span> <span class='ocrx_word' id='word_1_620' title='bbox 3524 3728 3710 3783; x_wconf 92' lang='lat' dir='ltr'><strong>prom-</strong></span> 
     </span>
    </p>
   </div>
   <div class='ocr_carea' id='block_1_82' title="bbox 2122 3794 3709 3872">
    <p class='ocr_par' dir='ltr' id='par_1_82' title="bbox 2122 3794 3709 3872">
     <span class='ocr_line' id='line_1_82' title="bbox 2122 3794 3709 3872; baseline 0.001 -17"><span class='ocrx_word' id='word_1_621' title='bbox 2122 3814 2230 3872; x_wconf 63' lang='lat' dir='ltr'><strong>pta</strong></span> <span class='ocrx_word' id='word_1_622' title='bbox 2260 3804 2326 3858; x_wconf 89' lang='lat' dir='ltr'><strong>ad</strong></span> <span class='ocrx_word' id='word_1_623' title='bbox 2357 3802 2747 3872; x_wconf 80' lang='lat' dir='ltr'><strong>perfectionem</strong></span> <span class='ocrx_word' id='word_1_624' title='bbox 2767 3842 2783 3867; x_wconf 91' lang='lat'><strong>,</strong></span> <span class='ocrx_word' id='word_1_625' title='bbox 2814 3794 2874 3856; x_wconf 85' lang='lat' dir='ltr'><strong>ut</strong></span> <span class='ocrx_word' id='word_1_626' title='bbox 2903 3816 2972 3856; x_wconf 90' lang='lat' dir='ltr'><strong>ne</strong></span> <span class='ocrx_word' id='word_1_627' title='bbox 3003 3803 3168 3857; x_wconf 90' lang='lat' dir='ltr'><strong>etiam</strong></span> <span class='ocrx_word' id='word_1_628' title='bbox 3211 3810 3463 3857; x_wconf 86' lang='lat' dir='ltr'><strong>metatur.</strong></span> <span class='ocrx_word' id='word_1_629' title='bbox 3493 3801 3600 3856; x_wconf 89' lang='lat' dir='ltr'><strong>Sed</strong></span> <span class='ocrx_word' id='word_1_630' title='bbox 3626 3802 3709 3856; x_wconf 91' lang='lat' dir='ltr'><strong>di-</strong></span> 
     </span>
    </p>
   </div>
   <div class='ocr_carea' id='block_1_83' title="bbox 2120 3894 3707 3964">
    <p class='ocr_par' dir='ltr' id='par_1_83' title="bbox 2120 3894 3707 3964">
     <span class='ocr_line' id='line_1_83' title="bbox 2120 3894 3707 3964; baseline -0.002 -15"><span class='ocrx_word' id='word_1_631' title='bbox 2120 3896 2348 3949; x_wconf 91' lang='lat' dir='ltr'><strong>cendum</strong></span> <span class='ocrx_word' id='word_1_632' title='bbox 2374 3904 2460 3948; x_wconf 91' lang='lat' dir='ltr'><strong>est</strong></span> <span class='ocrx_word' id='word_1_633' title='bbox 2489 3894 2572 3948; x_wconf 91' lang='lat' dir='ltr'><strong>his</strong></span> <span class='ocrx_word' id='word_1_634' title='bbox 2590 3895 2682 3964; x_wconf 90' lang='lat' dir='ltr'><strong>qui</strong></span> <span class='ocrx_word' id='word_1_635' title='bbox 2712 3894 2859 3948; x_wconf 91' lang='lat' dir='ltr'><strong>hunc</strong></span> <span class='ocrx_word' id='word_1_636' title='bbox 2879 3894 2933 3947; x_wconf 91' lang='lat' dir='ltr'><strong>in</strong></span> <span class='ocrx_word' id='word_1_637' title='bbox 2963 3895 3179 3949; x_wconf 91' lang='lat' dir='ltr'><strong>modum</strong></span> <span class='ocrx_word' id='word_1_638' title='bbox 3206 3900 3601 3963; x_wconf 81' lang='lat' dir='ltr'><strong>exposuerunt,</strong></span> <span class='ocrx_word' id='word_1_639' title='bbox 3636 3908 3707 3946; x_wconf 89' lang='lat' dir='ltr'><strong>an</strong></span> 
     </span>
    </p>
   </div>
   <div class='ocr_carea' id='block_1_84' title="bbox 2120 3976 3706 4057">
    <p class='ocr_par' dir='ltr' id='par_1_84' title="bbox 2120 3976 3706 4057">
     <span class='ocr_line' id='line_1_84' title="bbox 2120 3976 3706 4057; baseline -0.004 -16"><span class='ocrx_word' id='word_1_640' title='bbox 2120 3987 2289 4041; x_wconf 91' lang='lat' dir='ltr'><strong>velint</strong></span> <span class='ocrx_word' id='word_1_641' title='bbox 2318 3985 2611 4057; x_wconf 78' lang='lat' dir='ltr'><strong>admittere</strong></span> <span class='ocrx_word' id='word_1_642' title='bbox 2641 3976 2919 4053; x_wconf 86' lang='lat' dir='ltr'><strong>nunquam</strong></span> <span class='ocrx_word' id='word_1_643' title='bbox 2959 3984 3156 4039; x_wconf 79' lang='lat' dir='ltr'><strong>factam</strong></span> <span class='ocrx_word' id='word_1_644' title='bbox 3205 3984 3372 4039; x_wconf 75' lang='lat' dir='ltr'><strong>fuisse</strong></span> <span class='ocrx_word' id='word_1_645' title='bbox 3414 3993 3542 4038; x_wconf 91' lang='lat' dir='ltr'><strong>ante</strong></span> <span class='ocrx_word' id='word_1_646' title='bbox 3574 3980 3706 4038; x_wconf 84' lang='lat' dir='ltr'><strong>Ser-</strong></span> 
     </span>
    </p>
   </div>
   <div class='ocr_carea' id='block_1_85' title="bbox 2117 4077 3702 4147">
    <p class='ocr_par' dir='ltr' id='par_1_85' title="bbox 2117 4077 3702 4147">
     <span class='ocr_line' id='line_1_85' title="bbox 2117 4077 3702 4147; baseline 0 -15"><span class='ocrx_word' id='word_1_647' title='bbox 2117 4080 2325 4133; x_wconf 89' lang='lat' dir='ltr'><strong>vatoris</strong></span> <span class='ocrx_word' id='word_1_648' title='bbox 2357 4079 2529 4133; x_wconf 82' lang='lat' dir='ltr'><strong>nostri</strong></span> <span class='ocrx_word' id='word_1_649' title='bbox 2560 4079 2848 4133; x_wconf 87' lang='lat' dir='ltr'><strong>adventum</strong></span> <span class='ocrx_word' id='word_1_650' title='bbox 2890 4091 3122 4132; x_wconf 87' lang='lat' dir='ltr'><strong>messem</strong></span> <span class='ocrx_word' id='word_1_651' title='bbox 3150 4078 3382 4132; x_wconf 85' lang='lat' dir='ltr'><strong>similem</strong></span> <span class='ocrx_word' id='word_1_652' title='bbox 3416 4077 3510 4147; x_wconf 69' lang='lat' dir='ltr'><strong>illi;</strong></span> <span class='ocrx_word' id='word_1_653' title='bbox 3538 4078 3702 4132; x_wconf 91' lang='lat' dir='ltr'><strong>messi</strong></span> 
     </span>
    </p>
   </div>
   <div class='ocr_carea' id='block_1_86' title="bbox 2118 4166 3702 4239">
    <p class='ocr_par' dir='ltr' id='par_1_86' title="bbox 2118 4166 3702 4239">
     <span class='ocr_line' id='line_1_86' title="bbox 2118 4166 3702 4239; baseline 0.001 -19"><span class='ocrx_word' id='word_1_654' title='bbox 2118 4185 2239 4239; x_wconf 74' lang='lat' dir='ltr'><strong>qua:</strong></span> <span class='ocrx_word' id='word_1_655' title='bbox 2258 4170 2335 4222; x_wconf 90' lang='lat' dir='ltr'><strong>sic</strong></span> <span class='ocrx_word' id='word_1_656' title='bbox 2357 4171 2676 4237; x_wconf 89' lang='lat' dir='ltr'><strong>sperabatur</strong></span> <span class='ocrx_word' id='word_1_657' title='bbox 2690 4184 2720 4221; x_wconf 92' lang='lat' dir='ltr'><strong>a</strong></span> <span class='ocrx_word' id='word_1_658' title='bbox 2739 4167 3066 4237; x_wconf 85' lang='lat' dir='ltr'><strong>temporibus</strong></span> <span class='ocrx_word' id='word_1_659' title='bbox 3085 4166 3412 4237; x_wconf 74' lang='lat' dir='ltr'><strong>evangelica:</strong></span> <span class='ocrx_word' id='word_1_660' title='bbox 3437 4167 3702 4236; x_wconf 68' lang='lat' dir='ltr'><strong>praedica-</strong></span> 
     </span>
    </p>
   </div>
   <div class='ocr_carea' id='block_1_87' title="bbox 2118 4259 3704 4330">
    <p class='ocr_par' dir='ltr' id='par_1_87' title="bbox 2118 4259 3704 4330">
     <span class='ocr_line' id='line_1_87' title="bbox 2118 4259 3704 4330; baseline -0.001 -14"><span class='ocrx_word' id='word_1_661' title='bbox 2118 4263 2300 4318; x_wconf 91' lang='lat' dir='ltr'><strong>tionis.</strong></span> <span class='ocrx_word' id='word_1_662' title='bbox 2326 4261 2460 4328; x_wconf 82' lang='lat' dir='ltr'><strong>Nam</strong></span> <span class='ocrx_word' id='word_1_663' title='bbox 2482 4262 2547 4325; x_wconf 91' lang='lat' dir='ltr'><strong>si,</strong></span> <span class='ocrx_word' id='word_1_664' title='bbox 2568 4262 2690 4330; x_wconf 87' lang='lat' dir='ltr'><strong>quia</strong></span> <span class='ocrx_word' id='word_1_665' title='bbox 2712 4271 2832 4317; x_wconf 89' lang='lat' dir='ltr'><strong>erat</strong></span> <span class='ocrx_word' id='word_1_666' title='bbox 2849 4261 3038 4316; x_wconf 82' lang='lat' dir='ltr'><strong>messis</strong></span> <span class='ocrx_word' id='word_1_667' title='bbox 3060 4260 3251 4323; x_wconf 86' lang='lat' dir='ltr'><strong>multa,</strong></span> <span class='ocrx_word' id='word_1_668' title='bbox 3271 4259 3430 4314; x_wconf 90' lang='lat' dir='ltr'><strong>multi</strong></span> <span class='ocrx_word' id='word_1_669' title='bbox 3455 4260 3704 4315; x_wconf 80' lang='lat' dir='ltr'><strong>credide-</strong></span> 
     </span>
    </p>
   </div>
   <div class='ocr_carea' id='block_1_88' title="bbox 2115 4350 3703 4422">
    <p class='ocr_par' dir='ltr' id='par_1_88' title="bbox 2115 4350 3703 4422">
     <span class='ocr_line' id='line_1_88' title="bbox 2115 4350 3703 4422; baseline -0.001 -15"><span class='ocrx_word' id='word_1_670' title='bbox 2115 4362 2374 4422; x_wconf 87' lang='lat' dir='ltr'><strong>runt,qua</strong></span> <span class='ocrx_word' id='word_1_671' title='bbox 2384 4367 2579 4422; x_wconf 87' lang='lat' dir='ltr'><strong>nquam</strong></span> <span class='ocrx_word' id='word_1_672' title='bbox 2599 4352 2785 4421; x_wconf 91' lang='lat' dir='ltr'><strong>paucis</strong></span> <span class='ocrx_word' id='word_1_673' title='bbox 2796 4352 3184 4406; x_wconf 80' lang='lat' dir='ltr'><strong>exsistentibus</strong></span> <span class='ocrx_word' id='word_1_674' title='bbox 3201 4350 3470 4420; x_wconf 88' lang='lat' dir='ltr'><strong>operariis</strong></span> <span class='ocrx_word' id='word_1_675' title='bbox 3485 4360 3703 4420; x_wconf 89' lang='lat' dir='ltr'><strong>aposto-</strong></span> 
     </span>
    </p>
   </div>
   <div class='ocr_carea' id='block_1_89' title="bbox 432 4437 2042 4514">
    <p class='ocr_par' dir='ltr' id='par_1_89' title="bbox 432 4437 2012 4513">
     <span class='ocr_line' id='line_1_89' title="bbox 432 4437 2012 4513; baseline 0.004 -24"><span class='ocrx_word' id='word_1_676' title='bbox 432 4452 566 4504; x_wconf 85' lang='grc' dir='ltr'>γον’</span> <span class='ocrx_word' id='word_1_677' title='bbox 608 4438 726 4509; x_wconf 72' lang='grc' dir='ltr'>ἤτοι</span> <span class='ocrx_word' id='word_1_678' title='bbox 777 4437 866 4491; x_wconf 83' lang='grc' dir='ltr'>διὰ</span> <span class='ocrx_word' id='word_1_679' title='bbox 911 4438 973 4491; x_wconf 84' lang='grc' dir='ltr'><strong>τὸ</strong></span> <span class='ocrx_word' id='word_1_680' title='bbox 1006 4457 1024 4489; x_wconf 75' lang='grc' dir='ltr'><strong>ι</strong></span> <span class='ocrx_word' id='word_1_681' title='bbox 1065 4438 1373 4503; x_wconf 84' lang='grc' dir='ltr'>Θεάσασθαι</span> <span class='ocrx_word' id='word_1_682' title='bbox 1407 4440 1517 4511; x_wconf 86' lang='grc'><strong>(80)</strong></span> <span class='ocrx_word' id='word_1_683' title='bbox 1562 4440 1662 4505; x_wconf 82' lang='grc' dir='ltr'>τὰς</span> <span class='ocrx_word' id='word_1_684' title='bbox 1703 4441 1905 4513; x_wconf 84' lang='grc' dir='ltr'>χώρας,</span> <span class='ocrx_word' id='word_1_685' title='bbox 1930 4445 2012 4496; x_wconf 78' lang='grc' dir='ltr'><strong>ὅτι</strong></span> 
     </span>
    </p>
   </div>
   <div class='ocr_carea' id='block_1_90' title="bbox 2141 4437 3702 4514">
    <p class='ocr_par' dir='ltr' id='par_1_90' title="bbox 2141 4442 3702 4514">
     <span class='ocr_line' id='line_1_90' title="bbox 2141 4442 3702 4514; baseline -0.001 -16"><span class='ocrx_word' id='word_1_686' title='bbox 2141 4444 2203 4510; x_wconf 90' lang='lat' dir='ltr'><strong>is,</strong></span> <span class='ocrx_word' id='word_1_687' title='bbox 2234 4447 2642 4514; x_wconf 85' lang='lat' dir='ltr'><strong>comparatione</strong></span> <span class='ocrx_word' id='word_1_688' title='bbox 2673 4443 3032 4498; x_wconf 91' lang='lat' dir='ltr'><strong>multitudinis</strong></span> <span class='ocrx_word' id='word_1_689' title='bbox 3060 4442 3702 4511; x_wconf 89' lang='lat' dir='ltr'><strong>suscipientiumverhum</strong></span> 
     </span>
    </p>
   </div>
   <div class='ocr_carea' id='block_1_91' title="bbox 432 4525 2042 4615">
    <p class='ocr_par' dir='ltr' id='par_1_91' title="bbox 432 4525 2013 4604">
     <span class='ocr_line' id='line_1_91' title="bbox 432 4525 2013 4604; baseline 0.005 -26"><span class='ocrx_word' id='word_1_690' title='bbox 432 4525 622 4582; x_wconf 83' lang='grc' dir='ltr'>λευκαί</span> <span class='ocrx_word' id='word_1_691' title='bbox 642 4530 747 4582; x_wconf 85' lang='grc' dir='ltr'>είσι</span> <span class='ocrx_word' id='word_1_692' title='bbox 777 4529 915 4599; x_wconf 79' lang='grc' dir='ltr'>πρὸς</span> <span class='ocrx_word' id='word_1_693' title='bbox 943 4528 1196 4601; x_wconf 81' lang='grc' dir='ltr'>θερισμὸν</span> <span class='ocrx_word' id='word_1_694' title='bbox 1229 4530 1351 4602; x_wconf 75' lang='grc' dir='ltr'>ἤδη,</span> <span class='ocrx_word' id='word_1_695' title='bbox 1392 4550 1411 4583; x_wconf 76' lang='grc' dir='ltr'><strong>ι</strong></span> <span class='ocrx_word' id='word_1_696' title='bbox 1444 4531 1614 4596; x_wconf 75' lang='grc' dir='ltr'>οὐδεὶς</span> <span class='ocrx_word' id='word_1_697' title='bbox 1646 4533 1753 4604; x_wconf 85' lang='grc' dir='ltr'><strong>πρὸ</strong></span> <span class='ocrx_word' id='word_1_698' title='bbox 1777 4534 1876 4604; x_wconf 77' lang='grc' dir='ltr'>τῆς</span> <span class='ocrx_word' id='word_1_699' title='bbox 1908 4550 2013 4587; x_wconf 88' lang='grc' dir='ltr'>σω-</span> 
     </span>
    </p>
   </div>
   <div class='ocr_carea' id='block_1_92' title="bbox 2141 4525 3703 4615">
    <p class='ocr_par' dir='ltr' id='par_1_92' title="bbox 2141 4533 3703 4605">
     <span class='ocr_line' id='line_1_92' title="bbox 2141 4533 3703 4605; baseline 0 -15"><span class='ocrx_word' id='word_1_700' title='bbox 2141 4538 2209 4592; x_wconf 81' lang='lat' dir='ltr'><strong>)ei</strong></span> <span class='ocrx_word' id='word_1_701' title='bbox 2245 4553 2260 4601; x_wconf 88' lang='lat'>;</span> <span class='ocrx_word' id='word_1_702' title='bbox 2298 4537 2380 4590; x_wconf 78' lang='lat' dir='ltr'><strong>vel</strong></span> <span class='ocrx_word' id='word_1_703' title='bbox 2404 4546 2627 4605; x_wconf 86' lang='lat' dir='ltr'><strong>propter</strong></span> <span class='ocrx_word' id='word_1_704' title='bbox 2654 4536 2781 4591; x_wconf 87' lang='lat' dir='ltr'><strong>illud</strong></span> <span class='ocrx_word' id='word_1_705' title='bbox 2821 4555 2835 4590; x_wconf 91' lang='lat'><strong>:</strong></span> <span class='ocrx_word' id='word_1_706' title='bbox 2872 4554 2892 4587; x_wconf 80' lang='grc' dir='ltr'><strong>ι</strong></span> <span class='ocrx_word' id='word_1_707' title='bbox 2918 4534 3111 4589; x_wconf 84' lang='lat' dir='ltr'><strong>Videte</strong></span> <span class='ocrx_word' id='word_1_708' title='bbox 3140 4534 3391 4603; x_wconf 67' lang='lat' dir='ltr'><strong>regiones</strong></span> <span class='ocrx_word' id='word_1_709' title='bbox 3412 4533 3521 4602; x_wconf 88' lang='lat' dir='ltr'><strong>jam</strong></span> <span class='ocrx_word' id='word_1_710' title='bbox 3546 4533 3703 4590; x_wconf 87' lang='lat' dir='ltr'><strong>albas</strong></span> 
     </span>
    </p>
   </div>
   <div class='ocr_carea' id='block_1_93' title="bbox 433 4619 2042 4695">
    <p class='ocr_par' dir='ltr' id='par_1_93' title="bbox 433 4619 2006 4693">
     <span class='ocr_line' id='line_1_93' title="bbox 433 4619 2006 4693; baseline 0.003 -21"><span class='ocrx_word' id='word_1_711' title='bbox 433 4619 669 4690; x_wconf 85' lang='grc' dir='ltr'>ματικῆς</span> <span class='ocrx_word' id='word_1_712' title='bbox 696 4619 789 4673; x_wconf 91' lang='grc' dir='ltr'><strong>τοῦ</strong></span> <span class='ocrx_word' id='word_1_713' title='bbox 821 4620 1072 4691; x_wconf 72' lang='grc' dir='ltr'>Σωτῆρος</span> <span class='ocrx_word' id='word_1_714' title='bbox 1115 4621 1273 4693; x_wconf 80' lang='grc' dir='ltr'>ἡμῶν</span> <span class='ocrx_word' id='word_1_715' title='bbox 1317 4622 1610 4693; x_wconf 85' lang='grc' dir='ltr'>ἐπιδημίας</span> <span class='ocrx_word' id='word_1_716' title='bbox 1650 4624 2006 4690; x_wconf 86' lang='grc' dir='ltr'>πεπίστευκε,</span> 
     </span>
    </p>
   </div>
   <div class='ocr_carea' id='block_1_94' title="bbox 2141 4619 3702 4695">
    <p class='ocr_par' dir='ltr' id='par_1_94' title="bbox 2141 4624 3702 4695">
     <span class='ocr_line' id='line_1_94' title="bbox 2141 4624 3702 4695; baseline 0.001 -15"><span class='ocrx_word' id='word_1_717' title='bbox 2141 4642 2238 4683; x_wconf 68' lang='lat' dir='ltr'><strong>esse</strong></span> <span class='ocrx_word' id='word_1_718' title='bbox 2254 4629 2322 4681; x_wconf 91' lang='lat' dir='ltr'><strong>ad</strong></span> <span class='ocrx_word' id='word_1_719' title='bbox 2350 4643 2583 4683; x_wconf 86' lang='lat' dir='ltr'><strong>messem</strong></span> <span class='ocrx_word' id='word_1_720' title='bbox 2614 4628 2682 4692; x_wconf 77' lang='grc'><strong>⁸⁸,</strong></span> <span class='ocrx_word' id='word_1_721' title='bbox 2697 4646 2716 4680; x_wconf 85' lang='grc'>›</span> <span class='ocrx_word' id='word_1_722' title='bbox 2738 4627 2918 4682; x_wconf 88' lang='lat' dir='ltr'><strong>nullus</strong></span> <span class='ocrx_word' id='word_1_723' title='bbox 2937 4636 3063 4680; x_wconf 91' lang='lat' dir='ltr'><strong>ante</strong></span> <span class='ocrx_word' id='word_1_724' title='bbox 3076 4626 3416 4695; x_wconf 88' lang='lat' dir='ltr'><strong>corporalem</strong></span> <span class='ocrx_word' id='word_1_725' title='bbox 3447 4624 3702 4681; x_wconf 84' lang='lat' dir='ltr'><strong>Servato-</strong></span> 
     </span>
    </p>
   </div>
   <div class='ocr_carea' id='block_1_95' title="bbox 428 4711 2042 4790">
    <p class='ocr_par' dir='ltr' id='par_1_95' title="bbox 428 4711 2008 4788">
     <span class='ocr_line' id='line_1_95' title="bbox 428 4711 2008 4788; baseline 0.004 -24"><span class='ocrx_word' id='word_1_726' title='bbox 428 4711 546 4765; x_wconf 82' lang='grc' dir='ltr'>ἀλλ’</span> <span class='ocrx_word' id='word_1_727' title='bbox 573 4711 694 4767; x_wconf 83' lang='grc' dir='ltr'>οὐδὲ</span> <span class='ocrx_word' id='word_1_728' title='bbox 712 4712 902 4782; x_wconf 89' lang='grc' dir='ltr'>γέγονέ</span> <span class='ocrx_word' id='word_1_729' title='bbox 928 4730 1011 4777; x_wconf 89' lang='grc' dir='ltr'><strong>τις</strong></span> <span class='ocrx_word' id='word_1_730' title='bbox 1030 4714 1394 4768; x_wconf 86' lang='grc' dir='ltr'>πιστευόντων</span> <span class='ocrx_word' id='word_1_731' title='bbox 1417 4716 1676 4788; x_wconf 87' lang='grc' dir='ltr'>ἐργάτης,</span> <span class='ocrx_word' id='word_1_732' title='bbox 1698 4716 1835 4788; x_wconf 75' lang='grc' dir='ltr'>ὅπερ</span> <span class='ocrx_word' id='word_1_733' title='bbox 1860 4717 2008 4771; x_wconf 75' lang='grc' dir='ltr'>ἐστὶν</span> 
     </span>
    </p>
   </div>
   <div class='ocr_carea' id='block_1_96' title="bbox 2141 4711 3700 4790">
    <p class='ocr_par' dir='ltr' id='par_1_96' title="bbox 2141 4717 3700 4790">
     <span class='ocr_line' id='line_1_96' title="bbox 2141 4717 3700 4790; baseline -0.001 -17"><span class='ocrx_word' id='word_1_734' title='bbox 2141 4719 2193 4773; x_wconf 76' lang='grc' dir='ltr'><strong>’ἰε</strong></span> <span class='ocrx_word' id='word_1_735' title='bbox 2214 4720 2385 4773; x_wconf 88' lang='lat' dir='ltr'><strong>nostri</strong></span> <span class='ocrx_word' id='word_1_736' title='bbox 2411 4722 2698 4774; x_wconf 86' lang='lat' dir='ltr'><strong>adventum</strong></span> <span class='ocrx_word' id='word_1_737' title='bbox 2719 4719 2973 4784; x_wconf 86' lang='lat' dir='ltr'><strong>credidit,</strong></span> <span class='ocrx_word' id='word_1_738' title='bbox 2995 4733 3171 4790; x_wconf 86' lang='lat' dir='ltr'><strong>neque</strong></span> <span class='ocrx_word' id='word_1_739' title='bbox 3188 4720 3352 4773; x_wconf 89' lang='lat' dir='ltr'><strong>etiam</strong></span> <span class='ocrx_word' id='word_1_740' title='bbox 3379 4717 3700 4786; x_wconf 82' lang='lat' dir='ltr'><strong>fuit_aliquis</strong></span> 
     </span>
    </p>
   </div>
   <div class='ocr_carea' id='block_1_97' title="bbox 426 4802 2042 4880">
    <p class='ocr_par' dir='ltr' id='par_1_97' title="bbox 426 4802 2008 4879">
     <span class='ocr_line' id='line_1_97' title="bbox 426 4802 2008 4879; baseline 0.003 -22"><span class='ocrx_word' id='word_1_741' title='bbox 426 4802 774 4859; x_wconf 71' lang='grc' dir='ltr'>ἀτοπώτατον</span> <span class='ocrx_word' id='word_1_742' title='bbox 805 4805 1056 4875; x_wconf 79' lang='grc' dir='ltr'>φάσκειν,</span> <span class='ocrx_word' id='word_1_743' title='bbox 1090 4806 1361 4879; x_wconf 76' lang='grc' dir='ltr'>Ἀϐραὰμ,</span> <span class='ocrx_word' id='word_1_744' title='bbox 1389 4809 1485 4861; x_wconf 85' lang='grc' dir='ltr'>καὶ</span> <span class='ocrx_word' id='word_1_745' title='bbox 1514 4808 1737 4875; x_wconf 89' lang='grc' dir='ltr'>Μωσέα,</span> <span class='ocrx_word' id='word_1_746' title='bbox 1763 4809 2008 4871; x_wconf 77' lang='grc' dir='ltr'>καὶτοὺς</span> 
     </span>
    </p>
   </div>
   <div class='ocr_carea' id='block_1_98' title="bbox 2141 4802 3695 4880">
    <p class='ocr_par' dir='ltr' id='par_1_98' title="bbox 2141 4808 3695 4880">
     <span class='ocr_line' id='line_1_98' title="bbox 2141 4808 3695 4880; baseline -0.001 -18"><span class='ocrx_word' id='word_1_747' title='bbox 2141 4810 2394 4880; x_wconf 68' lang='grc' dir='ltr'>φοι-δήιιε</span> <span class='ocrx_word' id='word_1_748' title='bbox 2428 4809 2800 4873; x_wconf 87' lang='lat' dir='ltr'><strong>credentium,</strong></span> <span class='ocrx_word' id='word_1_749' title='bbox 2836 4811 2979 4878; x_wconf 92' lang='lat' dir='ltr'><strong>quod</strong></span> <span class='ocrx_word' id='word_1_750' title='bbox 3008 4819 3092 4864; x_wconf 92' lang='lat' dir='ltr'><strong>est</strong></span> <span class='ocrx_word' id='word_1_751' title='bbox 3130 4808 3573 4863; x_wconf 85' lang='lat' dir='ltr'><strong>absurdissimum</strong></span> <span class='ocrx_word' id='word_1_752' title='bbox 3606 4808 3695 4861; x_wconf 86' lang='lat' dir='ltr'><strong>di-</strong></span> 
     </span>
    </p>
   </div>
   <div class='ocr_carea' id='block_1_99' title="bbox 428 4895 2042 4969">
    <p class='ocr_par' dir='ltr' id='par_1_99' title="bbox 428 4895 2004 4969">
     <span class='ocr_line' id='line_1_99' title="bbox 428 4895 2004 4969; baseline 0.004 -23"><span class='ocrx_word' id='word_1_753' title='bbox 428 4895 715 4965; x_wconf 81' lang='grc' dir='ltr'>προφήτας</span> <span class='ocrx_word' id='word_1_754' title='bbox 748 4896 884 4966; x_wconf 85' lang='grc' dir='ltr'>μήτε</span> <span class='ocrx_word' id='word_1_755' title='bbox 913 4896 1014 4967; x_wconf 85' lang='grc' dir='ltr'>τὴν</span> <span class='ocrx_word' id='word_1_756' title='bbox 1038 4896 1147 4949; x_wconf 85' lang='grc' dir='ltr'><strong>τῶν</strong></span> <span class='ocrx_word' id='word_1_757' title='bbox 1177 4897 1424 4967; x_wconf 84' lang='grc' dir='ltr'>ἐργατῶν</span> <span class='ocrx_word' id='word_1_758' title='bbox 1458 4897 1749 4969; x_wconf 81' lang='grc' dir='ltr'>ἐσχηκέναι</span> <span class='ocrx_word' id='word_1_759' title='bbox 1796 4897 2004 4969; x_wconf 86' lang='grc' dir='ltr'>χώραν,</span> 
     </span>
    </p>
   </div>
   <div class='ocr_carea' id='block_1_100' title="bbox 2141 4895 3696 4969">
    <p class='ocr_par' dir='ltr' id='par_1_100' title="bbox 2141 4898 3696 4966">
     <span class='ocr_line' id='line_1_100' title="bbox 2141 4898 3696 4966; baseline -0.002 -16"><span class='ocrx_word' id='word_1_760' title='bbox 2141 4908 2228 4964; x_wconf 75' lang='lat' dir='ltr'><strong>:tu,</strong></span> <span class='ocrx_word' id='word_1_761' title='bbox 2252 4899 2296 4953; x_wconf 92' lang='lat' dir='ltr'><strong>si</strong></span> <span class='ocrx_word' id='word_1_762' title='bbox 2321 4899 2621 4963; x_wconf 80' lang='lat' dir='ltr'><strong>Abraham,</strong></span> <span class='ocrx_word' id='word_1_763' title='bbox 2649 4909 2703 4954; x_wconf 91' lang='lat' dir='ltr'><strong>et</strong></span> <span class='ocrx_word' id='word_1_764' title='bbox 2734 4898 2932 4966; x_wconf 77' lang='lat' dir='ltr'><strong>Moses,</strong></span> <span class='ocrx_word' id='word_1_765' title='bbox 2966 4906 3023 4952; x_wconf 88' lang='lat' dir='ltr'><strong>et</strong></span> <span class='ocrx_word' id='word_1_766' title='bbox 3059 4898 3337 4966; x_wconf 72' lang='lat' dir='ltr'><strong>propheta:</strong></span> <span class='ocrx_word' id='word_1_767' title='bbox 3364 4909 3464 4950; x_wconf 88' lang='lat' dir='ltr'><strong>nec</strong></span> <span class='ocrx_word' id='word_1_768' title='bbox 3499 4908 3696 4964; x_wconf 88' lang='lat' dir='ltr'><strong>opera-</strong></span> 
     </span>
    </p>
   </div>
   <div class='ocr_carea' id='block_1_101' title="bbox 427 4986 2042 5062">
    <p class='ocr_par' dir='ltr' id='par_1_101' title="bbox 427 4986 2030 5062">
     <span class='ocr_line' id='line_1_101' title="bbox 427 4986 2030 5062; baseline 0.003 -23"><span class='ocrx_word' id='word_1_769' title='bbox 427 4988 566 5057; x_wconf 87' lang='grc' dir='ltr'>μήτε</span> <span class='ocrx_word' id='word_1_770' title='bbox 595 4986 694 5058; x_wconf 77' lang='grc' dir='ltr'>τὴν</span> <span class='ocrx_word' id='word_1_771' title='bbox 731 4986 840 5041; x_wconf 87' lang='grc' dir='ltr'><strong>τῶν</strong></span> <span class='ocrx_word' id='word_1_772' title='bbox 873 4987 1232 5059; x_wconf 80' lang='grc' dir='ltr'>θεριζομένων</span> <span class='ocrx_word' id='word_1_773' title='bbox 1258 5006 1272 5020; x_wconf 87' lang='grc'><strong>·</strong></span> <span class='ocrx_word' id='word_1_774' title='bbox 1303 4989 1371 5060; x_wconf 79' lang='grc' dir='ltr'>ἢ,</span> <span class='ocrx_word' id='word_1_775' title='bbox 1404 4988 1563 5061; x_wconf 82' lang='grc' dir='ltr'>εἴπερ</span> <span class='ocrx_word' id='word_1_776' title='bbox 1608 4990 1703 5043; x_wconf 83' lang='grc' dir='ltr'><strong>καί</strong></span> <span class='ocrx_word' id='word_1_777' title='bbox 1739 4990 2030 5062; x_wconf 50' lang='grc' dir='ltr'>πρότερον</span> 
     </span>
    </p>
   </div>
   <div class='ocr_carea' id='block_1_102' title="bbox 2141 4986 3694 5062">
    <p class='ocr_par' dir='ltr' id='par_1_102' title="bbox 2142 4986 3694 5060">
     <span class='ocr_line' id='line_1_102' title="bbox 2142 4986 3694 5060; baseline -0.005 -13"><span class='ocrx_word' id='word_1_778' title='bbox 2142 4994 2337 5056; x_wconf 89' lang='lat' dir='ltr'><strong>iornm,</strong></span> <span class='ocrx_word' id='word_1_779' title='bbox 2363 5007 2461 5046; x_wconf 91' lang='lat' dir='ltr'><strong>nec</strong></span> <span class='ocrx_word' id='word_1_780' title='bbox 2489 5006 2679 5046; x_wconf 90' lang='lat' dir='ltr'><strong>eorum</strong></span> <span class='ocrx_word' id='word_1_781' title='bbox 2719 4990 2811 5060; x_wconf 87' lang='lat' dir='ltr'><strong>qui</strong></span> <span class='ocrx_word' id='word_1_782' title='bbox 2847 4998 3056 5044; x_wconf 88' lang='lat' dir='ltr'><strong>metunt</strong></span> <span class='ocrx_word' id='word_1_783' title='bbox 3096 4986 3533 5042; x_wconf 89' lang='lat' dir='ltr'><strong>habeantlocum</strong></span> <span class='ocrx_word' id='word_1_784' title='bbox 3560 5024 3576 5051; x_wconf 95' lang='lat'><strong>,</strong></span> <span class='ocrx_word' id='word_1_785' title='bbox 3608 4986 3694 5040; x_wconf 92' lang='lat' dir='ltr'><strong>vel</strong></span> 
     </span>
    </p>
   </div>
   <div class='ocr_carea' id='block_1_103' title="bbox 421 5076 2042 5152">
    <p class='ocr_par' dir='ltr' id='par_1_103' title="bbox 421 5078 2002 5152">
     <span class='ocr_line' id='line_1_103' title="bbox 421 5078 2002 5152; baseline 0.003 -22"><span class='ocrx_word' id='word_1_786' title='bbox 421 5078 709 5147; x_wconf 86' lang='grc' dir='ltr'>γεγόνασιν</span> <span class='ocrx_word' id='word_1_787' title='bbox 752 5079 982 5150; x_wconf 85' lang='grc' dir='ltr'>ἐργάται</span> <span class='ocrx_word' id='word_1_788' title='bbox 1023 5080 1119 5133; x_wconf 80' lang='grc' dir='ltr'>καὶ</span> <span class='ocrx_word' id='word_1_789' title='bbox 1166 5080 1424 5151; x_wconf 68' lang='grc' dir='ltr'>θερισμὸς</span> <span class='ocrx_word' id='word_1_790' title='bbox 1472 5080 1584 5152; x_wconf 77' lang='grc'><strong>(81)</strong></span> <span class='ocrx_word' id='word_1_791' title='bbox 1610 5119 1626 5144; x_wconf 92' lang='grc'><strong>,</strong></span> <span class='ocrx_word' id='word_1_792' title='bbox 1660 5080 1813 5134; x_wconf 78' lang='grc' dir='ltr'>οὐδὲν</span> <span class='ocrx_word' id='word_1_793' title='bbox 1862 5081 2002 5147; x_wconf 79' lang='grc' dir='ltr'>δόξει</span> 
     </span>
    </p>
   </div>
   <div class='ocr_carea' id='block_1_104' title="bbox 2141 5076 3692 5152">
    <p class='ocr_par' dir='ltr' id='par_1_104' title="bbox 2141 5076 3692 5148">
     <span class='ocr_line' id='line_1_104' title="bbox 2141 5076 3692 5148; baseline -0.004 -12"><span class='ocrx_word' id='word_1_794' title='bbox 2141 5082 2156 5136; x_wconf 92' lang='lat' dir='ltr'><strong>i</strong></span> <span class='ocrx_word' id='word_1_795' title='bbox 2183 5084 2349 5136; x_wconf 87' lang='lat' dir='ltr'><strong>etiam</strong></span> <span class='ocrx_word' id='word_1_796' title='bbox 2380 5091 2541 5136; x_wconf 87' lang='lat' dir='ltr'><strong>antea</strong></span> <span class='ocrx_word' id='word_1_797' title='bbox 2572 5079 2726 5134; x_wconf 88' lang='lat' dir='ltr'><strong>fuere</strong></span> <span class='ocrx_word' id='word_1_798' title='bbox 2750 5079 3020 5148; x_wconf 88' lang='lat' dir='ltr'><strong>operarii,</strong></span> <span class='ocrx_word' id='word_1_799' title='bbox 3047 5077 3258 5146; x_wconf 79' lang='lat' dir='ltr'><strong>fuitque</strong></span> <span class='ocrx_word' id='word_1_800' title='bbox 3304 5076 3519 5141; x_wconf 82' lang='lat' dir='ltr'><strong>messis,</strong></span> <span class='ocrx_word' id='word_1_801' title='bbox 3555 5077 3692 5131; x_wconf 91' lang='lat' dir='ltr'><strong>nihil</strong></span> 
     </span>
    </p>
   </div>
   <div class='ocr_carea' id='block_1_105' title="bbox 421 5167 2042 5244">
    <p class='ocr_par' dir='ltr' id='par_1_105' title="bbox 421 5167 2002 5244">
     <span class='ocr_line' id='line_1_105' title="bbox 421 5167 2002 5244; baseline 0.003 -23"><span class='ocrx_word' id='word_1_802' title='bbox 421 5167 725 5237; x_wconf 77' lang='grc' dir='ltr'>παράδοξον</span> <span class='ocrx_word' id='word_1_803' title='bbox 768 5170 799 5223; x_wconf 88' lang='lat'><strong>6</strong></span> <span class='ocrx_word' id='word_1_804' title='bbox 842 5169 1033 5243; x_wconf 78' lang='grc' dir='ltr'>Σωτὴρ</span> <span class='ocrx_word' id='word_1_805' title='bbox 1056 5168 1506 5239; x_wconf 66' lang='grc' dir='ltr'>ἐπαγγέλλεσθαι</span> <span class='ocrx_word' id='word_1_806' title='bbox 1547 5172 1661 5234; x_wconf 88' lang='grc' dir='ltr'>τοῖς</span> <span class='ocrx_word' id='word_1_807' title='bbox 1711 5170 2002 5244; x_wconf 85' lang='grc' dir='ltr'>ἐπαίρουσι</span> 
     </span>
    </p>
   </div>
   <div class='ocr_carea' id='block_1_106' title="bbox 2141 5167 3689 5244">
    <p class='ocr_par' dir='ltr' id='par_1_106' title="bbox 2146 5169 3689 5230">
     <span class='ocr_line' id='line_1_106' title="bbox 2146 5169 3689 5230; baseline -0.004 0"><span class='ocrx_word' id='word_1_808' title='bbox 2146 5173 2435 5230; x_wconf 89' lang='lat' dir='ltr'><strong>dmirabile</strong></span> <span class='ocrx_word' id='word_1_809' title='bbox 2457 5172 2733 5230; x_wconf 80' lang='lat' dir='ltr'><strong>videbitur</strong></span> <span class='ocrx_word' id='word_1_810' title='bbox 2755 5172 3099 5229; x_wconf 88' lang='lat' dir='ltr'><strong>Servatorem</strong></span> <span class='ocrx_word' id='word_1_811' title='bbox 3117 5171 3442 5227; x_wconf 90' lang='lat' dir='ltr'><strong>annuntiare</strong></span> <span class='ocrx_word' id='word_1_812' title='bbox 3464 5169 3689 5226; x_wconf 82' lang='lat' dir='ltr'><strong>elevan-</strong></span> 
     </span>
    </p>
   </div>
   <div class='ocr_carea' id='block_1_107' title="bbox 490 5283 2093 5360">
    <p class='ocr_par' dir='ltr' id='par_1_107' title="bbox 490 5283 2093 5360">
     <span class='ocr_line' id='line_1_107' title="bbox 490 5283 2093 5360; baseline 0.007 -20"><span class='ocrx_word' id='word_1_813' title='bbox 490 5284 539 5317; x_wconf 73' lang='lat'><strong>“</strong></span> <span class='ocrx_word' id='word_1_814' title='bbox 561 5283 721 5341; x_wconf 84' lang='lat' dir='ltr'><strong>Joan.</strong></span> <span class='ocrx_word' id='word_1_815' title='bbox 770 5300 847 5351; x_wconf 88' lang='lat' dir='ltr'><strong>tv,</strong></span> <span class='ocrx_word' id='word_1_816' title='bbox 876 5286 966 5342; x_wconf 78' lang='lat'><strong>37.</strong></span> <span class='ocrx_word' id='word_1_817' title='bbox 1043 5288 1089 5321; x_wconf 80' lang='grc'><strong>⁸⁸</strong></span> <span class='ocrx_word' id='word_1_818' title='bbox 1124 5287 1327 5356; x_wconf 76' lang='lat' dir='ltr'><strong>Matth,</strong></span> <span class='ocrx_word' id='word_1_819' title='bbox 1364 5306 1442 5356; x_wconf 70' lang='grc' dir='ltr'>ιχ,</span> <span class='ocrx_word' id='word_1_820' title='bbox 1472 5288 1564 5344; x_wconf 79' lang='grc'><strong>57.</strong></span> <span class='ocrx_word' id='word_1_821' title='bbox 1636 5292 1684 5328; x_wconf 80' lang='grc'><strong>⁸⁸</strong></span> <span class='ocrx_word' id='word_1_822' title='bbox 1712 5292 1866 5348; x_wconf 81' lang='lat' dir='ltr'><strong>Joan.</strong></span> <span class='ocrx_word' id='word_1_823' title='bbox 1902 5311 1978 5360; x_wconf 90' lang='lat' dir='ltr'><strong>tv,</strong></span> <span class='ocrx_word' id='word_1_824' title='bbox 2000 5295 2093 5351; x_wconf 81' lang='grc'><strong>55.</strong></span> 
     </span>
    </p>
   </div>
   <div class='ocr_carea' id='block_1_108' title="bbox 441 5403 2042 5488">
    <p class='ocr_par' dir='ltr' id='par_1_108' title="bbox 441 5403 2003 5488">
     <span class='ocr_line' id='line_1_108' title="bbox 441 5403 2003 5488; baseline 0.009 -31"><span class='ocrx_word' id='word_1_825' title='bbox 441 5474 473 5488; x_wconf 76' lang='lat'><strong>__</strong></span> <span class='ocrx_word' id='word_1_826' title='bbox 489 5403 605 5476; x_wconf 88' lang='lat'><strong>(77)</strong></span> <span class='ocrx_word' id='word_1_827' title='bbox 632 5405 772 5467; x_wconf 74' lang='grc' dir='ltr'>Περὶ</span> <span class='ocrx_word' id='word_1_828' title='bbox 798 5404 1234 5488; x_wconf 40' lang='grc' dir='ltr'>τῆςηκαθόδουλ</span> <span class='ocrx_word' id='word_1_829' title='bbox 1251 5420 1361 5465; x_wconf 88' lang='lat' dir='ltr'><strong>etc.</strong></span> <span class='ocrx_word' id='word_1_830' title='bbox 1400 5411 1532 5467; x_wconf 75' lang='lat' dir='ltr'><strong>Vide</strong></span> <span class='ocrx_word' id='word_1_831' title='bbox 1554 5412 2003 5488; x_wconf 73' lang='lat' dir='ltr'><strong>Origenianorum</strong></span> 
     </span>
    </p>
   </div>
   <div class='ocr_carea' id='block_1_109' title="bbox 2141 5403 3679 5488">
    <p class='ocr_par' dir='ltr' id='par_1_109' title="bbox 2141 5410 3679 5488">
     <span class='ocr_line' id='line_1_109' title="bbox 2141 5410 3679 5488; baseline -0.004 -17"><span class='ocrx_word' id='word_1_832' title='bbox 2141 5435 2215 5488; x_wconf 83' lang='grc' dir='ltr'><strong>αι,</strong></span> <span class='ocrx_word' id='word_1_833' title='bbox 2240 5416 2317 5488; x_wconf 85' lang='grc' dir='ltr'>τῷ</span> <span class='ocrx_word' id='word_1_834' title='bbox 2338 5417 2618 5488; x_wconf 74' lang='grc' dir='ltr'>ἑτοίμους,</span> <span class='ocrx_word' id='word_1_835' title='bbox 2651 5424 2759 5488; x_wconf 86' lang='lat' dir='ltr'><strong>etc.</strong></span> <span class='ocrx_word' id='word_1_836' title='bbox 2788 5415 3203 5488; x_wconf 12' lang='lat' dir='ltr'><strong>Reginsiantem</strong></span> <span class='ocrx_word' id='word_1_837' title='bbox 3232 5413 3401 5488; x_wconf 73' lang='lat' dir='ltr'><strong>habet</strong></span> <span class='ocrx_word' id='word_1_838' title='bbox 3426 5411 3508 5465; x_wconf 83' lang='grc' dir='ltr'>’ὁτι</span> <span class='ocrx_word' id='word_1_839' title='bbox 3537 5410 3679 5465; x_wconf 83' lang='grc' dir='ltr'>κατά</span> 
     </span>
    </p>
   </div>
   <div class='ocr_carea' id='block_1_110' title="bbox 419 5474 2042 5559">
    <p class='ocr_par' dir='ltr' id='par_1_110' title="bbox 419 5474 1999 5559">
     <span class='ocr_line' id='line_1_110' title="bbox 419 5474 1999 5559; baseline 0.008 -31"><span class='ocrx_word' id='word_1_840' title='bbox 419 5474 512 5530; x_wconf 72' lang='lat' dir='ltr'><strong>lib.</strong></span> <span class='ocrx_word' id='word_1_841' title='bbox 556 5474 624 5559; x_wconf 50' lang='grc' dir='ltr'><strong>η,</strong></span> <span class='ocrx_word' id='word_1_842' title='bbox 657 5474 868 5545; x_wconf 66' lang='lat' dir='ltr'><strong>quaest.</strong></span> <span class='ocrx_word' id='word_1_843' title='bbox 899 5476 953 5543; x_wconf 88' lang='lat'><em>6,</em></span> <span class='ocrx_word' id='word_1_844' title='bbox 1002 5494 1156 5535; x_wconf 88' lang='lat' dir='ltr'><strong>num.</strong></span> <span class='ocrx_word' id='word_1_845' title='bbox 1204 5474 1263 5546; x_wconf 51' lang='grc' dir='ltr'>ᾖ,</span> <span class='ocrx_word' id='word_1_846' title='bbox 1299 5490 1356 5534; x_wconf 89' lang='lat' dir='ltr'><strong>et</strong></span> <span class='ocrx_word' id='word_1_847' title='bbox 1393 5492 1525 5537; x_wconf 88' lang='lat' dir='ltr'><strong>tom.</strong></span> <span class='ocrx_word' id='word_1_848' title='bbox 1578 5474 1755 5538; x_wconf 58' lang='lat' dir='ltr'><strong>xx&#39;in</strong></span> <span class='ocrx_word' id='word_1_849' title='bbox 1809 5484 1999 5553; x_wconf 83' lang='lat' dir='ltr'><strong>Joan.,</strong></span> 
     </span>
    </p>
   </div>
   <div class='ocr_carea' id='block_1_111' title="bbox 2141 5474 3683 5559">
    <p class='ocr_par' dir='ltr' id='par_1_111' title="bbox 2141 5474 3683 5559">
     <span class='ocr_line' id='line_1_111' title="bbox 2141 5474 3683 5559; baseline -0.004 -17"><span class='ocrx_word' id='word_1_850' title='bbox 2242 5474 2299 5542; x_wconf 76' lang='grc' dir='ltr'><strong>’ό</strong></span> <span class='ocrx_word' id='word_1_851' title='bbox 2327 5474 2594 5559; x_wconf 68' lang='grc' dir='ltr'>θερισμὸς</span> <span class='ocrx_word' id='word_1_852' title='bbox 2606 5474 2801 5559; x_wconf 70' lang='grc' dir='ltr'>πολὺς,</span> <span class='ocrx_word' id='word_1_853' title='bbox 2833 5474 2963 5559; x_wconf 64' lang='grc' dir='ltr'>οἶδὲ</span> <span class='ocrx_word' id='word_1_854' title='bbox 2996 5484 3225 5559; x_wconf 72' lang='grc' dir='ltr'>ἐργάται</span> <span class='ocrx_word' id='word_1_855' title='bbox 3260 5483 3449 5559; x_wconf 74' lang='grc' dir='ltr'>ρλίγοι,</span> <span class='ocrx_word' id='word_1_856' title='bbox 3482 5497 3683 5553; x_wconf 73' lang='grc' dir='ltr'>σημαι-</span> 
     </span>
    </p>
   </div>
   <div class='ocr_carea' id='block_1_112' title="bbox 386 5507 2042 5635">
    <p class='ocr_par' dir='ltr' id='par_1_112' title="bbox 386 5507 1999 5635">
     <span class='ocr_line' id='line_1_112' title="bbox 419 5507 1999 5553; baseline 0.008 -25"><span class='ocrx_word' id='word_1_857' title='bbox 419 5507 512 5530; x_wconf 78' lang='grc' dir='ltr'>ιιυι</span> <span class='ocrx_word' id='word_1_858' title='bbox 556 5507 618 5541; x_wconf 78' lang='grc' dir='ltr'>ιι,</span> <span class='ocrx_word' id='word_1_859' title='bbox 657 5507 854 5545; x_wconf 57' lang='lat' dir='ltr'><strong>quam.</strong></span> <span class='ocrx_word' id='word_1_860' title='bbox 899 5507 953 5543; x_wconf 77' lang='grc' dir='ltr'>υ,</span> <span class='ocrx_word' id='word_1_861' title='bbox 1002 5507 1156 5535; x_wconf 81' lang='lat' dir='ltr'><strong>num.</strong></span> <span class='ocrx_word' id='word_1_862' title='bbox 1207 5507 1263 5546; x_wconf 62' lang='grc' dir='ltr'>Ω,</span> <span class='ocrx_word' id='word_1_863' title='bbox 1299 5507 1356 5534; x_wconf 67' lang='lat' dir='ltr'><strong>Cl.</strong></span> <span class='ocrx_word' id='word_1_864' title='bbox 1393 5507 1525 5537; x_wconf 80' lang='grc' dir='ltr'>ιυιιΙο</span> <span class='ocrx_word' id='word_1_865' title='bbox 1578 5507 1649 5537; x_wconf 70' lang='grc' dir='ltr'><strong><em>ιι</em></strong></span> <span class='ocrx_word' id='word_1_866' title='bbox 1698 5507 1755 5538; x_wconf 79' lang='grc' dir='ltr'>ιη</span> <span class='ocrx_word' id='word_1_867' title='bbox 1809 5507 1999 5553; x_wconf 72' lang='grc' dir='ltr'>δοαη.,</span> 
     </span>
     <span class='ocr_line' id='line_1_113' title="bbox 386 5547 646 5611; baseline 0.004 -12"><span class='ocrx_word' id='word_1_868' title='bbox 386 5547 646 5611; x_wconf 31' lang='grc' dir='ltr'>κιιυιηλ.</span> 
     </span>
     <span class='ocr_line' id='line_1_114' title="bbox 386 5615 1853 5635; baseline 0 0"><span class='ocrx_word' id='word_1_869' title='bbox 386 5616 397 5635; x_wconf 72' lang='grc' dir='ltr'><strong>Ι</strong></span> <span class='ocrx_word' id='word_1_870' title='bbox 490 5615 599 5635; x_wconf 60' lang='grc' dir='ltr'>,θοι</span> <span class='ocrx_word' id='word_1_871' title='bbox 638 5615 824 5635; x_wconf 59' lang='lat' dir='ltr'><strong>I&#39;l&#39;__l_,,</strong></span> <span class='ocrx_word' id='word_1_872' title='bbox 883 5616 971 5635; x_wconf 71' lang='grc' dir='ltr'><strong>σε-</strong></span> <span class='ocrx_word' id='word_1_873' title='bbox 1011 5631 1059 5635; x_wconf 69' lang='lat'><strong>_-</strong></span> <span class='ocrx_word' id='word_1_874' title='bbox 1084 5617 1139 5635; x_wconf 67' lang='lat' dir='ltr'>ll</span> <span class='ocrx_word' id='word_1_875' title='bbox 1197 5618 1259 5635; x_wconf 57' lang='lat' dir='ltr'><strong>h,</strong></span> <span class='ocrx_word' id='word_1_876' title='bbox 1292 5619 1326 5635; x_wconf 86' lang='lat' dir='ltr'><strong>II</strong></span> <span class='ocrx_word' id='word_1_877' title='bbox 1364 5619 1403 5635; x_wconf 57' lang='lat'><strong>0,</strong></span> <span class='ocrx_word' id='word_1_878' title='bbox 1510 5634 1513 5635; x_wconf 39' lang='grc' dir='ltr'><em>ν</em></span> <span class='ocrx_word' id='word_1_879' title='bbox 1565 5631 1600 5635; x_wconf 32' lang='grc' dir='ltr'><strong>κ.</strong></span> <span class='ocrx_word' id='word_1_880' title='bbox 1631 5619 1671 5635; x_wconf 64' lang='lat' dir='ltr'><strong>in</strong></span> <span class='ocrx_word' id='word_1_881' title='bbox 1740 5622 1752 5635; x_wconf 79' lang='grc' dir='ltr'>ι</span> <span class='ocrx_word' id='word_1_882' title='bbox 1841 5624 1853 5635; x_wconf 78' lang='grc' dir='ltr'><strong>ο</strong></span> 
     </span>
    </p>
   </div>
   <div class='ocr_carea' id='block_1_113' title="bbox 2141 5507 3570 5635">
    <p class='ocr_par' dir='ltr' id='par_1_113' title="bbox 2141 5507 3570 5635">
     <span class='ocr_line' id='line_1_115' title="bbox 2141 5507 3570 5610; baseline -0.005 -70"><span class='ocrx_word' id='word_1_883' title='bbox 2141 5507 2195 5540; x_wconf 85' lang='grc' dir='ltr'>ο·</span> <span class='ocrx_word' id='word_1_884' title='bbox 2257 5507 2299 5542; x_wconf 93' lang='grc' dir='ltr'><strong>υ</strong></span> <span class='ocrx_word' id='word_1_885' title='bbox 2327 5507 2586 5610; x_wconf 64' lang='grc' dir='ltr'>οερισρος</span> <span class='ocrx_word' id='word_1_886' title='bbox 2613 5507 2801 5550; x_wconf 76' lang='grc' dir='ltr'>ποΑυς,</span> <span class='ocrx_word' id='word_1_887' title='bbox 2833 5507 2881 5539; x_wconf 90' lang='grc' dir='ltr'><strong>οι</strong></span> <span class='ocrx_word' id='word_1_888' title='bbox 2906 5507 2963 5539; x_wconf 88' lang='grc' dir='ltr'><strong>οε</strong></span> <span class='ocrx_word' id='word_1_889' title='bbox 2996 5507 3225 5556; x_wconf 82' lang='grc' dir='ltr'>εργαται</span> <span class='ocrx_word' id='word_1_890' title='bbox 3260 5507 3449 5551; x_wconf 72' lang='grc' dir='ltr'>οΛιγυι,</span> <span class='ocrx_word' id='word_1_891' title='bbox 3482 5507 3570 5553; x_wconf 66' lang='lat' dir='ltr'><strong>at“</strong></span> 
     </span>
     <span class='ocr_line' id='line_1_116' title="bbox 2141 5554 3570 5635; baseline -0.004 -24"><span class='ocrx_word' id='word_1_892' title='bbox 2141 5557 2475 5635; x_wconf 46' lang='grc' dir='ltr'>άμενονέμο</span> <span class='ocrx_word' id='word_1_893' title='bbox 2500 5576 2576 5635; x_wconf 75' lang='grc' dir='ltr'><strong>ως</strong></span> <span class='ocrx_word' id='word_1_894' title='bbox 2604 5557 2779 5635; x_wconf 79' lang='grc' dir='ltr'>ταῦτα</span> <span class='ocrx_word' id='word_1_895' title='bbox 2807 5554 3432 5635; x_wconf 41' lang='grc' dir='ltr'>είρηταιῇτῷηέτοίμους,</span> <span class='ocrx_word' id='word_1_896' title='bbox 3462 5562 3570 5606; x_wconf 86' lang='lat' dir='ltr'><strong>etc.</strong></span> 
     </span>
    </p>
   </div>
   <div class='ocr_carea' id='block_1_114' title="bbox 375 5615 3341 5697">
    <p class='ocr_par' dir='ltr' id='par_1_114' title="bbox 375 5615 3341 5697">
     <span class='ocr_line' id='line_1_117' title="bbox 375 5615 3341 5697; baseline -0.003 -14"><span class='ocrx_word' id='word_1_897' title='bbox 375 5616 458 5697; x_wconf 55' lang='grc' dir='ltr'>ίη</span> <span class='ocrx_word' id='word_1_898' title='bbox 487 5615 602 5697; x_wconf 62' lang='grc' dir='ltr'><strong>(ἶδ)</strong></span> <span class='ocrx_word' id='word_1_899' title='bbox 638 5615 846 5696; x_wconf 55' lang='lat'><strong>7015379-</strong></span> <span class='ocrx_word' id='word_1_900' title='bbox 883 5616 976 5697; x_wconf 65' lang='lat' dir='ltr'><strong>§jc</strong></span> <span class='ocrx_word' id='word_1_901' title='bbox 1003 5617 1164 5697; x_wconf 75' lang='grc' dir='ltr'><strong>ςοάᾶ.</strong></span> <span class='ocrx_word' id='word_1_902' title='bbox 1197 5618 1528 5697; x_wconf 59' lang='grc' dir='ltr'>Βοᾱιεῄεῃμε</span> <span class='ocrx_word' id='word_1_903' title='bbox 1553 5631 1607 5673; x_wconf 85' lang='lat' dir='ltr'><strong>et</strong></span> <span class='ocrx_word' id='word_1_904' title='bbox 1629 5619 1994 5697; x_wconf 75' lang='lat' dir='ltr'><strong>Barberintts;</strong></span> <span class='ocrx_word' id='word_1_905' title='bbox 2163 5615 2485 5697; x_wconf 61' lang='lat' dir='ltr'><strong>&#39;(79}&quot;H¢§n.</strong></span> <span class='ocrx_word' id='word_1_906' title='bbox 2529 5615 2773 5697; x_wconf 64' lang='grc' dir='ltr'>[ἱερειρη</span> <span class='ocrx_word' id='word_1_907' title='bbox 2811 5615 3000 5681; x_wconf 76' lang='lat' dir='ltr'><strong>codice</strong></span> <span class='ocrx_word' id='word_1_908' title='bbox 3029 5615 3341 5697; x_wconf 70' lang='lat' dir='ltr'><strong>Bodleiano.</strong></span> 
     </span>
    </p>
   </div>
   <div class='ocr_carea' id='block_1_115' title="bbox 353 5682 2042 5769">
    <p class='ocr_par' dir='ltr' id='par_1_115' title="bbox 353 5682 1995 5769">
     <span class='ocr_line' id='line_1_118' title="bbox 353 5682 1995 5769; baseline 0.007 -31"><span class='ocrx_word' id='word_1_909' title='bbox 353 5702 357 5711; x_wconf 69' lang='lat'><strong>&#39;</strong></span> <span class='ocrx_word' id='word_1_910' title='bbox 417 5682 855 5769; x_wconf 39' lang='grc' dir='ltr'>ιᾏοείιξεητοῦτρ,</span> <span class='ocrx_word' id='word_1_911' title='bbox 889 5685 1058 5769; x_wconf 66' lang='lat' dir='ltr'><strong>Paulo</strong></span> <span class='ocrx_word' id='word_1_912' title='bbox 1091 5689 1640 5769; x_wconf 40' lang='lat' dir='ltr'><strong>post-infodleiano</strong></span> <span class='ocrx_word' id='word_1_913' title='bbox 1688 5702 1744 5748; x_wconf 86' lang='lat' dir='ltr'><strong>et</strong></span> <span class='ocrx_word' id='word_1_914' title='bbox 1786 5682 1995 5769; x_wconf 48' lang='lat' dir='ltr'><strong>herbe;</strong></span> 
     </span>
    </p>
   </div>
   <div class='ocr_carea' id='block_1_116' title="bbox 2141 5682 3573 5769">
    <p class='ocr_par' dir='ltr' id='par_1_116' title="bbox 2164 5682 3573 5769">
     <span class='ocr_line' id='line_1_119' title="bbox 2164 5682 3573 5769; baseline -0.006 -16"><span class='ocrx_word' id='word_1_915' title='bbox 2164 5682 2279 5769; x_wconf 68' lang='grc' dir='ltr'><strong>(8οᾗ</strong></span> <span class='ocrx_word' id='word_1_916' title='bbox 2309 5682 2669 5769; x_wconf 61' lang='grc' dir='ltr'>ρὲάάασθαι.</span> <span class='ocrx_word' id='word_1_917' title='bbox 2696 5695 3019 5769; x_wconf 70' lang='lat' dir='ltr'><strong>Legendutn</strong></span> <span class='ocrx_word' id='word_1_918' title='bbox 3046 5694 3262 5769; x_wconf 76' lang='lat' dir='ltr'><strong>videtur</strong></span> <span class='ocrx_word' id='word_1_919' title='bbox 3284 5689 3573 5769; x_wconf 73' lang='grc' dir='ltr'>θεάσασθε.</span> 
     </span>
    </p>
   </div>
   <div class='ocr_carea' id='block_1_117' title="bbox 419 5698 2042 5837">
    <p class='ocr_par' dir='ltr' id='par_1_117' title="bbox 419 5698 1995 5837">
     <span class='ocr_line' id='line_1_120' title="bbox 419 5698 1995 5769; baseline 0.008 -32"><span class='ocrx_word' id='word_1_920' title='bbox 419 5698 855 5766; x_wconf 46' lang='lat' dir='ltr'><strong>l§q1u8,.10uto.</strong></span> <span class='ocrx_word' id='word_1_921' title='bbox 890 5698 1058 5769; x_wconf 67' lang='lat' dir='ltr'><strong>Paulo</strong></span> <span class='ocrx_word' id='word_1_922' title='bbox 1091 5699 1215 5757; x_wconf 91' lang='lat' dir='ltr'><strong>post</strong></span> <span class='ocrx_word' id='word_1_923' title='bbox 1254 5698 1309 5744; x_wconf 89' lang='lat' dir='ltr'><strong>in</strong></span> <span class='ocrx_word' id='word_1_924' title='bbox 1342 5698 1640 5746; x_wconf 76' lang='lat' dir='ltr'><strong>Bodleiano</strong></span> <span class='ocrx_word' id='word_1_925' title='bbox 1688 5702 1744 5748; x_wconf 84' lang='lat' dir='ltr'><strong>et</strong></span> <span class='ocrx_word' id='word_1_926' title='bbox 1786 5698 1995 5750; x_wconf 84' lang='lat' dir='ltr'><strong>Barbe-</strong></span> 
     </span>
     <span class='ocr_line' id='line_1_121' title="bbox 419 5754 1993 5837; baseline 0.008 -31"><span class='ocrx_word' id='word_1_927' title='bbox 419 5768 538 5837; x_wconf 60' lang='lat' dir='ltr'><strong>:th</strong></span> <span class='ocrx_word' id='word_1_928' title='bbox 576 5754 878 5837; x_wconf 61' lang='lat' dir='ltr'><strong>legttur_§:t</strong></span> <span class='ocrx_word' id='word_1_929' title='bbox 903 5774 981 5828; x_wconf 83' lang='grc' dir='ltr'><strong>τῳ</strong></span> <span class='ocrx_word' id='word_1_930' title='bbox 1011 5757 1154 5812; x_wconf 84' lang='grc' dir='ltr'>κατὰ</span> <span class='ocrx_word' id='word_1_931' title='bbox 1175 5758 1235 5811; x_wconf 90' lang='grc' dir='ltr'><strong>τό</strong></span> <span class='ocrx_word' id='word_1_932' title='bbox 1259 5776 1284 5837; x_wconf 30' lang='grc' dir='ltr'><strong>Ἀ</strong></span> <span class='ocrx_word' id='word_1_933' title='bbox 1310 5760 1371 5812; x_wconf 85' lang='lat'><strong>&#39;0</strong></span> <span class='ocrx_word' id='word_1_934' title='bbox 1416 5758 1674 5837; x_wconf 72' lang='grc' dir='ltr'>θερισμὸς</span> <span class='ocrx_word' id='word_1_935' title='bbox 1702 5762 1905 5837; x_wconf 50' lang='grc' dir='ltr'>-πολὺς,</span> <span class='ocrx_word' id='word_1_936' title='bbox 1943 5767 1993 5818; x_wconf 75' lang='lat' dir='ltr'><strong>oi</strong></span> 
     </span>
    </p>
   </div>
   <div class='ocr_carea' id='block_1_118' title="bbox 2141 5698 3668 5837">
    <p class='ocr_par' dir='ltr' id='par_1_118' title="bbox 2164 5698 3668 5837">
     <span class='ocr_line' id='line_1_122' title="bbox 2164 5698 3573 5767; baseline -0.006 -14"><span class='ocrx_word' id='word_1_937' title='bbox 2164 5698 2258 5764; x_wconf 82' lang='lat'><strong>(80</strong></span> <span class='ocrx_word' id='word_1_938' title='bbox 2309 5698 2669 5751; x_wconf 80' lang='grc' dir='ltr'>Θεάσασθαι.</span> <span class='ocrx_word' id='word_1_939' title='bbox 2705 5698 3015 5767; x_wconf 84' lang='lat' dir='ltr'><strong>Legendum</strong></span> <span class='ocrx_word' id='word_1_940' title='bbox 3046 5698 3262 5750; x_wconf 89' lang='lat' dir='ltr'><strong>videtur</strong></span> <span class='ocrx_word' id='word_1_941' title='bbox 3284 5698 3573 5747; x_wconf 79' lang='grc' dir='ltr'>θεάσασθε.</span> 
     </span>
     <span class='ocr_line' id='line_1_123' title="bbox 2165 5698 3668 5837; baseline -0.005 -14"><span class='ocrx_word' id='word_1_942' title='bbox 2165 5698 2279 5837; x_wconf 57' lang='lat'><strong>(81;</strong></span> <span class='ocrx_word' id='word_1_943' title='bbox 2322 5767 2493 5837; x_wconf 79' lang='lat' dir='ltr'><strong>Codd.</strong></span> <span class='ocrx_word' id='word_1_944' title='bbox 2526 5768 2851 5837; x_wconf 86' lang='lat' dir='ltr'><strong>Bodleianus</strong></span> <span class='ocrx_word' id='word_1_945' title='bbox 2887 5778 2944 5823; x_wconf 89' lang='lat' dir='ltr'><strong>et</strong></span> <span class='ocrx_word' id='word_1_946' title='bbox 2986 5760 3624 5835; x_wconf 71' lang='lat' dir='ltr'><strong>Barberinus,0eptcp.6;</strong></span> <span class='ocrx_word' id='word_1_947' title='bbox 3650 5775 3668 5792; x_wconf 80' lang='grc' dir='ltr'><strong><em>ο</em></strong></span> 
     </span>
    </p>
   </div>
   <div class='ocr_carea' id='block_1_119' title="bbox 415 5821 2618 5909">
    <p class='ocr_par' dir='ltr' id='par_1_119' title="bbox 415 5821 2618 5909">
     <span class='ocr_line' id='line_1_124' title="bbox 415 5821 2618 5909; baseline 0.007 -33"><span class='ocrx_word' id='word_1_948' title='bbox 415 5821 476 5878; x_wconf 77' lang='grc' dir='ltr'>δὲ</span> <span class='ocrx_word' id='word_1_949' title='bbox 506 5821 740 5897; x_wconf 75' lang='grc' dir='ltr'>ἐργάται</span> <span class='ocrx_word' id='word_1_950' title='bbox 762 5821 1366 5901; x_wconf 80' lang='grc' dir='ltr'>ὀλίγοι,’σημαινομένῳ</span> <span class='ocrx_word' id='word_1_951' title='bbox 1407 5821 1610 5900; x_wconf 67' lang='grc' dir='ltr'>ὁμοίως</span> <span class='ocrx_word' id='word_1_952' title='bbox 1630 5821 1803 5889; x_wconf 79' lang='grc' dir='ltr'>ταῦτα</span> <span class='ocrx_word' id='word_1_953' title='bbox 1840 5821 1993 5904; x_wconf 54' lang='lat'><em>{[911-</em></span> <span class='ocrx_word' id='word_1_954' title='bbox 2091 5821 2315 5907; x_wconf 40' lang='lat' dir='ltr'><strong>Reginis,</strong></span> <span class='ocrx_word' id='word_1_955' title='bbox 2335 5821 2618 5909; x_wconf 27' lang='lat' dir='ltr'><strong>&#39;Osptouoi.</strong></span> 
     </span>
    </p>
   </div>
  </div>
