4170 6460
413 360 517 415 ιη
1892 353 2216 411 ORIGENIS
3596 357 3706 412 680

413 480 559 534 tibus
591 479 799 544 oculos,
830 491 894 533 ut
922 478 1139 533 videant
1171 474 1420 543 regiones
1445 475 1560 543 jam
1594 472 1743 526 albas
1789 486 1909 525 esse
1936 472 2002 524 ad

2116 471 2234 536 τοὺς
2264 470 2595 541 ὀφθαλμοὺς,
2616 469 2702 524 ἵνα
2724 468 3026 523 θεάσωνται
3051 468 3147 532 τάς
3178 467 3381 540 χώρας,
3406 470 3489 523 ὅτι
3516 469 3708 528 λευκαί

414 587 672 626 messem.
711 572 784 625 Ει
820 572 904 626 liis
944 571 1094 625 clare
1127 567 1361 636 perspici
1408 576 1586 634 potest
1630 564 1764 618 nihil
1812 577 2000 616 eorum

2116 564 2213 615 εἰσι
2246 563 2381 635 πρὸς
2409 562 2671 633 θερισμὸν
2703 562 2824 633 ήδη.
2875 561 2971 614 Ἐκ
3002 561 3207 614 τούτων
3240 560 3304 632 δὴ
3331 560 3557 616 δύναταί
3590 581 3709 629 πως

412 679 534 733 qua:
586 678 748 730 supra
806 662 1068 724 diximus,
1104 660 1205 713 hoc
1242 660 1293 711 iu
1346 658 1469 711 loco
1522 655 1746 723 intelligi
1781 656 1844 705 de
1874 668 2006 707 voce

2116 652 2249 709 εἶναι
2293 656 2484 725 σαφὲς,
2517 657 2599 709 ὅτι
2634 655 2790 708 οὐδὲν
2832 653 2943 707 τῶν
2975 653 3392 725 προειρημένων
3445 655 3593 708 ἐστὶν
3620 658 3709 710 ἐν-

413 753 628 808 messis.
652 753 758 807 Sed
788 768 963 822 neque
990 752 1132 821 quod
1160 750 1303 819 apud
1326 748 1641 817 Apostolum
1669 749 1720 799 in
1753 745 1861 798 alio
1889 746 2008 798 loco

414 844 913 908 consideravimus,
973 844 1063 898 bic
1115 842 1417 912 congruit,
1465 841 1738 895 dicentem
1786 853 1855 890 ιι
1904 835 2005 903 Qui

416 951 583 1006 parce
622 937 894 1002 seminat,
925 950 1087 1004 parce
1124 943 1179 989 et
1213 942 1413 996 metet;
1453 940 1508 985 et
1553 931 1646 1001 qui
1690 929 1924 984 seminat
1953 929 2007 982 in

416 1028 890 1083 benedictionibus
912 1066 927 1091 ,
965 1028 1033 1082 de
1081 1025 1555 1081 benedictionibus
1603 1034 1659 1078 et
1689 1030 1859 1076 metet
1882 1019 1950 1072 υ.
1982 1036 2004 1071 ι

488 1204 654 1276 256
691 1203 779 1258 45.
821 1204 1148 1272 Quaeramus
1193 1207 1353 1275 igitur
1394 1204 1680 1273 septimam
1737 1200 2013 1272 signiﬁca-

421 1300 619 1350 tionem
650 1300 1070 1353 convenientem
1108 1300 1192 1354 liis
1222 1314 1342 1368 quae
1378 1314 1543 1367 supra
1569 1297 1927 1353 disseruimus
1955 1298 2009 1349 tu

418 1388 602 1441 illud:
644 1408 664 1439 ι
732 1388 922 1443 Nonne
957 1403 1052 1443 vos
1108 1390 1311 1452 dicitis,
1359 1390 1503 1459 quod
1553 1390 1731 1443 adhuc
1780 1397 2013 1457 quatuor

416 1496 636 1536 menses
665 1492 814 1545 sunt,
845 1492 901 1535 et
941 1484 1132 1536 messis
1161 1483 1305 1537 venit
1335 1483 1358 1535 ?
1397 1502 1415 1533 ι
1446 1492 1503 1536 et
1539 1482 1591 1535 in
1622 1482 1725 1536 hoc
1751 1497 1767 1534 :
1815 1499 1835 1532 ι
1874 1479 2014 1535 Ecce

418 1573 540 1628 dico
568 1575 723 1628 vobis
753 1592 767 1629 :
811 1574 1010 1629 Levate
1052 1575 1241 1629 oculos
1274 1584 1506 1640 vestros,
1530 1586 1585 1628 et
1623 1574 1802 1629 videte
1839 1575 2015 1643 regio-

419 1682 518 1719 nes
558 1665 670 1734 jam
707 1665 857 1720 albas
903 1680 1025 1722 esse
1064 1667 1131 1722 ad
1181 1682 1411 1721 messem
1451 1686 1464 1722 :
1508 1684 1528 1718 ι
1585 1666 1766 1735 sitque
1820 1664 2016 1720 messis

421 1757 577 1811 nobis
630 1759 788 1819 ratio,
838 1759 955 1812 sive
1012 1758 1191 1814 oratio
1251 1769 1476 1828 aperta,
1511 1759 1578 1813 de
1623 1758 2015 1828 perspicuitate

2110 747 2237 802 θάδε
2285 747 2574 818 νοούμενον
2620 746 2762 801 κατὰ
2804 747 2897 800 τὸν
2939 746 3222 818 θερισμόν.
3275 745 3412 798 Ἀλλ’
3479 746 3602 799 οὐδὲ
3651 748 3713 800 τὺ

2111 842 2263 913 παρὰ
2308 840 2386 912 τῷ
2434 840 2744 912 Ἀποστόλῳ
2789 843 2847 894 ἐν
2901 839 3046 910 ἄλλῳ
3087 839 3237 909 τόπῳ
3284 838 3475 911 νοηθὲν
3522 838 3713 893 ἐνθάδε

2108 933 2415 1005 ἐφαρμόσει
2447 932 2688 1000 λέγοντι·
2737 951 2756 984 ι
2782 934 2838 986 Ὀ
2873 932 3114 1004 σπείρων
3156 930 3487 1002 φειδομένως
3531 931 3713 1001 φειδο-

2114 1026 2293 1095 μένως
2316 1026 2410 1079 καὶ
2435 1024 2676 1097 θερίσειο
2712 1025 2806 1077 καὶ
2834 1026 2863 1077 ὁ
2908 1024 3148 1096 σπείρων
3181 1026 3266 1077 ἐπ’
3302 1024 3577 1095 εὐλογίαις
3626 1019 3714 1077 ἐπ’

2112 1117 2384 1185 εὐλογίαις
2408 1117 2500 1170 καὶ
2529 1116 2786 1188 θερίσει.»

2186 1211 2275 1266 45.
2290 1210 2463 1283 Ζητοῦ
2473 1228 2572 1282 μεν
2595 1207 2687 1264 οὖν
2710 1210 2832 1264 ἓεδο
2839 1228 2936 1282 μον
2952 1209 3353 1281 σημαινόμενον
3371 1208 3709 1281 κατάλληλον

2110 1307 2223 1368 τοῖς
2256 1303 2776 1375 προαποδεδομένοις
2822 1303 2901 1366 είς
2945 1302 3041 1353 τό·
3083 1320 3099 1351 t
3131 1302 3243 1371 Οὐχ
3289 1302 3449 1372 ὑμεῖς
3496 1300 3707 1369 λέγετε,

2112 1396 2195 1449 ὅτι
2225 1393 2565 1466 τετράμηνός
2596 1395 2736 1457 ἐστι,
2770 1393 2864 1447 καὶ
2909 1394 2938 1445 6
2972 1392 3231 1465 θερισμὸς
3260 1391 3522 1463 ἔρχεται;
3562 1412 3581 1443 ι
3614 1392 3709 1446 καὶ

2113 1489 2193 1550 είς
2222 1487 2283 1539 τό
2305 1501 2318 1514 ⁸
2360 1505 2378 1537 ι
2404 1486 2534 1539 Ἰδοὺ
2564 1486 2708 1553 λέγω
2731 1487 2857 1556 ὑμῖν
2877 1502 2890 1515 ·
2935 1484 3208 1556 Ἐπάρατε
3237 1484 3362 1545 τοὺς
3394 1482 3709 1554 ὀφθαλμοὺς

2114 1577 2292 1649 ὑμῶν,
2322 1577 2416 1631 καὶ
2439 1577 2708 1632 θεάσασθε
2737 1578 2837 1641 τὰς
2874 1575 3080 1648 χώρας,
3110 1576 3194 1629 ὅτι
3223 1574 3411 1628 λευκαί
3436 1577 3543 1629 εἰσι
3570 1574 3708 1647 πρὸς

2115 1670 2375 1743 θερισμὸν
2401 1668 2521 1741 ήδη.
2561 1687 2579 1719 ι
2622 1669 2678 1723 '0
2703 1669 2769 1740 δὴ
2805 1669 2933 1740 περὶ
2965 1668 3064 1738 τῆς
3099 1666 3397 1738 σαφηνείας
3422 1666 3532 1718 τῶν
3566 1666 3603 1717 Γ
3611 1683 3729 1741 ραυ-

2117 1763 2234 1833 φῶν
2262 1762 2464 1834 τρανὴς
2505 1760 2689 1833 λόγος⁹
2726 1762 2759 1833 ἢ
2796 1765 2825 1815 6
2861 1761 2990 1832 περὶ
3032 1761 3126 1813 τοῦ
3149 1799 3164 1824 ,
3195 1759 3312 1824 πῶς
3347 1759 3522 1812 πάντα
3554 1760 3654 1813 ὃσα
3680 1761 3710 1814 6

421 1846 826 1917 Scripturarum
846 1850 1036 1920 (veluti
1053 1854 1326 1920 quomodo
1353 1852 1535 1937 quinia
1556 1866 1675 1919 quae
1701 1850 1830 1904 fecit
1850 1851 2010 1911 Deus,

2116 1855 2250 1917 θεὸς
2286 1854 2509 1924 ἐποίησε
2550 1853 2689 1906 καλά
2733 1851 2849 1905 λίαν
2875 1894 2890 1913 ,
2927 1854 3144 1924 stone-at
3186 1853 3316 1922 ἡμῖν
3355 1854 3383 1905 6
3424 1850 3707 1923 θερισμὸς,

417 1943 533 1996 sint
573 1941 729 1996 valde
765 1941 906 1996 bona
933 1941 1023 2011 ³⁸),
1058 1958 1221 2012 quam
1269 1958 1498 1997 messem
1532 1944 1625 2010 qui
1660 1942 1834 2004 metit,
1874 1941 2014 1995 duos

420 2034 628 2090 fruetus
663 2036 899 2089 metendi
933 2035 1140 2103 habet;
1180 2035 1440 2099 alterunt,
1466 2036 1613 2104 qnod
1647 2034 1843 2104 accipit
1874 2049 2014 2086 mer-

418 2130 649 2191 cedem;
689 2129 955 2194 alterum,
1010 2128 1155 2206 quqd
1197 2127 1404 2197 colligit
1455 2128 1692 2180 fructum
1739 2127 1791 2180 in
1845 2126 2011 2179 vitam

418 2233 679 2276 aeternam
706 2221 775 2275 "'.
821 2221 887 2276 Et
924 2221 1166 2277 arbitror
1197 2235 1293 2289 per
1322 2236 1417 2275 eas
1446 2218 1866 2290 promissioites,
1893 2233 2015 2287 qua

420 2320 606 2382 postea
658 2311 855 2366 futurae
907 2320 1072 2374 sunt,
1100 2311 1258 2380 juxta
1294 2312 1346 2366 id
1383 2310 1530 2381 quod
1567 2310 1832 2380 scriptum
1877 2320 1959 2365 est
1994 2324 2009 2360 :

425 2424 447 2457 c
486 2405 626 2460 Ecce
674 2404 960 2470 Dominus,
981 2414 1037 2459 et
1090 2420 1301 2460 merces
1328 2404 1445 2475 ejus
1476 2406 1528 2459 in
1574 2417 1736 2458 manu
1781 2402 1920 2469 ejus,
1955 2413 2015 2455 ut

423 2500 614 2552 reddat
646 2497 941 2566 unicuique
965 2496 1263 2552 secundum
1303 2511 1368 2552 ea
1409 2511 1531 2565 quae
1553 2495 1786 2567 gesserit
1807 2496 1855 2529 ’⁸
1879 2514 1898 2547 ι
1931 2495 2016 2549 di-

423 2601 572 2647 ctum
612 2589 800 2655 fuisse,
832 2609 851 2641 ι
879 2591 1183 2645 mercedem
1207 2590 1407 2658 accipit
1435 2589 1483 2620 ⁹¹
1512 2604 1529 2653 ;
1571 2608 1591 2642 ι
1627 2599 1855 2659 propter
1887 2603 2013 2659 pro-

425 2686 730 2739 venientem
760 2694 940 2739 autem
970 2700 1041 2739 ex
1069 2687 1182 2753 ipsa
1212 2684 1525 2756 cognitione
1556 2683 1874 2747 utilitatem,
1894 2697 2017 2752 qua:

422 2790 495 2829 ex
516 2777 898 2831 sesecundnm
922 2786 1174 2831 naturam
1197 2777 1250 2830 in
1286 2784 1470 2831 mente
1500 2775 1658 2840 inest,
1676 2776 1837 2830 etiam
1858 2776 1909 2828 in
1930 2792 2016 2828 ηρ

425 2866 608 2919 tiouali
661 2876 852 2921 natura
915 2882 1016 2922 ceu
1076 2868 1351 2938 egregium
1397 2868 1650 2937 quiddam
1692 2876 1743 2921 et
1805 2866 2016 2937 insigne

425 2959 720 3021 exsistens,
742 2961 906 3013 etiam
940 2968 1136 3027 praeter
1166 2959 1562 3027 promissiones
1594 2974 1717 3029 qua!
1745 2959 1866 3013 alia:
1891 2966 2017 3013 sunt

425 3050 494 3100 ab
530 3047 686 3117 ipsis,
721 3048 987 3119 scriptum
1020 3047 1189 3103 fuisse
1219 3067 1233 3103 :
1272 3067 1291 3100 ι
1320 3050 1531 3120 Colligit
1578 3050 1816 3104 fructum
1856 3050 1908 3103 in
1936 3048 2018 3103 vi-

426 3148 534 3194 tam
569 3143 898 3195 azternam"
924 3159 939 3209 ;
966 3161 986 3194 ι
1026 3158 1150 3212 quae
1190 3156 1275 3197 res
1308 3143 1626 3197 beneﬁcium
1658 3144 1928 3212 quoddam
1960 3150 2016 3197 et

2115 1946 2295 2000 ὅντινα
2323 1947 2351 1999 6
2378 1944 2604 2014 θερίζων
2642 1945 2736 1997 δύο
2767 1959 3012 2017 καρπούς
3045 1945 3139 1997 τοῦ
3170 1942 3407 2016 θερίζειν
3434 1943 3547 2014 ἔχει
3571 1961 3583 1973 ·
3613 1944 3709 1997 ’ἐνα

2119 2034 2240 2105 μὲν,
2261 2035 2342 2087 ὃτι
2372 2034 2638 2105 λαμϐάνει
2672 2034 2883 2105 μισθὸν,
2907 2035 3095 2105 ἓτερον
3120 2033 3176 2086 δὲ
3203 2035 3286 2086 ὅτι
3321 2032 3543 2100 συνάγει
3569 2050 3709 2105 καρ-

2117 2127 2217 2180 πὸν
2244 2130 2325 2191 εἰς
2354 2124 2500 2198 ζωὴν
2531 2124 2772 2180 αἰώνιον.
2810 2128 2920 2180 Καὶ
2946 2123 3151 2197 νομίζω
3184 2125 3273 2179 διὰ
3309 2125 3406 2196 μὲν
3443 2126 3543 2190 τὰς
3573 2125 3710 2196 μετὰ

2116 2220 2293 2274 ταῦτα
2325 2220 2661 2289 ἐπαγγελίας
2701 2221 2967 2290 ἐσομένας
3019 2219 3162 2273 κατὰ
3199 2218 3268 2272 τὰ
3301 2219 3667 2289 γεγραμμένα
3690 2235 3706 2250 ⁸

2121 2331 2141 2365 ι
2165 2313 2297 2366 Ἰδοὺ
2320 2311 2545 2384 Κύριος,
2578 2313 2673 2365 καί⁸
2698 2314 2727 2365 6
2762 2312 2956 2383 μισθὸς
2981 2312 3150 2366 αὑτοῦ
3176 2314 3234 2364 ἐν
3258 2315 3324 2383 τῇ
3351 2314 3495 2384 χειρὶ
3519 2310 3709 2378 αὑτοῦ,

2114 2405 2412 2460 ἀποδοῦναι
2438 2405 2655 2475 ἑκάστῳ
2686 2404 2828 2458 κατὰ
2856 2405 2921 2458 τὸ
2961 2404 3120 2476 ἔργον
3145 2403 3312 2458 αὐτοῦ
3339 2444 3355 2469 ,
3398 2424 3420 2456 ι
3456 2405 3711 2476 εἰρῆσθαι

2119 2499 2181 2553 τό
2205 2516 2218 2528 ’
2252 2519 2268 2550 ι
2299 2498 2506 2553 Μισθὸν
2544 2498 2811 2569 λαμϐάνει
2832 2516 2846 2528 °
2887 2518 2905 2549 ι
2939 2497 3028 2551 διὰ
3066 2496 3123 2551 δὲ
3150 2497 3249 2570 τὴν
3278 2499 3380 2552 ἀπ’
3405 2499 3576 2568 αὐτῆς
3609 2498 3711 2568 τῆς

2116 2591 2349 2663 θεωρίας
2378 2590 2645 2659 ὠφέλειαν
2664 2631 2679 2654 ,
2710 2589 2936 2643 αὐτόθεν
2968 2589 3108 2641 κατά
3137 2588 3298 2658 φύσιν
3323 2585 3486 2643 οὖσαν
3512 2588 3589 2660 τῷ
3610 2589 3709 2660 νῷ,

2115 2685 2211 2738 καὶ
2242 2686 2309 2755 τῇ
2344 2683 2535 2755 λογικῇ
2565 2683 2726 2752 φύσει
2751 2682 2862 2754 (82)
2882 2680 3159 2754 ἐξαίρετον
3190 2682 3587 2752 τυγχάνουσαν.
3616 2682 3711 2735 καὶ

2115 2776 2286 2847 χωρὶς
2332 2775 2536 2847 ἐτέρων
2569 2776 2721 2847 παρὰ
2764 2774 2970 2845 ταύτην
3013 2773 3356 2842 ἐπαγγελιῶν
3399 2772 3710 2845 γεγράφθαι

2116 2869 2177 2922 τό
2204 2886 2216 2899 ·
2253 2888 2271 2920 t
2315 2869 2545 2937 Συνάγει
2569 2867 2780 2940 καρπὸν
2826 2869 2907 2931 είς
2932 2867 3079 2937 ζωὴν
3103 2865 3319 2920 αἰώνιον
3338 2883 3352 2896 '
3397 2886 3415 2918 ι
3450 2868 3592 2938 ὅπερ
3617 2866 3710 2919 εύ-

2117 2958 2349 3015 παθειάν
2399 2977 2522 3013 τινα
2567 2960 2661 3013 τοῦ
2699 2959 3028 3031 ἡγεμονικοῦ
3071 2958 3260 3029 δηλοῖ,
3290 2959 3367 3023 ὠς
3409 2959 3501 3012 καὶ
3547 2961 3605 3011 ἐν
3633 2956 3711 3029 τῷ

2115 3054 2285 3128 τρίτῳ
2317 3052 2426 3108 τῶν
2458 3084 2461 3091 -
2515 3054 2909 3126 Στρωματέων
2970 3053 3398 3123 παρεστήσαμεν
3422 3051 3712 3123 διηγούμε-

2116 3162 2197 3198 νοι
2219 3144 2317 3196 τό·
2373 3163 2391 3195 ι
2433 3144 2489 3197 Ὀ
2522 3144 2714 3216 Πατήρ
2750 3160 2866 3206 σου,
2911 3145 2940 3196 ὁ
2985 3143 3199 3211 βλέπων
3237 3144 3298 3196 ἐν
3338 3142 3417 3216 τῷ
3458 3142 3709 3216 κρυπτῷ,

425 3232 773 3286 commodum
804 3230 899 3286 τοῦ
946 3210 1279 3305 ἡγεμονικοῦ
1327 3233 1466 3307 [sive
1512 3210 1710 3291 mentis
1740 3235 2014 3304 principa-

2119 3233 2391 3289 ἀποδώσει
2419 3251 2500 3288 σοι
2532 3235 2590 3288 ἐν
2621 3210 2700 3305 τῶ
2732 3233 2952 3306 φανερῷ
2977 3235 3107 3306 (85).
3129 3254 3147 3287 ι

427 3327 540 3399 lis],
574 3328 841 3394 ostendit,
883 3330 1342 3399 quemadmodum
1377 3332 1432 3385 in
1476 3333 1639 3387 tertio
1688 3330 1998 3387 Stromaton
2045 3331 2183 3386 libro
2230 3329 2603 3401 exposuimus,
2640 3343 2961 3385 enarrantes
3007 3331 3210 3386 dictum
3256 3329 3434 3385 illud:
3485 3349 3506 3383 ο
3550 3330 3713 3385 Pater

426 3433 574 3486 tuus,
608 3424 701 3493 qui
732 3423 957 3479 videtin
981 3424 1324 3491 abscondito,
1358 3426 1548 3481 reddet
1571 3426 1664 3481 tibi
1696 3429 1748 3482 in
1781 3426 2152 3483 manifesto”.
2200 3447 2220 3479 ι

495 3517 585 3576 46.
618 3519 918 3575 Heracleon
960 3521 1067 3577 dici
1099 3522 1412 3587 existimat,
1447 3540 1467 3574 ι
1494 3524 1587 3594 qui
1618 3524 1791 3590 metit,
1818 3538 2028 3578 merce-

426 3611 546 3665 dem
602 3611 832 3682 accipit,
867 3631 888 3665 »
940 3615 1205 3683 quoniam
1256 3612 1523 3668 Servator
1569 3617 1808 3683 seipsum
1871 3615 2020 3670 dicat

426 3717 747 3769 messorem,
780 3706 1201 3772 mercedemque
1229 3706 1442 3761 Domini
1472 3709 1646 3762 nostri
1679 3722 1803 3763 esse
1830 3708 2020 3764 existi-

428 3806 539 3848 mat
575 3811 765 3850 eorum
810 3799 902 3867 qui
951 3808 1178 3863 metunt,
1220 3798 1451 3852 salutem
1492 3808 1549 3854 et
1592 3799 2017 3865 restitutionem,

427 3900 494 3940 eo
525 3888 667 3954 quod
700 3890 813 3956 ipse
840 3891 891 3941 in
926 3889 1007 3943 eis
1035 3891 1376 3957 requiescat;
1417 3890 1475 3963 in
1513 3889 1601 3945 bis
1649 3906 1778 3948 vero
1812 3893 2016 3955 verbis.

432 4000 451 4034 ι
486 3992 541 4037 et
576 3984 808 4037 fructum
850 3984 1060 4055 colligit
1091 3986 1144 4040 in
1192 3985 1357 4039 vitam
1390 3995 1674 4056 mternam,
1717 4005 1736 4037 ι
1781 3986 2015 4041 fructum

427 4075 633 4131 dictum
665 4074 836 4133 fuisse
864 4078 1167 4141 existimat,
1198 4079 1278 4131 vel
1311 4078 1439 4147 quia
1486 4077 1539 4133 id
1567 4078 1712 4148 quod
1741 4077 2019 4147 colligitur

429 4166 644 4223 fructus
701 4169 776 4225 sit
822 4171 950 4225 vitae
988 4179 1242 4235 aeternae,
1283 4169 1369 4225 vel
1421 4169 1547 4238 quia
1594 4171 1709 4238 ipsa
1767 4169 2019 4226 collectio

428 4259 537 4314 vita
560 4261 723 4315 etiam
754 4269 957 4317 aeterna
982 4272 1085 4317 est.
1125 4263 1196 4316 At
1230 4277 1356 4316 reor
1392 4261 1497 4315 hoc
1537 4262 1591 4315 in
1624 4260 1744 4316 loco
1771 4270 2015 4317 coactam

428 4365 552 4407 esse
605 4351 751 4407 illius
795 4353 1305 4426 interpretationem
1332 4395 1349 4420 ,
1391 4354 1624 4409 dicentis
1667 4354 2014 4408 Servatorem

428 4443 679 4513 accipere
741 4445 1072 4509 mercedem,
1105 4454 1161 4499 et
1210 4444 1595 4500 confundentis
1627 4442 1933 4498 mercedem
1962 4451 2019 4497 et

429 4532 809 4590 collectionem
866 4536 1079 4593 fructus
1108 4536 1162 4591 in
1194 4553 1387 4601 unum,
1427 4535 1718 4590 manifeste
1763 4536 1898 4589 duas
1929 4549 2017 4588 res

430 4624 715 4695 Scriptura
753 4627 805 4682 in
848 4628 1026 4684 medio
1059 4638 1317 4698 ponente,
1351 4637 1412 4681 ut
1446 4640 1611 4695 supra
1654 4625 2014 4680 ostendimus.

429 4718 791 4784 Quamobrem
822 4723 866 4777 si
912 4723 1146 4778 assecuti
1184 4721 1385 4777 fuimus
1430 4721 1789 4777 elevationem
1827 4719 2017 4775 oculo-

2190 3522 2279 3578 46.
2314 3524 2371 3577 ’0
2398 3523 2457 3578 δὲ
2483 3523 2798 3596 ’Πρακλέων
2819 3521 2882 3575 τό
2907 3539 2920 3553 ·
2958 3542 2978 3573 ι
3002 3523 3059 3576 Ὀ
3085 3521 3319 3594 θερίζων
3351 3520 3544 3593 μισθὸν
3571 3521 3711 3592 λαμ-

2119 3615 2295 3682 ϐάνει,
2333 3637 2351 3668 ι
2386 3616 2635 3689 εἰρῆσθαι
2677 3618 2926 3687 νομίζει,
2961 3617 3085 3670 ἐπεὶ
3118 3616 3374 3687 θεριστὴν
3402 3615 3593 3669 ἑαυτὸν
3620 3614 3710 3668 λέ-

2119 3726 2206 3779 γει
2228 3714 2257 3764 6
2286 3711 2506 3783 Σωτὴρ,
2539 3712 2750 3765 καὶτὸν
2784 3710 2981 3782 μισθὸν
3018 3709 3113 3763 τοῦ
3143 3709 3354 3781 Κυρίου
3386 3709 3545 3782 ἡμῶν
3574 3711 3711 3763 ὑπο-

2119 3801 2384 3873 λαμϐάνει
2423 3799 2562 3857 εἶναι
2594 3802 2693 3874 τὴν
2740 3801 2850 3856 τῶν
2884 3800 3251 3873 θεριζομένων
3298 3802 3577 3872 σωτηρίαν
3619 3802 3713 3855 καὶ

2118 3893 2564 3946 ἀποκατάστασιν
2596 3891 2674 3963 τῷ
2697 3891 3072 3946 ἀναπαύεσθαι
3103 3892 3269 3946 αὐτὸν
3292 3892 3381 3945 ἐπ’
3403 3894 3617 3956 αὐτοῖς·
3646 3892 3707 3945 τὸ

2118 3984 2172 4038 δέ
2196 3999 2209 4012 ·
2245 4003 2263 4035 t
2305 3985 2416 4037 Kai.
2449 3985 2670 4052 συνάγει
2697 3984 2909 4056 καρπὸν
2950 3987 3030 4049 εἰς
3076 3984 3223 4056 ζωὴν
3249 3983 3491 4049 αἰώνιον,
3529 4004 3547 4037 ι
3579 4002 3713 4056 καρ-

2118 4076 2222 4130 πὸν
2246 4076 2497 4147 εἰρῆσθαί
2523 4093 2688 4148 φησιν
2712 4076 2825 4148 (84)
2848 4119 2864 4142 ,
2902 4076 2935 4149 ἢ
2968 4077 3051 4130 ὅτι
3083 4076 3145 4129 τὺ
3176 4077 3543 4148 συναγόμενον
3569 4094 3709 4148 καρ-

2120 4168 2221 4225 πὸς
2252 4167 2399 4237 ζωῆς
2422 4169 2641 4221 αἰωνίου
2662 4169 2831 4231 ἐστὶν,
2853 4168 2882 4221 6
2910 4168 3002 4221 καὶ
3030 4166 3164 4220 αὐτὸ
3181 4167 3293 4239 (85)
3324 4167 3438 4239 ζωὴ
3468 4165 3704 4239 αίὼν-ιος.

2130 4256 2289 4310 Ἀλλά
2320 4257 2544 4311 αὐτόθεν
2577 4258 2783 4330 νομίζω
2817 4258 2990 4329 βίαιον
3028 4254 3168 4313 εἶναι
3193 4257 3295 4330 τὴν
3321 4257 3576 4329 διήγησιν
3601 4257 3703 4310 αὐ-

2117 4348 2243 4413 τοῦ,
2275 4351 2575 4419 φάσκοντος
2612 4350 2704 4403 τὸν
2735 4351 2967 4422 Σωτῆρα
3016 4350 3208 4422 μισθὸν
3252 4350 3578 4422 λαμϐάνειν,
3611 4348 3709 4403 καὶ

2120 4441 2442 4512 συγχέοντος
2467 4441 2557 4494 τὸν
2590 4440 2782 4512 μισθὸν
2814 4444 2911 4496 καὶ⁹
2942 4442 3041 4514 τὴν
3078 4441 3403 4513 συναγωγὴν
3431 4439 3528 4494 τοῦ
3571 4456 3709 4512 καρ-

2119 4534 2221 4588 ποῦ
2248 4536 2326 4597 εἰς
2355 4534 2434 4595 ἓν.
2452 4534 2710 4606 ἄντικρυς
2726 4537 2824 4607 τῆς
2853 4536 3074 4608 Γραφῆς
3100 4535 3194 4589 δύο
3218 4536 3523 4607 πράγματα
3545 4551 3710 4607 παρι-

2119 4627 2349 4698 στάσης,
2377 4626 2454 4690 ὡς
2482 4627 2997 4700 προδιηγησάμεθα.
3028 4628 3091 4681 Ei
3120 4628 3299 4682 τοίνυν
3322 4627 3706 4681 ἐπιτέτευκται

2117 4722 2251 4792 ἡμῖν
2274 4722 2308 4792 ἡ
2351 4718 2583 4793 ἔπαρσις
2614 4718 2723 4775 τῶν
2764 4719 3140 4774 ἀποστολικῶν
3184 4719 3482 4791 ὀφθαλμῶν
3501 4760 3518 4785 ,
3550 4720 3647 4773 καὶ
3676 4723 3710 4792 ἡ

432 4829 549 4867 rum
577 4815 1021 4882 apustolicorum,
1058 4817 1433 4885 visionemque
1480 4814 1762 4884 regionum
1802 4811 1915 4881 jam
1946 4812 2013 4865 ad

2120 4813 2219 4868 θέα
2243 4813 2354 4868 τῶν
2389 4812 2581 4886 χωρῶν
2624 4811 2834 4867 λευκῶν
2873 4812 2976 4884 ἥδη
3017 4813 3157 4884 πρὸς
3204 4813 3469 4884 θερισμὸν
3510 4812 3709 4875 οὐσῶν,

430 4924 661 4963 messem
696 4909 964 4977 albarum,
992 4911 1183 4965 eodem
1212 4910 1375 4965 modo
1398 4917 1651 4964 accurate
1678 4907 2014 4977 inquiramus

2119 4905 2221 4977 ἤδη
2271 4904 2579 4969 ἀκολούθως
2625 4903 2836 4967 τούτοις
2882 4903 3205 4971 ἐξεταστέον
3244 4904 3297 4957 τί
3354 4905 3452 4957 τόο
3496 4906 3647 4958 «Ἵνα
3684 4907 3713 4958 6

430 5011 647 5071 oportet
684 5002 814 5069 quid
838 5003 910 5056 sit
935 5003 1039 5057 hoc
1078 5003 1282 5056 dictum
1317 5020 1332 5057 :
1378 5019 1397 5053 ι
1438 5000 1509 5058 Ut
1548 5000 1639 5070 qui
1666 4998 1919 5062 seminat,
1944 4998 2014 5051 si-

2121 4997 2364 5069 σπείρων
2395 4996 2532 5068 ὁμοῦ
2556 4996 2754 5069 χαίρῃ,
2788 4998 2883 5050 καὶ
2929 4998 2958 5050 6
2981 4996 3232 5068 θερίζων.
3270 5016 3288 5047 ι
3321 4993 3491 5068 Οἶμαι
3516 4997 3602 5069 δὴ,
3628 4998 3711 5050 ὃτι

433 5095 540 5147 tnul
567 5094 821 5163 gaudeat,
846 5103 898 5147 et
916 5093 1007 5163 qui
1033 5095 1188 5148 metit
1209 5094 1278 5148 ".
1298 5114 1316 5145 ι
1346 5093 1611 5147 ExiStimo
1633 5090 1797 5161 igitur
1813 5104 1937 5143 eum
1962 5089 2014 5142 in

2122 5089 2216 5142 ἐπὶ
2244 5089 2425 5159 πάσης
2463 5089 2566 5161 τῆς
2589 5089 2655 5141 ἐκ
2686 5089 2947 5142 πλειόνων
2990 5088 3365 5161 θεωρημάτων
3397 5091 3593 5161 τέχνης
3619 5088 3713 5142 καὶ

431 5186 575 5241 οηιηί
606 5198 746 5251 arte,
772 5195 823 5242 et
848 5186 1098 5251 scientia,
1122 5201 1242 5255 qua:
1275 5185 1519 5255 pluribus
1554 5182 2014 5252 speculationibus

2122 5181 2453 5253 ἐπιστήμης,
2475 5181 2688 5252 σπείρει
2719 5180 2819 5251 μὲν
2849 5183 2878 5234 6
2909 5180 3006 5245 τὰς
3031 5179 3208 5252 ἀρχὰς
3238 5181 3529 5252 εὑρίσκων,
3564 5181 3715 5234 ἄστι-

431 5287 662 5341 constet,
718 5279 1032 5344 seminare,
1091 5277 1183 5347 qui
1242 5275 1506 5344 principia
1559 5273 1839 5341 inveniat;
1895 5288 2014 5342 qua:

2122 5290 2221 5336 νας
2263 5274 2440 5345 ἕτεροι
2490 5273 3047 5344 παραλαμϐάνοντες,
3088 5275 3187 5327 καί⁵
3220 5272 3714 5344 ἐπεξεργαζόμενοι

496 5396 542 5427 ⁸⁷
573 5397 614 5452 ll
642 5398 769 5452 Cor.
805 5416 857 5454 ix
885 5439 900 5463 ,
934 5398 991 5455 6.
1066 5399 1115 5430 ⁸⁸
1145 5397 1281 5455 Gen.
1325 5413 1368 5463 ι,
1408 5397 1498 5452 5|.
1570 5396 1617 5429 "
1640 5393 1799 5451 Joan.
1826 5410 1903 5464 tv,
1934 5395 2014 5452 36.

2116 5396 2149 5430 '°
2173 5396 2281 5453 lsa.
2323 5413 2414 5462 XL,
2451 5397 2541 5452 10.
2620 5397 2662 5428 ⁹¹
2689 5394 2847 5450 Juau.
2873 5410 2947 5461 tv,
2982 5395 3054 5450 36
3151 5395 3197 5428 "
3231 5395 3367 5450 ibid.
3440 5394 3488 5426 ”
3517 5392 3714 5448 Iilaitlt.

434 5483 506 5533 vi,
536 5468 594 5522 4.
665 5472 712 5502 ⁸⁸
734 5470 896 5525 Joan.
931 5486 1006 5536 tv,
1033 5469 1129 5525 56.

2197 5609 2312 5679 (84)
2346 5605 2592 5676 Καρπὸν
2617 5605 2895 5679 εἰρῆσθαι
2942 5620 3150 5679 φησιν.
3173 5600 3622 5679 ln_coild._.8_cgio
3659 5608 3715 5653 et

2127 5671 2612 5734 Barbe'rino'deest
2643 5671 2877 5745 καρπόν.
2910 5671 2963 5727 at
2996 5675 3196 5745 lcgotur
3231 5674 3286 5726 itt
3316 5671 3635 5745 Bodleiano.

2201 5749 2317 5819 (85)
2356 5748 2584 5819 Ἔστιν,
2622 5739 2801 5819 δέεαι
2833 5747 3002 5807 αὑτό,
3029 5739 3133 5800 εἰς.
3171 5742 3317 5814 Lego
3343 5757 3466 5797 cum
3512 5739 3711 5795 Ferra-

2120 5817 2407 5883 ιτὶοέστὶν,
2440 5818 2578 5887 seu
2605 5818 2697 5873 καὶ
2732 5817 2894 5881 αὐτὸ,
2919 5826 3026 5871 etc.
3058 5872 3063 5885 1

501 5609 616 5682 (8‘2)
650 5614 763 5667 Vox
794 5614 957 5682 φύσει
989 5614 1190 5669 excidit
1230 5629 1262 5667 e
1294 5613 1453 5668 codd.
1484 5612 1654 5682 Regio
1703 5620 1753 5666 et
1806 5610 2003 5666 Barba!

436 5693 589 5741 riuo;
619 5690 712 5736 sail
749 5687 1057 5739 restituitur
1077 5702 1107 5738 e
1139 5685 1455 5739 Bodleiano.

504 5751 617 5824 (35)
664 5753 758 5805 Ἐν
784 5754 863 5819 τῷ
892 5755 1149 5824 φανερῷ.
1189 5756 1343 5809 ηυοςι
1381 5756 1432 5809 in
1463 5756 1620 5812 codd.
1650 5753 1951 5809 Barbcrino
1968 5760 2023 5807 et

436 5820 641 5892 Regio;
689 5826 782 5881 sed
811 5820 1008 5896 legitur
1040 5820 1102 5882 in
1141 5826 1457 5884 Bodleiano.
