4170 6408
418 318 517 374 481

1479 315 1838 373 COMMENT.
1874 315 1937 369 ΙΝ
1975 313 2168 370 JOAN.
2206 314 2443 374 TOMUS
2477 316 2617 375 XIII.

3588 325 3697 381 482

416 440 610 504 αὑτάς,
630 440 836 512 ἑτέροις
866 441 934 495 τά
965 440 1070 494 ὑπὸ
1096 438 1276 494 αὑτῶν
1301 441 1581 511 εὑρημένα
1597 439 1990 512 παραδιδόντες,

2105 440 2196 494 alii
2242 451 2583 497 assumentes
2631 438 3012 509 curiosiusque
3067 454 3129 494 ea
3178 440 3569 505 examinantes,
3612 444 3696 498 vi~

415 533 578 587 αῖτιοι
610 531 671 598 ἐξ
698 527 772 586 ῶν
802 534 1067 605 εὑρήκασι
1104 535 1341 602 γίνονται
1374 536 1487 597 τοῖς
1523 532 2002 604 μεταγενεστέροις

414 626 476 678 οὐ
511 623 786 695 δυνηθεῖσι
818 625 916 690 τάς
942 643 1002 678 τε
1036 626 1211 697 ἀρχὰς
1249 627 1462 697 εὑρεῖν,
1510 626 1605 678 καὶ
1630 626 1697 678 τά
1726 625 1852 696 ἑξῆς
1883 627 2003 678 ἐπι-

416 716 673 786 συνάψαι,
705 719 799 771 καὶ
833 718 896 771 τὸ
931 718 1084 781 τέλος
1124 718 1233 771 τῶν
1260 718 1467 789 τεχνῶν
1501 719 1595 771 καὶ
1626 717 1735 771 τῶν
1775 718 2001 789 ἐπιστη-

416 807 534 878 μῶν
568 807 837 861 ἐπιθεῖναι
862 848 877 871 ,
908 806 1004 860 τοῦ
1050 807 1551 878 συμπληρωθεισῶν
1590 807 1699 860 τῶν
1743 808 2000 860 τοιούτων

411 898 617 969 τεχνῶν
645 899 741 951 καὶ
779 898 1097 970 ἐπιστημῶν
1132 899 1311 970 πλήρη
1340 897 1431 951 τὸν
1465 898 1678 970 καρπὸν
1713 897 1789 962 ὡς
1816 899 1874 951 ἐν
1907 897 1997 951 θε-

414 988 596 1060 ρισμῷ
612 988 792 1043 αὑτῶν
811 990 1100 1045 ἀναλαϐεῖν
1123 1007 1136 1021 ⁸
1161 993 1210 1043 εί
1236 992 1292 1044 δὲ
1314 990 1477 1044 τοῦτο
1502 992 1596 1044 ἐπὶ
1617 990 1822 1060 τεχνῶν
1850 991 1999 1044 ἐστιν

411 1081 612 1151 ἀληθὲς
644 1083 736 1136 καί
778 1100 940 1137 τινων
978 1082 1333 1154 ἐπιστημῶν,
1378 1084 1531 1155 πόσῳ
1565 1083 1728 1137 πλέον
1769 1084 1863 1136 ἐπὶ
1898 1084 1998 1154 τῆς

409 1176 606 1247 τέχνης
646 1176 756 1230 τῶν
791 1178 995 1249 τεχνῶν
1044 1180 1138 1233 καὶ
1190 1181 1499 1251 ἐπιστήμης
1532 1178 1642 1233 τῶν
1677 1180 1998 1252 ἐπιστημῶν

413 1270 527 1324 ἔστι
568 1271 801 1324 συνιδεῖν
826 1287 840 1337 ;
869 1271 940 1325 τά
968 1271 1073 1343 γὰρ
1112 1270 1406 1343 εὑρεθέντα
1438 1273 1545 1327 ὑπὸ
1578 1273 1687 1326 τῶν
1715 1274 1997 1345 προτέρων

410 1362 912 1435 ἐπεξεργασάμενοι
952 1365 1001 1416 οἱ
1035 1366 1151 1434 μετ’
1193 1365 1390 1429 αὑτοὺς
1433 1363 1849 1437 παραδεδώκασι
1882 1368 1996 1430 τοῖς

409 1453 536 1524 ἐξῆς
567 1452 930 1517 ἐξεταστικῶς
963 1454 1248 1527 προσιοῦσι
1267 1458 1378 1518 τοῖς
1412 1455 1714 1517 εὑρεθεῖσιν
1741 1456 1996 1527 ἀφορμὰς

406 1544 502 1598 τοῦ
530 1544 592 1599 τὸ
649 1545 707 1599 ἓν
738 1544 899 1617 σῶμα
931 1546 1031 1616 τῆς
1056 1545 1311 1617 ἀληθείας
1346 1549 1481 1617 μετά
1505 1547 1698 1617 σοφίας
1724 1547 1994 1618 συναχθῆ-

407 1655 516 1693 ναι.
538 1637 938 1710 ,Πληρωθέντος
975 1639 1039 1710 δὴ
1072 1638 1166 1693 τοῦ
1204 1640 1405 1703 παντὸς
1457 1639 1619 1709 ἔργου
1664 1640 1764 1711 τῆς
1800 1641 1996 1712 τέχνης

408 1729 515 1783 τῶν
544 1730 750 1801 τεχνῶν
769 1769 785 1795 ,
813 1733 841 1784 ό
869 1731 1108 1802 σπείρων
1139 1730 1274 1802 ὁμοῦ
1304 1732 1517 1804 χαίρει,
1549 1733 1644 1785 καὶ
1674 1733 1703 1784 ό
1745 1731 1991 1803 θερίζων,

404 1822 503 1876 τοῦ
527 1822 892 1894 ἀμειϐομένου
921 1823 1057 1876 Θεοῦ
1096 1825 1177 1887 εἰς
1210 1822 1269 1876 ἓν
1301 1825 1509 1887 πάντας
1539 1824 1693 1887 τέλος
1730 1824 1989 1893 συνάγον-

404 1931 516 1979 τος.
551 1917 692 1988 Ὅρα
722 1916 780 1970 δὲ
820 1918 869 1969 εί
909 1918 957 1970 οἱ
1004 1918 1103 1988 μὲν
1152 1917 1468 1988 σπείροντες
1504 1917 1610 1970 εἰσι
1653 1917 1859 1988 Μωσῆς
1900 1916 1993 1970 καὶ

404 2008 682 2079 προφῆται
727 2009 1037 2081 γράψαντες
1076 2009 1146 2064 τὰ
1194 2010 1330 2081 πρὸς
1367 2008 1648 2063 νουθεσίαν
1688 2008 1868 2079 ήμῶν,
1912 2011 1994 2074 είς

404 2100 499 2165 οὓς
530 2100 598 2154 τά
624 2099 753 2172 τέλη
780 2100 888 2155 τῶν
911 2100 1124 2155 αἰώνων
1173 2102 1501 2173 κατήντησε,
1534 2101 1628 2154 καὶ
1659 2100 1994 2173 κηρύξαντες

403 2194 502 2266 τὴν
522 2192 762 2265 Χριστοῦ
791 2193 1085 2265 ἐπιδημίαν
1106 2212 1120 2226 σ
1148 2193 1463 2266 θερίσαντες
1491 2193 1546 2246 δὲ
1571 2194 1620 2246 οί
1654 2193 1744 2246 τὸν
1759 2194 1992 2263 Χριστὸν

404 2284 863 2357 παραδεξάμενοι,
892 2288 988 2339 καὶ
1013 2285 1329 2356 τεθεαμένοι
1356 2286 1457 2356 τὴν
1479 2284 1636 2352 δόξαν
1666 2284 1833 2338 αὑτοῦ
1856 2286 1993 2339 ἁπό-

404 2379 612 2440 στολοι,
646 2377 1047 2449 συμφωνοῦσαν
1090 2380 1206 2441 τοῖς
1253 2380 1612 2448 προφητικοῖς
1653 2379 1784 2450 περὶ
1824 2378 1990 2432 αὑτοῦ

403 2470 640 2538 λογικοῖς
670 2469 699 2520 ὃ
732 2468 1011 2539 σπέρμασι
1041 2466 1173 2537 (86),
1193 2465 1488 2538 θερισθεῖσι
1516 2467 1658 2520 κατά
1681 2468 1783 2539 τὴν
1825 2465 1990 2533 ἐπεξ-

401 2562 675 2633 εργασίανι
725 2563 820 2615 καὶ
857 2560 1187 2630 κατανόησιν
1229 2559 1324 2613 τοῦ
1355 2560 1738 2631 κεκρυμμένου
1780 2578 1989 2633 μυστη-

404 2656 522 2728 ρίου
545 2655 654 2709 ἀπὸ
677 2655 785 2708 τῶν
808 2653 1020 2708 αἰώνων
1041 2693 1057 2717 ,
1100 2652 1508 2724 φανερωθέντος
1542 2652 1599 2705 δὲ
1639 2655 1727 2706 ἐπ’
1756 2654 1989 2725 ἐσχάτου

401 2742 510 2796 τῶν
547 2741 755 2813 καιρῶν
774 2758 786 2771 ·
828 2761 846 2794 ι
874 2742 1012 2814 ὅπερ
1052 2742 1269 2814 ἐτέραις
1300 2744 1515 2811 γενεαῖς
1546 2741 1647 2795 οὐκ
1681 2743 1989 2816 ἐγνωρίσθη

400 2838 513 2899 τοῖς
538 2836 671 2898 υἱοῖς
712 2834 821 2888 τῶν
859 2833 1193 2904 ἀνθρώπων,
1233 2834 1309 2897 ὼς
1349 2833 1445 2887 νῦν
1490 2834 1851 2906 ἀπεκαλύφθη
1877 2841 1990 2901 τοῖς

401 2928 576 2997 ἁγίοις
610 2927 930 2991 ἀποστόλοις
967 2926 1134 2980 αὑτοῦ
1170 2927 1262 2980 καὶ
1305 2928 1614 2999 προφήταις
1639 2942 1652 2957 ⁸
1696 2947 1717 2979 ι
1769 2929 1992 3001 σπέρμα

399 3021 457 3074 δὲ
475 3018 545 3093 ἦν
567 3024 596 3076 ὁ
625 3023 733 3083 πᾶς
755 3021 913 3091 λόγος
941 3020 1084 3075 κατά
1106 3018 1447 3088 ἀποκάλυψιν
1486 3039 1504 3070 ι
1532 3020 1829 3092 μυστηρίου
1864 3022 1991 3094 χρό-

2103 534 2405 603 cissimque
2437 533 2558 588 aliis
2583 534 2867 587 tradentes
2893 533 3115 586 inventa
3146 547 3266 594 sua,
3293 542 3546 589 auctores
3569 544 3700 589 sunt

2104 626 2444 695 posteris,ex
2480 626 2565 678 his
2593 640 2712 693 qua:
2739 624 3043 679 invenerint
3073 638 3180 677 non
3204 623 3515 680 valentibus
3547 627 3697 694 prin-

2103 715 2245 784 cipia
2296 714 2583 777 invenire,
2618 722 2673 767 et
2711 713 2992 781 sequentia
3025 710 3186 782 257
3221 712 3593 782 conjungere,
3642 721 3700 768 ct

2102 821 2374 860 summam
2425 819 2647 858 mamnn
2680 805 2900 859 artibus
2927 813 2986 860 et
3026 804 3272 860 scientiis
3309 805 3610 875 imponere,
3637 814 3699 860 ut

2103 896 2319 967 plenum
2383 896 2618 952 fructum
2674 897 3027 967 percipiant;
3073 912 3178 951 non
3226 912 3387 952 secus
3423 910 3587 970 atque
3636 900 3696 956 in

2104 1006 2316 1056 messe,
2371 988 2680 1057 huiusmodi
2738 989 2951 1044 artihus
3000 998 3056 1043 et
3094 989 3339 1045 scientiis
3388 991 3692 1061 completis.

2102 1083 2254 1147 Quod
2303 1083 2346 1137 si
2405 1084 2507 1137 hoc
2543 1098 2731 1137 verum
2788 1093 2869 1139 est
2919 1084 2975 1137 in
3017 1084 3226 1138 artibus
3271 1094 3328 1140 et
3367 1085 3696 1153 quibusdam

2101 1179 2366 1245 scientiis,
2399 1194 2603 1248 quanto
2649 1181 2822 1249 magis
2862 1180 2914 1233 in
2945 1194 3007 1233 ea
3045 1190 3164 1235 arte
3197 1195 3317 1248 qua:
3352 1196 3445 1237 ars
3480 1190 3562 1236 est
3603 1196 3696 1236 ar-

2103 1275 2235 1326 tium
2282 1289 2335 1328 et
2369 1274 2603 1328 scientia
2661 1275 3022 1332 scientiarum
3042 1317 3057 1341 ,
3086 1288 3409 1343 conspicere
3436 1274 3487 1328 id
3515 1274 3645 1330 licet
3669 1274 3695 1329 l

2099 1362 2318 1418 Inventa
2362 1364 2507 1417 enim
2546 1379 2575 1418 a
2625 1365 2921 1435 majoribus
2968 1368 3241 1423 curiosius
3270 1382 3392 1421 cum
3435 1367 3693 1436 indagas-

2098 1465 2215 1510 sent
2248 1457 2476 1521 posteri.
2498 1456 2846 1513 occasionem
2874 1459 3284 1513 successoribus
3307 1458 3443 1522 suis,
3464 1459 3554 1527 qui
3581 1459 3696 1519 haec

2099 1549 2319 1602 inventa
2361 1563 2485 1602 cum
2541 1548 2822 1619 diligentia
2869 1549 3174 1613 adiissent,
3213 1550 3578 1614 tradiderunt,
3634 1559 3694 1605 ut

2098 1655 2264 1692 unum
2293 1640 2545 1694 veritatis
2574 1654 2774 1709 corpus
2798 1656 2925 1695 cum
2970 1641 3239 1709 sapientia
3275 1641 3691 1711 coniungerent.

2101 1730 2268 1801 Igitur
2304 1731 2578 1801 completo
2612 1740 2725 1786 toto
2766 1748 2932 1803 opere
2969 1734 3105 1789 artis
3150 1734 3374 1799 artium,
3402 1735 3496 1804 qui
3530 1734 3694 1790 semi-

2104 1833 2216 1888 nat,
2265 1822 2425 1877 simul
2456 1826 2675 1895 gaudet,
2705 1834 2760 1878 et
2810 1828 2901 1892 qui
2953 1827 3148 1890 metit,
3185 1825 3296 1882 Deo
3344 1827 3583 1882 vicissim
3632 1828 3688 1883 in

2102 1929 2270 1968 unum
2303 1915 2465 1968 linem
2500 1930 2694 1970 omnes
2727 1926 3112 1986 congregante.
3164 1916 3399 1973 Proinde
3444 1919 3566 1974 vide
3614 1934 3685 1973 an

2099 2006 2435 2060 seminantes
2471 2008 2584 2060 sint
2625 2007 2800 2064 Moses
2821 2018 2876 2062 et
2903 2011 3200 2078 prophetae,
3225 2011 3316 2077 qui
3347 2010 3687 2079 scripserunt

2099 2113 2163 2154 ea
2204 2117 2223 2149 ι
2273 2114 2396 2169 qua:
2443 2101 2721 2167 pertinent
2755 2101 2822 2155 ad
2862 2111 3104 2156 nostram
3153 2103 3597 2167 admonitionem,
3630 2105 3683 2157 in

2099 2204 2240 2258 quos
2267 2190 2402 2245 lines
2439 2190 2765 2246 saeculorum
2802 2193 3139 2248 devenerunt
3163 2196 3231 2258 ",
3261 2213 3281 2247 ι
3318 2195 3522 2265 quique
3550 2212 3688 2265 praes

2098 2286 2421 2341 dicaverunt
2476 2285 2770 2339 adventum
2821 2284 3059 2351 Christi;
3087 2289 3178 2355 qui
3213 2298 3558 2343 messuerunt
3589 2305 3689 2343 au-

2100 2383 2247 2440 tem,
2296 2376 2405 2429 sint
2452 2376 2707 2444 apostoli,
2764 2377 2858 2445 qui
2906 2377 3183 2433 Christum
3231 2391 3560 2449 receperunt
3607 2383 3687 2435 vi-

2098 2467 2297 2521 derunt
2349 2467 2690 2537 gloriamque
2741 2466 2883 2535 ejus,
2920 2484 3214 2525 consonam
3254 2473 3590 2542 propheticis
3630 2486 3687 2531 et

2099 2560 2512 2615 rationabilibus
2541 2564 2610 2616 de
2642 2561 2758 2629 ipso
2790 2561 3251 2632 seminibus,qu;e
3289 2564 3537 2621 demessa
3568 2565 3688 2622 fue-

2100 2667 2160 2707 re
2210 2652 2506 2707 secundum
2560 2661 2874 2708 accuratam
2925 2654 3235 2739 indaginem
3285 2666 3335 2711 et
3387 2658 3686 2729 intelligen-

2100 2745 2229 2800 tiam
2263 2747 2528 2816 mysterii,
2556 2746 2857 2800 absconditi
2896 2747 3116 2815 quidem
3144 2766 3171 2801 ιι
3205 2751 3445 2815 εωειιΙίε,
3473 2755 3570 2807 sed
3601 2769 3686 2807 re-

2099 2839 2227 2893 tecti
2271 2840 2323 2892 in
2376 2839 2686 2894 novissimis
2734 2840 3069 2909 temporibus
3096 2840 3178 2907 ης
3217 2859 3236 2894 ι
3271 2845 3417 2911 quod
3463 2846 3515 2898 in
3562 2844 3687 2901 aliis

2096 2931 2346 2986 aetatibus
2382 2947 2488 2984 non
2525 2931 2760 2985 innotuit
2794 2932 2918 2987 Iiliis
2962 2933 3242 2987 hominum
3268 2973 3284 2998 ,
3317 2937 3680 3004 quemadmo-

2099 3024 2225 3078 dum
2281 3022 2577 3077 reveiatum
2612 3033 2696 3077 est
2749 3039 2895 3078 nunc
2944 3025 3155 3079 sanctis
3187 3024 3305 3092 ejus
3334 3028 3601 3095 apostolis
3626 3038 3684 3083 et

398 3129 510 3176 νοις
563 3111 803 3175 αἰωνίοις
858 3112 1256 3189 σεσιγημένου,
1295 3130 1313 3163 ι
1378 3112 1474 3164 καὶ
1511 3131 1530 3158 σ
1564 3112 1660 3167 νῦν
1691 3132 1710 3164 ι
1743 3130 1990 3187 φανερω-

2098 3114 2379 3183 prophetis
2400 3113 2488 3178 ’7;
2533 3130 2553 3163 ι
2584 3127 2769 3167 semen
2796 3128 2926 3167 vero
2976 3115 3048 3167 sit
3099 3115 3355 3169 universa
3409 3116 3498 3171 illa
3545 3120 3685 3171 ratio

401 3201 587 3265 θέντος
613 3220 631 3253 ι
659 3201 750 3255 διά
776 3220 796 3253 ι
837 3218 896 3254 τε
950 3220 968 3252 ι
1005 3200 1237 3273 Γραφῶν
1279 3202 1662 3273 προφητικῶν,
1694 3221 1714 3253 ι
1758 3204 1851 3257 καὶ
1890 3205 1990 3274 τῆς

2098 3225 2117 3258 ι
2152 3205 2583 3276 mysterii,quod
2617 3205 2951 3272 tetnporibus
2979 3207 3199 3261 aeternis
3225 3207 3474 3273 tacitum,
3494 3226 3636 3265 nunc
3656 3229 3679 3264 ι

401 3293 721 3363 ἐπιφανείας
750 3293 846 3346 τοῦ
879 3293 1084 3366 Κυρίου
1112 3293 1273 3365 ήμῶν
1308 3293 1484 3364 ἰησοῦ
1504 3294 1743 3365 Χριστοῦ
1768 3311 1781 3325 ·
1813 3296 1903 3349 ὅτε
1929 3297 1990 3350 τὸ

400 3389 517 3458 φῶς
538 3389 600 3442 rb
627 3387 876 3459 ἀληθινὸν
905 3387 1175 3459 πεποίηκε
1201 3389 1301 3451 τὰς
1325 3386 1529 3459 χώρας,
1557 3389 1616 3441 ἐν
1648 3387 1726 3460 τῷ
1757 3390 1990 3464 ἐπιλάμ-

398 3484 498 3552 ψαι
522 3484 632 3555 (87)
662 3484 887 3545 αὑταῖς,
929 3480 1130 3545 λευκὰς
1177 3480 1315 3552 πρὸς
1363 3481 1622 3553 Θερισμὸν
1671 3482 1794 3555 ήδη.
1829 3484 1989 3538 Κατά

396 3575 586 3629 τοῦτον
618 3577 693 3644 δὴ
710 3575 802 3628 τὸν
832 3574 991 3644 λόγον
1019 3574 1077 3627 αἱ
1108 3571 1286 3645 χῶραι
1322 3576 1381 3627 ἐν
1404 3573 1495 3638 αἷς
1522 3574 1891 3649 κατεϐέϐλητο
1920 3577 1988 3631 τά

402 3670 720 3739 σπέρματα,
756 3668 811 3720 αί
849 3667 1071 3737 νομικαὶ
1099 3667 1193 3719 καὶ
1233 3665 1566 3737 προφητικαί
1600 3668 1707 3721 εἰσι
1749 3669 1983 3740 Γραφαὶ,

398 3761 601 3824 αἵτινες
626 3760 725 3813 οὑκ
753 3755 895 3831 ἦσαν
923 3759 1116 3813 λευκαὶ
1143 3758 1223 3830 τῷ
1243 3758 1342 3830 τήν
1375 3760 1680 3830 παρουσίαν
1700 3760 1795 3813 τοῦ
1811 3761 1984 3829 Λόγου

401 3853 478 3925 μὴ
503 3852 881 3925 κεχωρηκέναι
911 3850 1024 3921 (88)
1044 3868 1056 3880 ·
1098 3851 1339 3917 γίνονται
1367 3850 1425 3904 δὲ
1458 3850 1705 3904 τοιαῦται
1728 3854 1841 3915 τοῖς
1876 3870 1982 3923 μα-

398 3945 778 4017 θητευομένοις
799 3943 877 4015 τῷ
906 3943 1020 4015 Υἰῷ
1046 3943 1138 3996 τοῦ
1183 3942 1350 4006 Θεοῦ,
1396 3944 1492 3997 καὶ
1525 3944 1867 4016 πειθομένοις
1901 3945 1986 3999 λέ-

397 4056 547 4108 γοντι
570 4056 584 4069 ο
620 4058 638 4090 ι
664 4038 937 4109 Ἐπάρατε
968 4038 1094 4100 τοὺς
1120 4035 1434 4107 ὀφθαλμοὺς
1461 4036 1637 4107 ὑμῶν,
1663 4038 1759 4091 καὶ
1786 4037 1986 4091 θεάσα-

400 4133 491 4187 σθε
523 4132 624 4197 τάς
658 4130 865 4203 χώρας,
884 4131 967 4184 ὃτι
996 4128 1185 4183 λευκαί
1213 4131 1319 4182 είσι
1351 4129 1487 4200 πρὸς
1518 4127 1781 4199 θερισμὸν
1805 4130 1928 4201 ήδη.
1961 4150 1980 4183 ι

409 4226 495 4290 Ὠς
520 4227 734 4297 γνήσιοι
762 4225 942 4277 τοίνυν
979 4224 1075 4277 καὶ
1121 4224 1281 4294 ἡμεῖς
1308 4221 1548 4293 Χριστοῦ
1581 4221 1821 4293 μαθηταὶ
1850 4223 1986 4277 ἐπά-

399 4335 579 4390 ρωμεν
615 4319 741 4379 τοὺς
772 4316 1084 4388 ὀφθαλμοὺς
1103 4355 1117 4379 ,
1153 4316 1249 4369 καὶ
1288 4316 1386 4378 τὰς
1416 4313 1601 4386 χώρας
1632 4316 1985 4391 ἐσπαρμένας

396 4412 502 4465 ὑπὸ
545 4411 823 4474 Μωῦσέως
868 4410 962 4464 καὶ
995 4409 1102 4462 τῶν
1153 4408 1447 4482 προφητῶν
1491 4407 1852 4480 θεασώμεθα,
1896 4410 1984 4464 ἴνα

396 4504 595 4575 ἴδωμεν
623 4503 719 4572 τὴν
761 4502 1060 4572 λευκότητα
1089 4501 1267 4555 αὑτῶν
1286 4540 1301 4563 ,
1344 4501 1440 4553 καὶ
1487 4498 1610 4553 τίνα
1652 4501 1853 4573 τρόπον
1878 4502 1980 4574 ήδη
2012 4494 2059 4549 D

394 4597 606 4670 θερίσαι
644 4594 704 4649 ἕσ
743 4611 787 4651 ιν
832 4595 1002 4657 αὑτάς
1039 4593 1135 4647 καὶ
1179 4590 1403 4657 συνάξαι
1441 4592 1533 4645 τὸν
1564 4592 1775 4664 καρπὸν
1800 4593 1980 4647 αὑτῶν

393 4695 473 4755 εξς
494 4690 641 4764 ζωὴν
674 4688 889 4744 αἰώνιον
918 4687 1029 4760 (89)
1054 4727 1068 4750 ,
1105 4685 1244 4758 μετά
1267 4684 1360 4739 τοῦ
1386 4686 1481 4739 καὶ
1517 4685 1710 4757 μισθὸν
1737 4686 1981 4751 ἐλπίζειν

392 4785 685 4841 ἀπολαϐεῖν
717 4784 825 4837 ἀπὸ
856 4780 950 4835 τοῦ
981 4779 1185 4853 Κυρίου
1216 4778 1326 4833 τῶν
1354 4778 1557 4850 κωμῶν
1575 4819 1591 4842 ,
1619 4779 1714 4833 καὶ
1742 4778 1979 4851 χορηγοῦ

392 4879 500 4934 τῶν
563 4877 892 4950 σπερμάτων
938 4872 1071 4946 (90).
1106 4872 1209 4927 Τὸν
1256 4872 1359 4944 μὲν
1405 4868 1500 4925 οῦν
1549 4871 1640 4925 τὸν
1687 4872 1980 4945 σπείροντα

391 4970 550 5043 ὁμοῦ,
588 4970 682 5024 καὶ
713 4969 804 5023 τὸν
832 4967 1112 5039 θερίζοντα
1138 4966 1368 5039 χαίρειν,
1420 4966 1511 5018 ὅτε
1549 4964 1761 5037 ἀπέδρα
1792 4966 1975 5038 ὀδύνη,

391 5067 487 5121 καὶ
518 5063 683 5135 λύπη,
712 5064 805 5117 καὶ
831 5059 1153 5132 στεναγμὸς,
1180 5061 1238 5111 ἐν
1263 5057 1344 5130 τῷ
1377 5058 1624 5130 μέλλοντι
1659 5058 1841 5121 αίῶνι,
1869 5061 1978 5125 πᾶς

390 5155 639 5212 ὁστισοῦν
664 5155 990 5227 ὁμολογήσει
1033 5151 1141 5205 τῶν
1180 5151 1584 5220 ἀνεγνωκότων,
1619 5150 1701 5203 ὅτι
1733 5168 1752 5201 ι
1794 5150 1980 5204 πολλοὶ

457 5321 504 5355 ⁸⁸
529 5318 550 5373 ι
578 5318 705 5374 Cor.
736 5333 789 5383 κ,
820 5316 905 5371 ll.
981 5312 1072 5366 “I
1106 5313 1253 5368 Petr.
1289 5328 1328 5375 ι,
1357 5312 1446 5405 29.
1524 5312 1569 5345 ’⁷
1595 5312 1793 5382 Ephes.
1830 5328 1914 5379 ιιι,
1947 5315 2003 5370 5.

462 5466 575 5541 (86)
609 5464 884 5541 Λογικοξς
916 5461 1395 5541 ὃ-σπρρμασςιιιιει
1427 5463 1629 5541 optime
1650 5464 1818 5519 codex
1837 5460 1975 5520 Bod-

391 5532 603 5595 leianus
626 5579 641 5601 ,
666 5532 806 5591 male
835 5535 1032 5604 Regius
1057 5533 1266 5604 λογικοξι
1284 5532 1321 5604 νδ
1348 5532 1649 5604 σπέρμασι.

462 5609 584 5680 (87)
612 5609 716 5680 Ἐν
746 5605 826 5672 τῷ
855 5603 1210 5680 ἐπιλάμψαι.
1349 5601 1510 5680 habet
1534 5606 1704 5658 codex
1727 5602 1976 5660 Bodleia-

390 5671 526 5742 nus;
555 5677 761 5748 Regius
796 5671 948 5748 gero,
982 5671 1143 5748 male:
1172 5671 1509 5748 ἐπέλαμψεν.

462 5750 577 5819 (88)
603 5742 772 5819 Codd.
804 5745 1002 5819 Regius
1027 5753 1083 5798 et
1105 5742 1458 5819 Barherinus,
1482 5743 1597 5819 τος
1625 5742 1732 5819 τὴν.
1764 5758 1975 5813 παρου-

401 5811 515 5879 σίαν
545 5811 641 5874 τοῦ
671 5816 847 5887 Λόγου
874 5811 950 5889 μὴ
982 5813 1365 5887 κεχωρηκόσι,
1405 5814 1501 5871 sed
1551 5811 1880 5870 Bodleianus
1916 5822 1978 5869 ut

2092 3311 2188 3367 per
2207 3297 2620 3361 revelationem,
2640 3307 2696 3351 et
2715 3315 2734 3347 ι
2770 3310 2868 3365 per
2895 3296 3213 3365 Scripturas
3248 3300 3621 3367 propheticas,
3653 3320 3676 3354 ι

2090 3401 2255 3459 atque
2280 3405 2377 3458 per
2413 3389 2706 3444 adventum
2741 3388 2953 3442 Domini
2988 3390 3157 3443 nostri
3181 3387 3309 3444 Jesu
3333 3389 3573 3446 Christi:
3598 3393 3681 3447 in-

2090 3485 2268 3537 notuit
2292 3482 2373 3546 9';
2404 3501 2423 3532 ι
2456 3483 2676 3550 quando
2707 3481 2798 3535 lux
2847 3481 2938 3534 illa
2968 3496 3098 3536 vera
3127 3482 3379 3552 regiones
3402 3482 3551 3551 fecit,
3575 3485 3681 3540 illis

2092 3576 2471 3636 illucescendo,
2490 3575 2602 3644 jam
2639 3573 2791 3629 albas
2820 3588 2942 3627 esse
2984 3573 3051 3627 ad
3079 3588 3334 3628 messem.
3367 3574 3681 3630 Secundum

2091 3672 2231 3724 hanc
2265 3669 2428 3739 igitur
2470 3670 2756 3729 rationem,
2793 3669 3045 3737 regiones
3082 3669 3137 3722 in
3181 3669 3379 3737 quibus
3431 3669 3680 3738 conjecta

2090 3762 2241 3816 fuere
2267 3761 2497 3823 semina.
2537 3760 2674 3830 legis
2698 3775 2761 3814 ac
2784 3762 3177 3829 prophetarum
3201 3772 3328 3815 sunt
3355 3763 3678 3832 Scriptum,

2087 3871 2209 3925 quae
2241 3854 2378 3908 alba:
2405 3868 2510 3907 non
2543 3864 2721 3919 erant,
2746 3853 2891 3922 quod
2928 3869 3034 3907 non
3076 3854 3409 3923 recepissent
3438 3870 3677 3922 praesen-

2091 3954 2220 4003 tiam
2254 3956 2309 4002 et
2347 3948 2636 3999 adventum
2671 3945 2957 4000 Sermonis
2982 3943 3131 4017 [Filii
3161 3944 3255 3999 Dei
3288 3945 3348 4017 ]:
3376 3946 3510 4001 tales
3551 3964 3680 4002 vero

2088 4043 2223 4093 linnt
2260 4039 2344 4093 his
2378 4038 2470 4108 qui
2503 4039 2681 4091 edocti
2731 4038 2936 4092 fuerint
2969 4054 2999 4092 a
3029 4036 3172 4093 Filio
3207 4038 3324 4104 Dei,
3357 4040 3557 4110 quique
3599 4040 3677 4095 illi

2086 4135 2367 4205 pawerint
2399 4135 2600 4190 dicenti
2631 4150 2646 4188 :
2693 4152 2713 4186 ι
2750 4134 2998 4189 Attollite
3029 4133 3219 4190 oculos
3247 4144 3477 4200 vestros,
3516 4147 3572 4191 et
3599 4138 3675 4191 vi-

2086 4228 2209 4281 dete
2232 4228 2485 4296 regiones
2507 4227 2619 4297 jam
2645 4227 2803 4284 albas
2841 4243 2961 4284 esse
3002 4230 3069 4282 ad
3101 4243 3335 4284 messem
3360 4231 3428 4284 ³³.
3453 4249 3472 4282 ι
3502 4230 3675 4286 Attol-

2086 4318 2262 4376 lamus
2290 4321 2458 4391 igitur
2489 4322 2652 4375 etiam
2694 4336 2823 4387 nos,
2855 4338 2954 4377 ceu
2986 4322 3234 4392 germani
3268 4322 3469 4377 Christi
3515 4323 3674 4379 disci-

2086 4411 2218 4481 puli,
2259 4412 2467 4473 oculos,
2494 4422 2551 4468 et
2602 4414 2857 4485 regiones
2890 4428 2921 4467 a
2959 4412 3146 4485 Moyse
3190 4414 3517 4483 czeterisque
3551 4431 3687 4483 pro-

2087 4504 2266 4572 phetis
2300 4506 2597 4561 semiustas
2638 4508 2967 4572 intueamur,
3015 4518 3073 4561 ut
3103 4507 3387 4562 videamus
3437 4509 3674 4576 ipSarunt

2087 4597 2424 4664 albedinem;
2452 4612 2561 4665 quo
2603 4596 2771 4652 etiam
2797 4598 2956 4651 modo
2971 4596 3084 4665 jam
3121 4610 3215 4652 eas
3251 4607 3457 4652 metere
3486 4596 3672 4662 libeat,

2087 4696 2144 4742 et
2172 4701 2508 4758 congregare
2531 4687 2770 4757 ipsarum
2802 4686 3042 4741 fructum
3086 4689 3137 4741 in
3173 4688 3342 4741 vitam
3373 4695 3673 4755 aeternam;

2086 4789 2370 4849 sperantes
2407 4781 2572 4834 etiam
2618 4780 2923 4834 mercedem
2958 4780 3207 4848 accipere
3253 4795 3282 4832 a
3323 4778 3554 4833 Domino
3588 4782 3672 4833 vis

2085 4890 2275 4929 corum
2325 4884 2380 4929 et
2426 4873 2688 4942 largitore
2729 4873 3022 4927 seminum.
3073 4873 3259 4941 Itaque
3306 4872 3670 4926 seminantem

2077 4967 2243 5023 simul
2284 4977 2339 5021 et
2384 4965 2552 5037 258
2588 4974 2878 5021 metentem
2924 4965 3186 5034 gaudere,
3220 4981 3344 5018 cum
3400 4963 3671 5031 aufugerit

2076 5062 2233 5117 dolor
2261 5067 2318 5114 et
2347 5073 2572 5126 mceror,
2611 5068 2666 5113 et
2695 5056 3020 5127 suspirium,
3061 5056 3113 5108 in
3139 5054 3323 5109 futuro
3346 5054 3567 5117 steculo,
3591 5055 3670 5107 fa.

2079 5152 2281 5207 tebitur
2310 5149 2826 5221 quidem,qnisquis
2860 5147 3057 5217 legerit
3095 5147 3360 5213 futurum,
3383 5157 3482 5201 utr
3515 5145 3668 5200 tnulti

2077 5314 2124 5346 ³⁸
2147 5312 2306 5368 Rom.
2345 5327 2459 5374 xvi,
2489 5308 2582 5373 25,
2628 5309 2719 5364 9.6.
2793 5309 2841 5342 ⁹⁹
2864 5308 3025 5365 Joan.
3080 5324 3154 5375 tv,
3186 5308 3278 5366 35.

2086 5466 2140 5519 in
2174 5473 2359 5517 nostro
2388 5469 2565 5517 textu.

2152 5533 2268 5599 (89)
2291 5533 2462 5588 Codd.
2502 5533 2704 5599 Regius
2729 5543 2786 5587 et
2810 5532 3167 5593 Barberinus,
3197 5531 3363 5585 αὑτὸν
3379 5530 3470 5585 καὶ
3505 5532 3645 5588 συνά

2082 5620 2199 5672 γειν
2233 5604 2444 5675 καρπὸν
2474 5605 2552 5667 είς
2576 5601 2720 5675 ζωὴν
2754 5602 2991 5675 αἰώνιον,
3011 5601 3339 5657 Bodleianus
3369 5614 3551 5658 autem
3583 5605 3660 5658 le-

2084 5673 2323 5728 ctionem
2347 5675 2518 5727 nostri
2550 5673 2734 5727 textus
2767 5673 3007 5728 exhibet.

2158 5743 2274 5814 (90)
2323 5741 2503 5797 Codex
2559 5743 2906 5814 Ilodleianns,
2953 5742 3178 5814 optime,
3236 5742 3476 5814 χορηγοῦ
3529 5743 3661 5809 τῶν,

2084 5810 2228 5872 male
2248 5812 2449 5886 Regius
2470 5824 2526 5871 et
2555 5813 2912 5879 Barberittus,
2937 5810 3337 5884 χορηγούντων.
