4170 6396
473 319 581 376 485

1964 317 2278 376 ORIGENIS

3649 321 3750 378 ‘8‘

475 441 543 494 ab
564 435 786 494 Oriente
813 444 868 489 et
898 431 1192 490 Occidente
1216 433 1471 496 veniant,
1499 439 1553 487 et
1584 431 1906 488 accumbam
1934 450 2054 490 cum

2160 437 2255 490 ἀπ’
2279 435 2552 490 ἀνατολῶν
2581 435 2674 490 καὶ
2700 436 2921 506 δυσμῶν
2948 437 3138 509 ἥξουσι
3167 438 3261 492 καὶ
3289 438 3746 512 ἀνακλιθήσονται

472 529 770 591 Abraham,
791 533 846 580 et
875 524 1051 589 Isaac,
1081 531 1138 578 et
1163 521 1332 579 Jacob
1374 523 1430 578 in
1469 539 1637 593 regno
1676 525 1940 580 caelorum
1961 527 2002 579 ί.
2031 545 2050 578 ι

472 617 593 673 Jam
618 632 746 672 vero
784 629 1000 670 omnem
1043 613 1406 668 seminantem
1453 629 1576 668 cum
1622 616 1773 670 omni
1823 623 2057 672 meteute

473 713 710 781 gaudere
738 708 782 764 si
810 722 932 776 quis
967 707 1205 776 ambigat
1237 707 1552 769 admittere,
1582 709 1890 762 consideret
1911 709 2054 777 quod

473 802 660 870 aliquo
689 799 848 853 modo
877 797 1068 851 messis
1111 795 1212 849 fuit
1239 796 1649 852 translormatio
1673 796 1821 863 Jesu,
1849 801 1940 868 qui
1976 799 2058 852 vi-

472 912 568 951 sus
597 903 681 950 est
711 894 765 948 in
799 892 990 962 gloria,
1030 906 1136 944 non
1181 891 1356 946 solum
1396 893 1724 947 metentibus
1750 891 1932 957 Petro,
1959 892 2056 947 Ja-

471 989 610 1042 cobo
638 995 694 1040 et
714 985 928 1048 Joanni,
957 983 1046 1051 qui
1097 997 1217 1036 cum
1251 983 1368 1051 ipso
1403 983 1836 1048 ascenderant’,
1871 999 2054 1040 verum

470 1079 637 1135 etiam
667 1075 1090 1133 seminatoribus
1123 1075 1260 1130 Mosi
1293 1083 1348 1130 et
1382 1075 1549 1129 Elim:
1591 1092 1716 1130 cum
1750 1077 1882 1146 ipsis
1911 1079 2054 1133 enim

470 1171 677 1242 pariter
702 1169 962 1240 gaudent,
992 1167 1246 1222 videntes
1273 1166 1512 1238 gloriam.
1532 1167 1654 1222 Filii
1689 1167 1805 1233 Dei,
1837 1185 1997 1239 quam
2025 1186 2054 1225 a

471 1262 632 1318 Patre
667 1261 990 1315 illustratam
1014 1299 1030 1323 ,
1067 1259 1542 1328 illustrantemque
1580 1259 1854 1325 videntes,
1897 1271 2057 1316 antea

473 1367 580 1409 non
609 1352 861 1408 viderant
906 1348 1085 1404 Moses
1111 1357 1167 1402 et
1196 1348 1365 1413 Elias,
1399 1357 1456 1400 ut
1498 1364 1644 1404 nunc
1671 1351 1856 1406 vident
1897 1353 2056 1406 simul

471 1457 595 1498 cum
626 1443 832 1499 sanctis
853 1441 1130 1512 apostolis.
1154 1439 1388 1496 Perinde
1414 1450 1617 1505 autem,
1647 1443 1805 1510 quasi
1836 1445 2056 1497 univer-

471 1535 587 1591 sale
617 1535 692 1589 sit
727 1535 830 1589 hoc
873 1535 1110 1602 dictum,
1141 1534 1410 1589 sumimus
1454 1551 1470 1588 :
1513 1553 1532 1586 ι
1585 1532 1680 1588 Ille
1719 1535 1811 1604 qui
1858 1535 2054 1600 metit,

477 1627 782 1682 mercedem
831 1625 1066 1695 accipit,
1100 1633 1159 1680 et
1191 1634 1486 1696 congregat
1533 1623 1772 1679 fructum
1806 1625 1857 1678 in
1888 1625 2054 1678 vitam

470 1726 768 1780 aeternam;
799 1724 856 1769 ut
884 1715 979 1785 qui
1006 1715 1242 1770 seminat
1267 1715 1426 1769 simul
1455 1716 1710 1787 gaudeat,
1744 1724 1797 1770 et
1816 1715 1908 1784 qui
1941 1731 2058 1770 me-

474 1809 538 1864 tit
559 1809 602 1874 ³,
651 1826 668 1860 ι
709 1822 776 1862 eo
804 1807 948 1874 quod
977 1807 1027 1862 in
1061 1809 1416 1878 sequentibus
1443 1809 1626 1878 plures
1654 1807 1906 1860 dicantur
1934 1821 2055 1862 esse
2086 1791 2130 1850 Β

470 1901 560 1970 qui
597 1909 831 1964 metunt,
871 1907 933 1954 et.
975 1899 1166 1968 plures
1209 1899 1307 1969 qui
1345 1899 1740 1964 laboraverint,
1795 1898 2052 1954 nimirum

471 1993 526 2048 in
553 1991 887 2046 seminando.
921 1990 1130 2046 Dicitur
1177 1993 1322 2046 enim
1363 1991 1532 2046 veluti
1579 1991 1646 2044 ad
1684 1989 1882 2044 multos
1911 2004 2056 2044 mes-

469 2100 622 2140 sores
653 2102 667 2138 :
699 2102 718 2135 ‹
749 2083 860 2154 Ego
884 2083 1005 2138 misi
1034 2098 1132 2138 vos
1177 2083 1243 2138 ad
1281 2082 1618 2146 metendum,
1647 2081 1796 2151 quod
1821 2096 1917 2138 vos
1949 2098 2053 2135 non

469 2177 760 2233 laborastis
783 2179 825 2241 δ;
855 2195 874 2228 ι
895 2185 948 2231 et
977 2175 1132 2246 quasi
1160 2174 1316 2230 multi
1346 2175 1454 2229 sint
1474 2173 1565 2243 qui
1598 2173 1652 2226 in
1683 2173 1890 2229 semine
1916 2173 2059 2229 labo-

470 2268 748 2334 raverint,
782 2265 1042 2322 similiter
1083 2265 1320 2320 dicitur:
1353 2283 1372 2316 ι
1408 2264 1514 2319 Alii
1550 2264 1956 2329 laboraverunt,
2001 2272 2057 2318 et

467 2376 566 2417 vos
591 2361 646 2415 in
690 2359 931 2415 laborem
963 2373 1154 2415 eorum
1192 2356 1462 2412 introistis
1487 2357 1532 2411 ⁸.
1568 2373 1588 2408 ι
1616 2355 1858 2412 Proinde
1888 2356 2058 2426 aequi-

466 2455 614 2508 valet
642 2451 938 2508 universali
981 2451 1100 2506 hac
1129 2447 1480 2520 propositio:
1524 2463 1546 2499 ι
1587 2447 1680 2504 Ille
1722 2447 1815 2518 qni
1860 2448 2052 2512 metit,

468 2545 775 2602 mercedem
824 2541 1024 2614 accipit
1061 2559 1076 2609 ;
1115 2559 1134 2593 ι
1175 2550 1230 2596 et
1285 2555 1480 2595 sensus
1533 2541 1660 2596 talis
1698 2551 1782 2595 est
1817 2555 1829 2592 :
1865 2539 2054 2596 Omnis

474 2656 495 2689 ι
537 2638 628 2708 qui
683 2637 862 2695 metit.
894 2634 1204 2692 mercedem
1249 2634 1472 2704 accipit,
1513 2642 1569 2690 et
1602 2643 1898 2704 congregat
1939 2632 2057 2688 fru-

467 2739 613 2782 ctum
647 2729 700 2782 in
730 2728 895 2782 vitam
929 2737 1214 2792 aeternam,
1251 2737 1310 2780 ut
1343 2745 1362 2779 ι
1399 2726 1580 2782 omnis
1618 2743 1636 2776 ι
1666 2726 1759 2796 qui
1797 2725 2050 2792 seminat,

467 2817 628 2873 simul
657 2819 908 2887 gaudeat,
949 2827 1005 2873 et
1043 2836 1062 2870 ι
1095 2817 1278 2873 omnis
1311 2833 1332 2870 ι
1393 2817 1484 2888 qui
1527 2817 1702 2873 metit.
1743 2835 1763 2868 ι
1802 2815 1928 2872 Haec
1959 2833 2056 2872 au-

468 2920 578 2964 tem
601 2910 766 2980 aliqui
798 2909 1018 2980 quidem
1038 2917 1286 2980 prompte
1315 2910 1626 2975 admittent,
1646 2925 1750 2964 non
1775 2908 2055 2980 ambigen-

468 3012 552 3058 tes
587 3001 718 3071 quin
769 2999 1118 3057 manifestata
1171 3003 1283 3056 sint
1322 3001 1528 3056 sanctis
1565 3000 1827 3071 apostolis
1860 3000 1916 3056 in
1953 2999 2055 3056 ad-

2163 529 2300 600 μετά
2344 529 2596 601 ’Λϐραάμ
2616 570 2631 595 ,
2666 531 2760 582 καὶ
2803 530 3019 595 Ἰσαὰκ,
3050 531 3146 584 καὶ
3185 530 3380 584 Ἰακὼϐ
3411 533 3470 584 ἐν
3495 535 3563 604 τῇ
3587 531 3743 603 βασι-

2157 621 2279 692 λείςι⁴
2321 621 2429 674 τῶν
2458 621 2721 693 οὐρανῶν.
2759 641 2777 673 ι
2811 623 2882 675 Τὸ
2923 623 2980 676 δὲ
3007 625 3101 677 καὶ
3140 623 3239 695 ήδη
3267 623 3442 677 πάντα
3471 623 3562 678 τὸν
3591 623 3748 677 σπεί-

2162 731 2320 784 ροντι
2357 714 2492 784 μετά
2522 713 2723 777 παντὸς
2753 714 2848 768 τοῦ
2893 714 3200 787 θερίζοντος
3231 716 3441 788 χαίρειν
3478 715 3636 780 εἴτις
3667 715 3748 770 δι-

2159 805 2346 869 στάζει
2376 805 2798 876 παραδέξασθαι,
2823 809 3091 878 νοησάτω,
3125 809 3208 862 ὅτι
3237 809 3497 880 θερισμός
3531 826 3649 873 πως
3674 801 3749 881 ἦν

2158 915 2241 961 τις
2291 899 2324 968 ή
2367 898 2790 968 μεταμόρφωσις
2832 897 3008 970 Ἰησοῦ
3043 901 3100 954 ἐν
3128 899 3253 971 δόξῃ
3301 899 3652 971 φαινομένου,
3681 897 3744 952 οὐ

2161 991 2321 1063 μόνον
2352 993 2466 1054 τοῖς
2491 991 2764 1062 θερισταῖς
2796 991 2988 1064 Πέτρῳ
3011 1032 3028 1056 ,
3064 993 3160 1046 καὶ
3201 992 3463 1064 Ἰακώϐῳ,
3497 994 3593 1048 καὶ
3633 994 3748 1047 Ἰω-

2159 1083 2314 1153 άννῃ,
2339 1084 2452 1145 τοῖς
2486 1083 2844 1136 συναναϐᾶσιν
2865 1083 3034 1155 αὐτῷ,
3067 1082 3205 1138 ἀλλά
3227 1084 3321 1137 καὶ
3353 1087 3467 1149 τοῖς
3491 1085 3746 1156 σπείρασι

2158 1178 2328 1248 Μωσῇ
2363 1178 2458 1230 καὶ
2490 1175 2645 1247 Ἠλίᾳ
2667 1193 2680 1204 ·
2713 1176 2830 1246 ἅμα
2850 1175 2958 1246 γάρ
2983 1177 3168 1239 αὐτοῖς
3188 1177 3487 1248 χαίρουσιν,
3511 1176 3750 1244 ὁρῶντες

2157 1270 2256 1342 τὴν
2284 1269 2441 1333 δόξαν
2473 1267 2570 1321 τοῦ
2601 1268 2730 1322 1⁸ἱοῦ
2757 1268 2915 1331 Θεοῦ,
2940 1269 3128 1340 ἥντινα
3158 1271 3252 1323 ἐπὶ
3278 1270 3530 1323 τοσοῦτον
3557 1287 3747 1340 πεφω-

2156 1361 2416 1431 τισμένην
2435 1361 2542 1415 ὑπὸ
2561 1360 2653 1414 τοῦ
2678 1362 2910 1432 Πατρὸς,
2935 1362 3028 1414 καὶ
3061 1361 3398 1431 φωτίζουσαν
3426 1363 3552 1427 τοὺς
3575 1363 3748 1436 ὁρῶν-

2157 1470 2276 1516 τας,
2314 1453 2576 1526 πρότερον
2615 1453 2714 1522 οὐχ
2748 1452 2980 1522 ἐωράκει
3017 1453 3224 1523 Μωσῆς
3247 1493 3262 1516 ,
3294 1453 3391 1508 καὶ
3436 1453 3642 1522 Ἠλίας,
3670 1454 3749 1518 t'o;

2157 1543 2253 1599 νῦν
2280 1544 2511 1598 θεῶνται
2548 1546 2665 1616 ἅμα
2697 1547 2809 1608 τοῖς
2852 1545 3028 1612 ἁγίοις
3076 1544 3416 1610 ἀποστόλοις.
3457 1545 3545 1610 Ὠς
3585 1545 3749 1602 καθο-

2157 1635 2293 1706 λικῷ
2317 1635 2376 1690 δὲ
2410 1637 2522 1690 ἴσον
2549 1635 2845 1706 δυνάμενον
2873 1635 3222 1706 λαμϐάνομεν
3249 1636 3310 1688 τό
3333 1651 3348 1668 ο
3388 1655 3406 1687 ι
3427 1637 3486 1690 Ὀ
3515 1636 3749 1709 θερίζων

2160 1729 2351 1798 μισθὸν
2373 1728 2639 1798 λαμϐάνει
2659 1768 2673 1791 ,
2709 1728 2804 1781 καὶ
2849 1727 3072 1794 συνάγει
3103 1727 3312 1799 καρπὸν
3340 1729 3420 1793 εἰς
3444 1727 3589 1800 ζωὴν
3619 1727 3748 1784 αἰώ-

2156 1837 2286 1883 νιον,
2319 1820 2404 1872 ἵνα
2432 1822 2460 1872 ὁ
2490 1819 2728 1889 σπείρων
2760 1817 2896 1889 ὁμοῦ
2927 1819 3114 1890 χαίρῃ,
3146 1821 3288 1873 καὶὸ
3316 1817 3569 1890 θερίζων,
3605 1839 3624 1872 ι
3657 1821 3746 1875 διὰ

2155 1911 2216 1964 τὸ
2247 1913 2304 1965 ἐν
2329 1915 2442 1976 τοῖς
2462 1910 2590 1981 ἑξῆς
2624 1910 2874 1976 πλείονας
2898 1911 3154 1980 λέγεσθαι
3180 1914 3305 1976 τοὺς
3339 1913 3620 1984 θεριστὰς,
3649 1915 3746 1968 καὶ

2155 2003 2410 2068 πλείονας
2436 2006 2562 2064 τοὺς
2588 2003 3005 2068 κεκοπιακότας,
3032 2003 3276 2075 δηλονότι
3305 2005 3387 2069 είς
3407 2003 3472 2058 τὺ
3502 2007 3742 2075 σπεῖραι.

2155 2095 2388 2164 Λέγεται
2421 2095 2532 2166 γὰρ
2569 2094 2646 2158 ὡς
2678 2094 2816 2166 πρὸς
2849 2094 3078 2158 πολλοὺς
3122 2095 3380 2167 θεριστάς
3421 2095 3482 2149 τό
3505 2112 3520 2126 °
3563 2115 3581 2146 ι
3605 2093 3746 2163 Ἐγὼ

2155 2186 2448 2240 ἀπέστειλα
2477 2187 2620 2256 ὑμᾶς
2645 2186 2881 2258 θερίζειν
2908 2185 2937 2239 ὅ
2967 2189 3067 2258 οὐχ
3097 2187 3257 2259 ὑμεῖς
3285 2186 3688 2242 κεκοπιάκατε·
3718 2207 3739 2242 ι

2155 2278 2248 2331 καὶ
2277 2279 2352 2341 ὡς
2379 2277 2587 2331 πολλῶν
2613 2281 2670 2331 ἐν
2692 2277 2770 2349 τῷ
2797 2277 2983 2350 σπόρῳ
3017 2277 3377 2350 κεκμηκότων
3406 2277 3466 2332 τό
3485 2294 3498 2308 '
3533 2297 3552 2330 ι
3568 2276 3744 2333 Ἄλλοι

2154 2368 2538 2432 κεκοπιάκασι,
2582 2370 2675 2423 καὶ
2703 2369 2862 2440 ὑμεῖς
2885 2371 2965 2434 εἰς
3005 2370 3097 2422 τὸν
3136 2369 3305 2423 κόπον
3329 2369 3510 2424 αὐτῶν
3533 2368 3744 2439 εἰσελη-

2153 2458 2370 2513 λύθατε.
2426 2479 2445 2510 ι
2483 2461 2625 2512 Ἴσον
2673 2459 2730 2513 δὲ
2767 2459 2992 2514 δύναται
3029 2457 3108 2530 τῷ
3146 2459 3418 2530 καθολικῷ
3456 2457 3608 2530 (91)
3644 2458 3742 2512 τό⁶

2159 2568 2178 2601 ι
2202 2550 2259 2602 'O
2293 2547 2522 2620 θερίζων
2563 2549 2754 2620 μισθὸν
2791 2550 3082 2622 λαμϐάνει,
3124 2569 3143 2601 ι
3183 2551 3278 2604 καὶ
3309 2551 3370 2602 τὸ
3407 2550 3537 2621 ea;
3567 2547 3744 2604 τοιοῦ-

2153 2657 2244 2694 τον
2292 2657 2306 2672 ο
2351 2659 2370 2692 ι
2412 2641 2529 2704 Πᾶς
2561 2643 2590 2694 ὁ
2623 2641 2852 2714 θερίζων
2888 2642 3078 2713 μισθὸν
3111 2641 3401 2714 λαμϐάνει,
3453 2642 3548 2696 καὶ
3610 2659 3740 2695 συν-

2163 2732 2290 2801 άγει
2355 2732 2566 2805 καρπὸν
2604 2734 2684 2796 είς
2722 2731 2865 2802 ζωὴν
2904 2729 3142 2796 αἰώνιον,
3167 2731 3256 2785 ἵνα
3295 2731 3403 2794 πᾶς
3436 2731 3466 2785 ὁ
3505 2729 3743 2802 σπείρων

2151 2821 2287 2894 ὁμοῦ
2321 2824 2510 2896 χαίρῃ,
2549 2822 2644 2876 καὶ
2683 2823 2791 2886 πᾶς
2823 2823 2852 2875 ὁ
2889 2819 3141 2892 θερίζων.
3179 2838 3200 2872 ι
3243 2818 3429 2872 Ταῦτα
3463 2819 3522 2872 δέ
3554 2819 3606 2873 οί
3643 2818 3742 2888 μέν

2152 2931 2296 2977 τινες
2337 2914 2484 2986 (92)
2523 2912 2755 2984 ἑτοίμως
2805 2911 3199 2984 παραδέξονται
3224 2950 3240 2974 ,
3280 2911 3357 2984 μὴ
3400 2910 3742 2975 διστάζοντες

2152 3004 2282 3078 περὶ
2307 3001 2402 3056 τοῦ
2433 3003 2502 3058 τὰ
2534 3001 3010 3072 ἀποκεκρυμμένα
3040 3003 3162 3065 ταῖς
3191 2999 3361 3056 πάλαι
3393 3001 3610 3068 γενεαῖς
3647 2999 3742 3052 καὶ

465 3101 631 3146 ventu
653 3091 858 3147 Christi
891 3092 984 3162 qui
1006 3091 1089 3147 eis
1118 3091 1411 3146 illustravit
1446 3106 1668 3146 omnem
1713 3091 2050 3162 Scripturam

2155 3094 2303 3166 αὐτῷ
2331 3097 2540 3157 Μωσεῖ,
2574 3095 2804 3158 καὶτοῖς
2829 3094 3138 3168 προφήταις
3177 3093 3597 3168 πεφανερῶσθαι
3629 3087 3741 3156 τοῖς

466 3181 588 3238 luce
610 3182 960 3250 cognitionis,
985 3196 1104 3252 qua:
1138 3181 1410 3236 occultata
1434 3179 1656 3236 fuerant
1691 3181 1932 3248 antiquis
1960 3194 2054 3249 ge-

465 3275 862 3340 nerationibus,
897 3289 963 3328 ac
996 3275 1098 3344 ipsi
1145 3273 1278 3329 Mosi
1314 3283 1370 3328 et
1419 3272 1703 3342 prophetis
1735 3291 1750 3325 :
1783 3271 1874 3326 alii
1925 3285 2054 3325 vero

465 3366 799 3420 verebuntur
835 3365 1150 3428 admittere,
1181 3381 1285 3419 non
1332 3365 1600 3419 audentes
1648 3362 1832 3418 dicere
1868 3359 2054 3415 Mosen

463 3457 639 3511 virum
685 3466 920 3522 tantum,
955 3467 1011 3513 et
1045 3455 1364 3526 prophetas,
1401 3455 1582 3511 adhuc
1609 3463 1836 3527 agentes
1867 3453 1925 3508 in
1956 3452 2057 3507 hu-

464 3549 665 3616 manis,
699 3564 808 3604 non
845 3558 1128 3606 assecutos
1153 3547 1321 3604 fuisse
1351 3563 1472 3617 quae
1499 3547 1732 3618 apostoli
1764 3545 2057 3602 intellexis-

466 3653 614 3698 sent:
658 3642 958 3710 praesertim
1005 3657 1130 3696 cum
1162 3643 1279 3696 haec
1313 3641 1369 3694 in
1406 3638 1710 3711 Scripturis
1740 3638 1851 3694 sint
1890 3637 2054 3692 semi-

465 3741 614 3800 nata,
651 3749 789 3802 quas
835 3735 953 3803 ipse
999 3733 1174 3790 Moses
1213 3749 1279 3789 ac
1318 3733 1602 3804 propheta:
1633 3731 2052 3786 administrave-

463 3827 596 3884 rint.
655 3824 764 3882 Sed
812 3827 888 3882 illi
928 3827 1090 3898 primi
1143 3828 1247 3882 hoc
1301 3826 1453 3882 dicto
1503 3834 1776 3881 utentur:
1831 3841 1851 3876 ι
1897 3821 2053 3878 Multi

463 3917 744 3987 propheta:
771 3925 824 3972 et
855 3915 992 3986 justi
1023 3918 1313 3985 cupierunt
1350 3916 1535 3971 videre
1557 3930 1678 3985 quae
1705 3929 1802 3969 vos
1831 3914 2051 3980 videtis,

461 4020 662 4066 et‘non
685 4010 978 4078 viderunt;
1006 4019 1062 4066 et
1087 4009 1278 4066 audire
1310 4024 1431 4079 quae
1463 4009 1702 4076 auditis,
1742 4019 1930 4063 etnon
1963 4023 2056 4062 au-

463 4101 682 4158 dierunt
709 4101 763 4167 ⁶;
799 4119 819 4154 ι
847 4101 1027 4157 ethoc
1061 4101 1226 4155 etiam
1255 4118 1270 4154 :
1317 4119 1336 4151 ε
1370 4099 1510 4155 Ecce
1549 4099 1670 4168 plus
1694 4114 1858 4168 quam
1905 4097 2065 4154 Salo-

461 4209 590 4251 mon
609 4195 712 4250 hoc
738 4195 791 4249 in
819 4195 970 4250 loco”
1001 4211 1018 4261 ;
1051 4213 1070 4246 ι
1091 4205 1144 4248 et
1181 4193 1273 4248 illo
1293 4193 1460 4248 etiam
1485 4211 1499 4248 :
1525 4213 1545 4245 ι
1569 4193 1626 4248 1η
1657 4192 1779 4248 aliis
1801 4190 2054 4248 aetatibus

462 4302 574 4344 non
602 4287 836 4342 innotuit
867 4287 992 4342 ﬁliis
1022 4287 1328 4353 hominum,
1355 4285 1816 4357 quemadmodum
1842 4281 2052 4362 revela-

462 4387 581 4434 tum
635 4385 718 4433 est
743 4391 884 4432 nunc
912 4375 1117 4432 sanctis
1147 4376 1408 4447 apostolis
1438 4376 1556 4444 ejus
1573 4384 1630 4430 et
1656 4373 1960 4444 prophetis,
1995 4379 2054 4425 ut

2079 3139 2126 3203 C

2156 3190 2332 3258 ἁγίοις
2355 3186 2672 3249 ἀποστόλοις
2703 3184 2845 3239 κατά
2881 3185 2979 3257 τὴν
3015 3184 3107 3238 τοῦ
3141 3173 3378 3256 Χριστοῦ
3422 3183 3740 3257 ἐπιδημίαν,

2156 3281 2491 3350 φωτίσαντος
2515 3277 2702 3340 αὐτοῖς
2724 3276 2786 3330 τὸ
2811 3273 2925 3346 φῶς
2955 3275 3016 3328 τὸ
3035 3274 3135 3344 τῆς
3160 3273 3414 3344 γνώσεως
3436 3275 3536 3344 τῆς
3562 3274 3741 3346 πάσης

2153 3371 2378 3445 Γραφῆς
2403 3387 2416 3401 ’
2467 3370 2643 3441 ἐτεροι
2683 3367 2740 3422 δὲ
2776 3367 3067 3438 ὀκνήσουσι
3125 3366 3461 3440 προσέσθαι,
3505 3367 3578 3438 μὴ
3624 3365 3740 3421 τολ-

2157 3463 2366 3536 μῶντες
2397 3461 2580 3530 λέγειν
2605 3460 2698 3513 τὸν
2725 3458 3042 3530 τηλικοῦτον
3067 3458 3294 3522 Μωσέα,
3333 3459 3426 3512 καὶ
3453 3458 3582 3522 τοὺς
3610 3476 3739 3532 προ-

2153 3555 2330 3626 φήτας
2355 3553 2430 3626 μὴ
2468 3551 2764 3622 ἐφθακέναι
2797 3550 2878 3604 ἐτι
2907 3549 3068 3614 δντας
3107 3551 3164 3602 ἐν
3187 3547 3266 3620 τῷ
3303 3548 3411 3604 τῶν
3441 3547 3740 3621 ἀνθρώπων

2155 3645 2257 3718 βίῳ
2279 3645 2370 3700 ἐπὶ
2389 3644 2459 3700 τά
2483 3647 2596 3707 τοῖς
2618 3643 2938 3706 ἀποστόλοις
2965 3639 3284 3712 νενοημένα,
3317 3639 3412 3694 καὶ
3440 3639 3597 3693 τοῦτο
3623 3642 3740 3703 ταῖς

2153 3738 2326 3802 θείαις
2355 3738 2600 3808 Γραφαῖς
2630 3735 3044 3808 ἐνεσπαρμένα,
3074 3736 3194 3798 ταῖς
3225 3734 3316 3787 ὑπ’
3349 3731 3528 3786 αὐτῶν
3556 3733 3738 3786 διακο-

2153 3832 2450 3906 νηθείσαιςι.
2485 3831 2796 3903 Χρήσονται
2847 3829 2906 3882 δὲ
2941 3829 2990 3882 οῖ
3027 3827 3279 3902 πρότεροι
3321 3825 3400 3896 τῷ
3423 3842 3437 3856 ο
3493 3845 3511 3876 ι
3550 3824 3740 3878 Πολλοὶ

2153 3926 2430 3999 προφῆται
2466 3924 2561 3978 καὶ
2586 3921 2785 3977 δίκαιοι
2811 3919 3168 3990 ἐπεθύμησαν
3201 3917 3331 3971 ἰδεῖν
3358 3917 3396 3972 ἀ
3428 3917 3587 3988 ὑμεῖς
3616 3916 3738 3987 βλέ-

2154 4034 2308 4081 πετε,
2338 4017 2434 4071 καὶ
2467 4016 2568 4070 οὐκ
2617 4009 2788 4069 εἶδονο
2833 4012 2928 4068 καὶ
2973 4011 3204 4066 ἀκοῦσαι
3260 4009 3296 4064 ἀ
3350 4009 3598 4074 ἀκούετε,
3644 4009 3739 4063 καὶ

2151 4107 2254 4162 ούκ
2307 4107 2573 4180 ηκουσανσ
2632 4124 2652 4158 ι
2708 4103 2804 4159 καί
2827 4121 2841 4136 ο
2895 4123 2915 4156 ι
2963 4103 3094 4158 Ἰδοὺ
3158 4100 3341 4154 πλεῖον
3395 4099 3738 4171 Σολομῶντος

2153 4190 2315 4252 ὦδεί
2336 4195 2430 4250 καὶ
2461 4194 2596 4266 τῷἾ
2622 4193 2868 4264 Ἑτέραις
2899 4193 3115 4262 γενεαῖς
3163 4191 3264 4244 ούκ
3285 4188 3590 4264 ἐγνωρίσθη
3625 4191 3738 4253 τοῖς

2155 4289 2290 4350 υἱοῖς
2357 4285 2464 4340 τῶν
2523 4285 2826 4357 ἀνθρώπων
2849 4326 2864 4351 ,
2925 4285 3001 4348 ώς
3060 4282 3156 4336 νῦν
3209 4281 3568 4353 ἀπεκαλύφθη
3625 4284 3738 4345 τοῖς

2154 4377 2329 4445 ἁγίοις
2376 4375 2696 4440 ἀποστόλοις
2734 4374 2936 4442 αὑτοῦ,
2981 4375 3076 4428 καὶ
3115 4374 3425 4445 προφήταις
3474 4367 3614 4425 εἷναι
3669 4371 3736 4444 τὲ

461 4471 578 4527 sint
599 4479 789 4541 gentes
809 4469 1141 4533 cohaeredes,
1159 4479 1215 4523 et
1249 4469 1488 4538 ejusdem
1527 4466 1800 4534 corporis,
1826 4477 2052 4519 consor-

2156 4467 2283 4538 ἐθνη
2318 4466 2768 4538 συγκληρονόμα,
2796 4467 2892 4520 καὶ
2944 4466 3206 4536 σύσσωμα
3229 4504 3245 4528 ,
3281 4465 3376 4518 καὶ
3420 4463 3737 4534 συμμέτοχα

463 4569 655 4630 tesque
684 4557 848 4630 259
875 4559 1250 4630 promissionis
1283 4559 1337 4612 in
1373 4557 1594 4614 Christo
1623 4555 1664 4610 ⁸.
1703 4575 1722 4608 ι
1758 4555 2048 4610 Adducent

461 4655 626 4709 etiam
666 4653 718 4708 hi
753 4652 883 4707 illud
923 4652 1064 4722 quod
1098 4651 1282 4706 Daniel
1316 4659 1436 4720 post
1464 4649 1757 4720 quamdam
1781 4645 2046 4701 visionem

464 4747 682 4816 scripsit
711 4763 756 4801 τι
789 4743 1109 4807 Surrexi,et
1133 4759 1238 4797 non
1271 4753 1391 4798 erat
1415 4742 1508 4811 qui
1543 4739 1871 4810 intelligeret
1899 4738 1944 4769 δ’
1971 4754 1987 4804 ;
2018 4754 2038 4790 ι

463 4850 520 4894 et
547 4837 674 4893 illud
704 4836 855 4892 Isaiae
887 4854 902 4892 :
934 4853 954 4888 ι
985 4833 1277 4890 Sermones
1303 4833 1464 4903 hujus
1496 4833 1619 4889 libri
1643 4831 1952 4888 suntveluti
1982 4831 2046 4886 Ii-

463 4932 562 4987 her
589 4929 824 4986 hominis
857 4929 1106 4999 signatus
1134 4941 1151 4980 :
1180 4940 1340 4996 quem
1375 4926 1552 4996 ipsum
1585 4924 1632 4980 si
1663 4923 1917 4979 dederint
1945 4923 2044 4977 ho-

463 5026 598 5080 mini
632 5023 896 5080 nescienti
931 5023 1166 5087 litteras,
1192 5021 1436 5075 dicentes
1465 5037 1477 5073 :
1514 5017 1683 5089 Lege,
1714 5017 1859 5072 dicet
1895 5033 1909 5069 :
1941 5015 2044 5070 Ne-

463 5118 580 5174 scio
619 5115 864 5182 litteras;
909 5125 960 5168 et
997 5113 1202 5168 dabunt
1232 5111 1384 5166 illum
1419 5112 1630 5166 homini
1667 5108 1862 5165 scienti
1894 5108 2044 5162 litte-

465 5225 575 5273 ras,
599 5219 656 5264 et
686 5209 832 5262 dicet
867 5222 883 5259 :
912 5205 1026 5260 Non
1064 5218 1286 5274 possum
1326 5203 1507 5273 legere
1537 5243 1552 5265 ,
1599 5217 1665 5256 eo
1691 5202 1836 5272 quod
1861 5202 2044 5272 signa-

465 5301 648 5356 tussit
679 5300 722 5352 ’.
767 5318 786 5352 ι
823 5298 1029 5354 Rursus
1070 5297 1160 5351 alii
1211 5297 1328 5350 hac
1379 5294 1564 5349 omnia
1614 5294 1718 5348 hac
1769 5292 2040 5348 sententia

463 5393 788 5446 destruent:
826 5407 846 5442 ι
903 5388 1132 5458 Sapiens
1187 5385 1465 5455 intelliget
1521 5399 1643 5455 quae
1687 5400 1757 5440 ex
1809 5399 1908 5439 ore
1939 5397 2041 5440 suo

2153 4559 2252 4628 τῆς
2275 4557 2606 4628 ἐπαγγελίας
2647 4559 2705 4610 ἐν
2728 4555 2966 4630 Χριστῷ⁶
2985 4569 3004 4602 ι
3030 4558 3126 4612 καὶ
3145 4557 3223 4630 τῷ
3241 4557 3300 4610 ἐν
3324 4551 3404 4625 τῷ
3420 4554 3616 4626 Δανιὴλ
3644 4572 3737 4624 γε·

2153 4650 2456 4724 γραμμένῳ
2493 4650 2632 4722 μετά
2677 4666 2797 4703 τινα
2823 4649 3035 4720 ὅρασιν,
3083 4648 3195 4710 ὅτι,
3234 4665 3254 4699 ι
3307 4647 3584 4718 Ἀνέστην,
3641 4647 3738 4701 καὶ

2151 4745 2251 4798 ούκ
2270 4739 2339 4815 ἦν
2365 4744 2393 4796 ὁ
2423 4742 2638 4796 συνιώνο
2672 4761 2690 4794 ι
2731 4739 2928 4812 καὶτῷ
2969 4741 3030 4794 ἐν
3057 4739 3136 4812 τῷ
3175 4741 3388 4811 Ἠσαῖᾳο
3420 4757 3440 4790 ι
3482 4741 3635 4794 Εἰσὶν
3687 4741 3734 4793 οἱ

2151 4835 2299 4904 λόγοι
2323 4835 2418 4888 τοῦ
2447 4835 2650 4906 βιϐλίου
2673 4833 2862 4888 τούτου
2887 4833 2964 4896 ὼς
2991 4831 3190 4902 βιϐλίον
3215 4830 3502 4903 ἀνθρώπου
3533 4835 3736 4902 ἐσφρα-

2152 4926 2434 4997 γισμένον,
2464 4925 2494 4978 ὃ
2514 4925 2606 4977 ἐὰν
2643 4923 2805 4978 δῶσιν
2837 4923 2970 4976 αὐτὸ
2996 4921 3268 4993 ἀνθρώπῳ
3295 4922 3370 4993 μὴ
3396 4920 3735 4992 ἐπισταμένῳ

2154 5022 2460 5094 γράμματα
2500 5018 2766 5086 λέγοντες
2827 5013 3144 5084 Ἀνάγνωθι,
3181 5015 3316 5086 ἐρεῖ·
3352 5014 3466 5067 Ούκ
3507 5014 3733 5066 ἐπίστα-

2157 5128 2254 5182 μαι
2278 5109 2601 5182 γράμματα·
2637 5107 2731 5160 καὶ
2769 5103 3030 5159 δώσουσιν
3062 5104 3194 5158 αὐτὸ
3215 5103 3488 5176 ἀνθρώπῳ
3509 5105 3734 5157 ἐπιστα-

2155 5199 2300 5270 μένῳ
2337 5198 2663 5270 γράμματα,
2706 5197 2800 5250 καὶ
2852 5197 2988 5268 ἐρεῖ·
3023 5194 3096 5248 Ού
3136 5193 3371 5264 δύναμαι
3398 5190 3730 5260 ἀναγνῶναι,

2150 5290 2512 5360 ἐσφράγισται
2543 5289 2673 5358 γάρ.
2695 5306 2711 5336 i
2749 5287 2813 5340 Οί
2835 5285 2894 5340 δὲ
2918 5285 3159 5357 δεύτεροι
3191 5283 3368 5340 ταῦτα
3405 5283 3584 5338 πάντα
3615 5283 3733 5337 δια-

2149 5381 2401 5434 λύσονται
2427 5377 2525 5450 τῷ·
2560 5397 2580 5430 ι
2611 5377 2780 5446 Σοφὺς
2805 5378 2988 5448 νοήσει
3017 5375 3088 5428 τὰ
3113 5375 3221 5428 ἀπὸ
3242 5373 3336 5428 τοῦ
3371 5373 3502 5427 ἰδίου
3534 5373 3735 5443 στόμα-

537 5532 554 5562 ²
586 5529 776 5586 Matth.
808 5545 936 5593 vm,
977 5529 1062 5584 11.
1137 5531 1159 5561 ³
1193 5527 1382 5582 Matth.
1408 5539 1546 5590 xvn,
1589 5525 1700 5580 [-3.
1775 5525 1797 5555 ³
1821 5522 1978 5580 Joan.
2030 5536 2104 5581 tv.
2134 5519 2226 5574 '56.
2299 5516 2322 5548 ⁸
2357 5513 2645 5593 ibid._38_._
2688 5513 2709 5544 ⁵
2735 5510 2868 5568 ibid.
2934 5509 3149 5566 'Matth.
3180 5524 3298 5574 xm,
3328 5507 3416 5562 l7.
3487 5505 3510 5540 ⁷
3537 5503 3727 5560 Matth.

463 5600 680 5666 τιμᾶ.
767 5601 789 5633 ⁸
839 5599 1034 5670 Ephcs.
1079 5614 1154 5662 ut,
1205 5599 1260 5666 5,
1293 5598 1349 5654 6.
1449 5596 1491 5627 ⁸·
1541 5596 1676 5651 Dan.
1715 5609 1838 5657 vui,
1877 5595 1966 5646 '26.

509 5785 520 5798 ,
557 5702 648 5798 91)
673 5725 760 5792 Τῷ
789 5721 1105 5790 «neexisti.
1139 5721 1230 5780 Sic
1251 5722 1418 5781 codex
1445 5718 1805 5786 Bodleianus;
1849 5719 1901 5772 in
1935 5715 2044 5773 Re-

470 5802 562 5859 κιο
581 5800 728 5854 deest
760 5801 854 5866 τῷ,

2069 5595 2089 5622 ⁸
2123 5593 2246 5644 lsai.
2283 5601 2434 5651 uix,
2461 5586 2546 5650 11,
2581 5585 2671 5640 12.

2225 5709 2336 5778 (9‘2)
2369 5709 2460 5767 Sic
2491 5707 2654 5764 habet
2687 5704 2854 5763 code:
2885 5702 3241 5768 Bodleianus;
3277 5701 3332 5756 in
3373 5698 3549 5770 Regio
3578 5697 3730 5753 deest

2153 5787 2316 5853 τινές.
