4170 6398
393 319 500 374 485

1449 313 1802 372 COMMENT.
1840 313 1904 368 IN
1938 312 2133 369 JOAN.
2169 311 2407 372 TOMUS
2446 313 2586 371 Xlll.

3531 321 3637 377 486

390 457 500 503 τοςο
536 438 629 492 ἐπὶ
653 437 710 492 δὲ
740 439 942 509 χείλεσι
967 440 1128 511 φορεῖ
1154 437 1620 508 ἐπιγνωμοσύνην·
1658 457 1676 488 ι
1717 436 1966 506 λέγοντες

2070 434 2354 505 prndibttnl
2398 452 2413 500 ;
2480 437 2535 489 in
2608 434 2766 491 labiis
2824 446 3006 491 autem
3063 436 3177 492 suis
3231 446 3406 509 gestat
3455 440 3637 498 scien-

392 528 596 584 Μωσέα
638 529 732 582 καὶ
780 530 1009 584 ἕκαστον
1041 530 1333 601 προφητῶν
1364 529 1434 581 τά
1456 528 1842 600 διακονηθέντα
1874 528 1964 580 ὑπ’

390 618 570 674 αὐτῶν
600 620 929 688 νενοηκέναι,
956 621 1053 690 οὐχ
1089 620 1228 672 ὥστε
1261 620 1354 672 κα)⁸
1397 619 1601 690 ἐτέροις
1637 618 1968 689 παραδοῦναι

391 713 483 766 καὶ
520 711 823 779 ἀναπτύξαι
860 712 928 766 τά
962 713 1255 783 μυστήρια⁸
1299 713 1425 775 τοὺς
1458 711 1708 782 μέντοιγε
1744 710 1971 764 ἀποστό-

391 805 533 869 λους,
586 804 662 867 ὼς
687 805 746 857 ἐν
789 803 967 875 καιρῷ
1003 802 1398 871 ἀποκαλύψεως
1418 802 1766 874 γενομένους,
1794 804 1967 855 εἰπεῖν

390 896 474 950 ἄν’
518 913 537 945 ι
569 895 807 966 Στήκετε
842 892 976 963 (95),
1011 896 1103 947 καὶ
1134 897 1382 965 κρατεῖτε
1413 894 1510 956 τὰς
1540 880 1864 966 παραδόσεις
1902 893 1969 956 ἃς

390 985 721 1057 ἐδιδάχθητε·
765 1005 785 1038 ι
818 987 931 1051 καὶ,
970 1005 987 1036 ι
1035 986 1109 1037 "A‘
1130 985 1368 1055 ἤκουσας
1395 984 1522 1057 παρ’
1555 983 1690 1054 ἐμοῦ
1724 984 1810 1037 διὰ
1837 985 1967 1037 πολ-

389 1076 497 1129 λῶν
542 1077 859 1148 μαρτύρων,
909 1076 1079 1130 ταῦτα
1108 1076 1353 1149 παράθου
1386 1077 1594 1140 πιστοῖς
1639 1074 1965 1146 ἀνθρώποις,

389 1167 583 1230 οἵτινες
607 1168 779 1221 ἱκανοὶ
813 1167 1024 1221 ἔσονται
1051 1169 1144 1221 καλ⁸
1175 1167 1393 1236 ἐτέρους
1411 1165 1637 1229 διδάξαιο
1680 1185 1698 1216 ι
1727 1166 1840 1225 καὶ,
1863 1166 1965 1229 ὅτι,

390 1258 781 1329 εἰέπεθύμουν
810 1259 994 1312 πολλοὶ
1044 1260 1320 1329 προφῆται
1360 1258 1462 1336 καὶ
1513 1257 1710 1310 δίκαιοι
1762 1257 1888 1309 ἰδεῖν
1933 1256 1969 1310 ἆ

390 1348 618 1404 ἔϐλεπον
668 1352 717 1403 οἱ
761 1349 1070 1416 ἀπόστολοι,
1115 1351 1210 1402 καὶ
1249 1348 1284 1403 ἃ
1330 1349 1546 1420 ἤκουον,
1588 1348 1836 1415 λέγοντος
1872 1347 1966 1400 τοῦ

393 1443 664 1514 Σωτῆρος,
697 1443 760 1495 ού
816 1443 1033 1506 πάντως
1060 1441 1127 1497 τὰ
1154 1442 1264 1497 τῶιι
1301 1441 1541 1512 νομικῶν
1588 1440 1818 1511 Γραφῶν
1873 1441 1968 1493 καὶ

392 1533 746 1606 προφητικῶν
767 1533 1098 1605 ἐπεθύμουν,
1128 1532 1263 1588 ἀλλὰ
1294 1531 1499 1586 τούτων
1535 1532 1755 1603 μείζονα
1790 1533 1968 1599 ἀπαγ-

392 1624 706 1696 γελλόμενα,
753 1625 890 1697 πρὸς
916 1626 1031 1687 τοῖς
1080 1626 1466 1693 πνευματικοῖς
1518 1622 1612 1675 τοῦ
1664 1622 1828 1691 νόμου
1872 1622 1966 1675 καὶ

391 1720 503 1781 τοῖς
547 1718 879 1789 ἀπορρήτοις
924 1716 1032 1769 τῶν
1065 1716 1378 1787 προφητῶν,
1419 1714 1525 1767 ὑπὸ
1577 1714 1669 1767 τοῦ
1713 1714 1962 1784 Σωτῆρος

390 1809 501 1870 τοῖς
522 1806 865 1889 ἀποστόλοις,
886 1808 1044 1859 ὁποῖα
1076 1802 1144 1877 ἦν
1169 1807 1249 1859 τό·
1300 1825 1319 1858 ι
1351 1807 1595 1859 Ἤκουσα
1624 1806 1836 1876 ἄρρητα
1873 1806 1967 1875 ρή-

395 1915 558 1968 ματα,
586 1897 736 1951 ἃούκ
760 1897 882 1959 ἐξὸν
915 1896 1187 1970 ἀνθρώπῳ
1221 1897 1476 1968 λαλῆσαι,
1516 1917 1533 1948 ι
1556 1898 1650 1951 καὶ
1684 1898 1967 1969 παραπλή-

393 2003 485 2041 σια
512 1988 625 2050 τοῖς
657 1986 763 2040 ὑπὸ
794 1986 887 2040 τοῦ
923 1987 1277 2059 Παρακλήτου
1297 1987 1627 2059 λεγομένοις.
1656 1989 1855 2041 Ἔτιδέ
1876 1988 1967 2040 καὶ

391 2078 450 2131 ἐν
466 2077 674 2142 τούτοις
708 2078 820 2149 (94)
870 2078 931 2132 τὺ
961 2079 1125 2152 ῥητὸν
1166 2079 1509 2151 θεασώμεθα,
1536 2074 1645 2133 οἷον
1675 2076 1813 2133 εἷναί
1846 2098 1967 2133 τινα

388 2170 656 2241 διηγεῖται
682 2170 773 2223 τὸν
808 2170 1088 2242 θερίζοντα
1112 2170 1303 2241 μισθὸν
1344 2170 1640 2241 λαμϐάνειν
1661 2172 1775 2237 ,καὶ
1810 2172 1968 2225 συνά-

389 2278 508 2331 γειν
538 2263 749 2335 καρπὸν
774 2265 856 2326 εἰς
888 2262 1032 2333 ζωὴν
1064 2261 1278 2316 αἰώνιον
1296 2265 1324 2316 6
1343 2262 1752 2333 εύαγγελιστὴς,
1771 2262 1963 2332 λέγων·

396 2370 416 2405 ι
459 2354 576 2408 Ἵνα
602 2354 631 2406 6
665 2353 904 2424 σπείρων
937 2354 1070 2424 ὁμοῦ
1109 2353 1293 2425 χαίρῃ,
1326 2354 1421 2408 καὶ
1457 2355 1486 2406 6
1533 2353 1779 2425 θερίζων.
1831 2374 1851 2406 ι
1903 2355 1967 2407 Ei

389 2442 449 2502 δὶ
485 2443 572 2497 ἵνα
600 2443 629 2495 6
670 2444 907 2516 σπείρων
946 2443 1080 2515 ὁμοῦ
1123 2445 1311 2518 χαίρῃ,
1334 2445 1428 2498 καὶ
1452 2447 1480 2498 6
1518 2444 1749 2517 θερίζων
1776 2444 1967 2516 μισθὸν

391 2534 678 2606 λαμϐάνει,
714 2536 810 2590 καὶ
842 2537 1299 2608 συνάγεικαρπὸν
1328 2539 1407 2601 εἰς
1437 2536 1581 2609 ζωὴν
1612 2537 1847 2602 αἰώνιον,
1874 2537 1969 2591 τά-

393 2642 463 2693 χα
506 2627 535 2677 6
584 2627 843 2698 σπείρων,
881 2626 1150 2681 κοινωνῶν
1195 2627 1274 2698 τῷ
1311 2627 1488 2699 μισθῷ
1513 2628 1605 2681 τοῦ
1640 2626 1965 2699 θερίζοντος,

393 2715 485 2768 καὶ
509 2719 574 2787 τῇ
607 2720 895 2789 συναγωγῇ
940 2717 1039 2770 τοῦ
1075 2719 1153 2781 είς
1182 2718 1326 2791 ζωὴν
1358 2718 1574 2773 αἰώνιον
1606 2718 1967 2790 συναγομένου

391 2806 626 2877 καρποῦ,
658 2809 772 2879 ἅμα
803 2808 881 2880 τῷ
918 2808 1183 2879 θερίζοντι
1212 2811 1535 2881 χαρήσεται.
1568 2810 1759 2874 Ἀλλος
1786 2809 1843 2864 δέ
1885 2828 1969 2873 τις

393 2898 509 2966 ἐρεῖ
532 2897 629 2950 ὅλα
659 2898 726 2951 τά
753 2899 952 2970 νομικά
983 2901 1075 2953 καὶ
1106 2901 1176 2953 τὰ
1214 2900 1531 2972 προφητικά
1558 2901 1801 2972 ἀκριϐῶς
1830 2900 1971 2955 κατά

391 2986 489 3058 τὴν
505 2989 877 3061 πνευματικὴν
916 2990 1142 3061 ἐκδοχὴν
1180 2991 1480 3062 νενοημένα
1517 2992 1707 3044 Μωσεῖ
1735 2992 1829 3045 καὶ
1856 2993 1969 3054 τοῖς

2072 527 2198 579 tiam
2238 527 2317 591 ¹⁰;
2361 545 2381 578 ι
2435 526 2681 581 dicentes
2724 526 2905 582 Mosen
2936 536 2992 582 et
3043 543 3483 600 unumquemque
3513 548 3639 601 pro-

2067 616 2354 684 phetarum
2390 617 2744 683 intellexisse,
2786 633 2908 688 qua
2953 619 3053 687 ipsi
3101 619 3631 687 administraverint,

2067 721 2176 760 non
2217 716 2395 761 tamen
2428 717 2488 763 ut
2526 707 2648 763 aliis
2695 711 2860 764 etiam
2909 711 3191 767 traderent
3225 714 3641 785 revelarentqne

2067 799 2361 867 mysteria;
2396 799 2674 868 apostolos
2702 814 2833 855 vero
2859 840 2875 865 ,
2909 809 2969 855 ut
3017 802 3107 870 qui
3143 811 3385 873 tempore
3434 806 3644 860 revela-

2068 886 2231 942 tionis
2261 890 2597 955 exstiterint,
2627 890 2811 946 dicere
2841 909 2855 944 :
2894 909 2912 942 ι
2948 892 3102 948 State
3127 933 3142 959 ,
3172 905 3228 948 et
3256 903 3437 950 tenete
3470 898 3639 950 tradi-
3668 932 3675 945 .

2069 979 2244 1035 tiones
2271 1019 2287 1045 ,
2333 996 2469 1050 quas
2516 983 2695 1038 edocti
2738 983 2918 1039 fuistis
2947 984 2989 1015 “
3033 1006 3046 1042 :
3091 1005 3109 1038 ι
3153 995 3208 1040 ει
3241 987 3414 1043 illud:
3450 1004 3471 1039 ι
3511 988 3642 1054 Qua

2067 1074 2266 1129 audisti
2295 1091 2322 1128 a
2356 1090 2441 1128 me
2472 1092 2568 1145 per
2612 1077 2813 1131 multos
2844 1085 3034 1141 testes,
3057 1076 3171 1131 hac
3194 1093 3435 1147 propone
3464 1079 3642 1134 homi-

2067 1166 2229 1221 nibus
2265 1165 2518 1223 ﬁdelibus
2543 1209 2559 1233 ,
2615 1169 2710 1238 qui
2754 1168 2933 1223 idonei
2968 1178 3128 1223 erunt
3159 1170 3296 1225 alios
3325 1171 3491 1225 etiam
3538 1173 3639 1227 do-

2066 1270 2194 1312 cere
2224 1258 2267 1289 "
2296 1274 2310 1314 :
2344 1276 2364 1309 ι
2393 1241 2718 1335 όίεειιιιιιιέ,
2739 1260 2785 1315 si
2812 1258 3195 1316 desiderarunt
3218 1262 3377 1317 multi
3406 1263 3640 1332 prophe-

2070 1357 2137 1403 ta
2165 1358 2219 1404 et
2242 1350 2379 1420 justi
2408 1351 2595 1407 videre
2625 1367 2749 1421 qua
2785 1351 3043 1407 viderunt
3090 1362 3147 1408 et
3194 1354 3486 1409 audierunt
3511 1368 3637 1423 apov

2069 1438 2194 1493 stoli
2237 1455 2265 1493 a
2298 1440 2590 1498 Servatore
2635 1442 2889 1512 loquente
2919 1443 2982 1509 ",
3033 1459 3139 1499 non
3173 1444 3399 1499 omnino
3430 1444 3638 1500 deside-

2071 1545 2225 1587 rasse
2276 1532 2592 1604 Scripturas
2643 1535 2777 1606 legis
2828 1544 2885 1592 et
2933 1537 3368 1607 prophetarum,
3405 1537 3499 1592 sed
3555 1537 3640 1591 his

2069 1620 2275 1690 majora
2312 1639 2330 1679 :
2364 1640 2558 1695 nempe
2588 1641 2708 1695 qua
2744 1625 3008 1682 Servator
3056 1627 3321 1697 apostolis
3356 1627 3641 1683 enuntias-

2068 1723 2172 1780 set,
2198 1725 2398 1785 prater
2428 1719 2729 1787 spiritualia
2763 1721 2897 1792 legis
2943 1728 3001 1775 et
3049 1719 3304 1775 abstrusa
3343 1721 3640 1790 propheta-

2070 1820 2212 1871 rum,
2248 1806 2313 1862 de
2342 1824 2574 1879 quorum
2612 1826 2838 1866 numero
2891 1811 3021 1866 illud
3066 1818 3186 1865 erat
3224 1827 3238 1868 :
3269 1828 3289 1863 ι
3326 1810 3518 1866 Audivi
3551 1825 3641 1864 ar-

2068 1910 2203 1950 cana
2235 1900 2423 1968 verba,
2459 1916 2580 1970 qua
2620 1917 2728 1956 non
2774 1903 2903 1958 licet
2937 1903 3004 1957 ad
3038 1901 3312 1956 hominem
3340 1902 3483 1972 loqui
3514 1901 3579 1970 “,
3612 1921 3636 1956 ι

2066 1995 2122 2042 ει
2152 1987 2352 2042 similia
2388 1990 2473 2044 his
2500 2006 2620 2058 qua
2646 1992 2904 2047 dicuntur
2960 2006 2991 2046 a
3035 1991 3338 2047 Paracleto.
3367 1991 3637 2047 Praeterea

2067 2093 2200 2135 vero
2230 2081 2394 2135 etiam
2429 2082 2480 2135 in
2516 2083 2600 2136 his
2634 2093 2949 2138 contextum
2980 2083 3414 2147 consideremus,
3451 2096 3640 2150 quem-

2070 2169 2362 2226 admodum
2392 2175 2683 2240 quemdam
2708 2188 2831 2230 esse
2853 2183 3170 2241 metentem,
3202 2173 3294 2243 qui
3329 2174 3637 2228 mercedem

2069 2262 2299 2332 accipiat
2323 2271 2380 2317 et
2409 2274 2702 2335 congreget
2751 2264 2988 2320 fructum
3029 2265 3082 2320 in
3137 2266 3300 2318 vitam
3353 2272 3638 2328 aternam,

2069 2363 2255 2409 narrat
2288 2355 2645 2424 evangelista,
2697 2356 2888 2411 dicens
2920 2373 2935 2414 :
2979 2374 2998 2407 ι
3047 2355 3113 2410 Ut
3158 2355 3251 2423 qui
3284 2354 3539 2419 seminat,
3565 2354 3642 2408 si-

2069 2446 2181 2501 mul
2217 2451 2470 2517 gaudeat,
2500 2455 2556 2502 et
2588 2447 2680 2517 qui
2716 2448 2874 2503 metit
2905 2449 2971 2501 ”.
3013 2465 3032 2496 ι
3065 2446 3198 2500 Nam
3234 2446 3307 2511 si,
3338 2454 3398 2499 ut
3435 2445 3527 2514 qui
3555 2458 3641 2499 se-

2068 2536 2240 2591 minat
2280 2537 2442 2592 simul
2488 2540 2761 2606 gaudeat,
2796 2548 2851 2593 et
2901 2539 2947 2593 si
2994 2538 3089 2608 qui
3128 2536 3283 2591 metit
3334 2536 3640 2592 mercedem

2069 2625 2290 2697 accipit,
2320 2636 2376 2681 et
2421 2639 2720 2698 congregat
2765 2626 3003 2682 fructum
3053 2626 3107 2680 in
3162 2626 3327 2680 vitam
3357 2635 3638 2692 aternam,

2070 2712 2323 2770 fortassis
2375 2717 2466 2785 qui
2508 2718 2745 2772 seminat
2789 2716 3125 2787 participans
3161 2717 3465 2771 mercedem
3517 2730 3638 2772 cum

2071 2815 2348 2872 metente,
2403 2816 2456 2861 et
2487 2808 2865 2863 collectionem
2900 2811 3117 2864 fructus
3172 2806 3263 2877 qui
3319 2807 3640 2862 convehitur

2071 2895 2321 2951 invitam
2371 2909 2631 2953 aternam
2661 2937 2677 2964 ,
2721 2899 2880 2953 simul
2921 2914 3044 2954 cum
3095 2904 3331 2952 metente
3359 2898 3640 2968 gaudebit.

2070 2986 2142 3041 At
2169 2987 2306 3043 alius
2339 2989 2558 3057 quidam
2589 2991 2838 3045 dicturus
2862 2999 2963 3054 est,
3003 2990 3183 3044 omnia
3222 2989 3414 3060 Iegalia
3442 2998 3495 3043 et
3517 3004 3641 3059 pro-

393 3082 720 3152 προφήταις,
758 3082 854 3135 καὶ
891 3082 966 3145 ὼς
997 3083 1165 3154 ἐχρῆν
1210 3083 1643 3154 κεκαλυμμένως
1682 3085 1775 3138 καὶ
1813 3084 1967 3136 ἐσκε-

2072 3077 2285 3147 phetica
2310 3077 2497 3135 Mosen
2550 3094 2617 3135 ac
2657 3080 2951 3151 prophetas
2993 3090 3248 3136 accurate
3286 3080 3639 3144 intellexisse.

392 3173 686 3244 mopévw;
716 3174 1180 3244 ἀναγεγραμμένα
1209 3173 1280 3228 τὰ
1308 3175 1626 3246 ἐσπαρμένα
1658 3170 1813 3228 εἶναι·
1844 3174 1965 3227 ἐπεὶ

2070 3166 2226 3235 juxta
2256 3168 2593 3239 spiritualem
2630 3170 3065 3240 intelligentiam,
3102 3179 3193 3236 et,
3241 3179 3301 3225 ut
3328 3171 3639 3240 oportebat.

389 3265 448 3319 δὲ
482 3285 500 3318 ι
534 3265 689 3335 λόγον
720 3266 883 3335 σοφὸν
913 3265 1008 3319 ἐὰν
1043 3265 1252 3338 ἀκούσῃ
1286 3268 1623 3339 ἐπιστήμων,
1644 3266 1847 3320 αἰνέσει
1877 3268 1968 3321 αύ-

389 3357 501 3423 τδν,
525 3358 619 3413 καὶ
645 3359 730 3411 ἐπ’
751 3357 911 3411 αὐτὸν
926 3357 1241 3429 προσθήσει,
1271 3377 1290 3410 ι
1318 3344 1492 3430 δῆλον,
1520 3360 1600 3413 ὅτι
1616 3360 1665 3413 οἱ
1681 3359 1967 3414 ἀπόστολοι

393 3448 701 3519 σπέρμασιν
748 3447 1201 3519 ἀπορῤητοτὲρων
1229 3447 1323 3500 καὶ
1348 3447 1660 3520 βαθυτέρων
1687 3449 1969 3521 χρησάμε-

393 3556 494 3603 νοι,
529 3542 641 3604 τοῖς
669 3539 775 3593 ὑπὸ
810 3538 1090 3595 Μωῦσέως
1117 3540 1214 3593 καὶ
1253 3538 1361 3592 τῶν
1393 3539 1686 3611 προφητῶν
1712 3541 1969 3612 νενοημέ-

392 3648 503 3696 νοις
559 3630 705 3703 (95).
733 3632 1121 3705 διαϐεϐήκασιν
1165 3632 1260 3686 ἐπί¹
1309 3630 1370 3685 τὸ
1407 3633 1486 3695 εἰς
1534 3631 1969 3687 πολλαπλασίονα

395 3723 597 3795 φθάσαι
621 3724 721 3796 τῆς
744 3724 1001 3796 ἀληθείας
1021 3724 1289 3795 θεάματα,
1334 3722 1508 3796 Ἰησοῦ
1536 3724 1851 3795 ἐπαίροντος
1878 3723 1971 3778 αὖ·

391 3815 500 3869 τῶν
529 3816 656 3880 τοὺς
685 3814 1017 3886 ὀφθαλμοὺς,
1048 3816 1142 3870 καὶ
1170 3814 1492 3884 φωτίζοντος
1514 3815 1692 3870 αὐτῶν
1726 3815 1824 3880 τὰς
1850 3816 1968 3871 δια-

391 3906 560 3971 νοίας,
604 3906 699 3960 καὶ⁸
729 3902 796 3979 ἦν
837 3906 907 3960 τὰ
953 3905 1389 3959 πολλαπλασίονα
1425 3905 1681 3976 θερισμὸς
1711 3906 1818 3960 τῶν
1848 3907 1971 3961 λευ-

392 3998 504 4053 κῶν
532 3998 642 4071 (96)
673 3998 885 4072 χωρῶν·
912 3999 1008 4072 οὐχ
1039 3999 1114 4064 ὡς
1135 3998 1510 4072 ὑποδεέστεροι
1539 3998 1597 4051 δέ
1628 4000 1675 4052 oi
1694 3999 1969 4071 προφῆται

394 4091 487 4147 καὶ
509 4092 713 4162 Μωσῆς
758 4090 997 4163 ἀρχῆθεν
1026 4091 1126 4144 οὐκ
1154 4086 1292 4144 εἶδον
1329 4089 1441 4161 (97)
1471 4092 1570 4144 ὅσα
1600 4090 1650 4144 oi
1683 4090 1968 4146 ἀπόστολοι

394 4181 536 4235 κατά
556 4180 654 4253 τὴν
694 4180 868 4252 Ἰησοῦ
898 4181 1210 4253 ἐπιδημίαν,
1236 4179 1352 4234 ἀλλ’
1385 4179 1460 4244 ὡς
1500 4180 1884 4252 περιμένοντες
1908 4181 1970 4235 τὸ

393 4273 668 4344 πλήρωμα
688 4272 783 4326 τοῦ
802 4273 1018 4345 χρόνου,
1044 4274 1102 4326 ἐν
1122 4265 1167 4341 ᾧ
1190 4271 1357 4345 ἐχρῆν
1398 4270 1535 4343 μετὰ
1560 4270 1652 4324 τοῦ
1692 4270 1968 4342 ἐξαιρέτου

393 4364 492 4437 τῆς
532 4363 705 4436 Ἰησοῦ
729 4363 964 4436 Χριστοῦ
986 4363 1296 4435 ἐπιδημίας,
1330 4363 1423 4418 καὶ
1453 4362 1704 4433 ἐξαίρετα
1730 4362 1878 4433 παρά
1901 4362 1969 4415 τά

2074 3267 2212 3314 tecte
2242 3269 2300 3314 et
2329 3260 2674 3315 considerate
2702 3261 2909 3330 scripta
2936 3301 2951 3325 ,
2984 3274 3047 3314 ea
3078 3274 3203 3316 esse
3223 3275 3344 3329 qua
3372 3262 3638 3316 seminata

2072 3359 2243 3418 sunt;
2295 3351 2554 3421 quoniam
2603 3361 2784 3406 autem
2820 3371 2839 3404 ι
2884 3353 2931 3407 si
2978 3366 3288 3407 sermonem
3337 3353 3639 3421 sapientem

2072 3441 2311 3497 audierit
2357 3442 2600 3513 sapiens,
2652 3442 2895 3497 laudabit
2932 3458 3093 3510 eum,
3120 3448 3176 3498 et
3206 3443 3273 3497 ad
3308 3444 3483 3513 ipsum
3540 3444 3639 3496 ad-

2075 3532 2272 3598 det*°,s
2303 3534 2652 3602 perspicuum
2682 3547 2803 3587 esse
2832 3533 3108 3602 apostolos
3139 3548 3321 3588 rerum
3357 3533 3527 3603 magis
3554 3547 3644 3587 re-

2072 3623 2417 3677 conditarum
2458 3631 2513 3677 et
2543 3622 2941 3693 profundarum
2970 3637 3102 3678 usos
3147 3622 3471 3690 seminibus,
3521 3636 3642 3689 qua

2073 3714 2292 3787 Moyses
2322 3723 2378 3772 et
2409 3717 2691 3787 prophetae
2730 3715 3140 3770 distribuissent
3167 3754 3185 3781 ,
3221 3728 3287 3770 eo
3329 3713 3644 3783 pervenisse

2074 3814 2136 3861 ut
2173 3815 2598 3877 assequerentur
2627 3808 2865 3863 visiones
2893 3805 3142 3860 veritatis
3166 3804 3334 3859 multo
3367 3803 3640 3873 cepiosiu-

2074 3909 2185 3960 res,
2218 3894 2382 3966 260
2411 3894 2667 3950 nimirum
2701 3894 2831 3951 Jesu
2875 3894 3088 3949 illorum
3120 3893 3308 3950 oculos
3336 3891 3640 3959 attollente,

2074 3993 2130 4041 et
2156 3985 2509 4042 illucescente
2561 3984 2779 4041 illorum
2815 3985 3110 4051 mentibus,
3141 4000 3260 4055 qua
3309 3984 3643 4054 capiusiores

2073 4079 2313 4135 visiones
2343 4077 2539 4134 messis
2565 4080 2849 4150 regionum
2877 4078 3125 4133 albarum
3154 4087 3315 4133 erant
3342 4096 3357 4132 :
3384 4087 3641 4132 caeterum

2076 4181 2186 4223 non
2214 4167 2344 4237 quia
2372 4166 2577 4222 fuerint
2618 4167 2947 4238 abiectiores
2972 4167 3250 4237 propheta
3278 4182 3343 4223 ac
3364 4166 3561 4231 Moses,
3610 4180 3643 4219 a

2074 4257 2342 4328 principio
2389 4271 2484 4312 eos
2515 4272 2623 4314 non
2663 4257 2863 4312 vidisse
2909 4258 3113 4325 omnia,
3149 4272 3271 4327 qua
3300 4256 3526 4326 apostoli
3584 4254 3643 4310 iu

2075 4350 2309 4403 adventu
2343 4347 2546 4403 Christi
2576 4377 2593 4425 ;
2619 4347 2714 4403 sed
2746 4347 2870 4418 quia
2896 4347 3061 4402 veluti
3091 4349 3478 4418 exspectabant
3507 4355 3646 4400 tem-

396 4453 733 4525 Αελαλημένα
786 4451 1005 4507 πώποτε
1046 4455 1103 4507 ἐν
1149 4451 1229 4524 τῷ
1283 4452 1471 4523 κόσμῳ
1523 4453 1556 4524 ἢ
1614 4452 1967 4524 γεγραμμένα

2076 4439 2224 4508 poris
2286 4438 2734 4506 plenitudinem:
2790 4453 2901 4508 quo
2938 4440 3155 4508 quidem
3213 4448 3457 4507 tempore
3513 4451 3640 4491 cum

394 4544 843 4615 ἀποκαλυφθῆναι
892 4544 999 4597 ἀπὺ
1030 4543 1121 4597 τοῦ
1156 4544 1255 4615 οὐχ
1284 4540 1574 4615 ἁρπαγμὸν
1617 4542 1968 4613 ἡγησαμένου

393 4638 456 4693 τὸ
483 4633 622 4692 εἶναι
668 4636 759 4691 ῐσα
795 4636 933 4708 Θεῷ,
974 4636 1089 4690 ἀλλ’
1130 4637 1322 4692 ἐαυτὸν
1351 4633 1689 4700 κενώσαντος
1716 4635 1816 4690 καὶ
1839 4653 1969 4709 μορ-

396 4728 503 4799 φὴν
523 4728 707 4783 δούλου
734 4728 1034 4799 εἰληφότος.

465 4992 555 5048 ‘7.
587 5011 606 5044 ι
654 4992 743 5047 Ἑν
778 4990 889 5062 γάρ
926 4990 1099 5061 τούτῳ
1129 4990 1158 5043 6
1197 4988 1356 5057 λόγος
1387 4987 1536 5041 ἐστὶν
1568 4986 1839 5058 ἀληθινὸς,
1888 4989 1969 5042 ὅτι

398 5086 551 5152 ἄλλος
579 5087 725 5141 ἐστὶν
753 5089 782 5140 6
818 5087 1076 5157 σπείρων,
1108 5085 1204 5139 καὶ
1242 5082 1400 5147 ἄλλος
1422 5084 1451 5136 6
1486 5082 1733 5153 θερίζων.
1791 5103 1809 5135 ι
1847 5083 1973 5137 Εἴτε

460 5266 504 5297 ¹⁰
526 5264 688 5319 Prov.
716 5279 827 5327 xvi,
852 5263 944 5317 25.
1023 5263 1066 5294 ¹¹
1094 5260 1132 5317 ll
1156 5260 1344 5316 Thess.
1366 5277 1424 5324 ιι,
1452 5259 1542 5314 ﬂ.
1618 5258 1718 5313 “ll
1763 5258 1902 5314 Tim.
1936 5276 1992 5320 ιι.
2018 5260 2071 5312 2.
2151 5261 2195 5292 ¹³
2221 5259 2303 5314 Ma

460 5334 486 5387 ἱ.
567 5335 612 5367 ⁸⁸
645 5334 822 5387 Eccli.
864 5348 977 5387 ut.
1016 5332 1103 5387 18.
1179 5333 1221 5363 *⁷
1261 5331 1500 5387 Philipp.
1527 5346 1585 5387 tt.
1623 5331 1680 5387 ϐ.
1718 5330 1770 5385 7.
1870 5331 1913 5361 ’⁸
1940 5329 2093 5384 Juan.
2130 5345 2204 5387 tv.
2238 5331 2307 5387 57

1974 5349 2093 5383 nan.
2130 5347 2204 5397 tv,
2238 5347 2333 5387 οι.

398 5332 486 5389 56.
567 5335 612 5367 ⁸⁸
645 5334 822 5390 Eccli.
864 5348 977 5399 ut,
1016 5332 1103 5388 18.
1179 5333 1221 5363 ’⁷
1261 5331 1500 5400 Philipp.
1527 5346 1585 5394 ιι,
1623 5331 1680 5391 ϐ.
1718 5330 1770 5385 7.

471 5490 811 5564 (9315138?!
837 5486 1258 5564 ἆτ’·σζήκετε.
1309 5485 1401 5564 §ic
1437 5485 1597 5564 habet
1624 5488 1794 5539 codex
1827 5484 1966 5540 Bod-

396 5556 643 5625 leiantis;
683 5562 739 5615 in
766 5558 936 5630 Regio
966 5558 1164 5630 legitur
1199 5557 1395 5630 είπεϊν,
1431 5556 1751 5630 ἀνστήκετε.

495 5632 603 5703 94)-
624 5619 729 5703 Ἓν
752 5619 1126 5703 τούτοιςῖὴι
1155 5626 1323 5680 codex
1358 5619 1682 5679 Bodleianus
1706 5640 1721 5692 ;
1761 5619 1967 5694 Regius

403 5712 458 5758 et
479 5697 851 5771 Bai-berinusL
871 5697 1101 5771 τούτοις.

477 5763 588 5840 (Ὧὸ)
614 5768 795 5826 Codex
822 5761 1166 5833 Bodleianus,
1192 5761 1640 5833 διανενοημένοις.

2074 4529 2260 4585 eximii
2294 4528 2438 4584 illius
2468 4528 2597 4585 Jesu
2625 4528 2831 4585 Christi
2880 4529 3113 4584 adventu
3148 4529 3438 4583 revelanda
3490 4541 3648 4585 erant

2074 4626 2238 4680 etiam
2263 4616 2652 4682 excellentiora
2699 4624 2789 4680 his
2832 4639 2954 4694 qua
2984 4639 3220 4694 unquam
3256 4624 3341 4679 vel
3388 4624 3530 4678 dicta
3559 4624 3646 4679 vel

2074 4721 2275 4789 scripta
2304 4719 2513 4774 fuerint
2542 4719 2598 4773 in
2631 4718 2855 4781 mundo,
2893 4719 2963 4771 ab
3024 4732 3090 4773 eo
3119 4718 3213 4787 qui
3257 4733 3365 4773 non
3400 4718 3640 4785 rapinam

2075 4796 2374 4866 arbitratus
2416 4818 2501 4865 est
2528 4825 2589 4864 se
2623 4809 2733 4864 Deo
2777 4809 3040 4879 aqualem
3073 4824 3195 4864 esse
3218 4848 3233 4874 ,
3278 4808 3372 4863 sed
3403 4809 3647 4877 seipsunn

2076 4901 2401 4965 exinanivit,
2435 4900 2607 4954 forma
2631 4901 2773 4956 servi
2807 4911 3030 4969 accepta
3073 4899 3138 4954 ".

2147 4993 2237 5048 47.
2278 5011 2297 5045 ι
2345 4991 2402 5047 ln
2434 5000 2537 5047 hoc
2582 4993 2727 5047 enim
2774 5007 2956 5047 sermo
2992 5006 3155 5046 verax
3188 4998 3290 5055 est,
3321 4988 3466 5059 quod
3503 4987 3644 5044 alius

2078 5091 2159 5137 est
2190 5081 2283 5152 qni
2309 5081 2563 5147 seminat,
2596 5090 2651 5136 et
2678 5080 2817 5136 alius
2850 5080 2940 5149 qui
2969 5080 3222 5173 metit'“.
3255 5098 3274 5132 ι
3300 5079 3426 5134 Sive
3453 5092 3648 5133 secun-

2151 5261 2195 5292 ¹³
2221 5259 2412 5314 Matth.
2441 5276 2562 5327 xm,
2594 5261 2683 5318 l7.
2759 5260 2806 5294 “
2843 5261 2885 5316 ll
2914 5260 3040 5317 Cor.
3073 5277 3168 5323 χιι,
3196 5259 3252 5315 4.
3331 5260 3375 5292 ¹⁸
3395 5258 3550 5316 Joan.
3570 5273 3642 5325 tv,

2144 5489 2257 5571 (96)
2285 5487 2876 5571 _Codequ.odleianus
2908 5485 3141 5552 λευκῶν,
3185 5485 3388 5558 Regius
3420 5500 3550 5541 vero
3585 5494 3641 5541 et

2074 5558 2407 5613 Barherinus
2437 5558 2668 5611 πολλῶν.

2169 5630 2258 5698 97)
2293 5630 2414 5682 Οὐκ
2463 5628 2648 5684 εἶδον.
2686 5626 2849 5682 Deest
2896 5627 2947 5681 in
2999 5624 3169 5696 Regio
3222 5633 3279 5681 et
3316 5624 3641 5691 Barberino,

1980 5720 1985 5725 η
2078 5698 2173 5754 sed
2203 5698 2404 5769 legitur
2438 5698 2491 5753 in
2517 5698 2827 5753 Bodleiano.
