  <div class='ocr_page' id='page_1' title='image "/cluster/home/n/w/nwhite01/storage/ocr_20150623/14:no.4/coo.31924054872928/255.png"; bbox 0 0 4170 6402; ppageno 0'>
   <div class='ocr_carea' id='block_1_1' title="bbox 515 297 3791 373">
    <p class='ocr_par' dir='ltr' id='par_1_1' title="bbox 515 297 3791 373">
     <span class='ocr_line' id='line_1_1' title="bbox 515 297 3791 373; baseline -0.006 -1"><span class='ocrx_word' id='word_1_1' title='bbox 515 318 616 373; x_wconf 73' lang='grc'><strong>487</strong></span> <span class='ocrx_word' id='word_1_2' title='bbox 1973 300 2301 360; x_wconf 71' lang='grc' dir='ltr'>υῐιιςεΝιε</span> <span class='ocrx_word' id='word_1_3' title='bbox 3685 297 3791 355; x_wconf 66' lang='grc'><strong>498</strong></span> 
     </span>
    </p>
   </div>
   <div class='ocr_carea' id='block_1_2' title="bbox 514 410 2111 497">
    <p class='ocr_par' dir='ltr' id='par_1_2' title="bbox 514 422 2084 497">
     <span class='ocr_line' id='line_1_2' title="bbox 514 422 2084 497; baseline -0.008 -10"><span class='ocrx_word' id='word_1_4' title='bbox 514 432 642 487; x_wconf 87' lang='lat' dir='ltr'><strong>dum</strong></span> <span class='ocrx_word' id='word_1_5' title='bbox 692 425 1000 497; x_wconf 70' lang='lat' dir='ltr'><strong>exemplum</strong></span> <span class='ocrx_word' id='word_1_6' title='bbox 1055 424 1122 478; x_wconf 86' lang='lat' dir='ltr'><strong>ab</strong></span> <span class='ocrx_word' id='word_1_7' title='bbox 1169 423 1378 477; x_wconf 86' lang='lat' dir='ltr'><strong>artibus</strong></span> <span class='ocrx_word' id='word_1_8' title='bbox 1423 430 1479 478; x_wconf 91' lang='lat' dir='ltr'><strong>et</strong></span> <span class='ocrx_word' id='word_1_9' title='bbox 1510 422 1757 478; x_wconf 87' lang='lat' dir='ltr'><strong>scientiis</strong></span> <span class='ocrx_word' id='word_1_10' title='bbox 1805 431 2084 491; x_wconf 83' lang='lat' dir='ltr'><strong>sumptum</strong></span> 
     </span>
    </p>
   </div>
   <div class='ocr_carea' id='block_1_3' title="bbox 2211 410 3793 497">
    <p class='ocr_par' dir='ltr' id='par_1_3' title="bbox 2211 410 3793 485">
     <span class='ocr_line' id='line_1_3' title="bbox 2211 410 3793 485; baseline -0.003 -14"><span class='ocrx_word' id='word_1_11' title='bbox 2211 415 2334 472; x_wconf 86' lang='grc' dir='ltr'>ιατὰ</span> <span class='ocrx_word' id='word_1_12' title='bbox 2351 415 2414 470; x_wconf 83' lang='grc' dir='ltr'><strong>τὸ</strong></span> <span class='ocrx_word' id='word_1_13' title='bbox 2445 414 2554 469; x_wconf 77' lang='grc' dir='ltr'><strong>ἀπὸ</strong></span> <span class='ocrx_word' id='word_1_14' title='bbox 2589 414 2699 469; x_wconf 86' lang='grc' dir='ltr'><strong>τῶν</strong></span> <span class='ocrx_word' id='word_1_15' title='bbox 2727 414 2934 485; x_wconf 85' lang='grc' dir='ltr'>τεχνῶν</span> <span class='ocrx_word' id='word_1_16' title='bbox 2962 415 3058 467; x_wconf 77' lang='grc' dir='ltr'>καὶ</span> <span class='ocrx_word' id='word_1_17' title='bbox 3100 411 3209 467; x_wconf 88' lang='grc' dir='ltr'><strong>τῶν</strong></span> <span class='ocrx_word' id='word_1_18' title='bbox 3238 411 3556 483; x_wconf 74' lang='grc' dir='ltr'>ἐπιστημῶν</span> <span class='ocrx_word' id='word_1_19' title='bbox 3586 410 3793 483; x_wconf 82' lang='grc' dir='ltr'>ληφθὲν</span> 
     </span>
    </p>
   </div>
   <div class='ocr_carea' id='block_1_4' title="bbox 515 505 2111 590">
    <p class='ocr_par' dir='ltr' id='par_1_4' title="bbox 515 514 2096 590">
     <span class='ocr_line' id='line_1_4' title="bbox 515 514 2096 590; baseline -0.005 -13"><span class='ocrx_word' id='word_1_20' title='bbox 515 524 940 590; x_wconf 84' lang='lat' dir='ltr'><strong>interpretemur</strong></span> <span class='ocrx_word' id='word_1_21' title='bbox 971 517 1254 585; x_wconf 65' lang='lat' dir='ltr'><strong>praesentia</strong></span> <span class='ocrx_word' id='word_1_22' title='bbox 1281 556 1297 580; x_wconf 91' lang='lat'><strong>,</strong></span> <span class='ocrx_word' id='word_1_23' title='bbox 1353 516 1559 570; x_wconf 83' lang='lat' dir='ltr'><strong>clarum</strong></span> <span class='ocrx_word' id='word_1_24' title='bbox 1610 525 1696 570; x_wconf 89' lang='lat' dir='ltr'><strong>est</strong></span> <span class='ocrx_word' id='word_1_25' title='bbox 1746 514 1890 584; x_wconf 93' lang='lat' dir='ltr'><strong>quod</strong></span> <span class='ocrx_word' id='word_1_26' title='bbox 1933 528 2096 569; x_wconf 82' lang='lat' dir='ltr'><strong>verus</strong></span> 
     </span>
    </p>
   </div>
   <div class='ocr_carea' id='block_1_5' title="bbox 2211 505 3794 590">
    <p class='ocr_par' dir='ltr' id='par_1_5' title="bbox 2211 505 3794 580">
     <span class='ocr_line' id='line_1_5' title="bbox 2211 505 3794 580; baseline -0.003 -17"><span class='ocrx_word' id='word_1_27' title='bbox 2211 508 2549 580; x_wconf 76' lang='grc' dir='ltr'>παράδειγμα</span> <span class='ocrx_word' id='word_1_28' title='bbox 2581 506 3017 578; x_wconf 80' lang='grc' dir='ltr'>ὲκλαμὸάνοιμεν</span> <span class='ocrx_word' id='word_1_29' title='bbox 3048 505 3118 560; x_wconf 79' lang='grc' dir='ltr'>τὰ</span> <span class='ocrx_word' id='word_1_30' title='bbox 3150 505 3293 561; x_wconf 84' lang='grc' dir='ltr'>κατὰ</span> <span class='ocrx_word' id='word_1_31' title='bbox 3324 506 3417 559; x_wconf 81' lang='grc' dir='ltr'><strong>τὸν</strong></span> <span class='ocrx_word' id='word_1_32' title='bbox 3456 506 3645 564; x_wconf 80' lang='grc' dir='ltr'>τόπον.</span> <span class='ocrx_word' id='word_1_33' title='bbox 3694 522 3794 559; x_wconf 84' lang='grc' dir='ltr'>σα-</span> 
     </span>
    </p>
   </div>
   <div class='ocr_carea' id='block_1_6' title="bbox 512 597 2111 677">
    <p class='ocr_par' dir='ltr' id='par_1_6' title="bbox 512 606 2095 677">
     <span class='ocr_line' id='line_1_6' title="bbox 512 606 2095 677; baseline -0.005 -8"><span class='ocrx_word' id='word_1_34' title='bbox 512 614 584 669; x_wconf 89' lang='lat' dir='ltr'><strong>sit</strong></span> <span class='ocrx_word' id='word_1_35' title='bbox 616 626 845 667; x_wconf 84' lang='lat' dir='ltr'><strong>sermo:</strong></span> <span class='ocrx_word' id='word_1_36' title='bbox 885 629 903 662; x_wconf 84' lang='grc' dir='ltr'><strong>ι</strong></span> <span class='ocrx_word' id='word_1_37' title='bbox 939 610 1093 663; x_wconf 85' lang='lat' dir='ltr'><strong>Alius</strong></span> <span class='ocrx_word' id='word_1_38' title='bbox 1145 619 1230 663; x_wconf 89' lang='lat' dir='ltr'><strong>est</strong></span> <span class='ocrx_word' id='word_1_39' title='bbox 1274 610 1368 676; x_wconf 85' lang='lat' dir='ltr'><strong>qui</strong></span> <span class='ocrx_word' id='word_1_40' title='bbox 1413 609 1671 670; x_wconf 86' lang='lat' dir='ltr'><strong>seminat,</strong></span> <span class='ocrx_word' id='word_1_41' title='bbox 1727 608 1947 662; x_wconf 90' lang='lat' dir='ltr'><strong>ctaiius</strong></span> <span class='ocrx_word' id='word_1_42' title='bbox 2003 606 2095 677; x_wconf 93' lang='lat' dir='ltr'><strong>qui</strong></span> 
     </span>
    </p>
   </div>
   <div class='ocr_carea' id='block_1_7' title="bbox 2211 597 3796 677">
    <p class='ocr_par' dir='ltr' id='par_1_7' title="bbox 2211 597 3796 671">
     <span class='ocr_line' id='line_1_7' title="bbox 2211 597 3796 671; baseline -0.002 -17"><span class='ocrx_word' id='word_1_43' title='bbox 2211 602 2299 670; x_wconf 75' lang='grc' dir='ltr'>ρὲς</span> <span class='ocrx_word' id='word_1_44' title='bbox 2346 600 2463 664; x_wconf 86' lang='grc' dir='ltr'><strong>πῶς</strong></span> <span class='ocrx_word' id='word_1_45' title='bbox 2486 598 2736 671; x_wconf 78' lang='grc' dir='ltr'>ἀληθινὸς</span> <span class='ocrx_word' id='word_1_46' title='bbox 2762 601 2791 652; x_wconf 89' lang='lat'><strong>6</strong></span> <span class='ocrx_word' id='word_1_47' title='bbox 2821 599 2980 667; x_wconf 89' lang='grc' dir='ltr'>λόγος</span> <span class='ocrx_word' id='word_1_48' title='bbox 3007 598 3118 669; x_wconf 90' lang='lat'><strong>(98)</strong></span> <span class='ocrx_word' id='word_1_49' title='bbox 3143 597 3261 651; x_wconf 77' lang='grc' dir='ltr'>ἐστὶ</span> <span class='ocrx_word' id='word_1_50' title='bbox 3288 597 3370 661; x_wconf 85' lang='grc' dir='ltr'><strong>τὸ,</strong></span> <span class='ocrx_word' id='word_1_51' title='bbox 3400 616 3421 648; x_wconf 76' lang='grc' dir='ltr'><strong>ι</strong></span> <span class='ocrx_word' id='word_1_52' title='bbox 3466 597 3660 651; x_wconf 81' lang='grc' dir='ltr'>Ἀλλον</span> <span class='ocrx_word' id='word_1_53' title='bbox 3694 597 3796 668; x_wconf 74' lang='grc' dir='ltr'>μὲν</span> 
     </span>
    </p>
   </div>
   <div class='ocr_carea' id='block_1_8' title="bbox 514 689 2111 766">
    <p class='ocr_par' dir='ltr' id='par_1_8' title="bbox 514 692 2098 766">
     <span class='ocr_line' id='line_1_8' title="bbox 514 692 2098 766; baseline -0.005 -11"><span class='ocrx_word' id='word_1_54' title='bbox 514 701 672 756; x_wconf 89' lang='lat' dir='ltr'><strong>metit</strong></span> <span class='ocrx_word' id='word_1_55' title='bbox 706 716 723 757; x_wconf 85' lang='lat'><strong>:</strong></span> <span class='ocrx_word' id='word_1_56' title='bbox 769 718 789 751; x_wconf 70' lang='grc' dir='ltr'><strong>ι</strong></span> <span class='ocrx_word' id='word_1_57' title='bbox 822 700 939 753; x_wconf 86' lang='lat' dir='ltr'><strong>sive</strong></span> <span class='ocrx_word' id='word_1_58' title='bbox 971 713 1037 752; x_wconf 89' lang='lat' dir='ltr'><strong>eo</strong></span> <span class='ocrx_word' id='word_1_59' title='bbox 1093 698 1238 766; x_wconf 84' lang='lat' dir='ltr'><strong>quod</strong></span> <span class='ocrx_word' id='word_1_60' title='bbox 1289 696 1614 750; x_wconf 88' lang='lat' dir='ltr'><strong>seminariut</strong></span> <span class='ocrx_word' id='word_1_61' title='bbox 1661 696 1885 763; x_wconf 86' lang='lat' dir='ltr'><strong>quidem</strong></span> <span class='ocrx_word' id='word_1_62' title='bbox 1916 692 2098 748; x_wconf 70' lang='lat' dir='ltr'><strong>Moses</strong></span> 
     </span>
    </p>
   </div>
   <div class='ocr_carea' id='block_1_9' title="bbox 2211 689 3797 766">
    <p class='ocr_par' dir='ltr' id='par_1_9' title="bbox 2211 689 3797 761">
     <span class='ocr_line' id='line_1_9' title="bbox 2211 689 3797 761; baseline -0.002 -13"><span class='ocrx_word' id='word_1_63' title='bbox 2211 690 2345 749; x_wconf 76' lang='grc' dir='ltr'>εἶναι</span> <span class='ocrx_word' id='word_1_64' title='bbox 2372 693 2466 747; x_wconf 82' lang='grc' dir='ltr'><strong>τὸν</strong></span> <span class='ocrx_word' id='word_1_65' title='bbox 2501 691 2826 761; x_wconf 87' lang='grc' dir='ltr'>σπείροντα,</span> <span class='ocrx_word' id='word_1_66' title='bbox 2850 692 2944 744; x_wconf 78' lang='grc' dir='ltr'>καὶ</span> <span class='ocrx_word' id='word_1_67' title='bbox 2972 690 3132 746; x_wconf 74' lang='grc' dir='ltr'>ἄλλον</span> <span class='ocrx_word' id='word_1_68' title='bbox 3164 690 3256 743; x_wconf 71' lang='grc' dir='ltr'>τὸν</span> <span class='ocrx_word' id='word_1_69' title='bbox 3295 689 3600 761; x_wconf 75' lang='grc' dir='ltr'>θερίζονταο</span> <span class='ocrx_word' id='word_1_70' title='bbox 3634 709 3652 742; x_wconf 78' lang='grc' dir='ltr'><strong>ι</strong></span> <span class='ocrx_word' id='word_1_71' title='bbox 3687 691 3797 745; x_wconf 72' lang='grc' dir='ltr'>εἴτε</span> 
     </span>
    </p>
   </div>
   <div class='ocr_carea' id='block_1_10' title="bbox 510 782 2111 860">
    <p class='ocr_par' dir='ltr' id='par_1_10' title="bbox 510 785 2096 860">
     <span class='ocr_line' id='line_1_10' title="bbox 510 785 2096 860; baseline -0.003 -17"><span class='ocrx_word' id='word_1_72' title='bbox 510 800 566 843; x_wconf 92' lang='lat' dir='ltr'><strong>et</strong></span> <span class='ocrx_word' id='word_1_73' title='bbox 621 791 923 860; x_wconf 63' lang='lat' dir='ltr'><strong>prophetae,</strong></span> <span class='ocrx_word' id='word_1_74' title='bbox 981 786 1223 840; x_wconf 79' lang='lat' dir='ltr'><strong>viderint</strong></span> <span class='ocrx_word' id='word_1_75' title='bbox 1273 794 1454 840; x_wconf 88' lang='lat' dir='ltr'><strong>autem</strong></span> <span class='ocrx_word' id='word_1_76' title='bbox 1503 785 1755 854; x_wconf 78' lang='lat' dir='ltr'><strong>regiones</strong></span> <span class='ocrx_word' id='word_1_77' title='bbox 1795 785 1948 839; x_wconf 83' lang='lat' dir='ltr'><strong>albas</strong></span> <span class='ocrx_word' id='word_1_78' title='bbox 1971 797 2096 839; x_wconf 83' lang='lat' dir='ltr'><strong>esse</strong></span> 
     </span>
    </p>
   </div>
   <div class='ocr_carea' id='block_1_11' title="bbox 2211 782 3797 860">
    <p class='ocr_par' dir='ltr' id='par_1_11' title="bbox 2211 782 3797 855">
     <span class='ocr_line' id='line_1_11' title="bbox 2211 782 3797 855; baseline -0.002 -15"><span class='ocrx_word' id='word_1_79' title='bbox 2211 785 2345 840; x_wconf 74' lang='grc' dir='ltr'>κατὰ</span> <span class='ocrx_word' id='word_1_80' title='bbox 2377 784 2438 839; x_wconf 82' lang='grc' dir='ltr'>τὸ</span> <span class='ocrx_word' id='word_1_81' title='bbox 2457 782 2796 855; x_wconf 80' lang='grc' dir='ltr'>ὲσπαρκέναι</span> <span class='ocrx_word' id='word_1_82' title='bbox 2849 782 2948 853; x_wconf 85' lang='grc' dir='ltr'><strong>μὲν</strong></span> <span class='ocrx_word' id='word_1_83' title='bbox 2984 782 3187 837; x_wconf 85' lang='grc' dir='ltr'>Μωσέα</span> <span class='ocrx_word' id='word_1_84' title='bbox 3203 784 3299 837; x_wconf 79' lang='grc' dir='ltr'>καὶ</span> <span class='ocrx_word' id='word_1_85' title='bbox 3324 784 3451 847; x_wconf 75' lang='grc' dir='ltr'>τοὺς</span> <span class='ocrx_word' id='word_1_86' title='bbox 3483 784 3797 855; x_wconf 82' lang='grc' dir='ltr'><strong>προφήτας,</strong></span> 
     </span>
    </p>
   </div>
   <div class='ocr_carea' id='block_1_12' title="bbox 514 873 2111 951">
    <p class='ocr_par' dir='ltr' id='par_1_12' title="bbox 514 875 2098 951">
     <span class='ocr_line' id='line_1_12' title="bbox 514 875 2098 951; baseline -0.004 -16"><span class='ocrx_word' id='word_1_87' title='bbox 514 882 607 951; x_wconf 92' lang='lat' dir='ltr'><strong>qui</strong></span> <span class='ocrx_word' id='word_1_88' title='bbox 664 882 985 935; x_wconf 83' lang='lat' dir='ltr'><strong>levaverunt</strong></span> <span class='ocrx_word' id='word_1_89' title='bbox 1036 878 1228 932; x_wconf 89' lang='lat' dir='ltr'><strong>oculos</strong></span> <span class='ocrx_word' id='word_1_90' title='bbox 1284 877 1439 943; x_wconf 78' lang='lat' dir='ltr'><strong>juxta</strong></span> <span class='ocrx_word' id='word_1_91' title='bbox 1499 886 1833 947; x_wconf 70' lang='lat' dir='ltr'><strong>praeceptum</strong></span> <span class='ocrx_word' id='word_1_92' title='bbox 1887 875 2098 930; x_wconf 90' lang='lat' dir='ltr'><strong>Domini</strong></span> 
     </span>
    </p>
   </div>
   <div class='ocr_carea' id='block_1_13' title="bbox 2211 873 3800 951">
    <p class='ocr_par' dir='ltr' id='par_1_13' title="bbox 2211 873 3800 948">
     <span class='ocr_line' id='line_1_13' title="bbox 2211 873 3800 948; baseline -0.001 -17"><span class='ocrx_word' id='word_1_93' title='bbox 2211 874 2601 948; x_wconf 74' lang='grc' dir='ltr'><strong>τεθεωρηκέναι</strong></span> <span class='ocrx_word' id='word_1_94' title='bbox 2641 875 2698 929; x_wconf 83' lang='grc' dir='ltr'><strong>δὲ</strong></span> <span class='ocrx_word' id='word_1_95' title='bbox 2720 874 2929 927; x_wconf 81' lang='grc' dir='ltr'>λευκῶν</span> <span class='ocrx_word' id='word_1_96' title='bbox 2957 873 3267 945; x_wconf 78' lang='grc' dir='ltr'><strong>γενομένων</strong></span> <span class='ocrx_word' id='word_1_97' title='bbox 3304 874 3413 928; x_wconf 86' lang='grc' dir='ltr'><strong>τῶν</strong></span> <span class='ocrx_word' id='word_1_98' title='bbox 3448 875 3640 947; x_wconf 88' lang='grc' dir='ltr'>χωρῶν</span> <span class='ocrx_word' id='word_1_99' title='bbox 3670 877 3800 940; x_wconf 81' lang='grc' dir='ltr'>τοὺς</span> 
     </span>
    </p>
   </div>
   <div class='ocr_carea' id='block_1_14' title="bbox 518 967 2104 1038">
    <p class='ocr_par' dir='ltr' id='par_1_14' title="bbox 518 967 2104 1038">
     <span class='ocr_line' id='line_1_14' title="bbox 518 967 2104 1038; baseline -0.003 -13"><span class='ocrx_word' id='word_1_100' title='bbox 518 972 687 1026; x_wconf 91' lang='lat' dir='ltr'><strong>nostri</strong></span> <span class='ocrx_word' id='word_1_101' title='bbox 738 971 868 1027; x_wconf 77' lang='lat' dir='ltr'><strong>Jesu</strong></span> <span class='ocrx_word' id='word_1_102' title='bbox 932 968 1183 1034; x_wconf 83' lang='lat' dir='ltr'><strong>Christi,</strong></span> <span class='ocrx_word' id='word_1_103' title='bbox 1236 970 1326 1038; x_wconf 89' lang='lat' dir='ltr'><strong>qui</strong></span> <span class='ocrx_word' id='word_1_104' title='bbox 1365 969 1448 1024; x_wconf 91' lang='lat' dir='ltr'><strong>eis</strong></span> <span class='ocrx_word' id='word_1_105' title='bbox 1482 976 1815 1038; x_wconf 69' lang='lat' dir='ltr'><strong>praeceperat</strong></span> <span class='ocrx_word' id='word_1_106' title='bbox 1865 977 1925 1022; x_wconf 93' lang='lat' dir='ltr'><strong>ut</strong></span> <span class='ocrx_word' id='word_1_107' title='bbox 1959 967 2104 1021; x_wconf 83' lang='lat' dir='ltr'><strong>vide-</strong></span> 
     </span>
    </p>
   </div>
   <div class='ocr_carea' id='block_1_15' title="bbox 518 1061 2103 1135">
    <p class='ocr_par' dir='ltr' id='par_1_15' title="bbox 518 1061 2103 1135">
     <span class='ocr_line' id='line_1_15' title="bbox 518 1061 2103 1135; baseline -0.004 -16"><span class='ocrx_word' id='word_1_108' title='bbox 518 1076 641 1120; x_wconf 85' lang='lat' dir='ltr'><strong>rent</strong></span> <span class='ocrx_word' id='word_1_109' title='bbox 692 1067 967 1135; x_wconf 81' lang='lat' dir='ltr'><strong>quomodo</strong></span> <span class='ocrx_word' id='word_1_110' title='bbox 1025 1064 1278 1134; x_wconf 78' lang='lat' dir='ltr'><strong>regiones</strong></span> <span class='ocrx_word' id='word_1_111' title='bbox 1324 1061 1438 1132; x_wconf 81' lang='lat' dir='ltr'><strong>jam</strong></span> <span class='ocrx_word' id='word_1_112' title='bbox 1483 1062 1619 1115; x_wconf 68' lang='lat' dir='ltr'><strong>nilne</strong></span> <span class='ocrx_word' id='word_1_113' title='bbox 1644 1069 1829 1115; x_wconf 83' lang='lat' dir='ltr'><strong>essent</strong></span> <span class='ocrx_word' id='word_1_114' title='bbox 1858 1061 1926 1115; x_wconf 85' lang='lat' dir='ltr'><strong>ad</strong></span> <span class='ocrx_word' id='word_1_115' title='bbox 1961 1074 2103 1113; x_wconf 87' lang='lat' dir='ltr'><strong>mes-</strong></span> 
     </span>
    </p>
   </div>
   <div class='ocr_carea' id='block_1_16' title="bbox 517 1152 2103 1223">
    <p class='ocr_par' dir='ltr' id='par_1_16' title="bbox 517 1152 2103 1223">
     <span class='ocr_line' id='line_1_16' title="bbox 517 1152 2103 1223; baseline -0.003 -12"><span class='ocrx_word' id='word_1_116' title='bbox 517 1174 668 1223; x_wconf 86' lang='lat' dir='ltr'><strong>sem;</strong></span> <span class='ocrx_word' id='word_1_117' title='bbox 693 1159 856 1212; x_wconf 80' lang='lat' dir='ltr'><strong>etiam</strong></span> <span class='ocrx_word' id='word_1_118' title='bbox 891 1162 971 1214; x_wconf 92' lang='lat' dir='ltr'><strong>sic</strong></span> <span class='ocrx_word' id='word_1_119' title='bbox 1010 1157 1360 1211; x_wconf 81' lang='lat' dir='ltr'><strong>manifestum</strong></span> <span class='ocrx_word' id='word_1_120' title='bbox 1393 1164 1479 1209; x_wconf 85' lang='lat' dir='ltr'><strong>est</strong></span> <span class='ocrx_word' id='word_1_121' title='bbox 1507 1169 1744 1223; x_wconf 88' lang='lat' dir='ltr'><strong>quonam</strong></span> <span class='ocrx_word' id='word_1_122' title='bbox 1770 1162 1930 1221; x_wconf 90' lang='lat' dir='ltr'><strong>pacto</strong></span> <span class='ocrx_word' id='word_1_123' title='bbox 1958 1152 2103 1207; x_wconf 86' lang='lat' dir='ltr'><strong>alius</strong></span> 
     </span>
    </p>
   </div>
   <div class='ocr_carea' id='block_1_17' title="bbox 517 1245 2102 1319">
    <p class='ocr_par' dir='ltr' id='par_1_17' title="bbox 517 1245 2102 1319">
     <span class='ocr_line' id='line_1_17' title="bbox 517 1245 2102 1319; baseline -0.003 -15"><span class='ocrx_word' id='word_1_124' title='bbox 517 1251 590 1304; x_wconf 91' lang='lat' dir='ltr'><strong>sit</strong></span> <span class='ocrx_word' id='word_1_125' title='bbox 616 1251 706 1319; x_wconf 91' lang='lat' dir='ltr'><strong>qui</strong></span> <span class='ocrx_word' id='word_1_126' title='bbox 740 1252 998 1314; x_wconf 87' lang='lat' dir='ltr'><strong>seminat,</strong></span> <span class='ocrx_word' id='word_1_127' title='bbox 1034 1260 1085 1304; x_wconf 88' lang='lat' dir='ltr'><strong>et</strong></span> <span class='ocrx_word' id='word_1_128' title='bbox 1118 1250 1257 1301; x_wconf 87' lang='lat' dir='ltr'><strong>alius</strong></span> <span class='ocrx_word' id='word_1_129' title='bbox 1286 1249 1378 1317; x_wconf 87' lang='lat' dir='ltr'><strong>qui</strong></span> <span class='ocrx_word' id='word_1_130' title='bbox 1430 1247 1604 1304; x_wconf 85' lang='lat' dir='ltr'><strong>metit.</strong></span> <span class='ocrx_word' id='word_1_131' title='bbox 1635 1245 1938 1301; x_wconf 88' lang='lat' dir='ltr'><strong>Considera</strong></span> <span class='ocrx_word' id='word_1_132' title='bbox 1966 1258 2102 1300; x_wconf 80' lang='lat' dir='ltr'><strong>vero</strong></span> 
     </span>
    </p>
   </div>
   <div class='ocr_carea' id='block_1_18' title="bbox 517 1336 2099 1407">
    <p class='ocr_par' dir='ltr' id='par_1_18' title="bbox 517 1336 2099 1407">
     <span class='ocr_line' id='line_1_18' title="bbox 517 1336 2099 1407; baseline -0.003 -13"><span class='ocrx_word' id='word_1_133' title='bbox 517 1358 646 1395; x_wconf 87' lang='lat' dir='ltr'><strong>num</strong></span> <span class='ocrx_word' id='word_1_134' title='bbox 672 1342 814 1396; x_wconf 81' lang='lat' dir='ltr'><strong>alius</strong></span> <span class='ocrx_word' id='word_1_135' title='bbox 849 1353 902 1396; x_wconf 90' lang='lat' dir='ltr'><strong>et</strong></span> <span class='ocrx_word' id='word_1_136' title='bbox 931 1341 1072 1396; x_wconf 86' lang='lat' dir='ltr'><strong>alius</strong></span> <span class='ocrx_word' id='word_1_137' title='bbox 1105 1342 1309 1394; x_wconf 90' lang='lat' dir='ltr'><strong>idcirco</strong></span> <span class='ocrx_word' id='word_1_138' title='bbox 1337 1340 1573 1404; x_wconf 83' lang='lat' dir='ltr'><strong>dicatur,</strong></span> <span class='ocrx_word' id='word_1_139' title='bbox 1621 1352 1687 1391; x_wconf 89' lang='lat' dir='ltr'><strong>eo</strong></span> <span class='ocrx_word' id='word_1_140' title='bbox 1729 1338 1873 1406; x_wconf 89' lang='lat' dir='ltr'><strong>quod</strong></span> <span class='ocrx_word' id='word_1_141' title='bbox 1906 1337 1984 1392; x_wconf 91' lang='lat' dir='ltr'><strong>illi</strong></span> <span class='ocrx_word' id='word_1_142' title='bbox 2011 1336 2099 1407; x_wconf 83' lang='lat' dir='ltr'><strong>ju-</strong></span> 
     </span>
    </p>
   </div>
   <div class='ocr_carea' id='block_1_19' title="bbox 516 1430 2106 1503">
    <p class='ocr_par' dir='ltr' id='par_1_19' title="bbox 516 1430 2106 1503">
     <span class='ocr_line' id='line_1_19' title="bbox 516 1430 2106 1503; baseline -0.003 -16"><span class='ocrx_word' id='word_1_143' title='bbox 516 1434 828 1488; x_wconf 82' lang='lat' dir='ltr'><strong>stiiicentur</strong></span> <span class='ocrx_word' id='word_1_144' title='bbox 871 1434 1090 1503; x_wconf 84' lang='lat' dir='ltr'><strong>quidem</strong></span> <span class='ocrx_word' id='word_1_145' title='bbox 1125 1433 1218 1485; x_wconf 89' lang='lat' dir='ltr'><strong>tali</strong></span> <span class='ocrx_word' id='word_1_146' title='bbox 1277 1432 1399 1485; x_wconf 64' lang='lat' dir='ltr'><strong>vita:</strong></span> <span class='ocrx_word' id='word_1_147' title='bbox 1433 1431 1708 1494; x_wconf 85' lang='lat' dir='ltr'><strong>instituto,</strong></span> <span class='ocrx_word' id='word_1_148' title='bbox 1747 1430 1800 1484; x_wconf 93' lang='lat' dir='ltr'><strong>hi</strong></span> <span class='ocrx_word' id='word_1_149' title='bbox 1841 1444 1968 1484; x_wconf 84' lang='lat' dir='ltr'><strong>vero</strong></span> <span class='ocrx_word' id='word_1_150' title='bbox 1996 1430 2106 1483; x_wconf 88' lang='lat' dir='ltr'><strong>alio</strong></span> 
     </span>
    </p>
   </div>
   <div class='ocr_carea' id='block_1_20' title="bbox 517 1523 2092 1595">
    <p class='ocr_par' dir='ltr' id='par_1_20' title="bbox 517 1523 2092 1595">
     <span class='ocr_line' id='line_1_20' title="bbox 517 1523 2092 1595; baseline -0.003 -14"><span class='ocrx_word' id='word_1_151' title='bbox 517 1536 721 1595; x_wconf 70' lang='lat' dir='ltr'><strong>prmter</strong></span> <span class='ocrx_word' id='word_1_152' title='bbox 750 1528 922 1587; x_wconf 89' lang='lat' dir='ltr'><strong>illud,</strong></span> <span class='ocrx_word' id='word_1_153' title='bbox 971 1529 1106 1581; x_wconf 85' lang='lat' dir='ltr'><strong>adeo</strong></span> <span class='ocrx_word' id='word_1_154' title='bbox 1156 1536 1215 1579; x_wconf 92' lang='lat' dir='ltr'><strong>ut</strong></span> <span class='ocrx_word' id='word_1_155' title='bbox 1266 1527 1501 1578; x_wconf 84' lang='lat' dir='ltr'><strong>alterum</strong></span> <span class='ocrx_word' id='word_1_156' title='bbox 1535 1523 1763 1594; x_wconf 86' lang='lat' dir='ltr'><strong>legalem</strong></span> <span class='ocrx_word' id='word_1_157' title='bbox 1790 1564 1807 1590; x_wconf 91' lang='lat'><strong>,</strong></span> <span class='ocrx_word' id='word_1_158' title='bbox 1858 1523 2092 1577; x_wconf 71' lang='lat' dir='ltr'><strong>alterum</strong></span> 
     </span>
    </p>
   </div>
   <div class='ocr_carea' id='block_1_21' title="bbox 516 1612 2106 1688">
    <p class='ocr_par' dir='ltr' id='par_1_21' title="bbox 516 1612 2106 1688">
     <span class='ocr_line' id='line_1_21' title="bbox 516 1612 2106 1688; baseline -0.004 -16"><span class='ocrx_word' id='word_1_159' title='bbox 516 1618 887 1688; x_wconf 79' lang='lat' dir='ltr'><strong>evangelicum</strong></span> <span class='ocrx_word' id='word_1_160' title='bbox 935 1616 1204 1672; x_wconf 78' lang='lat' dir='ltr'><strong>dicamus.</strong></span> <span class='ocrx_word' id='word_1_161' title='bbox 1265 1615 1523 1668; x_wconf 80' lang='lat' dir='ltr'><strong>Attamen</strong></span> <span class='ocrx_word' id='word_1_162' title='bbox 1600 1612 1762 1669; x_wconf 87' lang='lat' dir='ltr'><strong>simul</strong></span> <span class='ocrx_word' id='word_1_163' title='bbox 1821 1613 2106 1682; x_wconf 87' lang='lat' dir='ltr'><strong>gaudent,</strong></span> 
     </span>
    </p>
   </div>
   <div class='ocr_carea' id='block_1_22' title="bbox 2202 967 3796 1043">
    <p class='ocr_par' dir='ltr' id='par_1_22' title="bbox 2202 967 3796 1043">
     <span class='ocr_line' id='line_1_22' title="bbox 2202 967 3796 1043; baseline -0.003 -17"><span class='ocrx_word' id='word_1_164' title='bbox 2202 973 2514 1043; x_wconf 82' lang='grc' dir='ltr'>ὲπάραντας</span> <span class='ocrx_word' id='word_1_165' title='bbox 2545 970 2670 1032; x_wconf 77' lang='grc' dir='ltr'>τοὺς</span> <span class='ocrx_word' id='word_1_166' title='bbox 2714 967 3026 1038; x_wconf 80' lang='grc' dir='ltr'>ὀφθαλμοὺς</span> <span class='ocrx_word' id='word_1_167' title='bbox 3057 967 3200 1021; x_wconf 84' lang='grc' dir='ltr'>κατὰ</span> <span class='ocrx_word' id='word_1_168' title='bbox 3238 967 3337 1032; x_wconf 82' lang='grc' dir='ltr'>τὰς</span> <span class='ocrx_word' id='word_1_169' title='bbox 3371 968 3655 1039; x_wconf 78' lang='grc' dir='ltr'>ὑποθήκας</span> <span class='ocrx_word' id='word_1_170' title='bbox 3701 968 3796 1023; x_wconf 78' lang='grc' dir='ltr'>τοῦ</span> 
     </span>
    </p>
   </div>
   <div class='ocr_carea' id='block_1_23' title="bbox 2202 1055 3799 1134">
    <p class='ocr_par' dir='ltr' id='par_1_23' title="bbox 2202 1055 3799 1134">
     <span class='ocr_line' id='line_1_23' title="bbox 2202 1055 3799 1134; baseline -0.004 -18"><span class='ocrx_word' id='word_1_171' title='bbox 2202 1063 2411 1134; x_wconf 82' lang='grc' dir='ltr'>Κυρίου</span> <span class='ocrx_word' id='word_1_172' title='bbox 2440 1059 2550 1132; x_wconf 89' lang='lat'><strong>(99)</strong></span> <span class='ocrx_word' id='word_1_173' title='bbox 2576 1058 2732 1129; x_wconf 76' lang='grc' dir='ltr'>ἡμῶν</span> <span class='ocrx_word' id='word_1_174' title='bbox 2764 1056 2940 1127; x_wconf 80' lang='grc' dir='ltr'><strong>Ἰησοῦ</strong></span> <span class='ocrx_word' id='word_1_175' title='bbox 2960 1055 3223 1127; x_wconf 81' lang='grc' dir='ltr'><strong>Χριστοῦ,</strong></span> <span class='ocrx_word' id='word_1_176' title='bbox 3252 1057 3341 1111; x_wconf 77' lang='grc' dir='ltr'>ἵνα</span> <span class='ocrx_word' id='word_1_177' title='bbox 3371 1055 3673 1111; x_wconf 88' lang='grc' dir='ltr'>θεάσωνται</span> <span class='ocrx_word' id='word_1_178' title='bbox 3699 1057 3799 1120; x_wconf 78' lang='grc' dir='ltr'><strong>τάς</strong></span> 
     </span>
    </p>
   </div>
   <div class='ocr_carea' id='block_1_24' title="bbox 2204 1148 3798 1229">
    <p class='ocr_par' dir='ltr' id='par_1_24' title="bbox 2204 1148 3798 1229">
     <span class='ocr_line' id='line_1_24' title="bbox 2204 1148 3798 1229; baseline -0.011 -19"><span class='ocrx_word' id='word_1_179' title='bbox 2204 1155 2389 1229; x_wconf 84' lang='grc' dir='ltr'>χώρας</span> <span class='ocrx_word' id='word_1_180' title='bbox 2415 1154 2534 1218; x_wconf 90' lang='grc' dir='ltr'><strong>πῶς</strong></span> <span class='ocrx_word' id='word_1_181' title='bbox 2561 1148 2702 1223; x_wconf 80' lang='grc' dir='ltr'>ἦσαν</span> <span class='ocrx_word' id='word_1_182' title='bbox 2727 1151 2922 1205; x_wconf 77' lang='grc' dir='ltr'>λευκαὶ</span> <span class='ocrx_word' id='word_1_183' title='bbox 2959 1152 3094 1221; x_wconf 70' lang='grc' dir='ltr'>πρὸς</span> <span class='ocrx_word' id='word_1_184' title='bbox 3125 1149 3385 1222; x_wconf 74' lang='grc' dir='ltr'>θερισμὸν</span> <span class='ocrx_word' id='word_1_185' title='bbox 3418 1150 3543 1223; x_wconf 71' lang='grc' dir='ltr'>ἢδη,</span> <span class='ocrx_word' id='word_1_186' title='bbox 3572 1152 3669 1205; x_wconf 71' lang='grc' dir='ltr'><strong>καὶ</strong></span> <span class='ocrx_word' id='word_1_187' title='bbox 3703 1151 3798 1206; x_wconf 69' lang='grc' dir='ltr'><strong>οὗ-</strong></span> 
     </span>
    </p>
   </div>
   <div class='ocr_carea' id='block_1_25' title="bbox 2203 1242 3796 1319">
    <p class='ocr_par' dir='ltr' id='par_1_25' title="bbox 2203 1242 3796 1319">
     <span class='ocr_line' id='line_1_25' title="bbox 2203 1242 3796 1319; baseline -0.002 -17"><span class='ocrx_word' id='word_1_188' title='bbox 2203 1267 2283 1302; x_wconf 87' lang='grc' dir='ltr'><strong>τω</strong></span> <span class='ocrx_word' id='word_1_189' title='bbox 2307 1247 2465 1319; x_wconf 84' lang='grc' dir='ltr'>δῆλον</span> <span class='ocrx_word' id='word_1_190' title='bbox 2491 1246 2609 1309; x_wconf 86' lang='grc' dir='ltr'><strong>πῶς</strong></span> <span class='ocrx_word' id='word_1_191' title='bbox 2635 1245 2793 1308; x_wconf 75' lang='grc' dir='ltr'>ἄλλος</span> <span class='ocrx_word' id='word_1_192' title='bbox 2828 1247 2857 1298; x_wconf 96' lang='lat'><strong>6</strong></span> <span class='ocrx_word' id='word_1_193' title='bbox 2880 1242 3145 1314; x_wconf 84' lang='grc' dir='ltr'>σπείρων,</span> <span class='ocrx_word' id='word_1_194' title='bbox 3193 1244 3288 1296; x_wconf 82' lang='grc' dir='ltr'>καὶ</span> <span class='ocrx_word' id='word_1_195' title='bbox 3315 1242 3472 1307; x_wconf 84' lang='grc' dir='ltr'>άλλος</span> <span class='ocrx_word' id='word_1_196' title='bbox 3495 1245 3525 1296; x_wconf 94' lang='lat'><strong>6</strong></span> <span class='ocrx_word' id='word_1_197' title='bbox 3544 1242 3796 1315; x_wconf 86' lang='grc' dir='ltr'>θερίζων.</span> 
     </span>
    </p>
   </div>
   <div class='ocr_carea' id='block_1_26' title="bbox 2205 1334 3800 1407">
    <p class='ocr_par' dir='ltr' id='par_1_26' title="bbox 2205 1334 3800 1407">
     <span class='ocr_line' id='line_1_26' title="bbox 2205 1334 3800 1407; baseline -0.003 -14"><span class='ocrx_word' id='word_1_198' title='bbox 2205 1340 2408 1394; x_wconf 82' lang='grc' dir='ltr'>Σκόπει</span> <span class='ocrx_word' id='word_1_199' title='bbox 2432 1338 2489 1391; x_wconf 81' lang='grc' dir='ltr'>δὲ</span> <span class='ocrx_word' id='word_1_200' title='bbox 2518 1340 2568 1391; x_wconf 86' lang='grc' dir='ltr'><strong>εί</strong></span> <span class='ocrx_word' id='word_1_201' title='bbox 2598 1337 2680 1399; x_wconf 84' lang='grc' dir='ltr'><strong>τὸ,</strong></span> <span class='ocrx_word' id='word_1_202' title='bbox 2709 1336 2868 1399; x_wconf 77' lang='grc' dir='ltr'>ἄλλος</span> <span class='ocrx_word' id='word_1_203' title='bbox 2895 1335 2988 1389; x_wconf 77' lang='grc' dir='ltr'><strong>καὶ</strong></span> <span class='ocrx_word' id='word_1_204' title='bbox 3016 1334 3193 1399; x_wconf 76' lang='grc' dir='ltr'>ἄλλος,</span> <span class='ocrx_word' id='word_1_205' title='bbox 3220 1335 3450 1390; x_wconf 72' lang='grc' dir='ltr'>δυνατὸν</span> <span class='ocrx_word' id='word_1_206' title='bbox 3478 1337 3671 1407; x_wconf 79' lang='grc' dir='ltr'>νοῆσαι</span> <span class='ocrx_word' id='word_1_207' title='bbox 3708 1336 3800 1390; x_wconf 86' lang='grc' dir='ltr'>διὰ</span> 
     </span>
    </p>
   </div>
   <div class='ocr_carea' id='block_1_27' title="bbox 2204 1424 3796 1499">
    <p class='ocr_par' dir='ltr' id='par_1_27' title="bbox 2204 1424 3796 1499">
     <span class='ocr_line' id='line_1_27' title="bbox 2204 1424 3796 1499; baseline -0.003 -15"><span class='ocrx_word' id='word_1_208' title='bbox 2204 1430 2267 1484; x_wconf 80' lang='grc' dir='ltr'><strong>τὸ</strong></span> <span class='ocrx_word' id='word_1_209' title='bbox 2298 1430 2539 1493; x_wconf 71' lang='grc' dir='ltr'>ἐκείνους</span> <span class='ocrx_word' id='word_1_210' title='bbox 2576 1428 2673 1499; x_wconf 81' lang='grc' dir='ltr'>μὲν</span> <span class='ocrx_word' id='word_1_211' title='bbox 2704 1427 2798 1481; x_wconf 72' lang='grc' dir='ltr'>ἐπὶ</span> <span class='ocrx_word' id='word_1_212' title='bbox 2828 1426 3007 1497; x_wconf 76' lang='grc' dir='ltr'>τοιᾷδε</span> <span class='ocrx_word' id='word_1_213' title='bbox 3045 1424 3161 1496; x_wconf 87' lang='grc' dir='ltr'>βίου</span> <span class='ocrx_word' id='word_1_214' title='bbox 3198 1426 3392 1498; x_wconf 80' lang='grc' dir='ltr'><strong>ἀγωγῇ</strong></span> <span class='ocrx_word' id='word_1_215' title='bbox 3434 1425 3796 1488; x_wconf 79' lang='grc' dir='ltr'>δικαιοῦσθαι,</span> 
     </span>
    </p>
   </div>
   <div class='ocr_carea' id='block_1_28' title="bbox 2206 1516 3800 1591">
    <p class='ocr_par' dir='ltr' id='par_1_28' title="bbox 2206 1516 3800 1591">
     <span class='ocr_line' id='line_1_28' title="bbox 2206 1516 3800 1591; baseline -0.003 -15"><span class='ocrx_word' id='word_1_216' title='bbox 2206 1522 2431 1585; x_wconf 82' lang='grc' dir='ltr'>τούτους</span> <span class='ocrx_word' id='word_1_217' title='bbox 2467 1521 2526 1575; x_wconf 80' lang='grc' dir='ltr'>δὲ</span> <span class='ocrx_word' id='word_1_218' title='bbox 2558 1522 2651 1574; x_wconf 73' lang='grc' dir='ltr'><strong>ἐπὶ</strong></span> <span class='ocrx_word' id='word_1_219' title='bbox 2693 1519 2857 1591; x_wconf 69' lang='grc' dir='ltr'>ἑτέρᾳ</span> <span class='ocrx_word' id='word_1_220' title='bbox 2889 1518 3022 1591; x_wconf 78' lang='grc' dir='ltr'>παρ’</span> <span class='ocrx_word' id='word_1_221' title='bbox 3063 1518 3301 1590; x_wconf 71' lang='grc' dir='ltr'>ὲκείνηνσ</span> <span class='ocrx_word' id='word_1_222' title='bbox 3335 1516 3478 1571; x_wconf 86' lang='grc' dir='ltr'>ὥστε</span> <span class='ocrx_word' id='word_1_223' title='bbox 3509 1519 3684 1573; x_wconf 81' lang='grc' dir='ltr'>εἰπεῖν</span> <span class='ocrx_word' id='word_1_224' title='bbox 3704 1518 3800 1572; x_wconf 76' lang='grc' dir='ltr'><strong>ἆλ-</strong></span> 
     </span>
    </p>
   </div>
   <div class='ocr_carea' id='block_1_29' title="bbox 2208 1610 3800 1686">
    <p class='ocr_par' dir='ltr' id='par_1_29' title="bbox 2208 1610 3800 1686">
     <span class='ocr_line' id='line_1_29' title="bbox 2208 1610 3800 1686; baseline -0.003 -17"><span class='ocrx_word' id='word_1_225' title='bbox 2208 1615 2300 1670; x_wconf 88' lang='grc' dir='ltr'><strong>λον</strong></span> <span class='ocrx_word' id='word_1_226' title='bbox 2334 1616 2430 1686; x_wconf 82' lang='grc' dir='ltr'>μὲν</span> <span class='ocrx_word' id='word_1_227' title='bbox 2456 1614 2547 1668; x_wconf 78' lang='grc' dir='ltr'>τὸν</span> <span class='ocrx_word' id='word_1_228' title='bbox 2575 1613 2821 1684; x_wconf 81' lang='grc' dir='ltr'>νομικὸν,</span> <span class='ocrx_word' id='word_1_229' title='bbox 2842 1611 3002 1667; x_wconf 73' lang='grc' dir='ltr'>ἄλλον</span> <span class='ocrx_word' id='word_1_230' title='bbox 3028 1610 3088 1665; x_wconf 71' lang='grc' dir='ltr'>δὲ</span> <span class='ocrx_word' id='word_1_231' title='bbox 3116 1610 3208 1665; x_wconf 82' lang='grc' dir='ltr'><strong>τὸν</strong></span> <span class='ocrx_word' id='word_1_232' title='bbox 3240 1611 3617 1681; x_wconf 81' lang='grc' dir='ltr'>εὐαγγελικόν.</span> <span class='ocrx_word' id='word_1_233' title='bbox 3654 1611 3800 1683; x_wconf 77' lang='grc' dir='ltr'>Πλὴν</span> 
     </span>
    </p>
   </div>
   <div class='ocr_carea' id='block_1_30' title="bbox 516 1702 2111 1779">
    <p class='ocr_par' dir='ltr' id='par_1_30' title="bbox 516 1705 2105 1777">
     <span class='ocr_line' id='line_1_30' title="bbox 516 1705 2105 1777; baseline -0.003 -14"><span class='ocrx_word' id='word_1_234' title='bbox 516 1724 628 1763; x_wconf 89' lang='lat' dir='ltr'><strong>uno</strong></span> <span class='ocrx_word' id='word_1_235' title='bbox 679 1709 784 1763; x_wconf 86' lang='lat' dir='ltr'><strong>line</strong></span> <span class='ocrx_word' id='word_1_236' title='bbox 818 1709 1063 1777; x_wconf 90' lang='lat' dir='ltr'><strong>utrisque</strong></span> <span class='ocrx_word' id='word_1_237' title='bbox 1119 1706 1358 1774; x_wconf 81' lang='lat' dir='ltr'><strong>reposito</strong></span> <span class='ocrx_word' id='word_1_238' title='bbox 1406 1705 1477 1760; x_wconf 88' lang='lat' dir='ltr'><strong>ab</strong></span> <span class='ocrx_word' id='word_1_239' title='bbox 1512 1719 1622 1760; x_wconf 91' lang='lat' dir='ltr'><strong>uno</strong></span> <span class='ocrx_word' id='word_1_240' title='bbox 1670 1705 1782 1760; x_wconf 84' lang='lat' dir='ltr'><strong>Deo</strong></span> <span class='ocrx_word' id='word_1_241' title='bbox 1811 1718 1907 1774; x_wconf 82' lang='lat' dir='ltr'><strong>per</strong></span> <span class='ocrx_word' id='word_1_242' title='bbox 1938 1720 2105 1760; x_wconf 76' lang='lat' dir='ltr'><strong>unum</strong></span> 
     </span>
    </p>
   </div>
   <div class='ocr_carea' id='block_1_31' title="bbox 2211 1702 3800 1779">
    <p class='ocr_par' dir='ltr' id='par_1_31' title="bbox 2212 1702 3800 1779">
     <span class='ocr_line' id='line_1_31' title="bbox 2212 1702 3800 1779; baseline -0.003 -18"><span class='ocrx_word' id='word_1_243' title='bbox 2212 1707 2331 1779; x_wconf 73' lang='grc' dir='ltr'><strong>ἅμα</strong></span> <span class='ocrx_word' id='word_1_244' title='bbox 2373 1707 2657 1779; x_wconf 83' lang='grc' dir='ltr'>χαίρουσιν</span> <span class='ocrx_word' id='word_1_245' title='bbox 2688 1705 2807 1769; x_wconf 78' lang='grc' dir='ltr'>ἑνὸς</span> <span class='ocrx_word' id='word_1_246' title='bbox 2835 1704 3021 1768; x_wconf 80' lang='grc' dir='ltr'>τέλους</span> <span class='ocrx_word' id='word_1_247' title='bbox 3066 1704 3175 1758; x_wconf 82' lang='grc' dir='ltr'><strong>ἀπὸ</strong></span> <span class='ocrx_word' id='word_1_248' title='bbox 3206 1703 3326 1768; x_wconf 79' lang='grc' dir='ltr'>ἑνὸς</span> <span class='ocrx_word' id='word_1_249' title='bbox 3352 1702 3489 1757; x_wconf 83' lang='grc' dir='ltr'><strong>Θεοῦ</strong></span> <span class='ocrx_word' id='word_1_250' title='bbox 3535 1702 3624 1757; x_wconf 80' lang='grc' dir='ltr'>διὰ</span> <span class='ocrx_word' id='word_1_251' title='bbox 3682 1704 3800 1768; x_wconf 78' lang='grc' dir='ltr'>ἐνὸς</span> 
     </span>
    </p>
   </div>
   <div class='ocr_carea' id='block_1_32' title="bbox 517 1798 1514 1870">
    <p class='ocr_par' dir='ltr' id='par_1_32' title="bbox 517 1798 1514 1870">
     <span class='ocr_line' id='line_1_32' title="bbox 517 1798 1514 1870; baseline -0.005 -12"><span class='ocrx_word' id='word_1_252' title='bbox 517 1803 799 1859; x_wconf 87' lang='lat' dir='ltr'><strong>Christum</strong></span> <span class='ocrx_word' id='word_1_253' title='bbox 836 1801 890 1855; x_wconf 91' lang='lat' dir='ltr'><strong>in</strong></span> <span class='ocrx_word' id='word_1_254' title='bbox 925 1817 1035 1856; x_wconf 86' lang='lat' dir='ltr'><strong>uno</strong></span> <span class='ocrx_word' id='word_1_255' title='bbox 1063 1810 1254 1856; x_wconf 87' lang='lat' dir='ltr'><strong>sancto</strong></span> <span class='ocrx_word' id='word_1_256' title='bbox 1278 1798 1514 1870; x_wconf 83' lang='lat' dir='ltr'><strong>Spiritu.</strong></span> 
     </span>
    </p>
   </div>
   <div class='ocr_carea' id='block_1_33' title="bbox 587 1973 2104 2044">
    <p class='ocr_par' dir='ltr' id='par_1_33' title="bbox 587 1973 2104 2044">
     <span class='ocr_line' id='line_1_33' title="bbox 587 1973 2104 2044; baseline -0.003 -12"><span class='ocrx_word' id='word_1_257' title='bbox 587 1976 680 2033; x_wconf 71' lang='grc'><strong>48.</strong></span> <span class='ocrx_word' id='word_1_258' title='bbox 706 1978 777 2032; x_wconf 81' lang='lat' dir='ltr'><strong>At</strong></span> <span class='ocrx_word' id='word_1_259' title='bbox 805 1976 1102 2032; x_wconf 83' lang='lat' dir='ltr'><strong>Heracleon</strong></span> <span class='ocrx_word' id='word_1_260' title='bbox 1133 1975 1250 2031; x_wconf 61' lang='lat' dir='ltr'><strong>haec</strong></span> <span class='ocrx_word' id='word_1_261' title='bbox 1280 1976 1451 2031; x_wconf 83' lang='lat' dir='ltr'><strong>verba</strong></span> <span class='ocrx_word' id='word_1_262' title='bbox 1482 1992 1496 2030; x_wconf 93' lang='lat'><strong>:</strong></span> <span class='ocrx_word' id='word_1_263' title='bbox 1540 1993 1558 2026; x_wconf 79' lang='grc' dir='ltr'><strong>ι</strong></span> <span class='ocrx_word' id='word_1_264' title='bbox 1604 1974 1672 2031; x_wconf 90' lang='lat' dir='ltr'><strong>Ut</strong></span> <span class='ocrx_word' id='word_1_265' title='bbox 1700 1973 1791 2044; x_wconf 89' lang='lat' dir='ltr'><strong>qui</strong></span> <span class='ocrx_word' id='word_1_266' title='bbox 1847 1973 2104 2039; x_wconf 81' lang='lat' dir='ltr'><strong>seminat,</strong></span> 
     </span>
    </p>
   </div>
   <div class='ocr_carea' id='block_1_34' title="bbox 518 2066 2103 2139">
    <p class='ocr_par' dir='ltr' id='par_1_34' title="bbox 518 2066 2103 2139">
     <span class='ocr_line' id='line_1_34' title="bbox 518 2066 2103 2139; baseline -0.003 -13"><span class='ocrx_word' id='word_1_267' title='bbox 518 2071 683 2126; x_wconf 82' lang='lat' dir='ltr'><strong>simul</strong></span> <span class='ocrx_word' id='word_1_268' title='bbox 735 2071 990 2139; x_wconf 79' lang='lat' dir='ltr'><strong>gaudeat,</strong></span> <span class='ocrx_word' id='word_1_269' title='bbox 1042 2079 1100 2125; x_wconf 90' lang='lat' dir='ltr'><strong>et</strong></span> <span class='ocrx_word' id='word_1_270' title='bbox 1147 2072 1240 2139; x_wconf 89' lang='lat' dir='ltr'><strong>qui</strong></span> <span class='ocrx_word' id='word_1_271' title='bbox 1296 2068 1497 2135; x_wconf 88' lang='lat' dir='ltr'><strong>metit,</strong></span> <span class='ocrx_word' id='word_1_272' title='bbox 1555 2087 1574 2119; x_wconf 76' lang='grc' dir='ltr'><strong>ι</strong></span> <span class='ocrx_word' id='word_1_273' title='bbox 1638 2069 1721 2122; x_wconf 91' lang='lat' dir='ltr'><strong>sic</strong></span> <span class='ocrx_word' id='word_1_274' title='bbox 1778 2066 2103 2122; x_wconf 76' lang='lat' dir='ltr'><strong>enarravit:</strong></span> 
     </span>
    </p>
   </div>
   <div class='ocr_carea' id='block_1_35' title="bbox 522 2158 2105 2232">
    <p class='ocr_par' dir='ltr' id='par_1_35' title="bbox 522 2158 2105 2232">
     <span class='ocr_line' id='line_1_35' title="bbox 522 2158 2105 2232; baseline -0.004 -17"><span class='ocrx_word' id='word_1_275' title='bbox 522 2182 543 2215; x_wconf 77' lang='grc' dir='ltr'><strong>ι</strong></span> <span class='ocrx_word' id='word_1_276' title='bbox 580 2160 790 2217; x_wconf 84' lang='lat' dir='ltr'><strong>Gaudet</strong></span> <span class='ocrx_word' id='word_1_277' title='bbox 816 2162 1059 2232; x_wconf 89' lang='lat' dir='ltr'><strong>quidem,</strong></span> <span class='ocrx_word' id='word_1_278' title='bbox 1099 2160 1294 2229; x_wconf 87' lang='lat' dir='ltr'><strong>inquit,</strong></span> <span class='ocrx_word' id='word_1_279' title='bbox 1330 2160 1421 2228; x_wconf 91' lang='lat' dir='ltr'><strong>qui</strong></span> <span class='ocrx_word' id='word_1_280' title='bbox 1469 2158 1730 2221; x_wconf 88' lang='lat' dir='ltr'><strong>seminat,</strong></span> <span class='ocrx_word' id='word_1_281' title='bbox 1761 2168 1819 2213; x_wconf 91' lang='lat' dir='ltr'><strong>et</strong></span> <span class='ocrx_word' id='word_1_282' title='bbox 1845 2158 2105 2226; x_wconf 79' lang='lat' dir='ltr'><strong>quoniam</strong></span> 
     </span>
    </p>
   </div>
   <div class='ocr_carea' id='block_1_36' title="bbox 518 2246 2108 2320">
    <p class='ocr_par' dir='ltr' id='par_1_36' title="bbox 518 2246 2108 2320">
     <span class='ocr_line' id='line_1_36' title="bbox 518 2246 2108 2320; baseline -0.007 -10"><span class='ocrx_word' id='word_1_283' title='bbox 518 2254 777 2317; x_wconf 82' lang='lat' dir='ltr'><strong>seminat,</strong></span> <span class='ocrx_word' id='word_1_284' title='bbox 819 2261 875 2306; x_wconf 92' lang='lat' dir='ltr'><strong>et</strong></span> <span class='ocrx_word' id='word_1_285' title='bbox 921 2251 1068 2320; x_wconf 87' lang='lat' dir='ltr'><strong>quod</strong></span> <span class='ocrx_word' id='word_1_286' title='bbox 1104 2250 1317 2318; x_wconf 90' lang='lat' dir='ltr'><strong>species</strong></span> <span class='ocrx_word' id='word_1_287' title='bbox 1348 2247 1599 2318; x_wconf 69' lang='lat' dir='ltr'><strong>quaadam</strong></span> <span class='ocrx_word' id='word_1_288' title='bbox 1632 2247 1902 2301; x_wconf 89' lang='lat' dir='ltr'><strong>seminum</strong></span> <span class='ocrx_word' id='word_1_289' title='bbox 1938 2246 2108 2317; x_wconf 89' lang='lat' dir='ltr'><strong>ipsius</strong></span> 
     </span>
    </p>
   </div>
   <div class='ocr_carea' id='block_1_37' title="bbox 519 2334 2104 2413">
    <p class='ocr_par' dir='ltr' id='par_1_37' title="bbox 519 2334 2104 2413">
     <span class='ocr_line' id='line_1_37' title="bbox 519 2334 2104 2413; baseline -0.007 -14"><span class='ocrx_word' id='word_1_290' title='bbox 519 2351 946 2413; x_wconf 82' lang='lat' dir='ltr'><strong>congregantur,</strong></span> <span class='ocrx_word' id='word_1_291' title='bbox 980 2354 1134 2409; x_wconf 87' lang='lat' dir='ltr'><strong>spem</strong></span> <span class='ocrx_word' id='word_1_292' title='bbox 1162 2339 1413 2394; x_wconf 88' lang='lat' dir='ltr'><strong>eamdem</strong></span> <span class='ocrx_word' id='word_1_293' title='bbox 1450 2337 1616 2392; x_wconf 89' lang='lat' dir='ltr'><strong>etiam</strong></span> <span class='ocrx_word' id='word_1_294' title='bbox 1661 2338 1729 2391; x_wconf 89' lang='lat' dir='ltr'><strong>de</strong></span> <span class='ocrx_word' id='word_1_295' title='bbox 1760 2334 1975 2390; x_wconf 75' lang='lat' dir='ltr'><strong>caeteris</strong></span> <span class='ocrx_word' id='word_1_296' title='bbox 2005 2335 2104 2390; x_wconf 83' lang='lat' dir='ltr'><strong>ha-</strong></span> 
     </span>
    </p>
   </div>
   <div class='ocr_carea' id='block_1_38' title="bbox 522 2429 2108 2508">
    <p class='ocr_par' dir='ltr' id='par_1_38' title="bbox 522 2429 2108 2508">
     <span class='ocr_line' id='line_1_38' title="bbox 522 2429 2108 2508; baseline -0.007 -13"><span class='ocrx_word' id='word_1_297' title='bbox 522 2441 658 2495; x_wconf 88' lang='lat' dir='ltr'><strong>bens</strong></span> <span class='ocrx_word' id='word_1_298' title='bbox 681 2456 698 2505; x_wconf 86' lang='lat'><strong>;</strong></span> <span class='ocrx_word' id='word_1_299' title='bbox 723 2438 816 2508; x_wconf 91' lang='lat' dir='ltr'><strong>qui</strong></span> <span class='ocrx_word' id='word_1_300' title='bbox 845 2451 976 2491; x_wconf 86' lang='lat' dir='ltr'><strong>vero</strong></span> <span class='ocrx_word' id='word_1_301' title='bbox 1042 2436 1222 2498; x_wconf 90' lang='lat' dir='ltr'><strong>metit,</strong></span> <span class='ocrx_word' id='word_1_302' title='bbox 1257 2434 1508 2489; x_wconf 90' lang='lat' dir='ltr'><strong>similiter</strong></span> <span class='ocrx_word' id='word_1_303' title='bbox 1537 2432 1739 2500; x_wconf 90' lang='lat' dir='ltr'><strong>aliquid</strong></span> <span class='ocrx_word' id='word_1_304' title='bbox 1774 2429 1933 2486; x_wconf 86' lang='lat' dir='ltr'><strong>metit</strong></span> <span class='ocrx_word' id='word_1_305' title='bbox 1962 2448 1977 2489; x_wconf 84' lang='lat'><strong>;</strong></span> <span class='ocrx_word' id='word_1_306' title='bbox 2012 2429 2108 2485; x_wconf 87' lang='lat' dir='ltr'><strong>sed</strong></span> 
     </span>
    </p>
   </div>
   <div class='ocr_carea' id='block_1_39' title="bbox 521 2522 2110 2601">
    <p class='ocr_par' dir='ltr' id='par_1_39' title="bbox 521 2522 2110 2601">
     <span class='ocr_line' id='line_1_39' title="bbox 521 2522 2110 2601; baseline -0.005 -16"><span class='ocrx_word' id='word_1_307' title='bbox 521 2532 731 2601; x_wconf 87' lang='lat' dir='ltr'><strong>primus</strong></span> <span class='ocrx_word' id='word_1_308' title='bbox 769 2526 992 2598; x_wconf 88' lang='lat' dir='ltr'><strong>quidem</strong></span> <span class='ocrx_word' id='word_1_309' title='bbox 1037 2527 1129 2595; x_wconf 91' lang='lat' dir='ltr'><strong>qui</strong></span> <span class='ocrx_word' id='word_1_310' title='bbox 1161 2526 1444 2588; x_wconf 85' lang='lat' dir='ltr'><strong>seminat,</strong></span> <span class='ocrx_word' id='word_1_311' title='bbox 1501 2524 1771 2593; x_wconf 68' lang='lat' dir='ltr'><strong>hicat-pit,</strong></span> <span class='ocrx_word' id='word_1_312' title='bbox 1833 2522 2110 2580; x_wconf 80' lang='lat' dir='ltr'><strong>secundus</strong></span> 
     </span>
    </p>
   </div>
   <div class='ocr_carea' id='block_1_40' title="bbox 521 2614 2109 2688">
    <p class='ocr_par' dir='ltr' id='par_1_40' title="bbox 521 2614 2109 2688">
     <span class='ocr_line' id='line_1_40' title="bbox 521 2614 2109 2688; baseline -0.004 -16"><span class='ocrx_word' id='word_1_313' title='bbox 521 2636 653 2676; x_wconf 78' lang='lat' dir='ltr'><strong>vero</strong></span> <span class='ocrx_word' id='word_1_314' title='bbox 686 2628 775 2674; x_wconf 90' lang='lat' dir='ltr'><strong>est</strong></span> <span class='ocrx_word' id='word_1_315' title='bbox 822 2619 915 2674; x_wconf 91' lang='lat' dir='ltr'><strong>ille</strong></span> <span class='ocrx_word' id='word_1_316' title='bbox 940 2618 1033 2688; x_wconf 92' lang='lat' dir='ltr'><strong>qui</strong></span> <span class='ocrx_word' id='word_1_317' title='bbox 1075 2618 1272 2682; x_wconf 89' lang='lat' dir='ltr'><strong>metit;</strong></span> <span class='ocrx_word' id='word_1_318' title='bbox 1308 2631 1416 2670; x_wconf 91' lang='lat' dir='ltr'><strong>non</strong></span> <span class='ocrx_word' id='word_1_319' title='bbox 1451 2615 1595 2671; x_wconf 90' lang='lat' dir='ltr'><strong>enim</strong></span> <span class='ocrx_word' id='word_1_320' title='bbox 1627 2614 1817 2670; x_wconf 88' lang='lat' dir='ltr'><strong>eodem</strong></span> <span class='ocrx_word' id='word_1_321' title='bbox 1862 2623 2109 2681; x_wconf 90' lang='lat' dir='ltr'><strong>tempore</strong></span> 
     </span>
    </p>
   </div>
   <div class='ocr_carea' id='block_1_41' title="bbox 522 2704 2106 2783">
    <p class='ocr_par' dir='ltr' id='par_1_41' title="bbox 522 2704 2106 2783">
     <span class='ocr_line' id='line_1_41' title="bbox 522 2704 2106 2783; baseline -0.006 -16"><span class='ocrx_word' id='word_1_322' title='bbox 522 2721 775 2783; x_wconf 87' lang='lat' dir='ltr'><strong>poterant</strong></span> <span class='ocrx_word' id='word_1_323' title='bbox 811 2711 1034 2781; x_wconf 88' lang='lat' dir='ltr'><strong>utrique</strong></span> <span class='ocrx_word' id='word_1_324' title='bbox 1067 2709 1311 2779; x_wconf 78' lang='lat' dir='ltr'><strong>incipere</strong></span> <span class='ocrx_word' id='word_1_325' title='bbox 1336 2724 1352 2767; x_wconf 83' lang='lat'><strong>;</strong></span> <span class='ocrx_word' id='word_1_326' title='bbox 1379 2722 1517 2777; x_wconf 87' lang='lat' dir='ltr'><strong>opus</strong></span> <span class='ocrx_word' id='word_1_327' title='bbox 1541 2708 1688 2761; x_wconf 88' lang='lat' dir='ltr'><strong>enim</strong></span> <span class='ocrx_word' id='word_1_328' title='bbox 1726 2715 1870 2772; x_wconf 87' lang='lat' dir='ltr'><strong>erat,</strong></span> <span class='ocrx_word' id='word_1_329' title='bbox 1902 2713 1963 2759; x_wconf 92' lang='lat' dir='ltr'><strong>ut</strong></span> <span class='ocrx_word' id='word_1_330' title='bbox 1989 2704 2106 2773; x_wconf 87' lang='lat' dir='ltr'><strong>pri-</strong></span> 
     </span>
    </p>
   </div>
   <div class='ocr_carea' id='block_1_42' title="bbox 524 2798 2112 2866">
    <p class='ocr_par' dir='ltr' id='par_1_42' title="bbox 524 2798 2112 2866">
     <span class='ocr_line' id='line_1_42' title="bbox 524 2798 2112 2866; baseline -0.004 -7"><span class='ocrx_word' id='word_1_331' title='bbox 524 2819 675 2859; x_wconf 90' lang='lat' dir='ltr'><strong>mum</strong></span> <span class='ocrx_word' id='word_1_332' title='bbox 721 2805 1113 2866; x_wconf 87' lang='lat' dir='ltr'><strong>seminaretur,</strong></span> <span class='ocrx_word' id='word_1_333' title='bbox 1163 2800 1361 2856; x_wconf 88' lang='lat' dir='ltr'><strong>deinde</strong></span> <span class='ocrx_word' id='word_1_334' title='bbox 1395 2808 1715 2854; x_wconf 87' lang='lat' dir='ltr'><strong>meteretur.</strong></span> <span class='ocrx_word' id='word_1_335' title='bbox 1764 2798 1952 2866; x_wconf 83' lang='lat' dir='ltr'><strong>Itaque</strong></span> <span class='ocrx_word' id='word_1_336' title='bbox 1988 2812 2112 2852; x_wconf 87' lang='lat' dir='ltr'><strong>ces-</strong></span> 
     </span>
    </p>
   </div>
   <div class='ocr_carea' id='block_1_43' title="bbox 525 2888 2107 2954">
    <p class='ocr_par' dir='ltr' id='par_1_43' title="bbox 525 2888 2107 2954">
     <span class='ocr_line' id='line_1_43' title="bbox 525 2888 2107 2954; baseline -0.003 -8"><span class='ocrx_word' id='word_1_337' title='bbox 525 2903 687 2946; x_wconf 88' lang='lat' dir='ltr'><strong>sante</strong></span> <span class='ocrx_word' id='word_1_338' title='bbox 742 2905 771 2944; x_wconf 88' lang='lat' dir='ltr'><strong>a</strong></span> <span class='ocrx_word' id='word_1_339' title='bbox 816 2892 1031 2946; x_wconf 86' lang='lat' dir='ltr'><strong>satione</strong></span> <span class='ocrx_word' id='word_1_340' title='bbox 1079 2900 1283 2954; x_wconf 85' lang='lat' dir='ltr'><strong>satore,</strong></span> <span class='ocrx_word' id='word_1_341' title='bbox 1333 2890 1512 2944; x_wconf 91' lang='lat' dir='ltr'><strong>adhuc</strong></span> <span class='ocrx_word' id='word_1_342' title='bbox 1564 2904 1777 2945; x_wconf 90' lang='lat' dir='ltr'><strong>messor</strong></span> <span class='ocrx_word' id='word_1_343' title='bbox 1827 2897 2017 2945; x_wconf 89' lang='lat' dir='ltr'><strong>metet.</strong></span> <span class='ocrx_word' id='word_1_344' title='bbox 2049 2888 2107 2942; x_wconf 94' lang='lat' dir='ltr'><strong>In</strong></span> 
     </span>
    </p>
   </div>
   <div class='ocr_carea' id='block_1_44' title="bbox 526 2981 2108 3053">
    <p class='ocr_par' dir='ltr' id='par_1_44' title="bbox 526 2981 2108 3053">
     <span class='ocr_line' id='line_1_44' title="bbox 526 2981 2108 3053; baseline -0.001 -18"><span class='ocrx_word' id='word_1_345' title='bbox 526 2982 819 3053; x_wconf 65' lang='lat' dir='ltr'><strong>praesentia</strong></span> <span class='ocrx_word' id='word_1_346' title='bbox 853 2981 1107 3052; x_wconf 88' lang='lat' dir='ltr'><strong>equidem</strong></span> <span class='ocrx_word' id='word_1_347' title='bbox 1138 2983 1354 3051; x_wconf 91' lang='lat' dir='ltr'><strong>utrique</strong></span> <span class='ocrx_word' id='word_1_348' title='bbox 1383 2981 1662 3052; x_wconf 89' lang='lat' dir='ltr'><strong>proprium</strong></span> <span class='ocrx_word' id='word_1_349' title='bbox 1694 2996 1832 3050; x_wconf 81' lang='lat' dir='ltr'><strong>opus</strong></span> <span class='ocrx_word' id='word_1_350' title='bbox 1873 2996 2108 3051; x_wconf 89' lang='lat' dir='ltr'><strong>operan-</strong></span> 
     </span>
    </p>
   </div>
   <div class='ocr_carea' id='block_1_45' title="bbox 527 3075 2180 3173">
    <p class='ocr_par' dir='ltr' id='par_1_45' title="bbox 527 3075 2180 3173">
     <span class='ocr_line' id='line_1_45' title="bbox 527 3075 2180 3173; baseline -0.002 -43"><span class='ocrx_word' id='word_1_351' title='bbox 527 3084 610 3130; x_wconf 86' lang='lat' dir='ltr'><strong>tes</strong></span> <span class='ocrx_word' id='word_1_352' title='bbox 650 3075 815 3129; x_wconf 87' lang='lat' dir='ltr'><strong>simul</strong></span> <span class='ocrx_word' id='word_1_353' title='bbox 857 3075 1116 3145; x_wconf 83' lang='lat' dir='ltr'><strong>gaudent,</strong></span> <span class='ocrx_word' id='word_1_354' title='bbox 1162 3090 1454 3131; x_wconf 86' lang='lat' dir='ltr'><strong>commune</strong></span> <span class='ocrx_word' id='word_1_355' title='bbox 1496 3075 1755 3146; x_wconf 80' lang='lat' dir='ltr'><strong>gaudium</strong></span> <span class='ocrx_word' id='word_1_356' title='bbox 1812 3077 2108 3139; x_wconf 77' lang='lat' dir='ltr'><strong>seminum,</strong></span> <span class='ocrx_word' id='word_1_357' title='bbox 2136 3114 2180 3173; x_wconf 62' lang='grc' dir='ltr'><strong><em>ε</em></strong></span> 
     </span>
    </p>
   </div>
   <div class='ocr_carea' id='block_1_46' title="bbox 523 3162 2107 3232">
    <p class='ocr_par' dir='ltr' id='par_1_46' title="bbox 523 3162 2107 3232">
     <span class='ocr_line' id='line_1_46' title="bbox 523 3162 2107 3232; baseline 0.001 -15"><span class='ocrx_word' id='word_1_358' title='bbox 523 3162 917 3232; x_wconf 81' lang='lat' dir='ltr'><strong>perfectionem</strong></span> <span class='ocrx_word' id='word_1_359' title='bbox 966 3164 1093 3220; x_wconf 85' lang='lat' dir='ltr'><strong>rati.</strong></span> <span class='ocrx_word' id='word_1_360' title='bbox 1148 3183 1169 3219; x_wconf 73' lang='grc' dir='ltr'><strong>ι</strong></span> <span class='ocrx_word' id='word_1_361' title='bbox 1220 3163 1497 3221; x_wconf 66' lang='lat' dir='ltr'><strong>Praeterea</strong></span> <span class='ocrx_word' id='word_1_362' title='bbox 1547 3165 1602 3220; x_wconf 92' lang='lat' dir='ltr'><strong>in</strong></span> <span class='ocrx_word' id='word_1_363' title='bbox 1658 3180 1725 3220; x_wconf 92' lang='lat' dir='ltr'><strong>eo</strong></span> <span class='ocrx_word' id='word_1_364' title='bbox 1764 3166 1957 3222; x_wconf 90' lang='lat' dir='ltr'><strong>dicto:</strong></span> <span class='ocrx_word' id='word_1_365' title='bbox 1989 3183 2011 3217; x_wconf 77' lang='grc' dir='ltr'><strong>ι</strong></span> <span class='ocrx_word' id='word_1_366' title='bbox 2052 3165 2107 3220; x_wconf 87' lang='lat' dir='ltr'><strong>In</strong></span> 
     </span>
    </p>
   </div>
   <div class='ocr_carea' id='block_1_47' title="bbox 526 3256 2115 3330">
    <p class='ocr_par' dir='ltr' id='par_1_47' title="bbox 526 3256 2115 3330">
     <span class='ocr_line' id='line_1_47' title="bbox 526 3256 2115 3330; baseline 0.003 -20"><span class='ocrx_word' id='word_1_367' title='bbox 526 3257 637 3311; x_wconf 88' lang='lat' dir='ltr'><strong>hoc</strong></span> <span class='ocrx_word' id='word_1_368' title='bbox 666 3265 752 3309; x_wconf 89' lang='lat' dir='ltr'><strong>est</strong></span> <span class='ocrx_word' id='word_1_369' title='bbox 787 3272 969 3313; x_wconf 91' lang='lat' dir='ltr'><strong>sermo</strong></span> <span class='ocrx_word' id='word_1_370' title='bbox 999 3272 1186 3323; x_wconf 76' lang='lat' dir='ltr'><strong>verus,</strong></span> <span class='ocrx_word' id='word_1_371' title='bbox 1228 3258 1376 3329; x_wconf 87' lang='lat' dir='ltr'><strong>quod</strong></span> <span class='ocrx_word' id='word_1_372' title='bbox 1420 3256 1561 3313; x_wconf 84' lang='lat' dir='ltr'><strong>alius</strong></span> <span class='ocrx_word' id='word_1_373' title='bbox 1590 3258 1750 3330; x_wconf 71' lang='lat'><strong>261</strong></span> <span class='ocrx_word' id='word_1_374' title='bbox 1786 3266 1874 3314; x_wconf 86' lang='lat' dir='ltr'><strong>est</strong></span> <span class='ocrx_word' id='word_1_375' title='bbox 1900 3259 1993 3329; x_wconf 91' lang='lat' dir='ltr'><strong>qui</strong></span> <span class='ocrx_word' id='word_1_376' title='bbox 2027 3274 2115 3315; x_wconf 89' lang='lat' dir='ltr'><strong>se-</strong></span> 
     </span>
    </p>
   </div>
   <div class='ocr_carea' id='block_1_48' title="bbox 526 3348 2111 3420">
    <p class='ocr_par' dir='ltr' id='par_1_48' title="bbox 526 3348 2111 3420">
     <span class='ocr_line' id='line_1_48' title="bbox 526 3348 2111 3420; baseline 0.002 -18"><span class='ocrx_word' id='word_1_377' title='bbox 526 3349 721 3415; x_wconf 87' lang='lat' dir='ltr'><strong>minat,</strong></span> <span class='ocrx_word' id='word_1_378' title='bbox 752 3358 807 3405; x_wconf 89' lang='lat' dir='ltr'><strong>et</strong></span> <span class='ocrx_word' id='word_1_379' title='bbox 840 3348 980 3403; x_wconf 88' lang='lat' dir='ltr'><strong>alius</strong></span> <span class='ocrx_word' id='word_1_380' title='bbox 1002 3350 1093 3419; x_wconf 91' lang='lat' dir='ltr'><strong>qui</strong></span> <span class='ocrx_word' id='word_1_381' title='bbox 1124 3351 1301 3416; x_wconf 89' lang='lat' dir='ltr'><strong>metit,</strong></span> <span class='ocrx_word' id='word_1_382' title='bbox 1327 3369 1347 3403; x_wconf 79' lang='grc' dir='ltr'><strong>ι</strong></span> <span class='ocrx_word' id='word_1_383' title='bbox 1378 3351 1553 3420; x_wconf 88' lang='lat' dir='ltr'><strong>inquit</strong></span> <span class='ocrx_word' id='word_1_384' title='bbox 1582 3369 1595 3405; x_wconf 87' lang='lat'><strong>:</strong></span> <span class='ocrx_word' id='word_1_385' title='bbox 1630 3369 1651 3402; x_wconf 76' lang='grc' dir='ltr'><strong>ι</strong></span> <span class='ocrx_word' id='word_1_386' title='bbox 1687 3351 1843 3407; x_wconf 81' lang='lat' dir='ltr'><strong>Alter</strong></span> <span class='ocrx_word' id='word_1_387' title='bbox 1893 3352 2111 3420; x_wconf 89' lang='lat' dir='ltr'><strong>quidem</strong></span> 
     </span>
    </p>
   </div>
   <div class='ocr_carea' id='block_1_49' title="bbox 525 3441 2116 3512">
    <p class='ocr_par' dir='ltr' id='par_1_49' title="bbox 525 3441 2116 3512">
     <span class='ocr_line' id='line_1_49' title="bbox 525 3441 2116 3512; baseline 0.002 -16"><span class='ocrx_word' id='word_1_388' title='bbox 525 3457 689 3512; x_wconf 87' lang='lat' dir='ltr'><strong>supra</strong></span> <span class='ocrx_word' id='word_1_389' title='bbox 718 3442 898 3498; x_wconf 88' lang='lat' dir='ltr'><strong>locum</strong></span> <span class='ocrx_word' id='word_1_390' title='bbox 933 3441 1078 3497; x_wconf 80' lang='lat' dir='ltr'><strong>ﬁlius</strong></span> <span class='ocrx_word' id='word_1_391' title='bbox 1123 3443 1365 3499; x_wconf 80' lang='lat' dir='ltr'><strong>hominis</strong></span> <span class='ocrx_word' id='word_1_392' title='bbox 1422 3443 1663 3499; x_wconf 89' lang='lat' dir='ltr'><strong>seminat</strong></span> <span class='ocrx_word' id='word_1_393' title='bbox 1689 3459 1704 3497; x_wconf 90' lang='lat'><strong>:</strong></span> <span class='ocrx_word' id='word_1_394' title='bbox 1733 3443 1830 3500; x_wconf 88' lang='lat' dir='ltr'><strong>sed</strong></span> <span class='ocrx_word' id='word_1_395' title='bbox 1853 3444 2116 3499; x_wconf 84' lang='lat' dir='ltr'><strong>Servator</strong></span> 
     </span>
    </p>
   </div>
   <div class='ocr_carea' id='block_1_50' title="bbox 524 3535 2115 3605">
    <p class='ocr_par' dir='ltr' id='par_1_50' title="bbox 524 3535 2115 3605">
     <span class='ocr_line' id='line_1_50' title="bbox 524 3535 2115 3605; baseline 0.001 -16"><span class='ocrx_word' id='word_1_396' title='bbox 524 3548 653 3589; x_wconf 91' lang='lat' dir='ltr'><strong>cum</strong></span> <span class='ocrx_word' id='word_1_397' title='bbox 686 3535 760 3590; x_wconf 91' lang='lat' dir='ltr'><strong>sit</strong></span> <span class='ocrx_word' id='word_1_398' title='bbox 786 3543 844 3590; x_wconf 94' lang='lat' dir='ltr'><strong>et</strong></span> <span class='ocrx_word' id='word_1_399' title='bbox 877 3536 992 3605; x_wconf 88' lang='lat' dir='ltr'><strong>ipse</strong></span> <span class='ocrx_word' id='word_1_400' title='bbox 1031 3535 1205 3590; x_wconf 85' lang='lat' dir='ltr'><strong>Filius</strong></span> <span class='ocrx_word' id='word_1_401' title='bbox 1243 3535 1503 3599; x_wconf 86' lang='lat' dir='ltr'><strong>hominis,</strong></span> <span class='ocrx_word' id='word_1_402' title='bbox 1533 3536 1709 3600; x_wconf 90' lang='lat' dir='ltr'><strong>metit,</strong></span> <span class='ocrx_word' id='word_1_403' title='bbox 1739 3545 1798 3591; x_wconf 92' lang='lat' dir='ltr'><strong>et</strong></span> <span class='ocrx_word' id='word_1_404' title='bbox 1842 3551 2115 3592; x_wconf 86' lang='lat' dir='ltr'><strong>messores</strong></span> 
     </span>
    </p>
   </div>
   <div class='ocr_carea' id='block_1_51' title="bbox 526 3627 2112 3700">
    <p class='ocr_par' dir='ltr' id='par_1_51' title="bbox 526 3627 2112 3700">
     <span class='ocr_line' id='line_1_51' title="bbox 526 3627 2112 3700; baseline 0.003 -21"><span class='ocrx_word' id='word_1_405' title='bbox 526 3627 718 3692; x_wconf 90' lang='lat' dir='ltr'><strong>mittit,</strong></span> <span class='ocrx_word' id='word_1_406' title='bbox 762 3642 959 3697; x_wconf 90' lang='lat' dir='ltr'><strong>nempe</strong></span> <span class='ocrx_word' id='word_1_407' title='bbox 989 3642 1085 3683; x_wconf 90' lang='lat' dir='ltr'><strong>eos</strong></span> <span class='ocrx_word' id='word_1_408' title='bbox 1115 3644 1259 3696; x_wconf 88' lang='lat' dir='ltr'><strong>quos</strong></span> <span class='ocrx_word' id='word_1_409' title='bbox 1291 3627 1545 3698; x_wconf 87' lang='lat' dir='ltr'><strong>discipuli</strong></span> <span class='ocrx_word' id='word_1_410' title='bbox 1600 3637 1794 3683; x_wconf 88' lang='lat' dir='ltr'><strong>rentur</strong></span> <span class='ocrx_word' id='word_1_411' title='bbox 1839 3629 2062 3700; x_wconf 84' lang='lat' dir='ltr'><strong>angelos</strong></span> <span class='ocrx_word' id='word_1_412' title='bbox 2096 3647 2112 3697; x_wconf 90' lang='lat'><strong>;</strong></span> 
     </span>
    </p>
   </div>
   <div class='ocr_carea' id='block_1_52' title="bbox 527 3717 2113 3788">
    <p class='ocr_par' dir='ltr' id='par_1_52' title="bbox 527 3717 2113 3788">
     <span class='ocr_line' id='line_1_52' title="bbox 527 3717 2113 3788; baseline 0.001 -15"><span class='ocrx_word' id='word_1_413' title='bbox 527 3732 972 3787; x_wconf 87' lang='lat' dir='ltr'><strong>unumquemque</strong></span> <span class='ocrx_word' id='word_1_414' title='bbox 1030 3719 1096 3772; x_wconf 84' lang='lat' dir='ltr'><strong>ad</strong></span> <span class='ocrx_word' id='word_1_415' title='bbox 1156 3733 1314 3773; x_wconf 87' lang='lat' dir='ltr'><strong>suam</strong></span> <span class='ocrx_word' id='word_1_416' title='bbox 1373 3718 1542 3788; x_wconf 87' lang='lat' dir='ltr'><strong>ipsius</strong></span> <span class='ocrx_word' id='word_1_417' title='bbox 1598 3720 1861 3775; x_wconf 85' lang='lat' dir='ltr'><strong>animam.</strong></span> <span class='ocrx_word' id='word_1_418' title='bbox 1922 3738 1945 3771; x_wconf 70' lang='grc' dir='ltr'><strong>ι</strong></span> <span class='ocrx_word' id='word_1_419' title='bbox 1995 3717 2113 3775; x_wconf 76' lang='lat' dir='ltr'><strong>Non</strong></span> 
     </span>
    </p>
   </div>
   <div class='ocr_carea' id='block_1_53' title="bbox 534 3811 2116 3881">
    <p class='ocr_par' dir='ltr' id='par_1_53' title="bbox 534 3811 2116 3881">
     <span class='ocr_line' id='line_1_53' title="bbox 534 3811 2116 3881; baseline 0.002 -18"><span class='ocrx_word' id='word_1_420' title='bbox 534 3811 830 3864; x_wconf 77' lang='lat' dir='ltr'><strong>admodum</strong></span> <span class='ocrx_word' id='word_1_421' title='bbox 884 3820 1067 3864; x_wconf 78' lang='lat' dir='ltr'><strong>autem</strong></span> <span class='ocrx_word' id='word_1_422' title='bbox 1127 3812 1276 3865; x_wconf 83' lang='lat' dir='ltr'><strong>clare</strong></span> <span class='ocrx_word' id='word_1_423' title='bbox 1340 3811 1634 3881; x_wconf 73' lang='lat' dir='ltr'><strong>exposuit,</strong></span> <span class='ocrx_word' id='word_1_424' title='bbox 1686 3812 1782 3880; x_wconf 86' lang='lat' dir='ltr'><strong>qui</strong></span> <span class='ocrx_word' id='word_1_425' title='bbox 1838 3811 1949 3866; x_wconf 83' lang='lat' dir='ltr'><strong>siut</strong></span> <span class='ocrx_word' id='word_1_426' title='bbox 2009 3814 2116 3866; x_wconf 82' lang='lat' dir='ltr'><strong>duo</strong></span> 
     </span>
    </p>
   </div>
   <div class='ocr_carea' id='block_1_54' title="bbox 530 3899 2111 3968">
    <p class='ocr_par' dir='ltr' id='par_1_54' title="bbox 530 3899 2111 3968">
     <span class='ocr_line' id='line_1_54' title="bbox 530 3899 2111 3968; baseline -0.001 -14"><span class='ocrx_word' id='word_1_427' title='bbox 530 3899 626 3954; x_wconf 82' lang='lat' dir='ltr'><strong>tilil</strong></span> <span class='ocrx_word' id='word_1_428' title='bbox 661 3899 915 3964; x_wconf 84' lang='lat' dir='ltr'><strong>hominis,</strong></span> <span class='ocrx_word' id='word_1_429' title='bbox 964 3914 1198 3968; x_wconf 88' lang='lat' dir='ltr'><strong>quorum</strong></span> <span class='ocrx_word' id='word_1_430' title='bbox 1238 3899 1375 3954; x_wconf 85' lang='lat' dir='ltr'><strong>alter</strong></span> <span class='ocrx_word' id='word_1_431' title='bbox 1404 3902 1638 3955; x_wconf 86' lang='lat' dir='ltr'><strong>seminat</strong></span> <span class='ocrx_word' id='word_1_432' title='bbox 1682 3910 1739 3954; x_wconf 83' lang='lat' dir='ltr'><strong>et</strong></span> <span class='ocrx_word' id='word_1_433' title='bbox 1777 3899 1915 3956; x_wconf 88' lang='lat' dir='ltr'><strong>alter</strong></span> <span class='ocrx_word' id='word_1_434' title='bbox 1938 3900 2111 3955; x_wconf 84' lang='lat' dir='ltr'><strong>metit.</strong></span> 
     </span>
    </p>
   </div>
   <div class='ocr_carea' id='block_1_55' title="bbox 598 4013 2117 4085">
    <p class='ocr_par' dir='ltr' id='par_1_55' title="bbox 598 4013 2117 4085">
     <span class='ocr_line' id='line_1_55' title="bbox 598 4013 2117 4085; baseline 0.001 -18"><span class='ocrx_word' id='word_1_435' title='bbox 598 4014 691 4069; x_wconf 72' lang='grc'>49.</span> <span class='ocrx_word' id='word_1_436' title='bbox 727 4031 747 4064; x_wconf 80' lang='grc' dir='ltr'><strong>ι</strong></span> <span class='ocrx_word' id='word_1_437' title='bbox 774 4013 884 4084; x_wconf 85' lang='lat' dir='ltr'><strong>Ego</strong></span> <span class='ocrx_word' id='word_1_438' title='bbox 910 4015 1034 4068; x_wconf 78' lang='lat' dir='ltr'><strong>misi</strong></span> <span class='ocrx_word' id='word_1_439' title='bbox 1059 4030 1156 4069; x_wconf 86' lang='lat' dir='ltr'><strong>vos</strong></span> <span class='ocrx_word' id='word_1_440' title='bbox 1178 4016 1246 4069; x_wconf 89' lang='lat' dir='ltr'><strong>ad</strong></span> <span class='ocrx_word' id='word_1_441' title='bbox 1281 4015 1592 4071; x_wconf 89' lang='lat' dir='ltr'><strong>metendum</strong></span> <span class='ocrx_word' id='word_1_442' title='bbox 1615 4016 1760 4085; x_wconf 90' lang='lat' dir='ltr'><strong>quod</strong></span> <span class='ocrx_word' id='word_1_443' title='bbox 1782 4030 1878 4071; x_wconf 81' lang='lat' dir='ltr'><strong>vos</strong></span> <span class='ocrx_word' id='word_1_444' title='bbox 1903 4030 2009 4070; x_wconf 91' lang='lat' dir='ltr'><strong>non</strong></span> <span class='ocrx_word' id='word_1_445' title='bbox 2040 4018 2117 4069; x_wconf 87' lang='lat' dir='ltr'><strong>la-</strong></span> 
     </span>
    </p>
   </div>
   <div class='ocr_carea' id='block_1_56' title="bbox 530 4105 2117 4175">
    <p class='ocr_par' dir='ltr' id='par_1_56' title="bbox 530 4105 2117 4175">
     <span class='ocr_line' id='line_1_56' title="bbox 530 4105 2117 4175; baseline 0 -15"><span class='ocrx_word' id='word_1_446' title='bbox 530 4105 806 4170; x_wconf 87' lang='lat' dir='ltr'><strong>borastis;</strong></span> <span class='ocrx_word' id='word_1_447' title='bbox 844 4106 935 4159; x_wconf 87' lang='lat' dir='ltr'><strong>alii</strong></span> <span class='ocrx_word' id='word_1_448' title='bbox 964 4105 1397 4175; x_wconf 84' lang='lat' dir='ltr'><strong>laboraverunt,</strong></span> <span class='ocrx_word' id='word_1_449' title='bbox 1433 4116 1488 4161; x_wconf 91' lang='lat' dir='ltr'><strong>et</strong></span> <span class='ocrx_word' id='word_1_450' title='bbox 1516 4121 1614 4161; x_wconf 81' lang='lat' dir='ltr'><strong>vos</strong></span> <span class='ocrx_word' id='word_1_451' title='bbox 1648 4107 1702 4161; x_wconf 92' lang='lat' dir='ltr'><strong>in</strong></span> <span class='ocrx_word' id='word_1_452' title='bbox 1737 4108 1985 4162; x_wconf 90' lang='lat' dir='ltr'><strong>laborem</strong></span> <span class='ocrx_word' id='word_1_453' title='bbox 2021 4120 2117 4160; x_wconf 89' lang='lat' dir='ltr'><strong>eo-</strong></span> 
     </span>
    </p>
   </div>
   <div class='ocr_carea' id='block_1_57' title="bbox 532 4195 2118 4253">
    <p class='ocr_par' dir='ltr' id='par_1_57' title="bbox 532 4195 2118 4253">
     <span class='ocr_line' id='line_1_57' title="bbox 532 4195 2118 4253; baseline 0.002 -4"><span class='ocrx_word' id='word_1_454' title='bbox 532 4211 652 4249; x_wconf 89' lang='lat' dir='ltr'><strong>rum</strong></span> <span class='ocrx_word' id='word_1_455' title='bbox 685 4196 951 4249; x_wconf 89' lang='lat' dir='ltr'><strong>iutroistis</strong></span> <span class='ocrx_word' id='word_1_456' title='bbox 987 4196 1050 4249; x_wconf 83' lang='grc'>¹⁹.</span> <span class='ocrx_word' id='word_1_457' title='bbox 1086 4215 1106 4249; x_wconf 72' lang='grc' dir='ltr'><strong>ι</strong></span> <span class='ocrx_word' id='word_1_458' title='bbox 1142 4195 1295 4251; x_wconf 84' lang='lat' dir='ltr'><strong>Haud</strong></span> <span class='ocrx_word' id='word_1_459' title='bbox 1325 4206 1410 4252; x_wconf 89' lang='lat' dir='ltr'><strong>est</strong></span> <span class='ocrx_word' id='word_1_460' title='bbox 1438 4197 1657 4252; x_wconf 79' lang='lat' dir='ltr'><strong>diﬂicile</strong></span> <span class='ocrx_word' id='word_1_461' title='bbox 1700 4197 1889 4251; x_wconf 80' lang='lat' dir='ltr'><strong>videre</strong></span> <span class='ocrx_word' id='word_1_462' title='bbox 1929 4212 1996 4253; x_wconf 83' lang='lat' dir='ltr'><strong>ex</strong></span> <span class='ocrx_word' id='word_1_463' title='bbox 2032 4195 2118 4252; x_wconf 87' lang='lat' dir='ltr'><strong>his</strong></span> 
     </span>
    </p>
   </div>
   <div class='ocr_carea' id='block_1_58' title="bbox 530 4285 2119 4359">
    <p class='ocr_par' dir='ltr' id='par_1_58' title="bbox 530 4285 2119 4359">
     <span class='ocr_line' id='line_1_58' title="bbox 530 4285 2119 4359; baseline 0.002 -18"><span class='ocrx_word' id='word_1_464' title='bbox 530 4303 653 4358; x_wconf 69' lang='lat' dir='ltr'><strong>qua:</strong></span> <span class='ocrx_word' id='word_1_465' title='bbox 679 4302 843 4355; x_wconf 87' lang='lat' dir='ltr'><strong>supra</strong></span> <span class='ocrx_word' id='word_1_466' title='bbox 880 4288 1138 4354; x_wconf 85' lang='lat' dir='ltr'><strong>diximus,</strong></span> <span class='ocrx_word' id='word_1_467' title='bbox 1172 4289 1449 4359; x_wconf 90' lang='lat' dir='ltr'><strong>quomodo</strong></span> <span class='ocrx_word' id='word_1_468' title='bbox 1485 4289 1703 4344; x_wconf 90' lang='lat' dir='ltr'><strong>miserit</strong></span> <span class='ocrx_word' id='word_1_469' title='bbox 1751 4285 1911 4344; x_wconf 80' lang='lat' dir='ltr'><strong>Jesus</strong></span> <span class='ocrx_word' id='word_1_470' title='bbox 1952 4289 2119 4345; x_wconf 90' lang='lat' dir='ltr'><strong>disci-</strong></span> 
     </span>
    </p>
   </div>
   <div class='ocr_carea' id='block_1_59' title="bbox 531 4378 2113 4453">
    <p class='ocr_par' dir='ltr' id='par_1_59' title="bbox 531 4378 2113 4453">
     <span class='ocr_line' id='line_1_59' title="bbox 531 4378 2113 4453; baseline 0.001 -21"><span class='ocrx_word' id='word_1_471' title='bbox 531 4378 689 4450; x_wconf 85' lang='lat' dir='ltr'><strong>pulos</strong></span> <span class='ocrx_word' id='word_1_472' title='bbox 716 4381 781 4433; x_wconf 88' lang='lat' dir='ltr'><strong>ad</strong></span> <span class='ocrx_word' id='word_1_473' title='bbox 809 4381 1117 4434; x_wconf 85' lang='lat' dir='ltr'><strong>metendum</strong></span> <span class='ocrx_word' id='word_1_474' title='bbox 1151 4380 1280 4435; x_wconf 92' lang='lat' dir='ltr'><strong>illud</strong></span> <span class='ocrx_word' id='word_1_475' title='bbox 1303 4420 1322 4448; x_wconf 94' lang='lat'><strong>,</strong></span> <span class='ocrx_word' id='word_1_476' title='bbox 1351 4381 1403 4435; x_wconf 91' lang='lat' dir='ltr'><strong>in</strong></span> <span class='ocrx_word' id='word_1_477' title='bbox 1436 4383 1583 4450; x_wconf 89' lang='lat' dir='ltr'><strong>quod</strong></span> <span class='ocrx_word' id='word_1_478' title='bbox 1619 4382 1725 4453; x_wconf 92' lang='lat' dir='ltr'><strong>ipsi</strong></span> <span class='ocrx_word' id='word_1_479' title='bbox 1760 4397 1870 4437; x_wconf 86' lang='lat' dir='ltr'><strong>non</strong></span> <span class='ocrx_word' id='word_1_480' title='bbox 1893 4382 2113 4437; x_wconf 84' lang='lat' dir='ltr'><strong>labora-</strong></span> 
     </span>
    </p>
   </div>
   <div class='ocr_carea' id='block_1_60' title="bbox 2136 1764 3801 1871">
    <p class='ocr_par' dir='ltr' id='par_1_60' title="bbox 2136 1764 3801 1871">
     <span class='ocr_line' id='line_1_60' title="bbox 2136 1764 3801 1871; baseline -0.002 -18"><span class='ocrx_word' id='word_1_481' title='bbox 2136 1764 2179 1820; x_wconf 77' lang='grc' dir='ltr'>Β</span> <span class='ocrx_word' id='word_1_482' title='bbox 2207 1764 2444 1871; x_wconf 61' lang='grc' dir='ltr'>Χριστοῦ</span> <span class='ocrx_word' id='word_1_483' title='bbox 2475 1764 2543 1852; x_wconf 51' lang='grc' dir='ltr'><strong>’ὲν</strong></span> <span class='ocrx_word' id='word_1_484' title='bbox 2576 1797 2658 1851; x_wconf 75' lang='grc' dir='ltr'><strong>ἑνὶ</strong></span> <span class='ocrx_word' id='word_1_485' title='bbox 2690 1764 2833 1867; x_wconf 57' lang='grc' dir='ltr'>άγίίρ</span> <span class='ocrx_word' id='word_1_486' title='bbox 2885 1764 3164 1868; x_wconf 70' lang='grc' dir='ltr'>Πνεόματι</span> <span class='ocrx_word' id='word_1_487' title='bbox 3200 1764 3533 1867; x_wconf 80' lang='grc' dir='ltr'>ἀμφοτέροις</span> <span class='ocrx_word' id='word_1_488' title='bbox 3569 1764 3801 1850; x_wconf 58' lang='grc' dir='ltr'><strong>ἀποκει-ἰ</strong></span> 
     </span>
    </p>
   </div>
   <div class='ocr_carea' id='block_1_61' title="bbox 2211 1890 2398 1961">
    <p class='ocr_par' dir='ltr' id='par_1_61' title="bbox 2211 1890 2398 1961">
     <span class='ocr_line' id='line_1_61' title="bbox 2211 1890 2398 1961; baseline 0.005 -20"><span class='ocrx_word' id='word_1_489' title='bbox 2211 1890 2375 1961; x_wconf 88' lang='grc' dir='ltr'>μένου</span> <span class='ocrx_word' id='word_1_490' title='bbox 2386 1930 2398 1942; x_wconf 91' lang='grc'><strong>.</strong></span> 
     </span>
    </p>
   </div>
   <div class='ocr_carea' id='block_1_62' title="bbox 2278 1975 3803 2052">
    <p class='ocr_par' dir='ltr' id='par_1_62' title="bbox 2278 1975 3803 2052">
     <span class='ocr_line' id='line_1_62' title="bbox 2278 1975 3803 2052; baseline -0.004 -16"><span class='ocrx_word' id='word_1_491' title='bbox 2278 1982 2369 2038; x_wconf 75' lang='grc'><strong>48.</strong></span> <span class='ocrx_word' id='word_1_492' title='bbox 2417 1982 2476 2035; x_wconf 82' lang='lat'><strong>&#39;0</strong></span> <span class='ocrx_word' id='word_1_493' title='bbox 2521 1980 2566 2035; x_wconf 80' lang='grc' dir='ltr'>δ’</span> <span class='ocrx_word' id='word_1_494' title='bbox 2606 1979 2919 2052; x_wconf 82' lang='grc' dir='ltr'><strong>Ἡρακλέων</strong></span> <span class='ocrx_word' id='word_1_495' title='bbox 2976 1978 3056 2032; x_wconf 79' lang='grc' dir='ltr'>τό’</span> <span class='ocrx_word' id='word_1_496' title='bbox 3105 1997 3124 2029; x_wconf 82' lang='grc' dir='ltr'><strong>ι</strong></span> <span class='ocrx_word' id='word_1_497' title='bbox 3169 1978 3287 2031; x_wconf 86' lang='grc' dir='ltr'>Ἵνα</span> <span class='ocrx_word' id='word_1_498' title='bbox 3319 1979 3349 2030; x_wconf 91' lang='lat'><strong>6</strong></span> <span class='ocrx_word' id='word_1_499' title='bbox 3388 1976 3627 2051; x_wconf 87' lang='grc' dir='ltr'>σπείρων</span> <span class='ocrx_word' id='word_1_500' title='bbox 3667 1975 3803 2048; x_wconf 81' lang='grc' dir='ltr'>ὁμοῦ</span> 
     </span>
    </p>
   </div>
   <div class='ocr_carea' id='block_1_63' title="bbox 2205 2068 3803 2145">
    <p class='ocr_par' dir='ltr' id='par_1_63' title="bbox 2205 2068 3803 2145">
     <span class='ocr_line' id='line_1_63' title="bbox 2205 2068 3803 2145; baseline -0.001 -19"><span class='ocrx_word' id='word_1_501' title='bbox 2205 2072 2395 2145; x_wconf 79' lang='grc' dir='ltr'>χαίρῃ,</span> <span class='ocrx_word' id='word_1_502' title='bbox 2443 2074 2540 2127; x_wconf 78' lang='grc' dir='ltr'>καὶ</span> <span class='ocrx_word' id='word_1_503' title='bbox 2567 2075 2596 2126; x_wconf 92' lang='lat'><strong>6</strong></span> <span class='ocrx_word' id='word_1_504' title='bbox 2629 2071 2882 2143; x_wconf 76' lang='grc' dir='ltr'>θερίζων,</span> <span class='ocrx_word' id='word_1_505' title='bbox 2927 2089 2945 2122; x_wconf 74' lang='grc' dir='ltr'><strong>ι</strong></span> <span class='ocrx_word' id='word_1_506' title='bbox 2992 2068 3137 2123; x_wconf 72' lang='grc' dir='ltr'>οὕτω</span> <span class='ocrx_word' id='word_1_507' title='bbox 3187 2069 3504 2140; x_wconf 85' lang='grc' dir='ltr'>διηγήσατο·</span> <span class='ocrx_word' id='word_1_508' title='bbox 3548 2088 3568 2120; x_wconf 83' lang='grc' dir='ltr'><strong>ι</strong></span> <span class='ocrx_word' id='word_1_509' title='bbox 3606 2069 3803 2139; x_wconf 85' lang='grc' dir='ltr'>Χαίρει</span> 
     </span>
    </p>
   </div>
   <div class='ocr_carea' id='block_1_64' title="bbox 2210 2160 3804 2239">
    <p class='ocr_par' dir='ltr' id='par_1_64' title="bbox 2210 2160 3804 2239">
     <span class='ocr_line' id='line_1_64' title="bbox 2210 2160 3804 2239; baseline -0.005 -19"><span class='ocrx_word' id='word_1_510' title='bbox 2210 2168 2310 2238; x_wconf 83' lang='grc' dir='ltr'>μὲν</span> <span class='ocrx_word' id='word_1_511' title='bbox 2331 2166 2463 2239; x_wconf 81' lang='grc' dir='ltr'>γὰρ,</span> <span class='ocrx_word' id='word_1_512' title='bbox 2496 2165 2683 2236; x_wconf 76' lang='grc' dir='ltr'>φησὶν,</span> <span class='ocrx_word' id='word_1_513' title='bbox 2718 2165 2747 2217; x_wconf 90' lang='lat'><strong>6</strong></span> <span class='ocrx_word' id='word_1_514' title='bbox 2774 2162 3035 2235; x_wconf 87' lang='grc' dir='ltr'>σπείρων,</span> <span class='ocrx_word' id='word_1_515' title='bbox 3062 2162 3145 2215; x_wconf 82' lang='grc' dir='ltr'><strong>ὃτι</strong></span> <span class='ocrx_word' id='word_1_516' title='bbox 3174 2160 3409 2232; x_wconf 81' lang='grc' dir='ltr'>σπείρει,</span> <span class='ocrx_word' id='word_1_517' title='bbox 3443 2162 3538 2213; x_wconf 74' lang='grc' dir='ltr'>καὶ</span> <span class='ocrx_word' id='word_1_518' title='bbox 3561 2160 3645 2213; x_wconf 84' lang='grc' dir='ltr'><strong>ὅτι</strong></span> <span class='ocrx_word' id='word_1_519' title='bbox 3684 2160 3804 2233; x_wconf 81' lang='grc' dir='ltr'>εἷδη</span> 
     </span>
    </p>
   </div>
   <div class='ocr_carea' id='block_1_65' title="bbox 2205 2250 3804 2326">
    <p class='ocr_par' dir='ltr' id='par_1_65' title="bbox 2205 2250 3804 2326">
     <span class='ocr_line' id='line_1_65' title="bbox 2205 2250 3804 2326; baseline -0.004 -15"><span class='ocrx_word' id='word_1_520' title='bbox 2205 2255 2330 2311; x_wconf 82' lang='grc' dir='ltr'>τινὰ</span> <span class='ocrx_word' id='word_1_521' title='bbox 2372 2256 2484 2309; x_wconf 87' lang='grc' dir='ltr'><strong>τῶν</strong></span> <span class='ocrx_word' id='word_1_522' title='bbox 2514 2253 2848 2326; x_wconf 76' lang='grc' dir='ltr'>σπερμάτων</span> <span class='ocrx_word' id='word_1_523' title='bbox 2887 2250 3054 2306; x_wconf 80' lang='grc' dir='ltr'>αὐτοῦ</span> <span class='ocrx_word' id='word_1_524' title='bbox 3089 2252 3403 2320; x_wconf 81' lang='grc' dir='ltr'>συνάγεται,</span> <span class='ocrx_word' id='word_1_525' title='bbox 3440 2251 3633 2305; x_wconf 84' lang='grc' dir='ltr'>ὲλπίδα</span> <span class='ocrx_word' id='word_1_526' title='bbox 3662 2250 3804 2322; x_wconf 75' lang='grc' dir='ltr'>ἔχων</span> 
     </span>
    </p>
   </div>
   <div class='ocr_carea' id='block_1_66' title="bbox 2205 2346 3804 2422">
    <p class='ocr_par' dir='ltr' id='par_1_66' title="bbox 2205 2346 3804 2422">
     <span class='ocr_line' id='line_1_66' title="bbox 2205 2346 3804 2422; baseline -0.003 -18"><span class='ocrx_word' id='word_1_527' title='bbox 2205 2351 2308 2422; x_wconf 84' lang='grc' dir='ltr'>τὴν</span> <span class='ocrx_word' id='word_1_528' title='bbox 2331 2348 2503 2420; x_wconf 74' lang='grc' dir='ltr'>αὐτὴν</span> <span class='ocrx_word' id='word_1_529' title='bbox 2525 2349 2622 2403; x_wconf 74' lang='grc' dir='ltr'>καὶ</span> <span class='ocrx_word' id='word_1_530' title='bbox 2655 2348 2784 2420; x_wconf 82' lang='grc' dir='ltr'>περὶ</span> <span class='ocrx_word' id='word_1_531' title='bbox 2814 2346 2924 2401; x_wconf 88' lang='grc' dir='ltr'><strong>τῶν</strong></span> <span class='ocrx_word' id='word_1_532' title='bbox 2939 2346 3162 2400; x_wconf 77' lang='grc' dir='ltr'>λοιπῶν·</span> <span class='ocrx_word' id='word_1_533' title='bbox 3198 2349 3227 2401; x_wconf 91' lang='lat'><strong>6</strong></span> <span class='ocrx_word' id='word_1_534' title='bbox 3255 2347 3313 2400; x_wconf 87' lang='grc' dir='ltr'>δὲ</span> <span class='ocrx_word' id='word_1_535' title='bbox 3340 2346 3571 2418; x_wconf 77' lang='grc' dir='ltr'>θερίζων</span> <span class='ocrx_word' id='word_1_536' title='bbox 3602 2347 3804 2417; x_wconf 84' lang='grc' dir='ltr'>ὁμοίως</span> 
     </span>
    </p>
   </div>
   <div class='ocr_carea' id='block_1_67' title="bbox 2205 2437 3801 2521">
    <p class='ocr_par' dir='ltr' id='par_1_67' title="bbox 2205 2437 3801 2521">
     <span class='ocr_line' id='line_1_67' title="bbox 2205 2437 3801 2521; baseline -0.004 -25"><span class='ocrx_word' id='word_1_537' title='bbox 2205 2460 2261 2496; x_wconf 90' lang='grc' dir='ltr'><strong>τι</strong></span> <span class='ocrx_word' id='word_1_538' title='bbox 2290 2443 2386 2496; x_wconf 75' lang='grc' dir='ltr'><strong>καὶ</strong></span> <span class='ocrx_word' id='word_1_539' title='bbox 2416 2441 2642 2513; x_wconf 72' lang='grc' dir='ltr'>θερίσειο</span> <span class='ocrx_word' id='word_1_540' title='bbox 2663 2440 2778 2521; x_wconf 61' lang='lat' dir='ltr'><strong>an:</strong></span> <span class='ocrx_word' id='word_1_541' title='bbox 2800 2444 2829 2494; x_wconf 87' lang='lat'><strong>6</strong></span> <span class='ocrx_word' id='word_1_542' title='bbox 2853 2439 3046 2512; x_wconf 80' lang='grc' dir='ltr'>μὲν(1)</span> <span class='ocrx_word' id='word_1_543' title='bbox 3073 2438 3289 2510; x_wconf 84' lang='grc' dir='ltr'>πρῶτος</span> <span class='ocrx_word' id='word_1_544' title='bbox 3308 2437 3510 2510; x_wconf 69' lang='grc' dir='ltr'>ἤρξατο</span> <span class='ocrx_word' id='word_1_545' title='bbox 3539 2438 3801 2508; x_wconf 84' lang='grc' dir='ltr'>σπείρων,</span> 
     </span>
    </p>
   </div>
   <div class='ocr_carea' id='block_1_68' title="bbox 2207 2530 3805 2606">
    <p class='ocr_par' dir='ltr' id='par_1_68' title="bbox 2207 2530 3805 2606">
     <span class='ocr_line' id='line_1_68' title="bbox 2207 2530 3805 2606; baseline -0.004 -18"><span class='ocrx_word' id='word_1_546' title='bbox 2207 2536 2239 2588; x_wconf 88' lang='lat'><strong>6</strong></span> <span class='ocrx_word' id='word_1_547' title='bbox 2265 2533 2517 2606; x_wconf 74' lang='grc' dir='ltr'>δεύτερος</span> <span class='ocrx_word' id='word_1_548' title='bbox 2552 2536 2581 2587; x_wconf 89' lang='lat'><strong>6</strong></span> <span class='ocrx_word' id='word_1_549' title='bbox 2622 2533 2871 2605; x_wconf 69' lang='grc' dir='ltr'>θερίζωνο</span> <span class='ocrx_word' id='word_1_550' title='bbox 2902 2532 2964 2587; x_wconf 85' lang='grc' dir='ltr'><strong>οὐ</strong></span> <span class='ocrx_word' id='word_1_551' title='bbox 3010 2531 3121 2604; x_wconf 78' lang='grc' dir='ltr'><strong>γάρ</strong></span> <span class='ocrx_word' id='word_1_552' title='bbox 3158 2533 3216 2584; x_wconf 80' lang='grc' dir='ltr'>ἐν</span> <span class='ocrx_word' id='word_1_553' title='bbox 3259 2530 3337 2602; x_wconf 83' lang='grc' dir='ltr'>τῷ</span> <span class='ocrx_word' id='word_1_554' title='bbox 3367 2530 3517 2601; x_wconf 83' lang='grc' dir='ltr'>αὐτῷ</span> <span class='ocrx_word' id='word_1_555' title='bbox 3548 2530 3805 2584; x_wconf 80' lang='grc' dir='ltr'>ἐδύναντο</span> 
     </span>
    </p>
   </div>
   <div class='ocr_carea' id='block_1_69' title="bbox 2209 2618 3804 2700">
    <p class='ocr_par' dir='ltr' id='par_1_69' title="bbox 2209 2618 3804 2700">
     <span class='ocr_line' id='line_1_69' title="bbox 2209 2618 3804 2700; baseline -0.006 -20"><span class='ocrx_word' id='word_1_556' title='bbox 2209 2625 2513 2700; x_wconf 81' lang='grc' dir='ltr'>ἀμφότεροι</span> <span class='ocrx_word' id='word_1_557' title='bbox 2541 2624 2831 2695; x_wconf 76' lang='grc' dir='ltr'>ἄρξασθαιο</span> <span class='ocrx_word' id='word_1_558' title='bbox 2864 2623 2971 2677; x_wconf 72' lang='grc' dir='ltr'>ἔδει</span> <span class='ocrx_word' id='word_1_559' title='bbox 2994 2623 3105 2696; x_wconf 80' lang='grc' dir='ltr'>γὰρ</span> <span class='ocrx_word' id='word_1_560' title='bbox 3133 2622 3350 2695; x_wconf 86' lang='grc' dir='ltr'>πρῶτον</span> <span class='ocrx_word' id='word_1_561' title='bbox 3378 2620 3675 2693; x_wconf 81' lang='grc' dir='ltr'>σπαρῆναι,</span> <span class='ocrx_word' id='word_1_562' title='bbox 3704 2618 3804 2672; x_wconf 71' lang='grc' dir='ltr'>εἴθ’</span> 
     </span>
    </p>
   </div>
   <div class='ocr_carea' id='block_1_70' title="bbox 2211 2710 3804 2790">
    <p class='ocr_par' dir='ltr' id='par_1_70' title="bbox 2211 2710 3804 2790">
     <span class='ocr_line' id='line_1_70' title="bbox 2211 2710 3804 2790; baseline -0.005 -17"><span class='ocrx_word' id='word_1_563' title='bbox 2211 2717 2438 2790; x_wconf 79' lang='grc' dir='ltr'>ὕστερον</span> <span class='ocrx_word' id='word_1_564' title='bbox 2464 2716 2799 2788; x_wconf 83' lang='grc' dir='ltr'>θερισθῆναι.</span> <span class='ocrx_word' id='word_1_565' title='bbox 2837 2716 3199 2786; x_wconf 87' lang='grc' dir='ltr'>Παυσαμένου</span> <span class='ocrx_word' id='word_1_566' title='bbox 3230 2714 3478 2785; x_wconf 81' lang='grc' dir='ltr'>μέντοιγε</span> <span class='ocrx_word' id='word_1_567' title='bbox 3509 2711 3604 2765; x_wconf 78' lang='grc' dir='ltr'>τοῦ</span> <span class='ocrx_word' id='word_1_568' title='bbox 3646 2710 3804 2765; x_wconf 83' lang='grc' dir='ltr'>σπεί-</span> 
     </span>
    </p>
   </div>
   <div class='ocr_carea' id='block_1_71' title="bbox 2213 2805 3805 2885">
    <p class='ocr_par' dir='ltr' id='par_1_71' title="bbox 2213 2805 3805 2885">
     <span class='ocr_line' id='line_1_71' title="bbox 2213 2805 3805 2885; baseline -0.006 -19"><span class='ocrx_word' id='word_1_569' title='bbox 2213 2828 2400 2885; x_wconf 87' lang='grc' dir='ltr'>ροντος</span> <span class='ocrx_word' id='word_1_570' title='bbox 2434 2809 2700 2881; x_wconf 87' lang='grc' dir='ltr'>σπείρειν,</span> <span class='ocrx_word' id='word_1_571' title='bbox 2734 2808 2815 2862; x_wconf 75' lang='grc' dir='ltr'>ἔτι</span> <span class='ocrx_word' id='word_1_572' title='bbox 2843 2808 3016 2880; x_wconf 89' lang='grc' dir='ltr'>θεριεῖ</span> <span class='ocrx_word' id='word_1_573' title='bbox 3056 2811 3085 2862; x_wconf 93' lang='lat'><strong>6</strong></span> <span class='ocrx_word' id='word_1_574' title='bbox 3132 2808 3382 2880; x_wconf 78' lang='grc' dir='ltr'>θερίζων·</span> <span class='ocrx_word' id='word_1_575' title='bbox 3421 2806 3513 2861; x_wconf 70' lang='grc' dir='ltr'><strong>ἐπὶ</strong></span> <span class='ocrx_word' id='word_1_576' title='bbox 3554 2805 3805 2877; x_wconf 77' lang='grc' dir='ltr'>μέντοιγε</span> 
     </span>
    </p>
   </div>
   <div class='ocr_carea' id='block_1_72' title="bbox 2210 2897 3805 2975">
    <p class='ocr_par' dir='ltr' id='par_1_72' title="bbox 2210 2897 3805 2975">
     <span class='ocr_line' id='line_1_72' title="bbox 2210 2897 3805 2975; baseline -0.006 -16"><span class='ocrx_word' id='word_1_577' title='bbox 2210 2904 2303 2959; x_wconf 83' lang='grc' dir='ltr'>τοῦ</span> <span class='ocrx_word' id='word_1_578' title='bbox 2346 2902 2614 2975; x_wconf 80' lang='grc' dir='ltr'>παρόντος</span> <span class='ocrx_word' id='word_1_579' title='bbox 2645 2901 2945 2975; x_wconf 82' lang='grc' dir='ltr'>ἀμφότεροι</span> <span class='ocrx_word' id='word_1_580' title='bbox 2988 2901 3050 2955; x_wconf 83' lang='grc' dir='ltr'>τὸ</span> <span class='ocrx_word' id='word_1_581' title='bbox 3084 2900 3214 2955; x_wconf 73' lang='grc' dir='ltr'>[διον</span> <span class='ocrx_word' id='word_1_582' title='bbox 3254 2900 3415 2973; x_wconf 76' lang='grc' dir='ltr'>ἔργον</span> <span class='ocrx_word' id='word_1_583' title='bbox 3455 2897 3805 2971; x_wconf 77' lang='grc' dir='ltr'>ἐνεργοῦντες</span> 
     </span>
    </p>
   </div>
   <div class='ocr_carea' id='block_1_73' title="bbox 2211 2990 3807 3067">
    <p class='ocr_par' dir='ltr' id='par_1_73' title="bbox 2211 2990 3807 3067">
     <span class='ocr_line' id='line_1_73' title="bbox 2211 2990 3807 3067; baseline -0.004 -17"><span class='ocrx_word' id='word_1_584' title='bbox 2211 2994 2348 3067; x_wconf 83' lang='grc' dir='ltr'>όμοῦ</span> <span class='ocrx_word' id='word_1_585' title='bbox 2389 2994 2665 3066; x_wconf 85' lang='grc' dir='ltr'>χαίρουσι,</span> <span class='ocrx_word' id='word_1_586' title='bbox 2699 2993 2886 3065; x_wconf 80' lang='grc' dir='ltr'>κοινὴν</span> <span class='ocrx_word' id='word_1_587' title='bbox 2937 2991 3113 3064; x_wconf 81' lang='grc' dir='ltr'>χαρὰν</span> <span class='ocrx_word' id='word_1_588' title='bbox 3165 2992 3265 3063; x_wconf 84' lang='grc' dir='ltr'>τὴν</span> <span class='ocrx_word' id='word_1_589' title='bbox 3317 2991 3426 3044; x_wconf 86' lang='grc' dir='ltr'><strong>τῶν</strong></span> <span class='ocrx_word' id='word_1_590' title='bbox 3475 2990 3807 3062; x_wconf 82' lang='grc' dir='ltr'>σπερμάτων</span> 
     </span>
    </p>
   </div>
   <div class='ocr_carea' id='block_1_74' title="bbox 2212 3083 3808 3159">
    <p class='ocr_par' dir='ltr' id='par_1_74' title="bbox 2212 3083 3808 3159">
     <span class='ocr_line' id='line_1_74' title="bbox 2212 3083 3808 3159; baseline -0.003 -18"><span class='ocrx_word' id='word_1_591' title='bbox 2212 3087 2526 3159; x_wconf 84' lang='grc' dir='ltr'>τελειότητα</span> <span class='ocrx_word' id='word_1_592' title='bbox 2580 3084 2899 3157; x_wconf 78' lang='grc' dir='ltr'>ἡγούμενοι.</span> <span class='ocrx_word' id='word_1_593' title='bbox 2935 3104 2954 3136; x_wconf 69' lang='grc' dir='ltr'><strong>ι</strong></span> <span class='ocrx_word' id='word_1_594' title='bbox 3007 3086 3130 3139; x_wconf 87' lang='grc' dir='ltr'>Ἔτι</span> <span class='ocrx_word' id='word_1_595' title='bbox 3171 3084 3230 3137; x_wconf 81' lang='grc' dir='ltr'>δὲ</span> <span class='ocrx_word' id='word_1_596' title='bbox 3273 3084 3368 3138; x_wconf 78' lang='grc' dir='ltr'><strong>καὶ</strong></span> <span class='ocrx_word' id='word_1_597' title='bbox 3410 3085 3490 3147; x_wconf 90' lang='grc' dir='ltr'><strong>είς</strong></span> <span class='ocrx_word' id='word_1_598' title='bbox 3517 3084 3597 3135; x_wconf 87' lang='grc' dir='ltr'>τό·</span> <span class='ocrx_word' id='word_1_599' title='bbox 3646 3102 3666 3134; x_wconf 80' lang='grc' dir='ltr'><strong>ι</strong></span> <span class='ocrx_word' id='word_1_600' title='bbox 3717 3083 3808 3137; x_wconf 83' lang='grc' dir='ltr'>Ἐν</span> 
     </span>
    </p>
   </div>
   <div class='ocr_carea' id='block_1_75' title="bbox 2214 3175 3806 3250">
    <p class='ocr_par' dir='ltr' id='par_1_75' title="bbox 2214 3175 3806 3250">
     <span class='ocr_line' id='line_1_75' title="bbox 2214 3175 3806 3250; baseline -0.004 -17"><span class='ocrx_word' id='word_1_601' title='bbox 2214 3178 2388 3250; x_wconf 79' lang='grc' dir='ltr'>τούτῳ</span> <span class='ocrx_word' id='word_1_602' title='bbox 2408 3179 2558 3233; x_wconf 71' lang='grc' dir='ltr'>ἐστὶν</span> <span class='ocrx_word' id='word_1_603' title='bbox 2589 3180 2619 3233; x_wconf 91' lang='lat'><strong>6</strong></span> <span class='ocrx_word' id='word_1_604' title='bbox 2658 3179 2816 3248; x_wconf 83' lang='grc' dir='ltr'>λόγος</span> <span class='ocrx_word' id='word_1_605' title='bbox 2849 3177 3123 3249; x_wconf 84' lang='grc' dir='ltr'>ἀληθινὸς,</span> <span class='ocrx_word' id='word_1_606' title='bbox 3143 3178 3225 3232; x_wconf 84' lang='grc' dir='ltr'>ὅτι</span> <span class='ocrx_word' id='word_1_607' title='bbox 3250 3176 3407 3240; x_wconf 79' lang='grc' dir='ltr'>ἄλλος</span> <span class='ocrx_word' id='word_1_608' title='bbox 3426 3176 3576 3229; x_wconf 72' lang='grc' dir='ltr'>ἐστὶν</span> <span class='ocrx_word' id='word_1_609' title='bbox 3601 3178 3631 3229; x_wconf 92' lang='lat'><strong>6</strong></span> <span class='ocrx_word' id='word_1_610' title='bbox 3654 3175 3806 3229; x_wconf 82' lang='grc' dir='ltr'>σπεί-</span> 
     </span>
    </p>
   </div>
   <div class='ocr_carea' id='block_1_76' title="bbox 2219 3268 3806 3343">
    <p class='ocr_par' dir='ltr' id='par_1_76' title="bbox 2219 3268 3806 3343">
     <span class='ocr_line' id='line_1_76' title="bbox 2219 3268 3806 3343; baseline -0.002 -19"><span class='ocrx_word' id='word_1_611' title='bbox 2219 3288 2351 3343; x_wconf 83' lang='grc' dir='ltr'>ρων,</span> <span class='ocrx_word' id='word_1_612' title='bbox 2398 3269 2494 3325; x_wconf 80' lang='grc' dir='ltr'>καὶ</span> <span class='ocrx_word' id='word_1_613' title='bbox 2542 3269 2759 3335; x_wconf 83' lang='grc' dir='ltr'>ᾶλλοςό</span> <span class='ocrx_word' id='word_1_614' title='bbox 2792 3270 3046 3342; x_wconf 85' lang='grc' dir='ltr'>θερίζων,</span> <span class='ocrx_word' id='word_1_615' title='bbox 3097 3288 3118 3321; x_wconf 72' lang='grc' dir='ltr'><strong>ι</strong></span> <span class='ocrx_word' id='word_1_616' title='bbox 3149 3270 3337 3340; x_wconf 68' lang='grc' dir='ltr'>φησίνε</span> <span class='ocrx_word' id='word_1_617' title='bbox 3371 3287 3390 3319; x_wconf 79' lang='grc' dir='ltr'><strong>ι</strong></span> <span class='ocrx_word' id='word_1_618' title='bbox 3442 3269 3501 3321; x_wconf 87' lang='lat'><strong>&#39;0</strong></span> <span class='ocrx_word' id='word_1_619' title='bbox 3548 3268 3649 3340; x_wconf 86' lang='grc' dir='ltr'>μὲν</span> <span class='ocrx_word' id='word_1_620' title='bbox 3697 3268 3806 3341; x_wconf 84' lang='grc' dir='ltr'><strong>γὰρ</strong></span> 
     </span>
    </p>
   </div>
   <div class='ocr_carea' id='block_1_77' title="bbox 2215 3360 3800 3435">
    <p class='ocr_par' dir='ltr' id='par_1_77' title="bbox 2215 3360 3800 3435">
     <span class='ocr_line' id='line_1_77' title="bbox 2215 3360 3800 3435; baseline -0.001 -19"><span class='ocrx_word' id='word_1_621' title='bbox 2215 3364 2356 3435; x_wconf 75' lang='grc' dir='ltr'>ὑπὲρ</span> <span class='ocrx_word' id='word_1_622' title='bbox 2385 3362 2479 3416; x_wconf 80' lang='grc' dir='ltr'><strong>τὸν</strong></span> <span class='ocrx_word' id='word_1_623' title='bbox 2503 3362 2669 3415; x_wconf 86' lang='grc' dir='ltr'>τόπον</span> <span class='ocrx_word' id='word_1_624' title='bbox 2697 3362 2815 3417; x_wconf 81' lang='grc' dir='ltr'>υῑδν</span> <span class='ocrx_word' id='word_1_625' title='bbox 2853 3360 3140 3435; x_wconf 81' lang='grc' dir='ltr'>ἀνθρώπου</span> <span class='ocrx_word' id='word_1_626' title='bbox 3176 3361 3253 3433; x_wconf 76' lang='grc'><strong>(2)</strong></span> <span class='ocrx_word' id='word_1_627' title='bbox 3287 3361 3520 3433; x_wconf 80' lang='grc' dir='ltr'>σπείρει’</span> <span class='ocrx_word' id='word_1_628' title='bbox 3554 3363 3584 3413; x_wconf 97' lang='lat'><strong>6</strong></span> <span class='ocrx_word' id='word_1_629' title='bbox 3609 3361 3665 3414; x_wconf 86' lang='grc' dir='ltr'>δὲ</span> <span class='ocrx_word' id='word_1_630' title='bbox 3697 3361 3800 3415; x_wconf 85' lang='grc' dir='ltr'><strong>Σω-</strong></span> 
     </span>
    </p>
   </div>
   <div class='ocr_carea' id='block_1_78' title="bbox 2213 3451 3805 3529">
    <p class='ocr_par' dir='ltr' id='par_1_78' title="bbox 2213 3451 3805 3529">
     <span class='ocr_line' id='line_1_78' title="bbox 2213 3451 3805 3529; baseline -0.003 -18"><span class='ocrx_word' id='word_1_631' title='bbox 2213 3458 2321 3529; x_wconf 78' lang='grc' dir='ltr'>τὴρ</span> <span class='ocrx_word' id='word_1_632' title='bbox 2348 3455 2425 3511; x_wconf 83' lang='grc' dir='ltr'><strong>ὢν</strong></span> <span class='ocrx_word' id='word_1_633' title='bbox 2457 3456 2553 3510; x_wconf 76' lang='grc' dir='ltr'>καὶ</span> <span class='ocrx_word' id='word_1_634' title='bbox 2598 3455 2763 3519; x_wconf 77' lang='grc' dir='ltr'>αὐτὸς</span> <span class='ocrx_word' id='word_1_635' title='bbox 2804 3455 2932 3519; x_wconf 78' lang='grc' dir='ltr'>Υἱὸς</span> <span class='ocrx_word' id='word_1_636' title='bbox 2973 3453 3261 3526; x_wconf 83' lang='grc' dir='ltr'>ἀνθρώπου</span> <span class='ocrx_word' id='word_1_637' title='bbox 3287 3453 3514 3525; x_wconf 76' lang='grc' dir='ltr'>θερίζει,</span> <span class='ocrx_word' id='word_1_638' title='bbox 3543 3454 3638 3507; x_wconf 80' lang='grc' dir='ltr'>καὶ</span> <span class='ocrx_word' id='word_1_639' title='bbox 3668 3451 3805 3527; x_wconf 87' lang='grc' dir='ltr'>θερι-</span> 
     </span>
    </p>
   </div>
   <div class='ocr_carea' id='block_1_79' title="bbox 2218 3546 3805 3620">
    <p class='ocr_par' dir='ltr' id='par_1_79' title="bbox 2218 3546 3805 3620">
     <span class='ocr_line' id='line_1_79' title="bbox 2218 3546 3805 3620; baseline -0.003 -16"><span class='ocrx_word' id='word_1_640' title='bbox 2218 3550 2351 3612; x_wconf 78' lang='grc' dir='ltr'>στὰς</span> <span class='ocrx_word' id='word_1_641' title='bbox 2381 3549 2591 3620; x_wconf 83' lang='grc' dir='ltr'>πέμπει</span> <span class='ocrx_word' id='word_1_642' title='bbox 2625 3547 2703 3620; x_wconf 79' lang='lat'><strong>(5)</strong></span> <span class='ocrx_word' id='word_1_643' title='bbox 2731 3549 2859 3612; x_wconf 74' lang='grc' dir='ltr'>τοὺς</span> <span class='ocrx_word' id='word_1_644' title='bbox 2901 3547 2991 3601; x_wconf 84' lang='grc' dir='ltr'>διὰ</span> <span class='ocrx_word' id='word_1_645' title='bbox 3033 3546 3142 3600; x_wconf 84' lang='grc' dir='ltr'><strong>τῶν</strong></span> <span class='ocrx_word' id='word_1_646' title='bbox 3183 3547 3442 3618; x_wconf 85' lang='grc' dir='ltr'>μαθητῶν</span> <span class='ocrx_word' id='word_1_647' title='bbox 3484 3547 3805 3618; x_wconf 79' lang='grc' dir='ltr'>νοουμένους</span> 
     </span>
    </p>
   </div>
   <div class='ocr_carea' id='block_1_80' title="bbox 2218 3640 3805 3712">
    <p class='ocr_par' dir='ltr' id='par_1_80' title="bbox 2218 3640 3805 3712">
     <span class='ocr_line' id='line_1_80' title="bbox 2218 3640 3805 3712; baseline -0.001 -15"><span class='ocrx_word' id='word_1_648' title='bbox 2218 3642 2505 3712; x_wconf 79' lang='grc' dir='ltr'>ἀγγέλους,</span> <span class='ocrx_word' id='word_1_649' title='bbox 2536 3642 2767 3695; x_wconf 75' lang='grc' dir='ltr'>ἕκαστον</span> <span class='ocrx_word' id='word_1_650' title='bbox 2789 3641 2881 3695; x_wconf 71' lang='grc' dir='ltr'><strong>ἐπὶ</strong></span> <span class='ocrx_word' id='word_1_651' title='bbox 2926 3640 3024 3712; x_wconf 84' lang='grc' dir='ltr'><strong>τὴν</strong></span> <span class='ocrx_word' id='word_1_652' title='bbox 3054 3640 3248 3694; x_wconf 79' lang='grc' dir='ltr'>ἑαυτοῦ</span> <span class='ocrx_word' id='word_1_653' title='bbox 3273 3640 3472 3711; x_wconf 75' lang='grc' dir='ltr'>ψυχήν.</span> <span class='ocrx_word' id='word_1_654' title='bbox 3510 3661 3529 3692; x_wconf 74' lang='grc' dir='ltr'><strong>ι</strong></span> <span class='ocrx_word' id='word_1_655' title='bbox 3557 3641 3631 3694; x_wconf 84' lang='grc' dir='ltr'><strong>Οὐ</strong></span> <span class='ocrx_word' id='word_1_656' title='bbox 3665 3640 3805 3695; x_wconf 84' lang='grc' dir='ltr'>πάνι.</span> 
     </span>
    </p>
   </div>
   <div class='ocr_carea' id='block_1_81' title="bbox 2216 3731 3807 3805">
    <p class='ocr_par' dir='ltr' id='par_1_81' title="bbox 2216 3731 3807 3805">
     <span class='ocr_line' id='line_1_81' title="bbox 2216 3731 3807 3805; baseline -0.003 -16"><span class='ocrx_word' id='word_1_657' title='bbox 2216 3734 2274 3789; x_wconf 74' lang='grc' dir='ltr'>δὲ</span> <span class='ocrx_word' id='word_1_658' title='bbox 2332 3735 2521 3805; x_wconf 84' lang='grc' dir='ltr'>σαφῶς</span> <span class='ocrx_word' id='word_1_659' title='bbox 2575 3734 2794 3800; x_wconf 71' lang='grc' dir='ltr'>ἐξέθετο</span> <span class='ocrx_word' id='word_1_660' title='bbox 2845 3734 2974 3797; x_wconf 89' lang='grc' dir='ltr'>τοὺς</span> <span class='ocrx_word' id='word_1_661' title='bbox 3029 3733 3122 3786; x_wconf 84' lang='grc' dir='ltr'>δύο</span> <span class='ocrx_word' id='word_1_662' title='bbox 3158 3732 3307 3795; x_wconf 76' lang='grc' dir='ltr'>υἱοὺς</span> <span class='ocrx_word' id='word_1_663' title='bbox 3355 3731 3452 3786; x_wconf 78' lang='grc' dir='ltr'>τοῦ</span> <span class='ocrx_word' id='word_1_664' title='bbox 3494 3731 3807 3804; x_wconf 79' lang='grc' dir='ltr'>ἀνθρώπου,</span> 
     </span>
    </p>
   </div>
   <div class='ocr_carea' id='block_1_82' title="bbox 2215 3818 3638 3896">
    <p class='ocr_par' dir='ltr' id='par_1_82' title="bbox 2215 3818 3638 3896">
     <span class='ocr_line' id='line_1_82' title="bbox 2215 3818 3638 3896; baseline -0.003 -16"><span class='ocrx_word' id='word_1_665' title='bbox 2215 3827 2361 3890; x_wconf 89' lang='grc' dir='ltr'>τίνες</span> <span class='ocrx_word' id='word_1_666' title='bbox 2397 3826 2558 3891; x_wconf 72' lang='grc' dir='ltr'>εἰσὶν,</span> <span class='ocrx_word' id='word_1_667' title='bbox 2602 3819 2679 3880; x_wconf 79' lang='grc' dir='ltr'>ὧν</span> <span class='ocrx_word' id='word_1_668' title='bbox 2707 3825 2738 3877; x_wconf 88' lang='lat'><strong>6</strong></span> <span class='ocrx_word' id='word_1_669' title='bbox 2766 3818 2849 3888; x_wconf 81' lang='grc' dir='ltr'>εἷς</span> <span class='ocrx_word' id='word_1_670' title='bbox 2883 3823 3119 3896; x_wconf 86' lang='grc' dir='ltr'>σπείρει,</span> <span class='ocrx_word' id='word_1_671' title='bbox 3144 3823 3240 3877; x_wconf 74' lang='grc' dir='ltr'><strong>καὶ</strong></span> <span class='ocrx_word' id='word_1_672' title='bbox 3259 3827 3287 3878; x_wconf 91' lang='lat'><strong>6</strong></span> <span class='ocrx_word' id='word_1_673' title='bbox 3310 3819 3391 3886; x_wconf 79' lang='grc' dir='ltr'>εἷς</span> <span class='ocrx_word' id='word_1_674' title='bbox 3416 3822 3638 3895; x_wconf 76' lang='grc' dir='ltr'>θερίζει.</span> 
     </span>
    </p>
   </div>
   <div class='ocr_carea' id='block_1_83' title="bbox 2288 4027 3809 4101">
    <p class='ocr_par' dir='ltr' id='par_1_83' title="bbox 2288 4027 3809 4101">
     <span class='ocr_line' id='line_1_83' title="bbox 2288 4027 3809 4101; baseline -0.003 -16"><span class='ocrx_word' id='word_1_675' title='bbox 2288 4031 2376 4087; x_wconf 75' lang='grc'><strong>49.</strong></span> <span class='ocrx_word' id='word_1_676' title='bbox 2423 4049 2441 4082; x_wconf 85' lang='grc' dir='ltr'><strong>ι</strong></span> <span class='ocrx_word' id='word_1_677' title='bbox 2498 4028 2640 4099; x_wconf 82' lang='grc' dir='ltr'>Ἐγὼ</span> <span class='ocrx_word' id='word_1_678' title='bbox 2686 4028 2983 4084; x_wconf 85' lang='grc' dir='ltr'>ἀπέστειλα</span> <span class='ocrx_word' id='word_1_679' title='bbox 3008 4028 3155 4098; x_wconf 82' lang='grc' dir='ltr'>ὑμᾶς</span> <span class='ocrx_word' id='word_1_680' title='bbox 3200 4028 3433 4101; x_wconf 76' lang='grc' dir='ltr'>θερίζειν</span> <span class='ocrx_word' id='word_1_681' title='bbox 3461 4027 3492 4081; x_wconf 91' lang='grc' dir='ltr'><strong>δ</strong></span> <span class='ocrx_word' id='word_1_682' title='bbox 3521 4028 3620 4099; x_wconf 83' lang='grc' dir='ltr'><strong>οὐχ</strong></span> <span class='ocrx_word' id='word_1_683' title='bbox 3651 4028 3809 4099; x_wconf 82' lang='grc' dir='ltr'>ὑμεῖς</span> 
     </span>
    </p>
   </div>
   <div class='ocr_carea' id='block_1_84' title="bbox 2218 4116 3808 4189">
    <p class='ocr_par' dir='ltr' id='par_1_84' title="bbox 2218 4116 3808 4189">
     <span class='ocr_line' id='line_1_84' title="bbox 2218 4116 3808 4189; baseline -0.005 -12"><span class='ocrx_word' id='word_1_684' title='bbox 2218 4120 2607 4184; x_wconf 82' lang='grc' dir='ltr'>κεκοπιάκατε,</span> <span class='ocrx_word' id='word_1_685' title='bbox 2648 4118 2797 4173; x_wconf 80' lang='grc' dir='ltr'>ἄλλοι</span> <span class='ocrx_word' id='word_1_686' title='bbox 2825 4119 3212 4180; x_wconf 83' lang='grc' dir='ltr'>κεκοπιάκασι,</span> <span class='ocrx_word' id='word_1_687' title='bbox 3255 4117 3350 4172; x_wconf 74' lang='grc' dir='ltr'><strong>καὶ</strong></span> <span class='ocrx_word' id='word_1_688' title='bbox 3396 4119 3557 4189; x_wconf 84' lang='grc' dir='ltr'>ὑμεῖς</span> <span class='ocrx_word' id='word_1_689' title='bbox 3600 4119 3680 4181; x_wconf 90' lang='grc' dir='ltr'><strong>είς</strong></span> <span class='ocrx_word' id='word_1_690' title='bbox 3717 4116 3808 4169; x_wconf 74' lang='grc' dir='ltr'><strong>τὸν</strong></span> 
     </span>
    </p>
   </div>
   <div class='ocr_carea' id='block_1_85' title="bbox 2218 4207 3807 4280">
    <p class='ocr_par' dir='ltr' id='par_1_85' title="bbox 2218 4207 3807 4280">
     <span class='ocr_line' id='line_1_85' title="bbox 2218 4207 3807 4280; baseline -0.001 -16"><span class='ocrx_word' id='word_1_691' title='bbox 2218 4212 2387 4264; x_wconf 90' lang='grc' dir='ltr'>κόπον</span> <span class='ocrx_word' id='word_1_692' title='bbox 2433 4208 2614 4263; x_wconf 83' lang='grc' dir='ltr'>αὐτῶν</span> <span class='ocrx_word' id='word_1_693' title='bbox 2675 4208 3078 4280; x_wconf 83' lang='grc' dir='ltr'>είσεληλύθατε.</span> <span class='ocrx_word' id='word_1_694' title='bbox 3116 4228 3137 4262; x_wconf 72' lang='grc' dir='ltr'><strong>ι</strong></span> <span class='ocrx_word' id='word_1_695' title='bbox 3186 4209 3263 4262; x_wconf 82' lang='grc' dir='ltr'><strong>Οὐ</strong></span> <span class='ocrx_word' id='word_1_696' title='bbox 3308 4208 3545 4279; x_wconf 82' lang='grc' dir='ltr'>χαλεπὸν</span> <span class='ocrx_word' id='word_1_697' title='bbox 3593 4209 3659 4262; x_wconf 85' lang='grc' dir='ltr'>ὲκ</span> <span class='ocrx_word' id='word_1_698' title='bbox 3698 4207 3807 4262; x_wconf 86' lang='grc' dir='ltr'><strong>τῶν</strong></span> 
     </span>
    </p>
   </div>
   <div class='ocr_carea' id='block_1_86' title="bbox 2219 4298 3809 4372">
    <p class='ocr_par' dir='ltr' id='par_1_86' title="bbox 2219 4298 3809 4372">
     <span class='ocr_line' id='line_1_86' title="bbox 2219 4298 3809 4372; baseline -0.002 -17"><span class='ocrx_word' id='word_1_699' title='bbox 2219 4299 2634 4372; x_wconf 87' lang='grc' dir='ltr'>προειρημένων</span> <span class='ocrx_word' id='word_1_700' title='bbox 2678 4298 2955 4372; x_wconf 83' lang='grc' dir='ltr'>θεωρῆσαι</span> <span class='ocrx_word' id='word_1_701' title='bbox 3005 4300 3123 4364; x_wconf 84' lang='grc' dir='ltr'><strong>πῶς</strong></span> <span class='ocrx_word' id='word_1_702' title='bbox 3164 4300 3487 4355; x_wconf 84' lang='grc' dir='ltr'>ἀπέστειλεν</span> <span class='ocrx_word' id='word_1_703' title='bbox 3520 4302 3548 4354; x_wconf 86' lang='lat'><strong>6</strong></span> <span class='ocrx_word' id='word_1_704' title='bbox 3599 4299 3809 4372; x_wconf 83' lang='grc' dir='ltr'>Ἰησοῦς</span> 
     </span>
    </p>
   </div>
   <div class='ocr_carea' id='block_1_87' title="bbox 2218 4390 3808 4465">
    <p class='ocr_par' dir='ltr' id='par_1_87' title="bbox 2218 4390 3808 4465">
     <span class='ocr_line' id='line_1_87' title="bbox 2218 4390 3808 4465; baseline 0.001 -21"><span class='ocrx_word' id='word_1_705' title='bbox 2218 4394 2347 4457; x_wconf 80' lang='grc' dir='ltr'>τοὺς</span> <span class='ocrx_word' id='word_1_706' title='bbox 2376 4390 2625 4465; x_wconf 80' lang='grc' dir='ltr'>μαθητὰς</span> <span class='ocrx_word' id='word_1_707' title='bbox 2657 4391 2896 4461; x_wconf 87' lang='grc' dir='ltr'>θερίζειν</span> <span class='ocrx_word' id='word_1_708' title='bbox 2929 4393 3107 4457; x_wconf 81' lang='grc' dir='ltr'>τοῦτο,</span> <span class='ocrx_word' id='word_1_709' title='bbox 3132 4394 3214 4457; x_wconf 80' lang='grc' dir='ltr'><strong>είς</strong></span> <span class='ocrx_word' id='word_1_710' title='bbox 3249 4392 3280 4445; x_wconf 82' lang='grc' dir='ltr'><strong>ὃ</strong></span> <span class='ocrx_word' id='word_1_711' title='bbox 3317 4393 3419 4447; x_wconf 79' lang='grc' dir='ltr'>οὐκ</span> <span class='ocrx_word' id='word_1_712' title='bbox 3459 4391 3612 4448; x_wconf 79' lang='grc' dir='ltr'>αὐτοὶ</span> <span class='ocrx_word' id='word_1_713' title='bbox 3646 4409 3808 4445; x_wconf 89' lang='grc' dir='ltr'>κεκο-</span> 
     </span>
    </p>
   </div>
   <div class='ocr_carea' id='block_1_88' title="bbox 534 4459 2111 4556">
    <p class='ocr_par' dir='ltr' id='par_1_88' title="bbox 534 4471 2111 4541">
     <span class='ocr_line' id='line_1_88' title="bbox 534 4471 2111 4541; baseline 0.001 -15"><span class='ocrx_word' id='word_1_714' title='bbox 534 4474 671 4539; x_wconf 89' lang='lat' dir='ltr'><strong>rint,</strong></span> <span class='ocrx_word' id='word_1_715' title='bbox 705 4472 800 4525; x_wconf 83' lang='lat' dir='ltr'><strong>sed</strong></span> <span class='ocrx_word' id='word_1_716' title='bbox 831 4471 1068 4541; x_wconf 83' lang='lat' dir='ltr'><strong>majores</strong></span> <span class='ocrx_word' id='word_1_717' title='bbox 1101 4473 1184 4527; x_wconf 90' lang='lat' dir='ltr'><strong>sui</strong></span> <span class='ocrx_word' id='word_1_718' title='bbox 1219 4490 1235 4531; x_wconf 88' lang='lat'><strong>:</strong></span> <span class='ocrx_word' id='word_1_719' title='bbox 1265 4488 1388 4528; x_wconf 91' lang='lat' dir='ltr'><strong>cum</strong></span> <span class='ocrx_word' id='word_1_720' title='bbox 1426 4475 1569 4529; x_wconf 88' lang='lat' dir='ltr'><strong>enim</strong></span> <span class='ocrx_word' id='word_1_721' title='bbox 1591 4475 1904 4529; x_wconf 87' lang='lat' dir='ltr'><strong>laborarint</strong></span> <span class='ocrx_word' id='word_1_722' title='bbox 1938 4473 2111 4529; x_wconf 84' lang='lat' dir='ltr'><strong>Moses</strong></span> 
     </span>
    </p>
   </div>
   <div class='ocr_carea' id='block_1_89' title="bbox 2211 4459 3810 4556">
    <p class='ocr_par' dir='ltr' id='par_1_89' title="bbox 2227 4459 3810 4556">
     <span class='ocr_line' id='line_1_89' title="bbox 2227 4459 3810 4556; baseline -0.001 -18"><span class='ocrx_word' id='word_1_723' title='bbox 2227 4459 2524 4550; x_wconf 64' lang='lat' dir='ltr'><strong>ntdxnctv,</strong></span> <span class='ocrx_word' id='word_1_724' title='bbox 2568 4484 2685 4539; x_wconf 83' lang='grc' dir='ltr'>ἀλλ’</span> <span class='ocrx_word' id='word_1_725' title='bbox 2728 4459 2782 4538; x_wconf 79' lang='grc' dir='ltr'>οἱ</span> <span class='ocrx_word' id='word_1_726' title='bbox 2836 4485 2944 4555; x_wconf 87' lang='grc' dir='ltr'><strong>πρὸ</strong></span> <span class='ocrx_word' id='word_1_727' title='bbox 2988 4482 3188 4538; x_wconf 81' lang='grc' dir='ltr'>αὐτῶν·</span> <span class='ocrx_word' id='word_1_728' title='bbox 3234 4485 3503 4556; x_wconf 81' lang='grc' dir='ltr'>καμόντος</span> <span class='ocrx_word' id='word_1_729' title='bbox 3545 4485 3655 4556; x_wconf 87' lang='grc' dir='ltr'>γὰρ</span> <span class='ocrx_word' id='word_1_730' title='bbox 3686 4485 3810 4539; x_wconf 85' lang='grc' dir='ltr'><strong>Μω-</strong></span> 
     </span>
    </p>
   </div>
   <div class='ocr_carea' id='block_1_90' title="bbox 533 4564 2113 4641">
    <p class='ocr_par' dir='ltr' id='par_1_90' title="bbox 533 4564 2113 4641">
     <span class='ocr_line' id='line_1_90' title="bbox 533 4564 2113 4641; baseline -0.001 -21"><span class='ocrx_word' id='word_1_731' title='bbox 533 4573 589 4621; x_wconf 91' lang='lat' dir='ltr'><strong>et</strong></span> <span class='ocrx_word' id='word_1_732' title='bbox 640 4564 918 4635; x_wconf 68' lang='lat' dir='ltr'><strong>propheta:</strong></span> <span class='ocrx_word' id='word_1_733' title='bbox 943 4604 958 4628; x_wconf 93' lang='lat'><strong>,</strong></span> <span class='ocrx_word' id='word_1_734' title='bbox 997 4576 1056 4619; x_wconf 89' lang='lat' dir='ltr'><strong>ut</strong></span> <span class='ocrx_word' id='word_1_735' title='bbox 1091 4566 1378 4636; x_wconf 86' lang='lat' dir='ltr'><strong>percipere</strong></span> <span class='ocrx_word' id='word_1_736' title='bbox 1416 4568 1639 4636; x_wconf 87' lang='lat' dir='ltr'><strong>quirent</strong></span> <span class='ocrx_word' id='word_1_737' title='bbox 1686 4567 2113 4641; x_wconf 88' lang='lat' dir='ltr'><strong>intelligentiam</strong></span> 
     </span>
    </p>
   </div>
   <div class='ocr_carea' id='block_1_91' title="bbox 532 4658 2115 4734">
    <p class='ocr_par' dir='ltr' id='par_1_91' title="bbox 532 4658 2115 4734">
     <span class='ocr_line' id='line_1_91' title="bbox 532 4658 2115 4734; baseline 0.003 -22"><span class='ocrx_word' id='word_1_738' title='bbox 532 4658 964 4730; x_wconf 78' lang='lat' dir='ltr'><strong>mysteriorum,</strong></span> <span class='ocrx_word' id='word_1_739' title='bbox 1018 4674 1249 4727; x_wconf 87' lang='lat' dir='ltr'><strong>quorum</strong></span> <span class='ocrx_word' id='word_1_740' title='bbox 1314 4661 1545 4729; x_wconf 69' lang='lat' dir='ltr'><strong>vestigia</strong></span> <span class='ocrx_word' id='word_1_741' title='bbox 1595 4662 1650 4716; x_wconf 90' lang='lat' dir='ltr'><strong>in</strong></span> <span class='ocrx_word' id='word_1_742' title='bbox 1705 4662 1821 4717; x_wconf 88' lang='lat' dir='ltr'><strong>suis</strong></span> <span class='ocrx_word' id='word_1_743' title='bbox 1869 4662 2115 4734; x_wconf 87' lang='lat' dir='ltr'><strong>ipsorum</strong></span> 
     </span>
    </p>
   </div>
   <div class='ocr_carea' id='block_1_92' title="bbox 533 4750 2115 4824">
    <p class='ocr_par' dir='ltr' id='par_1_92' title="bbox 533 4750 2115 4824">
     <span class='ocr_line' id='line_1_92' title="bbox 533 4750 2115 4824; baseline 0.003 -19"><span class='ocrx_word' id='word_1_744' title='bbox 533 4750 754 4821; x_wconf 90' lang='lat' dir='ltr'><strong>scriptis</strong></span> <span class='ocrx_word' id='word_1_745' title='bbox 800 4750 1162 4820; x_wconf 89' lang='lat' dir='ltr'><strong>reliquerunt,</strong></span> <span class='ocrx_word' id='word_1_746' title='bbox 1214 4753 1269 4805; x_wconf 88' lang='lat' dir='ltr'><strong>in</strong></span> <span class='ocrx_word' id='word_1_747' title='bbox 1312 4752 1475 4807; x_wconf 81' lang='lat' dir='ltr'><strong>Musis</strong></span> <span class='ocrx_word' id='word_1_748' title='bbox 1504 4770 1569 4808; x_wconf 88' lang='lat' dir='ltr'><strong>ac</strong></span> <span class='ocrx_word' id='word_1_749' title='bbox 1607 4756 1997 4824; x_wconf 84' lang='lat' dir='ltr'><strong>prophetarum</strong></span> <span class='ocrx_word' id='word_1_750' title='bbox 2029 4755 2115 4809; x_wconf 86' lang='lat' dir='ltr'><strong>la-</strong></span> 
     </span>
    </p>
   </div>
   <div class='ocr_carea' id='block_1_93' title="bbox 535 4842 2116 4918">
    <p class='ocr_par' dir='ltr' id='par_1_93' title="bbox 535 4842 2116 4918">
     <span class='ocr_line' id='line_1_93' title="bbox 535 4842 2116 4918; baseline 0.005 -23"><span class='ocrx_word' id='word_1_751' title='bbox 535 4843 722 4898; x_wconf 90' lang='lat' dir='ltr'><strong>borem</strong></span> <span class='ocrx_word' id='word_1_752' title='bbox 762 4842 1023 4896; x_wconf 90' lang='lat' dir='ltr'><strong>iutroiere</strong></span> <span class='ocrx_word' id='word_1_753' title='bbox 1065 4844 1314 4913; x_wconf 85' lang='lat' dir='ltr'><strong>apostoli,</strong></span> <span class='ocrx_word' id='word_1_754' title='bbox 1343 4861 1372 4897; x_wconf 91' lang='lat' dir='ltr'><strong>a</strong></span> <span class='ocrx_word' id='word_1_755' title='bbox 1417 4843 1544 4899; x_wconf 75' lang='lat' dir='ltr'><strong>Jesu</strong></span> <span class='ocrx_word' id='word_1_756' title='bbox 1602 4847 1860 4918; x_wconf 83' lang='lat' dir='ltr'><strong>mysteria</strong></span> <span class='ocrx_word' id='word_1_757' title='bbox 1892 4847 2071 4903; x_wconf 85' lang='lat' dir='ltr'><strong>edocti</strong></span> <span class='ocrx_word' id='word_1_758' title='bbox 2101 4888 2116 4908; x_wconf 89' lang='lat'><strong>.</strong></span> 
     </span>
    </p>
   </div>
   <div class='ocr_carea' id='block_1_94' title="bbox 531 4938 2112 5007">
    <p class='ocr_par' dir='ltr' id='par_1_94' title="bbox 531 4938 2112 5007">
     <span class='ocr_line' id='line_1_94' title="bbox 531 4938 2112 5007; baseline 0.004 -20"><span class='ocrx_word' id='word_1_759' title='bbox 531 4941 798 4987; x_wconf 87' lang='lat' dir='ltr'><strong>metentes</strong></span> <span class='ocrx_word' id='word_1_760' title='bbox 835 4943 892 4987; x_wconf 92' lang='lat' dir='ltr'><strong>et</strong></span> <span class='ocrx_word' id='word_1_761' title='bbox 922 4946 1323 5003; x_wconf 83' lang='lat' dir='ltr'><strong>congregantes</strong></span> <span class='ocrx_word' id='word_1_762' title='bbox 1373 4940 1423 4990; x_wconf 85' lang='lat' dir='ltr'><strong>tu</strong></span> <span class='ocrx_word' id='word_1_763' title='bbox 1470 4938 1667 4991; x_wconf 82' lang='lat' dir='ltr'><strong>horrea</strong></span> <span class='ocrx_word' id='word_1_764' title='bbox 1718 4953 1830 4994; x_wconf 71' lang='lat' dir='ltr'><strong>sua:</strong></span> <span class='ocrx_word' id='word_1_765' title='bbox 1869 4940 2112 5007; x_wconf 87' lang='lat' dir='ltr'><strong>ipsorum</strong></span> 
     </span>
    </p>
   </div>
   <div class='ocr_carea' id='block_1_95' title="bbox 532 5026 2116 5102">
    <p class='ocr_par' dir='ltr' id='par_1_95' title="bbox 532 5026 2116 5102">
     <span class='ocr_line' id='line_1_95' title="bbox 532 5026 2116 5102; baseline 0.005 -24"><span class='ocrx_word' id='word_1_766' title='bbox 532 5027 730 5078; x_wconf 72' lang='lat' dir='ltr'><strong>animae</strong></span> <span class='ocrx_word' id='word_1_767' title='bbox 748 5038 967 5078; x_wconf 90' lang='lat' dir='ltr'><strong>sensum</strong></span> <span class='ocrx_word' id='word_1_768' title='bbox 997 5026 1051 5078; x_wconf 92' lang='lat' dir='ltr'><strong>in</strong></span> <span class='ocrx_word' id='word_1_769' title='bbox 1083 5026 1190 5081; x_wconf 91' lang='lat' dir='ltr'><strong>illis</strong></span> <span class='ocrx_word' id='word_1_770' title='bbox 1226 5028 1590 5082; x_wconf 87' lang='lat' dir='ltr'><strong>reconditum.</strong></span> <span class='ocrx_word' id='word_1_771' title='bbox 1622 5028 1701 5083; x_wconf 79' lang='lat' dir='ltr'><strong>Ac</strong></span> <span class='ocrx_word' id='word_1_772' title='bbox 1722 5045 1937 5102; x_wconf 85' lang='lat' dir='ltr'><strong>semper</strong></span> <span class='ocrx_word' id='word_1_773' title='bbox 1965 5041 2116 5086; x_wconf 89' lang='lat' dir='ltr'><strong>certe</strong></span> 
     </span>
    </p>
   </div>
   <div class='ocr_carea' id='block_1_96' title="bbox 534 5110 2117 5186">
    <p class='ocr_par' dir='ltr' id='par_1_96' title="bbox 534 5110 2117 5186">
     <span class='ocr_line' id='line_1_96' title="bbox 534 5110 2117 5186; baseline 0.004 -21"><span class='ocrx_word' id='word_1_774' title='bbox 534 5113 728 5166; x_wconf 88' lang='lat' dir='ltr'><strong>Sermo</strong></span> <span class='ocrx_word' id='word_1_775' title='bbox 765 5111 856 5167; x_wconf 91' lang='lat' dir='ltr'><strong>ille</strong></span> <span class='ocrx_word' id='word_1_776' title='bbox 892 5110 1088 5184; x_wconf 80' lang='lat' dir='ltr'><strong>[Filius</strong></span> <span class='ocrx_word' id='word_1_777' title='bbox 1119 5115 1241 5186; x_wconf 81' lang='lat' dir='ltr'><strong>Dei]</strong></span> <span class='ocrx_word' id='word_1_778' title='bbox 1289 5116 1557 5185; x_wconf 83' lang='lat' dir='ltr'><strong>majorum</strong></span> <span class='ocrx_word' id='word_1_779' title='bbox 1602 5116 1818 5171; x_wconf 88' lang='lat' dir='ltr'><strong>labores</strong></span> <span class='ocrx_word' id='word_1_780' title='bbox 1850 5116 2117 5172; x_wconf 88' lang='lat' dir='ltr'><strong>clariores</strong></span> 
     </span>
    </p>
   </div>
   <div class='ocr_carea' id='block_1_97' title="bbox 533 5204 2114 5281">
    <p class='ocr_par' dir='ltr' id='par_1_97' title="bbox 533 5204 2114 5281">
     <span class='ocr_line' id='line_1_97' title="bbox 533 5204 2114 5281; baseline 0.001 -23"><span class='ocrx_word' id='word_1_781' title='bbox 533 5204 666 5260; x_wconf 75' lang='lat' dir='ltr'><strong>facit</strong></span> <span class='ocrx_word' id='word_1_782' title='bbox 692 5206 776 5260; x_wconf 91' lang='lat' dir='ltr'><strong>his</strong></span> <span class='ocrx_word' id='word_1_783' title='bbox 805 5207 898 5276; x_wconf 90' lang='lat' dir='ltr'><strong>qui</strong></span> <span class='ocrx_word' id='word_1_784' title='bbox 934 5221 1195 5277; x_wconf 87' lang='lat' dir='ltr'><strong>germane</strong></span> <span class='ocrx_word' id='word_1_785' title='bbox 1221 5208 1436 5265; x_wconf 84' lang='lat' dir='ltr'><strong>discere</strong></span> <span class='ocrx_word' id='word_1_786' title='bbox 1480 5210 1724 5281; x_wconf 85' lang='lat' dir='ltr'><strong>cupiunt,</strong></span> <span class='ocrx_word' id='word_1_787' title='bbox 1761 5206 1979 5264; x_wconf 87' lang='lat' dir='ltr'><strong>etiamsi</strong></span> <span class='ocrx_word' id='word_1_788' title='bbox 2008 5224 2114 5263; x_wconf 88' lang='lat' dir='ltr'><strong>non</strong></span> 
     </span>
    </p>
   </div>
   <div class='ocr_carea' id='block_1_98' title="bbox 612 5336 1072 5407">
    <p class='ocr_par' dir='ltr' id='par_1_98' title="bbox 612 5336 1072 5407">
     <span class='ocr_line' id='line_1_98' title="bbox 612 5336 1072 5407; baseline 0.007 -13"><span class='ocrx_word' id='word_1_789' title='bbox 612 5341 658 5373; x_wconf 79' lang='lat'>&quot;</span> <span class='ocrx_word' id='word_1_790' title='bbox 688 5336 849 5396; x_wconf 83' lang='lat' dir='ltr'><strong>Joan.</strong></span> <span class='ocrx_word' id='word_1_791' title='bbox 883 5357 958 5407; x_wconf 81' lang='lat' dir='ltr'><strong>tv,</strong></span> <span class='ocrx_word' id='word_1_792' title='bbox 981 5341 1072 5397; x_wconf 75' lang='lat'><strong>38.</strong></span> 
     </span>
    </p>
   </div>
   <div class='ocr_carea' id='block_1_99' title="bbox 600 5459 2109 5534">
    <p class='ocr_par' dir='ltr' id='par_1_99' title="bbox 600 5459 2109 5534">
     <span class='ocr_line' id='line_1_99' title="bbox 600 5459 2109 5534; baseline -0.001 -17"><span class='ocrx_word' id='word_1_793' title='bbox 600 5463 712 5534; x_wconf 85' lang='lat'><strong>(98)</strong></span> <span class='ocrx_word' id='word_1_794' title='bbox 733 5461 915 5534; x_wconf 73' lang='lat' dir='ltr'><strong>codex</strong></span> <span class='ocrx_word' id='word_1_795' title='bbox 941 5461 1357 5534; x_wconf 69' lang='lat' dir='ltr'><strong>_Bodleianus,_6</strong></span> <span class='ocrx_word' id='word_1_796' title='bbox 1377 5459 1555 5534; x_wconf 84' lang='grc' dir='ltr'>λόγος,</span> <span class='ocrx_word' id='word_1_797' title='bbox 1590 5459 1792 5534; x_wconf 67' lang='lat' dir='ltr'><strong>Regius</strong></span> <span class='ocrx_word' id='word_1_798' title='bbox 1818 5470 1873 5534; x_wconf 86' lang='lat' dir='ltr'><strong>et</strong></span> <span class='ocrx_word' id='word_1_799' title='bbox 1902 5460 2109 5534; x_wconf 69' lang='lat' dir='ltr'><strong>Barlte-</strong></span> 
     </span>
    </p>
   </div>
   <div class='ocr_carea' id='block_1_100' title="bbox 531 5529 2109 5601">
    <p class='ocr_par' dir='ltr' id='par_1_100' title="bbox 531 5529 2109 5601">
     <span class='ocr_line' id='line_1_100' title="bbox 531 5529 2109 5601; baseline -0.001 -16"><span class='ocrx_word' id='word_1_800' title='bbox 531 5529 709 5596; x_wconf 75' lang='lat' dir='ltr'><strong>riuus,</strong></span> <span class='ocrx_word' id='word_1_801' title='bbox 733 5532 913 5600; x_wconf 87' lang='grc' dir='ltr'>λόγος.</span> <span class='ocrx_word' id='word_1_802' title='bbox 940 5531 1059 5586; x_wconf 68' lang='lat' dir='ltr'><strong>Me:</strong></span> <span class='ocrx_word' id='word_1_803' title='bbox 1097 5531 1259 5586; x_wconf 90' lang='lat' dir='ltr'><strong>codd.</strong></span> <span class='ocrx_word' id='word_1_804' title='bbox 1283 5529 1490 5601; x_wconf 80' lang='lat' dir='ltr'><strong>Regius</strong></span> <span class='ocrx_word' id='word_1_805' title='bbox 1528 5541 1584 5587; x_wconf 88' lang='lat' dir='ltr'><strong>et</strong></span> <span class='ocrx_word' id='word_1_806' title='bbox 1616 5531 1970 5597; x_wconf 80' lang='lat' dir='ltr'><strong>Barberinus,</strong></span> <span class='ocrx_word' id='word_1_807' title='bbox 2011 5532 2109 5586; x_wconf 77' lang='grc' dir='ltr'><strong>ἄλ-</strong></span> 
     </span>
    </p>
   </div>
   <div class='ocr_carea' id='block_1_101' title="bbox 531 5601 1139 5675">
    <p class='ocr_par' dir='ltr' id='par_1_101' title="bbox 531 5601 1139 5675">
     <span class='ocr_line' id='line_1_101' title="bbox 531 5601 1139 5675; baseline 0.002 -20"><span class='ocrx_word' id='word_1_808' title='bbox 531 5601 705 5675; x_wconf 92' lang='grc' dir='ltr'><strong>λον</strong></span> <span class='ocrx_word' id='word_1_809' title='bbox 723 5602 813 5675; x_wconf 60' lang='grc' dir='ltr'><strong>τον</strong></span> <span class='ocrx_word' id='word_1_810' title='bbox 834 5601 1139 5675; x_wconf 73' lang='grc' dir='ltr'>θερίζοντα.</span> 
     </span>
    </p>
   </div>
   <div class='ocr_carea' id='block_1_102' title="bbox 605 5667 2087 5745">
    <p class='ocr_par' dir='ltr' id='par_1_102' title="bbox 605 5667 2087 5745">
     <span class='ocr_line' id='line_1_102' title="bbox 605 5667 2087 5745; baseline -0.001 -18"><span class='ocrx_word' id='word_1_811' title='bbox 605 5673 717 5742; x_wconf 84' lang='grc'><strong>(99)</strong></span> <span class='ocrx_word' id='word_1_812' title='bbox 740 5667 921 5745; x_wconf 66' lang='lat' dir='ltr'><strong>Qodei</strong></span> <span class='ocrx_word' id='word_1_813' title='bbox 953 5672 1299 5743; x_wconf 86' lang='lat' dir='ltr'><strong>Bodleianus,</strong></span> <span class='ocrx_word' id='word_1_814' title='bbox 1327 5671 1557 5745; x_wconf 82' lang='grc' dir='ltr'>Κυρίου,</span> <span class='ocrx_word' id='word_1_815' title='bbox 1589 5669 1790 5743; x_wconf 79' lang='lat' dir='ltr'><strong>Regius</strong></span> <span class='ocrx_word' id='word_1_816' title='bbox 1819 5679 1874 5727; x_wconf 90' lang='lat' dir='ltr'><strong>et</strong></span> <span class='ocrx_word' id='word_1_817' title='bbox 1912 5667 2087 5726; x_wconf 86' lang='lat' dir='ltr'><strong>Barbe</strong></span> 
     </span>
    </p>
   </div>
   <div class='ocr_carea' id='block_1_103' title="bbox 537 5742 1007 5813">
    <p class='ocr_par' dir='ltr' id='par_1_103' title="bbox 537 5742 1007 5813">
     <span class='ocr_line' id='line_1_103' title="bbox 537 5742 1007 5813; baseline -0.006 -15"><span class='ocrx_word' id='word_1_818' title='bbox 537 5742 711 5812; x_wconf 74' lang='lat' dir='ltr'><strong>tinus,</strong></span> <span class='ocrx_word' id='word_1_819' title='bbox 739 5743 1007 5813; x_wconf 84' lang='grc' dir='ltr'>Σωτῆρος.</span> 
     </span>
    </p>
   </div>
   <div class='ocr_carea' id='block_1_104' title="bbox 2227 4576 3807 4649">
    <p class='ocr_par' dir='ltr' id='par_1_104' title="bbox 2227 4576 3807 4649">
     <span class='ocr_line' id='line_1_104' title="bbox 2227 4576 3807 4649; baseline -0.001 -19"><span class='ocrx_word' id='word_1_820' title='bbox 2227 4577 2366 4640; x_wconf 82' lang='grc' dir='ltr'>σέως</span> <span class='ocrx_word' id='word_1_821' title='bbox 2392 4577 2485 4630; x_wconf 87' lang='grc' dir='ltr'><strong>καί</strong></span> <span class='ocrx_word' id='word_1_822' title='bbox 2519 4576 2627 4629; x_wconf 86' lang='grc' dir='ltr'><strong>τῶν</strong></span> <span class='ocrx_word' id='word_1_823' title='bbox 2661 4576 2977 4649; x_wconf 84' lang='grc' dir='ltr'>προφητῶν,</span> <span class='ocrx_word' id='word_1_824' title='bbox 3011 4577 3098 4631; x_wconf 78' lang='grc' dir='ltr'>ἴνα</span> <span class='ocrx_word' id='word_1_825' title='bbox 3135 4577 3380 4648; x_wconf 83' lang='grc' dir='ltr'>χωρῆσαι</span> <span class='ocrx_word' id='word_1_826' title='bbox 3400 4576 3666 4648; x_wconf 83' lang='grc' dir='ltr'>δυνηθῶσι</span> <span class='ocrx_word' id='word_1_827' title='bbox 3688 4576 3807 4647; x_wconf 83' lang='grc' dir='ltr'>νοῆ-</span> 
     </span>
    </p>
   </div>
   <div class='ocr_carea' id='block_1_105' title="bbox 2228 4661 3811 4742">
    <p class='ocr_par' dir='ltr' id='par_1_105' title="bbox 2228 4661 3811 4742">
     <span class='ocr_line' id='line_1_105' title="bbox 2228 4661 3811 4742; baseline 0.001 -23"><span class='ocrx_word' id='word_1_828' title='bbox 2228 4685 2318 4722; x_wconf 88' lang='grc' dir='ltr'><strong>σαι</strong></span> <span class='ocrx_word' id='word_1_829' title='bbox 2346 4667 2414 4721; x_wconf 84' lang='grc' dir='ltr'>τὰ</span> <span class='ocrx_word' id='word_1_830' title='bbox 2439 4670 2734 4740; x_wconf 84' lang='grc' dir='ltr'>μυστήρια,</span> <span class='ocrx_word' id='word_1_831' title='bbox 2759 4661 2833 4723; x_wconf 82' lang='grc' dir='ltr'>ὧν</span> <span class='ocrx_word' id='word_1_832' title='bbox 2852 4667 2923 4722; x_wconf 82' lang='grc' dir='ltr'>τὰ</span> <span class='ocrx_word' id='word_1_833' title='bbox 2948 4669 3069 4741; x_wconf 80' lang='grc' dir='ltr'>ἴχνη</span> <span class='ocrx_word' id='word_1_834' title='bbox 3098 4670 3156 4722; x_wconf 78' lang='grc' dir='ltr'>ἐν</span> <span class='ocrx_word' id='word_1_835' title='bbox 3201 4671 3313 4732; x_wconf 81' lang='grc' dir='ltr'>τοῖς</span> <span class='ocrx_word' id='word_1_836' title='bbox 3334 4670 3656 4742; x_wconf 86' lang='grc' dir='ltr'>γράμμασιν</span> <span class='ocrx_word' id='word_1_837' title='bbox 3683 4670 3811 4722; x_wconf 78' lang='grc' dir='ltr'>ἑαυ-</span> 
     </span>
    </p>
   </div>
   <div class='ocr_carea' id='block_1_106' title="bbox 2223 4759 3810 4831">
    <p class='ocr_par' dir='ltr' id='par_1_106' title="bbox 2223 4759 3810 4831">
     <span class='ocr_line' id='line_1_106' title="bbox 2223 4759 3810 4831; baseline 0.001 -19"><span class='ocrx_word' id='word_1_838' title='bbox 2223 4760 2333 4813; x_wconf 88' lang='grc' dir='ltr'><strong>τῶν</strong></span> <span class='ocrx_word' id='word_1_839' title='bbox 2384 4760 2519 4831; x_wconf 84' lang='grc' dir='ltr'>ὴμῖν</span> <span class='ocrx_word' id='word_1_840' title='bbox 2558 4759 3035 4823; x_wconf 88' lang='grc' dir='ltr'>καταλελοίπασιν,</span> <span class='ocrx_word' id='word_1_841' title='bbox 3057 4761 3138 4824; x_wconf 90' lang='grc' dir='ltr'><strong>είς</strong></span> <span class='ocrx_word' id='word_1_842' title='bbox 3154 4760 3244 4814; x_wconf 80' lang='grc' dir='ltr'>τὸν</span> <span class='ocrx_word' id='word_1_843' title='bbox 3290 4762 3537 4824; x_wconf 88' lang='grc' dir='ltr'>Μωσέως</span> <span class='ocrx_word' id='word_1_844' title='bbox 3579 4759 3810 4814; x_wconf 78' lang='grc' dir='ltr'>καὶτῶν</span> 
     </span>
    </p>
   </div>
   <div class='ocr_carea' id='block_1_107' title="bbox 2226 4851 3807 4926">
    <p class='ocr_par' dir='ltr' id='par_1_107' title="bbox 2226 4851 3807 4926">
     <span class='ocr_line' id='line_1_107' title="bbox 2226 4851 3807 4926; baseline -0.001 -19"><span class='ocrx_word' id='word_1_845' title='bbox 2226 4852 2522 4925; x_wconf 86' lang='grc' dir='ltr'>προφητῶν</span> <span class='ocrx_word' id='word_1_846' title='bbox 2554 4853 2721 4907; x_wconf 90' lang='grc' dir='ltr'>κόπον</span> <span class='ocrx_word' id='word_1_847' title='bbox 2754 4856 2804 4906; x_wconf 85' lang='lat' dir='ltr'><strong>oi</strong></span> <span class='ocrx_word' id='word_1_848' title='bbox 2843 4853 3130 4908; x_wconf 83' lang='grc' dir='ltr'>ἀπόστολοι</span> <span class='ocrx_word' id='word_1_849' title='bbox 3170 4853 3599 4926; x_wconf 83' lang='grc' dir='ltr'>εἰσεληλύθασιν,</span> <span class='ocrx_word' id='word_1_850' title='bbox 3632 4851 3807 4924; x_wconf 76' lang='grc' dir='ltr'>Ἰησοῦ</span> 
     </span>
    </p>
   </div>
   <div class='ocr_carea' id='block_1_108' title="bbox 2230 4944 3811 5018">
    <p class='ocr_par' dir='ltr' id='par_1_108' title="bbox 2230 4944 3811 5018">
     <span class='ocr_line' id='line_1_108' title="bbox 2230 4944 3811 5018; baseline 0.001 -20"><span class='ocrx_word' id='word_1_851' title='bbox 2230 4945 2733 5017; x_wconf 82' lang='grc' dir='ltr'>μυσταγωγοῦντος,</span> <span class='ocrx_word' id='word_1_852' title='bbox 2770 4945 3077 5018; x_wconf 86' lang='grc' dir='ltr'>θερίζοντες</span> <span class='ocrx_word' id='word_1_853' title='bbox 3097 4948 3190 5001; x_wconf 78' lang='grc' dir='ltr'><strong>καὶ</strong></span> <span class='ocrx_word' id='word_1_854' title='bbox 3223 4948 3548 5017; x_wconf 88' lang='grc' dir='ltr'>συνάγοντες</span> <span class='ocrx_word' id='word_1_855' title='bbox 3585 4947 3666 5010; x_wconf 82' lang='grc' dir='ltr'><strong>είς</strong></span> <span class='ocrx_word' id='word_1_856' title='bbox 3710 4944 3811 5008; x_wconf 83' lang='grc' dir='ltr'>τὰς</span> 
     </span>
    </p>
   </div>
   <div class='ocr_carea' id='block_1_109' title="bbox 2222 5032 3806 5108">
    <p class='ocr_par' dir='ltr' id='par_1_109' title="bbox 2222 5032 3806 5108">
     <span class='ocr_line' id='line_1_109' title="bbox 2222 5032 3806 5108; baseline -0.003 -19"><span class='ocrx_word' id='word_1_857' title='bbox 2222 5034 2508 5106; x_wconf 74' lang='grc' dir='ltr'>ἀποθήκας</span> <span class='ocrx_word' id='word_1_858' title='bbox 2554 5034 2656 5103; x_wconf 85' lang='grc' dir='ltr'><strong>τῆς</strong></span> <span class='ocrx_word' id='word_1_859' title='bbox 2702 5035 2912 5089; x_wconf 77' lang='grc' dir='ltr'>ἑαυτῶν</span> <span class='ocrx_word' id='word_1_860' title='bbox 2961 5036 3142 5108; x_wconf 78' lang='grc' dir='ltr'>ψυχῆς</span> <span class='ocrx_word' id='word_1_861' title='bbox 3173 5035 3263 5090; x_wconf 85' lang='grc' dir='ltr'><strong>τὸν</strong></span> <span class='ocrx_word' id='word_1_862' title='bbox 3300 5036 3359 5089; x_wconf 86' lang='grc' dir='ltr'><strong>έν</strong></span> <span class='ocrx_word' id='word_1_863' title='bbox 3405 5036 3634 5099; x_wconf 77' lang='grc' dir='ltr'>ἐκείνοις</span> <span class='ocrx_word' id='word_1_864' title='bbox 3661 5032 3806 5087; x_wconf 82' lang='grc' dir='ltr'>νοῦν.</span> 
     </span>
    </p>
   </div>
   <div class='ocr_carea' id='block_1_110' title="bbox 2224 5123 3809 5200">
    <p class='ocr_par' dir='ltr' id='par_1_110' title="bbox 2224 5123 3809 5200">
     <span class='ocr_line' id='line_1_110' title="bbox 2224 5123 3809 5200; baseline -0.003 -19"><span class='ocrx_word' id='word_1_865' title='bbox 2224 5128 2337 5181; x_wconf 75' lang='grc' dir='ltr'><strong>Καὶ</strong></span> <span class='ocrx_word' id='word_1_866' title='bbox 2388 5127 2475 5179; x_wconf 78' lang='grc' dir='ltr'>ἀεὶ</span> <span class='ocrx_word' id='word_1_867' title='bbox 2508 5125 2564 5178; x_wconf 84' lang='grc' dir='ltr'>δὲ</span> <span class='ocrx_word' id='word_1_868' title='bbox 2614 5127 2643 5178; x_wconf 93' lang='lat'><strong>6</strong></span> <span class='ocrx_word' id='word_1_869' title='bbox 2683 5125 2853 5196; x_wconf 92' lang='grc' dir='ltr'>Λόγος</span> <span class='ocrx_word' id='word_1_870' title='bbox 2891 5130 3004 5192; x_wconf 78' lang='grc' dir='ltr'>τοῖς</span> <span class='ocrx_word' id='word_1_871' title='bbox 3063 5127 3525 5200; x_wconf 84' lang='grc' dir='ltr'>μαθητευομένοις</span> <span class='ocrx_word' id='word_1_872' title='bbox 3571 5123 3809 5197; x_wconf 85' lang='grc' dir='ltr'>γνησίως</span> 
     </span>
    </p>
   </div>
   <div class='ocr_carea' id='block_1_111' title="bbox 2228 5220 3811 5294">
    <p class='ocr_par' dir='ltr' id='par_1_111' title="bbox 2228 5220 3811 5294">
     <span class='ocr_line' id='line_1_111' title="bbox 2228 5220 3811 5294; baseline -0.002 -21"><span class='ocrx_word' id='word_1_873' title='bbox 2228 5221 2372 5273; x_wconf 82' lang='grc' dir='ltr'>ποιεῖ</span> <span class='ocrx_word' id='word_1_874' title='bbox 2394 5221 2520 5284; x_wconf 80' lang='grc' dir='ltr'>τοὺς</span> <span class='ocrx_word' id='word_1_875' title='bbox 2544 5220 2653 5274; x_wconf 88' lang='grc' dir='ltr'><strong>τῶν</strong></span> <span class='ocrx_word' id='word_1_876' title='bbox 2675 5221 2954 5294; x_wconf 86' lang='grc' dir='ltr'>προτέρων</span> <span class='ocrx_word' id='word_1_877' title='bbox 2982 5221 3264 5286; x_wconf 65' lang='grc' dir='ltr'>καμάτους</span> <span class='ocrx_word' id='word_1_878' title='bbox 3288 5220 3677 5292; x_wconf 81' lang='grc' dir='ltr'>σαφεστέρους,</span> <span class='ocrx_word' id='word_1_879' title='bbox 3702 5234 3811 5289; x_wconf 86' lang='grc' dir='ltr'>χω-</span> 
     </span>
    </p>
   </div>
   <div class='ocr_carea' id='block_1_112' title="bbox 2288 5461 3800 5536">
    <p class='ocr_par' dir='ltr' id='par_1_112' title="bbox 2288 5461 3800 5536">
     <span class='ocr_line' id='line_1_112' title="bbox 2288 5461 3800 5536; baseline 0.004 -20"><span class='ocrx_word' id='word_1_880' title='bbox 2288 5462 2368 5536; x_wconf 76' lang='lat' dir='ltr'><strong>(l)</strong></span> <span class='ocrx_word' id='word_1_881' title='bbox 2395 5461 2578 5536; x_wconf 61' lang='lat' dir='ltr'><strong>Codex</strong></span> <span class='ocrx_word' id='word_1_882' title='bbox 2609 5462 2962 5536; x_wconf 14' lang='lat' dir='ltr'><strong>Bodleiangus,</strong></span> <span class='ocrx_word' id='word_1_883' title='bbox 2998 5465 3117 5519; x_wconf 81' lang='grc' dir='ltr'>ἀλλ’</span> <span class='ocrx_word' id='word_1_884' title='bbox 3146 5466 3177 5518; x_wconf 88' lang='lat'><strong>6</strong></span> <span class='ocrx_word' id='word_1_885' title='bbox 3220 5464 3354 5536; x_wconf 71' lang='grc' dir='ltr'>μέν’</span> <span class='ocrx_word' id='word_1_886' title='bbox 3391 5466 3598 5536; x_wconf 79' lang='lat' dir='ltr'><strong>Regius</strong></span> <span class='ocrx_word' id='word_1_887' title='bbox 3647 5466 3800 5534; x_wconf 72' lang='grc' dir='ltr'>ἄλλο,</span> 
     </span>
    </p>
   </div>
   <div class='ocr_carea' id='block_1_113' title="bbox 2219 5531 2975 5599">
    <p class='ocr_par' dir='ltr' id='par_1_113' title="bbox 2219 5531 2975 5599">
     <span class='ocr_line' id='line_1_113' title="bbox 2219 5531 2975 5599; baseline 0.001 -12"><span class='ocrx_word' id='word_1_888' title='bbox 2219 5531 2513 5587; x_wconf 72' lang='lat' dir='ltr'><strong>Perimtius</strong></span> <span class='ocrx_word' id='word_1_889' title='bbox 2552 5533 2764 5597; x_wconf 78' lang='lat' dir='ltr'><strong>legebat</strong></span> <span class='ocrx_word' id='word_1_890' title='bbox 2797 5533 2975 5599; x_wconf 75' lang='grc' dir='ltr'>ἄλλος.</span> 
     </span>
    </p>
   </div>
   <div class='ocr_carea' id='block_1_114' title="bbox 2293 5601 3806 5677">
    <p class='ocr_par' dir='ltr' id='par_1_114' title="bbox 2293 5601 3806 5677">
     <span class='ocr_line' id='line_1_114' title="bbox 2293 5601 3806 5677; baseline 0.005 -22"><span class='ocrx_word' id='word_1_891' title='bbox 2293 5601 2543 5677; x_wconf 52' lang='lat' dir='ltr'><strong>(arnor</strong></span> <span class='ocrx_word' id='word_1_892' title='bbox 2579 5603 2914 5677; x_wconf 60' lang='grc' dir='ltr'>ἀπέθρῴπου.</span> <span class='ocrx_word' id='word_1_893' title='bbox 2948 5604 3258 5677; x_wconf 79' lang='lat' dir='ltr'><strong>Legendqu</strong></span> <span class='ocrx_word' id='word_1_894' title='bbox 3288 5607 3501 5664; x_wconf 80' lang='lat' dir='ltr'><strong>videtur</strong></span> <span class='ocrx_word' id='word_1_895' title='bbox 3537 5605 3645 5676; x_wconf 79' lang='lat' dir='ltr'><strong>vel,</strong></span> <span class='ocrx_word' id='word_1_896' title='bbox 3672 5606 3806 5677; x_wconf 77' lang='grc' dir='ltr'>,υίὸς</span> 
     </span>
    </p>
   </div>
   <div class='ocr_carea' id='block_1_115' title="bbox 2184 5670 3119 5796">
    <p class='ocr_par' dir='ltr' id='par_1_115' title="bbox 2184 5670 3119 5796">
     <span class='ocr_line' id='line_1_115' title="bbox 2184 5670 3119 5796; baseline 0.01 -75"><span class='ocrx_word' id='word_1_897' title='bbox 2184 5716 2187 5721; x_wconf 41' lang='grc' dir='ltr'><strong>λ</strong></span> <span class='ocrx_word' id='word_1_898' title='bbox 2226 5670 2536 5796; x_wconf 53' lang='grc' dir='ltr'>ἀνθρώπου,</span> <span class='ocrx_word' id='word_1_899' title='bbox 2572 5674 2653 5727; x_wconf 77' lang='lat' dir='ltr'><strong>Vel</strong></span> <span class='ocrx_word' id='word_1_900' title='bbox 2684 5670 2785 5744; x_wconf 79' lang='grc' dir='ltr'>υἱῷ</span> <span class='ocrx_word' id='word_1_901' title='bbox 2812 5670 3119 5745; x_wconf 69' lang='grc' dir='ltr'>ἀνθρώπου.</span> 
     </span>
     <span class='ocr_line' id='line_1_116' title="bbox 2300 5741 3119 5796; baseline 0 0"><span class='ocrx_word' id='word_1_902' title='bbox 2300 5746 2317 5796; x_wconf 78' lang='grc' dir='ltr'><strong>ί</strong></span> <span class='ocrx_word' id='word_1_903' title='bbox 2364 5742 2381 5796; x_wconf 80' lang='lat' dir='ltr'><strong>i</strong></span> <span class='ocrx_word' id='word_1_904' title='bbox 2410 5741 2588 5796; x_wconf 78' lang='lat' dir='ltr'><strong>Codex</strong></span> <span class='ocrx_word' id='word_1_905' title='bbox 2623 5744 2971 5796; x_wconf 86' lang='lat' dir='ltr'><strong>Bodleiauus.</strong></span> <span class='ocrx_word' id='word_1_906' title='bbox 2996 5744 3119 5796; x_wconf 85' lang='grc' dir='ltr'>συνά</span> 
     </span>
    </p>
   </div>
   <div class='ocr_carea' id='block_1_116' title="bbox 2360 5727 3241 5815">
    <p class='ocr_par' dir='ltr' id='par_1_116' title="bbox 2360 5727 3241 5815">
     <span class='ocr_line' id='line_1_117' title="bbox 2360 5727 3241 5815; baseline 0.002 -17"><span class='ocrx_word' id='word_1_907' title='bbox 2360 5742 2381 5813; x_wconf 85' lang='grc'>)</span> <span class='ocrx_word' id='word_1_908' title='bbox 2410 5727 2588 5801; x_wconf 75' lang='lat' dir='ltr'><strong>Codex</strong></span> <span class='ocrx_word' id='word_1_909' title='bbox 2623 5727 2972 5815; x_wconf 56' lang='lat' dir='ltr'><strong>BodlEiauus,</strong></span> <span class='ocrx_word' id='word_1_910' title='bbox 2996 5727 3241 5815; x_wconf 80' lang='grc' dir='ltr'>συνάγει.</span> 
     </span>
    </p>
   </div>
   <div class='ocr_carea' id='block_1_117' title="bbox 2300 5746 2323 5815">
    <p class='ocr_par' dir='ltr' id='par_1_117' title="bbox 2300 5746 2323 5815">
     <span class='ocr_line' id='line_1_118' title="bbox 2300 5746 2323 5815; baseline 0 0"><span class='ocrx_word' id='word_1_911' title='bbox 2300 5746 2323 5815; x_wconf 86' lang='lat'><strong>(</strong></span> 
     </span>
    </p>
   </div>
  </div>
