4170 6410
374 363 478 419 489

1425 359 1782 417 ΟΟΜΜΕΝΤ.
1827 358 1890 413 ΙΝ
1925 358 2118 416 JOAN.
2161 359 2398 416 TOMUS
2438 360 2572 416 XIII.

3520 366 3626 420 490

374 477 462 549 ρὶς
492 474 585 528 τοῦ
614 475 799 547 ὁμοίου
832 479 943 540 τοῖς
990 475 1244 549 σπείρασι
1289 477 1479 531 κόπου.
1524 479 1617 541 Είς
1661 477 1761 530 ὅλα
1786 476 1843 530 δὲ
1878 476 1939 529 τὰ

2049 492 2202 548 mque
2227 478 2499 544 laborent,
2532 487 2695 545 atque
2724 476 2775 531 ui
2801 478 2894 546 qui
2925 476 3282 533 seminarunt.
3321 477 3419 534 Est
3442 488 3499 535 et
3524 481 3627 536 hoc

372 565 502 637 περὶ
533 564 643 619 τῶν
675 566 782 620 ὑπὸ
813 566 986 621 ἄλλων
1023 566 1388 639 θεριζομένων
1422 568 1515 621 καὶ
1549 567 1706 621 τοῦτο
1735 570 1954 621 ἐπισκο-

372 654 574 725 πειτέον
601 652 698 728 (ι),
734 658 963 728 μήποτε,
988 657 1231 725 ἀγγέλων
1252 658 1344 710 ἐπὶ
1376 658 1473 729 τῆς
1501 659 1707 730 σπορᾶς
1737 657 1845 711 τῶν
1860 659 1954 711 ἀν-

371 745 607 817 θρώπων
627 747 994 818 τεταγμένων,
1036 750 1085 801 οἱ
1105 765 1227 801 συνε
1236 750 1353 821 ργοὶ
1379 749 1478 819 τῆς
1496 747 1825 811 τελειώσεως
1845 747 1953 801 τῶν

369 836 730 908 ἐσπαρμένων
757 839 1044 893 ἀπόστολοι
1077 843 1157 904 εἰς
1182 841 1274 895 τὸν
1294 841 1403 893 τῶν
1450 840 1651 914 ἐτέρων
1679 840 1845 894 κόπον
1873 840 1950 913 (5)

368 930 705 1002 εἰσέρχονται
746 931 1072 1004 θερίζοντες,
1112 934 1207 987 καὶ
1236 935 1484 1006 καρποὺς
1524 935 1581 987 ἐν
1607 936 1719 997 τοῖς
1747 934 1955 1006 ὠφελη-

372 1023 555 1096 μένοις
586 1025 948 1097 εὑρίσκοντες,
973 1025 1276 1099 οῦστιναςή
1314 1027 1490 1097 Ἰησοῦ
1527 1027 1785 1098 ἐπιδημία
1814 1027 1954 1081 ἑτοί-

373 1130 508 1185 μους
538 1116 673 1187 πρὸς
699 1114 957 1188 θερισμὸν
989 1118 1083 1171 καὶ
1110 1118 1218 1191 πρὸ
1240 1119 1339 1190 τῆς
1366 1118 1727 1191 ἐλπιζομένης
1755 1136 1949 1191 τετρα-

373 1208 544 1278 μήνου
580 1208 901 1279 πεποίηκεν.
939 1209 1068 1262 Ἐὰν
1101 1211 1158 1264 δὲ
1192 1210 1347 1265 ταῦθ’
1370 1211 1542 1275 οὕτως
1569 1211 1702 1282 ἔχει,
1741 1211 1951 1283 θεωρῆ-

372 1313 461 1352 σαι
489 1298 637 1364 ἄξιον
662 1300 710 1352 εί
743 1301 1043 1373 καματηρά
1069 1304 1219 1355 ἐστιν
1241 1304 1275 1374 ἡ
1300 1302 1406 1357 τῶν
1434 1302 1681 1371 ἀγγέλων
1709 1300 1784 1373 (6)
1818 1300 1953 1374 πρὸς

368 1391 428 1444 τὸ
454 1392 834 1464 ἐνσπείρεσθαι
863 1393 1041 1464 ψυχὰς
1076 1393 1291 1465 σώμασι
1330 1394 1662 1466 λειτουργία,
1703 1394 1795 1448 δύο
1831 1395 1953 1449 τινὰ

368 1483 711 1550 συναγόντων
739 1486 807 1555 τῇ
834 1485 991 1553 φύσει
1031 1486 1289 1539 ἐναντίων
1315 1488 1394 1552 είς
1431 1489 1628 1557 κρᾶσιν
1661 1486 1811 1557 μίαν,
1859 1489 1953 1542 καὶ

366 1573 424 1629 ἐν
449 1573 624 1646 καιρῷ
643 1574 721 1646 τῷ
744 1575 1083 1647 τεταγμένῳ,
1112 1576 1433 1649 ἀρχομένων
1454 1594 1515 1630 τε
1551 1578 1647 1649 τὴν
1668 1578 1795 1650 περὶ
1825 1578 1953 1632 ἐκά-

367 1681 495 1719 στου
541 1669 715 1720 ποιεῖν
739 1667 1070 1738 οἰκονομίαν,
1112 1668 1207 1723 καὶ
1235 1670 1315 1733 είς
1356 1669 1745 1742 τελεσφόρησιν
1778 1687 1951 1741 προα-

366 1754 570 1824 γόντων
621 1757 711 1813 τὸν
742 1759 1251 1831 προπεπλασμένον.
1292 1759 1436 1813 Ἀλλ’
1465 1763 1581 1832 ἐρεῖ
1618 1779 1700 1825 τις
1743 1760 1954 1826 τούτοις

2053 582 2271 638 quoque
2315 567 2773 624 considerandum
2824 567 2968 621 inter
3014 569 3195 622 omnia
3233 583 3353 638 quae
3387 570 3454 624 de
3501 570 3625 624 aliis

2055 659 2378 714 metentibus
2401 659 2671 725 dicuntur,
2702 673 2828 712 num
2861 658 3101 727 quando,
3134 659 3344 726 angelis
3380 664 3447 715 ad
3474 669 3629 716 satus

2055 749 2334 805 hominum
2368 750 2653 815 ordinatis,
2690 760 3074 819 cooperatores
3119 750 3471 816 perfectionis
3526 766 3625 805 eo-

2055 854 2174 893 rum
2207 840 2298 908 qui
2340 839 2592 894 seminati
2625 839 2848 893 fuerunt
2875 840 3126 911 apostoli,
3171 839 3224 894 in
3258 840 3489 895 aliorum
3544 841 3626 903 la-

2063 926 2250 983 borem
2280 927 2660 998 ingrediantur
2691 937 2978 994 metentes,
3006 939 3062 984 et
3091 930 3299 985 fructus
3324 931 3378 985 in
3417 931 3503 987 his
3531 943 3625 999 qut

2054 1016 2451 1085 adjuvabantur
2482 1018 2838 1085 invenientes,
2881 1035 3017 1089 quos
3061 1021 3186 1077 .Iesu
3226 1024 3493 1080 adventus
3524 1040 3624 1095 pa-

2055 1119 2203 1165 ratos
2227 1109 2294 1163 ad
2327 1125 2580 1176 messem,
2614 1113 2777 1167 etiam
2813 1124 2938 1167 ante
2979 1123 3216 1184 quatuor
3243 1129 3458 1171 menses
3487 1157 3502 1181 ,
3530 1117 3625 1186 qui

2054 1201 2441 1268 sperabantur,
2491 1200 2720 1258 fecerat.
2768 1204 2920 1272 Quod
2952 1207 2997 1261 si
3046 1207 3164 1262 hazc
3210 1208 3282 1261 ita
3314 1223 3373 1263 se
3398 1210 3624 1275 habent,

2056 1288 2281 1359 dignum
2310 1303 2395 1347 est
2425 1301 2485 1346 ut
2521 1292 2875 1362 inspiciamus
2898 1311 3025 1349 num
3058 1298 3422 1353 ministerium
3456 1315 3624 1371 ange-

2055 1382 2254 1445 lorum,
2294 1384 2437 1453 quod
2481 1384 2807 1454 impendunt
2844 1389 3060 1443 animas
3095 1390 3148 1444 in
3194 1393 3512 1461 corporibus
3537 1410 3626 1451 se-

2056 1473 2334 1539 minando,
2391 1474 2721 1532 laboriosum
2762 1479 2866 1545 sit;
2899 1481 3097 1551 quippe
3122 1483 3214 1552 qui
3239 1484 3348 1540 duo
3377 1488 3625 1556 quaedam

2053 1576 2391 1636 congregem
2427 1584 2549 1640 quae
2585 1579 2778 1625 natura
2830 1583 2954 1627 sunt
3001 1577 3283 1630 contraria
3313 1617 3328 1643 ,
3361 1578 3415 1633 in
3451 1596 3622 1636 unum

2051 1666 2561 1727 temperamentum,
2600 1670 2657 1717 et
2705 1662 2759 1716 in
2810 1672 3055 1734 tempore
3098 1668 3374 1736 ordinato,
3423 1673 3627 1747 quique

2054 1749 2319 1819 incipiant
2361 1751 2781 1822 uniuscujusque
2825 1758 3183 1813 (economiam
3220 1759 3436 1830 facere,
3476 1774 3533 1821 et
3557 1765 3627 1823 ad

365 1850 605 1905 ἐναντίον
629 1846 768 1904 εῖναι
797 1851 858 1905 τὸ
887 1851 1049 1905 αὐτὸν
1079 1851 1335 1922 λέγεσθαι
1377 1852 1637 1908 πλάσσειν
1676 1852 1769 1908 τὸν
1818 1852 1950 1908 Θεὸν
1981 1851 2024 1907 Β
2055 1839 2450 1909 Parmenonem
2498 1848 2805 1914 Ρτοάυεθηι
2858 1847 3135 1904 δοῐηίηθηι
3189 1862 3348 1909 ³¹¹ίθ³
3390 1855 3626 1925 βίδεπιειο

365 1940 423 1997 ἐν
442 1959 503 1996 τε
529 1941 626 2014 τῷ·
666 1961 685 1995 ι
725 1944 793 1996 Αἱ
824 1943 1003 2015 χεῖρές
1039 1960 1133 1997 σου
1161 1945 1422 2016 ἐποίησάν
1454 1962 1545 2016 με,
1588 1945 1682 1998 καὶ
1707 1944 1949 2000 ἔπλασάν

368 2051 457 2105 με’
479 2053 498 2087 ι
534 2035 629 2089 καὶ⁵
666 2037 726 2089 ἐν
750 2035 851 2106 τῷ’
889 2058 906 2089 ι
943 2036 1058 2108 Πρὸ
1083 2036 1179 2090 τοῦ
1221 2055 1288 2109 με
1318 2036 1521 2092 πλάσαι
1544 2036 1622 2109 (7)
1653 2055 1713 2091 σε
1746 2039 1804 2092 ἐν
1832 2054 1947 2091 κοι-

363 2125 475 2198 λίᾳ,
504 2128 801 2201 ἐπίσταμαί
834 2146 915 2194 σε,
944 2131 1038 2183 καὶ
1068 2130 1174 2201 πρὸ
1188 2128 1282 2183 τοῦ
1302 2147 1361 2183 σε
1376 2130 1608 2196 ἐξελθεῖν
1632 2132 1696 2183 ἐκ
1715 2131 1947 2202 μήτρας,

364 2219 570 2289 ήγίακά
612 2234 692 2271 σε.
735 2238 753 2271 ι
775 2219 919 2291 Πρὸς
947 2219 1105 2273 τοῦτο
1123 2219 1364 2284 λεκτέον,
1385 2221 1468 2273 ὅτι
1494 2219 1683 2292 ὥσπερ
1715 2220 1745 2272 6
1784 2219 1949 2291 νόμος

362 2306 585 2378 διετάγη
612 2306 679 2360 δι’
709 2309 978 2377 ἀγγέλων,
1015 2310 1109 2363 καὶ
1137 2309 1390 2382 λαληθεὶς
1428 2311 1505 2382 (8)
1540 2310 1697 2380 λόγος
1733 2310 1951 2380 ἐγένετο

365 2396 602 2467 βέϐαιος,
620 2398 775 2470 δῆλον
802 2400 845 2453 δ’
871 2401 973 2463 ὅτι,
1005 2401 1110 2454 ὑπὸ
1131 2401 1267 2456 Θεοῦ
1295 2402 1569 2475 λαληθεὶς,
1599 2402 1772 2469 οὓτως
1804 2404 1949 2457 ἐνδέ-

364 2505 519 2559 χεται
550 2489 645 2543 καὶ
670 2489 761 2543 διὰ
783 2489 893 2545 τῶν
920 2492 1266 2565 τεταγμένων
1299 2494 1392 2548 ἐπὶ
1412 2494 1515 2566 τῆς
1542 2496 1809 2564 γενέσεως
1845 2498 1948 2565 ἁγ-

362 2580 536 2652 γέλων
564 2582 696 2637 Θεὸν
728 2583 985 2638 πλάττειν
1017 2587 1074 2639 ἐν
1099 2584 1277 2657 κοιλίᾳ
1309 2586 1476 2655 λέγει.
1512 2586 1625 2641 Οὐκ
1651 2583 1771 2641 οῖδα
1797 2587 1854 2641 δὲ
1898 2589 1948 2641 εί

366 2673 552 2747 χώραν
570 2675 681 2746 ἔχει
701 2677 782 2741 είς
812 2676 875 2731 τὸ
899 2677 1247 2750 ἠπορημένον
1277 2679 1370 2732 καὶ
1396 2679 1634 2733 τοιοῦτόν
1661 2698 1713 2733 τι
1746 2679 1945 2750 λέγειν,

371 2764 455 2820 ὅτι
483 2769 532 2821 οἱ
580 2768 842 2833 εἰπόντες·
890 2788 909 2821 ι
944 2770 1010 2823 Ai
1052 2771 1229 2841 χεῖρές
1284 2787 1377 2824 σου
1415 2770 1677 2843 ἐποίησάν
1713 2788 1802 2842 με,
1855 2772 1949 2825 καὶ

364 2856 607 2913 ἐπλασάν
628 2877 697 2931 με
723 2859 820 2931 (9),
864 2879 883 2913 ι
924 2859 1065 2927 Ἰὼϐ,
1089 2863 1183 2915 καὶ
1213 2862 1375 2916 Δαυτδ
1396 2863 1611 2936 μερίδος
1642 2864 1795 2928 ὅντες
1810 2861 1946 2918 Θεοῦ

361 2949 725 3023 ἐπλάσθησαν·
760 2952 857 3006 καὶ
889 2954 918 3007 6
957 2954 1224 3025 Ἱερεμίας
1275 2954 1510 3009 ἀκούωνο
1548 2973 1568 3007 ι
1605 2956 1718 3028 Πρὸ
1746 2955 1843 3010 τοῦ
1879 2974 1946 3027 με

360 3040 565 3096 πλάσαι
591 3060 652 3097 σε
676 3045 734 3098 ἐν
775 3044 972 3115 κοιλίᾳ,
1009 3045 1309 3118 ἐπίσταμαί
1332 3062 1413 3112 σε,
1449 3066 1469 3100 ι
1503 3045 1580 3110 ὡς
1600 3046 1699 3119 τῆς
1729 3048 1947 3119 μερίδος

363 3133 617 3204 ἐσόμενος
646 3133 741 3187 τοῦ
791 3133 926 3188 Θεοῦ
963 3134 1273 3189 πέπλασται
1313 3135 1405 3189 ὑπ’
1437 3133 1623 3189 αὐτοῦ·
1657 3137 1706 3189 oi
1739 3135 1796 3189 δὲ
1836 3135 1947 3192 τῶν

2054 1940 2191 1986 tum.
2225 1931 2331 1989 Sed
2362 1935 2509 1989 dicet
2539 1936 2737 2004 aliquis
2784 1942 3116 1995 contrarium
3168 1942 3256 1997 his
3303 1958 3429 1999 esse
3478 1949 3623 2017 quod

2052 2022 2194 2079 Deus
2234 2024 2446 2080 dicatur
2484 2026 2758 2083 hominem
2794 2029 3062 2099 plasmare
3111 2041 3221 2087 tum
3266 2034 3372 2091 hoc
3417 2037 3562 2095 dicto
3605 2057 3620 2099 :

2056 2133 2075 2167 ι
2105 2114 2293 2171 Manus
2325 2126 2429 2171 tua:
2458 2116 2707 2175 fecerunt
2735 2134 2841 2186 me,
2876 2131 2932 2175 et
2959 2121 3365 2191 plasmaverunt
3396 2130 3571 2196 me”;
3596 2152 3616 2185 ι

2051 2215 2165 2261 tum
2195 2206 2290 2261 illo
2325 2222 2341 2265 :
2378 2225 2398 2259 ι
2432 2209 2743 2279 Antequam
2786 2210 3082 2268 formarent
3113 2224 3165 2271 te
3201 2216 3255 2271 in
3282 2228 3462 2285 utero,
3495 2225 3619 2277 novi

2053 2307 2160 2363 te;
2213 2308 2269 2352 et
2320 2308 2617 2371 antequam
2670 2302 2739 2357 de
2794 2302 2953 2358 vulva
2996 2306 3222 2373 exires,
3281 2312 3623 2370 sanctificavi

2053 2397 2106 2444 ιο
2152 2390 2219 2443 ιι,
2261 2409 2282 2441 ι
2331 2391 2494 2462 262
2534 2392 2615 2447 Ad
2666 2395 2812 2462 quod
2858 2398 3292 2466 respondendum
3342 2412 3447 2469 est,
3477 2406 3624 2475 quod

2050 2481 2507 2549 quemadmodum
2542 2482 2628 2538 lex
2646 2498 2753 2553 per
2795 2486 3020 2556 angelos
3064 2489 3315 2545 ordinata
3346 2493 3416 2560 ",
3446 2502 3503 2549 et
3537 2496 3626 2551 di-

2051 2580 2170 2628 ctus
2198 2588 2381 2630 sermo
2405 2589 2502 2644 per
2527 2576 2755 2646 angelos
2792 2576 2894 2632 fuit
2920 2578 3131 2634 stabilis
3160 2580 3224 2647 -",
3260 2596 3385 2638 cum
3421 2584 3625 2656 alioqui

2018 2665 2396 2736 -per5picuum
2427 2666 2500 2721 sit
2522 2681 2645 2721 eum
2678 2682 2708 2722 a
2742 2668 2851 2722 Deo
2885 2668 3091 2724 dictum
3124 2669 3317 2739 fuisse,
3349 2673 3424 2729 ita
3455 2677 3623 2731 etiam

2050 2758 2373 2828 contingere
2401 2758 2455 2813 in
2486 2760 2839 2830 generatione
2866 2801 2881 2825 ,
2929 2769 2989 2815 ut
3032 2775 3129 2831 per
3156 2765 3380 2831 angelos
3414 2768 3625 2823 media-

2050 2857 2197 2905 tores
2238 2850 2409 2905 Deum
2440 2851 2713 2921 plasmare
2744 2850 2798 2905 in
2826 2860 2983 2907 utero
3017 2855 3285 2912 dicamus.
3318 2857 3425 2913 Sed
3479 2860 3622 2916 haud

2048 2940 2165 2996 scio
2204 2955 2272 2996 an
2309 2941 2436 2996 huic
2480 2944 2621 2996 nodo
2665 2940 2928 2997 solvendo
2965 2942 3069 2998 tale
3103 2946 3233 3015 quid
3273 2949 3471 3005 adduci
3497 2966 3625 3019 pos-

2049 3034 2121 3090 sit
2147 3073 2164 3100 ,
2189 3046 2383 3103 nempe
2408 3033 2552 3102 quod
2579 3033 2683 3087 Job
2722 3044 2777 3087 et
2810 3034 2995 3097 David,
3032 3037 3202 3105 partis
3230 3039 3325 3094 Dei
3352 3055 3476 3096 cum
3529 3056 3623 3098 es-

2050 3136 2211 3195 sent,
2246 3127 2492 3183 dicentes
2522 3144 2537 3184 ;
2574 3143 2595 3177 ι
2629 3125 2817 3180 Manus
2850 3134 2955 3182 tua:
2990 3127 3238 3185 fecerunt
3267 3146 3353 3186 me
3377 3170 3393 3197 ,
3427 3142 3478 3187 ct
3510 3133 3625 3203 pla-

366 3225 565 3298 ἐτέρων
592 3224 806 3296 μερίδες
833 3225 986 3290 ὄντες
1002 3226 1107 3280 ὑπὸ
1130 3226 1238 3281 τῶν
1263 3225 1533 3297 λαχόντων
1563 3227 1761 3291 αὐτοὺς
1776 3227 1939 3282 πλάτ-

2049 3224 2363 3275 smaverunt
2391 3233 2478 3274 me
2507 3217 2580 3282 ³⁸,
2626 3236 2645 3271 ι
2686 3232 2716 3272 a
2768 3210 2876 3273 Deo
2905 3218 3156 3289 plasmati
3194 3220 3435 3291 fuerint;
3466 3224 3618 3281 Iere-

360 3334 561 3373 τονται.
592 3318 704 3371 Κα)⁸
738 3318 1156 3391 περιεργότερόν
1186 3335 1252 3387 γε
1283 3313 1436 3385 οὗτος
1462 3320 1491 3372 6
1519 3318 1675 3387 λόγος
1708 3318 1941 3392 ἐκλήψε-

359 3429 451 3465 ται
486 3411 597 3482 (I0)
626 3410 707 3464 τόο
740 3429 759 3461 ι
805 3412 1128 3483 Ποιήσωμεν
1155 3409 1439 3483 ἄνθρωπον
1466 3413 1585 3464 κατ’
1609 3411 1813 3475 είκόνα,
1848 3412 1942 3466 καὶ

357 3495 618 3566 ὁμοίωσιν
654 3498 958 3569 ἡμετέραν,
999 3518 1017 3550 ι
1046 3499 1206 3554 τοῦτο
1235 3500 1486 3570 λέγοντος
1510 3501 1606 3555 τοῦ
1638 3502 1773 3556 Θεοῦ
1809 3505 1936 3582 περὶ

314 3660 320 3667 _
360 3587 578 3642 πάντων
606 3589 926 3661 ἀνθρώπων.
956 3593 1050 3645 καὶ
1077 3593 1593 3665 προκαταρχομένου
1621 3594 1716 3647 τοῦ
1747 3573 1932 3664 ἐργοῦ,

316 3688 319 3691 ’
357 3680 494 3750 ὅπερ
520 3678 681 3752 ἔργον
699 3680 812 3752 (Η)
831 3679 1056 3754 ὕστερον
1079 3683 1174 3737 καὶ
1194 3684 1297 3738 ὑπὸ
1311 3684 1420 3740 τῶν
1444 3685 1665 3752 λοιπῶν,
1689 3686 1822 3759 πρὸς
1841 3684 1936 3751 οὓς

355 3773 386 3825 6
409 3771 587 3840 λόγος.
616 3773 758 3827 κατὰ
795 3774 1002 3828 οίκείαν
1040 3775 1233 3849 μερίδα
1258 3777 1487 3846 γίνεται,
1520 3778 1729 3842 τούτοις
1752 3778 1934 3849 λέγον-

355 3879 447 3926 τος
466 3862 560 3917 τοῦ
587 3861 743 3918 Θεοῦ·
773 3884 791 3917 ι
822 3867 1145 3937 Ποιήσωμεν
1166 3867 1465 3940 ἄνθρωπον·
1500 3888 1519 3920 ι
1546 3864 1628 3933 οἷς
1652 3869 1746 3923 καί
1768 3887 1933 3942 φησιν

359 3951 453 4005 ἐπὶ
477 3954 576 4024 τῆς
588 3953 698 4008 τῶν
721 3953 1015 4010 διαλέκτων
1042 3956 1377 4029 συγχύσεως·
1408 3977 1427 4009 ι
1452 3958 1638 4022 Δεῦτε,
1664 3959 1938 4014 καταϐάν-

355 4052 449 4102 τες
477 4040 575 4113 τὴν
608 4042 859 4110 γλῶσσαν
892 4044 1211 4116 συγχέωμεν
1241 4046 1357 4099 ἐκεῖ
1378 4045 1576 4100 αὐτῶν.
1619 4066 1638 4099 ι
1670 4047 1856 4102 Ταῦτα
1878 4048 1937 4101 δὲ

355 4132 457 4184 οὐκ
482 4134 906 4207 ἀποφαινόμενοι
934 4136 1183 4209 λέγομεν·
1217 4138 1419 4208 πολλῆς
1457 4137 1566 4209 γὰρ
1600 4138 1835 4209 βασάνου
1866 4139 1937 4193 τὰ

355 4224 656 4295 τηλικαῦτα
699 4227 909 4299 χρῄζει,
954 4229 1018 4282 ἵν’
1042 4229 1236 4301 εὑρεθῇ
1270 4230 1497 4303 πότερον
1515 4229 1686 4294 οὕτως
1715 4230 1849 4303 ἔχει,
1900 4232 1934 4303 ἢ

356 4316 444 4369 ἐτέ
455 4334 579 4389 ρως.
604 4320 679 4372 Οὐ
708 4323 1143 4393 καταφρονητέον
1169 4322 1225 4376 δὲ
1256 4322 1351 4376 καὶ
1374 4322 1474 4394 τῆς
1508 4324 1761 4397 τοιαύτης
1780 4325 1933 4379 ἐκδο-

355 4409 478 4481 λῆς,
500 4412 727 4478 ἕκαστος
758 4413 866 4467 τῶν
882 4413 1183 4487 ἀνθρώπων
1206 4416 1363 4488 μερίς
1391 4417 1506 4471 ἐστί
1526 4434 1670 4481 τινος
1688 4416 1830 4472 κατὰ
1850 4417 1928 4471 1:6-

427 4528 474 4597 ’ξ’
508 4526 648 4585 Psal.
670 4542 855 4597 cxvm,
881 4529 969 4583 73.
1082 4531 1125 4561 “
1161 4529 1363 4586 .Ierem.
1392 4547 1428 4595 ι,
1454 4532 1503 4586 5.

355 4599 402 4630 "
432 4595 633 4652 Jerem.
674 4613 717 4661 ι,
758 4595 847 4659 5(
909 4601 955 4632 ⁸⁸
986 4596 1122 4657 Gen.
1153 4617 1189 4668 t,
1218 4601 1307 4655 26.
1401 4603 1446 4633 ’⁷
1479 4602 1614 4658 Gen.
1648 4620 1723 4662 xi.
1771 4602 1823 4657 7.

1588 4534 1633 4565 “
1661 4531 1838 4588 Galat.
1870 4547 1952 4599 ut,
1977 4531 2063 4587 I9.
2158 4532 2204 4565 ”
2229 4532 2395 4588 Hebr.
2432 4550 2494 4597 ιι,
2527 4534 2582 4589 2.

2051 3311 2192 3366 mias
2222 3318 2403 3365 autem
2448 3311 2719 3367 audiens:
2753 3327 2772 3362 ι
2809 3310 3117 3381 Antequam
3156 3312 3447 3371 formarem
3484 3326 3538 3373 te
3562 3317 3622 3374 ῑιι

2048 3413 2228 3469 utero,
2259 3403 2384 3458 novi
2417 3413 2471 3459 te
2493 3402 2565 3469 ⁸⁸,
2604 3422 2624 3456 ι
2657 3418 2759 3460 ceu
2790 3404 2960 3472 partis
2995 3403 3091 3459 Dei
3121 3402 3358 3473 futurus,
3398 3407 3468 3462 ab
3502 3409 3622 3478 ipso

2048 3494 2317 3551 formatus
2341 3494 2547 3563 fuerit;
2580 3495 2671 3550 alii
2712 3511 2843 3552 vero
2873 3495 3106 3551 aliorum
3142 3498 3471 3554 exsistentes
3493 3515 3621 3570 par-

2045 3595 2152 3653 tes,
2195 3587 2264 3643 ab
2297 3587 2384 3643 his
2425 3586 2730 3643 formentur
2770 3587 2970 3658 quibus
3003 3596 3155 3644 sorte
3196 3587 3502 3662 obtingunt.
3553 3592 3621 3647 Et

2045 3679 2355 3734 accuratius
2387 3679 2631 3749 profecto
2675 3679 2807 3734 illud
2847 3680 3296 3751 interpretabitur
3326 3683 3440 3738 haec
3483 3698 3614 3739 ora-

2044 3771 2161 3824 tio:
2199 3786 2219 3821 ι
2256 3769 2546 3826 Faciamus
2590 3770 2866 3826 hominem
2896 3771 2963 3827 ad
3001 3772 3294 3843 imaginem
3339 3782 3397 3830 et
3428 3774 3621 3831 simili-

2042 3863 2283 3919 tudinem
2308 3873 2550 3919 nostram
2579 3863 2650 3929 ²⁶,
2695 3882 2714 3917 ι
2747 3863 2852 3919 hoc
2881 3863 3094 3919 dicente
3124 3866 3233 3921 Deo
3269 3868 3337 3923 de
3362 3870 3618 3925 omnibus

2041 3956 2377 4023 hominibus,
2423 3964 2480 4011 et
2528 3957 2595 4011 de
2623 3971 2789 4027 opere
2816 3964 3143 4028 antegressa
3174 3972 3191 4013 :
3222 3959 3367 4028 quod
3421 3959 3617 4015 deinde

2038 4061 2176 4116 opus
2202 4055 2258 4101 et
2283 4062 2315 4101 a
2347 4047 2563 4103 caeteris
2604 4048 2687 4113 lit,
2725 4046 3028 4103 secundum
3069 4049 3344 4118 propriam
3380 4060 3614 4119 partem,

2038 4137 2106 4189 ad
2163 4151 2301 4207 quos
2351 4135 2412 4191 Iit
2455 4150 2674 4202 sermo,
2712 4137 2822 4193 Deo
2863 4137 2948 4193 his
2975 4137 3236 4195 dicente:
3268 4157 3287 4192 ι
3323 4139 3616 4197 Faciamus

2041 4229 2344 4295 hominem;
2383 4247 2404 4282 ι
2438 4229 2635 4299 quibus
2662 4229 2827 4285 etiam
2861 4229 3039 4301 inquit
3076 4231 3131 4286 in
3161 4231 3483 4288 confusione
3511 4233 3614 4287 liu-

2036 4336 2268 4391 guarum
2302 4340 2317 4381 :
2367 4340 2388 4375 ι
2425 4321 2642 4388 Venite,
2691 4332 2746 4378 et
2781 4322 3175 4378 descendentes
3221 4323 3614 4381 confundamus

2037 4418 2148 4472 illic
2201 4417 2417 4473 illorum
2469 4418 2713 4481 linguam
2745 4416 2817 4470 ³⁷.
2858 4436 2878 4470 ι
2922 4416 3049 4473 Haec
3093 4427 3275 4473 autem
3324 4431 3430 4472 non
3475 4419 3615 4473 deli-

2683 4534 2730 4567 "
2762 4533 2865 4591 Job
2894 4550 2926 4589 χ
2946 4573 2961 4594 .
2991 4534 3056 4591 8:
3087 4531 3231 4588 PsaI.
3267 4549 3428 4589 cxvut
3457 4573 3473 4599 ,
3518 4536 3609 4589 75.

425 4688 504 4758 (4)
532 4687 686 4763 Idem_
728 4691 897 4745 codex
950 4690 1274 4746 Bodleiauus
1312 4693 1656 4763 σκοπητέον;
1694 4691 1918 4762 Regius,
1954 4699 2001 4755 1)
2030 4688 2252 4763 laveris,
2277 4700 2446 4763 _qu_am
2477 4684 2753 4763 daemones
2800 4686 3312 4763 illo_s_et_hnicorum,
3350 4687 3443 4757 qui
3475 4689 3597 4742 ani-

354 4757 768 4828 ἐπισκοπητέον.

422 4830 499 4899 (ὃ)
529 4827 750 4883 Κόπον.
785 4829 878 4884 Sic
904 4829 1069 4895 codex
1106 4828 1466 4898 Bodleiauus;
1501 4831 1719 4901 Regius,
1743 4831 1924 4902 κάμα-

351 4915 462 4953 τον.

538 4968 609 5049 ί
655 4966 967 5049 καιίαῖηρά
1006 4969 1177 5049 ἐστιν
1219 4973 1257 5039 ἠ
1312 4970 1432 5049 τῷν
1469 4970 1759 5049 ἀγγέλων,
1812 4981 1921 5049 etc.

349 5037 494 5094 Alibi
530 5038 715 5093 docuit
742 5037 1003 5106 Origrues
1028 5037 1295 5095 auiuias'a
1338 5044 1445 5097 Deo
1473 5037 1793 5109 corporibus
1821 5043 1920 5096 iiu-

350 5110 536 5174 mitti;
577 5109 629 5179 id
667 5123 809 5179 nunc
834 5110 1147 5177 angelorum
1172 5112 1481 5179 ministerio
1505 5121 1561 5164 et
1589 5126 1755 5179 opera
1792 5126 1919 5179 per-

352 5126 536 5174 muti;
577 5126 629 5161 tu
667 5126 809 5162 nunc
834 5126 1147 5177 angelorum
1172 5126 1476 5166 nituisterio
1505 5126 1561 5164 et
1589 5126 1755 5179 opera
1830 5127 1919 5166 er-

352 5179 441 5234 fici
481 5177 1027 5251 declarat_._Cleiucns
1052 5180 1432 5251 Alexandrina,
1459 5178 1643 5251 Eglog.
1679 5197 1698 5234 :
1725 5126 1919 5250 Ἔλεγε

348 5246 662 5321 πρεσδύτης
695 5242 1002 5321 ζῶον-εῖναι
1039 5247 1100 5301 τὸ
1124 5249 1283 5321 ,κατὰ
1330 5242 1611 5321 γαστρόςῖ
1631 5242 1920 5321 Είσιοῦσαν

348 5266 392 5301 π
461 5266 560 5301 σου
633 5266 662 5311 ς
695 5266 834 5311 ςωον
863 5266 1002 5300 ειναι
1039 5266 1100 5301 το
1141 5266 1283 5304 κατα
1330 5266 1584 5321 γαστρος.
1632 5266 1920 5305 [λισιουσαν

347 5266 459 5389 γ(ςέ
479 5266 774 5441 ὼῆυέήν
806 5318 887 5381 είς
928 5317 1025 5389 τὴν
1067 5320 1295 5441 μήτραν
1320 5320 1429 5373 ἀπὸ
1462 5320 1561 5391 τὴς
1601 5320 1921 5394 καθάρσεως

347 5389 662 5441 ηὑτοεπισυ.
694 5405 793 5441 νην
833 5390 913 5441 είς
948 5388 1112 5441 σύλλτι
1161 5409 1231 5441 ιν.
1281 5392 1374 5441 καὶ
1402 5390 1769 5441 εἰσκοιθείσαν
1814 5392 1920 5441 ὑπό

346 5388 793 5461 ηὐτρεπισμένην
833 5390 913 5461 είς
948 5388 1231 5461 σύλληψιν,
1281 5392 1374 5443 καὶ
1402 5388 1769 5461 εἰσκριθείσαν
1814 5392 1920 5444 ὑπό

347 5457 492 5532 τινος
518 5457 728 5532 τῶνήτῇλ
748 5457 960 5532 γενέσει
996 5457 1319 5532 ἐφεστώτων
1360 5457 1634 5532 ᾲγγέλων,
1675 5477 1917 5532 παραγι-

347 5526 648 5619 νὼσκοντος
682 5526 774 5619 τὸν
807 5529 1007 5619 καιρὸν,
1040 5526 1139 5601 τῆς
1182 5526 1516 5619 congessi;
1570 5526 1920 5619 κινεῖν’πρὸς

349 5598 637 5671 συνουσίαν
662 5598 800 5671 -τὴνμ
846 5598 1122 5671 γυναῖκα,
1172 5614 1284 5653 etc.
1336 5598 1472 5671 'I‘um
1528 5601 1689 5671 paulo
1746 5598 1915 5669 post:

348 5667 625 5741 ’ρπηνίκα
657 5668 722 5722 ἂν
742 5667 1204 5741 εὐαγγελίζωνται
1229 5673 1279 5724 ei
1303 5667 1647 5741 ἄγγελοιλτκ
1678 5667 1917 5741 στείρας,

344 5730 456 5789 οἷον
485 5730 921 5811 προεισκρίνουσι
942 5730 1059 5811 Δτῆς
1088 5730 1402 5811 συλλήψεως
1434 5740 1531 5805 τὰς
1562 5730 1763 5811 ψυχάς.
1797 5730 1920 5811 "FQ;

347 5807 667 5879 χοπομπούς
694 5807 955 5878 ejusmodi
990 5807 1211 5879 angelos
1240 5807 1352 5865 non
1383 5813 1558 5866 minus
1579 5807 1709 5882 apte
1735 5810 1921 5880 appel-

659 5904 933 6006 I’araOL.
959 5904 1077 5967 Gn.
1112 5906 1285 5968 XIV.

461 5246 560 5301 σὸύ

2033 4775 2149 4815 mas
2176 4759 2246 4813 ad
2276 4755 2485 4829 inferos
2510 4757 2878 4829 deducebant.
2890 4755 3043 4812 Unde
3057 4755 3443 4829 et__M_crcurius
3467 4774 3610 4829 πομ-

2032 4835 2188 4893 πεύς,
2232 4836 2286 4882 et
2332 4825 2536 4898 ταμίας
2567 4826 2690 4898 ,τῶν
2733 4826 2934 4898 ψυχῶν
2971 4826 3363 4895 appellabatur.
3410 4825 3605 4883 Iisdem

2032 4908 2214 4954 autem
2242 4897 2793 4968 angelisauimarum
2835 4897 3127 4968 sationem,
3154 4898 3599 4968 earumdemque,

2031 4972 2159 5023 dum
2200 4965 2413 5035 corpori
2440 4967 2660 5037 illigatae
2689 4979 2833 5031 ειιιιι,
2862 4981 3052 5019 curam
3074 4967 3175 5037 hoc
3202 4965 3321 5021 Ioco
3346 4965 3607 5035 Origenes

2031 5039 2300 5094 attribuit.
2329 5038 2505 5106 Atque
2534 5036 2669 5090 haec
2716 5039 2898 5106 omnia
2932 5036 3217 5091 enucleate
3261 5051 3293 5091 a
3339 5039 3497 5093 nobis
3547 5041 3600 5093 in

2031 5108 2367 5173 Origenianis
2392 5104 2740 5161 ventilautur.
2772 5104 3035 5162 HCETIUS.

2098 5179 2178 5251 (7)
2213 5176 2478 5251 Hp6‘toﬁ
2516 5192 2595 5245 με
2635 5175 2886 5251 πλάσαι.
2928 5178 3019 5251 Sic
3047 5177 3218 5251 co_dex
3240 5174 3602 5251 Bodleinnus;

2032 5245 2233 5317 Regius
2251 5245 2306 5301 et
2326 5246 2864 5317 Barberums,_male.
2900 5246 3008 5317 πρὸ
3031 5245 3127 5298 τοῦ
3160 5246 3524 5317 μεταπλάσαι.

2099 5314 2178 5390 (8)
2205 5317 2316 5390 Kal
2345 5317 2659 5390 ,ζαληθεζςκ
2690 5314 2749 5371 In
2781 5314 2965 5390 _I_ieguo_
2984 5319 3136 5390 deest.
3161 5314 3278 5373 καί.

2098 5385 2175 5461 (9)
2206 5387 2319 5443 Καὶ
2352 5385 2638 5461 ἕπλασὰν
2655 5404 2752 5456 με.
2781 5386 2905 5441 Haec
2936 5385 3318 5461 desiderauit!"
3347 5386 3399 5439 in
3434 5386 3603 5461 Regio

2026 5455 2230 5520 codice,
2270 5460 2365 5515 sed
2414 5455 2779 5513 restituuntur
2805 5472 2836 5512 e
2858 5458 3019 5511 codd.
3048 5455 3343 5509 Barberiuo
3375 5466 3431 5510 et
3456 5455 3599 5510 Bod-

2026 5529 2217 5585 Ieiano.

2096 5599 2210 5669 (I0)
2242 5595 2628 5669 ’ExJiw-araa.
2664 5595 2755 5653 Sic
2776 5597 2949 5652 codex
2969 5592 3338 5659 Bodleianus;
3374 5593 3599 5664 Regius,

2025 5667 2329 5737 perperam,
2352 5667 2680 5735 ἐκλείψεται.

2099 5730 2210 5808 (Η)
2246 5738 2485 5808 Ἔργον.
2514 5730 2606 5792 ἰω
2637 5737 2805 5794 codex
2837 5733 3181 5799 Bodleianus,
3222 5731 3460 5803 optime;
3497 5730 3604 5786 Ite-

2027 5805 2171 5879 gius,
2211 5805 2374 5874 male,
2400 5805 2586 5877 ἔργου.

3207 5894 3282 5958 lli
