4170 6404
613 353 706 403 tot
2114 336 2181 392 Ol

2285 335 2436 391 ENIS
3750 331 3855 386 ωε

613 470 825 520 nientes
869 466 1098 522 dicimus
1124 505 1138 530 ,
1189 478 1316 520 cum
1352 463 1592 531 alioquin
1627 460 1743 516 haec
1780 459 1947 514 multa
1978 469 2176 528 egeant

2286 479 2303 508 ι
2337 459 2459 511 Ὅτε
2491 457 2792 527 διεμέριζεν
2823 458 2852 510 6
2882 454 3140 524 Ὕψιστος
3168 452 3317 522 ἔθνη,
3345 452 3436 506 καὶ
3456 451 3531 515 ὡς
3547 451 3852 522 διέσπειρεν

611 551 1036 620 examinatione,
1070 565 1128 609 ut
1163 553 1474 611 inveniatur
1504 567 1572 604 an
1611 551 1714 604 hoc
1745 591 1760 616 ,
1795 565 1861 602 an
1897 548 1988 601 illo
2021 547 2178 601 modo

2285 551 2431 613 υἱοὺς
2462 549 2649 620 Ἀδὰμ,
2681 548 2903 618 ἔστησεν
2933 548 3056 618 ὅρια
3081 545 3248 599 ἐθνῶν
3280 544 3420 597 κατὰ
3435 543 3664 614 ἀριθμὸν
3695 541 3856 610 ἀγγέ-

615 664 701 702 res
725 663 782 702 se
808 647 1006 700 habeat
1031 663 1046 708 ;
1079 656 1317 699 attamen
1354 658 1456 697 non
1489 652 1574 696 est
1603 637 2035 711 parvipendenda
2064 635 2180 690 hare

613 736 1009 803 interpretatio.
1055 732 1436 801 Unusquisque
1465 729 1627 783 homo
1658 739 1785 796 pars
1814 734 1898 777 est
1931 719 2177 788 alicujus,

608 825 762 892 juxta
795 824 923 878 illud
953 843 966 879 :
1003 841 1022 874 ι
1061 823 1290 888 Quando
1323 820 1595 875 dividebat
1621 815 1931 871 Altissimus
1970 820 2178 882 gentes,

612 928 668 972 et
693 917 913 988 quando
940 915 1288 986 dispergebat
1319 911 1458 966 ﬁlios
1485 912 1683 974 Adam,
1737 905 2021 960 constituit
2073 911 2180 957 ter-

615 1013 788 1065 minos
824 1009 1142 1080 populorum
1173 1006 1326 1074 juxta
1373 1017 1658 1056 numerum
1689 997 2002 1067 angelorum
2041 993 2132 1048 Dei
2163 1009 2177 1051 :

617 1103 902 1169 factusque
932 1109 1013 1154 est
1045 1114 1172 1166 pars
1201 1095 1414 1150 Domini
1459 1092 1689 1163 populus
1718 1089 1838 1157 ejus
1872 1086 2061 1152 Jacob,
2098 1083 2180 1139 fu-

617 1193 831 1248 niculus
862 1191 1196 1246 hacreditatis
1226 1187 1343 1256 ejus
1373 1187 1538 1242 Israel
1564 1184 1628 1237 ⁸⁸.
1653 1202 1671 1235 ι
1711 1182 1864 1249 Quod
1887 1182 1930 1234 si
1959 1177 2181 1232 omnino

614 1284 988 1354 unusquisque
1023 1281 1254 1350 alicujus
1289 1288 1372 1334 est
1404 1291 1550 1347 pars,
1575 1275 1704 1345 quia
1755 1274 1896 1327 Deus
1928 1269 2181 1326 dissemi-

546 1413 550 1416 -
615 1378 762 1428 uarit
800 1373 941 1427 ﬁlios
972 1371 1166 1434 Adam,
1199 1368 1571 1437 unusquisque
1616 1363 1834 1434 quidem
1863 1360 2178 1431 angelorum

616 1463 826 1518 laborat
876 1463 1020 1517 circa
1071 1475 1227 1514 suam
1264 1469 1500 1528 partem,
1533 1457 1824 1525 disponens
1855 1468 1976 1524 qua:
2007 1451 2075 1506 ad
2101 1451 2183 1520 ip-

617 1571 733 1611 sam
766 1555 1057 1623 pertinent.
1081 1553 1186 1609 Sed
1213 1553 1262 1604 in
1289 1551 1525 1604 adventu
1552 1545 1862 1603 Servatoris
1893 1558 2178 1599 assumun-

617 1659 706 1701 tur
739 1647 1016 1713 captivati,
1041 1645 1376 1699 utobediant
1408 1640 1632 1698 Christo
1662 1655 1726 1693 ex
1762 1637 2004 1693 omnium
2030 1642 2182 1704 parte

615 1752 714 1808 per
746 1737 1118 1791 ministrantes
1171 1732 1461 1803 Evangelio
1490 1728 1786 1801 apostolos,
1815 1735 1870 1780 et
1913 1723 2184 1794 evangeli-

2282 641 2387 692 λων
2419 639 2574 703 Θεοῦ,
2605 641 2699 693 καὶ
2721 638 2947 710 ἐγενήθη
2981 639 3136 708 μερὶς
3166 635 3371 708 Κυρίου
3387 634 3514 699 λαὸς
3548 634 3711 688 αὑτοῦ
3754 635 3856 688 Ἰαο

2282 731 2416 794 κὼὸ,
2454 731 2738 800 σχοίνισμα
2779 729 3138 800 κληρονομίας
3171 726 3334 780 αὑτοῦ
3378 725 3608 798 Ἰσραήλ.
3650 745 3668 777 ι
3705 726 3768 778 Εἰ
3797 725 3854 778 δὲ

2285 824 2439 895 μερίς
2463 826 2576 876 ἐστι
2606 824 2817 886 πάντως
2841 821 3068 884 ἕκαστός
3094 837 3235 883 τινος
3277 819 3408 890 (12),
3441 818 3855 890 διασπείραντος

2279 914 2372 968 τοῦ
2397 915 2530 968 Θεοῦ
2561 915 2652 968 τοῦ
2690 915 2860 984 ’Δδὰμ
2880 913 3048 979 υἱοὺς,
3081 913 3306 976 ἕκαστος
3339 913 3438 983 μὲν
3466 909 3574 964 τῶν
3605 909 3854 978 ἀγγέλων

2281 1008 2478 1077 κάμνει
2512 1007 2639 1078 περὶ
2669 1007 2766 1077 τὴν
2797 1006 2929 1057 ἰδίαν
2963 1003 3176 1074 μερίδα,
3205 1002 3501 1074 οἰκονομῶν
3525 1001 3592 1056 τά
3617 1004 3736 1055 κατ’
3758 1002 3854 1058 αὺ-

2280 1099 2396 1168 τήν·
2429 1099 2484 1150 ἐν
2522 1097 2579 1149 δὲ
2624 1095 2718 1149 τοῦ
2753 1095 3005 1166 Σωτῆρος
3037 1093 3300 1165 ἐπιδημίᾳ
3334 1092 3444 1164 (15)
3486 1091 3852 1163 λαμσάνονται

2281 1182 2800 1254 αἰχμαλωτιζόμενοι
2832 1182 2910 1243 είς
2938 1179 3036 1251 τὴν
3077 1179 3324 1249 ὑπακοὴν
3350 1177 3445 1231 τοῦ
3477 1176 3711 1248 Χριστοῦ
3744 1175 3853 1230 ἀπὸ

2279 1274 2387 1327 τῶν
2409 1273 2624 1326 πάντων
2654 1272 2887 1344 μερίδος,
2913 1271 2999 1325 διὰ
3025 1269 3130 1323 τῶν
3154 1269 3570 1341 ὑπηρετούντων
3589 1267 3667 1338 τῷ
3685 1268 3857 1336 Εὐαγο

2279 1365 2442 1434 γελίῳ
2475 1363 2805 1427 ἀποστόλων,
2831 1363 2926 1417 καὶ
2945 1361 3363 1432 εὑαγγελιστῶν,
3386 1362 3478 1412 καὶ
3496 1357 3850 1422 διδασκάλων,

2281 1458 2385 1511 ὑπὸ
2417 1457 2508 1510 τοῦ
2531 1455 2787 1527 Χριστοῦ,
2816 1455 2910 1509 καὶ
2939 1455 3303 1524 προσάγονται
3333 1454 3412 1517 εἰς
3426 1454 3486 1507 16
3513 1453 3763 1522 γενέσθαι
3783 1453 3853 1506 τὰ

2281 1547 2405 1616 ἔθνη
2441 1545 2800 1617 κληρονομίαν
2833 1545 2925 1598 τοῦ
2959 1544 3212 1617 Χριστοῦ.
3242 1547 3476 1616 Μήποτε
3511 1540 3603 1598 οῦν
3633 1545 3854 1598 δύναται

2280 1638 2367 1691 διὰ
2397 1638 2556 1692 τοῦτο
2582 1637 2834 1706 λέγεσθαι
2863 1639 2974 1700 τοῖς
3005 1636 3322 1700 ἀποστόλοις
3357 1637 3471 1708 μετ’
3492 1635 3670 1705 ὀλίγον
3692 1637 3856 1690 ἀκου-

2285 1731 2549 1802 σομένοις·
2575 1748 2592 1780 ι
2611 1728 2933 1800 Πορεύεσθε,
2959 1727 3331 1799 μαθητεύσατε
3359 1727 3539 1781 πάντα
3567 1727 3636 1781 τὰ
3667 1727 3848 1799 sem,»

614 1839 769 1895 stas,
821 1837 876 1881 et
917 1829 1188 1890 doctores,
1245 1839 1274 1878 a
1325 1822 1544 1878 Christo
1578 1837 1594 1880 :
1629 1819 2078 1884 adducunturque
2122 1822 2180 1868 ut

2282 1822 2358 1875 τό·
2385 1840 2403 1874 ι
2428 1820 2608 1874 Ἄλλοι
2623 1819 3005 1883 κεκοπιάκασι,
3017 1820 3112 1872 καὶ
3127 1820 3283 1890 ὑμεῖς
3298 1821 3376 1883 εἰς
3394 1819 3484 1873 16v
3501 1819 3665 1873 κόπον
3677 1819 3856 1872 αὐτῶν

614 1921 934 1988 sintgentes
980 1916 1221 1971 hazredes
1258 1913 1486 1970 Christi.
1521 1911 1654 1966 Vide
1703 1909 1892 1980 igitur,
1941 1921 2010 1962 ne
2039 1906 2180 1959 forte

615 2021 837 2080 propter
887 2008 987 2062 hoc
1029 2007 1138 2062 dici
1185 2006 1357 2076 possit
1409 2002 1666 2074 apostolis
1695 2009 1816 2070 post
1865 1998 2027 2068 paulo
2079 2011 2179 2050 au-

613 2102 811 2157 dituris
846 2118 860 2158 :
896 2119 916 2152 (
965 2100 1038 2154 Ite
1065 2138 1082 2165 ,
1129 2099 1320 2154 docete
1367 2110 1556 2151 omnes
1604 2103 1791 2166 gentes
1829 2091 1898 2157 ”,
1949 2108 1970 2143 ι
1997 2089 2124 2144 illud
2163 2106 2178 2145 :

620 2214 639 2248 ι
681 2197 783 2249 Alii
839 2195 1252 2254 laboraverunt,
1297 2199 1352 2245 et
1405 2204 1502 2243 vos
1557 2188 1610 2241 in
1666 2186 1912 2240 laborem
1961 2182 2179 2238 illorum

615 2287 776 2358 263
816 2285 1079 2341 introistis
1105 2283 1173 2338 ³⁰.
1211 2301 1230 2335 ι
1262 2281 1414 2348 Quod
1450 2281 1496 2336 si
1527 2280 1698 2334 sancti
1723 2277 1902 2348 angeli
1937 2275 2183 2343 reliquas

615 2389 822 2448 partes,
851 2385 1048 2445 praeter
1081 2375 1333 2438 electam,
1374 2371 1552 2426 sortiti
1589 2369 1811 2433 fuerint,
1855 2377 1912 2422 et
1945 2365 2184 2421 ordinati

617 2479 747 2526 sunt
777 2471 845 2524 ad
886 2469 1152 2524 sationem
1195 2465 1524 2530 animarum,
1567 2461 1702 2517 nlhil
1745 2459 2184 2517 absurdiconse-

616 2563 805 2631 quitur
853 2560 1214 2615 seminantem
1267 2555 1428 2610 simul
1473 2555 1727 2623 gaudere,
1781 2561 1840 2607 et
1889 2561 2182 2608 metentem

613 2663 738 2723 post
769 2665 1021 2706 messem.
1065 2649 1262 2704 Verum
1303 2646 1602 2702 Heracleon
1650 2644 1851 2714 inquit,
1881 2658 2056 2712 neque
2087 2657 2185 2712 per

617 2741 785 2810 ipsos,
824 2751 997 2807 neque
1036 2737 1102 2791 ab
1137 2735 1271 2805 ipsis
1322 2734 1602 2804 (intelligit
1656 2742 1836 2788 autem
1884 2733 2182 2802 apostolos)

617 2830 886 2885 seminata
916 2828 1083 2882 fuisse
1109 2828 1223 2881 haec
1255 2827 1463 2881 semina
1500 2841 1514 2879 :
1561 2842 1581 2876 ι
1630 2823 1732 2890 Qui
1773 2823 2181 2888 laboraverunt,

616 2923 814 2992 inquit,
848 2929 974 2976 sunt
1010 2918 1212 2988 angeli,
1253 2918 1448 2986 quibus
1493 2917 1608 2970 luec
1641 2929 1771 2969 cura
1807 2913 2014 2968 credita
2045 2922 2132 2968 est
2165 2930 2178 2966 :

615 3031 714 3085 per
745 3029 883 3085 quos
918 3011 1091 3068 veluti
1127 3011 1454 3065 mediatores
1501 3006 1768 3062 seminata
1816 3013 1944 3060 sunt
1984 3012 2042 3059 et
2085 3018 2183 3057 nu-

616 3110 767 3162 trita.
810 3126 829 3159 ι
865 3106 1037 3160 Porro
1086 3104 1136 3157 in
1179 3103 1282 3157 hoc
1329 3099 1538 3156 dictum
1574 3117 1587 3154 :
1639 3117 1659 3150 ‹
1710 3095 1820 3152 Vos
1853 3097 1905 3151 in
1938 3095 2180 3151 laborem

2283 1912 2678 1985 εἰσεληλύθατε.
2706 1931 2724 1964 ι
2754 1913 2818 1965 Εἰ
2851 1911 2908 1966 δὲ
2947 1912 3091 1981 ἅγιοι
3125 1911 3341 1980 ἄγγελοί
3370 1913 3504 1964 εἰσιν
3533 1911 3584 1964 οἰ
3616 1910 3714 1974 τὰς
3741 1909 3854 1964 λοι-

2284 2003 2392 2066 πάς
2427 2004 2648 2076 μερίδας
2680 2004 2830 2076 παρὰ
2862 2003 2960 2075 τὴν
2998 2003 3257 2073 ἐκλεκτὴν
3289 2002 3583 2073 εἰληχότες,
3623 2003 3717 2056 καὶ
3763 2003 3856 2056 ἐπὶ

2281 2093 2381 2163 τῆς
2411 2093 2708 2165 διασπορᾶς
2731 2096 2838 2147 τῶν
2869 2093 3052 2164 ψυχῶν
3075 2093 3500 2164 διατεταγμένοι,
3530 2093 3682 2146 οὐδέν
3707 2094 3856 2146 ἐστιν

2282 2185 2480 2240 ἄτοπον
2512 2186 2603 2238 16v
2646 2186 2936 2257 σπείροντα
2984 2183 3118 2256 όμοῦ
3163 2185 3407 2255 χαίρειν,
3452 2185 3547 2238 καὶ
3577 2185 3669 2238 τὸν
3709 2183 3857 2256 θερί-

2283 2274 2443 2339 ζοντα
2481 2275 2617 2346 μετά
2648 2275 2739 2329 τὸν
2773 2275 3049 2347 θερισμόν.
3090 2274 3148 2328 '0
3201 2275 3245 2327 δ’
3287 2273 3599 2345 ’Πρακλέων
3649 2276 3811 2344 φησιν
3837 2315 3852 2340 ,

2282 2369 2364 2421 ὅτι
2393 2367 2512 2420 οὑδέ
2546 2368 2742 2431 αὐτῶν,
2797 2367 2918 2420 ούδέ
2952 2367 3048 2420 ἀπ’
3083 2366 3262 2419 αὐτῶν
3323 2367 3537 2438 ἐσπάρη
3582 2365 3756 2419 ταῦτα
3784 2366 3855 2420 τὰ

2285 2459 2575 2532 σπέρματα
2595 2476 2609 2490 ·
2663 2459 2797 2530 φησί
2837 2458 2894 2511 δέ
2927 2457 3035 2510 τῶν
3068 2457 3412 2512 ἀποστόλωνσ
3454 2476 3472 2508 ι
3515 2458 3577 2510 Οἰ
3611 2458 3668 2511 δὲ
3701 2475 3856 2512 κεκο-

2285 2552 2541 2614 πιακότες
2575 2549 2712 2605 εἰσὶν
2743 2553 2792 2604 οἱ
2820 2551 2921 2621 τῆς
2949 2549 3258 2620 οἰκονομίας
3287 2549 3525 2618 ἄγγελοι.
3564 2549 3632 2603 δι’
3659 2542 3733 2603 ὧν
3777 2549 3855 2613 ὡς

2286 2641 2520 2714 μεσιτῶν
2554 2641 2768 2713 ἐσπάρη
2795 2643 2890 2694 καὶ
2917 2641 3215 2712 ἀνετράφη.
3251 2659 3269 2691 ι
3300 2641 3393 2703 Εἰς
3423 2639 3479 2692 δὲ
3503 2639 3564 2693 τό
3584 2656 3600 2670 ο
3625 2657 3644 2690 ι
3667 2639 3855 2711 Ὑμεῖς

2283 2737 2362 2798 εἰς
2394 2734 2484 2788 16v
2515 2735 2682 2788 κόπον
2711 2733 2890 2787 αὐτῶν
2919 2731 3328 2804 εἰσεληλύθατε,
3353 2749 3372 2784 ι
3418 2731 3591 2784 ταῦτα
3620 2731 3849 2796 ἐξέθετο·

2289 2844 2308 2878 ι
2342 2825 2416 2879 υὺ
2447 2825 2555 2897 γὰρ
2593 2827 2622 2878 6
2652 2824 2817 2888 αὑτὸς
2845 2824 3046 2887 σκοπὸς
3073 2823 3184 2895 (14)
3219 2824 3546 2894 σπειρόντων
3580 2823 3672 2877 καὶ
3708 2821 3854 2893 θερι-

2284 2916 2514 2981 ζόντων·
2550 2916 2599 2968 οἰ
2635 2917 2732 2988 μὲν
2765 2917 2872 2988 γὰρ
2911 2918 2970 2968 ἐν
3006 2916 3185 2988 κρύει,
3227 2916 3323 2970 καὶ
3356 2916 3539 2980 ὕδατι,
3578 2915 3672 2969 καὶ
3701 2915 3854 2985 κόπῳ

2280 3007 2379 3078 τὴν
2403 3008 2506 3078 γῆν
2537 3009 2865 3070 σκάπτοντες
2892 3007 3192 3078 σπείρουσι,
3223 3005 3317 3058 καὶ
3347 3005 3414 3058 δι’
3442 3005 3563 3059 ὅλου
3591 3005 3854 3075 χειμῶνος

2283 3098 2573 3170 τημελοῦσι
2609 3099 2723 3170 (15)
2753 3098 3072 3161 σκάλλοντες
3096 3135 3110 3161 ,
3159 3098 3252 3150 καὶ
3303 3098 3402 3159 τὰς
3439 3097 3570 3160 ὕλας
3601 3095 3850 3163 ἐκλέγον-

616 3215 802 3255 eorum
842 3199 1134 3260 introistis,
1172 3215 1190 3247 ι
1225 3198 1338 3250 haec
1377 3191 1603 3262 protulit
1641 3210 1654 3244 :
1694 3208 1714 3242 ι
1764 3189 1881 3246 Non
1918 3189 2062 3245 idem
2097 3200 2181 3244 est

2283 3208 2400 3255 τες’
2433 3193 2482 3244 οἱ
2513 3191 2569 3244 δὲ
2621 3193 2701 3255 εἰς
2756 3191 2971 3260 ἕτοιμον
3003 3189 3214 3260 καρπὸν
3271 3188 3602 3252 εἰσελθόντες
3661 3187 3853 3260 θέρους

612 3291 772 3346 labor
805 3289 1216 3353 semiuantium,
1251 3295 1306 3341 et
1333 3283 1648 3340 metentium
1679 3301 1692 3337 :
1724 3281 1796 3336 illi
1827 3281 1973 3337 enim
2003 3281 2054 3334 in
2082 3280 2180 3336 fri-

607 3396 748 3456 gore
775 3423 789 3448 ,
826 3391 881 3437 et
919 3395 1078 3451 aqua,
1117 3391 1170 3434 et
1211 3379 1398 3434 labore
1445 3387 1642 3431 terram
1681 3373 1956 3430 fodientes
2008 3373 2174 3429 semi-

614 3483 764 3539 nant,
799 3482 853 3528 et
879 3487 974 3542 per
1003 3479 1170 3525 totam
1201 3470 1432 3525 hiemem
1479 3467 1774 3522 sarrieutes
1807 3471 2082 3533 satagunt,
2124 3471 2180 3518 et

614 3566 781 3622 sil-vas
813 3564 1179 3633 exstirpantes
1215 3578 1230 3627 ;
1274 3562 1365 3632 qui
1419 3574 1548 3615 vero
1576 3560 1630 3613 in
1665 3557 1898 3612 fructum
1924 3566 2177 3626 paratum

2285 3285 2696 3356 εὐφραινόμενοι
2733 3283 3054 3355 θερίζουσιν.
3089 3302 3106 3334 ι
3153 3282 3396 3345 Ἑξέσται
3422 3281 3477 3333 δὲ
3513 3280 3854 3352 συγκρίνοντι

2277 3377 2348 3430 τά
2371 3393 2428 3430 τε
2461 3377 2551 3445 ὑφ’
2585 3374 2743 3447 ἡμῶν
2775 3374 3038 3446 εἰρημένα
3079 3373 3156 3444 τῷ
3196 3373 3574 3443 ἐντυγχάνοντι
3599 3412 3613 3433 ,
3662 3373 3754 3425 καὶ
3782 3371 3854 3426 τὰ

2279 3465 2385 3519 ὑπὸ
2415 3465 2508 3518 τοῦ
2547 3465 2940 3536 Ἡρακλέωνος,
2990 3465 3124 3536 όρᾷν
3181 3462 3340 3516 ὁποία
3392 3461 3501 3514 τῶν
3549 3461 3852 3532 διηγήσεων

2280 3556 2661 3628 ἐπιτετεῦχθαι
2689 3556 2934 3610 δύναται.

615 3660 846 3732 ingressi
894 3657 1116 3722 fuerint,
1151 3656 1256 3712 laeti
1286 3666 1517 3712 metunt.
1559 3674 1578 3707 ι
1625 3654 1894 3708 Cteterum
1937 3652 2176 3721 prudens
2205 3651 2373 3706 lector
2403 3652 2692 3708 conferens
2722 3668 2844 3722 qua:
2875 3666 2974 3707 nos
3006 3651 3266 3714 diximus,
3296 3661 3418 3704 cum
3443 3646 3530 3710 his
3556 3659 3678 3716 quae
3716 3641 3852 3698 dixit

613 3755 939 3819 Heracleon,
973 3753 1159 3808 videre
1194 3750 1388 3822 poterit
1427 3747 1602 3803 utrius
1644 3745 2012 3816 expositiones
2042 3748 2151 3800 sint
2182 3746 2590 3815 probabiliores.

685 3853 777 3909 50.
823 3871 841 3903 ι
876 3851 954 3906 Ex
987 3851 1119 3904 urbe
1151 3857 1332 3902 autem
1369 3845 1458 3900 illa
1495 3843 1648 3899 multi
1705 3842 2178 3898 Samaritanorum

614 3944 967 4002 crediderunt
1000 3949 1222 4011 prepter
1251 3951 1553 3993 sermonem
1589 3935 1833 3990 mulieris
1885 3935 2176 3991 testantis:

622 4059 642 4092 ι
678 4038 815 4104 Quia
845 4036 986 4091 dixit
1020 4033 1151 4087 mihi
1183 4032 1361 4086 omnia
1395 4043 1730 4098 quacunque
1757 4026 1859 4083 feci
1884 4028 1948 4081 “.
1986 4046 2006 4080 ι
2047 4027 2179 4082 Cum

615 4130 865 4202 hydriam
915 4127 1249 4196 reliquisset,
1283 4124 1613 4192 abiissctque
1651 4122 1704 4175 in
1752 4121 2030 4175 civitatem
2072 4118 2176 4173 Sa-

2353 3841 2442 3896 50.
2477 3860 2494 3892 ι
2543 3841 2637 3894 Ἐκ
2665 3839 2722 3894 δὲ
2747 3839 2845 3909 τῆς
2895 3837 3100 3899 πόλεως
3136 3835 3348 3906 ἐκείνης
3388 3832 3570 3887 πολλοὶ
3602 3830 3851 3884 ἐπίστευ-

2283 3940 2383 3989 σαν
2414 3931 2522 3986 τῶν
2575 3929 2930 4003 Σαμαρειτῶν
2969 3929 3059 3983 διὰ
3102 3927 3194 3981 τὸν
3235 3925 3392 3994 λόγον
3422 3926 3521 3996 τῆς
3557 3921 3810 3992 γυναικὸς
3831 3957 3849 3984 ,

2283 4023 2665 4096 μαρτυρούσης
2696 4063 2711 4088 ,
2766 4024 2845 4076 ὅτι
2893 4017 3013 4075 εἶπέ
3053 4036 3143 4090 μοι
3186 4017 3364 4072 πάντα
3407 4016 3506 4070 ὅσα
3546 4015 3794 4084 ἐποίησα.
3825 4030 3844 4062 ι

2279 4117 2392 4187 Τῆς
2442 4114 2829 4187 Σαμαρείτιδος
2883 4109 3286 4178 καταλιπούσης
3336 4108 3436 4178 τὴν
3487 4105 3704 4176 ὑδρίαν,
3757 4102 3850 4157 καὶ

613 4221 850 4280 maritis.
876 4230 934 4274 ut
974 4193 1322 4273 an—nuntiaret
1354 4229 1475 4285 quae
1511 4230 1540 4267 a
1587 4212 1876 4267 Servatore
1905 4213 2172 4276 audierat,

2282 4207 2676 4278 ὰπεληλυθυίας
2720 4207 2800 4268 εἰς
2839 4205 2938 4275 τὴν
2965 4202 3149 4265 πόλιν,
3172 4200 3310 4269 ὑπὲρ
3356 4197 3450 4250 τοῦ
3497 4193 3852 4262 εὐαγγελίσα-

614 4325 847 4382 cumque
885 4309 1138 4363 venirent
1173 4308 1238 4360 ad
1285 4306 1567 4360 Dominum
1610 4303 1895 4357 credentes
1935 4302 2174 4356 sermoni

2282 4301 2405 4354 σθαι
2434 4299 2503 4353 τὰ
2532 4299 2659 4369 περὶ
2685 4296 2779 4350 τοῦ
2810 4297 3078 4368 Σωτῆρος,
3105 4294 3199 4348 καὶ
3228 4291 3337 4345 τῶν
3375 4286 3734 4342 πιστευόντων
3769 4285 3850 4356 τῷ

615 4377 885 4465 mulieris,
920 4399 1138 4454 interim
1163 4395 1421 4452 Senator
1447 4392 1724 4461 discipulis
1755 4392 1981 4460 loquens
2011 4390 2173 4444 verba

2282 4390 2424 4460 λόγῳ
2449 4391 2548 4461 τῆς
2579 4389 2834 4458 γυναικὸς
2873 4386 3182 4458 ἐρχομένων
3210 4382 3344 4452 πρὸς
3378 4384 3468 4432 τὸν
3503 4377 3704 4448 Κύριον
3727 4415 3742 4441 ,
3788 4381 3851 4431 ἐν

607 4493 743 4548 fecit
776 4491 1025 4561 superius
1057 4490 1222 4555 dicta,
1252 4485 1662 4544 obsecrantibus
1691 4482 1970 4553 discipulis
2001 4491 2060 4536 ut
2085 4496 2179 4536 co-

2284 4480 2361 4551 τῷ
2388 4481 2587 4553 μεταξὺ
2617 4482 2644 4532 ὁ
2682 4478 2872 4548 Σωτὴρ
2893 4479 3004 4540 τοῖς
3033 4475 3302 4546 μαθηταῖς
3348 4469 3724 4538 συντυγχάνων
3753 4485 3849 4524 πε·

613 4587 795 4640 medat
897 4593 1179 4653 postquam
1221 4592 1399 4636 autem
1441 4581 1584 4634 dicta
1632 4577 1861 4631 fuissent
1907 4574 1972 4627 ad
2013 4574 2176 4628 disci-

2286 4576 2502 4646 ποίηται
2540 4575 2664 4636 τοὺς
2697 4570 3125 4643 προειρημένους
3159 4565 3347 4633 λόγους
3390 4560 3716 4633 ἐρωτώντων
3741 4561 3847 4613 τῶν

561 4710 566 4714 -
612 4681 770 4749 pulos
817 4692 938 4746 qua:
982 4690 1079 4746 pro
1115 4675 1252 4729 virili
1305 4674 1700 4743 indagavitnus,
1749 4668 1976 4723 resumit
2018 4666 2174 4720 Scri-

2285 4666 2538 4737 μαθητῶν
2563 4667 2708 4726 ὅπως
2734 4662 2901 4731 φάγῃ.
2929 4657 3083 4715 Μετὰ
3104 4657 3160 4709 δὲ
3185 4655 3244 4709 τὸ
3267 4653 3521 4723 λεχθῆναι
3561 4649 3694 4720 πρὸς
3725 4650 3847 4710 τοὺς

682 4796 727 4826 ³⁸
756 4795 911 4848 Deut.
940 4808 1106 4855 xxxii,
1141 4791 1192 4846 8.
1271 4791 1315 4822 "
1349 4788 1537 4844 Matth.
1559 4801 1746 4849 xxvui,
1779 4783 1865 4839 19.
1939 4782 1986 4814 ³ο
2009 4782 2164 4837 Joan.
2206 4796 2280 4849 tv,
2319 4781 2406 4835 '58.
2522 4777 2564 4808 ⁸¹
2589 4777 2719 4831 ibid.
2747 4774 2837 4829 39.

686 4887 798 4958 (12)
828 4886 1070 4950 Πάντως
1095 4851 1356 4947 ἕκαστός
1386 4897 1566 4958 τινος.
1601 4879 1696 4958 §ic
1726 4876 1890 4958 codex
1930 4873 2180 4929 Bodleia-

2283 4870 2427 4926 cavit
2459 4883 2552 4923 eos
2581 4869 2646 4920 ad
2675 4862 3030 4919 iracundiam.
3060 4860 3127 4914 Et
3153 4857 3359 4913 idcirco
3380 4855 3530 4919 dicit,
3551 4851 3686 4934 Quia
3719 4853 3847 4906 asti-

2290 4952 2302 4958 -
2371 4949 2458 4958 ηρ.
2492 4953 2631 4958 --__-_
2663 4946 2811 4958 .Α-.....
2867 4943 2908 4958 ,ι
2927 4932 3187 4958 ..ε-...ρέηιιο
3210 4933 3553 4958 ann-lanarum!
3581 4938 3634 4958 ne
3657 4938 3816 4958 unus»

616 4932 753 5019 nus;
783 4932 1009 5023 [Rc-gius.
1039 4932 1840 5023 perperamlrzdtwuwexaq16;
1866 4961 2037 5023 τιναῇ
2073 5013 2084 5023 .

2285 4949 2458 5023 terum
2488 4953 2635 5023 reae:
2659 4946 2834 5023 ἐνταῖο
2861 4932 3554 5023 ⁸⁸ηἴ¹1³ξί¹³ῗ³ξῖ³ξεὶῗζέῗτῖῗῖἷέ
3581 4932 3841 5023 terruit:

685 4992 1479 5096 ῐιξῑτὲιἝέ¹¹ξξξξέῶεῆβδέ
1495 4992 2181 5096 ’ξάιῑςςρξὶάῖοὶξῖξδι-εε..

2285 4992 2570 5063 adversum"
2593 4992 2891 5065 Dominum,
2925 4992 2972 5054 et
3000 4992 3249 5052 adversus
3278 4997 3548 5048 Christum
3587 4995 3723 5061 ejus.
3776 4992 3844 5044 Et

2289 5081 2299 5091 -
2321 5081 2394 5096 ι..
2451 5094 2464 5096 _
2486 5077 2807 5096 .I-___-__--.-...
2833 5073 2993 5096 ...ΞΑ-η
3026 5071 3178 5096 ...ιιιέο
3228 5075 3390 5096 «ιΙΑΙΙΙΔ
3420 5077 3616 5096 annuae
3643 5071 3837 5096 nnnll-n

614 5071 951 5162 ne‘s;vlioniil.
976 5095 1008 5148 9
1030 5071 1322 5153 muenia;
1341 5071 1500 5162 Eum.
1526 5090 1560 5141 5
1597 5071 1974 5162 :_c"Quo'modo
2007 5071 2176 5162 ἰεωξθ-
2287 5081 2406 5132 ideo
2445 5077 2807 5154 adversantur
2830 5073 2995 5150 etiam
3026 5071 3391 5162 nobishatque
3419 5077 3617 5132 agones
3643 5071 3839 5162 coulllra

613 5151 816 5222 diita'tes
841 5166 987 5232 cepit
1009 5162 1258 5232 Christus
1285 5151 1535 5232 civitates
1570 5153 2045 5232 .adversariori_t_in?
2081 5151 2183 5204 Per

617 5240 722 5292 hoc
753 5237 871 5290 sine
903 5223 1068 5286 dubio
1096 5231 1236 5298 quod
1289 5231 1340 5281 in
1373 5240 1590 5280 onmem
1632 5234 1831 5279 terram
1860 5223 1991 5278 exiit
2017 5235 2186 5275 sonus

619 5305 1018 5375 apostolorum,
1042 5310 1098 5375 et
1149 5303 1200 5352 iu
1252 5299 1442 5375 orbein
1501 5305 1659 5350 terrm
1707 5298 1870 5346 verba
1920 5307 2178 5375 eorum...

610 5364 751 5433 Cum
777 5377 920 5429 enim
948 5364 1212 5423 divideret
1252 5366 1510 5422 Excelsus
1541 5374 1729 5434 gentes
1751 5364 2046 5434 secundum
2081 5376 2180 5434 n_u-

550 5419 597 5487 ιδ
617 5419 1468 5511 ,‘tunr
1505 5419 1630 5511 pars
1651 5434 1767 5511 ejus
1798 5431 2064 5511 factauest
2093 5429 2183 5483 Ja-

617 5519 742 5578 coli,
781 5524 838 5567 et
864 5503 1132 5563 funiculus
1159 5503 1644 5578 haereditatis'eius
1685 5503 1870 5556 Israel.
1927 5503 2183 5578 Christus

611 5556 785 5650 enim,
813 5583 876 5635 ad
903 5597 1060 5649 quem
1089 5581 1296 5631 dixerat
1326 5575 1486 5628 Pater
1518 5593 1530 5627 :
1560 5553 1696 5626 Ῥειθ
1741 5589 1772 5625 (ι
1810 5588 1910 5650 me,
1953 5581 2000 5623 et
2049 5568 2181 5621 dabo

2354 5563 2468 5636 (14)
2501 5553 3507 5650 ΣκοπόςλίῖοτέιιιῖίιιειριιείἓιιΙκόπος.
3619 5617 3656 5650 Ω
3732 5614 3744 5626 .

2509 5637 2549 5650 η.
3015 5639 3177 5650 nm..-
3667 5632 3744 5650 ...ιι

617 5617 1315 5721 :i‘dlimg’ezres'jimredualent
1348 5658 1512 5721 tuum,
1540 5654 1584 5696 et
1621 5617 1997 5721 possessionem
2031 5617 2174 5690 tutan;
2509 5617 2856 5721 Τημεζλὸξρζι.
2889 5628 2978 5680 Sic
3011 5617 3182 5680 codex
3215 5622 3575 5686 Bodletunus;
3615 5617 3840 5688 Regius,

610 5699 1546 5786 ternuinos'lerrie,depelleusipsos
1572 5699 2089 5786 angelospotestale
2121 5717 2178 5760 et
2280 5699 2674 5777 perperamhﬁ
2709 5699 2978 5770 μέλλουσι.

615 5791 1008 5854 dominatione,
1039 5783 1201 5859 quatit
1229 5784 1506 5843 habebant
1538 5785 1589 5839 iu
1619 5783 1951 5844 nationibus,
1979 5791 2174 5846 provo-

2287 5128 2463 5202 n’o's—et
2485 5128 2784 5201 certamina
2817 5140 3111 5194 concitant.
3148 5157 3166 5189 ι
3194 5128 3703 5202 Ειιεὶξιιίυέιιυοιιιιο
3735 5128 3842 5183 De-

2285 5199 2564 5270 nto—nsum.
2607 5213 2840 5282 evangel.
2879 5211 2970 5264 lib.
3003 5223 3076 5282 tv,
3127 5205 3311 5282 cap.'9
3339 5215 3392 5256 et
3428 5203 3516 5282 1Q,
3563 5199 3756 5280 scribit
3810 5218 3838 5252 a

2283 5288 2622 5342 daemonibus
2644 5271 2978 5350 oppugnatos
3007 5279 3172 5350 fuisse
3195 5271 3313 5350 sive
3342 5273 3581 5341 angelos,
3613 5271 3839 5323 sivean-

2283 5359 2525 5425 gelorum
2553 5345 2815 5408 custodiae
2849 5350 3071 5425 traditos
3089 5345 3373 5425 homines,
3416 5353 3716 5410 magnauue
3769 5353 3833 5418 ex

2285 5411 2437 5494 parte
2479 5430 2837 5493 expugnatos,
2871 5419 3044 5471 donec
3086 5411 3459 5494 {miscentibus
3488 5420 3542 5463 et
3565 5411 3839 5478 oppressis

2285 5482 2816 5550 attxilitiiii'ClTI'isttts
2841 5497 2892 5542 et
2919 5503 3074 5556 opem
3113 5485 3254 5537 tulit.
3291 5482 3552 5556 llus-rtus.
