4170 6404
320 391 426 448 493

1387 403 1726 462 COMMENT
1765 409 1831 464 IN
1866 409 2059 469 JOAN.
2095 411 2335 470 TOMUS
2373 415 2511 472 XIII.

3461 435 3564 490 494

318 512 570 586 μαθητάς
600 513 669 569 τὰ
707 516 850 570 κατά
903 516 1132 588 δύναμιν
1169 517 1539 592 ἐξητασμένα,
1579 525 1868 597 ἐπαναλαμ

2002 535 2160 597 ptura
2199 531 2570 586 narrationem
2618 530 2686 586 de
2730 533 2817 591 his
2843 537 2934 607 qui
2977 550 3242 597 venerant
3281 556 3312 598 e
3346 545 3568 604 civitate

313 603 470 660 σάνει
498 606 532 677 ἡ
558 606 749 678 Γραφὴ
774 608 843 660 τά
873 609 1001 680 περὶ
1051 609 1161 662 τῶν
1193 610 1529 682 ἐληλυθότων
1561 616 1627 671 ἐκ
1664 617 1763 688 τῆς
1795 619 1895 671 πό-

313 693 452 759 λεως
479 694 620 766 πρὸς
659 695 840 761 αὑτὸν,
873 698 968 751 καὶ
1002 699 1408 755 πιστευσάντων
1439 703 1529 756 διά
1555 704 1650 776 τὴν
1686 723 1894 778 μαρτυ-

312 784 440 858 ρίαν
463 785 565 855 τῆς
608 787 864 856 γυναικὸς
896 787 1162 862 λεγούσης
1185 807 1198 821 ⁸
1241 811 1260 844 ι
1299 791 1418 846 Ὅτι
1443 788 1565 848 εἶπέ
1601 813 1688 867 μοι
1717 797 1894 852 πάντα

277 927 279 929 ,
308 876 410 930 ὅσα
445 877 698 950 ἐποίησα.
741 898 760 930 ι
805 880 868 932 Εἰ
893 880 950 934 δέ
982 881 1294 954 κρατοῦμεν
1319 884 1429 940 τῶν
1457 887 1714 960 ἀνωτέρω
1736 873 1893 962 εἰρη-

311 967 490 1039 μένων
519 970 647 1042 περὶ⁵
677 971 778 1041 τῆς
817 972 1132 1045 Σαμαρείας
1173 976 1268 1029 καὶ
1302 976 1404 1047 τῆς
1457 978 1847 1050 Σαμαρείτιδος
1871 1036 1888 1062 ,

309 1059 408 1112 καὶ
453 1060 553 1130 τῆς
583 1060 678 1115 τοῦ
722 1062 916 1117 Ἰακὼϐ
961 1065 1144 1136 πηγῆς
1164 1105 1180 1131 ,
1219 1066 1281 1118 οὐ
1320 1067 1556 1137 χαλεπὸν
1606 1071 1733 1124 ἰδεῖν
1768 1059 1890 1125 τίνα

309 1149 508 1219 τρόπον
540 1150 890 1221 ἐπιτυχόντες
935 1152 1094 1222 λόγου
1144 1154 1328 1224 ὑγιοῦς
1380 1157 1429 1210 οἰ
1486 1160 1889 1232 προκατειλημ-

311 1239 464 1309 μένοι
512 1242 571 1294 ἐν
612 1243 1140 1315 ἐτεροδιδασκαλίαις
1168 1248 1557 1306 καταλείπουσι
1598 1254 1697 1325 τὴν
1725 1255 1889 1310 οἱονεὶ

303 1332 418 1386 τῶν
444 1334 732 1405 δογμάτων
755 1336 930 1401 πόλιν,
962 1338 1058 1392 καὶ
1086 1339 1394 1406 ἐξελθόντες
1419 1344 1588 1416 αὐτῆς
1619 1347 1888 1416 ὑγιαινόν-

303 1441 415 1488 τως
434 1426 750 1481 πιστεύουσι
783 1428 915 1501 (16),
951 1433 1080 1501 μιᾶς
1108 1449 1254 1497 τινος
1279 1436 1432 1507 παρά
1456 1439 1521 1509 τῇ
1557 1438 1650 1492 τοῦ
1691 1440 1884 1494 Ἰακὼὸ

305 1520 458 1590 πηγῇ
496 1519 766 1593 προτέρας
797 1525 1178 1594 κεχωρηκυίας
1209 1525 1308 1598 τὴν
1344 1530 1609 1601 σωτήριον
1635 1531 1885 1588 διδασκα-

305 1608 450 1675 λίαν,
497 1612 592 1665 καὶ
639 1612 1048 1686 καταλιπούσης
1085 1615 1183 1688 τὴν
1220 1621 1625 1694 προειρημένην
1653 1624 1838 1694 ὑδρίαν
1861 1666 1878 1693 ,

1998 623 2066 674 ad
2097 621 2299 691 ipsum,
2342 633 2399 680 et
2434 626 2500 680 de
2542 626 2627 681 bis
2669 630 2762 698 qui
2802 630 3150 688 crediderant
3186 647 3284 705 per
3321 638 3566 693 testimo—

1995 711 2146 766 nium
2181 714 2431 772 mulieris
2466 717 2742 775 dicentis:
2782 737 2803 772 ι
2841 721 2978 788 Quia
3010 723 3148 780 dixit
3191 726 3324 782 mihi
3379 731 3564 786 omnia

1993 817 2334 877 quaecunque
2375 808 2504 864 feci.
2537 828 2556 862 ι
2587 809 2741 877 Quod
2768 812 2812 867 si
2854 829 3125 871 memores
3158 832 3346 874 sumus
3374 835 3563 880 eorum

1993 907 2118 962 quae
2142 896 2394 964 superius
2432 898 2672 955 diximus
2700 900 2770 956 de
2810 901 3078 969 Samaria,
3122 914 3178 961 et
3213 907 3280 963 de
3316 907 3560 967 Samari-

1992 983 2128 1049 tide,
2155 992 2213 1039 et
2228 985 2295 1038 de
2319 984 2469 1042 fonte
2495 986 2686 1055 Jacnb,
2717 1006 2825 1047 non
2853 993 3069 1050 diliicile
3095 1006 3178 1051 est
3217 998 3402 1055 videre
3426 1017 3561 1071 quo-

1990 1087 2116 1128 nam
2149 1083 2310 1144 pacto
2344 1077 2438 1146 qui
2481 1080 2715 1134 assecuti
2754 1081 2958 1138 fuerint
2995 1098 3182 1140 sanam
3226 1088 3558 1160 doctrinam,

1990 1181 2115 1222 cum
2139 1178 2298 1224 antea
2333 1172 2586 1240 occupati
2623 1172 2858 1229 fuissent
2883 1175 2937 1230 in
2972 1177 3240 1236 doctrinis
3277 1182 3346 1238 ab
3377 1183 3558 1242 Eccle-

1987 1258 2085 1312 sia:
2132 1257 2372 1315 decretis
2413 1261 2824 1330 dissidentibus,
2870 1265 3190 1339 relinquunt
3219 1271 3382 1329 veluti
3421 1275 3556 1348 dog-

1987 1359 2193 1406 matum
2223 1352 2529 1419 civitatem,
2570 1363 2625 1410 et
2657 1357 2863 1426 egressi
2912 1374 2980 1414 ex
3028 1375 3092 1417 ea
3141 1376 3274 1418 sane
3301 1367 3553 1435 credunt,

1983 1456 2107 1497 cum
2154 1457 2262 1498 una
2307 1445 2577 1516 quaepiam
2626 1447 2820 1505 mulier
2858 1460 3019 1507 antea
3063 1457 3365 1525 perceperit
3409 1460 3554 1528 apud

1983 1530 2191 1590 fontem
2229 1533 2399 1591 Jacob
2445 1536 2746 1593 salutarem
2798 1540 3121 1611 doctrinam,
3172 1555 3227 1602 et
3263 1549 3552 1621 reliquerit

1981 1626 2296 1696 praedictam
2330 1627 2598 1699 bydriam,
2647 1632 2943 1688 invitatura
2990 1637 3152 1704 alios,
3191 1648 3251 1692 ut
3296 1642 3550 1702 similiter

309 1710 452 1781 ὑπὲρ
497 1707 590 1761 τοῦ
643 1710 737 1762 καὶ
780 1710 997 1778 ἐτέρους
1046 1712 1139 1764 ἐπὶ
1185 1713 1246 1766 τὸ
1294 1715 1492 1784 ὁμοίως
1525 1715 1869 1788 ὠφεληθῆναι

1973 1720 2242 1789 iuventur.
2263 1720 2405 1780 Sane
2430 1725 2730 1784 Heracleon
2757 1729 3144 1802 interpretatus
3168 1745 3270 1803 est,
3303 1757 3324 1790 ι
3359 1755 3425 1795 ex
3443 1757 3520 1797 ur

311 1798 762 1871 προκαλέσασθαι.
808 1800 867 1853 '0
885 1801 928 1852 δ’
961 1802 1267 1872 Ἡρακλέων
1294 1805 1354 1858 τὸ
1385 1806 1482 1876 μὲν
1515 1825 1535 1858 ι
1559 1807 1622 1860 ἐκ
1648 1811 1745 1879 τῆς
1771 1810 1868 1864 πό-

1965 1811 2053 1877 be,
2076 1830 2095 1863 ι
2125 1828 2247 1883 pro,
2273 1829 2303 1870 e
2328 1819 2532 1874 mundo
2557 1836 2569 1872 :
2598 1819 2726 1875 illud
2749 1836 2902 1888 vero,
2938 1841 2956 1874 ι
2977 1833 3197 1895 propter
3222 1843 3529 1888 sermonem

309 1889 461 1952 λεως,
506 1908 524 1940 ι
565 1889 685 1942 ἀντὶ
723 1888 846 1949 τοῦ.
879 1893 942 1944 ἐκ
973 1892 1066 1945 τοῦ
1107 1894 1332 1965 κόσμου,
1367 1896 1647 1967 ἐξείληφε·
1682 1899 1744 1952 τὸ
1781 1901 1869 1967 δὲ,

1973 1905 2234 1971 mulieris,
2264 1924 2284 1959 ι
2307 1938 2379 1948 -
2409 1929 2428 1962 ι
2460 1910 2564 1967 hoc
2590 1921 2691 1978 est,
2723 1913 2915 1984 inquit,
2945 1888 3164 1987 propter
3196 1920 3529 1989 spiritualem

316 1997 337 2031 ς
367 1979 464 2032 Διά
483 1979 575 2032 τὸν
600 1979 753 2048 λόγον
774 1982 870 2050 τῆς
890 1983 1161 2050 γυναικὸς,
1192 2003 1210 2036 ι
1231 2015 1299 2025 —
1319 2005 1340 2038 ι
1372 1988 1639 2053 τουτέστι,
1659 1989 1746 2044 διὰ
1766 1991 1867 2062 τῆς

311 2072 682 2139 πνευματικῆς
705 2071 1050 2143 Ἐκκλησίας’
1087 2096 1107 2129 ι
1141 2078 1233 2132 καὶ
1261 2079 1674 2150 ἐπισημαίνεταί
1694 2099 1757 2150 γε
1780 2083 1859 2148 τὸ,

305 2163 563 2230 «πολλοὶ,
588 2184 607 2218 ι
641 2165 717 2230 ὡς
744 2166 958 2222 πολλῶν
1001 2167 1168 2222 όντων
1216 2168 1490 2240 ψυχικῶνο
1530 2173 1628 2244 τὴν
1677 2174 1732 2228 δὲ
1766 2176 1876 2249 (l7)

304 2255 435 2325 μίαν
463 2255 610 2326 λέγει
637 2257 736 2328 τὴν
771 2257 1053 2330 ἄφθαρτον
1077 2260 1179 2330 τῆς
1204 2261 1434 2333 ἐκλογῆς
1453 2262 1633 2332 φύσιν,
1657 2268 1751 2320 καὶ
1783 2285 1880 2338 μο-

298 2345 478 2416 νοειδῆ
504 2385 519 2409 ,
573 2348 668 2401 καὶ
720 2350 924 2420 ἐνικήν.
964 2352 1238 2423 Ἔστημεν
1265 2353 1322 2406 δὲ
1365 2355 1459 2408 καὶ
1490 2358 1648 2426 ἡμεῖς
1676 2357 1786 2429 (18)
1818 2361 1877 2414 ἐν

298 2440 413 2502 τοῖς
440 2438 713 2512 ἀνωτέρω,
740 2441 816 2505 ώς
844 2437 954 2496 οἷόν
984 2461 1043 2497 τε
1079 2439 1166 2516 ἦν,
1196 2446 1334 2516 πρὸς
1366 2447 1558 2502 ταῦτα.

371 2528 462 2584 51.
503 2549 522 2582 ι
563 2532 650 2596 Ὠς
684 2529 778 2588 οὖν
811 2529 973 2605 ἦλθον
1003 2537 1140 2608 πρὸς
1190 2538 1354 2592 αὐτὸν
1391 2540 1486 2594 καὶ
1514 2543 1562 2595 οἰ
1601 2543 1875 2616 Σαμαρεῖ-

297 2637 412 2687 ται,
447 2622 674 2694 ἠρώτων
704 2626 868 2680 αὑτὸν
907 2630 1086 2699 μεῖναι
1123 2633 1252 2703 παρ’
1284 2632 1465 2697 αὐτοῖς
1490 2636 1631 2688 ’καὶ
1663 2635 1876 2707 ἔμεινεν

299 2713 417 2766 ἐκεῖ
445 2714 538 2768 δύο
567 2717 801 2790 ἡμέρας·
836 2720 929 2773 καὶ
968 2722 1146 2794 πολλῷ
1187 2723 1405 2788 πλείους
1433 2727 1760 2782 ἐπίστευσαν
1785 2729 1876 2785 διὰ

296 2806 392 2860 τὸν
419 2807 574 2878 λόγον
607 2811 825 2866 αὐτοῦ.)
848 2813 960 2867 Οὑκ
987 2814 1265 2881 ἀπιθάνως
1299 2835 1384 2882 τις
1417 2819 1743 2892 συγκρούσει
1773 2822 1835 2876 τό
1855 2838 1871 2854 θ

302 2918 323 2952 ι
359 2901 454 2966 Εἰς
495 2903 612 2958 ὁδὸν
642 2905 812 2960 ἐθνῶν
841 2906 916 2979 μὴ
941 2909 1235 2982 ἀπέλθητε,
1272 2913 1369 2968 καὶ
1397 2915 1476 2978 εἰς
1506 2915 1662 2969 πόλιν
1690 2917 1875 2988 Σαμα-

297 2989 493 3058 ρειτῶν
525 2992 599 3063 μὴ
634 2994 931 3066 εἰσέλθητε,
971 3016 991 3049 ι
1035 2997 1283 3071 τῷρητῷ
1305 3002 1500 3074 τούτῳ.
1550 3005 1873 3078 Ἐρωτηθεὶς

293 3081 405 3150 γὰρ
438 3083 467 3134 ὁ
508 3082 700 3155 Σωτὴρ
736 3088 914 3155 μεῖναι
943 3090 1094 3160 παρά
1131 3095 1243 3156 τοῖς
1275 3095 1673 3167 Σαμαρείταις,
1722 3097 1872 3171 ἐμει-

293 3188 385 3274 νεν
413 3175 530 3280 ἐκεῖ
547 3174 640 3228 δύο
653 3177 899 3280 κημέρας,
932 3182 960 3233 ό
993 3181 1189 3280 εἰπών·
1223 3203 1242 3236 ι
1281 3187 1375 3251 Εἰς
1416 3187 1567 3244 πόλιν
1594 3190 1868 3263 Σαμαρει-
1894 3222 1937 3280 c

293 3260 406 3316 τῶν
431 3263 508 3333 μὴ
537 3265 833 3338 εἰσέλθητε·
865 3286 883 3320 ι
918 3269 1074 3340 δῆλον
1103 3267 1217 3337 οὖν,
1274 3277 1356 3328 ὅτι
1392 3277 1487 3330 καὶ
1525 3277 1576 3330 οἱ
1629 3260 1869 3351 μαθηταὶ⁹

294 3353 462 3408 αὐτοῦ
494 3358 1031 3430 συνεισεληλύθεισαν
1063 3363 1176 3436 (19)
1211 3365 1378 3438 αὐτῷ.
1406 3370 1638 3424 Λεκτέον
1658 3372 1715 3425 δὲ
1737 3373 1874 3446 πρὸς

290 3448 470 3518 τοῦτο,
501 3451 585 3506 ὅτι
634 3452 698 3506 τὸ
738 3454 839 3526 μὲν
891 3457 971 3521 εἰς
1022 3459 1141 3513 ὁδὸν
1198 3459 1369 3517 ἐθνῶν
1418 3463 1673 3518 ἀπελθεῖν
1723 3467 1871 3520 ἐστιν

290 3541 578 3597 ἀναλαϐεῖν
605 3561 660 3597 τι
687 3545 867 3618 δόγμα
901 3548 1134 3617 ἐθνικδν,
1189 3552 1466 3626 ἀλλότριον
1506 3556 1599 3609 τοῦ
1655 3558 1870 3630 Ἰσραὴλ

288 3631 387 3686 τοῦ
417 3635 573 3702 Θεοῦ,
599 3639 695 3694 καὶ
716 3639 940 3710 ¹ὁδεῦσαι
964 3647 1082 3698 κατ’
1105 3645 1256 3699 αὑτό’
1279 3647 1344 3700 τὸ
1372 3647 1429 3700 δὲ
1457 3650 1536 3712 εἰς
1580 3649 1734 3704 πόλιν
1757 3653 1870 3706 εἰσ-

287 3723 466 3778 ελθεῖν
507 3728 882 3800 Σαμαρειτῶν,
919 3733 982 3787 τὸ
1023 3734 1084 3789 ἐν
1105 3751 1214 3791 τινι
1246 3737 1502 3806 γενέσθαι
1530 3739 1868 3815 ψευδωνύμῳ

289 3816 493 3886 γνώσει
528 3820 638 3874 τῶν
674 3821 940 3892 λεγόντων
987 3829 1274 3897 νομικοῖς,
1312 3827 1348 3899 ἢ
1391 3837 1778 3902 προφητικοῖς,
1828 3835 1862 3907 ἢ

289 3913 664 3981 εὐαγγελικοῖς
689 3953 704 3980 ,
765 3915 800 3988 ἢ
872 3917 1250 3983 ἀποσωλικοῖς
1315 3922 1603 3994 προσέχειν
1655 3925 1860 3996 λόγοις·

287 4000 466 4066 ἔξεστι
515 4003 572 4057 δὲ
607 4005 1014 4062 καταλιπόντων
1069 4010 1428 4083 Σαμαρειτῶν
1461 4015 1560 4086 τὴν
1599 4017 1734 4073 ἰδίαν
1767 4020 1864 4072 πό-

288 4089 410 4156 λιν,
442 4095 536 4147 καὶ
575 4095 836 4160 ἐλθόντων
873 4098 1011 4170 πρὸς
1047 4100 1140 4153 τδν
1191 4101 1396 4174 Ἰησοῦν
1431 4105 1585 4179 παρὰ
1611 4108 1712 4180 τὴν
1749 4109 1861 4183 (20)

286 4181 384 4235 τοῦ
425 4183 616 4237 Ἰακὼὸ
671 4187 854 4258 πηγὴν
879 4226 895 4252 ,
936 4189 1341 4262 ἀποδεξάμενον
1395 4194 1496 4267 τὴν
1543 4181 1862 4270 προαίρεσιν

287 4274 398 4328 τῶν
444 4279 854 4334 πιστευσάντων
905 4282 998 4336 τὸν
1052 4284 1280 4355 Ἰησοῦν,
1330 4290 1508 4357 μεῖναι
1558 4290 1710 4358 παρὰ
1748 4294 1862 4357 τοῖς

289 4369 647 4441 ἐρωτήσασιν·
671 4367 823 4444 οἶμαι
846 4373 891 4428 δ’
919 4376 1000 4429 ὅτι
1018 4392 1367 4450 παρατετηρη
1377 4379 1552 4450 μένως
1570 4383 1860 4456 ὁΊωάννης

283 4461 346 4513 οὐ
381 4464 646 4535 πεποίηκε
673 4465 766 4519 τό’
803 4485 821 4518 ι
875 4467 1128 4540 ’Πρώτων
1174 4470 1336 4524 αὐτὸν
1366 4489 1386 4524 ι
1429 4474 1478 4525 οἰ
1524 4471 1872 4546 Σαμαρεῖται

1976 1995 2304 2066 Ecclesiam;
2342 2019 2361 2050 ι
2397 2001 2559 2074 264
2583 2014 2840 2076 notatque
2867 2007 3032 2074 illud,
3064 2028 3084 2061 ι
3115 2010 3288 2074 multi,
3326 2030 3344 2063 ι
3379 2015 3531 2084 quasi

1975 2087 2126 2142 multi
2157 2087 2265 2145 sint
2291 2090 2548 2149 animales
2579 2113 2591 2150 :
2622 2111 2784 2152 unam
2813 2113 2943 2154 vero
2978 2108 3224 2155 naturam
3250 2101 3530 2160 electionis

1977 2176 2178 2231 asserit
2207 2193 2329 2233 esse
2358 2180 2754 2250 incorruptam,
2790 2191 2847 2238 et
2880 2183 3229 2252 uniformem,
3267 2194 3319 2241 et
3359 2187 3545 2256 singu-

1977 2269 2190 2324 larem:
2228 2270 2425 2339 quibus
2474 2281 2530 2329 et
2570 2289 2671 2331 nos
2713 2275 3012 2332 institimus
3055 2277 3112 2332 in
3171 2280 3541 2348 superioribus

1976 2375 2074 2431 pro
2112 2361 2277 2417 virili.

2046 2539 2135 2595 5|.
2182 2559 2202 2592 ι
2237 2539 2306 2598 Ut
2340 2555 2470 2613 ergo
2495 2551 2763 2598 venerunt
2800 2543 2866 2598 ad
2909 2559 3032 2600 eum
3065 2544 3420 2615 Samaritani,
3450 2564 3544 2606 ro-

1977 2633 2180 2704 gabant
2206 2647 2366 2699 eum,
2387 2642 2446 2688 ut
2468 2635 2608 2704 apud
2639 2635 2788 2705 ipsos
2811 2645 3053 2692 maneret
3077 2654 3091 2692 :
3125 2645 3176 2692 et
3205 2640 3406 2694 mansit
3431 2640 3542 2698 illic

1974 2725 2111 2780 duos
2141 2724 2257 2780 dies
2309 2743 2322 2778 :
2367 2733 2423 2780 et
2473 2729 2643 2780 multo
2691 2726 2872 2796 plures
2923 2729 3268 2785 crediderunt
3317 2742 3541 2803 propter

1973 2832 2280 2874 sermonem
2311 2833 2465 2873 suum
2488 2817 2556 2872 ³².
2596 2837 2616 2870 ι
2645 2817 2762 2874 Νοη
2791 2821 2986 2876 inscite
3015 2823 3135 2892 quis
3166 2822 3408 2880 conferet
3433 2826 3541 2880 hoc

1972 2909 2177 2964 dictum
2211 2927 2224 2964 :
2262 2927 2282 2961 ι
2317 2910 2375 2965 1η
2405 2909 2546 2964 viam
2575 2911 2816 2980 gentium
2864 2925 2933 2966 ne
2965 2914 3237 2980 abieritis,
3271 2923 3326 2970 et
3361 2917 3414 2970 in
3459 2917 3540 2972 οέι

1973 3006 2196 3059 vitatem
2226 3002 2696 3058 Samaritanorum
2727 3019 2832 3059 non
2862 3003 3240 3075 ingrediemini
3271 3007 3335 3075 ³³,
3366 3026 3387 3060 ι
3412 3023 3536 3064 cum

1973 3097 2076 3153 hoc
2102 3106 2382 3152 contextu.
2410 3096 2653 3167 Rogatus
2699 3099 2845 3154 enim
2889 3097 3153 3154 Servator
3193 3110 3250 3154 ut
3291 3111 3540 3159 maneret

1972 3191 2114 3263 apud
2171 3190 2584 3257 Samaritanos,
2633 3193 2838 3247 mansit
2881 3193 2991 3248 illic
3039 3195 3172 3250 duos
3223 3194 3380 3258 dies,
3441 3195 3535 3267 qui

1976 3282 2228 3337 dixerat:
2265 3298 2283 3332 ι
2317 3280 2373 3335 ln
2395 3281 2668 3336 civitatem
2696 3280 3164 3338 Samaritanorum
3213 3300 3321 3354 non
3354 3286 3537 3358 ingre-

1970 3373 2195 3430 diemini
2245 3387 2262 3438 ;
2309 3389 2329 3424 ι
2373 3372 2519 3427 unde
2566 3372 2909 3442 perspicuum
2950 3387 3034 3428 est
3085 3374 3380 3446 discipulos
3417 3376 3537 3446 ejus

1970 3480 2092 3522 cum
2144 3466 2261 3536 ipso
2306 3464 2362 3519 iu
2403 3465 2681 3520 civitatem
2733 3465 3013 3535 ingressos
3050 3483 3157 3522 nou
3211 3467 3401 3523 fuisse.
3451 3470 3536 3525 Ad

1966 3557 2110 3630 quod
2139 3557 2426 3612 dicendum
2471 3567 2554 3612 est
2594 3557 2736 3626 quod
2781 3557 2861 3610 ire
2909 3557 2962 3612 in
2997 3557 3140 3611 viam
3165 3560 3431 3627 gentium,
3463 3561 3537 3617 sit

1968 3650 2213 3720 recipere
2232 3648 2450 3718 aliquod
2471 3650 2668 3719 dogma
2698 3649 2918 3721 gentile,
2960 3649 3198 3705 alienum
3231 3653 3301 3707 ab
3331 3651 3534 3710 lsraele

1966 3740 2083 3808 Dei,
2111 3753 2167 3797 et
2189 3741 2475 3798 ambulare
2515 3743 2567 3796 in
2597 3740 2716 3804 illo;
2759 3741 2964 3812 ingredi
3003 3756 3135 3797 vero
3167 3743 3220 3797 in
3253 3743 3532 3800 civitatem

1965 3833 2460 3898 Samaritanorum,
2506 3833 2578 3888 sit
2603 3833 2880 3888 adlmrere
2910 3833 3070 3888 alicui
3113 3838 3358 3894 scientia:
3396 3837 3534 3894 falso

1965 3925 2288 3991 nominatae,
2323 3940 2514 3980 eorum
2552 3925 2644 3995 qui
2677 3938 2737 3979 se
2769 3926 2958 3980 dicunt
3000 3927 3261 3984 adhibere
3289 3941 3532 3986 mentem

1962 4015 2254 4084 legalibus,
2284 4017 2369 4071 vel
2403 4018 2754 4086 propheticis,
2785 4021 2870 4075 vel
2910 4021 3258 4091 evangelicis,
3291 4023 3374 4076 vel
3405 4038 3534 4092 apo.

1961 4108 2168 4164 stolicis
2193 4110 2556 4164 sermonibus.
2592 4109 3045 4182 Relinquentibus
3075 4123 3256 4168 autem
3283 4112 3531 4170 Samari-

1962 4201 2107 4257 tanis
2154 4202 2434 4271 propriam
2489 4202 2702 4268 urbem,
2744 4213 2800 4257 et
2853 4205 3197 4262 venientibus
3243 4207 3312 4260 ad
3343 4204 3529 4262 Jesum

1961 4293 2102 4364 apud
2133 4293 2334 4349 fontem
2368 4289 2572 4359 Jacob,
2615 4294 2741 4350 licet
2784 4292 2936 4361 Jesu,
2982 4298 3289 4352 admittenti
3337 4313 3530 4355 eorum

1959 4385 2052 4454 qui
2113 4385 2460 4441 crediderant
2502 4387 2863 4457 propositum,
2917 4404 3141 4446 manere
3185 4390 3330 4458 apud
3381 4392 3529 4461 ipsos

1962 4485 2238 4547 rogantes.
2281 4477 2639 4548 Arbitrorque
2681 4478 2947 4537 Joannem
2999 4496 3121 4538 cum
3169 4482 3375 4552 judicio
3419 4499 3528 4539 non

284 4551 544 4606 εἰσελθεῖν
575 4554 653 4618 εἰς
683 4555 781 4628 τὴν
811 4556 1142 4630 Σαμάρειαν,
1178 4559 1212 4631 ἢ
1246 4560 1504 4616 εἰσελθεῖν
1532 4563 1639 4635 (21)
1658 4567 1737 4628 εἰς
1759 4565 1858 4638 τὴν

1973 4569 2229 4637 posuisse,
2266 4587 2286 4622 ι
2317 4574 2585 4640 rogabant
2611 4587 2733 4627 eum
2785 4592 2806 4626 ι
2856 4551 3192 4629 Samaritani
3240 4583 3300 4629 ut
3335 4574 3528 4629 Sama-

284 4643 438 4698 πόλιν
464 4685 479 4708 ,
523 4645 660 4701 ἀλλὰ
707 4668 727 4701 ι
761 4653 940 4720 μεῖναι
978 4651 1108 4723 παρ’
1141 4651 1340 4716 αὐτοῖς’
1369 4672 1388 4704 ›
1420 4655 1479 4708 οὑ
1511 4654 1619 4728 γὰρ
1663 4659 1856 4713 ταυτόν

284 4735 404 4790 ἐστι
434 4739 515 4805 τὸ,
551 4743 732 4811 μεῖναι
765 4743 917 4815 παρὰ
947 4742 1026 4815 τῷ
1058 4744 1400 4814 πιστεύοντι,
1443 4748 1537 4801 καὶ
1568 4748 1650 4812 τὸ,
1678 4749 1854 4803 εἰσελ-

282 4826 399 4883 θεῖν
433 4831 511 4894 εἰς
548 4832 647 4904 τὴν
697 4834 852 4889 πόλιν
905 4835 1090 4890 αὐτοῦ.
1125 4838 1237 4891 Καὶ
1263 4837 1324 4892 τὸ
1350 4837 1480 4910 ’ἑξῆς
1510 4839 1566 4893 δέ
1592 4839 1653 4893 οῦ
1683 4860 1816 4913 φησι
1839 4861 1852 4874 ·

354 4964 398 4996 ³¹
428 4961 584 5021 Joan.
621 4981 694 5031 tv,
727 4967 817 5042 40,
845 4969 934 5026 41.
1011 4969 1056 5003 ³³
1079 4971 1270 5028 Matth.
1297 4970 1422 5037 x,5.

355 5086 466 5164 (16)
494 5086 673 5142 Codex
705 5087 1044 5164 Bodleianus,
1067 5095 1162 5146 καὶ
1203 5091 1509 5164 ἐξελθόντες
1539 5094 1710 5164 αὐτῆς
1766 5096 1848 5158 εἰς

280 5159 438 5231 κενόν
484 5159 983 5231 πωςᾼπιστεύουσι,
1020 5165 1205 5231 sicque
1245 5163 1374 5230 legit
1407 5159 1714 5228 Ferrarius,
1754 5166 1851 5220 sed

279 5229 508 5284 οιιιιιίιιο
533 5228 810 5283 retinenda
840 5243 923 5286 est
948 5228 1368 5304 codd.'l{egii_et
1401 5231 1681 5287 Barberini
1716 5236 1852 5290 scri-

321 5311 459 5351 tura.

515 5368 607 5449 Ὠς
635 5368 880 5424 πολλῶν
908 5369 1098 5450 ὅντως·
1416 5387 1431 5403 ο
1461 5371 1579 5450 τὴν
1619 5372 1710 5439 δέ,
1739 5381 1846 5428 etc.

276 5436 406 5512 Tria
439 5436 721 5512 hominum
741 5454 1003 5512 generat:
1035 5436 1324 5512 Valentino
1348 5436 1649 5512 constituta
1677 5436 1842 5512 supra

274 5508 711 5584 observavimus.
741 5509 865 5584 llaec
885 5509 1116 5581 ἐκλογῆς
1146 5509 1306 5579 φύσις
1326 5510 1621 5584 ἀφθάρτος,
1647 5508 1851 5584 μονοει-

271 5577 392 5648 δὴς,
434 5578 530 5630 καὶ
565 5578 742 5648 ἑνικὴ,
773 5581 886 5650 ipsa
912 5590 995 5634 est
1023 5577 1407 5650 πνευματικῶν
1435 5577 1712 5636 hominum
1754 5599 1848 5639 na-

279 5661 420 5720 tura,
451 5662 589 5720 quos
610 5661 664 5703 et
693 5649 982 5720 σπέρματα
1013 5649 1241 5720 ἐκλογῆς
1270 5666 1300 5703 a
1334 5651 1726 5706 Valentiniams
1749 5667 1848 5720 ap-

275 5717 414 5784 pella
421 5717 594 5840 21mg
601 5720 674 5772 bit
690 5717 921 5774 Irenaeus
935 5721 1076 5789 apud
1101 5717 1461 5790 Epiphanium
1481 5721 1672 5776 lueres.
1693 5717 1844 5790 xxx],

275 5801 394 5840 can.
499 5824 514 5838 .
601 5803 812 5840 UETIIJS.
1833 5809 1842 5816 ⁴

273 5801 394 5842 cap.
421 5789 514 5839 2i.
555 5789 812 5842 Hunnus.
1149 5789 1162 5790 ’
1205 5789 1218 5790 ί
1830 5789 1842 5816 ι

342 5801 394 5853 ρ.
421 5801 514 5839 τι.
555 5801 812 5842 ηυετιυε.
1833 5809 1838 5815 ‘

345 5855 466 5925 (l8)
496 5857 606 5911 Καὶ
645 5857 836 5929 ἡμεῖς.
897 5857 1059 5917 Deest
1097 5859 1152 5916 in
1204 5859 1373 5931 Regio
1423 5869 1477 5919 et
1518 5857 1838 5929 Barberino,

1965 4661 2100 4714 riam
2131 4662 2534 4732 ingrederetur,
2563 4664 2672 4731 vel,
2725 4673 2783 4718 ut
2816 4665 3195 4736 ingrederetur
3235 4668 3289 4720 in
3332 4667 3529 4722 civita-

1961 4759 2095 4819 tem,
2123 4754 2236 4819 sed,
2275 4774 2294 4806 ι
2335 4765 2391 4810 ut
2419 4765 2663 4811 maneret
2683 4757 2829 4826 apud
2879 4758 3029 4826 ipsos
3076 4774 3093 4822 ;
3149 4776 3172 4811 ι
3223 4774 3328 4812 non
3381 4759 3526 4813 enim

1967 4845 2109 4900 idem
2144 4856 2230 4902 est
2265 4837 2485 4904 manere
2515 4850 2652 4919 apud
2679 4850 3016 4916 credentem,
3043 4861 3098 4905 et
3124 4850 3331 4922 ingredi
3364 4851 3418 4906 in
3444 4850 3529 4905 ci-

1960 5098 2053 5170 sed
2100 5099 2296 5170 legitur
2322 5098 2376 5152 in
2409 5097 2722 5170 Bodleiano.

2031 5166 2840 5240 (Ηγξυνεισεληλύθεισαν.
2897 5166 3138 5240 Negandi
3195 5171 3519 5238 particulam

1959 5237 2181 5308 apponit
2214 5237 2524 5308 Ferrarius,
2553 5248 2608 5293 et
2645 5239 2857 5308 merito.
2891 5237 3060 5293 Seeus
3089 5237 3246 5295 codd.
3275 5241 3522 5297 Bodleia-

1957 5307 2082 5370 nus,
2109 5308 2328 5378 Regius,
2363 5307 2692 5378 Barberinus
2726 5319 2783 5378 et
2819 5307 3124 5364 Perionius.

2025 5378 2138 5450 (20)
2163 5377 2331 5450 Codd.
2385 5377 2586 5450 [legitis
2621 5387 2685 5450 get
2724 5377 3073 5450 Barberiuus,
3114 5380 3206 5432 καὶ
3231 5378 3518 5450 ,ἐλθόντων

1955 5446 2223 5528 πρὸς-’τὴν
2257 5446 2646 5528 Ἰησοῦν⁷παρά
2686 5449 2805 5527 τήν,
2837 5453 3078 5528 etc.;§ed
3117 5451 3170 5502 in
3224 5446 3518 5528 Bodleiano

1955 5517 2062 5574 nun
2088 5517 2286 5590 legitur
2313 5517 2448 5590 πρὸς
2468 5518 2560 5573 τὸν
2580 5517 2830 5590 ”1ησοῦν,
2857 5519 2995 5587 quod
3019 5520 3210 5574 abesse
3241 5527 3420 5587 potest
3444 5521 3519 5573 si-

1954 5589 2789 5670 nelullosensus-detrimento._
2859 5659 2870 5670 _
2940 5656 3053 5670 UH
3146 5655 3186 5670 n
3263 5655 3275 5667 .
3469 5651 3528 5670 ο,

2026 5657 2138 5736 (ξι)
2160 5658 2341 5736 Codex
2355 5658 2719 5736 Podleianus,
2743 5658 2794 5736 ﬁ
2825 5656 3123 5736 slaskﬁlsiv;
3146 5655 3346 5736 Regius
3375 5657 3510 5736 omi:

1953 5727 2025 5781 sit
2052 5726 2126 5798 ἦ,
2151 5726 2309 5798 male.
2354 5726 2520 5781 Paulo
2554 5736 2675 5797 post
2705 5726 2846 5784 idem
2875 5729 3046 5785 codex
3084 5726 3430 5794 Bodleia‘nus,
3456 5726 3518 5779 τὸ

1951 5797 2153 5867 μεῖναι,
2189 5797 2416 5870 Regius,
2437 5799 2532 5857 τοῦ
2561 5801 2764 5871 μεῖναι.
