4170 6418
668 397 775 455 695

2149 406 2469 469 ORIGENIS

3807 419 3913 476 696

667 516 892 572 vitatem
946 515 1132 587 ipsius.
1180 514 1322 584 Quin
1368 516 1534 574 lectio
1592 531 1828 589 sequens
1889 534 1994 575 non
2061 523 2229 591 inquii

2340 528 2451 582 Καὶ
2482 527 2694 599 ἔμεινεν
2742 528 2801 582 ἐν
2840 531 2907 602 τῇ
2944 530 3096 584 πόλει
3130 532 3311 607 ἐκείνῃ
3350 552 3367 585 ι
3405 534 3498 589 δύο
3529 537 3762 607 ἡμέρας,
3796 559 3817 592 ι
3850 541 3908 611 ἢ,

668 606 936 663 mansisse
984 622 1109 661 eum
1161 607 1216 664 in
1263 609 1483 665 civitate
1531 609 1623 666 illa
1677 628 1696 664 ι
1741 613 1876 668 duos
1912 614 2047 680 dies,
2080 634 2105 668 ο
2148 616 2237 672 vel

665 700 808 767 quod
837 700 1095 754 manserit
1125 700 1178 755 in
1212 701 1486 767 Samaria,
1511 704 1609 760 sed
1635 722 1655 756 ι
1690 706 1891 761 mansit
1919 704 2059 772 illic,
2085 726 2104 759 ι
2134 708 2236 765 hoc

666 802 769 855 est,
825 808 991 862 penes
1039 808 1135 849 eos
1193 795 1286 863 qui
1336 807 1615 867 rogaram.
1662 796 1846 854 Manet
1891 800 2038 855 enim
2078 798 2237 858 Jesus

664 884 809 951 apud
844 898 940 939 eos
990 886 1082 953 qui
1132 894 1346 957 rogant,
1392 898 1448 941 et
1492 888 1763 956 praecipue
1814 903 1936 944 cum
1980 900 2235 958 rogantes

662 988 787 1030 eum
817 975 1169 1046 egrediuntur
1200 992 1268 1032 ex
1298 977 1432 1031 urbe
1455 992 1579 1041 sua,
1610 986 1667 1032 et
1699 979 1925 1033 veniunt
1952 980 2021 1033 ad
2054 980 2233 1050 ipsum

663 1067 869 1135 Iesum,
910 1068 1194 1123 Abraham
1238 1068 1404 1124 veluti
1453 1069 1648 1125 imitati
1692 1081 1973 1140 parentem
2004 1071 2116 1126 Deo
2154 1073 2237 1128 di-

663 1158 847 1213 centi:
902 1178 923 1211 ς
953 1158 1219 1229 Egredere
1244 1162 1313 1215 de
1330 1169 1482 1214 terra
1520 1170 1635 1225 tua,
1691 1171 1743 1216 et
1789 1160 1860 1217 de
1907 1165 2233 1231 cognatione

667 1258 779 1313 tua,
814 1260 869 1304 et
893 1251 959 1306 de
994 1252 1351 1321 domo'patris
1379 1253 1454 1307 tui
1486 1252 1551 1306 ³⁸.
1590 1272 1612 1305 ›
1647 1253 1845 1310 Mansit
1871 1265 2052 1311 autem
2098 1257 2235 1313 duos

662 1343 971 1411 diespcnes
1000 1360 1096 1401 eos
1140 1360 1173 1398 ο
1228 1345 1425 1416 quibus
1454 1358 1676 1418 rogatus
1724 1348 1905 1404 fuerat
1944 1367 1958 1403 :
1994 1350 2232 1405 nondum

663 1436 809 1491 enim
837 1436 1124 1507 capiebant
1155 1440 1370 1495 tertium
1406 1441 1551 1494 illius
1581 1441 1745 1507 diem,
1776 1442 2036 1511 quoniam
2065 1443 2235 1498 mira-

661 1528 910 1583 culosum
936 1530 1138 1600 aliquid
1163 1545 1359 1600 capere
1391 1548 1498 1587 non
1530 1542 1800 1601 poterant,
1824 1534 2050 1604 perinde
2071 1543 2235 1604 atque

662 1626 915 1680 concives
947 1625 1108 1680 Cana:
1142 1626 1381 1682 Galilme
1426 1629 1584 1683 tertia
1651 1630 1740 1685 die
1788 1643 1911 1685 cum
1960 1626 2089 1684 Jesu
2120 1642 2234 1685 cm-

661 1725 857 1771 nantes
904 1716 957 1771 in
1008 1719 1231 1787 nuptiis.
1276 1718 1442 1790 265
1488 1720 1823 1792 Principium
1874 1722 2043 1789 igitur
2087 1722 2232 1790 quod

660 1807 815 1862 multi
843 1810 1191 1865 crediderunt
1217 1825 1285 1865 ex
1319 1811 1592 1877 Samaria,
1622 1828 1804 1869 sermo
1843 1811 1953 1868 fuit
1984 1813 2233 1869 mulieris

2342 618 2593 689 Ἐμεινεν
2623 620 2682 673 ἐν
2706 623 2773 693 τῇ
2807 622 3109 694 Σαμαρείᾳ,
3136 624 3249 678 ἀλλ’
3287 644 3306 677 ι
3336 625 3550 696 ἔμεινεν
3577 629 3713 695 ἐκεῐ,
3743 648 3762 681 s
3784 646 3910 684 του-

2335 709 2485 763 τέστι
2542 711 2697 782 παρὰ
2736 715 2852 777 τοῖς
2896 715 3230 786 ἐρωτήσασι.
3280 717 3448 770 Μένει
3493 718 3603 790 γὰρ
3634 721 3665 772 6
3704 722 3912 792 Ἰησοῦς

2335 799 2489 871 παρὰ
2526 805 2639 865 τοῖς
2673 804 2997 876 ἐρωτήσασι,
3026 806 3118 860 καὶ
3150 807 3383 878 μάλιστα
3412 810 3499 863 ὅτε
3528 812 3576 863 οί
3602 812 3913 883 ἐρωτῶντες

2332 892 2497 946 αὑτὸν
2537 893 2846 965 ἐξέρχονται
2894 897 2997 968 τῆς
3050 898 3255 963 πόλεως
3303 900 3502 968 αὑτῶν,
3537 903 3633 956 καὶ
3664 903 3914 979 ἔρχονται

2336 981 2473 1053 πρὸς
2506 982 2668 1036 αὐτὸν
2699 985 2906 1055 Ἰησοῦν
2942 986 3072 1058 (22)
3101 1028 3118 1053 ,
3170 990 3336 1043 οἱονεὶ
3393 993 3763 1064 μιμησάμενοι
3818 996 3910 1051 τὸν

2348 1070 2617 1143 Ἀδραὰμ,
2649 1074 2937 1129 πεισθέντα
2969 1076 3048 1148 τῷ
3098 1080 3305 1134 εἰπόντι
3334 1081 3481 1153 Θεῷ·
3521 1102 3541 1134 ‹
3578 1082 3802 1149 Ἔξελθε
3845 1088 3913 1141 ἐκ

2333 1162 2436 1232 τῆς
2467 1163 2573 1235 γῆς
2608 1181 2722 1229 σου,
2753 1166 2847 1219 καὶ
2875 1167 2941 1220 ἐκ
2975 1168 3074 1239 τῆς
3100 1172 3420 1239 συγγενείας
3448 1190 3564 1237 σου,
3598 1176 3695 1229 καὶ
3721 1177 3787 1229 ἐκ
3816 1178 3911 1231 τοῦ

2334 1253 2486 1307 οίκου
2511 1252 2605 1308 τοῦ
2637 1256 2844 1328 πατρός
2878 1274 2994 1312 σου.
3029 1277 3048 1310 ι
3081 1258 3186 1312 Δύο
3214 1260 3271 1314 δὲ
3303 1262 3516 1334 ἡμέρας
3562 1265 3713 1334 μένει
3761 1269 3912 1339 παρὰ

2332 1348 2444 1409 τοῖς
2493 1347 2830 1419 ἐρωτήσασιν
2861 1350 3045 1403 αὐτόν’
3096 1350 3310 1406 οὐδέπω
3355 1353 3466 1426 γὰρ
3518 1354 3760 1427 ἐχώρουν
3815 1360 3913 1414 καὶ

2332 1436 2431 1508 τὴν
2461 1437 2653 1510 τρίτην
2672 1439 2836 1494 αὐτοῦ
2861 1441 3093 1513 ἡμέραν,
3123 1443 3246 1497 ἐπεὶ
3269 1445 3367 1515 οὐχ
3393 1439 3497 1499 οἷοί
3525 1464 3585 1499 τε
3626 1442 3768 1519 ἦσαν
3798 1467 3909 1521 χω·-

2334 1530 2500 1602 ρῆσαί
2529 1548 2583 1585 τι
2607 1533 2909 1604 τεράστιον,
2935 1538 3116 1590 ὁποῖον
3144 1539 3195 1591 oi
3224 1538 3283 1592 ἐν
3320 1540 3475 1609 Κανᾷ
3500 1541 3599 1613 τῆς
3620 1542 3910 1609 Γαλιλαίας

2332 1625 2400 1694 τῇ
2441 1624 2624 1697 ἡμέρᾳ
2653 1629 2720 1697 τῇ
2757 1626 2918 1700 τρίτῃ
2955 1630 3391 1695 συνδειπνοῦντες
3421 1633 3500 1704 τῷ
3532 1634 3705 1705 Ἰησοῦ
3743 1636 3802 1689 ἐν
3830 1636 3910 1707 τῷ

2333 1715 2517 1787 γάμῳ.
2562 1717 2627 1771 Ἡ
2662 1717 2762 1789 μὲν
2801 1714 2894 1773 οὖν
2937 1721 3079 1793 ἀρχὴ
3131 1721 3240 1775 τῶν
3282 1710 3400 1777 ’ἀπὸ
3449 1725 3551 1796 τῆς
3595 1727 3913 1800 Σαμαρείας

2334 1809 2697 1864 πιστευόντων
2744 1811 2953 1867 πολλῶν
2985 1809 3056 1885 ἧν
3088 1816 3117 1868 6
3148 1814 3303 1884 λόγος
3331 1817 3430 1887 τῆς
3469 1819 3731 1887 γυναικὸς
3767 1828 3906 1891 μαρι

661 1901 1010 1959 tcstiilcautis
1042 1904 1247 1960 dixisse
1288 1906 1395 1961 sibi
1444 1905 1630 1962 Iesum
1663 1908 1847 1962 omnia
1892 1921 2229 1987 quaecunque

2332 1900 2600 1972 τυρούσης
2625 1902 2733 1956 ὅτι(
2752 1898 2887 1958 Eia-:6
2930 1922 3021 1976 μοι
3051 1905 3227 1960 πάντα
3255 1905 3293 1959 6.
3320 1907 3719 1982 ἐποίησα-»ἠδὲ
3751 1910 3912 1980 αὔξη-

657 1992 915 2061 feeisset;
947 1995 1348 2052 incrementum
1378 2013 1509 2054 vero
1537 2008 1592 2054 et
1626 1998 2010 2067 multiplicatio
2038 2014 2229 2055 eorum

657 2086 751 2157 qui
782 2086 951 2144 multo
986 2089 1170 2159 plures
1204 2090 1577 2154 crediderunt,
1609 2105 1716 2146 non
1751 2090 1984 2162 amplius
2006 2100 2236 2162 propter

657 2193 967 2236 sermonem
1009 2182 1293 2247 mulieris,
1340 2184 1438 2238 sed
1476 2192 1696 2253 propter
1739 2198 2045 2239 sermonem
2076 2181 2229 2252 eius;

658 2271 801 2340 quod
850 2287 961 2327 nou
1008 2287 1164 2341 teque
1223 2274 1339 2342 ipse
1399 2272 1635 2338 Sermo,
1690 2272 1830 2346 [seu
1870 2272 2043 2329 Filius
2091 2270 2232 2349 Dei]

659 2371 1011 2431 agnoscatur,
1039 2377 1161 2417 cum
1199 2363 1395 2433 aliquis
1422 2364 1489 2418 de
1528 2364 1648 2434 ipso
1679 2364 2029 2429 testiﬁcatur,
2068 2374 2230 2436 atque

657 2466 780 2504 cum
818 2452 931 2520 ipse
956 2467 987 2507 a
1014 2468 1074 2509 se
1107 2454 1226 2523 ipso
1254 2455 1492 2510 illustrat
1536 2467 1592 2509 et
1635 2456 1817 2510 erudit
1847 2456 2232 2525 percipientem

658 2543 1010 2612 discipulum.
1048 2544 1117 2599 At
1144 2544 1446 2601 Heracleon
1478 2547 1531 2602 iu
1557 2548 1675 2603 hac
1704 2547 1821 2603 loca
1864 2548 1983 2604 haec
2014 2549 2187 2619 inquit
2213 2567 2226 2603 :

664 2655 686 2689 σ
708 2638 864 2700 Apud
880 2639 1021 2707 ipsos
1045 2639 1267 2702 mansit,
1290 2647 1348 2693 et
1370 2654 1474 2693 non
1504 2640 1557 2694 in
1580 2640 1744 2710 ipsis;
1766 2649 1822 2694 et
1847 2640 1978 2693 duos
1993 2640 2128 2702 dies,
2152 2641 2234 2694 vi-

659 2727 855 2782 delicet
904 2727 987 2782 vel
1029 2743 1268 2797 praesens
1292 2731 1595 2795 saeculum,
1634 2740 1690 2787 et
1722 2733 1963 2786 futurum
2018 2743 2230 2802 tempus

658 2819 996 2887 nuptiarum,
1042 2821 1125 2873 vel
1179 2831 1397 2890 tempus
1440 2833 1569 2878 ante
1612 2825 1922 2894 passionem
1957 2840 2134 2891 suam,
2175 2837 2233 2883 et

655 2918 781 2977 post
810 2911 1118 2979 passionem
1143 2928 1297 2967 suam
1324 2932 1338 2969 :
1364 2914 1507 2984 quod
1536 2922 1747 2983 tempus
1773 2918 1917 2986 apud
1938 2917 2084 2987 ipsos
2104 2934 2229 2973 cum

648 3001 925 3070 degisset,
956 3013 1010 3056 et
1039 3003 1211 3057 multo
1239 3003 1423 3072 plures
1459 3005 1679 3074 proprio
1709 3021 1961 3063 sermone
1997 3023 2232 3065 conver-

658 3094 813 3148 tisset
853 3094 920 3147 ad
956 3094 1139 3157 (idem,
1170 3107 1460 3165 separatus
1491 3108 1577 3153 est
1621 3099 1851 3169 abillis.
1891 3120 1912 3154 ο
1945 3102 2027 3157 Ad
2065 3117 2226 3172 quam

657 3186 830 3255 ipsius
874 3199 1223 3257 apparentem
1279 3192 1745 3255 observationem,
1800 3192 2011 3248 scilicet
2061 3194 2229 3265 quod,

652 3277 800 3345 apud
861 3278 1035 3346 ipsos,
1100 3289 1157 3334 et
1220 3294 1350 3345 non,
1414 3281 1468 3335 in
1533 3281 1684 3351 ipsis,
1733 3283 1996 3352 scriptum
2043 3282 2227 3349 fuerit,

656 3371 946 3425 dicendum
971 3382 1053 3427 est
1092 3374 1234 3442 quod
1266 3373 1395 3426 illud
1433 3375 1640 3429 dictum
1687 3393 1701 3430 :
1759 3392 1778 3426 ι
1818 3376 1961 3430 Ecce
1994 3390 2094 3447 ego
2127 3392 2223 3433 vo-

652 3462 863 3518 biscum
900 3478 1017 3518 sum
1056 3467 1310 3521 omnibus
1337 3467 1529 3521 diebus
1568 3466 1705 3531 ³⁵·³⁸,
1727 3483 1747 3519 ι
1768 3464 1946 3522 simile
1964 3463 2039 3519 slt
2072 3467 2223 3534 huic,

660 3573 681 3607 ι
725 3555 869 3626 apud
904 3556 1051 3624 ipsos
1083 3558 1326 3623 mansit;
1363 3576 1383 3611 θ
1422 3572 1529 3612 non
1571 3558 1714 3612 enim
1748 3559 1885 3613 dixit
1928 3578 1941 3613 :
1985 3557 2043 3613 In
2076 3559 2231 3616 vobis

648 3661 796 3701 sum.
838 3647 1101 3701 Prauerea
1137 3649 1325 3703 dicens
1360 3648 1496 3705 duos
1539 3651 1656 3705 dies
1683 3664 1806 3705 esse
1834 3651 1920 3706 vel
1952 3651 2057 3706 hoc
2090 3667 2230 3721 prae-

650 3749 782 3789 sens
809 3736 1064 3789 smculum
1097 3746 1146 3790 et
1183 3736 1449 3801 futurum,
1481 3741 1565 3792 vel
1596 3748 1811 3809 tempus
1837 3748 1967 3795 ante
2006 3740 2221 3808 passio-

645 3842 780 3881 nem
809 3837 865 3881 et
898 3839 1018 3896 post
1055 3829 1390 3898 passionem,
1436 3842 1619 3897 neque
1656 3829 2092 3899 supervenientia
2120 3845 2226 3884 ste-

644 3917 774 3973 eula
814 3928 935 3986 post
970 3919 1212 3973 futurum
1246 3919 1506 3974 szecttlum
1555 3920 1957 3986 consideravit,
2002 3920 2070 3976 de
2111 3920 2229 3989 qui—

650 4010 756 4063 bus
804 4011 978 4081 inquit
1028 4012 1363 4080 Apostolus:
1407 4031 1424 4062 ε
1464 4012 1531 4068 Ut
1578 4013 1893 4069 ostenderet
1935 4014 1993 4068 in
2042 4028 2229 4082 super-

651 4103 902 4156 venturis
929 4103 1144 4157 saeculis
1176 4103 1220 4134 "
1249 4120 1264 4167 ;
1305 4122 1323 4155 ι
1361 4120 1534 4172 neque
1565 4105 1843 4174 nerspexit
1879 4106 2025 4174 quod
2064 4103 2224 4159 Jesus

653 4210 763 4247 non
794 4194 968 4250 solum
998 4206 1125 4251 ante
1155 4199 1488 4265 passionem,
1517 4212 1703 4252 verum
1729 4198 1895 4252 etiam
1932 4207 2054 4266 post
2101 4210 2225 4265 pas-

649 4287 862 4341 sionem
891 4300 1245 4344 conversatur
1270 4305 1392 4344 cum
1432 4290 1517 4342 his
1544 4289 1634 4357 qui
1664 4290 1731 4341 ad
1767 4290 1940 4357 ipsum
1977 4289 2221 4352 veniunt,

651 4385 708 4429 et
736 4387 917 4447 postea
948 4394 1231 4448 separatur
1270 4398 1285 4434 :
1327 4394 1543 4449 semper
1582 4382 1729 4434 enim
1779 4395 1902 4434 cum
1944 4378 2225 4445 discipulis

2338 2008 2424 2056 σις
2455 1993 2550 2047 καὶ
2574 1995 2604 2047 6
2631 1993 2949 2066 πληθυσμὸς
2979 1996 3089 2050 τῶν
3121 1996 3303 2068 πολλῷ
3331 1997 3594 2053 πλειόνων
3625 2001 3911 2054 πιστευόν-

2330 2100 2463 2151 των,
2487 2085 2670 2139 οὑκέτι
2701 2086 2788 2140 διὰ
2815 2086 2907 2141 τὸν
2934 2088 3089 2156 λόγον
3119 2090 3218 2160 τῆς
3246 2090 3521 2158 γυναικὸς,
3543 2091 3679 2145 ἀλλὰ
3705 2091 3795 2147 διὰ
3819 2092 3910 2146 τὸν

2331 2177 2489 2248 λόγον
2516 2177 2701 2233 αὐτοῦ.
2739 2180 2813 2233 Οὐ
2842 2180 2947 2252 γὰρ
2972 2183 3173 2252 ὁμοίως
3216 2183 3380 2247 αὐτὸς
3417 2184 3509 2255 ἀφ’
3538 2184 3733 2238 ἐαυτοῦ
3765 2185 3897 2239 Osuio

2332 2270 2507 2340 ρεῖται
2537 2271 2567 2323 6
2597 2271 2800 2340 Λόγος,
2831 2274 3080 2343 φωτίζων
3125 2275 3218 2328 τὸν
3263 2275 3543 2347 χωροῦντα
3567 2315 3581 2341 ,
3626 2275 3659 2348 ἢ
3706 2277 3795 2330 ὅτε
3837 2277 3905 2332 δι’

2330 2360 2521 2432 ἐτέρου
2552 2360 2845 2434 λεγόμενος
2877 2368 3253 2437 μαρτυρεῖται.
3296 2366 3355 2419 Ὀ
3390 2366 3448 2420 δέ
3480 2366 3790 2439 Ἡρακλέων
3826 2370 3908 2432 εἰς

2329 2452 2460 2516 τοὺς
2487 2452 2685 2518 τόπους
2714 2454 2887 2509 ταῦτά
2917 2473 3070 2526 φησι·
3114 2477 3133 2508 ί
3156 2458 3294 2529 Παρ’
3316 2457 3502 2522 αὐτοῖς
3527 2477 3547 2509 ι
3586 2458 3789 2529 ἔμεινε,
3806 2465 3909 2513 καὶ

2329 2544 2432 2599 οὐκ
2465 2546 2524 2599 ἐν
2544 2546 2732 2611 αὐτοῖς
2756 2564 2768 2578 ·
2799 2549 2893 2602 καὶ
2925 2569 2945 2602 s
2967 2549 3059 2602 δύο
3083 2551 3347 2622 ἡμέρας,ι
3378 2551 3497 2620 ἦτοι
3518 2550 3607 2604 τὸν
3637 2552 3907 2605 ἐνεστῶτα

2331 2633 2524 2693 αἰῶνα.
2559 2635 2651 2688 καὶ
2682 2636 2774 2691 τὸν
2819 2638 3078 2708 μέλλοντα
3106 2640 3197 2692 τὸν
3236 2642 3295 2693 ἐν
3354 2640 3540 2710 γάμῳ,
3571 2640 3604 2712 ἢ
3656 2640 3749 2694 τὸν
3800 2641 3908 2715 πρὸ

2331 2728 2426 2778 τοῦ
2460 2724 2669 2801 πάθους
2695 2727 2860 2781 αὑτοῦ
2900 2729 3111 2801 χρόνον,
3141 2730 3349 2784 καὶτὸν
3382 2731 3521 2802 μετά
3545 2731 3607 2784 τὸ
3639 2731 3829 2796 πάθος,
3848 2736 3908 2789 ὂν

2333 2818 2463 2888 παρ’
2495 2818 2680 2882 αὐτοῖς
2708 2820 2940 2891 ποιήσας
2964 2862 2978 2885 ,
3019 2820 3197 2893 πολλῷ
3229 2821 3479 2886 πλείονας
3517 2822 3606 2878 διὰ
3634 2822 3730 2876 τοῦ
3773 2823 3906 2877 ἰδίου

2328 2907 2492 2979 λόγου
2526 2909 2861 2981 ἐπιστρέψας
2889 2911 2967 2975 εις
3002 2913 3185 2966 πίστιν
3216 2913 3487 2985 ἐχωρίσθη
3524 2914 3619 2968 ἀπ’
3647 2914 3847 2969 αὐτῶν.
3879 2935 3901 2965 ι

2330 3001 2568 3055 Λεκτέον
2586 3000 2644 3055 δὲ
2669 3002 2808 3074 πρὸς
2852 3001 2951 3072 τὴν
2995 3003 3257 3057 δοκοῦσαν
3283 3003 3450 3057 αὐτοῦ
3483 3006 3864 3077 παρατήρησιν
3887 3045 3904 3067 ,

2330 3093 2435 3158 ὅτι,
2464 3112 2483 3144 ‹
2514 3094 2646 3166 παρ’
2670 3095 2885 3158 αὐτοῖς,
2924 3113 2943 3146 t
2983 3097 3075 3149 καὶ
3102 3097 3220 3161 οὐκ,
3245 3097 3303 3149 ἐν
3330 3098 3536 3160 αὐτοῖς.
3571 3097 3902 3168 γέγραπται,

2332 3182 2416 3236 ὅτι
2452 3183 2636 3253 ὅμοιον
2661 3184 2760 3255 τῷ,
2790 3204 2811 3236 ι
2847 3188 2973 3257 παρ’
3004 3186 3208 3251 αὐτοῖς,
3240 3206 3258 3238 ι
3288 3187 3405 3240 ἐστὶ
3440 3187 3500 3240 τό
3520 3202 3531 3215 ·
3570 3206 3590 3240 ι
3638 3188 3769 3241 Ἰδοὺ
3794 3186 3906 3256 ἐγὼ

2336 3272 2456 3345 μεθ’
2491 3273 2644 3345 ὑμῶν
2682 3276 2795 3347 εἰμι
2827 3276 3006 3340 πάσας
3031 3276 3127 3340 τὰς
3154 3277 3399 3348 ἡμέρας·
3440 3297 3458 3329 ι
3490 3279 3551 3331 οὐ
3589 3278 3698 3349 γάρ
3729 3275 3902 3332 εἶπεν·

2346 3362 2434 3417 Ἐν
2463 3364 2591 3435 ὑμῖν
2618 3364 2752 3436 εἰμί.
2798 3365 2918 3419 Ἔτι
2960 3366 3017 3419 δὲ
3074 3365 3246 3435 λέγων
3274 3367 3372 3431 τὰς
3401 3367 3494 3420 δύο
3522 3368 3753 3439 ἡμέρας.
3788 3369 3907 3439 ἦτοι

2332 3455 2518 3511 τοῦτον
2549 3456 2642 3510 τὸν
2666 3457 2837 3513 αἰῶνα
2864 3454 3023 3523 εἶναι,
3049 3459 3143 3513 καὶ
3174 3460 3264 3513 τὸν
3289 3459 3627 3532 μέλλοντα,ἢ
3674 3457 3766 3511 τὸν
3797 3458 3907 3530 πρὸ

2332 3546 2426 3599 τοῦ
2454 3546 2678 3611 πάθους,
2712 3548 2806 3601 καὶ
2832 3546 2970 3618 μετὰ
3010 3548 3070 3601 τὸ
3114 3547 3304 3611 πάθος,
3334 3547 3456 3601 οὔτε
3494 3548 3621 3611 τοὺς
3672 3549 3905 3618 ἐπερχο-

2338 3636 2530 3707 μένους
2560 3637 2762 3701 αἰῶνας
2789 3638 2927 3709 μετὰ
2955 3637 3044 3692 τὸν
3071 3639 3335 3709 μέλλοντα
3377 3639 3621 3709 νενόηκε,
3665 3639 3791 3709 περὶ
3828 3634 3907 3690 ῶν

2330 3745 2495 3799 φησιν
2527 3730 2555 3782 6
2581 3730 2928 3794 Ἀπόστολοςυ
2967 3749 2985 3782 t
3017 3731 3131 3783 Ἵνα
3178 3730 3475 3802 ἐνδείξηται
3509 3731 3566 3784 ἐν
3599 3731 3708 3792 τοῖς
3745 3727 3907 3781 αἰῶσι

2332 3825 2445 3886 τοῖς
2485 3822 2870 3894 ἐπερχομένοις
2887 3840 2899 3852 ·
2927 3842 2946 3874 ι
2974 3821 3098 3876 οὔτε
3127 3822 3370 3894 ἑώρακεν
3395 3823 3528 3892 (25),
3558 3822 3640 3875 ὃτι
3659 3820 3719 3873 οὐ
3746 3819 3906 3891 μόνον

2334 3915 2441 3987 πρὸ
2464 3914 2557 3968 τοῦ
2593 3914 2817 3980 πάθους,
2849 3914 2984 3968 ἀλλὰ
3025 3915 3120 3968 καὶ
3154 3913 3289 3984 μετὰ
3323 3913 3434 3983 (24)
3487 3913 3548 3966 τὸ
3578 3910 3748 3973 πάθος
3780 3909 3906 3962 σύν⁶

2333 4022 2449 4058 εστι
2496 4007 2607 4069 τοῖς
2640 4005 2951 4074 ἐρχομένοις
2977 4004 3111 4074 πρὸς
3137 4004 3297 4057 αὑτὸν
3330 4004 3358 4056 6
3391 4001 3616 4074 Ἰησοῦς,
3644 4001 3736 4053 καὶ
3767 3999 3906 4069 μετὰ

2331 4096 2490 4149 τοῦτο
2520 4095 2838 4169 χωρίζεταισ
2868 4096 2954 4149 ἀεὶ
2991 4096 3097 4169 γὰρ
3147 4094 3285 4166 μετὰ
3311 4094 3418 4148 τῶν
3460 4092 3715 4165 μαθητῶν
3743 4095 3858 4143 ἐστι
3885 4129 3902 4152 ,

2332 4186 2555 4258 μηδέπω
2582 4188 2711 4241 ποτὲ
2738 4186 3078 4241 καταλείπων
3113 4187 3223 4257 (25)
3255 4186 3481 4249 αὐτούς·
3517 4185 3656 4238 ὥστε
3694 4183 3788 4235 καὶ
3815 4182 3906 4234 λέ-

2326 4298 2445 4349 γειν
2480 4280 2677 4345 αὐτούς
2698 4298 2712 4311 ο
2752 4298 2770 4331 t
2812 4278 2898 4334 Ζῶ
2922 4279 2998 4344 δὲ,
3038 4279 3140 4332 οὐκ
3186 4279 3264 4333 ἐτι
3298 4278 3409 4348 ἐγὼ
3433 4317 3449 4344 ,
3499 4279 3565 4350 ζῇ
3597 4276 3654 4330 δὲ
3685 4278 3742 4329 ἐν
3776 4274 3907 4345 ἐμοὶ

2328 4376 2582 4446 Χριστός.
2622 4394 2641 4427 s

651 4484 758 4537 est,
789 4489 1062 4541 nunquam
1098 4475 1166 4529 ab
1194 4475 1275 4530 eis
1297 4473 1585 4529 discedens
1613 4489 1629 4539 ;
1665 4472 1800 4527 adeo
1842 4480 1901 4526 ut
1931 4471 2095 4526 etiam
2127 4469 2307 4525 dicant
2342 4489 2354 4523 :
2391 4490 2410 4521 ι
2444 4470 2575 4522 Vivo
2602 4479 2803 4532 autem,
2836 4482 2940 4521 non
2977 4464 3210 4536 amplius
3236 4478 3357 4533 ego,
3390 4462 3524 4517 vivit
3562 4475 3692 4515 vero
3728 4457 3780 4514 iu
3812 4472 3903 4513 me

651 4565 899 4620 Christus
923 4564 989 4619 ³⁸.
1019 4584 1038 4616 ι
1072 4615 1078 4622 .

723 4660 811 4715 52.
857 4678 876 4710 ι
911 4656 1120 4711 Mulieri
1149 4667 1328 4711 autem
1364 4655 1654 4711 dicebant:
1696 4653 1810 4709 Non
1836 4654 2066 4724 amplius
2095 4667 2220 4723 pro-

2390 4650 2479 4705 52.
2524 4669 2541 4700 ι
2573 4650 2651 4721 Τῇ
2694 4649 2751 4702 δέ
2789 4650 3007 4717 γυναικὶ
3043 4647 3260 4717 ἔλεγονο
3318 4645 3514 4699 Οὐκέτι
3545 4642 3635 4699 διὰ
3677 4643 3774 4713 τὴν
3800 4644 3899 4698 λα-

647 4763 769 4820 pter
794 4751 1060 4818 loquelam
1087 4760 1231 4803 tuam
1250 4748 1565 4804 credimus:
1588 4748 1686 4816 ipsi
1718 4748 1864 4803 enim
1894 4746 2223 4810 audivimus,

649 4852 705 4896 et
737 4843 942 4898 scimus
974 4842 1118 4911 quod
1153 4841 1240 4895 hic
1273 4847 1359 4893 est
1394 4855 1521 4911 vere
1555 4840 1819 4896 Servator
1864 4836 2052 4892 mutuli
2092 4837 2158 4891 ”.
2197 4854 2218 4888 ι

650 4933 861 5000 Negant
907 4910 1067 4987 iidem
1102 4949 1223 4988 eam
1255 4910 1729 5002 quam'habebant
1775 4938 1999 5000 propter
2035 4930 2221 4997 loque-

651 5028 757 5081 lam
790 5026 1057 5091 mulieris,
1086 5041 1153 5081 eo
1189 5027 1331 5095 quod
1377 5026 1479 5080 hac
1510 5023 1945 5094 praestantiorem
1976 5020 2221 5075 invenis—

2332 4742 2451 4796 λιάν
2476 4758 2568 4795 σου
2605 4740 2949 4812 πιστεύομεν·
2981 4740 3136 4794 αὐτοὶ
3161 4738 3270 4810 γὰρ
3298 4737 3631 4808 ἀκηκόαμεν,
3680 4736 3775 4790 καὶ
3824 4737 3903 4789 οτ-

2328 4835 2497 4905 δαμεν
2523 4835 2603 4887 ὅτι
2631 4831 2844 4903 άληθῶς
2875 4825 3030 4895 οὗτός
3063 4834 3206 4885 ἐστιν
3236 4831 3263 4883 ὁ
3285 4828 3474 4903 Σωτὴρ
3510 4826 3604 4880 τοῦ
3638 4827 3843 4897 κόσμου
3877 4846 3897 4877 ι

2342 4924 2653 4996 ’Ᾱρνοῦνται
2687 4924 2786 4994 τὴν
2811 4923 2900 4977 διὰ
2926 4921 3025 4993 τὴν
3055 4920 3245 4975 λαλιὰν
3282 4921 3380 4991 τῆς
3410 4918 3665 4989 γυναικὸς
3694 4916 3900 4981 πίστιν,

2327 5019 2574 5089 κρεῖττον
2611 5016 2723 5087 (26)
2759 5017 2972 5087 ἐκείνης
3004 5014 3255 5086 εὑρόντες
3301 5013 3362 5065 τὺ
3402 5009 3696 5080 ἀκηκοέναι
3731 5007 3900 5062 αὑτοῦ

648 5125 792 5184 seut,
844 5117 1031 5173 audito
1080 5092 1372 5175 Servatore
1420 5092 1559 5186 ipso,
1608 5116 1745 5169 adeo
1791 5123 1850 5169 ut
1896 5113 2221 5183 agnoverint

2332 5108 2419 5162 τοῦ
2445 5109 2713 5180 Σωτῆρος,
2741 5107 2880 5161 ὥστε
2919 5107 3012 5161 καὶ
3054 5105 3248 5160 εἰδέναι
3279 5144 3294 5169 ,
3343 5104 3428 5157 ὅτι
3470 5100 3683 5171 άληθῶς
3741 5092 3899 5160 οὗτός

649 5208 793 5265 hunc
824 5225 947 5267 esse
974 5225 1100 5265 vere
1128 5208 1476 5264 Servatorem
1515 5206 1720 5262 mundi.
1749 5207 1825 5260 Ac
1853 5216 2000 5261 certe
2027 5205 2219 5259 melius

648 5309 734 5354 est
773 5299 1010 5369 propriis
1060 5298 1234 5354 oculis
1277 5311 1503 5352 cernere
1545 5297 1892 5363 Sermonem,
1938 5295 2222 5364 ipsumque

2326 5205 2473 5256 ἐστιν
2499 5202 2528 5253 6
2549 5199 2737 5271 Σωτὴρ
2768 5198 2864 5253 τοῦ
2892 5198 3119 5270 κόσμου.
3158 5197 3267 5249 Καὶ
3311 5193 3513 5265 βέλτιόν
3538 5192 3601 5261 γέ
3633 5191 3778 5242 ἐστιν
3801 5189 3900 5241 αὺ-

2328 5294 2532 5364 τόπτην
2569 5291 2821 5361 γενέσθαι
2849 5290 2941 5344 τοῦ
2985 5290 3160 5359 Λόγου
3179 5329 3193 5354 ,
3223 5287 3317 5342 καὶ
3343 5287 3510 5358 χωρὶς
3546 5283 3791 5356 ὀργάνων
3820 5281 3904 5334 δι-

720 5435 767 5469 ⁸⁶
790 5436 931 5492 Gen.
963 5452 1063 5498 In.
1100 5437 1151 5491 l.
1231 5434 1349 5467 ³⁸·³⁶
1379 5433 1567 5487 Matth.
1602 5449 1792 5497 xxvnt,
1822 5431 1914 5486 20.
1989 5429 2035 5462 "’
2064 5429 2202 5499 Eph.

2332 5430 2372 5483 7.
2451 5428 2496 5461 ³⁸
2524 5427 2699 5483 Galat.
2734 5444 2791 5489 ll,
2814 5426 2907 5480 20.
2984 5425 3029 5458 "
3056 5423 3214 5479 Joan.
3244 5438 3315 5484 tv,
3349 5422 3439 5476 42.

723 5550 837 5620 (22)
862 5551 1043 5607 Codex
1074 5548 1420 5621 Bodleianus,
1445 5548 1583 5621 πρὸς
1616 5548 1709 5602 τὸν
1752 5546 1982 5619 Ἰησοῦν,
2019 5545 2221 5616 Regius

647 5619 977 5698 “Passim
1010 5619 1274 5698 Ἰησοῦνι.
1426 5691 1440 5698 -
1494 5619 1575 5698 μ
1935 5686 1974 5698 ..
2055 5686 2067 5698 .

722 5691 834 5774 (25)
861 5686 1192 5774 .'E0'Jp(t5c€’l'.
1220 5690 1310 5745 Sic
1340 5691 1507 5745 codex
1540 5688 1862 5742 Bodleiauus
1888 5706 1902 5749 ;
1935 5686 2137 5756 Regius
2168 5693 2222 5737 et

651 5761 1003 5816 But'heritttts.
1040 5765 1161 5832 ὁρᾶ.
2033 5827 2045 5838 ο

723 5833 839 5901 (9.4)
868 5833 1041 5886 Ἀλλὰ
1067 5829 1168 5885 καὶ
1205 5830 1375 5901 μετά,
1405 5841 1509 5886 etc.
1546 5829 1635 5886 Sic
1660 5830 1828 5884 codex
1861 5827 2223 5891 Bodleianus;

2328 5545 2525 5611 Regius
2547 5543 2734 5597 omisit
2760 5541 2913 5595 ἀλλά.

2388 5637 2511 5722 ,(25)
2568 5635 2710 5691 idem
2763 5636 2929 5688 codex
2981 5631 3330 5699 Bodleianus,
3370 5628 3639 5703 μηδέποτε
3670 5626 3885 5681 καταλι-

2332 5725 2467 5761 πων.

2401 5797 2514 5871 (26)
2543 5796 2711 5853 Codd.
2741 5795 3067 5851 Bodleianus
3107 5804 3160 5850 et
3202 5792 3554 5859 Balberittus,
3584 5787 3891 5862 κρείττονα.
