4170 6394
637 273 743 330 499

2119 276 2440 332 ORIGENIS

3772 288 3877 343 500

634 402 1027 462 pore,peregre
1042 389 1259 452 quidem
1279 389 1477 444 absunt
1503 405 1532 444 a
1557 391 1808 465 Domino,
1823 401 2186 448 verumtamen

2302 394 2476 466 σάρκα
2533 399 2952 470 στρατευόμενοι
2977 439 2991 462 ,
3041 399 3334 472 ἐνδημοῦσι
3393 402 3450 456 δὲ
3492 401 3570 474 τῷ
3619 403 3832 474 σώματι
3857 447 3872 471 ,

631 498 730 553 per
760 480 918 534 [idem
960 480 1262 548 ambulant,
1298 482 1512 536 etiamsi
1561 482 1798 536 nondum
1852 485 2196 553 perceperint

629 588 727 644 per
743 573 997 642 speciem.
1019 570 1086 626 Et
1114 587 1207 626 eos
1234 573 1451 640 quidem
1472 573 1522 628 in
1541 589 1705 628 carne
1723 574 1958 630 arbitror
1970 591 2088 631 esse
2104 577 2194 645 qui

629 664 924 720 secundum
951 678 1169 717 carnem
1198 663 1433 718 militant
1457 681 1474 730 ;
1513 680 1710 734 corpus
1733 680 1860 720 vero
1889 666 2195 722 inhabitare

627 765 681 810 et
699 769 922 825 peregre
939 756 1128 810 abesse
1142 770 1171 809 a
1196 757 1422 810 Domino
1436 770 1530 811 eos
1542 757 1658 824 qui,
1679 770 1870 811 sensus
1888 755 2195 824 spirituales

628 845 790 916 267
850 843 1145 913 Scripturte
1199 859 1305 899 non
1369 844 1764 916 intelligentes,
1821 860 2049 916 corpore
2097 848 2193 900 toti

627 947 756 991 sunt
789 936 891 1005 ipsi
926 934 1224 1006 Scriptura
1252 934 1456 990 addicti
1483 951 1498 990 :
1528 935 1766 1005 alioquin
1794 937 2062 1006 quomodo
2087 951 2193 991 non

624 1040 854 1096 peregre
906 1025 1060 1080 abest
1112 1040 1142 1079 a
1202 1024 1458 1089 Domino,
1518 1025 1565 1080 si
1621 1022 1886 1079 Dominus
1949 1024 2192 1095 Spiritus

625 1117 798 1183 est”,
825 1117 918 1187 qui
965 1115 1204 1171 nondum
1249 1116 1476 1186 percipit
1519 1117 1778 1186 Spiritum
1827 1119 2192 1175 viviﬁcantem

623 1217 680 1263 et
731 1223 950 1264 sensum
1011 1209 1311 1278 Scripturze
1356 1209 1742 1278 spiritualem?
1788 1210 2044 1266 Attamen
2096 1226 2195 1282 per

625 1300 812 1366 ﬁdem,
845 1302 937 1371 qui
963 1301 1272 1371 huiusmodi
1301 1310 1404 1365 est,
1439 1301 1717 1369 ambulat;
1753 1318 1982 1374 peregre
2012 1314 2192 1359 autem

628 1393 780 1448 abest
809 1393 898 1446 ille
938 1407 965 1446 a
1014 1407 1269 1463 corpore,
1295 1404 1350 1449 et
1383 1408 1624 1462 prasens
1661 1404 1745 1449 est
1779 1395 1845 1450 ad
1876 1395 2191 1465 Dominum,

625 1484 720 1554 qui
770 1485 1073 1554 Spiritualia
1131 1485 1502 1554 spiritualibus
1545 1487 1861 1553 conferens,
1908 1497 1964 1542 et
2012 1487 2192 1545 factus

631 1595 652 1628 ι
675 1577 996 1644 spiritualis,
1056 1579 1236 1632 omnia
1279 1578 1564 1648 diiudicat,
1610 1581 1728 1650 ipse
1763 1588 1944 1635 autem
1981 1596 2010 1635 a
2043 1581 2192 1637 nullo

625 1665 956 1734 dijudicatus
977 1667 1094 1725 ⁸⁸.»
1146 1666 1270 1723 Haec
1313 1683 1624 1739 quanquam
1676 1685 1706 1724 a
1764 1672 1921 1726 nobis
1972 1686 2070 1741 per
2115 1672 2194 1728 di-

2303 487 2396 540 καὶ
2429 486 2756 558 ἐκδημοῦσιν
2808 491 2916 544 ἀπὸ
2960 491 3054 545 τοῦ
3088 491 3292 563 Κυρίου
3325 494 3375 546 οἱ
3409 492 3478 546 τά
3528 497 3874 565 πνευματικά

2298 576 2398 648 τῆς
2425 579 2643 652 Γραφῆς
2677 581 2752 654 μὴ
2783 583 3046 648 νοοῦντες,
3080 583 3193 637 ἀλλ’
3217 585 3328 638 ὅλοι
3360 587 3739 657 προσκείμενοι
3763 589 3872 660 (51)

2300 670 2462 741 αὐτῇ,
2497 673 2590 726 καὶ
2615 673 2690 744 τῷ
2716 674 2924 744 σώματι
2946 692 2960 706 ο
2996 675 3112 735 πῶς
3133 675 3242 748 γὰρ
3263 677 3363 730 οὐκ
3392 677 3622 748 ἐκδημεῖ
3643 678 3751 732 ἀπὸ
3778 679 3872 733 τοῦ

2300 761 2527 833 Κυρίου,
2558 766 2607 818 εί
2633 765 2662 817 ό
2694 765 2894 838 Κύριος
2915 767 2975 818 τὸ
3000 766 3222 838 Πνεῦμά
3250 768 3417 830 ἐστιν,
3445 767 3474 820 ό
3507 767 3732 838 μηδέπω
3762 787 3872 840 χω-

2304 852 2412 922 ρῶν
2447 853 2558 923 (52)
2611 854 2672 908 τὸ
2719 855 3014 920 ζωοποιοῦν
3062 856 3306 926 Πνεῦμα,
3358 856 3452 908 καὶ
3509 857 3873 928 πνευματικὸν
3910 846 3923 883 ³

2298 945 2400 1014 τῆς
2426 945 2683 1017 Γραφῆςς
2732 947 2876 1018 Πλὴν
2921 947 3011 1001 διά
3044 949 3277 1012 πίστεως
3307 952 3336 1001 ὁ
3372 947 3611 1012 τοιοῦτος
3640 964 3874 1018 περιπα-

2298 1039 2399 1101 τεῖ,
2435 1037 2660 1109 ἐκδημετ
2690 1038 2748 1092 δὲ
2801 1041 2867 1092 ἐκ
2890 1039 2983 1093 τοῦ
3033 1039 3300 1109 σώματος,
3332 1040 3426 1093 καὶ
3467 1039 3690 1110 ἐνδημεῖ
3736 1040 3874 1111 πρὸς

2297 1130 2388 1182 τὸν
2415 1130 2620 1203 Κύριον
2648 1131 2677 1182 ὁ
2704 1130 2774 1184 τὰ
2804 1131 3145 1202 πνευματικά
3189 1133 3299 1194 τοϊς
3326 1133 3710 1202 πνευματικοῖς
3739 1149 3871 1200 συγ-

2299 1220 2519 1292 κρίνων,
2569 1220 2660 1273 καὶ
2693 1220 2971 1292 γινόμενος
3004 1240 3022 1272 ι
3043 1221 3429 1291 πνευματικὸς,
3478 1223 3507 1275 ό
3536 1221 3714 1275 πάντα
3741 1223 3874 1275 ἀνα-

2298 1310 2518 1379 κρίνων,
2546 1309 2704 1374 αὐτὸς
2723 1309 2779 1363 δὲ
2806 1310 3226 1382 ἀνακρινόμενος
3254 1310 3345 1363 ὑπ’
3373 1309 3600 1373 οὐδενός.
3629 1329 3648 1362 ι
3685 1311 3872 1364 Ταῦτα

2297 1400 2353 1454 δὲ
2385 1402 2514 1471 ἡμῖν
2546 1403 2594 1453 εί
2632 1401 2724 1454 καὶ
2775 1400 2912 1472 μετά
2944 1401 3334 1472 παρεκϐάσεως
3377 1401 3479 1472 τῆς
3529 1403 3610 1466 είς
3637 1401 3702 1455 τὰ
3730 1402 3871 1455 ἀπο-

2299 1492 2519 1545 στολικά
2547 1493 2686 1564 ρητά
2717 1493 2962 1565 εἰρῆσθαι
2991 1493 3160 1557 δοκεῖ,
3183 1494 3319 1548 ἀλλά
3361 1512 3422 1564 γε
3467 1495 3870 1565 ἀναγκαιότατα

2298 1579 2434 1651 πρὸς
2458 1580 2556 1651 τὴν
2586 1579 2846 1652 διαφορὰν
2871 1580 2964 1634 τοῦ
2996 1581 3152 1650 λόγου
3182 1581 3291 1635 τῶν
3321 1584 3670 1655 Σαμαρειτῶν
3697 1587 3860 1639 ἐστιν.

2296 1670 2477 1724 οὐκέτι
2496 1671 2583 1726 διά
2608 1673 2708 1743 τὴν
2731 1672 2918 1726 λαλιὰν
2942 1673 3304 1727 πιστευόντων
3329 1675 3426 1745 τῆς
3453 1676 3729 1743 γυναικὸς,
3752 1678 3851 1732 ἀλλ

624 1759 962 1826 gressionem
989 1758 1042 1814 in
1070 1759 1372 1829 apostolica
1401 1761 1564 1814 verba
1601 1761 1742 1815 dicta
1776 1763 2053 1827 videntur,
2084 1778 2186 1816 ma-

2297 1762 2630 1831 ἀκηκοότων,
2663 1765 2756 1817 καὶ
2801 1764 3038 1830 εἰδότων,
3067 1765 3149 1818 ὅτι
3197 1769 3226 1819 ό
3254 1765 3489 1830 τοιοῦτός
3521 1768 3668 1822 ἐστιν
3692 1769 3721 1821 ὁ
3751 1769 3866 1823 Σω-

620 1849 768 1904 xime
795 1859 974 1905 tamen
999 1850 1309 1906 necessaria
1340 1861 1467 1906 sunt
1498 1854 1567 1906 ad
1596 1850 1956 1907 diﬂ'erentiam
1988 1867 2196 1909 sermo-

622 1942 709 1997 nis
738 1941 1228 2007 Samaritanorum,
1261 1957 1368 1998 non
1404 1943 1638 2014 amplius
1669 1954 1891 2014 propter
1923 1945 2194 2015 loquelam

619 2034 865 2089 mulieris
913 2035 1279 2100 credentium,
1322 2036 1416 2091 sed
1459 2036 1584 2106 quia
1633 2036 1887 2090 viderunt
1919 2046 1973 2090 et
2004 2037 2195 2092 audie-

618 2133 745 2178 runt
771 2123 917 2179 hunc
946 2138 1068 2179 esse
1095 2124 1436 2180 Servatorem
1461 2124 1666 2179 mundi.
1701 2123 1814 2180 Nec
1843 2127 2038 2180 mirum
2063 2140 2196 2181 sane

619 2216 779 2269 debet
811 2230 933 2269 esse
963 2217 1230 2284 quosdam
1264 2217 1481 2286 quidem
1536 2232 1632 2284 per
1687 2215 1846 2270 [idem
1883 2217 2186 2284 ambulare,

617 2323 726 2363 non
777 2324 873 2378 per
915 2309 1190 2377 speciem;
1233 2311 1493 2379 quosdam
1543 2325 1673 2365 vero
1715 2325 1814 2379 per
1845 2310 2104 2379 speciem,
2134 2310 2187 2365 id

617 2399 762 2467 quod
797 2399 972 2469 majus
1013 2408 1097 2454 est
1146 2415 1307 2469 quam
1354 2401 1635 2456 ambulare
1681 2415 1776 2468 per
1803 2400 1983 2456 tidem.
2018 2399 2190 2456 Porro

615 2488 918 2547 Heracleon
947 2492 1250 2563 simplicius
1271 2507 1394 2548 cum
1424 2493 1773 2564 exposuisset
1795 2494 1897 2549 hoc
1932 2492 2137 2548 dictum
2168 2507 2184 2545 :

622 2581 770 2638 «Non
797 2583 1031 2655 amplius
1051 2594 1276 2655 propter
1302 2583 1573 2655 loquelam
1609 2595 1758 2650 tuam
1777 2586 2052 2641 credimus
2075 2586 2175 2652 “,s

617 2674 811 2733 abesse
837 2675 1014 2746 inquit
1042 2675 1594 2743 vocabulum,solam.
1625 2657 1895 2732 Praeterea
1927 2677 1980 2732 in
2018 2677 2178 2732 illud:

621 2788 640 2822 ι
671 2768 778 2841 Ipsi
817 2770 963 2824 enim
1002 2769 1332 2835 audivimus,
1360 2777 1415 2823 et
1452 2769 1688 2824 vidimus
1735 2771 1879 2826 hunc
1907 2785 2030 2826 esse
2055 2769 2190 2826 Ser-

611 2872 858 2918 vatorem
878 2863 1121 2931 mundi,»
1146 2863 1321 2933 inquit
1354 2881 1368 2918 :
1400 2881 1420 2915 ι
1453 2862 1710 2918 Homines
1749 2865 1893 2918 enim
1923 2865 1991 2919 ab
2010 2863 2185 2919 homi-

2289 1853 2395 1923 τὴρ
2424 1851 2516 1906 τοῦ
2544 1852 2769 1924 κόσμου.
2803 1854 2969 1908 Οὐδὲν
2996 1856 3241 1926 μέντοιγε
3271 1855 3576 1927 θαυμαστὸν
3601 1858 3710 1928 (55)
3739 1862 3868 1932 περί

2288 1957 2451 1995 τινων
2474 1942 2573 2012 μέν
2590 1941 2680 1995 διὰ
2706 1943 2940 2008 πίστεως
2970 1947 3307 2015 περιπατεῖν,
3332 1947 3426 1999 καὶ
3453 1946 3528 2018 μὴ
3549 1946 3637 2000 διὰ
3655 1947 3830 2012 εῐδους
3849 1965 3865 1978 ·

2291 2032 2422 2104 περὶ
2448 2032 2650 2104 ἐτέρων
2698 2033 2756 2086 δὲ
2786 2033 2875 2086 διά
2907 2032 3081 2096 εἴδους
3107 2033 3200 2087 τοῦ
3237 2035 3479 2103 μείζονος
3512 2037 3659 2106 παρὰ
3685 2037 3747 2090 τὸ
3777 2037 3869 2093 διά

2291 2124 2527 2187 πίστεως
2551 2129 2891 2195 περιπατεῖν.
2931 2129 2992 2180 Ἦ
3001 2128 3237 2198 ρακλέων
3257 2129 3313 2182 δὲ
3333 2128 3698 2202 ἁπλούστερον
3715 2130 3868 2184 ἐκλαν-

2293 2215 2403 2270 6ὼν
2434 2217 2494 2271 τό
2517 2233 2531 2248 ο
2571 2237 2590 2269 ι
2615 2219 2811 2272 Οὐκέτι
2846 2219 2934 2273 διὰ
2964 2221 3063 2291 τὴν
3103 2220 3200 2289 σὴν
3245 2220 3433 2275 λαλιὰν
3465 2221 3809 2292 πιστεύομεν,
3839 2240 3860 2275 ›

2292 2307 2427 2379 φησὶ
2473 2308 2680 2363 λείπειν
2730 2310 2812 2376 τὸ,
2855 2311 3071 2380 μόνην.
3127 2313 3248 2366 Ἔτι
3307 2313 3407 2385 μὲν
3448 2313 3556 2386 γάρ
3604 2313 3741 2385 πρὸς
3768 2313 3861 2366 τόο

2300 2417 2319 2450 ι
2354 2400 2518 2454 Αὐτοὶ
2538 2401 2646 2472 γάρ
2673 2401 3006 2474 ἀκηκόαμεν,
3042 2403 3136 2457 καὶ
3162 2403 3400 2474 οἴδαμεν,
3427 2405 3509 2457 ὅτι
3532 2398 3684 2468 οῦτός
3715 2406 3865 2482 ἐστίν

2292 2496 2321 2570 ό
2349 2492 2535 2565 Σωτὴρ
2561 2493 2653 2546 τοῦ
2682 2493 2909 2563 κόσμου,
2937 2513 2956 2545 ›
2993 2494 3188 2564 φησίν·
3233 2513 3252 2547 ι
3277 2498 3340 2550 Οί
3369 2495 3478 2568 γὰρ
3503 2496 3776 2566 ἄνθρωποι
3802 2496 3865 2550 τὺ

2297 2585 2395 2656 μὲν
2444 2584 2656 2656 πρῶτον
2690 2583 2794 2638 ὑπὸ
2822 2585 3121 2656 ἀνθρώπιον
3165 2586 3511 2658 ὁδηγούμενοι
3552 2589 3864 2642 πιστεύουσι

2286 2675 2365 2748 τῷ
2390 2676 2603 2747 Σωτῆρι
2621 2691 2634 2706 ·
2663 2675 2798 2728 ἐπάν
2831 2676 2887 2730 δὲ
2915 2675 3178 2748 ἐντύχωσι
3202 2680 3312 2742 τοῖς
3345 2677 3522 2746 λόγοις
3557 2677 3742 2743 αὑτοῦ,
3773 2673 3864 2734 οὖ-

2288 2785 2369 2823 τοι
2417 2768 2598 2821 ούκέτι
2649 2767 2738 2820 διὰ
2769 2767 2934 2838 μόνην
2962 2767 3304 2840 ἀνθρωπίνην
3352 2769 3677 2840 μαρτυρίαν,
3727 2768 3865 2823 ἀλλά

2289 2860 2377 2916 διὰ
2408 2859 2506 2930 τὴν
2531 2858 2784 2931 ἀλήθειαν
2812 2859 3143 2912 πιστεύουσι.
3176 2877 3195 2911 ι

613 2955 774 3010 nibus
796 2955 1026 3025 primum
1054 2954 1302 3010 instructi
1332 2952 1611 3009 Servatori
1639 2954 1904 3020 credunt;
1938 2963 1994 3008 at
2021 2952 2182 3008 simul
2211 2961 2372 3021 atque
2399 2949 2453 3004 in
2489 2963 2770 3004 sermones
2815 2948 2932 3017 ejus
2967 2947 3282 3012 inciderint,
3322 2961 3430 3002 non
3462 2946 3693 3018 amplius
3728 2961 3858 3018 pro-

611 3055 735 3118 pter
768 3045 943 3101 solum
983 3046 1275 3100 humanum
1307 3045 1697 3111 testimonium,
1724 3045 1820 3100 sed
1849 3055 2070 3115 propter
2095 3044 2266 3113 ipsam
2291 3041 2579 3097 veritatem
2603 3040 2850 3095 credunt.
2883 3057 2902 3092 ι

687 3139 778 3194 55.
812 3155 830 3188 ι
855 3137 982 3192 Pust
1016 3137 1154 3191 duos
1181 3151 1311 3190 vero
1335 3136 1451 3191 dies
1473 3136 1607 3193 exiit
1637 3136 1763 3192 inde
1801 3138 1856 3191 in
1883 3135 2181 3201 Galilaeam;

2358 3132 2445 3187 55.
2481 3149 2500 3184 ι
2522 3129 2675 3185 Μετά
2723 3131 2780 3184 δὲ
2807 3130 2904 3193 τὰς
2929 3129 3023 3182 δύο
3061 3128 3271 3200 ἡμέρας
3296 3127 3515 3200 ἐξῆλθεν
3538 3127 3746 3182 ἐκεῖθεν
3776 3129 3859 3192 είς

615 3230 734 3300 ipse
775 3227 920 3284 enim
955 3226 1114 3283 Jesus
1161 3235 1392 3282 testatus
1423 3236 1509 3283 est
1535 3229 1853 3298 prophetam
1879 3227 1933 3282 in
1965 3227 2184 3297 propria

613 3323 788 3393 patria
846 3323 1110 3376 honorem
1184 3335 1288 3375 non
1337 3319 1538 3376 habere
1560 3321 1674 3378 ⁸³.»
1719 3318 1888 3374 Valde
1940 3321 2187 3374 inconse-

613 3417 790 3482 quens
833 3413 1044 3466 videtur
1085 3411 1284 3466 oratio.
1312 3410 1453 3478 Quid
1491 3410 1639 3466 enim
1697 3425 1987 3466 commune
2021 3411 2187 3466 habet

619 3505 725 3561 hoc
751 3505 953 3560 dictum
990 3520 1005 3557 :
1048 3522 1066 3555 ι
1096 3501 1216 3572 Ipse
1253 3503 1399 3561 enim
1439 3500 1598 3560 Jesus
1651 3510 1881 3558 testatus
1932 3510 2015 3558 est
2059 3517 2186 3573 pro-

616 3599 836 3670 phetam
879 3596 934 3651 in
976 3596 1197 3666 pr0pria
1244 3595 1424 3666 patria
1463 3596 1727 3652 honorem
1772 3610 1883 3651 non
1912 3595 2132 3661 habere,
2158 3613 2178 3648 ι

617 3690 688 3744 ad
712 3688 864 3754 illud,
893 3689 1036 3758 quod
1065 3688 1268 3742 exierit
1293 3689 1408 3758 ipse
1434 3697 1560 3759 post
1595 3689 1729 3744 duos
1757 3688 1875 3744 dies
1921 3702 1952 3742 a
1990 3687 2186 3743 Sama-

614 3781 834 3843 ritanis,
863 3781 1004 3850 apud
1049 3794 1187 3850 quos
1233 3787 1534 3844 manserat,
1567 3787 1622 3834 et
1648 3779 1703 3833 in
1734 3777 2008 3834 Galilaeam
2033 3775 2184 3833 abie-

613 3871 726 3927 rit?
757 3870 894 3926 Nam
927 3871 972 3926 si
999 3871 1174 3940 patria
1212 3871 1381 3939 ipsius
1430 3870 1625 3926 luisset
1665 3869 1937 3936 Samaria,
1965 3869 2184 3940 illicque

614 3970 960 4030 contemptus
992 3961 1207 4026 fuisset,
1239 3962 1378 4017 adeo
1402 3971 1461 4016 ut
1485 3963 1628 4018 hanc
1651 3963 1720 4018 ob
1747 3977 1966 4018 causam
1997 3977 2184 4032 egres-

614 4070 709 4110 sus
759 4056 850 4121 sit,
887 4069 996 4108 non
1050 4063 1420 4108 commoratus
1463 4053 1603 4109 ultra
1646 4055 1784 4108 duos
1819 4055 1958 4117 dies,
1983 4068 2181 4109 conse-

613 4154 845 4216 quenter
869 4147 1077 4201 dictum
1111 4145 1305 4201 fuisset
1333 4162 1346 4198 :
1381 4164 1400 4198 ι
1429 4143 1549 4215 Ipse
1589 4145 1730 4200 enim
1760 4143 1921 4200 Jesus
1952 4152 2182 4199 testatus

615 4245 700 4291 est
730 4237 1052 4306 prophetam
1086 4235 1141 4290 in
1176 4236 1391 4306 propria
1431 4235 1606 4304 patria
1653 4235 1914 4290 honorem
1944 4247 2050 4288 non
2082 4234 2180 4287 ha-

614 4329 768 4387 bere.
811 4349 831 4382 ι
878 4329 1184 4395 Quinetiam
1215 4329 1260 4383 si
1293 4328 1553 4398 scriptum
1582 4326 1774 4382 fuisset
1803 4343 1815 4378 :
1847 4343 1869 4378 ι
1894 4326 2024 4382 Post
2044 4325 2178 4380 duos

614 4428 794 4475 autem
826 4420 941 4475 dies
970 4420 1105 4474 exiit
1136 4419 1189 4474 in
1229 4419 1528 4485 Galilaeam,
1553 4437 1572 4471 ι
1612 4421 1707 4474 sed
1744 4433 1851 4474 non
1899 4417 2178 4489 profectus

2283 3224 2382 3296 τὴν
2408 3223 2726 3277 Γαλιλαίαν·
2763 3221 2922 3285 αὐτὸς
2963 3221 3070 3292 γὰρ
3109 3219 3314 3292 Ἰησοῦς
3345 3220 3742 3292 ἐμαρτύρησεν,
3774 3222 3859 3275 ὅτι

2285 3318 2568 3390 προφήτης
2598 3316 2656 3368 ἐν
2683 3317 2749 3386 τῇ
2786 3313 2890 3386 ἰδίᾳ
2913 3314 3132 3388 πατρίδι
3163 3313 3327 3384 τιμὴν
3357 3314 3456 3366 ούκ
3491 3312 3624 3384 ἔχει.
3655 3332 3675 3364 ι
3707 3313 3859 3368 Πάνυ

2283 3407 2640 3470 ἀνακόλουθος
2669 3408 2704 3478 ή
2728 3404 2866 3470 λέξις
2894 3405 3163 3476 φαίνεται.
3215 3404 3280 3457 Τί
3304 3404 3412 3475 γὰρ
3438 3403 3616 3458 κοινὸν
3643 3403 3778 3474 πρὸς
3798 3403 3861 3456 τδ

2284 3499 2659 3569 ἐξεληλυθέναι
2693 3498 2854 3552 αὑτὸν
2877 3497 3014 3570 μετά
3036 3497 3128 3550 δύο
3157 3496 3369 3568 ἡμέρας
3401 3496 3508 3550 ἀπὸ
3537 3496 3646 3549 τῶν
3673 3497 3860 3567 Σαμα-

2285 3589 2498 3663 ρειτῶν,
2525 3590 2654 3660 παρ’
2686 3583 2767 3653 οἷς
2794 3587 2994 3659 ἔμεινε,
3025 3587 3120 3642 καὶ
3137 3590 3218 3651 είς
3246 3587 3345 3658 τὴν
3365 3587 3652 3642 Γαλιλαίαν
3687 3589 3859 3661 ἀπέρ-

2283 3682 2494 3753 χεσθαι,
2543 3681 2636 3735 τό·
2693 3699 2713 3735 ι
2739 3681 2909 3744 Αὐτὸς
2935 3680 3045 3752 γὰρ
3094 3678 3301 3750 Ἰησοῦς
3340 3679 3741 3752 ἐμαρτύρησεν,
3773 3681 3858 3734 ὅτι⁵

2283 3777 2567 3846 προφήτης
2611 3774 2670 3825 ἐν
2719 3773 2784 3843 τῇ
2838 3771 2942 3844 ἰδίᾳ
2989 3770 3208 3842 πατρίδι
3235 3771 3398 3842 τιμὴν
3426 3772 3526 3824 οὐκ
3547 3770 3696 3842 ἐχει;
3735 3791 3754 3824 ι
3792 3771 3856 3824 Εί

2285 3867 2384 3937 μέν
2410 3867 2520 3938 γάρ
2548 3860 2616 3936 ἦν
2642 3865 2839 3936 πατρὶς
2863 3863 3027 3916 αὐτοῦ
3061 3865 3094 3935 ἡ
3129 3863 3430 3936 Σαμάρεια,
3463 3865 3557 3918 καὶ
3586 3865 3857 3936 ὴτίμαστο

2281 3958 2418 4022 ἐκεῖ,
2465 3957 2542 4021 ὡς
2598 3955 2686 4010 διὰ
2737 3955 2896 4009 τοῦτο
2938 3954 3332 4026 ἐξεληλυθέναι,
3384 3955 3461 4027 μὴ
3497 3956 3854 4027 διατρίψαντα

2282 4049 2462 4102 πλεῖον
2487 4048 2710 4121 ἡμερῶν
2740 4046 2852 4110 δύο,
2885 4045 3191 4112 ἀκολούθως
3217 4046 3284 4101 ἂν
3312 4047 3496 4119 εἴρητο
3521 4048 3606 4102 τό·
3644 4047 3854 4113 «Αὐτὸς

2279 4140 2386 4210 γὰρ
2430 4138 2636 4209 Ἰησοῦς
2685 4137 3084 4210 ἐμαρτύρησεν,
3131 4139 3214 4192 ὅτι
3258 4141 3542 4211 προφήτης
3567 4141 3626 4193 ἐν
3645 4143 3710 4211 τῇ
3748 4140 3854 4212 ἰδία

2281 4230 2500 4302 πατρίδι
2547 4229 2716 4300 τιμὴν
2744 4230 2844 4282 οὐκ
2887 4229 3018 4300 ἐχει.
3051 4247 3068 4280 ι
3119 4229 3278 4284 Ἀλλά
3309 4231 3405 4283 καὶ
3431 4231 3480 4284 εί
3509 4230 3849 4302 ἐγέγραπτοο

2285 4322 2484 4378 «Μετά
2534 4320 2592 4376 δέ
2638 4323 2736 4386 τὰς
2767 4322 2860 4376 δύο
2908 4321 3118 4394 ἡμέρας
3167 4321 3390 4390 ἐξῆλθεν
3433 4323 3512 4386 είς
3559 4322 3656 4394 τὴν
3689 4324 3850 4378 Γαλι-

2279 4416 2456 4480 λαίαν,
2481 4435 2500 4466 ι
2533 4415 2646 4470 ἀλλ’
2673 4417 2772 4469 οὐκ
2796 4415 3010 4485 ἐγένετο
3040 4417 3098 4468 ἐν
3121 4417 3186 4486 τῇ
3220 4415 3323 4486 ίδία
3349 4415 3562 4489 πατρίδι
3581 4431 3594 4446 ·
3628 4435 3646 4467 ι
3682 4416 3854 4480 Αὐτὸς

613 4512 790 4567 estad
820 4527 973 4566 suam
1019 4513 1292 4582 patriam;
1327 4529 1347 4562 ι
1379 4512 1496 4580 ipse
1553 4509 1698 4565 enim
1746 4509 1901 4564 Jesus
1951 4517 2178 4564 teStatus

2288 4509 2388 4579 γὰρ
2443 4507 2648 4578 Ἰησοῦς
2689 4507 3090 4579 ἐμαρτύρησεν,
3134 4507 3217 4560 ὅτι
3245 4507 3528 4578 προφήτης
3559 4507 3616 4559 ἐν
3648 4509 3714 4577 τῇ
3747 4506 3852 4576 ἰδία

612 4613 695 4658 est
723 4604 1043 4673 prophetam
1085 4603 1138 4658 in
1178 4603 1392 4672 propria
1427 4602 1602 4672 patria
1644 4602 1906 4656 honorem
1939 4614 2046 4655 non
2079 4601 2177 4655 ha-

611 4691 762 4759 bere,
788 4709 808 4744 »
841 4692 1006 4747 etiam
1037 4691 1141 4747 hoc
1169 4692 1330 4746 modo
1357 4689 1534 4747 locum
1574 4689 1882 4745 habiturum
1909 4689 2090 4745 fuerat
2118 4688 2174 4744 id

612 4783 758 4852 quod
792 4782 1020 4848 dicitur;
1061 4792 1115 4837 et
1146 4781 1398 4838 fortassis
1443 4781 1696 4836 voluntas
1738 4790 2028 4836 contextus
2054 4781 2178 4837 talis

609 4883 693 4931 est
725 4891 741 4928 :
771 4876 866 4929 sed
896 4873 1156 4937 Joannes,
1180 4887 1278 4927 ceu
1303 4886 1556 4928 sermone
1581 4873 1750 4934 rudis,
1779 4872 2012 4927 obscure
2039 4873 2176 4928 scri-

610 4965 718 5034 psit
744 4964 886 5033 quod
922 4971 1103 5017 mente
1132 4972 1472 5031 conceperat.
1500 4962 1666 5033 268
1693 4961 1904 5017 Etenim
1929 4961 1983 5016 in
2014 4977 2174 5032 quem

611 5055 847 5112 Galilaaze
877 5055 1056 5111 locum
1102 5056 1406 5125 receperint
1454 5071 1600 5118 eum,
1634 5055 1728 5125 qui
1776 5055 2027 5112 viderant
2058 5071 2176 5110 om-

611 5149 720 5213 nia,
765 5160 1100 5216 quaecunque
1136 5144 1494 5217 .lerosolymis
1539 5147 1755 5202 iecisset
1802 5147 1855 5201 in
1892 5147 1981 5202 die
2013 5146 2173 5212 festo,

609 5255 716 5293 non
763 5248 846 5292 est
893 5239 1096 5292 dictum
1152 5239 1221 5292 ab
1262 5239 1611 5309 evangelista,
1649 5229 1748 5309 'qui
1803 5239 2023 5309 scripsit
2054 5251 2181 5310 post

677 5332 723 5363 ⁸ο
751 5330 793 5384 ll
821 5331 948 5385 Cor.
975 5345 1056 5393 Ill,
1085 5331 1171 5382 Π.
1247 5329 1291 5360 ⁸¹
1322 5331 1339 5384 I
1367 5331 1490 5385 Cor.
1531 5347 1592 5396 ll,
1625 5331 1713 5387 15.

679 5426 793 5497 (51)
826 5426 987 5478 Ὄλοι
1028 5426 1464 5497 προσκείμενοι.
1501 5427 1594 5483 Sic
1619 5429 1784 5484 codex
1815 5428 2188 5496 Bodleianus;

607 5496 812 5567 Regius
836 5496 1330 5567 ὀλοπροσκείμενοι.

681 5565 791 5637 (59.)
837 5564 1091 5637 Μηδέοζω
1137 5564 1361 5636 χωρῶν.
1423 5564 1500 5620 Ita
1547 5568 1705 5622 codd.
1746 5567 2074 5623 Bodleianus
2117 5575 2176 5622 et

607 5634 1003 5710 Earlierinus_;__
1031 5634 1250 5710 Regius,
1300 5637 1373 5710 μὴ
1413 5637 1623 5690 δυνάτω
1667 5638 1879 5710 χωρῶν,
1938 5653 2036 5708 pro
2065 5652 2172 5708 quo

609 5702 832 5762 liuetius
861 5705 1030 5763 edidit
1066 5702 1142 5780 μῆ
1177 5702 1396 5771 δυνατός
1430 5710 1646 5780 χωρεῖν.

2283 4599 2501 4671 πατρίδι
2532 4599 2697 4670 τιμὴν
2725 4599 2825 4652 οὐκ
2852 4599 2984 4669 ἔχει,
3008 4618 3027 4650 ι
3077 4598 3172 4652 καὶ
3210 4597 3380 4661 οὕτως
3401 4595 3584 4668 χώραν
3608 4597 3670 4650 τὸ
3696 4597 3849 4666 λεγό-

2285 4709 2444 4763 μενον
2473 4687 2616 4762 εἶχεν
2645 4690 2710 4744 ἄν
2729 4707 2743 4721 ·
2780 4690 2872 4743 καὶ
2903 4689 3042 4761 τάχα
3065 4689 3126 4742 τὸ
3153 4689 3252 4759 μὲν
3285 4687 3532 4759 βούλημα
3553 4688 3647 4740 τοῦ
3683 4687 3848 4759 ῥητοῦ

2278 4783 2423 4837 τοῦτ’
2466 4779 2636 4836 ἔστιν·
2673 4781 2748 4846 ὡς
2779 4780 2990 4852 ἰδιώτης
3015 4779 3070 4833 δὲ
3094 4780 3171 4850 τῷ
3199 4779 3339 4850 λόγῳ
3381 4780 3410 4832 ό
3449 4778 3699 4848 Ἰωάννης
3725 4777 3849 4830 δυσ-

2281 4873 2638 4944 παραστάτως
2671 4871 2905 4943 ἔφρασεν
2949 4870 2978 4923 ὃ
3025 4871 3298 4940 νενόηκεν.
3335 4871 3428 4934 Εἰς
3470 4869 3580 4940 γὰρ
3608 4870 3729 4923 τίνα
3757 4869 3847 4922 τό-

2281 4982 2381 5018 πον
2408 4964 2504 5034 τῆς
2534 4963 2821 5026 Γαλιλαίας
2855 4961 3100 5027 ἐδέξαντο
3127 4961 3307 5025 αὑτὸν,
3346 4961 3649 5033 ἑωρακότες
3673 4961 3849 5014 πάντα

2277 5056 2378 5109 ὅσα
2405 5054 2656 5124 ἐποίησεν
2685 5055 2743 5106 ἐν
2782 5051 3167 5123 Ἰεροσολύμοις
3195 5053 3253 5104 ἐν
3277 5056 3342 5123 τῇ
3365 5053 3545 5124 ἑορτῇ,
3577 5053 3676 5104 οὐκ
3698 5050 3849 5124 εἴρη-

2278 5165 2390 5211 ται,
2431 5146 2566 5200 ἀλλά
2594 5146 2688 5199 καὶ
2719 5144 2856 5216 μετά
2882 5144 3060 5210 τοῦτο,
3101 5145 3184 5197 ὅτι
3235 5139 3398 5215 ἦλθεν
3439 5145 3518 5208 είς
3557 5143 3657 5214 τὴν
3691 5145 3849 5199 Κανᾶ

2277 5239 2377 5310 τῆς
2405 5238 2712 5301 Γαλιλαίας,
2754 5235 3048 5308 ἀνέγραψε.
3082 5235 3389 5290 Κατακούει
3415 5235 3471 5290 δέ
3511 5234 3704 5289 ἐαυτοῦ
3735 5235 3846 5308 (54)

1815 5332 1860 5364 ⁸⁸
1885 5331 2040 5386 Joatt.
2083 5350 2156 5398 tv,
2186 5332 2274 5387 ιε.
2349 5332 2396 5364 ⁸³
2420 5332 2550 5386 ibid.
2581 5330 2671 5383 M.

2351 5426 2466 5496 (55)
2501 5425 2611 5480 Τοῦ
2641 5426 2892 5494 κόσμου.
2942 5426 3133 5480 Οὐδὲν
3166 5425 3446 5496 μέγτοιτεν
3472 5426 3844 5496 θαυμαστόν,

2281 5494 2388 5552 etc.
2427 5494 2506 5550 Ita
2543 5498 2685 5549 hunc
2719 5497 2892 5549 locum
2931 5497 2986 5551 in
3016 5497 3200 5550 codice
3233 5494 3404 5564 Regio
3438 5494 3707 5562 luxat'um,
3754 5512 3846 5552 sa-

2277 5567 2437 5622 nitati
2478 5565 2815 5619 restituimns
2841 5581 2942 5622 one
2978 5566 3182 5620 codicis
3215 5564 3514 5620 Bodleiani.

2352 5635 2464 5707 (54)
2497 5634 2823 5689 Κατακούει
2871 5633 2938 5688 δὲ
2979 5633 3215 5690 ἑαυτοῦ.
3243 5634 3372 5707 _Sic_
3389 5649 3577 5707 omnes
3605 5649 3736 5707 mss.
3787 5635 3843 5690 in

2277 5703 2454 5776 textu,
2480 5715 2538 5761 at
2574 5721 2697 5762 cum
2727 5707 2795 5762 ad
2821 5720 2974 5762 oram
3007 5707 3215 5763 codicis
3243 5703 3523 5762 Bodleiani
3554 5720 3622 5762 ex
3658 5706 3838 5778 conje-
