4170 6404
353 373 454 428 501

347 493 384 544 ὁ.
422 484 829 558 εὐαγγελιστὴς,
876 481 971 537 καὶ
1015 481 1114 535 οὐκ
1159 476 1354 546 ἀπορεῖ
1396 469 1490 524 τοῦ
1541 460 1918 536 προκειμένου.
1950 457 1998 513 A
2028 451 2096 504 ho

352 551 636 652 Προειπῶν
688 551 820 645 γοῦν
872 574 996 626 τίνα
1043 569 1242 639 τρόπον
1276 563 1468 631 ἀφίησι
1501 558 1598 628 τὴν
1641 551 1918 613 Ἰουδαίαν,

353 644 446 726 καὶ
477 644 805 731 ἄπεισινγείς
832 665 928 737 τὴν
959 659 1242 716 Γαλιλαίαν
1273 657 1302 709 6
1343 653 1562 722 Κύριος,
1595 644 1946 717 διηγησάμε-·

355 765 440 829 νός
471 779 553 828 τε,
588 761 710 815 ἐπεὶ
757 759 862 812 ἔδει
903 756 1062 812 αὑτὸν
1112 747 1420 821 διέρχεσθαι
1470 743 1559 796 διὰ
1606 741 1701 810 τῆς
1745 739 1926 806 Σαμα-

356 855 526 926 ρείας,
578 852 646 906 τὰ
693 851 960 920 λεγόμενα
1007 843 1229 916 πλησίον
1273 839 1368 893 τοῦ
1414 835 1612 907 χωρίου
1661 831 1689 884 ὂ
1730 829 1925 882 ἔδωκεν

366 921 560 1002 Ἰακὼϐ
589 944 667 1016 τῷ
707 942 906 1012 Ἰωσὴφ
939 938 1090 1010 παρὰ
1136 938 1203 1006 τῇ
1231 934 1379 1003 πηγῇ
1425 927 1521 982 τοῦ
1566 923 1781 987 Ἰακὼϐ,
1832 921 1927 974 καὶ

267 1065 270 1067 ·
356 1037 473 1099 πῶς
529 1013 709 1105 ἔμεινε
769 1031 861 1085 δύο
911 1028 1118 1100 ἡμέρας
1180 1021 1332 1093 παρὰ
1381 1022 1493 1083 τοῖς
1539 1013 1925 1086 Σαμαρείταις,

354 1104 644 1182 ἀποδίδωσι
686 1123 784 1195 τὴν
826 1124 904 1185 είς
942 1116 1228 1173 Γαλιλαίαν
1271 1111 1451 1182 ἄφιξιν
1495 1106 1681 1172 αὐτοῦ,
1727 1104 1930 1158 καίτοι-

353 1239 418 1290 γε
449 1222 550 1273 οὐκ
590 1217 785 1286 ὀλίγων
829 1211 1030 1286 μεταξὺ
1074 1207 1393 1281 εἰρημένων.
1446 1201 1597 1255 Ἐπεὶ
1642 1197 1698 1250 δέ
1731 1199 1788 1249 ἐν
1817 1198 1929 1258 τοῖς

357 1285 613 1380 ἀνωτέρω
663 1285 993 1378 προείπομεν
1027 1299 1288 1373 βελτίονός
1317 1313 1458 1359 τινος
1492 1291 1758 1364 σύμϐολον
1791 1285 1932 1341 εἶναι

358 1401 454 1472 τὴν
499 1399 757 1453 Ἰουδαίαν
791 1399 901 1452 ἀνω
948 1412 1048 1447 που
1092 1390 1372 1461 κειμένην,
1423 1386 1703 1448 ἐλάττονος
1748 1381 1805 1435 δὲ
1831 1382 1931 1452 τὴν

358 1491 669 1555 Γαλιλαίαν,
699 1489 794 1542 καὶ⁸
823 1487 964 1542 κατά
996 1485 1152 1541 τοῦτο
1176 1483 1285 1557 (55)
1327 1478 1632 1548 ἐπισκοπῆς
1663 1475 1932 1546 δεομένων

360 1583 594 1640 καὶτῶν
644 1581 939 1636 ἐλαττόνων
977 1582 1006 1633 6
1055 1577 1430 1647 φιλάνθρωπος
1479 1571 1611 1635 Θεὸς
1653 1569 1713 1622 οὐ
1762 1583 1932 1621 κατα-

362 1679 581 1751 φρονεῖ·
627 1674 715 1730 διά
743 1672 898 1727 τοῦτο
943 1668 1210 1733 καὶτοὺς
1233 1665 1573 1738 Σαμαρείτας
1607 1661 1716 1733 (56)
1750 1660 1934 1729 τάχιον

362 1766 700 1832 καταλιπὼν,
738 1766 875 1836 ὑπὲρ
897 1762 992 1817 τοῦ
1021 1765 1132 1824 τοῖς
1158 1758 1450 1832 προθύμως
1482 1754 1644 1810 αὐτὸν
1675 1751 1936 1815 ἀποδεξα-

367 1860 547 1931 μένοις
571 1857 874 1919 Γαλιλαίοις
905 1856 1208 1924 ἐπιστῆναι,
1241 1853 1337 1905 καὶ
1379 1849 1470 1902 τὸν
1513 1845 1608 1901 τοῦ
1660 1843 1934 1916 βασιλικοῦ

365 1950 482 2003 υἱὸν
543 1947 816 2002 ἰάσασθαι.
853 1945 1038 1998 Ταῦτα
1079 1944 1136 1998 δὲ
1165 1945 1224 1997 ἐν
1268 1945 1337 2014 τῇ
1383 1939 1640 2009 Γαλιλαίᾳ
1684 1938 1934 2008 ποιήσας,

367 2042 632 2112 ἐνστάσης
653 2039 752 2110 τῆς
783 2037 890 2092 τῶν
933 2037 1195 2090 Ἰουδαίων
1226 2034 1416 2105 ἑορτῆς
1442 2030 1719 2086 ἀναϐαίνει
1741 2031 1820 2093 εις
1853 2029 1941 2081 Ἱε-

369 2132 662 2206 ροσόλυμα,
710 2131 809 2203 τὴν
854 2129 1046 2201 ἑορτὴν
1075 2128 1358 2200 κρείττονα
1395 2126 1487 2179 καὶ
1525 2122 1839 2194 ίλαροτέραν
1873 2122 1937 2191 τῇ

369 2224 561 2280 ἑαυτοῦ
593 2222 763 2278 ποιῶν
791 2220 1072 2292 ἐπιδημίᾳ.

444 2407 539 2462 54.
566 2406 794 2475 Ἴδωμεν
838 2404 895 2456 δέ
927 2402 979 2454 τί
1029 2404 1143 2454 ἐστι
1173 2401 1266 2454 καὶ
1292 2398 1353 2452 τό
1374 2414 1388 2428 ο
1429 2417 1447 2448 ι
1472 2395 1640 2459 Αὐτὸς
1686 2394 1793 2465 γὰρ
1839 2393 1942 2464 Ἰη-

372 2502 499 2564 σοῦς
542 2497 944 2570 ἐμαρτύρησεν,
990 2496 1070 2547 ὅτι
1099 2493 1382 2563 προφήτης
1415 2492 1471 2542 ἐν
1503 2492 1567 2560 τῇ
1598 2489 1702 2558 ἰδίᾳ
1729 2486 1941 2558 πατρίδι

370 2590 532 2662 τιμὴν
557 2590 658 2642 οὑκ
704 2588 816 2658 ἔχει
842 2604 856 2617 '
881 2607 899 2640 ι
950 2586 1044 2640 καὶ
1066 2583 1228 2647 ἀξίως
1257 2582 1350 2635 τοῦ
1395 2580 1567 2652 Ἰησοῦ
1611 2577 1945 2651 μαρτυροῦν-

371 2702 481 2747 τος,
528 2681 788 2754 ζητητέον
836 2681 927 2734 τδν
958 2681 1054 2751 τῆς
1094 2678 1289 2744 λέξεως
1333 2674 1477 2729 νοῦν.
1516 2673 1722 2744 Πατρὶς
1747 2671 1811 2743 δὴ
1836 2670 1944 2724 τῶν

374 2773 665 2847 προφητῶν
689 2775 746 2826 ἐν
772 2776 838 2844 τῇ
878 2771 1106 2842 Ἰουδαίᾳ
1136 2767 1225 2841 ἦν,
1259 2769 1352 2823 καὶ
1379 2767 1609 2839 φανερόν
1632 2768 1748 2820 ἐστι
1780 2765 1945 2836 τιμὴν

372 2870 567 2931 αὐτοὺς
597 2867 748 2938 παρά
767 2863 879 2937 (57)
925 2863 1199 2926 Ἰουδαίοις
1229 2861 1304 2933 μὴ
1327 2861 1637 2933 ἐσχηκέναι,
1667 2857 1945 2912 λιθασθέν-

374 2977 494 3022 τας,
539 2957 886 3028 πρισθέντας,
937 2952 1349 3024 πειρασθέντας,
1387 2953 1442 3004 ἐν
1489 2951 1633 3020 φόνῳ
1675 2949 1948 3022 μαχαίρας

375 3050 765 3112 ἀποθανόντας,
818 3047 906 3100 διὰ
951 3047 1010 3098 τὸ
1054 3044 1411 3116 ἀτιμάζεσθαι
1465 3041 1842 3113 περιελθόντας
1892 3043 1948 3094 ἐν

1405 340 1758 404 COMMEN'I‘.
1799 335 1863 389 IN
1897 330 2084 389 JOAN.
2123 323 2359 380 TOMUS
2392 319 2528 376 XIII.

3483 293 3585 348 502

2101 463 2132 502 c
2177 446 2359 500 .Iesum
2408 438 2709 511 profectum
2749 430 2918 486 fuisse
2977 425 3178 480 Canam
3219 417 3470 473 Galilzeaz.
3522 413 3589 464 At

2026 554 2146 595 sese
2195 534 2454 603 intelligit
2503 525 2856 597 evangelista,
2883 533 2981 573 nec
3020 514 3235 568 dubitat
3275 511 3341 563 de
3368 521 3425 560 re
3461 518 3589 574 pro-

2026 632 2231 703 posita.
2263 628 2398 683 Cum
2431 637 2564 694 ergo
2593 629 2752 674 antea
2787 613 3014 669 dixisset
3049 617 3285 676 quonam
3316 606 3472 668 pacto
3501 608 3588 646 re-

2025 687 2186 787 quuit
2216 718 2479 778 Iudaeam,
2499 687 3056 782 'proticiscereturque
3091 697 3145 750 in
3173 690 3446 750 Galilaram
3485 687 3588 739 Do-

2027 813 2226 876 minus,
2261 820 2493 876 cumque
2531 806 2804 856 narrasset
2839 808 2961 862 qua:
3006 791 3264 843 dicuntur
3293 794 3458 852 prope
3510 779 3589 830 lo-

2029 919 2150 957 cum
2184 869 2342 970 quem
2374 869 2703 950 «teditiacob
2731 887 2966 948 Josepho
2996 880 3135 939 apud
3171 877 3371 931 fontem
3399 869 3588 932 Iacob,

2028 994 2280 1062 quoniam
2315 987 2596 1058 oportebat
2628 997 2750 1037 eum
2785 977 3017 1033 transire
3056 988 3151 1041 per
3177 966 3508 1025 Samariam,
3538 969 3594 1015 et

2028 1083 2296 1155 quomodo
2343 1077 2633 1135 mansisset
2667 1072 2809 1143 apud
2862 1067 3234 1126 Samaritanos
3275 1061 3409 1115 duos
3451 1055 3590 1116 dies,

2030 1177 2273 1246 assignat
2321 1185 2596 1227 accessum
2634 1165 2778 1220 illius
2816 1164 2870 1217 in
2913 1158 3186 1217 Galilaeam
3217 1193 3232 1221 ,
3282 1161 3594 1223 quanquam

2032 1239 2248 1323 interim
2288 1279 2393 1318 non
2437 1276 2604 1332 pauca
2646 1258 2878 1310 fuissent
2907 1253 3072 1306 dicta.
3107 1247 3301 1301 Verum
3337 1239 3593 1311 quoniam

2031 1362 2085 1417 in
2125 1355 2499 1429 superioribus
2536 1349 2777 1406 Juda=am
2829 1341 3178 1413 praediximus
3229 1345 3413 1392 notam
3475 1343 3595 1384 esse

2033 1451 2270 1507 melioris
2300 1445 2580 1513 cujusdam
2612 1440 2710 1503 rei,
2743 1437 2868 1506 quia
2901 1434 2955 1487 in
2987 1429 3204 1486 sublimi
3237 1425 3412 1498 posita
3430 1428 3599 1483 esset.

2034 1541 2320 1601 deterioris
2355 1552 2485 1593 vero
2523 1533 2601 1590 rei
2630 1529 2926 1590 Galilaeam,
2955 1535 3010 1580 et
3053 1523 3155 1577 hac
3191 1519 3405 1574 ratione
3432 1511 3598 1567 Deum

2035 1635 2260 1693 humani
2324 1628 2541 1701 generis
2598 1629 2870 1678 amantem
2905 1656 2921 1682 ,
2981 1630 3075 1671 eos
3136 1611 3228 1682 qui
3289 1607 3602 1662 visitatione

2035 1738 2252 1800 egeant,
2280 1699 2480 1796 quique
2507 1720 2615 1776 sint
2640 1715 2946 1774 inferiores,
2975 1724 3084 1763 non
3117 1703 3428 1773 despicere;
3458 1699 3602 1752 hanc

2037 1823 2107 1879 ob
2134 1835 2348 1876 causam
2387 1811 2745 1872 Samaritauis
2775 1806 3024 1863 celeriter
3050 1798 3277 1860 relictis,
3311 1793 3602 1848 adfuturus

2039 1923 2158 1970 erat
2177 1911 2433 1971 Galilaeis,
2459 1908 2549 1977 qui
2583 1906 2735 1959 illum
2781 1907 3028 1971 prompte
3060 1895 3398 1960 receperant,
3425 1895 3478 1939 et
3515 1897 3603 1938 re-

2040 2006 2149 2076 guli
2183 2003 2351 2058 [ilium
2384 1976 2693 2055 curaturus.
2729 1993 2864 2049 Cum
2917 1997 3096 2043 autem
3139 1984 3254 2038 haec
3301 1981 3353 2033 in
3382 1976 3601 2034 Galil-aea

2039 2073 2294 2160 fecisset,
2357 2094 2593 2148 instante
2650 2087 2960 2143 Iudaeorum
3013 2084 3154 2137 festo
3208 2073 3600 2143 Jerosolymam

2040 2187 2325 2250 ascendit,
2381 2180 2782 2239 solemnitatem
2830 2175 3110 2231 meliorem
3160 2167 3602 2230 festivioremque

2039 2295 2139 2336 suo
2169 2278 2339 2350 ipsius
2368 2277 2602 2331 adventu
2637 2269 2901 2325 facturus.

2111 2415 2201 2474 54.
2241 2411 2346 2468 Sed
2375 2410 2650 2466 videamus
2681 2405 2808 2474 quid
2857 2404 2930 2458 sit
2973 2418 2987 2455 :
3039 2418 3057 2450 ι
3092 2397 3209 2466 Ipse
3263 2395 3407 2449 enim
3449 2391 3608 2448 Jesus

2043 2515 2273 2562 testatus
2332 2512 2416 2558 est
2467 2499 2786 2570 prophetam
2811 2496 2866 2550 in
2890 2493 3106 2564 propria
3141 2489 3315 2560 patria
3347 2486 3607 2540 honorem

2045 2613 2150 2652 non
2183 2597 2385 2652 habere
2400 2593 2448 2626 ’δ
2475 2610 2489 2660 ;
2519 2613 2538 2645 ι
2576 2600 2740 2659 atque
2769 2603 2833 2642 ex
2865 2585 3022 2640 Jesus
3045 2583 3304 2652 dignitate
3337 2580 3440 2633 hoc
3463 2575 3614 2630 testi-

2045 2689 2279 2754 ﬁcantis,
2308 2698 2621 2756 quaeramus
2652 2680 2814 2749 huius
2850 2688 3140 2734 contextus
3174 2669 3613 2742 intelligentiam.

2045 2780 2228 2836 Patria
2282 2779 2450 2848 igitur
2486 2774 2874 2845 prophetarum
2908 2771 2962 2824 in
2988 2768 3173 2824 Judaea
3205 2775 3344 2827 erat,
3381 2759 3615 2816 manife-

2047 2881 2300 2940 stumque
2327 2877 2413 2924 est
2445 2869 2708 2922 honorem
2737 2865 2842 2920 illis
2869 2861 3112 2916 habitum
3148 2871 3253 2911 non
3287 2853 3452 2908 fuisse
3479 2851 3617 2919 apud

2046 2962 2285 3028 Judazos,
2321 2961 2448 3030 quia
2487 2958 2640 3014 fuere
2672 2955 2910 3026 Iapidati,
2941 2953 3094 3014 secti,
3130 2947 3344 3012 tentati,
3377 2945 3427 2998 in
3460 2944 3608 2997 occi-

2049 3056 2200 3110 sione
2252 3052 2412 3123 gladii
2455 3059 2766 3118 pereuntes,
2812 3055 2868 3099 ut
2919 3042 3118 3113 probro
3152 3049 3336 3094 essent
3383 3037 3618 3091 circnm-

380 3143 655 3215 μηλωταῖς
679 3140 812 3212 (58),
847 3143 905 3192 ἐν
933 3138 1161 3206 αἰγείοις
1189 3137 1469 3210 δέρμασιν,
1503 3133 1945 3204 ὐστερουμὲνους,

2057 3155 2240 3202 euntes
2295 3145 2350 3198 in
2392 3142 2682 3198 velleribus
2729 3137 2931 3198 ovium,
2985 3135 3038 3187 iu
3079 3133 3307 3200 pellibus
3355 3129 3618 3197 caprinis,

377 3234 744 3306 θλιϐομένους,
805 3231 1293 3302 κακουχουμένους.
1344 3229 1453 3281 Καὶ
1497 3223 1840 3290 ὀνειδίζονται
1884 3241 1947 3292 γε

389 3326 629 3381 Ἰουδαῖοι
654 3325 762 3377 ἀπὸ
788 3323 882 3376 τοῦ
911 3323 1157 3391 λέγοντος
1191 3321 1325 3392 πρὸς
1364 3319 1559 3381 αὐτούς
1585 3337 1616 3349 ἰ
1641 3338 1658 3368 ι
1685 3316 1816 3370 Τίνα
1843 3314 1950 3368 τῶν

380 3419 674 3492 προφητῶν
701 3420 802 3472 οὑκ
845 3417 1066 3482 ἐδίωξαν
1095 3418 1143 3469 οἱ
1179 3415 1410 3486 πατέρες
1439 3412 1612 3482 ὑμῶν,
1657 3409 1752 3462 καὶ
1781 3407 1952 3469 ἀπέκ-

380 3531 559 3566 τειναν
580 3514 708 3575 τοὺς
725 3508 1296 3582 προκαταγγείλαντας
1313 3523 1379 3558 πε
1388 3506 1440 3576 pi.
1459 3504 1556 3574 τῆς
1575 3501 1838 3564 ἐλεύσεως
1857 3499 1951 3554 τοῦ

385 3604 635 3668 Δικαίου;
661 3622 680 3655 ι
717 3603 908 3663 οἵτινες
933 3600 1023 3652 ἐπὶ
1053 3597 1192 3678 τέλει
1219 3596 1313 3650 καὶ
1341 3595 1430 3648 τὸν
1459 3594 1550 3647 ἐπὶ
1577 3594 1709 3645 πᾶσι
1742 3591 1953 3662 προφή-

383 3711 508 3764 την,
536 3694 602 3746 δι’
634 3686 694 3746 οὗ
719 3692 770 3745 οἱ
791 3690 1063 3762 προφῆται
1090 3687 1360 3759 προφῆται
1382 3683 1722 3755 γεγένηνται,
1753 3681 1956 3751 ἀτιμά-

390 3802 600 3850 σαντες,
659 3802 676 3834 ι
705 3779 855 3854 Αἶρε,
890 3776 1032 3853 αἶρε,
1075 3778 1307 3850 σταύρου
1349 3777 1528 3840 αὐτὸν,
1560 3794 1578 3826 ι
1619 3774 1823 3842 ἔλεγον.
1862 3774 1959 3825 Τε-

389 3878 646 3949 τίμηνται
677 3876 734 3930 δέ
786 3877 843 3928 ἐν
875 3877 941 3946 τῇ
981 3875 1087 3944 ἐμῇ
1130 3869 1349 3942 πατρίδι
1379 3869 1490 3940 (59)
1521 3866 1722 3929 πάντες
1751 3867 1800 3918 οἱ
1829 3882 1960 3936 προ-

392 3971 579 4040 φῆται,
605 3967 698 4021 καὶ
721 3968 750 4018 6
781 3966 888 4020 ἀπὸ
912 3964 1045 4018 Θεοῦ
1075 3963 1311 4026 ἀναστὰς
1339 3960 1480 4014 κατά
1510 3959 1578 4013 τά
1608 3960 1735 4030 περὶ
1767 3957 1958 4011 ἐαυτοῦ

393 4061 657 4134 εἰρημένα
684 4059 789 4112 ὑπὸ
817 4057 1056 4121 Μωσέως
1079 4078 1094 4091 ο
1134 4075 1152 4107 ι
1181 4057 1470 4128 Προφήτην
1513 4054 1638 4124 ὑμῖν
1671 4053 1961 4120 ἀναστήσει

392 4152 597 4225 Κύριος
626 4153 655 4205 6
686 4149 816 4213 Θεὸς
848 4148 1000 4220 ὑμῶν
1037 4149 1100 4200 ἐκ
1130 4146 1236 4200 τῶν
1270 4145 1508 4216 ἀδελφῶν
1540 4141 1713 4214 ὑμῶν,
1742 4141 1816 4204 ὡς
1840 4139 1960 4210 ἐμὲ,

393 4246 558 4304 αὑτοῦ
589 4245 914 4300 ἀκούσεσθε·
946 4265 966 4297 ι
1003 4241 1255 4314 ὴπατρὶς
1281 4239 1391 4308 (ιο)
1422 4239 1530 4309 γὰρ
1561 4235 1730 4291 αὑτοῦ
1759 4236 1817 4289 ἐν
1852 4235 1964 4296 τοῖς

397 4339 574 4394 ἔθνεσι
595 4342 707 4402 τοῖς
730 4337 809 4408 τῷ
837 4332 1244 4408 παραπτώματι
1271 4332 1364 4385 τοῦ
1410 4328 1624 4402 Ἰσραὴλ
1666 4328 1763 4399 τὴν
1792 4342 1967 4395 σωτη-

316 4513 319 4516 Ι
400 4433 522 4506 ρίαν
549 4431 812 4503 εἰληφόσι.
872 4430 983 4483 Καὶ
1028 4430 1084 4482 ἐν
1115 4427 1293 4489 ἄλλοις
1341 4423 1684 4494 γέγραπται·
1736 4439 1755 4471 ι
1781 4418 1967 4481 Οὐδεὶς

399 4527 684 4600 προφήτης
708 4525 895 4589 δεκτός
926 4526 1072 4577 ἐστιν
1104 4524 1162 4576 ἐν
1208 4522 1275 4591 τῇ
1315 4516 1552 4590 πατρίδι,
1587 4514 1680 4568 καὶ
1707 4515 1764 4566 ἐν
1790 4515 1856 4583 τῇ
1890 4513 1969 4564 οί-
2002 4547 2048 4603 Β

400 4621 494 4692 κίᾳ
519 4617 682 4672 αὑτοῦ
704 4633 719 4648 ο
751 4637 769 4668 ι
800 4616 893 4669 καὶ
922 4613 1188 4687 χρήσιμόν
1215 4629 1280 4680 γε
1311 4611 1371 4664 τὸ
1401 4605 1654 4676 συγγενὲς
1674 4602 1846 4681 τούτῳ
1875 4604 1970 4674 ρη-

401 4715 494 4769 τὺν
528 4711 929 4782 συναγαγόντας
971 4709 1077 4764 ἀπὸ
1123 4707 1232 4761 τῶν
1269 4701 1616 4773 Εὐαγγελίων
1666 4699 1793 4751 ἰδεῖν
1819 4697 1968 4755 πότε,

407 4806 502 4861 καὶ
537 4805 630 4860 ἐπὶ
668 4805 772 4858 τίνι
802 4801 879 4874 τῷ
906 4800 1121 4871 Σωτῆρι
1145 4797 1303 4852 τοῦτο
1327 4795 1562 4868 εἴρηται.
1602 4787 1889 4858 Θαυμάσαι
1915 4784 1974 4840 δέ

477 4973 526 5006 ³⁸
555 4970 712 5026 Joan.
741 4983 817 5031 tv,
849 4964 938 5020 44.
1013 4963 1059 4995 ⁸⁸
1083 4960 1247 5016 Hebr.
1279 4974 1361 5031 xi,
1387 4956 1479 5011 37.
1553 4952 1599 4985 ⁸³
1623 4951 1744 5006 Act.
1775 4963 1872 5012 vlt,
1899 4947 1990 5004 52.

405 5045 456 5080 ⁸⁹
477 5044 636 5099 Rom.
662 5055 740 5105 χι,
768 5027 856 5091 II.
957 5034 1002 5068 °°
1029 5034 1163 5088 Luc.
1197 5045 1270 5090 tv.
1299 5027 1391 5082 24.

413 5146 566 5192 ctura
595 5133 830 5202 legatur,
867 5125 1198 5182 κατακόπτει
1226 5122 1283 5174 δὲ
1314 5115 1525 5180 ἑαυτόν,
1562 5113 1615 5167 id
1646 5120 1864 5166 secutus
1899 5118 1983 5164 est

412 5193 721 5268 Ferrarius,
768 5209 1008 5261 vertens,
1045 5217 1064 5249 ι
1108 5199 1320 5249 resecat
1355 5198 1538 5243 autem
1583 5197 1704 5238 sese
1751 5193 1985 5247 evange-

416 5278 619 5413 “53's;
658 5339 769 5396 Καὶ
822 5334 974 5392 κατὰ
1011 5334 1206 5390 τοῦτο.
1262 5329 1321 5383 In
1373 5327 1564 5383 codice
1620 5322 1792 5392 [legio
1840 5322 1991 5376 deest

418 5416 601 5573 κῗίέίξ)
627 5480 810 5536 Codex
837 5475 1162 5534 Bodleianus
1187 5485 1284 5540 pro
1306 5469 1432 5532 τοὺς
1463 5462 1808 5537 Σαμαρείτας
1826 5461 1993 5515 habet

664 5617 898 5684 Αὐτοὺς
942 5612 1122 5684 παρὰ,
1155 5623 1263 5667 etc.
1300 5611 1356 5664 In
1412 5606 1600 5664 codice
1632 5601 1801 5671 Regio
1839 5599 1992 5654 deest

423 5710 638 5830 ωίὲέξ.
657 5761 754 5812 Ἐν
797 5731 1121 5830 μηλωταῖς.
1156 5752 1313 5830 Deest
1343 5751 1394 5828 in
1421 5741 1830 5830 codicegﬂegi‘o.

642 5805 1150 5900 r’éézﬁﬁ'i-‘étiiétir
1178 5820 1252 5890 τῇ
1283 5817 1394 5890 ἐμῇ
1423 5814 1678 5885 πατρίδι,
1723 5805 1832 5867 etc.
1866 5805 1991 5863 Hac

2053 3234 2369 3308 posthabiti,
2399 3231 2666 3304 oppressi,
2713 3227 2953 3285 tribulati
2983 3223 3138 3279 malis
3161 3221 3536 3277 vexationibus
3552 3217 3618 3269 ".

2055 3334 2134 3385 Ac
2175 3328 2419 3400 profecto
2451 3325 2649 3381 Iudaeis
2686 3321 3030 3379 conviciatur
3078 3319 3126 3373 is
3165 3317 3256 3387 qui
3309 3328 3494 3369 coram
3545 3311 3626 3365 eis

2057 3421 2314 3477 dicebat:
2349 3435 2369 3469 ι
2394 3417 2566 3485 Quem
2618 3413 3004 3484 pr0phetarum
3049 3425 3154 3464 non
3200 3414 3324 3462 sunt
3356 3400 3626 3474 persecuti

2058 3522 2242 3581 patres
2285 3511 2476 3576 vestri,
2511 3508 2600 3577 qui
2633 3506 2797 3560 etiam
2825 3501 3145 3557 occiderunt
3174 3513 3288 3564 eos,
3316 3496 3406 3565 qui
3435 3495 3500 3548 de
3525 3495 3622 3546 ad-

2063 3613 2222 3658 ventu
2260 3601 2397 3656 .Iusti
2436 3594 2880 3670 praedixissent"
2905 3593 2928 3646 ?
2955 3612 2973 3644 ι
3009 3591 3100 3657 qui
3139 3589 3299 3644 etiam
3351 3595 3628 3659 postremo

2060 3691 2378 3762 prephetam
2413 3657 2664 3743 omnibus
2706 3681 3141 3744 eminentiorem,
3169 3692 3264 3748 per
3311 3689 3472 3745 quem
3504 3657 3629 3742 pro?-

2051 3761 2242 3848 ’pbetae
2267 3778 2546 3848 prophetae
2577 3775 2704 3830 facti
2734 3781 2880 3837 sunt,
2910 3784 3034 3825 cum
3055 3767 3386 3839 sprevissent
3417 3784 3430 3819 :
3464 3783 3481 3814 ι
3505 3761 3631 3816 Tol-

2065 3867 2136 3933 le,
2173 3865 2322 3931 tolle,
2361 3864 2623 3935 cruciﬁge
2662 3863 2871 3928 eum",
2898 3880 2917 3914 ι
2949 3861 3218 3915 dixerunt.
3256 3853 3512 3911 Honorati
3536 3868 3633 3905 au-

2069 3976 2179 4020 tem
2210 3972 2339 4020 sunt
2368 3963 2422 4016 in
2453 3977 2572 4017 mea
2619 3959 2794 4028 patria
2840 3971 3029 4013 omnes
3051 3954 3348 4025 prophetae,
3375 3961 3428 4004 et
3461 3951 3506 4004 is
3538 3949 3632 4018 qui

2069 4076 2098 4113 a
2127 4053 2246 4114 Deo
2289 4059 2556 4112 excitatus
2586 4062 2690 4118 est,
2718 4051 2872 4120 juxta
2916 4063 2979 4104 ea
3007 4061 3126 4117 qua:
3159 4046 3226 4100 de
3259 4044 3375 4113 ipso
3409 4057 3437 4094 a
3467 4040 3635 4094 Moise

2070 4151 2212 4206 dicta
2245 4155 2413 4204 sunt:
2447 4141 2810 4213 «Proplietam
2852 4138 3138 4195 suscitabit
3175 4135 3332 4190 vobis
3375 4132 3638 4185 Dominus

2070 4242 2212 4296 Deus
2239 4247 2421 4294 vester
2455 4252 2488 4292 e
2512 4234 2770 4290 fratribus
2797 4231 3014 4295 vestris,
3044 4228 3146 4283 mei
3174 4227 3432 4290 similem,
3461 4226 3636 4294 ipsum

2073 4328 2238 4401 269
2271 4325 2604 4389 audietis”;
2636 4341 2654 4374 ι
2683 4320 2860 4391 patria
2893 4317 3039 4374 enim
3097 4315 3268 4384 ipsius
3299 4313 3351 4366 in
3386 4308 3640 4381 gentibus

2073 4423 2213 4477 inest
2234 4420 2305 4484 ",
2336 4432 2455 4487 quae
2494 4416 2647 4485 lapsu
2693 4410 2910 4467 lsraelis
2946 4406 3174 4463 salutem
3211 4407 3553 4471 receperunt.
3580 4395 3640 4451 In

2079 4513 2200 4567 aliis
2245 4510 2414 4564 etiam
2463 4507 2727 4576 scriptum
2755 4511 2840 4558 est
2860 4499 2906 4532 ‘°
2934 4515 2948 4552 :
2980 4515 3002 4549 ι
3028 4495 3218 4551 Nullus
3250 4493 3515 4563 prOpheta
3549 4502 3644 4543 ac-

2075 4613 2262 4675 ceptus
2305 4610 2391 4658 est
2428 4600 2482 4655 in
2529 4597 2703 4669 patria
2745 4605 2800 4650 et
2842 4595 2896 4649 in
2941 4593 3105 4648 domo
3167 4602 3352 4653 suam
3410 4581 3647 4649 utileque

2079 4669 2322 4766 profecto
2370 4691 2539 4746 fuerit
2571 4697 2826 4744 contextu
2856 4687 2942 4740 his
2970 4679 3298 4740 testimoniis
3329 4680 3561 4743 cognato
3591 4669 3646 4722 in

2079 4800 2247 4840 unum
2275 4781 2505 4837 collecto
2529 4794 2597 4835 ex
2630 4776 2961 4848 Evangeliis,
2995 4774 3181 4829 videre
3209 4767 3427 4839 quando
3457 4773 3515 4819 et
3536 4775 3648 4831 quo

2086 4950 2132 4982 "
2163 4947 2321 5004 Joan.
2349 4961 2464 5010 xix,
2506 4942 2594 4998 15.
2700 4939 2747 4973 ⁸⁸
2779 4938 2936 4994 Deut.
2968 4889 3122 4999 xvm,
3158 4931 3255 4997 I5;
3287 4930 3406 4984 Act.
3436 4941 3516 4990 ιιι,
3548 4923 3640 4979 22.

2082 5099 2522 5176 αὑτοπροσώπως
2543 5097 2621 5151 ait
2652 5094 2920 5176 Origenes
2961 5108 2975 5144 :
3024 5104 3146 5176 cum
3172 5087 3322 5176 enim
3358 5099 3518 5166 supra
3563 5083 3648 5136 di-

2082 5155 2917 5241 xisset'prophetjarumpatriam
2946 5175 3068 5241 esse
3093 5158 3354 5241 Judafagm,
3394 5155 3445 5235 in
3472 5167 3650 5236 eaque

2084 5223 2583 5301 contunieliirsillos
2609 5223 2774 5289 fuisse
2799 5233 3118 5301 proscissos,
3153 5223 3440 5301 subiungit
3472 5224 3524 5277 in
3558 5238 3652 5288 pa-

2088 5295 2361 5375 ῐέιὶῖἕίιᾱ,
2417 5305 2747 5375 Alexandria
2791 5295 3066 5375 nilnirum,
3122 5307 3183 5375 et
3227 5295 3484 5374 Egypto,
3545 5308 3651 5375 non

2088 5362 2388 5455 prophetas
2418 5362 2748 5455 soluui,_sed
2793 5362 3070 5455 Christum
3108 5362 3653 5455 PII-DIZI‘IRiUHE-Ilfz—

2090 5430 2223 5508 trior;
2251 5451 2390 5507 aﬂici
2419 5430 2471 5496 vti
2496 5430 2614 5501 nec,
2639 5445 2755 5499 leve
2780 5443 2925 5496 enim
2959 5441 3069 5506 jam
3108 5449 3218 5490 tum
3254 5435 3306 5486 in
3341 5432 3446 5484 illis
3480 5430 3654 5508 parti-

2096 5525 2199 5578 bus
2252 5499 2650 5577 incrementum
2713 5527 2802 5568 res
2852 5499 3156 5565 ChriStiana
3213 5511 3451 5571 ceperat.
3481 5499 3656 5555 Ἠσε-

2097 5610 2239 5649 TIUS.

2333 5655 2666 5742 Hnﬂqtpfg.
2721 5651 2813 5737 Sic
2840 5649 3021 5742 codex!
3044 5641 3391 5742 Bodleiauus,
3415 5637 3653 5704 optime;

2097 5711 2296 5803 Regiii’s
2311 5711 2732 5803 etBarbe'rinus,
2761 5721 2822 5803 ού
2855 5715 3072 5786 πατρίς,
3101 5713 3257 5775 male,
3293 5711 3395 5764 nisi
3423 5723 3648 5776 sequen-

2097 5792 2312 5859 tia‘cum
2346 5795 2769 5864 interrogatione
2795 5792 3058 5860 legantur.
