4170 6428
518 320 622 374 503

1996 323 2320 379 ORIGENIS

3661 334 3728 387 50
3742 335 3765 387 ι

519 441 573 492 iu
614 437 733 492 loco
764 438 1030 495 Servator
1046 437 1150 492 hoc
1177 435 1397 493 dis-erit.
1431 437 1589 492 Libet
1619 450 1802 495 autem
1829 437 2083 493 admirari

2189 439 2304 492 ἔστι
2334 434 2397 490 τὸ
2425 436 2622 509 ἀληθὲς
2648 439 2745 508 τῆς
2773 439 3100 509 ἀποφάσεως
3132 441 3226 495 τοῦ
3257 442 3524 515 Σωτῆρος,
3557 442 3767 523 φθάσαν

515 530 803 585 veritatem
840 530 1127 584 sententiae
1171 529 1499 594 Senatoris,
1549 546 1669 600 qua:
1715 546 1822 586 non
1875 541 2083 586 tantum

518 624 584 677 ad
617 631 838 678 sanctos
871 621 1179 692 prophetas,
1212 632 1425 692 spretos
1457 638 1487 679 ιι
1518 623 1900 688 familiaribus,
1932 635 1988 679 et
2018 626 2086 679 ad

518 716 693 784 ipsum
748 715 1030 767 Dominum
1086 723 1329 768 nostrum
1379 714 1682 782 pertinuit,
1733 716 1827 772 sed
1877 717 1946 770 ad
1992 731 2088 771 eos

513 807 682 859 etiam
733 804 824 875 qui
872 806 1055 875 aliqua
1107 806 1371 874 sapientia
1412 806 1712 862 clarueriut
1753 824 1766 860 :
1804 810 1895 878 qui
1951 809 2087 863 adeo

514 890 848 966 contemptui
883 898 1094 951 civibus
1139 898 1292 952 fuere
1330 899 1522 963 habiti,
1557 911 1618 953 ut
1650 899 1729 955 vel
1758 901 1825 955 ad
1857 912 2085 955 mortem

517 988 679 1058 aliqui
714 1004 903 1042 eorum
936 991 1283 1043 ducerentur.
1318 988 1440 1046 Haec
1468 1003 1646 1047 autem
1678 991 1808 1048 libet
1836 1006 1902 1047 ex
1932 990 2085 1049 Gras-

515 1096 703 1135 corum
753 1081 977 1134 historia
1021 1081 1282 1152 colligere
1317 1084 1383 1139 de
1413 1085 1498 1139 his
1522 1086 1610 1154 qui
1646 1087 1701 1138 in
1732 1084 2088 1155 philosophiae

515 1185 570 1227 et
610 1175 976 1239 astronomiae,
1005 1174 1091 1229 vel
1133 1176 1188 1229 in
1239 1177 1524 1246 quibusvis
1568 1179 1786 1232 tandem
1845 1178 2088 1233 volueris

519 1265 816 1335 disciplinis
878 1277 1300 1322 consenuerunt.
1352 1266 1588 1322 Proinde
1661 1267 2085 1323 conviciantium

520 1369 648 1413 sunt
681 1360 843 1415 etiam
875 1361 960 1415 hte
988 1376 1150 1416 voces
1180 1379 1192 1415 :
1226 1379 1245 1412 ι
1274 1360 1466 1415 Nonne
1492 1362 1579 1416 hic
1613 1371 1695 1416 est
1726 1361 1863 1417 fabri
1903 1360 2043 1416 Illius
2065 1362 2091 1415 τ

515 1454 710 1510 Nonne
754 1467 934 1509 mater
977 1454 1098 1523 eius
1144 1454 1346 1509 dicitur
1390 1455 1583 1523 Maria,
1617 1465 1673 1509 et
1718 1454 1924 1509 fratres
1970 1454 2089 1525 eius

516 1556 645 1601 sunt
674 1548 816 1617 apud
846 1546 1153 1602 nos?Uude
1180 1561 1309 1616 ergo
1329 1546 1456 1602 huic
1483 1547 1602 1602 haec
1632 1550 1814 1603 omnia
1835 1548 1879 1579 “
1898 1548 1951 1601 ἲ»
1988 1548 2088 1602 At-

515 1653 623 1708 que
664 1639 853 1704 etiam,
886 1639 1029 1710 quod
1074 1654 1288 1695 summa
1329 1640 1695 1695 admiratione
1735 1640 1956 1711 dignum
1984 1651 2087 1706 est,

516 1729 745 1800 contigit
777 1728 879 1783 hoc
927 1729 981 1783 in
1034 1729 1337 1799 prapbetis,
1372 1739 1431 1784 ut
1472 1731 1619 1800 quod
1650 1730 1703 1786 in
1731 1732 1819 1787 eis
1849 1740 1973 1786 erat
2012 1731 2092 1785 vi-

471 1891 482 1901 _
516 1834 667 1886 vum,
708 1836 816 1875 non
866 1820 1191 1875 honorarint
1226 1821 1405 1887 cives;
1439 1823 1582 1891 quod
1636 1832 1909 1879 mortuum
1959 1837 2092 1878 vero
2120 1800 2164 1855 Β

516 1923 683 1977 esset,
716 1911 970 1978 foverint,
1002 1911 1336 1969 aedificantes
1370 1914 1615 1984 ipsorum
1649 1922 2001 1969 monumenta
2034 1922 2091 1969 et

517 2016 780 2062 ornantes
805 2006 871 2061 “.
908 2005 1278 2062 Editicantur
1322 2016 1505 2063 autem
1542 2007 1941 2078 prophetarum
1976 2022 2092 2061 mo-

516 2108 772 2152 numenta
804 2107 858 2154 et
894 2107 1183 2163 ornantur,
1211 2114 1355 2165 cum,
1397 2097 1589 2156 relicto
1615 2098 1740 2169 quis
1786 2098 1978 2168 spiritu
2011 2098 2092 2151 vi-

518 2193 797 2258 vitlcante,
837 2192 1039 2248 latente
1078 2194 1131 2248 in
1179 2191 1431 2247 sensibus
1464 2191 1771 2247 litterarum
1824 2193 2088 2263 ipsarum,

522 2286 666 2341 fovet
688 2297 741 2339 et
767 2294 927 2339 ornat
959 2286 1193 2341 litteram
1221 2284 1587 2349 occidentem,
1618 2283 2085 2353 pulchritudinem

521 2377 823 2447 prophetiae
864 2385 1014 2431 ratus
1056 2377 1292 2446 positam
1324 2387 1447 2428 esse
1494 2374 1547 2428 in
1584 2374 1727 2429 nuda
1779 2373 2089 2430 litterarum

521 2469 881 2539 intelligentia
919 2470 1099 2536 :quod
1131 2471 1349 2540 quidem
1382 2469 1565 2525 facere
1592 2466 1769 2523 solent
1792 2477 1908 2523 tum
1948 2465 2091 2520 Pha-

521 2559 689 2625 risaei,
720 2570 831 2614 tum
856 2559 1080 2626 Scribaa,
1097 2561 1295 2632 quibus
1324 2559 1475 2615 «Vae»
1498 2560 1700 2615 dicitur
1728 2574 1758 2614 a
1781 2557 2091 2624 Domino”;

521 2667 750 2723 quorum
772 2653 928 2708 alteri
957 2668 1151 2723 nempe
1175 2655 1332 2709 nuda:
1361 2653 1555 2708 littera:
1581 2660 1940 2724 cognomento
1962 2650 2091 2705 dicti

513 2754 643 2799 sunt
672 2744 963 2811 Litterarii,
988 2744 1101 2799 sive
1134 2744 1367 2811 Scribte;
1402 2742 1661 2797 Pharisaei
1687 2758 1836 2806 vero,
1861 2758 1927 2799 eo
1948 2741 2094 2813 quod

515 2835 670 2890 divisi
699 2845 847 2896 sunt,
875 2835 1316 2905 perdiderintque
1346 2835 1585 2891 divinam
1618 2836 1883 2891 unitatem
1918 2854 1930 2887 :
1967 2852 2095 2892 nam

516 2925 794 2989 Pharisaei,
828 2926 869 2979 si
907 2925 1301 2995 interpreteris,
1333 2926 1493 2981 iidem
1519 2934 1647 2982 sunt
1673 2935 1836 2997 atque
1869 2928 2043 2982 divisi.

579 3012 668 3067 55.
719 3030 739 3064 ι
768 3011 901 3066 Cum
952 3029 1081 3083 ergo
1117 3015 1264 3069 venit
1316 3014 1369 3069 in
1417 3012 1721 3081 Galilaeam,
1756 3026 2082 3085 receperunt

507 3119 633 3159 eum
661 3104 892 3171 Galilazi,
923 3114 979 3159 ut
1008 3107 1101 3176 qui
1135 3107 1397 3162 vidissent
1436 3108 1618 3162 omnia
1651 3123 1773 3178 quas
1807 3106 2083 3180 Jerosoly-

510 3198 614 3251 mis
645 3198 864 3253 fecisset
897 3200 949 3253 in
980 3200 1068 3254 die
1110 3198 1285 3254 festo:
1316 3210 1371 3254 et
1406 3199 1504 3270 ipsi
1544 3201 1690 3257 enim
1729 3213 1993 3259 venerant
2017 3205 2084 3259 ad

508 3290 649 3344 diem
696 3290 891 3346 festum
909 3290 980 3345 οδ.
1011 3309 1031 3343 ι
1070 3292 1300 3363 Dignum
1332 3303 1415 3348 est
1457 3301 1516 3347 ut
1546 3294 1827 3349 videamus
1859 3309 2083 3349 causam

506 3389 730 3451 pr0pter
754 3396 917 3452 quam
942 3385 1254 3453 receperint
1274 3382 1482 3439 Galilaai
1517 3382 1861 3440 Servatorem
1885 3385 1939 3439 in
1971 3385 2083 3441 Ga-

508 3473 701 3529 lilaeam
750 3475 1079 3545 profectum,
1122 3492 1249 3531 num
1292 3486 1442 3531 tanta
1479 3476 1571 3542 sit,
1603 3484 1662 3530 ut
1704 3477 1757 3530 in
1807 3485 2084 3547 stuporem

509 3570 1047 3642 admirationemque
1093 3570 1409 3626 Servatoris
1456 3568 1689 3639 coniecti
1740 3571 1890 3626 illum
1936 3574 2087 3628 exci-

510 3663 660 3731 piant
684 3673 978 3733 :prteterea
995 3665 1061 3719 ad
1078 3680 1199 3734 qua:
1227 3661 1573 3720 referendum
1607 3663 1680 3718 sit
1721 3664 1827 3719 hoc
1854 3664 2084 3731 dictum,

510 3758 736 3824 perinde
761 3757 915 3827 quasi
954 3758 1124 3813 multa
1156 3769 1342 3815 essent
1373 3773 1494 3829 quae
1527 3757 1887 3830 Jerosolymis
1919 3758 2085 3815 fecis-

511 3856 596 3901 set
640 3846 836 3915 Jesus;
869 3867 889 3899 ι
919 3864 1042 3902 cum
1071 3850 1256 3904 omnia
1291 3849 1558 3906 vidissent
1590 3866 1710 3920 quae
1740 3849 1961 3906 fecisset
1991 3849 2087 3905 Je-

512 3938 801 4010 rosolymis
838 3942 891 3994 in
936 3941 1023 3996 die
1062 3940 1263 3995 festo.)
1299 3939 1406 3996 Sed
1455 3955 1525 3996 ne
1573 3940 2084 4017 superiusquidem

510 4033 806 4104 quidquam
846 4034 1176 4097 invenimus,
1223 4034 1327 4088 nisi
1360 4036 1486 4105 quia
1515 4054 1535 4088 ι
1569 4036 1778 4091 invenit
1803 4035 1857 4090 in
1885 4034 2087 4104 templo

507 4126 804 4183 vendentes
861 4126 1027 4197 27o
1067 4125 1255 4192 boves,
1307 4135 1363 4182 et
1414 4141 1570 4194 oves,
1611 4135 1668 4181 et
1696 4126 2000 4192 columbas,
2032 4137 2087 4182 et

511 4219 820 4279 mensarios
873 4221 1148 4283 sedentes,
1196 4219 1452 4289 factoque
1493 4232 1525 4273 e
1560 4217 1817 4274 funiculis
1845 4217 2084 4290 ﬂagello,

515 4327 711 4368 omnes
736 4327 767 4367 ο
804 4312 1004 4383 templo
1037 4310 1215 4381 ejecit,
1266 4320 1378 4365 tum
1426 4324 1581 4376 oves,
1638 4322 1752 4366 tum
1807 4311 1995 4379 boves,
2028 4322 2084 4366 et

2106 3057 2153 3117 ϐ

2188 530 2251 582 ού
2302 528 2463 599 μόνον
2493 531 2586 582 ἐπὶ
2628 532 2751 594 τοὺς
2782 532 2968 600 ἁγίους
3016 536 3315 606 προφήτας,
3369 536 3768 606 ἀτιμασθέντας

2193 621 2343 693 παρὰ
2367 622 2479 685 τοῖς
2506 623 2747 687 οίκείοις,
2797 624 2891 677 κα)⁵
2917 626 3005 678 ἐπ’
3030 626 3190 680 αὑτὸν
3233 628 3324 680 τὸν
3355 625 3555 698 Κύριον
3589 628 3766 700 ήμῶν,

2192 713 2328 767 άλλά
2356 715 2450 767 καὶ
2481 714 2575 767 ἐπὶ
2614 716 2741 778 τοὺς
2773 715 2830 769 έν
2862 734 2969 771 τινι
3016 718 3178 790 σοφίᾳ
3223 718 3629 790 διατρίψαντας,
3674 722 3768 773 καὶ

2193 806 2705 879 καταφρονηθέντας
2737 808 2843 862 ὑπὸ
2880 809 2991 864 τῶν
3025 811 3276 876 πολιτῶν,
3306 811 3447 866 ὥστε
3484 812 3635 877 τινὰς
3665 814 3766 866 αύ-

2193 898 2301 951 τῶν
2332 898 2441 971 (Μ)
2473 898 2566 951 καὶ⁹
2603 900 2701 971 τὴν
2728 899 2820 952 ἐπὶ
2849 898 3065 972 θανάτῳ
3093 902 3402 974 ἀπαχθῆναι
3429 903 3563 974 (42).
3613 901 3741 967 Ἕξε

2197 1008 2280 1044 στι
2309 991 2366 1044 δὲ
2396 990 2565 1045 ταῦτα
2591 991 2698 1046 ἀπὸ
2719 992 2819 1063 τῆς
2862 993 3177 1067 Ἑλληνικῆς
3213 996 3450 1068 ἱστορίας
3473 995 3742 1062 άναλέξασ

2194 1080 2282 1135 θαι
2318 1083 2575 1155 περὶτῶν
2614 1083 3089 1155 φιλοσοφησάντων
3121 1086 3214 1140 καὶ
3250 1086 3767 1159 άττρονομησάντων

2194 1176 2227 1248 ἢ
2270 1176 2476 1240 ὁποίοις
2507 1177 2707 1248 δήποτε
2759 1178 3043 1250 μαθήμασι
3067 1178 3499 1251 διαπρεψάντων.
3542 1181 3767 1253 Ἀτιμα-

2196 1269 2394 1334 ζόντων
2437 1269 2494 1323 δὲ
2534 1271 2626 1323 καὶ
2666 1263 2826 1324 αὗται
2860 1272 2915 1323 αί
2954 1272 3155 1341 φωναί·
3199 1291 3217 1323 ι
3244 1271 3355 1343 Οὐχ
3388 1266 3541 1337 οῦτός
3563 1275 3710 1327 ἐστιν
3737 1272 3771 1328 ϐ

2192 1362 2287 1416 τοῦ
2314 1361 2562 1427 τέκτονος
2592 1362 2743 1428 υίός;
2776 1363 2874 1433 ούχ
2920 1366 2952 1434 ή
2985 1365 3167 1436 μήτηρ
3196 1364 3359 1419 αὐτοῦ
3410 1365 3626 1434 λέγεται
3652 1368 3772 1421 Μα-

2156 1528 2163 1535 ι
2197 1453 2353 1526 ριὰμ,
2394 1453 2488 1507 καὶ
2533 1456 2582 1507 οἱ
2614 1455 2833 1523 ἀδελφοὶ
2864 1455 3028 1509 αὑτοῦ
3080 1458 3183 1509 είσι
3216 1456 3351 1527 πρὸς
3381 1458 3562 1528 ἡμᾶςς
3598 1457 3772 1513 Πόθεν

2194 1543 2288 1601 οὖν
2313 1545 2484 1616 τούτῳ
2510 1545 2685 1599 πάντα
2709 1544 2913 1613 ταῦτα;
2938 1567 2957 1599 ι
2992 1548 3103 1600 Καὶ
3134 1548 3563 1620 παραδοξότατόν
3586 1566 3651 1620 γε
3677 1549 3771 1603 ἐπὶ

2195 1638 2304 1692 τῶν
2338 1636 2634 1710 προφητῶν
2667 1638 2824 1692 τοῦτο
2851 1640 3186 1711 συμϐέϐηκε,
3218 1640 3280 1694 τὸ
3323 1641 3422 1712 μὲν
3450 1640 3559 1706 ζῶν
3591 1642 3771 1696 αὐτῶν

2194 1731 2255 1784 ού
2288 1731 2646 1801 τετιμήκασι-ι
2670 1731 2719 1784 οἱ
2749 1731 2979 1796 πολῖται,
3003 1732 3062 1785 τὸ
3085 1732 3142 1785 δὲ
3174 1732 3365 1803 νεκρὸν
3390 1733 3769 1804 περιέπουσιν,

2190 1823 2593 1894 οἰκοδομοῦντες
2634 1822 2813 1877 αὐτῶν
2840 1823 2906 1877 τὰ
2931 1827 3172 1896 μνημεῖα
3200 1824 3293 1877 καὶ
3313 1824 3664 1895 κοσμοῦντες.
3681 1826 3774 1880 οι-

2191 1915 2439 1986 κοδομείν
2488 1914 2546 1969 δέ
2578 1916 2694 1968 ἐστι
2740 1914 2810 1969 τά
2863 1917 3104 1985 μνημεῖα
3153 1913 3262 1967 τῶν
3306 1915 3623 1986 προφητῶν,
3676 1915 3773 1970 καὶ

2192 2008 2416 2078 κοσμεῖν
2445 2006 2608 2071 αὐτὰ,
2641 2007 2752 2070 ὅτε,
2786 2006 2845 2060 τὸ
2874 2005 3171 2070 ζωοποιοῦν
3213 2005 3432 2078 πνεῦμα
3459 2005 3773 2064 καταλιπών

2188 2116 2274 2161 τις
2296 2101 2357 2153 τὸ
2380 2100 2681 2171 ἐνυπάρχον
2700 2100 2811 2162 τοῖς
2836 2095 3140 2169 βουλήμασι
3161 2096 3270 2150 τῶν
3303 2098 3645 2170 γραμμάτων
3671 2098 3771 2154 αὐ-

2191 2192 2316 2253 τῶν.
2349 2190 2599 2263 περιέπει
2635 2190 2730 2243 καὶ
2758 2193 3084 2261 περικοσμεί
3132 2190 3195 2247 τὸ
3235 2192 3553 2245 ἀποκτείνον
3585 2192 3770 2265 γράμ-

2195 2302 2291 2357 μα,
2323 2283 2386 2338 τὸ
2431 2282 2624 2348 κάλλος
2666 2282 2909 2355 οἰόμενος
2938 2284 3039 2353 τῆς
3081 2282 3414 2355 προφητείας
3450 2284 3507 2337 ἐν
3544 2286 3611 2356 τῇ
3641 2284 3772 2358 ψιλῇ

2191 2373 2330 2431 εῖναι
2360 2376 2555 2448 ἐκδοχῇ
2602 2373 2695 2429 τοῦ
2739 2375 3086 2447 γράμματος.
3126 2376 3327 2447 Ἔργον
3381 2374 3439 2429 δὲ
3477 2374 3638 2429 τοῦτο
3664 2375 3776 2431 τῶν

2190 2467 2625 2540 ταλανιζομένων
2668 2468 2776 2523 ἀπὸ
2826 2466 2919 2521 τοῦ
2971 2467 3176 2538 Κυρίου
3226 2468 3622 2539 γραμματέων,
3679 2467 3777 2522 καὶ

2191 2560 2503 2633 Φαρισαίων
2529 2579 2545 2594 ·
2601 2560 2975 2631 γραμματέων
3035 2559 3135 2630 μὲν
3198 2558 3613 2630 ὀνομαζομένων
3665 2557 3778 2616 τῶν

2190 2654 2494 2726 ἐπωνύμων
2518 2652 2675 2724 ψιλοῦ
2708 2652 2802 2707 τοῦ
2835 2653 3194 2725 γράμματος·
3225 2653 3538 2725 Φαρισαίων
3565 2652 3623 2708 δὲ
3666 2654 3779 2709 τῶν

2191 2746 2669 2821 ἀποδιῃρημένων,
2718 2747 2813 2801 καὶ
2864 2746 2964 2818 τὴν
3017 2745 3167 2800 θείαν
3231 2747 3460 2818 ἑνότητα
3505 2745 3778 2801 ἀπολωλε-

2191 2839 2398 2896 κότωνο
2446 2840 2728 2913 Φαρισαῖοι
2790 2837 2900 2909 γὰρ
2959 2837 3355 2911 ἐρμηνεύονται
3400 2840 3452 2892 οἱ
3502 2836 3780 2909 διῃρημέ-

2192 2948 2342 3073 νοέῦ.
2374 3037 2393 3070 ι
2423 3014 2549 3073 Ὅτε
2575 3012 2668 3071 οῦν
2697 3012 2991 3090 mem;
3016 3016 3115 3088 τὴν
3161 3016 3469 3083 Γαλιλαίαν,
3521 3016 3771 3081 ἐδέξαντο

2187 3108 2350 3163 αὑτὸν
2383 3112 2433 3163 οί
2476 3107 2770 3172 Γαλιλαῖοι,
2805 3108 2983 3162 πάντα
3012 3109 3317 3180 ἑωρακότες
3346 3109 3382 3164 ἃ
3412 3110 3667 3181 ἐποίησεν
3709 3112 3769 3164 ἐν

2197 3199 2588 3272 Ἱεροσολύμοις
2620 3202 2678 3254 ἐν
2709 3202 2775 3271 τῇ
2815 3200 2976 3271 ἑορτῇ
2997 3217 3009 3229 ·
3053 3200 3147 3253 καὶ
3174 3199 3332 3253 αὐτοὶ
3360 3198 3471 3271 γὰρ
3497 3195 3662 3272 ἦλθον
3687 3201 3769 3264 είς

2183 3289 2282 3361 τὴν
2327 3291 2540 3361 ἑορτήν.
2564 3308 2581 3341 ι
2618 3288 2800 3357 ι’Δξιον
2832 3288 2959 3342 ίδεῑν
3001 3289 3100 3361 τὴν
3130 3290 3309 3344 αἰτίαν
3341 3290 3440 3361 τῆς
3472 3290 3582 3344 τῶν
3612 3290 3652 3343 Γ
3654 3290 3770 3344 αλι-

2184 3380 2352 3435 λαίων
2399 3380 2738 3453 παραδοχῆς,
2777 3381 2845 3452 ἢν
2901 3381 3268 3451 παρεδέξαντο
3295 3382 3387 3436 τὸν
3433 3383 3666 3457 Σωτῆρα
3691 3383 3771 3438 ἐλ-

2185 3473 2345 3527 θόντα
2378 3474 2456 3536 είς
2482 3472 2579 3544 τὴν
2599 3471 2909 3536 Γαλιλαίαν,
2946 3474 2995 3526 εί
3023 3472 3326 3546 τηλικαύτη
3355 3474 3467 3547 (45)
3502 3471 3593 3548 ἦν,
3625 3475 3770 3532 ὥστε

2185 3563 2525 3636 κατάπληξιν
2567 3564 2751 3629 αὐτοῖς
2782 3564 3105 3635 ἐμποιῆσαι,
3141 3567 3235 3620 καὶ
3285 3565 3609 3639 θαυμασμὸν
3641 3569 3769 3641 περὶ

2183 3656 2279 3710 τοῦ
2309 3658 2582 3730 Σωτῆρος,
2618 3660 2698 3721 είς
2720 3658 2781 3710 τὸ
2810 3657 3214 3730 παραδέξασθαι
3243 3660 3405 3713 αὐτόν
3428 3677 3443 3691 ·
3473 3659 3554 3714 ἔτι
3578 3660 3635 3715 δέ
3676 3662 3770 3716 ἐπὶ

2184 3751 2307 3805 τίνα
2335 3751 2685 3823 ἀναφέρεται,
2732 3750 2896 3805 οἱονεὶ
2941 3751 3113 3806 πολλὰ
3150 3752 3278 3807 ὄντα
3310 3752 3424 3823 (44)
3447 3752 3484 3806 ἃ.
3513 3753 3771 3826 ἐποίησεν

2186 3846 2243 3899 ἐν
2280 3845 2673 3917 Ἰεροσολύμοις
2717 3847 2749 3899 ὁ
2788 3844 3017 3916 Ἰησοῦς.
3068 3846 3160 3899 τό·
3212 3864 3231 3897 ι
3255 3846 3442 3900 Πάντα
3466 3846 3771 3919 ἑωρακότες

2184 3934 2284 3988 ὅσα
2321 3935 2573 4005 ἐποίησεν
2605 3936 2663 3988 ἐν
2705 3935 3116 4008 Ἱεροσολύμοις,
3166 3939 3225 3990 ὲν
3274 3939 3340 4007 τῇ
3385 3937 3612 4009 ἐορτῇ.ι
3666 3938 3771 3992 Οὐ-

2185 4026 2272 4079 δὲν
2298 4027 2354 4080 δὲ
2384 4026 2710 4098 εὑρίσκομεν
2756 4027 3155 4100 προειρημένον
3199 4028 3232 4099 ἢ
3260 4029 3343 4082 ὅτι
3374 4049 3392 4080 ι
3418 4022 3574 4101 εὗρεν
3602 4031 3663 4084 ἐν
3689 4028 3771 4101 τῷ

2189 4117 2317 4189 ἱερῷ
2345 4119 2469 4182 τοὺς
2509 4117 2825 4182 πωλοῦντας
2872 4119 3020 4189 βόας,
3066 4121 3162 4174 καὶ
3188 4120 3459 4191 πρόϐατα,
3485 4121 3581 4175 καὶ
3612 4138 3771 4194 περι-

2189 4209 2385 4281 στεράς
2415 4251 2431 4275 ,
2482 4211 2574 4265 καὶ
2622 4214 2747 4275 τοὺς
2798 4212 3206 4284 κερμαστιστὰς
3250 4213 3593 4286 καθημένους
3622 4252 3638 4279 ,
3674 4214 3769 4269 κα)⁵

2187 4304 2419 4375 ποιήσας
2443 4304 2765 4374 φραγέλλιον
2802 4307 2868 4359 ἐκ
2903 4306 3151 4377 σχοινίων
3181 4308 3390 4371 πάντας
3416 4307 3670 4373 ἐξέϐαλεν
3701 4309 3768 4361 ἐκ

513 4405 907 4459 mensariorum
959 4420 1032 4458 aes
1062 4402 1274 4466 effudit,
1330 4413 1385 4458 et
1430 4418 1650 4458 mensas
1697 4403 1984 4469 subvertit,
2029 4414 2085 4460 et

2189 4395 2282 4449 τοῦ
2307 4394 2477 4469 ἱεροῦ,
2517 4396 2586 4451 τά
2628 4414 2690 4450 τε
2726 4397 2991 4470 πρόϐατα,
3034 4398 3129 4452 κα)⁵
3165 4400 3291 4463 τοὺς
3333 4398 3481 4469 βόας,
3524 4400 3617 4454 καὶ
3657 4400 3767 4456 τῶν

511 4496 796 4553 columbas
826 4494 1184 4549 vendentibus
1210 4492 1349 4547 dixit
1379 4508 1395 4547 :
1429 4490 1627 4546 Tollite
1661 4492 1764 4547 ista
1804 4492 1953 4559 hinc,
1981 4507 2082 4549 nec

513 4590 680 4646 facite
714 4590 931 4643 domum
988 4586 1168 4642 Patris
1220 4587 1348 4653 mei,
1396 4588 1615 4642 domum
1666 4597 1940 4641 mercatus
1961 4586 2075 4641 ⁸⁸.»

513 4684 651 4751 Quid
687 4697 818 4751 ergo
856 4681 908 4735 in
952 4679 1038 4734 his
1077 4679 1212 4734 tanti
1258 4688 1362 4743 est,
1395 4688 1454 4732 ut
1489 4678 1680 4731 horum
1728 4678 1902 4746 gratia
1950 4682 2079 4736 moti

510 4776 725 4831 Galilei
763 4775 1049 4830 Dominum
1091 4773 1426 4840 reciperent;
1457 4786 1617 4842 quos,
1657 4770 1781 4839 quia
1814 4771 1959 4827 hunc
1992 4789 2080 4828 re-

512 4869 741 4937 cipiattt,
770 4875 1002 4919 testatur
1042 4878 1139 4918 eva
1153 4856 1377 4933 dgelista
1408 4860 1799 4932 Jerosolymam
1831 4877 1956 4918 cum
1984 4880 2076 4919 ve~

513 4960 723 5014 nissent
769 4959 835 5010 ad
885 4958 1026 5011 diem
1078 4953 1302 5019 festum,
1343 4954 1543 5008 vidisse
1590 4954 1773 5009 omnia
1812 4971 1935 5023 quae
1973 4958 2083 5013 illic

512 5048 677 5104 Jesus
709 5046 948 5102 fecerat?
989 5046 1071 5101 Ad
1117 5047 1259 5115 quod
1299 5044 1731 5113 respondendum
1757 5054 1861 5109 est,
1891 5047 1935 5101 si
1971 5064 2086 5102 me-

513 5155 699 5194 mores
727 5152 914 5192 sumus
943 5150 1131 5191 eorum
1160 5149 1284 5205 quae
1330 5134 1565 5188 diximus
1606 5132 1660 5186 in
1712 5148 1838 5187 eum
1881 5134 2083 5203 locum,

512 5246 634 5299 quae
670 5228 1025 5283 declarabant
1072 5239 1179 5279 non
1210 5224 1473 5277 minorem
1506 5225 1803 5292 potentiam
1828 5226 2085 5283 Servatoo

586 5327 626 5357 ‘"
667 5323 853 5377 Matth.
894 5336 1013 5383 xm,
1059 5318 1256 5386 55,36.

516 5397 560 5428 "
591 5394 747 5448 Joau.
779 5409 840 5458 tt,
876 5392 943 5445 Η
976 5405 1098 5460 seq.

589 5481 1102 5558 (ιη’ᾨστετινὰς
1143 5481 1362 5537 αὐτῶν.
1398 5479 1525 5534 Haec
1584 5479 1971 5538 desiderantur
2027 5486 2081 5541 iu

518 5555 710 5611 codice
742 5555 1054 5610 Bodleiano.

592 5624 701 5695 (αἰεὶ)
724 5626 903 5679 Codex
931 5623 1274 5685 Bodleianus,
1304 5623 1555 5695 ἀχθῆναι.

595 5692 705 5811 ili?)
752 5695 919 5751 Codd.
980 5696 1178 5766 llvgius
1227 5705 1279 5749 t'l
1332 5692 1681 5759 Barbcrinus,
1732 5692 2085 5767 τηλικαύτην,

508 5771 668 5811 mue.

569 5778 668 5813 ειιιτ.

1358 5316 1402 5347 θ’
1426 5319 1612 5380 Matth.
1665 5333 1819 5386 xxut,
1857 5321 1959 5388 29;
2006 5322 2140 5383 Luc.
2179 5342 2256 5392 χι,
2282 5325 2371 5387 47,
2405 5324 2495 5379 48.

2190 4492 2554 4546 κολλυϐιστῶν
2608 4492 2788 4564 ἐξέχεε
2818 4493 2887 4546 τὰ
2929 4494 3200 4566 κέρματα,
3250 4495 3465 4559 καὶτὰς
3489 4495 3766 4566 τραπέζας

2191 4585 2454 4658 ἀνέτρεψε
2479 4585 2614 4656 (45),
2646 4586 2739 4638 καὶ
2765 4590 2877 4650 τοῖς
2900 4586 2998 4650 τὰς
3040 4589 3364 4660 περιστερὰς
3393 4587 3662 4641 πωλοῦσιν
3686 4582 3765 4640 εἷ-

2192 4695 2291 4731 πεν
2314 4695 2326 4707 ·
2362 4678 2563 4748 Ἄρατε
2612 4675 2785 4729 ταῦτα
2820 4676 3085 4742 ἐντεῦθεν,
3143 4678 3217 4749 μὴ
3259 4680 3461 4731 ποιεῖτε
3494 4677 3583 4731 τὸν
3619 4672 3769 4733 οἷκον

2190 4769 2284 4823 τοῦ
2314 4769 2526 4839 Πατρός
2582 4785 2682 4839 μου
2712 4765 2858 4822 οἷκον
2895 4769 3179 4841 ἐμπορίου.
3207 4789 3239 4845 ι.
3270 4771 3335 4822 Τί
3382 4766 3475 4824 οὖν
3516 4768 3769 4841 τηλικοῦ-

2190 4863 2282 4915 τόν
2315 4864 2464 4915 ἐστιν
2511 4863 2569 4914 ἐν
2602 4860 2811 4924 τούτοις
2845 4861 2979 4934 (46),
3029 4859 3169 4915 ὥστε
3205 4861 3527 4932 κινηθέντας
3556 4862 3644 4914 ἐπ’
3670 4861 3770 4914 αύ-

2186 4958 2299 5019 τοίς
2330 4955 2455 5017 τοὺς
2480 4951 2795 5016 Γαλιλαίους
2813 4953 3066 5017 δέξασθαι
3092 4954 3182 5007 τὸν
3208 4953 3431 5025 Κύριον,
3467 4969 3772 5026 μαρτυρουο

2191 5047 2381 5117 μένους
2410 5043 2497 5098 διὰ
2529 5044 2590 5097 τὸ
2616 5045 2777 5097 αὐτὸν
2804 5044 3074 5115 δέχεσθαι,
3102 5047 3243 5110 ἐπεὶ,
3279 5045 3523 5109 ἐλθόντες
3563 5047 3643 5108 είς
3669 5044 3769 5115 τὴν

2189 5139 2381 5210 ἑορτὴν
2410 5140 2467 5190 ἐν
2512 5136 2772 5208 Ἰεροσολύ
2781 5155 2922 5207 μοις,
2973 5140 3150 5191 πάντα
3179 5139 3487 5211 ἑωράκασιν
3515 5137 3554 5192 ἃ
3581 5136 3767 5206 ἐποίη-

2190 5246 2282 5283 σεν
2307 5230 2423 5281 ἐκεῖ
2465 5229 2493 5281 ό
2531 5226 2775 5296 Ἰησοῦς;
2827 5228 2889 5280 Et
2938 5227 3263 5299 μεμνήμεθα
3311 5227 3419 5281 τῶν
3465 5225 3770 5298 εἰρημένων

2591 5323 2636 5353 ⁸³
2675 5320 2867 5375 Matth.
2908 5338 3065 5389 mu,
3107 5321 3196 5377 29.
3290 5322 3337 5353 “
3366 5320 3525 5378 Joau.
3557 5336 3635 5389 tv,
3671 5317 3764 5373 45.

2262 5481 2375 5553 (ﬂ)
2411 5478 2620 5553 IIong
2653 5478 2818 5532 ὄντα.
2859 5477 2938 5532 lta
2974 5479 3146 5534 codex
3177 5477 3536 5546 Bodleianus;
3570 5479 3626 5535 in
3656 5479 3766 5536 Re-

2190 5550 2279 5624 giu
2296 5552 2456 5624 deest
2487 5550 2632 5624 byw.

2259 5622 2372 5687 (£5)
2398 5620 2568 5692 Codd.
2607 5619 2809 5692 [ἰθείης
2836 5627 2892 5672 et
2924 5618 3275 5692 Barberinus,
3308 5619 3631 5692 άνέστρεψε.

2261 5690 2574 5765 («16)Codcx
2604 5689 2955 5756 Bodleianus,
2978 5691 3036 5743 ἐν
3065 5690 3176 5752 τοῖς
3207 5689 3489 5757 τοιούτοις.
