4170 6422
412 389 520 445 505

1461 386 1816 444 COMMENT.
1858 384 1923 439 IN
1962 383 2152 440 JOAN.
2191 380 2431 439 TOMUS
2463 377 2601 435 XIII.

3545 373 3649 430 506

414 509 492 571 εἰς
518 506 611 559 τὸν
657 507 816 561 τόπον
848 507 1272 563 ἀποδεικνύντων
1320 509 1421 561 οὐκ
1469 508 1724 562 ἐλάττονα
1754 504 1983 575 δύναμιν

2089 504 2163 558 ris
2191 501 2513 572 apparuisse
2545 498 2599 552 in
2626 494 2909 567 ejiciendis
2942 492 3070 559 illis,
3098 505 3261 561 quam
3302 504 3422 546 cum
3450 502 3649 559 Opera-

414 597 767 667 ἐμφαίνεσθαι
790 599 881 652 τοῦ
902 601 1150 672 Σωτῆρος
1186 602 1243 653 ἐν
1268 602 1492 665 ἐκείνοις
1517 601 1666 672 παρὰ
1697 598 1795 670 τὴν
1833 600 1982 669 svsp-

415 690 660 756 γήσασαν
714 689 793 752 είς
820 689 1054 758 τυφλοὺς
1086 687 1400 759 ἀναϐλέψαι,
1446 690 1540 743 καὶ
1581 690 1797 758 κωφοὺς
1829 687 1984 742 άκοῦ-

417 793 529 859 σαι,
574 779 689 839 καὶ»
716 778 921 849 χωλοὺς
952 781 1345 852 περιπατῆσαι,
1374 781 1613 848 λεκτέον,
1648 781 1729 834 ὅτι
1776 784 1981 851 μήποτε

415 868 551 938 ὅπερ
583 868 925 941 λογισάμενοι
955 873 1304 944 ὲννοήσαντες
1346 874 1395 925 οί
1429 872 1718 935 Γαλιλαῖοι,
1762 873 1855 925 xui
1887 888 1986 924 xu-

306 994 313 998 -
417 958 784 1025 ταπλαγέντες
808 961 907 1033 τὴν
934 961 1180 1014 θειότητα
1216 961 1310 1015 τοῦ
1351 962 1545 1032 Ἰησοῦ,
1579 960 1797 1015 ἐλθόντα
1826 960 1985 1014 αὑτὸν

418 1051 496 1112 είς
518 1049 616 1121 τὴν
670 1050 957 1105 Γαλιλαίαν
1004 1052 1273 1119 ἐδέξαντο,
1325 1053 1501 1106 πάντα
1549 1050 1854 1123 ἑωρακότες
1885 1051 1987 1104 ὅσα

418 1143 670 1213 ἐποίησεν
722 1146 781 1196 ἐν
811 1146 923 1208 τοῖς
962 1145 1366 1225 Ἱεροσολύμοις.
1407 1146 1488 1198 Τὰ
1525 1144 1582 1198 δὲ
1610 1143 1788 1199 πάντα
1813 1143 1987 1198 ταῦτα

414 1231 505 1306 ἦν,
550 1235 628 1305 τῷ
654 1238 719 1288 ἐκ
748 1234 994 1305 σχοινίων
1042 1236 1349 1307 φραγελλίῳ
1393 1233 1753 1304 ἐκϐεϐλῆσθαι
1801 1234 1866 1286 ὲκ
1893 1230 1986 1286 τοῦ

421 1326 563 1399 ἱεροῦ
589 1326 658 1380 τά
686 1343 746 1379 τε
779 1326 1044 1397 πρόϐατα,
1073 1328 1197 1390 τοὺς
1228 1326 1374 1396 βόας,
1401 1327 1496 1381 καὶ
1526 1326 1632 1379 τῶν
1657 1324 1767 1396 (47)
1799 1323 1989 1377 κολλυ-

421 1418 621 1471 ϐιστῶν
665 1418 986 1489 ἐκκεχύσθαι
1029 1418 1098 1471 τὰ
1142 1418 1412 1490 κέρματα,
1455 1416 1680 1481 καὶτὰς
1709 1416 1989 1487 τραπέζας

419 1509 840 1581 ἀνατετράφθαι.
892 1509 1315 1575 Μετόὲξουσίας
1358 1510 1417 1563 δὲ
1463 1508 1713 1582 εἰρῆσθαι
1757 1510 1869 1572 τοῖς
1892 1507 1990 1570 τὰς

419 1599 746 1671 περιστερὰς
789 1598 1057 1655 πωλοῦσιν
1078 1617 1090 1629 ·
1115 1602 1358 1672 ιἈρατε
1407 1600 1579 1655 ταῦτα
1609 1598 1878 1664 ἐντεῦθεν,
1915 1597 1991 1670 μὴ

422 1692 620 1744 ποιεῖτε
650 1691 739 1744 τὸν
766 1686 913 1744 οἷκον
955 1690 1049 1744 τοῦ
1088 1692 1299 1763 Πατρός
1335 1709 1436 1762 μου
1483 1687 1630 1744 οἶκον
1658 1690 1942 1761 ἐμπορίου.
1966 1707 1986 1740 ι

421 1777 588 1851 Οἶμαι
627 1781 683 1834 δὲ
719 1781 851 1851 μηδὲ
891 1780 1063 1835 ταῦτα
1095 1782 1233 1853 μόνα
1259 1782 1419 1836 αὐτὸν
1463 1780 1817 1852 πεποιηκέναι
1845 1779 1987 1844 τότε,

422 1871 557 1924 ἀλλὰ
589 1872 681 1925 καὶ
707 1872 839 1925 ἄλλα
880 1876 1102 1943 σημεῖαο
1127 1872 1442 1944 ἐπιφέρεται
1471 1871 1579 1943 γὰρ
1606 1870 1813 1934 τούτοις
1839 1869 1948 1940 (48)
1971 1887 1985 1900 ·

426 1980 445 2013 ι
467 1962 554 2026 Ὠς
581 1963 636 2016 δὲ
659 1958 727 2033 ἦν
759 1964 817 2016 ἐν
847 1966 957 2028 τοῖς
1004 1964 1393 2037 Ἱεροσολύμοις
1416 1967 1472 2017 ὲν
1500 1962 1577 2034 τῷ
1601 1962 1813 2032 Πάσχα,
1842 1963 1899 2016 ἐν
1922 1963 1988 2033 τῇ

422 2057 580 2126 ἑορτῇ
628 2055 813 2109 πολλοὶ
864 2055 1187 2109 ἐπίστευσαν
1231 2058 1310 2120 εἰς
1336 2055 1397 2108 τὸ
1427 2056 1596 2125 ὄνομα
1639 2052 1828 2118 αὑτοῦ,
1859 2051 1992 2105 θεω-

425 2147 642 2216 ροῦντες
675 2148 842 2202 αὐτοῦ
870 2148 938 2202 τὰ.
970 2151 1168 2220 σημεῖα
1201 2147 1236 2202 ἃ
1267 2148 1520 2218 ἐποίησεν
1543 2163 1556 2177 ·
1607 2166 1627 2199 ι
1680 2148 1764 2215 ἐφ’
1791 2140 1873 2208 οἷς
1898 2144 1992 2197 καὶ

424 2238 779 2311 όΝικόδημός
827 2257 987 2312 (ρηςιί⁹
1048 2260 1066 2291 ι
1091 2238 1297 2304 Ῥαϐϐὶ,
1348 2239 1567 2308 οἴδαμεν
1597 2239 1678 2291 ὅτι
1724 2236 1832 2290 ἀπὸ
1857 2234 1990 2288 Θεοῦ

421 2330 683 2401 ἐλήλυθας
712 2332 1056 2396 διδάσκαλος”
1103 2332 1275 2394 οὐδεὶς
1317 2331 1426 2402 γὰρ
1445 2330 1666 2385 δύναται
1691 2330 1759 2384 τά
1792 2330 1992 2401 σημεῖα

419 2420 590 2474 ταῦτα
632 2424 803 2475 ποιεῖν
850 2420 887 2476 ἃ
918 2423 982 2476 σὺ
1028 2424 1219 2486 ποιεῖς,
1251 2421 1317 2476 ἂν
1362 2421 1436 2492 μὴ
1529 2423 1558 2475 ὁ
1581 2419 1713 2484 Θεὸς
1747 2422 1863 2491 μετ’
1895 2420 1994 2474 αὖ.

419 2512 532 2565 τοῦ.
564 2530 582 2562 ι
611 2512 759 2584 Πλὴν
788 2512 963 2577 ἔξεστι
1004 2513 1281 2567 Γαλιλαῖον
1314 2513 1440 2566 ὄντα
1487 2510 1763 2585 ἑορτάζειν
1793 2515 1853 2566 ἐν
1895 2513 1993 2567 Ἰε-

425 2603 742 2675 ροσολύμοις
790 2604 1090 2675 γινόμενον,
1136 2606 1270 2658 ὅπου
1316 2607 1346 2659 ό
1397 2605 1523 2667 ναὸς
1552 2603 1647 2657 τοῦ
1691 2592 1848 2668 Θεόῦ,
1898 2604 1993 2658 xui.

419 2693 643 2765 θεωρεῖν
678 2693 854 2748 πάντα
880 2695 979 2748 ὅσα
1022 2695 1191 2747 ἐποίει
1223 2696 1339 2748 ἐκεῖ
1383 2696 1413 2748 ό
1453 2695 1676 2766 Ἰησοῦς,
1711 2695 1803 2749 καὶ
1837 2695 1993 2767 μάλι-

420 2801 519 2837 στα
545 2785 665 2838 τίνα
696 2786 896 2857 τρόπον
922 2786 1169 2841 ἐκϐάλλοι
1195 2786 1273 2858 τῷ
1313 2787 1378 2839 ἐκ
1404 2787 1651 2857 σχοινίων
1682 2787 1993 2859 φραγελλίῳ

418 2876 509 2928 ὑπ’
538 2876 702 2930 αὐτοῦ
732 2877 1080 2949 πεποιημένῳ
1107 2880 1314 2944 πάντας
1346 2881 1470 2944 τοὺς
1501 2879 1814 2942 πωλοῦντας
1842 2879 1990 2950 βόας,

419 2966 515 3018 καὶ
547 2966 793 3037 πρόϐατα
821 2967 954 3036 (49),
991 2969 1086 3021 καὶ
1131 2968 1480 3039 περιστερὰς,
1527 2968 1597 3023 τά
1626 2985 1687 3021 τε
1717 2967 1988 3039 πρόϐατα,

419 3058 668 3120 καὶτοὺς
718 3057 867 3127 βόας,
902 3059 997 3112 xui.
1039 3059 1109 3113 τὰ
1155 3058 1335 3113 λοιπά.
1384 3058 1549 3131 Ἀρχὴ
1591 3059 1702 3131 γὰρ
1736 3061 1792 3112 ἐν
1828 3059 1993 3132 Ἱερο-

422 3150 675 3220 σολύμοις
702 3151 861 3221 ἑορτή
891 3153 1005 3214 τοῖς
1029 3151 1330 3216 Γαλιλαίοις
1357 3153 1472 3205 ἐστὶ
1496 3150 1590 3206 τοῦ
1622 3153 1716 3206 xui
1738 3152 1990 3220 δέξασθαι
2010 3178 2059 3237 νο

418 3242 510 3295 τὸν
535 3242 663 3295 Υίὸν
689 3240 782 3295 τοῦ
814 3241 949 3295 Θεοῦ
979 3242 1200 3297 ἐλθόντα
1232 3244 1366 3315 πρὸς
1391 3243 1616 3307 αὐτούς·
1650 3244 1725 3316 μὴ
1756 3245 1864 3317 γάρ
1892 3246 1995 3300 ἐω-

423 3333 649 3404 ρακότες
688 3335 756 3388 τὰ
788 3336 847 3388 ἐν
873 3338 940 3407 τῇ
970 3337 1153 3406 ἑορτῇ,
1203 3337 1303 3389 οὐκ
1331 3337 1398 3391 ἂν
1440 3336 1689 3401 ἐδέξαντο
1730 3338 1927 3392 αὐτόν’
1956 3338 1990 3410 ἢ

417 3425 538 3478 οὐδὲ
589 3425 748 3489 αὐτὸς
809 3426 883 3497 μὴ
943 3427 1453 3497 προευτρεπισθεῖσι
1504 3428 1640 3501 πρὸς
1689 3428 1752 3482 τὸ
1806 3428 1991 3483 λαϐεῖν

417 3517 600 3581 αὑτὸν,
662 3515 836 3579 οὕτως
897 3516 964 3571 ἂν
1015 3518 1317 3581 σπουδαίως
1370 3518 1703 3591 ἐπεδήμησε,
1767 3520 1992 3574 καταλι-

417 3604 536 3660 πὼν
580 3608 705 3672 τοὺς
746 3609 1126 3679 ἐρωτήσαντας
1176 3610 1337 3664 αὑτὸν
1389 3613 1567 3680 μεῖναι
1615 3615 1743 3685 παρ’
1784 3613 1989 3676 αὐτοῖς.

418 3698 483 3750 Ol
522 3697 768 3767 μέντοιγε
792 3698 1074 3770 δεξάμενοι
1109 3700 1201 3754 τὸν
1254 3701 1460 3772 Ἰησοῦν
1502 3703 1750 3767 ἐδέξαντο
1781 3706 1874 3758 καί
1901 3705 1992 3758 τὸν

419 3790 809 3846 ἀποστείλαντα
835 3792 1022 3846 αὐτόν·
1055 3794 1189 3865 φησὶ
1214 3795 1359 3867 γάρ’
1400 3810 1419 3846 ι
1476 3796 1535 3850 '0
1574 3796 1675 3867 ἐμὲ
1704 3796 1992 3867 δεχόμενος

418 3881 632 3951 δέχεται
658 3882 752 3935 τὸν
779 3883 1173 3939 ἀποστείλαντά
1194 3902 1284 3956 με.
1319 3905 1339 3939 ι
1367 3886 1588 3957 Πρῶτον
1609 3882 1703 3941 οὖν
1733 3889 1862 3942 ίδεῖν
1890 3888 1991 3955 δεῖ,

419 3972 665 4025 τουτέστι
699 3973 936 4028 συνιέναι
960 3974 1028 4028 τὰ
1058 3976 1115 4029 ὲν
1164 3975 1555 4046 Ἱεροσολύμοις
1583 3976 1719 4048 ἔργα
1750 3977 1844 4031 τοῦ
1886 3979 1991 4049 Ἰη-

421 4063 516 4116 σοῦ
550 4065 745 4128 πάντα,
782 4065 906 4119 τίνα
948 4067 1150 4138 τρόπον
1193 4066 1443 4138 καθαίρει
1480 4068 1540 4121 τὸ
1582 4068 1745 4139 ἱερὸν,
1781 4070 1994 4123 ἀποκα-

421 4156 609 4218 θιστὰς
650 4157 783 4210 αὐτὸ
814 4158 894 4220 εἰς
920 4158 981 4211 τό
1003 4156 1117 4230 (50)
1141 4154 1281 4213 εἶναι
1309 4155 1455 4213 οἶκον
1482 4159 1577 4213 τοῦ
1621 4159 1856 4232 Πατρός,
1899 4162 1995 4215 xui.

424 4247 620 4318 μηκέτι
649 4243 795 4301 οἷκον
821 4248 1108 4319 ἐμπορίου,
1138 4248 1226 4301 ἵνα
1253 4249 1391 4319 μετὰ
1410 4248 1472 4303 τό
1494 4248 1766 4320 θεωρῆσαι
1797 4250 1991 4315 ταῦτα,

420 4340 511 4392 τὸν
555 4340 926 4410 ἐνεργήσαντα
963 4340 1133 4393 ταῦτα
1182 4341 1354 4409 Λόγον
1396 4339 1697 4410 δεξώμεθα.
1742 4338 1906 4411 Οἶμαι
1948 4341 1992 4394 δ’

420 4431 522 4494 δτι,
561 4431 634 4503 μὴ
666 4431 841 4484 πάντα
879 4431 948 4485 τὰ
990 4434 1047 4485 ὲν
1097 4432 1487 4503 Ἱεροσολύμοις
1541 4431 1825 4503 θεωρήσας
1857 4432 1995 4505 ἔργα

2084 598 2245 651 batur
2279 604 2337 648 ut
2380 592 2507 648 cazei
2552 592 2726 644 visum
2787 589 3110 654 reciperent,
3171 582 3321 638 surdi
3370 582 3649 648 audirem,

2082 687 2262 744 claudi
2297 685 2642 740 atnltnlarent
2664 681 2730 745 “,
2754 680 3002 735 Galilzcos
3042 675 3291 738 fortasse,
3326 688 3447 728 cum
3478 674 3649 727 vidis-

2084 791 2210 838 sent
2240 780 2381 848 quod
2414 791 2691 846 nunquam
2724 774 2825 828 rati
2858 773 3111 838 fuissent,
3140 768 3425 838 perculsos
3452 767 3651 822 divini-

2085 882 2201 927 tate
2234 870 2389 937 Jesn,
2426 870 2599 938 ipsum
2644 867 2697 921 in
2745 864 3027 922 Galilmatn
3069 864 3652 927 adventantemexce-

2085 966 2250 1036 pisse,
2274 962 2530 1016 nimirum
2564 974 2688 1013 cum
2734 957 2912 1012 omnia
2942 955 3201 1010 vidissent
3224 968 3344 1022 qua
3372 949 3648 1019 Jerosoly-

2087 1059 2189 1111 mis
2216 1055 2453 1111 fecisset.
2498 1052 2630 1118 Quae
2664 1065 2792 1104 sane
2827 1048 3009 1103 omnia
3063 1048 3182 1102 haec
3211 1045 3399 1110 fuere;
3433 1058 3566 1098 oves
3600 1052 3655 1097 et

2084 1149 2272 1211 boves,
2310 1143 2518 1214 ﬂagello
2543 1159 2596 1197 .e
2627 1140 2886 1195 funiculis
2918 1139 3084 1200 facto.
3133 1153 3164 1191 e
3208 1135 3407 1206 templo
3449 1135 3654 1205 eiectos

2086 1238 2283 1299 fuisse,
2343 1249 2560 1304 atraque
2598 1232 3031 1301 argentariorum
3079 1227 3273 1292 effusa,
3332 1240 3655 1295 mensasque

2089 1332 2384 1393 subversas
2414 1344 2430 1380 :
2459 1327 2775 1392 dictumque
2816 1337 2939 1377 cum
2988 1329 3255 1391 potestate
3297 1316 3463 1372 fuisse
3511 1332 3650 1370 ven-

2088 1423 2344 1487 dentibus
2392 1418 2708 1474 columbas:
2747 1435 2766 1468 ι
2798 1415 2988 1470 Tollite
3019 1414 3119 1466 ista
3155 1411 3308 1475 hinc,
3349 1423 3449 1464 nec
3490 1407 3656 1463 facile

2089 1517 2309 1572 domum
2361 1511 2538 1565 Patris
2587 1508 2714 1572 tnei,
2759 1507 2978 1560 domum
3043 1511 3335 1556 mercatus.
3369 1517 3389 1558 ι
3451 1498 3657 1569 Opinor

2088 1622 2218 1663 vero
2244 1621 2349 1660 non
2389 1603 2577 1659 isthmc
2612 1610 2819 1656 tantum
2851 1607 2975 1652 tunc
2998 1595 3066 1650 ab
3093 1596 3208 1666 ipso
3236 1594 3402 1661 facta,
3429 1593 3521 1648 sed
3550 1592 3655 1647 alia

2088 1699 2255 1757 etiam
2286 1698 2461 1763 signa,
2488 1710 2553 1748 eo
2593 1694 2734 1763 quod
2775 1690 2860 1745 his
2915 1688 3183 1743 inferatur
3212 1702 3226 1738 :
3264 1705 3284 1737 ι
3309 1684 3442 1741 Cum
3473 1693 3654 1738 autem

2088 1799 2236 1845 esset
2265 1786 2615 1858 Jet'osolytnis
2642 1788 2694 1839 in
2717 1784 2944 1849 Pascha,
2969 1780 3023 1835 in
3055 1774 3142 1833 die
3168 1779 3327 1840 festo.
3358 1776 3510 1832 multi
3536 1790 3657 1829 cre-

2091 1882 2345 1935 diderunt
2376 1878 2429 1932 in
2481 1876 2698 1931 nomine
2744 1875 2935 1943 ipsius,
2988 1872 3240 1926 videntes
3273 1868 3443 1937 ipsius
3492 1868 3651 1937 signa

2091 1986 2212 2042 quae
2267 1969 2489 2024 fecisset
2516 1969 2599 2033 ‘7;
2633 1986 2652 2018 ι
2691 1977 2915 2036 pr0pter
2960 1977 3081 2034 quat
3124 1961 3286 2016 etiam
3331 1958 3658 2014 Nicodentns

2092 2062 2314 2131 inquit:
2343 2079 2362 2112 t
2394 2060 2674 2129 Magister,
2711 2058 2917 2112 scimus
2971 2064 3023 2109 te
3063 2070 3093 2108 a
3126 2055 3234 2109 Deo
3284 2054 3498 2107 venisse
3538 2064 3659 2104 ma-

2092 2151 2326 2219 gistrum
2359 2168 2374 2205 :
2402 2164 2561 2204 nemo
2589 2149 2734 2203 enim
2767 2157 2941 2217 potest
2968 2146 3084 2200 hazc
3133 2145 3287 2214 signa
3321 2143 3506 2198 facere
3537 2156 3661 2212 quas

2093 2252 2149 2296 tu
2178 2242 2335 2305 facis,
2375 2241 2477 2295 nisi
2506 2240 2668 2294 fuerit
2696 2239 2835 2292 Deus
2869 2253 2992 2292 cum
3025 2252 3090 2291 eo
3117 2237 3182 2288 ⁸⁸.
3211 2256 3228 2287 ι
3270 2233 3657 2289 Verumtamen

2092 2332 2289 2388 licebat
2322 2333 2396 2397 ei,
2430 2332 2521 2401 qui
2567 2330 2823 2386 Galilazus
2875 2337 3013 2393 erat,
3054 2327 3200 2380 diem
3232 2324 3425 2379 festum
3474 2335 3654 2393 agere,

2092 2440 2216 2480 cum
2242 2423 2433 2478 fuisset
2480 2420 2854 2493 Jerosolymis,
2882 2419 2969 2473 ubi
3017 2416 3278 2485 templum
3310 2422 3429 2468 erat
3455 2412 3571 2476 Dei,
3604 2419 3662 2464 et

2090 2515 2279 2569 videre
2304 2513 2484 2568 omnia
2518 2526 2637 2581 quae
2684 2511 2796 2566 illic
2846 2507 3034 2564 fecerit
3061 2506 3219 2562 Jesus
3254 2523 3266 2558 :
3297 2519 3359 2559 ac
3393 2502 3660 2573 prazeipue

2093 2614 2328 2669 quonam
2359 2608 2521 2671 pacto
2542 2598 2752 2670 ﬂagello
2777 2613 2809 2653 e
2844 2596 3101 2652 funiculis
3126 2611 3155 2649 ιι
3191 2609 3249 2650 se
3279 2594 3442 2660 facto,
3467 2603 3661 2644 omnes

2091 2693 2277 2764 ejiciat
2299 2693 2391 2762 qui
2422 2692 2611 2757 boves,
2630 2706 2758 2746 oves
2787 2699 2840 2744 et
2870 2689 3152 2745 columbas
3180 2687 3454 2749 vendant;
3488 2682 3663 2752 ipsas-

2091 2800 2198 2854 que
2236 2800 2388 2849 oves,
2439 2794 2496 2837 et
2544 2784 2731 2845 boves.
2787 2793 2842 2837 et
2891 2791 3108 2836 caetera.
3157 2778 3453 2833 Festivitas
3509 2775 3658 2829 enim

2093 2891 2213 2955 quae
2255 2874 2607 2942 Jerosolymis
2657 2873 2944 2943 agebatur,
2997 2866 3210 2923 initium
3274 2862 3510 2922 Galilaeis
3559 2860 3662 2914 fuit

2092 2954 2159 3021 ad
2207 2966 2589 3036 excipiendum
2640 2962 2837 3017 Filium
2875 2958 2967 3015 Dei
3001 2960 3307 3014 venientem
3356 2956 3424 3009 ad
3473 2954 3651 3022 ipsos;

2091 3059 2356 3129 alioquin,
2397 3057 2502 3112 nisi
2546 3056 2808 3110 vidissent
2862 3067 2984 3123 qua:
3038 3050 3249 3104 fecisset
3279 3047 3330 3102 in
3361 3047 3449 3102 die
3498 3044 3662 3106 festo,

2092 3167 2201 3205 non
2259 3148 2532 3218 recepturi
2589 3153 2747 3201 erant
2796 3144 3011 3213 ipsum;
3042 3140 3138 3196 sed
3195 3148 3263 3194 n‘e
3297 3137 3413 3208 ipse
3441 3135 3660 3203 quidem

2096 3244 2234 3300 adeo
2263 3245 2502 3299 studiose
2533 3242 2600 3295 ad
2628 3255 2721 3296 eos
2753 3237 3094 3298 accessisset,
3118 3232 3220 3289 nisi
3255 3239 3410 3285 antea
3446 3234 3661 3300 pnepa-

2092 3337 2194 3391 rati
2228 3336 2453 3391 fuissent
2481 3334 2547 3388 ad
2573 3347 2696 3389 eum
2721 3332 2862 3386 bono
2893 3328 3075 3382 animo
3101 3323 3498 3394 excipiendum,
3530 3331 3653 3373 eum

2093 3428 2426 3496 relinqueret
2480 3438 2572 3478 cos
2625 3436 2789 3489 penes
2859 3433 2997 3488 quos
3064 3415 3356 3485 rogabatur
3410 3423 3650 3464 manere.

2092 3520 2250 3589 271
2284 3517 2546 3586 Equidem
2579 3515 2669 3584 qui
2697 3511 2880 3568 Iesum
2908 3507 3242 3577 exceperint,
3293 3502 3452 3558 iidem
3487 3500 3652 3554 etiam

2094 3610 2403 3679 receperint
2430 3623 2553 3660 eum
2600 3605 2690 3672 qui
2737 3604 2913 3673 ipsum
2957 3600 3137 3665 misit;
3172 3595 3345 3666 inquit
3380 3593 3522 3649 enim
3551 3591 3599 3623 θ’
3634 3608 3649 3646 :

2096 3724 2116 3757 ι
2145 3704 2245 3771 Qui
2279 3719 2365 3757 me
2396 3700 2608 3768 recipit,
2644 3694 2837 3766 recipit
2870 3710 2992 3750 eum
3023 3693 3114 3763 qui
3144 3705 3230 3744 me
3248 3688 3409 3743 misit.
3450 3704 3469 3738 ι
3494 3682 3657 3741 Prin-

2093 3796 2236 3866 cipio
2273 3795 2437 3866 igitur
2489 3791 2779 3846 videndum
2824 3795 2928 3851 est,
2962 3785 3066 3840 hoc
3113 3791 3198 3839 est
3247 3777 3659 3849 intelligendum

2091 3863 2254 3958 opera
2289 3863 2467 3939 omnia
2499 3898 2617 3953 quae
2659 3876 3012 3948 Jerosolymis
3052 3871 3242 3929 fecerit
3272 3868 3431 3925 Jesus
3454 3907 3470 3933 ,
3517 3863 3657 3936 quo-

2093 3997 2216 4036 nam
2257 3986 2414 4048 pacto
2442 3983 2705 4046 expurgat
2741 3970 3018 4039 templum,
3064 3966 3195 4022 illud
3237 3964 3553 4026 restituens,
3600 3966 3658 4013 ut

2093 4074 2164 4127 sit
2194 4073 2385 4126 domus
2415 4067 2613 4130 Patris,
2645 4079 2744 4120 nec
2778 4061 3009 4132 amplius
3035 4058 3232 4114 domus
3260 4061 3566 4119 mercatus;
3601 4057 3659 4105 ut

2091 4176 2377 4235 postquam
2417 4162 2534 4216 haec
2567 4157 3132 4221 consideraverimns,
3187 4154 3530 4231 Sermonem,
3565 4145 3659 4217 qui

2094 4257 2211 4311 haec
2239 4263 2495 4324 operatus
2521 4252 2613 4317 sit,
2656 4250 3008 4319 recipiamus.
3039 4245 3305 4300 Futurum
3346 4252 3527 4296 autem
3577 4254 3659 4293 ar-

2093 4345 2288 4409 bitror,
2318 4353 2376 4398 ut
2409 4344 2501 4413 qui
2536 4358 2641 4397 non
2664 4341 2862 4396 viderit
2890 4354 3054 4409 opera
3085 4335 3269 4392 omnia
3299 4348 3419 4404 quae
3440 4331 3659 4389 εἰει-οεο-

2094 4439 2257 4511 lymis
2300 4447 2556 4508 operatus
2590 4437 2663 4491 sit
2689 4433 2870 4497 Jesus,
2921 4449 3028 4487 non
3070 4429 3330 4497 suscipiat
3379 4442 3526 4491 eum,
3576 4422 3661 4477 vel

420 4519 515 4573 τοῦ
553 4520 749 4590 Ἰησοῦ,
779 4522 840 4574 οῦ
872 4521 1082 4587 δέξεται
1112 4521 1204 4575 τόν
1247 4522 1473 4592 Ἰησοῦν,
1501 4522 1534 4594 ἢ
1565 4523 1686 4576 οὐδὲ
1715 4523 1987 4594 ἐπιδημή-

2099 4545 2271 4600 neque
2300 4529 2526 4585 accedat
2556 4524 2735 4592 Jesus,
2764 4539 2831 4580 eo
2863 4524 3122 4586 adventu,
3156 4520 3310 4590 cujus
3361 4514 3448 4575 hic
3479 4525 3565 4572 est
3601 4514 3662 4570 fl-

423 4627 504 4663 σει
526 4612 645 4681 τήν,
674 4608 741 4685 ἦς
767 4613 1032 4683 σύμϐολον
1059 4612 1370 4683 ἐπιδημίας,
1410 4613 1703 4684 ἐπιδημίαν
1726 4613 1837 4685 (51)
1862 4613 1993 4667 ταύ-

418 4720 519 4773 την
543 4706 654 4766 τοῖς
681 4705 755 4774 μὴ
782 4705 1046 4776 πρότερον
1089 4704 1484 4773 ἀναϐεϐηκόσιν
1526 4706 1605 4769 εἰς
1630 4705 1730 4777 τὴν
1777 4705 1988 4777 ἑορτὴν,

421 4795 513 4847 xui.
540 4794 614 4865 μὴ
635 4796 815 4848 πάντα
837 4795 1189 4867 τεθεαμένοις
1218 4796 1318 4849 ὅσα
1345 4794 1519 4848 ἐποίει
1551 4798 1608 4849 ἐν
1629 4798 1742 4860 τοῖς
1771 4797 1993 4869 Ἰεροσο-

417 4885 480 4939 λύ
488 4904 628 4958 μοις.

490 4977 579 5031 56.
616 4997 636 5030 ι
684 4973 886 5032 Ἦλθεν
925 4975 1020 5033 οῦν
1054 4978 1217 5033 πάλιν
1258 4980 1340 5044 είς
1370 4979 1471 5050 τὴν
1508 4979 1665 5033 Κανᾶ
1702 4977 1803 5050 τῆς
1828 4978 1992 5032 Γαλι-

417 5068 597 5133 λαίας,
625 5069 758 5123 ὅπου
793 5070 1014 5141 ἐποίησε
1041 5070 1100 5124 τὸ
1129 5070 1273 5143 ὕδωρ
1302 5067 1466 5125 οἶνον.
1497 5089 1517 5123 ι
1556 5070 1698 5123 Ὅσα
1721 5070 1996 5140 ἐχωρήσα-

423 5177 523 5229 μεν
547 5162 675 5230 περὶ
704 5161 803 5231 τῆς
831 5162 1007 5226 Κανᾶ,
1030 5164 1089 5215 ἐν
1112 5165 1223 5225 τοῖς
1253 5162 1512 5233 ἀνωτέρω
1532 5160 1779 5232 εἴπομεν.
1809 5160 1914 5214 Δύο
1935 5161 1992 5214 δὲ

418 5251 480 5304 οὐ
524 5250 700 5322 μάτην
748 5254 807 5306 ἐν
854 5254 1013 5326 Κανᾷ
1052 5255 1336 5326 ἐπιδημίαι
1364 5255 1446 5327 τῷ
1500 5254 1673 5327 Ἰησοῦ
1713 5254 1983 5324 γίνονται·

2097 4639 2260 4694 gnra,
2302 4622 2369 4676 ad
2412 4635 2507 4675 eos
2543 4619 2636 4689 ιιιιί
2672 4627 2830 4673 antea
2878 4632 2984 4671 non
3017 4613 3365 4671 ascenderint
3409 4611 3476 4666 ad
3520 4608 3662 4664 diem

2097 4715 2317 4779 festum,
2362 4728 2463 4768 nec
2508 4709 2856 4782 contemplati
2890 4708 3090 4765 fuerint
3143 4705 3325 4761 omnia
3357 4718 3479 4776 qua:
3508 4696 3665 4760 Iuro-

2096 4805 2327 4876 solymis
2355 4803 2569 4858 fecerit.

2162 4979 2253 5038 56.
2289 4997 2309 5031 ι
2348 4978 2510 5035 Venit
2548 4993 2680 5049 ergo
2710 4990 2899 5031 rursus
2925 4972 3125 5029 Canam
3164 4967 3425 5032 Galilataz,
3456 4964 3547 5022 ubi
3576 4963 3662 5021 fe»

2091 5080 2245 5128 cerat
2287 5086 2354 5125 ex
2379 5084 2519 5139 aqua
2552 5068 2738 5122 vinum
2773 5067 2841 5119 "°.
2878 5083 2897 5116 ι
2931 5063 3280 5130 Quaecunque
3318 5056 3661 5128 percepimus

2088 5162 2158 5216 de
2189 5161 2412 5215 civitate
2452 5160 2624 5221 Cana,
2657 5150 2909 5227 superiu‘s
2948 5155 3221 5217 diximus;
3253 5150 3348 5205 sed
3381 5163 3494 5203 non
3539 5147 3657 5202 fru-

2068 5261 2207 5332 su-a
2240 5253 2324 5309 bis
2351 5251 2509 5308 Jesus
2533 5249 2736 5307 Canam
2761 5247 3143 5320 proficiscitur.
3181 5243 3415 5299 Proinde
3445 5241 3567 5296 vide
3592 5254 3661 5296 ue

461 5385 505 5420 ⁸⁸
540 5383 729 5439 Mattn.
758 5402 832 5452 vt,
865 5386 930 5450 5;
964 5386 1097 5441 Luc.
1127 5403 1227 5452 vn,
1257 5387 1348 5442 2‘2.
1422 5386 1466 5418 "
1496 5385 1652 5441 Joan.
1688 5399 1747 5449 tt,
1779 5382 1871 5436 ‘23.
1946 5377 1991 5412 ⁵⁸

2089 5394 2174 5434 an.
2206 5393 2291 5442 ιιι,
2319 5377 2377 5432 2.
2449 5375 2494 5409 ⁸⁸
2523 5374 2656 5429 Luc.
2685 5387 2759 5436 Ix,
2782 5370 2872 5427 48.
2945 5370 2993 5402 ’⁸
3023 5366 3180 5423 Joan.
3212 5382 3286 5433 tv,
3325 5366 3416 5425 46.

481 5485 595 5556 (47)
628 5485 705 5540 Τά
730 5503 795 5541 τε
818 5489 1082 5555 πρόϐατα
1103 5529 1117 5551 ,
1164 5487 1307 5554 τοὺς
1339 5487 1518 5554 βόας,
1549 5485 1647 5541 καὶ
1688 5485 1831 5551 τῶν,
1870 5495 1977 5546 etc.

410 5553 589 5629 Codex
619 5553 971 5629 ῨΒοιίΙιῑίιιιιυδ,
1001 5558 1148 5628 βόας,
1181 5553 1576 5629 καὶίπρόϐατα,
1606 5558 1697 5611 xui.
1732 5572 1982 5629 περιπε-

415 5624 638 5698 ρὰςητά
666 5644 728 5680 τε
758 5624 1028 5698 πρόϐατα,
1062 5629 1156 5682 xui.
1183 5627 1313 5691 τῶν,
1343 5624 1454 5684 etc.

438 5722 445 5765 ί
485 5695 595 5765 (48)
622 5695 877 5763 Τούτοὶς.
909 5697 1167 5753 Siecodd.
1197 5698 1520 5755 Bndleianus
1533 5705 1587 5753 et
1616 5697 1973 5761 Barbcriuus;

416 5762 618 5836 Regius
648 5762 934 5837 perperam
966 5769 1127 5824 habet
1151 5769 1375 5833 ἐκεῖνος.
1972 5808 1973 5811 η

2113 5527 2117 5529 λ
2183 5489 2275 5557 49)
2301 5489 2413 5544 Καὶ
2451 5489 2733 5556 πρόϐατα.
2757 5487 2921 5542 Deest
2940 5487 2993 5541 in
3018 5486 3205 5541 codice
3234 5484 3280 5538 Β
3354 5484 3424 5539 io.

2159 5488 2272 5633 £50)
2297 5564 2402 5633 Εἰς
2429 5560 2517 5633 τᾷ.
2550 5558 2900 5633 Desideratur
2937 5557 2990 5633 i_n
3017 5554 3207 5633 codice
3231 5499 3424 5633 nglei:

2183 5553 2272 5626 50)
2297 5564 2402 5626 Εἰς
2429 5553 2517 5613 τό.
2550 5558 2900 5613 Desideratur
2937 5557 2990 5610 in
3017 5554 3207 5626 codice
3231 5553 3542 5626 Bodleiano:

2159 5560 2272 5699 (5οζ
2297 5564 2402 5626 Εἰς
2429 5560 2517 5613 τό.
2550 5560 2900 5613 Desideratur
2937 5560 2990 5610 in
3017 5560 3207 5610 codice
3231 5560 3542 5609 Bodleiano.

2084 5631 2279 5756 tam.
2323 5628 2693 5699 Ἑπ⁶δημίανο
2738 5627 2899 5684 Dee“
2946 5626 3003 5681 in
3048 5625 3237 5681 eodem
3274 5624 3459 5680 codice
3509 5622 3649 5678 god.
3730 5631 3735 5635 ς

2106 5719 2279 5756 ctano.
