4170 6446
485 404 588 458 507

1971 395 2295 453 ORIGENIS

3625 404 3731 459 503

482 527 622 580 forte
679 523 951 594 significet
987 523 1093 579 hoc
1139 525 1275 578 duos
1331 521 1384 575 in
1436 519 1694 574 mundum
1746 516 2022 572 Servatori

2124 539 2135 574 ι
2169 515 2377 586 μήποτε
2411 514 2539 583 γοῦν
2573 513 2686 585 (52)
2723 515 3048 588 σημαίνουσι
3083 519 3182 584 τὰς
3221 517 3312 573 δύο
3352 522 3444 575 τοῦ
3483 519 3732 594 Σωτῆρος

477 616 648 671 nostri
699 618 1003 671 adventus:
1040 615 1209 670 semel
1252 614 1496 684 quidem,
1544 623 1604 667 ut
1656 613 1915 668 convivas
1955 619 2067 666 ex-'

475 707 701 774 bilaret;
753 706 993 762 secundo
1033 722 1182 769 vero,
1231 715 1290 760 ut
1353 707 1516 760 morti
1579 705 1891 775 proximum
1944 718 2050 758 non

476 800 647 869 regis,
683 800 779 854 sed
825 798 994 870 reguli
1025 798 1306 866 cujusdam
1347 798 1516 852 ﬁlium
1543 808 1782 852 curaret.
1831 798 1897 852 Et
1942 799 2052 853 lor-

474 891 635 945 tassis
681 890 904 959 regulus
950 899 1071 946 erat
1116 891 1418 954 Abraham,
1477 890 1559 944 vel
1587 889 1776 954 Jacob,
1818 906 2051 958 quorum

474 981 644 1036 lilium
672 983 930 1052 populum
963 973 1480 1046 exsistentem,cum
1502 982 1779 1052 plenitudo
1804 983 2046 1052 gentium

471 1073 776 1142 intraverit,
802 1075 1044 1130 servabit
1066 1075 1119 1128 in
1159 1074 1265 1129 ﬁne
1284 1075 1351 1128 ".
1378 1075 1608 1130 Possunt
1639 1074 1802 1128 etiam
1829 1075 2047 1129 Sermo-

469 1167 558 1223 nis
587 1170 854 1222 adventus
882 1180 1004 1222 esse
1029 1167 1135 1222 duo
1184 1167 1237 1220 in
1267 1166 1445 1219 anima
1482 1148 1502 1217 τ’
1535 1165 1685 1234 prior
1716 1165 1936 1235 quidem
1966 1163 2048 1217 vi-

468 1275 598 1316 num
630 1261 980 1329 suppeditans
1015 1273 1081 1312 ex
1122 1273 1259 1328 aqua
1299 1255 1500 1312 factum
1545 1257 1612 1312 ad
1647 1256 2044 1324 jucunditatem

467 1350 907 1416 convivantium;
940 1348 1077 1403 alter
1124 1362 1336 1402 omnem
1376 1347 1614 1402 relictam
1651 1348 2040 1416 inﬁrmitatem,

464 1451 522 1498 et
561 1441 823 1512 quidquid
859 1447 1086 1496 mortem
1116 1440 1378 1505 minatur,
1397 1439 1666 1494 auferens.
1693 1438 1834 1494 Nihil
1859 1437 2041 1495 autem

464 1532 662 1588 mirum
697 1541 783 1587 est
813 1529 1022 1595 Iesum,
1054 1531 1492 1602 quandoquidem
1525 1531 1784 1601 pleraque
1811 1548 2040 1603 operum

465 1625 562 1680 Dei
593 1624 784 1688 latent,
818 1623 986 1679 multa
1015 1623 1303 1679 facientem
1348 1638 1446 1693 pro
1493 1625 1670 1680 salute
1719 1640 1906 1680 eorum
1943 1627 2038 1695 qui

461 1720 710 1790 pluribus
739 1720 941 1788 degunt
971 1721 1023 1774 in
1058 1719 1215 1785 locis,
1262 1734 1497 1788 quorum
1543 1721 1730 1790 tignrm
1755 1729 1883 1774 sunt
1914 1719 2039 1774 reli-

2159 608 2238 670 εἰς
2263 605 2354 658 τόν
2390 607 2590 677 κόσμον
2625 607 2936 679 ἐπιδημίας,
2965 609 3064 681 τὴν
3096 612 3193 680 μὲν
3227 612 3513 683 προτέραν,
3550 614 3615 665 ἵν’
3644 615 3728 666 εύο

2157 698 2337 772 φράνῃ
2370 701 2496 764 τοὺς
2540 701 3026 771 συνεστιωμένουςο
3079 702 3175 774 τὴν
3220 705 3276 757 δὲ
3324 705 3599 774 δευτέραν,
3643 708 3729 760 ἶνα

2152 791 2244 844 τόν
2267 794 2430 860 ἐγγὺς
2458 793 2747 864 γενόμενον
2777 795 3006 848 θανάτου
3048 799 3108 850 οὐ
3152 796 3246 850 τοῦ
3288 797 3550 867 βασιλέως
3590 801 3726 867 υἱὸν,

2151 883 2288 936 ἀλλά
2311 902 2456 947 τινος
2499 884 2776 954 βασιλικοῦ
2810 888 3108 960 ἀναστήσῃ.
3141 889 3250 940 Καὶ
3284 889 3424 958 τάχα
3454 891 3482 941 6
3517 889 3725 960 βασιλι-

2151 975 2246 1038 κὸς
2278 974 2527 1046 Ἀϐραὰμ
2556 971 2644 1046 ἦν,
2684 977 2716 1047 ἥ
2762 977 2975 1043 Ἰακὼϐ,
3014 972 3090 1032 ὧν
3133 979 3248 1032 υἱόν
3277 979 3406 1033 ὄντα
3441 981 3531 1033 τόν
3577 981 3723 1046 λαὸν,

2152 1066 2290 1136 μετά
2336 1067 2396 1120 τὸ
2449 1067 2720 1140 πλήρωμα
2751 1068 2859 1122 τῶν
2892 1069 3060 1123 ἐθνῶν
3101 1071 3358 1126 εἰσελθεῖν
3389 1073 3521 1143 (55),
3559 1074 3723 1130 σώσει

2147 1159 2239 1211 ἐπὶ
2261 1159 2474 1222 τέλους.
2506 1159 2736 1212 Δύναται
2779 1163 2873 1214 καὶ
2913 1161 3005 1214 δύο
3039 1161 3134 1214 τοῦ
3161 1163 3332 1232 Λόγου
3366 1159 3505 1219 εῖναι
3534 1166 3721 1238 ἐπειδη--

2150 1251 2269 1319 μίαι
2298 1253 2355 1303 ἐν
2383 1253 2447 1321 τῇ
2471 1251 2615 1323 ψυχῇ
2638 1269 2651 1281 ·
2687 1255 2719 1322 ἡ
2751 1253 2849 1322 μὲν
2884 1254 3125 1326 προτέρα
3151 1255 3242 1307 τὸν
3267 1256 3324 1321 ἐξ
3355 1255 3545 1320 ὕδατος
3568 1260 3720 1326 γενόο

2148 1358 2306 1412 μενον
2336 1337 2476 1394 οἶνον
2508 1343 2816 1413 χορηγοῦσα
2839 1346 2918 1409 εἰς
2947 1346 3283 1419 εὐφροσύνην
3303 1349 3409 1402 τῶν
3433 1367 3720 1404 συνεστιω-

2146 1433 2358 1503 μένων·
2400 1436 2435 1506 ἡ
2485 1435 2542 1488 δὲ
2583 1436 2811 1507 δευτέρα
2871 1440 3050 1492 πᾶσαν
3104 1437 3202 1510 τὴν
3251 1441 3718 1513 καταλειπομένην

2138 1523 2423 1580 ἀσθένειαν
2455 1530 2549 1582 καὶ
2589 1529 2650 1583 τὸ
2685 1531 2821 1602 πρὸς
2869 1530 3110 1586 θάνατον·
3137 1533 3452 1598 κινδυνῶδες
3503 1552 3717 1607 περιαι-

2142 1617 2329 1688 ροῦσα.
2364 1619 2528 1673 Ούδέν
2557 1621 2612 1675 δέ
2651 1622 2963 1693 θαυμαστὸν
3006 1620 3145 1677 εἶναι
3180 1625 3312 1695 (54),
3340 1628 3604 1700 (ἐπείπερ
3645 1628 3715 1682 τὰ

2138 1707 2358 1762 πλείονα
2388 1709 2496 1763 τῶν
2525 1711 2700 1782 ἔργων
2719 1713 2814 1765 τοῦ
2841 1713 2977 1767 Θεοῦ
3012 1717 3158 1768 ἐστιν
3193 1717 3254 1769 ἐν
3288 1718 3633 1789 ἀποκρύφοις
3656 1739 3667 1750 ·
3691 1721 3710 1794 )

459 1814 553 1883 qui
587 1813 831 1883 inscripti
859 1813 984 1878 loci,
1016 1812 1102 1868 bis
1124 1811 1328 1868 Canam
1358 1811 1497 1866 hanc
1523 1813 1818 1880 proﬁcisci,
1843 1822 1901 1868 ut
1931 1814 2022 1868 sibi

2139 1800 2306 1854 πολλὰ
2336 1802 2475 1872 ὑπὲρ
2530 1805 2801 1876 σωτηρίας
2843 1805 2954 1858 τῶν
3004 1808 3272 1878 πολλαχοῦ
3319 1811 3488 1863 ποιῶν
3534 1815 3563 1865 6
3611 1815 3712 1884 Ἰη-

459 1905 558 1976 ipsi
589 1905 830 1960 stabiliat
856 1904 1258 1986 possessionem
1282 1918 1469 1958 eorum
1511 1905 1604 1974 qni
1637 1920 1702 1960 ex
1749 1906 1849 1960 hac
1887 1915 2032 1960 terra

462 1997 517 2051 in
552 1994 766 2050 Patrem
795 2011 891 2067 per
916 1995 1089 2066 ipsum
1115 1997 1419 2051 crederent.

529 2266 617 2321 57.
654 2284 673 2316 ι
711 2264 778 2319 Et
819 2273 938 2319 erat
983 2267 1200 2334 quidam
1249 2268 1470 2337 regulus
1520 2267 1672 2335 cujus
1705 2270 1844 2324 {ilius
1877 2271 2029 2324 infir-

453 2355 704 2410 mabatur
737 2355 788 2408 in
820 2355 1160 2425 Capharnao,
1198 2377 1216 2410 ι
1259 2373 1430 2426 usque
1476 2360 1542 2412 ad
1576 2361 1679 2412 hoc
1719 2379 1730 2413 :
1769 2378 1786 2410 ι
1829 2362 1891 2414 Ει
1917 2378 2030 2414 cre-

451 2443 590 2498 didit
623 2443 766 2514 ipse,
811 2453 866 2498 et
903 2443 1096 2500 domus
1125 2446 1243 2512 ejus
1291 2449 1481 2502 tota".
1524 2467 1542 2500 ι
1572 2446 1688 2500 Non
1729 2449 2023 2504 admodum

428 2535 711 2588 usitatum
753 2537 1058 2592 invenimus
1106 2539 1248 2608 apud
1296 2537 1514 2595 Judaaos
1565 2542 1735 2611 reguli
1776 2557 1970 2595 nomen
2007 2559 2021 2594 :

450 2627 593 2681 unde
648 2641 842 2696 neque,
895 2640 1159 2700 quantum
1209 2632 1274 2685 ad
1333 2633 1641 2702 historiam,
1694 2636 2025 2703 cogitatione

447 2717 814 2787 assequimur,
852 2720 973 2788 quis
1004 2722 1077 2776 sit
1123 2722 1226 2777 iste
1272 2725 1509 2794 regulus,
1537 2737 1591 2784 et
1608 2727 1767 2797 cujus
1786 2728 1928 2798 regis
1952 2730 2024 2786 sit

445 2809 808 2878 cognominis.
837 2811 1024 2883 Itaque
1057 2814 1362 2885 simplicior
1391 2817 1730 2874 existimabit
1775 2822 2018 2889 regulum

447 2901 596 2957 hunc
620 2902 896 2958 hominem
937 2919 1059 2960 esse
1083 2905 1317 2976 aliquem
1353 2907 1585 2963 Herodis
1618 2912 1780 2981 regis.
1811 2912 2021 2968 Rursus

443 2999 584 3050 alter
605 2994 732 3050 huic
758 2995 949 3052 similis
971 2996 1218 3054 dicturus
1248 3007 1332 3054 est
1363 3015 1393 3055 e
1426 2998 1658 3056 Czesaris
1685 3003 1846 3057 domo
1877 3004 2020 3060 hunc

443 3084 619 3139 fuisse
643 3085 910 3156 regulum,
943 3096 1053 3141 tum
1084 3091 1347 3161 temporis
1375 3091 1582 3162 aliquid
1606 3093 1659 3148 in
1686 3093 1868 3149 Jndma
1903 3096 2015 3151 exi-

2139 1890 2283 1952 σοῦς,
2313 1884 2388 1944 ὧν
2416 1891 2577 1945 τύποι
2608 1893 2677 1946 τὰ
2712 1893 2874 1947 λοιπά
2909 1896 3372 1969 ἀναγεγραμμένα
3405 1903 3601 1972 χωρία,
3629 1902 3710 1965 δὶς

2134 1983 2200 2051 τῇ
2255 1983 2411 2053 Κανᾷ
2457 1983 2630 2056 ταύτῃ
2681 1986 2956 2056 ἐπιδημεῖ,
2994 1986 3224 2058 βεϐαιῶν
3285 1992 3464 2062 ἐαυτῴ
3519 1995 3710 2063 κτῆσιν

2132 2073 2242 2126 τῶν
2271 2074 2378 2128 ἀπὸ
2399 2076 2602 2147 ταύτης
2625 2079 2723 2148 τῆς
2754 2079 2857 2148 γῆς
2882 2081 3242 2134 πιστευόντων
3265 2085 3344 2147 εἰς
3371 2084 3463 2137 τὸν
3493 2085 3708 2157 Πατέρα

2130 2164 2196 2217 δι’
2219 2165 2405 2220 αὑτοῦ.

2201 2258 2289 2311 57.
2333 2276 2352 2309 ι
2395 2258 2506 2312 Καὶ
2534 2253 2602 2330 ἦν
2634 2276 2719 2323 τις
2749 2259 3044 2336 βασιλικὸς,
3080 2256 3140 2317 οὗ
3178 2265 3208 2315 6
3244 2263 3359 2327 υίὸς
3389 2265 3603 2334 ἠσθένει
3648 2269 3705 2319 ἐν

2129 2349 2526 2421 Καφαρναοὺμ,
2565 2368 2582 2400 ι
2616 2350 2720 2413 ἓως
2751 2350 2844 2403 τοῦ
2877 2351 3007 2420 (55')-
3051 2371 3068 2402 ι
3110 2353 3220 2406 Καὶ
3264 2354 3583 2408 ἐπίστευσεν
3609 2355 3707 2408 αὐ-

2125 2443 2236 2507 τὸς,
2273 2443 2425 2512 καὶὴ
2462 2442 2605 2495 οἰκία
2637 2443 2800 2495 αὑτοῦ
2854 2443 2970 2512 ὅλη.
3015 2463 3034 2496 ι
3071 2445 3145 2496 Ού
3191 2444 3331 2497 πάνυ
3379 2446 3703 2516 εὑρίσκομεν

2127 2533 2279 2605 παρά
2324 2533 2592 2597 Ἰουδαίοις
2619 2533 2977 2604 τετριμμένον
3005 2535 3064 2587 τὺ
3083 2535 3176 2588 τοῦ
3202 2535 3479 2605 βασιλικοῦ
3510 2538 3697 2607 ὄνομα·

2123 2629 2245 2682 ὅθεν
2283 2628 2436 2690 οὐδὲ,
2489 2629 2611 2681 ὅσον
2659 2627 2750 2680 ἐπὶ
2809 2630 2874 2698 τῇ
2941 2629 3180 2699 ἱστορίᾳ,
3238 2629 3596 2700 ἐπιδάλλομεν
3643 2633 3702 2682 ἐν

2123 2722 2198 2792 νῷ
2231 2721 2341 2794 (56)
2371 2723 2455 2785 τίς
2483 2717 2550 2792 ἦν
2576 2713 2730 2785 οὗτος
2762 2723 2790 2774 6
2813 2720 3105 2790 βασιλικὸς,
3137 2723 3230 2775 καὶ
3261 2723 3407 2786 τίνος
3440 2722 3700 2792 βασιλέως

2123 2812 2428 2883 ἐπώνυμος.
2475 2813 2532 2865 Ὀ
2585 2812 2683 2883 μέν
2727 2809 2821 2865 οὖν
2871 2813 3258 2883 ἀκεραιότερος
3314 2815 3557 2884 οἰήσεται
3604 2813 3696 2866 τοῦ

2124 2905 2386 2976 βασιλέως
2434 2903 2672 2975 Ἡρώδου
2709 2903 2832 2958 τινὰ
2873 2903 3157 2974 ἄνθρωπον
3196 2900 3333 2958 εἶναι
3377 2905 3569 2958 τοῦτον
3606 2905 3698 2959 τὸν

2122 2996 2397 3067 βασιλικόν
2416 3015 2430 3028 ο
2457 2996 2644 3067 ἔτερος
2671 2997 2728 3051 δὲ
2748 2996 2922 3067 τούτῳ
2948 2998 3132 3067 ὅμοιος
3150 2997 3266 3068 ἐρεῖ
3291 2997 3392 3068 τῆς
3421 2997 3698 3068 Καίσαρος

2119 3090 2294 3154 οἰκίας
2318 3090 2600 3159 γεγονέναι
2633 3088 2822 3142 τοῦτον
2857 3089 2950 3142 τὸν
2991 3089 3268 3159 βασιλικὸν
3308 3091 3616 3162 πράττοντά
3642 3107 3696 3143 τι

445 3187 662 3246 gentem
717 3188 1150 3237 tractantemve:
1185 3197 1361 3252 neque
1410 3184 1555 3238 enim
1615 3195 1802 3256 aperte
1851 3187 2015 3257 2'72

2124 3181 2248 3252 περ).
2273 3181 2371 3252 τὴν
2404 3180 2658 3234 Ἰουδαίαν
2686 3181 2808 3233 τότε
2827 3197 2841 3211 ·
2873 3180 2991 3234 ούδέ
3017 3181 3126 3254 γὰρ
3157 3181 3342 3250 σαφῶς
3381 3181 3695 3252 εὑρίσκεται

441 3270 736 3337 invenitur,
766 3272 906 3342 quod
930 3272 1094 3328 fuerit
1119 3273 1357 3338 Iudaeus,
1395 3277 1651 3346 quoniam
1689 3293 1793 3332 non
1830 3280 2014 3348 sequi-

441 3370 528 3418 tur
560 3363 870 3435 indigenam
895 3380 1019 3420 enm
1053 3365 1222 3421 fuisse
1253 3367 1469 3422 illorum
1491 3368 1756 3434 locorum,
1787 3385 1851 3426 eo
1873 3371 2016 3440 quod

440 3451 588 3507 illius
612 3468 745 3510 suus
779 3453 832 3508 in
871 3452 1194 3524 Capharnao
1216 3459 1538 3528 aagrmabat.
1573 3460 1891 3515 Ostenditur
1923 3477 2018 3514 au-

439 3553 547 3599 tem
580 3545 725 3601 illius
763 3547 1000 3616 dignitas
1037 3547 1203 3602 etiam
1246 3564 1310 3603 ex
1345 3550 1448 3607 hoc
1486 3554 1629 3622 quod
1656 3551 1769 3620 jam
1811 3553 1886 3608 illi
1921 3555 2015 3609 de-

436 3635 720 3690 scendenti
769 3639 1083 3692 occurrisse
1133 3637 1394 3695 dicuntur
1447 3643 1592 3698 servi
1619 3643 1709 3710 ⁷³,
1767 3643 2013 3700 dicentes

435 3727 608 3782 illium
670 3729 842 3798 ipsius
891 3731 1118 3790 vivere:
1151 3735 1386 3806 plurium
1416 3736 1561 3792 enim
1594 3751 1822 3792 numero
1863 3738 2010 3793 servi

436 3819 714 3875 dicuntur.
749 3819 957 3878 Habeat
989 3825 1156 3897 igitur
1187 3827 1421 3882 historia
1450 3837 1508 3883 ut
1556 3827 1729 3894 lubet,
1786 3828 2011 3900 elegan-

438 3912 655 3981 tiusque
709 3928 769 3968 se
814 3915 1015 3971 habeat
1057 3919 1228 3988 reguli
1289 3918 1435 3975 ﬁlius
1481 3918 1637 3988 juxta
1696 3922 2010 3979 Servatoris

433 4009 622 4052 vocem
654 4000 791 4054 hora
839 4003 1068 4070 septima
1113 4005 1373 4062 liberatus
1420 4023 1449 4062 a
1501 4009 1657 4073 febri,
1709 4012 2010 4083 domusque

431 4085 550 4156 ejus
579 4097 690 4144 tota
713 4093 898 4149 credat
924 4094 990 4150 ".
1012 4093 1083 4148 At
1119 4111 1219 4168 age
1253 4112 1353 4168 pro
1380 4099 1522 4154 virili
1549 4111 1736 4157 nostra
1763 4105 2006 4174 vestige-

432 4196 556 4236 mus
585 4181 744 4251 cujus
776 4186 857 4241 rei
895 4195 1020 4242 nota
1057 4202 1180 4244 esse
1203 4192 1374 4260 possit
1397 4192 1488 4248 hic
1514 4193 1756 4263 regulus,
1779 4204 1834 4249 et
1863 4195 2009 4251 illius

429 4271 568 4340 ejus.
606 4271 854 4344 Magnum
886 4277 1050 4346 igitur
1081 4294 1283 4350 regem,
1318 4281 1472 4350 cujus
1516 4285 1711 4339 civitas
1741 4301 1867 4342 vera
1914 4287 2006 4344 Je-

431 4365 700 4437 rosolyma
747 4370 970 4434 sunt",
1015 4381 1069 4426 et
1110 4387 1292 4444 regem
1331 4378 1667 4443 regnantium
1691 4379 1738 4409 "
1778 4393 2007 4450 peregre

429 4455 735 4527 profectum
765 4462 832 4514 ad
859 4462 1133 4532 regionem
1187 4465 1542 4536 longinquam
1567 4469 1871 4540 accipiendi
1897 4471 2002 4526 sibi

2131 3273 2379 3335 Ἰουδαῖος
2409 3271 2505 3338 ὢν,
2537 3271 2768 3342 ἐπείπερ
2801 3272 2902 3325 οὐκ
2939 3271 3223 3325 ἀκολουθεί
3252 3272 3346 3326 τὸν
3379 3273 3494 3325 υίὸν
3526 3271 3694 3325 αὐτοῦ

2116 3361 2472 3432 ἠσθενηκέναι
2497 3365 2554 3416 ἐν
2583 3362 2980 3435 Καφαρναοὺμ,
3009 3364 3207 3416 οἰκεῖον
3239 3362 3400 3415 αὐτὸν
3423 3359 3562 3416 εἶναι
3584 3361 3694 3414 τῶν

2115 3452 2255 3506 κατά
2285 3455 2409 3517 τοὺς
2432 3453 2647 3518 τόπους.
2702 3453 3056 3524 Ἐμφαίνεται
3082 3453 3138 3505 δὲ
3175 3453 3339 3506 αὐτοῦ
3379 3451 3442 3505 τὸ
3476 3452 3693 3522 ἀξίωμα

2116 3545 2211 3598 καὶ
2251 3544 2315 3596 ἐκ
2354 3544 2445 3596 τοῦ
2490 3545 2589 3615 ἤδη
2637 3545 2801 3598 αὑτοῦ
2841 3546 3262 3608 καταϐαίνοντος
3305 3546 3431 3607 τοὺς
3474 3543 3692 3607 δούλους

2113 3635 2260 3707 αὑτῷ
2288 3637 2660 3707 ἀπηντηκέναι
2695 3637 2970 3706 λέγοντας,
3004 3638 3085 3690 ὅτι
3127 3639 3156 3690 6
3199 3639 3330 3700 παῖς
3373 3636 3536 3689 αὑτοῦ
3589 3634 3686 3706 ζῇ·

2113 3727 2489 3798 πληθυντικῶς
2530 3728 2640 3800 γὰρ
2685 3731 2736 3782 οἰ
2785 3729 2958 3783 δοῦλοι
2998 3729 3262 3801 εἴρηνται.
3331 3728 3533 3800 Ἐχέτω
3577 3729 3690 3799 (57)

2110 3817 2288 3870 τοίνυν
2320 3817 2468 3882 ὅπως
2501 3818 2631 3871 ποτέ
2672 3819 2733 3872 τὸ
2776 3820 2876 3890 τῆς
2923 3819 3183 3892 ἱστορίας,
3225 3820 3321 3872 καὶ
3364 3820 3394 3871 6
3436 3819 3549 3883 υίὸς
3595 3819 3688 3872 τοῦ

2112 3906 2390 3977 βασιλικοῦ
2421 3909 2756 3981 κομψότερον
2782 3910 3064 3981 ἐσχηκέτω
3094 3911 3236 3965 κατά
3263 3911 3354 3963 τὸν
3385 3910 3480 3962 τοῦ
3504 3911 3681 3980 Σωτῆ·

2114 4018 2204 4073 ρος
2239 4001 2417 4070 λόγον,
2447 4005 2514 4074 τῇ
2545 4003 2745 4075 ἐϐδόμῃ
2778 4003 2898 4076 ὥρα
2927 4002 3311 4075 ἐλευθερωθεὶς
3339 4003 3447 4056 ἀπὸ
3477 4002 3571 4056 τοῦ
3593 4019 3686 4054 πυ-

2113 4092 2288 4162 ρετοῦ,
2315 4095 2407 4147 καὶ
2439 4095 2471 4165 ἡ
2498 4094 2645 4147 οἰκία
2666 4095 2830 4148 αὐτοῦ
2860 4094 2957 4164 ὅλη
2990 4093 3422 4147 πεπιστευκέτω.
3465 4093 3598 4164 Φέρε
3627 4091 3684 4144 δὲ

2108 4183 2249 4237 κατά
2287 4184 2348 4238 τὸ
2373 4185 2596 4239 δυνατὸν
2623 4188 2752 4258 ἡμῖν
2781 4187 3162 4258 ἐρευνήσωμεν
3195 4186 3340 4250 τίνος
3369 4180 3521 4249 οὗτος
3544 4184 3681 4255 σύμ-

2107 4273 2260 4328 ϐολον
2297 4271 2436 4328 εἶναι
2477 4276 2698 4330 δύναται
2725 4277 2819 4332 καὶ
2855 4279 2885 4330 ό
2918 4278 3032 4340 υίὸς
3060 4276 3246 4330 αὑτοῦ.
3280 4277 3472 4345 Μέγαν
3494 4275 3558 4347 δὴ
3587 4275 3686 4345 βα·-

2109 4366 2282 4431 σιλέα,
2317 4360 2379 4420 οὗ
2411 4369 2565 4433 πόλις
2612 4371 2729 4426 ἐστὶ
2765 4370 2835 4424 τά
2879 4369 3111 4442 ἀληθινὰ
3173 4369 3541 4440 Ἰεροσόλυμα,
3589 4368 3683 4421 καὶ

2108 4457 2332 4528 βασιλέα
2361 4459 2470 4512 τῶν
2501 4460 2892 4531 βασιλευόντων
2916 4461 3006 4514 τὸν
3032 4460 3360 4531 πορευθέντα
3389 4463 3468 4523 εἰς
3500 4457 3682 4529 χώραν

429 4549 580 4617 regni
607 4564 770 4606 causa
797 4552 863 4620 "',
909 4563 964 4610 et
998 4554 1280 4622 redeundi,
1321 4568 1376 4613 et
1424 4569 1790 4617 revertentem
1820 4576 2000 4632 regem

2124 4551 2330 4624 ιακράν
2349 4551 2534 4605 λαϐεῖν
2562 4552 2740 4622 ἐαυτῷ
2767 4552 3062 4623 βασιλείαν,
3083 4554 3177 4608 κα)⁸
3201 4551 3560 4623 ὑποστρέψαι,
3585 4552 3682 4606 καὶ

429 4640 598 4696 alium
631 4643 903 4699 neminem
931 4646 1156 4712 scimus,
1175 4648 1279 4702 nisi
1308 4649 1616 4704 dicentem:
1642 4667 1662 4701 ι
1684 4649 1799 4722 Ego
1821 4663 2001 4707 autem

425 4735 763 4792 consdtutus
811 4751 931 4793 sum
984 4753 1080 4793 rex
1135 4741 1205 4796 ab
1257 4754 1322 4794 eo
1367 4756 1531 4810 super
1576 4741 1707 4798 Sion
1761 4754 2001 4799 montem

426 4839 676 4884 sanctum
718 4830 870 4901 ejus;
907 4831 1211 4900 praedicans
1249 4844 1576 4904 praeceptum
1605 4835 1814 4891 Domini
1843 4835 1891 4868 "
1920 4854 1937 4904 ;
1970 4855 1990 4889 ι

425 4917 585 4986 hujus
634 4921 778 4976 diem
813 4925 903 4993 qui
933 4923 1192 4991 viderint,
1229 4934 1282 4979 et
1317 4925 1481 4980 laetati
1526 4925 1748 4992 fuerint,
1806 4942 2000 4984 omnes

425 5021 555 5065 sunt
591 5013 791 5082 reguli;
831 5022 887 5069 et
934 5017 1024 5084 qui
1070 5017 1298 5072 credunt
1331 5016 1384 5069 in
1415 5016 1630 5071 Patrem
1661 5032 1758 5086 per
1789 5019 1991 5088 ipsum,

422 5101 574 5171 regni
604 5102 750 5158 illius
774 5116 898 5161 sunt
933 5107 1284 5177 cognomines
1309 5125 1323 5162 :
1347 5123 1581 5179 quorum
1611 5123 1776 5164 unum
1803 5122 1994 5176 quem-

491 5294 534 5325 "
555 5291 706 5346 Rom.
729 5291 918 5352 xr,25.
973 5293 1021 5323 τ’
1044 5290 1202 5362 Joan.
1227 5307 1302 5351 IV,
1329 5291 1517 5349 46-55.
1610 5293 1658 5326 "
1675 5293 1808 5349 ibid.
1843 5309 1919 5362 tv,
1950 5294 2043 5350 5|.

419 5365 464 5396 "
488 5364 622 5418 Luc.
651 5377 760 5423 xxx,
786 5362 878 5419 12.
956 5363 1002 5395 ⁷⁸
1039 5361 1180 5416 Psal.
1217 5378 1280 5428 ιι,
1307 5362 1359 5416 6.

492 5498 605 5580 (ξιξ)
633 5497 815 5580 Codex
838 5497 1166 5553 Bodleianus
1190 5497 1343 5567 γοῦν,
1373 5497 1532 5554 codd.
1561 5496 1765 5568 Regius
1782 5506 1838 5554 et
1861 5497 1994 5552 Bar-

421 5566 662 5630 berinus,
687 5569 814 5630 γάρ.

492 5587 970 5709 (ἓέῗδὲῖἓὲλθεῒν.
996 5637 1191 5709 ίῡιεεει
1238 5638 1290 5693 ἱη
1343 5638 1530 5709 codice
1579 5639 1782 5708 Regio,
1815 5647 1996 5696 exstat

421 5708 552 5763 vero
583 5708 637 5761 in
676 5711 957 5764 codicibus
995 5708 1293 5765 Bodleiano
1321 5721 1376 5766 et
1406 5708 1730 5765 Barberim.

502 5777 615 5850 (litt)
645 5774 831 5850 ξῖναι.
848 5779 989 5850 Lego
1011 5781 1081 5832 εἰ.

506 5847 618 5916 (55)
650 5847 832 5905 Codex
880 5847 1203 5908 Budlcianus
1257 5852 1419 5909 habet
1469 5849 1572 5914 ἕως
1621 5848 1736 5916 τοῦ,
1797 5847 1998 5921 Regius

2106 4641 2469 4696 ἐπανελθόντα
2503 4642 2612 4713 (58)
2661 4642 2884 4712 βασιλέα
2916 4643 3104 4696 οὐδένα
3135 4639 3293 4698 ἄλλον
3333 4646 3488 4714 ἴσμεν
3520 4643 3552 4714 ἦ
3586 4644 3678 4697 τὸν

2104 4738 2351 4792 εἰπόντα·
2393 4757 2411 4788 ι
2466 4736 2607 4806 Ἐγὼ
2636 4737 2694 4791 δέ
2726 4736 3066 4808 κατεστάθην
3100 4737 3351 4808 βασιλεὺς
3389 4739 3479 4791 ὑπ’
3513 4738 3679 4791 αὑτοῦ

2103 4831 2196 4883 ἐπὶ
2257 4828 2396 4884 Σιὼν
2455 4830 2580 4902 δρος
2632 4829 2693 4883 τὸ
2754 4830 2909 4898 ἅγιον
2966 4830 3166 4894 αὐτοῦ,
3228 4829 3562 4899 διαγγέλλων
3618 4830 3680 4883 τὺ

2103 4924 2435 4994 πρόσταγμα
2458 4923 2686 4994 Κυρίου.
2730 4942 2750 4975 ι
2783 4921 2987 4975 Τούτου
3013 4921 3111 4994 τὴν
3135 4923 3346 4994 ἡμέραν
3378 4923 3428 4975 οἱ
3457 4923 3676 4986 ἰδόντες,

2102 5018 2197 5070 καὶ
2249 5015 2674 5086 εὐφρανθέντες,
2724 5015 2928 5077 πάντες
2975 5015 3081 5068 εἰσὶ
3130 5014 3424 5084 βασιλικοί·
3484 5016 3577 5068 καὶ
3625 5016 3676 5066 oi

2100 5108 2448 5171 πιστεύοντες
2488 5109 2568 5171 εἰς
2626 5106 2721 5160 τὸν
2778 5107 2998 5178 Πατέρα
3047 5107 3115 5160 δι’
3175 5106 3338 5161 αὐτοῦ
3400 5107 3676 5178 ἐπώνυμοι

2116 5296 2163 5328 ⁷⁸
2185 5295 2320 5351 ibid.
2351 5296 2443 5361 52,
2465 5295 2557 5353 53.
2633 5297 2679 5329 ⁷⁵
2707 5294 2896 5350 Matth.
2925 5310 2979 5361 ν,
3015 5295 3106 5352 '55.
3173 5296 3222 5328 "
3243 5295 3412 5367 Apoc.
3444 5311 3560 5364 xxx,
3585 5295 3672 5352 l6.

2099 5504 2286 5554 omisit
2315 5504 2432 5548 του.

2174 5567 2286 5635 (56)
2321 5566 2440 5652 “Ea;
2461 5563 2566 5631 νῷ.
2599 5563 2691 5622 Sic
2720 5567 2886 5622 codex
2917 5565 3242 5622 Bodleianus
3261 5581 3277 5632 ;
3295 5565 3516 5636 Regius,
3543 5579 3671 5634 per-

2099 5638 2375 5710 peram,év
2405 5638 2470 5702 (Er.

2174 5707 2301 5778 (57)_
2321 5705 2898 5778 Codex_Bod|eianns,
2960 5716 3126 5778 recte,
3174 5706 3347 5778 ἐχέτω
3367 5723 3382 5737 ·
3433 5703 3669 5778 Regius,

2103 5773 2275 5835 male,
2289 5773 2453 5829 ικέτω
2468 5793 2482 5806 ο
2516 5775 2817 5841 Perionius,
2846 5773 3152 5830 ἱκετευέτω.

2180 5847 2289 5919 (58)
2335 5847 2787 5902 Ἐπανελθόντα.
2831 5849 3008 5905 Codex
3038 5845 3386 5916 Bodleianus,
3422 5845 3663 5901 ἐλθόντα.
