4170 6408
492 360 597 418 509

1546 360 1909 421 COMMENT.
1947 362 2018 420 IN
2055 359 2249 420 JOAN.
2291 355 2530 415 TOMUS
2563 353 2706 416 XIII.

3625 355 3732 411 51)

489 470 815 542 τυγχάνουσι
836 470 937 542 τῆς
969 470 1243 542 βασιλείας
1277 470 1462 536 αὑτοῦ,
1495 465 1571 526 ὧν
1596 474 1693 529 ἐνα
1729 477 1848 529 τινὰ
1871 473 2053 546 ζητοῦ-

2171 474 2292 528 dam
2327 474 2646 544 quaerimus,
2681 481 2736 528 et
2764 470 2936 542 ipsius
2968 471 3159 537 filium,
3199 474 3290 542 qni
3339 471 3642 542 tegrotarit,
3693 481 3737 526 ει

493 580 612 634 μεν,
643 563 737 616 καὶ
767 563 856 617 τὸν
882 563 1255 636 ἀσθενήσαντα
1283 564 1395 617 υίδν
1427 563 1613 630 αὑτοῦ,
1650 567 1744 619 καὶ
1773 567 1842 620 τὰ
1869 566 2058 620 τούτου

489 653 774 708 ἀκόλουθα.
833 654 1118 726 Ἐλέγομεν
1143 655 1200 708 δὲ
1237 657 1296 708 ἐν
1323 658 1436 720 τοῖς
1467 657 1727 729 ἀνωτέρω
1762 659 1854 711 τὸν
1882 658 2060 712 πάντα

488 743 614 797 λαὸν
645 745 756 798 υἱὸν
778 743 918 799 εἶναι
943 745 1036 799 τοῦ
1072 745 1340 818 Ἀϐραὰμ,
1366 748 1442 811 ὡς
1472 750 1566 802 καὶ
1584 750 1738 803 αὐτοὶ
1771 751 2064 821 αὑχοῦντές

491 852 649 904 φασι·
695 854 713 886 ι
749 835 976 907 Σπέρμα
1024 837 1274 908 Ἀϐραάμ
1315 839 1502 909 ἐσμεν,
1534 840 1629 892 καὶ
1670 840 1844 894 οὐδενὶ
1885 842 2064 896 δεδου-

487 925 760 998 λεύκαμεν
792 926 1010 980 πώποτε
1030 944 1044 959 ο
1079 946 1100 980 ι
1127 927 1250 982 καί·
1291 947 1310 980 t
1338 931 1430 1002 Μὴ
1453 930 1517 983 σὺ
1550 930 1751 1002 μείζων
1772 927 1934 986 εἰτοῦ
1955 950 2064 986 πα-

487 1016 616 1088 τρὸς
666 1017 823 1088 ἡμῶν
880 1017 1166 1090 Ἀϐραὰμ,
1212 1020 1360 1084 ὅστις
1408 1021 1713 1088 ἀπέθανεν;
1773 1041 1793 1076 ι
1851 1024 1936 1088 Ὠς
1972 1024 2060 1076 ἐπ’

488 1109 642 1181 αὐτῷ
671 1111 780 1180 γὰρ
810 1111 1162 1182 καυχωμένου
1199 1110 1295 1164 τοῦ
1325 1111 1455 1166 λαοῦ
1488 1114 1640 1188 παρὰ
1663 1117 1790 1178 τοὺς
1819 1116 2058 1181 λοιποὺς,

487 1205 581 1257 καὶ
616 1205 733 1275 μετ’
771 1205 934 1260 αὐτὸν
982 1205 1242 1277 πατέρας,
1289 1207 1423 1279 φησὶ
1456 1209 1550 1262 καὶ
1589 1212 1618 1263 6
1653 1209 1872 1281 Σωτήρ·
1915 1229 1934 1262 ι
1968 1208 2061 1281 Μὴ

486 1295 725 1368 ἄρξησθε
756 1297 956 1366 λέγειν,
990 1299 1072 1352 ὅτι
1114 1299 1327 1371 πατέρα
1362 1299 1558 1371 ἔχομεν
1586 1301 1676 1354 τὸν
1724 1301 1995 1374 Ἀϐραὰμ,
2035 1320 2056 1354 ι

485 1387 545 1459 ἢ,
579 1385 707 1461 «Μὴ
737 1388 923 1462 δόξητε
951 1389 1148 1459 λέγειν,
1185 1391 1399 1463 πατέρα
1420 1391 1618 1463 ἔχομεν
1654 1392 1746 1445 τὸν
1780 1393 2060 1464 Ἀϐραάμ·

477 1480 698 1538 δύναται
770 1481 880 1553 γὰρ
929 1481 1041 1552 (59)
1100 1484 1130 1536 6
1177 1483 1310 1548 Θεὸς
1349 1485 1415 1538 ἐκ
1469 1483 1580 1537 τῶν
1639 1483 1802 1537 λίθων
1859 1485 2063 1540 τούτων

485 1570 695 1640 ἐγεῖραι
725 1571 894 1626 τέκνα
925 1571 1002 1644 τῷ
1056 1573 1326 1647 Ἀϐραάμ.
1366 1594 1385 1628 t
1440 1574 1600 1628 Ἀλλά
1635 1577 1731 1629 καὶ
1767 1577 1797 1628 6
1839 1576 2064 1640 Ἡσαΐας

486 1662 626 1733 πρὸς
660 1663 753 1716 τὸν
789 1663 917 1718 λαόν
963 1682 1154 1736 φησιν’
1213 1685 1232 1718 t
1301 1666 1636 1738 Ἐμϐλέψατε
1678 1668 1757 1730 είς
1813 1665 2064 1738 Ἀϐραὰμ

484 1751 576 1804 τὸν
598 1751 810 1823 πατέρα
839 1752 994 1824 ύμιῖιν
1015 1754 1153 1824 (60),
1181 1755 1276 1809 καὶ
1295 1757 1374 1819 είς
1403 1755 1618 1827 Σάρραν
1640 1755 1738 1827 τὴν
1769 1755 2062 1811 ὠδίνουσαν

487 1843 632 1914 ὑμᾶς
658 1843 793 1916 (61).
827 1864 847 1898 ι
875 1846 986 1900 Καὶ⁸
1017 1847 1072 1900 τί
1096 1847 1178 1902 δεῖ
1194 1848 1282 1902 διὰ
1303 1848 1763 1920 παραδειγμάτων
1796 1849 2058 1920 μηκύνειν

482 1935 576 1988 τὸν
607 1935 786 2004 λόγον,
821 1937 1027 2006 σαφοῦς
1065 1939 1237 2004 ὄντος,
1275 1941 1357 1993 ὅτι
1389 1940 1551 2004 αὐτὸς
1591 1941 1804 2012 πρῶτος
1843 1959 2058 2014 χρημα-

481 2025 618 2090 τίζει
657 2027 838 2100 πατὴρ
866 2029 960 2082 τοῦ
989 2029 1143 2094 λαοῦ,
1173 2031 1254 2084 διὸ
1287 2033 1381 2085 καὶ
1413 2031 1705 2103 ἐξαιρέτως
1732 2031 2058 2104 ὀνομάζεται

482 2119 666 2192 πατήρ
686 2136 719 2196 ;1
743 2120 1104 2192 ’Υπονοοῦμεν
1133 2123 1310 2176 τοίνυν
1339 2122 1431 2176 τὸν
1466 2124 1564 2194 μὲν
1611 2124 1886 2194 βασιλικὸν
1921 2121 2058 2180 εἶναι

480 2207 574 2262 τὸν
605 2209 875 2282 Ἀϐραὰμ,
909 2213 1003 2267 τὸν
1035 2212 1092 2266 δέ
1114 2213 1489 2283 ἀσθενήσαντα
1520 2215 1683 2269 αὐτοῦ
1715 2215 1826 2268 υίδν
1853 2218 1910 2270 ἐν
1940 2218 2056 2270 Κα-

483 2301 792 2372 φαρναοὺμ,
830 2304 923 2356 καὶ
962 2303 1224 2374 μέλλοντα
1254 2305 1638 2377 ἀποθνήσκειν,
1681 2306 1744 2360 τὸ
1791 2308 2058 2380 Ἰσραηλι-

481 2390 631 2445 τικὸν
654 2392 828 2460 γένος,
865 2395 1169 2466 ἀσθενῆσαν
1207 2398 1266 2450 ἐν
1303 2400 1369 2468 τῇ
1412 2397 1690 2471 θεοσεϐείᾳ
1725 2399 1821 2452 καὶ
1851 2402 1916 2471 τῇ
1961 2417 2058 2471 τη-

484 2489 639 2560 ρήσει
677 2491 788 2544 τῶν
826 2491 986 2546 θείων
1019 2494 1219 2566 νόμων,
1252 2496 1346 2550 καὶ
1385 2498 1523 2567 πρὸς
1563 2498 1626 2551 τὸ
1657 2500 1950 2554 ἀποθανεῖν
1978 2501 2056 2573 τῷ

479 2579 600 2652 Θεῷ
631 2583 912 2654 γινόμενον
933 2585 1042 2638 τῶν
1079 2588 1488 2658 πεπυρωμένων
1533 2588 1702 2659 βελῶν
1729 2591 1823 2644 τοῦ
1861 2592 2053 2664 ἐχθροῦ

451 2675 894 2746 πεπυρωμένον,
940 2678 1034 2732 καὶ
1075 2677 1165 2731 διὰ
1199 2679 1358 2732 τοῦτο
1399 2681 1692 2752 πυρέσσειν
1743 2683 2051 2756 λεγόμενον.

477 2764 730 2821 Φαίνεται
781 2769 838 2822 δὲ
886 2769 1099 2840 μέλλειν
1146 2770 1257 2842 (62)
1298 2774 1410 2836 τοῖς
1459 2773 1911 2846 προεξεληλυθόσι
1962 2776 2054 2832 τὸν

480 2854 595 2926 βίον
619 2856 811 2912 τοῦτον
848 2859 1026 2928 ἁγίοις
1067 2861 1194 2933 περὶ
1231 2860 1326 2916 τοῦ
1366 2862 1518 2929 λαοῦ,
1553 2863 1628 2929 ὡς
1669 2867 1728 2920 ἐν
1757 2869 1868 2931 τοῖς
1897 2869 2054 2922 Μακ-

477 2946 764 3014 καϐαῖκοῖς
813 2951 1124 3023 γέγραπται
1180 2952 1320 3023 μετὰ
1367 2954 1597 3010 πλεῖστα
1649 2957 1750 3010 ὅσα
1812 2957 1907 3032 ἐτη
1952 2959 2054 3032 τῆς

488 3040 750 3112 Ἰερεμίου
774 3044 1118 3116 ἀναλήψεως·
1153 3063 1172 3097 t
1214 3039 1382 3111 Οὗτός
1411 3049 1557 3102 ἐστιν
1597 3047 1863 3122 Ἱερεμίας
1901 3052 1930 3104 6
1957 3052 2052 3107 τοῦ

476 3131 613 3236 θεοῦ
639 3134 952 3236 προφήτης,
981 3133 1211 3236 ὁᾳπολλά
1238 3137 1529 3208 εὐχόμενος
1557 3139 1687 3210 περὶ
1716 3138 1810 3193 τοῦ
1842 3139 1990 3195 λαοῦ.
2026 3161 2046 3195 ι
2077 3171 2127 3236 c

479 3223 620 3296 Ὅρα
677 3223 855 3278 τοίνυν
905 3226 953 3278 εί
1011 3225 1234 3282 δυνατὸν
1265 3228 1636 3300 ἐκλαμϐάνειν
1703 3233 1869 3303 ἡμᾶς,
1909 3234 1990 3287 ὅτι
2023 3236 2052 3289 6

489 3312 742 3386 Ἀϐραὰμ
791 3314 1067 3385 βασιλικός
1121 3333 1207 3382 τις
1257 3316 1334 3371 ὢν
1389 3321 1717 3390 νοσήσαντος
1759 3321 1908 3392 αὐτῷ
1955 3322 2051 3377 τοῦ

475 3404 616 3467 υἱοῦ,
649 3404 1012 3477 ἀποθνήσκειν
1057 3407 1359 3478 μέλλοντος,
1394 3407 1538 3474 ἀξιοί
1575 3410 1906 3482 βοηθηθῆναι
1948 3413 2052 3468 61:6

473 3492 568 3546 τοῦ
607 3493 859 3566 Σωτῆρος
897 3494 1055 3566 ήμῶν
1095 3495 1187 3550 τὺν
1227 3497 1502 3567 κάμνοντα
1525 3537 1540 3562 ,
1585 3499 1870 3570 γενόμενος
1916 3501 2052 3573 πρὸς

473 3585 657 3651 αὐτὸν,
688 3586 785 3639 καὶ
815 3584 1036 3656 ἐρωτῶν
1080 3587 1168 3641 ἶνα
1208 3588 1442 3658 καταϐῇ,
1487 3589 1582 3643 καὶ
1623 3590 1841 3663 ἰάσηται
1884 3591 2050 3646 αὑτοῦ

471 3677 562 3731 τὸν
588 3679 702 3732 υἱόν
721 3695 734 3709 ·
765 3677 956 3749 ἔμελλε
979 3678 1089 3750 γὰρ
1120 3679 1505 3749 ἀποθνήσκειν.

542 3770 630 3826 58.
666 3771 740 3824 Τὸ
753 3769 831 3822 δέ’
859 3788 879 3821 t
914 3770 1040 3824 Ἐὰν
1069 3770 1142 3842 μὴ
1160 3774 1360 3842 σημεῖα
1384 3772 1476 3826 καὶ
1500 3772 1702 3846 τέρατα
1725 3773 1892 3846 ίδητε,
1924 3793 1943 3827 t
1969 3775 2052 3830 λε-

473 3861 700 3934 γόμενον
723 3861 862 3932 πρὸς
886 3861 1068 3925 αὐτὸν,
1094 3861 1191 3933 τὴν
1213 3863 1489 3934 ἀναφορὰν
1513 3862 1627 3933 ἔχει
1647 3865 1739 3918 ἐπὶ
1765 3866 1826 3919 τὸ
1848 3866 2050 3939 πλῆθος

470 3953 578 4008 τῶν
599 3952 730 4006 υίῶν
746 3950 933 4019 αὑτοῦ,
959 3952 1099 4023 τάχα
1117 3953 1174 4006 δὲ
1201 3953 1294 4006 καὶ
1310 3955 1395 4007 ἐπ’
1417 3953 1596 4009 αὐτόν.
1626 3954 1715 4020 Ὠς
1731 3955 1842 4028 γὰρ
1876 3958 2051 4014 Ἰωάν-

470 4063 587 4117 νης,
606 4044 916 4118 προσδοκῶν
943 4045 1042 4117 τὴν
1068 4044 1305 4116 Χριστοῦ
1339 4046 1652 4118 ἐπιδημίαν,
1679 4048 1967 4120 περιέμενε
1989 4051 2051 4104 τὸ

468 4137 621 4190 δοθὲν
646 4138 889 4208 σημεῖον,
923 4136 1009 4189 ἵνα
1033 4136 1100 4189 δι’
1119 4134 1284 4190 αὐτοῦ
1315 4135 1428 4207 γνῷ
1439 4135 1529 4191 τὸν
1558 4139 2046 4212 προφητευόμενονο

467 4227 530 4282 τὸ
547 4228 602 4282 δὲ
624 4230 846 4298 σημεῖον
861 4223 950 4299 ἦν·
973 4243 994 4279 t
1015 4227 1129 4297 Ἐφ’
1148 4227 1206 4281 ὃν
1239 4227 1305 4281 ἀν
1327 4227 1442 4299 ἴδῃς
1464 4228 1528 4282 τὸ
1543 4227 1766 4302 Πνεῦμα
1792 4231 2049 4286 καταϐαῖ-

470 4337 580 4383 νον,
625 4320 720 4373 ita).
774 4319 934 4390 μένον
985 4319 1072 4371 ἐπ’
1121 4317 1303 4383 αὑτὸν,
1351 4311 1508 4382 οὗτός
1543 4320 1690 4374 ἐστιν
1721 4323 1750 4375 6
1781 4322 1910 4388 Υίδς
1951 4323 2046 4378 τοῦ

469 4411 604 4466 Θεοῦ
624 4429 637 4442 ο
673 4431 693 4464 ›
731 4411 901 4474 οῦτως
927 4411 1022 4464 κα)⁵
1047 4411 1097 4463 οἱ
1124 4413 1621 4484 προκεκοιμημένοι
1647 4413 1792 4483 ἅγιοι
1821 4415 2048 4487 προσδο-

2164 575 2357 620 caetera
2393 580 2516 634 quae
2549 565 2617 619 de
2642 565 2746 619 hoc
2777 564 3114 620 scribuntur.
3170 563 3420 618 Diximus
3470 573 3645 617 autem
3683 562 3734 615 in

2163 659 2539 728 superioribus
2597 671 2814 712 omnem
2848 655 3100 725 p0pulum
3131 654 3302 709 ﬁlium
3330 669 3449 709 esse
3479 653 3732 719 Abralte,

2167 751 2616 820 quemadmodum
2644 749 2808 802 etiam
2837 747 2937 816 ipsi
2969 747 3263 816 gloriantes
3283 746 3521 800 fatentur
3542 764 3556 802 :
3578 764 3598 798 ι
3626 746 3735 802 hos
3792 793 3801 812 ,

2168 859 2351 900 semen
2392 843 2624 899 Abraha:
2669 855 2878 903 sumus,
2918 851 2974 894 et
3034 840 3236 896 nemini
3265 840 3585 895 servivimus
3634 857 3735 895 un-
3787 841 3806 918 ι’

2168 937 2424 1006 quam";
2455 954 2475 987 ι
2508 942 2565 990 et
2591 933 2718 989 illud
2747 950 2761 986 :
2786 951 2804 985 ι
2830 933 2970 987 Num
2992 942 3048 987 tu
3084 931 3260 1000 major
3284 947 3343 987 es
3369 944 3520 1002 patre
3547 945 3736 988 nostro

2165 1025 2461 1089 Abraham,
2514 1024 2606 1093 qui
2663 1033 2909 1077 mortuus
2959 1021 3159 1076 est“?
3223 1041 3242 1075 ι
3306 1022 3538 1078 Perinde
3586 1025 3733 1078 enim

2167 1117 2323 1188 quasi
2380 1115 2606 1186 populus
2640 1115 2974 1184 gloriaretur
3028 1113 3080 1169 in
3109 1114 3230 1184 ipso
3263 1115 3433 1184 magis
3481 1131 3645 1184 quam
3676 1116 3731 1170 in

2164 1209 2378 1266 caeteris
2431 1209 2696 1279 patribus,
2735 1209 2912 1276 iisque
2966 1207 3060 1278 qui
3115 1217 3239 1276 post
3283 1207 3457 1276 ipsum
3491 1209 3735 1262 exstitis-

2162 1310 2303 1368 sent,
2336 1301 2513 1370 inquit
2541 1300 2704 1354 etiam
2739 1299 2999 1354 Servalor
3030 1316 3044 1352 :
3083 1317 3103 1351 ι
3148 1298 3229 1354 Ne
3270 1299 3549 1368 cmperitis
3581 1298 3734 1353 dice-

2161 1409 2266 1449 re:
2313 1393 2528 1448 Patrem
2557 1393 2826 1448 habemus
2868 1391 3188 1456 Abraham;
3225 1410 3246 1444 ›
3275 1391 3374 1456 vel,
3415 1407 3434 1443 t
3475 1389 3552 1446 Ne
3581 1391 3734 1461 cogi-

2163 1485 2289 1542 tetis
2314 1485 2498 1540 dicere
2525 1506 2537 1541 :
2569 1484 2790 1539 Patrem
2823 1483 3086 1539 habemus
3123 1483 3436 1547 Abraham;
3466 1497 3590 1536 nam
3636 1499 3734 1552 po-

2162 1586 2268 1633 test
2287 1575 2427 1633 Deus
2444 1577 2513 1631 de
2533 1575 2808 1646 lapidibus
2830 1575 2916 1630 his
2932 1572 3357 1634 suscitareLﬁlins
3373 1573 3604 1628 Abrahae
3625 1575 3691 1628 ".
3706 1591 3726 1624 ι

2161 1663 2302 1731 Quin
2335 1662 2507 1718 Isaias
2537 1676 2757 1732 quoque
2786 1663 2854 1717 ad
2884 1661 3140 1732 populum
3174 1661 3387 1731 inquit:
3430 1679 3448 1713 ε
3476 1661 3730 1732 Inspicite

2163 1756 2216 1810 in
2251 1755 2523 1810 Abraham
2555 1763 2764 1825 patrem
2803 1765 3066 1822 vestrum,
3115 1763 3171 1808 et
3217 1753 3274 1807 in
3319 1751 3564 1816 Sarratn,
3609 1767 3732 1822 quae

2161 1861 2259 1904 vos
2289 1848 2571 1917 peperit“.
2592 1867 2611 1900 ι
2635 1846 2702 1902 Et
2724 1846 2852 1916 quid
2884 1859 3018 1915 opus
3038 1853 3122 1900 est
3145 1843 3405 1915 exemplis
3425 1859 3730 1898 sermonem

2162 1937 2477 2008 producere,
2509 1937 2852 1992 manifestum
2889 1951 3010 1991 cum
3053 1935 3124 1992 sit
3146 1937 3286 2004 quod
3321 1937 3434 2005 ipse
3456 1937 3730 1990 Abraham

2163 2027 2238 2082 sit
2290 2025 2501 2096 primus
2533 2035 2690 2096 pater
2719 2027 2922 2097 populi.
2953 2036 3175 2096 prapter
3208 2026 3350 2095 quod
3379 2025 3731 2095 singulariter

2163 2117 2332 2173 etiam
2361 2120 2673 2174 nominatur
2694 2119 2887 2188 pater?
2908 2118 3259 2188 Suspicamnr
3293 2117 3457 2186 igitur
3484 2117 3728 2184 regulum

2161 2223 2282 2266 esse
2305 2210 2604 2275 Abraham,
2646 2209 2764 2280 ejus
2793 2225 2921 2265 vero
2950 2210 3141 2274 filium,
3171 2212 3264 2280 qni
3305 2211 3356 2264 in
3410 2207 3730 2278 Capharnao

2161 2303 2467 2371 argrotavit,
2503 2311 2730 2377 eratque
2774 2303 3093 2366 moriturus,
3142 2301 3497 2357 lsraeliticum
3537 2317 3726 2371 genus,

2161 2395 2303 2464 quod
2333 2403 2695 2465 :cgrotaverat
2724 2395 2776 2447 in
2818 2394 2909 2448 Dei
2941 2395 3111 2460 cnltn,
3147 2405 3202 2450 et
3238 2395 3615 2450 observatione
3642 2395 3728 2449 di-

2161 2489 2408 2542 vinarum
2432 2487 2645 2556 legum;
2676 2496 2731 2541 et
2751 2487 2918 2541 etiam
2953 2487 3060 2540 Deo
3087 2496 3144 2541 ut
3170 2495 3493 2551 moreretur,
3525 2486 3731 2541 ferven-

2163 2581 2327 2647 tibus,
2357 2589 2415 2635 ut
2468 2581 2540 2634 ita
2591 2579 2822 2648 loquar,
2861 2578 3065 2632 inimici
3110 2580 3321 2648 sagittis
3370 2578 3724 2634 fervefactntn

2160 2672 2359 2735 fuerat,
2397 2670 2538 2724 unde
2561 2669 2724 2723 etiam
2755 2669 2987 2735 fervere,
3012 2668 3062 2722 id
3096 2677 3179 2724 est
3231 2669 3560 2735 febricitare,
3591 2669 3729 2724 dici-

2159 2771 2268 2818 tur.
2297 2760 2457 2831 273
2487 2761 2726 2830 Apparet
2755 2769 2935 2814 autem
2962 2760 3190 2823 sanctis,
3227 2761 3317 2829 qui
3344 2775 3502 2815 antea
3529 2775 3592 2814 ex
3625 2761 3728 2815 hac

2158 2856 2269 2909 vita
2299 2853 2641 2922 emigrarint,
2672 2867 2860 2907 curam
2887 2866 3007 2905 esse
3036 2850 3102 2906 de
3128 2851 3345 2921 populo,
3375 2852 3726 2920 quemadmo-

2158 2947 2286 3002 dum
2308 2945 2366 3001 in
2397 2942 2824 3000 Machabatorum
2846 2943 3012 3013 gestis
3037 2943 3300 3014 scripturn
3329 2950 3436 3007 est,
3459 2953 3578 3012 post
3601 2943 3723 3012 plu-

2159 3038 2326 3094 rimos
2358 3051 2530 3092 annos
2570 3037 2640 3092 ab
2666 3035 2816 3090 obitu
2843 3033 3095 3089 Jeremim
3123 3051 3137 3088 :
3171 3051 3189 3085 ι
3228 3033 3327 3090 Hic
3355 3043 3437 3089 est
3459 3032 3724 3089 Jeretnias

2160 3129 2252 3184 Dei
2283 3129 2570 3198 propheta,
2598 3127 2689 3196 qui
2712 3125 2943 3180 multum
2965 3135 3085 3180 orat
3111 3139 3208 3194 pro
3239 3125 3552 3196 populo”.o
3591 3125 3724 3181 Vide

2154 3233 2284 3290 ergo
2305 3233 2432 3273 num
2460 3231 2730 3289 exponere
2759 3217 3030 3286 possimus
3048 3257 3063 3281 ,
3096 3216 3242 3285 quod
3264 3217 3538 3270 Abraham
3569 3231 3723 3285 regu-

2153 3309 2238 3364 lus
2271 3309 2538 3380 quispiam
2585 3309 2880 3373 exsistens,
2922 3313 3216 3378 aegrotante
3259 3305 3363 3360 sibi
3389 3304 3722 3374 filio,eoque

2153 3402 2442 3464 morituro,
2477 3401 2760 3456 Dominum
2787 3407 2942 3470 rogat
2970 3413 3068 3468 pro
3093 3397 3190 3451 filii
3224 3396 3522 3452 laborantis
3559 3411 3720 3451 sana-

2154 3493 2320 3558 tione,
2372 3491 2653 3564 profectus
2689 3492 2756 3545 ad
2778 3489 2976 3560 ipsum,
3008 3498 3063 3544 et
3085 3488 3381 3543 obsecrans
3408 3497 3466 3542 ut
3490 3487 3720 3544 descen-

2152 3585 2245 3642 dat
2269 3594 2326 3641 et
2349 3593 2507 3641 curet
2537 3597 2696 3640 suum
2724 3581 2894 3636 filium
2913 3581 3026 3652 jam
3053 3578 3407 3641 moriturum.

2223 3769 2316 3826 58.
2361 3766 2494 3822 illud
2549 3780 2682 3823 vero
2727 3763 2873 3835 quod
2901 3762 2971 3819 ad
3026 3763 3202 3834 ipsum
3236 3760 3480 3817 dicitur:
3528 3777 3552 3815 ι
3601 3759 3716 3828 Nisi

2151 3864 2306 3934 signa
2342 3870 2396 3916 et
2424 3860 2668 3931 prodigia
2710 3858 2976 3926 videritis,
3022 3875 3044 3910 ι
3099 3857 3416 3912 relationem
3448 3856 3610 3911 habet
3647 3857 3716 3912 ad

2150 3952 2550 4010 multitudinem
2602 3951 2834 4006 filiorum
2881 3947 3022 4019 ejus,
3053 3957 3110 4004 et
3146 3947 3397 4002 fortassis
3439 3947 3506 4028 ad
3540 3949 3714 4017 ipsum

2149 4047 2335 4102 etiam.
2349 4043 2422 4102 Ut
2441 4044 2587 4100 enim
2610 4042 2850 4099 Joannes
2864 4042 3067 4098 Christi
3086 4040 3376 4095 adventum
3398 4051 3715 4110 expectans,

2149 4135 2507 4211 exspectabat
2529 4135 2744 4206 signum
2773 4136 2982 4200 datum,
3010 4142 3072 4188 ut
3109 4150 3206 4205 per
3241 4147 3364 4188 eum
3400 4141 3718 4202 agnosceret

2147 4246 2271 4287 eum
2301 4230 2392 4302 qui
2416 4228 2878 4300 prophetabatur;
2902 4228 3118 4297 signum
3149 4241 3279 4283 vero
3309 4235 3466 4282 erat:
3494 4243 3513 4277 ι
3539 4223 3716 4294 Super

2145 4338 2306 4396 quem
2341 4322 2541 4378 videris
2568 4320 2829 4391 Spiritum
2851 4319 3293 4385 descendentem,
3323 4328 3378 4374 et
3408 4325 3714 4372 manentem

2147 4430 2313 4486 super
2338 4428 2485 4481 eum,
2515 4413 2604 4468 hic
2631 4421 2715 4468 est
2739 4411 2910 4467 Filius
2941 4411 3036 4466 Dei
3065 4411 3146 4478 ⁸⁸;
3176 4430 3198 4465 ι
3235 4411 3314 4466 sic
3341 4409 3508 4465 etiam
3536 4409 3713 4463 sancti

469 4501 674 4564 κῶντες
713 4501 807 4554 καὶ
837 4500 936 4570 τὴν
961 4501 1019 4552 ἐν
1053 4498 1264 4574 σώματι
1301 4500 1395 4554 τοῦ
1441 4502 1675 4574 Χριστοῦ
1721 4505 2036 4576 ἐπιδημίαν,

2154 4509 2240 4578 qui
2271 4516 2434 4562 antea
2493 4519 2525 4560 e
2563 4505 2677 4559 vita
2706 4503 3077 4570 decesserant,
3105 4509 3484 4573 exspectantes
3509 4499 3712 4555 Christi

467 4595 576 4648 ἀπὸ
621 4592 729 4646 τῶν
775 4591 1017 4662 σημείων
1046 4591 1282 4647 καὶτῶν
1311 4595 1554 4665 τεράτων
1603 4597 2038 4670 ἐχαρακτήριζον

467 4686 650 4749 αὐτὸν,
679 4685 770 4738 διὰ
801 4683 1009 4738 τούτων
1054 4683 1132 4754 τῷ
1153 4684 1488 4758 ἐλπιζομένῳ
1521 4687 1884 4753 πιστεύοντες.
1935 4689 2046 4743 Τά-

463 4791 578 4844 χιον
605 4773 661 4825 δέ
686 4771 994 4844 παρακαλεῖ
1019 4773 1108 4826 τδν
1136 4773 1337 4844 Κύριον
1369 4776 1668 4848 καταϐῆναι
1712 4779 1847 4850 πρὸς
1871 4778 1936 4834 τὸ
1952 4798 2040 4835 νο-

464 4865 592 4919 σοῦν
624 4865 835 4919 παιδίον
881 4863 1098 4928 ἐαυτοῦ,
1158 4864 1551 4937 εὐλαϐούμενος
1601 4868 1677 4940 μὴ
1727 4870 1972 4944 προλάϐῃ
2009 4873 2040 4927 6

460 4954 689 5019 θάνατος
726 4957 1007 5026 κρατήσας
1035 4955 1126 5009 τὸν
1163 4957 1441 5027 κάμνοντα
1464 4975 1478 4990 ο
1521 4960 1615 5012 καὶ
1644 4961 1942 5017 ἀπελαύνει
1969 4980 2036 5033 γε

458 5049 549 5102 τὸν
575 5051 805 5122 πυρετόν
832 5051 975 5122 λόγῳ
995 5051 1024 5103 6
1045 5051 1298 5121 Χριστὸς,
1331 5051 1796 5123 ἐπαγγειλάμενος
1825 5053 1903 5124 τῷ
1931 5071 2036 5108 πα-

457 5141 547 5210 τρὶ
579 5140 679 5210 τῆς
701 5141 845 5211 ζωῆς
875 5140 970 5195 τοῦ
996 5140 1417 5206 κινδυνεύοντος,
1448 5142 1538 5196 διὰ
1558 5143 1680 5197 τοῦ·
1712 5163 1732 5196 t
1768 5143 2032 5214 Πορεύου,

458 5229 488 5280 6
516 5229 631 5292 υἱός
660 5245 752 5282 σου
785 5228 872 5300 ζῇ.
905 5248 924 5281 ι
956 5231 1108 5300 Ἔχει
1139 5229 1196 5283 δὲ
1217 5223 1374 5295 οὗτος
1403 5234 1434 5286 6
1463 5232 1740 5303 βασιλικὸς
1777 5235 1840 5289 οὑ
1873 5235 2035 5307 μόνον

457 5318 590 5383 υίόν,
623 5320 759 5374 ἀλλὰ
809 5319 905 5373 καὶ
948 5320 1186 5386 δούλους,
1231 5317 1306 5375 ὧν
1351 5325 1620 5396 σύμϐολον
1646 5317 1788 5394 ἦσαν
1815 5328 1864 5379 0i.
1889 5328 2036 5382 οίκο-

456 5414 633 5478 γενεῖς
684 5413 779 5467 καὶ
842 5412 1219 5484 ἀργυρώνητοι
1280 5413 1376 5467 τοῦ
1441 5415 1726 5489 Ἀϐραὰμ,
1789 5414 1928 5483 εἶδός
1979 5437 2034 5474 τι

2140 4599 2434 4654 adventum
2466 4593 2520 4651 in
2543 4609 2799 4666 corpore,
2832 4611 2862 4650 a
2886 4595 3057 4666 signis
3083 4603 3138 4650 et
3167 4592 3426 4665 prodigiis
3453 4606 3574 4646 eum
3593 4606 3710 4645 ma-

2141 4687 2507 4746 nifestandum
2559 4686 2974 4757 exspectabant;
3026 4701 3122 4755 per
3171 4688 3288 4740 hac
3319 4683 3604 4740 credentes
3655 4681 3710 4736 in

2140 4796 2264 4837 eum
2292 4781 2384 4850 qui
2433 4777 2773 4848 sperabatur.
2814 4773 3078 4832 Obsecrat
3119 4781 3300 4827 autem
3334 4770 3413 4825 uti
3451 4769 3712 4824 Dominus

2139 4871 2394 4928 celeriter
2423 4869 2722 4924 descendat
2758 4867 2826 4920 ad
2851 4880 3008 4921 suum
3039 4865 3211 4935 ipsius
3247 4863 3416 4917 lilium
3440 4869 3709 4932 aegrotan-

2142 4971 2271 5029 tem,
2332 4961 2601 5018 sollicitus
2645 4959 2917 5014 exsistens
2969 4971 3036 5012 ne
3091 4970 3239 5010 mors
3298 4958 3708 5025 praeoccuparet

2132 5053 2336 5109 victum
2408 5051 2722 5117 infirmum;
2781 5049 3083 5118 febrimque
3157 5060 3409 5101 sermone
3475 5041 3704 5112 expellit

2133 5143 2402 5208 Christus,
2434 5143 2748 5198 renuntians
2768 5140 2906 5210 patri
2933 5140 3101 5194 lilium
3129 5138 3524 5208 periclitantem
3552 5134 3702 5187 vive-

2140 5251 2223 5304 re,
2267 5251 2364 5306 per
2419 5235 2545 5288 illud
2575 5250 2591 5288 :
2626 5250 2646 5285 ι
2683 5232 2849 5296 Vade,
2905 5233 3048 5286 illius
3101 5240 3223 5286 tuus
3262 5231 3412 5285 vivit.
3455 5246 3476 5281 ι
3528 5227 3702 5282 Habet

2132 5329 2297 5382 etiam
2337 5326 2426 5381 hic
2473 5323 2687 5395 regulus
2715 5340 2821 5378 non
2861 5323 3042 5377 solum
3088 5323 3292 5388 (ilium,
3323 5334 3509 5374 verum
3537 5318 3700 5371 etiam

2136 5433 2347 5486 servos,
2382 5429 2613 5487 quorum
2662 5423 2788 5468 nota
2834 5423 2991 5468 erant
3035 5427 3215 5468 verna:
3255 5411 3507 5476 Abrahae,
3547 5417 3604 5464 et
3643 5408 3700 5463 hi

530 5521 576 5555 ”
613 5521 770 5579 Joan.
797 5537 918 5588 vm,
943 5521 1035 5578 35.
1127 5520 1175 5554 '°
1204 5521 1336 5578 ibid.
1364 5523 1454 5580 53.
1552 5525 1599 5558 “
1620 5525 1817 5583 Matth.
1845 5543 1930 5597 111,
1965 5529 2024 5586 9-

2163 5529 2301 5586 -lsai.
2333 5543 2410 5593 ιι,
2445 5526 2502 5581 2.
2586 5527 2634 5560 ⁸³
2661 5525 2705 5581 ll
2741 5524 2918 5580 Mach.
2959 5539 3052 5591 xv,
3091 5525 3181 5579 Η.
3272 5523 3318 5556 ⁸⁸
3337 5521 3492 5578 Joan.
3540 5539 3577 5588 ι,
3605 5523 3696 5580 33.

529 5637 643 5724 (ἓξὲξ
673 5639 823 5724 .1199;
853 5636 1088 5724 De???"
1122 5637 1316 5724 ,εοεὲξεθ
1346 5640 1532 5724 sissis-

554 5709 644 5784 69)
911 5707 1090 5784 Codex
1122 5706 1320 5784 ᾕρει-ηε
1349 5706 1513 5784 habet
1544 5714 1719 5784 ήμῶν,
1749 5715 1910 5774 male.

554 5729 644 5772 υυ)
704 5729 727 5760 ι
738 5729 889 5777 μων.
911 5729 1090 5762 υυιιωι
1122 5729 1320 5777 neguus
1349 5729 1513 5765 llaDel
1544 5729 1719 5784 ημῶν,
1749 5732 1808 5772 ιη

530 5729 644 5852 (61)
685 5777 880 5847 Ὑμεῖς.
917 5775 1097 5834 Codex
1130 5775 1354 5847 Regius,
1383 5782 1550 5852 ἡμᾶς.
1585 5785 1744 5841 male.
1803 5849 1808 5853 _

2200 5647 2314 5721 (62)
2355 5647 2632 5721 Φαίνεται
2669 5643 2740 5697 δὲ
2767 5642 3177 5721 μέλβειν,“ο(ς.
3205 5641 3359 5721 Hunc
3399 5641 3574 5721 locum
3610 5661 3700 5721 γε-

2125 5711 2306 5788 liquis'
2333 5719 2732 5788 adjungeiqnos
2770 5711 2987 5788 profert
3035 5711 3393 5768 Bcllarminus
3424 5711 3517 5767 lib.
3561 5729 3578 5769 ι
3620 5713 3698 5770 Dc

2124 5784 2424 5845 sanctorum
2449 5784 2654 5850 belliin,
2686 5799 2806 5854 cap.
2843 5784 2927 5838 19.
