4170 6390
419 366 515 421 5H

1863 345 2187 413 ORIG‘ERIS

3563 339 3669 400 ωε

418 492 555 547 quos
588 482 816 546 argento
867 483 1100 539 emerat,
1155 473 1327 527 forma
1360 473 1606 543 quedam
1651 468 1991 526 credentium

2104 462 2456 517 πιστευόντων
2516 417 2917 532 ταπείνότερον,
2964 458 3059 513 καὶ
3106 456 3468 528 ὑποϐεϐηκός.
3507 449 3669 511 Οὗτοι

418 569 685 637 abiectior
712 577 770 622 et
800 566 1080 620 humilior.
1140 562 1202 618 Hi
1245 564 1698 619 consuetudinem
1733 562 1994 616 habentes

417 681 541 721 cum
575 665 685 718 tilio
713 663 1080 727 febricitante,
1121 662 1310 716 vident
1350 661 1493 715 illius
1523 661 1774 724 salutem,
1802 673 1995 713 occur-

420 765 651 824 runtque
682 756 822 826 patri
861 756 1025 808 vitam
1070 755 1248 807 sanati
1283 752 1713 816 annuntiantes,
1764 766 1997 818 eumque

419 852 599 905 laetum
636 852 922 905 rcddentes
954 850 1044 903 illo
1077 849 1288 904 verbo:
1324 866 1342 899 ι
1388 847 1560 902 Filius
1606 855 1730 902 tuus
1772 846 1929 906 vivit.
1971 863 1991 897 ι

421 945 513 1011 qui
543 954 704 998 antea
741 957 846 997 non
878 942 1189 1013 cogitarunt
1223 942 1389 995 filium
1419 935 1622 994 domini
1650 941 1850 994 vivere.
1880 937 1995 991 Non

418 1034 618 1090 frustra
658 1045 836 1089 autem
880 1035 1013 1088 hora
1046 1034 1274 1102 septima
1315 1033 1575 1101 relinquit
1614 1047 1738 1086 eum
1790 1031 1994 1094 fel-ris,

419 1142 545 1181 nam
575 1141 834 1181 numerus
864 1126 955 1179 ille
981 1137 1107 1180 nota
1142 1134 1226 1178 est
1265 1125 1484 1192 quietis.
1524 1124 1577 1176 lu
1613 1122 1994 1192 Capliaruaum

418 1230 550 1271 sane
581 1226 660 1271 est
692 1217 781 1272 ille
822 1217 989 1281 ﬁlius,
1019 1216 1109 1285 qui
1155 1225 1387 1286 aegrotat
1422 1227 1478 1268 et
1521 1223 1747 1270 curatur
1780 1213 2005 1286 (nempe

419 1310 475 1365 in
510 1310 901 1364 consolationis
930 1323 1084 1378 agro,
1121 1323 1291 1378 genus
1323 1308 1589 1376 quoddam
1621 1306 1996 1377 a'grotantium

420 1413 663 1482 quidem,
696 1412 790 1467 sed
824 1412 917 1481 qui
949 1427 1055 1467 non
1089 1412 1313 1465 omnino
1360 1411 1468 1465 sint
1518 1411 1635 1463 sine
1686 1403 1997 1476 fruetibus),

420 1514 703 1583 cretlitque
754 1512 1148 1583 perfectissime
1178 1521 1357 1582 pater,
1409 1513 1589 1582 agnita
1647 1511 1739 1565 filii
1801 1511 1996 1576 salute,

420 1611 640 1668 Christo
670 1614 898 1667 credens
934 1627 1055 1667 cum
1087 1622 1201 1669 tota
1239 1614 1401 1669 domo
1433 1629 1552 1668 sua.
1587 1611 1867 1677 Quomodo
1899 1627 1998 1664 au-

423 1722 533 1768 tem
568 1713 899 1768 descendens
944 1711 1105 1768 Jcsus
1160 1727 1191 1766 a
1241 1710 1428 1768 Judtiea
1480 1712 1533 1766 in
1580 1709 1860 1767 Galilaeam
1897 1711 2000 1765 hoc

423 1806 634 1874 signum
661 1805 955 1860 secundum
986 1803 1196 1869 fecerit,
1233 1803 1286 1858 in
1326 1804 1682 1873 sequentibus
1714 1802 1994 1872 inilagzibi-
2027 1813 2076 1873 Β

424 1912 543 1950 mus
572 1912 669 1964 pro
711 1896 875 1964 virili,
924 1913 1047 1952 cum
1094 1898 1162 1952 ad
1210 1905 1524 1952 contextum
1564 1896 1996 1965 pervenerimus.

424 1986 591 2060 274
615 1986 1079 2044 Considerandum
1112 1988 1278 2044 etiam
1322 1999 1409 2043 est
1445 2004 1573 2041 num
1607 1987 1864 2058 potentia:
1905 1985 2004 2039 ali-

424 2079 579 2148 cujus
602 2095 668 2135 ex
696 2080 781 2137 bis
809 2082 900 2152 qui
951 2081 1080 2136 huic
1123 2080 1327 2136 sarculo
1367 2081 1657 2147 imperant,
1706 2078 1885 2147 imago
1931 2078 2002 2132 sit

426 2171 679 2241 regulus;
709 2187 835 2225 num
863 2172 1031 2226 etiam
1063 2172 1205 2226 tilius
1231 2171 1356 2242 ejus
1386 2171 1561 2241 imago
1598 2170 1670 2225 sit
1693 2185 1881 2224 eorum
1908 2169 2001 2238 qui

426 2264 701 2319 exsistunt
723 2264 825 2319 sub
851 2273 1145 2334 potestate,
1176 2280 1271 2320 seu
1305 2264 1484 2333 populi
1525 2264 1857 2332 praesumis,
1921 2272 2000 2328 et,

426 2355 590 2410 utita
639 2354 839 2420 dicam,
893 2355 1063 2410 veluti
1113 2355 1400 2411 electionis
1433 2356 1573 2424 apud
1623 2351 1841 2425 ipsum:
1875 2370 2002 2409 num

425 2449 592 2505 etiam
634 2450 928 2505 infirmitas
973 2450 1091 2518 ejus
1140 2452 1214 2506 sit
1262 2448 1490 2505 affectus
1538 2464 1758 2520 pravus,
1803 2460 2006 2519 praeter

426 2542 688 2612 principis
745 2544 1117 2613 propositum;
1168 2550 1225 2598 et
1282 2543 1474 2598 civitas
1505 2542 1886 2609 Capharnaum
1934 2539 2007 2594 sit

430 2635 609 2704 imago
660 2633 767 2690 loci
826 2634 1122 2691 mansionis
1152 2634 1258 2690 sibi
1309 2634 1678 2691 subditorum.
1736 2631 2004 2691 Existimo

428 2729 574 2780 enim
607 2725 815 2795 aliquot
844 2740 912 2782 ex
963 2726 1307 2795 principibus
1334 2723 1741 2794 obstupefactos
1783 2732 2006 2795 propter

432 2817 734 2887 potentiam
760 2828 816 2873 et
841 2819 1182 2874 divinitatem
1213 2817 1365 2885 Jesu,
1411 2817 1728 2888 confugisse
1762 2817 1829 2871 ad
1878 2830 2004 2873 eum

431 2927 487 2974 et
517 2934 705 2975 orasse
742 2934 839 2989 pro
866 2920 970 2976 sibi
1013 2921 1268 2977 subditis.
1302 2920 1585 2990 Alioquin,
1619 2934 1742 2985 cur,
1795 2933 2005 2989 quaso,

433 3020 683 3078 homines
705 3023 1079 3093 pmnitentiam
1116 3024 1411 3094 recipiunt,
1450 3038 1518 3079 ex
1565 3022 2006 3092 infidelitateque

2097 553 2345 617 συνόντες
2385 552 2463 624 τῷ
2513 554 2775 623 κάμνοντι
2829 550 3027 621 παιδίῳ
3064 547 3329 621 θεωροῦσι
3363 548 3462 621 τὴν
3497 566 3671 620 σωτη-

2097 647 2220 719 ρίαν
2252 644 2441 709 αὐτοῦ,
2476 646 2574 700 καί⁵
2602 644 2885 699 ἀπαντῶσι
2907 642 2986 713 τῷ
3018 643 3209 714 πατρὶ,
3249 641 3667 712 εὐαγγελιζόμε-

2094 758 2176 796 νοι
2202 742 2301 813 τὴν
2324 742 2469 812 ζωὴν
2497 739 2590 794 τοῦ
2620 738 3071 811 θεραπευθέντος,
3101 738 3190 791 διὰ
3209 735 3303 790 τοῦ
3324 754 3338 767 ·
3382 754 3401 788 ι
3449 736 3509 788 '0
3540 737 3668 799 παῖς

2098 848 2194 885 σου
2217 832 2305 903 ζῇ,
2338 851 2357 884 ι
2400 830 2803 902 εὐφραίνοντες,
2838 829 2920 882 ὅτι
2974 829 3074 881 οὐκ
3108 828 3366 900 ἐφρόνουν
3407 826 3672 897 πρότερον

2096 925 2226 995 περὶ
2253 924 2348 978 τοῦ
2380 924 2593 977 παιδίου
2620 922 2716 975 τοῦ
2739 920 3018 984 δεσπότου,
3052 922 3131 974 ὅτι
3162 920 3279 991 ἔζη.
3310 920 3386 972 Οὐ
3417 918 3594 990 μάτην
3616 917 3673 971 δὲ

2096 1012 2247 1085 ῶραν
2314 1013 2548 1084 ἑϐδόμην
2601 1012 2829 1079 ἀφίησιν
2880 1009 3045 1062 αὐτὸν
3093 1010 3123 1061 ὁ
3171 1010 3435 1081 πυρετός·
3484 1010 3513 1062 6
3562 1008 3673 1079 γὰρ

2096 1106 2328 1177 ἀριθμὸς
2353 1106 2708 1167 ἀναπαύσεως
2728 1100 2814 1175 ἧν.
2857 1104 2914 1156 '0
2936 1104 2993 1155 ὲν
3020 1102 3398 1174 Καφαρναοὺμ
3426 1100 3675 1172 μέντοιγε

2100 1196 2214 1260 υἱός
2244 1198 2392 1249 ἐστιν
2412 1198 2442 1248 6
2470 1194 2642 1249 νοσῶν
2676 1194 2771 1247 καὶ
2810 1191 3269 1266 θεραπευόμενος,
3313 1192 3343 1244 6
3374 1192 3432 1244 ὲν
3466 1189 3546 1261 τῷ
3575 1189 3672 1261 τῆς

2098 1289 2491 1362 παρακλήσεως
2529 1286 2703 1358 ἀγρῷ,
2746 1286 2903 1355 γένος
2946 1302 2997 1340 τι
3048 1284 3407 1355 κεκμηκότων
3448 1283 3567 1353 μὲν,
3612 1281 3676 1336 οὐ

2100 1384 2277 1453 πάντη
2309 1381 2366 1433 δὲ
2402 1380 2508 1445 ἔξω
2542 1379 2769 1451 καρπῶν
2801 1376 3188 1447 γεγενημένον,
3228 1375 3323 1429 καὶ
3366 1374 3675 1444 τελειοτάτη

2098 1472 2277 1543 γνόντι
2310 1471 2388 1543 τῷ
2425 1472 2592 1543 πατρὶ⁵
2642 1470 2739 1541 τὴν
2789 1468 2886 1522 τοῦ
2930 1467 3048 1521 υἱοῦ
3104 1467 3378 1539 σωτηρίαν
3425 1468 3458 1536 ἡ
3497 1466 3676 1529 πίστις

2100 1564 2328 1632 γίνεται,
2362 1560 2610 1615 πανοικεὶ
2653 1560 2964 1613 πιστεύοντι
3002 1557 3243 1628 Χριστῷ.
3298 1554 3589 1610 Κατελθὼν
3619 1555 3678 1609 δὲ

2102 1660 2168 1711 ὲκ
2196 1658 2297 1727 τῆς
2338 1654 2597 1718 ἰουδαίας
2630 1652 2836 1724 εἰςτὴν
2879 1650 3167 1705 Γαλιλαίαν
3202 1649 3320 1713 πῶς
3361 1648 3520 1704 τοῦτο
3557 1646 3653 1701 δεύ

2100 1765 2258 1823 τερον
2298 1749 2521 1818 σημεῖον
2558 1745 2856 1816 πεποίηκεν
2886 1744 2916 1796 6
2955 1741 3180 1814 Ἰησοῦς,
3207 1741 3348 1795 κατὰ
3373 1739 3434 1793 τὸ
3456 1738 3671 1793 δυνατὸν

2102 1845 2160 1895 ὲν
2191 1843 2305 1904 τοῖς
2342 1840 2468 1910 ἑξῆς
2486 1838 2771 1909 γενόμενοι
2797 1835 2941 1889 κατὰ
2975 1835 3074 1905 τὴν
3102 1833 3249 1899 λέξιν
3292 1832 3678 1904 έρευνήσομεν.

2102 1936 2166 1987 Ei
2191 1933 2248 1989 δὲ
2281 1932 2376 1986 καὶ
2410 1928 2691 2001 δυνάμεώς
2736 1944 2880 1991 τινος
2920 1924 3085 1980 είκών
3132 1926 3279 1978 ἐστιν
3325 1925 3354 1978 6
3405 1920 3682 1993 βασιλικὸς

2101 2025 2211 2079 τῶν
2232 2024 2510 2097 ἀρχόντων
2545 2021 2734 2076 τούτου
2767 2016 2862 2074 τοῦ
2903 2018 3118 2082 αἰῶνος,
3170 2018 3266 2072 καὶ
3301 2017 3331 2069 6
3364 2017 3480 2079 υἱὸς
3512 2011 3685 2068 αὐτοῦ

2102 2117 2210 2170 τῶν
2232 2116 2337 2170 ὑπὸ
2357 2114 2457 2187 τὴν
2488 2113 2736 2179 ὶξουσίαν
2778 2111 2945 2166 αὑτοῦ
2984 2109 3333 2180 διαφέροντος
3368 2109 3498 2179 παρ’
3531 2101 3685 2174 αὐτῷ

2103 2207 2256 2271 λαοῦ,
2281 2206 2478 2269 καὶ,ῐν’
2494 2205 2668 2269 οὕτως
2695 2204 2856 2269 εῐπω,
2879 2203 3042 2255 οἱονεὶ
3062 2202 3161 2271 τῆς
3189 2200 3318 2271 παρ’
3351 2198 3502 2268 αὐτῷ
3527 2196 3685 2252 ἐκλο-

2105 2302 2208 2372 γῆς
2239 2299 2425 2371 (65),ῆ
2442 2315 2501 2351 τε
2522 2296 2774 2351 ἀσθένεια
2800 2295 2968 2350 αὑτοῦ
2996 2296 3029 2365 ἡ
3058 2292 3211 2365 παρὰ
3231 2293 3331 2363 τὴν
3363 2290 3684 2363 προαίρεσιν

2105 2390 2199 2445 τοῦ
2228 2392 2485 2463 ἄρχοντος
2521 2387 2760 2451 διάθεσις
2801 2386 3070 2458 μοχθηρὰ,
3101 2384 3196 2439 καὶ
3227 2386 3260 2455 ἡ
3305 2381 3685 2453 Καφαρναοὺμ

2104 2484 2199 2537 τοῦ
2231 2482 2432 2554 χωρίου
2463 2480 2565 2550 τῆς
2600 2479 2767 2551 μονῆς
2794 2477 2903 2532 τῶν
2930 2479 3022 2531 ὑπ’
3057 2476 3221 2530 αὑτὸν
3250 2475 3284 2546 ἡ
3312 2471 3477 2527 εἰκών
3509 2472 3682 2535 ἐστιν,

2109 2575 2429 2647 σκοπητέον.
2465 2569 2631 2644 Οἶμαι
2661 2571 2769 2642 γὰρ
2802 2571 2898 2625 καὶ
2931 2568 3039 2624 τῶν
3069 2568 3348 2639 ἀρχόντων
3375 2564 3489 2636 (64)
3527 2562 3683 2627 τινὰς

2107 2665 2600 2739 καταπεπληγότας
2619 2665 2720 2735 τὴν
2738 2662 2965 2733 δύναμιν
2981 2659 3169 2723 αὑτοῦ,
3189 2658 3285 2713 καὶ
3297 2658 3396 2729 τὴν
3410 2654 3683 2725 θειότητα,

2106 2758 2583 2834 προσπεφευγέναι
2623 2756 2790 2827 αὐτῷ,
2824 2756 2918 2809 καὶ
2949 2752 3246 2822 ἠξιωκέναι
3292 2749 3423 2822 περὶ
3451 2748 3560 2803 τῶν
3590 2746 3684 2801 ὑπ*

2107 2853 2292 2914 αὐτοῖς
2341 2851 2622 2920 οίκονομου
2632 2847 2807 2918 μένων
2825 2862 2839 2877 ο
2892 2844 3016 2898 ἐπεὶ
3066 2842 3118 2897 τί
3161 2842 3360 2912 δήποτε
3406 2838 3683 2909 ἄνθρωποι

2111 2942 2210 3013 μὲν
2271 2938 2557 3011 μετάνοιαν
2618 2935 2991 3005 ἐπιδέχονται,
3046 2930 3141 2984 καὶ
3191 2928 3252 2992 ἐξ
3300 2924 3561 2988 ἀπιστίας
3603 2923 3684 2987 είς

2108 3032 2291 3086 πίστιν
2322 3027 2766 3102 μεταϐάλλουσιν,
2804 3025 2898 3079 ἐπὶ
2936 3023 2992 3077 δὲ
3022 3020 3130 3075 τῶν
3166 3019 3448 3090 δυνάμεων
3479 3016 3543 3070 τὸ
3585 3032 3686 3070 πα-

430 3124 496 3176 ad
529 3123 686 3178 fidem
718 3134 1044 3188 transeunt;
1088 3124 1229 3179 idem
1278 3138 1410 3178 vero
1443 3123 1498 3177 in
1536 3122 1798 3193 potentiis
1823 3123 2004 3178 dicere

2113 3122 2409 3195 ραπλήσιον
2431 3108 2610 3188 λέγειν
2636 3117 2938 3189 δκνήσομεν
2960 3132 2976 3181 ;
3013 3114 3086 3167 Ἦ
3131 3111 3338 3180 λεγέτω
3364 3128 3448 3175 τις
3474 3111 3607 3182 ἡμῖν
3631 3107 3686 3162 τί

2142 3215 2156 3227 .
2241 3216 2264 3227 ..
2456 3212 2482 3224 -
2517 3212 2570 3227 ...
2682 3211 2707 3227 ,ι
2846 3210 2862 3227 .
3052 3226 3059 3227 ,
3097 3210 3111 3227 ι
3146 3204 3469 3227 ,.._.---L.-__-
3522 3201 3680 3227 ---Α

429 3217 719 3272 veremur?
746 3215 843 3272 Vel
878 3217 1032 3272 nobis
1082 3217 1229 3273 dicat
1263 3216 1462 3286 aliquis
1493 3231 1713 3272 causam
1762 3231 1862 3272 cur
1913 3217 2004 3272 ho-

2107 3215 2168 3270 τδ
2203 3216 2374 3269 αἴτιον
2391 3212 2485 3268 τοῦ
2513 3211 2773 3266 δύνασθαι
2805 3210 2902 3281 μὲν
2938 3210 3063 3272 τοὺς
3093 3204 3469 3276 ὲνδεδομένους
3518 3201 3685 3274 σαρκὶ

428 3307 603 3363 mines
632 3323 852 3364 carnem
885 3318 939 3363 et
973 3310 1289 3380 sanguinem
1325 3309 1497 3365 induti
1542 3308 1840 3379 confugere
1875 3323 2004 3373 pos-

430 3398 540 3453 sint
571 3401 763 3455 mutati
790 3401 858 3455 ad
893 3401 1059 3455 Deum
1111 3415 1209 3469 per
1240 3400 1557 3466 Christum;
1594 3414 1689 3455 eos
1731 3412 1863 3454 vero
1908 3401 2003 3471 qui

432 3489 639 3558 puriori
673 3500 868 3545 natura
905 3500 1144 3553 utantur,
1180 3491 1349 3564 [idem
1381 3508 1489 3547 non
1522 3505 1704 3561 posse,
1739 3491 1861 3564 sed]
1888 3507 2007 3546 om-

434 3604 532 3644 nes
575 3590 862 3658 incapaces
895 3605 1018 3645 esse
1047 3591 1305 3646 credendi
1338 3590 1391 3644 in
1436 3589 1812 3654 Servatorem,
1841 3590 2006 3645 mini-

430 3696 628 3752 meque
674 3682 1067 3752 obstupescere
1117 3693 1342 3754 propter
1385 3682 1728 3753 prodigiosas
1780 3683 2008 3739 virtutes

431 3787 567 3842 quas
598 3774 711 3842 ipse
747 3773 956 3827 fecerit.
1002 3774 1072 3828 At
1107 3789 1210 3845 ego
1237 3789 1360 3828 reor
1386 3774 1549 3828 etiam
1590 3774 1737 3828 circa
1783 3788 1878 3828 eas
1910 3789 2006 3843 po.

432 3866 652 3930 tentias,
701 3868 1038 3938 principatus
1084 3880 1222 3936 quos
1264 3876 1485 3931 vocant,
1542 3865 1748 3936 aliquid
1800 3867 2005 3920 factum

432 3956 620 4021 fuisse,
654 3957 968 4012 immutatas
999 3958 1052 4012 in
1082 3957 1277 4013 melius
1321 3955 1530 4012 Christi
1566 3957 1841 4012 adventu:
1871 3958 2009 4012 adeo

433 4059 492 4103 ut
521 4050 765 4119 quaedam
807 4050 1028 4121 integra:
1057 4050 1241 4114 urbes,
1284 4048 1371 4103 vel
1429 4049 1595 4103 etiam
1624 4057 1814 4120 gentes
1850 4064 2005 4103 com-

414 4142 641 4203 ,niodius
693 4156 853 4212 quam
900 4143 1053 4197 multi
1108 4142 1399 4197 habuerint
1459 4156 1581 4209 qua:
1612 4142 1681 4194 ad
1729 4140 2006 4196 Christum

432 4232 726 4292 pertinent.
783 4233 849 4288 Et
894 4233 1146 4302 profecto
1190 4232 1342 4303 juxta
1390 4233 1534 4287 hanc
1593 4231 2008 4302 intelligentiam

437 4325 570 4379 nihil
608 4324 828 4381 absurdi
871 4326 1001 4391 erit,
1042 4336 1102 4381 ut
1143 4328 1212 4380 ad
1257 4326 1502 4396 regulum
1543 4324 1800 4379 dicatur:
1832 4343 1851 4374 ι
1894 4324 2007 4380 Nisi

434 4418 584 4487 signa
609 4428 662 4474 et
698 4419 941 4488 prodigia
976 4419 1243 4483 videritis,
1274 4434 1379 4473 non
1408 4417 1648 4472 credetis
1668 4416 1737 4473 ⁸⁸.
1771 4435 1791 4468 ι
1826 4415 2010 4471 Putest

2105 3309 2201 3362 καὶ
2232 3308 2424 3378 αἵματι
2474 3304 2878 3375 μεταϐαλόντας
2915 3301 3028 3372 (65)
3076 3295 3552 3367 καταπεφευγέναι
3592 3293 3689 3349 ἐπὶ

2104 3402 2197 3456 τὸν
2228 3400 2360 3454 Θεὸν
2396 3398 2485 3452 διά
2510 3393 2768 3468 Χριστοῦ,
2801 3395 2927 3456 τοὺς
2956 3392 3013 3446 δὲ
3043 3389 3403 3463 καθαρωτέρᾳ
3428 3389 3495 3459 τῇ
3526 3385 3688 3456 φύσει

2106 3490 2422 3564 χρωμένους
2467 3488 2677 3550 πάντας
2724 3484 3106 3545 ἀνεπιδέκτους
3146 3480 3258 3551 (66)
3287 3475 3429 3532 εἶναι
3458 3477 3558 3549 τῆς
3607 3477 3690 3541 εις

2104 3582 2198 3635 τὸν
2241 3579 2471 3649 Σωτῆρα
2512 3577 2769 3639 πίστεως,
2813 3574 2908 3628 καί
2944 3573 3045 3643 τῆς
3085 3573 3180 3625 ἐπὶ
3219 3572 3338 3633 ταῖς
3383 3567 3690 3641 τεραστίοις

2106 3671 2395 3741 δυνάμεσιν
2428 3669 2521 3722 ὑπ’
2552 3664 2717 3721 αὐτοῦ
2745 3664 3059 3736 γινομέναις
3094 3658 3509 3731 καταπλήξεως.
3546 3655 3689 3726 Ἐγὼ

2106 3764 2163 3817 δὲ
2191 3760 2397 3833 νομίζω
2430 3760 2525 3813 καὶ
2559 3759 2690 3828 περὶ
2717 3756 2831 3828 (67)
2872 3755 2999 3819 τοὺς
3045 3752 3311 3825 ἄρχοντάς
3337 3768 3392 3805 τι
3416 3748 3686 3819 γίνεσθαι,

2111 3853 2510 3927 μεταϐαλόντας
2544 3849 2655 3919 (68)
2704 3850 2799 3903 ἐπὶ
2854 3847 2916 3901 τὺ
2971 3846 3179 3917 βέλτιον
3229 3846 3286 3897 ὲν
3334 3843 3402 3914 τῇ
3448 3837 3688 3913 Χριστοῦ

2107 3942 2401 4014 ὲπιδημίψ
2446 3940 2589 3994 ῶστε
2631 3938 2783 4002 τινὰς
2829 3937 2956 4000 δλας
3006 3934 3209 3998 πόλεις,
3244 3931 3278 4003 ἢ
3308 3932 3403 3986 καὶ
3445 3930 3574 4000 ἔθνη
3611 3929 3691 3982 0!-

2108 4036 2381 4106 κειότερον
2427 4031 2635 4085 πολλῶν
2674 4027 2969 4099 ἐσχηκέναι
3010 4026 3081 4080 τὰ
3129 4024 3265 4096 πρὸς
3310 4023 3402 4078 τὸν
3431 4019 3687 4094 Χριστόν.

2107 4132 2218 4186 Καὶ
2242 4131 2392 4185 οὐδέν
2421 4146 2485 4199 γε
2517 4128 2718 4183 ἄτοπον
2744 4121 2886 4179 κατὰ
2920 4119 3123 4191 ταύτην
3154 4118 3253 4188 τὴν
3281 4115 3508 4186 ἐκδοχὴν
3536 4114 3688 4167 ἔσται

2107 4220 2431 4290 τὸλέγεσθαι
2480 4217 2617 4290 πρὸς
2651 4215 2742 4269 τὸν
2796 4209 3098 4283 βασιλικόν·
3139 4227 3158 4259 ι
3215 4205 3340 4262 Ἐὰν
3377 4206 3453 4276 μὴ
3489 4202 3689 4274 σημεῖα

2108 4315 2205 4368 καὶ
2235 4313 2438 4384 τέρατα
2480 4309 2647 4381 ῐδητε,
2692 4307 2753 4360 οὐ
2800 4304 2875 4376 μὴ
2928 4299 3279 4370 πιστεύσητε.
3316 4316 3335 4351 ι
3370 4295 3599 4349 Δύναται
3634 4290 3694 4347 δὲ

2110 4409 2239 4478 περὶ
2255 4406 2352 4475 τῆς
2380 4404 2661 4473 δυνάμεως
2674 4399 2767 4454 τοῦ
2794 4396 2931 4451 Θεοῦ
2960 4390 3299 4465 παρακαλεῖν
3328 4390 3357 4444 6
3383 4385 3686 4459 βασιλικὸς,

435 4519 615 4565 autem
640 4519 694 4565 et
722 4511 788 4566 de
816 4510 1054 4581 potentia
1084 4512 1175 4566 Dei
1210 4515 1428 4578 regulus
1451 4511 1765 4576 obsecrare,
1818 4509 2004 4580 profe-

2116 4502 2404 4572 γενόμενος
2443 4496 2582 4568 πρὸς
2625 4493 2809 4556 αὑτὸν,
2855 4491 3004 4551 ὅπως
3042 4483 3254 4554 καταϐῇ
3288 4484 3368 4546 είς
3401 4480 3463 4533 τὸ
3493 4478 3691 4551 χωρίον

432 4612 554 4658 ctus
576 4604 640 4657 ad
660 4604 857 4674 ipsnrn,
883 4602 1244 4659 utdescendat
1262 4605 1327 4659 ad
1344 4604 1516 4659 locum
1537 4601 1870 4658 inﬁrmitatis
1892 4601 2009 4664 filii,

433 4702 489 4750 et
520 4696 794 4749 medeatur
822 4696 1135 4765 mgrotanti:
1161 4697 1255 4751 sed
1276 4712 1388 4759 non
1408 4697 1632 4750 omnino
1662 4696 2012 4750 descendisse

432 4802 569 4857 opus
586 4796 671 4842 est
694 4789 757 4842 ad
781 4786 949 4841 lilium
982 4788 1152 4859 reguli
1180 4788 1589 4843 febricitantem
1610 4805 1624 4852 ;
1642 4787 1841 4842 sufﬁcit
1863 4788 2008 4840 enim

434 4878 564 4934 illud
592 4896 606 4932 :
643 4899 663 4932 ι
683 4877 855 4936 Filius
883 4889 1007 4935 tuus
1029 4881 1161 4935 vivit
1180 4882 1247 4949 ⁸⁸,
1280 4900 1299 4933 ι
1321 4881 1526 4937 dictum
1547 4880 1612 4935 ad
1631 4878 1863 4933 salutem
1884 4876 2002 4944 lilii,

503 5034 551 5069 ⁸³
574 5033 731 5092 Joan.
758 5049 834 5101 tv,
866 5033 958 5092 48.
1033 5034 1079 5066 ⁸⁸
1097 5033 1226 5089 ibid.
1246 5032 1336 5089 50.

506 5172 617 5239 (63l
657 5171 847 5226 Οἱονεὶ
880 5169 990 5240 τῆς
1017 5171 1153 5241 παρ’
1187 5170 1348 5237 αὺτῷ
1371 5163 2002 5241 éxloﬁpVale‘ntinia-

437 5236 630 5298 norum
663 5258 823 5297 voces
858 5236 1244 5311 hic—usurpare
1286 5236 1600 5311 Origenein,
1640 5236 2005 5311 utspiritales

363 5360 378 5389 ι
436 5315 685 5389 homines
720 5313 973 5389 appellet,
1035 5306 1649 5389 conjectat_F6rrarius_._
1690 5308 1755 5388 At
1806 5306 2008 5389 electos

364 5376 378 5421 Γ
438 5393 645 5454 tamen.
669 5376 923 5454 ὲῄογήν,
955 5376 1081 5439 ante
1109 5376 1455 5439 Valentinum
1479 5378 1769 5449 appellavit
1810 5376 2008 5432 Paulus

438 5453 744 5513 Rom.xt,7.
772 5453 1034 5510 Husrtus.

511 5522 623 5591 (64)
654 5522 825 5595 Οἶμαι
851 5524 961 5594 τὰρ
989 5524 1086 5579 καί
1114 5522 1233 5577 τῶν
1272 5521 1599 5595 ἀρχόντων,
1649 5528 1755 5573 etc.
1806 5514 2010 5595 Nempe

438 5594 533 5647 hic
564 5591 804 5661 quoque,
840 5591 899 5647 tit
945 5595 1072 5648 alibi
1128 5609 1291 5661 saepe.
1356 5591 1677 5661 resipiscere
1727 5602 1915 5661 posse.
1948 5594 2006 5661 et

442 5656 760 5733 [renitentia
791 5656 914 5718 duci
938 5656 1218 5733 daemones
1233 5661 1415 5718 tradit.
1444 5658 1813 5733 Quounomine
1841 5656 2008 5733 casti-

446 5728 631 5799 gatum
677 5748 819 5801 sa‘pc
853 5749 881 5786 a
933 5732 1208 5792 Patribus.
1258 5746 1313 5787 et
1363 5728 1629 5785 conviciis
1679 5729 2009 5801 proscissum

452 5796 601 5857 illum
638 5796 768 5858 alibi
817 5806 1145 5860 uotavitnus.
1197 5804 1294 5859 Adi
1324 5804 1537 5859 Sixtum
1565 5796 1817 5864 Scaeas,
1849 5796 1944 5852 lib.
1982 5809 2012 5849 ν

2117 4596 2216 4663 τῆς
2243 4592 2398 4647 νόσου
2434 4589 2528 4642 τοῦ
2567 4585 2800 4644 παιδίου,
2838 4581 2930 4634 καὶ
2965 4579 3182 4649 ἰάσηται
3212 4575 3302 4628 τὸν
3329 4573 3687 4644 νενοσηκότα·

2115 4662 2230 4741 ἀλλ’
2275 4685 2337 4739 οὐ
2386 4682 2603 4743 πάντως
2659 4672 3101 4744 καταϐεϐηκέναι
3147 4669 3228 4722 δεῖ
3257 4666 3367 4737 (69)
3412 4663 3549 4736 πρὸς
3598 4662 3690 4716 τὸν

2117 4780 2228 4832 υίδν
2260 4775 2352 4830 τοῦ
2383 4770 2659 4845 βασιλικοῦ
2683 4766 3048 4837 πυρέττοντα·
3088 4762 3247 4833 ἀρκεῖ
3274 4758 3382 4830 γὰρ
3414 4757 3504 4811 τό·
3554 4772 3575 4806 ι
3630 4754 3690 4808 ’0

2113 4874 2228 4938 υἱός
2251 4887 2345 4925 σου
2362 4868 2452 4938 ζῇ,
2490 4884 2510 4919 ι
2535 4862 2668 4934 πρὸς
2692 4857 2965 4929 σωτηρίαν
3013 4855 3301 4924 λεγόμενον
3332 4847 3426 4904 τοῦ
3478 4845 3689 4912 παιδὸς,

2112 5158 2389 5219 ΒίὸΙὶυιΙι..
2419 5155 2603 5211 aditet.
2635 5152 2758 5208 151.
2790 5149 2868 5203 in.
3144 5204 3164 5219 __

2184 5208 2533 5299 {tibi—Codex
2588 5222 2934 5283 Bodleianus,
2995 5208 3429 5288 μεταϐαλόνταςο
3455 5208 3687 5281 Regius,

2116 5299 2627 5373 μεταϐάλλονταςσ,⁵
2689 5361 2720 5373 __
2760 5361 2772 5373 ,
3010 5357 3024 5373 .
3168 5353 3415 5373 ,μνηη
3463 5349 3595 5373 ι)..-ε

2186 5349 2546 5439 (ξιξῖὰἐιέιεί
2592 5361 2939 5423 Bodleiauus,
3000 5353 3416 5415 ἀνεπιδέκτους·
3463 5349 3687 5431 Regius,

2114 5441 2513 5501 ἀνεπιλέκτους.
2713 5502 2736 5504 ᾼ
2805 5500 2834 5504 __
2876 5500 2888 5504 _
3193 5493 3206 5504 .
3265 5493 3304 5504 -
3382 5491 3396 5504 .

2188 5486 3054 5578 iiiivj'lifeiiivcodesBodleianus,
3078 5512 3145 5550 πε
3142 5493 3240 5578 pi:
3251 5486 3686 5578 'Regius:‘sra;pé.

2337 5561 2531 5631 Codex
2587 5572 2935 5635 Bodleianus.
2997 5561 3427 5639 μεταϐαλόντας·
3465 5561 3690 5629 Regius,

2123 5648 2577 5723 μετᾳδάλλογταςε

2191 5695 2780 5789 (Edleoderiiegius,
2814 5711 2980 5776 male,
3014 5703 3216 5769 παντὸς
3255 5695 3693 5772 καταϐεϐηκέναι

2118 5792 2203 5864 δή,
2240 5802 2343 5847 etc.
