4196 6370
451 363 556 417 515

1895 357 2222 418 ORIGENIS

3612 364 3718 420 5l6

451 496 534 537 set
570 491 798 553 propter
821 481 1225 548 remissionem,
1253 480 1458 537 dixerit
1497 497 1511 534 :
1551 499 1570 532 ι
1603 479 1772 536 Filius
1795 488 1919 535 tuus
1949 482 2015 536 vi«

2136 477 2327 550 Σωτὴρ
2385 478 2480 532 καὶ
2531 478 2606 551 μὴ
2639 478 2832 552 παρὼν
2875 481 3215 551 θεραπεύεινο
3257 481 3476 551 δούλους
3519 485 3578 540 δέ
3620 489 3717 543 τοῦ

453 574 566 637 vit;
611 592 629 626 ι
666 574 923 642 additque
955 572 1080 627 huic
1102 573 1277 632 dicto:
1318 589 1338 623 ι
1371 571 1602 626 credidit
1624 571 1850 636 homo,»
1886 572 2028 640 quod

451 663 628 718 facilis
658 663 722 717 ad
757 662 1089 717 credendum
1114 663 1188 717 sit
1213 663 1378 718 etiam
1403 662 1586 716 mundi
1616 659 1832 730 Opifex,
1853 662 2028 732 quod.

449 769 556 822 que
601 755 772 825 possit
811 753 1075 809 Servator
1127 755 1290 809 etiam
1334 769 1442 809 non
1486 769 1726 824 praesens
1767 769 1960 810 curare
2008 772 2023 810 :

447 861 747 917 servosque
779 846 948 918 reguli
983 846 1377 914 interpretatus
1422 856 1504 902 est
1543 847 1767 916 angelos
1806 845 2028 918 Opilicis

449 941 658 1004 mundi,
706 939 1078 994 renuntiantes
1121 939 1230 994 illis
1275 941 1502 996 verbis:
1543 959 1562 992 ι
1595 941 1762 996 Filius
1797 951 1920 996 tuus
1954 941 2027 996 vi-

446 1031 544 1099 vit,
581 1050 600 1084 ›
626 1033 767 1101 quod
794 1033 1080 1088 commode
1113 1042 1167 1087 et
1193 1034 1360 1102 probe
1393 1033 1638 1100 haberet,
1659 1049 1765 1090 non
1795 1019 2027 1104 amplius

448 1137 614 1193 agens
641 1138 671 1176 a
714 1137 773 1178 se
822 1123 1034 1186 aliena;
1066 1132 1123 1178 et
1174 1123 1318 1180 hanc
1356 1123 1424 1178 ob
1471 1138 1692 1180 causam
1746 1124 2025 1179 existimat

446 1213 634 1270 servos
660 1215 973 1270 renuntiare
1004 1214 1196 1286 regulo
1243 1229 1362 1284 quae
1408 1215 1474 1268 ad
1505 1215 1736 1270 salutem
1768 1214 1860 1270 lilii
1902 1231 2026 1283 per-

447 1310 694 1362 tinebant
749 1323 766 1362 :
823 1307 1132 1376 primosque
1206 1308 1482 1361 existimat
1546 1307 1767 1376 angelos
1838 1308 2024 1362 videre

447 1397 690 1452 actiones
733 1397 1011 1452 hominum
1062 1396 1114 1451 in
1157 1398 1380 1463 mundo,
1426 1397 1592 1468 276
1620 1413 1688 1450 an
1724 1396 1941 1452 fortiter
1969 1406 2024 1451 et

445 1491 660 1545 sincere
691 1491 856 1544 vitam
897 1489 1098 1559 degant
1123 1488 1190 1542 ab
1232 1503 1298 1543 eo
1338 1498 1583 1557 tempore
1623 1503 1730 1558 quo
1775 1488 2023 1545 Christus

444 1581 682 1636 advenit.
722 1580 802 1633 Ad
835 1579 949 1634 hac
992 1594 1091 1648 per
1128 1577 1318 1632 horam
1359 1578 1645 1648 septimam
1699 1579 1831 1634 dicit
1876 1581 2023 1638 desi-

441 1671 598 1743 gnari
631 1680 874 1724 naturam
905 1671 1105 1724 sanati.
1139 1670 1366 1724 Demum
1399 1687 1412 1723 :
1451 1687 1472 1720 ι
1503 1669 1746 1725 Credidit
1795 1672 1932 1740 ipse,
1965 1684 2023 1729 et

440 1766 638 1821 domus
670 1765 786 1833 ejus
823 1775 954 1830 tota,
989 1782 1008 1816 ι
1041 1763 1430 1833 interpretatus
1459 1771 1542 1818 est
1581 1763 1688 1819 dici
1718 1764 1785 1818 de
1809 1764 2018 1833 angeli-

2131 567 2408 642 βασιλικοῦ
2439 571 2689 644 ἐξείληφε
2742 575 2870 638 τοὺς
2901 575 3166 644 ἀγγέλους
3206 575 3300 630 τοῦ
3347 567 3714 650 Δημιούργοῦ,

2128 663 2571 731 ἀπαγγέλλοντας
2609 665 2668 718 ἐν
2703 663 2800 735 τῷο
2843 683 2862 717 ι
2928 667 2987 720 '0
3020 670 3150 732 παῖς
3197 684 3291 720 σου
3327 667 3418 740 ζῇ,
3467 688 3486 721 ι
3521 670 3603 724 ὅτι
3633 673 3716 725 ol-

2128 754 2294 834 xelw;
2339 754 2434 808 καὶ
2486 755 2628 810 κατά
2673 757 2875 828 τρόπον
2921 757 3055 828 εχει,
3105 761 3366 832 πράσσων
3420 761 3618 833 μηκέτι
3649 761 3719 816 τά

2127 846 2390 900 ἀνοίκειαο
2427 850 2522 903 καὶ
2561 849 2650 902 διά
2681 850 2841 904 τοῦτο
2871 852 3081 924 νομίζει
3111 853 3478 923 ἀπαγγέλλειν
3511 853 3589 925 τῷ
3622 853 3718 925 βα-

2129 937 2322 1009 σιλικῷ
2349 940 2475 1004 τοὺς
2503 940 2720 1006 δούλους
2743 943 2812 997 τά
2843 945 2972 1015 περὶ
2997 947 3095 1017 τῆς
3146 945 3240 1000 τοῦ
3265 945 3384 1000 υίοῦ
3418 945 3711 1017 σωτηρίαςο

2126 1029 2248 1083 ἐπεὶ
2277 1030 2373 1084 καὶ
2401 1031 2651 1103 πρώτους
2673 1033 2845 1088 οῐεται
2885 1036 3103 1107 βλέπειν
3124 1037 3227 1102 τάς
3255 1037 3484 1110 πράξεις
3511 1037 3621 1092 τῶν
3653 1038 3712 1090 ἐν

2125 1121 2204 1192 τῷ
2232 1123 2422 1195 κόσμῳ
2449 1124 2750 1196 ἀνθρώπων
2799 1129 2926 1192 τοὺς
2973 1129 3258 1198 ἀγγέλους,
3302 1131 3351 1184 εί
3383 1127 3712 1201 ἐρρωμένως

2125 1213 2220 1266 καὶ
2253 1213 2557 1285 εἰλικρινῶς
2585 1215 2950 1272 πολιτεύοιντο
2987 1219 3099 1290 (75)
3123 1219 3231 1272 ἀπὸ
3251 1220 3350 1290 τῆς
3391 1218 3485 1272 τοῦ
3524 1218 3710 1290 Σωτῆ-

2127 1320 2221 1374 ρος
2261 1304 2575 1376 ἐπιδημίας.
2610 1308 2730 1361 Ἔτι
2765 1307 2902 1378 πρὸς
2947 1310 3046 1380 τὴν
3097 1310 3332 1382 ἐϐδόμην
3363 1309 3514 1383 ὥραν
3541 1310 3708 1379 λέγει,

2124 1395 2206 1448 ὅτι
2236 1395 2326 1450 διὰ
2358 1398 2456 1468 τῆς
2482 1396 2632 1468 ῶρας
2663 1399 3125 1474 χαρακτηρίζεται
3151 1403 3184 1472 ἡ
3216 1402 3379 1471 φύσις
3405 1401 3499 1455 τοῦ
3536 1401 3712 1456 ίαθέν-

2123 1505 2234 1551 τος.
2281 1489 2404 1542 Ἐπὶ
2439 1491 2572 1543 πᾶσι
2591 1489 2671 1543 τόδ
2721 1509 2740 1542 ι
2785 1491 3132 1546 Ἐπίστευσεν
3173 1492 3336 1558 αὐτὸς
3371 1493 3467 1549 καὶ
3496 1495 3530 1566 ἠ
3563 1493 3711 1548 οίκία

2123 1577 2290 1631 αὑτοῦ
2327 1578 2445 1649 ὅλη,
2500 1597 2519 1631 ι
2555 1579 2852 1652 διηγήσατο
2887 1582 2980 1635 ἐπὶ
3007 1583 3110 1654 τῆς
3135 1584 3430 1656 ἀγγελικῆς
3458 1584 3710 1657 είρῆσθαι

2121 1667 2346 1734 τάξεως,
2378 1669 2472 1722 καὶ
2519 1668 2823 1742 ἀνθρώπων
2870 1670 2980 1724 τῶν
3009 1672 3352 1744 οίκειοτέρων
3395 1671 3566 1743 αύτῷ.
3605 1673 3710 1743 Ζη-

2121 1759 2332 1814 τεῖσθαι
2374 1760 2431 1814 δέ
2459 1778 2592 1832 φησι
2643 1762 2772 1834 περί
2802 1780 2966 1817 τινων
3001 1763 3246 1832 ἀγγέλων
3275 1765 3324 1817 εί
3350 1763 3707 1835 σωθήσονται,

439 1869 508 1909 eo
547 1855 759 1919 ordine,
791 1857 966 1923 deque
985 1853 1295 1909 hominibus
1342 1853 1440 1922 ipsi
1490 1851 1770 1925 [Ell'eetori
1806 1855 2015 1929 mundi]

2121 1854 2233 1909 τῶν
2259 1854 2625 1909 κατελθόντων
2657 1856 2751 1909 ἐπὶ
2783 1855 2880 1920 τάς
2911 1855 3020 1910 τῶν
3053 1855 3352 1928 ἀνθρώπων
3383 1855 3707 1928 θυγατέρας.

439 1947 926 2017 conjunctioribus.
952 1947 1134 2017 lnquit
1167 1947 1331 2001 etiam
1373 1946 1572 2016 inquiri
1601 1947 1666 2002 de
1693 1947 2016 2018 quibusdam

438 2038 666 2108 angelis,
704 2048 882 2092 utrum
933 2039 1298 2094 servabuntur
1329 2053 1566 2103 .necne,
1615 2054 1808 2108 nempe
1836 2039 1904 2094 de
1932 2039 2019 2096 his

437 2130 529 2198 qui
558 2131 957 2185 descenderunt
983 2130 1050 2184 ad
1087 2129 1226 2186 lilias
1267 2130 1548 2185 hominum
1577 2131 1645 2188 ’³.
1703 2130 2015 2200 Quinetiam

437 2224 674 2277 virorum
726 2220 1011 2277 Eﬂectoris
1076 2224 1262 2278 mundi
1322 2224 1684 2293 perditionem
1751 2223 2016 2279 declarari

434 2316 710 2370 existimat
751 2317 850 2370 hoc
879 2316 1024 2371 dicto
1053 2333 1068 2371 :
1101 2335 1122 2368 ι
1156 2316 1279 2371 Filii
1335 2319 1488 2385 regni
1515 2317 1742 2372 exibunt
1783 2317 1836 2370 in
1872 2325 2020 2372 tene-

435 2408 562 2462 bras
601 2407 897 2462 exteriores
932 2407 1008 2475 “,
1057 2427 1077 2460 ι
1112 2407 1420 2478 lsaiamque
1461 2409 1528 2463 de
1563 2408 1648 2462 his
1695 2409 2019 2478 prophetare

435 2498 564 2554 illml
593 2515 606 2551 :
642 2518 660 2550 ι
688 2498 854 2554 Filios
893 2500 1076 2568 genui,
1120 2509 1172 2552 et
1201 2500 1436 2554 exaltavi
1461 2515 1476 2564 ;
1518 2499 1619 2568 ipsi
1649 2509 1830 2554 autem
1859 2514 2012 2570 sprev

434 2598 629 2642 verunt
657 2604 743 2643 me
775 2589 856 2655 ";
909 2609 929 2642 ι
965 2603 1103 2660 quos
1139 2590 1280 2644 lilios
1329 2591 1570 2657 alienos,
1606 2600 1662 2644 et
1700 2606 1882 2646 semen
1917 2607 2014 2646 ne-

433 2695 620 2750 quam,
654 2689 708 2735 et
738 2680 994 2748 injustum
1049 2681 1308 2751 appellat,
1360 2683 1638 2753 vitemque
1681 2699 1803 2753 qua:
1825 2684 2019 2740 fecerit

431 2773 618 2842 spinas
645 2772 714 2826 ".
747 2771 814 2826 Et
841 2773 923 2828 hae
954 2773 1174 2842 quidem
1212 2781 1338 2828 sunt
1393 2775 1878 2830 commentationes
1909 2773 2016 2831 He-

431 2861 722 2926 racleonis,
771 2876 906 2932 quas
932 2872 986 2918 et
1030 2862 1292 2918 audacius
1323 2871 1380 2918 et
1422 2863 1595 2933 magis
1634 2863 1797 2932 impie
1837 2865 2014 2920 dictas

431 2963 745 3025 eportuerat
782 2955 952 3010 multo
990 2965 1252 3026 apparatu
1301 2955 1692 3024 demonstrari,
1743 2956 2010 3027 siquidem

430 3061 576 3102 verae
597 3054 775 3101 erant.
813 3047 920 3102 Sed
963 3048 1148 3103 nescio
1187 3047 1462 3118 quomodo
1489 3047 1657 3103 etiam
1709 3048 1777 3103 de
1815 3050 2018 3106 anima:

2118 1946 2228 2000 Καὶ
2257 1946 2368 2000 τῶν
2395 1945 2694 2020 ἀνθρώπων
2721 1947 2779 2001 δέ
2811 1947 2906 2000 τοῦ
2939 1945 3282 2020 Δημιουργοῦ
3315 1946 3412 2019 τὴν
3433 1945 3710 2000 ἀπώλειαν

2116 2037 2407 2109 δηλοῦσθαι
2465 2039 2676 2110 νομίζει
2709 2041 2767 2092 ἐν
2793 2037 2893 2110 τῷο
2945 2058 2964 2092 ι
3013 2041 3077 2094 Ol
3127 2039 3236 2094 υίοὶ
3282 2039 3384 2111 τῆς
3429 2038 3708 2110 βασιλείας

2118 2115 2491 2194 ἐξελεύσονται
2523 2133 2604 2195 είς
2641 2131 2704 2185 τὺ
2734 2131 2923 2195 σκότος
2967 2132 3028 2185 τὸ
3057 2129 3342 2203 ἐξώτερον,
3385 2150 3406 2184 ι
3451 2131 3546 2186 καὶ
3577 2130 3710 2204 περὶ

2117 2219 2321 2274 τούτων
2341 2221 2431 2275 τὸν
2465 2223 2690 2276 Ἦσαῖαν
2713 2221 3074 2296 προφητεύειν
3104 2223 3182 2277 τόο
3225 2241 3244 2276 ι
3285 2223 3449 2287 Υἱοὺς
3480 2222 3706 2294 ἐγέννη-

2119 2329 2208 2375 σα,
2255 2314 2351 2366 καὶ
2400 2313 2611 2383 ὕψωσω
2649 2315 2804 2368 αὐτοὶ
2843 2315 2899 2369 δέ
2947 2333 3015 2387 με
3056 2315 3346 2386 ἠθέτησαν·
3398 2333 3417 2366 ι
3455 2314 3707 2380 οὕστινας

2116 2403 2268 2466 υίοὺς
2295 2402 2629 2476 ἀλλοτρίους,
2665 2406 2760 2459 καὶ
2809 2405 3032 2476 σπέρμα
3079 2404 3336 2476 πονηρὸν,
3371 2408 3466 2458 καὶ
3504 2403 3705 2476 ἀνομον

2116 2495 2291 2561 καλεῖ,
2327 2497 2420 2550 καὶ
2444 2497 2741 2569 ἀμπελῶνα
2772 2497 3013 2561 ἀκάνθας
3049 2499 3370 2568 ποιήσαντα.
3401 2497 3511 2550 Καὶ
3531 2495 3705 2549 ταῦτα

2119 2591 2218 2663 μὲν
2238 2592 2307 2646 τά
2353 2590 2747 2664 Ἡρακλέωνος,
2783 2591 2926 2662 ἀπερ
2958 2589 3356 2662 τολμηρότερον
3388 2590 3484 2644 καὶ
3513 2589 3705 2643 ἀσεϐέ-

2116 2701 2306 2756 στερον
2364 2683 2632 2756 εἰρημένα
2683 2683 2851 2755 ἐχρῆν
2916 2682 3057 2755 μετά
3108 2681 3306 2752 πολλῆς
3355 2680 3704 2752 κατασκευῆς

2113 2775 2509 2846 ἀποδεδεῖχθαι,
2552 2773 2712 2847 είπερ
2753 2771 2821 2845 ἦν
2857 2774 3051 2845 ἀληθῆ.
3083 2775 3197 2828 Οὐκ
3219 2771 3336 2828 οἶδα
3376 2773 3434 2826 δὲ
3458 2773 3576 2836 πῶς
3607 2771 3706 2826 καὶ

2113 2867 2242 2941 περὶ
2288 2868 2586 2932 ἀθανασίας
2626 2867 2804 2940 ψυχῆς
2846 2867 3086 2933 ἀπιστεῖ,
3145 2867 3220 2939 μὴ
3261 2864 3508 2921 ἐκλαϐὼν
3560 2864 3703 2921 πόσα

2115 2959 2516 3031 σημαίνεταιέκ
2531 2960 2628 3031 τῆς
2653 2979 2671 3010 ι
2698 2957 2946 3024 θάνατος,
2973 2979 2992 3012 ι
3021 2960 3222 3029 φωνῆς.
3241 2958 3576 3031 Καθορῶντα
3591 2958 3703 3029 γὰρ

2113 3052 2222 3106 έδει
2248 3053 2310 3106 τὸ
2334 3053 2730 3124 σημαινόμενον
2755 3052 2870 3123 μετ’
2909 3050 3251 3120 ἐπισκέψεως
3283 3050 3378 3104 καὶ
3416 3049 3702 3122 ἀκριϐείας

432 3137 837 3194 immortalitate
888 3139 1119 3208 dubitat,
1182 3155 1306 3196 cum
1355 3156 1462 3197 non
1505 3141 1826 3211 exposuerit
1877 3153 2012 3214 quot

2118 3145 2247 3198 ίδεῖν
2279 3143 2492 3198 είκατά
2511 3144 2581 3198 τά
2612 3144 2791 3198 πάντα
2823 3141 3196 3214 σημαινόμενα
3236 3141 3403 3212 θνητή
3437 3143 3606 3196 ἐστιν.
3636 3142 3701 3196 El

431 3230 544 3288 sint
575 3246 642 3287 ex
698 3230 891 3287 mortis
938 3245 1071 3287 voce
1107 3230 1580 3302 signiﬁcationes.“
1616 3234 1817 3292 Verum
1863 3236 2010 3290 enim

2119 3234 2217 3306 μὲν
2246 3234 2376 3306 γὰρ,
2415 3235 2497 3287 ὅτι
2525 3232 2748 3305 δεκτικὴ
2776 3233 3068 3304 ἁμαρτίας,
3107 3231 3254 3303 ψυχὴ
3283 3231 3339 3284 δέ
3372 3233 3407 3303 ἡ
3447 3231 3700 3305 ἀμαρτά-

430 3323 793 3395 signiﬁcatum
833 3325 1118 3393 oportebat
1148 3339 1272 3380 cum
1301 3325 1746 3381 consideratione
1801 3337 1856 3382 et
1890 3328 2014 3383 dili-

430 3415 614 3485 gentia
651 3416 869 3482 videre;
920 3424 974 3470 et
1023 3431 1092 3469 an
1127 3415 1281 3485 juxta
1317 3430 1510 3472 omnes
1557 3415 2010 3486 signiﬁcationes,

429 3509 608 3564 anima
638 3510 707 3564 sit
733 3508 999 3572 mortalis,
1039 3523 1210 3563 necne
1243 3525 1256 3561 :
1286 3523 1409 3563 nam
1437 3508 1479 3563 si
1523 3522 1591 3564 ex
1621 3525 1686 3564 eo
1713 3512 1859 3580 quod
1886 3527 2012 3580 pec-

429 3614 562 3653 care
591 3607 766 3666 potest
794 3599 1000 3664 anima,
1033 3599 1148 3668 ipsa
1190 3613 1311 3668 qua:
1347 3607 1542 3669 peccat
1578 3601 1829 3666 moritur,
1844 3603 2009 3658 etiam

429 3706 530 3747 nos
585 3693 832 3747 eamdem
865 3692 967 3747 hoc
998 3692 1158 3746 modo
1205 3689 1494 3747 mortalem
1553 3691 1789 3749 dicimus
1823 3714 1836 3750 :
1867 3696 2012 3764 quod

428 3784 477 3840 si
506 3799 633 3838 vero
659 3783 1024 3839 universalem
1055 3781 1470 3839 dissolutionem
1521 3793 1578 3842 et
1604 3785 2010 3844 demolitionem

429 3873 570 3943 ejus,
607 3882 838 3930 mortem
887 3873 1190 3940 existimat,
1238 3889 1338 3930 nos
1377 3891 1484 3931 non
1537 3877 1911 3945 admittemus,
1943 3891 2012 3934 ne

429 3969 616 4023 animo
635 3968 855 4037 quidem
887 3965 1158 4036 dispicere
1191 3966 1435 4023 valentes
1461 3969 1816 4025 substantiam
1863 3987 2014 4026 mor-

429 4059 594 4116 talem
630 4067 1006 4114 transeuntem
1036 4058 1088 4113 in
1147 4058 1477 4128 immortale,
1506 4069 1564 4116 et
1606 4071 1856 4118 naturam
1885 4079 2010 4120 cor-

428 4151 738 4224 ruptibilem
781 4151 834 4206 in
863 4150 916 4206 id
939 4151 1085 4220 quod
1117 4160 1202 4206 est
1248 4151 1702 4222 incorruptibile:
1732 4154 1835 4209 hoc
1865 4155 2010 4210 enim

427 4256 513 4303 est
537 4245 758 4316 perinde
791 4259 856 4299 ac
895 4243 940 4298 si
970 4244 1279 4300 diceremus
1314 4245 1548 4300 transire
1594 4246 1798 4316 aliquid
1828 4262 1857 4301 a
1883 4262 2011 4302 cor-

427 4353 562 4409 pore
583 4339 634 4392 in
668 4352 782 4392 rem
811 4337 1186 4405 incorpoream
1213 4354 1227 4402 ;
1267 4339 1494 4407 perinde
1520 4339 1674 4406 quasi
1705 4338 2006 4406 subjectum

427 4430 646 4502 aliquod
699 4444 994 4486 commune
1042 4431 1114 4484 sit
1165 4438 1376 4485 natura;
1411 4445 1702 4501 corporum
1741 4443 1798 4487 et
1826 4448 2009 4487 rerum

2114 3344 2280 3382 νουσα
2323 3326 2462 3398 αύτὴ
2514 3325 2887 3389 ἀποθανεῖται,
2922 3325 3017 3378 καὶ
3067 3326 3227 3396 ἡμεῖς
3256 3323 3489 3397 ἐροῦμεν
3530 3324 3700 3396 αὐτὴν

2115 3419 2336 3492 θνητήν·
2373 3421 2420 3474 εί
2454 3420 2512 3473 δέ
2545 3419 2644 3490 τὴν
2673 3418 2911 3489 παντελῆ
2941 3417 3181 3472 διάλυσιν
3211 3418 3307 3472 καὶ
3331 3415 3699 3488 ἐξαφανισμδν

2113 3514 2284 3584 αὐτῆς
2313 3513 2538 3568 θάνατον
2572 3513 2801 3584 νομίζει,
2845 3513 3002 3583 ἡμεῖς
3033 3512 3094 3565 ού
3139 3511 3546 3582 προσησόμεθα,
3577 3511 3698 3564 οὐδὲ

2117 3603 2280 3676 μέχρι
2321 3604 2564 3668 ἐπινοίας
2601 3599 2730 3656 ῑδεῖν
2761 3602 3048 3672 δυνάμενοι
3082 3600 3268 3655 οὐσίαν
3306 3599 3506 3672 θνητὴν
3537 3616 3700 3670 μετα-

2114 3693 2416 3748 ϐάλλουσαν
2471 3694 2550 3756 είς
2583 3691 2848 3746 ἀθάνατον
2885 3693 2980 3746 καὶ
3019 3692 3178 3760 φύσιν
3210 3689 3455 3762 φθαρτὴν
3490 3691 3584 3744 ἐπὶ
3637 3689 3702 3744 τὸ

2113 3783 2408 3857 ἄφθαρτον
2433 3785 2616 3856 ὅμοιον
2635 3783 2743 3854 γὰρ
2773 3783 2929 3837 τοῦτο
2954 3783 3031 3855 τῷ
3058 3782 3236 3851 λέγειν
3265 3781 3618 3853 μεταϐάλλειν
3643 3797 3700 3835 τι

2111 3875 2221 3929 ἀπὺ
2257 3875 2505 3948 σώματος
2547 3877 2627 3940 είς
2665 3875 2974 3946 ἀσώματον,
3016 3875 3092 3938 ὡς
3137 3873 3498 3944 ὑποκειμένου
3551 3871 3697 3936 τινος

2113 3965 2296 4018 κοινοῦ
2341 3967 2440 4037 τῆς
2486 3965 2595 4018 τῶν
2645 3965 2914 4035 σωμάτων
2963 3964 3057 4017 καί⁵
3101 3963 3407 4033 ἀσωμάτων
3457 3963 3691 4031 φύσεως⁶

2113 4058 2250 4131 ὅπερ
2279 4057 2450 4129 μένει,
2485 4058 2676 4130 ῶσπερ
2705 4059 2885 4129 μένειν
2910 4058 3042 4127 φασὶ
3061 4056 3122 4110 τὺ
3140 4056 3322 4110 ὑλικὸν
3350 4058 3398 4109 οί
3415 4057 3540 4126 περὶ
3562 4054 3696 4109 ταῦ-

2111 4167 2180 4204 τα
2211 4151 2392 4212 δεινοὶ,
2425 4149 2533 4203 τῶν
2555 4150 2859 4220 ποιοτήτων
2893 4147 3341 4221 μεταϐαλλουσῶν
3374 4149 3453 4211 είς
3481 4147 3694 4218 ἀφθαρ-

2115 4242 2255 4295 σίαν.
2293 4242 2369 4294 Ού
2397 4239 2592 4294 ταυτὸν
2614 4240 2672 4293 δέ
2703 4242 2819 4292 ἐστι
2841 4239 2939 4310 τὴν
2958 4238 3202 4310 φθαρτὴν
3225 4237 3387 4307 φύσιν
3417 4237 3695 4290 ἐνδύεσθαι

2111 4333 2437 4406 ἀφθαρσίαν,
2467 4333 2561 4386 καὶ
2587 4331 2651 4383 τὺ
2677 4331 2774 4402 τὴν
2807 4330 3051 4401 φθαρτὴν
3088 4329 3442 4399 μεταϐάλλειν
3478 4331 3556 4392 εἰς
3588 4329 3693 4397 ἀφ-

2113 4427 2360 4498 θαρσίαν.
2389 4427 2470 4479 Τά
2493 4424 2538 4477 δ’
2571 4425 2709 4478 αύτά
2733 4425 2826 4478 καὶ
2855 4423 2981 4495 περὶ
3011 4424 3106 4493 τῆς
3142 4423 3339 4494 θνητῆς
3370 4422 3605 4486 λεκτέον,
3631 4423 3691 4475 ού

428 4526 869 4596 incorporearum
909 4537 926 4576 :
960 4523 1104 4594 quod
1155 4531 1360 4590 manet,
1400 4523 1859 4593 quemadmodum
1905 4540 2012 4579 ma-

2116 4517 2550 4590 μεταϐαλλούσης
2578 4516 2676 4588 μὲν
2697 4518 2776 4580 είς
2807 4515 3125 4579 ἀθανασίαν,
3157 4514 3480 4586 ἐνδυομένης
3506 4515 3562 4568 δέ
3592 4514 3692 4568 αύ-

427 4633 560 4672 nere
597 4613 788 4670 dicunt
845 4613 1126 4670 materiale
1173 4613 1324 4669 hisce
1377 4614 1430 4668 in
1480 4616 1644 4669 rebus
1683 4613 2007 4682 clarissime,

427 4707 782 4780 qualitatibus
840 4705 1253 4762 transeuntibus
1306 4705 1358 4759 in
1415 4704 2008 4776 incorruptibilitatem.

425 4801 695 4857 Caeterum
724 4813 828 4854 non
856 4799 998 4854 idem
1043 4807 1131 4854 est
1175 4797 1583 4867 eorruptibilem
1635 4807 1892 4852 naturam
1921 4797 2010 4852 in-

430 4893 596 4949 duere
645 4890 1134 4960 incorruptionem,
1184 4899 1240 4943 et
1282 4887 1692 4958 eorruptibilem
1757 4900 2010 4944 naturam

428 4985 759 5040 transire'in
808 4981 1270 5048 incorruptionem
1302 4980 1370 5033 "’.
1402 4980 1602 5036 Eadem
1645 4981 1808 5036 etiam
1857 4991 1913 5036 et
1943 4983 2010 5039 de

425 5089 620 5135 natura
667 5075 878 5130 mortali
920 5075 1146 5128 dicenda
1191 5083 1338 5138 sunt,
1389 5089 1508 5142 quze
1548 5089 1654 5129 non
1692 5074 2010 5129 immutatur

425 5173 479 5227 in
509 5167 992 5229 immortalitatem,
1021 5163 1115 5220 sed
1148 5179 1268 5220 eam
1302 5164 1500 5221 induit.
1535 5164 1807 5221 Praeterea
1834 5181 2009 5236 quan-

425 5262 712 5332 doquidem
745 5257 1035 5314 animalem
1065 5257 1300 5311 animam
1347 5258 1679 5312 existimavit
1711 5273 1809 5325 per
1839 5272 2004 5328 opera

423 5368 479 5410 et
511 5369 728 5410 sensum
759 5353 1004 5414 credere,
1032 5366 1136 5405 non
1166 5360 1348 5404 autem
1374 5366 1470 5420 per
1497 5352 1784 5416 rationem,
1837 5351 2006 5405 inter-

427 5461 680 5516 regemus
710 5459 832 5500 eum
863 5444 929 5497 de
960 5441 1147 5507 Paulo,
1180 5441 1333 5512 cujus
1359 5450 1567 5496 natura:
1604 5451 1721 5496 erat
1752 5457 1770 5498 :
1804 5456 1926 5496 nam
1958 5443 2001 5497 si

495 5560 538 5590 ’³
567 5556 704 5612 Gen.
740 5571 816 5621 vt,
846 5554 902 5608 2.
973 5554 1019 5586 "
1054 5552 1244 5609 Matth.
1279 5569 1402 5618 vm,
1453 5552 1542 5607 12.
1616 5555 1662 5587 ⁸⁵
1687 5554 1789 5611 lsa.
1819 5570 1858 5618 ι,
1887 5553 1940 5610 2.
2014 5561 2015 5570 ‘

2116 5553 2220 5608 bid.
2252 5551 2307 5606 4.

499 5675 610 5738 (75)
636 5672 804 5727 Codd.
841 5673 1170 5729 Botlleianus
1207 5681 1261 5727 et
1287 5673 1638 5736 Barberinus,
1677 5675 2008 5730 πολιτεύοιν-

423 5764 521 5800 το·
567 5744 788 5812 Regius,
836 5759 1154 5815 perperam,
1190 5743 1494 5815 πολιτεύειν
1540 5746 1632 5809 τό,
1690 5747 1846 5815 cujus
1893 5748 2010 5804 loco

430 5817 658 5875 lluetius
690 5828 758 5870 ex
785 5813 1104 5882 conjectura
1130 5813 1342 5884 legebat
1365 5815 1731 5873 πολιτεύουσι.

2105 4613 2223 4683 τήν.
2261 4611 2402 4674 Ἔτι,
2441 4609 2671 4679 ἐπείπερ
2703 4607 2802 4679 τὴν
2842 4607 3079 4678 ψυχικὴν
3106 4607 3266 4676 φύσιν
3297 4606 3452 4678 ᾠήθη
3487 4605 3598 4676 (76)
3626 4604 3693 4658 δι’

2105 4704 2283 4776 ἔργων
2311 4703 2406 4756 καὶ
2431 4701 2736 4772 αἰσθήσεως
2765 4700 3070 4762 πείθεσθαι,
3097 4700 3220 4770 οὐχί⁵
3246 4699 3304 4752 δὲ
3333 4697 3529 4767 λόγων,
3561 4715 3694 4752 atau-

2107 4792 2329 4864 σώμεθα
2351 4791 2516 4846 αὑτοῦ
2539 4791 2666 4860 περὶ
2695 4789 2930 4855 Παύλου,
2965 4789 3124 4853 ποίας
3152 4787 3368 4857 φύσεως
3396 4785 3483 4860 ἦν’
3508 4791 3557 4842 εί
3595 4789 3695 4859 μὲν

2108 4885 2219 4956 γάρ
2237 4883 2635 4953 πνευματικῆς,
2661 4881 2778 4945 πῶς
2805 4879 2895 4934 διά
2923 4880 3022 4950 τῆς
3052 4879 3336 4952 τεραστίου
3372 4879 3693 4949 ἐπιφανείας

2114 4975 2508 5037 πεπίστευκεν;
2536 4975 2583 5025 εί
2603 4972 2646 5024 δ’
2673 4972 2773 5025 ούκ
2788 4971 2961 5034 άλλως
2993 4970 3214 5024 ἐδύνατο
3241 4970 3520 5023 πιστεύειν
3547 4971 3580 5042 ἦ
3607 4971 3695 5024 διὰ

2113 5069 2213 5139 τῆς
2235 5066 2516 5139 τεραστίου
2549 5065 2886 5134 ἐπιφανείας,
2919 5063 3202 5118 ἀκολουθεῖ
3229 5063 3347 5116 κατ’
3381 5064 3576 5126 αὐτοὺς
3601 5064 3694 5117 καὶ

2113 5160 2275 5215 αύτὺν
2307 5155 2447 5213 εἶναι
2473 5158 2724 5228 ψυχικόν.
2771 5158 2897 5220 Πῶς
2929 5156 2985 5210 δὲ
3018 5156 3112 5209 καὶ
3153 5154 3348 5219 ἀσεϐἐς
3371 5155 3435 5209 τὸ
3465 5156 3570 5226 πρὸ
3599 5156 3694 5210 τοῦ

2113 5250 2456 5324 Δημιουργοῦ
2483 5251 2610 5312 τοὺς
2657 5248 2920 5318 ἀγγέλους
2958 5246 3121 5301 αὑτοῦ
3154 5247 3379 5319 θεωρεῖν
3425 5247 3487 5300 τδ
3521 5249 3695 5320 ἐρρω-

2115 5347 2274 5417 μένον
2307 5347 2402 5398 καὶ
2433 5345 2493 5397 τὸ
2523 5343 2810 5414 εἰλικρινὲς
2858 5341 2959 5411 τῆς
2999 5339 3272 5404 πολιτείας
3309 5342 3417 5394 τῶν
3447 5341 3552 5396 ὑπὸ
3597 5344 3695 5412 τῆς

2107 5439 2386 5508 δυνάμεως
2436 5435 2530 5489 τοῦ
2568 5435 2819 5506 Σωτῆρος
2857 5431 3275 5504 βελτιωθέντων,
3313 5435 3407 5486 καὶ
3431 5433 3581 5505 παρά
3633 5433 3695 5486 τὸ

2381 5551 2426 5581 θ’
2455 5550 2472 5604 l
2499 5547 2624 5604 Cor.
2659 5562 2750 5612 xv,
2778 5545 2869 5601 55.

2190 5673 2302 5743 (76)
2328 5671 2507 5726 Codex
2535 5669 2886 5743 Bodleianus,
2918 5677 3086 5735 recte,
3118 5668 3270 5743 ᾠήθη
3291 5687 3305 5700 ·
3333 5669 3531 5743 Regius
3560 5683 3692 5743 vero

2115 5739 2321 5815 νοηθῇ,
2353 5739 2902 5815 cujuslocolluetius
2930 5755 2998 5798 ex
3046 5739 3358 5812 conjectura
3404 5739 3508 5812 legi
3545 5740 3693 5796 vale--

2116 5810 2209 5872 bat
2238 5810 2430 5888 ἐνόησε
2453 5812 2536 5904 vel
2555 5810 2784 5899 ἐνοήθη.
