4196 6378
530 355 634 407 519

1981 351 2304 410 ORIGENIS

3665 355 3768 409 5220

525 481 661 531 tecte
693 493 891 530 sanans
920 476 1091 546 reguli
1125 477 1318 541 tilium,
1346 477 1462 530 sive
1493 477 1748 541 Abrahae,
1797 476 1908 530 sive
1939 476 2086 545 prin-

2193 472 2334 525 κατὰ
2371 472 2459 524 τὸν
2495 471 2684 540 καιρὸν
2736 470 2832 541 τῆς
2883 470 3117 540 κρίσεως
3142 470 3208 541 ἢν
3234 471 3524 541 ἐπιστεύθη
3567 474 3768 543 κρίνειν

445 564 457 580 ⁸
522 569 658 637 cipis
711 565 936 634 alicujus
992 568 1082 636 qui
1121 567 1339 637 regulus
1375 567 1702 623 nominetur.
1736 567 1801 621 Et
1827 568 1943 622 haec
1975 568 2096 636 qui-

523 658 643 712 dem
696 658 860 711 veluti
910 658 1286 728 prartereundo
1337 657 1647 725 superiores
1690 657 2091 728 expositiones;

523 767 757 820 quarum
784 753 1040 821 quoniam
1075 764 1344 804 memores
1368 765 1467 805 nos
1495 765 1615 805 esse
1643 760 1879 818 oportet,
1911 751 2096 805 dicen-

523 843 648 895 dum
685 853 767 896 est
820 843 934 896 ﬁeri
966 858 1125 911 posse
1156 853 1213 895 ut
1243 842 1422 896 omnis
1447 852 1701 896 creatura
1735 841 2001 910 duplicem
2031 841 2095 894 il-

522 932 628 986 lius
659 939 948 987 adventum
997 933 1140 986 hunc
1170 934 1235 985 ad
1276 948 1334 988 se
1360 933 1683 987 consideret.
1741 933 1976 986 Proinde
2015 932 2096 985 in-

519 1024 719 1093 spicies
778 1039 906 1077 num
963 1025 1282 1093 principalis
1318 1025 1584 1078 dicendus
1617 1024 1689 1077 sit
1739 1022 1842 1077 hac
1886 1023 2094 1076 ratione

519 1118 751 1188 primus,
781 1132 1014 1186 sequens
1040 1132 1168 1172 vero
1199 1118 1470 1171 secundus
1504 1130 1518 1168 :
1546 1116 1766 1190 adeunt
1791 1115 1842 1168 in
1890 1114 2093 1183 princi-

521 1216 626 1283 pali
659 1214 1031 1268 exhilarentur
1056 1215 1108 1267 hi
1138 1215 1227 1282 qui
1257 1229 1379 1266 eum
1406 1215 1740 1281 receperint;
1769 1213 1819 1265 in
1853 1212 2092 1266 secundo

519 1319 649 1359 vero
685 1303 983 1358 liberentur
1011 1307 1082 1358 ab
1116 1304 1260 1358 omni
1294 1304 1482 1357 morbo
1513 1313 1566 1356 et
1597 1303 1662 1356 ab
1699 1301 1882 1372 ignitis
1913 1303 2093 1354 inimi-

519 1397 566 1449 ci
595 1397 811 1466 sagittis
849 1395 904 1450 hi
944 1395 1033 1464 qui
1079 1395 1368 1448 noluerant
1418 1404 1574 1446 antea
1615 1397 1680 1447 de
1707 1393 1825 1461 ejus
1859 1395 1982 1447 vino
2011 1394 2094 1448 bi-

519 1487 668 1541 bere.
703 1488 767 1540 Et
797 1487 1028 1556 primum
1059 1487 1280 1556 quidem
1311 1485 1632 1540 miraculum
1664 1485 1952 1539 indivisum
1984 1493 2089 1548 est,

520 1593 646 1631 nam
673 1578 833 1632 Came
858 1590 939 1632 est
969 1589 1023 1632 et
1048 1579 1138 1647 qui
1173 1594 1368 1647 aquam
1399 1579 1562 1631 vertit
1590 1579 1642 1631 in
1672 1578 1878 1639 vinum,
1911 1588 1966 1630 et.
1999 1578 2089 1644 qni

520 1670 746 1733 bibunt;
777 1670 1075 1724 secundum
1103 1685 1229 1724 vero
1259 1670 1580 1723 miraculum
1608 1671 1898 1735 quamdam
1929 1669 2089 1722 veluti

459 1787 466 1792 -
518 1763 916 1831 Separationem
971 1762 1132 1816 habet
1168 1777 1182 1813 :
1225 1777 1350 1814 nam
1402 1761 1545 1815 [ilius
1599 1759 1769 1826 reguli
1817 1770 2090 1831 aegrotans

517 1869 624 1908 non
656 1862 772 1907 erat
810 1853 898 1907 ubi
931 1850 1091 1906 Jesus
1124 1868 1137 1904 :
1176 1867 1280 1906 non
1309 1851 1454 1905 enim
1481 1859 1600 1904 erat
1635 1853 1687 1904 in
1713 1851 1884 1915 Cana,
1911 1853 2004 1905 sed
2036 1852 2089 1904 in

513 1945 837 2012 Capharnao
873 1960 886 1997 :
917 1953 973 1998 et
1027 1959 1212 1998 sermo
1263 1945 1478 2012 quidem
1539 1944 1800 2011 potentiae
1854 1958 1883 1996 a
1940 1943 2089 1996 Cana

515 2036 812 2105 egreditur,
857 2049 977 2087 nam
1008 2053 1026 2084 ι
1049 2033 1219 2088 Filius
1245 2043 1367 2088 tuus
1397 2033 1564 2087 vivit"
1587 2052 1604 2084 ι
1635 2033 1687 2086 in
1709 2032 1856 2087 Cana
1885 2033 2088 2086 dictum

514 2137 626 2191 est;
657 2142 793 2195 opus
825 2140 954 2179 vero
976 2126 1240 2179 sermonis
1267 2124 1566 2178 eliicituriu
1593 2124 1949 2194 Capharnao;
1982 2123 2090 2178 illic

514 2217 659 2270 enim
694 2224 928 2284 aegrotus
979 2216 1148 2285 reguli
1180 2215 1322 2269 [ilius
1373 2230 1627 2270 sermone
1689 2215 1818 2271 .Iesu
1869 2229 2092 2272 curatus

513 2315 598 2359 est
643 2324 660 2356 ι
694 2305 824 2358 hora
854 2305 1080 2373 septima
1113 2304 1135 2335 ⁸
1167 2321 1181 2369 ;
1219 2322 1236 2355 ι
1288 2305 1699 2375 invcnimusque
1733 2309 1873 2359 hunc
1913 2321 1942 2359 a
1974 2322 2092 2360 ser-

517 2411 679 2450 mone
723 2407 996 2461 curatum,
1033 2396 1118 2450 cui
1172 2411 1276 2450 non
1333 2397 1628 2465 putabatur
1681 2396 1842 2453 Jesns
1872 2400 2087 2460 adesse,

518 2499 678 2555 atque
701 2488 862 2540 etiam
905 2487 1238 2542 centurionis
1277 2503 1518 2545 servum.
1556 2491 1767 2544 Etenim
1801 2493 1989 2561 procul
2022 2493 2091 2546 ab

519 2579 612 2634 illo
633 2595 753 2633 cum
781 2588 948 2644 esset,
975 2594 1080 2633 non
1104 2580 1462 2648 proﬁciscitur
1492 2582 1753 2638 Dominus
1779 2586 1846 2638 ad
1871 2587 2088 2639 domum

516 2665 875 2729 centurionis,
910 2665 1001 2733 qui
1025 2665 1202 2720 dixit:
1239 2685 1256 2718 ι
1290 2667 1536 2732 Domine,
1569 2684 1672 2722 non
1698 2685 1817 2724 sum
1844 2671 2090 2739 idoneus,

520 2767 580 2810 ut
607 2755 710 2811 sub
744 2765 944 2810 tectum
975 2771 1152 2810 meum
1210 2758 1404 2820 intres,
1436 2763 1530 2814 sed
1579 2770 1786 2814 tantum
1831 2763 1918 2816 dic
1963 2777 2089 2818 ver-

519 2851 671 2914 bum,
697 2859 753 2904 et
775 2849 1060 2904 sanabitur
1083 2865 1216 2918 puer
1241 2866 1392 2905 meus
1421 2853 1442 2884 ⁸
1472 2868 1488 2918 ;
1526 2871 1546 2904 ι
1577 2863 1800 2922 propter
1824 2856 1968 2924 quod
2011 2859 2090 2911 in-

519 2941 723 3011 quitad
747 2941 950 3011 ipsum:
981 2959 1000 2993 ι
1037 2942 1205 3007 Vade,
1234 2951 1368 2996 etut
1395 2943 1698 3010 credidisti,
1727 2945 1823 3001 ﬂat
1849 2947 1946 3002 tibi
1971 2947 2038 3003 ¹⁶.
2065 2965 2086 3000 ι

519 3031 937 3088 Observavimus
988 3043 1168 3088 autem
1231 3042 1488 3103 utrosque
1535 3046 1864 3105 mgrotantes
1905 3040 1958 3093 in
1989 3040 2094 3094 Ca-

519 3127 766 3198 pharnao
797 3125 978 3187 fuisse,
1009 3125 1220 3181 scilicet
1247 3129 1416 3197 reguli
1461 3128 1626 3182 tilium
1671 3140 1725 3184 et
1755 3132 2090 3188 centurionis

519 3232 755 3273 servum.
804 3217 944 3282 Quin
976 3231 1169 3272 socrus
1195 3218 1358 3272 etiam
1408 3219 1894 3290 Petri'prostrata,
1952 3221 2090 3277 febri

522 3307 802 3362 laborabat
848 3309 901 3363 in
959 3309 1304 3378 Capharnao,
1359 3310 1512 3379 cujus
1570 3327 1762 3366 manus
1803 3328 1923 3367 cmn
1966 3315 2092 3369 atti-

476 3417 478 3420 ·
520 3400 710 3467 gisset,
769 3410 1096 3470 prostratam
1128 3402 1367 3462 sanavit,
1417 3401 1552 3457 adeo
1600 3413 1657 3458 ut
1687 3415 1869 3459 erecta
1932 3403 2094 3459 mini-

529 3500 724 3548 straret
742 3491 816 3546 illi
855 3491 922 3544 “.
988 3490 1055 3545 Et
1091 3492 1144 3546 hi
1180 3493 1397 3561 quidem
1455 3495 1544 3548 die
1571 3495 1868 3550 ex‘sistente
1920 3498 2092 3552 curati

519 3584 673 3638 fuere
709 3585 762 3636 in
794 3583 1138 3654 Capharnao,
1169 3600 1292 3639 nam
1317 3586 1487 3656 reguli
1512 3587 1652 3642 lilius
1679 3587 1811 3642 hora
1838 3590 2088 3659 septima,

493 3679 858 3732 -centnrionis
883 3688 1066 3732 autem
1100 3692 1290 3734 servus
1333 3688 1387 3733 et
1413 3679 1561 3734 Petri
1607 3696 1796 3736 socrus
1849 3692 1976 3736 ante
2005 3697 2095 3735 ve-

519 3784 756 3838 speram.
785 3791 802 3820 ι
831 3769 1067 3839 Vespera
1098 3784 1229 3825 vero
1266 3769 1433 3835 facta,
1467 3790 1486 3824 ι
1521 3771 1666 3839 iuxta
1700 3772 2008 3829 Matthaaum
2028 3777 2094 3840 η,

527 3877 546 3910 ι
578 3861 877 3914 attulerunt
913 3862 985 3915 illi
1018 3880 1036 3912 ι
1069 3862 1121 3915 in
1151 3862 1475 3932 Capharnao
1503 3883 1519 3915 ι
1556 3865 1756 3920 multos
1787 3881 1816 3918 a
1847 3866 2096 3922 da'mone

482 3964 487 3974 ‘
523 3966 743 4010 vexatos
767 3971 780 4006 :
813 3955 1141 4027 spiritusque
1162 3957 1317 4023 ejecit
1341 3974 1617 4026 sermone,
1639 3976 1935 4030 oumesque
1956 3962 2096 4017 male

521 4045 688 4116 279
724 4047 982 4102 habentes
1009 4048 1237 4102 curavit.
1265 4067 1282 4100 ι
1311 4048 1545 4103 Tardius
1575 4067 1704 4120 ergo
1739 4052 1981 4121 quidam,
2009 4067 2099 4108 ce-

523 4139 690 4192 lerius
718 4138 808 4190 alil
843 4149 1102 4192 curantur
1131 4155 1158 4191 a
1186 4137 1312 4192 Jesu
1343 4157 1355 4191 :
1395 4140 1484 4209 qui
1521 4140 1664 4194 enim
1711 4157 1958 4211 vespere,
1985 4151 2098 4197 tar-

523 4233 643 4284 dius
661 4231 1157 4300 curantur,quippe
1195 4231 1285 4298 qui
1323 4231 1388 4283 iis
1422 4231 1512 4300 qui
1541 4232 1591 4284 in
1624 4231 1710 4286 die
1739 4233 1914 4286 curati
1951 4245 2099 4299 sunt,

2195 563 2304 617 ἀπὸ
2347 562 2439 615 τοῦ
2491 561 2648 623 Θεοῦ,
2686 561 2933 614 ἀπολύων
2981 562 3074 614 τοῦ
3123 562 3379 634 πυρετοῦ,
3416 563 3508 616 καὶ
3547 563 3768 633 ἰώμενος

2196 655 2470 717 παντελῶς
2502 653 2590 706 τὸν
2609 653 2704 705 τοῦ
2733 653 3007 722 βασιλικοῦ
3041 655 3175 716 υἱὸν,
3202 655 3312 706 εἴτε
3357 654 3625 726 Ἀϐραάμ,
3661 656 3766 708 εἴτε

2195 747 2451 819 ἄρχοντός
2496 763 2635 808 τινος
2677 745 3078 816 ὀνομαζομένου
3113 746 3411 816 βασιλικοῦ.
3447 747 3556 800 Καὶ
3598 746 3767 801 ταῦτα

2199 839 2298 908 μὲν
2316 837 2391 901 ὡς
2421 837 2552 908 πρός
2581 854 2700 892 τινα
2718 839 2966 907 διήγησιν
2997 838 3356 909 παρεξιοῦσαν
3381 840 3492 909 (85)
3523 838 3621 901 τὰς
3649 855 3774 908 προ-

2195 930 2376 999 τέρας·
2411 930 2532 982 ἐπεὶ
2581 929 2638 982 δὲ
2676 930 2981 1000 μεμνῆσθαι
3012 931 3158 1000 ἡμᾶς
3189 930 3365 984 αὐτῶν
3395 930 3506 1002 (84)
3551 931 3650 994 δεῖ,
3686 932 3772 982 λε-

2196 1022 2370 1084 κτέον,
2401 1023 2482 1074 ὅτι
2509 1021 2732 1075 δυνατὸν
2777 1022 2924 1092 πάσῃ
2957 1024 3022 1092 τῇ
3050 1026 3237 1092 κτήσει
3265 1021 3428 1075 αὑτοῦ
3465 1023 3561 1092 τὴν
3590 1021 3770 1092 διττὴν

2194 1115 2397 1187 ταύτην
2430 1115 2662 1168 νοεῖσθαι
2696 1114 3010 1185 ἐπιδημίαν.
3071 1112 3418 1184 Ἐπιστήσεις
3461 1118 3516 1167 δε
3545 1114 3594 1167 εί
3637 1131 3771 1184 προ-

2194 1209 2502 1280 ηγιυμένην
2535 1205 2632 1276 μὲν
2649 1208 2789 1260 κατὰ
2821 1207 2977 1259 τοῦτο
2992 1205 3090 1276 τὴν
3117 1204 3338 1277 πρώτην
3369 1205 3606 1270 λεκτέον,
3638 1207 3768 1258 ἐπο-

2197 1302 2362 1372 μένην
2408 1299 2464 1352 δέ
2512 1299 2610 1370 τὴν
2655 1298 2933 1370 δευτέραν,
2973 1297 3110 1349 ὥστε
3142 1297 3237 1368 τὴν
3282 1298 3378 1367 μὲν
3427 1298 3769 1369 προηγουμέ-

2195 1409 2293 1462 νην
2343 1391 2454 1459 (85)
2497 1389 2881 1460 εὐφραίνεσθαι
2923 1390 3046 1450 τοὺς
3074 1387 3547 1460 παραδεξαμένους
3584 1387 3766 1450 αὑτὸν,

2192 1487 2257 1556 τῇ
2285 1484 2339 1536 δὲ
2361 1483 2589 1553 δευτέρα
2621 1482 2798 1552 πάσης
2827 1481 2982 1532 νόσου
3019 1481 3394 1543 ἀπολύεσθαι,-
3415 1483 3506 1535 καὶ
3532 1480 3639 1533 τῶν
3669 1497 3766 1532 πε-

2193 1574 2530 1644 πυρωμένων
2570 1572 2664 1624 τοῦ
2701 1571 2895 1643 ἐχθροῦ
2943 1571 3108 1640 βελῶν
3151 1573 3275 1633 τοὺς
3310 1571 3382 1642 μὴ
3415 1569 3767 1640 βουληθέντας

2193 1664 2456 1737 πρότερον
2509 1662 2602 1716 τοῦ
2649 1663 2791 1716 οἴνου
2852 1662 3016 1716 αὐτοῦ
3066 1665 3227 1715 πιεῖν.
3278 1664 3387 1716 Καὶ
3441 1664 3508 1716 τὰ
3543 1664 3637 1733 μὲν
3670 1662 3768 1730 τῆς

2194 1755 2416 1826 πρώτης
2440 1755 2719 1825 δυνάμεως
2770 1755 3041 1827 άμέριστά
3087 1757 3255 1817 ἐστιν,
3307 1757 3364 1808 ἐν
3401 1758 3552 1825 Κανᾷ
3599 1754 3706 1825 γὰρ
3739 1755 3768 1806 ὁ

2193 1846 2361 1899 ποιῶν
2383 1847 2444 1898 τὸ
2464 1845 2605 1917 ὓδωρ
2633 1841 2796 1905 οἶνον,
2840 1847 2931 1898 καὶ
2956 1847 3004 1897 οἱ
3041 1847 3306 1909 πίνοντες⁸
3343 1846 3412 1898 τὰ
3435 1846 3490 1898 δέ
3520 1846 3618 1916 τῆς
3644 1847 3766 1898 δευ-

2191 1937 2354 2008 τέρας
2391 1937 2553 1989 οίονεὶ
2582 1936 2693 2006 ἔχει
2718 1943 2839 1990 τινὰ
2869 1939 3152 2007 μερισμόνο
3179 1940 3208 1990 6
3236 1937 3343 2008 γάρ
3370 1939 3461 1990 τοῦ
3487 1936 3765 2007 βασιλικοῦ

2191 2029 2304 2091 υἱὸς
2325 2029 2496 2082 νοσῶν
2518 2030 2617 2082 οὐκ
2641 2025 2709 2100 ἦν
2735 2030 2868 2082 ὅπου
2918 2031 3143 2100 Ἰησοῦς·
3173 2031 3235 2083 ού
3265 2031 3373 2100 γὰρ
3400 2026 3468 2100 ἦν
3498 2033 3554 2082 ἐν
3589 2031 3764 2101 Κανᾷ,

2191 2121 2308 2173 ἀλλ’
2341 2121 2398 2173 ἐν
2428 2120 2824 2192 Καφαρναούμ·
2859 2121 2952 2174 καὶ
2980 2120 3009 2173 6
3055 2121 3152 2191 μὲν
3183 2122 3281 2191 τῆς
3309 2122 3584 2192 δυνάμεως
3613 2121 3768 2190 λόγος

2191 2213 2300 2268 ἀπὸ
2327 2215 2426 2285 τῆς
2463 2216 2619 2268 Κανᾶ
2647 2214 2947 2284 ἐξέρχεται·
2984 2212 3043 2265 τὸ
3075 2215 3200 2283 γάρ’
3233 2231 3252 2264 ι
3300 2214 3356 2265 '0
3391 2213 3502 2276 υίός
3533 2230 3623 2265 σου
3651 2212 3716 2283 ζῇ
3742 2231 3762 2264 ι

2191 2307 2249 2359 ἐν
2289 2306 2446 2375 Κανᾷ
2483 2306 2723 2376 εἴρηται·
2771 2305 2831 2357 τὸ
2863 2304 2920 2356 δέ
2949 2303 3040 2356 τοῦ
3075 2303 3234 2372 λόγου
3261 2304 3418 2374 ἔργον
3446 2306 3502 2355 ἐν
3535 2305 3766 2374 Καφαρ-

2191 2398 2368 2468 ναοὺμ
2401 2398 2630 2466 γίνεται*
2666 2398 2782 2449 ἐκεῖ
2809 2396 2919 2466 γὰρ
2944 2396 3113 2449 νοσῶν
3151 2399 3179 2450 6
3218 2397 3311 2449 τοῦ
3345 2396 3622 2466 βασιλικοῦ
3653 2396 3768 2460 υίὸς

2192 2488 2335 2558 λόγῳ
2358 2487 2698 2559 ἐθεραπεύθη
2717 2487 2810 2541 τοῦ
2853 2489 3026 2558 Ἰησοῦ
3054 2487 3196 2540 κατὰ
3224 2486 3320 2556 τὴν
3349 2486 3764 2557 ἑϐδόμηνιῗῳαν·

2191 2579 2380 2633 τοῦτον
2405 2579 2462 2633 δέ
2492 2579 2635 2650 λόγῳ
2662 2580 2985 2651 εὑρίσκομεν
3013 2578 3408 2648 θεραπευθέντα
3431 2577 3538 2630 άπὸ
3563 2576 3636 2647 μὴ
3665 2594 3768 2628 πα-

2195 2674 2366 2742 ρεῖναι
2397 2671 2749 2741 νομιζομένου
2771 2671 2919 2742 αύτῷ
2944 2671 3038 2724 τοῦ
3061 2670 3256 2740 Ἰησοῦ,
3291 2670 3384 2722 καὶ
3409 2668 3500 2722 τὸν
3522 2667 3616 2720 τοῦ
3641 2669 3768 2721 ἐκα-

2193 2762 2486 2833 τοντάρχου
2513 2761 2714 2816 δοῦλον·
2751 2763 2843 2816 καὶ
2873 2763 2982 2834 γάρ
3007 2763 3099 2815 ἀπ’
3131 2760 3336 2815 ἐκείνου
3368 2761 3447 2822 εἰς
3468 2758 3565 2828 τὴν
3589 2758 3766 2812 οἰκίαν

2193 2853 2288 2907 τοῦ
2321 2853 2716 2924 ἑκατοντάρχου
2732 2854 2792 2908 ού
2813 2853 3173 2925 παραγίνεται
3197 2853 3226 2904 6
3253 2851 3474 2922 Κύριος,
3499 2851 3763 2912 εἰπόντος·

2200 2963 2220 2998 ι
2266 2945 2459 3017 Κύριε,
2507 2944 2605 2998 οὐκ
2646 2948 2762 3016 εἰμὶ
2798 2945 3000 3009 ἱκανὸς,
3034 2946 3120 2998 ἵνα
3157 2962 3258 3015 μου
3309 2943 3413 2996 ὑπὸ
3431 2944 3529 3014 τὴν
3573 2943 3770 3014 στέγην

2196 3039 2468 3112 εἰσέλθῃς,
2521 3039 2656 3093 ἀλλὰ
2708 3045 2865 3110 μόνον
2899 3041 3018 3093 εἰπὲ
3066 3039 3229 3110 λόγῳ,
3268 3039 3362 3092 καὶ¹
3411 3038 3688 3110 ἰαθήσεται
3740 3041 3770 3093 6

2121 3162 2163 3220 ο
2198 3135 2327 3195 παῖς
2359 3143 2492 3203 μου⁶
2520 3150 2538 3182 ι
2574 3131 2654 3184 διό
2692 3149 2825 3201 φησι
2856 3132 2994 3203 πρὸς
3027 3132 3207 3185 αὐτόν·
3247 3150 3267 3184 ι
3309 3132 3546 3200 ’Ύπαγε,
3578 3131 3670 3184 καὶ
3695 3131 3771 3195 ὼς

2197 3225 2524 3287 ἐπίστευσας
2554 3225 2834 3295 γενηθήτω
2867 3241 2969 3278 σοι.
3007 3243 3025 3275 ι
3061 3224 3453 3296 Τετηρήκαμεν
3485 3223 3659 3277 δὲκαὶ
3687 3225 3768 3280 ὅτι

2193 3320 2252 3370 ἐν
2275 3317 2654 3387 Καφαρναοὺμ
2689 3316 2989 3388 ἀμφότεροι
3037 3310 3175 3387 ἦσαν
3203 3313 3507 3379 νοσοῦντες,
3540 3316 3570 3369 ὃ
3593 3333 3653 3368 τε
3674 3315 3770 3368 τοῦ

2195 3408 2588 3480 ἑκατοντάρχου
2638 3410 2766 3473 παῖς
2797 3409 2890 3462 καὶ
2919 3411 2946 3462 δ
2990 3408 3085 3462 τοῦ
3117 3408 3391 3478 βασιλικοῦ
3420 3409 3558 3472 υἱός.
3591 3408 3701 3462 Καὶ
3735 3409 3770 3478 ἡ

2194 3499 2432 3571 πενθερὰ
2461 3500 2518 3553 δέ
2543 3499 2749 3572 Πέτρου
2780 3499 3083 3571 βεϐλημένη
3119 3500 3420 3570 ἐπύρεσσεν
3458 3500 3516 3552 ἐν
3544 3502 3772 3571 Καφαρο

2195 3593 2388 3662 ναοὺμ,
2411 3586 2480 3663 ἦς
2512 3589 2786 3660 ἁψάμενος
2820 3591 2918 3662 τῆς
2949 3589 3129 3660 χειρδς
3156 3591 3340 3642 ἰάσατο
3369 3590 3468 3658 τὴν
3503 3589 3771 3659 βεϐλημέ-

2193 3699 2312 3754 νην,
2353 3683 2427 3746 ὡς
2465 3681 2782 3752 ἐγερθεῖσαν
2815 3681 3078 3734 διακονεῖν
3110 3679 3279 3750 αύτῷ.
3337 3682 3446 3734 Καὶ
3482 3675 3624 3734 οὗτοι
3675 3679 3773 3750 μὲν

2194 3776 2404 3848 ἡμέρας
2444 3773 2889 3846 ἐθεραπεύθησαν
2927 3776 2984 3826 ἐν
3016 3772 3411 3845 Καφαρναούμο
3458 3774 3486 3825 6
3533 3773 3631 3843 μὲν
3676 3771 3770 3824 τοῦ

2197 3867 2474 3939 βασιλικοῦ
2495 3866 2610 3930 υίὸς
2633 3865 2780 3936 ὥραν
2807 3865 3060 3935 ἑϐδόμην,
3099 3869 3128 3918 ὁ
3161 3866 3218 3918 δέ
3250 3865 3344 3918 τοῦ
3375 3866 3770 3936 ἑκατοντάρχου

2196 3963 2326 4024 παῖς
2365 3961 2526 4032 καὶὴ
2579 3958 2672 4013 τοῦ
2708 3959 2912 4029 Πέτρου
2983 3957 3217 4028 πενθερὰ
3267 3957 3372 4029 πρὸ
3426 3956 3526 4027 τῆς
3593 3957 3771 4026 ὀψίας.

2202 4071 2221 4103 ι
2247 4051 2436 4121 Ὀψίας
2448 4051 2503 4104 δὲ
2528 4049 2845 4121 γενομένης,
2873 4067 2891 4100 ι
2925 4048 3065 4102 κατὰ
3089 4049 3179 4102 τὸν
3205 4047 3503 4111 Ματθαῖον,
3541 4066 3560 4099 ι
3583 4049 3640 4100 ἐν
3663 4049 3774 4101 Κα-

2199 4147 2486 4216 φαρναοὺμ
2530 4143 2905 4214 προσήνεγκαν
2952 4139 3100 4211 αύτῷ
3140 4138 3612 4211 δαιμονιζομένους
3647 4139 3776 4192 πολ-

2198 4237 2342 4300 λοὺς,
2372 4237 2466 4290 καὶ
2485 4235 2734 4300 ἐξέϐαλλε
2750 4235 2815 4287 τὰ
2833 4232 3114 4303 πνεύματα
3133 4231 3294 4301 λόγῳ,
3318 4231 3411 4285 καὶ
3431 4231 3636 4293 πάντας
3650 4231 3776 4294 τοὺς

526 4321 812 4375 inferiores
837 4321 979 4383 sint;
1016 4335 1140 4373 nam
1175 4335 1203 4371 a
1236 4320 1480 4373 daemone
1524 4329 1809 4384 vexantur,
1847 4331 1903 4376 et
1959 4324 2093 4378 male

2199 4328 2386 4392 κακῶς
2428 4327 2648 4398 ἔχοντας
2685 4326 3038 4398 ἐθεράπευσε.
3085 4325 3308 4395 Βράδιον
3341 4319 3434 4378 οὖν
3479 4340 3621 4386 τινες
3671 4322 3774 4375 ὑπὸ

528 4411 750 4465 habent.
793 4409 1029 4463 Proinde
1082 4411 1516 4464 contendendum
1555 4411 1712 4466 nobis
1753 4422 1854 4477 est,
1889 4424 1945 4466 ut
1979 4429 2093 4468 con-

2213 4417 2385 4486 Ἰησοῦ
2405 4416 2818 4488 θεραπεύονται,
2843 4417 2936 4468 καὶ
2957 4415 3134 4484 ἕτεροι
3161 4414 3345 4483 τάχιον
3361 4429 3374 4442 ·
3409 4414 3457 4465 οἱ
3486 4412 3594 4482 γὰρ
3618 4411 3775 4481 ὀψίας

522 4519 808 4574 gregemus
856 4503 972 4558 loca
1017 4505 1105 4557 ubi
1133 4503 1339 4556 inventi
1377 4501 1528 4557 fuere
1550 4505 1640 4572 qui
1675 4508 1952 4562 curatione
1981 4522 2093 4578 εδει

2214 4508 2448 4578 βράδιον,
2477 4509 2554 4571 ὼς
2583 4507 2859 4570 ἐλάττονες
2879 4505 3190 4577 (δαιμονῶσι
3215 4506 3344 4575 γὰρ,
3372 4521 3464 4557 και
3483 4504 3662 4574 έχουσι
3679 4521 3776 4557 κα-

525 4600 678 4662 bant,
719 4597 1120 4666 notandumque
1167 4605 1248 4651 est
1297 4597 1493 4664 quibus
1540 4599 1592 4652 in
1640 4599 1768 4652 locis
1817 4600 1921 4654 alia
1963 4602 2093 4657 facta

2209 4603 2321 4665 κῶς
2335 4603 2372 4673 ο)
2392 4600 2497 4654 τῶν
2514 4601 2624 4672 (86)
2647 4601 2680 4672 ἡ
2688 4600 2752 4671 μέ
2762 4617 2858 4671 ρας
2876 4599 3177 4673 τεθεραπευ
3186 4598 3381 4668 μένων.
3394 4597 3777 4668 Φιλοτιμητέον

528 4687 730 4741 fuerint
767 4687 942 4756 signa.
991 4697 1180 4740 etnon
1238 4701 1300 4740 ea
1349 4702 1468 4754 qua:
1516 4688 1582 4741 ad
1629 4701 1958 4759 aegrotantes
1987 4707 2093 4760 spe-

2204 4695 2261 4747 δέ
2294 4696 2619 4763 συναγαγεῖν
2665 4694 2792 4751 τοὺς
2836 4692 3033 4754 τόπους
3075 4689 3202 4743 ἔνθα
3249 4688 3547 4760 εὑρέθησαν
3579 4691 3627 4741 οἱ
3667 4688 3780 4740 δεό-

528 4787 709 4834 ctant:
735 4778 896 4832 veluti
923 4779 972 4831 in
993 4777 1237 4831 Samaria
1259 4778 1467 4847 signum
1489 4789 1609 4834 erat
1629 4781 1758 4834 illud
1785 4796 1829 4833 τι
1853 4783 2093 4854 Quinque

2210 4805 2359 4858 μενοι
2402 4785 2726 4858 θεραπείας,
2772 4783 2868 4836 καὶ
2915 4782 3241 4854 σημειωτέον
3285 4781 3342 4832 ἐν
3373 4780 3545 4844 ποίοις
3594 4780 3779 4841 τόποις

530 4874 674 4926 viros
715 4871 972 4936 habuisti,
1013 4880 1067 4925 et
1097 4884 1238 4924 nunc
1268 4885 1432 4939 quem
1466 4872 1634 4926 habes
1657 4913 1674 4938 ,
1708 4889 1814 4928 non
1858 4885 1941 4930 est
1980 4886 2093 4930 tuus

2206 4879 2340 4933 ἄλλα
2385 4879 2575 4947 γέγονε
2619 4878 2840 4946 σημεῖα,
2871 4876 2965 4927 καὶ
2993 4875 3054 4926 ού
3102 4872 3171 4926 τὰ
3205 4871 3336 4943 περὶ⁹
3369 4872 3494 4934 τοὺς
3543 4871 3778 4941 κάμνον-

528 4965 611 5016 vir
644 4963 720 5028 ¹³;
763 4981 780 5012 ι
803 4971 1088 5030 propterea
1123 4977 1245 5016 cum
1277 4965 1644 5032 obstupuisset
1678 4966 1885 5027 mulier,
1917 4968 2052 5020 dixit
2082 4987 2093 5022 :

2207 4988 2303 5032 τας
2326 4970 2432 5040 (87)
2454 4988 2464 4999 ·
2491 4964 2601 5022 οἷον
2638 4970 2696 5021 ἐν
2721 4971 2788 5039 τῇ
2812 4967 3094 5038 Σαμαρείᾳ
3118 4966 3340 5036 σημεῖον
3360 4959 3428 5035 ἦν
3453 4964 3541 5016 τό·
3567 4982 3584 5014 ι
3614 4963 3778 5016 Πέντε

534 5075 551 5105 ι
601 5055 766 5108 Video
813 5064 865 5106 te
923 5054 1241 5122 prophetam
1276 5070 1427 5119 esse,
1469 5075 1487 5106 ο
1539 5057 1860 5125 civibusque
1899 5057 2033 5111 dicit
2083 5075 2093 5114 :

2209 5062 2405 5134 ἄνδρας
2434 5062 2608 5133 ἔσχες,
2636 5060 2730 5113 καὶ
2761 5059 2855 5113 νῦν
2887 5060 2945 5112 δν
2976 5059 3120 5129 ἔχεις
3155 5057 3255 5110 οὐκ
3287 5056 3402 5110 ἐστι
3430 5074 3524 5110 σου
3567 5056 3732 5124 ἀνήρ·
3755 5073 3772 5105 ι

602 5220 806 5347 ⁷1180³11.
832 5237 908 5286 tv,
939 5220 1030 5276 50.
1105 5221 1127 5252 ⁸
1162 5223 1291 5278 ibid.
1327 5223 1416 5278 52.
1493 5224 1514 5254 ⁹
1547 5223 1732 5278 Matth.
1765 5239 1882 5288 vm,
1907 5224 1960 5279 8.
2041 5225 2084 5255 '°

2191 5227 2239 5278 d.
2275 5226 2358 5280 l3.
2436 5227 2475 5256 "
2512 5224 2676 5279 Marc.
2718 5239 2755 5287 l,
2787 5221 2877 5278 50.
2955 5221 2998 5252 ¹¹
3028 5219 3216 5276 Matth.
3243 5233 3360 5282 vtn,
3390 5216 3478 5271 16.
3558 5212 3776 5269 "Joan.

530 5309 606 5356 tv,
631 5309 718 5347 ιδ.

605 5429 717 5500 (8'5)
753 5429 936 5484 Codex
976 5427 1324 5500 Bodleianus,
1359 5422 1754 5494 παρεξιοῦσαν·
1819 5424 2019 5495 Regius
2052 5435 2108 5481 et

535 5497 881 5568 Barberinns,
912 5497 1316 5568 παραξύουσαν.

610 5571 721 5637 (84)
753 5561 930 5621 Codex
959 5561 1282 5620 B'odleianus
1302 5603 1316 5627 ,
1343 5561 1546 5614 αὐτῶν·
1593 5562 1793 5631 Regius
1819 5572 1871 5617 et
1907 5563 2110 5622 Barbe-

538 5640 711 5700 riuus,
739 5640 965 5690 ἑαυτῶν.
1243 5674 1249 5680 -
1337 5651 1352 5660 ⁶

611 5709 724 5776 (85)
754 5708 871 5774 Τὴν
889 5707 1006 5776 μὲν
1041 5704 1516 5775 προηγουμένην.
1572 5703 1927 5761 Scribendum
1960 5706 2109 5760 vide-

545 5790 630 5834 tur
663 5780 728 5848 τῇ
754 5778 849 5846 μὲν
883 5776 1287 5847 προηγουμένη.

2437 5428 2638 5510 Codex"
2656 5427 2999 5510 Bodleianus,
3037 5427 3089 5507 οἱ
3114 5424 3222 5510 γὰρ
3256 5421 3512 5510 ὀψίας,νῆ
3540 5419 3780 5510 βρξδιξξν

2212 5493 2593 5560 ὡς’ἐλάττονες
2615 5497 2785 5568 ὄντες,
2814 5496 3128 5568 (δαιμονῶσι
3154 5493 3260 5564 γὰρ
3280 5534 3293 5556 ,
3340 5495 3432 5546 καὶ
3467 5493 3647 5562 έχουσι
3693 5507 3786 5541 κα-

2215 5569 2325 5630 κῶς
2348 5569 2398 5637 ·)
2425 5568 2622 5638 μᾶλλον
2651 5567 2782 5638 τῶν.
2808 5567 2915 5638 etc.
3003 5634 3013 5638 _
3154 5632 3164 5638 _
3193 5585 3202 5596 '

2285 5630 2394 5707 (8η
2417 5630 2521 5691 Καὶ
2551 5640 2622 5689 οὐ
2654 5637 2722 5689 τὰ
2767 5634 3066 5707 «spirate
3094 5632 3448 5707 κάμνοντας.
3495 5630 3782 5684 Ferrarius

2214 5705 2423 5778 legebat
2455 5709 2545 5761 καὶ
2568 5707 2670 5760 ποῦ
2700 5707 2770 5760 τὰ
2803 5705 2928 5776 περὶ
2954 5706 3080 5765 τοὺς
3111 5705 3438 5774 κάμνοντας.
