4196 6372
425 291 529 347 521

1483 289 1837 348 COMMENT.
1878 287 1946 344 IN
1983 288 2174 347 JOAN.
2213 290 2452 349 TOMUS
2483 291 2619 349 XIII.

3559 300 3663 358 δερ

412 407 507 476 ,ἐφ’
530 397 575 473 ᾧ
604 402 697 457 καὶ
728 403 1136 472 καταπλαγεῖσα
1163 402 1197 476 ἡ
1226 403 1362 476 γυνή
1398 421 1565 477 φησι·
1606 425 1625 456 ι
1652 405 1872 476 Θεωρῶ,
1910 405 1992 457 ὅτι

2101 422 2120 455 ι
2158 403 2315 474 Agite
2338 445 2355 470 ,
2392 405 2574 459 videte
2635 405 2940 473 hominem,
2973 408 3065 480 qui
3124 408 3262 465 dixit
3298 410 3430 467 mibi
3478 415 3660 469 omnia

423 501 707 571 προφήτης
740 492 791 550 εί
822 496 920 550 σύ⁸
949 517 968 549 ι
998 500 1111 561 τοῖς
1156 515 1216 551 τε
1247 497 1489 560 πολίταις
1533 496 1712 566 λέγει·
1756 517 1774 548 ι
1804 497 1990 563 Δεῦτε,

423 591 564 647 ῐδετε
610 589 893 660 ἄνθρωπον
940 588 1000 652 ὃς
1047 582 1168 641 εἴπέ
1206 606 1295 661 μοι
1339 589 1518 643 πάντα
1567 589 1668 642 ὅσα
1724 588 1955 657 ἐποίησα
1975 605 1989 619 ο

425 682 559 754 μήτι
587 674 740 744 οὗτός
770 683 917 734 ἐστιν
945 681 974 733 ὁ
1006 680 1270 751 Χριστός;
1298 699 1317 731 ι
1353 678 1775 752 Παρατηρητέον
1815 678 1873 733 δέ
1899 681 1993 733 καὶ

419 775 547 836 τοὺς
591 773 782 842 λόγους
836 772 1021 838 αὐτοῦ,
1055 770 1178 836 ποῦ,
1228 772 1322 825 καὶ
1366 771 1454 825 διὰ
1496 773 1578 836 τί,
1624 772 1716 825 καὶ
1749 772 1841 826 ἐπὶ
1884 771 1994 826 τίσι

422 866 833 936 πεπραγμένοις
871 863 1148 932 λέγονται*
1184 862 1288 917 ὑπὸ
1325 862 1433 935 γὰρ
1468 863 1643 935 μόνων
1686 864 1794 917 τῶν
1821 863 1994 917 τοιού-

420 970 529 1009 των
580 956 1013 1027 παρατηρήσεων
1065 955 1159 1008 καὶ
1211 952 1507 1019 ἐξετάσεων
1567 956 1665 1017 τὰς
1705 954 1991 1024 βασάνους,

421 1045 675 1118 εὑρήσεις
707 1045 849 1098 κατὰ
878 1045 1051 1117 βραχὺ
1089 1045 1215 1108 τοὺς
1243 1044 1488 1115 καρποὺς
1514 1043 1624 1097 τῶν
1659 1044 1856 1112 πόνων,
1896 1045 1995 1117 τὴν

423 1138 481 1189 ἐν
526 1135 775 1206 Ψαλμοῖς
833 1135 1085 1203 εὐλογίαν
1160 1134 1459 1202 λέγουσανο
1514 1153 1531 1186 ι
1564 1134 1702 1198 Τοὺς
1752 1138 1996 1205 καρποὺς

422 1223 531 1277 τῶν
559 1224 735 1277 πόνων
776 1240 869 1277 σου
898 1227 1153 1293 φάγεσαι.
1176 1242 1194 1275 ι
1230 1223 1353 1276 Ἐτι
1394 1222 1529 1295 πρὸς
1566 1223 1647 1287 τὸ,
1689 1243 1707 1275 ι
1734 1225 1904 1279 Τοῦτο
1939 1226 1997 1279 δὲ

425 1316 584 1370 πάλιν
632 1315 881 1387 δεύτερον
934 1317 1160 1386 σημεῖον
1210 1314 1465 1387 ἐποίησεν
1497 1317 1528 1368 ὁ
1570 1316 1797 1386 Ἰησοῦς,
1829 1336 1848 1368 ι
1903 1317 1996 1371 καὶ

422 1407 579 1460 τοῦτο
626 1406 868 1473 λεκτέον,
912 1407 994 1460 ὅτι
1025 1406 1262 1477 οὐδαμοῦ
1299 1407 1395 1478 μὲν
1420 1405 1712 1478 ὠνομάσθη
1756 1407 1891 1479 μόνα
1927 1409 1996 1463 τά

419 1499 625 1572 τέρατα
656 1499 764 1572 (88)
776 1515 796 1553 .’
827 1499 883 1551 εῐ
912 1516 1013 1552 που
1042 1498 1149 1570 γὰρ
1177 1497 1412 1567 λέγεται,
1450 1498 1588 1569 μετὰ
1614 1498 1723 1551 τῶν
1756 1498 1996 1569 σημείων

421 1593 858 1664 ἀναγέγραπται,
887 1590 1127 1663 ὡσπερεὶ
1166 1591 1281 1662 τῷ·
1320 1611 1339 1643 ι
1379 1590 1504 1646 Ἐὰν
1551 1590 1625 1663 μὴ
1672 1593 1872 1662 σημεῖα
1903 1591 1997 1646 καὶ

421 1686 622 1756 τέρατα
676 1684 854 1756 ἴδητε,
896 1683 958 1737 ού
995 1682 1069 1754 μὴ
1099 1682 1454 1754 πιστεύσητεο
1480 1701 1500 1735 ι
1538 1683 1804 1753 πολλαχοῦ
1833 1683 1890 1737 δὲ
1929 1683 1997 1737 τὰ

2096 512 2435 566 quaecunque
2463 497 2564 553 feci
2595 513 2610 551 :
2638 499 2875 568 nunquid
2906 500 2994 555 hic
3026 510 3107 556 est
3129 502 3376 559 Christus
3404 505 3526 561 “is
3553 505 3666 565 0b-

2096 588 2360 642 servanda
2403 598 2529 642 sunt
2558 589 2720 642 etiam
2769 588 2931 644 verba
2952 590 3141 659 ipsius,
3174 593 3287 657 ubi,
3320 602 3375 648 et
3405 598 3665 664 quamob-

2098 693 2235 743 rem,
2264 688 2320 733 et
2366 688 2589 749 propter
2629 694 2752 748 qua:
2799 678 2941 735 facta
2999 680 3275 737 dicuntur.
3310 683 3423 740 Sub
3474 686 3661 741 talium

2095 769 2239 823 enim
2287 769 2459 823 solum
2498 769 2936 825 Observationum
2967 780 3022 827 et
3068 773 3504 844 disquisitionum
3535 795 3665 833 exa-

2094 861 2262 925 mine,
2290 860 2439 916 brevi
2476 860 2720 915 laborum
2773 861 2981 917 fructus
3026 866 3297 934 reperies,
3339 868 3667 926 benediCtio-

2096 968 2219 1007 nem
2250 952 2501 1008 nimirum
2525 953 2577 1007 in
2604 952 2834 1009 Psalmis
2858 967 3207 1013 memoratam
3235 959 3307 1013 ¹⁸ε
3338 977 3357 1010 ι
3390 959 3661 1016 Laborum

2096 1053 2310 1099 tuorum
2354 1043 2565 1101 fructus
2597 1046 2870 1101 comedes.
2910 1066 2929 1099 ι
2976 1046 3245 1105 Prmterea
3298 1053 3425 1110 huic
3470 1055 3613 1109 dicto
3645 1095 3661 1122 ,

2101 1153 2120 1186 ι
2161 1133 2272 1188 lloe
2320 1144 2498 1190 autem
2556 1150 2747 1190 rursus
2794 1136 3088 1191 secundum
3144 1139 3359 1210 signum
3410 1142 3537 1197 fecit
3568 1142 3663 1198 Je-

2096 1242 2190 1281 sus
2220 1226 2317 1291 “,s
2350 1227 2455 1282 hoc
2485 1227 2651 1281 etiam
2687 1227 2993 1283 addendum
3036 1241 3158 1297 est;
3191 1232 3381 1286 nullibi
3417 1236 3659 1305 prodigia

2095 1319 2207 1372 sola
2236 1318 2525 1383 nominari,
2551 1319 2642 1375 sed
2690 1320 2859 1375 sicubi
2892 1320 3220 1390 scribantur,
3259 1326 3456 1380 ascribi
3497 1329 3661 1383 etiam

2096 1405 2270 1473 signa,
2303 1406 2756 1475 quemadmodum
2805 1408 2857 1462 in
2895 1409 2981 1465 his
3022 1412 3246 1467 verbis:
3288 1430 3306 1464 ι
3342 1413 3457 1469 Nisi
3507 1419 3659 1488 signa

2095 1504 2148 1550 et
2175 1496 2414 1567 prodigia
2439 1496 2707 1563 videritis,
2736 1514 2841 1555 non
2884 1500 3120 1556 credetis
3157 1500 3243 1568 ¹⁷;
3285 1522 3305 1556 ι
3349 1503 3663 1576 frequenter

2093 1602 2224 1644 vero
2254 1589 2405 1658 signa
2454 1588 2572 1645 sine
2608 1590 2869 1661 prodigiis
2905 1593 3158 1658 inveniri,
3208 1596 3658 1664 quemadmodum

2095 1680 2256 1734 etiam
2287 1680 2390 1736 hoc
2418 1680 2473 1735 in
2502 1680 2642 1735 loco.
2664 1679 2897 1737 Proinde
2918 1686 3267 1752 qumrendum
3293 1696 3400 1752 est,
3423 1689 3661 1745 habeant

424 1776 626 1845 σημεῖα
665 1774 833 1844 χωρὶς
863 1771 971 1826 τῶν
1000 1772 1242 1844 τεράτων
1286 1771 1513 1846 εὓρηται
1543 1772 1675 1845 (89),
1706 1773 1765 1827 ὃν
1795 1772 1993 1845 τρόπον

2096 1785 2266 1826 necne
2291 1770 2649 1827 diil'erentiam
2679 1771 2918 1842 aliquam
2953 1772 3095 1827 inter
3132 1789 3193 1829 se
3226 1777 3469 1848 prodigia
3500 1789 3556 1834 et
3585 1781 3663 1835 si-

422 1867 516 1921 καὶ
541 1864 654 1919 νῦν.
688 1865 798 1919 Καὶ
829 1863 1089 1937 ζητητέον
1117 1881 1179 1930 γε
1207 1866 1256 1917 εἰ
1279 1864 1389 1936 ἔχει
1417 1865 1538 1919 τινὰ
1561 1866 1822 1939 διαφορὰν
1856 1864 1994 1937 πρὸς

421 1955 624 2027 ἄλληλα
662 1955 729 2009 τὰ
761 1955 963 2027 τέρατα
996 1956 1090 2009 καὶ
1118 1955 1187 2009 τά
1220 1957 1448 2027 σημεῖα·
1479 1950 1638 2027 οἶμαι
1670 1957 1727 2010 δὲ
1753 1956 1854 2021 τὰς
1896 1957 1994 2027 μὲν

420 2044 759 2121 παραδόξους
812 2048 904 2100 καὶ
931 2046 1247 2117 τεραστίους
1298 2046 1554 2116 δυνάμεις
1605 2046 1726 2100 κατ’
1769 2046 1899 2099 αὐτὸ
1933 2046 1996 2100 τὸ

422 2140 748 2211 παραδοξον,
778 2140 874 2193 καὶ
901 2138 1199 2210 ἐκϐεϐηκὸς
1227 2138 1325 2210 τὴν
1356 2138 1661 2209 συνήθειαν,
1696 2137 1995 2209 θαυμάσιόν

418 2247 499 2293 τε,
529 2229 624 2283 καὶ
661 2229 802 2299 ὑπὲρ
832 2227 1117 2299 ἄνθρωπον
1151 2227 1449 2298 γινόμενον,
1493 2228 1695 2299 τέρατα
1734 2225 1995 2298 ὀνομάζε-

422 2320 575 2374 σθαι·
602 2319 672 2374 τὰ
696 2318 753 2371 δὲ
792 2318 1064 2389 δηλωτικά
1102 2335 1261 2371 τινων
1301 2317 1503 2389 ἐτέρων
1547 2315 1699 2388 παρὰ
1738 2316 1807 2370 τὰ
1851 2316 1994 2386 γινό-

424 2429 582 2485 μενα,
617 2414 820 2481 σημεῖα
847 2408 1119 2478 λέγεσθαι.
1158 2410 1355 2480 Διόπερ
1392 2410 1484 2462 καὶ¹
1516 2408 1742 2463 ἐπὶτῶν
1776 2408 1850 2479 μὴ
1885 2424 1993 2462 πα-

424 2502 655 2575 ραδόξων
694 2502 755 2555 τὸ
799 2503 969 2573 ὄνομα
1006 2499 1101 2554 τοῦ
1161 2499 1383 2571 σημείου
1424 2499 1746 2571 εὑρίσκομεν
1765 2516 1779 2530 °
1828 2499 1995 2570 ἤγουν

338 2620 343 2625 ι
419 2599 550 2664 περὶ
586 2593 647 2647 τὸ
682 2595 907 2664 σημεῖον
945 2592 1054 2664 (90)
1095 2590 1312 2659 λέγεται
1346 2591 1451 2645 ὑπὸ
1491 2590 1585 2644 τοῦ
1614 2590 1748 2643 Θεοῦ
1780 2592 1837 2644 ἐν
1870 2590 1992 2644 τού-

419 2702 531 2749 τοις
552 2702 566 2715 ’
604 2704 623 2737 ι
646 2685 1120 2757 Περιτμηθήσεται
1153 2684 1250 2755 τὴν
1284 2682 1465 2755 σάρκα
1505 2681 1660 2753 ὑμῶν
1698 2683 1804 2735 πᾶν
1833 2682 1995 2752 άρσευ

419 2778 589 2843 νικὺν,
631 2779 727 2832 καὶ
776 2777 1248 2849 περιτμηθήσεσθε
1301 2775 1398 2847 τὴν
1452 2774 1630 2846 σάρκα
1676 2767 1777 2845 τῆς
1832 2775 1995 2846 ἀκρο-

418 2870 644 2934 ϐυστίας
682 2869 857 2940 ὑμῶν,
888 2870 981 2923 καὶ
1033 2867 1183 2922 ἔσται
1226 2869 1284 2923 ἐν
1325 2864 1534 2938 σημείῳ
1566 2864 1841 2937 Διαθήκης
1891 2865 1994 2921 ἀνὰ

423 2962 586 3033 μέσον
612 2959 746 3032 ἐμοῦ
777 2961 870 3014 καὶ
897 2959 1070 3031 ὑμῶν.
1097 2979 1115 3011 ι
1152 2957 1400 3029 Οὑδαμοῦ
1432 2956 1488 3009 δὲ
1525 2957 1660 3027 μόνα
1690 2955 1760 3009 τά
1788 2955 1993 3027 τέρατα

417 3052 741 3123 ὠνομάσθη’
777 3051 1006 3122 ἐπείπερ
1048 3050 1149 3104 οὑκ
1180 3049 1296 3104 ἔστι
1329 3067 1380 3103 τι
1425 3047 1725 3120 παράδοξον
1767 3048 1993 3118 γενόμε-

417 3160 509 3198 νον
531 3106 607 3197 ιέν
642 3106 710 3213 cf;
740 3141 951 3212 Γραφῇ,
973 3106 1020 3193 ’ὃ
1064 3140 1138 3211 μή
1171 3142 1288 3192 ἐστι
1327 3106 1549 3209 σημεῖον
1593 3106 1689 3191 κοὶι
1727 3106 1992 3209 σύμϐολον
2017 3106 2060 3164 C

418 3232 605 3304 ἐτέρου
655 3231 808 3301 παρὰ
851 3230 911 3284 τὸ
956 3228 1228 3300 αἰσθητῶς
1274 3226 1670 3298 γεγενημένον’
1720 3226 1795 3289 ὼς
1837 3224 1995 3298 εἴπερ

417 3320 486 3397 ἦν
534 3323 819 3397 τεράστιόν
859 3340 913 3376 τι
964 3322 1252 3391 γενόμενον
1298 3319 1358 3372 ού
1411 3316 1733 3390 συμϐολικὸν
1785 3317 1994 3390 ἐτέρου,

418 3415 729 3487 ἐγέγραπτο
762 3414 830 3468 ἂν
860 3413 1021 3467 τοῦτο
1050 3412 1110 3465 τὸ
1149 3411 1316 3482 τέρας
1359 3409 1719 3481 πεποιηκέναι
1759 3408 1848 3463 τὸν
1889 3410 1995 3480 Ἰη-

2093 1879 2220 1934 gna.
2251 1873 2306 1918 et
2349 1864 2587 1918 arbitror
2631 1878 2693 1918 ea
2738 1863 2876 1919 facta
2908 1878 3027 1934 quae
3067 1877 3321 1934 superant
3350 1869 3659 1938 opinionem

2094 1967 2322 2022 quasque
2349 1952 2655 2023 prodigiosa
2680 1960 2829 2018 sunt,
2860 1967 2925 2008 eo
2952 1953 3097 2024 quod
3147 1954 3317 2025 ipsam
3349 1957 3657 2026 opinionem

2092 2054 2147 2100 et
2190 2044 2636 2099 consuetudinem
2689 2044 3165 2109 transcenderint,
3215 2047 3434 2117 sintque
3487 2049 3662 2103 admi-

2097 2138 2262 2192 randa
2292 2147 2346 2192 et
2372 2152 2532 2205 supra
2581 2136 2879 2202 hominem,
2922 2137 3164 2209 prodigia
3205 2140 3506 2205 nominari;
3541 2155 3661 2211 qua:

2095 2246 2226 2288 vero
2248 2229 2451 2301 aliquid
2480 2230 2710 2284 innuant
2735 2238 3005 2298 praeterea
3029 2245 3147 2297 quas
3172 2231 3328 2294 fiunt,
3356 2232 3506 2301 signa
3532 2233 3658 2288 dici.

2096 2323 2267 2389 Quam
2307 2321 2473 2376 etiam
2516 2319 2586 2375 ob
2613 2334 2829 2374 causam
2874 2333 3070 2374 nomen
3107 2320 3243 2390 signi
3291 2323 3564 2377 invenitur
3605 2321 3658 2377 in

2097 2413 2183 2468 bis
2204 2427 2327 2483 qua:
2358 2427 2464 2468 non
2490 2420 2609 2468 sunt
2638 2422 2835 2482 praeter
2868 2413 3199 2482 opinionem,
3236 2412 3396 2468 veluti
3447 2412 3659 2483 signum

2096 2507 2416 2560 nominatur
2446 2519 2477 2559 a
2532 2504 2642 2560 Deo
2680 2505 2735 2559 in
2783 2504 2871 2560 bis
2908 2518 2925 2557 :
2968 2522 2988 2555 ι
3035 2504 3467 2559 Circumcidetur
3509 2506 3661 2561 vobis

2095 2610 2256 2651 omne
2285 2594 2663 2660 masculinum,
2696 2604 2751 2649 et
2777 2594 3178 2650 circumcidetis
3205 2610 3424 2651 carnem
3447 2610 3659 2666 praepu-

2096 2686 2153 2740 tii
2178 2686 2365 2751 vestri,
2389 2694 2446 2740 et
2474 2686 2578 2740 erit
2615 2685 2668 2740 in
2707 2686 2919 2755 signum
2952 2683 3281 2740 Testamenti
3312 2686 3453 2741 inter
3480 2701 3567 2742 me
3607 2699 3665 2742 et

2095 2792 2188 2833 vos
2211 2777 2308 2832 “.3
2344 2776 2544 2832 Nullibi
2568 2784 2751 2831 autem
2784 2775 2896 2830 sola
2926 2777 3173 2848 prodigia
3209 2778 3489 2832 nominata
3513 2790 3659 2841 sunt,

2094 2866 2351 2936 quoniam
2404 2881 2510 2921 non
2552 2873 2637 2919 est
2673 2863 2876 2932 aliquid
2928 2865 3237 2932 paradoxon
3276 2863 3330 2917 in
3382 2862 3661 2934 Scriptura

2095 2958 2240 3029 quod
2272 2973 2379 3013 non
2416 2958 2485 3013 sit
2515 2957 2727 3027 signum
2755 2963 2812 3009 et
2839 2964 2964 3008 nota
3001 2954 3224 3009 alterius
3261 2955 3361 3018 rei,
3388 2954 3663 3023 praeter-id

2098 3051 2239 3121 quod
2267 3048 2594 3105 sensibiliter
2625 3049 2685 3101 fit
2711 3064 2726 3101 :
2758 3047 3014 3116 quoniam
3046 3046 3094 3102 si
3129 3045 3321 3100 fuisset
3369 3043 3663 3115 prodigiosi

2094 3141 2295 3212 aliquid
2342 3140 2544 3194 factum
2604 3138 2833 3193 alterius
2880 3138 2961 3192 rei
3007 3152 3114 3191 non
3167 3136 3366 3198 index,
3403 3134 3663 3202 scriptum

2097 3230 2288 3286 fuisset
2320 3232 2423 3286 hoc
2449 3229 2751 3300 prodigium
2780 3227 2974 3283 fecisse
3012 3225 3219 3291 .lesum,
3254 3224 3338 3281 vel
3360 3223 3577 3291 Mosen,
3607 3233 3666 3280 ut

2095 3323 2169 3379 ita
2208 3324 2405 3387 dicam,
2464 3321 2547 3377 vel
2594 3322 2828 3390 aliquem
2863 3326 3200 3374 sanctorum.
3246 3315 3476 3383 Quando
3501 3316 3667 3388 280

2096 3415 2260 3487 igitur
2291 3415 2584 3471 edoeemur
2609 3428 2638 3466 a
2682 3411 2966 3481 Scriptura
3008 3419 3259 3479 oportere
3304 3419 3549 3476 quaerere
3573 3422 3666 3461 cu-

418 3511 569 3577 σοῦν,
608 3511 664 3582 ἦ,
706 3510 841 3580 φέρε
878 3512 1071 3573 εἰπεῖν,
1112 3506 1349 3570 Μωσέα,
1388 3506 1423 3578 ἡ
1474 3523 1596 3560 τινα
1647 3504 1754 3559 τῶν
1803 3504 1991 3574 ἁγίων.

2094 3507 2181 3577 ius
2213 3507 2424 3578 signum
2446 3507 2516 3561 sit
2540 3506 2592 3562 id
2638 3504 2779 3575 quod
2831 3502 3037 3557 factum
3068 3510 3173 3563 est,
3218 3499 3417 3554 dicitur
3452 3512 3469 3552 :
3511 3498 3668 3553 «11οο

420 3603 549 3656 Ὅτε
605 3602 702 3672 μὲν
753 3596 846 3654 οῦν
891 3599 1252 3670 διδασκόμεθα
1301 3596 1408 3651 ἀπὸ
1454 3591 1557 3667 τῆς
1605 3595 1832 3667 Γραφῆς
1881 3596 1993 3651 δεῖν

418 3696 601 3770 ζητεῖν
654 3696 747 3761 τὸ,
811 3687 873 3748 οὗ
931 3694 1152 3765 σημεῖόν
1202 3695 1317 3747 ἐστι
1358 3690 1421 3745 τδ
1473 3690 1857 3761 γεγενημένον,
1904 3689 1994 3744 λέ-

418 3807 572 3859 γεται
590 3806 605 3819 ο
632 3806 652 3840 ι
676 3787 846 3841 Τοῦτο
869 3786 926 3840 δὲ
959 3786 1120 3838 πάλιν
1148 3784 1396 3853 δεύτερον
1424 3785 1644 3853 σημεῖον
1668 3782 1924 3853 ἐποίησεν
1966 3783 1996 3834 ὁ

430 3880 667 3953 Ἰησοῦς’
702 3898 722 3932 ι
757 3879 847 3932 ὅτε
878 3878 937 3932 δὲ
964 3880 993 3931 ὁ
1026 3874 1301 3947 βασιλικὸς
1325 3872 1642 3938 ὀνειδίζεται
1682 3872 1759 3937 ὡς
1802 3874 1902 3925 οὐκ
1929 3872 1996 3926 ἂν

417 3971 722 4027 πιστεύσων
750 3970 918 4043 χωρὶς
954 3970 1053 4041 τῆς
1100 3968 1229 4032 θέας
1273 3966 1379 4019 τῶν
1428 3966 1765 4038 παραδόξων,
1812 3964 1994 4018 οὐκέτι

416 4070 666 4140 λέγεταιθ
723 4087 741 4121 ι
781 4068 906 4122 Ἐὰν
961 4067 1035 4139 μὴ
1086 4069 1287 4138 σημεῖα
1326 4065 1493 4136 ἴδητε,
1532 4064 1593 4118 οὐ
1647 4064 1720 4136 μὴ
1776 4064 1998 4118 πιστεύω

418 4178 550 4234 σητε
570 4178 583 4192 ⁸
614 4179 635 4214 ι
669 4161 729 4214 οὐ
759 4159 868 4231 γὰρ
895 4159 962 4213 τὰ
990 4161 1192 4230 σημεῖα
1224 4158 1483 4229 γινόμενα
1521 4155 1871 4227 προκαλεῖται
1901 4157 1995 4211 ἐπὶ

416 4256 478 4309 τὸ
507 4253 804 4317 πιστεύειν,
897 4251 1097 4322 σημεῖά
1116 4252 1283 4314 ἐστιν,
1310 4249 1405 4305 ἐὰν
1430 4248 1565 4320 τύχῃ
1588 4248 1648 4301 τὸ
1671 4251 1891 4320 σημεῖον
1917 4248 1993 4321 μὴ

416 4341 556 4401 εἶναι
588 4346 682 4400 καὶ
712 4343 893 4416 τέρας·
924 4342 1078 4396 ἀλλά·
1109 4359 1128 4392 ι
1166 4340 1293 4396 Ἐὰν
1322 4339 1395 4412 μὴ
1429 4342 1629 4411 σημεῖα
1661 4341 1755 4393 καὶ
1793 4339 1993 4411 τέρατα

2095 3610 2274 3655 autem
2328 3612 2520 3655 rursus
2570 3596 2870 3652 secundum
2918 3594 3128 3661 signum
3173 3590 3302 3646 fecit
3326 3588 3485 3645 Jesus
3513 3590 3601 3655 ης
3641 3608 3661 3641 ι

2094 3693 2310 3763 quando
2333 3700 2515 3745 autem
2546 3686 2733 3758 regulo
2763 3698 2861 3741 ceu
2885 3683 3087 3754 probro
3112 3682 3274 3736 datur
3302 3680 3445 3749 quod
3492 3677 3670 3733 credi-

2096 3794 2251 3839 turus
2273 3798 2377 3839 non
2411 3781 2483 3837 sit
2509 3780 2717 3850 absque
2754 3778 2964 3833 visione
2995 3773 3389 3843 prodigiorum,
3414 3784 3521 3824 non
3546 3784 3668 3822 am-

2092 3878 2237 3949 plius
2259 3874 2461 3928 dicitur
2494 3889 2510 3926 :
2541 3890 2559 3924 ι
2586 3870 2700 3925 Nisi
2724 3869 2875 3937 signa
2906 3864 3177 3930 videritis,
3209 3877 3316 3918 non
3347 3860 3617 3925 credetis;
3643 3877 3664 3910 ο

2095 3947 2202 4022 non
2255 3963 2401 4020 enim
2444 3962 2598 4031 signa
2632 3959 2773 4014 facta
2823 3954 3052 4010 invitant
3100 3953 3167 4007 ad
3217 3948 3580 4009 credendum,
3614 3947 3668 3998 in

2093 4065 2357 4129 quantum
2380 4054 2536 4125 signa
2561 4058 2710 4112 sunt,
2748 4048 2792 4103 si
2821 4049 3102 4115 contingat
3121 4050 3181 4097 ut
3206 4042 3420 4112 signum
3458 4053 3567 4091 non
3596 4038 3671 4091 sit

2093 4153 2256 4208 etiam
2281 4147 2620 4221 prodigium;
2647 4143 2741 4199 sed
2765 4142 2968 4198 dicitur
2997 4156 3012 4194 :
3043 4157 3062 4189 ι
3096 4135 3206 4191 Nisi
3232 4135 3381 4205 signa
3405 4140 3462 4187 et
3487 4132 3672 4201 prodi-

2094 4246 2184 4318 gia
2220 4242 2489 4305 videritis,
2523 4254 2629 4295 non
2661 4235 2898 4293 credetis
2918 4234 2964 4265 ¹⁰
2999 4248 3014 4298 ;
3061 4248 3080 4282 ι
3116 4229 3273 4283 vobis
3313 4227 3530 4297 quidem
3558 4239 3673 4279 ere-

2094 4337 2349 4394 dentibus
2376 4342 2599 4405 propter
2620 4324 3120 4401 prodigium,nobis
3144 4329 3321 4376 autem
3347 4326 3544 4389 praeter
3567 4318 3671 4371 hoc

418 4439 587 4512 ἴδητε,
623 4437 685 4491 ού
719 4437 795 4509 μὴ
847 4434 1211 4504 πιστεύσητε,
1240 4451 1258 4485 ι
1312 4431 1465 4504 ὑμῶν
1501 4432 1599 4503 μὲν
1629 4432 1995 4489 πιστευόντων

2098 4432 2260 4487 etiam
2300 4429 2560 4483 bonorem
2589 4423 2662 4476 illi
2692 4417 3063 4477 deferentibus
3093 4420 3317 4483 prapter
3357 4410 3486 4464 illttd
3514 4407 3672 4510 cujus

415 4529 505 4584 διὰ
542 4530 604 4584 τὸ
631 4526 953 4600 παράδοξον,
985 4523 1142 4597 ἡμῶν
1179 4523 1235 4577 δέ
1278 4523 1413 4595 πρὸς
1450 4522 1625 4593 τούτῳ
1657 4523 1751 4576 καὶ
1780 4522 1867 4576 διὰ
1906 4523 1988 4586 τὸ,

415 4617 479 4677 οὗ
508 4625 622 4677 ἐστι
655 4621 899 4691 σημεῖον,
926 4614 1313 4670 ἐπιτελούντων
1340 4613 1508 4684 αὐτῷ.
1546 4615 1809 4685 Ζητήσεις
1835 4613 1893 4667 δὲ
1930 4612 1992 4667 τὺ

416 4716 475 4769 ἐν
501 4709 885 4783 ἑϐδομηκοπῷ
933 4708 1145 4778 ἑϐδόμῳ
1184 4703 1404 4777 ψαλμῷ,
1452 4724 1471 4755 ι
1510 4705 1597 4768 Ὠς
1625 4704 1775 4758 ἔθετο
1812 4704 1870 4758 ἐν
1897 4704 1993 4759 Αί-

415 4806 609 4875 γύπτῳ
649 4802 718 4856 τὰ
757 4801 957 4872 σημεῖα
1000 4797 1189 4864 αὑτοῦ,
1239 4798 1332 4852 καὶ
1367 4795 1437 4851 τά
1480 4794 1682 4867 τέρατα
1717 4794 1881 4849 αὑτοῦ
1931 4796 1990 4849 ἐν

418 4897 587 4966 πεδίῳ
632 4894 880 4956 Τάνεως,
909 4911 928 4943 ι
975 4892 1204 4963 πότερον
1254 4889 1335 4960 τῷ
1377 4890 1719 4961 ὑποκειμένῳ
1747 4889 1989 4960 διαφέρει

414 4990 485 5041 τὰ
523 4988 723 5059 σημεῖα
771 4984 867 5038 καὶ
911 4983 1136 5054 τέρατα,
1181 4981 1215 5052 ἢ
1253 4981 1321 5035 τὰ
1354 4979 1515 5037 αὐτὰ.
1636 4981 1739 5055 μὲν
1785 4978 1991 5049 σημεῖά

417 5081 556 5143 ἐστι,
590 5076 810 5149 γέγονεν
839 5075 897 5128 ἐν
939 5073 1221 5144 Αἰγύπτῳ,
1253 5073 1351 5126 καὶ
1378 5071 1547 5141 αὐτῆς
1576 5070 1677 5138 τῆς
1710 5070 1986 5136 Αἰγύπτου

2097 4521 2225 4577 illud
2240 4517 2573 4588 estsignum.
2591 4513 2811 4581 Qumres
2825 4517 3003 4563 autem
3022 4506 3074 4560 in
3092 4501 3488 4572 septuagesimo
3505 4498 3673 4569 septi-

2099 4629 2187 4667 mo
2202 4611 2430 4682 psalmo,
2456 4626 2476 4659 ι
2503 4606 2657 4661 Sicut
2681 4601 2949 4672 disposuit
2969 4598 3022 4653 in
3045 4595 3281 4665 Egypto
3294 4594 3448 4663 signa
3472 4606 3595 4657 sua,
3617 4600 3672 4645 et

2097 4697 2339 4771 prodigia
2369 4710 2465 4749 sua
2488 4693 2541 4747 in
2564 4705 2756 4761 campo
2780 4688 3049 4749 Taneosn
3070 4693 3253 4739 utrum
3283 4682 3524 4771 subjecto
3544 4696 3670 4736 nec-

2096 4807 2167 4846 ne
2204 4787 2454 4843 dill'erant
2486 4785 2640 4854 signa
2671 4791 2727 4837 et
2758 4777 3039 4851 prodigia;
3066 4790 3134 4828 an
3165 4774 3372 4834 eadem,
3404 4770 3457 4826 in
3498 4786 3670 4840 quan-

2100 4892 2211 4937 tum
2260 4881 2411 4951 signa
2456 4883 2622 4941 sunt,
2658 4872 2800 4928 facta
2859 4870 2970 4926 sint
3000 4869 3053 4922 in
3092 4865 3354 4936 Egypto,
3393 4878 3519 4918 cum
3553 4864 3667 4931 ipsa

2094 4974 2257 5028 etiam
2310 4969 2572 5040 Egyptus
2616 4964 2685 5019 ad
2733 4956 3094 5029 intelligibilia
3148 4955 3395 5024 quedam
3442 4952 3667 5011 reduca-

2096 5076 2224 5131 tur;
2262 5064 2315 5117 in
2367 5068 2632 5131 quantum
2688 5063 2868 5110 autem
2931 5047 3199 5122 prodigia,
3259 5045 3403 5100 facta
3449 5044 3562 5099 sint
3612 5043 3666 5096 in

488 5218 532 5250 ιδ
557 5214 714 5271 Joan.
746 5230 820 5279 tv,
851 5215 947 5281 l9,
984 5214 1075 5270 29.
1164 5213 1208 5245 ¹³
1234 5212 1378 5268 Psal.
1408 5227 1611 5276 cxxvn,
1639 5211 1696 5265 ‘2.
1774 5212 1818 5244 ¹⁶
1842 5209 1997 5266 Joan.
2032 5226 2108 5278 tv,
2138 5208 2227 5262 54.
2303 5205 2345 5237 "
2374 5199 2623 5271 ibid._£8.
2700 5195 2743 5228 ¹⁸
2768 5194 2965 5249 Cenes.
3021 5185 3248 5254 xvtt,-lO.
3326 5185 3369 5216 ³³
3401 5181 3555 5239 Joan.
3590 5195 3665 5244 tv,

415 5286 504 5343 54.
580 5289 625 5318 ¹⁶
650 5288 781 5340 ibid.
810 5284 902 5341 48.

489 5443 600 5514 (88)
618 5440 894 5512 οὐδαμοῦ
922 5439 1042 5514 ps:
1086 5437 1400 5509 ὠνομάσθη
1438 5434 1597 5514 μέγα
1639 5431 1712 5514 τὰ
1754 5432 1986 5514 τέρατα.

420 5503 629 5568 Νόνιιίη
682 5503 951 5566 duntaxat
999 5503 1409 5564 Testamentum
1441 5503 1561 5559 bac
1600 5503 1992 5558 observatione

420 5579 967 5651 comprehendit,_in
1009 5594 1117 5651 quo
1172 5576 1376 5651 τέρατα
1427 5574 1738 5651 «ξι-σημεῖα
1778 5584 1994 5651 semper

423 5638 707 5718 conjuncta
728 5638 986 5718 reperies.
1007 5638 1177 5718 Sectis
1201 5638 1253 5700 iti
1276 5645 1472 5718 Veteri.
1496 5638 1798 5718 Vi_de_enim
1821 5638 1992 5718 Exod.

421 5734 497 5787 tv,
520 5708 628 5787 '21;
682 5708 897 5786 xv,'ll,
925 5728 980 5771 et
1012 5717 1214 5787 psalm.
1262 5729 1390 5780 va,
1429 5712 1503 5777 8;
1553 5709 1680 5769 lsai.
1716 5723 1866 5775 xxiv,
1895 5708 1992 5774 to;

693 5814 928 5883 Ριιιοι..
960 5813 1083 5874 (in.
1113 5811 1287 5873 XIV.

2092 5424 2404 5486 nvmﬂf);
2426 5417 2694 5475 Ezechiel.
2724 5430 2824 5475 ιιι,
2850 5413 2938 5486 ΙΙ,
2961 5411 3165 5486 ειύοει.
3188 5426 3245 5473 Il,
3280 5407 3662 5486 ξοέΗυετιῠε.

2163 5479 2283 5567 (89)’
2304 5479 2582 5567 ῌίθρηται.
2609 5487 2683 5542 Ita
2715 5489 2884 5541 codex
2912 5483 3260 5545 Budleianus;
3279 5479 3516 5550 .Regius,
3541 5491 3664 5544 per-

2094 5563 2499 5637 ρθὲθῑήυῐέητε·
2686 5626 2697 5637 .
2805 5623 2816 5637 .
3030 5620 3056 5632 -

2167 5616 2544 5706 (ῦογλἯᾷςουν
2571 5626 2704 5696 περὶ
2756 5623 2823 5706 td
2872 5620 3144 5705 σημεῖον.
3197 5616 3425 5674 Videtur
3467 5616 3663 5683 legisse

2099 5693 2385 5759 Ferrarius
2404 5693 2583 5774 ’ἡγουν
2623 5693 2729 5767 περ
2773 5694 2833 5748 τὸ
2866 5693 3107 5762 σημεῖον.

3317 5789 3393 5844 17
