4196 6384
510 288 616 345 523

1955 293 2285 352 ORIGENIS

3664 306 3770 361 525

507 423 700 479 campo
729 388 978 472 Taneost
1009 388 1133 464 cum
1164 408 1402 477 alioquin
1438 409 1703 481 prodigia,
1734 412 1786 466 in
1821 425 2071 483 quantum

2188 416 2530 488 ἀναγομένης
2560 417 2652 471 ἐπί
2681 436 2800 474 τινα
2831 396 3029 491 νοητά·
3157 424 3215 477 δὲ
3250 425 3475 496 τέρατα,
3512 426 3570 478 ὲν
3603 426 3773 498 πεδίῳ

505 499 775 570 prodigia,
828 515 1008 569 neque
1064 516 1287 571 campus
1314 501 1564 567 Taneos,
1601 504 1654 557 in
1688 513 1952 572 quantum
2005 518 2090 561 est

506 606 729 660 campus
753 590 989 658 Taneos,
1010 591 1323 662 allegoriam
1352 594 1590 661 capiant.
1612 593 1752 660 Quin
1775 595 1939 649 etiam
1965 611 2089 664 pro-

506 685 673 756 digia,
712 685 764 739 in
815 695 1076 754 quantum
1138 686 1296 753 signa
1351 693 1508 751 sunt,
1558 700 1724 741 sensu
1790 690 2087 758 anagogico

504 788 688 847 egent,
716 785 772 831 et
798 790 1027 846 campus
1058 773 1297 839 Tancos,
1318 776 1369 830 in
1405 786 1669 846 quantum
1695 788 1777 832 est
1796 778 2082 851 Egyptns.

504 870 772 926 Caeterum
796 869 899 923 hoc
929 868 981 922 in
1012 867 1129 923 loco
1175 867 1431 923 ﬁniamus
1463 871 1625 923 etiam
1670 869 1935 925 decimum
1981 881 2087 928 ter-

503 964 638 1018 tium
704 973 907 1017 tomum
972 961 1343 1017 continentem
1401 962 1838 1029 explanationem
1895 978 2083 1019 eorum

503 1068 626 1122 quae
655 1061 784 1107 sunt
814 1066 843 1104 a
875 1050 1145 1121 principio
1171 1064 1343 1119 usque
1365 1050 1432 1104 ad
1463 1051 1751 1119 septimum
1791 1052 1897 1105 iter
1917 1050 2079 1106 Jesu:

502 1159 628 1199 nam
665 1143 899 1212 primum
929 1142 1161 1197 Betbara
1189 1142 1574 1212 proficiscitur,
1613 1157 1735 1196 cum
1776 1143 2084 1211 baptizatur

501 1237 642 1307 apud
666 1235 954 1291 Jordanem
985 1252 1001 1303 ;
1028 1236 1265 1290 secundo
1302 1234 1581 1304 profectus
1613 1234 1816 1290 Canam
1849 1234 2083 1291 Galilzeze

499 1341 564 1380 ex
596 1340 734 1395 aqua
780 1326 967 1379 vinum
1020 1325 1183 1390 fecit;
1232 1326 1391 1381 tertio
1436 1324 1817 1394 Capharnaum
1850 1325 2079 1381 descen-

498 1421 600 1484 dit,
627 1429 682 1474 et
711 1420 961 1489 congruit
986 1419 1159 1473 utubi
1184 1418 1291 1473 sint
1316 1419 1527 1489 aegroti,
1553 1419 1849 1474 descendat
1873 1436 1888 1485 ;
1916 1435 2080 1491 quar-

498 1522 557 1568 to
580 1510 971 1583 Jerosolymam
1002 1513 1179 1577 redit;
1206 1512 1399 1582 quinto
1444 1521 1820 1566 commoratur
1844 1528 1966 1568 cum
1993 1513 2077 1567 di-

496 1605 721 1674 scipulis
771 1606 1007 1660 interra
1058 1603 1276 1670 Iudaea;
1318 1613 1474 1660 sexto
1527 1603 1581 1658 in
1638 1602 1884 1660 Samaria
1937 1606 2076 1675 apud

496 1696 703 1752 fontem
725 1696 894 1753 Jacob
913 1697 1097 1752 docuit
1131 1712 1251 1766 quae
1282 1711 1381 1766 pro
1412 1696 1621 1752 viribus
1652 1697 2072 1768 indagaviinus;

2189 510 2426 574 Τάνεως,
2454 509 2579 564 οὔτε
2622 511 2732 566 τῶν
2772 514 3035 584 τεράτων,
3137 516 3358 585 τέρατα,
3388 515 3512 571 οὔτε
3541 517 3636 571 τοῦ
3671 536 3767 573 τρε⁶

2187 600 2301 653 δίου
2351 602 2601 668 Τάνεως,
2726 604 2906 658 πεδίον
2955 606 3205 671 Τάνεως,
3255 607 3766 679 ἀλληγορουμένων,

2189 688 2323 743 ἀλλὰ
2386 690 2479 743 καὶ
2522 692 2591 744 τὰ
2631 693 2865 763 τέρατα,
3005 698 3208 766 σημεῖά
3248 699 3396 760 ἐστι,
3448 700 3618 754 δεῖται
3673 701 3767 753 ἀν-

2186 781 2431 851 αγωγῆς,
2475 784 2570 836 καὶ
2596 783 2658 835 τὸ
2686 784 2867 838 πεδίον
2894 786 3133 851 Τάνεως,
3233 788 3526 858 Αἴγυπτος.
3568 790 3766 845 Αὺτόθι

2185 872 2242 926 δὲ
2266 873 2708 946 καταπαύσωμεν
2736 876 2829 930 καὶ
2865 878 2956 930 τὸν
2982 879 3428 949 τρισκαιδέκατον
3456 880 3565 953 (91)
3596 883 3764 952 τόμον

2186 967 2507 1036 περιέχοντα
2555 967 2805 1039 διήγησιν
2856 969 2963 1022 τῶν
3018 970 3180 1041 μέχρι
3228 971 3328 1041 τῆς
3379 972 3612 1045 ἑϐδόμης
3664 976 3766 1046 ἁρ-

2184 1056 2349 1127 χῆθεν
2392 1057 2686 1129 ἐπιδημίας
2733 1056 2828 1110 τοῦ
2872 1058 3076 1128 ’1ησοῦ’
3134 1060 3351 1127 πρῶτον
3407 1063 3504 1131 μὲν
3551 1062 3661 1135 γὰρ
3707 1065 3766 1118 ἐν

2184 1146 2408 1220 Βαθαρᾷ
2441 1149 2591 1220 παρὰ
2646 1148 2724 1219 τῷ
2776 1148 3013 1221 Ἰορδάνῃ
3068 1149 3465 1223 βαπτιζόμενος
3517 1155 3761 1223 γίνεται·

2182 1238 2431 1311 δεύτερον
2462 1240 2519 1292 δὲ
2556 1243 2622 1311 τῇ
2658 1242 2813 1311 Κανᾷ
2850 1240 2949 1310 τῆς
2980 1240 3269 1305 Γαλιλαίας
3299 1245 3661 1315 ἐπιδημήσας,
3704 1245 3767 1298 τὸ

2183 1331 2326 1404 ὕδωρ
2347 1328 2487 1386 οἶνον
2517 1336 2691 1385 ποιεῖ·
2720 1334 2902 1404 τρίτον
2934 1335 3013 1395 είς
3047 1335 3151 1404 τὴν
3183 1336 3561 1409 Καφαρναοὺμ
3590 1354 3758 1392 κατα-

2182 1424 2375 1489 ϐαίνει,
2407 1425 2500 1480 καὶ
2544 1425 2773 1497 ἁρμόζει
2806 1442 2869 1495 γε
2901 1427 3032 1481 ὅπου
3079 1430 3395 1483 καταϐαίνει
3442 1425 3579 1482 εἷναι
3622 1430 3748 1492 τοὺς

2179 1514 2565 1579 ἀσθενοῦνταςο
2611 1517 2867 1587 τέταρτον
2912 1519 2992 1580 εἰς
3035 1517 3376 1591 Ἱεροσόλυμα
3425 1520 3754 1591 ἀνέρχεται·

2182 1608 2431 1679 πέμπτον
2479 1608 2559 1671 εἰς
2608 1608 2710 1679 τὴν
2764 1608 3022 1662 Ἰουδαίαν
3072 1610 3178 1680 γῆν
3230 1610 3596 1682 συνδιατρίϐει
3647 1612 3758 1673 τοῖς

2183 1698 2451 1770 μαθηταῖς
2469 1716 2482 1729 ·
2515 1700 2670 1752 ἕκτον
2698 1688 2754 1751 ὲν
2785 1705 2853 1772 τῇ
2882 1701 3170 1771 Σαμαρείᾳ
3209 1701 3359 1772 παρὰ
3385 1704 3451 1772 τῇ
3486 1704 3634 1772 πηγῇ
3662 1701 3757 1753 τοῦ

497 1791 726 1860 septimo
751 1791 926 1845 denuo
952 1791 1319 1859 proﬁciscitur
1342 1789 1546 1845 Canam
1577 1789 1851 1856 Galilaaae;
1892 1791 1947 1845 in
1985 1806 2071 1846 se-

2192 1792 2385 1845 Ίακὼό
2427 1790 2534 1862 (92)
2572 1791 2827 1856 ἐδίδαξεν,
2859 1793 2895 1846 ἃ
2941 1791 3081 1844 κατὰ
3121 1791 3349 1862 δύναμιν
3377 1792 3754 1863 ἑξητάσαμενο

412 1868 419 1874 ’
496 1881 787 1951 quentibus
811 1896 962 1945 vero,
1003 1881 1114 1937 Deo
1145 1883 1342 1947 dante,
1375 1881 1708 1938 disseremus
1738 1882 1805 1937 de
1834 1882 1919 1937 bis
1956 1898 2075 1951 quae

496 1973 565 2026 ab
595 1973 710 2041 ipso
735 1971 876 2042 facta
904 1972 1158 2044 dictaque
1184 1983 1309 2029 sunt
1335 1971 1691 2041 Jerosolymis
1724 1973 1778 2026 in
1808 1973 1895 2027 die
1932 1972 2073 2029 festo

495 2060 826 2118 Judaeormn.

2181 1879 2273 1932 καὶ
2320 1880 2544 1949 ἕϐδομον
2571 1882 2628 1933 ὲν
2667 1883 2823 1952 Κανᾷ
2865 1883 2964 1953 τῆς
3008 1883 3295 1947 Γαλιλαίας
3324 1882 3575 1953 δεύτερον
3610 1883 3757 1951 γίνε-

2176 1987 2297 2024 ται·
2328 1974 2385 2024 ὲν
2411 1971 2467 2023 δὲ
2501 1971 2577 2042 τῷ
2609 1971 2756 2041 ἑξῆς,
2784 1973 2917 2027 Θεοῦ
2946 1974 3195 2037 διδόντος,
3223 1974 3590 2045 διαληψόμεϐα
3618 1975 3747 2044 περὶ

2174 2063 2284 2117 τῶν
2310 2065 2366 2117 ἐν
2398 2066 2463 2135 τῇ
2494 2066 2653 2136 ἑορτῇ
2692 2064 2798 2118 τῶν
2841 2065 3104 2119 Ἰουδαίων
3133 2067 3191 2119 ὲν
3233 2066 3622 2138 Ἱεροσολύμοις
3649 2082 3748 2118 πε-

2178 2153 2512 2224 πραγμένων
2536 2153 2684 2224 αὐτῷ
2708 2156 2801 2207 καὶ
2824 2156 3147 2227 εἰρημένων.

668 2252 998 2306 Λείπουσιν
1028 2252 1084 2305 οἱ
1116 2252 1276 2320 τόμοι
1298 2247 1976 2370 τεσσαρεσκαιδέκατςέ
2009 2248 2560 2371 πΜεέῗιδέκαι-ος,
2587 2248 3029 2316 ἑκκαιδέκατος,
3057 2249 3577 2317 ἑπτακαιδέκατος,

1798 2334 1871 2370 κα
1971 2335 2183 2371 κτωκαι
2248 2336 2457 2371 νιατοο.

1798 2334 1896 2370 και
1933 2334 2457 2383 οκτωκαιοεκατος.

1639 2637 2584 2770 ΩΡΙΓΕΝΟΥΣ

1091 2870 1229 2923 ἸὩΝ
1260 2871 1386 2925 ΕΙΣ
1428 2871 1503 2923 T0
1541 2872 1730 2922 ΚΑΤΑ
1770 2869 2107 2923 ΙΩΑΝΝΗΝ
2141 2870 2619 2924 ΕΥΑΓΓΕΛΙΟΝ
2643 2870 3113 2929 ΕΞΗΓΗΤΙΚΩΝ

1833 3035 2215 3122 ΤΟΜΟΣ
2277 3025 2443 3123 ΙΘ’.

1772 3317 2448 3433 ORIGENIS

887 3539 1659 3606 COMMENTARIORUM
1730 3538 1813 3598 IN
1880 3538 2412 3600 EVANGELIUM
2475 3538 2900 3601 SECUNDUM
2970 3540 3332 3623 JOANNEM

1354 3717 1763 3810 TOMUS
1823 3717 2352 3808 DECIMUS
2426 3716 2865 3811 NONUS.

2059 3896 2127 3912 ῤ

546 3996 714 4068 εει
748 3993 800 4051 1.
835 4011 854 4044 ι
885 3989 1185 4061 Respondit
1208 3987 1368 4046 Iesus
1388 4005 1409 4063 ⁵ε
1432 3988 1618 4060 Neque
1649 4005 1736 4047 me
1759 3992 1934 4059 scitis,
1966 4008 2060 4049 ne-

2236 3992 2347 4066 (95)
2378 4011 2397 4044 ι
2438 3988 2734 4060 Ἀπεκρίθη
2760 3989 2789 4041 6
2825 3950 3060 4059 Ἰησοῦς·
3090 3986 3227 4041 Οὔτε
3255 3985 3358 4058 ἐμὲ
3388 3987 3583 4053 οἴδατε,
3611 3986 3737 4042 οὔτε

482 4103 589 4160 que
614 4089 830 4143 Patrem
858 4100 1068 4150 meum;
1098 4085 1142 4139 si
1181 4098 1267 4139 me
1292 4083 1528 4147 sciretis,
1553 4094 1608 4139 et
1639 4083 1856 4140 Patrem
1880 4100 2058 4141 meum

479 4182 694 4239 sciretis
713 4179 779 4231 ¹¹.
826 4197 847 4232 ι
883 4178 940 4232 Si
992 4177 1167 4232 oratio
1197 4176 1407 4237 dicens,
1447 4193 1466 4226 ι
1507 4174 1574 4229 Et
1602 4189 1689 4230 me
1719 4177 1893 4243 scitis,
1920 4177 2061 4232 unde

480 4272 583 4326 sim
609 4272 681 4333 “,
715 4288 734 4323 ι
765 4278 823 4325 et
846 4282 932 4333 ea,
958 4280 1078 4336 qua:
1097 4265 1232 4321 dicit
1255 4281 1272 4318 :
1294 4282 1313 4316 ι
1345 4262 1532 4333 Neque
1562 4278 1648 4319 me
1675 4266 1849 4330 scitis,
1886 4280 2061 4337 neque

482 4361 695 4418 Patrem
729 4375 931 4423 meum,
968 4377 988 4411 ο
1023 4360 1089 4412 ad
1131 4358 1349 4413 eosdem
1380 4356 1678 4419 diceretur,
1711 4356 1885 4425 palam
1909 4359 2061 4412 vide-

479 4464 632 4510 retur
665 4452 998 4508 contrarium
1037 4465 1157 4506 esse
1202 4449 1346 4519 quod
1393 4449 1589 4503 dicitur
1620 4466 1635 4515 ;
1661 4464 1803 4503 nunc
1832 4463 1961 4504 vero
1990 4448 2056 4503 il-

477 4544 592 4610 lud,
620 4561 640 4597 ι
673 4551 728 4599 et
754 4559 839 4598 me
871 4542 1045 4609 scitis,
1081 4560 1102 4594 ι
1130 4542 1197 4596 ad
1236 4540 1501 4611 quosdam
1551 4539 1749 4594 dicitur
1785 4538 2060 4612 Jerosoly-

478 4636 641 4689 mites
666 4633 757 4704 qui
786 4632 1042 4689 dixerunt
1072 4649 1087 4685 :
1127 4650 1145 4683 ι
1181 4631 1318 4686 Num
1357 4645 1483 4685 vere
1513 4638 1885 4699 cognoverunt
1905 4631 2058 4701 prin-

476 4728 626 4796 cipes
651 4728 796 4782 hunc
820 4739 942 4782 esse
967 4723 1243 4781 Christum
1270 4724 1293 4778 ’ἒ
1323 4725 1415 4779 sed
1454 4723 1598 4778 hunc
1640 4724 1845 4779 scimus
1868 4763 1883 4788 ,
1915 4723 2060 4779 unde

477 4818 584 4885 sit;
611 4827 665 4873 at
702 4816 952 4874 Christus
1000 4830 1123 4870 cum
1158 4816 1390 4879 venerit,
1409 4814 1587 4870 nullus
1624 4822 1881 4885 agnoscet
1917 4814 2059 4869 unde

581 4937 630 4972 “
663 4937 821 4995 Joan.
851 4935 1089 5000 "11,19.
1167 4933 1388 4991 "Joan.
1424 4948 1518 4999 vu,
1548 4932 1642 4990 28.
1732 4954 1738 4963 -

548 5057 661 5127 (91)
698 5053 1212 5123 Τρισκαιδέκατον.
1253 5050 1432 5107 Codex
1481 5050 1829 5117 Bodleianus,
1886 5051 2056 5105 ὀκτω-

474 5127 810 5183 καιδεκατον.

546 5198 660 5266 (92)
694 5196 811 5250 Τοῦ
848 5195 1061 5250 Ἰακώϐ.
1102 5194 1267 5266 Deest
1291 5192 1344 5245 in
1373 5191 1570 5266 codice
1595 5187 1909 5266 Bodleiano.

547 5259 661 5338 (93)
689 5268 883 5322 Deesse
907 5260 1332 5338 _videtttrliujiis
1383 5260 1511 5315 tomi
1558 5259 2049 5338 initiu_m.__anlum

475 5329 619 5394 enim
643 5329 848 5392 tomum
905 5334 1100 5401 incipit
1146 5332 1434 5401 Origenes,
1486 5330 1618 5399 quin
1672 5329 1919 5401 pluribus
1967 5331 2051 5384 vel

475 5408 665 5479 paucis
713 5399 1037 5474 alloqnatur‘
1078 5399 1401 5479 familiarem
1465 5413 1620 5454 suum
1675 5399 2051 5479 Ambrosium,

476 5470 637 5547 eique
670 5470 944 5547 expressis
986 5474 1168 5547 verbis
1199 5470 1447 5526 enuntiet
1480 5479 1679 5547 quotus
1717 5472 1788 5523 sit
1817 5486 2044 5547 numero

477 5540 658 5603 tomus
682 5540 794 5615 ille,
816 5561 975 5616 quem
1001 5545 1049 5598 ei
1073 5550 1349 5616 nuncupat
1381 5556 1443 5596 ac
1471 5540 1657 5616 mittit,
1685 5541 2044 5616 quemadmo-

476 5619 602 5671 dum
636 5610 975 5670 videre‘licet
1004 5616 1056 5669 in
1103 5613 1319 5668 caeteris
1351 5621 1477 5665 octo
1517 5610 1676 5665 tomis
1725 5610 1816 5679 qui
1853 5625 2043 5675 super-

478 5695 626 5741 sunt.
667 5685 765 5739 Hic
804 5700 931 5740 vero
965 5686 1038 5739 nil
1073 5685 1251 5740 simile
1281 5681 1569 5750 reperitur.
1600 5679 1802 5733 Tomns
1846 5680 2042 5750 incinit

477 5759 545 5811 ab
585 5755 815 5826 abrupto
847 5763 1037 5812 contra
1094 5767 1298 5811 morem
1337 5749 1354 5805 ἑ
1394 5751 1539 5808 nulla
1586 5750 1851 5821 praelatio,
1890 5749 2034 5806 nulla

2161 4086 2252 4140 τὸν
2291 4083 2507 4155 Πατέρα
2543 4100 2641 4153 μου
2662 4099 2677 4114 ·
2713 4083 2763 4135 εί
2796 4081 2895 4152 ἐμὲ
2919 4080 3114 4152 ᾔδειτε,
3144 4080 3238 4134 καὶ
3266 4080 3357 4134 τὸν
3385 4080 3601 4151 Πατέρα
3631 4097 3735 4151 μου

2163 4177 2231 4232 ἂν
2259 4178 2457 4249 ᾔδειτε.
2490 4192 2509 4226 ι
2548 4177 2611 4229 Εἰ
2655 4176 2754 4246 μὲν
2804 4174 2939 4245 πρὸς
2969 4173 3092 4236 τοὺς
3137 4170 3247 4242 (94)
3291 4172 3487 4236 αὐτοὺς
3516 4175 3545 4226 6
3576 4172 3736 4240 λόγος

2159 4266 2228 4342 ἦν
2251 4272 2280 4323 6
2313 4269 2515 4337 λέγων,
2548 4287 2566 4320 ι
2594 4266 2755 4338 Κάμὲ
2797 4266 2974 4320 οἴδατε
3007 4266 3168 4319 πόθεν
3206 4267 3353 4337 εἰμὶ,
3382 4285 3400 4317 ι
3447 4268 3542 4320 καὶ
3562 4266 3592 4319 6
3628 4265 3734 4334 φά-

2162 4378 2307 4416 σκων
2357 4360 2499 4431 (95),
2550 4378 2569 4410 ι
2599 4358 2737 4413 Οὔτε
2786 4360 2889 4431 ἐμὲ
2939 4358 3147 4425 οἴδατε,
3193 4359 3322 4413 οὔτε
3371 4359 3463 4413 τὸν
3513 4359 3734 4431 Πατέρα

2164 4468 2289 4522 μου,
2315 4471 2333 4503 ι
2378 4452 2636 4522 ἄντικρυς
2683 4451 2751 4504 ἂν
2790 4448 2967 4516 ἔδοξεν
3011 4450 3256 4504 ἐναντίον
3297 4447 3438 4503 εἶναι
3484 4447 3545 4502 τὸ
3576 4448 3732 4516 λεγό-

2164 4559 2322 4613 μενον
2341 4559 2355 4572 ·
2401 4542 2519 4596 νυνὶ
2550 4542 2607 4595 δὲ
2635 4541 2695 4595 τὸ
2728 4541 2847 4612 μὲν,
2881 4560 2900 4592 ι
2932 4542 3090 4612 Κάμὲ
3116 4540 3318 4604 οἴδατε,
3348 4560 3368 4593 ι
3416 4539 3551 4611 πρός
3584 4555 3734 4600 τινας

2157 4632 2268 4687 τῶν
2307 4632 2745 4704 Ἱεροσολυμιτῶν
2779 4631 3180 4701 ἀπαγγέλλεται
3208 4630 3527 4703 εἰρηκόταςο
3564 4647 3584 4683 ι
3612 4631 3734 4699 Μήί

2160 4740 2293 4777 ποτε
2321 4723 2534 4794 ἀληθῶς
2574 4724 2816 4793 ἔγνωσαν
2847 4726 2895 4777 οἱ
2939 4724 3229 4796 ἄρχοντες,
3260 4724 3344 4777 ὅτι
3379 4721 3542 4785 αὐτός
3584 4723 3735 4773 ἐστιν

2165 4816 2194 4868 6
2231 4816 2499 4889 Χριστός;
2537 4815 2697 4871 Ἀλλὰ
2724 4815 2910 4870 τοῦτον
2933 4816 3153 4889 οἴδαμεν
3196 4815 3358 4870 πόθεν
3388 4814 3565 4869 ἐστίν·
3606 4816 3635 4866 6
3672 4812 3734 4866 δὲ

2154 5052 2326 5108 iusius
2349 5047 2481 5104 tomi
2513 5044 2838 5101 enuntiatio.
2891 5042 3157 5097 Praeterea
3188 5040 3238 5095 in
3266 5042 3372 5096 line
3405 5040 3524 5108 plus
3561 5054 3724 5107 quam

2155 5069 2169 5106 I
2212 5067 2326 5106 SlllS
2349 5067 2481 5104 tomt
2513 5067 2838 5101 enuntiatio.
2895 5067 3157 5097 rrictcrca
3188 5067 3238 5095 Ill
3267 5067 3372 5096 um:
3407 5067 3524 5108 plus
3561 5067 3718 5107 ιμιεηιι

2155 5067 2375 5177 dimidia
2405 5118 2485 5173 sui
2515 5126 2672 5185 parte
2727 5113 3141 5185 mutilnmueum
3193 5125 3316 5185 esse
3359 5112 3485 5185 ind_e_
3535 5110 3718 5185 liquet.

2156 5191 2298 5260 quod
2348 5178 2655 5260 desinatin
2704 5199 2923 5241 versum
2959 5181 3411 5260 25‘capit_is_vtu
3443 5178 3721 5260 Evangelii

2153 5248 2400 5325 J'oannis,
2431 5256 2724 5311 vicesimus
2750 5269 2887 5325 vero
2936 5262 3115 5325 tomus
3141 5248 3361 5325 incipiat
3385 5266 3420 5325 Aa
3462 5266 3618 5304 versu
3651 5248 3724 5325 :57

2154 5319 2398 5398 ejusdem
2425 5326 2653 5396 capitis;
2687 5340 2749 5378 ac
2773 5322 3001 5398 proinde
3024 5319 3513 5398 .manife‘stEAdeest
3542 5319 3729 5389 expla-

2155 5389 2307 5455 n'atio
2332 5389 2581 5453 undecim
2605 5389 2882 5454 versuum,
2909 5389 3163 5445 nimirum
3193 5389 3383 5445 26-36.

2227 5469 2339 5538 (94)
2371 5471 2440 5523 El
2471 5465 2590 5538 μὲν
2612 5464 2762 5538 πρὸς
2785 5464 2949 5538 τούς,
2978 5470 3088 5515 etc.
3115 5459 3297 5517 Codex
3336 5458 3558 5531 Regius,
3604 5471 3726 5526 per-

2152 5532 2362 5611 peram.
2384 5540 2413 5592 6
2566 5536 2700 5611 πρρς
2730 5532 3007 5611 τούςηθιρ.

2223 5598 2471 5683 (95)Καῖ
2502 5610 2535 5662 ό
2569 5598 2839 5675 φασκων.
2875 5604 2927 5659 In
2952 5598 3144 5659 codice
3176 5600 3344 5673 Regio
3386 5598 3730 5655 desideratur

2152 5681 2268 5735 καί.
