4196 6392
475 351 581 405 525
1527 344 1882 400 COMMENT.
1924 343 1989 397 IN
2023 341 2210 398 JOAN.
2255 341 2494 401 TOMUS
2530 342 2673 398 XIX.
3620 344 3725 401 516

475 463 709 536 Χριστὸς
733 463 860 517 ὅταν
888 461 1133 534 ἔρχηται,
1159 461 1330 525 οὐδεὶς
1359 460 1616 530 γινώσκει
1647 461 1808 514 πόθεν
1845 461 1960 513 ἐστί
1981 478 1993 491 ·
2021 477 2040 510 ι

2150 459 2216 513 sit
2247 460 2321 527 ²³;
2351 479 2370 511 ι
2408 461 2511 514 hoc
2534 473 2684 522 vero,
2718 473 2737 509 ι
2781 468 2957 525 neque
2985 471 3072 513 me
3112 458 3289 528 scitis,
3327 477 3348 512 ι
3383 466 3438 514 et
3469 461 3612 528 quod
3639 475 3732 514 se-

474 558 537 611 τὸ
564 558 652 621 δὲ,
687 557 768 609 ὅτι
810 576 827 606 ι
857 555 992 609 Οὔτε
1029 556 1130 626 ὲμὲ
1174 554 1379 617 οἴδατε,
1404 571 1422 604 ι
1470 553 1564 607 καὶ
1610 553 1671 606 τὸ
1709 553 1864 624 ἑξῆς,
1913 552 2047 624 πρὸς

2151 551 2354 619 quitur,
2387 553 2454 604 ad
2480 549 2788 604 Pharisaeos
2814 549 3032 615 dicitur,
3053 551 3144 620 qui
3174 550 3430 606 dixerunt
3457 550 3532 605 illi
3561 568 3576 604 :
3600 569 3620 604 ι
3645 549 3726 605 Tu

475 651 601 712 τοὺς
653 648 905 710 εἰπόντας
959 645 1108 716 αὐτῷ
1163 644 1518 716 Φαρισαίους·
1571 645 1690 697 «Σὺ
1752 647 2050 716 μαρτυρεῖς

2150 640 2468 697 testificaris
2491 643 2558 698 de
2589 653 2640 698 te
2679 644 2830 714 ipso,
2867 641 3233 696 testimonium
3283 651 3436 696 tuum
3487 655 3597 697 non
3641 650 3730 697 est

478 737 609 807 περὶ
653 735 901 801 σεαυτοῦ,
930 738 964 805 ή
999 734 1274 806 μαρτυρία.
1309 751 1403 786 σου
1443 733 1542 786 οὐκ
1585 733 1731 787 ἔστιν
1772 733 1996 804 ἀληθής.
2025 753 2043 786 ι

478 828 624 898 Πλὴν
669 828 764 881 καὶ
809 828 920 888 τοῖς
963 825 1414 898 Ἱεροσολυμίταις
1460 823 1549 877 διὰ
1592 824 1700 878 τῶν
1749 825 2047 896 προτέρων,

476 919 571 974 καὶ
595 920 708 982 τοῖς
730 917 1041 988 Φαρισαίοις
1065 906 1152 968 διὰ
1178 916 1285 969 τῶν
1315 916 1408 970 νῦν
1433 915 1832 987 ἐξεταζομένων
1867 919 2048 988 φησιν,

479 1013 580 1074 ὅτι,
621 1031 639 1063 ι
665 1011 768 1064 Τὸν
810 1010 1030 1082 Πατέρα
1063 1010 1164 1063 οὐκ
1190 1010 1396 1062 οἴδατε·
1425 1029 1442 1062 ι
1479 1013 1592 1073 τοῖς
1624 1010 1721 1080 μὲν
1763 1011 2051 1083 Ἱεροσολυ-

483 1103 665 1174 μίταις
715 1100 804 1154 διὰ
839 1100 1072 1153 τούτων·
1122 1119 1140 1152 ι
1180 1101 1298 1152 Ἀπ’
1348 1099 1582 1169 ἐμαυτοῦ
1637 1101 1736 1152 οὐκ
1787 1100 2048 1169 ἐλήλυθα,

479 1191 592 1246 ἀλλ’
621 1191 766 1244 ἔστιν
806 1189 1056 1260 ἀληθινὸς
1084 1191 1112 1242 6
1143 1187 1364 1258 πέμψας
1411 1206 1507 1259 με,
1536 1189 1595 1241 ὃν
1629 1190 1784 1259 ὑμεῖς
1827 1191 1925 1242 οὐκ
1971 1189 2052 1242 οἴ-

478 1282 604 1336 δατε
624 1299 636 1312 ·
666 1280 774 1350 ἐγὼ
806 1276 921 1334 οἶδα
945 1280 1127 1344 αὑτὸν,
1165 1281 1245 1333 ὅτι
1272 1281 1401 1350 παρ’
1430 1280 1591 1334 αὑτοῦ
1632 1284 1766 1352 εἰμι,
1803 1283 2054 1345 κάκεῖνός

483 1389 551 1446 με
584 1373 872 1428 ἀπέστειλε
892 1389 905 1403 ·
933 1393 950 1426 ι
988 1375 1100 1436 τοῖς
1143 1373 1200 1425 δὲ
1231 1372 1543 1444 Φαρισαίοις
1570 1371 1659 1425 διὰ
1701 1373 1796 1426 τοῦ
1817 1390 1830 1402 ·
1869 1394 1887 1425 ‹
1916 1373 2053 1427 Οὔτε

481 1464 581 1534 ἐμὲ
617 1463 824 1526 οἴδατε,
859 1463 983 1516 οὔτε
1028 1464 1118 1516 τὸν
1163 1465 1384 1534 Πατέρα
1429 1481 1565 1534 μου·
1599 1465 1648 1516 εί
1692 1464 1791 1536 ἐμὲ
1840 1465 2050 1535 ᾔδειτε,

480 1554 574 1606 καὶ
613 1553 704 1606 τὸν
753 1555 972 1625 Πατέρα
1021 1571 1122 1626 μου
1169 1553 1234 1607 ἂν
1285 1555 1480 1626 ᾔδειτε.
1508 1573 1526 1606 ι
1564 1556 1674 1608 Καὶ⁸
1715 1556 1948 1627 ζητήσαι
1990 1559 2054 1610 ἄν

479 1663 562 1708 τις
587 1645 819 1713 εὐλόγως
845 1647 1012 1712 ὅπως,
1055 1645 1211 1717 εἴπερ
1235 1647 1430 1718 ἀληθὲς
1454 1646 1513 1699 τὸ
1530 1686 1544 1710 ,
1574 1665 1592 1696 ι
1622 1647 1685 1699 Εἰ
1730 1648 1829 1717 ἐμὲ
1854 1648 2051 1718 ᾔδειτε,

481 1737 575 1789 καὶ
625 1737 717 1788 τὸν
767 1737 984 1807 Πατέρα
1019 1755 1118 1808 μου
1165 1739 1230 1792 ἂν
1276 1738 1470 1808 ᾔδειτε,
1498 1758 1516 1790 ι
1548 1740 1597 1791 οἱ
1638 1739 2054 1811 Ἱεροσολυμῖται

482 1826 617 1896 πρὸς
641 1826 735 1890 οὓς
777 1844 939 1897 φησι·
983 1844 1002 1878 ι
1031 1829 1188 1898 Κάμὲ
1213 1829 1412 1892 οἴδατε,
1437 1850 1456 1881 ι
1487 1830 1586 1883 οὐκ
1614 1830 1786 1883 οἴδασι
1824 1831 1916 1884 τὸν
1947 1833 2057 1884 Πα-

479 1915 632 1987 τέρα,
672 1919 1078 1988 Προσεπιτείνει
1123 1921 1179 1973 δὲ
1224 1921 1323 1991 τὴν
1381 1923 1459 1983 εἰς
1490 1921 1583 1974 τὸν
1617 1922 1780 1974 τόπον
1823 1922 2055 1991 ἀπορίαν

481 2009 574 2060 xui.
586 2010 614 2060 6
641 2010 890 2082 Ἰωάννης
906 2013 962 2065 ὲν
986 2015 1050 2083 τῇ
1072 2011 1346 2083 Καθολικῇ
1377 2013 1431 2064 Ἐ
1443 2013 1656 2084 πιστολῇ
1673 2014 1844 2067 ταῦτα
1862 2014 2050 2083 λέγων·

485 2117 504 2148 ι
527 2099 583 2152 ⁸0
615 2101 945 2172 ἀρνούμενος
963 2103 1051 2156 τὸν
1071 2104 1308 2174 Πατέρα,
1337 2105 1431 2156 καὶ
1465 2104 1553 2158 τὸν
1577 2105 1704 2158 Υἱόν
1719 2123 1732 2135 ·
1768 2109 1876 2170 πᾶς
1899 2107 2008 2178 γὰρ
2027 2109 2054 2160 ὁ

479 2194 808 2264 ἀρνούμενος
831 2195 922 2246 τὸν
952 2195 1101 2260 Υἱὸν,
1135 2195 1256 2248 οὐδὲ
1279 2195 1368 2250 τὸν
1399 2197 1616 2267 Πατέρα
1648 2197 1760 2268 ἔχει
1779 2215 1792 2228 ·
1816 2217 1835 2250 ι
1863 2201 1911 2252 ει
1947 2199 2054 2270 γὰρ

479 2289 507 2340 6
535 2289 864 2360 ἀρνούμενος
894 2286 986 2340 τὸν
1034 2289 1273 2360 Πατέρα,
1297 2289 1488 2342 καὶτὸν
1511 2290 1658 2354 Υἱὸν,
1729 2293 1856 2344 καὶ(
1884 2293 2053 2362 669.0-

479 2373 652 2441 λογῶν
682 2376 774 2429 τὸν
810 2375 957 2442 Υίὸν,
1004 2378 1098 2430 καὶ
1134 2378 1226 2431 τὸν
1269 2379 1488 2450 Πατέρα
1531 2378 1664 2449 ἔχει,
1703 2399 1722 2432 ι
1752 2379 1928 2449 δῆλον,
1970 2381 2051 2434 ὃτι

479 2469 530 2520 οἱ
567 2467 1005 2539 Ἱεροσολυμῖται,
1045 2470 1165 2524 ὅσον
1203 2469 1296 2523 ἐπὶ
1337 2473 1404 2540 τῇ
1449 2470 1611 2536 λέξει,
1657 2470 1734 2541 τῷ
1780 2472 1854 2542 μὴ
1887 2472 2050 2541 γινώ-

483 2573 632 2610 σκειν
675 2558 765 2611 τὸν
827 2559 1074 2628 Πατέρα,
1125 2559 1446 2631 ἀρνούμενοι
1515 2561 1606 2613 τὸν
1654 2561 1908 2632 Πατέρα,
1955 2564 2054 2634 ἀρ-

481 2649 698 2712 νοῦνται
725 2652 817 2704 καὶ
847 2652 937 2704 τὸν
966 2652 1092 2704 Υἱόν
1111 2668 1124 2681 ·
1161 2653 1208 2703 εἰ
1237 2651 1293 2704 δὲ
1323 2653 1612 2723 ἀρνοῦνται
1641 2654 1730 2706 τὸν
1760 2654 1907 2717 Υὶὺν,
1936 2655 2052 2720 πῶς

479 2743 578 2808 τὸ,
619 2761 636 2794 ι
661 2744 821 2814 Κάμὲ
854 2744 1053 2807 οἴδατε,
1083 2762 1102 2794 ι
1148 2744 1380 2813 ἀληθές;
1417 2746 1584 2799 Πάλιν
1628 2747 1676 2798 οἱ
1716 2747 1869 2800 αύτολ⁸
1898 2749 1946 2800 εἰ
1977 2750 2052 2802 οῖ-

479 2835 598 2888 δασι
643 2836 733 2888 τὸν
778 2836 925 2897 Υἰὸν,
971 2836 1058 2888 διὰ
1098 2836 1193 2900 τὸ,
1243 2856 1261 2888 ι
1291 2839 1401 2891 Καὶ
1454 2839 1553 2906 ἐμὲ
1599 2838 1775 2892 οἴδατε
1823 2839 1842 2910 (
1857 2841 1977 2893 ἐπεὶ
2023 2841 2052 2894 6

479 2926 754 2996 ὁμολογῶν
792 2927 882 2979 τὸν
919 2926 1066 2990 Υἰὸν,
1096 2928 1188 2980 καὶ
1232 2927 1322 2980 τὸν
1373 2928 1590 2999 Πατέρα
1620 2930 1776 3001 ἔχει),
1805 2950 1823 2981 ι
1858 2930 2049 3001 ὁμολο-

479 3017 634 3085 γοῦσι
685 3018 775 3070 τὸν
819 3018 1064 3089 Πατέρα·
1100 3020 1148 3070 εί
1190 3018 1246 3071 δὲ
1294 3019 1612 3089 ὁμολογοῦσι
1657 3021 1749 3074 τὸν
1796 3023 2048 3094 Πατέρα,

2153 749 2338 787 verum
2368 736 2436 788 ’ἢ
2475 754 2495 788 ι
2542 735 2924 792 Verumtamen
2968 733 3366 806 Jerosolymitis
3409 733 3573 788 etiam
3631 748 3731 804 per

2153 827 2452 895 superiora,
2479 837 2534 883 et
2564 827 2853 884 Pharisaais
2909 843 3006 898 per
3052 827 3366 897 praesentia,
3414 841 3536 896 quae
3583 840 3728 882 nunc

2151 918 2544 985 examinamus,
2583 920 2755 988 inquit
2786 921 2929 990 quod
2968 920 3187 975 Patrem
3234 933 3341 973 non
3375 919 3555 973 norint
3585 935 3600 985 ;
3632 915 3726 972 Je-

2153 1009 2483 1080 rnsolymitis
2515 1011 2730 1080 quidem
2761 1028 2856 1080 per
2878 1012 2966 1066 illa
2997 1029 3011 1065 :
3037 1030 3056 1064 ι
3092 1011 3136 1064 Α
3167 1025 3251 1064 me
3283 1011 3400 1080 ipso
3439 1024 3548 1065 non
3577 1009 3728 1075 veni,

2153 1100 2246 1155 sed
2278 1113 2359 1157 est
2381 1116 2568 1166 verax,
2598 1103 2692 1172 qui
2725 1117 2811 1157 me
2841 1103 3006 1168 misit,
3031 1118 3190 1173 quem
3219 1116 3316 1157 vos
3347 1115 3453 1155 non
3504 1101 3682 1155 nostis
3708 1117 3726 1158 :

2153 1206 2252 1256 ego
2273 1191 2397 1246 novi
2429 1192 2712 1262 eum,quia
2735 1194 2802 1247 ab
2831 1192 2949 1263 ipso
2978 1207 3120 1257 sum,
3149 1202 3202 1247 et
3229 1191 3319 1246 ille
3349 1206 3438 1246 me
3469 1186 3721 1257 misit";r

2153 1282 2442 1339 Phariszeis
2475 1299 2606 1340 vero
2637 1298 2734 1354 per
2769 1284 2883 1340 haec
2914 1301 2927 1336 :
2963 1303 2982 1336 ι
3016 1283 3200 1354 Neque
3225 1299 3313 1338 me
3349 1283 3522 1347 scitis,
3550 1297 3728 1353 neque

2150 1373 2367 1429 Patrem
2419 1392 2632 1444 meum;
2667 1379 2710 1430 si
2762 1392 2848 1432 me
2879 1376 3098 1431 sciretis
3122 1416 3137 1441 ,
3184 1385 3239 1430 et
3273 1374 3487 1430 Patrem
3542 1390 3725 1430 meum

2155 1467 2389 1523 sciretis.
2427 1485 2446 1518 ι
2481 1468 2558 1522 Ac
2588 1477 2737 1520 certe
2782 1468 2977 1522 merito
3007 1467 3130 1536 quis
3156 1476 3424 1536 quaereret
3455 1468 3726 1536 quomodo

2155 1558 2566 1629 Jcrosolymitae,
2601 1559 2666 1613 ad
2697 1575 2834 1628 quos
2860 1559 3050 1628 inquit,
3088 1577 3108 1610 ι
3141 1567 3197 1614 et
3239 1575 3323 1613 me
3353 1559 3526 1625 scitis,
3563 1578 3582 1612 ι
3619 1575 3725 1613 ηοιι

2157 1651 2342 1705 norint
2374 1649 2614 1715 Patrem,
2641 1653 2685 1705 si
2717 1665 2902 1704 verum
2928 1660 3011 1705 est
3041 1649 3207 1703 illud:
3243 1669 3261 1701 ι
3293 1648 3348 1703 Si
3379 1664 3463 1703 me
3489 1649 3726 1714 sciretis,

2157 1755 2212 1798 et
2237 1744 2451 1798 Patrem
2483 1759 2661 1799 meum
2695 1744 2929 1798 sciretis.
2964 1761 2984 1794 ι
3013 1742 3254 1810 Adauget
3280 1751 3457 1794 autem
3491 1740 3596 1796 loci
3623 1739 3729 1794 dif-

2159 1835 2454 1890 ﬁcultatem
2503 1833 2742 1889 Joannes
2780 1833 2834 1887 in
2894 1831 3132 1902 Epistola
3165 1829 3440 1886 Catholica
3489 1831 3604 1885 haec
3639 1830 3726 1884 di-

2157 1941 2331 1981 cens:
2368 1945 2388 1978 ι
2428 1926 2530 1992 Qui
2586 1934 2748 1995 negat
2800 1923 3036 1987 Patrem,
3073 1933 3236 1991 negat
3270 1922 3432 1974 etiam
3477 1920 3674 1975 Filium
3707 1940 3722 1977 :

2155 2021 2332 2072 omnis
2353 2017 2495 2070 enim
2529 2017 2618 2085 qui
2650 2025 2807 2086 negat
2833 2013 3026 2068 Filium
3046 2052 3062 2077 ,
3091 2011 3138 2066 is
3169 2027 3236 2066 ne
3265 2009 3479 2065 Patrem
3508 2011 3726 2080 quidem

2156 2105 2319 2160 habet
2344 2105 2421 2171 “;
2461 2125 2481 2158 ι
2529 2108 2672 2175 quod
2723 2108 2766 2158 si
2819 2104 2942 2172 quis
2999 2112 3160 2171 negat
3199 2099 3453 2175 Patrem,
3487 2101 3531 2155 is
3565 2109 3729 2168 negat

2154 2199 2316 2253 etiam
2344 2174 2574 2263 Filium;
2607 2206 2660 2252 et
2695 2215 2714 2248 ‹
2747 2197 2837 2264 qui
2869 2195 3061 2249 Filium
3096 2174 3317 2256 fatetur,
3351 2192 3397 2246 is
3421 2193 3584 2246 etiam
3626 2190 3728 2246 Pa-

2157 2298 2293 2342 trem
2343 2289 2506 2344 habet
2537 2277 2688 2353 ²⁷,’›
2741 2285 3087 2356 perspicuum
3139 2291 3222 2336 est
3279 2280 3725 2352 Jerosolymitas,

2153 2381 2296 2448 quod
2330 2379 2397 2434 ad
2428 2390 2743 2436 contextum
2788 2377 3017 2437 attinet,
3050 2383 3309 2444 negantes
3354 2372 3571 2428 Patrem
3598 2413 3613 2439 ,
3662 2389 3728 2428 eo

2154 2472 2295 2543 quod
2330 2472 2546 2526 Patrem
2579 2487 2682 2526 non
2715 2471 3268 2537 agnoscant.'negare
3295 2467 3460 2522 etiam
3484 2466 3680 2520 Filium
3707 2484 3724 2522 :

2152 2567 2378 2636 proinde
2417 2565 2464 2619 si
2522 2563 2714 2618 Filium
2763 2570 2980 2632 negant,
3011 2559 3174 2630 282
3221 2558 3491 2628 quomodo
3535 2573 3724 2612 verum

2151 2667 2257 2720 est,
2295 2677 2314 2710 ι
2351 2659 2416 2714 Ει
2469 2671 2555 2711 me
2587 2655 2780 2710 scitis?
2816 2673 2835 2707 ι
2867 2654 3073 2708 Rursus
3116 2653 3160 2706 si
3196 2651 3248 2704 hi
3286 2649 3493 2704 Filium
3527 2661 3728 2705 norunt

2151 2763 2373 2824 propter
2422 2749 2574 2816 illud,
2617 2766 2635 2799 ι
2675 2747 2741 2802 Ει
2775 2763 2860 2801 me
2895 2746 3048 2801 scitis
3080 2743 3356 2816 (quoniam
3388 2743 3477 2810 qui
3525 2741 3727 2796 fatetur

2151 2846 2368 2909 Filium,
2406 2843 2450 2897 is
2482 2841 2642 2896 etiam
2688 2839 2900 2892 Patrem
2931 2836 3093 2892 habet
3118 2834 3215 2901 ἰ⁵),
3253 2854 3272 2888 ›
3324 2835 3567 2890 fatentur
3621 2834 3726 2890 Pa-

2153 2946 2286 2991 trem
2324 2949 2339 2988 :
2376 2932 2520 3002 quod
2551 2931 2594 2986 si
2627 2929 2864 2983 fatentur
2895 2928 3132 2993 Patrem,
3166 2942 3400 2995 quonam
3430 2936 3589 2996 pacto
3630 2941 3725 2982 ve-

2154 3043 2271 3080 rum
2300 3033 2385 3080 est
2413 3021 2539 3076 illud
2570 3039 2582 3073 :
2617 3038 2634 3070 ι
2674 3018 2778 3073 Sed
2807 3030 2889 3074 est
2923 3032 3086 3072 verax
3111 3016 3205 3085 qui
3237 3031 3322 3071 me
3363 3017 3532 3081 misit,
3563 3031 3723 3086 quem

481 3109 595 3173 πῶς
621 3109 816 3180 ἀληθὲς
847 3111 907 3162 τὸ
928 3151 941 3175 ,
973 3129 991 3160 ι
1032 3109 1168 3162 Ἀλλ’
1199 3110 1342 3165 ἔστιν
1369 3112 1616 3184 ἀληθινὸς
1645 3116 1672 3166 6
1701 3113 1922 3184 πέμψας
1958 3131 2047 3185 με,

2153 3135 2246 3172 vos
2301 3110 2643 3170 nescitis"?
2685 3130 2703 3164 ι
2736 3113 2944 3178 Quibus
3002 3110 3434 3181 respondendum
3486 3117 3570 3164 est
3619 3109 3722 3163 ali-

477 3201 535 3254 ὃν
569 3202 725 3271 ὑμεῖς
764 3202 864 3253 οὐκ
895 3201 1149 3267 οἴδατε;»
1189 3204 1419 3257 Λεκτέον
1461 3203 1517 3256 δὲ
1561 3205 1696 3275 πρὸς
1735 3205 1926 3269 ταῦτα,
1967 3207 2049 3259 ὅτι

478 3296 506 3346 6
539 3293 725 3364 Σωτὴρ
768 3293 856 3345 ὁτὲ
903 3294 1000 3364 μὲν
1038 3296 1165 3365 περὶ
1217 3295 1411 3348 ἑαυτοῦ
1467 3294 1542 3358 ὼς
1582 3297 1711 3366 περὶ
1758 3294 2048 3366 ἀνθρώπου

478 3385 809 3455 διαλέγεται,
847 3387 934 3438 ὁτὲ
983 3386 1040 3438 δὲ
1081 3387 1154 3450 ὡς
1187 3389 1316 3458 περὶ
1351 3387 1627 3458 Θειοτέρας
1675 3387 1907 3456 φύσεως,
1954 3390 2050 3442 καὶ

479 3480 759 3551 ήνωμένης
811 3483 876 3551 τῇ
930 3481 1210 3552 ἁγεννήτῳ
1258 3481 1366 3549 (96)
1432 3467 1524 3534 τοῦ
1582 3483 1794 3553 Πατρὸς
1866 3481 2045 3550 φύσει.

493 3571 660 3625 Ἑπὰν
692 3573 787 3642 μὲν
815 3573 924 3643 γὰρ
951 3572 1097 3640 λέγει
1119 3593 1189 3643 ,δι
1219 3574 1334 3627 Νῦν
1365 3570 1575 3645 ζητεῖτέ
1609 3593 1675 3646 με
1709 3577 2046 3640 ἀποκτεῖναι,

480 3663 760 3734 ἄνθρωπον
793 3664 974 3736 ὅςτὴν
1024 3666 1280 3736 ἀλήθειαν
1326 3668 1452 3737 ὑμῖν
1505 3667 1797 3739 λελάληκα,
1824 3689 1844 3721 ι
1890 3671 2048 3724 τοῦτό

480 3771 641 3826 φησιν
692 3754 846 3819 εἰδὼς
891 3755 953 3808 τὸ
1004 3757 1331 3827 ζητούμενον
1383 3758 1738 3831 ἀναιρεθῆναι
1788 3758 1928 3816 εἶναι
1984 3766 2046 3818 οὐ

476 3846 631 3911 Θεὸν,
657 3847 791 3900 ἀλλὰ
819 3847 1104 3918 ἄνθρωπον
1125 3865 1136 3878 ·
1177 3849 1272 3901 ἐὰν
1305 3849 1399 3913 δὲ,
1438 3868 1456 3900 ι
1498 3851 1638 3919 Ἐγὼ
1673 3854 1765 3905 καὶ
1789 3856 1817 3906 6
1857 3855 2046 3929 Πατὴρ

474 3943 536 3996 ἓν
562 3940 747 4009 ἐσμεν,
773 3959 791 3988 ι
832 3941 946 4002 καὶ,
980 3959 998 3990 ι
1039 3939 1179 4007 Ἐγώ
1204 3943 1318 4012 εἰμι
1341 3942 1373 4012 ή
1396 3940 1618 4012 ἀλήθεια
1666 3946 1760 3997 καὶ
1790 3949 1823 4017 ὴ
1866 3947 2000 4019 ζωὴ,
2022 3967 2040 3999 ι

478 4031 605 4094 καὶ,
651 4049 670 4082 ι
713 4031 855 4100 Ἐγώ
903 4035 1016 4102 εἰμι
1067 4034 1100 4103 ἠ
1152 4033 1476 4097 ἀνάστασις,
1504 4053 1522 4085 ι
1578 4036 1671 4088 καὶ
1719 4037 1788 4090 τὰ
1837 4038 2046 4104 τούτοις

477 4121 656 4194 ὃμοια,
682 4123 742 4174 ού
781 4122 910 4193 περὶ
940 4123 1033 4175 τοῦ
1068 4123 1396 4193 ζητουμένου
1436 4123 1789 4194 ἀναιρεθῆναι
1834 4127 2042 4199 ἀνθρὼ-

477 4230 582 4266 που
613 4212 872 4266 διδάσκει.
902 4213 1087 4276 Οὕτως
1113 4208 1206 4265 οὖν
1240 4214 1333 4266 καὶ
1358 4213 1450 4266 ἐπὶ
1483 4215 1590 4269 τῶν
1619 4217 1760 4269 κατὰ
1785 4217 1846 4269 τὸ
1872 4219 2046 4290 παρὸν

477 4305 606 4376 ἡμῖν
647 4303 990 4375 ζητουμένων
1029 4307 1092 4358 ἐκ
1137 4305 1235 4374 τῆς
1272 4306 1634 4376 συμφράσεως
1663 4311 2043 4381 κατανοητέον,

481 4397 538 4449 τὸ
567 4397 664 4467 μὲν
685 4438 701 4461 ,
739 4415 758 4448 ι
782 4396 942 4467 Κάμὲ
965 4396 1160 4461 οἴδατε,
1192 4397 1284 4450 καὶ
1309 4397 1483 4451 οἴδατε
1509 4399 1671 4452 πόθεν
1698 4402 1832 4472 εἰμὶ,
1861 4421 1878 4453 ›
1917 4403 2044 4473 περὶ

475 4460 579 4542 τοῦ.
607 4460 892 4559 ἀνθρώπου
921 4489 1112 4542 ἑαυτοῦ
1144 4489 1472 4558 διαλέγεται·
1507 4491 1569 4544 τὸ
1600 4492 1678 4556 δὲ,
1727 4460 1909 4546 ιὈύτε
1942 4460 2042 4566 ἐμὲ
2076 4460 2120 4521 D

475 4580 675 4646 οἴδατε,
709 4579 832 4633 οὔτε
868 4580 958 4633 τὸν
998 4581 1216 4650 Πατέρα
1251 4599 1373 4651 μου,
1400 4601 1418 4632 ι
1461 4583 1589 4652 περὶ
1633 4583 1730 4653 τῆς
1763 4583 2040 4656 Θεότητος·

473 4672 565 4724 τοῦ
593 4672 692 4743 μὲν
727 4671 862 4743 γὰρ,
895 4689 913 4721 ι
946 4672 1102 4742 Κάμὲ
1120 4671 1322 4735 οἴδατε,
1353 4673 1444 4726 καὶ
1470 4673 1644 4726 οἴδατε
1675 4674 1836 4728 πόθεν
1861 4677 1996 4747 εἰμὶ,
2020 4697 2038 4731 ι

473 4763 647 4818 ταῦτα
697 4764 1057 4835 προτέτακται
1117 4762 1262 4835 (97)·
1306 4783 1324 4815 ι
1359 4763 1581 4832 Ἔλεγον
1650 4760 1744 4819 οὖν
1787 4784 1932 4832 τινες
1980 4770 2045 4822 ὲκ

471 4857 579 4909 τῶν
627 4854 1092 4928 Ἱεροσολυμιτῶν·
1141 4855 1255 4924 Ούχ
1295 4849 1447 4918 οὗτός
1499 4856 1646 4909 ἐστιν
1678 4853 1736 4909 ὃν
1789 4855 2044 4928 ζητοῦσιν

471 4951 821 5012 ἀποκτεῖναι;
854 4949 962 5000 Καὶ
993 4946 1068 5000 ἴδε
1101 4947 1383 5018 παρρησίᾳ
1412 4946 1580 5011 λαλεῖ,
1608 4948 1701 5001 καὶ
1723 4949 1873 5003 οὐδὲν
1894 4952 2041 5024 αὐτῷ

472 5039 708 5108 λέγουσι.
737 5040 961 5109 Μήποτε
1006 5037 1220 5109 ἀληθῶς
1255 5037 1499 5106 ἔγνωσαν
1539 5040 1588 5091 οἱ
1636 5039 1914 5110 ἄρχοντες,
1958 5045 2041 5097 ὅτι

471 5125 625 5196 οὗτός
668 5135 816 5185 ἐστιν
843 5133 872 5183 6
901 5130 1165 5201 Χριστόςς
1199 5128 1335 5182 ἀλλὰ
1380 5129 1568 5182 τοῦτον
1617 5131 1839 5202 οἴδαμεν
1879 5136 2041 5189 πόθεν

471 5224 650 5280 ἐστίν·
686 5225 715 5277 6
741 5223 799 5275 δὲ
831 5220 1062 5293 Χριστὸς
1103 5222 1230 5274 ὅταν
1278 5220 1525 5292 ἔρχηται,
1568 5221 1742 5284 οὐδεὶς
1783 5224 2038 5290 γινώσκει

2151 3209 2366 3282 quando
2399 3207 2747 3260 Servatorem
2773 3205 2839 3259 de
2874 3203 3055 3270 seipse
3101 3201 3266 3255 veluti
3298 3201 3517 3256 homine
3543 3201 3722 3256 disse-

2152 3315 2291 3364 rere,
2317 3297 2604 3366 aliquando
2630 3297 2694 3350 de
2717 3296 2968 3349 diviniori
3001 3303 3214 3356 natura.
3245 3308 3418 3363 eaque
3458 3295 3606 3347 unita
3635 3295 3721 3348 in—

2151 3391 2344 3460 genita:
2377 3387 2552 3442 Patris
2591 3398 2815 3440 naturaz.
2845 3385 2978 3439 Cum
3009 3384 3154 3438 enim
3207 3382 3354 3446 dicit,
3391 3401 3413 3436 ι
3451 3383 3602 3439 Nunc
3632 3400 3724 3440 au-

2153 3494 2257 3537 tem
2283 3477 2528 3550 quteritis
2568 3491 2655 3531 me
2712 3476 3044 3540 interficere,
3082 3474 3357 3529 hominem
3394 3476 3486 3545 qui
3519 3478 3722 3532 verita-

2151 3585 2256 3628 tem
2289 3571 2442 3626 vobis
2471 3569 2680 3623 loculus
2710 3583 2826 3622 sum
2849 3568 2916 3632 ³⁰,
2943 3587 2963 3620 ι
2993 3568 3094 3622 hoc
3130 3567 3373 3637 loquitur
3402 3567 3580 3623 sciens
3610 3584 3720 3623 non

2150 3665 2342 3729 Deum,
2371 3659 2462 3718 sed
2505 3659 2776 3714 hominem
2827 3658 2992 3726 quaeri
3049 3658 3114 3711 ad
3148 3667 3414 3723 mortem;
3444 3672 3564 3712 cum
3592 3673 3721 3713 vero

2149 3756 2346 3825 inquit,
2382 3773 2401 3806 ι
2435 3753 2550 3823 Ego
2584 3759 2640 3804 et
2700 3749 2866 3803 Pater
2912 3764 3076 3802 unum
3111 3765 3299 3804 sumus
3324 3749 3365 3780 ⁸³
3396 3764 3410 3814 ;
3451 3748 3563 3820 Ego
3601 3763 3719 3804 sum

2147 3849 2351 3902 veritas
2378 3854 2433 3900 et
2457 3846 2565 3898 vita
2589 3843 2631 3875 ⁸²
2659 3860 2677 3910 ;
2713 3843 2825 3912 Ego
2858 3855 2977 3898 sum
3025 3840 3350 3895 resurrectio
3377 3839 3442 3905 ³³,
3478 3858 3497 3892 ι
3547 3847 3603 3894 et
3637 3839 3722 3894 his

2148 3939 2368 4004 similia,
2399 3953 2506 3992 non
2562 3937 2720 3992 docet
2754 3937 2820 3991 de
2861 3949 2926 3990 eo
2971 3934 3190 3988 homine
3217 3932 3308 4000 qui
3352 3931 3716 4001 quaerebatur.

2147 4035 2256 4090 Isto
2277 4033 2442 4103 igitur
2470 4031 2628 4085 modo
2665 4030 2733 4084 de
2781 4031 2865 4084 his
2913 4029 3074 4084 etiam
3103 4041 3226 4098 quae
3251 4041 3279 4080 a
3311 4025 3465 4081 nobis
3492 4025 3544 4080 in
3576 4040 3720 4094 prae-

2147 4128 2322 4183 seutia
2365 4134 2705 4196 quaeruntur,
2749 4132 2808 4177 ut
2849 4122 3102 4179 similiter
3135 4120 3440 4183 solvantur,
3471 4117 3721 4173 conside-

2147 4223 2378 4277 randum
2424 4228 2545 4288 est;
2601 4220 2731 4274 illud
2775 4220 2944 4282 enim,
2978 4234 2996 4267 ι
3043 4215 3108 4269 Et
3143 4229 3229 4269 nte
3265 4213 3437 4276 scitis,
3481 4222 3537 4265 et
3580 4210 3722 4265 unde

2147 4319 2249 4370 sim
2300 4315 2451 4370 scitis
2480 4314 2548 4379 ³³,
2591 4333 2611 4365 ι
2645 4313 2711 4366 de
2763 4325 2821 4365 se
2867 4311 2984 4378 ipso
3021 4307 3242 4362 homine
3297 4305 3574 4375 disputat;
3610 4302 3717 4357 hoc

2149 4422 2299 4470 vero,
2355 4425 2374 4459 ι
2419 4405 2602 4474 Neque
2637 4418 2724 4458 me
2755 4403 2935 4465 scitis,
2966 4415 3143 4469 neque
3168 4399 3382 4454 Patrem
3413 4410 3590 4450 meum
3616 4394 3714 4456 ",o

2147 4498 2215 4553 de
2245 4497 2548 4552 divinitate.
2581 4494 2692 4550 lllis
2731 4495 2874 4548 enim
2923 4491 3129 4556 verbis,
3168 4507 3188 4542 ι
3226 4487 3292 4542 Ει
3321 4502 3409 4542 me
3456 4485 3630 4546 scitis,
3663 4494 3718 4537 et

2147 4590 2291 4644 unde
2319 4590 2421 4644 sim
2454 4589 2623 4654 scitis,
2664 4607 2683 4640 ι
2717 4589 2830 4642 haec
2869 4584 3158 4654 praeposita
3189 4589 3356 4636 sunt:
3406 4597 3426 4630 ι
3461 4575 3719 4632 Dicebam

2146 4695 2275 4752 ergo
2301 4680 2516 4750 quidam
2546 4694 2614 4734 ex
2643 4675 3039 4747 Jerosolymitis
3071 4691 3085 4729 :
3121 4672 3312 4728 Nonne
3333 4672 3421 4727 hic
3445 4678 3528 4724 est
3552 4683 3716 4740 quem

2146 4781 2394 4843 quaerunt
2427 4773 2731 4828 interﬁcere
2762 4773 2784 4825 ?
2816 4772 2880 4824 Et
2910 4783 3038 4824 ecce
3064 4782 3186 4822 cum
3228 4766 3417 4820 fiducia
3455 4763 3713 4832 loquitur,

2148 4881 2249 4920 nec
2284 4865 2576 4935 quidquam
2616 4864 2687 4918 illi
2724 4864 2931 4916 dicunt.
2971 4859 3109 4914 Num
3157 4872 3284 4913 vere
3341 4863 3716 4925 cognoverunt

2150 4958 2421 5028 principes
2457 4957 2600 5010 hunc
2655 4969 2775 5010 esse
2819 4954 3092 5009 Christum
3122 4950 3146 5004 ?
3175 4949 3271 5004 sed
3319 4948 3466 5003 hunc
3507 4944 3713 5000 scimus

2149 5051 2289 5104 unde
2325 5050 2398 5102 sit
2427 5065 2442 5101 :
2483 5058 2536 5102 at
2567 5047 2816 5102 Christus
2847 5060 2968 5102 cum
3002 5041 3243 5108 venerit,
3273 5051 3430 5094 nemo
3455 5045 3716 5108 agnoscet

2149 5145 2290 5197 unde
2315 5143 2387 5196 sit
2415 5142 2501 5202 ἐς
2534 5159 2552 5192 ι
2585 5141 2677 5196 bis
2710 5155 2860 5205 vero,
2923 5155 2944 5190 ι
2992 5137 3178 5206 Neque
3208 5149 3295 5190 me
3323 5132 3507 5200 scitis,
3537 5145 3714 5199 neque

2146 5234 2361 5288 Patrem
2385 5247 2614 5297 meum,»
2637 5232 2751 5286 ι)ωο
2779 5238 2904 5286 sunt
2923 5228 3242 5300 praposita:
3265 5244 3284 5278 ι
3309 5225 3712 5291 Dixeruntergo

537 5347 586 5421 ξ³
614 5343 770 5400 Joan.
790 5340 1021 5421 vnn,_26,
1213 5342 1260 5372 “
1291 5339 1446 5395 Joan.
1478 5356 1595 5421 νμιι,
1615 5342 1702 5421 ιξ,
1736 5410 1757 5421 _
1779 5344 1996 5405 "Joan.
2027 5347 2235 5421 vu,28,
2266 5353 2356 5409 29,
2433 5352 2479 5383 ³⁸
2503 5352 2656 5406 Joan.
2695 5366 2755 5408 ιι,
2780 5349 2870 5421 22.
2945 5350 2988 5381 ³⁷
3021 5347 3151 5421 ibid.
3226 5345 3272 5421 ff
3303 5342 3505 5421 I_Joan.
3531 5357 3592 5406 ll,

469 5417 515 5448 ⁹⁹
536 5415 693 5471 Joan.
733 5429 832 5475 vlt,
864 5412 954 5464 28.

469 5485 842 5546 “Joan.vm,
889 5482 974 5536 l9.
1049 5480 1275 5535 "Joau.
1311 5495 1406 5542 vu,
1452 5481 1524 5536 25
1566 5496 1682 5550 seq.

537 5577 648 5647 (96)
691 5575 1022 5647 Ἠιζωμένης
1071 5573 1146 5642 τῇ
1196 5573 1522 5644 (ig-ermine.
1570 5576 1749 5631 Codex
1808 5575 2031 5645 Regius.

465 5645 733 5718 ἀγενήτῳ.
761 5645 1028 5718 Caeterum
1079 5661 1313 5718 errouea
1363 5647 1478 5718 haec
1526 5647 1816 5718 videntur,
1859 5661 2034 5712 neque

466 5713 832 5771 cuitu'uatura
861 5717 1040 5768 divina
1074 5713 1322 5784 θειοτέρα
1355 5714 1517 5784 φύσις
1557 5714 1681 5769 Filii
1729 5716 1915 5768 unitur
1941 5730 2034 5766 na-

468 5799 600 5842 tura:
623 5787 879 5854 ingenita:
908 5784 1106 5850 Patris,
1135 5787 1228 5842 sed
1257 5785 1444 5842 eadem
1488 5796 1602 5853 est;
1661 5801 1764 5843 non
1805 5784 2035 5853 ἥνωται,

1067 5409 1297 5488 ἶἽοθη·
1331 5411 1580 5488 ν¹¹¹νέθο
1658 5412 1700 5442 ³¹
1730 5410 1885 5472 ιιυιιη.
1916 5435 1969 5484 x,
1995 5422 2085 5476 50.
2109 5409 2123 5421 ’
2162 5409 2398 5478 ³⁸⁷10811.
2441 5437 2554 5488 xw,
2590 5422 2644 5476 6.
2719 5421 2764 5452 ³³
2791 5419 2950 5475 Joan.
2976 5419 3150 5487 xr,25.
3226 5417 3273 5448 “
3299 5414 3458 5469 Joau.
3485 5427 3583 5479 vn,
3617 5411 3708 5465 28.

2138 5583 2234 5636 sed
2259 5584 2291 5652 ὴ
2317 5583 2456 5650 αύτὴ
2490 5583 2626 5633 ἐστι.

2203 5650 2755 5722 (97)Προτέτακται.
2784 5649 2877 5706 Sic
2909 5648 3071 5706 codex
3095 5646 3420 5705 Bodleianus
3447 5663 3461 5712 ;
3489 5645 3715 5718 Regius,

2136 5721 2555 5791 προστέτακται.

2317 5581 2456 5650 αύτὴ
