4196 6400
464 387 567 445 527

1910 379 2232 439 ORIGENIS

3603 378 3711 433 523

462 512 509 563 ei
534 486 828 563 Pharismi:
859 506 937 562 Tu
966 508 1034 563 de
1065 497 1239 571 teitko
1278 505 1586 562 testiﬁcaris
1619 525 1632 569 ;
1666 505 2031 561 testimonium

2139 505 2299 558 πόθεν
2346 504 2494 559 ἐστί’
2527 524 2545 557 ι
2581 505 2675 560 τοῦ
2708 506 2765 560 δὲ
2786 547 2799 572 ,
2834 524 2853 557 ι
2886 504 3025 560 Οὔτε
3059 506 3158 578 ἐμέ
3205 506 3408 565 οἴδατε,
3456 502 3579 559 οὔτε
3622 504 3717 558 τὸν

464 606 615 654 tuum
651 614 756 653 non
781 609 864 655 est
886 615 1095 654 verum.
1114 598 1415 667 Respondit
1442 597 1620 662 Jesus,
1649 608 1704 653 et
1732 598 1866 651 dixit
1892 596 2033 651 illis:

464 690 688 746 Etiamsi
741 705 843 760 ego
897 689 1158 745 testiﬁcor
1207 691 1273 744 de
1321 702 1407 745 me
1460 688 1610 758 ipso,
1664 688 2034 743 testimonium

464 768 643 836 meum
669 794 856 836 verum
881 788 985 842 est,
1009 780 1135 850 quia
1167 780 1291 834 novi
1328 777 1470 833 unde
1494 779 1613 832 veni
1642 786 1827 846 etquo
1856 777 2031 842 vado;

463 886 559 927 vos
598 871 895 927 secundum
947 884 1167 924 carnem
1217 868 1642 938 judicatis;ego
1690 880 1795 920 non
1848 865 2036 935 judico

464 977 829 1032 quemquam;
870 971 1034 1028 atque
1094 958 1311 1013 etiamsi
1364 958 1546 1027 iudico
1598 970 1723 1026 ego,
1772 955 2033 1025 judicium

464 1064 640 1110 meum
669 1034 860 1107 verum
889 1059 993 1113 est,
1025 1048 1169 1119 quod
1206 1050 1357 1104 solus
1397 1063 1505 1102 non
1536 1063 1677 1113 sum,
1710 1046 1804 1101 sed
1831 1061 1952 1115 ego,
1983 1055 2038 1100 et

460 1128 556 1215 qui
610 1145 759 1199 misit
791 1159 896 1208 me,
928 1142 1094 1198 Pater
1124 1143 1198 1197 ³⁷.
1234 1159 1252 1193 ι
1287 1141 1365 1196 Ex
1413 1139 1500 1195 bis
1538 1154 1667 1208 ergo
1694 1137 2036 1206 perspicuum

460 1249 545 1293 εει
572 1251 602 1291 a
627 1233 1028 1307 Jerosolymitis
1076 1236 1278 1289 dictum
1336 1232 1521 1298 fuisse,
1564 1248 1583 1281 ι
1622 1228 1774 1284 Hunc
1809 1230 2033 1295 scimus,

463 1326 603 1382 unde
621 1328 740 1389 sit,»
764 1324 868 1380 hoc
898 1324 1257 1381 referentibus
1283 1325 1353 1378 ad
1379 1332 1556 1378 ortum
1585 1321 1755 1391 ipsius
1786 1321 1840 1375 in
1876 1320 2039 1374 Beth-

462 1418 621 1485 leem,
676 1417 1026 1486 sciebantque
1078 1417 1220 1472 hunc
1267 1429 1409 1480 esse,
1454 1413 1609 1480 cujus
1658 1422 1833 1466 mater
1892 1411 2040 1466 dice-

462 1512 624 1567 batur
670 1508 878 1577 Maria,
907 1519 963 1565 et
1014 1508 1212 1564 fratres
1261 1505 1378 1575 ejus
1410 1505 1642 1562 Iacobus
1692 1516 1749 1561 et
1779 1503 2037 1567 Joanna,

460 1615 517 1663 et
568 1604 755 1661 Simon
802 1601 966 1657 ludas
1013 1599 1104 1663 ³⁸;
1152 1612 1315 1670 quam
1362 1599 1433 1655 ob
1478 1611 1697 1653 causam
1747 1595 2041 1651 assentltur

463 1697 629 1751 etiam
681 1694 767 1749 bis
816 1694 907 1762 qui
967 1692 1242 1754 dixerant,
1305 1707 1323 1742 ι
1379 1689 1597 1744 Scimus
1656 1686 1797 1742 unde
1846 1687 1960 1749 sit,
2012 1702 2033 1736 ι

463 1804 561 1859 per
613 1787 726 1842 haec
780 1785 965 1848 verba,
998 1803 1015 1835 ι
1061 1791 1117 1838 et
1169 1794 1256 1837 me
1287 1783 1438 1836 scitis
1484 1780 1627 1835 unde
1673 1779 1796 1835 sim.
1832 1775 2039 1847 9283

2136 597 2355 668 Πατέρα
2404 614 2527 667 μου,
2555 617 2572 650 ι
2628 597 2833 652 ταῦτα’
2871 615 2890 647 ι
2916 593 3090 651 Εἶπαν
3139 593 3233 651 οὖν
3280 596 3430 667 αὐτῷ
3459 596 3512 648 οῖ
3544 597 3713 667 Φαρι-

2138 687 2309 738 σαῖοι·
2374 687 2445 740 Σὺ
2512 686 2639 757 περὶ
2704 684 2933 740 σεαυτοῦ
2988 688 3314 759 μαρτυρεῖς,
3357 687 3390 756 ή
3442 684 3716 755 μαρτυρία

2138 792 2232 830 σου
2273 777 2373 830 οὐκ
2411 777 2557 831 ἐστιν
2588 778 2816 849 ἀληθής.
2862 777 3160 849 Ἀπεκρίθη
3193 780 3221 831 6
3258 776 3483 849 Ἰησοῦς,
3512 776 3608 830 καὶ
3639 770 3715 829 εί-

2137 884 2238 922 πεν
2270 871 2482 934 αὐτοῖς·
2533 868 2652 924 Κᾶν
2690 870 2800 939 ἐγὼ
2852 870 3270 943 μαρτυρῶπερὶ
3300 868 3560 941 ἐμαυτοῦ,
3591 868 3717 939 ἀλη-

2137 961 2236 1032 θής
2270 963 2417 1014 ἐστιν
2443 963 2476 1033 ἡ
2507 961 2782 1033 μαρτυρία
2815 979 2938 1032 μου,
2964 964 3045 1016 ὅτι
3071 958 3190 1015 οἶδα
3220 961 3383 1015 πόθεν
3408 956 3591 1032 ἦλθον,
3620 961 3715 1014 καὶ

2139 1051 2243 1104 ποῦ
2272 1051 2467 1120 ὑπάγω
2485 1068 2500 1081 ⁶
2536 1053 2694 1123 ὑμεῖς
2723 1053 2865 1106 κατὰ
2892 1051 2991 1123 τὴν
3031 1054 3209 1125 σάρκα
3241 1054 3477 1124 κρίνετε,
3513 1051 3623 1121 ἐγὼ
3651 1054 3713 1106 οὐ

2136 1141 2307 1213 κρίνω
2351 1142 2573 1196 οὐδένα·
2609 1144 2704 1197 καὶ
2748 1142 2843 1197 ἐὰν
2889 1144 3060 1213 κρίνω
3104 1144 3161 1197 δὲ
3206 1143 3335 1213 ἐγὼ,
3382 1146 3415 1215 ἡ
3464 1143 3713 1216 κρίσιςή

2138 1236 2245 1304 ἐμὴ
2296 1233 2522 1307 ἀληθινή
2568 1234 2740 1297 ἐστιν,
2792 1235 2875 1288 ὅτι
2928 1235 3089 1306 μόνος
3133 1236 3232 1289 οὐκ
3265 1236 3409 1306 εἰμὶ,
3447 1235 3563 1289 ἀλλ’
3604 1235 3715 1303 ἐγὼ

2137 1328 2233 1380 καὶ
2263 1328 2292 1380 6
2323 1326 2546 1397 πέμψας
2579 1343 2645 1397 με
2685 1328 2932 1398 Πατήρ.»
2964 1327 3131 1399 Δῆλον
3160 1323 3254 1381 οὖν
3275 1330 3340 1381 ἐκ
3378 1327 3605 1390 τούτων,
3631 1328 3718 1380 ὅτι

2137 1420 2242 1473 ὑπὸ
2288 1419 2386 1490 μὲν
2422 1419 2530 1472 τῶν
2567 1418 3008 1490 Ἱεροσολυμιτῶν
3050 1420 3301 1490 ἐλέγετο,
3352 1440 3370 1470 ι
3400 1420 3600 1473 Τοῦτον
3639 1420 3717 1474 οῖ-

2137 1508 2307 1579 δαμεν
2353 1507 2517 1563 πόθεν
2556 1509 2723 1574 ἐστὶν,
2749 1527 2769 1562 ι
2817 1510 3199 1581 ἀναφερόντων
3245 1511 3340 1563 ἐπὶ
3370 1510 3431 1562 τὸ
3473 1510 3530 1564 ἐν
3574 1508 3715 1580 Βηθ⁸

2138 1602 2447 1673 λεὲμαύτὺν
2471 1603 2799 1673 γεγενῆσθαι
2832 1604 2925 1657 καί⁸
2957 1605 3337 1675 ἐπισταμένων
3366 1600 3434 1675 ἦν
3454 1603 3719 1673 (97⁸),ὃτι

2138 1684 2295 1757 οὗτος
2319 1688 2388 1764 ἧν
2416 1687 2477 1747 οῦ
2507 1695 2540 1763 ἠ
2573 1694 2756 1766 μήτηρ
2787 1695 3001 1764 ἐλέγετο
3033 1697 3244 1767 Μαρία,
3286 1696 3380 1750 καὶ
3410 1697 3459 1750 οἱ
3498 1694 3718 1765 ἀδελφοὶ

2142 1783 2306 1836 αὐτοῦ
2344 1782 2625 1847 Ἰάκωϐος,
2667 1784 2763 1838 καὶ
2802 1785 3088 1857 Ἰωάννης,
3121 1786 3216 1840 καὶ
3250 1785 3431 1855 Σίμων
3470 1784 3674 1847 Ἰούδας
3696 1801 3711 1814 ·

461 1882 531 1935 At
590 1878 880 1933 Pbarisaeis
941 1875 1007 1929 de
1063 1873 1313 1928 diviniori
1364 1884 1557 1925 natura
1610 1846 1908 1932 disserens,
1948 1846 2033 1928 et,

2139 1873 2330 1945 διόπερ
2385 1874 2478 1928 καὶ
2542 1878 2811 1947 μαρτυρεῖ
2869 1879 2983 1938 τοῖς
3013 1846 3327 1947 ἐἰρηκόσιν
3346 1916 3361 1939 ,
3419 1893 3437 1925 ι
3480 1876 3719 1946 Οἴδαμεν

461 1985 521 2026 ιιι
564 1970 763 2040 aliquis
815 1968 1046 2029 diceret,
1097 1967 1150 2021 in
1198 1973 1459 2035 quantum
1510 1970 1595 2017 est
1645 1959 2036 2030 primogenitus

462 2064 638 2117 omnis
662 2072 949 2122 creatum,
977 2059 1091 2112 haec
1130 2057 1268 2111 dixit
1302 2074 1315 2109 :
1354 2072 1373 2106 ι
1394 2052 1619 2109 Etiamsi
1653 2066 1753 2122 ego
1777 2051 2037 2105 testiﬁcor

463 2155 528 2210 de
565 2169 651 2210 me
704 2155 842 2223 ipso,
899 2148 1272 2207 testimonium
1304 2160 1486 2201 meum
1534 2157 1726 2198 verum
1759 2151 1873 2205 est,
1907 2140 2034 2210 quia

464 2248 579 2302 scio
615 2246 758 2300 unde
786 2245 912 2299 veni
940 2251 995 2297 et
1015 2254 1124 2312 quo
1155 2240 1295 2293 vado
1315 2237 1382 2290 ".
1408 2256 1428 2289 ι
1464 2233 1831 2303 Quamobrem
1865 2233 2037 2287 inter-

464 2337 779 2407 rogantibus
835 2349 962 2390 eum
996 2341 1182 2387 contra
1220 2330 1357 2392 hac,
1404 2335 1461 2381 et
1511 2324 1838 2389 dicentibus,
1877 2341 1897 2375 ι
1934 2323 2036 2379 Ubi

463 2438 550 2485 est
591 2427 754 2481 Pater
796 2435 922 2479 tuus
950 2422 1031 2477 ὀἳ
1065 2442 1083 2475 ι
1125 2419 1436 2491 respondet,
1470 2425 1528 2470 ut
1577 2415 1776 2484 aliquis
1805 2415 2034 2479 diceret,

466 2520 604 2575 alius
637 2518 905 2572 exsistens
933 2516 1000 2570 ab
1043 2528 1108 2568 eo
1153 2514 1247 2583 qui
1281 2511 1448 2574 dicit,
1482 2527 1501 2560 ι
1527 2509 1593 2563 Ει
1623 2522 1709 2562 me
1734 2506 1890 2562 scitis
1911 2505 1979 2569 “,
2010 2522 2028 2555 ι

466 2625 519 2667 ct
559 2611 736 2681 inquit
765 2629 779 2665 :
816 2627 834 2661 ι
870 2606 1054 2678 Neque
1073 2621 1159 2661 me
1187 2607 1365 2667 scitis,
1400 2617 1574 2673 neque
1598 2601 1818 2656 Patrem
1856 2614 2032 2654 meum

466 2705 535 2758 ".
559 2723 578 2758 ι
605 2702 875 2758 Czeterum
904 2699 1154 2754 ruditatis
1195 2696 1600 2752 Pharisaeorum
1630 2702 1771 2760 erat,
1813 2691 1897 2747 vel
1926 2705 2032 2745 non

466 2795 771 2865 intelligere
812 2789 996 2846 Jesum
1030 2791 1096 2844 de
1128 2788 1239 2843 Deo
1286 2787 1666 2842 universorum
1702 2783 1872 2853 loqui,
1905 2782 2033 2836 dum

468 2884 698 2951 diceret,
760 2903 779 2937 ι
808 2883 1157 2937 Testilicatur
1187 2882 1386 2943 deme,
1417 2879 1510 2948 qui
1545 2876 1693 2931 misit
1731 2890 1836 2937 me,
1871 2873 2035 2928 Pater

465 2974 542 3047 ⁸³;
570 2996 590 3031 ι
622 2978 707 3032 vel
731 2978 777 3032 si
801 2975 1179 3030 intellexerant
1201 2973 1266 3026 de
1294 2970 1401 3025 Deo
1430 2974 1544 3024 haec
1568 2969 1694 3030 dici,
1718 2966 2037 3021 existimare

466 3076 633 3129 Deum
666 3086 784 3127 esse
816 3071 869 3125 in
917 3071 1060 3132 loco,
1105 3078 1160 3121 et
1206 3066 1411 3121 idcirco
1469 3063 1795 3133 respondere
1827 3077 1841 3114 :
1881 3075 1898 3110 ι
1932 3057 2033 3113 Ubi

465 3174 550 3221 est
593 3164 753 3219 Pater
791 3160 948 3217 tuus?
981 3178 999 3210 ι
1029 3157 1229 3213 Verum
1283 3156 1424 3211 scire
1466 3163 1685 3223 oportet
1730 3151 1872 3221 quod
1909 3150 2036 3205 hinc
2060 3181 2104 3240 ε

467 3255 754 3312 manifeste
781 3253 990 3309 ostendi
1023 3258 1215 3320 putent
1263 3246 1528 3309 haeretici,
1562 3245 1771 3308 Deum,
1800 3243 1884 3297 cui
1912 3256 2033 3298 ser-

464 3351 683 3405 viebant
729 3346 920 3410 Judaai,
955 3361 1060 3399 non
1098 3356 1219 3399 esse
1262 3342 1478 3395 Patrem
1530 3336 1773 3391 Christi:
1802 3350 1929 3389 nam
1990 3332 2038 3388 si

467 3442 755 3499 Pliarisrris
797 3437 1163 3495 servientibus
1199 3433 1381 3488 muniti
1421 3428 1673 3485 Eﬂ‘ectori
1702 3469 1717 3492 ,
1753 3429 2032 3495 inquiunt,

467 3536 679 3590 dicebat
703 3533 982 3593 Servatur,
1016 3544 1036 3579 ι
1071 3525 1255 3594 Neque
1280 3539 1365 3575 me
1389 3521 1562 3584 scitis,
1606 3533 1780 3587 neque
1822 3516 2035 3571 Patrem

467 3624 681 3688 meum;
710 3643 729 3676 ι
770 3619 1117 3676 manifestum
1145 3629 1232 3671 est
1258 3612 1566 3668 Pbarisaws
1599 3626 1705 3665 non
1734 3623 1898 3663 nosse
1936 3607 2041 3662 Pa-

469 3728 609 3774 trem
640 3714 767 3773 Jesu
803 3715 1034 3769 alterum
1069 3711 1421 3776 exsistentem
1458 3720 1488 3759 a
1520 3704 1707 3759 mundi
1747 3700 2038 3756 Eﬁ'ectore.

469 3809 578 3866 Sed
633 3823 701 3862 ne
742 3802 1133 3873 lerosolymitre
1165 3798 1407 3869 quidem,
1463 3795 1738 3864 inquiunt,
1778 3806 1902 3847 eum
1938 3805 2039 3845 no-

470 3910 616 3965 rant,
647 3898 846 3969 quibus
892 3905 1054 3961 supra
1107 3892 1359 3946 dixerat:
1397 3906 1418 3940 ι
1450 3886 1557 3942 Sed
1583 3895 1668 3940 est
1713 3898 1898 3950 verax,
1945 3882 2039 3953 qui

474 3993 621 4049 misit
651 4005 757 4056 me,
809 4002 972 4057 quem
1010 4000 1107 4039 vos
1140 3981 1408 4037 nescitis:
1443 3997 1464 4032 ι
1517 3993 1638 4047 quae
1670 3977 1878 4043 dicunt,
1911 3975 2039 4044 quia

471 4100 578 4141 non
617 4083 866 4153 legerunt
895 4078 1211 4146 Scripturas
1239 4071 1474 4138 divinas,
1500 4083 1677 4138 neque
1708 4070 2039 4125 observave-

472 4186 601 4233 runt
653 4150 1097 4229 consuetudinem
1134 4165 1427 4219 Iocutionis
1462 4150 1726 4232 ipsarum.
1774 4157 2042 4226 Quamvis

471 4267 620 4323 enim
647 4263 943 4332 intelligere
967 4259 1089 4328 quis
1116 4255 1427 4327 possitquae
1458 4256 1525 4308 ad
1550 4251 1717 4306 Deum
1743 4250 2039 4321 pertinent,

473 4375 503 4413 a
541 4353 785 4427 patribus
830 4352 1053 4407 edoctus
1104 4348 1230 4404 huic
1269 4347 1369 4401 soli
1416 4342 1767 4399 serviendum
1817 4354 1957 4403 esse,
1997 4338 2042 4393 si

472 4451 620 4504 vivat
651 4448 698 4501 is
731 4462 835 4500 non
858 4445 1019 4507 bene,
1054 4442 1200 4495 hunc
1245 4439 1436 4495 dicunt
1468 4449 1574 4489 non
1614 4433 1814 4488 habere
1849 4432 2041 4502 cogni-

2137 1965 2301 2018 πόθεν
2336 1967 2473 2028 ἐστὶ,
2498 1985 2516 2018 ι
2556 1964 2645 2019 διὰ
2675 1967 2768 2020 τοῦ
2789 1984 2802 1996 ·
2843 1985 2861 2018 ι
2892 1967 3050 2038 Κάμὲ
3081 1966 3260 2021 οἴδατε
3296 1965 3459 2020 πόθεν
3506 1964 3622 2037 είμὶ
3644 1983 3659 1998 ο
3688 1986 3707 2018 ι

2135 2059 2247 2121 τοῖς
2296 2056 2353 2110 δὲ
2400 2058 2713 2129 Φαρισαίοις
2760 2058 2855 2122 τὸ,
2901 2077 2921 2111 ι
2970 2060 3078 2113 Καὶ
3127 2057 3238 2128 ἐγὼ
3279 2060 3542 2131 μαρτυρῶ
3589 2058 3719 2131 περὶ

2135 2149 2393 2219 ἐμαυτοῦ,
2419 2150 2626 2222 ἀληθής
2656 2152 2804 2204 ἐστιν
2830 2154 2863 2223 ἡ
2892 2153 3163 2224 μαρτυρία
3192 2169 3293 2223 μου
3316 2168 3330 2181 ·
3360 2153 3443 2205 ὅτι
3471 2145 3589 2205 οἶδα
3619 2152 3717 2206 πόα

2137 2239 2230 2294 θεν
2255 2235 2439 2312 ἦλθον,
2472 2241 2566 2295 καὶ
2595 2242 2696 2295 ποῦ
2727 2244 2944 2311 ὑπάγω,
2976 2263 2994 2296 ι
3032 2246 3100 2315 τῇ
3129 2242 3378 2316 θειοτέρα
3413 2245 3573 2313 φύσει
3598 2243 3713 2298 διαι

2135 2329 2423 2401 λεγόμενος
2457 2331 2660 2401 ἔφασκε
2690 2333 2882 2395 ταῦτα,
2905 2335 3022 2399 καὶ,
3056 2335 3132 2399 ὡς
3172 2335 3238 2389 ἂν
3272 2334 3417 2388 εἴποι
3457 2351 3562 2398 τις,
3595 2333 3719 2388 καθ’

2134 2421 2163 2474 ὃ
2199 2422 2541 2494 πρωτότοκος
2579 2427 2759 2497 πάσης
2794 2427 3022 2491 κτίσεως
3052 2423 3142 2498 ἦν.
3189 2426 3389 2499 Διόπερ
3426 2430 3539 2491 τοῖς
3583 2429 3719 2499 πρὸς

2134 2512 2305 2567 ταῦτα
2327 2513 2651 2585 πυθομένοις
2681 2516 2843 2569 αὐτοῦ
2875 2518 2970 2570 καὶ
2998 2519 3246 2589 είρηκόσι
3264 2556 3280 2582 ,
3316 2536 3335 2569 ι
3376 2518 3487 2572 Ποῦ
3518 2518 3664 2571 ἐστιν
3691 2520 3719 2569 6

2135 2602 2325 2673 Πατήρ
2357 2619 2491 2669 sou;
2529 2623 2548 2655 ι
2577 2605 2951 2676 ἀποκρίνεται,
2978 2607 3055 2668 ὡς
3103 2607 3170 2661 ἂν
3205 2608 3349 2662 είποι
3395 2626 3499 2672 τις,
3534 2609 3718 2680 ἕτερος

2133 2691 2211 2746 ῶν
2236 2693 2331 2746 τοῦ
2362 2692 2644 2761 λέγοντος,
2680 2713 2698 2745 ι
2729 2696 2889 2767 Κάμέ
2920 2698 3121 2761 οἴδατε,
3159 2716 3179 2751 ι
3220 2700 3315 2754 καί
3348 2716 3480 2771 φησι
3501 2718 3514 2730 ·
3549 2718 3568 2750 ι
3609 2699 3722 2753 Καὶ

2133 2782 2257 2837 οὕτε
2294 2783 2396 2854 ἐμὲ
2418 2783 2617 2848 οἴδατε,
2642 2784 2764 2839 οὔτε
2790 2785 2879 2839 τὸν
2910 2787 3127 2858 Πατέρα
3159 2805 3281 2857 μου.
3319 2806 3342 2840 ι
3377 2787 3536 2841 Κατὰ
3565 2786 3623 2839 δὲ
3655 2785 3721 2839 τὸ

2133 2874 2388 2926 ταπεινὸν
2418 2872 2526 2926 τῶν
2553 2875 2860 2945 Φαρισαίων
2886 2872 2975 2949 ἦν,
3008 2880 3125 2948 ἦτοι
3161 2880 3235 2950 μὴ
3268 2882 3410 2933 νοεῖν
3429 2919 3443 2945 ,
3480 2881 3562 2933 ὅτι
3592 2879 3723 2952 περὶ

2134 2965 2227 3018 τοῦ
2256 2966 2390 3020 Θεοῦ
2423 2967 2530 3019 τῶν
2555 2967 2693 3021 ὅλων
2724 2968 2875 3037 ἐλεγε
2898 2970 2959 3022 τό
2978 3012 2990 3030 ,
3021 2990 3037 3021 ι
3066 2973 3351 3043 Μαρτυρεῖ
3378 2971 3506 3044 περὶ
3533 2972 3669 3043 ἐμοῦ
3689 2973 3719 3025 6

2135 3058 2358 3129 πέμψας
2376 3076 2443 3129 με
2466 3060 2676 3131 Πατὴρ,
2689 3078 2708 3111 ι
2730 3061 2787 3132 ἢ,
2805 3063 2852 3114 εί
2869 3061 3170 3135 ἐξεδέχοντο
3195 3066 3321 3136 περὶ
3340 3064 3453 3136 (98)
3472 3066 3565 3120 τοῦ
3583 3064 3722 3119 Θεοῦ

2135 3150 2307 3205 ταῦτα
2332 3150 2617 3219 λέγεσθαι,
2651 3152 2887 3222 νομίζειν
2910 3196 2925 3220 ,
2954 3155 3036 3208 ὅτι
3068 3156 3127 3208 ἐν
3152 3157 3303 3226 τόπῳ
3325 3158 3472 3211 ἐστὶν
3506 3162 3535 3211 6
3565 3158 3721 3221 Θεὸς,

2138 3243 2233 3296 καὶ
2280 3243 2368 3297 διὰ
2417 3243 2574 3297 τοῦτο
2618 3244 3042 3315 ἀποκρίνεσθαιο
3079 3267 3097 3299 ι
3130 3249 3240 3302 Ποῦ
3282 3249 3429 3304 ἐστιν
3464 3254 3493 3304 6
3526 3252 3724 3324 Πατήρ

2140 3351 2269 3401 dou;
2307 3353 2327 3387 ι
2358 3335 2478 3408 Χρὴ
2507 3336 2688 3407 μέντοι
2730 3352 2794 3405 γε
2821 3339 3038 3403 εἰδέναι,
3071 3341 3155 3394 ὅτι
3199 3342 3249 3394 οί
3280 3342 3576 3415 ἑτερόδοξοι
3606 3344 3719 3415 (99)

2138 3423 2417 3495 νομίζουσι
2481 3425 2669 3495 σαφῶς
2702 3428 2951 3481 ἐντεῦθεν
2996 3430 3363 3500 παρίστασθαι
3400 3432 3462 3486 τὸ
3508 3436 3586 3505 μὴ
3628 3434 3724 3489 τὸν

2139 3515 2271 3570 Θεὸν
2290 3510 2335 3584 ᾧ
2355 3515 2641 3575 ἐλάτοευον
2673 3518 2913 3572 Ἰουδαῖοι
2938 3520 3157 3592 Πατέρα
3177 3517 3314 3576 εῖναι
3339 3525 3432 3579 τοῦ
3460 3526 3722 3595 Χριστοῦ.

2138 3609 2204 3661 Ei
2244 3607 2352 3681 γὰρ
2375 3612 2488 3673 τοῖς
2535 3609 2845 3680 Φαρισαίοις
2890 3610 3208 3682 λατρεύουσι
3253 3614 3329 3685 τῷ
3374 3616 3724 3689 Δημιουργῷ,

2141 3702 2326 3768 φασὶν,
2352 3700 2535 3769 ἔλεγεν
2559 3703 2588 3754 ὁ
2613 3701 2804 3773 Σωτὴρ
2824 3742 2839 3766 ,
2878 3719 2896 3752 ι
2933 3701 3071 3756 Οὔτε
3099 3704 3200 3776 ἐμὲ
3232 3706 3406 3760 οἴδατε
3424 3747 3439 3771 ,
3470 3707 3595 3762 οὗτε
3630 3710 3723 3765 τὸν

2140 3790 2362 3863 Πατέρα
2398 3808 2520 3862 μου,
2547 3809 2566 3842 ι
2603 3792 2791 3860 σαφὲς,
2827 3793 2908 3847 ὃτι
2933 3793 3119 3865 ἕτερον
3167 3795 3293 3850 ὄντα
3324 3797 3417 3851 τοῦ
3455 3801 3726 3871 Δημιουρ-

2142 3883 2239 3952 γοῦ
2278 3884 2369 3937 τὸν
2399 3884 2617 3956 Πατέρα
2650 3885 2842 3957 Ἰησοῦ,
2872 3887 3153 3958 Φαρισαῖοι
3191 3888 3293 3942 οὐκ
3334 3889 3552 3961 ᾔδεσαν.
3583 3891 3727 3945 Ἀλλ’

2141 3978 2264 4031 οὐδὲ
2308 3977 2765 4050 Ἱεροσολυμῖται,
2810 3974 2889 4042 οἷς
2937 3980 3293 4050 προειρήκει,
3333 3999 3351 4032 ι
3377 3980 3515 4035 Ἀλλ’
3578 3982 3726 4037 ἐστιν

2142 4069 2392 4139 ἀληθινὸς
2419 4071 2449 4123 6
2481 4069 2704 4140 πέμψας
2737 4087 2826 4139 με,
2853 4070 2911 4123 δν
2937 4070 3094 4141 ὑμεῖς
3121 4072 3222 4125 οὐκ
3254 4072 3453 4137 οἴδατε,
3498 4094 3517 4127 ι
3548 4075 3723 4130 ταῦτα

2143 4160 2412 4228 λέγουσιν,
2429 4160 2526 4215 ἅτε
2544 4160 2619 4232 μὴ
2640 4162 3006 4228 ἀνεγνωκότες
3028 4159 3126 4225 τὰς
3150 4162 3298 4226 θείας
3322 4163 3565 4234 Γραφὰς,
3586 4167 3721 4237 μηδὲ

2144 4252 2242 4324 τὴν
2291 4250 2576 4323 συνήθειαν
2617 4250 2719 4321 τῆς
2763 4252 2822 4304 ἐν
2866 4253 3057 4317 αὑταῖς
3101 4253 3299 4318 λέξεως
3335 4256 3719 4327 τετηρηκότες.

2145 4343 2267 4398 Κᾶν
2288 4342 2398 4414 γὰρ
2421 4341 2734 4408 διεξοδεύειν
2756 4361 2840 4406 τις
2859 4344 3080 4415 δύνηται
3101 4345 3169 4398 τὰ
3192 4344 3317 4417 περὶ
3346 4346 3502 4411 Θεοῦ,
3533 4349 3595 4401 ἐκ
3621 4366 3727 4402 πα-

2144 4435 2317 4507 τέρων
2349 4434 2703 4506 μεμαθηκὼς,
2729 4438 2811 4489 ὅτι
2835 4438 3010 4507 τούτῳ
3035 4437 3318 4509 λατρεύειν
3344 4440 3490 4510 μόνῳ
3521 4441 3619 4504 δεῖ,
3648 4442 3726 4513 μὴ

475 4544 678 4596 tionem
714 4536 831 4593 Dei.
867 4534 923 4616 Si
966 4532 1250 4605 quisquam
1288 4532 1452 4601 igitur
1479 4528 1618 4583 alius
1645 4528 1796 4581 novit
1820 4538 1943 4593 qum
1975 4522 2040 4577 ad

2149 4526 2253 4597 βιοῖ
2280 4525 2337 4577 δὲ
2370 4523 2581 4616 καλῶς,
2615 4525 2799 4578 τοῦτόν
2833 4544 2995 4595 φασιν
3024 4528 3123 4580 οὐκ
3163 4525 3306 4598 ἐχειν
3338 4527 3539 4596 γνῶσιν
3567 4528 3723 4584 Θεοῦ.

476 4632 662 4689 mundi
686 4618 1010 4685 Effectorem
1042 4625 1339 4696 pertinent,
1368 4632 1423 4676 et
1452 4633 1573 4690 qua:
1614 4619 1681 4672 ad
1712 4616 1919 4672 cultum
1949 4629 2042 4668 sa-

477 4720 829 4784 eerdotalem,
856 4718 1206 4789 perspicuum
1239 4720 1392 4769 certe
1425 4721 1512 4767 est
1562 4711 1707 4764 inter
1736 4711 1837 4762 lios
1877 4706 2045 4760 fuisse

477 4814 619 4869 filios
644 4811 761 4867 Heli
792 4808 1115 4874 sacerdotis,
1146 4804 1239 4874 qui
1278 4802 1467 4857 nutriti
1497 4800 1651 4855 fuere
1675 4800 1727 4853 in
1751 4797 1844 4852 Dei
1874 4796 2045 4850 cultu.

478 4907 731 4959 Attamen
763 4915 829 4956 eo
853 4899 995 4970 quod
1025 4895 1393 4968 peccaverint,
1430 4892 1631 4960 scripta
1664 4899 1794 4945 sunt
1836 4888 1951 4943 bac
1981 4888 2049 4942 de

480 4997 588 5052 illis
630 4995 685 5049 ἱιι
720 4995 894 5064 primo
931 4992 1134 5062 Regum
1159 4988 1251 5043 u’:
1286 5006 1305 5039 ι
1330 4988 1397 5042 Et
1446 4986 1540 5040 lilii
1584 4984 1722 5047 Heli,
1749 4983 1844 5037 lilii
1875 4983 2046 5052 pesti-

479 5090 677 5146 lentes.
706 5075 812 5143 non
851 5090 1219 5156 cognoverunt
1264 5081 1575 5137 Dominum.
1605 5094 1625 5128 ι
1662 5074 1774 5146 [(l)
1807 5073 2047 5128 Interro-

479 5196 668 5254 gemns
692 5179 836 5232 enim
856 5193 950 5230 cos
973 5176 1062 5246 qui
1091 5176 1253 5228 etiam
1280 5179 1488 5226 sectam
1517 5175 2040 5236 sequuntur,annon

550 5321 594 5353 ιτ
625 5320 752 5373 una.
784 5318 980 5385 15seq.

481 5390 529 5423 “
553 5393 686 5453 ibid,
728 5390 815 5444 l8.
888 5382 1146 5454 “‘lReg.
1186 5400 1257 5448 ll,
1283 5382 1373 5438 l2.

554 5529 699 5600 (91")
726 5527 872 5594 Lege
920 5526 1008 5600 hic
1035 5523 1436 5600 emacuit-cvm»;
1485 5520 1590 5600 ὅτι,
1642 5527 1914 5600 expuncto
1953 5512 2047 5588 ἦν’

483 5587 724 5668 quinque
755 5587 935 5668 autem
961 5596 1160 5668 abhinc
1190 5587 1368 5656 Iin'eis,
1396 5591 1609 5659 corrige
1632 5588 1734 5643 κᾶν
1766 5587 1894 5657 ἐγώ,
1929 5587 2052 5657 pro,

484 5664 577 5724 καὶ
609 5664 741 5738 ἐγώ.
775 5665 934 5738 Eutr.
966 5664 1209 5738 _P_ATROL.

523 5809 534 5820 _
557 5727 1227 5820 (98λᾚειρςεδέχοντο.
1252 5733 1342 5790 Sic
1364 5732 1533 5789 codex
1563 5729 1922 5794 Bodleianus;
1948 5727 2055 5783 lio-

488 5806 628 5879 gius,
664 5808 788 5861 ἐπεὶ
809 5806 1132 5876 ἐξεδέχοντο.

1058 5316 1103 5345 ³³
1141 5313 1326 5366 Μηιιιι.
1365 5327 1485 5374 xm,
1512 5308 1602 5363 55.
1679 5307 1721 5339 ³⁹
1748 5306 1904 5362 Joan.
1928 5322 2046 5373 vm,
2082 5307 2170 5360 Η.

2146 4616 2216 4669 Et
2239 4633 2323 4678 τις
2350 4614 2482 4683 γοῦν
2524 4615 2679 4679 ἄλλος
2709 4616 2823 4686 ⁴ᾔδει
2863 4617 2931 4669 τὰ
2961 4618 3089 4686 περὶ
3127 4618 3222 4671 τοῦ
3251 4619 3594 4692 Δημιουργοῦ
3633 4623 3730 4683 καὶ

2146 4709 2246 4780 τῆς
2291 4707 2569 4780 ἱερατικῆς
2613 4708 2777 4762 αὐτοῦ
2822 4708 3116 4779 θεραπείας
3137 4751 3153 4775 ,
3201 4711 3361 4781 δῆλον
3387 4752 3400 4775 ,
3436 4712 3518 4765 ὅτι
3549 4713 3645 4767 καὶ
3677 4713 3729 4766 οι

2160 4797 2316 4855 Ἠλεὶ
2339 4799 2432 4854 τοῦ
2464 4798 2656 4871 ἱερέως
2684 4800 2821 4865 υίοὶ,
2858 4800 3005 4873 παρὰ
3036 4804 3100 4873 τῇ
3136 4802 3359 4874 λατρεία
3388 4804 3730 4878 ἀνατεθραμ-

2155 4892 2305 4961 μένοι
2327 4909 2342 4924 ’
2372 4891 2487 4946 ἀλλ’
2525 4893 2707 4963 ὅμως,
2740 4890 2863 4945 ἐπεὶ
2891 4893 3166 4964 ἥμαρτον,
3204 4896 3513 4967 γέγραπται
3554 4896 3764 4951 ταῦτα’

2154 4981 2285 5054 περὶ⁹
2312 4981 2492 5035 αὐτῶν
2517 4981 2576 5035 ἐν
2608 4984 2672 5053 τῇ
2712 4980 2821 5033 τῶν
2864 4982 3159 5035 Βασιλειῶν
3196 4982 3420 5057 πρώτῃ·
3474 5003 3494 5035 ι
3530 4986 3639 5039 Καὶ
3678 4986 3730 5038 οι

2152 5072 2258 5125 υἱοὶ
2300 5072 2489 5137 Ἠλεὶ,
2533 5073 2639 5125 υἱοὶ
2662 5071 2837 5143 λοιμοὶ
2860 5112 2877 5139 ,
2908 5073 3008 5125 οὐκ
3044 5071 3286 5141 ἔγνωσαν
3332 5073 3422 5128 τὸν
3453 5075 3676 5146 Κύριον.
3706 5095 3724 5124 ι

2150 5165 2486 5237 Πευσώμεθα
2508 5165 2616 5236 γὰρ
2647 5165 2753 5218 τῶν
2783 5163 3121 5234 ἑτεροδόξων,
3157 5166 3205 5218 εί
3245 5165 3319 5238 μὴ
3350 5168 3477 5237 περὶ
3500 5166 3595 5220 τοῦ
3621 5169 3730 5238 Δη-

2280 5307 2322 5338 ⁸·
2341 5307 2469 5361 ibid.
2507 5307 2591 5360 l9.
2697 5305 2910 5361 “Jnau.
2942 5321 3039 5374 vlt,
3069 5305 3161 5363 28.
3237 5304 3283 5337 δ’
3303 5306 3459 5362 Joan.
3485 5322 3605 5373 vin,
3642 5309 3730 5363 l9.

2227 5517 2339 5588 (99)
2361 5517 2484 5586 Xph
2511 5515 2713 5588 μέντοι
2732 5534 2799 5586 γε
2813 5516 3053 5588 ειδέναι,
3070 5516 3156 5570 ὅτι
3178 5518 3232 5570 οἱ
3249 5514 3605 5588 ἑτερόδοξοι,
3620 5522 3732 5588 etc.

2155 5586 2510 5653 Cerduniani,
2542 5586 2891 5650 Marciunitae,
2928 5587 3316 5655 Valentiniani,
3355 5586 3558 5656 aliique
3586 5586 3733 5653 ejus-

2157 5661 2280 5714 dem
2306 5656 2486 5728 ζύμης
2516 5658 2782 5713 haeretici.
2809 5657 3051 5714 Husnus

2227 5728 2307 5801 (ι)
2338 5728 2464 5784 Haec
2490 5743 2520 5784 e
2543 5728 2818 5784 Perionio.
