4196 6430
547 383 648 438 529

1598 382 1957 441 CDMMENT.
1990 384 2057 441 lN
2092 382 2284 438 JOAN.
2320 383 2564 440 TOM~US
2604 385 2744 439 XIX.

3689 389 3793 444 530

547 497 805 571 μιουργοῦ
835 499 1141 572 γέγραπται
1171 501 1250 555 τό·
1288 520 1307 553 ι
1336 503 1450 555 Οὐκ
1472 501 1713 571 ἔγνωσαν
1742 506 1833 558 τὸν
1853 503 2073 576 Κύριον·
2102 522 2119 553 ι

2229 503 2297 556 de
2334 505 2520 561 mundi
2575 503 2781 574 Opilice
2808 504 2912 560 hoc
2946 505 3206 576 scriptum
3234 506 3342 564 sit:
3383 526 3402 559 ι
3430 506 3547 563 Non
3595 475 3791 578 cogno-

548 589 638 643 καὶ
679 590 1122 663 ἀποκρινομένων
1151 631 1166 657 ,
1205 592 1288 646 ὅτι
1325 596 1452 664 περὶ
1489 593 1584 647 τοῦ
1619 594 1963 666 Δημιουργοῦ
2003 598 2121 648 ἐστι

543 678 737 744 ταῦτα,
751 681 1057 754 ζητήσομεν
1070 685 1130 754 (l'.
1156 685 1324 756 σωμ-)
1337 685 1487 740 διὰτί
1499 685 1854 757 εἷρηταιπερὶ
1866 686 1972 739 τῶν
1990 685 2120 740 υἱῶν

554 771 747 833 Ἡλείοι
776 777 890 830 Οὐκ
922 777 1166 846 ἔγνωσαν
1192 779 1283 834 τὸν
1306 780 1530 850 Κύρων·
1568 800 1586 833 ι
1619 781 1844 854 πότερον
1877 782 1965 841 διὰ
1993 784 2121 845 τοὺς

542 867 671 938 περὶ
690 866 823 920 Θεοῦ
842 868 937 922 τοῦ
958 869 1300 943 Δημιουργοῦ
1330 871 1540 940 λόγους,
1565 871 1599 943 ἢ
1628 872 1717 929 διά
1738 872 1837 944 τὴν
1859 874 2121 946 πονηρίαν

543 960 740 1015 αὐτῶν.
776 961 952 1032 Σαφὲς
987 963 1064 1027 δὲ,
1101 963 1182 1017 ὅτι
1218 963 1309 1018 διὰ
1342 963 1442 1035 τὴν
1472 964 1736 1037 πονηρίαν
1763 965 2010 1035 λέγονται
2044 966 2119 1038 μὴ

543 1053 843 1123 ἐγνωκέναι
882 1055 976 1110 τὸν
1011 1055 1242 1130 Κύριον·
1279 1057 1373 1112 καὶ
1411 1056 1472 1112 οὐ
1515 1058 1779 1130 περὶτῶν
1805 1059 1938 1114 υἱῶν
1974 1058 2126 1115 Ἠλεὶ

546 1145 704 1215 μόνον
727 1146 843 1201 ἔστι
877 1147 1033 1202 τοῦτο
1059 1149 1262 1222 εὑρεῖν,
1291 1149 1429 1205 ἀλλά
1452 1151 1548 1204 καὶ
1577 1152 1706 1222 περὶ
1744 1150 1919 1205 ἀλλων
1963 1150 2119 1221 βασι-

543 1236 844 1293 λευσάντων
877 1240 937 1293 ὲν
973 1240 1190 1311 Ἰσραὴλ
1231 1242 1326 1295 καὶ
1370 1242 1539 1297 Ἰούδα
1581 1242 1943 1315 ἁμαρτωλῶν.
1964 1243 2119 1296 Οὕτω

539 1328 718 1382 τοίνυν
743 1331 905 1384 καὶοὶ
929 1332 1210 1401 Φαρισαῖοι
1238 1333 1331 1386 τὸν
1363 1333 1585 1405 Πατέρα
1610 1334 1712 1387 οὐκ
1739 1334 1936 1405 ᾔδεσαν
1955 1351 1969 1365 ·
2000 1334 2118 1390 οὐδὲ

539 1423 650 1493 γὰρ
681 1422 860 1476 ὲὸίουν
890 1424 1032 1477 κατά
1062 1424 1124 1477 τὸ
1147 1422 1239 1477 τοῦ
1286 1424 1629 1497 Δημιουργοῦ
1665 1424 1929 1497 βούλημα.
1962 1427 2118 1480 Ἐστι

540 1511 596 1565 δὲ
634 1514 729 1566 καὶ
772 1514 901 1568 ἀλλο
944 1516 1340 1587 σημαινόμενον
1369 1517 1462 1570 τοῦ
1505 1517 1792 1586 γινώσκειν
1838 1519 1930 1572 τὸν
1962 1519 2115 1584 Θεὸν,

539 1604 730 1676 ἑτέρου
775 1607 928 1671 ὄντος
966 1607 1061 1661 τοῦ
1102 1608 1391 1678 γινώσκειν
1430 1611 1521 1664 τὸν
1556 1611 1688 1666 Θεὸν
1741 1612 1892 1683 παρά
1927 1611 1988 1666 τὸ
2026 1630 2118 1666 πι-

542 1694 753 1749 στεύειν
783 1696 956 1768 ψιλῶς
987 1701 1068 1762 είς
1090 1700 1182 1754 τὸν
1210 1700 1363 1765 Θεὸν,
1398 1702 1474 1766 ῶς
1500 1702 1658 1774 δῆλον
1692 1704 1755 1756 ὲκ
1782 1703 1877 1757 τοῦ
1900 1719 1916 1735 ·
1948 1704 2118 1759 «Ὅσα

536 1787 569 1841 ὁ
591 1787 753 1858 νόμος
767 1788 935 1854 λαλεῖ,
959 1794 1073 1855 τοῖς
1100 1792 1156 1843 ὲν
1179 1791 1257 1863 τῷ
1284 1794 1432 1865 νόμῳ
1456 1793 1605 1848 λαλεῖ
1624 1797 1757 1850 αὐτό
1856 1796 2043 1869 αύτά].
2067 1801 2116 1849 ι’

543 1876 615 1932 Ἣ
637 1879 813 1949 δῆλον,
831 1883 913 1935 ὅτι
943 1882 1179 1948 καὶτοὺς
1207 1887 1512 1957 προφήτας,
1542 1880 1617 1941 ὧν
1635 1892 1650 1910 ”
1668 1887 1738 1941 τά
1768 1890 2009 1960 ῥήματα,
2037 1889 2113 1954 ὡς

536 1970 596 2023 ὲν
627 1969 807 2034 ἀλλοις
843 1972 1239 2045 ἀπεδείξαμεν,
1283 1975 1449 2047 νόμος
1475 1977 1692 2046 λέγεται
1713 1995 1728 2009 ν
1764 1978 1978 2051 εἴρηται
2000 1980 2112 2033 τοί-

536 2078 630 2115 νυν
661 2064 718 2115 έν
749 2063 1025 2134 Ψαλμοῖς·
1068 2084 1086 2115 ι
1127 2064 1455 2135 Σχολάσατε,
1492 2068 1586 2122 καὶ
1637 2067 1844 2137 γνῶτε,
1881 2071 1964 2123 ὅτι
2005 2069 2115 2138 ἐγώ

538 2153 653 2222 εἰμι
681 2154 709 2206 6
738 2152 899 2218 Θεός.
943 2173 961 2205 ι
995 2154 1090 2218 Τίς
1124 2155 1171 2209 δ’
1215 2157 1314 2210 οὐκ
1356 2157 1422 2211 ἂν
1465 2158 1797 2230 ὁμολογήσαι
1828 2160 2115 2215 πιστεῦσαι

536 2242 841 2314 γεγράφθαι
861 2242 1031 2297 ταῦτα
1059 2243 1172 2315 λαῴ
1199 2244 1502 2301 πιστεύοντι
1531 2248 1611 2311 εἰς
1643 2246 1734 2300 τὸν
1754 2248 2112 2320 Δημιουργὸν,

537 2333 718 2389 ὅντινα
739 2334 940 2403 γνῶναι
966 2337 1066 2388 οὐκ
1097 2335 1212 2390 ἔστι
1253 2338 1326 2409 μὴ
1354 2337 1692 2413 σχολάσιῃτα
1709 2378 1724 2403 ,
1757 2340 1852 2393 καί
1876 2339 2114 2394 ἐκκαθά-

541 2443 709 2498 ραντα
771 2426 862 2479 τὸν
922 2425 1078 2492 νοῦν,
1145 2426 1256 2480 τῶν
1323 2412 1590 2483 νοούντων
1649 2431 1744 2485 καὶ
1823 2429 2116 2502 θειοτέροις

536 2516 831 2589 ὀφθαλμοῖς
867 2517 1172 2589 βλεπόντων
1200 2520 1291 2575 τὸν
1326 2520 1461 2575 Θεὸν
1490 2560 1505 2585 ,
1539 2521 1627 2576 διὰ
1658 2523 1718 2576 τὸ
1742 2522 1992 2595 καθαρὰν
2017 2523 2115 2596 τὴν

538 2611 764 2683 καρδίαν
785 2612 1160 2685 πεποιηκέναι,
1180 2613 1279 2683 τῆς
1297 2613 1517 2684 χάριτος
1529 2613 1734 2686 ταύτης
1760 2614 2112 2687 ἀξιουμένων,

540 2703 614 2769 ὡς
644 2705 673 2756 ὁ
695 2705 886 2777 Σωτὴρ
915 2707 1184 2776 μαρτυρεῖ
1209 2704 1383 2774 λέγων
1407 2723 1420 2737 ·
1456 2725 1473 2757 ι
1505 2707 1785 2779 Μακάριοι
1809 2710 1858 2761 οἱ
1884 2708 2117 2781 καθαροὶ

539 2798 605 2866 τῇ
637 2794 856 2867 καρδίᾳ,
883 2797 964 2850 ὅτι
986 2796 1141 2850 αὐτοὶ
1163 2796 1255 2849 τὸν
1283 2796 1416 2849 Θεὸν
1442 2796 1684 2866 ὅψονται;
1717 2817 1737 2850 ι
1766 2799 1918 2869 Ἅμα
1942 2798 1997 2851 δὲ
2021 2800 2115 2854 καὶ

540 2887 678 2958 πρὸς
708 2887 795 2951 τὸ,
829 2905 848 2938 ι
885 2886 1074 2950 Οὐδεὶς
1101 2886 1242 2955 ἔγνω
1283 2886 1375 2941 τὸν
1404 2886 1622 2959 Πατέρα
1656 2890 1706 2942 ει
1736 2888 1811 2960 μὴ
1840 2891 1869 2943 ὁ
1895 2889 2044 2953 Υίὸς,
2091 2909 2111 2941 ι

540 2982 808 3052 φήσομεν,
824 2979 984 3035 ὅτιού
1000 2979 1195 3033 ταυτόν
1222 2980 1339 3032 ἐστι
1367 2978 1428 3033 τὸ
1453 2979 1742 3048 γινώσκειν
1764 2980 1855 3035 τὸν
1874 2982 2112 3053 Πατέρα,

540 3074 633 3127 καὶ
664 3071 940 3126 πιστεύειν
986 3071 1155 3144 αὐτῷ.
1197 3073 1559 3144 Ού·μάχεται
1599 3069 1694 3127 οὖν
1742 3073 1826 3134 τὸ,
1872 3094 1890 3127 ι
1929 3076 2117 3140 Οὐδεὶς

539 3166 681 3235 ἔγνω
707 3166 798 3219 τὸν
830 3165 1052 3237 Πατέρα
1108 3167 1157 3219 εἰ
1194 3165 1269 3238 μὴ
1297 3168 1327 3219 6
1368 3165 1528 3232 Υίὸς,
1576 3185 1599 3219 ι
1631 3165 1761 3237 τῷί
1798 3168 2115 3223 Ἐπίστευσε
2144 3196 2188 3254 C

538 3256 596 3310 δὲ
630 3256 880 3328 ’Δϐραάμ
899 3254 978 3327 τῷ
1000 3255 1139 3326 Θεῷ,
1158 3256 1253 3311 καὶ
1274 3255 1528 3327 ἐλογίσθη
1559 3255 1709 3327 αὐτῷ
1732 3258 1814 3322 εἰς
1843 3258 2119 3313 δικαιοσύ-

538 3365 655 3419 νην.
696 3367 715 3400 ι
748 3349 812 3401 Et
845 3347 903 3402 δέ
933 3364 1019 3412 τις
1067 3346 1239 3402 οίεται
1263 3349 1409 3418 ἡμᾶς
1449 3347 1735 3419 βιάζεσθαι
1765 3349 2020 3419 λέγοντας
2044 3350 2119 3422 μὴ

537 3439 731 3495 ταυτὸν
757 3436 897 3493 εῖναι
926 3440 987 3493 τὸ
1015 3439 1293 3494 πιστεύειν
1319 3439 1398 3511 τῷ
1425 3439 1746 3509 γινώσκειν,
1775 3443 1871 3495 καὶ
1905 3441 2118 3513 ἐνδέχε-

540 3533 663 3587 σθαι
694 3531 975 3586 πιστεύειν
1008 3531 1242 3602 μὲν,ούκ
1266 3530 1411 3602 ἔχειν
1438 3531 1495 3585 δὲ
1520 3530 1722 3600 γνῶσιν
1750 3531 1845 3587 τοῦ
1864 3549 2117 3589 πιστευο-

543 3625 705 3696 μένου
732 3626 824 3678 ὑπ’
864 3623 1051 3689 αὑτοῦ,
1080 3622 1175 3677 τοῦ
1203 3623 1380 3694 Ἰησοῦ
1398 3623 1685 3677 ἀκουσάτω
1714 3624 1961 3691 λέγοντος
1984 3627 2120 3699 πρὸς

537 3719 664 3781 τοὺς
689 3702 1121 3780 πεπιστευκότας
1143 3716 1293 3787 αύτῷ
1336 3716 1657 3780 Ἱουδαίους’
1695 3735 1715 3769 ‹
1738 3716 1864 3775 Ἐὰν
1901 3718 2120 3791 μείνητε

540 3811 599 3865 ιν
626 3809 706 3880 τῷ
733 3809 879 3879 λόγῳ
906 3808 986 3879 τῷ
1016 3808 1165 3880 ἐμῷ,
1191 3806 1463 3878 γνώσεσθε
1496 3809 1596 3880 τὴν
1633 3808 1892 3879 ἀλήθειαν
1915 3848 1931 3874 ,
1965 3810 2061 3863 καὶ
2086 3812 2120 3881 ἡ

539 3902 770 3974 ἀλήθεια
809 3900 1164 3973 ἐλευθερώσει
1219 3901 1385 3972 ὑμᾶς.
1429 3919 1448 3952 ι
1498 3901 1816 3973 Παρατήρει
1849 3901 1995 3975 γάρ,
2038 3903 2122 3961 ὅτι

542 3991 650 4064 πρὸ
673 3991 791 4056 τοῦ,
820 4010 839 4044 ι
881 3992 1003 4046 Ἐἀν
1027 3991 1247 4064 μείνητε
1278 3993 1336 4045 έν
1360 3991 1439 4063 τῷ
1463 3990 1605 4063 λόγῳ
1631 3992 1711 4063 τῷ
1740 3993 1881 4065 ὲμῷ,
1911 3993 2119 4066 γνώσε-

543 4083 636 4136 σθε
667 4084 766 4154 τὴν
792 4081 1071 4153 ἀλήθειαν,
1102 4101 1121 4135 ι
1154 4082 1462 4152 γέγραπται
1483 4098 1497 4113 ·
1534 4082 1794 4152 «Ἔλεγεν
1819 4079 1912 4139 οὖν
1939 4086 1969 4139 6
2012 4086 2120 4160 Ἰη-

541 4176 668 4239 σοῦς
706 4175 841 4247 πρὸς
883 4176 1009 4239 τοὺς
1050 4174 1402 4241 πιστεύοντας
1436 4175 1586 4247 αύτῷ
1627 4176 1937 4243 Ἰουδαίους·
1975 4197 1995 4230 ι
2030 4182 2124 4235 καὶ

540 4268 575 4321 ἃ
610 4265 794 4334 ἔλεγεν
830 4262 934 4338 ἦν’
989 4285 1009 4318 ι
1045 4266 1171 4321 Ἐὰν
1217 4267 1438 4339 μείνητε
1469 4268 1527 4320 έν
1559 4265 1638 4336 τῷ
1680 4266 1824 4339 λόγῳ
1862 4268 1943 4340 τῷ
1981 4270 2120 4342 ὲμῷ,

543 4357 817 4427 γνώσεσθε
847 4358 947 4430 τὴν
982 4358 1259 4430 ἀλήθειαν.
1295 4379 1315 4413 ι
1354 4360 1495 4413 Πολὺ
1533 4359 1591 4414 δὲ
1622 4360 1869 4434 διαφέρει
1895 4363 1958 4417 τὸ
1986 4364 2125 4436 πρὸς

541 4449 620 4522 τῷ
644 4452 920 4505 πιστεύειν
944 4452 1276 4521 ἐγνωκέναι,
1315 4451 1411 4509 τοῦ
1456 4454 1736 4509 πιστεύειν
1773 4456 1962 4527 μόνον·
1999 4476 2019 4510 ι
2051 4452 2123 4531 ᾯ

546 4543 644 4613 μὲν
681 4543 789 4616 γὰρ
831 4544 923 4598 διά
956 4544 1051 4597 τοῦ
1099 4545 1415 4616 Πνεύματος
1462 4546 1661 4601 δίδοται
1702 4547 1860 4617 λόγος
1907 4550 2119 4620 σοφίας,
2152 4531 2200 4595 Ῐ)

541 4632 687 4703 ἄλλῳ
709 4633 765 4687 δὲ
788 4632 944 4702 λόγος
967 4633 1220 4703 γνώσεως
1247 4634 1389 4688 κατά
1415 4634 1477 4688 τὸ
1512 4636 1646 4690 αὐτὸ
1673 4635 1919 4710 Πνεῦμα,
1949 4639 2123 4712 ἑτέρῳ

543 4725 728 4788 πίστις
760 4726 817 4780 ὲν
846 4724 924 4796 τῷ
946 4724 1096 4796 αὐτῷ
1121 4724 1418 4796 ΙΙνεύματι.
1452 4745 1471 4778 ι
1508 4729 1620 4783 Καὶ
1642 4727 1815 4783 ταῦτα
1853 4731 1953 4801 μὲν
1983 4731 2123 4804 ὑπὲρ

541 4816 636 4871 τοῦ
663 4818 1008 4890 παραστῆσαι
1035 4818 1220 4889 ἕτερον
1250 4815 1388 4872 εἶναι
1412 4818 1474 4871 τὸ
1497 4818 1859 4888 γινώσκεσθαι
1877 4823 1967 4876 τὸν
1988 4824 2122 4878 Θεὸν

494 4930 501 4935 ·
542 4910 637 4963 τοῦ
684 4909 1052 4965 πιστεύεσθαι.
1105 4910 1193 4974 Ὧς
1230 4909 1289 4964 δὲ
1324 4911 1463 4983 πρὸς
1492 4911 1806 4982 τὸάκριδὲς
1840 4914 1936 4974 καὶ
1965 4914 2127 4973 τοῦτο

510 5066 523 5079 ,ἡ
544 5005 655 5066 τοῖς
675 5001 983 5073 εἰρημένοις
1007 5001 1522 5074 προσαποδώσομεν,
1540 5004 1622 5059 ὅτι
1651 5004 1788 5075 πρὸς
1812 5004 1906 5069 οὓς
1937 5023 2121 5080 φησιν,

551 5112 569 5144 ι
602 5090 738 5146 Οὔτε
781 5093 883 5163 ἐμὲ
923 5092 1101 5146 οἴδατε
1125 5133 1140 5157 ,
1183 5091 1308 5146 οὔτε
1348 5093 1441 5146 τὸν
1480 5093 1704 5165 Πατέρα
1738 5110 1875 5164 μου,
1907 5115 1926 5147 ι
1961 5098 2129 5172 Φαρι-

546 5182 750 5245 σαίους,
786 5180 1023 5249 εὐλόγως
1064 5181 1132 5234 ἂν
1169 5176 1292 5234 εἶπέ
1335 5197 1451 5245 τιςο
1492 5180 1631 5234 Ἀλλ’
1677 5181 1799 5236 οὐδὲ
1840 5186 2127 5241 πιστεύετε

545 5275 624 5337 εἰς
669 5273 761 5326 τὸν
809 5272 1031 5344 Πατέρα
1077 5289 1205 5344 μου·
1247 5271 1327 5345 τῷ
1359 5273 1469 5344 γὰρ
1496 5273 1853 5329 ἀποσταλέντι
1880 5277 1992 5332 ἀπὸ
2033 5280 2128 5341 τοῦ

548 5364 761 5434 Πατρὸς
817 5364 916 5417 ούκ
955 5363 1313 5418 ἐπίστευσαν·
1369 5382 1389 5416 ι
1440 5364 1498 5417 '0
1549 5363 1606 5418 δὲ
1642 5365 1975 5438 ἀρνούμενος
2036 5369 2133 5425 τὸν

550 5453 697 5520 Υίὸν,
734 5473 753 5506 ι
787 5453 1035 5524 οὐδαμῶς
1069 5473 1089 5505 ι
1126 5454 1218 5507 τὸν
1259 5454 1479 5525 Πατέρα
1521 5453 1673 5525 ἔχει’
1712 5475 1732 5509 ι
1763 5458 1858 5511 καὶ
1881 5459 2132 5531 οὐδαμῶς

550 5565 725 5621 φημι,
758 5547 840 5602 ὅτι
887 5545 1012 5601 οὔτε
1041 5546 1182 5601 κατά
1214 5544 1550 5616 πίστιν,οΰτε
1572 5547 1713 5602 κατὰ
1740 5548 1960 5619 γνῶσιν.
1988 5551 2130 5624 Ὅρα

550 5640 606 5696 δὲ
638 5642 688 5694 εί
718 5641 794 5711 μὴ
824 5640 919 5694 καὶ
948 5638 1124 5704 ἄλλως
1165 5648 1200 5719 ἡ
1235 5638 1427 5710 Γραφὴ
1483 5640 1611 5704 τοὺς
1654 5640 2130 5717 ἀνακεκραμένους

618 5758 666 5790 ’⁸⁸
700 5756 855 5827 Rom.
894 5773 976 5825 ιιι,
1006 5756 1092 5813 l9.
1166 5757 1215 5790 “
1237 5756 1382 5827 Psal.
1420 5772 1540 5824 τιν,
1567 5758 1655 5813 10.
1726 5760 1775 5794 ’⁵⁷
1805 5761 1995 5817 Matth.
2016 5780 2068 5827 ν,
2098 5765 2168 5823 8.’

2221 604 2418 652 verunt
2447 594 2897 668 Domiuuin;r]et
2935 597 3389 666 respondentibus
3429 598 3538 653 illis
3581 598 3696 653 hac
3724 597 3792 651 ad

2222 686 2406 741 mundi
2441 684 2758 741 Eﬂectorem
2786 687 3079 755 pertinere,
3098 701 3408 762 qqpremus
3441 686 3793 755 quamobrem

2222 779 2289 833 de
2343 778 2468 833 tiliis
2497 779 2609 836 Heli
2634 780 2839 836 dictum
2865 781 2938 835 sit
2966 800 2980 836 ι
3015 800 3034 833 ι
3065 779 3183 836 Νοιι
3207 787 3583 850 cognoverunt
3611 777 3794 833 Domi-

2224 886 2392 939 num;
2428 891 2448 927 ι
2487 881 2667 928 utrum
2702 883 2922 943 propter
2960 874 3203 930 rationes
3255 872 3321 928 de
3352 871 3460 928 Deo
3493 870 3676 925 mundi
3708 867 3792 923 fa-

2221 965 2516 1030 bricatore,
2541 981 2609 1023 an
2639 977 2859 1039 propter
2893 967 3157 1023 malitiam
3187 966 3449 1036 ipsorum.
3486 963 3593 1020 Sed
3624 962 3794 1032 liquet

2219 1066 2443 1127 propter
2458 1057 2744 1122 malitiam,
2770 1072 2865 1114 eos
2890 1059 2997 1114 dici
3025 1073 3130 1114 non
3159 1059 3446 1129 agnovisse
3466 1055 3750 1111 Dominum
3775 1071 3789 1109 :

2219 1161 2379 1215 quam
2411 1162 2525 1201 rem
2568 1162 2675 1202 non
2728 1148 2902 1203 solum
2937 1149 2992 1203 in
3028 1149 3155 1203 ﬁliis
3195 1146 3311 1202 Heli
3361 1145 3608 1202 invenire
3643 1143 3793 1206 licet,

2221 1253 2408 1293 verum
2436 1239 2602 1295 etiam
2639 1238 2691 1295 in
2721 1238 2865 1302 aliis,
2896 1238 2991 1307 qui
3017 1254 3141 1295 cum
3172 1237 3449 1310 regnarint
3472 1237 3527 1289 in
3557 1233 3795 1302 lraelet

2217 1326 2427 1391 Iudaea,
2472 1338 2787 1398 peccatores
2833 1328 3005 1384 fuere.
3058 1329 3167 1385 Isto
3220 1328 3383 1400 igitur
3431 1326 3589 1381 modo
3626 1322 3793 1380 etiam

2219 1418 2477 1474 Pharisaei
2512 1418 2726 1475 Patrem
2760 1434 2868 1473 non
2914 1429 3132 1481 norant,
3165 1434 3287 1473 cum
3317 1432 3422 1472 non
3453 1416 3699 1469 viverent
3725 1424 3795 1469 ex

2219 1510 2489 1567 sententia
2508 1512 2694 1567 mundi
2718 1509 3029 1567 Eﬂ‘ectoris.
3062 1510 3229 1583 284
3248 1511 3384 1565 Cum
3414 1517 3596 1563 autem
3620 1507 3797 1562 diver-

2220 1619 2293 1659 sae
2320 1605 2432 1660 sint
2458 1602 2889 1674 signiﬁcationes
2940 1603 3270 1672 agnoscendi
3301 1600 3494 1666 Deum,
3516 1601 3792 1656 diversum

2219 1710 2435 1767 quoque
2486 1705 2571 1752 est
2618 1710 2921 1766 agnoscere
2968 1695 3137 1749 Deum
3191 1703 3247 1748 et
3289 1694 3520 1749 credere
3565 1691 3709 1746 nude
3739 1689 3792 1743 in

2225 1794 2417 1858 Deum,
2450 1803 2511 1847 ut
2550 1792 2720 1863 liquet
2763 1808 2833 1849 ex
2884 1807 2950 1848 eo
2972 1790 3021 1824 “
3051 1807 3067 1846 :
3106 1809 3127 1844 ι
3164 1790 3379 1846 Scimus
3416 1796 3600 1843 autem
3648 1784 3790 1855 quod

2219 1898 2553 1954 quaecunque
2587 1883 2674 1939 lex
2705 1882 2965 1954 loquitur,
3002 1881 3233 1936 nisime
3265 1879 3521 1950 loquatur
3544 1877 3637 1948 qui
3665 1881 3791 1930 sunt

2219 1979 2320 2033 sub
2353 1978 2521 2049 lege.»
2556 1979 2574 2000 ‘
2601 1977 2685 2032 An
2722 1991 2827 2032 non
2871 1974 3212 2044 perspicuum
3250 1982 3334 2027 est
3361 1972 3527 2027 etiam
3559 1967 3793 2040 prophe-

2221 2081 2327 2135 tas,
2376 2072 2652 2140 quorum‘
2683 2068 2870 2131 verba,
2926 2078 2983 2120 ut
3017 2067 3071 2120 in
3114 2064 3236 2119 aliis
3283 2062 3650 2126 ostendimus,
3704 2056 3793 2114 lex

2220 2159 2494 2213 dicuntur.
2523 2157 2733 2212 Dictum
2765 2167 2849 2212 est
2880 2157 3043 2227 igitur
3074 2157 3127 2211 in
3154 2153 3443 2210 Psalmis“
3472 2171 3487 2207 :
3527 2149 3791 2212 tVacate,

2220 2258 2278 2304 et
2310 2250 2614 2320 agnoscite,
2636 2248 2781 2320 quod
2809 2263 2910 2318 ego
2934 2262 3057 2303 sum
3093 2246 3252 2301 Dens.
3278 2262 3298 2298 ι
3319 2244 3453 2311 Quis
3475 2251 3656 2298 autem
3682 2256 3791 2297 non

2221 2344 2483 2398 fateretur
2515 2357 2578 2399 se
2603 2344 2831 2397 credere
2859 2342 2975 2396 lucc
2999 2339 3206 2409 scripta
3237 2336 3408 2391 fuisse
3438 2333 3639 2405 populo
3672 2346 3792 2387 cre-

2218 2435 2369 2490 denti
2403 2435 2456 2490 in
2493 2434 2677 2489 mundi
2702 2432 2998 2502 Opiﬂcem;
3046 2444 3211 2500 quem
3237 2440 3533 2499 agnoscere
3562 2439 3669 2480 non
3699 2439 3795 2479 va-

2221 2526 2350 2592 leat,
2391 2524 2485 2594 qui
2519 2539 2629 2581 non
2660 2523 2889 2591 vacarit,
2940 2520 3352 2591 puriﬁcaritque
3386 2524 3659 2581 mentem;
3710 2512 3793 2569 di-

2219 2619 2343 2690 gnis
2391 2620 2497 2675 hoc
2531 2633 2760 2674 munere
2796 2616 2996 2671 habitis
3034 2614 3123 2670 bis
3167 2613 3260 2680 qui
3301 2610 3477 2668 oculis
3509 2606 3795 2664 diviniori-

2222 2713 2323 2768 bus
2350 2713 2517 2770 Deum
2553 2712 2924 2773 considerant,
2949 2708 3242 2776 videntque
3269 2703 3395 2775 quia
3411 2717 3509 2757 cor
3534 2704 3792 2756 mundum

2222 2806 2483 2869 fecerint,
2537 2802 2995 2874 quemadmodum
3047 2809 3277 2857 testatur
3306 2796 3569 2852 Dominus
3609 2793 3796 2848 dicens

2221 2900 2300 2954 δτι
2331 2917 2350 2951 ι
2380 2897 2531 2954 Beati
2561 2897 2764 2952 mundo
2786 2894 3114 2965 corde,quia
3136 2893 3239 2963 ipsi
3271 2894 3441 2949 Deum
3461 2886 3789 2946 videbunt?»

2223 2989 2398 3045 Simul
2442 2989 2606 3044 etiam
2645 2990 2697 3042 iu
2733 3002 2799 3042 eo
2851 2985 3084 3042 dicto“.
3146 3003 3167 3037 ι
3222 2984 3393 3040 Nemo
3429 2980 3647 3052 agnovit
3694 2978 3797 3034 Pa-

2221 3087 2385 3147 trem,
2416 3080 2523 3135 nisi
2558 3078 2751 3144 Filius,
2773 3095 2792 3129 ι
2843 3076 3043 3132 dicturi
3101 3089 3311 3133 sumus.
3356 3088 3462 3129 non
3498 3074 3639 3129 idem
3673 3083 3797 3126 esse

2222 3184 2522 3242 agnoscere
2560 3168 2781 3224 Patrem
2831 3177 2888 3221 et
2948 3164 3026 3219 illi
3067 3163 3314 3219 credere.
3353 3161 3503 3219 Unde
3545 3160 3676 3215 illud
3711 3158 3799 3214 di-

2219 3271 2371 3319 ctum
2403 3302 2419 3327 ,
2454 3279 2474 3314 ι
2503 3258 2674 3315 Nemo
2725 3256 2946 3329 agnovit
2991 3255 3227 3318 Patrem,
3263 3253 3366 3308 nisi
3407 3252 3597 3315 Filius,
3629 3268 3648 3303 ι
3687 3265 3794 3306 non

2219 3363 2425 3427 pugnat
2459 3368 2584 3410 cum
2610 3353 2752 3408 boc:
2789 3367 2810 3402 ι
2840 3347 3086 3406 Credidit
3120 3356 3300 3401 autem
3345 3344 3626 3401 Abraham
3658 3344 3792 3411 Deo,

2219 3455 2275 3501 et
2302 3445 2630 3514 imputatum
2654 3436 2741 3497 est
2765 3440 2841 3495 illi
2873 3439 2943 3496 ad
2963 3437 3232 3507 justitiam
3256 3435 3324 3493 δ’.
3357 3455 3375 3487 ι
3410 3435 3566 3504 Quod
3600 3434 3645 3491 si
3672 3434 3798 3504 quis

2219 3536 2496 3592 existimet
2525 3551 2628 3591 nos
2659 3534 2769 3590 vim
2811 3532 3013 3600 facere,
3049 3532 3140 3601 qui
3198 3532 3447 3585 dicamus
3495 3543 3606 3582 non
3648 3527 3794 3582 idem

2219 3645 2344 3688 esse
2389 3631 2618 3687 credere
2650 3630 2796 3700 quod
2841 3643 3163 3697 agnoscere,
3216 3627 3646 3695 eontingereque
3696 3620 3797 3675 ali-

2221 3725 2442 3795 quando
2470 3732 2529 3778 ut
2558 3723 2758 3794 aliquis
2788 3724 2978 3778 credat
3028 3722 3121 3793 qui
3161 3736 3266 3776 non
3294 3719 3500 3775 habent
3526 3716 3796 3788 cognitio-

2220 3831 2347 3872 nem
2377 3816 2458 3872 rei
2485 3817 2555 3872 ab
2586 3816 2706 3887 ipso
2730 3816 2978 3879 creditae,
3012 3813 3204 3873 Iesum
3229 3813 3413 3869 audiat
3431 3813 3701 3868 dicentem
3726 3806 3796 3864 ad

2219 3922 2317 3965 eos
2364 3908 2457 3980 qui
2511 3909 2565 3963 in
2628 3908 2806 3978 ipsum
2861 3908 3228 3974 crediderant,
3277 3907 3618 3978 Iudaeos“:
3658 3921 3681 3957 ι
3734 3904 3795 3960 Si

2223 4001 2537 4057 manseritis
2565 4001 2624 4056 in
2659 4016 2915 4058 sermone
2952 4016 3098 4066 meo,
3146 4001 3458 4071 agnoscetis
3487 3999 3796 4063 veritatem,

2223 4095 2278 4145 et
2297 4089 2507 4145 veritas
2536 4088 2793 4145 liberabit
2828 4104 2949 4145 vos.
2975 4109 2994 4142 ι
3022 4088 3266 4146 Observa
3301 4088 3448 4144 enim
3493 4087 3636 4159 quod
3672 4097 3800 4142 ante

2224 4194 2287 4235 ea
2342 4182 2531 4248 verba,
2577 4198 2598 4234 ι
2632 4178 2689 4235 Si
2717 4181 3035 4238 manseritis
3061 4182 3115 4237 in
3149 4194 3405 4236 sermone
3438 4194 3580 4248 meo,
3625 4193 3799 4249 agno-

2224 4273 2390 4329 scetis
2435 4274 2786 4340 veritatem,»
2831 4274 3094 4344 scriptum
3152 4273 3267 4328 sit:
3307 4291 3325 4324 ι
3358 4271 3585 4328 Dicebat
3636 4269 3800 4342 igitur

2223 4362 2380 4418 Jesus
2400 4362 2467 4416 ad
2498 4376 2593 4418 eos
2617 4363 2712 4432 qui
2742 4362 3094 4420 crediderant
3120 4362 3223 4429 illi,
3244 4361 3494 4428 Iudaeos;
3520 4380 3540 4415 ι
3574 4364 3628 4416 et
3649 4361 3795 4432 quod
3858 4397 3864 4402 ο

2224 4468 2345 4524 qua:
2376 4454 2595 4518 dixerit,
2612 4455 2727 4510 haec
2754 4463 2952 4511 erant:
2992 4474 3013 4507 ι
3047 4452 3107 4511 Si
3127 4453 3441 4510 manseritis
3470 4453 3524 4509 in
3548 4467 3800 4509 sermone

2227 4559 2369 4610 meo,
2398 4544 2706 4615 agnoscetis
2746 4545 3050 4600 veritatem.
3081 4562 3100 4596 ι
3135 4543 3300 4599 Multa
3335 4552 3515 4598 autem
3539 4550 3625 4599 est
3648 4540 3802 4599 diffe-

2228 4639 2401 4694 rentia
2429 4638 2573 4693 inter
2603 4651 2934 4708 cognoscere
2965 4635 3298 4705 coniunctim
3331 4650 3454 4691 cum
3486 4635 3716 4690 credere
3745 4645 3802 4689 et

2226 4731 2370 4786 inter
2404 4731 2629 4787 credere
2666 4730 2841 4786 solum
2869 4748 2885 4785 :
2916 4748 2935 4782 ι
2973 4729 3079 4784 Alii
3110 4729 3253 4785 enim
3284 4742 3381 4798 per
3408 4725 3670 4795 Spiritum
3705 4723 3804 4778 da-

2207 4832 2317 4881 :lﬂl‘
2347 4837 2528 4879 sermo
2580 4824 2884 4894 sapientiae,
2917 4821 3008 4876 alii
3033 4830 3217 4878 autem
3262 4833 3446 4876 sermo
3470 4816 3801 4888 cognitionis

2226 4916 2523 4971 secundum
2575 4915 2826 4969 eumdem
2874 4911 3163 4982 Spiritum,
3192 4909 3284 4965 alii
3336 4910 3469 4964 iides
3514 4908 3567 4963 in
3606 4907 3799 4963 eodem

2225 5007 2433 5078 Spiritu
2459 5007 2528 5061 ".
2550 5024 2570 5058 ι
2595 5004 2665 5060 Ει
2702 5005 2816 5062 haec
2841 5003 3088 5075 quidem,
3118 5012 3179 5058 ιιι
3208 5000 3625 5059 ostenderemus
3651 4998 3801 5054 aliud

2223 5106 2347 5153 esse
2380 5105 2678 5163 agnoscere
2722 5091 2926 5154 Deum,
2959 5089 3028 5145 ab
3083 5104 3150 5145 eo
3183 5089 3328 5160 quod
3367 5095 3454 5141 est
3490 5082 3799 5140 crederedn

2226 5186 2417 5240 Deum.
2449 5182 2565 5239 Hoc
2592 5197 2721 5238 vero
2746 5182 2891 5251 quod
2923 5183 2992 5237 ad
3042 5186 3356 5236 accuratam
3398 5174 3801 5248 interpretatio-

2229 5290 2352 5330 nem
2375 5276 2591 5343 attlnet,
2625 5274 2716 5330 his
2740 5287 2862 5344 quae
2895 5273 3135 5328 diximus
3162 5272 3427 5329 addemus
3449 5311 3465 5336 ,
3498 5267 3697 5324 merito
3718 5267 3802 5329 ad

2225 5365 2554 5431 Pbarisaeos,
2582 5365 2781 5434 quibus
2811 5364 2989 5436 inquit
3014 5363 3194 5431 Iesus,
3230 5381 3250 5417 ι
3283 5361 3471 5435 Neque
3507 5376 3593 5416 me
3621 5358 3799 5435 scitis,

2226 5474 2402 5529 neque
2426 5458 2644 5515 Patrem
2670 5473 2850 5517 meum
2866 5458 3216 5526 “,ialiquem
3238 5457 3550 5512 dicturum:
3576 5452 3684 5509 Sed
3707 5468 3805 5507 ne—
3872 5496 3875 5499 λ

2226 5567 2333 5622 que
2361 5551 2415 5607 in
2448 5550 2666 5606 Patrem
2694 5565 2872 5606 meum
2901 5550 3162 5615 creditis;
3190 5563 3316 5601 cum
3343 5546 3417 5612 ei,
3441 5545 3533 5617 qui
3564 5560 3595 5599 a
3636 5542 3803 5598 Patre

2227 5643 2426 5699 missus
2467 5640 2673 5704 fuerat,
2728 5655 2854 5697 non.
2888 5639 3257 5707 crediderint;
3301 5646 3358 5695 et
3392 5656 3407 5694 :
3448 5657 3468 5691 ι
3496 5636 3600 5705 Qui
3639 5644 3804 5709 negat

2233 5763 2493 5819 “Matth.
2526 5763 2713 5827 x1,27.
2788 5761 2836 5794 δ’
2855 5761 2994 5819 Gen.
3027 5760 3200 5829 xv,6;
3236 5759 3396 5818 Rom.
3421 5775 3498 5829 tv,
3521 5759 3586 5829 ὃς
3624 5756 3799 5815 Galat.

526 5838 632 5896 ‘tu,
664 5828 727 5896 6;
754 5825 871 5885 Jac.
909 5843 968 5897 ιι,
1001 5827 1093 5883 25.
1164 5828 1217 5862 ⁵⁸
1242 5826 1400 5885 Joan.
1429 5834 1551 5896 vni,
1588 5829 1798 5900 51,32.
1868 5833 1918 5865 ⁸⁸
1949 5832 1970 5888 l
1996 5825 2122 5892 Cor.
2157 5850 2251 5906 ιιι,
2287 5833 2416 5903 8,9.
2492 5835 2537 5867 ⁵³
2562 5825 2717 5890 Joan.
2751 5847 2870 5904 rut,
2902 5830 2990 5891 l9.
