4196 6420
455 365 554 420 551

1906 370 2230 428 ORIGENIS

3605 373 3710 428 552

459 477 682 543 Filium,
705 477 749 532 is
777 491 845 532 ne
869 475 1088 534 Patrem
1118 495 1138 530 ι
1167 479 1388 535 omnino
1421 500 1439 532 «
1460 483 1680 552 quidem
1709 485 1870 541 habet
1893 487 1941 519 ”
1969 507 2024 542 τι

2148 490 2236 542 τινὶ
2268 488 2361 542 καὶ
2399 487 2696 550 ἑνωθέντας
2728 485 3030 554 ’γινώσκειν
3065 485 3240 538 ἐκεῖνό
3287 503 3446 554 φασιν
3468 473 3500 550 ,’
3535 481 3580 549 ᾧ
3613 491 3708 542 ἀν-

455 570 811 639 omuinoque,
838 569 1081 639 inquam,
1112 573 1238 640 quia
1285 587 1463 640 neque
1512 578 1811 631 secundum
1843 579 2022 642 iidem,

457 677 637 732 neque
683 663 977 718 secundum
1023 665 1408 734 cognitionem.
1457 667 1591 722 Vide
1630 684 1760 725 vero
1802 687 1870 726 an
1923 688 2029 727 non

459 755 568 809 alio
594 755 762 810 etiam
793 754 952 812 modo
979 755 1264 826 Scriptura
1315 758 1462 812 dicat
1509 774 1606 814 eos
1632 762 1722 830 qui
1755 762 1920 818 alicui
1953 764 2030 818 rei

457 849 734 904 commisti
789 849 1034 917 unitique
1090 849 1311 914 fuerint,
1367 851 1516 906 illam
1571 867 1889 923 agnoscere,
1943 856 2032 910 cui

460 940 734 995 commisti
782 941 984 994 fuerint
1021 943 1688 1013 communicaverintque;
1718 954 1845 1000 ante
1874 946 2034 1002 talem

458 1044 594 1085 vero
623 1031 902 1096 unionem,
934 1039 986 1085 et
1015 1032 1478 1098 communionem,
1525 1035 1742 1090 etiamsi
1792 1037 2033 1093 rationes

459 1121 640 1190 aliqua
670 1121 736 1176 de
767 1136 824 1177 re
852 1131 1236 1191 assequantur,
1256 1137 1361 1177 non
1387 1138 1684 1194 agnoscere
1706 1127 1876 1182 illam.
1899 1129 2038 1184 Hinc

462 1210 626 1282 285
659 1211 829 1265 Adam
870 1226 993 1265 cum
1033 1211 1239 1266 diceret
1281 1213 1348 1268 de
1391 1214 1522 1280 Eva,
1559 1233 1580 1267 «
1615 1217 1729 1272 Hoc
1777 1236 1921 1274 nunc
1973 1235 2039 1276 os

461 1315 529 1357 ex
556 1303 770 1358 ossibus
810 1303 966 1367 meis,
999 1312 1053 1358 et
1103 1317 1235 1358 caro
1281 1304 1348 1359 de
1388 1321 1556 1361 carne
1604 1324 1720 1364 mea
1749 1311 1815 1376 “,
1861 1331 1880 1364 ι
1931 1328 2038 1366 ιιοιι

464 1392 796 1464 agnoscebat
825 1393 1148 1463 coniugem;
1193 1409 1318 1449 cum
1357 1410 1486 1453 vero
1527 1397 1602 1452 illi
1640 1401 1890 1465 adhaesit,
1925 1411 2037 1457 tum

465 1485 669 1539 dictum
695 1493 778 1540 est
804 1486 932 1539 illud
959 1503 972 1538 :
1013 1502 1032 1536 «
1053 1486 1285 1554 Agnovit
1313 1496 1495 1543 autem
1525 1491 1698 1545 Adam
1724 1492 1886 1546 Evam
1910 1510 2044 1548 con-

461 1576 647 1646 iugem
670 1591 823 1631 suam
844 1577 914 1632 ".
943 1595 962 1628 ι
994 1574 1148 1641 Quod
1177 1576 1223 1631 si
1251 1577 1375 1646 quis
1407 1578 1648 1646 irrideat,
1673 1585 1818 1652 quod
1843 1584 1910 1639 de
1945 1586 2036 1640 Dei

467 1667 778 1738 cognitione
807 1677 1104 1724 tractantes
1127 1669 1502 1737 acceperimus
1548 1669 1679 1726 illud
1708 1677 2040 1746 exemplum,

473 1758 768 1830 «Cognovit
792 1770 970 1815 autem
995 1761 1163 1815 Adam
1191 1760 1355 1814 Evam
1381 1760 1668 1833 coniugem
1697 1779 1906 1830 suam,i
1927 1768 2040 1834 pri-

2131 579 2444 650 εκράθησαν
2471 579 2564 630 καὶ
2589 578 3048 646 κεκοινωνήκασι·
3095 576 3199 646 πρὸ
3238 576 3293 628 δὲ
3329 577 3424 646 τῆς
3453 577 3711 649 τοιαύτης

2133 669 2378 733 ἐνώσεως
2404 669 2497 722 καὶ
2525 666 2823 730 κοινωνίας,
2853 666 2956 720 κᾶν
2981 668 3108 730 τοὺς
3136 665 3326 734 λόγους
3359 666 3714 737 καταλαμϐά-

2133 777 2264 813 νωσι
2309 759 2437 831 περι
2481 775 2662 822 τινος,
2708 759 2768 811 οὐ
2816 756 3175 825 γινώσκουσιν
3217 759 3412 812 ἐκεῖνο.
3474 757 3532 812 '0
3579 758 3712 826 γοῦν

2148 851 2319 922 Ἀδὰμ
2349 851 2478 921 περῖ⁵
2508 850 2607 920 τῆς
2635 848 2778 912 Εὔας
2800 849 2973 917 λέγων
2998 888 3012 913 ,
3050 867 3069 900 «
3099 846 3268 902 Τοῦτο
3299 847 3394 900 νῦν
3420 847 3611 902 ὀστοῦν
3648 850 3713 902 ἐκ

2133 942 2242 996 τῶν
2269 941 2470 994 ὀστέων
2501 957 2621 1010 μου,
2657 939 2752 993 καὶ
2782 938 2919 1011 σὰρξ
2949 940 3014 992 ἐκ
3042 939 3140 1009 τῆς
3167 938 3367 1010 σαρκός
3397 956 3520 1009 μου,
3553 956 3573 990 ι
3610 938 3712 992 οὐκ

2135 1033 2252 1104 ᾔδει
2284 1033 2384 1103 τὴν
2411 1035 2674 1100 γυναῖκα·
2711 1031 2800 1084 ὅτε
2834 1031 2942 1102 γὰρ
2986 1032 3122 1102 αὐτῇ
3156 1030 3421 1100 ἐκολλήθη
3441 1069 3456 1092 ,
3481 1029 3603 1082 τότε
3636 1029 3713 1081 εἴ-

2139 1140 2298 1193 ρηται
2318 1138 2331 1151 ο
2369 1123 2584 1189 «Ἔγνω
2609 1121 2667 1174 δέ
2705 1121 2874 1190 Ἀδὰμ
2899 1120 3042 1174 Εὔαν
3072 1122 3171 1193 τὴν
3197 1123 3430 1188 γυναῖκα
3463 1119 3648 1174 αὐτοῦ.
3688 1139 3707 1170 ι

2139 1216 2248 1267 Καὶ
2277 1215 2330 1266 εἴ
2353 1213 2436 1277 τίς
2460 1231 2523 1281 γε
2556 1214 2889 1285 προσκόπτοι
2929 1213 3016 1266 διὰ
3043 1214 3104 1265 τὸ
3137 1212 3534 1283 παρειληφέναι
3568 1215 3716 1282 ἡμᾶς

2139 1307 2218 1366 εις
2236 1302 2334 1374 τὴν
2364 1304 2492 1374 περὶ
2516 1302 2652 1355 Θεοῦ
2685 1303 2885 1371 γνῶσιν
2917 1302 3265 1372 παράδειγμα
3293 1301 3354 1354 τὸ
3372 1342 3388 1366 ,
3418 1303 3635 1369 «Ἔγνω
3658 1301 3715 1354 δὲ

2154 1395 2323 1466 Ἀδὰμ
2346 1395 2447 1465 τὴν
2486 1397 2718 1462 γυναῖκα
2765 1393 2930 1446 αὐτοῦ
2953 1434 2967 1458 ,
3011 1414 3028 1444 ι
3064 1393 3280 1464 πρῶτον
3307 1393 3407 1463 μὲν
3438 1392 3549 1462 τῷ,
3589 1411 3607 1444 «
3643 1392 3716 1444 Τὸ

2145 1486 2440 1556 μυστήριον
2468 1484 2625 1538 τοῦτο
2657 1484 2796 1555 μέγα
2823 1485 2970 1538 ἐστὶν
3002 1503 3020 1536 ι
3051 1485 3397 1556 ἐπιστησάτω
3418 1503 3432 1516 ·
3468 1485 3719 1557 δεύτερον

2141 1577 2198 1630 δέ
2238 1577 2650 1648 ἀντιπαραθέτω
2689 1576 2750 1629 τὸ
2777 1577 2904 1648 περὶ
2931 1576 3158 1647 ἄρρενος
3194 1577 3288 1630 καὶ
3315 1577 3534 1648 θηλείας
3565 1578 3718 1646 λεγό-

2145 1685 2306 1738 μενον
2353 1667 2508 1739 παρά
2551 1668 2631 1738 τῷ
2678 1667 2981 1737 Ἀποστόλῳ
3011 1671 3100 1738 (τῇ
3157 1669 3292 1738 αὐτῇ
3336 1667 3477 1732 λέξει
3523 1669 3720 1739 χρῆται

2147 1759 2274 1830 περὶ
2297 1757 2582 1829 ἀνθρώπου
2619 1759 2712 1810 καὶ
2743 1758 2945 1828 Κυρίου
2971 1751 3050 1824 [2]
3080 1763 3121 1826 )·
3157 1777 3176 1810 «
3215 1758 3273 1811 Ὀ
3305 1758 3661 1829 κολλώμενος,
3697 1779 3715 1810 ι

470 1863 618 1904 ιιιιιιιι
651 1850 872 1920 quidem
913 1849 1041 1904 illud
1075 1851 1120 1904 is
1159 1859 1310 1904 notet
1339 1869 1351 1903 :
1389 1869 1407 1902 «
1438 1850 1551 1907 [loc
1581 1857 1900 1924 mysterium
1926 1873 2041 1911 ma-

2148 1851 2278 1921 φησὶ
2309 1851 2407 1920 ('5),
2443 1869 2461 1901 ι
2497 1853 2563 1920 τῇ
2599 1850 2770 1921 πόρνῃ
2801 1850 2859 1902 ἓν
2884 1849 3042 1920 σῶμά
3071 1851 3186 1903 ἐστι
3211 1867 3224 1880 ·
3262 1850 3356 1903 καὶ
3383 1852 3412 1902 6
3444 1851 3720 1922 κολλώμεο

468 1954 635 2010 gnum
668 1950 751 1996 est
776 1940 855 2007 ⁸⁶;
895 1960 914 1992 ι
949 1941 1147 1996 deinde
1185 1951 1368 1995 autem
1406 1953 1639 2012 apponat
1693 1954 1747 2000 et
1796 1947 2044 2003 conferat

473 2032 618 2104 quod
651 2033 853 2089 dicitur
887 2033 1028 2102 apud
1061 2032 1380 2102 Apostolum
1424 2036 1492 2088 de
1537 2050 1686 2091 mare
1735 2047 1790 2091 et
1838 2039 2040 2096 femina

471 2125 620 2196 (nam
646 2125 834 2180 eadem
869 2126 1106 2181 dictione
1135 2125 1305 2178 utitur
1335 2124 1400 2177 de
1439 2128 1656 2182 homine
1680 2139 1734 2184 et
1754 2131 1823 2185 de
1855 2132 2039 2186 Domi-

471 2221 612 2285 no),
666 2234 686 2268 «
727 2216 828 2283 Qui
890 2217 1166 2282 adhaeret,
1202 2237 1220 2269 ι
1280 2219 1530 2288 inquiens
1550 2219 1617 2285 ⁸⁷,
1679 2225 2039 2288 «meretrici,

469 2322 640 2363 unum
677 2318 761 2364 est
787 2323 1026 2378 corpus;
1055 2319 1109 2365 et
1135 2311 1226 2379 qui
1251 2312 1496 2366 adhaeret
1525 2312 1776 2382 Domino,
1799 2332 1937 2370 unus
1959 2326 2044 2372 est

469 2394 719 2464 spiritus.
744 2415 762 2448 ι
797 2395 985 2466 Itaque
1016 2401 1107 2468 qui
1159 2399 1399 2453 adhaeret
1455 2404 1750 2470 meretrici,
1788 2407 2043 2460 meretri-

472 2499 590 2540 cem
604 2497 896 2556 agnoscat;
920 2490 1012 2558 qui
1039 2492 1280 2548 adhaerct
1301 2494 1542 2565 conjugi,
1571 2496 1852 2566 conjugem
1879 2513 2043 2567 agno-

473 2586 612 2644 scat,
644 2579 774 2646 imo,
805 2582 989 2651 potius
1023 2599 1186 2652 quam
1220 2586 1347 2652 hoc,
1381 2588 1469 2656 qui
1507 2589 1746 2642 adhzeret
1789 2587 2042 2655 Domino,

472 2678 530 2724 et
561 2679 748 2726 sancte
801 2682 1062 2740 agnoscat
1089 2673 1398 2730 Dominum.
1433 2677 1586 2744 Quod
1639 2679 1683 2733 si
1727 2681 1841 2735 haec
1879 2681 1951 2735 ita
1983 2698 2042 2738 se

474 2762 697 2826 habent,
727 2763 983 2820 Pharisaei
1023 2780 1129 2820 non
1163 2777 1360 2822 norant
1388 2784 1567 2838 neque
1618 2769 1832 2826 Patrem
1871 2789 2046 2842 neque

472 2851 709 2921 Filium,
749 2869 1015 2925 verusque
1043 2867 1125 2912 est
1153 2871 1332 2913 sermo
1371 2858 1556 2914 dicens
1584 2858 1664 2914 ⁵³ε
1699 2880 1717 2912 «
1743 2861 1926 2932 Neque
1961 2881 2046 2920 me

473 2945 650 3012 scitis,
687 2961 859 3017 neque
891 2950 1105 3004 Patrem
1147 2967 1346 3006 meum.
1389 2973 1410 3006 ι
1457 2954 1512 3008 Si
1540 2969 1670 3009 vero
1732 2956 1838 3010 isto
1887 2957 2046 3011 modo

474 3053 583 3093 non
618 3052 972 3108 exponamus,
998 3041 1121 3096 dico
1146 3051 1325 3097 autem
1355 3045 1654 3098 secundum
1686 3045 1933 3098 ultimam
1965 3046 2050 3099 iu-

477 3129 854 3200 telligentiam,
898 3134 1126 3188 verbum
1173 3152 1490 3206 agnoscere;
1537 3151 1635 3206 pro
1671 3151 1735 3191 eo
1768 3135 1914 3207 quod
1961 3146 2050 3192 est

473 3223 819 3278 commisceri
851 3234 906 3279 et
931 3226 1096 3294 uniri,
1134 3238 1370 3297 exponat
1399 3229 1597 3298 aliquis
1625 3228 1751 3283 illud
1787 3247 1799 3282 :
1841 3245 1862 3280 «
1894 3228 2050 3284 Nunc

475 3322 655 3368 autem
690 3327 1051 3384 agnoscentes
1106 3318 1295 3386 Deum,
1337 3319 1509 3390 magis
1561 3329 1744 3375 autem
1799 3320 1968 3390 agniti
2019 3335 2050 3375 a

476 3401 588 3458 Deo
612 3403 689 3466 ”;
726 3422 748 3457 ι
789 3414 844 3460 et
875 3405 1008 3460 illud
1037 3424 1052 3460 :
1103 3423 1122 3457 «
1143 3407 1375 3475 Agnovit
1409 3406 1668 3462 Dominus
1693 3421 1788 3462 eos
1813 3405 1901 3476 qui
1925 3416 2051 3461 sunt

477 3485 685 3568 ejus'“.
711 3517 732 3551 ι
770 3497 982 3554 Judicio
1021 3501 1164 3554 enim
1211 3514 1354 3562 meo,
1389 3500 1610 3572 agnovit
1655 3499 1915 3554 Dominus
1956 3513 2050 3553 eos

479 3588 572 3657 qui
598 3597 727 3645 sunt
755 3588 895 3658 eju‘s,
932 3595 1249 3647 commistus
1275 3593 1402 3659 illis,
1439 3603 1492 3648 et
1522 3608 1676 3648 suam
1712 3593 1883 3662 ipsius
1911 3592 2051 3646 divi-

479 3681 711 3738 nitatem
765 3683 874 3739 illis
922 3686 1294 3756 participans,
1335 3699 1727 3756 assumensque
1778 3685 1946 3753 ipsos,
1995 3691 2052 3738 ut

480 3773 796 3844 evangelica
821 3775 985 3830 lectio
1011 3775 1198 3842 habet,
1223 3777 1274 3831 in
1293 3793 1388 3832 sua
1417 3778 1589 3847 ipsius
1611 3792 1773 3831 manu
1805 3794 1820 3831 :
1852 3777 2054 3845 quippe

483 3879 606 3919 cum
633 3865 688 3920 in
723 3866 975 3922 manibus
1001 3868 1114 3922 sint
1135 3867 1440 3939 Patris,qui
1460 3867 1809 3923 crediderunt
1836 3868 1890 3921 in
1921 3866 2051 3922 Ser-

478 3961 725 4009 vatorem
756 3971 770 4008 :
820 3957 1174 4026 quamobrem
1207 3957 1374 4011 etiam
1413 3972 1519 4011 non
1555 3957 1856 4026 rapientur,
1886 3957 1942 4010 ni
1984 3956 2053 4010 ab

482 4045 601 4113 ipsa
629 4043 827 4098 cadant
858 4044 1174 4115 clongantes
1199 4061 1258 4104 se
1281 4063 1311 4101 a
1339 4063 1502 4102 manu
1545 4048 1676 4112 Dei;
1704 4047 1884 4102 nullus
1905 4048 2052 4100 enim

480 4149 577 4191 eas
610 4136 751 4204 rapit
788 4137 853 4192 de
885 4153 1046 4192 manu
1077 4138 1347 4197 Patris“.
1384 4141 1514 4195 Post
1556 4140 1671 4194 haec
1724 4139 1966 4208 iuquires
2000 4140 2052 4192 in

481 4226 617 4284 illud
669 4229 910 4295 dictum,
966 4231 1188 4302 «Neque
1242 4248 1330 4288 me
1373 4234 1568 4297 nostis,
1603 4247 1778 4302 neque
1833 4231 2054 4287 Patrem

481 4334 666 4376 meum
693 4321 757 4384 ⁸³,
789 4339 810 4372 ι
850 4338 977 4376 num
1022 4324 1094 4378 sit
1132 4324 1327 4394 aliquis
1354 4325 1444 4394 qui
1492 4332 1754 4393 agnoscat
1797 4322 1966 4377 Deum
1999 4332 2056 4377 et

485 4408 704 4467 Patrem
733 4427 842 4467 non
876 4426 1187 4482 cognoscat.
1220 4413 1358 4468 Nam
1382 4415 1427 4469 si
1466 4413 1568 4468 alia
1595 4413 1740 4468 illius
1771 4411 1918 4466 notio
1950 4423 2053 4474 est,

485 4503 544 4559 in
575 4512 836 4572 quantum
865 4505 1049 4572 Pater,
1082 4507 1185 4560 alia
1221 4507 1274 4561 in
1304 4516 1568 4576 quantum
1602 4507 1774 4572 Deus,
1805 4505 2057 4560 fortassis
2089 4538 2134 4593 Β

2146 1960 2236 2006 νος
2285 1941 2364 2012 τῷ
2402 1944 2592 2012 Κυρίῳ
2633 1941 2690 1994 ἐν
2725 1942 2943 2012 πνεῦμά
2989 1945 3153 1995 ἐστιν.
3195 1961 3214 1993 ι
3265 1943 3581 2011 Ἐγνωκέτω
3624 1943 3722 2013 μὲν

2144 2031 2237 2089 οῦν
2257 2037 2284 2088 ὁ
2308 2034 2644 2106 κολλώμενος
2675 2037 2741 2105 τῇ
2773 2035 2947 2106 πόρνῃ
2975 2032 3070 2105 τὴν
3101 2035 3327 2106 πόρνην,
3357 2035 3450 2088 καὶ
3473 2038 3501 2088 6
3531 2035 3724 2088 κολλώ-

2147 2145 2307 2198 μενος
2338 2131 2403 2198 τῇ
2431 2128 2648 2196 γυναικὶ¹
2680 2127 2778 2197 τὴν
2805 2129 3058 2195 γυναῖκα,
3089 2126 3285 2198 μᾶλλον
3320 2127 3376 2178 δέ
3405 2127 3594 2179 τούτου
3627 2127 3722 2179 καὶ

2145 2222 2315 2289 ἁγίως
2343 2221 2628 2288 ἐγνωκέτω
2649 2222 2677 2273 6
2701 2218 3036 2288 κολλώμενος
3059 2217 3133 2288 τῷ
3165 2218 3354 2288 Κυρίῳ
3383 2217 3473 2270 τὸν
3495 2216 3721 2287 Κύριον.

2144 2313 2208 2365 Εἰ
2249 2311 2307 2364 δέ
2352 2311 2494 2364 τοῦθ’
2527 2311 2697 2374 οὕτως
2729 2310 2876 2380 ἔχει,
2919 2312 3198 2381 Φαρισαῖοι
3241 2310 3332 2362 τὸν
3375 2308 3593 2380 Πατέρα
3623 2309 3723 2361 οὐκ

2144 2405 2360 2476 ᾔδεσαν,
2383 2403 2502 2456 οὐδὲ
2529 2403 2619 2456 τὸν
2650 2401 2796 2465 Υἱὸν,
2816 2403 2911 2456 καὶ
2928 2401 3131 2472 ἀληθὴς
3153 2397 3222 2472 ἦν
3244 2403 3273 2452 6
3318 2400 3491 2468 λέγων
3514 2417 3528 2428 ο
3556 2398 3722 2452 ιυῠτε

2146 2498 2245 2566 ἐμέ
2276 2497 2452 2549 οἴδατε
2472 2534 2486 2558 ,
2519 2494 2640 2548 οῦτε
2668 2495 2760 2547 τὸν
2791 2494 3008 2564 Πατέρα
3038 2511 3159 2564 μου.
3204 2512 3223 2544 ι
3255 2494 3317 2545 El
3356 2491 3412 2544 δέ
3445 2493 3518 2562 μὴ
3549 2489 3724 2555 οὕτως

2146 2588 2475 2659 ἐκλαμϐάνοι
2484 2604 2602 2658 μεν,
2621 2587 2762 2654 λέγω
2781 2585 2836 2638 δέ
2863 2585 3002 2638 κατὰ
3023 2585 3118 2656 τὴν
3142 2584 3454 2637 τελευταίαν
3475 2583 3723 2653 ἐκδοχὴν,

2145 2681 2208 2733 τὸ
2230 2678 2567 2749 γινώσκειν,
2610 2678 2729 2730 ἀντὶ
2759 2676 2874 2742 τοῦ,
2909 2675 3315 2747 ἀνακεκρᾶσθαι
3341 2675 3434 2728 καὶ
3465 2673 3722 2744 ἡνῶσθαι,

2147 2772 2437 2842 διηγείσθω
2467 2787 2550 2833 τις
2589 2770 2649 2822 τὸ
2671 2807 2686 2831 ,
2716 2787 2734 2819 «
2773 2767 2884 2821 Νῦν
2910 2767 2967 2820 δέ
2998 2767 3218 2836 γνόντες
3248 2767 3414 2829 Θεὸν,
3451 2766 3647 2836 μᾶλλον
3669 2765 3726 2819 δι

2147 2862 2478 2932 γνωσθέντες
2505 2860 2609 2913 ὑπὸ
2636 2859 2727 2912 τοῦ
2753 2858 2918 2923 Θεοῦ,
2957 2877 2974 2910 ι
3011 2859 3106 2911 καὶ
3139 2858 3198 2910 τό
3217 2874 3230 2887 ·
3265 2877 3285 2907 ί
3316 2858 3498 2925 Ἔγνω
3525 2855 3725 2925 Κύριος

2147 2957 2273 3017 τοὺς
2320 2955 2478 3016 ὂντας
2528 2951 2694 3005 αὑτοῦ
2721 2968 2733 2980 ·
2777 2969 2795 3002 ι
2830 2949 2973 3004 κατὰ
3015 2948 3124 3021 γὰρ
3165 2951 3312 3020 ἡμᾶς
3345 2947 3486 3016 ἔγνω
3527 2947 3728 3017 Κύριος

2147 3049 2273 3110 τοὺς
2297 3047 2456 3109 ὄντας
2490 3043 2652 3098 αὑτοῦ
2682 3042 3010 3114 ἁνακραθεὶς
3051 3043 3262 3106 αὐτοῖς,
3298 3042 3393 3095 καὶ
3436 3040 3730 3111 μεταδεδω-

2151 3140 2260 3204 κὼς
2287 3139 2468 3202 αὐτοῖς
2495 3138 2596 3206 τῆς
2631 3134 2821 3190 ἐαυτοῦ
2853 3135 3145 3206 θειότητος,
3181 3136 3274 3188 καί
3307 3133 3608 3205 ἀνειληφὼς
3633 3134 3730 3186 αὓ-

2151 3234 2297 3294 τοὺς,
2321 3231 2397 3293 ὡς
2421 3232 2456 3299 ἡ
2490 3228 2584 3282 τοῦ
2612 3227 2945 3297 Εὐαγγελίου
2979 3226 3122 3290 λέξις
3152 3228 3334 3298 φησιν,
3368 3228 3448 3289 εἰς
3477 3227 3576 3294 τὴν
3608 3227 3728 3277 ἐαυ-

2151 3319 2245 3375 τοῦ
2272 3323 2450 3391 χεῖρα,
2480 3321 2537 3372 ἐν
2566 3321 2631 3388 τῇ
2667 3318 2808 3389 χειρὶ
2832 3317 2926 3370 τοῦ
2953 3317 3161 3387 Πατρὸς
3196 3316 3363 3369 ὄντων
3393 3315 3497 3368 τῶν
3531 3315 3609 3377 εἰς
3640 3314 3731 3365 τὸν

2151 3411 2378 3481 Σωτῆρα
2422 3410 2898 3462 πεπιστευκότωνο
2939 3408 3019 3461 διὸ
3064 3407 3160 3461 καὶ
3200 3408 3248 3459 εἰ
3286 3406 3360 3477 μὴ
3392 3406 3606 3458 πέσοιεν
3635 3406 3729 3456 ἀπ’

2151 3502 2344 3572 αὐτῆς,
2369 3501 2595 3564 ἑαυτοὺς
2619 3499 2983 3570 μακρῦνοντες
3009 3499 3116 3551 ἀπὸ
3139 3498 3237 3569 τῆς
3258 3497 3437 3568 χειρὸς
3458 3495 3550 3549 τοῦ
3573 3495 3729 3559 Θεοῦ,

2150 3594 2248 3662 οὑχ
2272 3592 2681 3664 ἁρπαγήσονται
2705 3609 2716 3620 ·
2751 3591 2924 3653 οὐδεὶς
2951 3590 3059 3660 γὰρ
3081 3587 3314 3659 ἁρπάζει
3335 3591 3399 3641 ἐκ
3425 3589 3522 3657 τῆς
3552 3586 3731 3656 χειρὸς

2150 3685 2244 3738 τοῦ
2274 3683 2502 3754 Πατρός.
2528 3682 2684 3738 Μετὰ
2707 3681 2877 3736 ταῦτα
2891 3679 3144 3752 ζητήσεις
3161 3684 3238 3744 εἰς
3254 3682 3314 3733 τὸ
3329 3679 3480 3741 αὐτὸ,
3499 3679 3641 3746 λέγω
3653 3678 3730 3742 δέ,

2159 3775 2322 3830 «Οὔτε
2340 3774 2439 3844 ἐμὲ
2453 3774 2649 3836 οἴδατε,
2663 3773 2781 3826 οὐδὲ
2797 3775 2858 3843 (Ῑ.
2877 3771 3022 3842 οὔτε)
3041 3772 3129 3825 τὸν
3145 3771 3359 3841 Πατέρα
3383 3788 3506 3840 μου,
3522 3789 3538 3818 ι
3555 3771 3602 3822 ει
3618 3768 3734 3821 ἐστι

2154 3866 2491 3937 γινώσκοντὰ
2517 3883 2639 3920 τινα
2666 3866 2757 3919 τὸν
2783 3865 2917 3918 Θεὸν
2951 3865 3024 3934 μὴ
3056 3862 3345 3932 γινώσκειν
3369 3862 3459 3915 τὸν
3480 3861 3731 3930 Πατέρα·

2155 3961 2205 4012 εἰ
2236 3959 2345 4030 γὰρ
2377 3959 2539 4030 ἐτέρα
2572 3957 2736 4012 αὑτοῦ
2766 3957 2977 4010 ἐπίνοιὰ
3001 3960 3139 4018 ἐστι,
3171 3955 3291 4008 καθ’
3325 3955 3352 4008 ὃ
3379 3957 3494 4006 ἐστι
3523 3953 3732 4022 Πατὴρ,

2157 4045 2248 4098 καὶ
2289 4045 2450 4115 ἑτέρα
2494 4045 2614 4097 καθ’
2644 4045 2672 4097 ὃ
2703 4048 2849 4097 ἐστιν
2877 4047 2904 4097 6
2933 4043 3085 4106 Θεὸς,
3113 4045 3252 4113 τάχα
3281 4042 3396 4095 ἐστι
3423 4041 3544 4094 τινὰ
3569 4039 3733 4108 γινώ-

2158 4153 2310 4192 σκειν
2353 4138 2453 4208 μὲν
2501 4139 2591 4192 τὸν
2630 4138 2797 4201 Θεὸν,
2851 4137 2926 4208 μὴ
2969 4136 3258 4205 γινώσκειν
3287 4136 3345 4188 δὲ
3373 4136 3465 4188 τὸν
3493 4135 3733 4204 Πατέρα,

2157 4231 2309 4302 παρὰ
2344 4230 2405 4283 τὸ
2433 4225 2572 4283 εἷναι
2597 4231 2759 4283 αὐτὸν
2796 4231 2958 4294 Θεὸν,
2993 4230 3067 4301 μὴ
3098 4227 3384 4297 γινώσκειν
3416 4227 3472 4279 δέ
3499 4226 3589 4278 τὸν
3622 4227 3735 4278 Πα-

2158 4323 2310 4394 τέρα.
2356 4323 2524 4394 Φησὶν
2563 4318 2656 4376 οῦν
2705 4325 2733 4376 6
2781 4323 2973 4393 Σωτὴρ
3023 4321 3159 4392 μετὰ
3203 4320 3300 4390 τὴν
3332 4318 3623 4370 ἀνάστασιν
3668 4319 3734 4386 τῇ

2159 4414 2378 4486 Μαρίῳ
2415 4431 2432 4464 «
2468 4413 2706 4484 Πορεύου
2751 4413 2807 4466 δὲ
2842 4413 2977 4484 πρὸς
3007 4414 3131 4474 τοὺς
3169 4409 3428 4479 ἀδελφούς
3461 4425 3561 4479 μου
3587 4449 3601 4472 ,
3644 4409 3738 4460 καὶ

2160 4507 2281 4559 εἰπὲ
2317 4505 2533 4568 αὐτοῖς·
2573 4504 2884 4576 Πορεύομαι
2932 4503 3068 4576 πρὸς
3097 4502 3187 4555 τὸν
3227 4501 3447 4571 Πατέρα
3482 4517 3615 4571 μου,
3645 4501 3738 4553 καὶ

489 4595 690 4666 aliquis
732 4607 1027 4667 cognoscat
1046 4598 1458 4666 Deum,fnullam
1486 4597 1662 4652 Patris
1690 4597 2050 4667 cognitionem

2166 4598 2387 4668 Πατέρα
2410 4594 2585 4669 ὑμῶν,
2613 4598 2707 4650 καὶ
2744 4597 2876 4650 Θεόν
2905 4614 3006 4667 μου
3025 4637 3040 4664 ,
3072 4597 3165 4648 καὶ
3202 4594 3336 4647 Θεὸν
3369 4592 3542 4663 ὑμῶν.
3579 4611 3596 4642 ι
3628 4591 3739 4645 Καὶ⁸

487 4683 721 4752 habens,
747 4687 848 4742 nisi
876 4687 1003 4758 quia
1032 4691 1106 4742 sit
1128 4689 1242 4758 ipse
1275 4688 1441 4742 Deus.
1465 4685 1643 4757 lnquit
1674 4687 1836 4757 igitur
1857 4685 2059 4741 Serva-

491 4788 604 4844 tor,
633 4788 759 4849 post
787 4780 1274 4840 resurrectionem,
1303 4778 1486 4833 Mariae
1514 4797 1528 4832 :
1569 4797 1587 4830 «
1619 4777 1764 4834 Vade
1785 4787 1966 4832 autem
1992 4776 2060 4831 ad

491 4868 690 4925 fratres
717 4884 888 4939 meos,
925 4881 979 4928 et
1027 4872 1116 4927 dic
1147 4871 1295 4926 illis:
1325 4870 1476 4926 Vado
1505 4872 1571 4926 ad
1602 4869 1819 4926 Patrem
1853 4885 2054 4936 meum,

599 5010 646 5044 ⁵⁸
668 5010 687 5064 l
710 5009 864 5066 Jonn.
898 5027 957 5075 ιι,
983 5009 1077 5065 95.
1169 5011 1218 5042 ⁸⁸
1251 5010 1386 5065 Gen.
1420 5008 1591 5075 11,23.

1699 5011 1746 5042 ⁵⁸
1776 5009 1913 5065 Gen.
1955 5026 2030 5078 tv,
2060 5011 2112 5064 1.

2167 4691 2283 4744 ἔστι
2315 4707 2377 4758 γε
2404 4693 2517 4753 τοῖς
2559 4689 2886 4759 ἐτεροδόξοις
2917 4688 2991 4759 (ι)
3025 4687 3201 4757 λέγειν
3234 4685 3606 4756 χαριζομένων
3646 4683 3741 4735 αὑ-

2165 4787 2277 4847 τοῖς
2301 4822 2316 4848 ,
2347 4785 2430 4838 ὅτι
2465 4783 2564 4836 οὐκ
2599 4783 2844 4850 ἔγνωσαν
2873 4783 2965 4834 τὸν
3011 4781 3232 4852 Πατέρα
3270 4778 3509 4848 Μωῦσῆς
3553 4775 3647 4828 καὶ
3685 4776 3736 4826 οἱ

2165 4878 2463 4949 προφῆται·
2490 4877 2626 4946 ὅπερ
2658 4875 2796 4944 τάχα
2829 4875 2931 4927 οὐκ
2959 4873 3104 4926 ἐστιν
3139 4871 3333 4938 ἀληθὲς
3360 4869 3457 4938 (ὅ),
3491 4869 3573 4920 ὃτι
3605 4864 3742 4919 πάν-

2215 5013 2262 5044 "
2299 5010 2496 5079 Ephes.
2528 5008 2703 5079 νηὸἳ.
2810 5008 2854 5040 ⁵⁷
2897 5008 2912 5060 1
2945 5007 3071 5079 (lor.
3103 5022 3178 5071 vr,
3214 5004 3304 5070 16,
3330 5005 3416 5057 l7.
3509 5001 3556 5033 ⁸⁸
3579 4997 3732 5056 Joan.

488 5093 604 5149 VIII,
631 5082 716 5137 l9.
791 5082 837 5112 "
859 5079 1040 5135 Galat.
1075 5095 1147 5146 tv,
1185 5079 1237 5137 9.
1313 5080 1359 5111 ‘°
1379 5081 1420 5135 ll
1450 5080 1589 5134 'l'itn.
1614 5092 1670 5146 ιι,
1717 5081 1799 5137 l9.
1877 5081 1920 5112 ⁶¹
1951 5077 2112 5136 Joan.
2141 5098 2197 5150 x,
2228 5081 2321 5147 28,
2345 5077 2437 5135 ΞΘ.
2511 5080 2556 5111 ⁸³
2585 5077 2741 5132 Joau.
2775 5094 2888 5141 vnt,
2916 5077 3002 5130 19.

565 5227 641 5301 (2)
685 5225 1014 5295 Ἀνθρώπου
1043 5225 1142 5301 καὶ
1169 5227 1410 5294 Κυρίου.
1435 5224 1511 5280 lta
1531 5224 1699 5281 codex
1731 5224 2071 5282 Bodleianus.

492 5297 764 5371 Injﬂegio
793 5304 941 5371 deest
972 5297 1086 5371 mi.

564 5365 628 5424 ’5
676 5365 852 5435 φησι.
885 5365 1136 5435 Deest;in
1169 5365 1357 5420 codice
1395 5365 1586 5434 Regio.

564 5369 650 5510 ω
671 5439 780 5494 Καὶ
813 5438 944 5492 ἔστι
977 5452 1044 5506 γε
1067 5433 1586 5510 ⁸τρῖς⁸ιΐῖτνεροδόέξοις

496 5503 1026 5580 Μέτὰἱοιιίιωμλιιοε
1066 5506 1170 5580 hic_
1202 5504 1439 5573 lacessit,
1492 5503 2074 5580 doptougydv_cog_tii-

499 5590 639 5644 tum,
666 5579 868 5633 Christi
901 5573 1117 5630 Patrem
1157 5576 1401 5644 ignotum
1423 5573 1812 5644 Opinabauiur.
1837 5573 2066 5643 Epipha~

500 5649 627 5704 nius
658 5649 796 5703 haer.
828 5663 941 5710 xu,
972 5659 1095 5714 cap.
1133 5647 1187 5708 1,
1219 5654 1275 5698 et
1302 5660 1435 5711 xui,
1470 5660 1590 5713 cap.
1621 5644 1676 5698 2.
1705 5645 1822 5701 Mox
1855 5659 1955 5714 pro
1976 5653 2076 5712 χα-

2250 5222 2325 5293 (5)
2363 5222 2539 5287 Ὅπερ
2583 5216 2877 5293 τάχᾳρὺκ
2903 5213 3074 5293 ἐστιν
3097 5213 3340 5293 annuae,
3380 5211 3616 5293 elc._Sic
3648 5211 3742 5293 lia-

2178 5283 2524 5346 bettt'onittes
2556 5283 2689 5341 ms."
2716 5285 2960 5354 Negandi
3013 5283 3332 5352 particulam
3387 5283 3738 5354 praetertttisit

2176 5361 2486 5424 Ferrarius,
2513 5366 2568 5412 et
2603 5371 2723 5425 quae
2772 5351 3028 5425 proxime
3043 5361 3355 5425 sequuntur
3403 5351 3562 5404 aliter
3592 5351 3735 5419 legit.

671 5423 780 5494 Καὶ
813 5438 944 5492 ἐστι
977 5423 1605 5506 β’τοῖςᾲὲτεροδόέοις.
1635 5434 1986 5498 Cerdoniani,
2016 5449 2046 5506 e

2173 5423 2683 5506 Periouius'autem
2730 5426 2966 5504 priorem
2998 5423 3145 5504 illam
3197 5423 3475 5506 pericopes
3533 5430 3738 5506 partem

2176 5500 2432 5568 neglexit.
2466 5497 2538 5551 Τὸ
2566 5501 2677 5550 οὐκ
2709 5489 3050 5557 retinuimus,
3072 5494 3140 5568 ita
3165 5489 3586 5568 volentesensu.
3605 5489 3739 5568 ἰοιῆ

2173 5560 2356 5624 autem
2407 5571 2576 5622 totius
2621 5569 2736 5620 haec
2767 5573 2848 5618 est
2900 5562 3174 5616 sententia
3224 5577 3238 5612 :
3274 5561 3352 5614 Ac
3395 5560 3740 5613 heterodoxis

2183 5637 2806 5710 quidemigralilicanles
2844 5633 3146 5686 concedere
3188 5645 3475 5710 possumus
3497 5626 3739 5710 _M_oysen

828 5698 1057 5789 ‘o—t'it'oig,‘
1083 5698 1400 5789 legenduim
1421 5698 1435 5711 ’
1454 5698 1670 5789 videtur
1706 5698 2050 5787 vxotpt'Cétti‘vo

2183 5698 2239 5764 ἐι
2270 5698 2559 5777 prophetas
2596 5705 2808 5759 Patrem
2850 5717 2957 5756 non
2994 5700 3313 5789 cognovisse
3347 5698 3508 5769 (quod
3559 5707 3738 5750 tamen

503 5783 708 5854 αὐτοῖς,
742 5789 828 5846 vel
858 5785 1230 5856 χαριζομένων
1262 5783 1418 5857 ἡμῶν
1451 5785 1650 5848 αὐτοῖς.

2187 5769 2416 5837 Ιοι-ὶιιδέε
2437 5791 2624 5833 verum
2664 5783 2916 5836 nonest;
2951 5769 3080 5826 nam
3120 5772 3163 5826 si
3193 5769 3408 5826 Patrem
3442 5783 3548 5824 non
3576 5781 3742 5839 agno-
