4196 6428
502 405 612 463 555
1556 405 1912 464 COMMENT.
1947 407 2013 461 ΙΝ
2047 404 2071 462 ,1

2159 405 2238 460 ιΝ.
2267 404 2507 462 TOMUS
2547 405 2689 461 XIX.
3640 364 3748 467 δέι

501 544 608 589 τως
634 528 665 580 ό
696 525 770 598 μὴ
800 527 1053 595 ἐγνωκὼς
1085 528 1174 582 τὸν
1201 486 1418 599 Πατέρα
1458 526 1560 581 οὒκ
1601 528 1743 597 ἔγνω
1773 528 1862 582 τὸν
1911 529 2071 582 Υίόν⁴

2184 539 2239 583 et
2285 528 2496 585 Patrem
2540 535 2801 594 vestrum,
2832 535 2887 581 et
2927 527 3094 581 Deum
3129 540 3338 592 meum,
3365 534 3425 583 et
3452 527 3620 584 Deum
3653 544 3750 587 ve.

496 619 529 673 ό
561 616 661 688 μὲν
690 617 799 689 γὰρ
812 618 956 682 ’Υίὸς
990 619 1129 688 ἕγνω
1156 618 1248 672 τὸν
1287 619 1527 690 Πατέρα,
1552 622 1581 673 ὁ
1618 620 1673 672 δὲ
1707 619 1959 691 θεράπων
1985 620 2071 673 τὸν

2179 630 2350 675 strum
2382 621 2448 675 “.
2473 639 2493 673 ι
2523 620 2602 676 Ac
2627 619 2874 689 profecto
2896 620 3257 690 gratillcando
3283 620 3390 676 illis
3421 621 3512 690 qui
3543 624 3612 679 ab
3643 624 3749 679 Ec-

499 706 703 779 Κύριον
727 727 740 741 ·
771 710 867 764 καὶ
890 709 1077 781 ὥσπερ
1096 710 1195 764 οὐκ
1220 710 1286 764 ἂν
1315 710 1687 783 ἀσεϐήσαιμεν
1704 713 1975 782 λέγοντες,
1992 714 2074 766 ὅτι

497 801 531 854 ό
553 800 680 864 Υἱὸς
706 802 808 856 οὐκ
839 802 980 871 ἔγνω
1006 803 1099 857 τὸν
1122 803 1324 874 Κύριον
1345 821 1360 835 ·
1391 804 1521 868 Υἱὸς
1560 805 1670 877 γὰρ
1691 804 1766 857 ὣν
1787 807 1848 859 οὑ
1881 805 2065 859 πεπεί-

499 906 661 962 ραται
684 890 781 945 τοῦ
811 892 1023 964 Πατρὸς
1044 892 1301 947 δεσπότου
1321 911 1336 927 ο
1369 893 1512 948 οὕτω
1546 894 1838 967 τηροῦντες
1867 895 1957 949 τὸν
1978 895 2077 948 αὐ-

496 981 590 1034 τὸν
611 982 764 1047 Θεὸν,
810 983 962 1036 οὐδὲν
1005 984 1204 1037 ἄτοπον
1252 984 1665 1057 παραδεξόμεθα
1697 985 1773 1057 (6)
1806 986 2073 1055 λέγοντες,

494 1074 580 1128 ὅτι
617 1072 694 1145 τῷ
726 1074 826 1145 μὲν
854 1074 970 1146 Υίῷ
1016 1074 1220 1146 ἔπρεπε
1250 1075 1537 1145 γινώσκειν
1587 1078 1678 1132 τὸν
1711 1078 1928 1149 Πατέρα
1952 1118 1966 1142 ,
2000 1077 2077 1150 τῷ

496 1162 555 1217 δὲ
581 1164 870 1235 θεράποντι
894 1165 984 1218 τὸν
1028 1164 1251 1233 Κύριον,
1287 1167 1382 1220 καὶ
1407 1166 1530 1220 οὔτε
1557 1169 1586 1220 ὁ
1634 1169 1887 1239 Θεράπων
1936 1168 2077 1238 έγνω

497 1256 589 1310 τὸν
630 1257 887 1329 Πατέρα,
917 1254 1039 1310 οὔτε
1072 1258 1101 1309 ὁ
1141 1257 1270 1321 Υἱὸς
1299 1258 1389 1311 τὸν
1421 1258 1642 1329 Κύριον.
1684 1259 1909 1332 Μυρίων
1945 1259 2078 1329 γοῦν

495 1349 671 1405 οὐσῶν
697 1350 872 1421 εὐχῶν
900 1348 1401 1421 ἀναγεγραμμένων
1430 1353 1489 1405 ὲν
1529 1353 1643 1415 τοῖς
1678 1351 1951 1422 Ψαλμοῖς,
1983 1354 2077 1405 καὶ

494 1449 609 1507 τοῖς
632 1444 959 1516 προφήταις,
993 1444 1127 1498 ἀλλά
1154 1446 1248 1498 καὶ
1273 1445 1351 1516 τῷ
1372 1443 1540 1514 νόμῳ,
1575 1444 1637 1496 οὐ
1676 1444 1815 1497 πάνυ
1842 1462 1897 1496 τι
1921 1445 2077 1516 εὖρο-

502 1551 602 1608 μεν
621 1534 916 1607 εὐξάμενόν
941 1537 1019 1608 (7)
1041 1555 1183 1604 τινα,
1207 1539 1302 1592 καὶ
1324 1537 1549 1606 λέγοντα
1567 1536 1659 1590 τὸν
1680 1537 1813 1590 Θεὸν
1830 1537 2072 1608 Πατέραο

498 1630 594 1682 καὶ
616 1628 724 1701 γὰρ
767 1628 1048 1701 εὐχόμενοι
1085 1628 1165 1700 τῷ
1192 1629 1313 1699 Θεῷ
1350 1631 1412 1684 οὐ
1448 1630 1697 1699 λέγουσι,
1740 1629 1930 1699 Πάτερ
1956 1630 2071 1702 (8)·

494 1721 637 1794 τάχα
668 1721 787 1776 ἐπεὶ
821 1722 922 1775 οὐκ
943 1720 1188 1789 ἔγνωσαν
1216 1722 1308 1775 τὸν
1329 1720 1581 1791 Πατέρα⁸
1613 1719 1862 1792 εὔχονται
1889 1721 1946 1774 δὲ
1978 1721 2076 1774 αὐ·-

492 1813 573 1883 τῷ
596 1812 672 1876 ὡς
693 1812 813 1884 Θεῷ
836 1814 930 1867 καὶ
958 1813 1171 1884 Κυρίῳ,
1207 1814 1600 1884 περιμένοντες
1633 1812 1724 1866 τὸν
1752 1812 1813 1866 τὸ
1857 1813 2075 1883 πνεῦμα

2178 698 2355 769 clesiae
2386 714 2621 768 decretis
2650 712 2935 776 dissident,
2990 713 3174 768 dicere
3207 725 3493 782 possumus
3528 713 3749 784 Moysen

2176 814 2225 859 et
2272 803 2563 873 prophetas
2612 803 2821 857 Patrem
2875 819 2984 858 non
3037 804 3375 873 agnovisse:
3408 804 3574 876 286
3605 806 3750 875 quod

2177 894 2410 950 fortasse
2434 909 2622 949 verum
2654 908 2763 948 non
2797 903 2903 957 est,
2922 904 3204 964 propterea
3237 896 3381 965 quod
3403 899 3630 951 omnino
3657 899 3750 967 qui

2176 985 2393 1041 Patrem
2426 1001 2530 1041 non
2566 987 2739 1051 novit,
2761 1001 2932 1056 neque
2966 986 3162 1041 Filium
3189 986 3373 1053 novit;
3400 986 3570 1042 Filius
3598 990 3749 1043 enim

2178 1078 2327 1133 novit
2352 1077 2591 1143 Patrem,
2619 1092 2809 1133 servus
2839 1089 3019 1133 autem
3051 1079 3375 1135 Dominum:
3399 1089 3453 1135 et
3475 1082 3746 1150 quemad-

2178 1173 2393 1227 modum
2426 1175 2590 1243 impie
2630 1188 2734 1228 uou
2777 1175 3084 1229 diceremus
3102 1175 3299 1230 Filium
3326 1192 3432 1232 non
3460 1177 3749 1249 agnovisse

2178 1263 2485 1331 Dominum,
2525 1266 2651 1335 quia
2685 1264 2857 1321 Filius
2905 1282 3028 1320 cutn
3066 1266 3160 1333 sit,
3196 1282 3303 1322 non
3337 1271 3619 1337 experitur
3644 1269 3748 1324 Pa-

2144 1395 2148 1398 .
2179 1361 2312 1407 trem
2342 1353 2656 1420 dominum;
2696 1355 2768 1408 ita
2797 1362 3079 1409 servantes
3104 1359 3355 1411 eumdem
3390 1359 3579 1422 Deum,
3610 1359 3749 1415 nihil

2176 1444 2397 1498 absurdi
2428 1445 2778 1501 admittemus
2805 1446 3052 1503 dicentes
3084 1449 3276 1503 decere
3297 1461 3354 1503 ut
3384 1448 3552 1504 Filius
3582 1465 3751 1522 agno-

2175 1544 2292 1589 scat
2332 1534 2571 1602 Patrem,
2603 1551 2792 1592 servus
2853 1539 3143 1592 Dominum
3178 1556 3192 1593 :
3233 1551 3288 1594 et
3345 1555 3518 1611 neque
3555 1554 3748 1596 servus

2174 1638 2431 1695 agnoscat
2470 1629 2710 1695 Patrem,
2750 1645 2926 1699 neque
2953 1630 3122 1685 Filius
3152 1631 3458 1688 Dominum.
3491 1632 3624 1688 Cum
3663 1635 3748 1689 in-

2175 1732 2420 1774 numerat
2459 1719 2625 1787 igitur
2646 1721 2995 1789 precationes
3028 1722 3082 1776 in
3110 1721 3341 1777 Psalmis
3366 1724 3476 1777 sint
3505 1724 3745 1793 scriptas,

2174 1821 2229 1864 et
2262 1811 2555 1881 prophetis,
2601 1821 2766 1881 atque
2819 1814 2981 1867 etiam
3019 1814 3155 1885 lege,
3195 1830 3301 1870 non
3344 1815 3631 1869 admodum
3661 1818 3749 1870 in-

492 1902 596 1973 τῆς
624 1904 894 1968 υἱοθεσίας
937 1904 1197 1976 ἐκχέοντα
1229 1905 1329 1959 οὐκ
1359 1904 1579 1959 ἔλαττον
1627 1904 1714 1957 ἐπ’
1755 1904 1997 1967 ἐκείνους
2036 1903 2070 1975 ἢ

2177 1903 2427 1958 venimus
2449 1902 2683 1973 aliquem
2714 1904 2807 1973 qui
2833 1903 2997 1958 Deum
3018 1884 3251 1974 appellet
3276 1905 3493 1960 Patrem
3519 1921 3535 1971 ;
3567 1906 3744 1977 siqni-

492 1996 586 2048 ἐπὶ
614 1997 742 2061 τοὺς
768 1998 905 2068 μετά
939 1999 1039 2070 τὴν
1068 1999 1371 2071 παρουσίαν
1404 1999 1485 2062 είς
1513 1997 1647 2051 Θεὸν
1684 1997 1752 2051 δι’
1786 1995 1951 2051 αὑτοῦ
1979 2015 2071 2050 πι-

490 2086 782 2152 στεύοντας
808 2087 884 2160 (9)
910 2106 924 2120 °
957 2091 1007 2143 εί
1059 2090 1133 2161 μὴ
1164 2090 1274 2163 ἄρα
1302 2092 1336 2163 ἡ
1366 2088 1530 2162 νοητὴ
1573 2089 1758 2152 αὐτοῖς
1779 2089 2071 2160 γεγένηται

493 2180 756 2252 ἐπιδημία
800 2182 1067 2253 Χριστοῦ,
1095 2184 1188 2237 καὶ
1233 2182 1390 2253 ἔσχον
1424 2184 1555 2236 ποτὲ
1594 2182 1967 2246 τελειωθέντες
2010 2181 2073 2235 τὸ

489 2270 590 2342 τῆς
615 2272 886 2337 υἱοθεσίας
914 2273 1130 2346 πνεῦμα
1156 2294 1169 2306 ·
1195 2277 1253 2330 ὲν
1279 2275 1576 2348 ἀπορρήτῳ
1607 2274 1664 2328 δὲ
1708 2274 1804 2329 καὶ
1835 2275 1896 2328 οὐ
1926 2292 2069 2344 γνω-

490 2362 633 2427 στῶς
662 2366 826 2418 πᾶσιν
865 2365 1049 2434 ἔλεγον
1082 2367 1115 2438 ἢ
1145 2367 1382 2441 ἔγραφον
1407 2368 1498 2421 τὸν
1525 2367 1659 2422 Θεὸν
1691 2367 1914 2439 Πατέρα
1934 2409 1948 2434 ,
1984 2368 2072 2423 ἵνα

496 2454 569 2525 μὴ
611 2456 1068 2525 προκαταλάδωσι
1108 2459 1208 2531 τὴν
1259 2459 1346 2514 διὰ
1388 2459 1482 2512 τοῦ
1529 2457 1703 2531 Ἰησοῦ
1749 2459 2072 2531 ἐκκενουμέ-

488 2561 588 2615 νην
617 2545 728 2614 (10)
757 2549 921 2601 παντὶ
958 2548 1037 2620 τῷ
1076 2551 1266 2621 κόσμῳ
1309 2552 1498 2623 χάριν,
1536 2550 1745 2614 πάντας
1778 2550 2071 2614 καλοῦντος

490 2635 582 2688 ἐπὶ
611 2634 708 2707 τὴν
739 2637 1030 2704 υἱοθεσίαν,
1062 2640 1148 2694 ἵνα
1178 2641 1504 2713 διηγήσηται
1532 2641 1594 2694 τὸ
1625 2640 1793 2711 ὄνομα
1815 2639 1910 2694 τοῦ
1934 2639 2068 2694 Θεοῦ

486 2727 600 2788 τοῖς
628 2726 876 2798 ἀδελφοῖς
897 2729 1085 2795 αὑτοῦ,
1113 2733 1208 2786 καὶ
1228 2734 1286 2786 ὲν
1322 2734 1473 2804 μέσῳ
1503 2732 1825 2804 Ἐκκλησίας
1853 2734 2070 2806 ὑμνήσῃ

490 2815 579 2870 τὸν
611 2817 829 2889 Πατέρα
859 2820 1001 2874 κατὰ
1025 2821 1088 2873 τὸ
1120 2823 1536 2893 γεγραμμένονο
1579 2840 1599 2874 ι
1638 2824 1981 2894 Διηγήσομαι
2007 2822 2070 2876 τὸ

486 2906 660 2979 ὅνομά
702 2926 794 2963 σου
840 2914 952 2976 τοῖς
998 2912 1246 2983 ἀδελφοῖς
1290 2931 1413 2984 μου,
1464 2915 1523 2969 ὲν
1559 2913 1709 2986 μέσῳ
1748 2914 2069 2986 Ἐκκλησίας

491 3000 718 3073 ὑμνήσω
747 3020 824 3057 σε.
864 3024 885 3056 ι
925 3003 1044 3058 Ὀτι
1076 3005 1259 3076 μέντοι
1299 3023 1363 3074 γε
1397 3008 1426 3061 ό
1468 3007 1628 3071 αὐτός
1661 3009 1777 3060 ἐστι
1807 3007 1940 3070 Θεὸς
1961 3006 2069 3060 τῶν

490 3097 788 3165 προφητῶν
806 3135 821 3160 ,
856 3098 953 3150 καὶ
987 3097 1082 3151 τοῦ
1115 3099 1319 3169 κόσμου
1344 3098 1675 3171 δημιουργὸς
1699 3139 1713 3164 ,
1744 3097 2068 3169 πολλαχόθεν

492 3183 593 3253 μὲν
619 3183 733 3239 ἔστι
760 3184 1037 3259 θεωρῆσαι
1059 3204 1073 3220 ο
1110 3188 1272 3261 ἀρκεῖ
1293 3188 1351 3242 δὲ
1385 3189 1482 3242 ἐπὶ
1520 3188 1614 3243 τοῦ
1648 3190 1914 3260 παρόντος
1937 3188 2071 3242 θεω-

491 3276 653 3345 ρῆσαι
680 3279 779 3350 τήν
812 3296 872 3332 τε
909 3280 1182 3350 Στεφάνου
1219 3282 1328 3337 ἀπὸ
1363 3284 1472 3337 τῶν
1506 3282 1767 3354 Πράξεων
1800 3283 1938 3355 πρὸς
1976 3283 2069 3337 τὸν

491 3365 619 3422 λαὸν
656 3369 1018 3442 δημηγορίαν,
1050 3372 1193 3427 οὕτω
1229 3374 1473 3444 λέγοντος
1493 3392 1507 3406 ο
1545 3394 1564 3426 ι
1590 3375 1815 3447 ’Ἄνδρες
1852 3374 2071 3443 ἀδελφοὶ

490 3458 586 3511 καὶ
635 3461 903 3533 πατέρες,
952 3463 1251 3518 ἀκούσατεο
1310 3466 1370 3519 Ὁ
1421 3467 1551 3531 Θεὸς
1576 3467 1676 3538 τῆς
1716 3464 1873 3538 δόξης
1913 3464 2072 3535 ὤφθη

490 3549 572 3621 τῷ
633 3555 800 3625 πατρὶ¹
860 3554 1018 3627 ἡμῶν
1077 3557 1326 3629 Ἀϐραὰμ
1387 3558 1501 3613 ὄντι
1563 3560 1622 3614 ὲν
1687 3562 1753 3631 τῇ
1823 3560 2073 3612 Μεσοπο-

490 3642 679 3716 ταμίᾳ,
749 3646 880 3719 πρὶν
935 3648 968 3719 ἢ
1031 3648 1249 3719 οίκῆσαι
1310 3650 1472 3704 αὐτὸν
1536 3653 1594 3704 ὲν
1650 3650 1874 3723 Χαρράν
1899 3666 1914 3680 ·
1975 3651 2071 3704 καὶ

492 3730 614 3788 εἷπε
652 3737 788 3809 πρὸς
850 3738 1042 3794 αὐτόν’
1082 3740 1303 3808 Ἔξελθε
1369 3743 1434 3795 ὲκ
1499 3741 1601 3812 τῆς
1659 3742 1764 3812 γῆς
1811 3758 1925 3806 σου,
1974 3741 2071 3795 καὶ

492 3823 559 3878 ἐκ
616 3827 716 3897 τῆς
768 3830 1088 3898 συγγενείας
1125 3847 1259 3894 σου,
1299 3849 1317 3881 ι
1362 3831 1455 3885 καί
1501 3831 1570 3885 τά
1617 3830 1779 3901 ἑξῆς
1835 3830 1902 3884 δι’
1945 3830 2069 3884 ὅλου

491 3919 603 3991 γὰρ
650 3920 742 3974 τοῦ
782 3921 941 3991 λόγου
977 3925 1384 3998 ἀναντιῤῥήτως
1418 3923 1532 3977 ἐστι
1591 3924 1802 3994 μαθεῖν,
1835 3924 1927 3977 τὸν
1960 3922 2070 3978 τῶν

493 4009 788 4083 προφητῶν
831 4013 985 4080 Θεὸν,
1019 4016 1242 4087 Πατέρα
1274 4011 1414 4069 εἶναι
1448 4013 1685 4087 Χριστοῦ
1732 4012 1938 4085 Ἰησοῦ,
1977 4015 2072 4068 καὶ

495 4101 561 4155 ἐκ
599 4103 698 4173 τῆς
730 4104 868 4176 πρὸς
909 4105 1210 4178 Ῥωμαίους
1265 4106 1585 4176 Ἐπιστολῆς
1615 4104 1708 4158 τοῦ
1750 4105 2070 4160 Ἀποστόλου

492 4206 553 4259 ἐν
575 4207 813 4273 τούτοις
850 4209 1110 4277 «Παῦλος,
1142 4210 1326 4275 δοῦλος
1356 4210 1591 4284 Χριστοῦ
1631 4210 1835 4282 Ἰησοῦ,
1877 4211 2072 4284 κλητὸς

494 4312 809 4382 ἀπόστολος,
839 4317 1220 4389 ἀφωρισμένος
1238 4318 1319 4381 είς
1348 4316 1677 4387 Εὐαγγέλιον
1702 4317 1860 4381 Θεοῦ,
1880 4317 1909 4370 ὃ
1934 4335 2070 4389 προ-

493 4420 861 4492 επηγγείλατο
890 4422 977 4476 διὰ
1007 4422 1116 4477 τῶν
1158 4421 1451 4495 προφητῶν
1492 4422 1656 4476 αὐτοῦ
1716 4426 1774 4476 ὲν
1829 4423 2072 4495 Γραφαῖς

492 4521 696 4591 ἁγίαις,
738 4523 867 4595 περὶ
908 4523 1003 4577 τοῦ
1028 4523 1160 4578 Υίοῦ
1203 4521 1367 4579 αὐτοῦ
1400 4522 1494 4577 τοῦ
1517 4524 1807 4595 γενομένου
1830 4525 1893 4576 ὲκ

492 4640 664 4692 ματος
692 4626 856 4681 Δαὸὶδ
885 4627 1028 4682 κατὰ
1056 4629 1254 4701 σάρκα,
1283 4628 1377 4683 τοῦ
1419 4627 1723 4701 ὁρισθέντος
1764 4626 1895 4681 Υίοῦ
1928 4626 2064 4680 Θεοῦ

492 4727 553 4780 ἂν
581 4728 827 4800 δυνάμει,
859 4729 1001 4784 κατὰ
1023 4731 1246 4802 Πνεῦμα
1273 4732 1597 4802 ἁγιωσύνης,
1628 4729 1689 4795 ἐξ
1725 4729 2070 4794 ἀναστάσεως

493 4835 702 4904 νεκρῶν
740 4834 914 4907 Ἰησοῦ
947 4834 1182 4909 Χριστοῦ
1225 4834 1319 4890 τοῦ
1340 4837 1544 4908 Κυρίου
1565 4834 1741 4906 ἡμῶν,
1768 4834 1836 4887 δι’
1862 4828 1925 4889 οὗ
1947 4833 2071 4887 ὲλά-

494 4938 664 5011 ϐομεν
693 4941 851 5014 χάριν
893 4942 987 4996 καὶ
1017 4941 1341 5013 ἀποστολὴν,
1373 4943 1454 5007 είς
1486 4939 1730 5012 ὑπακοὴν
1759 4940 1993 5004 πίστεως
2017 4941 2075 4993 ἐν

564 5031 613 5065 ⁸³
633 5029 791 5087 JOan.
823 5047 915 5098 xx,
941 5032 1030 5087 17.
1108 5032 1154 5065 ⁸⁸
1180 5032 1335 5087 Rom.
1362 5049 1472 5096 vnt,
1509 5034 1599 5089 25.
1677 5034 1720 5066 ⁸⁸
1748 5032 1892 5087 Psal.
1922 5047 2035 5096 ut,

2159 5073 2164 5086 ,
2243 5028 2288 5059 ⁸ο
2319 5028 2442 5081 Act.
2480 5040 2571 5089 vn,
2595 5023 2632 5077 2
2659 5038 2779 5093 seq.

497 5127 641 5180 visse
661 5127 932 5190 daremus,
961 5128 1191 5181 dandum
1218 5139 1363 5182 esset
1390 5131 1575 5197 utique
1602 5144 1701 5184 nec
1730 5129 1926 5183 Filium
1960 5143 2051 5183 co-

496 5197 772 5266 gnovisse,
805 5210 927 5249 cum
958 5198 1234 5266 cognitum
1270 5200 1336 5251 ab
1369 5198 1504 5266 ipsis
1535 5199 1754 5262 Filium,
1781 5207 1836 5251 et
1865 5199 2054 5252 vatici-

498 5265 607 5320 niis
636 5265 969 5337 celebratum
1001 5265 1167 5337 fuisse
1203 5265 1462 5337 constet),
1497 5268 1667 5323 Filius
1705 5269 1907 5337 quippe
1954 5267 2056 5321 Pa-

502 5343 637 5389 trem
695 5334 996 5402 cognoscit,
1050 5335 1283 5390 famulus
1330 5334 1538 5391 herum.
1588 5334 2055 5403 Quemadmodum

494 5414 675 5458 autem
709 5405 893 5459 dicere
933 5405 1057 5477 li_c_et
1100 5404 1297 5477 Filium
1327 5421 1434 5460 non
1471 5421 1798 5477 cognoscere
1831 5408 2056 5471 herum;

500 5487 623 5556 nam
657 5482 924 5556 quatenus
952 5474 1248 5555 Filittsest,
1286 5474 1758 5556 Patrisquatenus
1780 5478 1945 5530 herus
1973 5486 2058 5529 est

498 5542 785 5614 imperium
809 5559 919 5597 non
957 5547 1238 5614 experitur
1272 5561 1287 5598 :
1322 5546 1398 5599 ita
1432 5542 1613 5600 dicere
1642 5560 1930 5614 possumus
1961 5559 2060 5599 nec

503 5612 730 5685 famulos
759 5610 1089 5682 cognoscere
1121 5610 1334 5685 Patrem
1361 5631 1378 5681 ;
1410 5630 1530 5669 nam
1554 5610 1823 5685 quatenus
1874 5615 2058 5668 famuli

478 5692 646 5822 ﬁmi,
675 5684 863 5736 herum
899 5690 1168 5752 quatenus
1212 5682 1377 5738 Pater
1408 5695 1513 5749 est,
1557 5682 1664 5739 non
1698 5696 2057 5756 cognoscunt.

551 5766 760 5807 UETIBS.

551 5766 760 5807 UETIBS.

571 5820 649 5892 (6)
707 5822 1177 5893 Παραδεξόμεθα.
1206 5824 1280 5879 Ita
1306 5822 1470 5879 habet
1493 5823 1661 5893 codex
1696 5822 2019 5880 Bodleianus
2043 5838 2062 5888 ς

2173 1996 2295 2049 dem
2335 1995 2677 2065 precationes
2701 1995 2809 2048 Deo
2835 1993 3125 2051 fundentes
3153 2011 3258 2050 non
3290 1997 3502 2063 dicunt,
3538 1996 3704 2051 Pater
3722 2012 3745 2052 :

2173 2084 2443 2151 fortassis,
2492 2086 2746 2156 quoniam
2797 2100 2903 2140 non
2937 2097 3277 2156 agnoverunt
3319 2087 3577 2143 Patrem:
3614 2087 3743 2143 fun-

2172 2179 2307 2233 dunt
2334 2188 2513 2234 autem
2545 2179 2618 2232 illi
2650 2193 2840 2248 preces
2878 2178 3047 2233 veluti
3097 2177 3232 2246 Deo,
3277 2188 3332 2233 et
3363 2180 3616 2244 Domino,
3641 2195 3743 2235 ex-

2171 2280 2477 2342 spectantes
2503 2285 2649 2335 eum,
2679 2270 2770 2339 qui
2818 2269 3008 2326 elfudit
3042 2269 3297 2338 spiritum
3324 2270 3632 2341 adoptionis
3672 2276 3741 2330 ll-

2172 2364 2369 2417 liorum
2399 2362 2470 2427 “,
2501 2376 2607 2416 non
2643 2363 2822 2416 minus
2860 2376 3027 2424 super
3082 2360 3203 2415 illos
3236 2374 3398 2430 quam
3430 2377 3594 2432 super
3617 2379 3743 2420 cre-

2172 2456 2364 2510 dentes
2399 2468 2495 2524 per
2532 2468 2655 2507 eum
2710 2453 2765 2506 in
2803 2450 2997 2517 Deum,
3030 2459 3152 2521 post
3197 2453 3367 2521 ipsius
3405 2453 3739 2510 adventum:

2171 2545 2275 2599 nisi
2307 2543 2449 2599 forte
2494 2542 2887 2613 intelligibilem
2916 2544 3206 2598 adventum
3250 2542 3454 2599 Christi
3491 2544 3591 2614 ipsi
3640 2546 3743 2601 ha—

2170 2637 2423 2699 buerunt,
2453 2635 2693 2705 factique
2717 2635 2941 2703 perfecti
2968 2634 3276 2691 habuerunt
3299 2635 3592 2706 aliquando
3613 2638 3746 2694 ado-

2171 2727 2368 2796 ptionis
2415 2728 2664 2796 spiritum
2700 2744 2713 2780 :
2748 2727 2887 2781 clam
2933 2737 3140 2792 autem,
3189 2737 3246 2782 et
3298 2742 3401 2782 non
3457 2731 3744 2787 manifeste

2170 2818 2426 2874 omnibus
2455 2818 2707 2873 dicebant
2735 2817 2822 2872 vel
2849 2816 3165 2871 scribebant
3209 2815 3400 2884 Deum,
3424 2827 3479 2873 et
3501 2819 3739 2888 Patrem,

2167 2927 2239 2968 ne
2288 2920 2735 2982 praeoccuparem
2781 2912 3012 2983 gratiam
3052 2915 3146 2967 toti
3203 2912 3404 2967 mundo
3430 2929 3526 2984 per
3555 2911 3743 2971 Jesum

2169 3003 2415 3070 eliusam,
2446 3004 2540 3075 qui
2578 3019 2770 3061 omnes
2803 3005 3039 3060 vocabat
3096 3003 3162 3058 ad
3217 3004 3451 3059 lliiorum
3492 3006 3745 3076 adoptio-

2146 3104 2313 3163 ‘ncm,
2349 3108 2408 3152 ut
2437 3108 2726 3152 enarraret
2773 3097 2867 3153 Dei
2910 3114 3111 3154 nomen
3144 3096 3408 3151 fratribus
3448 3101 3591 3164 suis,
3636 3097 3746 3153 Pa.-

2095 3227 2137 3284 ε
2174 3197 2417 3257 tremque
2436 3188 2490 3241 in
2516 3187 2776 3244 Ecclesiae
2803 3190 2981 3245 medio
2998 3189 3264 3250 laudaret,
3283 3190 3579 3243 secundum
3602 3190 3746 3259 quod

2171 3279 2431 3349 scriptum
2455 3285 2570 3333 est:
2594 3297 2612 3331 ι
2631 3277 2877 3334 Narrabo
2902 3294 3101 3334 nomen
3127 3288 3274 3333 tuum
3299 3279 3558 3335 fratribus
3584 3280 3741 3345 meis,

2171 3372 2224 3426 in
2258 3372 2433 3427 medio
2457 3368 2710 3427 Ecclesiae
2733 3371 2968 3426 laudabo
2998 3380 3049 3426 te
3071 3371 3136 3426 ⁸³.
3160 3390 3180 3423 ι
3205 3371 3358 3440 Quod
3383 3373 3496 3441 ipse
3525 3372 3742 3442 quidem

2170 3467 2242 3519 sit
2272 3465 2416 3520 Deus
2453 3463 2863 3534 prophetarum,
2902 3463 3197 3532 mundique
3221 3472 3562 3532 procreatur,
3604 3462 3744 3518 mul-

2126 3562 2129 3569 '
2172 3557 2241 3612 tis
2301 3571 2368 3611 ex
2424 3556 2557 3610 locis
2614 3556 2803 3611 videre
2854 3568 3171 3624 possumus;
3220 3555 3315 3609 sed
3360 3555 3413 3609 in
3449 3554 3740 3623 praesentia

2171 3649 2634 3708 suiﬁciat‘videre
2688 3650 3007 3706 concionem
3062 3647 3325 3718 Stephani
3378 3664 3447 3704 ex
3496 3646 3743 3704 Aetis'ad

2171 3743 2423 3816 populum
2450 3741 2594 3795 hunc
2630 3740 2682 3794 in
2712 3740 2928 3794 modum
2975 3739 3208 3794 dicentis
3225 3739 3313 3793 “:
3347 3758 3366 3791 ι
3405 3738 3514 3795 Viri
3548 3739 3744 3796 fratres

2169 3846 2225 3890 et
2250 3843 2456 3905 patres,
2479 3832 2663 3887 audite
2689 3847 2704 3883 :
2733 3829 2879 3886 Deus
2900 3830 3086 3902 gloria:
3114 3832 3364 3902 apparuit
3389 3831 3529 3900 patri
3553 3841 3741 3888 nostro

2171 3926 2424 3991 Ahralnc,
2453 3938 2574 3978 cum
2602 3933 2750 3978 esset
2778 3923 2829 3977 in
2856 3921 3268 3990 Mesopotamia,
3305 3932 3595 3990 antequam
3638 3922 3743 3977 ba-

2170 4018 2369 4074 hitaret
2389 4017 2442 4071 in
2465 4016 2675 4081 Chara;
2702 4014 2950 4084 dixitque
2967 4013 3033 4067 ad
3054 4028 3177 4068 eum
3207 4014 3513 4086 :Egredere
3542 4027 3572 4068 e
3598 4022 3746 4069 terra

2173 4119 2287 4174 tua,
2312 4119 2365 4162 et
2392 4121 2424 4161 ο
2461 4106 2784 4176 cognatione
2828 4113 2941 4171 tua,
2970 4121 2991 4156 ι
3035 4111 3090 4158 et
3125 4119 3245 4174 quae
3285 4114 3619 4174 sequuntur;
3646 4117 3746 4172 per

2171 4210 2336 4255 totam
2359 4198 2504 4253 enim
2524 4197 2829 4253 orationem
2861 4195 2998 4251 citra
3018 4194 3502 4249 contradictionem
3517 4202 3746 4247 cernere

2173 4293 2297 4347 licet
2331 4291 2717 4361 prophetarum
2748 4287 2914 4342 Deum
2959 4284 3173 4340 Patrem
3204 4300 3327 4340 esse
3361 4285 3562 4340 Christi
3590 4282 3741 4340 Jesu.

2173 4383 2317 4440 Idem
2332 4394 2559 4436 cernere
2584 4378 2748 4432 etiam
2770 4377 2894 4431 licet
2913 4390 2981 4432 ex
3009 4375 3252 4446 Apostoli
3278 4374 3516 4444 Epistula
3537 4374 3606 4428 ad
3631 4372 3745 4429 Ro-

2174 4474 2440 4540 manos,in
2464 4474 2548 4527 his
2563 4470 2606 4503 ⁸⁷
2628 4488 2644 4526 ι
2666 4488 2686 4521 ι
2708 4469 2909 4525 Paulus
2921 4482 3115 4524 servus
3136 4466 3264 4523 Jesu
3284 4466 3744 4533 Cbristi,vocatus

1913 4524 2072 4636 σξτέίῗ
2103 4524 2694 4636 υξὲξᾘεὶοιιέε,
2738 4572 3060 4633 segregatus
3109 4561 3163 4614 in
3212 4524 3566 4625 Evangelium
3621 4556 3741 4624 Dei,

2172 4657 2315 4728 quod
2362 4665 2487 4711 ante
2524 4655 2854 4725 promiserat
2884 4669 2985 4723 per
3014 4652 3307 4723 prophetas
3340 4664 3468 4705 suos
3503 4649 3560 4704 in
3592 4645 3743 4703 Scri-

2173 4749 2350 4819 pturis
2384 4749 2590 4803 sanctis
2620 4747 2688 4802 de
2710 4744 2851 4801 Filio
2885 4758 2984 4800 suo
3018 4744 3200 4814 genito
3226 4757 3295 4797 ex
3320 4741 3528 4796 semine
3554 4739 3741 4794 David

2177 4841 2475 4898 secundum
2518 4854 2762 4905 carnem,
2796 4838 3071 4894 declarato
3120 4835 3260 4909 Filio
3304 4835 3396 4890 Dei
3438 4834 3494 4888 in
3539 4832 3743 4886 virtute

2181 4935 2474 4993 secundum
2531 4932 2795 5001 Spiritum
2855 4927 3323 4989 sanctiﬁcationis,
3375 4941 3443 4980 ex
3495 4938 3561 4980 eo
3601 4925 3747 4994 quod

2856 5023 2899 5054 ⁸⁷
2934 5021 3094 5077 Rom.
3130 5035 3172 5086 ι,
3204 5019 3255 5087 l,
3290 5017 3327 5071 2
3362 5031 3479 5087 seq.

2162 5125 2393 5194 Regius,
2424 5118 2868 5194 παραδεξάμεθα,
2905 5119 3066 5194 male.

2254 5185 2305 5266 ἦ)
2338 5185 2721 5266 Εὐξάμειςονξ
2767 5192 2860 5244 Sic
2909 5190 3080 5244 codex
3111 5185 3475 5255 Bodleianus;
3515 5185 3738 5257 Regius,

2193 5266 2213 5299 ιλ

2162 5260 2297 5330 εὐξό
2333 5281 2476 5328 ενον,
2506 5260 2668 5315 male.
2936 5308 2939 5313 .
3008 5326 3034 5339 __
3156 5325 3181 5337 η

2235 5283 2583 5409 ὡς’]ςαὶᾲτιίιρ
2611 5330 2927 5409 εὐχόμειςοι
2945 5345 3041 5409 ’τῳ
3062 5330 3189 5409 ,Θεῳ
3212 5328 3285 5409 οὐ
3317 5324 3588 5409 λέγομαι,
3629 5323 3746 5380 11d-

2164 5397 2409 5473 tsp.'Sic
2446 5397 2588 5456 hunc
2624 5397 2828 5473 locum,
2854 5402 2908 5473 i_n
2942 5399 3112 5473 Regio
3131 5398 3327 5473 codice
3351 5397 3622 5473 laxatum,
3654 5410 3744 5450 sa-

2168 5465 2322 5529 nitati
2348 5474 2640 5542 restituunt
2669 5470 2828 5522 codd.
2846 5465 3186 5542 Bodleianus
3206 5476 3264 5520 et
3287 5465 3645 5542 Dat-herilium

2234 5544 2309 5615 (9)
2332 5544 2411 5597 Δι’
2431 5539 2620 5615 αὐτοῦ
2645 5540 3062 5615 πιστεύοντας,
3080 5536 3172 5590 Sic
3200 5538 3367 5615 codex
3395 5534 3739 5601 Dodleianus,

2163 5605 2396 5684 optimc;
2435 5613 2656 5679 Regius,
2685 5612 2843 5684 male,
2867 5607 2957 5684 διά
2983 5611 3107 5684 τοὺς
3141 5605 3513 5684 πιστεύοντας.

2239 5684 2350 5755 (10)
2384 5670 2886 5751 ’Ἐκιὶζςνοὺμένηόα
2914 5670 3148 5737 Omnino
3175 5678 3458 5748 legendum
3479 5670 3744 5747 ἐκχεομέ-

2168 5770 2286 5826 νην.
2924 5784 2927 5787 -
