4196 6424
458 382 585 441 ’655

1926 378 2246 437 ORIGENIS

3614 374 3719 441 536

448 500 777 561 -resurrexit
812 517 843 555 a
877 500 1108 557 mortuis
1147 500 1306 557 Jesus
1353 503 1605 558 Christus
1652 503 1911 558 Dominus
1951 517 2048 557 no-
2075 535 2088 562 Α

2170 505 2285 557 τᾶσι
2313 506 2426 566 τοῖς
2465 503 2693 571 ἔθνεσιν,
2728 506 2871 578 ὑπὲρ
2902 506 2995 560 τοῦ
3023 507 3284 578 ὀνόματος
3324 503 3511 570 αὑτοῦ,
3542 504 3601 561 ἒν
3640 501 3722 572 οἷς

481 606 618 663 sier,
651 610 750 665 per
771 609 933 664 quem
961 595 1279 663 accepimus
1304 595 1536 664 gratiam
1572 605 1628 649 et
1660 595 2047 664 apostolatum,

482 699 542 744 ut
576 689 864 744 obediatur
887 687 1009 743 ﬁdei
1040 688 1094 741 in
1121 686 1374 742 omnibus
1397 687 1668 757 gentibus,
1709 701 1806 755 pro
1834 686 2053 743 nomine

484 783 620 850 ejus,
649 782 702 836 in
726 781 922 851 quibus
949 780 1085 833 estis
1110 789 1166 833 et
1192 792 1293 833 vos
1314 780 1489 832 vocati
1519 776 1647 833 Jesu
1671 778 1872 834 Christi
1898 798 1912 834 :
1937 795 2054 834 om-

485 876 646 929 nibus
674 874 768 943 qui
800 881 929 927 sunt
964 871 1170 935 Romae,
1207 869 1418 925 dilectis
1440 870 1554 938 Dei,
1585 872 1794 926 vocatis
1819 872 2052 938 sanctis,

485 967 658 1037 gratia
697 964 877 1029 vobis,
909 972 959 1019 et
995 978 1096 1032 pax
1133 979 1163 1016 a
1198 963 1307 1018 Deo
1338 962 1499 1018 Patre
1530 974 1721 1019 nostro
1745 975 1801 1020 et
1825 964 2056 1019 Domino

484 1056 613 1114 Jesu
645 1056 885 1111 Christo.
919 1074 938 1108 ι
963 1054 1039 1109 Ex
1071 1055 1154 1109 his
1177 1055 1321 1109 enim
1347 1054 1525 1124 palam
1550 1054 1843 1111 didicimus
1871 1056 2056 1110 mundi

487 1157 933 1219 procreatorem,
996 1148 1166 1202 Deum
1223 1147 1654 1217 prophetarum,
1719 1158 1774 1203 et
1839 1147 2055 1202 Patrem

487 1239 717 1303 Christi,
749 1237 915 1293 Deum
956 1246 1014 1292 et
1052 1236 1266 1293 Patrem
1321 1247 1565 1291 nostrum
1606 1253 1747 1293 esse.
1794 1236 2055 1293 Pharisaei

489 1330 655 1400 igitur
687 1344 795 1384 non
826 1328 1000 1385 solum
1027 1328 1388 1397 cognitionem
1423 1343 1527 1381 non
1562 1327 1837 1383 habebant
1879 1330 2058 1384 Patris

488 1420 717 1488 Christi,
751 1423 844 1491 qui
877 1421 1053 1490 legem
1090 1419 1259 1485 dedit,
1305 1430 1573 1489 quatenus
1609 1419 1776 1476 Pater
1808 1432 1912 1489 est,
1961 1436 2059 1476 seu

488 1522 759 1582 quatenus
787 1512 965 1578 Deus;
1001 1511 1095 1566 sed
1123 1525 1190 1565 ne
1213 1514 1351 1565 citra
1377 1513 1813 1566 controversiain
1839 1514 2058 1582 quidem

490 1604 592 1673 ipsi
626 1603 939 1665 credebant,
977 1612 1247 1670 quatenus
1285 1601 1447 1657 Pater
1491 1612 1614 1657 erat
1654 1600 1807 1669 Jesu,
1836 1615 1893 1658 et
1920 1603 2062 1661 Deus

491 1695 686 1765 ipsius,
726 1703 893 1763 atque
942 1693 1108 1748 etiam
1154 1693 1386 1749 fortasse
1431 1704 1706 1764 quatenus
1759 1696 1903 1753 Deus
1944 1706 2063 1752 erat

493 1787 585 1856 qui
622 1786 807 1842 omnia
838 1792 1139 1840 creaverat.
1173 1785 1280 1840 Sed
1314 1804 1380 1841 ne
1405 1788 1684 1843 Christum
1720 1789 1939 1857 quidem
1971 1802 2064 1841 no-

493 1885 616 1931 rant
657 1894 674 1943 ;
725 1885 780 1933 et
832 1876 971 1932 bene
1004 1875 1266 1932 Servator
1289 1891 1385 1933 eos
1419 1879 1719 1949 redarguit,
1759 1878 1949 1933 dicens
1976 1876 2056 1932 “z

496 1986 520 2022 ε
548 1967 733 2039 Neque
763 1982 850 2024 me
872 1969 1049 2036 scitis,
1082 1983 1261 2039 neque
1279 1968 1495 2026 Patrem
1524 1985 1701 2025 meum
1729 1970 1902 2024 scitis.
1927 1989 1948 2022 ι
1977 1968 2067 2025 ln-

492 2075 654 2132 super
686 2060 802 2116 hec
829 2075 1014 2131 quaero
1039 2079 1053 2117 :
1080 2072 1257 2117 utrum
1296 2064 1402 2118 hoc
1429 2062 1792 2133 proloquium,
1831 2080 1850 2114 ι
1873 2064 1928 2119 Si
1958 2063 2063 2118 Pa-

495 2164 631 2209 trem
680 2167 858 2209 meum
903 2155 1138 2217 sciretis,
1166 2164 1224 2210 et
1266 2169 1354 2209 me
1384 2155 1622 2221 sciretis,
1658 2172 1677 2205 ι
1719 2154 1861 2209 idem
1886 2155 2067 2210 valeat

494 2262 619 2302 cum
676 2246 790 2311 illo,
831 2263 852 2298 ι
895 2246 953 2302 Si
994 2260 1083 2303 me
1114 2246 1358 2310 sciretis,
1394 2253 1449 2300 et
1480 2244 1699 2301 Patrem
1740 2260 1921 2300 meum
1958 2247 2068 2301 sci-

492 2337 650 2401 retis,
686 2355 707 2390 ι
744 2352 814 2392 an
846 2351 975 2391 non.
1006 2334 1073 2390 Et
1097 2336 1335 2391 arbitror
1364 2336 1481 2392 haec
1512 2336 1656 2390 inter
1687 2350 1750 2392 se
1772 2352 1879 2391 non
1899 2338 2066 2407 aequi-

493 2429 726 2501 pollere,
751 2444 817 2484 eo
847 2430 990 2498 quod
1047 2428 1139 2497 qui
1175 2427 1391 2483 Patrem
1429 2429 1699 2499 agnoscit,
1746 2430 2003 2484 ascendat
2034 2446 2066 2485 a

495 2521 806 2591 cognitione
853 2518 976 2575 Filii
1026 2522 1094 2573 ad
1136 2519 1507 2589 cognitionem
1556 2517 1756 2583 Patris,
1803 2532 1906 2573 nec
1960 2518 2067 2574 alio

496 2613 657 2667 modo
703 2612 954 2665 videatur
999 2610 1162 2665 Pater
1211 2625 1375 2679 quam
1422 2609 1631 2665 visione
1681 2609 1848 2675 Filii;
1897 2628 1917 2663 ι
1964 2609 2066 2677 Qui

497 2705 640 2759 enim
686 2703 825 2759 vidit
872 2717 995 2770 me,
1050 2702 1246 2773 inquit,
1295 2700 1430 2756 vidit
1461 2712 1516 2756 et
1562 2699 1780 2756 Patrem
1810 2702 1876 2769 ",
1907 2702 2069 2771 ι,ᾳυί

498 2796 647 2851 misit
685 2809 817 2859 me;
846 2809 946 2849 nec
983 2804 1163 2849 tamen
1203 2794 1435 2849 dixisset
1466 2811 1481 2848 :
1517 2792 1624 2861 Qui
1664 2794 1802 2849 vidit
1828 2793 2067 2862 Patrem,

500 2885 634 2941 vidit
665 2899 770 2948 me,
808 2884 1066 2954 quoniam
1098 2883 1190 2952 qui
1220 2881 1542 2939 Sermonem
1573 2883 1665 2938 Dei
1708 2884 1881 2950 videt,
1923 2885 2071 2940 videt

500 2977 692 3040 Deum,
747 2977 1052 3032 ascendens
1089 2990 1119 3029 a
1156 2974 1294 3030 Filio
1331 2976 1400 3030 ad
1433 2975 1648 3029 Patrem
1692 2992 1710 3041 ;
1763 2974 1882 3032 ﬁeri
1923 2979 2069 3032 enim

500 3067 690 3136 nequit
744 3077 803 3121 ut
851 3069 1030 3121 videat
1072 3067 1195 3137 quis
1243 3065 1409 3122 Deum
1460 3081 1566 3121 non
1620 3065 1831 3123 habens
1878 3068 2070 3124 duceni

2151 593 2275 646 ὲστε
2302 596 2393 647 καὶ⁸
2423 596 2582 666 ὑμεῖς
2613 596 2801 667 κλητοὶ
2833 595 3005 669 Ἰησοῦ
3034 596 3291 669 Χριστοῦο
3325 598 3458 651 πᾶσι
3484 597 3596 661 τοῖς
3626 593 3721 650 οὖ-

2144 680 2238 739 ’σιν
2266 689 2325 740 ὲν
2363 682 2546 761 Ῥώμῃ
2582 690 2884 760 ἀγαπητοῖς
2899 689 3056 755 Θεοῦ,
3091 690 3314 761 κλητοῖς
3338 688 3534 757 ἁγίοις,
3563 688 3725 761 χάρις

2154 777 2280 848 ὑμῖν
2301 778 2394 832 καὶ
2420 780 2608 851 εἰρήνη
2637 779 2746 835 ἀπὸ
2770 780 2906 835 Θεοῦ
2932 782 3146 853 Πατρὸς
3170 780 3347 852 ἡμῶν,
3377 781 3472 834 καὶ
3517 780 3722 852 Κυρίου

2165 869 2337 942 Ἰησοῦ
2366 871 2622 942 Χριστοῦ.
2671 890 2691 923 ι
2742 872 2935 942 Σαφῶς
2962 873 3071 944 γὰρ
3105 873 3214 926 ἀπὸ
3238 872 3442 925 τούτων
3473 870 3725 943 μεμαθή-

2154 979 2348 1033 καμεν,
2389 963 2472 1015 ὅτι
2504 963 2533 1015 6
2560 964 2917 1035 Δημιουργὸς,
2952 965 3048 1018 καὶ
3078 963 3209 1027 Θεὸς
3258 962 3365 1017 τῶν
3409 957 3722 1034 προφητῶν,

2155 1054 2250 1107 καὶ
2280 1054 2471 1126 Πατὴρ
2513 1054 2607 1108 τοῦ
2637 1056 2892 1127 Χριστοῦ,
2935 1056 3068 1119 Θεός
3112 1072 3172 1108 τε
3204 1056 3298 1110 καὶ
3341 1055 3528 1126 Πατὴρ
3571 1054 3727 1126 ἡμῶν

2157 1148 2292 1200 ἐστι.
2346 1148 2627 1217 Φαρισαῖοι
2671 1148 2849 1201 τοίνυν
2879 1148 2939 1200 οὗ
2987 1148 3145 1218 μόνον
3186 1147 3386 1216 γνῶσιν
3428 1148 3529 1199 οὐκ
3561 1141 3726 1216 εἶχον,

2156 1237 2279 1292 οὔτε
2311 1239 2432 1293 καθ’
2459 1239 2487 1293 6
2520 1241 2731 1311 Πατὴρ,
2767 1240 2893 1294 οὔτε
2919 1240 3041 1294 καθ’
3069 1242 3097 1295 6
3129 1240 3281 1303 Θεὸς,
3311 1239 3404 1293 τοῦ
3441 1239 3731 1302 δεδωκότος

2157 1329 2249 1383 τὸν
2276 1329 2439 1400 νόμον
2470 1331 2682 1402 Πατρὸς
2719 1330 2814 1384 τοῦ
2866 1330 3121 1401 Χριστοῦ·
3158 1330 3271 1384 ἀλλ’
3312 1329 3420 1383 οὐδ’
3453 1329 3733 1383 ἐπίστευον

2159 1420 2310 1491 αὐτῷ
2340 1421 2788 1493 ὁμολογουμένως
2842 1422 2937 1492 μὲν
2991 1421 3114 1475 καθ’
3157 1421 3186 1474 6
3229 1421 3419 1493 Πατὴρ
3447 1417 3516 1492 ἦν
3559 1419 3733 1491 Ἰησοῦ

2160 1514 2254 1568 καὶ
2286 1513 2418 1577 Θεὸς
2467 1514 2654 1575 αὑτοῦ,
2687 1514 2828 1584 τάχα
2860 1513 2917 1566 δὲ
2943 1513 3064 1566 καθ’
3096 1512 3125 1566 6
3162 1515 3191 1566 6
3218 1513 3350 1575 Θεὸς
3375 1515 3403 1565 6
3426 1513 3619 1575 κτίσας
3665 1511 3736 1566 τὰ

2162 1605 2339 1659 πάντα
2368 1600 2456 1676 ἦν’
2495 1604 2607 1658 ἀλλ’
2630 1605 2754 1658 οὐδὲ
2791 1605 2881 1657 τὸν
2905 1604 3138 1675 Χριστὸν
3167 1604 3407 1674 ᾔδεισανο
3436 1605 3527 1657 καὶ
3556 1602 3736 1667 καλῶς

2162 1697 2373 1767 ἐλέγχει
2416 1697 2612 1760 αὐτοὺς
2637 1698 2666 1749 6
2709 1691 2899 1767 Σωτὴρ
2944 1696 3136 1764 λέγων·
3183 1713 3203 1746 ι
3244 1695 3379 1749 Οὔτε
3413 1696 3513 1766 ἐμὲ
3537 1695 3734 1758 οἴδατε,

2164 1787 2287 1842 οὔτε
2315 1788 2407 1843 τὸν
2432 1789 2650 1860 Πατέρα
2673 1806 2772 1860 μου
2806 1789 3002 1842 οἴδατε.
3043 1807 3062 1841 ι
3101 1786 3285 1841 Ταῦτα
3309 1786 3477 1857 ζητῶ,
3511 1786 3738 1860 πότερον

2168 1881 2279 1934 ῐσον
2304 1880 2525 1934 δύναται
2548 1879 2645 1950 τῷ,
2679 1898 2697 1931 ι
2723 1881 2785 1932 ΕΞ
2814 1880 2912 1950 ἐμὲ
2943 1879 3138 1950 ᾔδειτε,
3160 1878 3362 1933 καὶτὸν
3384 1876 3603 1947 Πατέρα
3637 1893 3737 1948 μου

2167 1970 2234 2024 ἂν
2252 1970 2448 2042 ᾔδειτε,
2486 1988 2505 2021 ι
2537 1970 2618 2034 τὸ,
2652 1989 2672 2022 ι
2706 1970 2769 2023 El
2800 1970 2891 2023 τὸν
2925 1970 3142 2041 Πατέρα
3172 1985 3272 2039 μου
3294 1966 3491 2037 ᾔδειτε,
3525 1966 3618 2020 καὶ
3640 1965 3741 2035 ἐμὲ

2165 2063 2233 2117 ἂν
2252 2063 2451 2135 ᾔδειτε,
2496 2083 2514 2115 ι
2548 2062 2679 2134 ἢοῦ.
2716 2064 2827 2115 Καὶ
2852 2060 3094 2133 ἡγοῦμαι
3128 2060 3202 2133 μὴ
3239 2062 3351 2114 ίσον
3376 2058 3550 2112 ταῦτα
3587 2057 3746 2111 δύνα-

2168 2154 2290 2209 σθαι
2336 2154 2603 2226 ἀλλήλοις,
2633 2153 2712 2225 τῷ
2738 2153 3046 2207 ἀναϐαίνειν
3075 2152 3182 2206 ἀπὸ
3227 2151 3328 2222 τῆς
3356 2149 3608 2219 γνώσεως
3647 2147 3744 2201 τοῦ

2166 2246 2299 2300 Υἱοῦ
2332 2236 2426 2301 ἐπὶ
2456 2248 2555 2320 τὴν
2587 2246 2787 2316 γνῶσιν
2817 2246 2912 2300 τοῦ
2937 2245 3149 2317 Πατρὸς
3176 2244 3268 2299 τὸν
3289 2242 3628 2312 γινώσκοντα
3653 2237 3745 2291 τὸν

2166 2339 2407 2409 Πατέρα,
2440 2339 2537 2393 καὶ
2588 2339 2663 2409 μὴ
2707 2338 2883 2401 ἄλλως
2929 2336 3161 2409 ὁρᾶσθαι
3201 2335 3292 2388 τὸν
3339 2328 3622 2402 Πατέραῆ
3666 2325 3745 2398 τῷ

2166 2431 2394 2506 ὁρᾶσθαι
2427 2431 2517 2486 τὸν
2562 2431 2709 2484 Υίόνο
2754 2431 2853 2484 «Ὀ
2895 2429 3004 2501 γὰρ
3060 2424 3355 2500 ἑωρακὼς,
3390 2424 3575 2494 φησὶν,
3624 2419 3743 2489 ἐμὲ,

2168 2525 2379 2598 ἑώρακε
2403 2524 2496 2577 τὸν
2527 2523 2746 2594 Πατέρα
2790 2541 2811 2573 δ
2848 2522 2942 2575 τὸν
2972 2518 3263 2591 πέμψαντά
3312 2531 3400 2586 με·
3445 2514 3548 2567 οὐκ
3580 2511 3647 2566 ἂν
3688 2510 3747 2563 δὲ

2168 2618 2377 2688 εἰρήκει
2397 2615 2477 2669 τόο
2496 2615 2553 2669 '0
2572 2612 2831 2687 ἑωρακὼς
2861 2612 2953 2666 τὸν
2974 2610 3215 2680 Πατέρα,
3233 2604 3446 2678 ἑώρακέ
3475 2620 3564 2675 με’
3595 2600 3746 2655 ἐπεί-

2169 2724 2275 2778 περ
2306 2709 2335 2761 6
2373 2707 2464 2760 τὸν
2502 2705 2671 2774 Λόγον
2707 2703 3065 2774 τεθεωρηκὼς
3104 2699 3200 2753 τοῦ
3231 2696 3389 2761 Θεοῦ,
3425 2695 3621 2765 θεωρεῖ
3658 2691 3751 2747 τὸν

2169 2800 2323 2865 Θεὸν,
2356 2797 2664 2853 ἀναϐαίνων
2688 2796 2796 2850 ἀπὸ
2822 2794 2917 2848 τοῦ
2944 2794 3120 2861 Λόγου
3151 2791 3287 2863 πρὸς
3310 2789 3402 2842 τὸν
3427 2785 3580 2840 Θεό-ι’
3606 2785 3750 2855 ἀμή-

2171 2909 2329 2963 χανον
2353 2891 2411 2945 δέ
2427 2892 2542 2943 ἐστι
2575 2890 2649 2961 μὴ
2683 2887 2792 2942 ἀπὸ
2817 2886 2912 2940 τοῦ
2940 2885 3114 2953 Λόγου
3149 2881 3426 2953 θεωρῆσαι
3460 2877 3552 2931 τὸν
3594 2876 3745 2929 Θεόν·

2171 2986 2264 3037 καὶ
2291 2985 2319 3037 6
2347 2981 2567 3054 θεωρῶν
2596 2981 2695 3052 τὴν
2727 2978 2916 3047 σοφίαν
2948 2979 3015 3047 ἢν
3051 2976 3264 3029 ἔκτισεν
3288 2975 3318 3027 6
3343 2972 3477 3034 Θεὸς
3506 2968 3614 3036 πρὸ
3642 2966 3751 3021 τῶν

2173 3076 2383 3131 αἰώνων
2407 3077 2487 3139 είς
2503 3075 2639 3147 ἔργα
2671 3072 2861 3137 αὑτοῦ,
2880 3070 3160 3125 ἀναϐαίνει
3192 3067 3301 3121 ἀπὸ
3329 3064 3424 3119 τοῦ
3451 3060 3752 3133 ἐγνωκέναι

502 3157 697 3227 Λόγοι,
730 3157 866 3231 {seu
929 3157 1269 3226 Sermonem,
1325 3167 1382 3213 et
1428 3157 1625 3213 Filium
1670 3160 1766 3215 Dei
1797 3158 1856 3231 :]
1893 3169 1949 3216 et
1979 3163 2072 3231 qui

2175 3167 2273 3239 τὴν
2301 3166 2493 3236 σοφίαν
2518 3164 2610 3217 ἐπὶ
2636 3165 2727 3218 τὸν
2744 3163 2963 3233 Πατέρα
2995 3159 3186 3230 αὐτῆς·
3218 3156 3478 3211 ἀδύνατον
3501 3152 3560 3205 δὲ
3584 3149 3755 3221 χωρὶς

504 3253 759 3321 cognovit
785 3252 1143 3323 Sapientiam,
1190 3267 1354 3323 quam
1395 3253 1603 3307 creavit
1639 3253 1782 3310 Deus
1823 3265 1950 3311 ante
1975 3270 2076 3311 sa:-

498 3346 621 3400 cula
651 3347 719 3400 ad
746 3361 916 3417 opera
942 3361 1040 3402 sua
1062 3346 1134 3411 ”,
1167 3364 1196 3401 a
1226 3348 1539 3418 cognitione
1567 3348 1868 3419 Sapientia;
1893 3362 2079 3402 ascen-

503 3439 585 3495 dit
609 3441 676 3495 ad
705 3439 875 3510 ipsius
905 3439 1200 3506 Sapientiae
1224 3437 1440 3495 Patrem
1470 3460 1486 3498 :
1514 3442 1634 3494 ﬁeri
1667 3441 1831 3495 etiam
1868 3440 2073 3510 nequit,

503 3539 565 3588 ut
587 3531 707 3587 sine
736 3532 898 3599 hujus
926 3531 1218 3601 Sapientiae
1253 3533 1418 3588 ductu
1458 3532 1799 3603 intelligatur
1849 3530 2079 3602 Sapien-

506 3624 597 3678 tia
627 3623 789 3678 Deus.
819 3622 975 3690 Quod
1004 3621 1146 3677 idem
1179 3621 1248 3677 de
1280 3623 1512 3678 veritate
1549 3623 1699 3678 dices
1734 3642 1749 3678 :
1793 3638 1900 3678 non
1933 3626 2077 3678 enim

503 3715 757 3786 intelligit
790 3715 987 3783 aliquis
1023 3714 1215 3777 Deum,
1258 3714 1347 3771 vel
1384 3713 1533 3771 videt
1575 3715 1775 3785 ipsum,
1801 3725 1858 3770 et
1887 3725 2079 3786 postea

504 3806 834 3871 veritatem;
868 3805 962 3859 sed
997 3816 1154 3859 antea
1187 3805 1501 3870 veritatem,
1537 3813 1596 3859 ut
1640 3805 1745 3860 isto
1795 3807 1956 3861 modo
1990 3820 2083 3860 ve-

504 3899 622 3952 niat
652 3896 722 3950 ad
747 3894 1219 3964 contemplandam
1242 3896 1564 3960 essentiam,
1597 3895 1682 3951 vel
1717 3896 1958 3951 essentia
1987 3911 2081 3950 su-

503 3989 777 4059 periorem
812 3988 1113 4057 potentiam
1164 3997 1220 4042 et
1265 3997 1519 4042 naturam
1568 3986 1686 4041 Dei.
1723 3988 1804 4041 Ac
1835 3988 2082 4056 profecto

505 4079 760 4145 fortasse,
792 4077 1247 4149 quemadmodum
1296 4079 1498 4149 gradus
1540 4078 1760 4148 quidam
1813 4087 1973 4134 erant
2028 4080 2082 4133 in

507 4171 706 4239 templo
748 4184 846 4241 per
889 4185 1026 4241 quos
1066 4170 1474 4240 iugrediebatur
1521 4171 1719 4241 aliquis
1771 4172 1824 4225 in
1876 4171 2080 4227 Sancta

2176 3260 2275 3332 τῆς
2292 3259 2484 3328 σοφίας
2516 3255 2880 3329 προσαγωγῆς
2913 3252 3026 3323 (ll)
3054 3248 3314 3321 νοηθῆναι
3333 3246 3424 3299 τὸν
3452 3244 3550 3315 τῆς
3566 3241 3755 3310 σοφίας

2177 3351 2330 3405 Θεόν.
2358 3350 2432 3403 Τὸ
2462 3349 2506 3402 δ’
2535 3349 2665 3403 αὐτὸ
2690 3349 2836 3417 ἐρεῖς
2855 3345 2948 3399 καὶ
2975 3343 3105 3414 περὶ
3130 3342 3230 3411 τῆς
3253 3338 3528 3410 ἀληθείας
3556 3334 3616 3387 οὐ
3647 3332 3755 3402 γὰρ

2179 3443 2292 3497 νοεῖ
2311 3458 2392 3505 τις
2418 3440 2510 3493 τὸν
2541 3437 2696 3503 Θεὸν,
2727 3438 2761 3508 ἢ
2809 3436 3005 3507 θεωρεῖ
3046 3431 3228 3497 αὑτὸν,
3272 3428 3367 3482 καὶ
3415 3424 3554 3498 μετά
3582 3421 3758 3476 ταῦτα

2179 3534 2277 3606 τὴν
2310 3532 2586 3604 ἀλήθειαν·
2613 3530 2747 3584 ἀλλὰ
2770 3528 3031 3601 πρότερον
3056 3525 3158 3598 τὴν
3182 3520 3461 3593 ἀλήθειαν,
3483 3517 3550 3571 ἵν’
3583 3514 3755 3577 οὕτως

2181 3625 2310 3700 ἔλθῃ
2339 3624 2432 3677 ἐπὶ
2449 3622 2511 3676 τὸ
2535 3622 2726 3677 ἐνιδεῖν
2742 3623 2806 3691 τῇ
2831 3618 3012 3689 οὐσίᾳ,
3036 3617 3070 3688 ἢ
3092 3618 3158 3685 τῇ
3181 3611 3510 3684 ὑπερέκεινα
3540 3606 3639 3676 τῆς
3663 3606 3759 3658 οὑ·-

2183 3721 2304 3784 σίας
2329 3718 2577 3789 δυνάμει,
2602 3717 2695 3770 καὶ
2713 3715 2871 3783 φύσει
2890 3712 2983 3767 τοῦ
3008 3709 3164 3764 Θεοῦ.
3195 3708 3306 3762 Καὶ
3334 3704 3478 3775 τάχα
3493 3719 3557 3772 γε
3571 3700 3761 3771 ὥσπερ

2182 3812 2322 3867 κατά
2339 3811 2430 3865 τὸν
2456 3809 2582 3864 ναὸν
2606 3805 2910 3877 ἀναδαθμοί
2943 3819 3086 3867 τινες
3099 3797 3258 3873 ἦσαν,
3275 3799 3341 3852 δι’
3367 3792 3443 3851 ὧν
3477 3793 3649 3865 εἰσῄει
3677 3807 3763 3853 τις

2182 3907 2263 3971 είς
2287 3904 2355 3960 τὰ
2379 3905 2545 3973 Ἅγια
2574 3901 2684 3954 τῶν
2713 3900 2905 3969 ἁγίων,
2938 3896 3112 3959 οὕτως
3136 3897 3184 3948 οἱ
3213 3893 3415 3954 πάντες
3437 3887 3595 3960 ἡμῶν
3625 3886 3760 3939 ἀνα-

2183 3998 2285 4052 ϐαθ
2294 3999 2383 4069 μοι
2403 3997 2431 4048 6
2448 3995 2757 4064 Μονογενής
2780 3994 2897 4045 ἐστι
2927 3989 3021 4043 τοῦ
3037 3986 3173 4041 Θεοῦ
3192 3986 3324 4058 (η)-
3339 3984 3436 4038 καὶ
3450 3981 3641 4049 ὥσπερ
3654 3976 3763 4032 τῶν

2183 4080 2513 4160 ἀναϐαθμῶν
2553 4089 2581 4141 ό
2607 4085 2919 4153 Μονογενής
2941 4083 3058 4133 ἐστι
3091 4078 3307 4151 πρῶτος
3349 4074 3445 4127 ἐπὶ
3482 4072 3552 4127 τὰ
3588 4070 3762 4160 κάτω,

2183 4183 2214 4235 6
2239 4182 2296 4235 δὲ
2344 4179 2535 4234 τούτου
2576 4177 2854 4247 ἀνωτέρω,
2900 4174 2996 4227 καὶ
3032 4170 3206 4233 οὕτως
3232 4168 3432 4237 ἑφεξῆς
3473 4164 3634 4235 μέχρι
3665 4159 3760 4214 τοῦ

506 4270 846 4327 sanctorum,
882 4263 960 4317 ita
992 4275 1183 4318 omnes
1208 4264 1409 4333 gradus
1434 4265 1609 4318 nostri
1646 4265 1959 4334 unigenitus
1996 4274 2083 4319 est

2184 4272 2465 4326 ἀνωτάτωο
2509 4268 2681 4332 οὕτως
2731 4268 2780 4320 οἱ
2834 4266 2932 4337 μὲν
2979 4264 3178 4325 πάντες
3219 4261 3355 4314 εἰσὶν
3405 4253 3707 4325 ἁναϐαθμοὶ
3736 4254 3766 4306 ὁ

507 4352 678 4410 Filius
724 4354 818 4409 Dei
856 4369 873 4419 ;
913 4362 971 4409 et
1017 4355 1159 4410 sicut
1200 4357 1409 4426 primus
1459 4357 1726 4427 graduum
1764 4355 2082 4427 Uuigenitus

2186 4362 2392 4433 Σωτήρ·
2428 4361 2457 4411 6
2484 4360 2540 4413 δὲ
2571 4355 2681 4412 οἷον
2726 4356 2943 4429 πρῶτος
2991 4353 3283 4423 κατωτέρω
3327 4349 3389 4402 τὸ
3428 4344 3765 4433 ἀνθρώπινον

508 4455 594 4502 est
625 4447 681 4502 in
723 4448 885 4503 rebus
910 4447 1121 4514 inferis,
1148 4449 1316 4519 288
1341 4449 1578 4520 itemque
1598 4449 1868 4505 secundus
1905 4448 2083 4519 primo

2187 4432 2375 4515 αὑτοῦ,
2417 4445 2462 4521 ᾧ
2499 4450 2869 4513 ἐπιϐαίνοντες
2906 4445 3183 4516 όδεύομεν,
3212 4440 3308 4496 καὶ
3342 4438 3411 4493 τὰ
3440 4438 3568 4508 ἑξῆς
3597 4432 3761 4489 αὑτοῦ

509 4539 781 4609 superior,
817 4549 874 4595 et
899 4539 980 4594 sic
1006 4506 1463 4612 deincep's'usque
1489 4506 1569 4596 .ad
1597 4506 1922 4611 supremum.
1953 4558 1968 4608 ;
2002 4542 2083 4596 sic

2186 4506 2346 4609 δντα,
2365 4506 2470 4614 τὴν
2493 4545 2674 4596 πᾶσαν
2697 4543 2755 4593 ὲν
2781 4506 2896 4603 τοῖς
2926 4506 3132 4592 ἀναϐαθ
3141 4536 3261 4606 μοῖς
3292 4531 3433 4596 ὁδὸν,
3456 4506 3595 4582 ὥστε
3628 4526 3764 4579 ἀνα-

504 4649 698 4691 omnes
720 4637 920 4707 gradus
942 4648 1073 4694 sunt
1098 4638 1392 4699 Servator:
1417 4643 1574 4715 cujus
1614 4642 1928 4698 humanitas
1961 4657 2085 4712 gra-

2184 4639 2344 4709 ϐῆναι
2385 4637 2453 4689 δι’
2485 4633 2648 4689 αὑτοῦ
2681 4632 2835 4696 ὄντος
2878 4632 2971 4684 καὶ
3003 4627 3258 4698 ἀγγέλου,
3300 4625 3395 4679 καὶ
3424 4616 3767 4715 τῶνλοιπῶν

509 4730 614 4786 dus
639 4731 871 4788 inferior
894 4734 1065 4789 veluti
1091 4734 1300 4805 primus
1316 4745 1401 4792 est
1424 4754 1440 4797 :
1465 4713 1564 4808 per
1588 4750 1750 4807 quam
1775 4737 2088 4806 gradientes

2182 4728 2480 4799 δυνάμεων.
2543 4725 2653 4779 Καὶ
2704 4722 2845 4777 κατά
2881 4721 2981 4784 τὰς
3012 4718 3256 4781 ἐπινοίας
3292 4717 3350 4770 δὲ
3390 4713 3554 4769 αὐτοῦ
3588 4713 3768 4808 terra?

508 4824 801 4879 emetlmur
848 4838 1066 4881 omnem
1100 4826 1370 4896 graduum
1402 4805 1571 4895 viain,
1606 4805 1676 4883 et
1725 4805 1982 4899 deinceps
2020 4843 2084 4882 ea

2183 4820 2369 4893 ἔτερόν
2420 4820 2567 4871 ἐστιν
2619 4817 2736 4880 ὁδὸς
2776 4815 2871 4868 καὶ
2912 4812 3098 4885 θύρα),
3143 4806 3674 4899 προαπαντῆσαι-δεῖ
3701 4805 3767 4874 τῇ

510 4928 632 4981 quae
680 4916 796 4985 ipse
834 4926 918 4972 est
944 4932 959 4982 ;
988 4917 1059 4971 ita
1098 4895 1157 4972 ut
1198 4920 1558 4975 ascendamus
1599 4934 1696 4987 per
1742 4895 1943 4990 ipsum,
1994 4920 2087 4989 qui

2192 4910 2317 4981 ὁδῷ,
2342 4910 2430 4966 ῖνα
2461 4909 2597 4981 μετὰ
2619 4907 2791 4960 ταῦτα
2808 4906 2980 4967 οὕτως
3011 4903 3194 4974 φθάσῃ
3211 4917 3307 4990 τις
3336 4899 3429 4953 ἐπὶ
3449 4899 3547 4990 την
3574 4895 3637 4990 θιό
3645 4910 3767 4966 ραν,

510 5001 751 5071 Angelus
779 5014 863 5059 est
885 5015 939 5060 et
963 5017 1175 5063 caetera:
1205 5012 1481 5078 potentiae.
1510 4986 1653 5077 Quin
1676 4986 1842 5065 etiam
1869 4986 2087 5080 propter

2195 4999 2290 5052 καὶ
2331 4997 2548 5070 ἄρχοντι
2594 4993 2897 5067 χρήσασθαι
2939 4991 3089 5061 αὐτῷ
3128 4989 3247 5045 καθ’
3287 4989 3316 5042 6
3357 4988 3563 5058 ποιμήν
3599 4986 3768 5049 ἐστιν,

515 5093 985 5152 considerationes
1033 5098 1102 5152 de
1148 5097 1267 5167 ipso
1298 5097 1763 5169 (quandoquidem
1809 5078 2088 5156 aliud—est

2195 5093 2285 5145 ἵνα
2319 5108 2402 5154 τις
2428 5088 2629 5159 δυνηθῇ
2664 5086 2830 5141 αὐτοῦ
2867 5084 3172 5140 ἀπολαῦσαι
3204 5084 3297 5136 καὶ
3331 5080 3613 5152 βασιλέως,
3642 5078 3769 5169 ὄνα-

514 5190 602 5244 via
648 5198 706 5245 et
743 5188 888 5244 aliud
928 5186 1174 5258 ostium),
1204 5189 1438 5258 primum
1474 5167 1765 5259 pergamus
1813 5206 1912 5261 per
1942 5192 2087 5246 viam

2198 5184 2319 5238 σθαί
2339 5200 2398 5237 τε
2424 5180 2587 5235 αὑτοῦ
2604 5180 2820 5251 πρῶτον
2839 5180 2913 5241 ὼς
2935 5175 3132 5249 ἀμνοῦ,
3159 5176 3247 5228 ἵνα
3262 5173 3477 5246 πρῶτον
3493 5173 3601 5243 ἀρῃ
3615 5167 3773 5241 ἡμῶν

517 5295 739 5337 necesse
785 5289 889 5349 est,
933 5289 995 5334 ut
1036 5291 1226 5351 postea
1259 5283 1365 5337 isto
1403 5283 1561 5337 modo
1597 5282 1977 5351 perveniamus
2016 5283 2083 5337 ad

2193 5281 2293 5353 τὴν
2335 5277 2630 5349 ἁμαρτίαν,
2672 5276 2766 5327 καὶ
2811 5273 2948 5345 μετά
2969 5270 3143 5325 ταῦτα
3170 5265 3630 5339 κεκαθαρισμένοι
3659 5261 3772 5333 (15)

514 5374 767 5439 ostium;
812 5381 869 5429 et
912 5374 979 5427 ad
1023 5374 1280 5429 utendum
1327 5390 1412 5440 eo,
1443 5374 1794 5445 praecipueiu
1820 5383 2082 5443 quantum

2192 5378 2453 5448 φάγωμεν
2496 5368 2661 5425 αὐτοῦ
2710 5368 2808 5439 τῆς
2847 5362 3067 5436 σαρκὸς,
3098 5362 3201 5432 τῆς
3243 5359 3502 5431 ἀληθινῆς
3542 5353 3769 5429 τροφῆςο

589 5535 811 5594 “Joan.
831 5551 950 5600 vm,
977 5536 1067 5592 l9.
1145 5536 1190 5568 "
1220 5534 1378 5590 Joan.
1405 5549 1522 5600 xiv,
1550 5532 1604 5587 9.
1677 5534 1723 5564 ⁷ο
1744 5532 1903 5590 Prov.
1951 5549 2073 5601 vm,
2097 5534 2187 5587 εει.

592 5682 705 5759 (ll
729 5679 1157 5759 Προ-ᾳατωτυῆς.
1185 5678 1551 5759 scribendum
1584 5677 1939 5759 προαγωγῆς.

604 5752 714 5821 (l2)
755 5748 808 5804 Ὁ
836 5748 1181 5820 Μούογέενής
1205 5751 1337 5804 ἐστι
1367 5748 1473 5803 τοῦ
1511 5748 1678 5812 Θεοῦ,
1702 5759 1811 5821 etc.
1841 5750 1929 5801 Sic
1954 5749 2096 5802 hunc

528 5820 732 5892 locum,
764 5824 819 5879 iu
858 5821 1026 5892 Regio
1059 5823 1248 5879 codice
1274 5821 1545 5887 vitiatum,
1592 5820 1818 5877 sanitati
1856 5820 2097 5879 resutuit
2202 5830 2320 5872 νοι-

2853 5740 2909 5810 et
2952 5729 3309 5810 Barberinus,
3361 5716 3766 5796 κεκαθαρισμ-

2443 5801 2720 5875 dleianus,
2733 5801 3145 5875 κεκαθαρμένοι..
