4196 6432
511 401 619 461 537

1570 404 1930 462 COMMENT.
1966 400 2034 460 ΙΝ
2068 403 2263 462 JOAN.
2305 405 2547 463 TOMUS
2572 407 2716 465 XIX.

3661 407 3769 465 8'58

509 523 603 576 καὶ
646 521 1063 595 ὲπιμελέστερόν
1103 542 1164 578 τε
1204 524 1274 578 τά
1316 525 1695 597 παρακείμενα
1747 525 1957 590 τούτοις
2005 544 2085 590 τις

2194 538 2279 581 est
2323 537 2531 597 pastor,
2563 540 2621 585 ut
2655 531 2779 599 quis
2816 527 2982 582 etiam
3027 539 3096 582 eo
3135 536 3195 582 ut
3227 526 3377 598 Rege
3425 526 3532 583 lini
3577 529 3770 596 possit,

507 611 768 678 ἐξετάσας
798 614 895 667 καὶ
930 615 1284 686 παραλαϐὼν,
1319 615 1614 671 ἀκούσεται
1656 617 1790 689 (14),
1830 637 1849 669 t
1892 620 1955 672 Εί
1985 620 2087 688 ἐμὲ

505 706 704 771 οἴδατε,
729 706 822 759 καὶ
849 707 942 759 τὸν
974 707 1195 778 Πατέρα
1226 725 1327 779 μου
1353 708 1555 772 οἴδατε,
1604 726 1623 761 ι
1656 709 1770 773 καὶ,
1808 709 1958 762 Ἐπεὶ
1985 709 2085 780 ἐμὲ

507 797 704 861 οἴδατε,
728 795 823 849 καὶ
854 796 945 850 τὸν
973 796 1192 868 Πατέρα
1228 814 1329 868 μου
1355 796 1553 851 οίδατε.

2187 618 2476 687 jnvarique
2507 618 2575 672 ab
2610 620 2752 688 ipso,
2808 619 2984 688 primo
3017 616 3215 686 gradu,
3268 632 3366 671 cett
3411 632 3572 685 agno,
3613 627 3674 672 ut
3713 617 3768 670 in

2192 707 2382 776 primis
2415 709 2569 763 tollat
2598 719 2878 779 peccatum
2911 719 3157 764 nostrum
3185 708 3227 740 ⁷⁸
3262 723 3277 773 ;
3303 722 3368 762 ac
3399 718 3593 777 postea
3620 708 3771 776 puri-

2191 798 2339 854 ﬁcati
2372 803 2721 857 comedamus
2753 804 2925 872 ipsius
2961 818 3209 866 carnem,
3239 815 3434 868 nempe
3467 816 3655 855 verum
3686 799 3769 854 εἰν

508 889 632 943 bum
660 908 676 945 :
706 906 935 958 cumque
975 891 1099 961 quis
1138 890 1453 960 diligentius
1493 899 1862 960 perscrutatus
1904 888 2071 946 fuerit
2132 892 2219 948 his
2268 898 2515 963 proxima
2562 898 2995 967 perceperitque,
3060 897 3192 951 illttd
3227 894 3461 949 audiet:
3496 910 3518 946 t
3580 891 3640 946 Si
3680 903 3771 949 me

507 981 744 1048 sciretis,
791 992 847 1037 et
885 983 1100 1038 Patrem
1149 1000 1324 1039 mcum
1362 984 1574 1039 sciretis
1617 986 1663 1017 "
1697 1003 1709 1047 ;
1741 1006 1759 1037 ι
1795 995 1878 1041 et:
1917 984 2184 1051 Quoniam
2216 1004 2305 1043 me
2336 992 2508 1055 scitis,
2535 1000 2588 1045 et
2622 991 2837 1046 Patrem
2875 1006 3051 1046 meum
3081 991 3257 1045 scitis.

574 1073 628 1126 2.
668 1092 688 1124 t
725 1073 910 1137 Ταῦτα
937 1074 1006 1128 τὰ
1047 1075 1267 1145 ῥήματα
1305 1074 1563 1145 ἐλάλησεν
1589 1076 1645 1127 ὲν
1673 1074 1751 1145 τῷ
1782 1073 2089 1144 γαζοφυλα-

507 1164 631 1237 κίῳ,
659 1165 924 1219 διδάσκων
947 1168 1005 1219 ὲν
1035 1167 1113 1237 τῷ
1142 1165 1292 1238 ἱερῷ,
1319 1167 1413 1219 καὶ
1446 1167 1620 1231 οὐδεὶς
1652 1167 1877 1222 ἐπίασεν
1901 1168 2082 1232 αὐτὸν,

505 1257 587 1310 ὃτι
620 1255 771 1309 οὔπω
808 1256 1054 1328 ἐληλύθει
1097 1259 1131 1329 ή
1174 1257 1296 1328 ὥρα
1331 1257 1522 1311 αὐτοῦ·
1559 1276 1578 1310 ι
1607 1258 1670 1311 El
1709 1259 1783 1330 μή
1815 1276 1867 1311 τι
1896 1262 2086 1330 χρήσι-

509 1344 703 1420 μονήν
739 1346 930 1419 μαθεῖν
976 1352 1042 1404 ὲκ
1086 1349 1180 1403 τοῦ
1223 1349 1293 1403 τὰ
1326 1352 1697 1422 προειρημένα
1743 1351 2083 1421 ἀπηγγέλθαι

505 1440 610 1494 ὑπὸ
639 1440 733 1494 τοῦ
769 1441 1018 1513 Σωτῆρος
1049 1443 1143 1495 καὶ
1170 1441 1497 1513 λελαλῆσθαι
1520 1443 1565 1513 (1
1577 1442 1630 1515 ὅ)
1662 1446 1719 1496 ὲν
1746 1442 1824 1513 τῷ
1850 1441 2086 1513 γαζοφυ-

502 1531 694 1602 λακίῳ,
727 1532 827 1586 οὐκ
856 1532 921 1586 ἂν
948 1533 1287 1605 προσέθηκεν
1326 1535 1356 1587 6
1396 1535 1799 1607 Εὑαγγελιστὴς
1824 1531 1906 1601 οἷς
1933 1533 2085 1591 εἶπεν

501 1623 532 1678 6
572 1623 802 1696 Ἰησοῦς,
832 1626 913 1679 τό·
957 1644 976 1678 ι
1016 1626 1201 1680 Ταῦτα
1240 1626 1311 1681 τὰ
1353 1629 1572 1699 ῥήματα
1620 1627 1878 1699 ἐλάλησεν
1918 1629 1978 1684 ἐν
2006 1629 2085 1701 τῷ

502 1713 889 1786 γαζοφυλακίῳ
933 1716 1202 1771 διδάσκων
1227 1719 1286 1771 ὲν
1315 1719 1396 1791 τῷ
1424 1718 1574 1790 ἱερῷ·
1625 1736 1646 1771 ι
1688 1720 1782 1773 καὶ
1812 1720 2083 1792 πανταχοῦ

2262 1078 2317 1132 2.
2353 1096 2374 1131 t
2410 1079 2532 1135 llaec
2568 1083 2730 1135 verba
2764 1081 2981 1135 locutus
3042 1091 3125 1135 est
3160 1079 3211 1133 in
3253 1080 3645 1150 gazophylacio
3673 1079 3773 1135 de.

2190 1184 2322 1225 cens
2353 1171 2405 1225 in
2439 1172 2640 1240 templo
2680 1189 2695 1227 :
2741 1181 2796 1226 et
2835 1173 3014 1226 nullus
3059 1187 3185 1228 eum
3213 1172 3593 1240 apprehendit,
3624 1174 3767 1241 quod

2193 1262 2433 1316 nondum
2492 1272 2720 1318 venerat
2756 1262 2889 1317 hora
2920 1261 3036 1331 ejus
3077 1263 3145 1315 ⁷³.
3196 1281 3216 1315 ι
3265 1260 3376 1315 Nisi
3413 1261 3594 1331 aliqua
3623 1270 3770 1317 esset

2190 1352 2424 1419 utilitas,
2460 1367 2525 1408 eo
2558 1355 2701 1423 quod
2734 1354 2990 1423 praedicta
3028 1352 3274 1407 nuntiata
3317 1351 3473 1407 fuere
3516 1366 3582 1406 ac
3622 1352 3768 1407 dicta

2190 1459 2220 1497 a
2247 1443 2543 1500 Servalore
2574 1447 2629 1499 in
2657 1443 3071 1516 gazophylacio,
3098 1442 3521 1512 haudquaquam
3547 1443 3768 1498 additu-

2192 1551 2285 1590 rus
2302 1535 2477 1591 l‘uerat
2497 1538 2832 1607 evangelista
2859 1537 2943 1591 his
2970 1551 3092 1605 quae
3121 1535 3331 1589 dixerat
3355 1533 3517 1589 Jesus
3543 1554 3556 1589 :
3593 1528 3770 1589 (Haec

2189 1629 2357 1684 verba
2397 1629 2607 1685 locutus
2640 1630 2809 1685 estin
2869 1627 3257 1698 gazophylacio
3301 1628 3502 1682 docens
3541 1627 3596 1682 in
3630 1638 3768 1681 tem-

2192 1721 2282 1790 plo
2307 1739 2321 1788 ;
2354 1741 2374 1775 ι
2407 1731 2464 1776 et
2502 1721 2820 1792 frequenter
2845 1722 2938 1776 ubi
2968 1720 3187 1775 additur
3215 1738 3230 1775 :
3259 1719 3387 1775 Haec
3415 1718 3579 1774 verba
3610 1718 3766 1774 locu-

501 1821 567 1876 γε
592 1809 725 1862 ὅπου
746 1807 1085 1887 πρόσκειται·
1117 1808 1303 1864 Ταῦτα
1333 1810 1407 1864 τὰ
1431 1812 1651 1882 ῥήματα
1674 1810 1712 1866 ἃ
1742 1810 2004 1883 ἐλάλησεν
2027 1813 2085 1866 ὲν

2188 1826 2277 1870 tus
2304 1825 2388 1871 est
2423 1816 2475 1870 itt
2512 1814 2601 1869 tali
2636 1814 2780 1877 loco,
2817 1816 2861 1870 si
2906 1813 3255 1884 indagaveris
3287 1812 3577 1876 rationem,
3609 1811 3768 1865 iuve-

500 1891 604 1967 ᾦδέ
623 1917 727 1954 τινι
753 1900 923 1971 τόπῳ,
951 1901 1249 1972 ἐπιστήσας
1273 1902 1529 1974 εὑρήσεις
1551 1901 1612 1956 τὸ
1634 1901 1735 1971 τῆς
1767 1900 2086 1975 προσθήκης

500 1990 740 2060 εὔλογον.
782 1993 878 2048 ”Ιν’
929 1988 1025 2047 οὖν
1071 1992 1237 2063 νοηθῇ
1277 1992 1330 2045 τί
1374 1992 1438 2046 τὸ
1480 1993 1539 2046 ὲν
1582 1992 1662 2063 τῷ
1706 1992 2087 2065 γαζοφυλακίῳ

499 2083 673 2137 ταῦτα
703 2081 775 2136 τὰ
802 2084 1021 2155 ῥήματα
1043 2083 1111 2138 τά
1139 2084 1245 2137 ὑπὸ
1272 2082 1366 2137 τοῦ
1414 2083 1588 2153 Ἰησοῦ
1612 2082 1883 2154 εἰρῆσθαι,
1909 2101 2089 2155 παρα-

501 2172 783 2246 θησόμεθα
821 2174 966 2247 άπερ
1008 2175 1117 2229 ἀπὸ
1151 2176 1338 2229 Λουκᾶ
1365 2176 1461 2229 καὶ
1498 2177 1729 2247 Μάρκου
1765 2175 2087 2247 μεμαθήκα-

506 2281 628 2337 μεν,
679 2266 1063 2336 ὀνομασάντων
1108 2267 1170 2321 τὸ
1210 2265 1631 2335 γαζοφυλάκιον·
1681 2266 1790 2319 ἀπὸ
1839 2266 1937 2336 μὲν
1991 2265 2085 2319 τοῦ

497 2358 686 2412 Λουκᾶ
737 2356 931 2412 ταῦτα·
968 2377 987 2410 ι
1034 2359 1373 2428 Ἀναϐλέψας
1421 2359 1479 2412 δὲ
1529 2360 1609 2422 είς
1639 2359 1766 2420 τοὺς
1798 2357 2088 2428 βάλλοντας

499 2449 580 2512 εἰς
612 2447 674 2502 τὸ
705 2447 1107 2518 γαζοφυλάκιον
1131 2450 1202 2504 τὰ
1232 2450 1380 2524 δῶρα
1427 2450 1608 2504 αὐτῶν
1631 2448 1941 2514 πλουσίους,
1980 2444 2086 2501 εἷδὲ

500 2555 621 2594 τινα
651 2540 827 2612 χήραν
852 2542 1115 2613 πενιχρὰν
1149 2540 1447 2611 βάλλουσαν
1463 2541 1635 2595 λεπτά
1660 2539 1774 2605 δύο,
1804 2540 1897 2594 καὶ
1911 2534 2081 2592 εἶπεν·

513 2632 752 2704 Ἀληθῶς
779 2632 923 2703 λέγω
936 2635 1087 2706 ὑμῖν,
1119 2635 1203 2689 ὅτι
1235 2636 1271 2707 ἠ
1298 2636 1441 2707 χήρα
1474 2635 1508 2706 ἡ
1537 2633 1727 2705 πτωχὴ
1747 2632 1888 2702 αὓτη
1905 2630 2087 2687 πλεῖον

500 2723 719 2778 πάντων
749 2723 928 2778 ἔϐαλε·
950 2726 1148 2789 πάντες
1180 2725 1289 2798 γὰρ
1305 2720 1451 2779 οὗτοι
1469 2727 1533 2779 ἐκ
1562 2722 1657 2778 τοῦ
1675 2723 2087 2796 περισσεύοντος

500 2816 686 2879 αὐτοῖς
707 2815 898 2870 ἔϐαλον
927 2819 1007 2880 είς
1039 2816 1107 2869 τὰ
1138 2817 1286 2889 δῶρα
1322 2817 1418 2871 τοῦ
1449 2815 1603 2870 Θεοῦ·
1641 2815 1780 2885 αὕτη
1816 2814 1873 2868 δὲ
1902 2817 1967 2867 ἐκ
1993 2814 2086 2868 τοῦ

500 2907 875 2978 ὑστερήματος
892 2907 1060 2978 αὐτῆς
1072 2908 1250 2962 πάντα
1260 2908 1351 2962 τὸν
1366 2908 1481 2978 βίον
1492 2906 1712 2977 ἑαυτῆς,
1724 2906 1784 2959 ὃν
1795 2901 1938 2977 εἶχεν
1952 2905 2084 2974 (16),

502 2998 714 3053 ἔϐαλεν.
772 3018 791 3052 ι
825 2999 960 3055 ’Δπὸ
990 2999 1048 3054 δὲ
1079 3001 1174 3054 τοῦ
1210 3000 1351 3055 κατὰ
1378 3000 1623 3071 Μάρκον·
1663 3019 1681 3051 ι
1725 2999 1836 3052 Καὶ
1864 2997 2033 3062 ἑστὼς
2057 2998 2087 3050 6

498 3089 713 3163 Ἰησοῦς
732 3092 1018 3147 κατέναντι
1035 3091 1129 3145 τοῦ
1158 3092 1561 3162 γαζοφυλακίου
1584 3090 1827 3163 ἐθεώρει,
1852 3091 1947 3143 καὶ
1978 3091 2086 3153 πᾶς

2190 1908 2311 1962 nies
2337 1907 2481 1976 quod
2515 1907 2587 1961 sit
2617 1907 2692 1961 illi
2726 1908 3095 1962 additamenta
3126 1913 3524 1960 consentanea.
3557 1901 3625 1957 Ut
3665 1901 3768 1970 igi-

2189 2007 2281 2054 tur
2309 1998 2648 2067 intelligatur
2680 1998 2911 2066 aliquid,
2945 2011 3116 2066 quare
3164 2011 3193 2050 a
3225 1994 3351 2050 Jesu
3390 1993 3536 2048 dicta
3566 1991 3769 2045 fuerint

2188 2086 2306 2142 haec
2334 2088 2502 2142 verba
2544 2088 2599 2141 in
2633 2086 3044 2158 gazophylacio,
3088 2098 3426 2154 appouemus
3468 2095 3532 2137 ea
3580 2095 3701 2150 qua:
3735 2095 3769 2135 ε

2187 2178 2332 2234 Luca
2357 2189 2413 2234 et
2448 2179 2633 2234 Marco
2665 2178 2981 2241 didicimus,
3019 2177 3111 2245 qui
3142 2176 3472 2230 mentionem
3501 2174 3772 2244 gazophy-

2189 2270 2312 2326 Iacii
2346 2271 2611 2326 fecerunt.
2643 2271 2709 2326 Et
2739 2273 2854 2324 haec
2882 2270 3100 2339 quidem
3128 2266 3289 2323 Lucae
3313 2276 3441 2322 sunt
3475 2265 3642 2320 verba
3671 2263 3763 2320 7":

2194 2378 2213 2413 ι
2249 2359 2568 2430 Respiciens
2599 2373 2779 2415 autem
2818 2361 2870 2413 in
2898 2360 3099 2412 divites
3137 2372 3364 2411 munera
3396 2372 3492 2411 sua
3525 2356 3578 2409 in
3610 2370 3767 2425 gazo-

2188 2453 2500 2521 phylacium
2537 2453 2840 2517 mittentes,
2885 2452 3019 2503 vidit
3056 2448 3440 2519 pauperculam
3472 2448 3765 2517 quamdam

2188 2546 2407 2599 viduam
2437 2545 2743 2599 mittentem
2774 2545 2980 2598 minuta
3020 2545 3149 2608 duo,
3179 2552 3234 2598 et
3271 2542 3409 2598 dixit
3437 2560 3451 2595 :
3485 2541 3623 2597 Vere
3645 2543 3768 2598 dico

2188 2635 2346 2689 vobis
2378 2635 2518 2689 hanc
2543 2650 2835 2703 pauperem
2862 2636 3079 2689 viduam
3112 2635 3234 2704 plus
3259 2649 3424 2704 quam
3457 2647 3646 2688 omnes
3673 2634 3771 2688 nti-

2187 2726 2327 2780 sisse
2352 2744 2365 2780 :
2394 2743 2518 2781 nam
2551 2742 2748 2781 omnes
2779 2727 2832 2781 hi
2861 2742 2928 2782 ex
2951 2741 3016 2782 eo
3043 2726 3187 2796 quod
3215 2726 3319 2782 sibi
3351 2724 3642 2791 redundat,
3666 2726 3770 2779 mi-

2188 2828 2376 2873 serunt
2418 2820 2472 2872 in
2509 2820 2649 2874 dona
2716 2819 2854 2881 Dei;
2901 2819 3019 2873 haec
3069 2828 3251 2872 autem
3293 2831 3360 2871 ex
3399 2819 3623 2887 penuria
3667 2831 3766 2870 sua

2189 2911 2502 2965 universam
2545 2910 2911 2965 substantiam
2953 2924 3134 2971 suam,
3181 2923 3344 2978 quam
3375 2906 3630 2970 habebat,
3668 2905 3769 2958 mi-

2187 3003 2276 3059 sit.
2321 3023 2341 3056 ι
2381 3001 2548 3058 Marci
2582 3018 2711 3058 vero
2740 3004 2904 3057 verba
2935 3002 3017 3057 sic
3047 3016 3106 3056 se
3139 3001 3340 3055 habent
3374 3000 3421 3031 "
3449 3018 3463 3054 :
3504 3018 3521 3050 t
3551 2997 3618 3053 Et
3644 3013 3765 3051 cum

2188 3093 2405 3148 sederet
2453 3091 2614 3148 Jestts
2665 3108 2734 3146 ex
2784 3093 3016 3147 adverso
3047 3089 3449 3162 gazophylacii,
3481 3087 3769 3157 spectabat

499 3182 689 3238 ἔϐαλλε
714 3183 825 3255 (17)
859 3184 1059 3255 χαλκὸς
1107 3183 1169 3256 [ί.
1201 3183 1423 3257 χαλκὸν]
1466 3186 1546 3248 είς
1579 3184 1640 3238 τὸ
1667 3182 2084 3252 γαζοφυλάκιον,

2191 3186 2466 3253 quomodo
2494 3184 2783 3238 multitudo
2814 3184 3058 3238 mitteret
3081 3198 3157 3237 aes
3182 3183 3234 3235 in
3273 3180 3720 3251 gazophylacium
3746 3195 3765 3233 :

500 3274 597 3329 καὶ
623 3274 808 3329 πολλοὶ
840 3274 1084 3330 πλούσιοι
1124 3275 1347 3329 ἔϐαλλον
1392 3274 1580 3329 πολλά·
1622 3272 1848 3328 ἐλθοῦσα
1886 3273 1944 3327 δὲ
1988 3273 2086 3343 μία

499 3367 645 3439 χήρα
681 3366 871 3438 πτωχὴ
896 3366 1054 3420 ἔϐαλε
1083 3366 1256 3421 λεπτὰ
1276 3366 1389 3431 δύο,
1416 3368 1446 3420 ὅ
1478 3368 1594 3420 ἐστι
1623 3365 1939 3437 κοδράντης·
1992 3363 2086 3418 κα).

500 3457 1015 3529 προσκαλεσάμενος
1048 3459 1173 3523 τοὺς
1207 3458 1454 3530 μαθητὰς
1482 3455 1648 3512 αὑτοῦ
1692 3453 1845 3510 εἶπεν
1877 3457 2080 3520 αὐτοῖς·

500 3546 674 3620 ’Δμὴν
703 3548 850 3617 λέγω
881 3548 1030 3621 ὑμῖν,
1062 3548 1144 3602 ὅτι
1186 3550 1386 3621 ήχήρα
1424 3551 1458 3620 ή
1499 3547 1689 3620 πτωχὴ
1729 3546 1868 3619 αῦτη
1904 3547 2085 3603 πλεῖον

501 3641 718 3695 πάντων
751 3640 910 3694 ἔϐαλε
937 3640 1048 3694 τῶν
1095 3639 1396 3712 βαλλόντων
1436 3643 1519 3705 εἰς
1562 3640 1625 3693 τὸ
1662 3638 2081 3708 γαζοφυλάκιον·

501 3732 702 3796 πάντες
721 3732 831 3804 γὰρ
853 3734 919 3786 ὲκ
948 3731 1043 3785 τοῦ
1076 3731 1491 3806 περισσεύοντος
1529 3733 1716 3797 αὐτοῖς
1744 3732 1956 3786 ἔϐαλον·
1983 3730 2085 3785 αὖ·

497 3842 565 3897 τη
612 3825 669 3879 δὲ
704 3827 770 3879 ἐκ
810 3825 909 3896 τῆς
957 3825 1301 3896 ὑστερήσεως
1343 3824 1515 3895 αὐτῆς
1568 3824 1747 3877 πάντα
1792 3824 1892 3876 ὅσα
1940 3820 2085 3893 εἶχεν

499 3916 713 3983 ἔϐαλεν,
763 3916 885 3971 ὅλον
920 3916 1013 3969 τὸν
1064 3914 1178 3985 βίον
1209 3915 1399 3986 αὐτῆς.
1438 3933 1459 3968 ι
1500 3915 1566 3968 Τί
1606 3914 1663 3968 δέ
1702 3933 1793 3986 μοι
1837 3914 2084 3986 βούλεται

496 4011 532 4082 ή
562 4010 671 4063 τῶν
701 4009 881 4081 ῥητῶν
911 4007 1214 4081 παράθεσις
1237 4009 1559 4079 τηρήσαντι,
1584 4007 1747 4061 ὅτιτὸ
1778 4005 2088 4077 γαζοφυλά-

497 4117 615 4155 κιον
641 4103 698 4154 ὲν
735 4101 814 4171 τῷ
842 4099 973 4173 ίερῷ
994 4095 1083 4172 ἦν,
1112 4099 1253 4171 ὑπὲρ
1271 4098 1365 4152 τοῦ
1383 4099 1570 4170 νοῆσαι
1590 4098 1688 4171 τὴν
1717 4098 2086 4171 προκειμένην

496 4186 593 4243 τοῦ
634 4186 881 4242 Ἰωάννου
914 4187 1078 4253 λέξιν,
1129 4188 1231 4260 ήδη
1271 4186 1520 4260 λέξομεν.
1567 4189 1630 4241 Εἰ
1678 4189 1739 4241 τὸ
1788 4189 1930 4261 ἱερὸν
1971 4188 2083 4261 (18)

497 4280 773 4351 ἀνάγομεν
824 4279 921 4334 τοῦ
971 4279 1130 4345 Θεοῦ,
1175 4280 1267 4333 καὶ
1322 4280 1464 4334 κατὰ
1509 4281 1601 4334 τὸν
1638 4281 1785 4345 ναὸν,
1839 4279 1950 4335 εἴτε
1993 4280 2086 4335 τὸν

498 4372 869 4443 πνευματικὸν
912 4372 1093 4441 λόγον,
1129 4370 1306 4443 τούτῳ
1338 4371 1648 4437 ἀκολούθως
1691 4373 1786 4426 καὶ
1834 4372 1896 4426 τὸ
1922 4374 1980 4426 ὲν
2004 4372 2086 4445 τῷ

499 4463 630 4535 ίερῷ
671 4461 1074 4534 γαζοφυλάκιον
1118 4465 1565 4536 κατανοήσωμεν,
1592 4465 1732 4535 ὅπερ
1771 4464 1888 4518 ἐστὶ
1922 4464 2086 4529 τόπος

496 4555 850 4625 νομισμάτων
883 4556 966 4618 εἰς
997 4555 1163 4626 τιμὴν
1193 4552 1330 4610 Θεοῦ
1368 4554 1462 4609 καὶ
1493 4556 1805 4627 οἰκονομίαν
1835 4554 2083 4611 ἀναπαύ-

499 4663 637 4710 σεως
659 4647 909 4718 πενήτων
940 4646 1418 4719 προσφερομένων.
1449 4646 1532 4700 Τὰ
1546 4647 1605 4702 δὲ
1631 4647 1942 4718 νομίσματα
1962 4648 2085 4700 τίνα

497 4737 565 4794 ἂν
594 4739 679 4809 εἴη
711 4738 744 4810 ἢ
773 4740 822 4792 οἱ
843 4737 974 4791 θεῖοι
1005 4738 1155 4807 λόγοι
1186 4737 1284 4810 τὴν
1321 4738 1504 4793 είκόνα
1523 4738 1618 4792 τοῦ
1662 4736 1897 4809 μεγάλου
1933 4737 2085 4808 βασι-

497 4829 633 4894 λέως
659 4830 1107 4901 ὲντετυπωμένην
1145 4829 1379 4901 ἔχοντες,
1419 4830 1524 4884 ὑπὸ
1562 4830 1800 4901 δοκίμων
1824 4828 2085 4900 τραπεζι-

498 4922 609 4977 τῶν
661 4922 1043 4994 θεωρούμενοι,
1096 4922 1204 4977 τῶν
1250 4923 1503 4993 χωρίζειν
1542 4920 1926 4993 ἐπισταμένων
1974 4922 2085 4975 ἀπὸ

496 5012 607 5068 τῶν
637 5012 880 5084 δοκίμων,
904 5013 975 5067 τὰ
998 5012 1252 5085 ἀδόκιμα,
1286 5012 1733 5086 προσποιούμενα
1755 5012 1812 5066 δὲ
1829 5008 1964 5067 εἶναι
2002 5012 2086 5066 δό-

2187 3284 2243 3329 et
2269 3275 2423 3328 multi
2453 3274 2655 3329 divites
2684 3274 2968 3327 mittebant
3005 3272 3168 3325 multa
3194 3288 3210 3337 ;
3239 3285 3363 3324 cum
3394 3270 3636 3324 venisset
3668 3283 3758 3323 au-

2189 3377 2295 3422 tem
2325 3368 2574 3436 quaedam
2601 3365 2764 3421 vidua
2794 3380 3022 3435 pauper,
3051 3362 3203 3418 misit
3234 3363 3438 3416 minuta
3466 3363 3597 3426 duo,
3620 3358 3766 3429 quod

2187 3470 2274 3515 est
2322 3458 2603 3528 quadrans
2648 3474 2665 3524 ;
2713 3458 3031 3527 vocatisqne
3069 3457 3137 3511 ad
3182 3469 3244 3511 se
3280 3454 3450 3525 289
3487 3451 3769 3522 discipulis

2187 3554 2323 3619 suis,
2353 3552 2488 3607 dicit
2520 3550 2632 3606 illis
2661 3569 2676 3607 :
2712 3552 2882 3607 Amen
2914 3551 3035 3605 dico
3062 3549 3241 3614 vobis,
3282 3549 3412 3618 quia
3450 3546 3614 3601 vidua
3649 3544 3767 3599 haec

2187 3661 2391 3716 pauper
2421 3646 2541 3715 plus
2568 3644 2717 3700 misit
2746 3657 2909 3711 quam
2944 3655 3139 3695 omnes
3163 3638 3257 3710 qui
3284 3639 3553 3693 miserunt
3581 3636 3636 3690 iu
3668 3650 3767 3704 ga-

2186 3738 2571 3808 zophylacium
2602 3758 2617 3792 :
2644 3751 2770 3789 nam
2821 3748 3018 3790 omnes
3050 3747 3120 3788 ex
3159 3747 3227 3787 eo
3254 3730 3400 3801 quod
3430 3729 3539 3784 illis
3568 3741 3766 3796 super-

2187 3841 2328 3893 erat,
2360 3831 2667 3895 miserunt;
2692 3838 2751 3882 at
2801 3829 2924 3883 hzec
2954 3842 2986 3882 e
3018 3824 3244 3896 penuria
3274 3838 3371 3878 sua
3402 3822 3585 3878 omnia
3619 3836 3770 3893 qum-

2187 3939 2403 3993 cunque
2440 3920 2703 3988 habebat,
2732 3919 2906 3985 misit,
2941 3927 3106 3975 totam
3137 3915 3503 3973 substantiam
3529 3929 3708 3970 suam.
3745 3932 3766 3965 ι

2185 4015 2326 4083 Quid
2367 4024 2550 4070 autem
2591 4029 2692 4085 ego
2728 4012 2888 4068 velim
2927 4012 3228 4066 observans
3278 4007 3612 4062 additionem
3648 4020 3774 4058 ver-

2186 4106 2406 4172 borum,
2435 4121 2634 4176 nempe
2664 4106 2809 4176 quod
2839 4101 3289 4175 gazophylacium
3319 4108 3440 4153 erat
3468 4097 3519 4151 in
3549 4097 3770 4166 templo,

2187 4212 2287 4267 pro
2318 4197 2677 4268 intelligentia
2715 4203 3013 4251 contextus
3048 4191 3301 4257 Joannis,
3328 4204 3438 4259 quo
3465 4191 3533 4243 de
3562 4190 3769 4257 agitur,

2181 4288 2294 4358 jam
2325 4287 2591 4343 dicemus.
2625 4287 2754 4342 Sive
2793 4284 3054 4355 templum
3090 4282 3210 4348 Dei,
3242 4290 3297 4338 et
3325 4297 3448 4351 qua:
3486 4281 3539 4333 iu
3568 4279 3773 4347 templo

2188 4389 2336 4444 sunt,
2360 4392 2525 4433 sensu
2557 4376 2858 4446 anagogico
2883 4372 3229 4442 exponimus,
3261 4372 3379 4426 sive
3422 4368 3770 4439 spiritualem

2189 4482 2522 4533 sermonem,
2538 4467 2665 4522 huic
2685 4474 3090 4535 consequenter
3108 4461 3556 4534 gazOphylacium
3579 4459 3771 4527 etiam,

2189 4560 2428 4630 quodin
2465 4558 2666 4626 templo
2714 4567 2857 4623 erat,
2910 4555 3204 4627 diligenter
3253 4553 3728 4623 considerabimus
3753 4572 3771 4609 :

2187 4650 2335 4720 quod
2364 4651 2583 4720 quidem
2633 4647 3081 4719 gazophylacium
3112 4647 3264 4701 locus
3293 4660 3416 4700 cum
3444 4645 3517 4698 sit
3558 4642 3774 4698 numis-

2189 4751 2425 4807 malum,
2459 4755 2580 4811 quae
2619 4739 2926 4796 oﬂ‘eruntur
2958 4741 3024 4793 ad
3056 4741 3320 4795 honorem
3348 4737 3443 4792 Dei
3479 4745 3533 4790 et
3565 4735 3633 4789 ad
3662 4733 3714 4787 di
3732 4751 3776 4786 ς-

2186 4833 2570 4903 pensationem
2603 4832 2809 4899 requiei
2837 4845 3163 4901 pauperum,
3195 4830 3325 4897 qttid
3353 4827 3498 4881 aliud
3520 4836 3648 4879 sunt
3672 4840 3777 4878 nu-

2192 4924 2448 4985 mismata
2474 4939 2636 4994 quam
2652 4922 2822 4977 divini
2844 4936 3126 4977 sermones
3148 4921 3438 4990 imaginem
3462 4920 3643 4983 magni
3667 4916 3775 4969 ltu-

2190 5013 2279 5084 gis
2310 5014 2633 5084 impressam
2660 5014 2948 5076 habentes,
2982 5012 3072 5081 qui
3104 5010 3529 5066 considerantur
3555 5023 3585 5061 a
3617 5021 3773 5061 men-

573 5202 615 5233 '“
639 5199 800 5258 Joan.
834 5218 881 5277 ι,
917 5203 1002 5259 29.
1081 5203 1126 5235 ⁷²
1149 5201 1308 5257 Joan.
1336 5218 1456 5267 vnt,
1483 5202 1570 5257 19.
1648 5202 1694 5234 ⁷³
1720 5202 1847 5256 ibid.
1878 5201 1970 5257 9.0.
2046 5201 2085 5234 τ’

2188 5214 2248 5255 ιο.
2279 5214 2400 5266 xxt,
2426 5199 2481 5265 1,
2515 5199 2552 5253 2
2596 5213 2715 5267 seq.
2790 5199 2837 5230 ⁷⁸
2876 5197 3044 5252 Marc.
3087 5212 3187 5262 xu,
3213 5196 3277 5250 Μ
3305 5212 3421 5268 seq.

579 5363 692 5435 (14)
724 5361 909 5419 Codex
938 5362 1290 5430 Bodleianus,
1318 5363 1645 5418 ἀκούσεται·
1683 5364 1907 5434 Regius,
1930 5363 2088 5419 ἀκού-

507 5450 589 5486 σει
621 5450 701 5498 τε,

579 5502 690 5577 (15)
734 5501 872 5577 Kal
916 5500 1314 5577 λεᾷαλῇοζθαι.
1366 5503 1425 5558 In
1476 5504 1661 5560 codice
1712 5505 1883 5577 Regio
1930 5505 2084 5561 deest

509 5572 623 5638 καί,
648 5576 742 5626 sed
775 5574 971 5642 legitur
1008 5574 1058 5626 in
1090 5573 1400 5626 Bodleiano.

579 5642 692 5712 (l6)
734 5639 850 5712 Ὂιῖ
869 5639 1053 5711 εἶχεν.
1083 5643 1181 5696 Ὃν
1222 5644 1429 5697 excidit
1464 5658 1496 5697 e
1543 5644 1729 5698 codice
1762 5644 1958 5712 Regio,
1987 5644 2082 5699 sed

508 5723 689 5766 exstat
724 5712 778 5765 itt
810 5711 1126 5766 Bodleiano.

577 5780 690 5851 (17)
710 5781 822 5837 Καὶ
845 5780 967 5848 πᾶς
993 5781 1231 5840 ἔϐαλλε.
1263 5781 1355 5836 Sic
1378 5782 1575 5835 habent
1596 5781 1812 5837 codices
1834 5783 2082 5838 Bodleia-

514 5866 614 5908 nus
641 5860 698 5908 et
727 5853 1081 5914 Barheriuus.
1118 5856 1207 5911 ubi
1241 5852 1449 5915 Regius
1482 5865 1764 5917 perperam
1796 5855 1960 5910 habet
1986 5853 2081 5907 καὶ

2194 5362 2369 5415 πᾶσιν
2424 5358 2637 5414 ἔϐαλλε.
2678 5357 2906 5430 Vulgata
2954 5357 3121 5413 Marci
3179 5355 3513 5427 exemplaria
3559 5353 3775 5419 Graeca,

2186 5430 2307 5493 πῶς
2346 5434 2375 5485 6
2398 5431 2554 5500 ὄχλος
2575 5428 2780 5500 βάλλει.

2226 5490 2345 5573 (18)
2378 5490 2462 5554 Εἴ
2493 5490 2777 5573 τῦςίερόνᾲ,
2808 5509 2914 5573 ett.
2937 5496 3148 5573 Codex
3197 5494 3681 5573 Bodleiantts,_sf?s
3714 5490 3781 5573 τὸ

2186 5562 2364 5640 ἱερόν,
2388 5582 2497 5626 etc.
2544 5562 2834 5640 Ferrarius
2860 5570 3079 5640 videtur
3119 5566 3315 5640 legisse
3364 5565 3476 5640 είτε
3632 5562 3777 5640 ἱερᾲν

2187 5632 2462 5712 ἀνάγομεν
2503 5639 2610 5712 τοῦ
2630 5638 2786 5712 Θεοῦ,
2820 5637 2914 5712 καὶ
2941 5636 3009 5689 τὰ
3031 5632 3195 5712 *κατᾷ
3226 5634 3316 5687 τὸν
3350 5634 3498 5712 ναὸν,
3535 5634 3643 5712 εἴτε
3683 5632 3778 5712 τρν

2184 5703 2776 5782 πνευματικὸνῇλόγονε
2828 5708 3136 5782 Lugendum
3170 5707 3403 5782 fortasse
3430 5705 3480 5782 ei
3519 5703 3779 5782 coispiw

2186 5772 2461 5853 ἀνάγομεν
2497 5778 2609 5853 τοῦ
2643 5772 2777 5853 Θεοῦ
2825 5777 2918 5832 καὶ
2948 5773 3016 5828 τὰ
3066 5777 3210 5828 κατά
3253 5774 3341 5829 τὸν
3397 5773 3523 5829 ναὸν
3565 5775 3644 5836 εἰς
3684 5772 3776 5827 τὸν

2188 5849 2565 5921 πνευματικὸν
2597 5849 2773 5918 λόγον.
