4196 6428
469 357 578 417 σεο

1930 358 2255 418 ORIGENIS

3618 358 3729 414 540

468 480 634 536 sariis
663 482 927 550 probatis,
959 484 1145 554 gnaris
1180 483 1453 540 dividendi
1478 485 1706 555 probata
1745 484 1814 540 ab
1843 483 2046 555 impro-

2148 499 2305 553 κιμα,
2328 482 2421 536 καὶ
2435 481 2745 554 τηρούντων
2762 481 2860 552 τὴν
2876 480 3093 551 ἐντολὴν
3119 478 3293 551 ’1ησοῦ
3315 479 3577 548 λέγουσαν
3591 476 3726 550 (l9),

469 572 638 635 batis,
674 588 798 644 qua:
829 576 1169 631 mentiuntur
1209 592 1269 633 se
1304 592 1429 633 esse
1459 578 1708 648 probata,
1739 587 1794 633 et
1820 593 2046 633 servan-

473 663 619 718 tibus
653 664 786 719 illud
823 664 953 722 Jesu
1009 669 1351 734 mandatum,
1391 687 1410 721 ι
1442 668 1629 724 Estote
1668 670 1820 738 probi
1868 678 2047 740 trape-

471 754 596 808 sita:
622 772 643 819 ;⁸
669 774 688 807 ι
730 767 787 811 et
836 756 985 812 Pauli
1038 760 1344 814 doctrinam
1387 760 1622 816 dicentis
1660 761 1708 792 ⁷⁸
1751 778 1765 815 :
1802 777 1823 812 t
1852 760 2047 817 Omnia

472 846 705 912 probate
735 864 750 911 ;
775 850 918 912 quod
955 848 1158 903 bonum
1204 861 1292 905 est
1333 861 1551 918 tenete;
1592 853 1663 907 ab
1688 852 1836 908 omni
1867 854 2050 923 specie

473 931 609 984 mala
651 932 924 988 abstinete
954 938 1095 990 vos?
1136 957 1155 989 ι
1194 938 1580 1009 Unusquisque
1620 952 1803 996 autem
1852 942 2050 998 inferat

472 1024 538 1075 ad
574 1022 987 1079 ardiﬁcatiouem
1034 1025 1314 1095 Ecclesiae,
1357 1030 1544 1085 ferens
1594 1032 1661 1085 ad
1711 1033 2047 1103 gazophyla-

471 1108 632 1171 cium.
667 1115 811 1181 quod
857 1124 1039 1171 mente
1077 1120 1345 1183 cernitur,
1378 1136 1718 1191 quaecunque
1760 1133 1939 1192 potest
1980 1122 2048 1177 ad

471 1200 730 1257 honorem
779 1204 899 1269 Dei,
948 1216 1005 1261 et
1042 1210 1331 1264 utilitatem
1377 1226 1744 1266 communem.
1782 1214 2048 1279 Quoniam

471 1307 601 1347 vero
644 1298 1008 1353 communitas
1050 1299 1258 1354 duobus
1305 1303 1479 1356 modis
1501 1302 1749 1372 juvatur,
1784 1305 1964 1359 verbis
1994 1314 2052 1359 et

467 1382 728 1449 operibus
768 1400 887 1452 qua:
907 1386 1087 1452 justus
1112 1390 1223 1458 agit
1249 1410 1263 1456 ;
1291 1392 1518 1458 pulchre
1545 1393 1660 1448 haec
1685 1394 1848 1448 etiam
1880 1409 2047 1463 opera

469 1466 788 1523 referuntur
818 1472 883 1525 ad
911 1477 1384 1546 gazophylacium,
1409 1482 1553 1549 quod
1580 1492 1763 1538 mente
1784 1484 2045 1541 cernitur.

470 1557 580 1612 Sed
620 1562 876 1627 quoniam
922 1579 1030 1619 non
1072 1568 1336 1635 aequales,
1380 1584 1444 1624 ac
1484 1586 1552 1625 ne
1581 1572 1805 1628 omnino
1830 1574 2047 1643 quidem

469 1648 677 1703 similes
714 1654 983 1709 omnibus
1031 1667 1157 1710 sunt
1203 1658 1350 1713 vires
1383 1660 1435 1713 in
1476 1661 1575 1716 hac
1618 1663 1725 1716 vita
1761 1662 2044 1734 (quando-

469 1741 686 1809 quidem
737 1743 886 1798 dedit
933 1748 1331 1815 paterfamilias
1377 1752 1469 1806 uni
1531 1753 1772 1823 quinque
1820 1755 2045 1821 talenta,

2154 593 2174 626 ι
2214 575 2436 644 Δόκιμοι
2470 573 2792 645 τραπεζῖται
2820 572 3055 642 γίνεσθε,
3096 591 3114 624 ι
3161 572 3253 624 καὶ
3278 572 3376 639 τὴν
3408 569 3621 621 Παύλου
3651 568 3731 621 δι-

2146 667 2316 736 δαχὴν
2345 666 2666 735 φάσκοντος,
2700 685 2720 718 ‹
2748 666 2933 719 Πάντα
2960 662 3303 734 δοκιμάζετε,
3321 661 3381 714 τὸ
3406 658 3567 713 καλὸν
3594 676 3727 712 κατ-

2148 757 2323 826 έχετε,
2386 755 2494 809 ἀπὸ
2553 756 2754 818 παντὸς
2809 755 2981 818 εἴδους
3044 752 3281 824 πονηροῦ
3353 749 3658 820 ἀπέχεσθε;
3703 768 3722 801 ι

2149 846 2421 909 Ἕκαστος
2446 845 2511 916 δὴ
2548 845 2848 917 εἰσφερέτω
2889 844 3002 915 (20)
3042 846 3124 907 εἰς
3154 842 3442 913 οἰκοδομὴν
3472 840 3570 911 τῆς
3600 841 3724 893 Ἐκ-

2147 937 2397 1008 κλησίας,
2424 938 2604 1008 φέρων
2635 939 2726 991 ἐπὶ
2759 936 2818 990 τὸ
2848 936 3035 1007 νοητὸν
3075 933 3476 1003 γαζοφυλάκιον
3506 932 3535 985 δ
3571 930 3729 984 δύνα-

2145 1045 2235 1082 ται
2268 1028 2403 1099 (2i),
2426 1031 2507 1092 εἰς
2537 1029 2701 1101 τιμὴν
2723 1027 2816 1081 τοῦ
2846 1027 2980 1081 Θεοῦ
3009 1027 3104 1080 καὶ
3117 1025 3382 1095 ὠφέλειαν
3406 1022 3501 1076 τοῦ
3524 1022 3727 1076 κοινοῦ.

2160 1121 2310 1174 Ἐπεὶ
2353 1120 2412 1174 δὲ
2451 1121 2600 1173 ἔστιν
2633 1120 2981 1190 ὠφεληθῆναι
3012 1119 3075 1172 τὸ
3106 1119 3283 1172 κοινὸν
3319 1116 3503 1186 διχῶς,
3535 1113 3643 1168 ἀπό
3668 1130 3730 1165 τε

2145 1212 2320 1282 λόγων
2339 1214 2434 1266 καὶ⁵
2465 1213 2575 1265 ἀπὸ
2613 1212 2884 1284 πράξεων,
2920 1205 2995 1265 ὧν
3022 1210 3052 1262 6
3091 1210 3297 1272 δίκαιος
3331 1208 3558 1279 πράττει
3590 1206 3728 1275 (2‘2),

2146 1303 2328 1367 καλῶς
2362 1304 2457 1356 καὶ
2485 1302 2647 1356 αὑταὶ
2671 1301 3032 1374 ἀναφέρονται
3061 1302 3141 1365 είς
3175 1300 3237 1354 τὸ
3278 1299 3464 1369 νοητὸν
3492 1296 3730 1367 γαζοφυ-

2145 1395 2353 1450 λάκιον.
2388 1394 2526 1447 Ἀλλ’
2557 1395 2678 1448 ἐπεὶ
2707 1394 2809 1447 οὐκ
2842 1393 2932 1465 ῐση
2974 1392 3082 1445 οὐδ’
3112 1392 3274 1463 ὁμοία
3306 1390 3523 1444 πάντων
3554 1388 3665 1459 (25)
3693 1389 3728 1460 ἡ

2143 1484 2370 1555 δύναμις
2396 1486 2452 1537 ὲν
2472 1483 2551 1553 τῷ
2586 1482 2686 1553 βίῳ
2709 1479 2963 1553 τοῦτῳ(εῐ
2981 1499 3043 1551 γε
3058 1482 3258 1535 ἔδωκεν
3281 1481 3309 1533 6
3345 1478 3727 1547 οἰκοδεσπότης

2143 1577 2221 1648 τῷ
2256 1579 2353 1648 μὲν
2387 1576 2547 1630 πέντε
2578 1577 2835 1640 τάλαντα,
2866 1575 2946 1645 τῷ
2973 1575 3030 1628 δὲ
3061 1574 3175 1635 δύο,
3208 1572 3287 1644 τῷ
3311 1572 3367 1625 δὲ
3400 1571 3480 1637 ἒν,
3514 1570 3730 1640 ἑκάστῳ

2145 1670 2287 1723 κατά
2303 1670 2399 1741 τὴν
2432 1669 2567 1723 ῑδίαν
2593 1669 2866 1739 δύναμιν),
2885 1667 3204 1738 ἀποδέχεται
3225 1668 3253 1719 6
3273 1665 3514 1735 ἔμψυχος
3541 1663 3729 1717 τούτου

2144 1761 2336 1827 Λόγος,
2376 1760 2578 1833 ὲνορῶν
2611 1763 2677 1831 τῇ
2729 1760 2955 1832 δυνάμει
2990 1759 3099 1813 τῶν
3155 1757 3451 1828 βαλλόντων
3484 1757 3564 1820 εἰς
3593 1755 3622 1808 δ
3648 1755 3730 1808 δι-

471 1833 623 1888 alteri
656 1846 836 1889 autem
871 1837 997 1906 duo,
1026 1840 1120 1893 alii
1151 1857 1280 1896 vero
1315 1857 1479 1897 unum
1526 1845 1595 1910 ",
1625 1846 1917 1914 unicuique
1950 1861 2036 1899 se-

2144 1850 2472 1922 ηγησάμεθα
2495 1850 2925 1921 γαζοφυλάκιον,¹
2948 1849 3043 1914 οὓς
3074 1848 3416 1920 ἀποδέχεται,
3439 1846 3499 1900 οὐ
3532 1849 3598 1916 τῇ
3631 1861 3732 1899 πο-

468 1925 703 1979 rundum
734 1927 898 1997 290
923 1933 1196 1999 propriam
1225 1936 1569 2002 potentiam),
1592 1938 1864 1992 animatus
1885 1938 2044 2006 hujus

470 2013 665 2069 Sermo
700 2015 883 2071 laudat
919 2035 1055 2087 quos
1081 2021 1288 2084 laudat.
1320 2024 1619 2091 respiciens
1646 2023 1711 2077 ad
1743 2025 2043 2093 potentiam

469 2108 798 2161 mittentium
831 2108 885 2163 in
918 2110 1067 2175 illud,
1098 2112 1243 2180 quod
1284 2113 1622 2182 interpretati
1656 2129 1847 2170 sumus
1879 2130 2044 2184 gazn—

470 2198 777 2267 phylacium
814 2216 829 2265 ;
860 2215 965 2253 non
1012 2203 1309 2270 respiciens
1352 2206 1417 2258 ad
1463 2205 1631 2259 solam
1676 2206 2042 2276 quantitatem

472 2304 653 2344 rerum
706 2306 826 2359 quae
858 2292 1183 2348 oﬂ'eruntur.
1221 2295 1285 2349 Et
1311 2298 1568 2364 quoniam
1616 2307 1700 2353 est
1731 2296 1927 2368 aliquis
1951 2298 2042 2369 qui

471 2377 626 2445 plura
685 2390 883 2448 potest,
953 2384 1211 2451 pauciora
1250 2386 1467 2454 quidem
1500 2387 1704 2441 faciens
1748 2404 1912 2458 quam
1944 2402 2044 2457 pro

469 2474 713 2543 putentia
759 2475 812 2528 in
850 2491 911 2531 se
966 2479 1273 2543 exsistenti,
1316 2480 1408 2532 sed
1451 2479 1603 2545 plura
1640 2480 2046 2549 comparatione

470 2574 657 2617 eorum
685 2564 776 2633 qui
811 2566 992 2619 minus
1020 2578 1286 2635 possunt;
1320 2570 1492 2638 magis
1527 2570 1815 2626 laudantur
1860 2572 1913 2626 hi
1949 2573 2043 2642 qui

471 2655 600 2709 totis
634 2658 845 2711 viribus
878 2658 994 2712 suis
1037 2657 1289 2713 fecerunt
1324 2661 1603 2729 pauciora,
1638 2677 1798 2731 quam
1850 2664 1905 2718 hi
1950 2664 2043 2733 qui

469 2745 625 2814 plura
657 2747 937 2802 intulerint
964 2764 1031 2803 ex
1070 2753 1331 2818 potentia,
1356 2766 1478 2821 qua:
1505 2753 1650 2808 ferre
1676 2754 1857 2808 valeat
1885 2755 2045 2827 longe

468 2840 806 2906 copiosiora;
859 2856 1022 2910 quam
1075 2843 1242 2897 etiam
1294 2844 1365 2898 ob
1416 2859 1636 2899 causam
1677 2846 1883 2916 scripta
1919 2857 2046 2902 sunt

467 2948 591 3001 qua:
614 2948 679 2986 ex
721 2930 867 2987 Luca
914 2943 969 2988 et
998 2933 1184 2989 Marco
1213 2937 1587 3005 apposuimus.
1628 2937 1839 2992 Pariter
1878 2940 2041 2995 etiam

469 3025 694 3077 ducetur
724 3024 808 3079 his
852 3025 1010 3080 dictis
1042 3026 1088 3079 is
1121 3027 1210 3096 qui
1242 3028 1601 3096 spiritualiter
1641 3031 1758 3084 hate
1791 3031 2042 3086 conside-

467 3116 622 3179 rarit,
655 3115 798 3187 quod
837 3118 929 3187 qui
983 3127 1245 3186 putantur
1296 3120 1628 3189 praecellere,
1676 3121 1938 3179 extollere
1982 3138 2043 3180 se

535 3267 585 3299 "
611 3266 844 3321 IThess.
873 3281 924 3330 v,
961 3267 1051 3327 21.
1076 3265 1167 3320 22.
1244 3268 1289 3299 ⁷⁷
1314 3266 1509 3327 Matth.
1555 3284 1684 3336 xxv,
1712 3269 1799 3324 15.

2146 1942 2331 2014 σότητι
2374 1942 2484 1997 τῶν
2515 1944 3017 2015 συνεισφερομένων
3059 1939 3261 2012 ἐνορῶν
3311 1940 3467 2011 μόνῃ.
3508 1939 3729 2008 Διόπερ,

2144 2036 2265 2088 ἐπεί
2308 2036 2422 2088 ὲστί
2470 2052 2555 2099 τις
2588 2036 2808 2090 πλείονα
2846 2034 3161 2105 δυνάμενος,
3195 2031 3493 2102 ὀλιγώτερα
3524 2030 3622 2100 μὲν
3653 2030 3730 2093 ὡς

2144 2128 2281 2198 πρὸς
2310 2127 2409 2198 τὴν
2441 2128 2852 2199 ἐνυπάρχουσαν
2873 2126 3022 2197 αὐτῷ
3036 2125 3263 2195 δύναμιν
3288 2123 3479 2187 ποιῶν,
3508 2122 3732 2176 πλείονα

2143 2217 2201 2271 δὲ
2228 2218 2304 2282 ὠς
2336 2218 2472 2290 1:96;
2515 2218 2717 2289 ἑτέρων
2765 2218 3051 2289 σύγκρισιν
3093 2216 3351 2269 ἐλάττονα
3394 2214 3729 2284 δυναμένων,

2144 2311 2240 2363 καὶ
2271 2309 2594 2380 ἀποδέχεται
2620 2310 2747 2373 τοὺς
2769 2310 2867 2383 ὅλῃ
2886 2310 3110 2379 δυνάμει
3125 2307 3194 2361 τὰ
3216 2307 3473 2361 ἐλάττονα
3501 2320 3732 2375 πεποιη-

2145 2400 2308 2464 κότας
2335 2399 2486 2471 παρά
2517 2401 2644 2463 τοὺς
2682 2399 2903 2453 πλείονα
2933 2397 3443 2467 συνεισενεγκόντας
3468 2398 3534 2450 ὲκ
3567 2394 3729 2448 δυνά-

2147 2510 2292 2563 μεως
2325 2492 2761 2546 πολλαπλασίονα
2790 2492 2975 2563 φέρειν
3000 2491 3325 2560 δυναμένης,
3358 2484 3731 2557 γέγραπταιά

2146 2582 2495 2654 παρεθέμεθα
2519 2582 2612 2636 τοῦ
2645 2600 2705 2638 τε
2735 2584 2918 2636 Λουκᾶ
2951 2582 3048 2635 καὶ
3077 2580 3171 2634 τοῦ
3204 2582 3457 2653 Μάρκου.
3483 2579 3635 2648 Ἅμα
3671 2577 3728 2630 δὲ

2143 2672 2385 2727 διδάσκει
2403 2672 2475 2727 τά
2506 2673 2647 2745 ῥητά
2672 2672 2845 2726 ταῦτα
2864 2673 2954 2725 τὸν
2983 2672 3250 2742 νοήσαντα
3273 2669 3448 2723 ταῦτα
3482 2684 3730 2739 πνευμα-

2143 2761 2331 2827 τικῶς,
2352 2761 2710 2833 μηδεπώποτε
2730 2765 2856 2827 τοὺς
2876 2762 3259 2834 νομιζομένους
3279 2761 3553 2833 διαφέρειν
3577 2760 3734 2814 ὲπαί-

2148 2854 2335 2926 ρεσθαι
2367 2854 2511 2909 κατά
2556 2855 2666 2909 τῶν
2708 2855 2784 2919 ὡς
2826 2855 2962 2925 1:96;
3016 2854 3315 2926 ἀνθρώπων
3360 2853 3541 2926 κρίσιν
3590 2854 3727 2906 611n-

2141 2945 2460 3019 δεεστέρων·
2511 2948 2572 3000 οὐ
2628 2947 2737 3019 γὰρ
2781 2946 3070 3000 πέπεισται
3104 2946 3310 3000 πιστῶν
3347 2945 3727 3015 ὑπολαμϐανο·

2147 3039 2323 3107 μένων
2357 3038 2467 3108 (24)
2497 3040 2719 3094 πλείονα
2761 3040 2855 3093 καὶ
2884 3039 3168 3109 κρείττονα
3194 3040 3387 3104 ποιεῖν,
3422 3038 3731 3109 συγκρίνων

2146 3126 2337 3180 ἑαυτὸν
2386 3129 2501 3191 τοῖς
2549 3129 2673 3183 ὅσον
2725 3129 2819 3182 ἐπὶ
2861 3128 3179 3200 ἀνθρωπίνῃ
3232 3128 3413 3199 κρίσει
3472 3128 3731 3199 ἐλάχιστα

537 3410 649 3483 (19)
690 3413 1090 3489 Three-{04hr
1120 3415 1314 3489 Ἰησοῦ
1339 3416 1669 3489 λέγουσαν,
1703 3420 1783 3475 Ad
1831 3419 1938 3476 hoc
1959 3422 2038 3476 ef-

2144 3420 2353 3489 antiqui
2425 3417 2616 3473 Patres
2676 3416 2879 3489 Christi
2934 3413 3582 3489 apostolorumve_dicta
3638 3412 3726 3489 ve!

473 3481 643 3535 fatum
679 3483 871 3537 alludit
912 3481 1396 3551 Origencshnmil.
1420 3481 1499 3542 ’19
1542 3491 1596 3541 in
1629 3488 1853 3548 Jerem..
1887 3507 2039 3543 num.

469 3551 544 3629 ξε
582 3553 639 3605 Ὀ
666 3554 869 3629 Κύριος
898 3552 1180 3629 δοκιμάζζε]⁸
1213 3556 1309 3625 μὲν
1330 3555 1542 3629 δίκαια,
1576 3560 1967 3629 ἀποδοκιμάζει
1990 3559 2048 3614 δὲ

469 3571 503 3605 υ
532 3571 544 3605 :
598 3571 639 3605 υ
666 3571 749 3605 Iw
793 3571 869 3617 ιος
898 3571 1013 3608 οοκι
1063 3571 1180 3618 aget
1213 3571 1309 3625 μεν
1341 3571 1542 3621 οικαια,
1576 3571 1967 3629 ἀποδοκιμάζει
1990 3571 2048 3614 δὲ

468 3620 651 3701 ἄδικα,
686 3571 788 3701 καῖ
810 3624 976 3701 εστιν,
1007 3572 1108 3701 ita
1121 3624 1295 3689 οὓτως
1318 3627 1947 3701 ὀνομάσῃ-τραπεζίτης
1970 3630 2048 3701 δι-

468 3692 640 3766 καίῳν
680 3693 773 3747 καὶ
808 3694 1025 3766 ἀδίκων.
1070 3694 1134 3748 Et
1166 3705 1298 3748 tom.
1344 3692 1423 3766 xli
1448 3699 1503 3750 in
1549 3692 1776 3766 Matth”
1806 3692 1956 3755 num.
1988 3699 2044 3765 2,

469 3761 549 3849 μῂ
574 3761 786 3849 δόκιμοι
818 3765 1167 3849 τραπεξίταις
1189 3767 1329 3849 et't'n
1358 3765 1549 3849 Matth.
1573 3761 1868 3849 tom‘._x’vu,
1893 3761 2043 3823 num.

468 3831 597 3911 51⁷3.
623 3833 680 3885 ’0
699 3831 969 3907 κατά’τὴν
995 3834 1215 3906 Γραφὴν
1249 3836 1645 3911 ὀνομαζόμενος
1671 3838 1891 3910 δόκιμος
1916 3856 2049 3911 τρα-

470 3901 732 3979 πεζίτης
770 3916 825 3958 et
853 3901 1069 3979 tractat.
1100 3901 1227 3959 xxvi
1279 3901 2043 3979 in'eunidemevangelistam

471 3987 624 4046 num.
652 3973 722 4027 28
754 3993 765 4027 :
802 3989 825 4025 ι
859 3973 1077 4046 ῨΤιιηιθη
1128 3985 1347 4043 propter
1372 3991 1469 4031 eos
1517 3978 1609 4046 qui
1661 3993 1767 4033 non
1794 3973 2047 4046 'possunt

471 4042 626 4113 quasi
664 4045 942 4112 trapezita:
977 4047 1122 4098 inter
1170 4042 1334 4099 verba
1380 4042 1720 4113 discernere,
1768 4042 1895 4104 vera
1947 4049 2046 4102 ha-

473 4112 727 4178 beantur,
767 4129 835 4166 an
893 4113 1063 4180 falsa;
1105 4132 1125 4165 ι
1160 4124 1216 4168 et
1248 4124 1464 4172 tractat.
1513 4112 1881 4179 xxvu,'uum.
1920 4118 1992 4173 33
2026 4135 2040 4171 :

477 4182 669 4257 ¢__Vere
699 4184 842 4257 enim
872 4184 964 4253 qui
997 4185 1183 4254 implet
1213 4184 1341 4257 illud
1376 4187 1720 4257 mandatum,
1752 4190 1894 4257 quod
1925 4189 2040 4242 ait:

477 4249 663 4326 [flatile
695 4249 1372 4326 prudert'testtutntmulart'i,
1414 4274 1433 4306 ι
1461 4265 1568 4326 etc.
1617 4249 1933 4326 Pamphilus
1989 4259 2044 4312 in

473 4319 820 4392 Apologetico
850 4341 869 4371 :
903 4341 921 4374 ι
970 4323 1050 4376 Ab
1079 4324 1163 4376 his
1185 4338 1313 4377 vero
1347 4326 1438 4392 qui
1474 4324 1727 4392 Origenis
1754 4319 2046 4382 'lihros-le-

475 4398 631 4457 gunt,
683 4391 825 4444 istud
856 4393 1071 4463 penitus
1098 4391 1379 4463 exclusum
1421 4410 1546 4449 esse
1579 4391 1768 4463 putant
1817 4398 2045 4451 manda-

477 4468 615 4535 tum,
663 4462 1131 4535 quo_probabiles
1182 4462 1337 4535 elﬁci
1371 4462 1631 4535 jubentur
1684 4468 1982 4535 trapezitae.
2018 4489 2037 4520 ι

475 4526 621 4581 Idem
674 4526 958 4592 proferunt
1004 4533 1194 4586 iisdem
1228 4526 1407 4588 verbis
1439 4534 1692 4591 Clemens
1742 4526 2039 4592 A'lexandr.

475 4598 623 4675 ηδε-ι
654 4598 945 4665 Stromat..
996 4600 1329 4675 Epiphanius
1369 4605 1566 4675 hzeres.
1619 4621 1771 4671 κων,
1807 4621 1929 4675 cap.
1984 4606 2041 4672 2,

475 4677 533 4722 et
557 4668 600 4723 H
626 4685 925 4794 emisimus
964 4668 1057 4738 ep.
1085 4668 1151 4725 ad
1179 4672 1311 4730 Min.
1342 4684 1397 4727 et
1435 4674 1620 4736 Alex.,
1652 4668 1794 4744 quod
1838 4668 2043 4731 frustra

477 4748 655 4791 tamen
686 4740 739 4793 in
795 4741 1074 4794 'vanaeliis
1090 4741 1347 4794 Novoaue
1374 4740 1507 4794 aded
1520 4742 1869 4794 Testamento
1897 4762 2042 4794 num.

2146 3481 2295 3544 lacta
2317 3490 2594 3543 memoria:
2614 3481 2984 3554 prodiderunt,
3002 3501 3122 3555 qua:
3152 3488 3203 3538 in
3234 3482 3368 3538 Novi
3392 3481 3727 3555 Testamenti

2148 3561 2306 3613 libris
2356 3574 2461 3612 non
2521 3553 2875 3625 comparent;
2927 3553 3157 3625 quchue
3187 3569 3255 3608 ex
3304 3569 3369 3609 eo
3421 3553 3722 3625 secundum

2148 3628 2403 3683 Hebra-os
2434 3624 2729 3697 Evangelia
2755 3624 3077 3697 prnpagata,
3105 3626 3186 3697 vel
3216 3640 3284 3677 ex
3304 3694 3315 3697 _
3338 3624 3724 3697 traditionibus

2146 3698 2388 3766 profecta
2431 3691 2727 3751 sunthos
2757 3691 2980 3765 quidem
3027 3695 3260 3763 plurima
3304 3691 3612 3766 h_ujusmodi
3665 3693 3721 3766 _i_n

2147 3763 2390 3844 Origene
2423 3763 2905 3844 deprehendimus.
2943 3766 3086 3833 Quot
3119 3773 3278 3844 putas
3325 3764 3573 3817 facinora
3595 3763 3726 3844 .edi-

2146 3834 2290 3912 disse
2321 3834 2625 3900 Christum,
2673 3835 2757 3890 vel
2790 3836 2933 3889 dicta
2964 3834 3303 3912 protulisse,
3331 3849 3455 3912 qua:
3500 3834 3724 3912 scriptis

2147 3909 2343 3964 tradita
2390 3922 2500 3961 non
2551 3920 2678 3959 sunt
2710 3919 2727 3958 :
2762 3919 2885 3972 qua:
2934 3900 3149 3973 siquis
3200 3900 3411 3973 singula
3461 3900 3725 3973 voluisset

2102 3988 2105 4005 1
2144 3977 2402 4048 persequi
2435 3978 2753 4048 litteris,__ne
2781 3966 3317 4048 'mundus'quidem:
3356 3982 3417 4026 ut
3455 3972 3535 4025 ait
3555 3966 3727 4048 βοτηε

2146 4040 2242 4102 nes
2276 4040 2393 4111 xit,
2425 4046 2520 4110 25,
2545 4055 2623 4100 tot
2654 4046 2823 4099 libros
2847 4059 3046 4112 capere
3079 4040 3389 4097 'universus
3422 4040 3726 4112 potuisset?

2145 4118 2285 4192 Quid
2316 4121 2462 4186 quod
2487 4117 2774 4192 innumera
2803 4124 3067 4192 vete_rum_
3096 4113 3488 4192 prophetarum
3515 4112 3724 4192 apoph-

2148 4183 2421 4256 thegmata
2448 4186 2747 4256 memoriae,
2766 4197 2871 4237 non
2901 4183 3101 4238 litteris
3126 4183 3405 4247 mandata,
3426 4183 3724 4256 scriptores

2149 4248 2294 4311 sacri
2348 4256 2628 4325 prophetis
2675 4254 2782 4308 illis
2823 4255 3159 4325 recentiores
3202 4248 3557 4325 usurparunt.
3611 4248 3723 4325 Nec

2148 4326 2326 4379 minus
2350 4321 2649 4378 xerislmile
2670 4332 2753 4378 est
2793 4323 2974 4392 aliqua
3005 4323 3059 4376 in
3098 4321 3404 4392 Evangeliis
3439 4321 3724 4392 canonicis

2145 4396 2273 4450 olim
2303 4395 2470 4449 fuisse
2500 4394 2707 4457 habita,
2745 4408 2868 4463 quae
2886 4390 3106 4446 demum
3141 4390 3520 4463 interciderint
3549 4407 3565 4444 :
3611 4405 3716 4444 nou

2145 4465 2410 4534 ejusmodi
2441 4461 2811 4534 sane,quibtis
2842 4463 2965 4516 ﬁdei
2994 4463 3243 4529 d0gmata
3268 4461 3719 4526 continerentur;

2145 4533 2332 4589 eorum
2362 4533 2560 4604 quippe
2589 4552 2608 4584 ‹
2631 4536 2748 4604 iota
2780 4547 2966 4604 unum,
3000 4542 3255 4604 aut‘unus
3281 4545 3422 4604 apex
3449 4542 3724 4604 nonpraa-

2149 4604 2355 4681 teribit.
2382 4601 2413 4655 ⁷»
2445 4601 2527 4656 Ad
2553 4603 2772 4681 _reliqua
2821 4603 2966 4672 quod
3002 4601 3238 4681 attinet,
3297 4601 3495 4681 quidni
3538 4601 3720 4681 aliqua

2146 4674 2416 4729 excidisse
2442 4668 2765 4737 credamus;
2791 4668 2915 4726 cum
2946 4684 2977 4725 e
3002 4668 3139 4725 Novi
3162 4668 3497 4725 Testamenti
3532 4670 3721 4726 diver-

477 4748 655 4820 taiuen
686 4740 1347 4820 iiLEyangeliianvoqtie
1374 4740 1869 4820 adedTesta'merllo
1897 4762 2042 4815 quat-
2074 4765 2120 4820 ι)
2149 4745 2224 4820 sis
2257 4743 2580 4820 lectionibus
2619 4752 2882 4820 appareat
2928 4741 3093 4820 multa
3130 4742 3256 4795 inde
3297 4742 3411 4820 sive
3463 4740 3722 4820 temporis

476 4808 688 4882 siveris.
730 4808 1016 4882 Existimat
1045 4810 1238 4867 Croius
1259 4808 1498 4868 'Observ.
1531 4814 1585 4867 iu
1614 4811 1749 4868 Nov.
1781 4808 2037 4882 Tutum,

474 4893 597 4947 cap.
631 4879 722 4942 28,
749 4883 909 4934 verba
937 4880 1049 4935 lucc
1075 4897 1179 4936 non
1208 4882 1482 4947 αὑτολεξεί
1528 4899 1557 4937 a
1597 4883 1850 4939 Patrilms
1882 4879 2042 4941 Chri'.

474 4955 561 5024 sto
599 4948 784 5024 tribui,
820 4950 912 5004 sed
941 4966 971 5004 e
1004 4952 1259 5024 pag-nbula
1294 4955 1362 5008 de
1391 4952 1630 5017 talentis,
1655 4970 1777 5024 qua:
1811 4957 2041 5010 habetur

476 5016 666 5091 Matth.
698 5034 820 5087 cap.
846 5035 952 5091 xxv
984 5016 1038 5091 et
1073 5018 1203 5077 Luc.
1235 5038 1357 5091 cap.
1391 5039 1481 5077 xtx
1505 5016 1831 5079 sententiam
1867 5024 2039 5081 fuisse

475 5088 764 5164 collectam
795 5105 825 5164 a
855 5089 1106 5164 Patribus
1128 5100 1181 5145 et
1209 5088 1518 5164 con—natam.
1565 5093 1678 5164 Ego
1717 5108 1877 5149 secus
1906 5110 2034 5149 sen-

479 5158 554 5211 tio
585 5176 599 5211 :
631 5172 751 5232 nam
782 5159 826 5232 si
858 5159 1179 5232 sententiam
1209 5161 1383 5216 solum
1434 5158 1640 5217 Patres'
1668 5166 2031 5232 excepissent,

476 5227 748 5293 quomodo
786 5229 839 5282 in
865 5230 1052 5298 eadem
1086 5232 1245 5298 plane
1274 5234 1437 5285 verba
1470 5232 1691 5288 Christo
1746 5227 2033 5290 tribuenda

476 5299 924 5373 conspirassent}
954 5296 1319 5373 Verisimilius
1355 5316 1489 5373 ergo
1520 5303 1661 5373 mihi
1702 5302 1763 5357 ﬁt
1808 5312 2038 5373 excepta

476 5367 591 5441 lucc
604 5367 773 5441 fuisse
792 5384 855 5422 ex
884 5367 1175 5441 Evangelio
1194 5367 1487 5441 secundum
1517 5371 1789 5437 Hebraeos,
1818 5373 1872 5426 in
1896 5367 2039 5441 quod

479 5437 708 5505 plurima
739 5437 1087 5511 inseruerunt
1121 5438 1385 5504 Nazaraei,
1408 5455 1525 5508 quae
1551 5442 1653 5511 sibi
1681 5444 1749 5496 ab
1776 5437 2039 5511 apostolis

476 5520 737 5562 eorumve
766 5508 1175 5563 successoribus
1202 5524 1297 5564 ore
1328 5511 1539 5564 tradita:
1579 5508 1826 5566 fuerant.
1869 5510 2039 5566 Multa

478 5587 629 5629 certe
659 5591 725 5631 ex
774 5578 885 5650 hoc
904 5577 1197 5650 Evangelio
1224 5580 1539 5650 deprompta
1570 5578 1867 5650 fragmenta
1914 5580 2040 5635 Hie-

477 5660 735 5719 rouy_mus
767 5649 922 5719 nobis
953 5648 1181 5715 sparsim
1207 5650 1258 5701 in
1290 5649 1443 5703 libris
1463 5651 1575 5719 suis
1606 5648 2036 5719 re‘prtnsentavit,

477 5714 873 5786 qui’E_vangelii
905 5714 1063 5785 hujus
1089 5718 1433 5773 exscribendi
1480 5714 1787 5774 facultatem
1812 5735 1842 5773 a
1865 5714 2039 5774 Nata-3

480 5784 601 5841 ratis
629 5782 878 5842 Beroeam
908 5782 1280 5847 habitantibus
1302 5787 1732 5858 impetraverat.
1766 5789 2034 5847 Sexceuta

2149 4815 2588 4874 diuturnitatem,
2641 4810 2757 4866 sive
2807 4812 3151 4865 librariorum
3204 4810 3586 4880 negligentiam
3625 4826 3722 4866 ex-

2148 4883 2444 4953 punxisse?
2479 4881 2744 4936 HUETIUS.

2218 4953 2330 5023 (20)
2362 4953 2542 5023 Codex
2575 4953 2798 5023 Regius,
2845 4949 3029 5023 συνεὶς
3059 4948 3295 5023 φερέτω,
3354 4948 3717 5020 Barberinus,

2146 5020 2964 5093 συνεισφερέτω,ΒριΙΙιείειηιιδζ
2986 5020 3333 5093 εἰσφερέτωὶ.

2216 5092 2327 5165 (2i)
2347 5089 2545 5165 ’ϐοείοις
2567 5091 2910 5157 Bodleiauus,
2941 5090 2969 5144 ὃ
2990 5089 3245 5144 δύναται·
3281 5090 3478 5160 Regius
3502 5100 3557 5146 et
3585 5091 3719 5146 Bar-

2141 5161 2385 5226 beriuus,
2402 5162 2461 5225 6;
2487 5161 2730 5215 δύναται.

2217 5233 2333 5305 (22)
2358 5234 2539 5287 Codex
2562 5230 2910 5298 Bodleianus,
2942 5229 3206 5300 πράττει·
3243 5228 3469 5301 Regius,
3512 5244 3716 5304 perpe-

2217 5320 2281 5354 ιιι.
2315 5301 2451 5354 1:06;
2478 5301 2637 5354 άττη.

2141 5318 2281 5367 ratu,
2315 5317 2451 5367 1:90;
2478 5317 2637 5367 αττη.

2212 5320 2281 5367 m,
2315 5318 2451 5374 1:90;
2478 5318 2637 5371 αττη.

2212 5371 2325 5443 (23)
2351 5373 2532 5443 Codex
2560 5368 2915 5437 Barberiuus,
2945 5367 3165 5425 πάντων
3188 5387 3201 5400 ·
3237 5369 3440 5439 Regius
3481 5379 3538 5425 et
3578 5368 3719 5425 Bod-

2142 5440 2375 5502 leianus,
2399 5440 2636 5502 πάντως.

2214 5510 2327 5579 (ει)
2354 5507 2593 5565 Πιστῶν
2638 5509 3240 5579 ὑπολαμϐανομένων.
3266 5509 3448 5566 Codex
3474 5508 3720 5564 Bodleia-

2143 5597 2245 5635 nus
2280 5585 2331 5633 iu
2375 5584 2620 5649 margine
2650 5579 2816 5632 habet
2847 5595 2911 5632 ex
2956 5582 3294 5648 conjectura,
3336 5581 3530 5644 πιστὸς
3585 5580 3718 5634 ὑπο-

2143 5649 2456 5720 λαμῢάνων.
2499 5651 2847 5720 Barberiuus,
2885 5650 3015 5720 item
3060 5653 3112 5704 in
3160 5655 3431 5719 margine,
3463 5652 3569 5706 ὑπὸ
3626 5668 3719 5703 πι-

2145 5718 2303 5793 στῶν-
2340 5718 3219 5793 ὑπολαμϐανομένῳν.ΔΕειξι-ιπῇιιε
3274 5718 3489 5778 videtur
3543 5720 3718 5793 conji-

2144 5791 2341 5848 ciendo
2372 5788 2568 5859 legisse
2586 5788 2775 5854 πιστὸς
2800 5788 3333 5858 ὑπολαμϐανόμενος.
