4196 6366
422 396 522 457 Ml

944 459 972 493 ἢ

425 512 771 585 πράττουσιν,
824 506 906 559 ὅτι
944 467 1143 555 Ἰπάντα
1184 497 1220 553 6.
1265 494 1545 562 δεδύνηται
1595 467 1915 556 πεποίηκεν,
1969 484 2080 553 ἢΑ

422 573 631 667 ἐκεῖνος
671 601 733 654 οὐ
779 599 957 652 πάντα
1001 590 1112 659 οἷός
1156 610 1214 646 τε
1253 587 1324 662 ἦν
1369 582 1716 640 ἀπαιτεῖσθαι
1751 579 1859 633 άπὸ
1904 573 1999 629 τοῦ

422 698 598 767 Λόγου
613 665 666 749 Ῠᾶ
692 691 1028 747 ἀποδέδωκεν
1078 683 1237 756 (24⁸).
1285 674 1599 743 Ἀνέϐλεψεν
1630 667 1722 724 οῦν
1756 671 1837 731 εἰς
1876 665 2003 728 τοὺς

426 756 717 859 βάλλοντας
747 782 828 845 είς
852 780 913 833 τὸ
939 774 1335 848 γαζοφυλάκιον
1360 768 1431 822 τὰ
1451 764 1600 836 δῶρα
1632 758 1812 816 αὐτῶν
1842 756 2006 811 πλου-

428 846 576 939 σίους
607 877 635 928 6
685 871 910 943 Ἰησοῦς*
941 846 1037 922 καὶ
1063 864 1185 920 ίδὼν
1218 863 1316 933 τὴν
1348 854 1613 927 πενιχρὰν
1644 852 1821 923 χήραν
1834 846 2007 901 λεπτά

429 936 697 1042 βαλοῦσαν
737 936 848 1033 (ἳῦ)
883 958 1008 1023 δὋο,
1029 957 1170 1026 τάχα
1194 952 1272 1023 τῷ
1299 946 1582 1020 γνωστικῷ
1621 943 1773 1012 τόπῳ
1798 940 1894 994 καὶ
1928 936 2007 1009 τῷ

428 1054 719 1132 πρακτικῷ
768 1050 1130 1121 ἁπλούστερον
1180 1040 1449 1115 περὶτῶν
1488 1037 1646 1091 θείων
1683 1029 2004 1104 φρονοῦσαν,

428 1120 522 1205 καὶ
552 1120 812 1215 ἀνάλογον
840 1120 1051 1203 τούτοις
1098 1134 1339 1208 βιοῦσαν,
1369 1127 1540 1184 εἶπενο
1580 1147 1600 1180 ι
1649 1122 1888 1193 Ἀληθῶς
1919 1120 2007 1173 λέ-

428 1263 511 1315 γω
543 1243 694 1314 ύμῖν,
724 1241 806 1293 ὅτι
835 1239 869 1307 ἡ
900 1238 1044 1307 χήρα
1090 1237 1123 1304 ἡ
1176 1230 1366 1300 πτωχὴ
1398 1226 1536 1297 αῦτη
1583 1223 1765 1277 πλεῖον
1793 1217 2010 1271 πάντων

431 1307 607 1391 ἐωλέ.
652 1351 671 1383 ι
698 1329 808 1383 Καὶ
857 1327 1014 1381 τοῦτο
1052 1322 1173 1378 εἷπε
1223 1320 1334 1392 (26)
1368 1315 1615 1389 καθορῶν
1651 1313 1773 1366 τίνα
1812 1307 2011 1376 τρόπον

433 1420 867 1478 πολλαπλασίονα
929 1415 1213 1486 δυνάμενοι
1268 1412 1454 1483 φέρειν
1506 1409 1585 1469 είς
1625 1404 1687 1458 τὸ
1725 1400 1924 1459 κοινὸν,
1961 1398 2011 1449 0!.

432 1517 554 1570 ὅσον
590 1515 683 1568 ἐπὶ
710 1514 776 1582 τῇ
816 1508 1041 1578 δυνάμει
1081 1506 1325 1560 πλούσιοι
1361 1504 1424 1554 ὲκ
1458 1497 1553 1553 τοῦ
1595 1493 2013 1566 περισσεύοντος

433 1605 617 1667 αὐτοῖς
642 1579 830 1654 ἔϐαλον
854 1600 933 1662 είς
963 1595 1030 1649 τὰ
1064 1594 1210 1667 δῶρα
1240 1591 1335 1646 τοῦ
1374 1588 1509 1643 Θεοῦ
1583 1586 1861 1655 ἐλάχιστον
1900 1579 2011 1650 (‘27)

439 1693 624 1764 μόριον
656 1687 729 1744 ὧν
757 1684 859 1742 οἶοί
887 1703 946 1740 τε
975 1681 1115 1756 ἦσαν
1140 1666 1535 1749 συνεισφέρειν.
1557 1671 1824 1729 Κατανόει
1843 1668 1900 1722 δὲ
1922 1666 2016 1721 καὶ

435 1760 525 1834 τά-
551 1780 652 1849 τῆς
691 1779 866 1850 χήρας
904 1775 1280 1846 ὑστερήματα,
1315 1768 1410 1823 καὶ
1442 1769 1523 1821 ὅτι
1555 1760 1857 1835 βιασαμένη
1885 1760 2014 1812 ἑαυ-

405 1872 534 1944 ,τὴν
578 1832 852 1924 πάνταιὼ
888 1832 1052 1937 εἶχεν.
1077 1832 1191 1935 βίον
1223 1832 1451 1934 ἦνεγκεν
1485 1832 1565 1920 είς
1607 1855 1665 1908 τὸ
1698 1856 1755 1905 ὲν
1776 1850 1853 1921 τῷ
1887 1847 2016 1919 ἱερῷ
2047 1832 2089 1886 Β

439 1939 860 2029 γαζοφυλάκιον,
890 1954 1270 2028 προσφέρουσα
1292 1951 1471 2003 πᾶσαν
1498 1946 1596 2016 τὴν
1630 1942 1855 2011 δύναμιν
1889 1939 2017 1990 ἐαυ-

436 2053 535 2122 τῆς
560 2050 637 2122 τῷ
654 2049 794 2119 Θεῷ.
832 2046 943 2100 Ἀεὶ
958 2047 1135 2100 τοίνυν
1156 2046 1185 2096 6
1215 2039 1443 2111 Ἰησοῦς,
1472 2035 1612 2090 κατὰ
1647 2035 1742 2105 μὲν
1762 2032 1855 2084 τὸν
1887 2031 2022 2083 Λου-

440 2120 562 2203 κάν,
597 2120 914 2195 ἀναϐλέπων
951 2139 1031 2200 είς
1056 2136 1182 2198 τοὺς
1207 2132 1495 2203 βάλλοντας
1520 2130 1596 2190 είς
1618 2126 1676 2179 τὸ
1710 2120 2020 2194 γαζοφυλά-

441 2248 559 2285 κιον
585 2229 867 2292 πλουσίους
896 2226 964 2281 τά
992 2226 1138 2298 δῶρα
1171 2222 1370 2285 αὐτῶν,
1396 2220 1497 2291 ὁρᾷ
1515 2217 1611 2272 καὶ
1639 2218 1737 2286 τὴν
1760 2212 2022 2283 πενιχρὰν

443 2321 615 2391 χήραν
656 2316 949 2388 βάλλουσαν
980 2312 1153 2367 λεπτὰ
1195 2310 1306 2364 δύο’
1360 2307 1501 2361 κατὰ
1544 2305 1601 2358 δὲ
1632 2306 1724 2355 τὸν
1774 2300 2021 2371 Μάρκον,

445 2390 615 2475 ἑστὼς
653 2408 934 2463 κατέναντι
964 2404 1058 2459 τοῦ
1087 2400 1487 2473 γαζοφυλακίου
1524 2394 1718 2465 θεωρεῖ
1750 2392 1871 2444 τίνα
1900 2390 2026 2460 τρό-

446 2519 548 2556 πον
579 2502 688 2565 πᾶς
714 2500 882 2563 όλαδς
914 2497 1095 2569 βάλλει
1127 2494 1267 2549 κατὰ
1290 2492 1518 2561 δύναμιν
1558 2488 1650 2539 τὸν
1683 2483 1871 2555 νοητὸν
1899 2481 2027 2551 χαλ-

445 2591 542 2647 κὸν
589 2594 670 2656 είς
699 2590 763 2645 τὸ
811 2586 1233 2660 γαζοφυλάκιον
1281 2582 1375 2637 καὶ
1405 2581 1481 2644 ὼς
1524 2579 1683 2649 μόνος
1729 2574 2026 2644 δυνάμενος

448 2684 667 2755 βλέπειν
722 2683 851 2747 τοὺς
906 2680 1193 2741 πλουσίους
1213 2717 1228 2741 ,
1281 2671 1418 2727 εἶδεν
1483 2666 1571 2724 οἶά
1636 2684 1764 2721 ποτε
1836 2665 2026 2735 πτωχὴ

445 2775 592 2848 ψυχὴ
648 2775 745 2828 καὶ
792 2771 1161 2857 ύστερουμένη
1228 2765 1339 2839 (28)
1399 2763 1581 2836 βάλλει
1630 2760 1728 2833 ὅλῃ
1782 2757 2026 2828 δυνάμει,

448 2868 543 2920 καὶ
580 2866 670 2919 διὰ
708 2849 867 2918 τοῦτο
896 2862 1009 2935 (‘29)
1043 2859 1392 2929 δικαιουμένη
1438 2853 1590 2926 παρὰ
1631 2855 1758 2915 τοὺς
1802 2849 2029 2913 πολλοὺς

449 2958 758 3020 πλουσίους.
794 2957 973 3027 Ἀπερ
1001 2954 1062 3008 οὐ
1086 2956 1200 3016 τοῖς
1223 2949 1448 3022 τυχοῦσι
1477 2948 1646 3016 λέγει,
1675 2945 1788 2998 ἀλλ’
1809 2943 1884 3008 ὦς
1921 2960 2029 3014 φη-

453 3066 538 3102 σιν
565 3050 594 3101 ὁ
623 3048 870 3119 Μάρκος,
913 3048 1025 3109 τοῖς
1072 3043 1342 3116 μαθηταῖς
1374 3038 1573 3094 αὐτοῦ·
1607 3038 1704 3090 καὶ
1753 3035 1849 3089 νῦν
1897 3034 2029 3105 γὰρ,

453 3137 924 3212 προσκαλούμενος
959 3137 1085 3199 τοὺς
1120 3132 1366 3205 μαθητάς
1406 3128 1594 3194 αὐτοῦ,
1626 3129 1775 3199 λέγει
1805 3127 1988 3190 αὐτοῖς
2010 3166 2026 3191 ,
2056 3163 2099 3220 C

450 3230 721 3286 διδάσκων
762 3230 1000 3301 βλέπειν,
1036 3230 1136 3298 οὐχ
1167 3226 1245 3291 ὡς
1290 3225 1480 3295 ὄψεται
1533 3222 1860 3293 ἄνθρωπος,
1915 3218 2028 3273 ἀλλ’

455 3324 532 3388 ὡς
562 3322 750 3393 ὄψεται
777 3323 806 3375 ό
829 3322 962 3384 Θεὸς
1003 3318 1308 3391 (ἄνθρωπος
1363 3315 1473 3387 γὰρ
1521 3314 1710 3383 ὄψεται
1753 3313 1834 3376 είς
1869 3310 2038 3382 πρόσ-

451 3430 625 3478 ωπον,
645 3415 674 3468 ό
698 3414 758 3468 δὲ
786 3412 917 3476 Θεὸς
942 3410 1134 3480 θψεται
1152 3410 1233 3472 είς
1254 3404 1527 3478 καρδίαν),
1544 3404 1623 3458 τό·
1649 3421 1668 3455 t
1691 3401 1861 3473 ’Δμὴν
1894 3401 2038 3469 λέγω

458 3506 609 3576 ύμῖν,
644 3505 726 3557 ὅτι
759 3505 792 3575 ή
827 3503 970 3575 χήρα
991 3503 1025 3573 ή
1046 3499 1238 3570 πτωχὴ
1263 3496 1401 3569 αὕτη
1431 3496 1614 3549 πλεῖον
1634 3493 1851 3547 πάντων
1878 3490 2037 3544 ἔϐαλε

458 3596 567 3650 τῶν
599 3594 898 3666 βαλλόντων
943 3595 1024 3656 είς
1055 3591 1115 3647 τὸ
1141 3588 1562 3660 γαζοφυλάκιον,
1592 3604 1611 3637 ι
1645 3586 1740 3638 καὶ
1783 3583 1852 3637 τὰ
1889 3582 2035 3652 ἑξῆς.

460 3688 526 3743 Τί
550 3689 613 3760 δή
645 3705 736 3759 μοι
764 3685 939 3741 ταῦτα
959 3685 1135 3739 πάντα
1165 3681 1432 3753 βούλεται,
1460 3676 1820 3750 προκειμένου
1850 3673 2041 3745 διηγή-

460 3779 657 3835 σασθαι
685 3778 770 3842 τὸ,
817 3796 837 3829 ι
886 3775 1069 3830 Ταῦτα
1121 3773 1189 3828 τά
1238 3775 1456 3846 ῥήματα
1489 3770 1525 3824 ἃ
1556 3769 1815 3839 ἐλάλησεν
1859 3767 1918 3818 ὲν
1962 3762 2041 3834 τῷ

459 3869 863 3941 γαζοφυλακίῳ,
898 3867 1164 3922 διδάσκων
1195 3868 1252 3919 ὲν
1279 3864 1356 3936 τῷ
1386 3861 1534 3935 ίερῷ,
1565 3877 1585 3911 ι
1614 3855 2038 3931 ἢπαραστῆσαι,

462 3967 546 4019 ὅτι
572 3964 789 4018 πάντων
828 3959 1295 4029 συνεισφερόντων
1338 3955 1398 4008 ὲν
1425 3952 1503 4023 τῷ
1528 3947 1915 4020 γαζοφυλακίῳ
1944 3943 2040 3998 τοῦ

464 4054 612 4130 ἱεροῦ
657 4052 752 4107 τοῦ
797 4053 938 4125 ὑπὲρ
975 4050 1070 4104 τοῦ
1103 4045 1284 4103 κοινοῦ
1308 4045 1378 4098 τά
1406 4043 1673 4115 θρέψοντα
1708 4039 1833 4101 τοὺς
1856 4034 2044 4106 δεομέ-

464 4124 612 4210 νους,
649 4143 848 4216 μᾶλλον
900 4124 1118 4195 πάντων
1162 4137 1329 4210 ἐχρῆν
1370 4135 1462 4188 τὸν
1497 4131 1706 4203 Ἰησοῦν
1740 4128 1924 4200 φέρειν
1974 4124 2043 4178 τά

464 4236 855 4307 ὠφελήσαντα,
908 4233 1053 4304 άπερ
1104 4226 1172 4302 ἦν
1209 4216 1431 4301 ῥήματα
1476 4224 1622 4296 ζωῆς
1673 4220 1914 4283 αἰωνίου,
1948 4218 2044 4271 καὶ

466 4323 782 4379 διδασκαλία
814 4325 848 4393 ή
875 4321 1003 4393 περὶ
1042 4319 1200 4383 Θεοῦ,
1225 4319 1321 4373 καὶ
1343 4312 1575 4379 tamab;
1609 4314 1719 4366 Καὶ
1751 4309 1950 4374 παντός
1979 4326 2044 4378 γε

471 4414 804 4485 νομίσματος
828 4411 1257 4483 τιμαλφέστερον
1282 4404 1352 4481 ἦν
1378 4408 1461 4472 τὸ,
1488 4423 1508 4456 ι
1549 4402 1690 4472 Ἐγώ
1712 4404 1761 4455 εί
1771 4419 1831 4472 μι
1852 4400 1912 4454 τὸ
1932 4397 2047 4469 φῶς

1445 368 1802 429 (ΞΟἉΜΕΝΤ.
1845 365 1910 421 ΙΝ
1948 362 2142 420 JOAN.
2179 356 2420 415 TOMUS
2456 353 2605 410 XIX.

3566 333 3672 387 543

2108 494 2213 533 non
2241 476 2475 532 debeant
2508 477 2702 526 contra
2743 477 2838 519 eos
2875 459 2967 531 qui
3003 453 3209 526 judicio
3236 450 3517 507 hominum
3550 455 3678 504 sunt

2108 848 2185 903 cit
2217 863 2231 910 ;
2270 842 2357 897 vel
2386 840 2529 911 quod
2580 850 2676 906 per
2732 831 3079 911 Sermonem,
3119 832 3173 877 et
3213 818 3411 876 Filium
3444 816 3539 870 Dei
3575 827 3681 868 non

2107 945 2360 1012 poterant
2384 898 2526 1002 exigi
2560 898 2629 982 ab
2654 939 2722 980 eo
2749 898 2932 977 om'nia
2964 932 3084 986 qua!
3130 911 3384 968 reddidit.
3423 904 3686 972 Respexit

2109 996 2241 1101 ergo
2269 1028 2336 1082 ad
2365 1039 2461 1080 eos
2479 996 2679 1076 divites
2695 1015 2876 1075 Jesus,
2905 1010 2996 1080 qui
3026 1020 3247 1061 munera
3275 1015 3370 1055 sua
3396 996 3685 1052 mittebant

2111 1083 2641 1191 inagazophylacium
2677 1124 2691 1161 :
2719 1116 2774 1162 et
2798 1102 3029 1157 intuitus
3047 1089 3432 1165 pauperculam
3463 1083 3682 1137 viduam

2112 1211 2321 1266 minuta
2354 1207 2458 1260 duo
2493 1201 2798 1254 mittentem
2854 1185 3140 1260 (fortassis
3185 1179 3519 1249 cogitantem
3549 1175 3683 1224 sim-

2113 1301 2310 1370 plicius
2339 1297 2405 1350 de
2437 1290 2599 1347 rebus
2626 1284 2827 1340 divinis
2853 1271 3336 1343 contemplatione,
3363 1274 3417 1318 et
3446 1262 3682 1323 actione,

2114 1400 2169 1446 et
2195 1391 2597 1453 consequenter
2637 1378 2721 1432 liis
2750 1369 3070 1437 viventem),
3107 1361 3247 1416 dixit
3291 1378 3303 1412 :
3349 1376 3369 1410 ι
3406 1355 3541 1409 Vere
3566 1351 3689 1404 dico

2114 1481 2272 1535 vobis
2305 1476 2525 1529 viduam
2580 1471 2723 1524 hanc
2775 1474 3069 1535 pauperem
3125 1454 3245 1524 plus
3292 1463 3451 1518 quam
3497 1455 3690 1499 omnes

2116 1571 2333 1624 misisse
2370 1565 2416 1597 ⁷⁸
2458 1583 2471 1617 :
2519 1581 2538 1613 ι
2566 1559 2711 1629 quod
2770 1554 2905 1609 dixit
2946 1547 3250 1617 despiciens
3292 1534 3690 1609 quodammodo

2118 1659 2337 1720 divites,
2374 1654 2464 1723 qui
2518 1648 2688 1705 multo
2736 1641 3044 1711 coitiosiora
3104 1635 3247 1687 ferre
3298 1630 3354 1683 in
3398 1635 3690 1680 commune

2117 1750 2385 1811 valentes,
2438 1740 2583 1810 quod
2619 1739 2685 1793 ad
2717 1731 3017 1805 potentiam
3064 1725 3279 1788 attinet,
3318 1734 3385 1774 ex
3431 1732 3496 1771 eo
3543 1713 3691 1784 quod

2120 1841 2226 1895 illis
2256 1810 2617 1896 redundabat,
2667 1826 2956 1883 mittebant
2999 1822 3052 1875 in
3095 1827 3319 1872 munera
3349 1810 3445 1868 Dei
3479 1815 3691 1877 partem

2122 1931 2400 1986 minimam
2449 1936 2636 1979 eorum
2680 1932 2801 1988 qua:
2838 1914 3041 1968 inferre
3084 1912 3355 1977 poterant.
3394 1897 3691 1955 Considera

2121 2022 2282 2078 etiam
2312 2017 2487 2071 viduae
2517 2009 2795 2081 penurias,
2843 2012 2894 2058 et
2939 2000 3085 2072 quod
3117 1998 3227 2055 vim
3273 1994 3375 2049 sibi
3424 1990 3692 2050 inferens,

2122 2122 2338 2165 omnem
2370 2118 2533 2173 quam
2564 2097 2801 2154 habebat
2834 2089 3199 2148 substantiam
3239 2083 3426 2140 tulerit
3459 2081 3516 2133 in
3557 2087 3695 2132 tem-

2124 2203 2292 2272 plum,
2340 2198 2394 2251 in
2451 2186 2923 2264 gazOphylacium,
2972 2180 3205 2236 offerens
3245 2189 3461 2230 omnem
3507 2180 3696 2240 poten-

2127 2297 2254 2348 tiam
2276 2304 2427 2345 suam
2461 2263 2594 2341 l)eo.
2620 2282 2850 2347 Semper
2879 2274 3043 2345 igitur
3075 2271 3257 2331 Jesus.
3281 2267 3438 2337 juxta
3470 2263 3694 2327 Lucam,

2129 2382 2430 2452 respiciens
2470 2377 2525 2430 in
2554 2373 2752 2429 divites
2795 2368 3075 2422 mittentes
3114 2372 3343 2416 munera
3380 2370 3479 2421 sua
3507 2354 3562 2407 in
3606 2365 3700 2420 ga-

2128 2472 2528 2545 zophylacium,
2554 2466 2702 2519 videt
2724 2462 2890 2516 etiam
2920 2450 3303 2525 pauperculam
3328 2447 3547 2501 viduam
3576 2444 3702 2497 mit-

2129 2578 2331 2625 tentem
2367 2562 2577 2618 minuta
2608 2557 2739 2610 duo.
2776 2550 2939 2605 Juxta
2972 2545 3211 2600 Marcum
3249 2554 3401 2601 vero,
3445 2550 3567 2590 cum
3616 2548 3704 2587 se-

2128 2624 2271 2718 derit
2294 2673 2362 2712 ex
2392 2654 2622 2709 adverso
2653 2640 3046 2718 gazophylacii,
3094 2636 3239 2689 videt
3276 2644 3512 2700 quonam
3542 2624 3703 2680 modo

2128 2751 2307 2808 omnis
2330 2743 2559 2817 populus
2583 2717 2747 2792 mittit
2768 2751 2867 2804 pro
2886 2729 3091 2785 viribus
3111 2725 3224 2781 suis
3244 2738 3317 2778 aes
3341 2717 3624 2785 spirituale
3646 2717 3702 2769 in

2130 2808 2576 2916 gazoph-ylacium
2602 2852 2616 2887 :
2645 2843 2721 2898 et,
2752 2840 3007 2895 tanquam
3036 2820 3129 2890 qui
3158 2817 3307 2873 solus
3329 2813 3515 2867 videre
3536 2808 3709 2879 possit

2132 2901 2361 2997 divites:
2397 2930 2545 2983 videt
2581 2936 2828 2993 quaenam
2860 2914 3094 2979 ,tandem
3136 2909 3314 2962 mittat
3346 2904 3401 2958 in
3432 2901 3563 2955 illud
3607 2912 3707 2968 pro

2137 3116 2295 3187 291
2337 3125 2459 3181 quae
2492 3105 2623 3176 quia
2654 3099 2796 3171 quod
2825 3103 3003 3166 potest
3033 3089 3218 3153 mittit,
3251 3099 3360 3155 pra:
3392 3080 3579 3136 multis
3627 3078 3713 3133 di-

2137 3171 2713 3272 v-it'imts-justilicatur
2745 3190 2930 3246 etiam.
2970 3184 3083 3238 Nec
3127 3182 3242 3234 hmo
3270 3177 3508 3246 loquitur
3551 3171 3713 3226 Jesus

2134 3264 2474 3370 vulgaribus,
2532 3290 2670 3351 sed,
2730 3274 3187 3352 quemadmodum
3239 3269 3455 3323 Marcus
3510 3264 3712 3333 inquit,

2136 3386 2420 3457 discipulis
2470 3381 2604 3459 suis.
2633 3373 2856 3431 Etenim
2894 3380 3038 3421 nunc
3086 3372 3402 3417 convocans
3443 3355 3509 3409 ad
3546 3367 3605 3409 se
3631 3352 3715 3406 di-

2137 3479 2374 3550 scipulos
2421 3450 2581 3538 suos,
2614 3466 2746 3522 dicit
2772 3463 2879 3517 illis
2902 3456 3058 3520 illud,
3115 3455 3354 3508 edocens
3392 3461 3487 3500 eos
3518 3453 3579 3499 ut
3634 3444 3716 3497 vi-

2139 3535 2321 3637 deant,
2338 3584 2441 3624 non
2459 3535 2915 3636 quemadmodum
2944 3553 3130 3613 homo,
3147 3545 3240 3600 sed
3262 3535 3715 3611 quemadmodum

2138 3667 2288 3722 videt
2341 3631 2494 3717 Deus—
2524 3658 2710 3728 (homo
2747 3648 2896 3704 enim
2925 3640 3075 3697 videt
3121 3642 3175 3694 in
3224 3635 3384 3697 facie,
3412 3631 3555 3684 Deus
3584 3641 3717 3680 vero

2139 3759 2194 3811 in
2215 3754 2378 3810 corde
2400 3750 2468 3820 ⁷⁸)
2498 3723 2562 3802 εἰ
2585 3746 2757 3799 Amen
2782 3741 2905 3794 dico
2932 3733 3087 3790 vobis
3111 3730 3328 3783 viduam
3357 3723 3499 3777 hanc
3516 3732 3719 3789 paupe-

2142 3861 2257 3902 rem
2284 3843 2407 3915 plus
2421 3838 2673 3896 omnibus
2694 3832 2929 3894 misisse,
2963 3824 3057 3894 qui
3079 3822 3344 3877 miserunt
3364 3817 3417 3870 in
3443 3812 3720 3884 gazophy-

2141 3913 2361 3999 lacium,
2376 3953 2395 3986 ι
2421 3941 2477 3986 et
2500 3945 2621 3999 quae
2635 3933 2957 3996 sequuntur.
2975 3916 3081 3971 Sed
3095 3913 3371 3983 quidnam,
3386 3916 3592 3983 quaso,
3615 3915 3720 3968 pu-

2145 4044 2227 4087 tas
2249 4044 2334 4084 me
2349 4025 2486 4081 velle
2500 4024 2604 4078 hoc
2630 4020 2789 4087 longo
2811 4011 3131 4085 hyperbato,
3156 4019 3278 4059 eum
3297 3996 3630 4070 propositum
3649 3990 3719 4045 sit
3744 4012 3762 4037 ι

2142 4122 2274 4179 illud
2309 4120 2513 4175 dictum
2543 4123 2845 4180 exponere:
2870 4125 2889 4157 ι
2916 4104 3043 4158 Haec
3070 4097 3236 4153 verba
3260 4108 3380 4163 qua:
3403 4091 3614 4145 locutus
3638 4092 3724 4138 est

2142 4215 2364 4272 lesusin
2383 4203 2767 4282 gazophylacio
2789 4204 2988 4255 docens
3007 4195 3060 4248 in
3099 4187 3319 4259 templo,
3350 4203 3369 4236 ι
3403 4180 3506 4237 nisi
3537 4184 3724 4232 osten-

2147 4267 2449 4374 ἧὲὲἔίιυὸἀ
2484 4267 2741 4354 omnibus
2791 4283 3154 4344 inferentibus
3176 4281 3231 4335 in
3275 4267 3722 4347 gazophylacium

2116 4397 2336 4467 .templi
2385 4405 2507 4463 quae
2558 4389 2616 4444 in
2662 4379 2940 4441 communi
2997 4376 3256 4429 alimento
3302 4366 3489 4421 futura
3539 4368 3725 4415 essent

481 4459 626 4485 v—i—v—
724 4459 801 4476 ην
841 4459 1247 4483 --ιηπ--τπηγν-
1291 4459 1341 4481 -.-
1621 4459 1632 4472 .
2026 4459 2031 4462 .

470 4504 565 4560 τοῦ
598 4459 835 4576 κόσμου,
867 4523 887 4557 ι
938 4505 997 4557 ὲν
1036 4502 1115 4575 τῷ
1151 4499 1533 4576 γαζοφυλακίῳ
1584 4459 1901 4568 εἰρημένον,
1944 4459 2031 4547 καῖ

2148 4486 2458 4559 egentibus,
2488 4490 2715 4536 necesse
2750 4474 2825 4528 sit
2848 4469 2925 4524 uti
2950 4465 3108 4522 Jesus
3139 4459 3315 4531 magis
3344 4466 3510 4527 quam
3533 4461 3726 4504 omnes

2745 4567 2759 4576 ‘
2820 4566 2831 4576 '
2881 4572 2891 4576 ·
2933 4561 2956 4576 ¹’
2993 4569 3004 4576 ·
3033 4573 3105 4576 ί--
3179 4564 3372 4576 --ι-ιοηιη
3401 4545 3566 4576 «nu-ha
3599 4539 3726 4576 unm

470 4599 555 4662 τὸ,
589 4616 608 4650 ι
635 4572 714 4651 Εἰ-
737 4597 840 4668 ἐμὲ
867 4596 1067 4669 ᾔδειτε,
1086 4572 1192 4650 ’καί
1221 4595 1312 4649 τὸν
1341 4572 1563 4662 Πατέρα
1585 4606 1685 4660 μου
1717 4585 1783 4641 ἂν
1813 4585 2045 4657 ᾔδειτε,»

473 4689 569 4743 καὶ
595 4689 693 4743 ὅλα
721 4688 792 4742 τά
826 4668 969 4742 κατὰ
1010 4686 1102 4740 τὸν
1140 4684 1323 4739 τόπον.
1358 4668 1474 4738 Καὶ
1506 4683 1536 4735 ὁ
1563 4683 1671 4743 πᾶς
1701 4694 1766 4747 γε
1790 4676 2048 4732 τῶν-λοι-

474 4781 591 4835 πῶν
624 4783 703 4844 είς
732 4781 795 4835 τὸ
823 4777 1222 4850 γαζοφυλάκιον
1260 4776 1533 4848 φερόντων
1582 4772 1618 4826 ἃ
1655 4767 1799 4841 εἶχον
1823 4767 2046 4841 χρυσὸς,

472 4872 699 4944 ψάμμος
725 4868 794 4944 ἦν
820 4871 977 4942 ὀλίγη
1005 4870 1081 4933 ὡς
1120 4869 1259 4941 πρὸς
1279 4867 1351 4922 τά
1392 4863 1568 4937 Ἰησοῦ
1614 4863 1853 4935 ῥήματα·
1891 4858 2052 4927 σοφία

475 4966 585 5039 γὰρ
610 4961 681 5038 ἦν
703 4967 813 5029 πᾶς
845 4965 874 5018 6
903 4963 1060 5032 λόγος
1089 4959 1287 5015 αὐτοῦ’
1328 4977 1346 5010 ι
1379 4958 1497 5019 Πᾶς
1524 4955 1580 5008 δὲ
1609 4952 1813 5025 χρυσὸς
1842 4952 1901 5003 ὲν
1929 4949 2051 5019 ὕψει

477 5058 671 5127 σοφίας
701 5057 928 5128 ψάμμος
955 5055 1109 5125 ὀλίγη
1131 5092 1146 5116 ,
1194 5052 1289 5106 καὶ
1335 5051 1411 5114 ὡς
1456 5048 1624 5117 πηλὸς
1665 5042 2048 5114 λογισθήσεται

476 5148 715 5221 ἄργυρος
741 5146 982 5201 ἐναντίον
1004 5145 1198 5215 αὐτῆς.
1241 5162 1260 5194 ι
1290 5142 1400 5195 Καὶ
1429 5138 1602 5193 ταῦτά
1622 5154 1686 5206 γε
1711 5133 1897 5205 σαφῶς
1928 5151 2052 5206 νοη-

478 5237 704 5309 θήσεται
756 5241 871 5302 τοῖς
918 5235 1241 5291 κατακούειν
1275 5231 1620 5305 μεμαθηκόσι
1661 5227 1765 5299 τῆς
1817 5229 1932 5291 τοῖς
1966 5244 2052 5281 τε-

2153 4539 2354 4635 ἱίῖΐθτει
2384 4589 2507 4645 qua
2539 4567 2763 4627 utilitati
2791 4566 2901 4621 sint
2930 4561 3136 4623 futura,
3179 4564 3374 4619 nempe
3401 4545 3570 4601 verba
3599 4539 3727 4593 vitae

2151 4632 2498 4737 aeternas.“
2546 4664 2811 4721 doctrina:
2862 4659 2930 4714 de
2960 4657 3093 4718 Deo,
3138 4661 3196 4705 et
3241 4647 3310 4701 de
3349 4657 3409 4698 se
3453 4632 3614 4709 ipso?
3646 4633 3726 4686 Ac

2151 4731 2484 4836 splendidius
2535 4757 2778 4829 profecto
2810 4750 3003 4823 quovis
3032 4744 3363 4801 numismate
3394 4731 3527 4788 illud
3577 4736 3720 4788 erat,

2157 4819 2200 4907 ζ’
2218 4855 2331 4925 Ego
2357 4866 2477 4906 sum
2502 4819 2596 4903 lux
2620 4844 2803 4900 mundi
2820 4819 2893 4907 5°,
2930 4857 2950 4891 ι
2977 4836 3124 4908 quod
3171 4830 3374 4887 dictum
3404 4819 3595 4925 fuitnin
3626 4829 3724 4887 ga-
3772 4833 3776 4839 -

2156 4908 2516 5012 zopbylacio:
2552 4946 2608 4991 et
2644 4933 2774 4988 illud
2802 4946 2817 4986 :
2851 4948 2871 4982 ι
2914 4928 2973 4983 Si
3021 4940 3107 4981 me
3137 4918 3355 4978 sciretis
3377 4954 3395 4982 ,
3423 4921 3480 4967 et
3508 4908 3724 4964 Patrem

2112 5070 2117 5073 -
2158 5051 2336 5090 meum
2370 5031 2588 5089 sciretis
2611 5027 2700 5092 ἰς
2739 5045 2760 5079 ι
2797 5023 2894 5078 sed
2935 5030 2990 5076 et
3033 5017 3218 5072 omnia
3245 5023 3369 5081 qua:
3389 5013 3516 5061 sunt
3547 5003 3600 5056 in
3636 4999 3729 5051 illo

2154 5127 2279 5182 loco
2302 5120 2611 5198 [splendida
2639 5114 2814 5188 sunt.]
2844 5115 3025 5183 Atque
3056 5119 3248 5166 aurum
3280 5112 3413 5157 sane
3446 5106 3607 5151 omne
3624 5105 3729 5144 cae-

2163 5180 2404 5277 terorbm
2437 5215 2530 5286 qui
2577 5212 2633 5267 in
2693 5180 3084 5281 gazopltylacio
3122 5195 3370 5254 ferebant
3402 5201 3522 5259 quae
3561 5180 3730 5239 babe-

591 5377 641 5411 ⁷⁸
662 5376 795 5434 Luc.
822 5393 937 5446 xxi,
970 5378 1026 5434 3.
1102 5373 1195 5428 "1
1225 5374 1361 5444 Reg.
1383 5388 1499 5437 xvr,
1526 5370 1579 5424 7.
1646 5384 1651 5389 '
1676 5356 1724 5400 ‘°
1755 5365 1913 5422 Joan.
1937 5381 2056 5435 vni,
2085 5364 2175 5420 12.
2269 5356 2315 5389 δι
2342 5351 2474 5410 ibid.
2501 5348 2592 5406 l9.

539 5492 695 5576 ,(ἳϊ)
722 5494 783 5576 ἐξ
815 5488 1223 5576 ἀποδέδωκεκ..
1245 5479 1701 5576 lectezbabet
1721 5478 1891 5535 codex
1906 5477 2047 5534 Bod-

484 5551 715 5632 leiz‘inus,
743 5561 943 5632 Regius
965 5574 1094 5632 vero
1123 5556 1260 5611 male
1290 5552 1476 5632 omisi}
1501 5551 1556 5606 ά.

416 5722 423 5727 '
483 5614 881 5758 gﬁﬁlodé’x
910 5627 1256 5690 Bodleianus,
1304 5619 1594 5696 βαλοῦσαν,
1643 5619 1870 5690 Regius,
1914 5614 2044 5687 βάλ-

557 5773 671 5841 (26)
698 5770 877 5827 Codex
911 5766 1250 5841 Bodleianus,
1290 5759 1433 5841 εἶπε,
1453 5760 1692 5841 Regius,
1711 5756 1900 5839 εἰπών.

562 5824 877 5916 (suum:
909 5824 1254 5903 Bodleianus,
1306 5824 1605 5904 ὲλάχιστόν,
1654 5829 1872 5901 Regius,
1922 5824 2045 5881 ιλα-

2152 5471 2338 5613 xum}
2377 5535 2554 5613 Codd.
2597 5528 3033 5613 Rarberinus'et
3077 5515 3427 5613 Rodlfeianus,
3463 5506 3577 5590 οἶά,
3596 5521 3729 5613 7:qu

3085 5573 3145 5645 ln
3190 5584 3360 5654 Regio
3392 5573 3490 5652 pro
3520 5573 3611 5632 οἷα
3655 5576 3731 5631 Ιο-

2153 5670 2473 5752 εἱιιιὶξ-ἐίξ-
2496 5670 2652 5752 deest
2674 5670 2840 5749 ψυχή.

2226 5720 2475 5821 ίῖθῖὶῖἆί
2503 5720 2848 5798 ἧδ’τοῧῒὸ.
2883 5734 2940 5791 In
2969 5730 3154 5790 codice
3184 5724 3357 5797 Regio
3387 5720 3733 5778 desideratur

2156 5821 2266 5876 καί.
