4196 6390
493 294 601 348 διίὸ

1913 299 2236 358 ORIGENIS

3638 312 3744 367 5M

492 414 817 478 b.tnt,arena
834 423 952 469 erat
980 429 1148 483 pauca
1178 416 1581 485 comparatione
1597 421 1883 475 verborum
1917 421 2066 477 Jesu.

2172 425 2336 489 λείοις
2360 425 2693 498 λαλουμένης
2721 428 2913 497 σοφίας
2959 430 3019 481 ὲν
3058 428 3343 500 μυστηρίῳ
3392 427 3746 502 ἀποκεκρυμ-

495 504 780 572 Sapientia
834 506 1107 574 siquidem
1137 518 1254 562 erat
1279 510 1459 577 quiVis
1485 511 1603 578 ejus
1636 527 1840 576 sermo,
1870 514 1938 568 de
1960 530 2067 583 qua

495 596 694 650 dicitur
730 599 823 653 ηε
882 618 900 652 ι
954 597 1129 654 Omne
1183 615 1378 654 aurum
1431 616 1616 656 coram
1671 605 1935 674 sapientia
1986 616 2072 662 est

495 699 668 756 pauca
699 703 862 743 arena
878 696 903 753 ;’
948 700 1003 743 et
1032 705 1132 744 ceu
1162 705 1380 745 caenum
1409 693 1754 762 reputabitur
1780 710 2068 766 argentum

496 791 679 833 coram
709 793 772 834 ea
801 796 816 833 :
858 798 876 830 ι
910 790 965 835 et
996 781 1111 837 [nec
1138 794 1289 837 certe
1318 785 1768 851 considerabant,
1808 800 2070 860 quotquot

494 870 670 925 edocti
702 880 829 925 sunt
857 873 1046 926 audire
1083 874 1410 942 sapientiam
1444 876 1592 931 illam
1627 895 1749 948 qua:
1776 884 2073 938 annuntia-

490 971 579 1014 tnr
603 961 745 1015 inter
785 961 1078 1031 perfectos,
1115 966 1168 1019 in
1199 968 1462 1036 mysterio
1491 969 1887 1039 absconditam,
1907 990 2069 1043 quam

497 1052 850 1121 praedestinat
884 1056 1027 1112 Deus
1059 1067 1188 1113 ante
1218 1059 1414 1114 saecula
1446 1062 1514 1115 ad
1537 1061 1812 1131 justorum
1846 1080 2068 1121 suorum

494 1144 723 1213 gloriam
758 1147 825 1201 ⁸³.
857 1148 1292 1205 Considerabunt
1326 1154 1441 1208 hac
1470 1155 1633 1208 etiam
1662 1157 1754 1225 qui
1799 1158 2070 1229 dispicere

495 1238 676 1290 valent
726 1239 1054 1308 sapientiam
1110 1243 1204 1298 Dei
1259 1245 1419 1317 longe
1469 1250 1914 1307 excellentioretn
1970 1269 2061 1308 sa-

493 1328 696 1396 pientia
732 1330 893 1398 hujus
920 1334 1123 1398 muli,
1150 1336 1233 1391 vel
1263 1337 1567 1409 principum
1609 1341 1794 1397 saeculi
1823 1342 1981 1408 hujus
1997 1343 2067 1410 ⁸⁸,

492 1424 587 1493 qui
619 1426 997 1493 destruuntur,
1031 1445 1131 1485 ceu
1161 1432 1256 1500 qui
1303 1442 1527 1488 utantur
1558 1437 1793 1505 propriis
1837 1439 2070 1510 prophe-

492 1516 587 1582 tis,
617 1526 673 1571 et
703 1528 964 1575 tueantur
989 1522 1398 1594 qualescunque
1426 1540 1729 1595 sermones,
1761 1529 1896 1585 alios
1929 1546 2070 1601 pne-

493 1614 578 1661 ter
615 1610 901 1665 veritatem
937 1631 951 1667 :
986 1629 1110 1668 nam
1141 1626 1352 1672 cetera:
1384 1619 1671 1689 sapientiae
1697 1660 1713 1684 ,
1747 1636 1870 1692 qua:
1901 1622 2066 1677 veluti

492 1714 685 1753 aurum
712 1712 1049 1772 reputantur,
1073 1721 1238 1762 arena
1268 1720 1394 1764 sunt
1420 1726 1588 1781 parva
1626 1725 1818 1769 coram
1854 1715 2068 1784 sapien-

492 1792 590 1857 tia,
616 1807 778 1861 quam
812 1799 1027 1854 creavit
1066 1799 1206 1856 Deus
1240 1802 1571 1872 principium
1598 1806 1813 1859 viarum
1845 1821 2065 1877 suarum

491 1884 561 1935 ad
608 1899 773 1954 opera
812 1900 911 1942 sua
962 1890 1040 1957 ⁸⁸;
1082 1902 1483 1964 argentumque
1526 1894 1809 1965 splendida
1844 1907 1903 1953 et
1950 1886 2067 1953 elo-

490 1991 665 2043 quens
692 1980 983 2036 multorum
1010 1986 1188 2039 oratio
1210 2000 1312 2039 ceu
1346 2001 1565 2041 caenum
1608 1990 1949 2057 reputabitur
1977 2005 2070 2046 co-

492 2082 609 2120 ram
650 2071 818 2125 castis
857 2076 1200 2129 sermonibus
1233 2076 1471 2143 Domini,
1504 2078 1595 2145 qui
1631 2079 1786 2148 igniti
1814 2091 1962 2145 sunt,
2013 2091 2070 2138 et

488 2158 727 2227 purgati,
779 2170 838 2214 et
886 2161 1099 2231 probati
1148 2166 1455 2234 septuplum
1500 2169 1567 2235 ⁸⁶,
1607 2170 1736 2239 quia
1782 2185 2070 2239 processe-

490 2258 619 2302 runt
664 2251 862 2307 abillo
910 2252 1176 2310 Sermone
1209 2257 1301 2325 qui
1346 2261 1554 2315 eratin
1605 2262 1876 2333 principio
1928 2264 2070 2332 apud

491 2340 658 2393 Deum
693 2343 762 2398 ⁸⁷.
814 2344 1085 2400 Caeterum
1118 2351 1428 2405 testimonia
1460 2366 1527 2406 ex
1578 2354 1718 2409 libro
1744 2359 1836 2425 qui
1876 2357 2073 2411 inscri-

492 2433 639 2486 bitur
660 2434 961 2504 Sapientia,
988 2438 1125 2495 alias
1151 2444 1527 2510 apposuimus,
1555 2456 1614 2499 ut
1638 2446 1947 2503 videremus
1962 2449 2069 2503 vim

490 2523 620 2579 dicti
656 2526 800 2583 illius
829 2546 843 2582 :
882 2547 901 2580 ι
945 2530 1066 2585 Haec
1086 2534 1249 2587 verba
1278 2550 1401 2603 quae
1439 2536 1652 2593 locutus
1676 2547 1758 2592 est
1781 2539 1944 2610 292
1981 2539 2073 2595 Je-

489 2630 583 2669 sus
614 2617 666 2670 in
703 2620 1091 2691 gazophylacio
1122 2625 1323 2681 docens
1355 2627 1409 2680 itt
1464 2628 1665 2697 templo
1685 2630 1731 2662 ⁸⁸
1763 2646 1780 2685 :
1821 2650 1842 2683 ι
1876 2634 2071 2685 obser-

490 2718 651 2761 vetur
690 2711 836 2763 enim
867 2714 1139 2781 expositio
1185 2716 1253 2771 de
1302 2719 1653 2788 pauperibus,
1700 2721 1878 2791 deque
1910 2723 2069 2777 vidua

494 2802 843 2871 paupercula,
875 2813 931 2858 ut
974 2806 1245 2874 explicata
1273 2818 1386 2872 est,
1420 2820 1476 2863 et
1498 2810 1542 2864 si
1575 2812 1698 2880 quis
1725 2813 1965 2866 imitator
1987 2824 2074 2868 est

488 2892 717 2959 Christi,
751 2894 937 2947 veniat
968 2896 1033 2948 ad
1061 2899 1316 2966 templum
1360 2901 1477 2965 Dei,
1505 2902 1646 2969 quod
1677 2914 1857 2958 mente
1885 2905 2068 2960 cerui-

489 2991 600 3049 tur,
636 2992 691 3036 et
727 2999 833 3037 non
867 2996 949 3040 est
988 2986 1041 3041 in
1074 2987 1214 3054 loco,
1258 3000 1440 3044 mente
1477 2991 1581 3045 iter
1605 2991 1832 3059 faciens,
1868 3004 1922 3048 et
1980 3010 2070 3049 se-

489 3090 663 3143 quens
701 3076 979 3146 spiritum,
1009 3094 1039 3133 a
1070 3095 1179 3150 quo
1215 3097 1375 3135 manu
1408 3083 1529 3138 duci
1562 3084 1679 3153 ipse
1704 3086 1771 3139 ad
1807 3086 2064 3156 templum

492 3168 668 3237 ipsum
706 3180 886 3238 potest
912 3187 927 3237 ;
960 3166 1258 3243 aﬂ‘eratque
1285 3176 1510 3245 probata
1542 3177 1894 3243 numismata,
1919 3193 2071 3234 nem-

491 3277 558 3332 pe
590 3264 751 3319 verba
786 3264 912 3319 vita:
941 3274 1167 3321 aeterna:
1194 3267 1261 3321 ad
1304 3269 1774 3339 gazophylacium,
1816 3278 1873 3326 et
1902 3286 2070 3341 Opera

490 3354 870 3424 hujuscemodi
900 3359 1083 3414 verbis
1109 3376 1368 3416 consona.
1407 3363 1584 3432 Atque
1625 3365 1830 3417 utinam
1874 3365 2072 3436 aliquis

490 3457 741 3502 nostrtun
775 3464 881 3503 non
930 3451 1004 3505 sit
1037 3450 1126 3505 illa
1158 3467 1367 3522 pauper
1396 3470 1575 3525 neque
1607 3456 1697 3510 illa
1732 3456 1916 3522 vidua,
1950 3472 2071 3527 qua:

490 3539 637 3595 ferre
681 3540 800 3609 plus
839 3541 912 3595 nil
965 3541 1109 3597 valet
1156 3543 1368 3600 duobus
1410 3547 1656 3614 minutis,
1691 3562 1869 3617 neque
1920 3548 2071 3604 dives

490 3630 723 3686 aﬂ‘erens
750 3646 815 3685 ex
843 3646 908 3686 eo
936 3632 1054 3687 solo
1082 3634 1227 3701 quod
1271 3635 1559 3701 redundat,
1592 3637 1688 3692 sed
1716 3652 1906 3694 omnes
1932 3639 2072 3694 divi-

490 3723 594 3776 tias
635 3723 743 3777 Deo
765 3724 998 3779 dedicet.
1023 3723 1294 3779 Caeterum
1329 3741 1435 3781 non
1470 3728 1655 3781 omnia
1683 3744 1806 3799 qua:
1835 3730 2072 3786 habebat

490 3816 660 3868 verba
710 3814 924 3869 locutus
969 3825 1055 3889 est
1097 3814 1255 3873 Jesus
1298 3817 1350 3871 in
1383 3819 1775 3888 gazophylacie
1823 3821 2066 3887 docens,

489 3907 586 3962 sed
616 3915 695 3961 tot
725 3916 856 3975 quot
880 3907 1126 3978 capiebat
1150 3908 1593 3978 gazophylacium
1621 3926 1637 3977 ;
1667 3926 1793 3965 nam
1829 3926 1898 3967 ne
1914 3928 2071 3967 mun-

493 4006 619 4054 dum
656 4001 877 4069 quidem
916 4001 1091 4070 ipsum
1121 4010 1293 4056 totum
1325 4004 1567 4058 arbitror
1587 4018 1785 4072 capere
1819 4004 1916 4059 Dei
1947 4020 2072 4060 ver-

493 4094 623 4148 bum
643 4092 709 4148 ⁸⁹.
744 4095 995 4147 Attamen
1023 4103 1104 4149 Iot
1132 4095 1295 4149 verba
1330 4095 1382 4149 in
1400 4096 1790 4167 gazophylacio
1815 4097 2067 4167 loquens,

491 4195 547 4240 et
585 4185 959 4242 docenslesus
989 4188 1043 4241 in
1063 4188 1285 4257 templo,
1316 4189 1556 4243 nondum
1587 4191 1653 4244 ab
1682 4189 1791 4245 ullo
1823 4200 2067 4256 tenetur;

491 4280 657 4332 verba
688 4292 925 4348 namque
971 4281 1141 4347 ipsius
1190 4280 1418 4335 fortiora
1451 4293 1609 4335 erant
1658 4282 1835 4351 ipsum
1872 4296 2072 4350 appre-

494 4371 735 4424 hendere
779 4371 1091 4426 volentibus
1139 4388 1155 4430 :
1200 4383 1257 4427 et
1304 4383 1455 4427 certe
1500 4375 1743 4443 quandiu
1798 4373 2060 4444 loquitur,

2174 517 2376 587 μένης,
2421 518 2488 588 ἥν
2520 518 2824 593 προώρισεν
2850 523 2881 574 6
2939 519 3071 582 Θεὸς
3126 520 3231 592 πρὸ
3266 519 3372 573 τῶν
3413 518 3626 576 αἰώνων
3664 522 3746 585 εἰς

2170 608 2270 680 τὴν
2299 608 2410 662 τῶν
2448 610 2673 664 δικαίων
2704 610 2871 665 αὑτοῦ
2907 611 3097 676 δόξαν,
3161 613 3255 665 καὶ
3301 610 3616 681 δυναμένας
3660 614 3748 666 ὲν-

2169 703 2302 773 ορᾷν
2336 702 2610 776 ὑπεροχὴν
2644 705 2837 775 σοφίας
2884 705 3020 759 Θεοῦ
3071 705 3221 777 παρὰ
3272 704 3371 775 τὴν
3427 704 3619 775 σοφίαν
3649 704 3746 759 τοῦ

2170 792 2368 857 αἰῶνος
2396 793 2610 862 τούτου,
2644 795 2679 867 ἢ
2712 794 2818 849 τῶν
2840 796 3117 869 ἀρχόντων
3149 793 3244 849 τοῦ
3282 794 3475 860 αἰῶνος
3503 793 3695 849 τούτου
3729 836 3745 860 ,

2168 881 2278 936 τῶν
2307 885 2764 956 καταργουμένων
2794 887 2956 940 οἰονεί
2983 887 3286 959 προφήταις
3337 886 3487 950 ἰδίοις
3524 886 3743 959 χρωμέ-

2172 991 2301 1037 νων,
2352 976 2462 1030 τῶν
2508 977 2908 1049 όποιωνδήποτε
2948 978 3120 1046 λόγων
3173 978 3375 1049 ἐτέρων
3434 978 3589 1049 παρὰ
3646 978 3746 1050 τὴν

2170 1062 2426 1134 ἀλήθειαν
2453 1067 2884 1138 προϊσταμένωνο
2914 1067 3138 1138 ψάμμος
3166 1066 3275 1138 γὰρ
3301 1068 3457 1137 ὀλίγη
3479 1071 3533 1121 αἱ
3557 1067 3747 1122 λοιπαὶ

2173 1156 2378 1224 σοφίαι,
2413 1156 2615 1227 χρυσὸς
2646 1152 2785 1211 εἶναι
2815 1158 3189 1229 νομιζόμεναι,
3215 1160 3273 1210 ὲν
3305 1157 3423 1227 ὕφει
3456 1158 3647 1228 σοφίας
3677 1157 3747 1229 ἢν

2169 1246 2383 1301 ἔκτισεν
2413 1249 2443 1301 6
2463 1248 2596 1313 Θεὸς
2612 1250 2786 1321 ἀρχὴν
2808 1251 2924 1304 όδδν
2959 1251 3079 1321 (sic)
3102 1250 3268 1305 αὐτοῦ
3292 1253 3370 1315 εἰς
3390 1250 3527 1321 ἔργα
3555 1250 3742 1304 αὐτοῦ’

2169 1337 2265 1390 καὶ
2309 1338 2549 1410 ἄργυρος
2600 1340 2630 1392 6
2672 1338 2781 1392 τῶν
2815 1339 3025 1393 πολλῶν
3078 1339 3329 1412 λαμπρὸς
3383 1340 3478 1392 καί
3522 1338 3747 1402 πιθανὸς

2169 1427 2326 1498 λόγος
2351 1429 2427 1494 ὡς
2459 1429 2628 1501 πηλὸς
2652 1429 3051 1504 λογισθήσεται,
3080 1431 3189 1485 τῶν
3217 1431 3400 1501 ἁγνῶν
3417 1431 3613 1500 λογίων
3635 1432 3745 1503 (50)

2169 1521 2380 1594 Κυρίου
2432 1521 2541 1576 τῶν
2596 1523 3011 1595 πεπυρωμένων
3084 1522 3180 1576 καὶ
3263 1521 3747 1593 κεκαθαρισμένων

2171 1612 2594 1679 ἑπταπλασίως,
2641 1613 2737 1673 καὶ
2793 1613 3063 1685 δοκίμων,
3124 1613 3219 1668 ἆτε
3266 1608 3747 1685 προσεληλυθότων

2170 1708 2279 1761 ἀπὸ
2307 1706 2403 1760 τοῦ
2436 1709 2495 1760 ὲν
2524 1707 2665 1778 ἀρχῇ
2706 1706 2844 1779 πρὸς
2889 1706 2981 1761 τὸν
3025 1707 3159 1761 Θεδν
3204 1707 3401 1776 Λόγου.
3432 1706 3514 1761 Τὰ
3549 1706 3605 1759 δὲ
3641 1704 3749 1759 ἀτοδ

2100 1768 2141 1823 Β
2172 1799 2271 1869 τῆς
2308 1768 2796 1869 ἐπιγεγραμμένης
2826 1768 3030 1867 ξοφίας
3075 1798 3249 1863 ἄλλως
3289 1768 3642 1870 παρεθέμεθα
3670 1799 3748 1862 εἰς

2168 1888 2232 1941 τὺ
2263 1888 2496 1942 συνιδεῖν
2532 1888 2631 1959 τὴν
2661 1887 2888 1959 δύναμιν
2924 1888 3017 1942 τοῦ
3036 1906 3048 1918 ·
3098 1908 3117 1941 ι
3151 1888 3336 1942 Ταῦτα
3360 1890 3430 1942 τὰ
3469 1890 3689 1960 ῥήματα
3714 1887 3750 1941 ἃ

2170 1979 2432 2051 ἐλάλησεν
2479 1980 2536 2031 ὲν
2594 1978 2673 2050 τῷ
2728 1979 3110 2050 γαζοφυλακίῳ
3162 1978 3428 2032 διδάσκων
3467 1980 3497 2031 6
3542 1976 3749 2047 Ἰησοῦς

2172 2072 2284 2142 (51)
2319 2072 2378 2124 ὲν
2401 2069 2481 2143 τῷ
2514 2071 2665 2143 ἱερῷ·
2699 2090 2718 2124 ι
2755 2070 3028 2143 τηρείσθω
3066 2069 3175 2141 γὰρ
3202 2072 3236 2141 ή
3268 2070 3397 2141 περὶ
3428 2068 3537 2123 τῶν
3584 2069 3749 2122 πλου-

2174 2164 2304 2217 σίων
2338 2166 2431 2218 καὶ
2462 2165 2562 2235 τῆς
2608 2166 2870 2236 πενιχρᾶς
2909 2165 3084 2236 χήρας
3120 2163 3405 2234 διήγησις,
3448 2162 3525 2226 ὡς
3555 2161 3749 2215 ἀποδέ-

2170 2256 2340 2321 δοται,
2363 2257 2460 2310 καὶ
2481 2257 2534 2310 εῐ
2551 2256 2636 2321 τίς
2657 2273 2721 2325 γε
2740 2257 2851 2327 (52)
2874 2257 3118 2327 μιμητής
3144 2257 3258 2308 ἐστι
3281 2254 3538 2327 Χριστοῦ,
3568 2254 3750 2326 ήκέτω

2170 2350 2266 2403 ἐπὶ
2294 2350 2357 2403 τὸ
2381 2348 2459 2421 μὴ
2481 2351 2538 2403 ὲν
2563 2350 2715 2421 τόπῳ
2742 2350 2930 2423 νοητὸν
2961 2350 3104 2422 ἱερὸν
3135 2349 3229 2403 τοῦ
3258 2348 3416 2414 Θεοῦ,
3448 2348 3649 2401 ὁδεύων
3671 2346 3749 2419 τῷ

2170 2440 2269 2511 νῷ,
2298 2442 2394 2495 καὶ
2413 2440 2724 2494 ἀκολουθῶν
2755 2440 2834 2513 τῷ
2857 2441 3126 2512 πνεύματι
3153 2439 3565 2513 χειραγωγῆσαι
3589 2438 3751 2493 αὐτὸν

2170 2533 2257 2586 ἐπ’
2287 2532 2422 2586 αὐτὸ
2460 2532 2769 2603 δυναμένῳ*
2808 2534 2903 2587 καὶ
2936 2532 3147 2604 φερέτω
3174 2533 3370 2602 δόκιμα
3396 2531 3706 2602 νομίσματα
3731 2568 3749 2594 ,

2172 2626 2393 2697 ῥήματα
2427 2624 2573 2696 ζωῆς
2611 2625 2855 2692 αἰωνίου,
2909 2626 3003 2679 ἐπὶ
3052 2624 3114 2680 τὸ
3160 2622 3596 2695 γαζοφυλάκιον,
3655 2624 3751 2678 καὶ⁵

2171 2717 2308 2785 ἔργα
2359 2716 2630 2771 ἀκόλουθα
2679 2719 2793 2780 τοῖς
2836 2716 3098 2780 τοιούτοις
3151 2717 3410 2787 ῥήμασιν.
3458 2714 3597 2768 Ἀλλ’
3637 2712 3750 2767 εἴθε

2176 2810 2316 2879 μήτε
2363 2808 2599 2881 πενιχρὰ
2625 2826 2710 2872 τις
2743 2808 2923 2881 ήμῶν,
2979 2809 3115 2880 μήτε
3144 2809 3288 2880 χήρα
3317 2806 3405 2877 εἴη
3430 2807 3617 2877 φέρειν
3646 2823 3752 2878 μη·

2169 2898 2259 2952 δὲν
2294 2899 2477 2952 πλεῖον
2519 2900 2795 2971 δυναμένη
2839 2900 2935 2955 δύο
2966 2899 3201 2962 λεπτῶν,
3237 2901 3374 2970 μήτε
3402 2898 3655 2963 πλούσιος
3688 2900 3753 2952 ὲκ

2173 2993 2339 3062 μόνου
2388 2993 2484 3047 τοῦ
2536 2994 2976 3065 περισσεύματος
3022 2993 3238 3064 φέρων,
3272 2991 3409 3045 ἀλλὰ
3444 2991 3623 3045 πάντα
3658 2991 3751 3044 τὸν

2172 3082 2400 3140 πλοῦτον
2437 3085 2720 3151 ἀνατεθεὶς
2767 3086 2846 3158 τῷ
2891 3084 3042 3157 Θεῷι
3090 3082 3299 3155 Ἰησοῦς
3340 3083 3434 3137 καὶ
3474 3082 3536 3135 ού
3575 3083 3752 3136 πάντα

2174 3172 2213 3228 ἃ.
2249 3171 2364 3247 εἶχε
2411 3178 2633 3248 ῥήματα
2673 3177 2936 3249 ἐλάλησεν
2983 3180 3041 3231 ὲν
3076 3176 3156 3248 τῷ
3194 3175 3581 3246 γαζοφυλακίῳ
3607 3174 3757 3229 διδά-

2175 3283 2353 3331 σκων,
2390 3266 2528 3321 ἀλλὰ
2558 3268 2797 3323 τοσαῦτα
2825 3270 2926 3322 ὅσα
2966 3266 3163 3339 ἐχώρει
3212 3268 3275 3321 τὸ
3313 3266 3710 3336 γαζοφυλάκων
3732 3281 3751 3297 ⁶

2172 3361 2294 3415 οὐδὲ
2319 3361 2431 3434 γὰρ
2459 3361 2621 3416 αὐτόν
2649 3379 2713 3432 γε
2745 3358 2901 3433 οἶμαι
2924 3364 3122 3434 χωρεῖν
3146 3361 3237 3414 τὸν
3262 3360 3467 3432 κόσμον
3505 3358 3597 3414 τὸν
3633 3359 3754 3414 ὅλον

2171 3454 2267 3508 τοῦ
2318 3453 2455 3508 Θεοῦ
2504 3453 2682 3524 λόγον.
2718 3455 2907 3526 Ὅμως
2954 3454 3010 3508 δὲ
3050 3453 3285 3508 τοσαῦτα
3312 3457 3532 3525 ῥήματα
3570 3454 3628 3507 ἐν
3675 3452 3753 3525 τῷ

2172 3545 2560 3618 γαζοφυλακίῳ
2597 3545 2772 3601 λαλῶν
2812 3546 2907 3601 καὶ
2951 3545 3219 3601 διδάσκων
3257 3546 3286 3597 6
3338 3545 3547 3615 Ἰησοῦς
3588 3547 3645 3598 ὲν
3674 3544 3753 3616 τῷ

2175 3636 2341 3709 ἱερῷ,
2380 3638 2471 3692 ὑπ’
2506 3638 2720 3702 οὐδενὸς
2745 3637 3029 3709 ὲκρατεῖτό
3066 3654 3184 3691 πῶυ
3236 3637 3332 3691 καὶ
3368 3637 3534 3690 αὐτοῦ
3572 3636 3677 3709 γὰρ
3702 3638 3753 3689 οἱ

2172 3726 2318 3796 λόγοι
2347 3728 2684 3800 ἰσχυρότεροι
2710 3727 3003 3799 ἐτύγχανον
3023 3728 3131 3781 τῶν
3158 3727 3351 3782 πιάσαι
3380 3728 3542 3783 αὑτὸν
3572 3727 3753 3782 θελόν-

2170 3837 2278 3874 των
2302 3838 2318 3852 ο
2343 3822 2439 3875 καί⁵
2488 3821 2612 3874 ὅσον
2649 3837 2714 3888 γε
2754 3819 2924 3889 λέγει,
2962 3817 3213 3873 τοσοῦτον
3240 3820 3349 3891 (55)
3380 3820 3555 3884 οὐδεὶς
3592 3820 3753 3874 αὐτὸν

2173 3908 2369 3963 πιάσαι
2394 3909 2502 3962 τῶν
2525 3908 2983 3963 ἐπιϐουλευόντων
3024 3908 3174 3979 αὐτῷ
3212 3908 3435 3963 δύναται
3464 3909 3573 3981 (54)
3593 3926 3608 3939 ·
3638 3909 3751 3964 ἀλλ’

2172 3999 2268 4055 ἐὰν
2295 4002 2580 4072 σιωπήσῃ,
2625 4001 2748 4055 τότε
2803 4003 3105 4074 κρατεῖται’
3149 4001 3300 4066 ὅθεν,
3341 4002 3464 4055 ἐπεὶ
3505 4002 3753 4055 ἐϐούλετο

2173 4095 2314 4165 ὑπὲρ
2346 4092 2441 4147 τοῦ
2467 4094 2676 4164 κόσμου
2706 4094 2920 4157 παθεῖν,
2953 4093 3343 4163 ἐξεταζόμενος
3385 4095 3491 4148 ὑπὸ
3522 4094 3615 4148 τοῦ
3655 4096 3754 4148 Πι-

2172 4182 2366 4247 λάτου,
2418 4183 2512 4237 καὶ
2548 4182 2978 4253 μαστιγούμενος
3010 4184 3216 4255 σιωπᾷ·
3261 4185 3310 4235 εἰ
3357 4184 3464 4257 γὰρ
3503 4183 3754 4253 ὲλελαλή-

2172 4291 2281 4340 κει,
2312 4275 2414 4328 ούκ
2445 4274 2525 4328 ἔτι
2561 4274 2770 4345 ἐγίνετο
2794 4273 2944 4345 αύτῷ
2980 4274 3039 4327 τὸ
3081 4274 3462 4346 ἐσταυρῶσθαι
3507 4275 3564 4342 ἐξ
3594 4276 3755 4329 ἀσθε-

2173 4368 2340 4431 νείας
2375 4368 2606 4439 ἐπείπερ
2641 4369 2741 4421 οὐκ
2773 4367 2919 4421 ἐστιν
2958 4366 3212 4421 ἀσθένεια
3256 4371 3314 4422 ἐν
3363 4366 3446 4434 οἷς
3502 4373 3530 4424 6
3584 4373 3754 4439 Λόγος

495 4460 686 4517 tandiu
716 4475 873 4515 nemo
905 4461 980 4515 illi
1010 4463 1236 4517 insidias
1281 4465 1614 4519 struentium
1653 4465 2068 4535 apprehendere

2171 4460 2352 4514 λαλεῖ·
2399 4460 2514 4513 δντι
2558 4461 2617 4514 δὲ
2656 4460 2807 4533 αὐτῷ
2837 4464 2896 4516 ὲν
2928 4461 3007 4532 τῷ
3035 4462 3419 4535 γαζοφυλακίῳ
3466 4464 3679 4518 οὐδέπω
3718 4467 3752 4536 ἡ

490 4571 618 4612 eum
668 4554 848 4609 valent
876 4573 889 4621 ;
917 4555 1010 4611 sed
1040 4555 1087 4610 si
1141 4558 1415 4621 tacuerit,
1462 4567 1595 4614 tunc
1645 4566 1890 4625 tenetur;
1925 4559 2069 4613 unde

497 4648 874 4717 interrogatus
905 4662 934 4700 a
964 4645 1136 4701 Pilato
1166 4655 1221 4703 et
1254 4646 1580 4718 llagellatus,
1615 4649 1757 4718 quod
1788 4648 1952 4703 vellet
1973 4662 2071 4717 pro

494 4740 696 4793 mundo
725 4739 837 4810 patl
861 4780 876 4805 ,
934 4748 1078 4795 tacet
1103 4740 1189 4806 ";
1228 4741 1469 4809 alioquin
1502 4741 1550 4797 si
1610 4741 1823 4796 locutus
1858 4739 2069 4807 fuisset,

494 4848 603 4887 non
631 4831 1028 4902 cruciﬁgendus
1065 4848 1132 4887 ex
1182 4833 1521 4899 inﬁrmitate,
1565 4835 1824 4904 quoniam
1851 4849 1958 4888 non
1985 4843 2071 4888 est

495 4922 785 4978 inﬁrmitas
817 4925 869 4978 in
917 4924 1005 4978 bis
1036 4940 1156 4994 qua:
1187 4925 1382 4980 Sermo
1420 4924 1592 4980 Filius
1626 4926 1724 4981 Dei
1771 4925 2015 4995 loquitur
2049 4940 2064 4977 :

493 5028 729 5084 cumque
754 5016 1049 5071 exsisteret
1078 5015 1132 5069 in
1184 5015 1597 5088 gazophylacio,
1632 5016 1867 5071 nondum
1896 5015 2067 5069 insta-

566 5130 612 5199 “?
645 5129 771 5199 Sap.
823 5147 917 5198 vn,
969 5130 1024 5186 9.
1118 5132 1165 5164 ⁸³
1194 5131 1365 5187 lCor.
1401 5149 1460 5198 ιι,
1495 5132 1550 5196 6,
1582 5133 1636 5187 7.
1727 5132 1774 5166 “
1821 5132 1956 5187 ibid.
2009 5131 2077 5184 6.‘

2175 4551 2293 4621 ῶρα
2320 4552 2621 4623 ἐνειστήκει
2658 4551 2752 4606 τοῦ
2783 4553 3079 4623 πιασθῆναι
3117 4553 3280 4608 αὑτὸν
3300 4593 3316 4618 ,
3341 4555 3456 4609 ἀλλ’
3480 4556 3600 4609 οὐδὲ
3640 4556 3754 4610 δντι

2177 4644 2235 4697 ὲν
2260 4642 2337 4714 τῷ
2367 4642 2497 4715 ἱερῷ
2523 4644 2633 4715 (55)
2649 4663 2663 4676 ·
2688 4644 3023 4717 χειμάρρουν
3048 4645 3105 4699 δέ
3130 4664 3250 4700 τινα
3286 4647 3456 4718 ἐχρῆν
3498 4645 3638 4702 εἶναι
3663 4650 3755 4703 τὸν

2177 4735 2365 4800 τόπον,
2394 4733 2522 4789 ἔνθα
2555 4733 2806 4788 ὲὸούλετο
2829 4735 3122 4807 πιασθῆναι
3159 4740 3188 4792 6
3225 4739 3462 4810 Ἰησοῦς,
3504 4740 3600 4794 καὶ
3637 4739 3757 4793 ὲδύ-

2178 4843 2326 4880 νατο.
2364 4825 2526 4879 Ἀλλὰ
2565 4827 2662 4881 καὶ
2708 4826 2897 4898 καιρὸν
2947 4827 3042 4881 τοῦ
3089 4830 3408 4901 κρατεῖσθαι
3448 4831 3609 4884 αὐτὸν
3655 4832 3756 4885 οὐκ

2177 4918 2284 4971 ἔδει
2324 4919 2585 4990 ήμερινόν
2605 4936 2620 4950 ο
2653 4937 2672 4970 t
2714 4919 2773 4971 Ὀ
2794 4919 2901 4988 γὰρ
2944 4920 3145 4985 Ἰούδας
3172 4920 3352 4975 λαὸὼν
3381 4923 3481 4995 τὴν
3505 4926 3751 4996 σπεῖραν,

2177 5010 2274 5066 καὶ
2324 5012 2391 5064 ὲκ
2430 5010 2538 5063 τῶν
2585 5010 2885 5080 ἀρχιερέων
2934 5011 3028 5064 καὶ
3066 5013 3375 5084 Φαρισαίων
3430 5013 3710 5087 ὑπηρέτας
3735 5053 3752 5078 ,

2183 5129 2231 5164 ⁸⁸
2257 5128 2416 5185 Prov.
2469 5142 2590 5191 \‘lll,
2634 5126 2726 5181 ἓξ.
2819 5128 2867 5161 ⁸⁸
2895 5127 3039 5184 Psal.
3084 5145 3163 5196 xi,
3217 5128 3270 5183 7.
3346 5129 3390 5161 "
3428 5129 3589 5185 Joan.
3630 5145 3669 5194 t,
3696 5130 3749 5183 2.

492 5197 542 5232 ⁸⁸
571 5197 731 5255 Joan.
756 5217 871 5269 vm,
899 5197 990 5257 ‘20.
1088 5200 1136 5233 ⁸⁹
1160 5200 1315 5256 Joau.
1350 5197 1462 5269 xxi,
1492 5202 1583 5258 25.
1673 5202 1721 5236 ”
1746 5202 1905 5259 Joan.
1933 5204 2107 5267 xtx,1,
2132 5200 2220 5257 ll.

569 5316 682 5386 (50)
717 5314 839 5389 Τῶν
866 5314 1335 5389 ἀγνῶνμελογίων.
1379 5317 1601 5389 Supple,
1631 5322 1689 5373 ὲν
1729 5319 1875 5389 ὄψει,
1930 5317 2075 5387 quod

540 5388 791 5459 rwcedqitg;
820 5388 872 5441 id
900 5387 1032 5459 vidit
1067 5386 1374 5459 Ferrarius.
1408 5386 1817 5459 Ad'tnargineiu
1868 5386 2075 5459 codicis

524 5457 781 5578 {aiberini
806 5471 873 5513 ex
903 5455 1217 5524 conjectura
1248 5458 1462 5529 legitur,
1501 5460 1594 5513 ἐπὶ
1622 5455 1732 5513 τῶν
1758 5458 1939 5529 ἁγνῶν
1986 5458 2077 5512 λο-

524 5543 533 5556 ’
604 5543 653 5578 ν.

497 5542 653 5594 γιων.

573 5596 685 5673 (51)
816 5594 1067 5673 Ἰησοῦς.
1100 5596 1262 5653 Deest
1295 5597 1350 5652 itt
1393 5599 1585 5655 codice
1618 5599 1813 5673 Regio,
1845 5601 1940 5657 sed
1993 5601 2075 5655 le-

500 5666 649 5733 gitur
675 5667 726 5720 in
762 5666 1072 5723 Bodleiano.

574 5732 684 5805 (52)
718 5736 902 5793 Codex
954 5735 1298 5808 Bodleianus,
1334 5740 1427 5795 καὶ
1459 5739 1514 5794 εἴ
1548 5742 1633 5808 τίς
1692 5758 1788 5811 γε·
1849 5740 2070 5814 Regius,

2181 5317 2303 5371 ἐπεί
2334 5316 2418 5371 τίς
2447 5331 2532 5371 γε.

2254 5331 2721 5457 fisi‘iﬁbam.
2750 5384 2909 5441 Deest
2936 5384 2990 5439 in
3013 5384 3198 5440 codice
3228 5382 3419 5456 Regio,
3442 5385 3536 5439 sed
3588 5385 3756 5438 habe-

2182 5466 2272 5511 tur
2306 5458 2359 5509 in
2392 5458 2706 5510 Bodleiano.

2260 5526 2372 5598 (54)
2399 5527 2682 5598 Λύκαται,
2708 5525 3057 5581 Desideratur
3097 5525 3152 5580 in
3179 5525 3368 5582 codice
3417 5525 3607 5596 Regio,
3656 5523 3754 5581 sed

2184 5596 2381 5668 legitur
2416 5598 2469 5650 in
2504 5596 2817 5668 Bodleiano.

2255 5656 2380 5792 i553!
2404 5668 2531 5723 Post
2555 5668 2613 5721 ἐν
2632 5667 2708 5739 τῷ
2746 5665 2875 5738 ίερῷ
2904 5666 3075 5725 codex
3110 5664 3439 5723 Bodleianus
3468 5665 3632 5722 habet
3657 5656 3766 5714 ἔδει

2255 5756 2282 5792 7.
2353 5755 2497 5792 ηναι.

2182 5755 2497 5810 πιασυηναι.
