4196 6388
495 314 600 394 5:5
1512 340 1869 397 COMMENT.
1911 341 1974 395 IN
2011 341 2204 397 JOAN.
2247 340 2488 398 TOMUS
2535 340 2680 397 Xlx.
3634 324 3741 398 διὸ

493 458 712 527 ἔρχεται
743 453 859 506 ἐκεῖ
889 449 1025 523 μετά
1056 428 1259 520 φανῶν,
1279 451 1375 506 καὶ
1393 451 1819 522 λαμπάδων,καὶ
1833 455 2062 509 ὃπλων.ι

2177 456 2267 509 hat
2296 455 2431 508 hora
2464 468 2572 524 qua
2603 451 3033 522 prehenderetur
3062 470 3077 520 ;
3111 454 3202 509 sed
3246 470 3423 526 neque
3453 456 3744 525 oportebat

495 548 629 619 ιιερι
669 546 725 599 δὲ
757 544 874 608 τοῦ,
911 563 929 596 ι
963 544 1130 597 Οὔπω
1177 544 1435 615 ἐλήλυθεν
1470 542 1534 613 (ί.
1564 545 1833 618 ἐληλύθει)
1868 546 1903 619 ἡ
1950 547 2062 619 ὥρα

2175 562 2299 602 eum
2334 545 2596 615 prehendi
2631 547 2684 600 in
2721 547 2921 615 templo
2952 563 2968 605 :
3002 558 3300 602 torrentem
3343 563 3466 604 esse
3511 561 3742 604 necesse

490 637 678 702 αὑτοῦ,
700 656 718 688 ι
745 638 804 689 ὲν
829 639 941 699 τοῖς
965 635 1222 708 ἀνωτέρω
1265 635 1355 689 διὰ
1394 632 1656 689 πλειόνων
1693 636 2062 709 διειλήφαμεν¹

2175 649 2295 694 erat
2320 639 2520 705 locum,
2554 637 2644 692 ubi
2675 637 2886 692 volebat
2914 637 3069 693 Jesus
3095 638 3378 708 prehendi,
3408 648 3464 694 et
3510 639 3601 693 ubi
3648 655 3744 708 pu-

486 722 573 793 οἷς
609 728 790 799 χρήσῃ
838 726 931 779 καὶ
963 727 1044 788 εἰς
1071 724 1142 778 τὰ
1174 724 1436 796 παρόντα.
1816 804 1820 809 γ

2178 739 2320 784 terat
2344 731 2629 800 prehendi.
2673 731 2814 798 Quin
2846 732 3010 786 etiam
3061 742 3273 803 tempus
3304 746 3411 801 quo
3447 731 3743 800 capiendus

492 833 636 891 erat,
664 822 887 876 minime
935 821 1188 875 diurnum
1227 834 1349 875 esse
1378 820 1665 888 oportebat
1699 836 1714 873 :
1753 838 1772 870 ι
1816 816 1950 875 Nam
1980 818 2151 878 Iudas
2195 840 2316 879 cum
2350 826 2651 895 accepisset
2697 827 3002 892 cohortem,
3034 836 3088 882 et
3121 842 3152 880 a
3183 827 3515 897 principibus
3564 841 3746 881 sacer-

500 918 684 971 dotum
731 929 796 968 ac
851 913 1145 969 Pharismis
1204 914 1505 979 ministros,
1555 914 1703 968 venit
1751 914 1877 970 illuc
1928 932 2050 970 cum
2104 917 2351 987 latcruis,
2394 928 2448 976 et
2490 920 2721 985 facibus,
2766 937 2831 976 ac
2871 923 3040 977 armis
3067 924 3134 977 ⁹¹.
3170 947 3189 975 ι
3227 922 3492 977 Caeterum
3539 922 3605 977 de
3643 923 3746 977 hoc

493 1009 658 1071 dicto,
688 1026 706 1058 ι
741 1006 990 1061 Nondum
1029 1015 1256 1061 venerat
1296 1006 1430 1063 hora
1492 1005 1609 1074 ejus
1631 1007 1711 1072 ",
1749 1025 1769 1058 ι
1819 1008 1873 1062 in
1936 1010 2311 1077 superioribus
2368 1014 2726 1069 disseruimus
2775 1013 3023 1083 pluribus
3075 1015 3275 1082 verbis,
3328 1017 3526 1086 quibus
3578 1015 3742 1070 etiam

491 1100 546 1155 in
573 1100 863 1168 praesentia
895 1100 1087 1155 uteris.

559 1202 616 1256 5.
656 1219 675 1253 ‹
703 1196 870 1254 Εἶπεν
917 1195 1011 1253 οὖν
1055 1198 1217 1253 πάλιν
1264 1197 1478 1262 αὐτοῖς’
1527 1196 1672 1268 Ἐγὼ
1714 1199 1930 1269 ὑπάγω,
1976 1199 2072 1253 καὶ

491 1291 753 1364 ζητήσετέ
781 1310 848 1362 με
868 1330 883 1356 ,
911 1290 1008 1346 καὶ
1031 1291 1093 1345 ὲν
1116 1292 1182 1363 τῇ
1210 1291 1454 1362 ἁμαρτίᾳ
1487 1290 1639 1362 ὑμῶν
1672 1291 2034 1345 ἀποθανεῖσθε
2053 1310 2067 1325 ο

489 1383 622 1436 ὅπου
663 1381 772 1451 ἐγὼ
813 1382 1043 1451 ὑπάγω,
1089 1382 1246 1453 ὑμεῖς
1291 1382 1352 1435 οὑ
1395 1382 1622 1437 δύνασθε
1666 1382 1859 1437 ἐλθεῖν.
1890 1402 1909 1435 ι
1960 1384 2062 1438 Καὶ

2169 1395 2327 1460 vado,
2352 1409 2451 1451 vos
2480 1410 2588 1449 non
2619 1396 2848 1464 potestis
2877 1396 3066 1450 venire
3096 1394 3163 1448 ”.
3198 1414 3217 1445 ι
3254 1395 3320 1449 Et
3351 1396 3464 1451 haec
3494 1396 3547 1449 in
3579 1410 3741 1466 gazo-

488 1472 663 1528 ταῦτα
705 1476 763 1526 ὲν
796 1471 874 1543 τῷ
914 1471 1303 1544 γαζοφυλακίῳ
1347 1474 1406 1527 ὲν
1448 1472 1524 1545 τῷ
1558 1472 1706 1546 ἱερῷ,
1760 1474 2062 1546 προστιθεὶς

2167 1486 2441 1558 phylacio,
2477 1488 2531 1542 in
2566 1488 2767 1558 templo
2798 1502 2922 1543 cum
2963 1487 3299 1556 loqueretur,
3328 1490 3536 1543 addidit
3579 1505 3744 1559 supe-

492 1567 605 1627 τοῖς
652 1563 939 1635 προτέροις
983 1564 1043 1617 οὐ
1106 1563 1267 1633 μόνον
1317 1561 1492 1617 ταῦτα
1516 1604 1530 1627 ,
1589 1563 1726 1617 ἀλλά
1767 1564 1859 1617 καὶ
1902 1564 2062 1636 ἔτερα

2169 1578 2441 1634 rioribus:
2481 1585 2589 1633 nec
2619 1579 2789 1633 solum
2819 1580 2958 1644 haec,
2997 1581 3092 1634 sed
3137 1580 3241 1633 alia
3273 1581 3441 1635 multo
3467 1582 3619 1649 plura
3650 1596 3741 1635 us-

2240 1198 2298 1254 3.
2335 1216 2355 1250 ι
2391 1197 2601 1253 Rursus
2627 1210 2759 1268 ergo
2792 1198 2932 1252 dixit
2970 1197 3080 1252 illis
3109 1213 3124 1250 :
3150 1197 3264 1265 Ego
3310 1197 3475 1262 vado,
3509 1203 3566 1252 et
3594 1212 3741 1266 quae-

2170 1292 2302 1347 retis
2335 1305 2448 1354 me,
2477 1298 2535 1345 et
2562 1291 2615 1345 in
2648 1299 2874 1359 peccato
2899 1298 3080 1345 vestro
3114 1289 3418 1343 moriemini
3450 1306 3466 1349 ;
3504 1305 3611 1359 quo
3633 1305 3735 1359 ego

491 1656 712 1709 πλείονα
764 1656 875 1727 (56)
915 1655 1021 1719 ἕως
1066 1654 1192 1709 τοῦ·
1252 1672 1270 1706 ι
1310 1654 1482 1727 Ἀμὴν
1525 1655 1667 1725 λέγω
1714 1656 1843 1727 ὑμῖν
1867 1697 1882 1722 ,
1934 1659 2064 1729 πρὶν

502 1747 753 1820 Ἀϐραὰμ
776 1746 1025 1815 γενέσθαι
1053 1790 1067 1810 ,
1105 1745 1214 1815 ἐγώ
1246 1748 1381 1816 εἰμι.
1414 1766 1431 1798 ι
1464 1746 1620 1799 Μετὰ
1652 1746 1709 1799 δὲ
1746 1745 1933 1800 τοῦτον
1973 1746 2064 1801 τόν

488 1831 644 1902 λόγον
666 1833 915 1905 ἀράντων
946 1832 1143 1897 λίθους,
1180 1833 1268 1887 ἴνα
1295 1832 1588 1888 λιθάσωσιν
1621 1833 1804 1899 αὑτὸν,
1857 1835 2065 1908 Ἰησοῦς

487 1923 715 1995 ἐκρύϐη,
748 1924 843 1977 καὶ
867 1922 1088 1993 ἐξῆλθεν
1121 1925 1186 1976 ὲκ
1222 1922 1317 1977 τοῦ
1349 1923 1525 1995 ἱεροῦ·
1553 1926 1643 1979 ὅτε
1672 1925 1935 1998 παράγων
1957 1921 2063 1980 εἶδε

485 2015 577 2070 τὸν
614 2016 725 2070 ἀπὸ
755 2016 986 2086 γενετῆς
1022 2014 1241 2085 τυφλὸν,
1293 2017 1423 2088 περὶ
1466 2010 1528 2071 οὗ
1584 2016 1879 2088 εἰσόμεθα,
1927 2017 2062 2072 Θεοῦ

485 2106 739 2170 διδόντος,
770 2106 1051 2178 γενόμενοι
1080 2106 1222 2160 κατά
1250 2105 1341 2159 τὸν
1377 2105 1560 2160 τόπον.
1589 2106 1752 2175 Λέγει
1787 2107 1844 2160 δὲ
1868 2106 2061 2170 ταῦτα,

484 2199 572 2251 ἵνα
614 2198 676 2252 τὸ
729 2199 1124 2270 ἐπιφερόμενον
1151 2197 1433 2271 .γένηται,
1482 2216 1500 2250 ι
1535 2197 1721 2251 Ταῦτα
1750 2198 1858 2270 γὰρ
1896 2197 2062 2253 αὑτοῦ

483 2286 772 2352 λαλοῦντος
825 2289 1153 2342 ἐπίστευσαν
1191 2289 1272 2352 εἰς
1316 2287 1481 2341 αὑτὸν
1503 2328 1520 2355 ,
1559 2304 1580 2340 ι
1639 2289 1800 2342 οἱονεὶ
1833 2288 2065 2361 πένητες

488 2380 600 2451 (37)
635 2362 916 2451 ὲρχόιενοι
954 2380 1046 2434 ἐπὶ
1080 2379 1141 2432 τὸ
1175 2378 1598 2449 γαζοφυλάκιον,
1634 2379 1701 2433 ἵν’
1729 2381 1938 2433 ἐκεῖθεν
1970 2380 2065 2434 λά-

477 2460 656 2525 ϐωσιν
700 2472 736 2526 ἃ
774 2471 870 2525 ἐὰν
904 2471 1188 2537 δύνωνται,
1220 2471 1317 2524 καὶ
1359 2470 1396 2526 ἃ
1449 2472 1543 2526 ἐὰν
1585 2470 1813 2543 μερισθῇ
1860 2471 2061 2536 αὐτοῖς.

494 2581 512 2613 ι
545 2561 735 2615 Πολλοὶ
796 2564 892 2634 μὲν
921 2559 1015 2615 οὖν
1052 2561 1377 2615 ἐπίστευσαν
1421 2563 1501 2626 εἰς
1532 2563 1718 2627 αὑτὸν,
1753 2582 1773 2615 ι
1824 2562 1884 2615 οὑ
1932 2563 2063 2617 πολ-

487 2654 572 2708 λοὶ
604 2654 661 2707 δὲ
711 2653 955 2723 ἔγνωσαν
988 2653 1169 2707 αὑτόν⁹
1221 2654 1345 2706 ἐπεὶ
1378 2651 1484 2706 τῶν
1512 2654 1954 2707 πεπιστευκότων
1982 2656 2064 2719 είς

487 2748 651 2802 αὑτὸν
680 2749 729 2801 οἱ
763 2747 1014 2819 μένοντες
1042 2749 1098 2800 ὲν
1131 2746 1208 2817 τῷ
1238 2745 1384 2818 λόγῳ
1424 2745 1611 2811 αὑτοῦ,
1647 2746 1866 2818 άληθῶς
1920 2747 2066 2816 γινό-

488 2856 643 2911 μενοι
675 2839 917 2914 μαθηταὶ
949 2838 1136 2902 αὑτοῦ,
1171 2838 1468 2907 γνώσονται
1496 2839 1595 2909 τὴν
1624 2839 1882 2912 ἀλήθειαν
1901 2857 1914 2869 ·
1944 2839 2065 2911 οὐχὶ

487 2932 545 2987 δὲ
571 2935 619 2986 οἱ
653 2931 838 2985 πολλοὶ
877 2930 986 2984 τῶν
1032 2930 1475 2983 πεπιστευκότων
1507 2931 1588 2993 είς
1619 2931 1783 2983 αὐτὸν

485 3024 544 3076 ὲν
570 3023 647 3094 τῷ
673 3023 817 3093 λόγῳ
849 3022 1035 3075 αὑτοῦ·
1066 3022 1188 3075 οὑδὲ
1217 3024 1266 3075 oi
1297 3021 1482 3075 πολλοὶ
1510 3021 1726 3094 άληθῶς
1758 3022 1924 3078 αὑτοῦ
1962 3039 2066 3094 μα-

488 3114 651 3186 θηταὶ
680 3115 954 3184 γίνονται·
995 3113 1187 3184 διόπερ
1228 3113 1350 3166 οὑδὲ
1395 3113 1580 3167 πολλοὶ
1616 3112 1915 3182 γνώσονται
1950 3113 2063 3186 (58)

486 3208 764 3278 ἀλήθειαν,
822 3207 917 3260 καὶ
966 3208 1033 3277 τῇ
1094 3205 1323 3277 ἀληθείᾳ
1374 3204 1649 3277 ἐλεύθεροι
1683 3207 1743 3260 οὑ
1800 3206 2061 3275 γίνονταυ

489 3300 694 3373 σφόδρα
725 3299 833 3371 γάρ
859 3299 1031 3366 ὀλίγοι
1056 3297 1293 3369 χωροῦσι
1336 3298 1435 3368 τὴν
1461 3297 1719 3369 ἀλήθειαν
1745 3296 1876 3371 (59).
1906 3299 2064 3363 Τίνες

485 3392 544 3447 δέ
577 3395 713 3447 εἰσιν
744 3394 793 3446 οἱ
821 3390 1177 3462 γνωσόμενοι,
1212 3389 1245 3461 ἢ
1269 3392 1318 3443 οἱ
1347 3390 1610 3460 ὑψοῦντες
1636 3390 1798 3444 αὑτόν
1817 3407 1831 3456 ;
1853 3391 1931 3455 ὡς
1962 3390 2063 3443 αὑ-

487 3487 576 3551 τὸς
626 3485 864 3539 διδάσκει
910 3484 1084 3552 λέγων
1103 3499 1117 3513 ·
1152 3501 1170 3535 ι
1208 3484 1378 3536 Ὅταν
1408 3482 1661 3553 ὑψώσητε
1687 3482 1777 3535 τὸν
1808 3483 1934 3535 Υἱὸν
1966 3478 2061 3536 τοῦ

486 3576 796 3649 ἀνθρώπου,
827 3576 947 3629 τότε
974 3573 1272 3644 γνώσεσθε,
1316 3578 1397 3630 ὅτι
1423 3575 1534 3645 ἐγώ
1562 3578 1679 3646 εἰμι
1700 3593 1714 3607 ’
1745 3593 1763 3626 ι
1797 3574 1970 3638 οὐδεὶς
2004 3571 2063 3627 δὲ

483 3668 644 3727 αὑτὸν
669 3671 795 3741 ὑψοϊ
818 3670 1050 3740 γάλακτι
1083 3667 1454 3739 ποτιζόμενος,
1479 3667 1910 3741 παρασκευάζων
1935 3668 2063 3720 ἑαυ-

482 3765 573 3820 τὸν
606 3765 686 3827 είς
715 3760 1027 3834 παραδοχὴν
1059 3761 1157 3831 τῆς
1186 3761 1412 3833 στερεᾶς
1457 3760 1696 3831 τροφῆς’
1742 3758 1931 3830 διόπερ
1983 3756 2062 3829 τῷ

482 3845 708 3928 τοιούτω
721 3856 897 3925 λέγει⁹
933 3875 952 3906 ‹
980 3856 1211 3926 Ἕκρινα
1231 3854 1397 3926 μηδὲν
1426 3853 1622 3907 εἰδέναι
1652 3853 1710 3907 ὲν
1731 3853 1879 3924 ὑμῖν,
1902 3853 1951 3905 εί
1988 3851 2061 3923 μὴ

494 3947 702 4019 Ἰησοῦν
740 3946 996 4019 Χριστὸν,
1033 3946 1128 4000 καὶ
1158 3945 1348 4001 τοῦτον
1390 3944 1829 4017 ἐσταυρωμένον*
1855 3965 1874 3997 ι
1926 3943 2064 4014 πρὸς

482 4037 542 4093 ὃν
579 4040 673 4092 καὶ
704 4038 733 4090 ὁ
764 4035 859 4090 τοῦ
893 4035 1054 4105 λόγου
1081 4033 1326 4098 διάκονος
1352 4034 1410 4087 ὲν
1443 4034 1696 4106 ἀσθενείᾳ
1730 4033 1956 4103 γίνεται,
1985 4033 2063 4099 ὥς

484 4147 646 4202 φησιν
672 4128 701 4181 ὁ
734 4127 943 4190 Παῦλος
978 4128 1090 4190 τοῖς
1118 4125 1378 4189 τοιούτοις
1397 4140 1412 4156 ο
1454 4143 1471 4175 ι
1500 4122 1670 4192 Κάγὼ
1699 4125 1758 4176 ὲν
1786 4124 2059 4195 ἀσθενείᾳ,

482 4223 576 4279 καὶ
625 4224 682 4275 ὲν
729 4220 900 4292 φόϐῳ,
956 4219 1053 4273 καὶ
1085 4220 1142 4271 ὲν
1191 4218 1380 4292 τρόμῳ
1415 4215 1594 4287 πολλῷ
1625 4216 1891 4287 ἐγενόμην
1925 4215 2064 4288 πρὸς

2164 1683 2270 1738 que
2296 1670 2363 1725 ad
2413 1685 2535 1725 eum
2568 1679 2883 1725 contextum
2913 1687 2929 1729 :
2958 1689 2977 1723 ι
3022 1672 3194 1725 Amen
3232 1673 3353 1726 dico
3394 1674 3562 1733 vobis,
3598 1684 3743 1727 ame-

2163 1765 2325 1829 q'uam
2362 1761 2635 1815 Abraham
2691 1761 2887 1829 ﬁeret,
2923 1777 3027 1832 ego
3076 1777 3197 1816 sum
3247 1761 3317 1816 “.
3366 1782 3386 1814 ι
3431 1764 3561 1819 Post
3592 1766 3739 1820 hunc

2164 1860 2347 1906 autem
2383 1868 2691 1909 sermonem
2734 1870 2857 1909 cum
2911 1854 3116 1923 lapides
3162 1855 3412 1910 tulissent
3460 1855 3627 1911 Judaei
3682 1868 3742 1912 ιιι

2164 1944 2467 2014 lapidarent
2498 1962 2645 2009 eum.
2670 1945 2829 2003 Jesus
2857 1948 3143 2003 abscondit
3171 1962 3229 2003 se
3258 1958 3314 2003 et
3345 1949 3511 2004 exivit
3541 1965 3572 2004 e
3604 1958 3742 2004 tem-

2163 2040 2255 2110 plo
2283 2056 2297 2097 :
2333 2038 2494 2110 293
2526 2041 2742 2108 quando
2771 2041 3092 2109 praeteriens
3136 2042 3271 2096 vidit
3307 2057 3509 2097 cavum
3536 2058 3563 2096 a
3594 2044 3739 2098 nati-

2164 2131 2407 2196 vitate",
2434 2132 2500 2185 de
2520 2144 2628 2200 quo
2663 2132 2920 2195 sciemus,
2955 2129 3068 2185 Deo
3102 2132 3287 2197 dante,
3317 2148 3440 2187 cum
3467 2133 3532 2205 ad
3564 2134 3739 2188 locum

2165 2223 2595 2290 pervenerimus.
2636 2221 2760 2277 Haec
2799 2231 2979 2276 autem
3016 2223 3277 2291 loquitur,
3324 2231 3384 2278 ut
3421 2227 3635 2279 eveniat
3685 2226 3741 2281 id

2166 2315 2308 2384 quod
2370 2314 2735 2385 subjungitur,
2774 2332 2794 2365 ι
2828 2313 2952 2369 Haec
2987 2330 3053 2368 eo
3086 2314 3363 2384 loquente,
3394 2317 3744 2372 crediderunt

2167 2407 2221 2459 in
2252 2419 2374 2459 eum
2403 2405 2471 2471 ",
2508 2423 2528 2456 ι
2563 2406 2816 2458 nimirum
2855 2418 3150 2474 pauperes,
3185 2406 3277 2477 qui
3309 2407 3376 2460 ad
3411 2407 3740 2479 gazophyla-

2164 2496 2311 2552 cium
2343 2505 2626 2560 venerant,
2665 2496 2790 2550 inde
2816 2498 3093 2555 accepturi
3126 2512 3249 2566 quae
3282 2508 3502 2566 possent
3529 2507 3585 2552 et
3617 2512 3741 2568 quae

2165 2597 2269 2652 sibi
2308 2597 2597 2652 distributa
2628 2598 2878 2652 l‘uisscnt.
2912 2598 3094 2666 Itaque
3137 2618 3156 2651 ι
3195 2598 3347 2654 multi
3392 2600 3742 2655 crediderunt

2166 2686 2221 2741 in
2252 2702 2400 2751 eum,
2435 2707 2455 2740 ι
2490 2687 2582 2742 sed
2610 2704 2713 2741 non
2746 2688 2897 2742 multi
2921 2699 3261 2760 agnoverunt
3282 2704 3403 2743 eum
3433 2706 3448 2755 ;
3481 2689 3737 2757 quoniam

2165 2792 2233 2831 ex
2259 2777 2346 2832 bis
2372 2778 2463 2848 qui
2488 2779 2837 2834 crediderunt
2865 2780 2917 2833 in
2946 2794 3093 2847 eum,
3125 2788 3410 2834 manentes
3446 2780 3501 2833 in
3534 2794 3739 2834 sermo-

2170 2895 2237 2935 ne
2273 2879 2412 2950 eius,
2448 2896 2577 2936 vere
2611 2881 2740 2937 facti
2775 2881 3025 2950 discipuli
3055 2882 3171 2947 ejus
3207 2890 3513 2950 agnoscunt
3535 2879 3743 2937 verita-

1816 2930 2064 3050 ἕῖτωῗῗν
2088 2962 2137 3028 C
2170 2994 2277 3040 tem
2319 2985 2410 3050 κς
2446 2985 2539 3039 sed
2593 3001 2700 3039 non
2754 2985 2909 3039 multi
2941 3000 3009 3039 ex
3052 2984 3137 3039 bis
3167 2984 3256 3049 qui
3298 2984 3647 3040 crediderunt
3682 2985 3738 3040 in

2164 3090 2311 3143 eum,
2343 3088 2564 3130 manent
2594 3077 2646 3130 in
2675 3090 2928 3131 sermone
2951 3074 3069 3144 ejus
3096 3092 3111 3139 ;
3147 3090 3211 3130 ac
3242 3092 3310 3132 ne
3339 3077 3493 3130 multi
3517 3077 3740 3147 quidem

2165 3185 2297 3227 vere
2329 3170 2635 3227 eﬂiciuntur
2681 3172 2824 3227 illius
2867 3172 3117 3241 discipuli
3154 3189 3169 3233 ;
3205 3172 3432 3240 proinde
3462 3189 3531 3227 ne
3581 3173 3739 3229 multi

2162 3264 2386 3334 quidem
2414 3276 2721 3335 agnoscunt
2745 3265 3056 3329 veritatem,
3090 3274 3146 3319 et
3174 3265 3404 3319 veritate
3437 3265 3592 3320 liberi
3628 3282 3737 3323 non

2164 3358 2509 3415 redduntur:
2539 3356 2830 3411 admodum
2880 3358 3025 3435 enim
3079 3357 3237 3426 pauci
3268 3356 3496 3426 capiunt
3530 3358 3739 3412 verita-

2167 3460 2298 3506 tem.
2332 3448 2437 3503 Sed
2469 3448 2691 3517 quinam
2724 3447 2958 3519 aguituri
2992 3456 3119 3502 sunt
3144 3463 3266 3501 eum
3293 3487 3307 3507 .
3342 3449 3447 3502 nisi
3492 3450 3741 3504 exaltan-

2167 3539 2426 3595 teseum?
2457 3548 2516 3592 ut
2544 3539 2706 3594 etiam
2740 3537 2858 3607 ipse
2875 3538 3053 3603 docet,
3074 3539 3258 3594 dicens
3273 3538 3319 3572 "
3343 3558 3357 3592 :
3380 3558 3399 3593 ι
3430 3539 3562 3594 Cum
3594 3544 3740 3597 exal-

2166 3632 2413 3687 taveritis
2450 3631 2647 3686 Filium
2685 3630 2943 3696 hominis,
2978 3639 3105 3684 tunc
3130 3631 3442 3700 agnoscetis
3469 3634 3612 3701 quod
3637 3649 3740 3703 ego

2161 3750 2328 3792 sum:
2368 3754 2387 3789 ι
2417 3735 2596 3791 nullus
2649 3743 2829 3788 autem
2868 3749 2991 3789 eum
3043 3734 3269 3799 exaltat,
3314 3733 3404 3801 qui
3443 3733 3580 3789 lacte
3635 3735 3739 3789 ali-

2166 3849 2254 3893 tur
2283 3852 2606 3908 praeparans
2640 3837 2881 3907 seipsum
2913 3837 2981 3891 ad
3028 3837 3426 3904 susceptionem
3458 3839 3565 3893 cibi
3605 3839 3737 3894 soli—

2164 3932 2215 3986 di
2258 3931 2304 3963 ⁹⁹
2327 3948 2342 3995 ;
2369 3929 2726 3999 quamobrem
2762 3929 2856 3984 tali
2890 3929 3023 3984 dicit
3051 3930 3069 3961 ί
3098 3943 3113 3983 :
3152 3947 3173 3981 ι
3203 3927 3449 3985 Judicavi
3488 3943 3573 3985 me
3604 3930 3742 3985 nihii

2162 4021 2306 4075 scire
2335 4021 2477 4075 inter
2506 4034 2625 4081 vos.
2663 4019 2766 4073 nisi
2799 4018 2985 4073 Jesum
3008 4018 3311 4084 Christum,
3351 4031 3405 4075 et
3439 4022 3584 4075 hunc
3610 4036 3739 4076 cru-

2163 4113 2382 4168 cifixum
2422 4130 2438 4178 ;
2475 4130 2497 4165 ι
2536 4127 2702 4183 penes
2742 4128 2906 4181 quem
2957 4112 3121 4167 etiam
3164 4112 3437 4167 sermonis
3488 4112 3741 4168 minister

2165 4206 2218 4261 in
2270 4204 2589 4261 inﬁrmitate
2620 4216 2887 4269 versatur,
2929 4214 2989 4259 ut
3015 4204 3192 4274 inquit
3215 4203 3416 4259 Paulus
3452 4203 3644 4259 talibus
3670 4204 3693 4236 ⁸
3719 4221 3739 4261 :

483 4314 647 4385 ὑμᾶς.
682 4335 700 4363 ι
738 4310 875 4382 Φησὶ
907 4309 1087 4362 τοίνυν
1118 4310 1146 4362 δ
1177 4307 1270 4361 τοῦ
1305 4306 1440 4361 Θεοῦ
1473 4307 1644 4376 Λόγος
1680 4306 1855 4378 ἀρχὴν
1880 4305 2062 4359 ποιού-

2170 4318 2190 4351 ‹
2223 4299 2291 4355 Ει
2318 4314 2418 4370 ego
2445 4298 2501 4354 in
2535 4300 2877 4366 inﬁrmitate,
2902 4310 2956 4355 et
3001 4301 3054 4354 in
3087 4301 3305 4363 timore,
3330 4309 3387 4353 et
3415 4300 3471 4354 in
3504 4309 3740 4357 tremore

484 4423 643 4477 μενος
665 4403 935 4475 δευτέρων
975 4400 1311 4471 μαθημάτων
1339 4398 1447 4453 τῶν
1478 4399 1535 4451 ἐν
1563 4398 1640 4470 τῷ
1672 4398 2057 4469 γαζοφυλακίῳ

481 4499 539 4551 ὲν
570 4494 647 4567 τῷ
676 4493 837 4565 ίερῷ”
899 4512 917 4543 ι
954 4491 1096 4560 Ἐγὼ
1131 4489 1361 4559 ὑπάγω,
1408 4490 1505 4543 καὶ
1537 4487 1801 4561 ζητήσετέ
1844 4506 1931 4560 με,
1964 4491 2057 4544 καὶ¹

481 4591 537 4645 ἐν
582 4593 648 4661 τῇ
690 4586 934 4660 ἁμαρτία
973 4584 1127 4655 ὑμῶν
1170 4582 1552 4640 ἀποθανεῖσθε.
1580 4600 1600 4634 ι
1635 4581 1791 4655 Ζητῶ
1834 4582 1923 4636 διὰ
1972 4582 2054 4649 τὸ,

485 4702 505 4735 ι
542 4682 728 4737 Ταῦτα
760 4678 925 4734 αὑτοῦ
952 4675 1262 4739 λαλοῦντος,
1292 4675 1476 4729 πολλοὶ
1502 4675 1827 4729 ἐπίστευσαν
1851 4678 1932 4739 είς
1954 4676 2057 4729 αὑ-

484 4774 570 4830 τὸν
592 4814 608 4838 ,
640 4791 659 4825 ι
702 4773 911 4843 μήποτε
940 4771 1001 4823 οὐ
1030 4769 1165 4840 πρὸς
1195 4768 1404 4831 πάντας
1434 4767 1558 4830 τοὺς
1599 4768 1871 4839 παρόντας
1907 4766 2057 4837 λέγει

481 4867 559 4929 τὸ,
593 4883 613 4917 ι
650 4861 793 4932 Ἐγὼ
819 4862 1034 4930 ὑπάγω,
1064 4861 1156 4915 καὶ
1185 4857 1447 4930 ζητήσετέ
1473 4874 1561 4928 με,
1586 4858 1679 4911 καὶ
1704 4859 1763 4910 ὲν
1788 4859 1854 4928 τῇ
1879 4858 2059 4928 ἀμαρ-

481 4956 570 5027 τίᾳ
629 4953 782 5025 ὑμῶν
831 4950 1213 5015 ἀποθανεῖσθε,
1252 4967 1271 5001 ι
1332 4947 1469 5001 ἀλλά
1518 4946 1654 5018 πρὸς
1694 4947 1917 5009 τούτους
1959 4945 2056 5009 οὓς

481 5047 595 5120 ᾔδει
626 5045 702 5117 μὴ
739 5042 1154 5105 πιστεύσαντας,
1185 5040 1280 5094 καὶ
1310 5037 1399 5092 διὰ
1436 5038 1594 5091 τοῦτο
1622 5039 1680 5090 ὲν
1710 5041 1776 5109 τῇ
1809 5038 2057 5109 ἁμαρτίᾳ

481 5137 658 5191 αὐτῶν
703 5130 1211 5205 ἀποθανουμένους,
1255 5131 1349 5183 καὶ
1396 5129 1470 5201 μὴ
1522 5127 1851 5199 δυναμένους
1883 5128 2060 5181 ὀπίσω

481 5226 642 5280 αὑτοῦ
674 5222 1065 5293 ἀκολουθῆσαι,
1099 5220 1172 5292 μὴ
1199 5218 1527 5290 δυναμένους
1558 5215 1614 5271 δὲ
1638 5217 1725 5271 διὰ
1744 5216 1804 5269 τὸ
1833 5216 1909 5287 μὴ
1938 5216 2059 5285 βού-

510 5374 513 5375 .
575 5316 806 5373 ".Joan.
838 5330 995 5377 mn,
1026 5314 1081 5369 ’5.
1152 5314 1198 5345 "
1226 5311 1384 5366 anm.
1412 5324 1507 5363 vm
1530 5347 1544 5371 ,
1580 5308 1671 5362 ΞΟ.
1747 5307 1793 5338 ’³
1831 5310 1960 5377 ilml.
1986 5307 2079 5359 21.

484 5384 526 5417 ³⁷
563 5387 694 5441 ibid.
727 5387 820 5448 5i,
852 5384 942 5438 51.

2165 4394 2338 4449 multo
2377 4403 2630 4449 versatus
2658 4408 2776 4449 sum
2804 4395 2945 4463 apud
2977 4407 3092 4448 vos.
3143 4412 3162 4445 ι
3209 4389 3388 4461 Inquit
3438 4392 3604 4463 igitur
3649 4394 3738 4450 ille

2167 4486 2260 4542 Dei
2316 4486 2511 4540 Sermo
2535 4529 2552 4551 ,
2589 4485 2679 4540 ille
2711 4485 2804 4539 Dei
2857 4484 3026 4540 Filius
3051 4525 3067 4552 ,
3114 4498 3334 4538 rursum
3372 4484 3567 4539 docere
3604 4485 3742 4538 inci-

2160 4576 2321 4647 piens
2352 4576 2405 4630 in
2436 4576 2825 4646 gazophylacio
2865 4575 2919 4629 in
2959 4574 3205 4643 templo:
3247 4591 3268 4624 ι
3310 4574 3422 4644 Ego
3465 4576 3626 4637 vado,
3683 4585 3738 4629 et

2163 4670 2419 4737 quaeretis
2467 4684 2573 4736 me,
2607 4667 2745 4722 etin
2791 4679 3016 4735 peccato
3066 4676 3251 4721 vestro
3281 4669 3589 4721 moriemini
3630 4667 3670 4720 ⁸.
3713 4685 3734 4717 ι

2165 4760 2360 4829 Quer
2394 4772 2617 4830 propter
2675 4762 2778 4815 hoc
2829 4760 3054 4822 dictum,
3087 4777 3106 4810 ι
3147 4758 3273 4813 Haec
3320 4773 3386 4812 eo
3434 4758 3729 4826 loquente.

2165 4853 2316 4906 multi
2351 4853 2702 4906 crediderunt
2750 4850 2802 4905 in
2851 4867 3014 4916 eum,
3068 4868 3087 4901 ι
3138 4849 3380 4916 nunquid
3428 4850 3496 4902 ad
3546 4863 3738 4902 omnes

2163 4952 2455 5013 praesentes
2500 4943 2698 4998 dixerit
2729 4961 2744 4997 :
2778 4961 2796 4993 ι
2832 4942 2943 5012 Ego
2972 4942 3137 5007 vado,
3164 4950 3214 4995 et
3257 4939 3514 5009 quaeretis
3537 4954 3646 5003 me,
3678 4947 3737 4994 et

2164 5036 2217 5089 in
2266 5048 2492 5106 peccato
2516 5045 2704 5090 vestro
2740 5034 3084 5096 moriemini;
3115 5052 3136 5084 ι
3180 5048 3246 5086 an
3296 5032 3479 5101 potius
3514 5032 3579 5085 ad
3636 5045 3735 5086 eos

2162 5140 2319 5195 quos,
2368 5125 2496 5195 quia
2532 5139 2636 5180 non
2683 5124 3085 5189 credidissent,
3119 5129 3346 5177 noverat
3399 5122 3452 5175 in
3508 5129 3737 5191 peccato

2166 5231 2265 5271 suo
2297 5217 2630 5279 morituros,
2685 5231 2791 5269 non
2823 5217 3071 5272 valentes
3120 5228 3259 5282 pone
3305 5213 3480 5282 ipsum
3530 5213 3731 5282 sequi;

2174 5306 2221 5339 “
2256 5307 2385 5361 ibid.
2412 5306 2503 5371 58,
2549 5305 2639 5359 59.
2714 5306 2762 5337 ⁸⁵
2793 5303 2950 5359 Joan.
2978 5319 3057 5370 ιιι,
3086 5303 3140 5356 1.
3231 5303 3278 5337 ⁸⁸
3304 5300 3462 5356 Joan.
3494 5315 3618 5368 vut,
3640 5300 3735 5357 ὅθ.

1040 5385 1087 5416 ⁸⁸
1124 5384 1255 5436 ibid.
1283 5382 1373 5435 28.
1448 5381 1496 5418 ”
1524 5378 1691 5433 Hebr.
1719 5391 1772 5435 v.
1811 5376 1899 5433 12.
1925 5376 2014 5430 ﬂ.

2184 5375 2313 5431 Cor.
2348 5391 2409 5438 ιι,
2444 5376 2499 5431 2.
2576 5377 2597 5406 ²
2631 5375 2763 5429 ibid.
2789 5376 2844 5430 5.
2923 5373 3121 5428 ‘Joan.
3156 5387 3272 5434 vtu,
3318 5373 3412 5429 21.

552 5482 665 5552 (36)
692 5482 879 5537 Codex
919 5477 1266 5543 Bodleianus,
1300 5477 1466 5548 ἕτερα
1495 5474 1740 5541 πλείονα,
1779 5474 1833 5527 in
1881 5472 2049 5543 Regio

2163 5474 2218 5552 οὑ
2245 5471 2513 5552 γίνονται;
2545 5471 2763 5552 Regius,
2794 5468 2889 5523 καὶ
2925 5469 2975 5522 εἰ
3019 5467 3096 5539 μὴ
3147 5465 3377 5536 ἀλήθεια
3434 5464 3732 5537 ἐλευθεροῖ,

482 5552 842 5623 mathem-
898 5618 933 5623 _
1331 5617 1344 5623 _
1438 5614 1452 5623 .
1561 5612 1573 5623 .
1826 5612 1867 5623 -
1945 5612 1956 5622 .

508 5622 661 5700 ’(57)
694 5612 872 5700 Οᾴόεχ
898 5618 1259 5681 Bodleianus,
1298 5614 1465 5669 οἱονεὶ
1505 5612 1770 5684 πένητες
1826 5612 2052 5683 Regius,

471 5690 589 5743 οἱον
610 5694 657 5743 οἱ
687 5690 935 5759 πένητες.

552 5762 665 5823 (58)
696 5750 876 5815 node:
896 5750 1260 5824 Bodleianus,
1293 5754 1388 5809 καὶ
1420 5754 1488 5825 τῇ
1517 5750 1746 5822 ἀληθείᾳ
1776 5750 2055 5822 ἐλεύθεροι

2158 5542 2431 5618 “statim
2461 5541 2522 5618 φῦ
2554 5541 2811 5618 γίχονῑαιο
2978 5605 3020 5618 ..
3047 5605 3098 5618 ..
3319 5605 3360 5618 ..
3437 5605 3450 5618 .

2230 5605 2578 5679 (59i'tlodex'
2609 5611 2933 5667 Bodleianus
2966 5605 3222 5677 ἀλήθε.αν
3245 5621 3259 5636 ·
3319 5605 3521 5676 Regius
3580 5621 3733 5671 vero,

2160 5682 2495 5754 ἐλευθερίαν.
