4196 6422
485 303 584 357 547

1895 301 2219 360 ORIGENIS

3633 309 3736 364 ΜΒ

487 435 592 472 non
624 416 869 476 valentes
919 430 1098 474 autem
1147 435 1213 475 eo
1243 423 1389 491 quod
1423 421 1665 490 nollent;
1716 438 1840 477 nam
1877 425 1922 479 si
1969 442 2059 478 vo-

2165 425 2351 479 λεσθαι
2371 443 2383 457 ·
2423 427 2470 479 εί
2499 425 2609 497 γὰρ
2643 426 2956 497 βουλόμενοι
2986 425 3084 480 οὑκ
3119 425 3391 493 ἐδύναντο,
3418 425 3518 480 οὑκ
3547 424 3612 479 ἂν
3645 428 3736 478 εὑ-

484 511 656 564 leutes
688 525 794 565 non
832 523 1104 581 poterant,
1132 514 1555 582 haudquaquam
1605 514 1711 568 illis
1762 518 2059 571 rationabi-

482 608 605 661 liter
637 608 963 663 diceretur:
1011 627 1029 660 ι
1079 609 1134 662 ln
1170 619 1396 678 peccato
1429 618 1612 665 vestro
1663 611 1992 666 moriemini.
2035 630 2054 664 ι

482 703 554 752 At
582 715 712 754 vero
753 701 954 772 aliquis
1000 712 1188 754 contra
1222 701 1324 755 hoc
1379 701 1624 757 dicturus
1669 713 1799 756 est:
1834 703 1890 756 Si
1945 703 2058 759 hac

485 792 700 846 dicebat
740 807 844 846 non
875 793 1318 861 permanentibus
1348 793 1400 846 in
1438 794 1565 861 ﬁde,
1613 797 1889 864 quomodo
1937 795 2059 848 tali-

482 883 592 936 bus
623 882 756 936 dicit
791 901 803 935 :
835 903 852 934 ι
891 884 1156 948 Ουτετειίε
1192 885 1323 940 me?
1369 903 1388 936 ι
1431 884 1564 938 Nam
1597 901 1843 952 quaerere
1873 885 2058 941 Jesum

483 990 853 1042 saepenumero
903 986 988 1030 est
1016 977 1237 1043 bonum,
1271 978 1415 1047 quod
1449 979 1590 1033 idem
1628 979 1743 1034 fere
1777 981 1868 1043 sit,
1913 981 2056 1048 quod

482 1080 727 1132 qumrere
776 1067 1097 1121 Sermonem
1125 1108 1140 1132 ,
1173 1077 1228 1124 et
1256 1071 1569 1135 veritatem,
1605 1080 1660 1124 et
1708 1071 2056 1140 sapientiam.

485 1160 591 1214 Sed
643 1163 998 1231 respondebis
1049 1165 1152 1219 hoc
1197 1166 1446 1229 verbum,
1498 1180 1767 1235 querere,
1798 1166 1904 1220 dici
1959 1165 2061 1218 ali-

483 1253 703 1320 quando
733 1253 798 1307 de
830 1257 914 1308 his
940 1255 1032 1323 qui
1067 1256 1293 1310 insidias
1315 1266 1564 1321 struunt,
1599 1257 2056 1324 quemadmodum

486 1346 538 1396 in
571 1343 662 1398 illo
688 1345 876 1401 dicto:
913 1364 931 1396 ι
969 1346 1298 1412 Quaerebam
1326 1363 1449 1402 eum
1485 1348 1848 1416 prehendere,
1879 1356 1934 1401 et
1962 1363 2058 1401 ne-

487 1451 576 1489 mo
612 1437 664 1489 in
698 1451 822 1490 eum
865 1437 1050 1506 injecit
1095 1455 1287 1493 manus
1315 1480 1332 1507 ,
1367 1440 1509 1508 quod
1541 1440 1779 1493 nondum
1821 1439 2058 1493 venisset

493 1527 623 1579 hora
657 1526 774 1594 ejus
805 1527 860 1594 ⁸;
904 1547 923 1580 ι
965 1539 1019 1582 et
1058 1531 1108 1582 in
1143 1532 1242 1584 hoc
1275 1548 1289 1584 :
1319 1551 1337 1582 ε
1376 1531 1510 1585 Novi
1539 1546 1636 1584 vos
1668 1531 1942 1584 Abraham
1971 1544 2058 1584 se-

486 1631 606 1671 men
643 1633 782 1685 esse,
817 1623 912 1676 sed
948 1623 1195 1689 qureritis
1234 1639 1316 1677 me
1341 1623 1667 1688 interticere,
1701 1622 2058 1692 quod'sermo

485 1723 635 1763 meus
683 1726 789 1765 non
841 1713 987 1782 capit
1039 1713 1092 1767 in
1152 1714 1394 1780 vobis“;
1449 1733 1466 1766 ι
1506 1723 1560 1768 et
1614 1716 1666 1768 in
1713 1711 2057 1784 hoc:29&

488 1816 505 1847 ι
543 1799 694 1852 Nunc
726 1808 906 1855 autem
943 1803 1187 1871 quaeritis
1243 1818 1328 1858 me
1377 1803 1707 1869 interﬁcere,
1754 1805 2048 1868 hominem,

483 1888 572 1955 qui
620 1888 832 1944 locutus
877 1906 1000 1946 sum
1051 1896 1342 1948 veritatem
1387 1893 1560 1960 vobis,
1600 1911 1763 1965 quam
1797 1896 1983 1949 audivi
2023 1911 2053 1950 a

485 1975 642 2032 Patre
673 1980 716 2034 ⁸.
771 1999 791 2033 ι
828 1981 1001 2048 Quam
1041 1985 1208 2038 etiam
1264 1985 1332 2037 ob
1388 1999 1611 2040 causam
1669 1987 1870 2040 dicitur
1921 1986 2052 2042 illud

481 2085 604 2123 eum
645 2087 751 2128 non
785 2074 924 2129 bene
956 2077 1349 2143 quarrentibus,
1421 2094 1440 2128 ι
1479 2077 1544 2131 Et
1583 2079 1836 2147 quaeretis
1871 2094 1980 2142 me,
2029 2097 2048 2131 ι

481 2173 625 2242 quod
655 2171 994 2228 contrarium
1048 2185 1154 2224 non
1185 2180 1270 2224 est
1318 2171 1367 2224 ei
1401 2170 1591 2224 dicto:
1641 2190 1660 2222 ι
1707 2172 1902 2227 Omnis
1957 2172 2050 2242 qui

481 2267 695 2334 qumrit,
746 2263 957 2317 invenit
995 2263 1038 2316 ⁷.
1099 2281 1118 2314 ι
1151 2263 1231 2317 Ac
1281 2273 1429 2318 certe
1468 2263 1790 2320 diﬂ'erentia:
1839 2280 2055 2335 semper

481 2367 608 2412 sunt
637 2355 998 2427 qua~rentium
1043 2353 1226 2409 Jesum
1255 2397 1268 2422 ,
1305 2372 1425 2410 cum
1465 2372 1657 2412 omnes
1683 2373 1789 2411 non
1818 2359 2050 2426 sincere,

480 2457 535 2502 et
567 2462 663 2517 pro
694 2463 790 2501 sua
837 2447 1073 2515 ipsorum
1131 2445 1328 2510 salute,
1378 2454 1432 2500 et
1462 2457 1518 2500 ut
1567 2447 1636 2499 ab
1679 2460 1745 2500 eo
1772 2445 2052 2516 juventur',

480 2547 726 2608 quaarant
760 2552 906 2593 eum.
941 2537 1082 2590 Sunt
1137 2537 1283 2590 enim
1334 2538 1497 2605 aliqui
1548 2539 1851 2594 innumeris
1894 2556 2053 2611 argu-

481 2629 703 2693 mentis,
761 2643 880 2695 qure
932 2627 1002 2682 ab
1051 2629 1281 2682 honesto
1335 2628 1693 2695 deﬂexerunt,
1753 2643 2052 2699 querentes

478 2715 662 2771 Jesum
697 2733 712 2770 :
744 2719 1102 2784 quamobrem
1150 2717 1248 2770 soli
1292 2727 1436 2772 recte
1468 2729 1779 2786 quaerentes
1806 2737 1928 2775 eum
1959 2739 2052 2792 pa-

479 2822 595 2861 cem
641 2807 1005 2873 invenerunt;
1040 2808 1130 2875 qui
1163 2809 1326 2863 etiam
1353 2811 1573 2880 proprie
1604 2812 1856 2868 dicentur
1878 2815 2049 2884 ipsum

477 2913 723 2970 quaerere
750 2900 802 2953 in
831 2901 1098 2968 principio
1142 2901 1496 2955 exsistentem
1545 2901 1890 2970 Sermonem,
1923 2908 2052 2961 Ser-

480 3006 694 3045 monem
740 2992 882 3061 apud
917 2991 1105 3054 Deum,
1150 3000 1210 3044 ut
1246 2992 1387 3058 ipsos
1419 2993 1654 3048 adducat
1695 2997 1762 3050 ad
1809 2995 2046 3052 Patrem.

477 3085 753 3138 Assistens
799 3094 976 3138 autem
1007 3083 1096 3137 ille
1145 3083 1336 3151 Λόγος,
1369 3083 1446 3154 [id
1477 3094 1584 3152 est,
1617 3086 1754 3140 ratio
1785 3097 1838 3142 et
1882 3088 2052 3145 Filius
2078 3108 2120 3166 ο

483 3174 628 3245 Dei.]
683 3183 737 3228 et
771 3175 1023 3228 notiones
1068 3189 1384 3244 suggerens,
1435 3175 1534 3229 nisi
1567 3177 1834 3232 admissus
1864 3178 2050 3248 fuerit,

478 3268 720 3320 minatur
772 3281 831 3320 se
869 3266 1188 3329 abiturmn,
1243 3276 1297 3320 et
1347 3267 1524 3325 dicit:
1561 3287 1579 3318 ι
1619 3267 1732 3338 Ego
1784 3271 1964 3337 vado;
2026 3291 2046 3326 ι

477 3373 599 3410 eum
637 3356 794 3411 nobis
835 3365 1046 3426 postea,
1080 3357 1124 3411 si
1173 3360 1466 3411 abeuntem
1508 3359 1906 3428 quaesierimus,
1945 3377 2051 3418 non

478 3449 798 3514 inventuris,
837 3449 931 3504 sed
961 3450 1014 3503 in
1065 3460 1294 3518 peccato
1349 3459 1535 3506 nostro
1566 3453 1867 3508 morituris.
1895 3454 2052 3510 Novit

477 3548 654 3592 autem
688 3552 717 3590 a
745 3552 852 3606 quo
888 3538 1138 3605 discedit,
1193 3549 1249 3593 et
1278 3539 1418 3606 apud
1471 3556 1631 3609 quem
1663 3553 1867 3612 manet,
1916 3560 2048 3600 non-

477 3627 600 3680 dum
633 3627 910 3691 inventus,
941 3639 1002 3681 ut
1030 3628 1082 3681 in
1124 3638 1368 3696 tempore
1401 3631 2048 3697 quasitusinveniatur:

473 3720 671 3788 quibus
688 3718 931 3788 profecto
948 3721 1050 3775 isto
1070 3722 1228 3775 modo
1247 3721 1572 3778 habentibus
1592 3740 1713 3778 eum
1722 3769 1738 3796 ,
1758 3741 1856 3781 nec
1873 3729 2050 3785 adhuc

478 3811 626 3864 illum
675 3813 981 3866 videntibus
1035 3813 1232 3866 dicitur
1281 3813 1463 3869 illud:
1520 3835 1539 3868 ι
1602 3815 1680 3870 Ne
1731 3817 1936 3875 dixeris
1991 3821 2046 3875 in

475 3905 639 3957 corde
671 3916 762 3956 tuo
795 3921 809 3958 ε
850 3903 985 3970 Quis
1012 3907 1274 3959 ascendet
1300 3907 1353 3960 in
1383 3907 1621 3963 caelum?
1651 3909 1754 3964 hoc
1784 3921 1867 3966 est
1893 3911 2048 3968 Chri-

477 4005 618 4048 stum
657 3997 925 4050 dedncere
955 4011 970 4060 ;
1000 3995 1081 4049 vel
1108 4013 1122 4049 :
1161 3995 1293 4062 Quis
1327 3997 1620 4054 descendet
1663 4001 1718 4055 in
1749 4002 2049 4073 abyssum?

477 4087 580 4139 hoc
629 4096 714 4140 est
764 4088 1043 4142 Christum
1089 4103 1153 4142 ex
1188 4090 1418 4144 mortuis
1447 4092 1732 4148 reducere.
1784 4093 1889 4148 Sed
1919 4097 2048 4164 quid

475 4179 609 4231 dicit
636 4178 918 4246 Scriptura
949 4178 972 4231 ?
1013 4178 1320 4233 Admodum
1346 4195 1511 4250 prope
1538 4190 1588 4237 te
1625 4192 1710 4237 est
1735 4184 1959 4238 verbum
1993 4186 2045 4239 in

475 4285 570 4323 ore
606 4279 720 4334 tuo,
755 4279 810 4322 et
848 4271 900 4323 in
941 4273 1104 4325 corde
1142 4281 1236 4325 tuo
1262 4271 1302 4324 ⁸.
1341 4290 1361 4323 ι
1389 4271 1622 4328 Proinde
1654 4273 1738 4329 his
1777 4274 1940 4328 etiam
1963 4275 2049 4331 be-

477 4359 642 4428 nigne
671 4359 932 4414 Servator
959 4361 1198 4415 ostendit
1223 4377 1344 4428 quae
1377 4361 1443 4414 ad
1485 4375 1710 4430 regnum
1744 4363 1837 4418 Dei
1881 4365 2050 4433 perti-

2162 518 2335 586 λόγως
2388 520 2572 582 αὐτοῖς
2617 519 2832 588 ἐλέγετο
2862 519 2956 571 τό·
2999 538 3017 571 ι
3067 521 3153 572 Ἐν
3189 522 3254 590 τῇ
3289 517 3535 589 ἁμαρτίᾳ
3585 516 3738 588 ὑμῶν

2161 612 2543 667 ἀποθανεῖσθε,
2579 632 2597 665 ›
2647 613 2791 683 Ἐρεῖ
2823 613 2880 665 δέ
2911 631 2994 677 τις
3023 613 3160 682 πρὸς
3190 612 3367 664 τοῦτο·
3397 611 3574 681 Εῐπερ
3621 613 3735 674 τοῖς

2161 706 2459 776 ἐμμένουσι
2494 706 2571 776 τῷ
2605 706 2678 776 μὴ
2711 706 2988 759 πιστεύειν
3025 705 3198 758 ταῦτα
3230 704 3417 772 ἔλεγε,
3452 703 3572 766 πῶς
3625 704 3738 765 τοῖς

2159 793 2423 857 τοιούτοις
2459 794 2593 864 φησὶ
2630 794 2721 847 τό·
2760 813 2778 847 ι
2809 794 3085 865 Ζητήσετέ
3117 809 3220 864 με;
3249 813 3269 845 ›
3303 786 3580 862 Πολλαχοῦ
3629 791 3737 862 γὰρ

2158 885 2364 954 ἀγαθὸν
2397 885 2458 938 τὸ
2488 885 2672 956 ζητεῖν
2703 886 2794 939 τὸν
2841 886 3072 957 Ἰησοῦν,
3109 885 3304 938 ταυτόν
3332 901 3448 947 πως
3473 883 3738 954 τυγχάνον

2159 978 2238 1048 τῷ
2265 977 2449 1050 ζητεῖν
2494 979 2685 1047 Λόγον,
2729 979 2824 1032 καὶ
2863 978 3162 1049 ἀλήθειαν,
3207 977 3300 1031 καὶ
3343 977 3553 1046 σοφίαν.
3598 975 3738 1028 ’Λλλ’

2160 1073 2326 1141 ἐρεῖς,
2361 1071 2446 1123 ὅτι
2478 1070 2573 1123 καὶ
2599 1088 2665 1123 πε
2676 1071 2726 1140 pi.
2756 1069 3212 1122 ἐπιϐουλευόντων
3243 1069 3374 1122 ποτὲ
3411 1069 3624 1136 λέγεται
3677 1067 3739 1120 τὸ

2165 1160 2347 1232 ζητεῖν
2366 1202 2380 1226 ,
2401 1161 2591 1231 ὥσπερ
2616 1163 2674 1213 ὲν
2704 1160 2782 1230 τῷ
2800 1178 2815 1193 ·
2853 1180 2871 1211 ι
2916 1160 3174 1230 Ἐζήτουν
3199 1161 3362 1214 αὑτὸν
3397 1160 3610 1222 πιάσαι,
3645 1160 3739 1212 καὶ

2158 1251 2333 1315 οὐδεὶς
2365 1251 2661 1304 ἐπέϐαλλεν
2695 1249 2782 1303 ἐπ’
2810 1250 2972 1304 αὑτὸν
2998 1251 3096 1321 τὴν
3125 1254 3303 1322 χεῖρα,
3330 1251 3412 1303 ὅτι
3441 1245 3592 1303 οὔπω
3615 1247 3739 1318 ὲλη-

2158 1345 2306 1397 λύθει
2334 1346 2366 1415 ή
2395 1343 2513 1415 ὥρα
2545 1343 2708 1398 αὑτοῦ
2729 1359 2745 1374 ·
2773 1362 2796 1396 ›
2835 1344 2927 1395 καὶ
2958 1345 3015 1396 ὲν
3039 1342 3137 1412 τῷ·
3175 1362 3193 1393 ι
3218 1339 3369 1407 Οἶδα,
3405 1343 3487 1396 ὅτι
3515 1341 3740 1412 σπέρμα

2171 1435 2422 1505 Ἀϐραάμ
2475 1435 2618 1498 ἐστε,
2682 1432 2818 1486 ἀλλά
2857 1432 3068 1504 ζητεῖτέ
3101 1450 3167 1501 με
3198 1434 3545 1494 ἀποκτεῖναι,
3581 1431 3663 1484 ὅτι
3709 1431 3737 1482 6

2156 1523 2315 1592 λόγος
2342 1525 2370 1576 6
2398 1523 2528 1594 ἐμὸς
2569 1522 2629 1576 οὑ
2659 1525 2826 1594 χωρεῖ
2851 1524 2907 1575 ὲν
2943 1523 3070 1592 ὑμῖν
3092 1538 3104 1550 ’
3131 1541 3150 1574 ι
3188 1523 3282 1575 καὶ
3327 1523 3384 1575 ὲν
3418 1521 3529 1592 τῷ·
3568 1540 3587 1572 ι
3623 1520 3737 1574 Νῦν

2157 1615 2445 1687 δὲζητεῖτέ
2479 1632 2547 1685 με
2568 1616 2904 1680 ἀποκτεῖναι,
2936 1613 3240 1684 ἄνθρωπον,
3272 1613 3331 1678 ὃς
3351 1614 3451 1685 τὴν
3480 1613 3737 1686 ἀλήθειαν

2159 1707 2288 1775 ὑμῖν
2321 1705 2624 1776 λελάληκα,
2673 1693 2739 1776 ἣν
2780 1707 2987 1777 ήκουσα
3019 1705 3169 1776 παρά
3211 1706 3303 1758 τοῦ
3334 1705 3566 1776 Πατρός.
3593 1725 3612 1756 ι
3646 1705 3737 1758 Διὸ

2158 1800 2252 1852 καὶ
2289 1799 2507 1867 λέγεται
2532 1800 2644 1862 τοῖς
2674 1798 2748 1869 μὴ
2789 1798 2968 1862 καλῶς
3005 1797 3226 1870 ζητοῦσι
3255 1797 3348 1860 τὸ,
3381 1815 3398 1848 t
3429 1799 3540 1850 Καὶ
3573 1795 3736 1867 ζητή-

2158 1891 2280 1944 σετέ
2337 1909 2444 1962 με,
2482 1910 2502 1944 ο
2553 1891 2653 1944 οὑκ
2698 1889 2939 1944 ὲναντίον
2977 1889 3082 1960 τῷ·
3137 1908 3156 1940 ι
3192 1890 3306 1952 Πᾶς
3343 1891 3372 1942 6
3423 1887 3600 1960 ζητῶν
3647 1889 3738 1941 εὑ-

2158 1984 2359 2054 ρίσκει.
2395 2002 2414 2033 ι
2454 1982 2564 2035 Καὶ
2599 1983 2685 2036 ἀεὶ
2723 1982 2778 2035 δὲ
2818 1981 3072 2053 διαφοραί
3125 1983 3230 2034 είσι
3286 1981 3396 2034 τῶν
3432 1980 3736 2052 ζητούντων

2156 2073 2246 2126 τὸν
2292 2072 2523 2144 Ἰησοῦν,
2557 2073 2618 2124 οὑ
2649 2072 2864 2125 πάντων
2895 2071 3156 2142 γνησίως,
3180 2071 3274 2124 καὶ
3301 2071 3440 2142 ὑπὲρ
3470 2071 3570 2140 τῆς
3603 2071 3730 2124 ἑαυ-

2154 2165 2263 2218 τῶν
2287 2163 2685 2236 σωτηρίας,κα“ι
2704 2163 2797 2217 τοῦ
2824 2163 3169 2233 ὠφεληθῆναι
3202 2163 3296 2216 ἀπ’
3318 2161 3481 2216 αὑτοῦ
3508 2160 3732 2233 ζητούν-

2153 2274 2262 2310 των
2321 2257 2502 2310 αὑτόν.
2555 2257 2678 2308 Είσλ⁵
2706 2256 2812 2326 γὰρ
2843 2255 2937 2308 καὶ
2988 2254 3128 2308 κατὰ
3168 2255 3364 2324 μυρίας
3404 2255 3734 2306 ἀποπεπτω-

2155 2349 2316 2412 κυίας
2357 2348 2450 2401 τοῦ
2488 2347 2652 2401 καλοῦ
2690 2347 2975 2418 προθέσεις
3010 2346 3300 2418 ζητοῦντες
3348 2347 3440 2408 τὴν
3483 2345 3690 2416 Ἰησοῦν
3715 2362 3728 2375 ·

2152 2441 2344 2512 διόπερ
2377 2439 2527 2510 μόνοι
2563 2441 2612 2492 οἱ
2647 2437 2823 2508 ὀρθῶς
2864 2437 3152 2508 ζητοῦντες
3186 2437 3347 2491 αὑτὸν
3384 2438 3604 2508 εἰρήνην
3642 2430 3731 2489 εὑ-

2157 2549 2269 2604 ρον·
2286 2532 2334 2584 οῖ
2353 2532 2447 2584 καὶ
2467 2529 2672 2600 κυρίως
2700 2531 2924 2598 λέγοιντ’
2944 2530 3009 2583 ἂν
3027 2529 3189 2583 αὑτὸν
3207 2529 3387 2599 ζητεῖν
3407 2529 3495 2582 τὸν
3509 2531 3566 2582 ὲν
3587 2530 3730 2600 ἀρχῇ

2152 2625 2344 2692 Λόγον,
2377 2623 2511 2693 πρὸς
2539 2623 2629 2676 τὸν
2657 2621 2789 2675 Θεὸν
2836 2621 3028 2689 Λόγον,
3065 2622 3159 2674 καὶ
3205 2622 3290 2675 ἵνα
3323 2621 3520 2683 αὐτοὺς
3561 2637 3730 2692 προσ-

2155 2716 2276 2785 άγοι
2316 2715 2394 2786 τῷ
2427 2715 2619 2786 Πατρί.
2667 2715 2866 2786 Παρὼν
2918 2715 2999 2778 δὲ,
3048 2716 3140 2768 καὶ
3181 2712 3662 2784 ὲμίφανταζόμενος
3703 2714 3732 2764 ό

2153 2809 2345 2877 Λόγος,
2381 2808 2520 2861 ἐπὰν
2558 2807 2632 2878 μὴ
2664 2806 3002 2878 παραδεχθῇ,
3031 2805 3249 2859 ἀπειλεῖ
3275 2805 3334 2858 τὸ
3360 2805 3611 2873 ὑπάγειν,
3638 2804 3732 2857 καὶ

2153 2901 2330 2968 λέγει·
2372 2919 2390 2951 ι
2430 2899 2570 2968 Ἐγὼ
2604 2901 2820 2968 ὑπάγω·
2847 2918 2866 2951 ι
2903 2899 2999 2953 καὶ
3028 2898 3122 2952 ὲάν
3150 2939 3164 2963 ,
3197 2898 3520 2962 ἀπελθόντος
3547 2915 3609 2966 γε
3637 2899 3732 2951 αύ-

2152 2990 2267 3054 τοῦ,
2299 2990 2549 3061 ζητῶμεν
2578 2990 2774 3052 αὑτὸν,
2807 2990 2905 3060 οὑχ
2949 2991 3256 3061 εὑρήσομεν
3299 2988 3480 3053 αὑτὸν,
3523 2988 3638 3042 ἀλλ’
3672 2988 3730 3042 ὲν

2153 3085 2219 3153 τῇ
2245 3082 2489 3154 ἁμαρτίᾳ
2526 3082 2680 3152 ἡμῶν
2730 3081 3168 3153 ἀποθανούμεθα.
3201 3076 3323 3134 Οἷδε
3355 3081 3409 3134 δὲ
3451 3080 3559 3134 ἀπὸ
3588 3080 3729 3143 τίνος

2153 3175 2375 3244 ὑπάγει,
2403 3176 2495 3228 καὶ
2527 3176 2635 3228 τίνι
2670 3175 2998 3245 παραμένει,
3038 3175 3264 3246 μηδέπω
3300 3174 3686 3246 εὑρισκόμενος
3712 3214 3726 3236 ,

2153 3269 2218 3320 ἶν’
2243 3270 2300 3320 ὲν
2335 3267 2512 3338 καιρῷ
2545 3267 2740 3338 εὑρεθῇ
2784 3267 2894 3337 (40)
2925 3266 3200 3337 ζητηθείς·
3228 3267 3322 3319 καὶ
3361 3269 3473 3328 τοῖς
3525 3282 3591 3335 γε
3642 3265 3730 3317 οῦ-

2151 3375 2258 3422 τως
2290 3358 2501 3428 ἔχουσιν
2532 3358 2694 3412 αὑτὸν
2717 3399 2732 3424 ,
2775 3359 2870 3412 καὶ⁸
2907 3358 2982 3429 μὴ
3013 3357 3414 3428 τεθεωρηκόσιν
3441 3356 3602 3410 αὑτὸν
3643 3355 3727 3408 λέ-

2150 3466 2326 3518 γεται·
2359 3469 2377 3501 ι
2419 3449 2510 3520 Μὴ
2541 3449 2702 3522 εἴπῃς
2747 3452 2804 3502 ὲν
2844 3450 2910 3520 τῇ
2943 3448 3140 3520 καρδίᾳ
3180 3465 3302 3500 σου·
3335 3447 3430 3511 Τίς
3463 3446 3728 3516 ἀναϐήσε-

2149 3559 2242 3595 ται
2276 3543 2355 3604 είς
2379 3542 2470 3594 τὸν
2501 3541 2762 3612 οὑρανόν;
2799 3540 3045 3594 τουτέστι
3087 3539 3320 3610 Χριστὸν
3356 3541 3686 3606 καταγαγεῖν
3709 3553 3727 3572 ·

2150 3633 2206 3704 ἢ,
2239 3632 2334 3696 Τίς
2367 3632 2738 3704 καταϐήσεται
2773 3632 2853 3694 είς
2882 3631 2980 3702 τὴν
3011 3630 3244 3686 ἄϐυσσον
3274 3646 3288 3693 ;
3318 3629 3562 3681 τουτέστι
3590 3629 3728 3697 Χρι-

2151 3724 2275 3778 στὸν
2314 3725 2378 3776 ὲκ
2407 3722 2617 3794 νεκρῶν
2646 3722 2974 3790 ἀναγαγεῖν·
3012 3719 3147 3773 ἀλλὰ
3180 3720 3232 3772 τί
3262 3718 3411 3786 λέγει
3434 3721 3467 3788 ἡ
3502 3717 3726 3789 Γραφής

2162 3813 2360 3882 Ἐγγύς
2397 3830 2491 3867 σου
2517 3812 2580 3865 τὸ
2607 3813 2758 3883 ῥῆμα
2794 3811 2998 3881 σφόδρα
3030 3812 3090 3864 ὲν
3118 3809 3195 3880 τῷ
3229 3808 3457 3878 στόματί
3487 3825 3603 3871 σου,
3634 3810 3726 3860 καὶ

2149 3907 2207 3958 ὲν
2239 3907 2306 3975 τῇ
2337 3904 2536 3976 καρδίᾳ
2569 3921 2686 3956 σου.
2728 3922 2747 3954 ›
2779 3903 3001 3965 Τούτοις
3039 3901 3099 3954 δὲ
3129 3899 3523 3972 φιλανθρώπως
3553 3903 3582 3953 6
3614 3901 3728 3952 Σω-

2148 3995 2248 4068 τὴρ
2281 3996 2624 4050 ὑποδείκνυσι
2657 3995 2754 4048 καὶ
2779 3995 2850 4048 ea
2869 3994 2997 4064 περὶ
3022 3994 3121 4065 τῆς
3152 3992 3246 4046 τοῦ
3276 3991 3410 4045 Θεοῦ
3430 3991 3724 4060 βασιλείας,

2148 4091 2238 4144 ῖνα
2277 4091 2353 4162 μὴ
2404 4089 2644 4160 ζητῶσιν
2675 4088 2841 4160 αὑτὴν
2875 4087 2981 4153 ἔξω
3014 4087 3254 4152 ἑαυτῶν,
3296 4087 3428 4158 μηδὲ
3457 4085 3684 4153 λέγωσιν
3705 4098 3721 4113 ·

2153 4202 2173 4236 ι
2214 4183 2346 4236 Ἰδοὺ
2370 4175 2494 4246 ὧδε,
2516 4182 2549 4252 ἢ
2571 4182 2678 4236 ίδοὺ
2707 4183 2840 4234 ἐκεῖ·
2864 4200 2882 4232 ι
2923 4181 3056 4250 φησὶ
3084 4179 3194 4250 γὰρ
3219 4179 3429 4242 αὑτοῖς·
3469 4197 3488 4230 ι
3529 4178 3591 4230 Ἡ
3627 4175 3723 4245 βα-

2151 4273 2326 4328 σιλεία
2355 4273 2448 4327 τοῦ
2488 4272 2626 4327 Θεοῦ
2659 4274 2812 4336 ἐντὸς
2837 4273 2992 4344 ὑμῶν
3020 4273 3137 4325 ἐστι
3155 4289 3168 4301 ·
3198 4289 3216 4323 ι
3249 4272 3344 4324 καὶ
3375 4271 3498 4322 ὅσον
3525 4286 3588 4337 γε
3622 4266 3727 4320 σώ-

2149 4364 2314 4436 ζομεν
2352 4363 2421 4417 τὰ
2476 4364 2818 4434 ὲνσπαρέντα
2850 4365 2882 4434 ή
2893 4363 3009 4434 μῶν
3058 4365 3124 4433 τῇ
3156 4361 3301 4431 ψυχῇ
3335 4361 3436 4429 τῆς
3468 4358 3724 4429 ἀληθείας

475 4460 623 4515 nent,
644 4465 710 4503 ne
744 4460 991 4518 quarant
1013 4452 1141 4505 illud
1172 4463 1327 4508 extra
1358 4454 1587 4523 seipsos,
1613 4469 1789 4525 neque
1820 4456 2037 4512 dicant:

2152 4457 2456 4530 σπέρματα,
2487 4456 2581 4508 καὶ
2610 4455 2710 4518 τὰς
2735 4455 2910 4526 ἀρχὰς
2937 4454 3126 4524 αὐτῆς,
3153 4453 3364 4506 οὐδέπω
3389 4450 3725 4522 ἀπελήλυθεν

479 4559 497 4591 ι
552 4542 690 4596 Ecce
737 4544 845 4609 hic,
895 4544 980 4597 vel
1025 4560 1154 4600 ecce
1201 4544 1402 4610 illic';
1451 4565 1470 4598 ι
1509 4547 1862 4616 inquitenim
1910 4549 2038 4608 eis;

479 4653 498 4685 ι
539 4632 781 4704 Regnum
814 4634 908 4689 Dei
945 4636 1086 4689 intra
1111 4649 1208 4692 vos
1235 4645 1320 4692 est
1350 4654 1365 4692 :
1393 4656 1412 4690 ο
1447 4649 1503 4692 et
1536 4639 1777 4706 quandiu
1817 4640 2039 4708 quidem

472 4739 752 4779 servamus
776 4725 972 4780 anima:
1009 4736 1210 4782 nostra:
1239 4727 1494 4798 ,ingenita
1528 4730 1772 4784 veritatis
1801 4729 2037 4795 semina,

470 4817 697 4884 ejusque
754 4817 1054 4888 principia,
1091 4834 1366 4887 nunquam
1399 4835 1431 4873 a
1482 4820 1638 4874 nobis
1687 4821 1920 4875 discedit
1952 4821 2040 4876 ille

471 4907 661 4974 Λόγος,
699 4907 777 4977 [id
811 4917 914 4972 est,
961 4908 1098 4962 ratio
1127 4919 1180 4962 et
1207 4909 1376 4963 Filius
1421 4907 1565 4979 Dei.]
1616 4908 1767 4976 Quod
1801 4910 1846 4964 si
1887 4910 2043 4963 mali-

471 4998 559 5051 tize
605 4998 961 5053 dissolutione
989 5001 1229 5070 corrupti
1281 5001 1569 5067 fuerimus,
1629 5011 1756 5057 tunc
1784 5001 1939 5056 nobis
1966 5003 2042 5057 di-

471 5099 662 5142 cturus
691 5099 776 5143 est
803 5107 818 5147 :
852 5108 870 5140 ι
902 5087 1089 5157 Vado;
1131 5110 1150 5144 ι
1191 5108 1296 5146 non
1329 5093 1631 5147 inventuris
1659 5093 1830 5159 illum,
1851 5094 2040 5149 etiam-

466 5181 515 5235 si
547 5195 853 5249 quaramus
883 5183 1139 5250 maxime,
1173 5185 1266 5238 sed
1311 5185 1364 5238 in
1395 5194 1618 5254 peccato
1660 5194 1849 5240 nostro
1875 5186 2038 5239 mori-

469 5271 631 5336 tur-is,
681 5271 1034 5341 deprehensis
1071 5275 1122 5329 in
1175 5291 1264 5341 eo,
1294 5287 1350 5330 ct
1382 5278 1678 5347 assumptis
1728 5279 1795 5330 ab
1829 5279 1914 5332 bis
1943 5279 2034 5348 qui

467 5364 702 5417 ordinati
754 5374 879 5418 sunt
929 5373 987 5420 ut
1042 5379 1288 5437 repetant
1342 5369 1600 5435 animam,
1651 5369 1802 5438 juxta
1850 5371 2037 5425 dicen-

470 5464 574 5507 tem
609 5453 654 5486 “
689 5470 708 5508 :
747 5473 766 5507 ι
799 5455 1080 5526 lnsipiehs,
1110 5471 1270 5513 nocte
1295 5461 1396 5514 hac
1420 5459 1656 5512 animam
1688 5461 1784 5515 abs
1809 5469 1859 5514 te
1883 5469 2029 5515 tuam

570 5564 593 5598 ⁸
625 5565 782 5637 Joan.
820 5584 917 5637 vtt,
967 5572 1053 5625 50.

1152 5573 1172 5602 ⁸
1208 5570 1364 5628 Joan.
1405 5588 1521 5638 vin,
1569 5573 1656 5626 57.

463 5632 553 5688 2|.
629 5636 673 5669 ¹⁹
704 5637 836 5694 Luc.
875 5632 970 5705 xit,
1000 5643 1088 5697 20.

2147 4554 2238 4622 ἀφ’
2265 4550 2422 4622 ἡμῶν
2451 4553 2479 4604 6
2511 4550 2711 4618 Λόγος·
2765 4549 2862 4602 ἐὰν
2897 4548 2954 4601 δὲ
3000 4547 3108 4602 ἀπὸ
3139 4546 3240 4616 τῆς
3287 4546 3429 4599 κατὰ
3477 4544 3574 4616 τὴν
3625 4561 3725 4596 κα-

2146 4646 2271 4699 κίαν
2295 4643 2503 4716 χύσεως
2523 4641 2931 4714 διαφθαρῶμεν,
2967 4640 3088 4694 τότε
3136 4641 3267 4710 ἡμῖν
3313 4640 3465 4710 ἐρεῖ,
3513 4656 3531 4688 ι
3555 4637 3724 4690 ’Υπά-

2145 4751 2227 4805 γω
2253 4775 2270 4798 ,
2309 4753 2329 4786 ι
2373 4734 2490 4798 ἵνα,
2547 4731 2650 4785 κᾶν
2685 4731 2936 4802 ζητῶμεν
2991 4728 3178 4792 αὑτὸν,
3220 4727 3320 4799 οὑχ
3362 4728 3721 4798 εὑρήσωμεν,

2145 4828 2260 4882 ἀλλ’
2303 4829 2362 4880 ὲν
2407 4828 2472 4896 τῇ
2521 4824 2765 4896 ἁμαρτίᾳ
2827 4820 2988 4894 ἡμῶν
3038 4820 3495 4890 ἀποθανούμεθα,
3551 4835 3723 4872 κατα-

2145 4917 2546 4990 λαμϐανόμενοι
2601 4918 2659 4969 ὲν
2703 4914 2839 4985 αὑτῇ
2861 4954 2876 4978 ,
2913 4913 3008 4966 καὶ
3039 4911 3593 4984 παραλαμϐανόμενοι
3619 4909 3724 4964 ὑπὸ

2144 5009 2347 5081 ταύτης
2395 5007 2500 5060 ὑπὸ
2543 5005 2653 5059 τῶν
2694 5004 3041 5075 τεταγμένων
3075 5005 3167 5056 ἐπὶ
3203 5001 3282 5073 τῷ
3337 5003 3588 5056 ἀπαιτεῖν
3623 5000 3722 5072 τὴν

2143 5101 2356 5172 ψυχὴν,
2425 5094 2566 5153 κατὰ
2614 5098 2706 5150 τὸν
2763 5096 3020 5150 εἰπόντα·
3075 5113 3095 5146 ι
3128 5096 3379 5165 Ἂφρον,
3433 5092 3607 5165 ταύτῃ
3655 5095 3720 5164 τῇ

2146 5192 2301 5245 νυκτὶ
2336 5189 2627 5244 ἀπαιτοῦσι
2654 5188 2752 5260 τὴν
2782 5187 2960 5259 ψυχήν
2992 5203 3084 5240 σου
3132 5187 3240 5240 ἀπὸ
3272 5185 3390 5238 σοῦ.
3431 5202 3449 5236 ›
3483 5184 3560 5240 Ού
3613 5185 3718 5255 χρὴ

2144 5280 2201 5333 δὲ
2259 5278 2548 5351 παρελθεῖν
2598 5277 2950 5343 ἀνεξέταστον
2983 5275 3104 5329 οὐδὲ
3159 5275 3254 5328 καὶ
3301 5274 3398 5326 τό·
3448 5291 3468 5324 ς
3515 5272 3604 5325 Ἐν
3651 5273 3718 5340 τῇ

2146 5372 2391 5445 ἁμαρτίᾳ
2446 5372 2600 5442 ὑμῶν
2648 5369 3040 5425 ἀποθανεῖσθε·
3079 5387 3100 5422 ι
3158 5369 3206 5420 εί
3262 5367 3361 5438 μὲν
3415 5366 3720 5436 κοινότερον

2145 5465 2501 5536 λαμϐάνεται,
2535 5461 2692 5532 δῆλον
2711 5501 2726 5527 ,
2758 5463 2839 5516 ὅτι
2864 5465 2913 5516 οἱ
2941 5460 3252 5533 ἁμαρτωλοὶ
3284 5461 3343 5515 ὲν
3376 5462 3444 5530 τῇ
3476 5455 3721 5530 ἁμαρτίᾳ

1752 5574 1772 5603 ⁸
1796 5573 1950 5629 Joan.
1980 5593 2050 5633 vu

2152 5579 2202 5633 0.
2279 5579 2298 5609 "
2333 5577 2524 5633 Matth.
2559 5591 2658 5644 vn,
2687 5575 2741 5633 8.
2821 5577 2843 5607 ⁸
2875 5577 3030 5634 Rom.
3063 5592 3117 5646 ι,
3155 5575 3210 5644 6,
3235 5573 3290 5631 8.
3371 5576 3392 5606 ’
3418 5572 3544 5628 Luc.
3579 5585 3715 5635 xvu,

539 5732 648 5802 (40)
679 5733 928 5802 Εὐρεθῇ.
963 5737 1118 5793 Deest
1150 5737 1201 5790 in
1246 5736 1432 5794 codice
1457 5737 1643 5809 llcgio,
1680 5749 1735 5794 at
1763 5739 1957 5811 legitur
1986 5739 2039 5795 in
2063 5737 2373 5797 Bodleiano.
