4196 6396
473 316 579 373 549

1512 308 1869 369 COMMENT.
1906 307 1974 362 IN
2006 305 2199 364 JOAN.
2236 302 2475 360 TOMUS
2502 302 2640 358 XIX.

3594 303 3725 361 '550

468 432 651 490 αὐτῶν
674 430 1096 495 ἀποθανοῦνται.
1135 432 1184 484 οἱ
1215 430 1271 483 δὲ
1299 429 1495 484 δίκαιοι
1524 433 1583 483 ὲν
1616 429 1929 500 δικαιοσύνῃ
1956 447 1969 458 ·
2001 429 2050 482 εἰ

2154 432 2426 495 repetunt.
2457 442 2477 475 ι
2508 423 2612 477 Sed
2642 435 2711 478 ne
2746 422 2851 477 hoc
2882 421 3103 492 quidem
3161 421 3403 490 dictum;
3435 441 3455 476 ι
3487 420 3547 480 In
3599 440 3725 496 pec-

467 525 526 580 δὲ
555 523 618 578 τὸ
657 542 676 575 ι
699 523 1058 578 ἀποθανεῖσθε
1091 541 1109 573 ι
1153 523 1296 577 κατὰ
1332 522 1423 575 τὸν
1461 522 1652 593 ἐχθρὸν
1686 522 1779 575 τοῦ
1813 520 2046 591 Χριστοῦ

472 616 704 670 θὰνατον
733 616 1091 686 λαμϐάνεται,
1108 615 1182 680 ὡς
1207 614 1300 669 τοῦ
1325 614 1462 687 πρὸς
1481 613 1710 668 θάνατον
1728 613 2048 685 ἡμαρτηκό-

467 724 559 771 τος
586 707 1044 778 ἀποθνήσκοντος,
1076 707 1256 778 δῆλον,
1278 708 1362 760 ὅτι
1387 702 1470 771 οἷς
1490 705 1663 760 ταῦτα
1694 706 1933 775 ἐλέγετο,
1955 708 2049 760 οὑ-

469 798 616 852 δέπω
636 798 1121 870 ἁποτεθνήκεισαν.
1138 801 1245 853 Καὶ
1266 798 1519 871 ζητήσεις
1542 800 1659 864 πῶς
1678 800 1726 852 εἰ
1746 800 1819 870 μὴ
1832 798 2051 853 πιστεύ-

471 907 686 956 σαντες,
725 892 807 944 ὃτι
857 890 994 956 ἔζων
1028 892 1310 963 μέλλοντές
1339 910 1469 946 ποτε
1499 891 1886 947 ἀποθανεῖσθαι
1913 890 2044 961 (41)·

468 981 837 1051 ἀπαντήσεται
871 982 927 1036 δέ
959 1001 1041 1047 τις
1074 984 1167 1037 καὶ
1217 983 1353 1055 πρὸς
1386 984 1544 1037 τοῦτο
1586 984 1781 1052 λέγων,
1808 984 1889 1036 ὅτι
1927 983 2049 1035 κατ’

470 1073 646 1125 ἐκεῖνο
674 1072 867 1144 καιροῦ
899 1073 963 1127 :6
999 1075 1223 1146 μηδέπω
1254 1074 1530 1129 πιστεύειν
1560 1075 1683 1128 οὐδὲ
1715 1075 1851 1148 πρὸς
1887 1073 2050 1128 θάνα-

468 1182 559 1221 τον
586 1166 890 1237 ἁμάρτημα
915 1161 1004 1237 ἦν,
1035 1168 1130 1220 καὶ
1160 1165 1296 1238 πρὸς
1327 1165 1422 1230 οὓς
1461 1169 1490 1220 6
1521 1166 1714 1235 Λόγος,
1743 1166 1955 1220 οὐδέπω
1980 1166 2049 1220 τὰ

471 1257 609 1329 πρὸς
642 1257 867 1311 θάνατον
894 1259 1329 1329 ἡμαρτήκεισαν,
1355 1258 1469 1311 ἁλλ’
1501 1258 1637 1322 ἔζων
1670 1258 1767 1330 μὲν
1794 1260 1852 1312 ἐν
1883 1258 2046 1312 ἀσθε-

472 1349 589 1422 νείᾳ
608 1350 707 1421 τῆς
728 1350 904 1421 ψυχῆς
937 1352 1121 1415 αὑτοῖς
1141 1351 1250 1423 (42)
1267 1368 1281 1382 ⁸
1303 1351 1404 1423 ἡδὲ
1422 1350 1674 1405 ἀσθένεια
1702 1353 1882 1424 ἐκείνη
1912 1353 2049 1424 πρὸς

471 1439 698 1495 θάνατον
711 1437 798 1513 ἧν·
816 1440 905 1494 διὰ
920 1442 1076 1495 τοῦτο
1089 1441 1181 1495 καὶ
1194 1443 1222 1494 6
1241 1442 1555 1515 ἰατρδςμό),
1570 1441 1782 1510 βλέπων
1793 1444 2048 1517 ὀλεθρίως

471 1532 667 1595 αὐτοὺς
717 1531 1077 1597 ἀσθενοῦντας
1099 1575 1113 1597 ,
1165 1533 1348 1603 ἔλεγεν
1405 1536 1677 1604 ἀπογνοὺς
1727 1536 1906 1591 αὑτῶν
1946 1537 2047 1608 τὴν

470 1622 786 1692 θεραπείαν·
828 1642 846 1673 ι
882 1622 1022 1691 Ἐγὼ
1055 1624 1270 1692 ὑπάγω,
1317 1625 1414 1678 καὶ
1448 1624 1711 1697 ζητήσετέ
1746 1643 1812 1697 με
1833 1665 1847 1691 ,
1868 1627 1963 1680 καὶ⁵
1988 1629 2050 1680 ὲν

468 1716 532 1784 τῇ
567 1714 815 1785 ἁμαρτίᾳ
843 1712 995 1783 ὑμῶν
1029 1713 1406 1767 ἀποθανεῖσθε.
1435 1732 1452 1764 ι
1482 1713 1723 1785 Εἴπομεν
1743 1713 1855 1784 (44)
1878 1714 1941 1785 δὴ
1962 1714 2043 1766 τόο

482 1805 698 1876 Ἐπεὶή
741 1803 996 1858 ἀσθένεια
1045 1804 1228 1875 εκείνη
1274 1800 1341 1877 ἦν
1377 1806 1563 1869 αὑτοῖς
1610 1806 1749 1876 πρὸς
1795 1805 2042 1870 θάνατον,

470 1895 565 1948 ἆτε
613 1895 874 1966 μαθόντες
915 1896 1022 1950 ἀπὸ
1066 1896 1159 1949 τοῦ
1219 1896 1392 1967 Ἰησοῦ
1436 1896 1701 1969 διαφορὰν
1741 1896 2042 1960 ἀσθενείας,

468 1986 685 2055 ἠσθένει
732 1988 788 2041 δὲ
835 1988 928 2041 καὶ
957 1988 986 2040 6
1014 1987 1280 2059 Λάζαρος,
1312 1988 1424 2042 ἁλλ’
1452 1972 1568 2059 ᾔδει
1595 1991 1624 2041 6
1650 1989 1853 2059 ίατρὸς,
1899 1991 1979 2042 ὅτι
2010 1991 2043 2060 ή

468 2079 721 2133 ἀσθένεια
754 2079 920 2134 αὑτοῦ
949 2080 1008 2133 οὑ
1042 2081 1180 2153 πρὸς
1220 2080 1449 2135 θάνατον
1494 2076 1583 2153 ἦν·
1626 2082 1815 2155 διόπερ
1847 2083 2040 2153 φησιν’

474 2170 668 2241 «Αὕτη
715 2173 748 2243 ή
802 2171 1054 2225 ἀσθένεια
1104 2173 1204 2226 οὑκ
1247 2173 1363 2226 ἔστι
1418 2173 1555 2245 πρὸς
1600 2173 1847 2229 θάνατον·
1879 2194 1898 2227 ι
1946 2174 2047 2229 Διά

470 2261 647 2327 τοῦτο,
682 2263 786 2318 κᾶν
816 2262 1341 2335 ἀντιλαμϐανώμεθα
1374 2266 1486 2319 τῶν
1511 2265 1805 2320 ἀσθενειῶν
1840 2268 2047 2321 ἑαυτῶν

471 2351 859 2418 ἀσθενούντων,
878 2354 1234 2426 προσέχωμεν
1257 2358 1465 2426 μήποτε
1485 2356 1621 2429 πρὸς
1639 2356 1868 2410 θάνατον
1885 2357 2047 2411 ἀσθε-

472 2445 743 2516 νήσωμεν.
778 2447 1185 2517 μεταϐαλούσης
1207 2448 1306 2518 τῆς
1328 2448 1483 2502 νόσου
1515 2450 1625 2502 ἀπὸ
1648 2449 1741 2502 τοῦ
1768 2448 1847 2502 ἔτι
1876 2448 2046 2521 αὐτὴν

472 2530 607 2589 εἶναι
628 2536 885 2590 δύνασθαι
922 2537 1035 2608 (45)
1078 2539 1169 2591 ἐπὶ
1202 2538 1263 2590 τὸ
1287 2539 1523 2592 ἀνίατον.
1545 2539 1694 2609 ’Ἅμα
1713 2539 1768 2592 δὲ
1789 2540 2048 2608 σαφέστε-

474 2629 566 2701 ρόν
590 2641 711 2693 πως
738 2629 890 2683 ἔσται
929 2630 1024 2684 καὶ
1051 2630 1141 2698 τὸ,
1182 2649 1201 2682 ι
1225 2632 1399 2684 Ὅπου
1427 2631 1536 2701 ἐγὼ
1567 2633 1780 2701 ὑπάγω,
1809 2633 1963 2703 ὑμεῖς
1984 2632 2045 2684 ού

473 2721 701 2776 δύνασθε
752 2722 944 2787 ἐλθεῖν,
976 2742 994 2774 ι
1049 2724 1443 2796 ἐπιφερόμενον
1491 2723 1601 2795 τῷ·
1664 2743 1683 2775 ι
1712 2726 1823 2777 Καὶ
1875 2727 1933 2777 ὲν
1978 2726 2045 2795 τῇ

474 2814 716 2886 ἁμαρτίᾳ
755 2814 909 2884 ὑμῶν
944 2814 1296 2868 ἀποθανεῖσθε
1317 2833 1366 2866 ἰ
1393 2817 1521 2869 ὅταν
1551 2816 1660 2887 γάρ
1690 2815 1936 2887 ἀποθάνῃ
1965 2833 2049 2879 τις

474 2905 532 2958 ὲν
560 2908 627 2975 τῇ
660 2905 849 2959 ἑαυτοῦ
895 2907 1171 2978 ἁμαρτίᾳ,
1222 2907 1354 2960 ὅπου
1399 2907 1596 2974 ὑπάγει
1638 2909 1667 2960 6
1725 2905 1951 2978 Ἰησοῦς,
1987 2907 2046 2960 οὐ

474 2996 694 3051 δύναται
727 2998 1010 3051 ἀπελθεῖν·
1048 2998 1223 3062 οὐδεὶς
1266 2998 1376 3069 γὰρ
1403 3000 1595 3070 νεκρὸς
1621 2998 1933 3052 ἀκολουθεῖν
1956 2997 2048 3052 δύ-

477 3104 629 3141 ναται
660 3086 739 3157 τῷ
797 3087 991 3158 Ἰησοῦ·
1032 3104 1051 3137 ι
1116 3091 1254 3145 Οὺδὲ
1306 3089 1419 3160 γὰρ
1449 3090 1497 3141 oi
1540 3087 1724 3159 νεκροὶ
1774 3088 2045 3141 αίνέσουσί

475 3195 558 3246 σε,
592 3179 783 3252 Κύριε,
827 3179 949 3234 οὐδὲ
992 3178 1193 3244 πάντες
1233 3182 1281 3234 οἱ
1326 3178 1745 3243 καταϐαίνοντες
1772 3182 1852 3243 είς
1882 3178 2041 3250 ᾇδου’

475 3271 590 3324 ἀλλ’
622 3273 781 3343 ἡμεῖς
803 3273 854 3325 οἱ
885 3271 1086 3338 ζῶντες
1118 3273 1483 3343 εὐλογήσομεν
1519 3272 1610 3325 τὸν
1639 3271 1896 3342 Κύριον.»
1929 3272 2048 3325 ’Έτι

476 3360 612 3434 πρὸς
634 3361 730 3427 τὸ,
769 3382 787 3415 ι
825 3362 912 3416 Ἐν
936 3366 1002 3435 τῇ
1036 3363 1280 3435 ἁμαρτίᾳ
1305 3362 1460 3434 ὑμῶν
1481 3361 1859 3426 ἀποθανεῖσθε,
1889 3381 1909 3414 ι
1941 3379 2049 3416 πα-

478 3453 691 3527 ραθήσῃ
723 3452 785 3507 τὸ
811 3454 876 3507 ὲκ
918 3453 1013 3506 τοῦ
1070 3453 1331 3524 Ἰεζεκιὴλ
1372 3452 1544 3517 οὑτως
1587 3453 1736 3524 ἔχον·
1780 3452 1982 3524 «Ψυχὴ
2016 3454 2049 3523 ή

475 3546 896 3617 ἁμαρτάνουσα,
950 3544 1091 3617 αὓτη
1145 3545 1532 3599 ἀποθανεῖται-
1562 3565 1580 3596 ι
1661 3545 1887 3610 θάνατος
1941 3543 2051 3615 γὰρ

475 3639 651 3710 ψυχῆς
699 3639 977 3710 ἁμαρτίαι
1031 3635 1188 3711 οἶμαι
1237 3639 1315 3702 δὲ,
1361 3641 1444 3693 ὅτι
1492 3641 1555 3693 οὐ
1598 3640 1769 3702 πᾶσα,
1823 3638 1938 3691 ἀλλ’
1983 3638 2050 3710 ἥν

476 3737 639 3804 φησιν
678 3733 930 3804 Ἰωάννης
951 3732 1086 3804 πρὸς
1112 3732 1339 3787 θάνατον
1360 3749 1375 3763 ο
1399 3731 1515 3804 ἅμα
1540 3732 1598 3786 δὲ
1614 3732 1710 3785 καὶ
1730 3731 2050 3794 διαστέλλει,

475 3826 556 3878 ὅτι
583 3843 667 3890 τις
699 3826 942 3897 ἁμαρτία
970 3824 1199 3889 θάνατός
1223 3826 1339 3878 ἐστι
1358 3824 1559 3895 ψυχῆς,
1582 3824 1677 3878 καί
1698 3840 1783 3886 τις
1810 3822 2054 3894 ἁμαρτία

476 3916 728 3970 ἀσθένεια
758 3915 958 3987 αὺτῆςο
988 3916 1129 3986 τάχα
1157 3916 1214 3969 δὲ
1240 3916 1335 3969 καὶ⁵
1357 3915 1540 3987 τρίτον
1570 3931 1653 3977 τις
1696 3913 1937 3985 ἁμαρτία
1958 3911 2055 3985 ζη-

479 4005 578 4080 μία
621 4008 802 4079 ψυχῆς
824 4009 992 4074 ἐστιν,
1016 4008 1262 4080 ἁμαρτία
1284 4007 1395 4079 (46)
1424 4006 1664 4079 δηλονότι
1700 4008 1765 4060 ὲκ
1805 4005 1928 4059 τοῦ·
1958 4005 2055 4058 «Τί

476 4101 888 4173 ὠφεληθήσεται
916 4101 1012 4157 ἄνθ
1021 4117 1223 4172 ρωπος,
1246 4099 1342 4155 ὲὰν
1365 4099 1484 4155 ὅλον
1509 4099 1601 4153 τὸν
1626 4098 1829 4170 κόσμον
1856 4099 2057 4170 κερδή-

477 4208 568 4269 σῃ,
599 4193 696 4265 τὴν
727 4194 784 4247 δὲ
813 4192 990 4265 ψυχὴν
1021 4192 1188 4247 αὑτοῦ
1227 4192 1488 4264 ἀπολέσῃ,
1519 4191 1554 4263 ἢ
1584 4190 1871 4263 ζημιωθῇς
1900 4209 1919 4242 ι
1962 4190 2057 4243 καὶ

476 4287 542 4341 ἐκ
568 4284 662 4340 τοῦ
682 4304 696 4318 ο
737 4304 755 4337 ι
775 4286 842 4339 Et
868 4303 1013 4349 τινος
1038 4286 1099 4338 τὸ
1127 4284 1288 4357 ἔργον
1315 4284 1745 4354 κατακαήσεται,
1776 4280 2059 4354 ζημιωθή-

479 4393 652 4431 σεται.
678 4396 697 4429 ι
735 4377 859 4440 Τοῖς
894 4376 992 4447 μὲν
1026 4371 1119 4430 οὖν
1146 4377 1206 4429 ὲν
1232 4377 1298 4447 τῇ
1328 4372 1571 4446 ἁμαρτίᾳ
1597 4366 2060 4443 ἀποθανουμένοις

478 4468 641 4539 φησιν
660 4484 672 4495 ·
715 4487 733 4520 ι
766 4442 1012 4537 Ὑπάγω,
1044 4467 1138 4521 καὶ
1162 4442 1425 4538 ζητήσετέ
1452 4442 1664 4536 tta—ttat
1702 4467 1762 4521 ὲν
1785 4467 1852 4537 τῇ
1879 4466 2050 4551 ἀμαρ-

2160 4458 2304 4514 idem
2352 4455 2569 4525 aliquod
2628 4450 2999 4507 inﬁrmitatem
3049 4457 3171 4501 esse
3239 4442 3357 4511 ejus
3402 4455 3419 4494 :

2153 526 2275 571 calo
2311 524 2496 571 vestro
2536 513 2865 580 moriemini,
2908 532 2929 566 ι
2960 514 3168 584 absque
3209 514 3464 585 indagine
3497 526 3725 587 praeter-

2152 610 2394 664 eundum
2460 614 2607 671 est;
2665 620 2794 659 nam
2855 604 2902 659 si
2966 605 3327 662 communiter
3380 606 3727 676 accipiatur,

2149 700 2504 771 perspicuum
2557 704 2642 751 est
2696 705 3012 766 peccatores
3077 696 3130 749 in
3182 703 3408 763 peccato
3457 710 3559 750 suo
3609 710 3728 750 mo-

2153 790 2394 852 rituros;
2449 787 2628 857 iustos
2679 802 2809 841 vero
2860 786 2916 841 in
2971 801 3068 840 sua
3119 786 3329 856 iustitia
3377 802 3394 839 :
3449 785 3532 841 sin
3568 799 3723 849 vero,

2156 903 2176 934 ι
2235 880 2598 945 moriemini,
2662 896 2682 929 ›
2733 877 3041 947 accipiatur
3089 876 3158 932 de
3205 886 3419 940 morte,
3474 890 3596 945 quae
3641 886 3726 931 est

2152 972 2372 1027 inimica
2437 966 2687 1033 Christi,
2761 974 2823 1022 ut
2890 967 2938 1022 is
3002 975 3193 1036 pereat
3262 965 3356 1035 qui
3430 967 3497 1020 ad
3572 981 3724 1020 mor-

2152 1075 2258 1121 tem
2320 1063 2618 1135 peccavit,
2672 1060 3021 1131 perspicuum
3078 1068 3165 1114 est
3212 1058 3452 1114 nondum
3521 1059 3722 1128 periis—

2149 1173 2210 1214 se
2274 1172 2371 1213 eos
2431 1155 2630 1226 quibus
2692 1154 2806 1209 haec
2871 1152 3213 1209 dicebautur.
3271 1150 3497 1218 Quaeres
3556 1150 3723 1204 etiam

2148 1263 2385 1320 quonam
2450 1255 2611 1317 pacto
2685 1245 2778 1314 qui
2862 1259 2970 1298 nun
3045 1241 3387 1298 crediderant
3446 1257 3506 1296 se
3578 1243 3726 1297 vive-

2151 1355 2211 1395 re
2281 1339 2337 1395 in
2401 1338 2771 1400 inﬁrmitate,
2839 1333 3092 1389 morituri
3172 1333 3282 1387 sint
3361 1331 3720 1401 aliquando;

2148 1431 2313 1503 295
2342 1430 2638 1500 praesertim
2676 1443 2797 1483 cum
2833 1426 3031 1493 aliquis
3073 1425 3126 1478 in
3176 1425 3366 1478 horum
3403 1424 3722 1479 defensione

2148 1526 2220 1580 sit
2245 1536 2605 1593 responsurus
2639 1518 3072 1574 incredulitatem
3099 1516 3152 1569 iu
3186 1514 3277 1570 illo
3310 1523 3556 1583 tempore
3585 1529 3726 1568 non-

2148 1615 2273 1670 dum
2307 1613 2476 1668 fuisse
2520 1620 2806 1682 peccatum
2842 1609 2909 1662 ad
2956 1617 3229 1671 mortem;
3257 1614 3312 1660 et
3350 1605 3555 1661 idcirco
3603 1603 3724 1659 illos

2148 1717 2314 1772 penes
2360 1716 2497 1771 quos
2529 1698 2851 1769 loquebatur
2888 1696 3183 1760 Servator,
3220 1695 3288 1747 ad
3338 1704 3567 1749 mortem
3613 1709 3723 1748 non

2148 1808 2436 1867 peccasse:
2468 1791 2722 1847 vivebant
2747 1789 2824 1844 illi
2863 1798 3041 1842 tamen
3084 1787 3138 1840 in
3178 1784 3490 1840 inﬁrmitate
3527 1787 3724 1840 auium
3754 1777 3757 1781 ’

2147 1904 2297 1954 suae,
2326 1899 2551 1955 eratque
2581 1884 2870 1940 inﬁrmitas
2915 1881 3003 1935 illa
3035 1881 3102 1934 ad
3129 1889 3389 1934 mortem:
3433 1885 3718 1947 pr0pterea

2147 1981 2312 2036 etiam
2345 1979 2584 2034 medicus
2626 1977 2816 2031 vitleus
2849 1974 2970 2028 illos
3016 1974 3215 2027 misere
3247 1979 3608 2039 aegrotantes.
3638 1979 3719 2022 at-

2147 2087 2256 2143 que
2304 2073 2371 2126 de
2417 2070 2632 2124 illorum
2665 2066 2841 2121 salute
2900 2065 3220 2132 deSperans,
3254 2059 3505 2117 dicebat:
3549 2078 3568 2111 ι
3608 2058 3720 2129 Ego

2146 2162 2306 2226 vado,
2334 2168 2391 2214 et
2423 2156 2681 2228 quaeretis
2712 2170 2832 2218 me,
2866 2161 2919 2207 et
2965 2153 3018 2207 in
3048 2159 3276 2220 peccato
3305 2158 3487 2203 vestro
3516 2147 3722 2202 morie-

2148 2253 2304 2310 mini.
2345 2271 2366 2305 ›
2398 2251 2652 2306 Dicamus
2682 2247 2843 2317 igitur
2869 2244 3011 2314 quod
3042 2241 3335 2297 inﬁrmitas
3363 2239 3454 2294 illa
3489 2238 3597 2293 illis
3649 2237 3719 2293 ad

2147 2354 2376 2399 mortem
2407 2351 2555 2407 erat,
2591 2349 2846 2407 tanquam
2875 2351 2905 2389 a
2950 2334 3079 2390 Jesu
3128 2332 3307 2387 edocti
3357 2329 3718 2386 differentiam

2150 2436 2536 2494 inﬁrmitatis:
2576 2429 2957 2486 inﬁrmabatur
3004 2439 3241 2494 namque
3292 2421 3573 2486 Lazarus,
3626 2419 3721 2475 sed

2148 2537 2377 2584 noverat
2425 2524 2670 2579 medicus
2717 2519 3090 2576 inﬁrmitatem
3136 2515 3296 2584 hujus
3339 2529 3446 2569 non
3485 2527 3610 2568 esse
3655 2512 3723 2566 ad

2147 2630 2414 2685 mortem;
2443 2616 2796 2687 quamobrem
2815 2609 3047 2681 inquit“
3075 2626 3132 2664 ει
3160 2607 3452 2662 luﬁrmitas
3483 2606 3598 2660 haec
3613 2620 3721 2659 nou

2147 2720 2231 2767 est
2277 2710 2344 2765 ad
2406 2717 2659 2763 mortem.
2702 2725 2722 2759 ι
2768 2705 2920 2760 lianc
2960 2703 3032 2758 ob
3088 2714 3314 2757 causam
3364 2699 3409 2753 si
3457 2697 3722 2766 suscipia-

2148 2817 2270 2859 mus
2296 2801 2647 2857 inﬁrmitates
2672 2798 2913 2868 ipsorum
2947 2791 3348 2863 :egrotantium,
3373 2788 3724 2844 adhibeamus

2150 2894 2391 2948 animum
2422 2907 2491 2945 ue
2516 2892 2736 2958 quando
2761 2886 2829 2941 ad
2864 2894 3099 2941 mortem
3149 2892 3506 2952 aegrotemus,
3534 2881 3725 2934 morbo

2151 2982 2296 3039 facto
2336 2978 2753 3043 immedicabili,
2793 2990 2917 3031 cum
2964 2973 3143 3029 adhuc
3184 2985 3310 3040 spes
3356 2984 3479 3026 esse
3518 2977 3723 3039 posset.

2152 3073 2368 3129 Pariter
2400 3071 2565 3125 etiam
2610 3068 2854 3138 apertius
2894 3065 3127 3134 quodam
3160 3062 3321 3117 modo
3355 3061 3461 3116 erit
3502 3059 3605 3115 hoc
3643 3061 3727 3113 di-

2150 3175 2322 3229 ctum,
2360 3182 2378 3215 ι
2418 3162 2535 3228 Quo
2574 3174 2676 3229 ego
2702 3158 2841 3211 vado
2861 3196 2876 3222 ,
2918 3170 3020 3210 vos
3048 3168 3155 3208 non
3183 3152 3408 3222 potestis
3439 3152 3727 3215 venire“,»

2150 3259 2296 3328 quod
2328 3255 2668 3323 subjuugitur
2700 3251 2807 3307 illis
2832 3249 3045 3304 verbis:
3078 3265 3098 3299 ι
3128 3246 3195 3302 Ει
3221 3247 3274 3301 in
3298 3254 3521 3316 peccato
3544 3255 3725 3300 vestro

2154 3349 2519 3413 tuoriemini;_
2552 3366 2571 3399 ι
2633 3345 2851 3416 quando
2894 3340 3040 3395 enim
3084 3339 3317 3395 moritur
3363 3337 3487 3406 quis
3533 3336 3588 3391 in
3624 3347 3720 3391 ευ(

2152 3444 2321 3514 ipsius
2344 3449 2599 3511 peccato,
2636 3453 2743 3507 quo
2769 3437 2916 3491 vadit
2967 3432 3126 3490 Jesus
3178 3447 3286 3486 non
3323 3437 3503 3499 potest
3530 3429 3686 3481 abire
3709 3470 3725 3483 .

2154 3536 2331 3591 nullus
2360 3534 2502 3589 enim
2535 3540 2779 3587 mortuus
2822 3528 2974 3596 sequi
3009 3534 3191 3595 potest
3230 3521 3445 3585 Iesum,
3476 3520 3724 3589 quando-

2152 3630 2389 3699 quidem,
2421 3645 2441 3678 ι
2472 3625 2590 3680 Non
2623 3624 2822 3678 mortui
2850 3619 3147 3674 laudabunt
3172 3624 3247 3682 te,
3276 3614 3527 3677 Domine,
3552 3623 3726 3680 neque

2152 3734 2342 3776 omnes
2377 3716 2467 3786 qui
2496 3714 2832 3772 descendunt
2861 3711 2916 3766 in
2948 3709 3252 3770 infernum;
3285 3703 3379 3759 sed
3408 3717 3506 3757 nos
3538 3700 3726 3774 vivet;

2156 3823 2236 3869 tes
2261 3809 2600 3866 laudabimus
2633 3805 2918 3860 Dominum
2951 3802 3015 3854 ⁸³.
3052 3818 3073 3852 ι
3107 3798 3189 3852 Ad
3236 3797 3349 3851 hate
3390 3794 3516 3848 huic
3545 3792 3726 3854 dicto,

2160 3924 2179 3957 ι
2210 3902 2267 3960 In
2294 3910 2517 3975 peccato
2563 3907 2746 3954 vestro
2784 3891 3130 3954 mriemini,
3168 3908 3190 3941 ι
3248 3887 3377 3943 illud
3418 3884 3723 3940 Ezechielis

2155 3998 2414 4066 adjunges
2433 3995 2579 4049 hunc
2614 3993 2668 4046 in
2701 3989 2921 4045 modum
2953 4001 3012 4041 se
3034 3986 3280 4041 habens:
3330 3999 3350 4034 ι
3382 3979 3580 4035 Anima
3604 3990 3734 4046 pec-

2155 4105 2323 4157 cans,
2362 4090 2478 4158 ipsa
2514 4084 2743 4140 moritur
2766 4081 2844 4133 u':
2885 4099 2905 4132 ι
2937 4094 3085 4134 mors
3123 4077 3271 4132 enim
3307 4073 3504 4128 animae
3535 4083 3733 4140 pecca-

2160 4192 2308 4247 tum;
2336 4195 2443 4234 uon
2476 4191 2637 4234 omne
2685 4185 2886 4237 tamen,
2916 4185 3040 4226 meo
3058 4168 3282 4240 judicio,
3317 4167 3411 4222 sed
3432 4164 3561 4219 illud
3586 4162 3733 4232 quod

2157 4275 2289 4330 dicit
2311 4272 2546 4330 Joannes
2573 4269 2638 4324 ad
2672 4273 2901 4323 mortem
2930 4265 2974 4297 ’⁵
3013 4280 3027 4317 :
3070 4262 3163 4333 qui
3197 4259 3401 4330 pariter
3442 4255 3607 4312 etiam
3649 4253 3735 4308 di-

2161 4366 2386 4436 stinguit
2413 4372 2694 4434 peccatum
2740 4356 2958 4427 aliquod
2997 4363 3227 4410 mortem
3259 4365 3381 4407 esse
3413 4349 3609 4403 anima:
3630 4383 3647 4413 ,
3676 4353 3734 4401 et

3481 4435 3735 4494 fortassis

604 4560 758 4631 ὑμῶν
806 4532 1342 4615 ἀποθανεῖσθε.
1383 4532 1495 4627 ὲγιὶ)
1531 4559 1750 4628 ὑπάγω,
1793 4532 1953 4627 ὑμεῖς
1997 4532 2050 4608 οὑ

2161 4551 2324 4607 etiam
2373 4547 2537 4604 tertio
2585 4544 2748 4600 modo
2796 4545 3078 4611 peccatum
3121 4532 3338 4605 aliquod
3364 4532 3619 4587 damnum
3647 4536 3736 4582 est

477 4653 706 4707 δύνασθε
739 4653 910 4706 ἐλθεῖν
928 4668 942 4683 ·
967 4670 986 4702 ι
1019 4650 1096 4722 τῷ
1122 4650 1179 4704 δὲ
1202 4651 1394 4723 Πέτρῳ
1411 4668 1426 4684 ·
1459 4670 1478 4701 ι
1505 4651 1681 4703 Ὅπου
1706 4648 1818 4718 ἐγὼ
1845 4647 2062 4726 ὑπάγω,

2161 4647 2391 4707 animas,
2419 4640 2564 4711 quod
2591 4636 2803 4694 scilicet
2840 4649 2905 4690 ex
2940 4648 3007 4689 eo
3044 4631 3216 4702 liquet
3252 4642 3269 4683 :
3307 4646 3327 4680 ι
3363 4627 3500 4694 Quid
3531 4625 3737 4679 utilita-

479 4747 540 4800 οὑ
573 4745 799 4800 δύνασαί
849 4761 939 4815 μοι
990 4717 1085 4796 νῦν
1133 4717 1529 4813 ἀκολουθῆσαι·
1571 4717 1961 4810 ἀκολουθήσεις
2002 4738 2050 4790 δὲ

2166 4738 2237 4793 tis
2265 4734 2487 4791 habebit
2515 4734 2710 4796 homo,
2738 4727 2784 4784 si
2816 4728 3132 4781 universum
3172 4719 3433 4776 mundum
3470 4717 3736 4777 lucretur,

480 4835 736 4909 ὕστερον·
764 4855 783 4889 ι
824 4809 1003 4901 ἔξεστι
1016 4834 1126 4907 γὰρ
1150 4809 1588 4905 μαθητευόμενον
1614 4831 1693 4904 τῷ
1726 4809 1932 4903 Ἰησοῦ,
1974 4827 2050 4882 νῦπ

2168 4828 2364 4883 animae
2389 4839 2519 4880 vero
2547 4836 2658 4877 sum
2695 4819 3081 4875 detrimentum
3137 4813 3374 4884 patiatur
3398 4809 3481 4862 "?
3516 4828 3537 4860 ι
3575 4817 3632 4861 et
3667 4821 3735 4861 ex

484 4928 584 5002 μὲν
725 4899 1166 5002 παρεσκευάσθαι
1185 4899 1297 4998 (47$
1339 4899 1474 4998 πρός
1505 4925 1568 4979 τὸ
1587 4899 1899 4978 ἀκολουθεῖν
1924 4921 2050 4992 αὐτῇ

2170 4935 2268 4974 eo:
2314 4935 2333 4968 ι
2366 4917 2422 4972 Si
2455 4914 2610 4983 cujus
2637 4925 2775 4983 opus
2799 4916 3050 4964 exustum
3082 4905 3266 4970 fuerit,
3290 4903 3541 4956 damnum
3568 4899 3738 4954 hahe-

1698 5059 1743 5092 "
1769 5060 1910 5114 Psal.
1956 5075 2043 5113 cn

2150 5057 2232 5125 I7,
2263 5054 2349 5110 18.
2428 5052 2473 5085 ’⁸
2501 5048 2698 5108 Ezech.
2730 5062 2886 5111 xvm,
2923 5042 3016 5099 20.
3130 5042 3174 5075 "
3199 5040 3220 5096 Ι
3248 5037 3404 5096 Joan.
3435 5054 3490 5102 ν.
3525 5037 3616 5102 16,
3647 5036 3735 5093 17.

556 5063 598 5098 ⁸¹
626 5062 782 5120 Joau.
814 5079 892 5129 ιι,
926 5063 982 5117 ι.
1086 5065 1131 5097 ¹²
1163 5062 1318 5120 Joan.
1351 5077 1468 5130 vm,
1493 5061 1587 5117 21.

484 5136 530 5171 ⁸⁸
551 5135 741 5189 Matth.
764 5151 877 5199 xvn,
905 5135 998 5191 26.

556 5278 670 5347 (41)
702 5276 985 5333 Ferrarius
1014 5275 1447 5347 videturlegisse
1469 5272 1587 5347 πῷς
1629 5272 1679 5347 oi
1733 5269 1808 5342 μὴ
1840 5261 2050 5347 πιστεὺ-

2167 5265 2261 5347 τοῦ
2295 5263 2376 5319 ἔτι
2396 5261 2568 5334 αὑτὴν
2614 5255 2773 5329 ἰατὴν
2814 5253 2955 5313 εἶναι
3006 5253 3300 5321 δύνασθαι,
3357 5250 3441 5307 vel
3489 5249 3618 5321 quid
3657 5249 3738 5307 si-

486 5337 700 5413 σαντες,
724 5349 807 5402 ὅτι
847 5349 983 5414 ἔζων
1013 5347 1071 5401 ὲν
1101 5337 1376 5418 ἀσθενείᾳ,
1415 5342 1669 5418 μέλλουσί
1695 5337 1825 5395 ποτε
1853 5338 2061 5395 ἁποθα-
2168 5337 2365 5418 ιιιίίεεμ.

484 5387 807 5473 ῖᾶἒςόἶὶι’.””
847 5387 980 5414 ww
1013 5387 1068 5401 ﬂ
1101 5387 1376 5419 mum“
1415 5387 1669 5418 ’ΝΜ-’⁷
1704 5387 1825 5395 ww
1854 5387 2032 5395 “mm
2170 5387 2365 5474 ”’“(ιθ)’
2388 5400 2659 5473 Ἃμαρτια
2683 5392 3271 5468 δηλονότι.⁹Λμαρτία
3298 5392 3510 5447 videtur
3532 5387 3740 5462 παρέλ-

556 5487 669 5561 (4?)
694 5487 930 5561 Abro‘t'g.
964 5484 1273 5561 chendum
1303 5480 1778 5561 νῇιὶθῑυςαὺτῷντξ
1807 5550 1821 5561 _

2166 5492 2303 5530 κειν.

2244 5544 2348 5561 ιιι-Α
2392 5542 2468 5561 ιν·-
2502 5560 2509 5561 ,
2603 5542 2617 5561 ι
2654 5560 2657 5561 ,
2698 5540 2764 5561 HL
2812 5533 3287 5561 _._---_-.....Inﬂn.
3348 5530 3586 5561 Νηρηὶ-Αλῖ

555 5530 668 5626 ξ
1399 5530 1951 5626 νέᾷἀίξέμῖοιίιεῑαηο.

2179 5542 2512 5626 ,.(4t7).N12r
2545 5542 2663 5624 μὲνῖ
2682 5540 2769 5611 μὴ
2804 5530 3729 5626 Wmfff'ﬁfﬁiaj;5339919?

581 5613 672 5696 4ᾉὸ
686 5613 1005 5697 ονέῖεῖομενί
1018 5613 1316 5697 Ferrarius
1342 5623 1553 5697 legebat
1576 5620 1845 5697 εἴπωμεν.
1858 5689 1879 5697 _

2172 5613 2418 5670 ticula'iu
2452 5613 2704 5695 [ferrario
2752 5624 2868 5697 .uon
2917 5613 3228 5684 comparet;
3256 5617 3417 5683 quam
3454 5615 3742 5697 genuinam

581 5630 991 5697 MrEIizopsr.
1026 5630 1316 5681 Ferrarius
1343 5630 1553 5692 legebat
1577 5630 1845 5689 εῐπωμεν.

559 5630 672 5770 ﬁt?)
701 5698 845 5753 Ἀπὸ
876 5696 1095 5770 τοῦμέτι
1113 5693 1317 5770 αὑτὴν
1337 5688 1490 5770 εἶναι
1517 5691 1829 5770 ιῖιξνασραι.
1858 5689 2050 5770 Legen:

2172 5630 2335 5670 llCllla
2366 5630 2418 5668 111
2452 5630 2704 5668 rerrarto
2763 5630 2868 5662 llOll
2917 5630 3228 5674 CUIIIpal'ct;
3256 5630 3417 5669 Iltlalu
3488 5630 3742 5654 cuuumm

2174 5697 2357 5770 tamen
2383 5684 2523 5740 ratio
2562 5692 2618 5740 et
2667 5681 2884 5738 codices
2940 5672 3299 5744 manuscripti
3347 5683 3403 5727 et
3454 5630 3744 5727 tE’eriouius

489 5757 614 5825 dum
646 5757 877 5827 fortasse
908 5766 1018 5823 ἀπὸ
1047 5765 1142 5820 τοῦ
1171 5757 1501 5834 έτίίαθῆναι
1539 5760 1816 5828 δύνασθαι,
1838 5760 1920 5816 vel
1958 5758 2050 5812 ἀπὲ

2174 5757 2430 5811 clamant.
