4196 6360
534 272 635 336 83%|

1951 275 2276 335 ORIGENIS

3687 276 3797 332 55?.

531 396 612 452 bit
638 393 706 451 ι’.
741 412 760 448 ι
803 394 984 465 Atque
1034 390 1092 449 in
1131 402 1356 464 peccato
1384 393 1605 463 quidem
1640 393 2002 451 morientibus
2032 397 2097 449 in

2218 392 2431 447 ἀπιόντι
2460 390 2592 463 πρὸς
2625 390 2717 443 τὸν
2746 389 2985 462 Πατέρα.
3021 387 3246 461 ὕστερον
3277 389 3334 443 δὲ
3378 388 3437 456 ἐξ
3479 389 3799 461 ἐπιμελείας

528 490 647 559 quit
665 487 751 543 ηε
782 507 802 540 ι
835 486 1008 552 Vado,
1034 496 1089 542 et
1113 489 1368 558 quaeretis
1387 502 1494 555 me,
1521 497 1578 542 et
1602 487 1656 542 in
1683 496 1910 557 peccato
1926 497 2112 543 vestro

530 580 837 636 moriemini
872 596 886 631 :
921 595 1031 650 quo
1074 594 1175 648 ego
1230 581 1368 635 vado
1421 595 1529 635 non
1563 581 1789 649 potestis
1829 579 2051 647 venire;
2085 601 2105 634 ι

530 674 598 727 ad
627 672 846 729 Petrum
888 688 1052 727 vero:
1089 691 1108 724 ι
1137 674 1255 741 Quo
1301 689 1402 742 ego
1444 673 1581 728 vado
1606 713 1621 739 ,
1657 688 1763 727 non
1812 683 1970 743 potes
2024 688 2112 728 me

528 766 690 821 modo
716 766 896 834 sequi,
926 766 1173 835 sequeris
1201 775 1382 821 autem
1414 775 1600 835 postea
1630 765 1713 829 ";
1752 782 1771 819 ι
1805 765 1922 819 ﬁeri
1961 764 2106 819 enim

528 867 710 926 potest
744 867 805 911 ut
850 858 1154 926 discipulus
1179 857 1306 913 Jesu
1355 872 1461 911 non
1497 857 1564 911 sil
1598 873 1741 912 nunc
1764 857 1984 925 quidem
2016 872 2108 925 pa-

528 959 680 1003 ratus
703 949 770 1002 ad
791 950 1121 1018 sequendum
1145 948 1423 1004 Christum
1448 950 1735 1004 abeuntem
1760 949 1827 1003 ad
1853 948 2103 1013 Patrem;

524 1047 712 1107 postea
744 1053 876 1091 vero
901 1038 1188 1107 diligenter
1216 1039 1463 1107 vestigiis
1492 1038 1707 1091 insistat
1731 1039 2105 1107 praeceptoris,

526 1140 587 1184 et
637 1139 899 1197 sequatur
945 1131 1263 1184 Sermonem
1315 1123 1434 1185 Dei.
1488 1129 1655 1204 296
1706 1128 1977 1184 Credibile
2020 1138 2107 1183 est

525 1229 743 1286 autem,
776 1231 999 1289 propter
1028 1237 1090 1275 ea
1135 1237 1256 1291 qua:
1302 1235 1332 1274 a
1368 1221 1524 1277 nobis
1562 1224 1628 1276 de
1680 1221 1790 1275 ﬁne
1828 1220 2103 1276 intellecta

524 1319 690 1375 sunt,
739 1311 979 1381 aliquem
1040 1312 1282 1365 animum
1311 1311 1378 1365 ad
1409 1311 1461 1365 id
1496 1311 1846 1366 adversarum
1873 1352 1889 1375 ,
1930 1328 1952 1361 r
1987 1309 2105 1377 Quo

520 1416 625 1472 ego
652 1403 793 1457 vado
815 1444 831 1464 ,
873 1417 969 1457 vos
1001 1418 1110 1456 non
1140 1402 1369 1471 potestis
1399 1402 1584 1458 venire
1604 1446 1618 1469 ,
1658 1421 1678 1454 ι
1714 1403 1781 1457 ad
1827 1402 1989 1472 idque
2020 1401 2105 1455 di-

522 1501 779 1555 cturum,
827 1493 942 1548 ﬁeri
991 1493 1209 1563 quidem
1260 1509 1426 1562 posse
1462 1504 1521 1548 ut
1546 1510 1689 1549 nunc
1740 1511 1846 1549 non
1870 1495 2101 1564 possint,

522 1583 881 1652 imposlerum
925 1593 1106 1638 autem
1137 1585 1380 1654 possint;
1433 1594 1488 1639 et
1524 1585 1571 1640 si
1621 1585 1841 1655 quidem
1882 1583 2101 1653 aliquod

521 1682 608 1727 est
631 1674 886 1728 saeculum
914 1689 1174 1744 praesens,
1208 1675 1351 1730 aliud
1382 1690 1512 1731 vero
1541 1678 1782 1731 futurum
1807 1716 1824 1741 ,
1852 1690 1950 1730 eos
1979 1674 2102 1745 qui-

2218 483 2339 539 κατ’
2385 482 2506 554 ἴχνη
2557 482 2804 553 βαίνοντα
2856 480 3168 535 ἀκολουθεῖν
3209 481 3290 552 τῷ
3335 481 3658 553 διδασκάλῳ,
3699 485 3795 538 καὶ

2216 574 2445 630 ἕπεσθαι
2494 573 2571 645 τῷ
2616 575 2775 645 Λόγῳ
2813 574 2907 627 τοῦ
2954 572 3111 627 Θεοῦ.
3150 573 3311 638 Εἰκὸς
3361 573 3439 637 δὲ,
3483 574 3564 628 ὅτι
3598 574 3688 627 διὰ
3726 576 3795 629 τὰ

2216 668 2345 739 περὶ
2395 667 2580 727 τέλους
2631 667 2762 737 ἡμῖν
2814 664 3186 736 ὑπονοούμενα
3239 666 3522 736 ἐπιστήσει
3557 683 3641 730 τις
3681 666 3791 737 τῷ·

2221 778 2241 812 ι
2274 761 2446 814 Ὅπου
2479 759 2591 827 ἐγὼ
2628 757 2848 827 ὑπάγω,
2881 758 3039 828 ὑμεῖς
3064 757 3125 811 οὑ
3163 755 3389 811 δύνασθε
3419 756 3594 810 ἐλθεῖν
3614 775 3662 810 ⁸)
3700 758 3793 812 καὶ

2215 851 2351 923 πρὸς
2382 850 2540 905 τοῦτο
2577 851 2714 920 ἐρεῖ,
2752 851 2835 903 ὅτι
2879 849 3059 916 ἔξεστι
3098 847 3191 902 νῦν
3245 849 3342 918 μὲν
3391 849 3467 921 μὴ
3509 848 3792 913 δύνασθαι,

2215 941 2441 1014 ὕστερον
2476 942 2535 995 δὲ
2567 940 2893 1012 δυνήσεσθαι
2945 939 3078 1011 (48)⁶
3140 940 3234 994 καὶ
3264 940 3422 1013 εἴπερ
3455 939 3572 992 ἐστί
3601 956 3685 1003 τις
3717 940 3797 992 ἐν·

2212 1033 2459 1105 εστηκὼς
2492 1033 2647 1099 αίὼν,
2684 1035 2779 1088 καὶ
2801 1033 2959 1098 ἀλλος
2997 1031 3225 1103 μέλλων,
3255 1025 3400 1087 οὗτοι
3421 1032 3557 1103 πρὸς
3580 1031 3673 1095 οὓς
3699 1031 3790 1084 λέ-

2211 1127 2429 1193 λεκται,
2468 1146 2487 1177 r
2513 1126 2588 1179 Οὐ
2614 1124 2843 1179 δύνασθε
2882 1125 3078 1190 ὲλθεῖν,
3101 1144 3119 1176 ι
3162 1123 3303 1179 κατά
3333 1124 3422 1177 τὸν
3450 1118 3788 1195 ἒνεστηκότα

2211 1220 2383 1274 αἰῶνα
2432 1220 2620 1288 (πολὺς
2648 1219 2706 1272 δὲ
2737 1222 2765 1273 ὁ
2800 1218 3002 1271 λείπων
3033 1219 3113 1283 είς
3151 1219 3248 1290 τὴν
3282 1216 3590 1271 συντέλειαν
3619 1216 3783 1270 αὑτοῦ

2210 1314 2323 1366 ἐστι
2347 1311 2559 1385 χρόνος)
2596 1311 2657 1365 οὐ
2698 1310 2951 1366 δύνανται
2983 1312 3157 1365 ἐλθεῖν
3193 1313 3328 1365 ὃπου
3368 1309 3597 1381 Ἰησοῦς,
3624 1326 3783 1362 τουτ-

2211 1403 2379 1468 έστιν,
2422 1405 2557 1456 ὅπου
2590 1404 2624 1473 ή
2682 1402 2928 1475 ἀλήθεια,
2958 1402 3052 1456 καὶ
3082 1405 3115 1473 ή
3166 1400 3345 1471 σοφία,
3377 1402 3473 1455 καὶ
3509 1402 3538 1453 ό
3579 1400 3781 1469 Λόγος·

2207 1493 2367 1546 τοῦτο
2412 1491 2522 1564 γάρ
2563 1494 2732 1556 ἐστιν,
2769 1492 2923 1545 ὅπου
2970 1490 3233 1558 Ἰησοῦς·
3283 1485 3399 1543 οἶδα
3427 1489 3485 1542 δέ
3523 1506 3695 1554 τινας,
3727 1488 3789 1541 οὑ

2210 1586 2370 1656 μόνον
2403 1586 2460 1638 ὲν
2492 1583 2571 1653 τῷ
2602 1582 2758 1638 αἰῶνι
2793 1583 2987 1654 τούτῳ,
3021 1580 3159 1636 ἀλλά
3189 1581 3282 1635 καὶ
3319 1583 3378 1634 ὲν
3424 1580 3503 1651 τῷ
3544 1579 3788 1651 μέλλοντι

2208 1674 2610 1748 κρατουμένους
2644 1674 2750 1729 ὑπὸ
2794 1675 2893 1744 τῆς
2935 1674 3068 1737 ἰδίας
3117 1672 3427 1744 ἁμαρτίας,
3458 1671 3534 1735 ὡς
3566 1669 3788 1736 τούτους

520 1762 624 1818 bus
644 1765 845 1819 dicitur
864 1803 880 1829 ,
911 1784 931 1816 ι
950 1764 1066 1820 Non
1093 1766 1319 1835 potestis
1344 1768 1550 1834 venire,
1578 1787 1596 1821 ι
1620 1770 1723 1824 hoc
1746 1768 1944 1823 saeculo
1966 1781 2097 1835 pra:-

2208 1762 2337 1833 περ),
2382 1755 2459 1815 ὧν
2501 1778 2665 1833 φησιν
2688 1762 2717 1814 ό
2742 1762 2943 1830 Λόγος·
2986 1780 3007 1814 ι
3042 1761 3169 1815 Ἐὰν
3196 1761 3564 1833 βλασφημήσῃ
3604 1764 3684 1825 εἰς
3727 1761 3788 1814 τὸ

520 1852 658 1907 senti
685 1852 936 1921 (multum
966 1863 1144 1908 autem
1174 1855 1242 1908 ad
1268 1853 1387 1922 ejus
1409 1858 1931 1912 consummationem
1958 1869 2101 1912 tem-

517 1947 671 2014 poris
701 1948 969 2018 superest)
1004 1949 1194 2004 venire
1228 1964 1334 2002 non
1362 1964 1519 2018 posse
1547 1949 1638 2004 ubi
1666 1959 1753 2004 est
1782 1949 1966 2015 Iesus,
1995 1952 2100 2007 hoc

499 2047 635 2104 'est,
664 2038 754 2093 ubi
798 2048 884 2093 est
928 2039 1163 2102 veritas,
1193 2048 1247 2095 et
1293 2040 1561 2108 sapientia
1587 2081 1603 2105 ,
1645 2050 1700 2096 et
1731 2041 1958 2109 Sermo;
1994 2043 2100 2099 hoc

514 2129 660 2182 enim
694 2129 995 2197 signiﬁcat,
1039 2131 1130 2183 ubi
1173 2140 1251 2185 est
1297 2131 1457 2185 Iesus
1498 2145 1517 2185 :
1558 2143 1616 2187 at
1665 2134 1929 2203 quosdam
1972 2136 2099 2191 novi

514 2219 607 2289 qui
642 2234 746 2273 non
776 2219 948 2273 solum
978 2221 1029 2274 in
1077 2221 1181 2276 hoc
1209 2221 1440 2289 saeculo,
1485 2237 1673 2277 verum
1713 2225 1882 2279 etiam
1917 2226 1973 2280 in
2006 2227 2097 2281 fu-

518 2318 642 2363 turo
674 2324 702 2362 a
755 2311 975 2377 proprio
1017 2322 1240 2381 peccato
1285 2312 1675 2380 detineantur,
1706 2315 1878 2370 veluti
1940 2316 2093 2386 istos,

514 2402 585 2454 de
612 2401 808 2467 quibus
839 2401 1011 2456 Filius
1047 2404 1139 2457 Dei
1169 2403 1434 2473 inquit”:
1459 2422 1478 2455 ι
1503 2405 1604 2473 Qui
1639 2406 2098 2478 blasphemaverit

515 2492 571 2546 in
602 2492 864 2561 Spiritum
905 2505 1192 2561 sanctum,
1255 2512 1363 2551 non
1418 2498 1647 2553 habebit
1692 2501 2093 2566 remissionem,

516 2599 694 2654 neque
755 2585 808 2638 iu
860 2590 1115 2655 praesenti
1185 2590 1414 2654 mulo.
1467 2607 1650 2662 neque
1696 2592 1751 2647 in
1810 2592 2031 2660 futuro;
2069 2614 2088 2648 ι

516 2692 618 2731 nec
643 2686 823 2732 tamen
854 2680 1140 2748 sequitur,
1170 2683 1213 2736 si
1254 2698 1361 2736 non
1407 2682 1571 2738 habet
1614 2682 1991 2739 remissionem
2040 2685 2093 2739 in

515 2765 699 2821 futuro
727 2769 962 2833 saeculo,
1000 2785 1107 2824 non
1140 2771 1342 2825 habere
1386 2771 1439 2825 in
1484 2771 1896 2838 superventuris
1924 2785 2095 2826 saecu-

514 2854 604 2909 lis.
638 2855 787 2911 Sane
824 2856 1122 2913 Heracleon
1161 2873 1443 2929 exponens
1484 2860 1779 2915 dictionem
1819 2861 2095 2933 gazophy-

513 2947 638 3003 lacii
665 2991 680 3017 ,
725 2951 862 3006 nihil
909 2952 1048 3007 dixit
1098 2954 1150 3008 in
1194 2970 1335 3009 eam.
1378 2952 1436 3008 ln
1498 2954 1602 3009 hoc
1637 2964 1819 3009 autem
1860 2941 2089 3020 dictum,

517 3059 540 3095 ι
566 3043 686 3110 Quo
710 3059 810 3112 ego
834 3046 976 3101 vado
994 3088 1010 3113 ,
1038 3060 1135 3101 vos
1175 3062 1282 3102 non
1309 3048 1533 3117 potestis
1562 3047 1788 3112 venire,
1824 3065 1845 3100 ι
1881 3048 2089 3119 inquit:

2207 1852 2429 1925 Πνεῦμα
2455 1852 2563 1925 (49)
2591 1852 2652 1906 τὸ
2682 1853 2856 1922 ἅγιον,
2875 1853 2977 1907 οὑκ
3007 1853 3120 1925 ἔχει
3152 1853 3343 1923 ἄφεσιν
3363 1852 3488 1907 οὔτε
3517 1854 3576 1906 ὲν
3606 1852 3780 1923 τούτῳ

2204 1942 2284 2015 τῷ
2325 1942 2506 2004 αίῶνι,
2542 1941 2665 1996 οὑτε
2691 1943 2752 1996 ὲν
2779 1941 2858 2012 τῷ
2895 1941 3158 2013 μέλλοντι·
3183 1960 3203 1992 ι
3237 1941 3298 1994 οὐ
3327 1940 3513 2012 μέντοι
3540 1956 3603 2009 γε
3632 1942 3680 1992 εί
3711 1938 3787 2011 μὴ

2205 2038 2261 2091 ὲν
2289 2034 2366 2106 τῷ
2410 2034 2657 2105 μέλλοντι
2682 2032 2794 2105 (50)
2844 2032 3021 2099 αἰῶνι,
3070 2032 3171 2104 ἤδη
3214 2032 3337 2086 οὑδὲ
3374 2032 3433 2086 ὲν
3472 2034 3586 2094 τοῖς
3625 2029 3786 2084 αἱῶσι

2202 2129 2314 2192 τοῖς
2343 2127 2748 2199 ἐπερχομένοις.
2788 2126 2846 2180 Ὀ
2875 2126 3058 2198 μέντοι
3082 2143 3146 2196 γε
3184 2124 3520 2196 Ἡρακλέων,
3554 2122 3784 2195 ἐκθέμε-

2202 2240 2292 2288 νος
2329 2222 2431 2295 τὴν
2474 2222 2602 2295 περὶ
2655 2219 2748 2275 τοῦ
2795 2218 3196 2290 γαζοφυλακίου
3238 2216 3405 2284 λέξιν,
3442 2216 3591 2271 οὐδὲν
3632 2210 3786 2268 εἶπεν

2203 2317 2283 2379 εἰς
2311 2316 2498 2387 αὑτήν.
2538 2316 2634 2380 Είς
2660 2314 2718 2369 δὲ
2741 2313 2824 2377 τὸ,
2858 2331 2877 2365 ι
2914 2314 3087 2366 Ὅπου
3118 2310 3229 2380 ἐγὼ
3266 2311 3485 2379 ὑπάγω,
3520 2310 3678 2379 ὑμεῖς
3712 2308 3774 2363 οὐ

2201 2407 2429 2461 δύνασθε
2469 2406 2706 2472 ὲλθεῖν,›
2743 2404 2906 2477 φησί’
2947 2423 2966 2457 ι
3015 2403 3141 2468 Πῶς
3166 2403 3277 2475 (51)
3323 2405 3381 2456 έν
3428 2401 3640 2472 ἀγνοίᾳ,
3688 2399 3785 2452 καὶ

2201 2498 2449 2570 ἀπιστίᾳ,
2477 2498 2571 2551 καὶ
2592 2498 2987 2569 ἁμαρτήμασιν
3012 2496 3187 2560 ὄντες,
3212 2497 3269 2548 ὲν
3294 2492 3573 2566 ἀφθαρσίᾳ
3595 2491 3786 2545 δύναν-

2200 2607 2290 2645 ται
2319 2589 2646 2659 γενέσθαιςι
2685 2589 2820 2661 μηδὲ
2865 2591 2922 2643 ὲν
2966 2587 3143 2657 τούτῳ
3188 2584 3506 2640 κατακούων
3552 2581 3775 2637 ἑαυτοῦ·

2201 2685 2251 2736 εί
2276 2681 2385 2755 γὰρ
2427 2683 2478 2735 οἱ
2516 2683 2574 2735 ὲν
2607 2682 2820 2754 ἀγνοίᾳ,
2865 2681 2960 2735 καὶ
2985 2678 3237 2750 ἀπιστίᾳ,
3272 2677 3369 2731 καὶ
3391 2676 3785 2748 ἁμαρτήμασιν

2200 2774 2373 2839 ὄντες,
2405 2776 2465 2828 ὲν
2510 2773 2792 2846 ἀφθαρσίᾳ
2829 2773 2888 2827 οὑ
2934 2772 3190 2827 δύνανται
3237 2769 3520 2841 γενέσθαι,
3569 2767 3687 2831 πῶς
3732 2767 3782 2818 οἱ

2200 2865 2512 2930 ἀπόστολοι,
2545 2866 2603 2918 ὲν
2630 2864 2825 2935 ἀγνοίᾳ
2850 2863 2962 2936 (52)
2988 2862 3140 2928 ποτὲ,
3183 2862 3279 2915 καὶ
3305 2862 3363 2913 ἐν
3401 2857 3650 2929 ἀπιστίᾳ,
3690 2854 3782 2910 καὶ

2200 2958 2259 3011 ὲν
2300 2957 2663 3028 ἁμαρτήμασι
2711 2957 3017 3027 γενόμενοι,
3065 2957 3123 3009 ὲν
3171 2951 3451 3025 ἀφθαρσίᾳ
3492 2950 3779 3031 γεγόνασις

2202 3047 2466 3104 Δύνανται
2497 3042 2589 3101 οὖν
2632 3047 2682 3099 οἱ
2717 3048 2774 3100 ὲν
2816 3046 3033 3117 ἀγνοίᾳ,
3067 3045 3163 3100 καὶ
3199 3046 3258 3098 ἐν
3304 3041 3551 3114 ἀπιστίᾳ,
3585 3040 3681 3094 καὶ
3724 3039 3783 3093 ὲν

516 3150 536 3186 ι
574 3132 856 3200 Quomodo
884 3139 976 3208 qui
1007 3138 1061 3191 in
1090 3138 1393 3208 ignorantia
1424 3149 1481 3192 et
1514 3139 1566 3192 in
1600 3138 1923 3194 inﬁdelitate
1944 3148 2093 3204 sunt,

2203 3141 2562 3212 ἁμαρτήμασι
2615 3139 2898 3210 γενόμενοι
2959 3136 3212 3207 γενέσθαι
3266 3137 3325 3189 ὲν
3376 3131 3690 3204 ἀφθαρσίᾳ,
3732 3131 3782 3183 εί

510 3234 565 3279 et
599 3227 651 3279 in
692 3230 963 3296 peccatis.
1002 3229 1447 3298 incorruptibiles
1484 3229 1601 3284 ﬁeri
1627 3231 1898 3300 possunt?
1932 3250 1951 3283 ι
1997 3246 2094 3286 ne-

2207 3231 2599 3303 μεταϐάλλοιεν
2620 3247 2634 3261 ·
2667 3230 2892 3287 δυνατὸν
2924 3231 2981 3283 δὲ
3018 3229 3217 3293 αὑτοὺς
3240 3227 3353 3300 (55)
3406 3223 3779 3298 μεταϐάλλειν.

509 3331 614 3384 que
641 3317 744 3373 hac
795 3320 846 3373 in
896 3335 957 3376 re
988 3321 1091 3376 sibi
1142 3323 1492 3376 consentiens
1539 3340 1555 3378 :
1592 3338 1715 3378 nam
1744 3324 1791 3380 si
1826 3325 1881 3379 in
1936 3325 2241 3394 ignorantia
2267 3365 2284 3392 ,
2309 3334 2366 3381 et
2404 3325 2457 3380 in
2508 3322 2923 3389 incredulitate,
2973 3332 3029 3376 et
3058 3322 3113 3375 in
3152 3322 3396 3391 peccatis
3432 3319 3779 3379 exsistentes,

515 3408 637 3465 ﬁeri
665 3425 771 3465 non
803 3421 1032 3481 possunt
1062 3411 1530 3482 incorruptibiles,
1577 3415 1850 3483 quomodo
1896 3415 2154 3483 apostoli,
2185 3415 2275 3485 qui
2321 3413 2611 3485 aliquando
2654 3412 2810 3469 fuere
2857 3412 2912 3466 in
2945 3410 3270 3482 ignorantia,
3308 3419 3366 3465 et
3407 3410 3461 3464 in
3494 3406 3784 3463 increduli-

510 3510 661 3569 tate,
713 3512 770 3558 et
807 3505 859 3558 in
910 3506 1150 3573 peccatis
1176 3544 1193 3569 ,
1245 3503 1374 3559 lacti
1422 3514 1555 3561 sunt
1608 3507 2092 3578 incorruptibiles?
2124 3507 2362 3564 Proinde
2408 3515 2638 3578 possunt
2678 3508 2768 3575 qui
2815 3508 2869 3560 in
2910 3506 3314 3571 incredulitate,
3351 3512 3407 3559 ct
3434 3504 3486 3557 in
3524 3502 3783 3573 ignoran-

510 3596 607 3661 tia,
631 3606 689 3651 et
720 3595 775 3649 in
806 3599 1046 3666 peccatis
1088 3608 1238 3665 sunt,
1268 3598 1385 3653 ﬁeri
1417 3600 1881 3669 incorruptibiles,
1916 3602 1962 3657 si
2004 3604 2400 3669 immutentur;
2439 3601 2706 3670 facileque
2735 3601 2898 3655 etiam
2940 3598 3086 3654 iactu
3117 3610 3203 3654 est
3233 3614 3328 3652 eos
3356 3599 3576 3652 mutari.

504 3708 521 3733 π
578 3689 635 3742 4.
683 3705 702 3739 ι
740 3688 1001 3745 Dicebant
1032 3705 1165 3761 ergo
1202 3689 1412 3745 Judaei:
1454 3691 1706 3760 Nunquid
1745 3694 1981 3763 seipsum
2012 3696 2094 3750 itt-

2271 3696 2325 3751 4.
2348 3714 2367 3747 ‹
2391 3695 2616 3765 Ἔλεγον
2632 3690 2724 3749 οὖν
2738 3696 2787 3747 οἱ
2818 3691 3243 3765 ἸουδαῖονξΜήτι
3260 3693 3550 3746 ἀποκτενεῖ
3567 3692 3776 3759 ἑαυτὸν,

508 3778 842 3834 terfecturus
861 3790 965 3847 est,
996 3781 1140 3849 quod
1175 3780 1311 3835 dicit
1354 3798 1370 3835 :
1404 3780 1524 3847 Quo
1546 3795 1646 3849 ego
1673 3783 1833 3851 vado,
1864 3799 1962 3840 vos
1984 3801 2092 3840 non

2203 3787 2282 3840 ὅτι
2343 3786 2525 3855 λέγει·
2590 3787 2764 3839 Ὅπου
2807 3781 2921 3854 ἐγὼ
2966 3783 3184 3852 ὑπάγω,
3228 3784 3387 3853 ὑμεῖς
3435 3784 3497 3836 οὐ
3550 3783 3779 3838 δύνασθε

507 3871 738 3940 potestis
769 3873 957 3927 venire
979 3873 1073 3926 ’ίῖ
1109 3892 1129 3926 ι
1167 3872 1396 3944 Dignum
1420 3878 1657 3944 quaesito
1695 3884 1781 3930 est
1814 3879 2084 3932 undenant

2203 3878 2399 3943 ὲλθεῖνς
2431 3896 2450 3930 ι
2490 3875 2673 3942 Ἀξιον
2715 3874 2951 3947 ζητῆσαι
2986 3874 3149 3928 πόθεν
3199 3873 3510 3945 κινηθέντες
3548 3876 3597 3928 οἱ
3642 3876 3776 3929 ἰου-

510 3964 639 4017 moti
670 3960 841 4018 Judaei
882 3965 949 4018 ad
1005 3965 1140 4021 illud
1184 3967 1420 4033 dictum,
1455 3985 1476 4020 ι
1506 3968 1627 4035 Quo
1652 3983 1754 4039 ego
1782 3969 1957 4036 vado,
1993 3985 2087 4026 vos

2203 3971 2330 4025 δαῖοι
2357 3970 2493 4042 πρὸς
2527 3970 2612 4036 τὸ,
2642 3988 2661 4021 ι
2688 3970 2863 4022 Ὅπου
2889 3965 3002 4036 ἐγὼ
3026 3968 3244 4036 ὑπάγω,
3268 3967 3427 4038 ὑμεῖς
3456 3968 3516 4021 οὑ
3546 3966 3776 4022 δύνασθε

510 4071 615 4110 non
647 4056 875 4124 potestis
898 4058 1092 4113 venire
1112 4099 1127 4122 ,
1153 4077 1172 4111 ι
1202 4059 1418 4115 dicant:
1453 4078 1474 4112 ι
1504 4058 1756 4130 Nunquid
1776 4059 2091 4117 interfectu-

2203 4063 2366 4117 ὲλθεῖν
2418 4063 2553 4134 (54),
2604 4082 2622 4114 ι
2662 4063 2797 4132 φασὶ
2846 4061 2933 4114 τό*
2973 4080 2991 4111 ι
3034 4062 3182 4130 Μήτι
3224 4060 3516 4113 ἀποκτενεῖ
3560 4059 3772 4122 ἑαυτὸν,

480 4161 601 4202 ’τιιε
632 4156 717 4202 est
743 4149 1012 4217 seipsum,
1065 4149 1208 4219 quod
1260 4152 1429 4208 dicit:
1488 4152 1608 4219 Quo
1646 4168 1747 4224 ego
1774 4154 1952 4220 vado,
1994 4170 2085 4210 ros

2203 4157 2267 4208 in
2323 4155 2504 4224 λέγει*
2560 4156 2734 4208 Ὅπου
2781 4153 2895 4223 ἐγὼ
2944 4153 3162 4221 ὑπάγω,
3224 4152 3381 4223 ὑμεῖς
3428 4152 3490 4205 οὐ
3543 4149 3773 4205 δύνασθε

507 4255 615 4295 non
646 4243 875 4311 potestis
908 4244 1137 4298 venire?
1167 4265 1186 4298 ι
1228 4244 1298 4300 Ut
1331 4261 1462 4301 vero
1483 4249 1647 4301 etiam
1676 4250 1838 4303 detur
1873 4247 2081 4316 simpli—

2203 4244 2360 4298 ιλθεῖν
2385 4262 2399 4311 ;
2424 4264 2442 4296 ι
2483 4246 2602 4300 Ἵνα
2631 4245 2689 4299 δὲ
2722 4247 2817 4299 καὶ
2841 4245 2967 4316 δοθῇ
3000 4243 3367 4314 ἁπλούστερον
3401 4244 3597 4307 αὑτοὺς
3618 4242 3774 4316 εἰρη-

506 4333 625 4386 cius
656 4347 750 4386 eos
800 4334 1032 4401 dixisse,
1065 4353 1085 4387 ι
1128 4336 1383 4405 Nunquid
1426 4337 1815 4393 interfecturus
1865 4348 1948 4393 est
1995 4354 2081 4394 se-

2203 4336 2338 4392 ιέναι
2366 4336 2459 4391 τό’
2501 4356 2519 4389 ι
2541 4338 2689 4408 Μήτι
2724 4338 3016 4392 ἀποκτενεῖ
3055 4336 3281 4402 έαυτόνς
3309 4355 3327 4386 ι
3372 4335 3491 4399 πῶς
3522 4337 3570 4388 οἱ
3612 4334 3773 4390 δυνά-

508 4422 724 4491 ipsum?
760 4443 779 4476 ι
811 4428 1084 4493 quomodo
1109 4429 1202 4497 qui
1226 4439 1479 4499 poterant
1509 4428 1717 4497 seipsos
1747 4429 2080 4495 interﬁcere,

2203 4445 2338 4482 ,ιενοι
2381 4428 2701 4483 ἀποκτεῖναι
2752 4430 3000 4493 ἑαυτοὺς,
3034 4428 3136 4483 κάν
3195 4426 3269 4500 μὴ
3314 4428 3613 4497 ἀναιρῶσιν
3646 4427 3773 4482 ἑαυ-

504 4517 850 4571 etiamsinon
895 4519 1230 4574 interﬁciant
1275 4523 1516 4590 seipsos,
1555 4536 1732 4590 neque
1764 4521 1961 4575 tradant
2015 4536 2081 4577 eo

2203 4523 2334 4585 τοὺς,
2368 4521 2504 4592 μηδὲ
2525 4523 2785 4591 γίνωνται
2808 4522 2941 4575 ὃπου
2974 4521 3003 4573 ὁ
3039 4520 3278 4591 ἀναιρῶν
3307 4520 3501 4573 ἑαυτὸν
3537 4519 3768 4589 γίνεται,

502 4622 611 4679 quo
635 4609 785 4663 vadit
814 4610 903 4677 qui
933 4611 1170 4681 seipsum
1203 4612 1493 4681 interﬁcit,
1524 4628 1590 4669 eo
1620 4614 1775 4666 abire
1811 4629 1918 4668 non
1952 4629 2081 4683 pos-

504 4712 630 4754 sunt
652 4715 761 4772 quo
790 4704 994 4756 recedit
1036 4703 1127 4774 qui
1160 4704 1399 4774 seipsum
1445 4704 1702 4759 interﬁcit
1726 4705 1751 4759 i
1776 4703 1963 4774 Itaque
1995 4719 2080 4757 re-

504 4793 807 4857 spondeant
834 4801 1051 4859 Oportet
1079 4794 1144 4848 ad
1190 4795 1307 4850 haec
1339 4796 1597 4864 quaesita,
1630 4796 1721 4865 qui
1766 4795 2080 4865 diligentius

502 4890 558 4932 et
589 4881 909 4949 profundius
939 4883 1248 4953 intelligunt
1276 4901 1399 4955 qua:
1440 4901 1471 4938 ι
1504 4883 1706 4940 Judteis
1736 4886 1989 4941 dicuntur
2023 4885 2076 4939 in

2186 4613 2247 4665 οὑ
2292 4611 2545 4667 δύνανται
2589 4612 2702 4683 (55)
2754 4612 2973 4666 ἀπιέναι
3023 4613 3157 4665 ὅπου
3209 4613 3239 4666 ὁ
3289 4611 3528 4683 ἀναιρῶν
3578 4611 3770 4667 ἑαυτὸν

2187 4705 2517 4776 ἀπέρχεταις
2553 4705 2787 4761 Λεκτέον
2814 4701 2907 4758 οὖν
2948 4704 3086 4776 πρὸς
3139 4703 3208 4757 τά
3254 4702 3565 4775 ζητούμενα
3594 4702 3769 4757 ταῦτα

2184 4799 2297 4861 τοῖς
2326 4796 2745 4868 ἐπιμελέστερον
2786 4797 2880 4850 καὶ
2915 4795 3210 4867 βαθύτερον
3251 4794 3509 4850 ἀκούουσι
3546 4795 3654 4850 τῶν
3682 4796 3770 4848 λε-

2184 4886 2430 4957 γομὲνων
2464 4887 2571 4941 ὑπὸ
2611 4887 2881 4942 Ἰουδαίων
2915 4888 2975 4940 ὲν
3015 4888 3130 4951 τοῖς
3178 4887 3555 4957 Εὑαγγελίοις,
3598 4885 3769 4957 σαφές

573 5042 618 5075 ¹⁷
647 5043 668 5097 l
694 5044 823 5104 Cor.
861 5059 943 5113 lit,
977 5044 1066 5100 15.
1145 5045 1191 5079 ⁸⁸
1218 5044 1377 5102 Joan.
1413 5064 1532 5115 vm,
1577 5049 1670 5104 2i.
1742 5051 1785 5084 η
1814 5048 1971 5107 Joan.
2005 5066 2097 5105 xm

2203 5047 2244 5105 5.
2321 5047 2368 5080 ³⁸
2402 5046 2592 5101 Matth.
2612 5062 2708 5109 ιιι,
2733 5047 2823 5102 52.
2904 5049 2947 5079 ’³
2969 5045 3256 5111 .Ιοιηι.νιιι,
3279 5045 3370 5101 22.

471 5254 475 5258 ,
571 5197 806 5275 (4818b;
834 5198 1389 5275 recte_ha_bet‘codeg_
1410 5202 1753 5275 B_odleia_nus,
1783 5219 2068 5275 perperam

498 5269 868 5341 veroﬁegius
890 5281 944 5323 et
972 5270 1323 5341 Barheriuus,
1347 5270 1404 5341 δὲ
1442 5268 1723 5341 δύνησθαι.

571 5336 683 5415 (i9)
702 5336 1025 5415 _Legendum
1055 5340 1272 5394 videtur
1304 5340 1403 5394 ὲάν
1456 5336 1944 5415 βλασφημήσῃ“τις
1993 5345 2075 5410 εἰς

498 5405 558 5458 τὸ
589 5405 831 5477 Πνεῦμα,
862 5419 968 5463 etc.

2178 5411 2501 5486 δαῑοι’πρὸς
2523 5418 2625 5486 τό·
2666 5411 2859 5470 ’Ὅπου
2878 5416 2993 5485 ἐγὼ
3021 5415 3249 5486 tandm,
3272 5411 3444 5483 ὑμεῖς
3484 5415 3554 5486 οὐ

2251 5204 2365 5277 (52)
2407 5205 2510 5260 Ἐν
2522 5206 2752 5277 ἀγνοίᾳ.
2768 5204 2823 5259 ln
2843 5206 3027 5262 codice
3040 5204 3221 5277 Regio
3240 5203 3763 5277 maleomittiturey.

2252 5273 2365 5337 (53)
2399 5273 2668 5330 Δυνατόν
2693 5273 2760 5329 δὲ
2774 5277 3014 5343 αὐτούς.
3040 5275 3097 5329 lu
3122 5276 3290 5341 Hegio
3309 5273 3495 5343 codice
3518 5276 3667 5327 deest
3682 5273 3760 5327 δέ.

2250 5344 2363 5415 (54)
2396 5346 2608 5410 ’Ἄξιον
2629 5344 2876 5413 ζητῆσαι
2918 5341 3104 5402 πόθεν
3135 5341 3482 5409 κινηθέντες
3510 5345 3565 5396 οἱ
3619 5344 3761 5397 Ἰου-

2250 5414 2333 5466 ιῖοι
2352 5414 2501 5466 nodo
2523 5418 2590 5466 τό
2612 5432 2625 5445 ·
2666 5417 2859 5466 ’Ὅπου
2878 5416 2993 5466 ἐγὼ
3021 5415 3249 5466 ὑπάγω.
3272 5411 3444 5466 ὑμεῖς
3484 5415 3554 5466 οὐ
3578 5411 3763 5466 δύνα-

570 5478 682 5545 (50)
707 5480 787 5555 ρύ
802 5477 1011 5555 peregi
1030 5495 1095 5555 re
1112 5478 1265 5555 εῑμὴ
1290 5479 1360 5532 ἐν
1380 5479 1460 5555 τῷ
1478 5480 1786 5555 μέλλοντι.
1815 5483 2073 5553 Agnoscis

2203 5488 2290 5538 r08
2308 5477 2527 5540 ὲλῡεῐίη.
2566 5485 2689 5555 Hmc
2717 5477 3095 5540 desiderantur
3126 5477 3178 5539 in
3205 5477 3378 5555 Regio
3406 5477 3593 5539 codice
3620 5520 3640 5541 .
3662 5482 3760 5537 sed

500 5545 587 5600 hic
619 5545 821 5622 sentina
878 5545 1195 5622 Qrige'niani'
1251 5545 1494 5622 erroris;
1531 5554 1625 5622 qui
1685 5545 2073 5609 damnatorum

496 5617 676 5685 poenis
711 5619 873 5673 linem
903 5617 1233 5685 imponebat.
1259 5619 1523 5676 HUETIUS.

570 5683 683 5749 (5i)
710 5686 889 5742 Codex
915 5683 1137 5755 Regius,
1173 5689 1307 5756 φησὶ
1329 5690 1456 5758 γάρ·
1488 5691 1635 5759 Πῶς,
1663 5702 1769 5747 etc.

2192 5556 2557 5609 restituuntur
2583 5571 2612 5608 e
2645 5554 2957 5609 Bodleiano.

2263 5623 2377 5696 (55)
2408 5625 2585 5680 Codex
2616 5624 2833 5694 Regius,
2867 5640 3176 5696 perperam,
3199 5623 3445 5681 δύναται.
