4196 6398
492 339 599 395 553

1546 342 1902 399 COMMENT.
1937 342 2001 397 IN
2040 341 2234 397 JOAN.
2271 341 2507 398 TOMUS
2544 340 2683 396 XIX.

3621 349 3727 403 554

492 458 657 521 ἐστιν,
688 455 768 508 ὅτι
796 455 965 509 πολλά
990 457 1100 527 (56)
1135 459 1276 512 κατά
1298 476 1448 523 τινας
1474 463 1793 532 παραδόσεις
1821 465 2045 536 ἀπορρῆ

2170 463 2509 532 Evangeliis,
2544 462 2750 516 clarum
2799 476 2922 518 esse
2950 460 3167 518 Iudaeos
3211 464 3377 519 multa
3431 471 3728 523 secundum

489 565 612 609 τους
635 548 729 601 κα)⁵
754 550 1231 620 ἀνακεχωρηκυίας
1258 551 1459 619 ελεγον,
1483 552 1559 615 ὡς
1582 556 1878 621 ἐγνωκότες
1899 556 2060 627 ἕτεροι

492 639 641 709 παρά
665 640 731 694 τὰ
754 640 907 693 γοινά
940 642 1032 695 καὶ
1064 643 1538 713 κατημαξευμένα.
1574 645 1742 697 Ἑπάν
1775 646 1831 698 δὲ
1862 646 2060 717 ἴδωμεν

491 732 556 782 ἐκ
583 731 680 800 τῆς
712 731 1061 802 παραθέσεως
1083 734 1192 786 τῶν
1225 734 1404 804 ῥητῶν
1442 739 1645 797 ἐκεῖνα,
1676 737 1794 789 τότε
1829 735 2057 809 ζητήσο-

490 840 590 892 μεν
620 823 668 874 εἰ
694 824 787 876 καὶ
829 824 987 877 τοῦτο
1012 827 1103 879 ὑπ’
1132 827 1311 881 αὐτῶν
1342 828 1470 898 περὶ
1496 827 1590 880 τοῦ
1617 830 1864 900 Σωτῆρος
1901 830 2058 898 λέγε-

487 932 596 978 ται,
642 914 935 987 βαθύτερόν
980 934 1032 970 τι
1084 917 1411 988 βλεπόντων.
1451 920 1567 972 Ὅτι
1601 920 1657 973 δὲ
1690 920 1827 973 κατά
1865 922 2059 974 ἀνακε-

486 1005 807 1075 χωρηκότας
834 1005 1044 1073 λόγους,
1069 1009 1163 1062 καὶ
1188 1008 1260 1079 μὴ
1282 1008 1799 1080 καθημαξευμένους
1824 1011 2058 1082 ἔφασκον

484 1095 578 1148 τὸν
610 1097 794 1151 ἄδολον
822 1098 933 1169 (57)
982 1100 1040 1152 ἐν
1092 1100 1417 1164 Βεελζεϐοὺλ
1448 1101 1526 1172 τῷ
1557 1104 1777 1173 ἄρχοντι
1808 1103 1915 1156 τῶν
1945 1104 2057 1156 δαι-

490 1187 684 1255 μονίων
736 1189 1018 1243 ἐκϐάλλειν
1065 1190 1133 1243 τὰ
1180 1191 1452 1261 δαιμόνια,
1506 1193 1722 1257 πάντως
1769 1194 1876 1263 γὰρ
1931 1195 2058 1265 περὶ

483 1277 750 1347 δαιμόνων
781 1296 833 1331 τι
871 1297 933 1349 με
944 1279 1301 1351 μαθήκεισαν,
1332 1283 1425 1335 καὶ
1457 1282 1551 1335 τοῦ
1588 1282 1847 1353 ἄρχοντος
1876 1283 2056 1337 αὐτῶν

483 1367 544 1420 τὸ
570 1367 738 1438 δνομα
768 1368 1123 1433 Βεελζεϐούλ·
1165 1370 1338 1424 ταῦτα
1380 1371 1436 1424 δὲ
1484 1375 1544 1425 οὐ
1592 1371 1733 1425 πάνυ
1766 1390 1819 1424 τι
1859 1376 1915 1425 ἐν
1944 1377 2055 1437 τοῖς

485 1459 805 1529 φερομένοις
854 1464 1025 1514 κεῖται
1068 1460 1292 1531 βιϐλίοις
1315 1460 1450 1529 (58),
1498 1462 1590 1514 καὶ
1639 1469 1911 1534 μαρτυρία
1960 1463 2053 1515 τοῦ

482 1550 735 1621 Σωτῆρος
775 1551 834 1603 οὐ
864 1552 1045 1621 ψεύδει
1067 1553 1145 1623 τῷ
1175 1551 1502 1616 Βεελζεϐοὺλ
1524 1552 1696 1621 λόγων
1728 1553 1894 1607 ὄντων
1920 1554 2050 1626 (59)·

489 1645 590 1697 «Εἰ
634 1643 743 1713 ἐγὼ
786 1646 846 1697 ἐν
895 1643 1220 1709 Βεελζεὸοὺλ
1271 1644 1517 1698 ἐκϐάλλω
1561 1645 1627 1698 τὰ
1672 1644 1944 1715 δαιμόνια,
2004 1648 2053 1698 οἱ

483 1737 589 1789 υἱοὶ
623 1736 776 1807 ὑμῶν
808 1738 865 1789 ἐν
897 1737 1001 1789 τίνι
1028 1735 1382 1797 ἐκϐἀλλουσις
1409 1755 1427 1787 ›
1473 1736 1918 1808 Παραδεξάμενος
1942 1736 2051 1805 (60)

2161 557 2426 625 quasdam
2478 556 2801 611 traditiones
2842 556 3084 611 occultas
3115 568 3170 612 et
3218 574 3500 626 separatas
3546 562 3727 630 loqui;

2162 656 2417 715 tanquam
2451 648 2541 717 qui
2572 646 2676 701 alia
2699 648 2987 715 cognorim
3033 660 3231 716 praeter
3276 665 3338 702 ea
3366 665 3485 717 qua;
3516 652 3731 717 publica

2161 750 2316 794 erant
2355 740 2516 810 297
2552 748 2602 793 et
2645 740 2795 792 trita.
2824 738 2956 793 Cum
2990 752 3169 794 autem
3212 740 3507 794 viderimus
3541 756 3604 796 ex
3638 759 3732 811 ap-

2161 832 2425 900 positiune
2456 833 2724 884 dictorum
2754 829 2864 892 illa,
2900 841 3030 884 tunc
3060 844 3369 899 quaeremus
3402 846 3527 883 num
3563 832 3729 886 etiam

2162 924 2263 977 hoc
2293 922 2360 976 ab
2394 923 2523 991 ipsis
2547 922 2612 975 de
2640 921 2931 975 Servatorc
2960 921 3193 983 dicatur,
3230 921 3537 975 videntibus
3567 923 3728 991 quid-

2160 1013 2280 1066 dam
2313 1011 2650 1080 profundius.
2694 1010 2960 1076 Quoniam
3010 1026 3142 1067 vero
3188 1011 3483 1066 secundum
3514 1028 3727 1083 separa-

2138 1110 2245 1157 tas
2278 1103 2609 1171 minimeque
2635 1101 2884 1172 vulgares
2913 1103 3170 1165 rationes,
3200 1102 3284 1156 vel
3313 1118 3612 1165 sermones,
3645 1105 3729 1157 di-

2159 1192 2354 1245 cebant
2379 1207 2501 1244 eum
2525 1233 2538 1254 ,
2568 1192 2661 1260 qui
2691 1193 2808 1245 sine
2834 1190 2956 1243 dolo
2981 1202 3120 1253 erat,
3160 1192 3211 1244 in
3244 1193 3488 1260 principe
3527 1195 3730 1248 damno-

2160 1282 2370 1336 niorum
2417 1280 2705 1336 Beelzebul
2748 1282 2948 1348 ejicere
2997 1283 3260 1336 daemonia
3288 1285 3357 1347 “,
3389 1285 3612 1339 omnino
3661 1287 3731 1339 de

2158 1373 2492 1427 dminooibus
2558 1372 2734 1441 deque
2778 1387 2965 1426 eorum
3014 1373 3256 1441 principe
3295 1373 3583 1430 Beelzebul
3630 1392 3731 1432 no-

2158 1465 2303 1518 mine
2348 1464 2605 1518 nonnulla
2658 1465 3142 1533 didicerant,qu
3179 1466 3318 1521 haud
3358 1467 3432 1522 ita
3456 1480 3729 1538 ponuntur

2158 1555 2210 1608 in
2264 1554 2415 1607 libris
2467 1554 2557 1623 qui
2613 1553 3076 1610 circumferuntur
3131 1574 3145 1610 :
3196 1558 3610 1630 Servatorisque
3663 1564 3729 1617 de

2158 1643 2440 1699 Beelzebul
2468 1644 2832 1699 testimonium
2860 1644 2961 1699 hoc
2990 1662 3097 1700 non
3123 1655 3205 1701 est
3238 1648 3432 1702 falsum
3460 1669 3473 1704 :
3506 1671 3524 1702 ι
3550 1653 3605 1706 Si
3629 1668 3733 1725 ego

2158 1736 2211 1788 in
2243 1735 2527 1790 Beelzebul
2565 1736 2722 1805 ejicto
2761 1735 3048 1801 daemonia,
3077 1737 3168 1792 lilii
3205 1741 3369 1794 vestri
3402 1741 3453 1793 in
3489 1743 3751 1812 quonam

481 1828 589 1897 γὰρ
616 1826 678 1880 τὸ
708 1824 842 1881 εἶναι
883 1845 1004 1880 τινα
1045 1825 1135 1879 τὸν
1168 1826 1512 1891 Βεελζεϐοὺλ,
1549 1828 1641 1880 καὶ
1679 1828 1768 1881 τὸν
1802 1830 1859 1880 ἐν
1906 1828 2045 1899 αὐτῷ

2156 1825 2380 1895 ejiciunt
2418 1826 2500 1880 "‘3
2535 1846 2555 1879 ι
2585 1826 2722 1882 Cum
2770 1830 2913 1882 enim
2955 1828 3265 1884 admisisset
3296 1844 3415 1885 esse
3437 1834 3730 1903 quemdam

481 1917 807 1972 ἐκὸἀλλοντα
842 1918 909 1971 τὰ
949 1916 1202 1988 δαιμόνια
1246 1917 1407 1969 οἱονεὶ
1441 1916 1706 1987 μερισμόν
1741 1933 1862 1969 τινα
1902 1917 2055 1988 svsp-

480 2013 594 2079 γεῖν
623 2008 717 2062 τοῦ
764 2010 977 2062 Σατανά
1020 2006 1260 2076 γίνεσθαι
1293 2008 1377 2075 ἐφ’
1422 2008 1633 2073 ἐαυτὸν,
1666 2007 1838 2060 ταῦτά
1865 2024 2047 2077 φησιν.

492 2100 833 2171 Ἐσφάλησαν
879 2099 976 2171 μὲν
1017 2095 1109 2153 οὖν
1160 2099 1409 2167 λέγοντες
1454 2100 1512 2150 ἐν
1567 2097 1894 2161 Βεελζεὸοὺλ
1946 2097 2051 2149 ὑπὸ
2098 2123 2105 2129 -

476 2192 568 2245 τοῦ
587 2191 835 2263 Σωτῆρος
858 2190 1212 2244 ἐκϐάλλεσθαι
1236 2189 1303 2244 τὰ
1326 2190 1606 2259 δαιμόνια·
1632 2188 2049 2259 κατειλήφεισαν

478 2281 555 2343 δὲ,
587 2282 667 2334 ὅτι
708 2280 793 2351 εἴη
842 2298 924 2344 τις
971 2278 1294 2344 Βεελζεεοὺλ
1327 2280 1508 2351 ἄρχων
1540 2278 1849 2348 δαιμονίων.
1891 2278 2052 2331 Ἀλλὰ

477 2373 571 2426 καὶ
604 2372 698 2426 ἐὰν
724 2372 925 2440 λέγωσι
960 2372 1087 2443 περὶ
1123 2372 1217 2425 τοῦ
1254 2371 1451 2443 Ἰησοῦ,
1479 2372 1560 2424 ὅτι
1593 2372 1753 2434 αὐτὸς
1798 2370 2051 2441 Ἰωάννης

477 2464 645 2526 ἐστὶν,
677 2464 912 2527 ἀναστὰς
941 2465 1049 2517 ἀπὸ
1083 2463 1189 2516 τῶν
1217 2463 1446 2535 νεκρῶν,
1476 2464 1508 2533 ἢ
1544 2458 1624 2527 εἷς
1657 2480 1738 2527 τις
1770 2461 1879 2514 τῶν
1913 2478 2048 2533 προ-

476 2556 682 2626 φητῶν,
714 2557 931 2618 πάντως
961 2556 1138 2626 δόγμα
1181 2555 1393 2626 ἔχοντες
1426 2555 1553 2624 περὶ
1584 2554 1782 2624 ψυχῆς,
1814 2554 1887 2617 ὡς
1920 2552 2048 2623 ἐξη-

474 2650 717 2720 τάσαμεν
766 2651 823 2702 ἐν
881 2651 993 2713 τοῖς
1032 2649 1161 2718 περὶ
1210 2647 1481 2712 Ἰωάννου,
1524 2644 1749 2700 τοιαῦτα
1784 2645 1911 2716 περὶ
1952 2642 2047 2698 τοῦ

474 2740 725 2811 Σωτῆρος
772 2739 1107 2794 ὑπονοοῦσιν.
1147 2739 1307 2805 Εἰκὸς
1352 2739 1407 2793 δὲ
1440 2739 1533 2793 καὶ
1561 2737 1694 2793 ἄλλα
1724 2735 1953 2808 μυρξαῆ
1986 2737 2049 2788 ἐκ

474 2830 822 2902 παραδόσεως
868 2830 901 2901 ἢ
946 2830 1006 2895 ἐξ
1058 2829 1392 2901 ἀποκρύφων
1424 2828 1618 2890 αὐτοὺς
1652 2827 1850 2880 εἰδέναι
1898 2826 2049 2897 παρὰ

469 2922 597 2986 τοὺς
624 2920 866 2984 πολλούς.
888 2920 1114 2990 ’ῐδωμεν
1134 2916 1226 2973 οῦν
1253 2921 1345 2973 καὶ
1368 2921 1447 2983 εἰς
1470 2921 1529 2972 τό
1546 2937 1559 2949 ο
1600 2938 1617 2969 ι
1643 2919 1787 2989 Μήτι
1816 2919 2049 2971 ἀποκτε-

470 3009 554 3059 νεῖ
606 3008 831 3072 ἐαυτόν;
858 3028 876 3058 ι
928 3008 976 3060 εἰ
1030 3007 1279 3060 δύνανται
1344 3007 1418 3078 μὴ
1478 3006 1781 3077 κοινότερόν
1843 3023 1897 3059 τι
1952 3006 2047 3061 καί

471 3098 834 3170 ἁπλούστερον
868 3099 1211 3170 νενοηκέναι·
1248 3098 1322 3162 ὡς
1356 3098 1545 3151 ἐαυτὸν
1571 3097 1929 3167 ἐξαγαγόντος
1948 3096 2044 3153 τοῦ

2155 1914 2439 1971 Beelzebul
2462 1956 2475 1980 ,
2500 1928 2555 1969 et
2584 1916 2675 1985 qui
2719 1914 2864 1969 illius
2895 1916 3151 1985 praesidio
3184 1918 3446 1973 dzemonia
3479 1919 3723 1986 ejiceret,

2152 2006 2437 2061 dissidium
2471 2006 2637 2060 veluti
2680 2007 2948 2076 quoddam
2986 2007 3201 2063 Satanas
3226 2011 3467 2078 operari,
3493 2028 3557 2065 eo
3583 2017 3727 2082 quod

2152 2111 2335 2152 secum
2363 2098 2477 2166 ipse
2498 2098 2807 2165 dissideret,
2838 2100 2954 2153 bzec
2974 2099 3163 2167 inquit.
3201 2103 3377 2168 Atque
3406 2103 3479 2156 illi
3506 2089 3734 2172 quidem.

2153 2187 2409 2242 errabant
2434 2187 2674 2242 dicentes
2702 2204 2798 2257 per
2827 2189 3109 2243 Beelzebul
3141 2188 3483 2245 Servatorem
3521 2194 3724 2249 άαιηιο-

2153 2276 2241 2329 nis
2268 2276 2467 2343 ejicere
2493 2293 2507 2339 ;
2535 2287 2887 2344 perceperant
2915 2286 3093 2332 tamen
3117 2293 3239 2331 esse
3262 2281 3550 2347 quemdam
3576 2282 3729 2335 Beel-

2153 2365 2311 2421 zebul
2339 2366 2642 2435 principem
2671 2369 3082 2422 danuouiorum.
3126 2368 3265 2433 Quin
3296 2372 3460 2425 etiam
3491 2388 3611 2427 cum
3643 2376 3725 2427 di-

2152 2466 2281 2512 cunt
2307 2459 2373 2511 de
2400 2455 2525 2513 Jesu
2558 2462 2698 2527 quod
2741 2460 2857 2528 ipse
2901 2461 2976 2514 sit
3013 2459 3249 2517 Joannes
3283 2465 3372 2532 qui
3410 2480 3440 2517 a
3497 2468 3728 2520 mortuis

2155 2550 2484 2613 resurrexit,
2526 2550 2607 2603 vel
2653 2566 2792 2603 unus
2833 2549 3033 2620 aliquis
3072 2556 3458 2621 prophetarum
3486 2555 3552 2619 ",
3595 2557 3726 2611 talia

2151 2639 2219 2693 de
2243 2639 2534 2693 Servatore
2564 2641 2837 2708 cogitant,
2871 2641 3063 2712 dogma
3095 2646 3320 2698 omnino
3362 2646 3623 2701 habentes
3654 2648 3723 2701 de

2149 2729 2329 2784 anima
2356 2769 2372 2793 ,
2403 2740 2461 2785 ut
2487 2742 2644 2786 antea
2675 2744 2930 2787 accurate
2970 2737 3362 2804 exquisivimus
3408 2739 3474 2794 de
3513 2737 3725 2797 Joanne

2156 2829 2476 2877 tractantes.
2504 2822 2736 2878 Proinde
2763 2826 3041 2893 probabile
3071 2837 3155 2881 est
3182 2843 3279 2881 eos
3307 2829 3409 2883 alia
3436 2831 3725 2888 innumera

2149 2910 2232 2965 vel
2258 2925 2326 2965 ex
2357 2913 2678 2979 traditione,
2717 2915 2800 2969 vel
2827 2931 2895 2969 ex
2933 2920 3162 2974 occultis
3206 2921 3357 2974 libris
3388 2922 3570 2988 scire,
3616 2942 3727 2995 pm:

2149 3004 2351 3058 multis.
2375 3004 2665 3061 Videamus
2694 3007 2857 3076 igitur
2881 3009 3043 3063 etiam
3074 3012 3126 3065 in
3154 3013 3292 3067 hoc:
3326 3031 3345 3063 ι
3372 3013 3623 3085 Nunquid
3649 3020 3732 3072 in-

2151 3096 2482 3150 terfecturus
2540 3107 2622 3151 est
2677 3100 2914 3168 seipsum
2949 3102 3017 3169 ¹³,
3072 3121 3091 3153 ι
3139 3121 3205 3156 an
3250 3104 3407 3161 facile
3454 3108 3603 3162 factu
3650 3112 3723 3164 sit

472 3188 585 3259 βίου
614 3189 730 3259 ἦτοι
764 3188 988 3260 ἀγχόνῃ,
1020 3189 1052 3259 ἢ
1082 3187 1243 3258 ξίφει,
1272 3189 1304 3258 ἢ
1357 3188 1518 3259 ὁποίᾳ
1551 3187 1751 3258 δήποτε
1797 3185 1903 3257 ὁδῷ
1932 3188 2042 3242 τῶν

2148 3184 2364 3242 Jndzeos
2400 3203 2505 3240 non
2542 3188 2880 3244 intellexisse
2920 3192 3215 3262 quidquam
3258 3197 3600 3251 comnmnius
3645 3200 3727 3253 vel

467 3278 713 3332 ἐντεῦθεν
741 3280 965 3343 ἑαυτοὺς
997 3279 1448 3333 ἀπαλλαττόντων
1469 3295 1482 3307 ·
1524 3280 1617 3331 καὶ
1647 3279 1881 3349 μάλιστα
1923 3277 2045 3333 ἐπεὶ

466 3369 668 3423 οἴονται
702 3369 860 3422 αὐτὸν
881 3370 1072 3423 ἑαυτὸν
1097 3369 1489 3422 ἀποκτείναντα
1513 3368 1622 3438 (61)
1646 3368 2043 3423 ἀπελεύσεσθαι

466 3461 547 3522 εἰς
571 3459 755 3523 τόπον,
788 3461 867 3523 εἰς
898 3459 955 3513 ὃν
993 3459 1251 3513 ἀδύνατον
1289 3454 1357 3529 ἦν
1400 3458 1597 3522 αὐτοὺς
1635 3459 1915 3527 γενέσθαιο
1950 3462 2043 3514 καὶ

465 3553 514 3605 εἰ
564 3552 638 3623 μὴ
683 3551 1197 3623 δεισιδαιμονοῦντὲς
1236 3570 1298 3622 γε
1346 3553 1472 3624 περὶ
1505 3553 1573 3605 τά
1614 3552 1875 3621 ὀνόματα,
1908 3552 2040 3608 ἀλλὰ

467 3643 748 3715 βλέποντες
768 3642 836 3696 τὰ
862 3642 1162 3715 πράγματα
1200 3643 1273 3714 μὴ
1305 3643 1681 3713 εὑρισκόμενοι
1706 3641 1815 3711 (62)
1860 3641 2044 3706 ἄλλοις

461 3734 686 3807 ὀνόμασι
705 3734 939 3807 χρῆσθαι
955 3735 1097 3789 κατά
1114 3735 1220 3788 τῶν
1242 3735 1595 3805 πραγμάτων,
1616 3734 1773 3803 τάχα,
1796 3733 1859 3786 ἵν’
1877 3732 2046 3797 οὕτως

463 3827 630 3891 εἴπω,
696 3826 966 3898 θειότερον
1023 3826 1229 3898 Ἰησοῦς
1283 3827 1445 3879 αὑτὸν
1492 3827 1842 3879 ἀπέκτεινενο
1903 3826 2040 3896 ὅπερ

463 3919 634 3983 οὕτως
658 3920 1019 3991 παρέσταμεν.
1050 3918 1274 3972 Πάντων
1306 3920 1403 3989 μὲν
1440 3920 1495 3972 αἱ
1527 3917 1698 3988 ψυχαὶ
1732 3916 1841 3969 τῶν
1867 3916 2042 3970 ἀπαλ-

462 4010 802 4083 λαττομένων
851 4011 944 4064 τοῦ
1003 4011 1272 4082 σώματος,
1320 4009 1692 4064 ἀπαιτούντων
1741 4006 1902 4062 τινῶν
1940 4009 2039 4061 αὑ-

461 4102 561 4167 τὰς
585 4102 692 4175 (65)
717 4102 826 4156 τῶν
854 4103 946 4156 ἐπὶ
978 4102 1134 4157 τοῦτο
1180 4101 1547 4173 τεταγμένων,
1581 4102 2037 4174 παραλαμϐάνον-

533 4246 578 4278 ¹¹¹
605 4245 795 4300 Matth.
826 4262 924 4312 xu,
946 4246 1018 4300 24
1041 4263 1056 4308 ;
1082 4244 1217 4301 Luc.
1243 4261 1318 4310 XI,
1343 4244 1431 4300 i5.

534 4363 647 4432 (56)
676 4362 899 4417 Πολλά.
932 4364 1091 4417 Deest
1121 4364 1171 4415 iu
1201 4364 1384 4417 codice
1412 4362 1600 4430 Rogio.

461 4503 492 4559 λ
533 4434 645 4503 (57)
667 4435 894 4489 Codices
932 4433 1133 4500 Regius
1164 4443 1217 4486 et
1265 4434 1632 4497 Barberinus,
1684 4433 1847 4497 male,
1908 4432 2038 4504 ἄδη-

494 4520 571 4558 ον.

494 4520 571 4558 ον.

461 4568 645 4697 ἑλῶϐ)
704 4572 868 4628 Iidem
926 4573 1086 4628 codd.
1140 4571 1342 4643 Regius
1421 4583 1476 4626 et
1537 4572 1907 4636 Barberinus,
1964 4571 2038 4640 βί-

529 4660 626 4697 om.

529 4660 626 4696 οις.

484 4660 644 4784 ἷλῖὲίῗ)
663 4714 745 4767 οὐ
774 4711 983 4784 ψεύδει
1037 4709 1119 4776 τῷ
1159 4710 1520 4784 Βεελζεᾷοὺλ
1571 4712 1769 4784 λόγων
1815 4711 2032 4784 Δὄντα)νὲ

461 4780 636 4838 Locus
661 4780 840 4837 ruendi
870 4782 1026 4835 valde
1043 4796 1328 4848 suspectus
1380 4781 1521 4850 Lego
1546 4797 1667 4850 cum
1706 4780 1956 4835 Perionio
1973 4781 2034 4834 οὐ

460 4852 660 4925 ψευδὴς
685 4854 812 4925 περ).
836 4850 929 4925 τοῦ
959 4850 1304 4925 Βεελζεϐοὺλᾼ,
1336 4848 1584 4925 λέγοντος
1610 4848 1785 4925 οῦτως
1813 4868 1825 4881 ·
1859 4865 2035 4925 neque

461 4920 809 4988 euitn'plaret
848 4924 1006 4975 lectio
1038 4924 1241 4977 codicis
1276 4922 1551 4975 Botlleiaui
1580 4922 1671 4988 qui
1701 4937 1797 4988 pro
1820 4920 1880 4972 οὐ
1910 4920 2035 4987 ills-:13-

460 4993 541 5046 δει
570 4991 645 5062 τῷ
668 4991 1010 5056 Βεελζεϐούλ,
1036 5006 1169 5054 etc.,
1192 4993 1351 5046 habet
1369 4991 1580 5061 ψευδῶν
1604 4991 1732 5061 περὶ
1763 4990 1855 5043 τοῦ
1878 4990 2036 5044 Βεελ-

463 5062 655 5128 ζεϐοὺλ
682 5063 854 5131 λόγων
875 5062 1063 5115 ὄντων.

535 5133 645 5202 (60)
676 5128 854 5202 Cuich
886 5132 1104 5202 Regius,
1131 5128 1588 5200 παραδεξάμενοι.

534 5198 845 5273 (61)Αὺτὸν
877 5198 1095 5273 ἑαυτὸν
1125 5198 1581 5273 agonali-grta.
1608 5198 1700 5252 Sic
1753 5200 1915 5273 habet
1942 5216 2033 5255 co-

464 5269 567 5325 dex
601 5269 943 5332 Bodleianns,
973 5271 1171 5338 Regius
1200 5285 1347 5335 vero,
1369 5270 1530 5322 αὐτὸν
1552 5269 1958 5322 ἀποκτείνοντα.

538 5342 650 5409 (62)
709 5342 891 5395 Codex
947 5340 1290 5400 Bodleianus,
1341 5339 1755 5409 εὑρισκόμενον
1808 5340 2028 5408 Regius,

465 5411 851 5482 εὑρισκόμενα.
887 5410 1195 5482 Legeudntn
1227 5410 1438 5482 videtur
1463 5410 1807 5482 εὑρίσκομεν.

535 5476 646 5552 (65)
683 5476 1124 5552 Ἀπαιτούντωνς
1146 5476 1324 5532 τινῶν
1348 5476 1544 5552 αὐτάςξ
1563 5520 1577 5544 ,
1610 5476 1714 5552 etc.
1771 5479 2031 5552 Origenes

466 5548 602 5618 infra
629 5548 760 5604 toni.
787 5566 957 5604 xxvttt
993 5550 1045 5601 iu
1092 5549 1277 5613 Joan.,
1346 5566 1493 5618 nunt.
1528 5548 1582 5614 5,
1621 5549 1772 5618 Τάχα
1830 5548 1885 5599 δὲ
1938 5548 2031 5599 καὶ

463 5617 600 5673 εἶδεν
630 5623 659 5674 ό
685 5619 1002 5691 τηλικοῦτος
1036 5618 1364 5691 Ἰησοῦς-καὶ
1397 5617 1494 5691 τῂν
1521 5617 1891 5691 ψυχὴναῦτὴν
1937 5618 2029 5691 τοῦ

462 5686 889 5762 Λα-ζάρουξῆτοι
923 5686 1197 5760 ἀγομένην
1228 5688 1340 5762 ’ὑπὸ
1379 5688 1486 5762 τῶν
1535 5686 1882 5756 τεταγμένων
1938 5686 2030 5762 ἐπὶ

460 5758 668 5832 τούτοις
702 5762 757 5832 ἢ,
787 5758 905 5832 ἐειο.⁸
930 5758 1104 5829 Supra
1134 5758 1349 5832 scripsit
1373 5758 1634 5832 (ξι-τεθηυρ
1671 5769 1804 5832 tum.
1840 5771 1947 5832 xtn_
1973 5758 2031 5807 in

456 5829 641 5899 Joan.,
671 5825 819 5886 num.
848 5830 917 5886 49
941 5869 956 5894 ,
991 5825 1301 5898 angelorum
1350 5826 1650 5881 ministerio
1694 5826 1902 5880 animas
1935 5825 2030 5880 bo-

734 5929 1007 5990 PATROL.
1046 5929 1162 5988 Gn.
1190 5926 1358 5989 XIV.

1506 4245 1554 4276 ¹¹³
1576 4244 1708 4300 ibid.
1735 4244 1825 4303 12.
1903 4246 1949 4277 ³⁸
1983 4244 2146 4299 Marc.
2180 4258 2259 4309 vr,
2289 4241 2390 4306 t5;
2434 4241 2564 4295 Luc.
2597 4257 2675 4307 ix,
2703 4243 2757 4295 8.

2152 3276 2485 3346 simplicius;
2529 3279 2752 3348 perinde
2778 3282 2932 3348 quasi
2965 3280 3079 3351 ipse
3124 3285 3359 3351 seipsum
3391 3301 3423 3340 e
3448 3288 3557 3343 vita
3589 3292 3723 3344 edu—

2151 3383 2333 3434 ceret,
2363 3370 2447 3423 vel
2482 3369 2675 3439 laqueo
2699 3411 2715 3435 ,
2750 3370 2834 3425 vel
2865 3372 3059 3442 gladio,
3098 3374 3178 3427 vel
3206 3375 3570 3446 qualicunque
3604 3388 3727 3433 tan-

2152 3460 2272 3513 dem
2316 3460 2402 3514 via
2450 3476 2633 3516 eorum
2667 3463 2757 3532 qui
2798 3464 2925 3517 hinc
2966 3465 3175 3535 seipsos
3205 3466 3433 3523 liberant
3478 3484 3493 3521 :
3527 3478 3583 3522 et
3608 3487 3727 3524 ma-

2151 3553 2296 3605 xime
2327 3554 2584 3621 quoniam
2610 3555 2932 3608 existimant
2970 3556 3147 3624 ipsum
3179 3574 3236 3611 se
3283 3557 3726 3629 interfecturum,

2151 3656 2218 3696 eo
2261 3642 2534 3696 abiturum
2579 3659 2687 3713 quo
2733 3644 3102 3700 difﬁcillimum
3150 3647 3295 3701 factu
3331 3649 3401 3702 sit
3430 3665 3524 3704 eos
3557 3654 3722 3719 proli-

2151 3730 2325 3784 cisci:
2360 3742 2416 3784 et
2446 3732 2549 3785 nisi
2576 3733 2724 3787 circa
2763 3734 2985 3789 nomina
3005 3738 3366 3805 superstitiosi
3402 3739 3593 3801 simus.
3627 3742 3722 3797 sed

2153 3820 2458 3876 intueamur
2494 3837 2608 3889 res,
2640 3838 2750 3878 non
2782 3824 3117 3884 invenientes
3152 3833 3224 3884 uti
3254 3832 3371 3885 aliis
3408 3833 3722 3892 nominibus

2151 3914 2220 3968 de
2236 3912 2415 3978 rebus,
2442 3911 2674 3967 fortasse
2691 3914 2947 3981 divinius,
2972 3926 3032 3970 ut
3054 3919 3126 3971 ita
3143 3918 3342 3988 dicam,
3356 3922 3538 3993 aliquo
3562 3930 3724 3982 modo

2146 4019 2207 4059 se
2237 4004 2509 4058 interfecit
2529 4005 2788 4060 Dominus
2815 4027 2826 4060 :
2858 4022 3020 4075 quam
3061 4026 3172 4063 rem
3204 4014 3284 4065 sic
3316 4018 3672 4072 ostendemus
3701 4037 3715 4072 :

2144 4098 2271 4169 quia
2296 4098 2538 4151 omnium
2563 4096 2779 4161 animat,
2812 4101 2904 4167 qui
2936 4100 3004 4153 ab
3032 4099 3134 4154 hoc
3158 4118 3386 4171 corpore
3413 4109 3722 4180 discedunt,

2857 4244 2900 4274 ³⁸
2926 4241 3081 4299 Joan.
3114 4260 3229 4313 ml,
3251 4246 3342 4300 ἓξ.

2146 4361 2358 4414 miuum
2405 4359 2730 4428 corporibus
2780 4360 2978 4430 illigari
3030 4365 3171 4417 :cui
3221 4364 3479 4418 doctrinm
3528 4378 3720 4422 cense-

2146 4446 2319 4506 queus
2346 4441 2466 4506 erat
2488 4446 2581 4484 eas
2605 4445 2819 4506 quoque
2849 4433 3164 4506 earumdem
3215 4436 3584 4506 ministrorum:
3617 4454 3722 4506 ope

2069 4525 2115 4579 ι)
2145 4505 2212 4555 ab
2244 4499 2525 4554 hominum
2546 4502 2880 4579 _corporibus
2937 4502 3179 4579 dissolvi.
3226 4503 3550 4579 l’hilastrius
3609 4499 3724 4561 lui:-

2144 4586 2250 4624 res.
2290 4585 2396 4623 cxx
2436 4586 2448 4621 :
2496 4588 2515 4619 ‹
2546 4567 2858 4638 Ignorantes
2881 4572 3024 4641 quod
3078 4573 3259 4625 anima
3304 4574 3563 4638 hominis,
3592 4591 3719 4630 cum

2138 4642 2337 4711 exierit
2361 4641 2428 4693 de
2447 4640 2665 4711 saeculo.
2698 4641 2811 4711 sive
2847 4640 3011 4705 bOIIa,
3047 4644 3161 4696 sive
3208 4645 3371 4707 mala,
3411 4645 3461 4698 id
3493 4654 3577 4699 est
3604 4648 3714 4711 pia,

2139 4719 2301 4778 atque
2330 4708 2517 4777 impia.
2556 4710 2624 4762 ab
2650 4709 2843 4779 angelo
2867 4712 3087 4765 ducitur
3130 4714 3179 4764 in
3212 4711 3392 4766 locum
3427 4708 3712 4776 statutum,

2139 4780 2279 4834 utin
2312 4781 2550 4849 futurum
2588 4780 2858 4849 percipiat
2913 4781 3066 4849 juxta
3104 4783 3244 4849 quod
3294 4783 3461 4849 gessit
3490 4783 3542 4835 in
3614 4784 3718 4838 hoc

2138 4849 2333 4920 sweulo
2361 4847 2673 4920 constituta.
2704 4866 2733 4920 _i
2765 4847 3151 4920 ldem‘quoque
3182 4847 3412 4905 ethnicis
3447 4851 3714 4906 creditum

2139 4917 2306 4972 fuisse
2337 4920 2491 4988 video
2537 4935 2550 4969 :
2585 4918 2866 4988 ministros
2915 4917 3034 4974 illos
3066 4917 3397 4974 'aniinarum
3440 4923 3715 4988 ductores,

2134 4986 2530 5059 ψυχοπομπούς
2563 4988 2823 5059 appellat_
2849 4987 3194 5043 Plutarchus.
3245 4990 3476 5044 Eosdem
3533 4986 3715 5047 autent

2137 5057 2441 5112 animarum
2465 5059 2517 5111 in
2566 5066 2769 5113 Statuta
2811 5057 2926 5113 loca
2961 5061 3400 5114 deducendarum
3433 5062 3712 5128 negatium

2136 5128 2414 5196 suscipere
2456 5129 2754 5190 daznioues,
2786 5129 2873 5195 qui
2905 5143 3115 5191 earum,
3150 5131 3277 5182 dum
3317 5130 3534 5197 corpori
3582 5147 3713 5185 con-

2129 5198 2335 5263 junctae
2366 5206 2572 5256 essent,
2605 5212 2790 5249 curam
2828 5199 3136 5264 gesserint,
3184 5198 3382 5252 scribit
3432 5197 3584 5253 Plato
3654 5202 3707 5252 in

2137 5266 2406 5340 [’ha’done
2432 5282 2461 5340 :7
2480 5264 2791 5340 Aeystatﬁe
2819 5266 3009 5340 οὕτως,
3035 5267 3111 5330 ὡς
3141 5268 3249 5340 ἀρα
3307 5268 3713 5340 τελευτήσαντα

2137 5284 2405 5319 rmraone
2432 5284 2449 5318 :
2480 5284 2709 5333 Λεγεται
2734 5284 2791 5316 οε
2819 5284 3009 5331 ουτως,
3035 5284 3111 5330 ως
3141 5284 3177 5321 α
3307 5284 3711 5340 τελευτησαντοι

2133 5335 2358 5409 ἕκαστον
2387 5338 2416 5388 ὁ
2445 5335 2675 5409 ἑκάστου
2701 5334 2929 5409 δαίμων,
2952 5337 3127 5409 ὅσπερ
3156 5284 3335 5409 {Evn
3362 5337 3587 5409 εἰλήχει,
3617 5338 3711 5391 οὕ-

2131 5422 2242 5477 τως
2292 5406 2445 5477 ἄγειν
2483 5406 2751 5477 ἐπιχειρεί
2780 5403 2881 5477 εἰς
2903 5408 2965 5477 δή
3020 5403 3139 5459 τινα
3179 5407 3360 5471 τόπον,
3391 5403 3445 5459 οἶ
3467 5403 3551 5459 δεῖ
3584 5410 3729 5471 τοὺς

2135 5475 2506 5548 συλλεγέντας-
2534 5474 3162 5548 διαδιξκασαμένρυς,γείς
3218 5477 3343 5548 ᾅδου
3384 5477 3709 5548 πορεύεσθαι

2207 5540 2598 5623 ῖτᾲζήγειξάνος
2662 5540 2869 5623 ﬁxi-2M»
2908 5540 2976 5623 ᾧ,
3016 5546 3080 5619 δὴ
3138 5540 3540 5623 πρόστέτακτοει
3585 5550 3713 5610 τοὺς

2164 5615 2341 5668 νθένδε
2366 5617 2543 5668 ἐκεῖσε
2571 5615 2855 5682 πορεῦσαι.
2899 5634 2918 5665 r
2963 5617 3037 5669 Ita
3070 5615 3251 5670 autent
3280 5618 3666 5671 circumfertur
3693 5635 3706 5669 :

2135 5699 2582 5754 umnnquemqne
2627 5695 2961 5755 mortuorum
2996 5688 3066 5739 ab
3098 5703 3165 5741 eo
3188 5688 3456 5751 daemone,
3484 5689 3575 5755 qui
3629 5689 3711 5738 vi-

2134 5752 2349 5808 ventem
2375 5757 2596 5808 sortitus
2625 5752 2811 5813 fuerit,
2842 5754 2893 5806 in
2919 5757 3206 5823 quemdam
3235 5757 3413 5810 locum
3441 5752 3586 5821 duci,
3615 5756 3705 5810 ubi

2134 5835 2384 5894 Oporteat
2416 5839 2605 5881 omnes
2633 5838 2819 5876 manes
2846 5836 3211 5895 congregatos
3270 5843 3335 5881 ex
3373 5829 3473 5880 rati
3499 5840 3708 5881 consu-

3360 5926 3430 5984 18
