4196 6374
446 260 553 312 555

1922 242 2248 296 ORIGENIS

3601 235 3706 287 556

448 374 815 447 repetentibus
845 371 1172 442 quibusdam
1203 385 1298 424 eas
1333 367 1399 422 ad
1425 365 1593 438 298
1627 365 1727 419 hoc
1759 363 2023 419 ordinatis

2139 378 2242 414 ιαι·
2275 358 2440 423 εἰκὸς,
2470 357 2552 411 ὅτι
2579 355 2858 428 κρείττους
2885 355 2990 408 εἰσ)¹
3017 353 3126 407 τῶν
3152 352 3340 424 ψυχῶν
3373 354 3465 405 ἐπι
3500 349 3708 421 ταύτης

448 475 829 532 assumantur,
877 464 955 519 uti
1005 462 1283 534 probabile
1317 476 1436 515 esse
1484 460 1610 513 huic
1660 458 1871 512 muneri
1921 456 2024 510 ob-

446 559 631 615 eundo
656 555 938 612 ordinatos
957 593 974 618 ,
1001 552 1090 622 qui
1130 552 1264 620 ipsis
1293 550 1580 605 animabus
1621 549 1731 603 sint
1759 555 2025 616 praestan-

452 650 655 713 tiores;
689 644 818 700 illud
849 643 994 699 enim
1030 658 1044 695 :
1081 661 1102 693 r
1135 640 1424 709 Insipieus,
1453 639 1556 692 hac
1577 647 1741 692 nocte
1776 643 2029 705 repetunt

449 740 548 793 aha
573 747 626 792 te
655 737 895 791 animam
930 745 1074 787 tuam
1104 733 1180 795 “,
1213 751 1231 784 ι
1263 731 1367 785 tale
1398 730 1530 798 quid
1562 728 1828 784 declarat.
1871 726 2026 794 Quod

451 834 496 886 si
528 831 655 901 quis
692 829 838 883 dicat
871 828 974 881 hoc
997 825 1217 894 quidem
1247 824 1352 878 dici
1383 837 1544 893 posse
1582 823 1649 875 de
1691 821 1886 883 malis,
1921 835 2026 874 non

449 938 585 978 vero
611 924 678 978 de
703 921 834 975 viris
863 917 1333 988 praestantioribus
1355 957 1371 981 ,
1400 915 1580 984 deque
1621 915 1705 969 his
1738 915 1828 984 qui
1865 916 2030 984 probe

447 1013 720 1076 vixerint,
773 1010 902 1066 illud
951 1018 1137 1071 notet,
1191 1023 1373 1062 annon
1441 1007 1704 1062 Dominus
1752 1007 2030 1076 singulare

439 1105 711 1174 quiddam
745 1118 858 1174 pra:
890 1102 1148 1157 omnibus
1171 1141 1187 1165 ,
1216 1100 1308 1170 qui
1355 1100 1407 1153 in
1449 1114 1650 1170 corpus
1690 1099 2027 1161 advenerim,

454 1197 522 1251 de
551 1195 729 1264 seipse
754 1194 1073 1248 renuntians
1100 1193 1275 1247 dicat:
1313 1211 1332 1244 ι
1369 1190 1539 1245 Nemo
1574 1189 1714 1244 tollit
1743 1204 1771 1242 a
1801 1205 1888 1245 me
1913 1189 2032 1242 ani-

453 1300 600 1340 mam
634 1299 812 1340 meam
837 1302 853 1351 ;
885 1283 978 1338 sed
1006 1298 1106 1354 ego
1137 1297 1277 1353 pono
1305 1296 1424 1337 eam
1454 1295 1483 1334 a
1517 1282 1742 1350 meipso,
1769 1291 1826 1336 et
1857 1280 2032 1336 habeo

457 1384 784 1444 potestatem
812 1374 1043 1442 ponendi
1071 1387 1214 1436 eam,
1249 1380 1305 1424 et
1349 1371 1546 1425 iterum
1583 1371 1758 1425 habeo
1790 1378 2031 1440 potesta-

459 1479 570 1522 tem
592 1466 839 1521 sumendi
873 1481 990 1520 eam
1017 1466 1086 1518 “.
1123 1483 1142 1516 ι
1182 1463 1602 1522 Considereruus
1630 1461 1774 1517 enim
1797 1463 2031 1532 aliquem

455 1561 551 1628 qui
588 1573 710 1614 cum
741 1557 994 1621 voluerit,
1031 1557 1303 1626 relinquat
1330 1569 1550 1624 corpus,
1604 1564 1659 1608 et
1703 1563 1868 1610 exeat
1914 1554 2034 1610 sine

458 1655 545 1706 via
594 1651 805 1707 ferente
846 1651 912 1703 ad
969 1659 1237 1703 mortem:
1287 1647 1496 1702 scilicet
1540 1647 1730 1700 exiens
1773 1648 1893 1702 sine
1934 1646 2034 1700 viis

2125 453 2222 522 τῆς
2246 449 2520 512 διακονίας
2569 445 2890 516 τεταγμένοι
2911 460 2926 475 ⁸
2957 444 3017 498 τὸ
3057 443 3168 515 γάρ
3187 460 3199 473 ο
3233 462 3252 494 ι
3279 443 3508 513 Ἀφρον,
3531 439 3708 512 ταύτῃ

2125 545 2192 612 τῇ
2224 542 2378 593 νυκτὶ
2403 539 2500 610 τὴν
2527 537 2705 608 ψυχήν
2735 552 2830 590 σου
2859 533 3182 588 ἀπαιτοῦσιν
3217 531 3325 586 ἀπὸ
3359 529 3475 593 σοῦ,
3498 549 3517 580 ι
3536 528 3710 583 τοιοῦ-

2126 636 2218 689 τόν
2244 651 2302 687 τε
2331 631 2497 703 δηλοῖ.
2540 630 2664 684 Ἐὰν
2693 629 2751 682 δέ
2779 645 2863 692 τις
2894 627 3079 700 φάσκῃ
3125 625 3282 679 τοῦτο
3315 623 3414 694 μὲν
3450 621 3711 676 δύνασθαι

2129 727 2222 780 ἐπὶ
2273 724 2382 777 τῶν
2426 723 2688 794 χειρόνων
2739 720 3016 789 λέγεσθαι,
3056 720 3118 772 οὺ
3175 717 3280 788 μὴν
3328 717 3422 770 καὶ
3467 715 3561 767 ἐπὶ
3601 713 3711 766 τῶν

2130 817 2472 889 κρειττόνων,
2512 813 2605 866 καὶ
2641 811 2821 874 καλῶς
2876 809 3237 880 βεϐιωκότων,
3278 806 3629 878 ἐπιστησάτω
3661 806 3711 857 εί

2134 908 2209 979 μὴ
2241 905 2520 977 ἐξαίρετόν
2548 919 2601 956 τι
2630 902 2784 973 παρά
2817 901 3025 964 πάντας
3056 901 3184 962 τοὺς
3217 901 3275 952 ἐν
3313 897 3524 968 σώματι
3552 912 3712 964 γενο-

2133 1000 2327 1072 μένους
2374 997 2502 1068 περί
2550 991 2744 1048 ἐαυτοῦ
2794 990 3155 1061 ἀπαγγέλλων
3189 991 3220 1043 ὁ
3255 987 3460 1060 Κύριός
3514 1001 3710 1056 φησιν’

2138 1111 2156 1144 r
2189 1091 2377 1154 οὐδεὶς
2426 1089 2571 1160 αἴρει
2603 1087 2704 1158 τὴν
2735 1085 2915 1156 ψυχήν
2952 1102 3054 1156 μου
3097 1084 3192 1137 ἀπ’
3237 1081 3402 1152 ἐμοῦο
3452 1079 3568 1133 ἀλλ’
3602 1076 3714 1146 ἐγὼ

2132 1186 2323 1256 τίθημι
2355 1181 2524 1251 αὐτὴν
2556 1180 2649 1234 ἀπ’
2688 1176 2956 1249 ἐμαυτοῦ·
2994 1175 3241 1240 ἐξουσίαν
3280 1173 3388 1244 ἐχω
3421 1171 3592 1225 θεῖναι
3618 1172 3718 1226 αὑ-

2133 1275 2250 1348 τὴν,
2281 1273 2375 1328 καὶ
2401 1271 2564 1325 πάλιν
2595 1268 2844 1334 ἐξουσίαν
2879 1267 2987 1338 έχω
3015 1265 3197 1320 λαϐεῖν
3227 1265 3415 1335 αὑτήν.
3443 1283 3460 1314 ι
3493 1264 3718 1335 Νοήσω-

2138 1385 2237 1439 μεν
2278 1365 2386 1438 γάρ
2415 1365 2539 1417 τίνα
2569 1379 2629 1414 τε
2664 1359 2912 1432 βούλεται
2941 1358 3054 1428 (65)
3084 1356 3479 1410 καταλείποντα
3512 1355 3572 1406 τὸ
3606 1353 3716 1406 σῶ-

2139 1478 2235 1532 μα,
2271 1459 2367 1513 καὶ
2408 1456 2619 1521 ἐξιόντα
2657 1451 2825 1524 χωρὶς
2866 1450 2987 1504 ὁδοῦ
3029 1449 3132 1518 τῆς
3173 1448 3447 1519 φερούσης
3498 1448 3591 1501 ἐπὶ
3627 1445 3717 1498 τὸν

2136 1554 2384 1615 θάνατον,
2406 1553 2523 1623 ἦτοι
2550 1548 2638 1603 διά
2668 1545 2857 1617 βιαίων
2881 1543 3016 1598 ὁδῶν
3042 1543 3076 1614 ἢ
3101 1542 3190 1596 διά
3215 1543 3408 1606 νόσων,
3437 1541 3533 1595 καὶ
3556 1540 3718 1594 πάλιν

2137 1648 2275 1701 ἐπὰν
2327 1645 2458 1716 θέλῃ
2509 1643 2832 1705 ἐπανιόντα,
2877 1643 2972 1696 καὶ
3023 1638 3304 1712 χρώμενον
3359 1637 3580 1709 ὀργάνῳ
3640 1634 3719 1706 τῷ

458 1742 730 1806 violentis,
751 1740 836 1796 vel
867 1742 986 1795 sine
1015 1739 1240 1801 morbis,
1273 1753 1590 1806 rursusque,
1623 1753 1744 1792 cum
1781 1737 2030 1802 voluerit,

2139 1737 2350 1809 σώματι
2392 1736 2421 1790 ὅ
2461 1734 2849 1790 καταλέλοιπε·
2905 1733 2997 1787 τὸν
3038 1732 3149 1804 γάρ
3198 1728 3440 1784 τοιοῦτον
3484 1727 3721 1801 ἐροῦμεν

461 1831 679 1885 rediens
725 1839 989 1898 utensque
1030 1829 1393 1882 instrumento
1421 1843 1684 1898 corpore,
1712 1828 1855 1896 quod
1907 1827 2035 1881 reli-

459 1932 691 1991 querat:
731 1923 799 1976 ab
821 1921 929 1975 hoc
959 1920 1103 1974 enim
1137 1919 1231 1973 tali
1268 1920 1504 1973 animam
1554 1935 1660 1973 non
1690 1919 1858 1988 repeti
1892 1921 2038 1974 dice-

460 2030 602 2071 mus.
654 2017 733 2070 Ac
771 2015 974 2070 decens
1015 2012 1260 2084 profecto
1308 2024 1392 2068 est
1425 2015 1491 2068 de
1534 2013 1659 2068 Jesu
1697 2014 1876 2067 anima
1933 2013 2038 2067 isto

461 2108 625 2161 modo
654 2107 840 2162 dicere
865 2114 1096 2160 mortem
1155 2104 1358 2169 fuisse;
1421 2105 1705 2173 ipsumque
1749 2104 2039 2158 ostendere

459 2196 734 2250 volentem
764 2193 1047 2263 discipulis
1080 2191 1418 2246 nobilitatem
1460 2193 1734 2246 discessus
1773 2191 1899 2246 hinc
1929 2192 2037 2256 sui,

462 2287 709 2341 dixisse:
768 2303 790 2336 ς
827 2284 994 2338 Nemo
1023 2282 1162 2336 tollit
1195 2298 1224 2335 a
1270 2296 1355 2334 me
1405 2282 1642 2336 animam
1678 2296 1892 2347 meam,
1943 2283 2038 2337 sed

463 2391 562 2449 ego
585 2392 727 2446 pono
751 2391 871 2432 eam
897 2393 926 2430 a
949 2391 1034 2431 me
1055 2379 1175 2446 ipso
1202 2390 1216 2437 ;
1256 2393 1274 2424 ι
1307 2373 1410 2428 hoc
1441 2374 1584 2428 enim
1609 2389 1784 2444 neque
1807 2374 2036 2444 Moyses,

465 2483 641 2537 neque
671 2467 1104 2536 patriarcharum
1149 2467 1377 2536 aliquis,
1411 2479 1586 2533 neque
1629 2467 2039 2536 prophetarum,

465 2575 531 2616 ac
565 2576 630 2615 ne
669 2559 1038 2626 apostolorum
1073 2561 1289 2630 quidem
1327 2557 1524 2628 aliquis
1555 2557 1688 2612 dixit
1723 2568 1921 2628 praeter
1948 2557 2040 2615 ,Ιο-

461 2669 608 2718 sum,
643 2651 779 2724 [(64)
824 2651 1022 2722 quippe
1067 2666 1191 2704 cum
1226 2651 1469 2705 omnium
1513 2650 1794 2703 hominum
1847 2650 2044 2706 animae

466 2747 538 2798 ab
579 2745 660 2799 eis
691 2742 1061 2814 auferantur.)
1091 2741 1328 2797 Proinde
1349 2781 1364 2804 ,
1397 2743 1502 2796 hoc
1527 2745 1896 2808 considerato,
1930 2759 2039 2796 ma-

469 2835 725 2890 nifesunn
757 2849 880 2890 esse
910 2834 1040 2888 illud
1068 2846 1247 2904 petest
1271 2836 1414 2905 quod
1462 2835 1516 2890 in
1554 2835 1787 2906 septimo
1813 2844 1865 2890 et
1892 2843 2046 2890 octo-

467 2925 675 2995 gesimo
705 2924 914 2993 psalmo
953 2924 1153 2978 dictum
1201 2927 1422 2980 esthoc
1456 2926 1650 2988 modo,
1701 2942 1769 2980 ex
1813 2940 2043 2996 persona

469 3013 780 3070 Servatoris
829 3029 843 3064 :
904 3031 924 3064 ι
962 3012 1020 3066 In
1073 3015 1302 3068 mortuis
1337 3015 1493 3070 liber.
1537 3033 1556 3066 ι
1607 3015 1812 3072 Notans
1863 3026 2042 3071 autem

467 3104 886 3174 Evangeliorum
919 3105 1120 3172 scripta
1157 3107 1222 3158 de
1249 3105 1490 3160 discessu
1535 3107 1663 3161 hinc
1705 3123 1838 3170 suo,
1890 3108 2043 3163 inve-

469 3201 586 3256 nies
607 3200 666 3253 in
700 3199 806 3254 illis
831 3213 938 3253 non
962 3199 1337 3255 dissonantem
1370 3199 1782 3269 intelligentiam
1814 3203 2044 3272 scripto-

471 3308 590 3348 rum
622 3293 687 3348 de
728 3293 876 3349 exitu
910 3307 1043 3347 suo:
1079 3307 1204 3347 nam
1233 3295 1276 3348 si
1307 3302 1551 3348 mortuus
1596 3292 1791 3348 fuisset
1821 3295 2046 3365 perinde

469 3397 535 3438 ac
561 3383 634 3437 illi
669 3383 908 3438 latrones
937 3383 1030 3452 qui
1059 3398 1180 3438 cum
1209 3398 1275 3440 eo
1309 3385 1558 3440 crucifixi
1593 3385 2047 3456 fuere",etquo-

470 3490 590 3528 rum
645 3475 841 3529 milites
877 3472 1159 3544 fregerunt
1211 3476 1592 3530 damnatorum
1635 3492 1798 3532 crura
1825 3518 1840 3542 ,
1871 3478 2046 3534 baud-

469 3581 738 3635 quaquam
766 3567 948 3621 dicere
977 3582 1262 3636 possemus
1291 3568 1526 3622 animam
1569 3584 1597 3622 a
1637 3570 1930 3639 semetipso
1958 3569 2051 3624 Je-

468 3673 590 3714 sum
625 3660 870 3728 posuisse
897 3701 911 3723 ,
942 3659 1036 3713 sed
1067 3659 1248 3728 aliqua
1295 3661 1378 3712 via
1413 3663 1783 3717 morientium.
1811 3667 1881 3717 At
1905 3679 2050 3718 nunc
2085 3666 2090 3674 '

467 3749 630 3808 desus
669 3767 689 3798 σ
723 3767 854 3806 voce
911 3751 1087 3806 valida
1136 3767 1257 3806 cum
1313 3753 1630 3815 clamasset.
1681 3754 1864 3810 emisit
1898 3755 2052 3825 spiri-

476 3853 587 3896 tum
609 3842 691 3902 ";
733 3861 752 3895 ι
779 3859 1010 3914 cumque
1037 3845 1224 3908 etiam,
1253 3845 1408 3914 quasi
1443 3861 1561 3912 rex,
1590 3845 1902 3915 reliquisset
1929 3863 2052 3902 coro

472 3949 610 4002 pus,
648 3943 703 3988 et
744 3949 867 3989 cum
926 3936 1124 3990 virtute
1177 3946 1231 3990 et
1265 3939 1506 4007 potentia
1555 3948 1815 4009 operatus
1858 3937 2052 3994 fuisset

473 4041 593 4096 qua:
637 4024 916 4094 judicabat
963 4036 1389 4082 consentaneum
1436 4043 1560 4084 esse
1611 4029 1826 4092 facere,
1867 4033 2048 4086 statim

479 4135 502 4168 ο
538 4115 715 4171 velum
744 4117 942 4186 ‘templi
991 4117 1222 4172 scissum
1263 4128 1345 4172 est
1391 4135 1420 4172 a
1462 4134 1678 4174 sursum
1735 4136 1904 4190 usque
1961 4120 2053 4175 de-

473 4223 692 4272 orsum,
721 4216 777 4262 et
804 4218 948 4262 terra
981 4218 1125 4263 mota
1157 4219 1282 4274 est,
1313 4218 1367 4264 et
1393 4219 1559 4277 petra:
1591 4212 1780 4267 scissae
1811 4221 1963 4278 sunt,
1995 4221 2054 4266 et

477 4308 828 4353 monumenta
845 4307 1028 4368 aperta
1049 4308 1195 4363 sunt,
1209 4309 1264 4352 et
1280 4300 1445 4354 multa
1466 4317 1696 4372 corpora
1711 4312 2044 4368 sanctorum,

2140 1829 2213 1901 μὴ
2246 1826 2593 1882 ἀπαιτεῖσθαι
2636 1827 2734 1898 τὴν
2765 1826 2964 1898 ψυχήν.
2996 1825 3106 1880 Καὶ
3153 1823 3362 1894 πρέπον
3391 1839 3456 1890 γε
3499 1819 3592 1874 ἐπὶ
3620 1819 3721 1889 τῆς

2148 1922 2323 1993 Ἰησοῦ
2369 1919 2549 1991 ψυχῆς
2591 1918 2734 1972 οὕτω
2776 1919 2958 1987 λέγειν
3005 1916 3098 1970 τὸν
3141 1915 3371 1970 θάνατον
3414 1913 3718 1982 γεγονέναι,

2138 2013 2233 2065 καὶ
2257 2012 2420 2065 αὑτὸν
2454 2009 2805 2082 παραστῆσαι
2837 2007 3160 2079 βουλόμενον
3199 2010 3314 2069 τοῖς
3349 2005 3619 2076 μαθηταῖς
3661 2002 3725 2056 τὸ

2140 2103 2414 2175 ἐξαίρετον
2448 2103 2547 2173 τῆς
2579 2100 2826 2154 ἐντεῦθεν
2861 2098 3026 2154 αὑτοῦ
3058 2097 3400 2168 ἀπαλλαγῆς,
3443 2096 3723 2168 εἰρηκέναι

2138 2198 2228 2250 τό·
2268 2216 2286 2249 ι
2313 2195 2500 2258 Οὐδεὶς
2541 2195 2685 2264 αῐρει
2735 2193 2834 2265 τὴν
2883 2194 3060 2264 ψυχήν
3113 2209 3216 2263 μου
3263 2191 3358 2244 ἀπ’
3400 2189 3560 2260 ἐμοῦ,
3607 2186 3723 2242 ἀλλ’

2140 2287 2251 2357 ἐγὼ
2282 2287 2470 2358 τίθημι
2508 2286 2676 2359 αὐτὴν
2710 2285 2804 2340 ἀπ’
2835 2282 3104 2355 ἐμαυτοῦ·
3131 2302 3148 2334 ι
3186 2281 3344 2334 τοῦτο
3370 2280 3480 2352 γὰρ
3520 2278 3633 2332 οὔτ’
3658 2278 3726 2333 ἂν

2141 2379 2400 2449 Μωῦσῆς,
2429 2379 2490 2432 οὐ
2522 2379 2630 2431 τῶν
2664 2375 3016 2449 πατριαρχῶν
3053 2391 3158 2438 τις,
3193 2374 3226 2445 ἢ
3265 2371 3577 2444 προφητῶν,
3611 2368 3725 2423 οὔτ’

2143 2471 2210 2525 ἂν
2239 2471 2346 2525 τῶν
2378 2470 2689 2524 ἀποστόλων
2718 2486 2802 2533 τις
2839 2464 2960 2521 εἰπε
2986 2465 3065 2538 τῷ
3108 2465 3304 2536 Ἰησοῦ,
3351 2466 3472 2518 ἐπεὶ
3507 2464 3727 2516 πάντων

2143 2565 2199 2617 αἰ
2231 2561 2400 2633 ψυχαὶ
2445 2560 2747 2634 ἀνθρώπων
2780 2559 3025 2631 αἴρονται
3070 2559 3166 2612 ἀπ’
3200 2557 3396 2611 αὐτῶν.
3435 2556 3637 2610 Τούτου
3671 2555 3728 2609 δὲ

2143 2653 2446 2725 νοηθέντος,
2497 2654 2720 2707 δύναται
2763 2652 2930 2720 σαφὲς
2983 2647 3124 2704 εἶναι
3177 2649 3237 2702 τὸ
3277 2651 3334 2702 ἐν
3388 2648 3474 2712 πζθ
3527 2647 3728 2718 ψαλμῷ

2143 2744 2330 2797 τοῦτον
2362 2745 2649 2816 εἰρημένον
2698 2741 2790 2796 τὸν
2820 2743 3022 2814 τρόπον
3060 2742 3125 2794 ἐκ
3165 2739 3458 2812 προσώπου
3487 2739 3582 2793 τοῦ
3613 2740 3729 2792 Σωο

2143 2837 2342 2909 τῆρος’
2398 2856 2417 2887 ι
2455 2838 2542 2890 Ἐν
2595 2839 2807 2908 νεκροῖς
2851 2835 3155 2909 ἐλεύθερος.
3188 2855 3206 2887 ι
3282 2835 3614 2904 Ἐπιστήσας
3665 2835 3731 2887 ἐκ

2144 2928 2252 2981 τῶν
2285 2927 2632 2996 Εὑαγγελίων
2663 2929 2774 2991 τοῖς
2804 2927 3209 2998 γεγραμμένοις
3246 2925 3374 2996 περὶ
3413 2925 3512 2995 τῆς
3542 2924 3730 2978 ἐντεῦ-

2071 3067 2113 3122 C
2147 3017 2238 3070 θεν
2271 3017 2436 3070 αὑτοῦ
2471 3017 2813 3087 ἀπαλλαγῆς,
2860 3017 3111 3088 εὑρήσεις
3162 3015 3238 3087 μὴ
3271 3015 3584 3086 ἀπᾴδουσαν
3617 3015 3730 3086 (66)

2144 3111 2244 3181 τὴν
2284 3111 2411 3182 περὶ
2453 3110 2552 3180 τῆς
2587 3109 2767 3176 ἐξόδου
2797 3109 2959 3163 αὐτοῦ
2994 3109 3218 3180 ἐκδοχὴν
3242 3108 3351 3162 τῶν
3378 3111 3733 3180 ἀναγεγραμ-

2150 3203 2358 3271 μένων·
2410 3203 2457 3253 εἰ
2512 3203 2610 3272 μὲν
2652 3202 2761 3274 γὰρ
2811 3201 2888 3265 ὼς
2942 3204 2990 3255 οί
3046 3201 3523 3273 συσταυρωθέντες
3580 3199 3733 3271 αὑτῷ

2146 3294 2362 3367 λῃσταὶ,
2404 3293 2514 3348 τῶν
2551 3293 2894 3364 στρατιωτῶν
2924 3293 3302 3360 κατεαξάντων
3326 3293 3396 3347 τά
3428 3293 3593 3363 σκέλη
3621 3292 3734 3346 τῶν

2148 3384 2515 3449 πεπονθότων,
2547 3383 2850 3457 ἐτεθνήκει,
2887 3386 2986 3439 οὐκ
3029 3385 3094 3439 ἀν
3139 3385 3420 3456 ἐλέγομεν,
3452 3385 3534 3439 ὅτι
3568 3383 3733 3454 ἔθηκε

2146 3475 2245 3546 τὴν
2286 3475 2462 3547 ψυχὴν
2508 3475 2674 3529 αὐτοῦ
2729 3477 2823 3546 ἀφ’
2870 3476 3084 3542 ἐαυτοῦ,
3135 3477 3272 3531 ἀλλά
3318 3494 3423 3529 τινι
3624 3475 3733 3529 τῶν

2149 3567 2632 3638 ἀποθνησκόντων⁸
2670 3571 2788 3622 νυνὶ
2831 3569 2888 3622 δέ
2932 3573 2960 3624 ὁ
3011 3568 3239 3641 Ἰησοῦς,
3289 3589 3308 3620 ι
3335 3567 3541 3640 κράξας
3580 3570 3732 3638 φωνῇ

2154 3655 2364 3728 μεγάλῃ
2391 3695 2406 3720 ,
2455 3657 2631 3727 ἀφῆκε
2663 3657 2724 3710 τὸ
2768 3656 3014 3728 πνεῦμα’
3043 3677 3061 3708 ι
3098 3658 3194 3711 καὶ
3221 3659 3298 3721 ὼς
3343 3658 3606 3728 βασιλέως
3637 3676 3735 3713 κα-

2149 3746 2467 3810 ταλιπόντος
2506 3746 2568 3800 τὸ
2615 3747 2793 3818 σῶμα,
2839 3751 2934 3802 κα)⁸
2972 3750 3365 3822 ἐνεργήσαντος
3399 3750 3537 3820 μετὰ
3577 3750 3736 3805 δυνά-

2155 3855 2334 3909 μεως,
2388 3839 2482 3892 καί
2538 3838 2820 3904 ἐξουσίας,
2863 3841 3006 3910 ἅπερ
3064 3841 3278 3912 ἔκρινεν
3332 3839 3554 3910 εῦλογον
3595 3841 3736 3897 εἶναι

2153 3935 2346 3994 ποιεῖν,
2377 3932 2578 3996 εὐθέως
2621 3951 2638 3982 ι
2669 3932 2729 3986 τὸ
2761 3935 3164 4005 καταπέτασμα
3209 3933 3302 3988 τοῦ
3345 3933 3476 3989 ναοῦ
3512 3935 3736 4006 ἐσχίσθη

2151 4021 2356 4076 ἄνωθεν
2383 4024 2486 4086 ἕως
2522 4023 2693 4088 κάτω,
2730 4025 2822 4078 καὶ
2849 4027 2882 4094 ὴ
2915 4025 2987 4095 γῆ
3031 4024 3272 4098 ἐσείσθη,
3313 4027 3408 4079 καὶ
3451 4029 3508 4080 αί
3539 4028 3736 4100 πέτραι

2153 4113 2503 4186 ἐσχίσθησαν,
2535 4116 2630 4168 καὶ
2660 4115 2729 4168 τὰ
2757 4119 2996 4188 μνημεῖα
3019 4116 3370 4189 ἀνεῴχθησαν
3389 4134 3403 4148 ·
3437 4119 3532 4172 καὶ
3566 4119 3736 4174 πολλά

2155 4205 2386 4276 σώματα
2435 4205 2544 4260 τῶν
2589 4208 3004 4279 κεκοιμημένων
3054 4209 3226 4278 ἁγίων
3267 4209 3601 4281 ἠγέρθησαν,
3641 4211 3738 4264 καὶ

2155 4295 2460 4363 ἐξελθόντες
2506 4297 2612 4350 ἀπὸ
2657 4298 2764 4351 τῶν
2831 4299 3110 4371 μνημείων
3164 4300 3304 4371 μετὰ
3355 4301 3452 4373 τὴν
3515 4301 3738 4372 ἐγερσιν

475 4392 569 4460 qui
589 4389 944 4453 dormierant,
967 4403 1343 4458 surrexerunt,
1368 4405 1423 4448 et
1443 4395 1651 4464 egressi
1673 4409 1705 4448 e
1731 4409 2040 4450 monumen-

2156 4385 2342 4448 αὑτοῦ,
2379 4388 2624 4459 εἰσῆλθον
2653 4390 2763 4460 (67)
2810 4392 2892 4454 εἰς
2939 4391 3036 4463 τὴν
3073 4391 3236 4460 ἁγίαν
3279 4392 3453 4456 πόλιν,
3487 4394 3582 4446 καὶ
3623 4395 3738 4446 ἐνε-

477 4486 548 4538 tis
569 4485 1161 4553 postresurrectionem
1183 4487 1320 4556 ejus,
1345 4486 1573 4556 ingressi
1593 4495 1716 4541 sunt
1735 4487 1786 4540 in
1803 4497 2040 4543 sanctam

2158 4480 2493 4552 φανίσθησαν
2515 4481 2745 4546 πολλοῖςο
2771 4503 2790 4534 ι
2813 4485 2888 4547 ὡς
2917 4503 2934 4535 ι
2954 4484 3044 4538 τὸν
3063 4486 3326 4539 ἐκατόντα
3335 4502 3482 4558 ρχον,
3500 4487 3740 4550 καὶτοὺς

476 4576 776 4637 civitatem,
793 4586 842 4630 et
857 4579 1449 4646 apparueruntmultis:
1477 4597 1496 4630 ο
1518 4579 1590 4633 ita
1609 4589 1668 4632 ut
1689 4579 1983 4643 «centurio,
1999 4589 2040 4632 el

2163 4578 2276 4646 μετ’
2298 4575 2461 4628 αὐτοῦ
2478 4577 2773 4650 τηροῦντας
2792 4578 2882 4631 τὸν
2911 4578 3136 4648 Ἰησοῦν,
3159 4579 3366 4642 ἰδόντας
3385 4579 3476 4632 τὸν
3493 4580 3737 4650 σεισμὸν,

477 4667 568 4735 qui
595 4683 717 4723 cum
749 4667 837 4722 illo
854 4679 1030 4733 erant,
1049 4681 1326 4726 servantes
1349 4669 1554 4736 Jesnm,
1580 4670 1694 4725 viso
1711 4678 1869 4724 terra:
1905 4677 2040 4723 rnott

2160 4668 2252 4722 καὶ
2278 4667 2346 4721 τά
2371 4669 2657 4738 γενόμενα,
2677 4669 2975 4741 φοὸηθῆναι
3001 4669 3226 4741 σφόδρα,
3244 4670 3502 4739 λέγοντας
3520 4687 3534 4701 ·
3578 4669 3738 4742 Ἀληρ

481 4761 648 4832 299
691 4770 746 4816 et
767 4777 888 4830 qua:
938 4763 1158 4823 fiebant,
1199 4763 1356 4817 valde
1399 4763 1697 4826 timuerint,
1759 4761 2040 4816 dicentes:

2161 4760 2270 4822 θῶς
2301 4761 2435 4814 Θεοῦ
2479 4762 2604 4826 re;
2642 4759 2710 4834 ἦν
2745 4756 2916 4826 οὗτος.
2967 4781 2986 4814 ι
3027 4763 3181 4834 Τάχα
3228 4760 3322 4817 οὖν
3355 4766 3413 4816 ἐν
3445 4767 3565 4828 ταῖς
3611 4763 3742 4836 περὶ

484 4851 622 4906 Vere
667 4851 840 4907 Filius
885 4853 975 4908 Dei
1029 4865 1147 4908 erat
1184 4853 1272 4906 hic
1297 4853 1422 4906 “.1
1463 4851 1737 4906 Fortassis
1783 4850 1946 4920 igitur
1998 4863 2040 4903 ul

2160 4849 2395 4922 Χριστοῦ
2422 4851 2782 4922 παραδόσεσιν
2804 4847 2893 4923 ἦν,
2912 4851 3100 4926 ὥσπερ
3128 4853 3190 4906 τὸ
3218 4853 3546 4925 γεγενῆσθαι
3576 4853 3742 4908 αὑτὸν

484 4942 540 4997 in
574 4943 960 5000 traditionibus
983 4945 1049 4999 de
1071 4943 1288 5000 Christo
1315 4953 1435 4998 erat
1455 4959 1578 4998 eum
1631 4941 1966 4997 nasciturum
1995 4944 2040 4998 in

2157 4944 2217 4996 ἐν
2253 4942 2519 5014 Βηθλεέμ,
2563 4945 2660 4996 καί
2685 4944 2746 4996 τὸ
2784 4946 2849 4997 ἐκ
2887 4945 3058 5015 φυλῆς
3115 4947 3286 5000 Ἰούδα
3331 4947 3742 5018 ἀναστήσασθαι

549 5061 596 5095 ³⁸
626 5059 761 5116 Luc.
798 5077 896 5128 xu,
931 5062 1025 5116 20.
1101 5062 1145 5093 ³⁷
1173 5059 1328 5116 Joan.
1363 5076 1418 5124 x,
1453 5060 1541 5116 18.
1617 5059 1663 5092 ³⁸
1697 5057 1998 5124 Joan.'x1x,
2023 5059 2116 5116 '52.
2192 5059 2236 5091 "
2267 5059 2457 5114 Matth.
2485 5075 2655 5126 xxvu,
2682 5060 2770 5115 50.
2846 5061 2891 5094 ³⁸
2922 5061 3113 5117 Matth.
3143 5078 3314 5126 xxvn,
3343 5063 3407 5118 5i
3442 5078 3560 5134 seq.

485 5153 701 5227 tutique
719 5152 908 5227 iudicii
942 5153 1175 5210 formula
1203 5155 1271 5208 ad
1314 5151 1528 5227 inferos
1577 5152 1874 5227 proficisci,
1927 5169 2052 5227 cum
2204 5152 2348 5227 (65)
2377 5151 2560 5227 Qodex
2590 5151 3078 5227 Bodleianns,_1&p
3097 5154 3217 5227 τίνα
3242 5173 3301 5227 τε
3321 5154 3592 5227 βούλεται.
3635 5153 3743 5208 Re-

482 5223 620 5280 duce
652 5223 741 5296 illo
762 5226 850 5296 cui
877 5227 1187 5296 "laudatum
1232 5233 1315 5296 est
1335 5239 1429 5296 eos
1458 5223 1605 5277 illinc
1636 5223 1812 5296 isthuc
1863 5224 2052 5296 tradu-
2164 5223 2286 5296 gius
2313 5234 2373 5296 et
2396 5223 2742 5296 Barberinus,
2772 5223 3065 5296 γάρίτίνας
3097 5242 3157 5279 τε
3192 5223 3459 5296 βούλεται.
3505 5225 3745 5295 Legebat

481 5308 629 5349 cere.
667 5312 686 5346 ι
719 5294 862 5349 Idem
903 5293 1065 5366 habet
1105 5291 1538 5366 Ριοιίηιιηε-Ιιῗηζιἒ
1562 5308 1639 5366 ut,
1670 5293 1761 5366 lib.
1793 5307 1868 5366 tv.
1919 5294 2040 5347 Ani-

2161 5291 2443 5348 Perionius
2473 5293 2584 5364 γάρ
2602 5311 2746 5360 τινα,
2772 5291 2864 5348 ὅτε
2885 5294 3158 5365 βούλεται,
3192 5291 3351 5366 ’(ιυοά
3400 5297 3529 5349 tnihi
3585 5291 3744 5352 valde

484 5378 697 5434 marum
739 5372 918 5420 autem
950 5364 1032 5418 vel
1065 5375 1118 5420 et
1166 5365 1248 5427 είς
1291 5363 1440 5425 ἀῖδος
1473 5361 1570 5434 δῶᾼ
1597 5364 2040 5434 deducendarum.

2167 5366 2396 5434 probatu
2407 5379 2452 5434 r_.

485 5433 568 5487 vel
597 5433 722 5488 inde
751 5435 1148 5489 evocandarnm
1187 5450 1382 5503 mimus
1411 5443 1465 5487 et
1487 5432 1718 5486 cilicium
1749 5433 1944 5487 vetusti
1973 5433 2055 5486 fa-
2168 5431 2183 5434 ’
2236 5433 2350 5503 (66)
2400 5431 2570 5488 Codd.
2626 5433 2830 5503 Regius
2884 5447 2939 5491 et
2999 5434 3327 5492 Barberinus
3352 5477 3367 5500 ,
3413 5431 3741 5501 ἀποδοῦσαν,

486 5503 760 5558 bnlatores
782 5505 1127 5574 assignarunt
1155 5502 1446 5574 Mercurio,
1477 5503 1569 5574 qui
1605 5503 1727 5557 inde
1758 5506 2052 5574 πομπαῖος,
2165 5502 2326 5574 male.

489 5586 582 5638 νεκ
650 5591 718 5636 πο
765 5574 864 5638 πός
899 5572 962 5629 ὀι
1007 5572 1336 5644 ψυχαγωγός
1373 5573 1677 5641 appellatus
1722 5572 1843 5630 est.
1881 5574 2053 5630 llum.

551 5589 674 5712 (εἰ)
709 5593 840 5702 ﬁsco
865 5660 896 5702 ε
917 5643 1177 5701 Periouio
1209 5643 1596 5712 supplcvinius.

551 5589 582 5638 κ
650 5591 718 5636 πο
765 5574 864 5638 πός
898 5571 962 5629 ὀι
1007 5572 1336 5644 ψυχαγωγός
1373 5573 1677 5641 appellatus
1722 5571 1844 5630 est.‘
1881 5574 2031 5630 llum

551 5589 674 5712 (εἰ)
709 5593 840 5702 ﬁsco
865 5660 896 5702 ε
917 5643 1177 5701 Periouio
1209 5643 1596 5714 supplcvimus.

2237 5571 2541 5644 (67)|idem
2608 5575 2764 5631 codd.
2830 5575 3030 5646 Regius
3068 5575 3515 5645 etBarberinus,
3575 5577 3728 5631 εἰσελ

2166 5642 2368 5706 θόντες.
2406 5647 2564 5699 male.

2166 5642 2368 5706 θόντες.
2406 5647 2564 5699 male.
