4196 6376
366 452 474 507 557

1425 448 1785 506 COMMENT.
1828 446 1893 502 IN
1930 446 2123 504 JOAN.
2165 445 2406 503 TOMUS
2436 448 2583 503 XIX.

3522 459 3629 512 ξτες

364 571 506 626 κατά
533 570 630 633 τάς
656 568 827 637 ὑγιεῖς
845 567 1070 638 ὲκδοχάς
1091 568 1197 622 τῶν
1224 570 1576 642 προφητικῶν
1591 569 1784 640 λόγων.
1803 570 1921 624 οὖτα

2053 563 2391 625 Bethlehem.
2430 564 2880 634 proditurumque
2903 578 2967 617 ex
3005 564 3145 617 tribu
3172 562 3328 629 Juda,
3356 565 3505 635 juxta
3537 586 3625 626 sa-

364 663 455 717 καὶ
470 679 534 714 πε
545 662 596 733 ρὶ
607 660 701 714 τοῦ
718 661 947 715 Θανάτου
968 661 1153 726 αὑτοῦ,
1171 662 1245 724 ὡς
1261 660 1451 716 ἑαυτὸν
1464 656 1509 730 ᾧ
1525 663 1747 733 εἴπομεν
1759 665 1946 736 τρόπῳ

362 747 767 813 ἀπαλλάξαντος
808 749 901 804 τοῦ
933 750 1083 821 .βίου.
1137 754 1246 806 Καὶ
1276 751 1559 818 εἰκὸς,’ὂτι
1608 752 1829 826 ᾔδεισαν
1855 755 1945 810 τὸν

360 838 533 903 οὑτως
575 840 985 913 ὲξελευσόμενον
1036 843 1429 899 ἀπελεύσεσθαι
1472 848 1553 910 εἰς
1585 846 1767 919 χώραν
1814 847 1943 901 ἔνθα

359 932 459 983 οὐκ
485 930 748 1001 ἠδύναντο
795 935 1047 1002 γενέσθαι
1075 937 1184 991 οὐδ’
1212 940 1260 991 οἱ
1288 937 1461 992 ταῦτα
1494 940 1759 1003 νοοῦντες·
1800 942 1941 993 ὥστε

363 1022 437 1092 μὴ
462 1022 603 1076 κατά
632 1024 693 1077 τὸ
719 1025 1083 1099 ἁπλούστερον
1117 1026 1279 1082 αὑτοῦ
1320 1029 1432 1101 (68)
1476 1032 1777 1104 εἰρηκέναι,
1806 1032 1941 1086 ἀλλὰ

361 1115 504 1169 κατά
549 1133 673 1171 τινα
729 1118 858 1192 περὶ
922 1120 1158 1191 Χριστοῦ
1222 1122 1520 1194 παράδοσιν
1566 1126 1655 1178 τόδ
1713 1145 1730 1176 ι
1794 1128 1938 1198 Μήτι

360 1209 650 1263 ἀποκτενεῖ
701 1209 916 1275 ἑαυτὸν,
976 1213 1056 1266 ὅτι
1106 1212 1251 1283 λέγει
1278 1230 1291 1243 ·
1336 1215 1510 1268 Ὅπου
1553 1217 1665 1286 ἐγὼ
1712 1218 1936 1285 ὑπάγω,

360 1301 594 1371 ὑμεῖςοὺ
620 1302 848 1358 δύνασθε
878 1303 1051 1358 ἐλθεῖν
1078 1322 1092 1370 ;
1138 1326 1155 1358 ι
1193 1307 1303 1360 Καὶ
1342 1309 1390 1361 εί
1425 1308 1643 1378 λέγουσι
1672 1310 1729 1363 δὲ
1765 1311 1939 1365 ταῦτα

356 1394 406 1445 οἱ
449 1394 708 1459 Ἰουδαῖοι,
740 1396 1098 1462 διστακτικῶς
1127 1399 1265 1453 αὑτά
1294 1417 1459 1468 φασι·
1487 1401 1549 1455 τὸ
1581 1403 1717 1475 γάρ’
1748 1425 1765 1456 ι
1790 1406 1936 1476 Μήτι

355 1485 643 1536 ἀποκτενεῖ
667 1484 889 1550 ὲαυτόν;
924 1504 943 1537 ι
977 1487 1215 1542 τοιοῦτόν
1238 1491 1373 1542 εστι.
1400 1491 1508 1543 Καὶ⁴
1539 1492 1597 1544 οὑ
1621 1492 1937 1563 θαυμαστὸν

355 1574 712 1644 ἀμφιϐάλλειν
743 1576 939 1641 αὑτοὺς
971 1579 1100 1649 περὶ
1132 1580 1390 1652 Χριστοῦ,
1410 1583 1498 1635 ὅτε
1520 1600 1583 1651 γε
1614 1584 1708 1637 καὶ
1744 1587 1802 1638 ὲν
1823 1589 1937 1650 τοῖς

353 1667 609 1740 ἀνωτέρω
635 1669 685 1722 οἱ
712 1670 776 1723 ὲκ
810 1670 903 1724 τοῦ
931 1671 1088 1741 ὄχλου
1121 1672 1453 1739 ἀκούσαντες
1490 1676 1601 1730 τῶν
1635 1677 1808 1746 λόγων
1834 1679 1929 1733 τοῦ

366 1755 541 1829 Ἰησοῦ
596 1758 807 1829 ἔλεγον·
851 1779 869 1813 ι
924 1758 1094 1827 Οὗτός
1126 1767 1271 1820 ἐστιν
1306 1766 1520 1837 ἀληθῶς
1551 1768 1580 1819 6
1611 1770 1928 1841 προφήτης·

352 1849 500 1904 ἄλλοι
533 1851 590 1905 δὲ
629 1852 845 1922 ἔλεγον·
891 1847 1059 1919 Οὗτός
1098 1857 1244 1911 ἐστιν
1280 1859 1308 1910 6
1354 1860 1617 1930 Χριστός·
1654 1862 1705 1914 oi
1737 1862 1794 1915 δὲ
1820 1861 1933 1915 ἕλε-

2049 670 2146 710 nas
2182 654 2571 726 iutelligentias
2609 655 3047 725 prepheticorum
3083 671 3396 712 sermonum
3433 659 3511 729 ³¹;
3546 665 3628 717 sic

2046 745 2112 799 de
2139 754 2315 800 morte
2341 745 2513 814 ipsius
2544 746 2709 799 etiam
2739 757 2880 810 erat,
2920 747 3063 815 quod
3107 747 3357 803 Christus
3384 750 3626 818 seipsum

2044 852 2074 892 e
2107 839 2215 892 vita
2272 837 2605 893 liberaturus
2648 847 2795 894 esset
2841 854 2906 892 eo
2943 839 3102 893 modo
3132 854 3240 908 quo
3265 840 3540 907 diximus;
3572 855 3631 897 et

2044 940 2191 983 certe
2219 929 2499 999 probabile
2522 938 2604 983 est
2633 944 2727 985 eos
2754 929 3086 984 intellexisse
3113 943 3259 997 eum,
3286 933 3377 1000 qui
3422 934 3505 987 sic
3528 948 3628 986 ex-

2044 1021 2226 1075 iturus
2254 1031 2420 1089 esset,
2469 1023 2741 1077 abiturum
2775 1024 2827 1077 in
2855 1023 3029 1078 locum
3071 1039 3178 1093 quo
3212 1040 3279 1079 ne
3311 1026 3366 1079 hi
3403 1028 3626 1095 quidem

2043 1116 2160 1168 hmc
2189 1115 2558 1185 intelligentes
2602 1114 2877 1184 proficisci
2924 1126 3150 1184 possent
3182 1133 3197 1169 :
3231 1118 3369 1172 adeo
3406 1128 3464 1172 ut
3515 1136 3623 1174 non

2041 1206 2389 1275 simpliciter,
2422 1208 2517 1261 sed
2550 1208 2706 1277 juxta
2740 1209 3032 1277 quamdam
3076 1209 3143 1263 de
3177 1208 3401 1264 Christo
3452 1213 3626 1265 tradi-

2043 1303 2244 1357 tionem
2274 1302 2510 1357 dixerint
2543 1325 2554 1356 :
2598 1319 2618 1352 ι
2653 1301 2906 1370 Nunquid
2942 1302 3328 1358 interfecturus
3357 1314 3441 1359 est
3466 1307 3626 1374 seip-

2039 1408 2183 1458 sum,
2214 1390 2340 1463 quia
2391 1393 2526 1446 dicit
2560 1412 2573 1447 :
2620 1391 2740 1459 Quo
2763 1407 2863 1462 ego
2912 1395 3087 1454 vado,
3120 1410 3213 1447 vos
3254 1411 3361 1449 non
3394 1397 3624 1465 potestis

2038 1484 2224 1539 venire
2253 1485 2337 1538 “1’
2365 1503 2384 1536 ι
2427 1482 2577 1551 Quod
2623 1483 2667 1538 si
2710 1484 2876 1537 etiam
2918 1484 3035 1538 haec
3084 1485 3381 1554 loquuntur
3422 1486 3621 1550 Judaei,

2038 1577 2287 1648 ambigue
2318 1578 2435 1631 haec
2479 1577 2809 1645 loquuntur;
2861 1590 2987 1631 nam
3041 1576 3267 1632 dicere:
3307 1597 3326 1630 ι
3358 1578 3622 1649 Nunquid

2038 1668 2430 1724 interfecturus
2455 1678 2539 1723 est
2562 1667 2837 1736 seipsum?
2871 1687 2889 1718 ι
2924 1668 3030 1722 tale
3059 1670 3315 1738 quiddam
3355 1683 3461 1728 est.
3504 1671 3617 1728 Nec

2038 1775 2170 1814 sane
2194 1761 2388 1813 mirum
2441 1769 2521 1834 est
2559 1775 2656 1813 eos
2686 1762 2753 1813 de
2798 1758 3016 1815 Christo
3048 1760 3347 1831 ambigere,
3396 1768 3621 1834 quando

2036 1854 2204 1907 etiam
2234 1853 2285 1906 in
2313 1833 2708 1921 superioribus.
2737 1867 2858 1905 cum
2890 1851 3061 1906 turba:
3090 1853 3370 1909 audissent
3405 1872 3618 1912 sermo-

354 1960 483 2011 γονδ
512 1945 605 2017 Μὴ
636 1946 746 2018 γὰρ
778 1947 843 1999 ὲκ
876 1947 973 2018 τῆς
1006 1948 1295 2014 Γαλιλαίας
1331 1954 1360 2004 6
1387 1952 1623 2022 Χριστὸς
1673 1953 1921 2025 έρχεται;

2038 1959 2132 1999 nes
2166 1942 2314 2010 Jesu,
2373 1944 2660 1999 dicerent:
2701 1962 2721 1996 σ
2756 1943 2855 1998 llic
2897 1955 2980 1998 est
3028 1958 3154 1999 vere
3185 1947 3445 2015 propheta
3474 1949 3612 2016 ille;

351 2035 463 2105 Οὐχ
490 2036 518 2106 η
541 2036 732 2108 Γραφὴ
757 2033 929 2101 εἶπεν,
950 2039 1030 2092 ὅτι
1057 2041 1120 2093 ὲκ
1151 2041 1470 2114 σπέρματος
1492 2044 1672 2112 Δαυῒδ,
1708 2047 1800 2100 καὶ
1824 2046 1932 2099 ἀπὸ

353 2125 604 2199 Βηθλεὲμ
643 2128 743 2199 τῆς
796 2128 990 2201 κώμης
1042 2132 1175 2186 ὅπου
1231 2129 1300 2206 ἦν
1364 2134 1563 2203 Δαυῒδ,
1612 2140 1642 2191 6
1694 2139 1931 2209 Χριστὸς

336 2216 603 2288 -ἔρχεται;
653 2238 671 2272 ι
698 2221 786 2273 ὅτε
817 2223 912 2275 καὶ
944 2242 964 2274 ι
999 2225 1204 2295 σχίσμα
1238 2226 1529 2299 γεγένηται
1570 2230 1628 2283 ὲν
1669 2229 1748 2301 τῷ
1787 2230 1929 2301 ὄχλῳ

346 2307 415 2362 δι’
435 2310 620 2365 αὐτόν.
659 2331 679 2363 ι
721 2312 880 2367 Ἀλλά
912 2316 1006 2369 καὶ
1037 2318 1154 2387 μετ’
1177 2318 1332 2388 ὀλίγα
1363 2311 1588 2375 ἐκείνων
1602 2321 1928 2395 γέγραπται,

345 2399 426 2452 ὅτι
453 2400 828 2475 ἀπεκρίθησαν
870 2406 919 2458 oi
959 2407 1261 2479 ὐπηρέται’
1300 2412 1628 2466 ‹-Οὑδέποτε
1666 2414 1927 2485 ἐλάλησεν

344 2490 519 2555 οὑτως
546 2491 849 2564 ἄνθρωπος·
893 2517 911 2548 ι
938 2497 1014 2561 ὡς
1038 2500 1133 2553 καὶ
1162 2502 1289 2565 τοὺς
1303 2503 1628 2577 Φαρισαίους
1648 2506 1930 2578 εἰρηκέναι

341 2586 455 2648 τοῖς
481 2585 820 2656 θαυμάζουσι
840 2587 932 2642 τὸν
958 2587 1115 2658 λόγον
1141 2593 1304 2646 αὐτοῦ
1320 2610 1333 2625 ⁸
1359 2611 1378 2645 ι
1406 2593 1497 2665 Μὴ
1520 2595 1614 2649 καὶ
1639 2596 1797 2667 ὑμεῖς
1828 2615 1928 2651 πε-

342 2672 637 2745 πλάνησθε;
659 2676 829 2747 μήτις
850 2678 914 2730 ὲκ
933 2678 1039 2732 τῶν
1050 2681 1325 2753 ἀρχόντων
1347 2683 1663 2740 ἐπίστευσεν
1676 2687 1754 2749 εἰς
1765 2687 1927 2741 αὑτὸν

340 2760 373 2831 ἢ
392 2762 456 2815 ἐκ
470 2763 580 2815 τῶν
596 2764 925 2834 Φαρισαίων;
946 2767 1109 2839 ἀλλ’ἢ
1135 2772 1163 2821 ὁ
1181 2767 1607 2843 ὄχλυς(69)οῦτος
1626 2776 1655 2829 6
1671 2775 1746 2847 μὴ
1765 2778 1927 2846 γινώ-

342 2869 486 2907 σκων
500 2854 589 2909 τὸν
615 2857 777 2928 νόμον
803 2859 1064 2931 ἐπάρατοί
1086 2862 1223 2920 εἰσιν
1238 2880 1254 2928 ;
1273 2883 1293 2916 ι
1308 2866 1394 2918 ὅτε
1411 2869 1505 2919 καὶ
1522 2867 1832 2940 Νικοδήμου
1850 2873 1928 2924 εί-

344 2946 589 3017 ρηκότοςο
610 2966 629 2999 ς
649 2949 784 3021 Μὴό
805 2951 987 3022 Νόμος
1004 2953 1161 3024 ἡμῶν
1186 2956 1359 3028 κρίνει
1389 2957 1480 3012 τὸν
1507 2960 1809 3031 ἄνθρωπον,
1832 2963 1927 3017 ἐὰν

347 3038 421 3110 μὴ
453 3038 663 3111 ἀκούσῃ
709 3043 925 3114 πρῶτον
972 3049 1102 3118 παρ’
1137 3048 1322 3115 αὑτοῦ,
1359 3051 1455 3103 καὶ
1495 3051 1607 3122 γνῷ
1651 3053 1705 3106 τί
1749 3058 1922 3120 ποιεῖς

336 3129 712 3205 ἀπκρίθησαν
730 3152 742 3165 ’
769 3135 861 3208 Μὴ
894 3138 989 3190 καὶ
1021 3140 1084 3193 σὺ
1112 3142 1176 3193 ὲκ
1197 3140 1298 3210 τῆς
1325 3141 1616 3207 Γαλιλαίας
1648 3140 1735 3210 ei;
1766 3146 1924 3217 ἐρεύ-

2033 2035 2125 2089 alii
2173 2049 2302 2089 vero
2341 2034 2595 2089 dicebant
2628 2052 2642 2087 :
2674 2033 2774 2089 Hic
2818 2042 2903 2089 est
2942 2034 3032 2089 ille
3055 2035 3349 2103 Christus;
3386 2040 3613 2109 quidam

2034 2137 2211 2180 autem
2243 2126 2496 2182 dicebant
2526 2143 2540 2177 :
2580 2125 2848 2179 Nmnnam
2872 2141 2938 2179 ex
2971 2123 3191 2181 Galilaea
3228 2129 3481 2186 Christus
3512 2147 3613 2186 ve-

2035 2219 2147 2272 nit?
2174 2218 2363 2272 Nonne
2397 2218 2677 2288 Scriptura
2716 2217 2867 2279 dicit,
2904 2220 3045 2286 quod
3074 2234 3137 2272 ex
3172 2222 3382 2274 semine
3416 2224 3610 2289 David,

2034 2320 2088 2367 et
2127 2313 2193 2367 de
2230 2311 2546 2366 Bethlehem
2579 2310 2804 2365 castello
2848 2311 2936 2364 ubi
2979 2322 3098 2366 erat
3145 2311 3333 2377 David,
3361 2315 3610 2373 Christus

2034 2402 2251 2456 veniet?
2279 2420 2298 2453 ι
2336 2403 2553 2471 quando
2576 2402 2740 2455 etiam
2776 2419 2797 2451 ‹
2831 2401 3103 2456 dissensio
3129 2412 3249 2457 orta
3281 2416 3365 2459 est
3407 2407 3459 2459 in
3493 2416 3613 2461 tur-

2034 2494 2102 2549 ba
2138 2502 2358 2565 propter
2393 2508 2516 2547 eum
2551 2493 2619 2546 ³³.
2658 2511 2677 2544 ι
2714 2491 2822 2548 Sed
2854 2493 3018 2561 paulo
3075 2504 3196 2562 post
3228 2495 3312 2548 illa
3344 2499 3608 2567 scriptum

2032 2596 2117 2640 est
2144 2584 2492 2654 respondisse
2528 2582 2808 2636 ministros
2841 2600 2855 2635 :
2906 2601 2925 2632 ι
2962 2582 3247 2657 Nunquam
3287 2588 3391 2642 isto
3450 2592 3613 2644 modo

2033 2679 2244 2733 locutus
2269 2686 2353 2731 est
2376 2677 2538 2729 homo
2563 2674 2608 2706 “
2640 2694 2653 2727 :
2689 2695 2707 2727 ι
2742 2677 2876 2729 adeo
2908 2683 2967 2728 ut
3000 2676 3258 2734 Pharisaei
3282 2681 3606 2736 admiranti-

2032 2773 2134 2827 bus
2168 2782 2475 2827 sermonem
2503 2771 2621 2839 ejus
2651 2772 2886 2826 dixerint
2919 2790 2934 2827 :
2974 2794 2991 2825 ι
3024 2773 3162 2827 Νιιιιι
3200 2788 3293 2828 vos
3320 2774 3481 2827 etiam
3510 2778 3612 2829 deo-

2032 2866 2172 2934 cepti
2196 2864 2365 2919 estis?
2401 2879 2528 2918 num
2560 2863 2759 2933 aliquis
2780 2880 2845 2919 ex
2878 2864 3237 2934 principibus,
3264 2867 3346 2919 vel
3377 2881 3441 2919 ex
3465 2866 3611 2921 Pba~

2033 2956 2206 3011 risteis
2239 2955 2293 3008 in
2318 2970 2441 3009 eum
2476 2954 2748 3009 credidit?
2772 2954 2966 3010 Annon
2995 2955 3151 3009 turba
3179 2957 3315 3019 hzer,
3346 2972 3465 3024 qua:
3496 2972 3603 3011 non

2032 3047 2280 3118 agnoscit
2323 3046 2523 3118 legem,
2589 3045 2954 3101 exsecrabiles
3012 3055 3139 3101 sunt
3181 3048 3268 3101 “1'
3312 3071 3332 3100 ι
3385 3051 3607 3118 quando

2029 3141 2193 3195 etiam
2220 3155 2341 3195 cum
2378 3139 2604 3193 dixisset
2640 3136 2965 3194 Nicodamus
3000 3155 3013 3190 :
3052 3157 3073 3190 ι
3107 3138 3241 3193 Νιιιη
3283 3143 3369 3195 lex
3420 3153 3604 3197 nostra

335 3236 530 3289 νησον,
553 3226 648 3278 καὶ
682 3225 778 3291 ἴδε,
819 3227 900 3281 ὅτι
929 3229 995 3281 ὲκ
1024 3229 1122 3298 τῆς
1151 3230 1440 3297 Γαλιλαίας
1488 3237 1772 3307 προφήτης
1821 3237 1921 3292 οὐκ

2026 3229 2233 3301 iudicat
2278 3231 2575 3291 hominem,
2629 3229 2729 3284 nisi
2783 3231 2934 3299 prius
2992 3232 3226 3285 audierit
3268 3234 3338 3285 ab
3368 3234 3508 3302 ipso,
3548 3245 3607 3289 et

334 3312 637 3387 ἐξέρχεται,
663 3318 782 3371 οὑδὲ
810 3318 1101 3391 ἐγείρεται.
1145 3341 1163 3373 ι
1198 3322 1325 3388 Πῶς
1350 3324 1407 3377 δὲ
1435 3325 1688 3382 ἐδύναντο
1719 3328 1921 3382 ἀπλού-

336 3421 526 3478 στερον
551 3410 690 3461 νοεῖν
718 3409 879 3463 αὑτὸν
916 3412 1112 3466 ἑαυτὸν
1152 3414 1472 3487 ἀναιρήσειν
1499 3419 1550 3470 οἱ
1590 3419 1922 3485 ἀκούσαντες

333 3497 500 3552 αὑτοῦ
526 3498 774 3569 λέγοντος
792 3519 806 3533 ·
840 3522 861 3555 ι
908 3505 1048 3573 Ἐγώ
1078 3507 1197 3576 εἰμι
1232 3506 1294 3559 τὸ
1327 3506 1443 3576 φῶς
1474 3507 1569 3562 τοῦ
1600 3509 1809 3582 κόσμου
1833 3529 1844 3541 ·
1891 3513 1919 3564 6

333 3590 641 3645 ἀκολουθῶν
671 3610 761 3663 μοι
796 3595 857 3647 οὑ
895 3597 969 3666 μὴ
997 3599 1347 3671 περιπατήσῃ
1368 3600 1425 3654 ἐν
1448 3603 1515 3672 τῇ
1553 3602 1762 3673 σκοτίᾳ,
1802 3602 1918 3657 ἀλλ’

331 3682 442 3747 ἔξει
469 3683 530 3736 τὸ
560 3684 675 3755 φῶς
701 3686 801 3758 τῆς
842 3686 1024 3758 ζωῆς;
1061 3708 1080 3741 ι
1117 3690 1261 3761 Πρὸς
1287 3691 1346 3747 ὃν
1377 3693 1427 3745 οἱ
1449 3693 1733 3764 Φαρισαῖοι
1765 3696 1918 3767 εἰρή-

333 3790 511 3841 κασιν,
536 3777 617 3831 ὅτι
649 3800 667 3829 ι
704 3779 776 3832 Σὺ
808 3781 935 3851 περὶ
957 3782 1183 3837 σεαυτοῦ
1214 3786 1540 3853 μαρτυρεῖςο
1574 3788 1606 3856 ἡ
1637 3788 1914 3858 μαρτυρία

334 3880 424 3918 σου
456 3868 555 3920 οὐκ
576 3868 720 3921 ἐστιν
750 3868 985 3941 ἀληθής·
1016 3866 1098 3935 οἷς
1140 3872 1473 3944 ἀπεκρίνατο
1504 3877 1532 3927 6
1588 3874 1796 3946 Ἰησοῦς
1823 3876 1913 3929 λέ-

329 3973 470 4026 γων·
505 3959 622 4012 Κᾶν
653 3959 761 4031 ἐγὼ
787 3963 1047 4035 μαρτυρῶ
1075 3964 1205 4035 περὶ
1256 3964 1519 4034 ἐμαυτοῦ,
1561 3968 1595 4036 ἡ
1637 3967 1913 4039 μαρτυρία

335 4066 436 4120 μου
475 4049 681 4121 ἀληθής
730 4054 897 4117 ἐστιν,
947 4055 1028 4107 ὅτι
1076 4051 1192 4109 οἶδα
1234 4054 1394 4109 πόθεν
1427 4052 1610 4127 ἦλθον,
1662 4059 1754 4112 καὶ
1809 4059 1912 4113 ποῦ

332 4142 543 4212 ὑπάγω.
593 4144 780 4223 ξΥμεῖς
840 4147 981 4201 κατά
1032 4148 1133 4220 τὴν
1186 4148 1365 4222 σάρκα
1424 4149 1661 4221 κρίνετε,
1711 4150 1822 4220 ἐγὼ
1850 4155 1910 4207 οὑ

329 4234 499 4307 κρίνω
529 4235 742 4291 οὐδέναο
781 4238 874 4291 καὶ
904 4237 997 4293 ἐὰν
1024 4239 1194 4311 κρίνω
1218 4241 1275 4294 δὲ
1301 4240 1432 4309 ἐγὼ,
1461 4244 1494 4312 ή
1530 4243 1711 4313 κρίσις
1735 4246 1767 4315 ή
1801 4247 1910 4317 ἐμὴ

328 4325 535 4397 ἀληθής
565 4330 733 4391 ἐστιν,
766 4329 847 4381 ὄτι
884 4328 1044 4399 μόνος
1086 4330 1185 4384 οὐκ
1222 4332 1358 4402 εἰμὶ,
1405 4332 1520 4385 ἀλλ’
1565 4334 1697 4401 ἐγὼ,
1745 4336 1839 4389 καὶ
1880 4338 1908 4389 6

329 4418 549 4489 πέμψας
582 4438 651 4491 με
679 4422 892 4494 Πατήρ.
928 4424 1036 4476 Καὶ
1058 4424 1117 4477 ἐν
1147 4424 1227 4495 τῷ
1258 4425 1429 4496 Νόμῳ
1457 4425 1514 4478 δὲ
1546 4426 1625 4497 τῷ
1657 4428 1907 4501 ὑμετέρῳ

327 4512 668 4583 γέγραπται,
711 4514 792 4567 ὅτι
831 4512 925 4569 δύο
968 4514 1271 4586 ἀνθρώπων
1309 4518 1342 4587 η
1380 4517 1655 4588 μαρτυρία
1700 4518 1906 4592 ἀληθής

2028 3321 2344 3392 cognoverit
2371 3322 2501 3390 quid
2534 3319 2736 3374 faciat?
2782 3320 3185 3388 responderunt
3220 3337 3232 3372 :
3264 3320 3400 3377 Num
3432 3333 3486 3378 et
3540 3333 3598 3378 tu

2025 3418 2281 3476 Galilaeus
2304 3418 2399 3473 es?
2424 3416 2702 3482 Scrutare,
2733 3425 2788 3472 et
2814 3416 2937 3471 vide
2959 3417 3103 3486 quod
3155 3431 3182 3466 a
3223 3414 3445 3469 Galilaea
3474 3430 3598 3484 pro-

2022 3513 2187 3582 pheta
2219 3526 2324 3566 non
2350 3511 2626 3582 egreditur
2649 3523 2826 3579 neque
2853 3508 3025 3577 surgit
3045 3508 3110 3561 δε.
3144 3526 3162 3559 ι
3193 3506 3298 3561 Sed
3325 3508 3597 3576 quomodo

2022 3602 2323 3672 simplicius
2350 3611 2604 3673 poterant
2636 3600 2944 3670 intelligere
2982 3600 3221 3654 futurmn
3269 3609 3326 3651 ut
3355 3599 3594 3667 seipsum

2021 3694 2378 3759 interficeret,
2417 3693 2703 3747 audientes
2742 3706 2865 3747 eum
2901 3691 3171 3746 dicentem
3209 3707 3221 3743 :
3259 3710 3275 3741 ι
3319 3690 3429 3757 Ego
3476 3702 3595 3743 sum

2018 3783 2114 3841 lux
2142 3784 2326 3841 mundi
2359 3804 2373 3839 :
2407 3785 2497 3854 qui
2535 3783 2784 3854 sequitur
2811 3800 2921 3851 me,
2961 3797 3303 3851 nequaquam
3344 3780 3596 3835 ambula-

2017 3880 2159 3935 verit
2188 3883 2239 3932 in
2270 3878 2532 3942 tenebris,
2566 3876 2665 3933 sed
2697 3876 2915 3930 habebit
2958 3876 3140 3929 lumen
3186 3876 3311 3929 vita:
3343 3873 3425 3927 '7?
3461 3891 3481 3926 ι
3512 3872 3595 3930 Ad

2017 3985 2178 4039 quem
2216 3967 2475 4023 Pharisaei
2518 3969 2811 4023 dixerunt:
2846 3985 2865 4017 ι
2901 3962 2978 4018 Tu
3025 3967 3092 4020 de
3130 3966 3303 4034 teipso
3335 3965 3597 4019 testifica-

2015 4064 2122 4127 ris;
2176 4061 2543 4116 testiutonium
2575 4071 2721 4115 tuum
2772 4076 2878 4113 non
2926 4066 3008 4111 est
3037 4072 3247 4111 verum.
3294 4055 3598 4124 Respondit

2015 4151 2197 4215 Jesus,
2225 4161 2280 4206 et
2314 4151 2453 4205 dixit
2482 4151 2562 4205 eis
2592 4164 2607 4203 :
2648 4149 2871 4203 Etiamsi
2912 4164 3014 4218 ego
3056 4148 3425 4202 testimonium
3470 4160 3595 4213 per-

2014 4241 2176 4296 hibeo
2201 4241 2270 4294 de
2318 4240 2552 4308 meipso,
2581 4253 2771 4293 verum
2818 4248 2901 4291 est
2965 4239 3332 4292 testimonium
3387 4249 3589 4298 meum,

2013 4333 2138 4401 quia
2174 4332 2288 4387 scio
2325 4330 2469 4385 unde
2501 4330 2683 4395 venio,
2720 4341 2774 4383 et
2799 4345 2907 4397 quo
2937 4331 3093 4384 vado.
3152 4329 3262 4384 Vos
3291 4329 3593 4383 secundum

2012 4439 2234 4478 carnem
2256 4421 2540 4492 judicatis,
2570 4438 2672 4493 ego
2709 4439 2814 4476 non
2840 4423 3025 4491 judico
3058 4435 3387 4490 quemquam
3415 4439 3429 4474 :
3458 4436 3589 4489 por-

2013 4532 2075 4571 ro
2098 4516 2261 4570 etiam
2290 4515 2333 4569 si
2353 4515 2591 4585 judieem
2625 4528 2746 4584 ego,
2770 4513 3037 4581 judicium
3066 4527 3243 4566 meum
3277 4527 3464 4567 verum
3486 4519 3590 4576 est,

327 4606 499 4659 ἔστιν·
529 4605 639 4675 ἐγώ
664 4609 777 4678 εἰμι
798 4610 827 4660 6
854 4608 1147 4680 μαρτυρῶν
1181 4608 1309 4679 περὶ
1345 4609 1609 4679 ἐμαυτοῦ,
1639 4612 1732 4665 καὶ
1766 4629 1907 4684 μαρ-

2026 4609 2138 4678 ιιιίιι
2165 4607 2313 4663 solus
2342 4622 2447 4660 non
2479 4621 2627 4670 sum;
2683 4606 2778 4660 sed
2805 4620 2926 4674 ego,
2959 4614 3015 4658 et
3040 4604 3133 4673 qui
3184 4605 3331 4658 misit
3371 4618 3456 4657 me
3485 4602 3592 4657 Pa-

324 4700 478 4769 τυρεῖ
494 4698 637 4769 ,περὶ
658 4696 789 4769 ἐμοῦ
814 4700 843 4751 6
875 4700 1097 4771 πέμψας
1122 4717 1189 4771 με
1213 4701 1242 4753 6
1263 4701 1472 4773 Πατήρ.
1514 4721 1533 4753 ι
1565 4702 1631 4756 Τί
1653 4702 1711 4756 δὲ
1746 4703 1905 4757 πιθα-

325 4788 413 4842 νὸν
443 4791 581 4861 πρὸς
624 4790 684 4844 τὸ
718 4792 1034 4846 ἀποκτενεῖν
1080 4795 1273 4849 ἑαυτὸν
1322 4795 1459 4865 μετά
1499 4796 1625 4860 τοὺς
1667 4797 1901 4867 μεγαλο-

324 4878 618 4951 φυέστερον
664 4881 988 4951 εἰρημένους
1031 4883 1220 4937 τοῦτον
1278 4884 1369 4936 τὸν
1413 4885 1614 4956 τρόπον
1672 4885 1896 4955 λόγους·

329 4986 347 5017 ι
383 4967 520 5023 Οὑτε
572 4972 672 5041 ἐμὲ
715 4973 912 5038 οἴδατε,
960 4972 1086 5028 οὒτε
1125 4973 1218 5027 τὸν
1264 4975 1484 5046 Πατέρα
1536 4994 1676 5048 μου’
1716 4979 1766 5030 εἰ
1798 4978 1900 5049 ἐμὲ

320 5059 518 5131 ⁴ᾔδειτε,
554 5063 648 5115 καὶ
670 5062 760 5117 τὸν
794 5063 1015 5137 Πατέρα
1040 5081 1141 5135 μου
1169 5063 1236 5118 ἂν
1270 5064 1485 5137 ᾔδειτε,
1521 5086 1542 5119 ι
1581 5067 1744 5129 Εἰκὸς
1766 5066 1897 5138 γὰρ,

318 5152 400 5204 ὃτι
425 5152 636 5217 τούτοις
665 5154 866 5224 ὁμοίως
896 5155 1200 5226 ἐξεδέχοντο
1239 5157 1333 5210 καὶ
1364 5157 1426 5209 τό
1446 5174 1459 5187 ·
1502 5177 1520 5208 ι
1580 5157 1721 5227 Ἐγὼ
1754 5159 1897 5212 ὑπά-

318 5259 420 5312 γω,
450 5247 543 5298 καὶ
572 5245 838 5317 ζητήσετέ
865 5264 952 5317 με,
979 5247 1074 5299 καὶ
1101 5248 1159 5300 ἐν
1190 5250 1257 5318 τῇ
1295 5248 1542 5320 ἁμαρτίᾳ
1575 5249 1732 5320 ὑμῶν
1760 5250 1897 5302 ἀπο-

319 5336 595 5391 θανεῖσθε
652 5339 786 5393 ὅπου
825 5338 936 5407 ἐγὼ
988 5340 1202 5408 ὑπάγω,
1237 5340 1394 5411 ὑμεῖς
1431 5342 1492 5394 οὑ
1528 5341 1757 5395 δύνασθε
1809 5342 1896 5395 ὲλ-

318 5428 456 5482 θεῖνε
501 5448 522 5481 ι
552 5429 688 5502 πρὸς
707 5431 765 5484 ὃν
791 5431 886 5484 καὶ
914 5431 1277 5502 ἀπεκρίναντο
1301 5434 1351 5484 οί
1393 5433 1661 5486 Ἰουδαῖοι·
1697 5454 1715 5486 ι
1749 5435 1895 5505 Μήτι

316 5517 609 5572 ἀποκτενεῖ
653 5518 864 5583 ἑαυτὸν,
910 5520 992 5572 ὃτι
1054 5519 1234 5589 λέγει⁶
1294 5520 1464 5573 Ὅπου
1520 5520 1631 5587 ὲγὼ
1674 5520 1892 5589 ὑπάγω,

2014 4711 2116 4755 ter.
2163 4699 2303 4767 Quin
2342 4709 2399 4754 et
2452 4699 2505 4752 in
2562 4698 2685 4769 lege
2727 4696 2891 4766 300
2923 4706 3101 4752 vestra
3159 4699 3423 4765 scriptum
3483 4703 3587 4756 est,

2011 4795 2155 4864 quod
2198 4795 2428 4847 duorum
2481 4793 2760 4846 hominum
2800 4791 3178 4845 testimonium
3213 4804 3401 4843 verum
3454 4797 3539 4841 est
3572 4804 3589 4841 :

2012 4900 2110 4954 ego
2144 4900 2263 4939 sum
2313 4885 2361 4939 is
2419 4884 2512 4953 qui
2565 4883 2939 4948 testimonium
2997 4881 3117 4934 fero
3149 4882 3216 4933 de
3270 4879 3498 4946 meipso,
3533 4890 3591 4932 et

2011 4979 2379 5033 testimonium
2402 4977 2506 5031 fert
2539 4977 2605 5031 de
2628 4993 2735 5044 me,
2761 4977 2854 5046 qui
2884 4975 3035 5029 misit
3058 4986 3143 5028 me
3163 4972 3324 5026 Pater
3338 4972 3399 5025 ³⁸.
3432 4988 3453 5020 ι
3478 4969 3594 5025 Cur

2009 5085 2140 5125 vero
2168 5068 2460 5125 verisimile
2509 5077 2648 5133 erat,
2696 5067 2840 5138 quod
2890 5066 3127 5136 seipsum
3195 5063 3590 5118 interfecturus

2008 5174 2154 5220 esset
2201 5172 2320 5233 post
2369 5172 2448 5217 tot
2480 5164 2645 5217 verba
2701 5171 2811 5215 tam
2843 5159 3130 5231 magnifice
3179 5175 3209 5211 a
3255 5173 3314 5212 se
3358 5158 3504 5211 hunc
3531 5157 3588 5212 in

2009 5252 2230 5306 modum
2279 5251 2470 5305 dicta:
2505 5268 2523 5301 ι
2554 5248 2740 5318 Neque
2784 5262 2869 5302 me
2909 5248 3081 5312 scitis,
3135 5261 3314 5316 neque
3367 5246 3584 5301 Patrem

2008 5359 2225 5411 meum;
2251 5343 2297 5398 si
2330 5356 2414 5396 me
2452 5341 2688 5403 sciretis.
2723 5340 2889 5396 etiam
2925 5340 3140 5394 Patrem
3193 5353 3374 5393 meum
3415 5337 3589 5393 scire-

2007 5438 2074 5490 tis
2101 5435 2179 5490 "?
2214 5453 2234 5487 δ
2270 5433 2541 5489 Credibile
2568 5434 2714 5487 enim
2739 5443 2823 5486 est
2851 5446 2969 5497 eos,
3013 5430 3237 5499 perinde
3274 5438 3440 5495 atque
3471 5427 3587 5479 bwc

2004 5530 2192 5592 verba,
2224 5526 2559 5581 intellexisse
2588 5524 2718 5579 illud
2751 5540 2765 5575 :
2806 5543 2824 5574 ι
2859 5522 2976 5593 Ego
3022 5522 3181 5580 vado.
3217 5529 3273 5574 et
3324 5520 3586 5587 quieretis

317 5608 472 5679 ὑμεῖς
503 5611 564 5665 οὑ
596 5610 823 5667 δύνασθε
850 5612 1063 5677 ὲλθεῖν;
1106 5631 1125 5663 ι
1169 5613 1317 5666 Πάνυ
1351 5612 1408 5665 δὲ
1443 5613 1535 5666 καλ¹
1570 5612 1897 5683 ἐμφαίνεται

2026 5627 2115 5676 ne,
2144 5620 2199 5667 et
2240 5613 2291 5666 in
2325 5623 2550 5681 peccato
2574 5620 2757 5666 vestro
2783 5609 3123 5675 moriemini;
3159 5622 3268 5677 quo
3292 5622 3392 5676 ego
3424 5606 3584 5675 vado,

387 5722 432 5754 “
470 5723 630 5778 Mich.
664 5740 718 5787 v,
745 5723 810 5790 2;
844 5725 1032 5779 Matth.
1059 5741 1120 5787 tt,
1147 5725 1217 5788 6;
1255 5725 1411 5780 Joau.
1447 5741 1543 5788 vtt,
1572 5726 1663 5780 42.
1740 5724 1785 5757 ³²
1809 5725 1921 5780 Joat

2026 5741 2098 5785 ιιι,
2122 5723 2213 5777 22.
2292 5723 2507 5778 ³³Ιοοη.
2544 5738 2643 5790 vn,
2675 5725 2746 5779 40
2768 5740 2885 5794 seq.

318 5791 503 5847 67-19.
598 5794 642 5825 ³⁸
668 5795 798 5849 ibid.
831 5795 920 5862 51,
942 5795 1031 5849 52.
1106 5797 1148 5828 ³⁷
1175 5795 1333 5853 Joau.
1362 5810 1479 5866 Vttt,
1510 5796 1598 5850 12.
1674 5797 1719 5829 ³⁸
1749 5796 1881 5854 ibid.
1916 5796 2105 5850 15-18.

394 5905 507 5978 (68)
537 5907 753 5963 Αὐτοῦ.
782 5907 1171 5984 [ιθεοβὺτούς.

2961 5722 3006 5753 ³⁸⁵
3040 5720 3169 5774 ibid.
3203 5718 3295 5773 46.
3371 5718 3418 5752 ³⁵
3450 5719 3581 5772 ibid.

2184 5797 2226 5826 ³⁰
2257 5794 2410 5848 Joan.
2445 5810 2562 5857 vm,
2598 5796 2679 5848 19.

2091 5906 2200 5979 (69)
2232 5907 2520 5964 Ferrarius
2556 5909 2766 5963 videtur
2787 5909 2980 5978 legisse
3009 5906 3120 5961 ἀλλ’
3151 5906 3183 5976 ἢ
3220 5906 3321 5977 οὐχ
3343 5908 3373 5961 6
3401 5903 3576 5975 ὃχλος.
