4196 6426
593 415 699 470 559

2081 413 2405 470 ORIGENIS
3742 426 3846 480 560

589 554 654 589 eu
693 549 788 587 vos
832 547 936 586 non
972 535 1197 601 potestis
1242 533 1428 587 venire
1456 534 1502 566 ⁸⁸
1543 550 1556 588 :
1597 553 1615 586 ι
1656 533 1808 606 [(70)
1853 534 1940 588 cui
1993 533 2159 588 etiam

2262 536 2295 605 ή
2328 533 2543 598 ἐξουσία
2567 535 2731 588 αὑτοῦ
2763 539 2818 590 ἐν
2840 535 2918 606 τῷ
2949 537 3060 607 (Ἠ)
3105 539 3470 606 αὐτεξουσίως
3512 541 3675 597 αὐτὸν
3709 546 3844 598 ἀπο-

589 625 759 682 Ιιιάωἰ
811 625 1212 694 responderunt
1251 639 1266 676 :
1323 641 1343 676 ι
1384 625 1642 694 Nunquid
1688 625 1978 680 iuterﬁciet
2023 625 2169 695 seip-

593 733 736 784 sum,
795 717 923 786 quia
968 716 1141 772 dicit:
1173 715 1293 782 Quo
1317 731 1417 786 ego
1460 718 1622 781 vado,
1667 731 1765 771 vos
1796 732 1902 771 non
1939 717 2168 785 potestis

598 808 824 864 venire?
853 805 904 879 ι]
943 805 1110 862 Valde
1131 808 1294 860 etiam
1317 808 1622 862 ostenditur
1645 815 1882 877 potestas
1909 807 2026 877 ejus
2056 817 2166 862 tum

593 901 649 956 in
684 915 749 954 eo
773 899 918 966 quod
955 898 1124 953 libera
1150 906 1419 965 potestate
1444 909 1500 952 et
1524 897 1806 953 voluntate
1831 899 1948 968 ipse
1969 899 2168 952 moria-

593 1002 681 1046 tur
711 992 898 1046 relicto
931 1003 1192 1057 corpore;
1227 998 1340 1042 tum
1367 989 1530 1042 etiam
1561 990 1613 1042 in
1646 991 1749 1043 hoc
1782 990 1968 1043 dicto:
1999 1008 2016 1038 ι
2049 989 2162 1060 Ego

591 1084 758 1146 vado;
810 1089 915 1135 ret
970 1080 1242 1141 fortassis,
1303 1079 1432 1148 quia
1492 1080 1676 1134 dixit:
1711 1098 1730 1131 ‹
1787 1080 1896 1150 Ego
1949 1081 2108 1146 vado,
2141 1099 2160 1132 ι

590 1174 958 1242 subiungitur,
1003 1189 1023 1222 ε
1074 1181 1132 1224 et
1164 1171 1422 1238 quaeretis
1478 1185 1582 1224 me.
1619 1189 1637 1221 ›
1676 1168 1986 1225 Verisimile
2020 1172 2164 1224 enim

589 1277 676 1322 est
715 1281 810 1322 eos
854 1267 946 1334 qui
979 1263 1056 1317 illi
1085 1263 1158 1316 ita
1186 1276 1217 1316 e
1257 1264 1364 1314 vita
1414 1263 1670 1330 migranti
1710 1263 1958 1328 aderunt,
1989 1262 2163 1332 ipsum

593 1361 955 1430 quaesituros:
987 1355 1188 1410 idcirco
1242 1365 1422 1408 autem
1469 1355 1610 1422 quod
1670 1357 1725 1408 in
1776 1355 2014 1424 peccatis
2052 1354 2166 1408 suis

596 1451 925 1515 moriantur,
964 1461 1142 1516 neque
1195 1455 1314 1514 post
1347 1445 1432 1497 illa
1487 1445 1667 1498 omnia
1712 1445 1919 1514 pudore
1951 1445 2021 1499 ita
2049 1444 2163 1499 suf-

595 1541 915 1603 fundantur,
973 1547 1033 1592 ut
1090 1553 1195 1591 non
1248 1537 1563 1590 dubitanter
1627 1538 1694 1591 de
1745 1538 1862 1606 ipso
1915 1537 2099 1592 dicant
2146 1555 2160 1592 :

599 1654 622 1688 ι
645 1631 893 1700 Nunquid
924 1629 1303 1683 interfecturus
1321 1628 1556 1695 seipsum
1577 1629 1697 1684 est?
1727 1648 1745 1680 ι
1771 1645 1880 1699 quo
1924 1629 2041 1698 ipse
2064 1645 2160 1682 Va-

594 1724 692 1785 dit,
714 1737 808 1776 eos
826 1722 978 1777 abire
1001 1737 1107 1775 non
1139 1734 1314 1789 posse.
1336 1719 1605 1775 Existimo
1626 1721 1793 1776 etiam
1829 1720 1972 1789 quod
2010 1720 2165 1774 mali-

594 1814 754 1883 gnius
797 1814 1139 1868 nominantes
1182 1812 1312 1868 illud
1351 1814 1492 1884 quod
1531 1821 1652 1867 erat
1689 1813 1741 1866 in
1771 1812 2064 1867 traditione
2097 1815 2163 1868 de

2270 626 2542 697 θνήσκειν,
2571 629 2938 682 καταλιπόντα
2965 629 3026 682 τὸ
3057 629 3236 702 σῶμα,
3267 633 3362 687 καὶ
3397 635 3454 688 ἐν
3485 634 3590 706 τῷ·
3625 654 3644 687 t
3699 638 3842 706 Ἐγὼ

2269 719 2488 787 ὑπάγω·
2528 739 2544 771 t
2579 721 2672 773 καὶ
2687 722 2825 790 τάχα
2845 720 2933 774 διὰ
2954 721 3046 774 τό·
3087 741 3108 774 t
3152 725 3294 793 Ἐγὼ
3327 727 3542 796 ὑπάγω,
3582 748 3600 780 ι
3631 729 3694 783 τὸ
3721 733 3842 784 ἐπι-

2267 813 2565 882 φερόμενον
2606 812 2814 881 γίνεται
2841 815 2934 868 τό·
2978 834 2998 867 t
3045 815 3158 868 Καὶ
3185 815 3446 890 ζητήσετέ
3492 837 3581 890 με.
3623 839 3643 873 ι
3683 823 3844 886 Εἰκὸς

2267 901 2376 972 γάρ
2403 903 2493 956 καὶ
2516 903 2642 966 τοὺς
2665 906 3076 976 παρατυχόντας
3106 906 3277 972 οὕτως
3312 909 3459 979 αὖτῷ
3496 912 3840 967 ἀπαλλασσο-

2271 995 2418 1065 μένῳ
2445 995 2536 1048 τοῦ
2563 995 2678 1062 βίου
2719 995 2900 1067 ζητεῖν
2934 999 3096 1053 αὐτόν
3114 1017 3126 1030 ³
3159 1000 3248 1054 διά
3273 1000 3329 1053 δὲ
3357 1001 3419 1054 τὸ
3441 1005 3498 1055 ἐν
3520 1007 3640 1068 ταῖς
3664 1007 3842 1076 ἀμαρ-

2266 1086 2408 1150 τίαις
2437 1087 2615 1139 αὐτῶν
2654 1088 3016 1159 ἀποθνήσκειν
3045 1091 3258 1156 αὐτοὺς,
3303 1093 3436 1162 μηδέ
3484 1094 3621 1164 μετά
3670 1093 3840 1150 ταῦτα

2268 1178 2442 1230 πάντα
2478 1177 2894 1250 δυσωπηθέντας
2917 1179 3054 1252 πρὸς
3075 1181 3134 1234 τὸ
3161 1181 3235 1252 μὴ
3263 1182 3624 1247 διστακτικῶς
3663 1188 3836 1238 εἰπεῖν

2267 1267 2395 1337 περὶ
2455 1267 2650 1320 αὐτοῦ·
2711 1287 2730 1318 ε
2783 1270 2929 1340 Μήτι
2993 1271 3284 1325 ἀποκτενεῖ
3342 1274 3562 1340 ἑαυτόν;
3625 1295 3644 1326 ι
3704 1277 3838 1330 ὅπου

2265 1359 2469 1422 ἄπεισι,
2505 1359 2579 1432 μὴ
2607 1360 2867 1416 δύνασθαι
2913 1363 3111 1428 αὐτοὺς
3135 1364 3412 1418 ἀπελθεῖν.
3461 1363 3630 1438 υἷμαι
3659 1368 3704 1420 δ’
3731 1369 3834 1432 ὅτι,

2265 1453 2360 1504 καὶ
2389 1451 2819 1524 κακοηθέστερον
2865 1454 3222 1525 ὀνομάζοντες
3261 1457 3324 1511 τὸ
3355 1459 3496 1513 κατά
3521 1461 3618 1530 τὴν
3660 1462 3837 1533 παρά-

2264 1545 2410 1599 δοσιν
2437 1545 2564 1616 περί
2591 1545 2686 1598 τοῦ
2711 1545 2940 1600 θανάτου
2982 1546 3077 1600 τοῦ
3111 1549 3347 1619 Χριστοῦ
3378 1551 3458 1614 εἰς
3486 1551 3683 1615 αὐτοὺς
3709 1552 3834 1623 ἐλη-

2264 1635 2504 1702 λυθότος,
2554 1637 2650 1690 καὶ
2686 1636 2761 1708 μὴ
2805 1636 3118 1704 δοξάζοντες
3158 1637 3250 1692 τὸν
3287 1640 3460 1704 οὕτως
3498 1642 3835 1697 ἀπαλλαττό-

2267 1743 2427 1797 μενον
2457 1727 2550 1780 τοῦ
2591 1727 3010 1800 βίου,ίείρήκασι
3041 1729 3101 1781 τό
3121 1746 3134 1759 ·
3165 1749 3184 1781 t
3215 1731 3358 1802 Μήτι
3383 1733 3675 1786 ἀποκτενεῖ
3707 1735 3833 1788 ἑαυ-

2264 1817 2389 1884 τόνς
2431 1837 2450 1869 ι
2497 1818 2652 1890 Ἐνῆν
2681 1819 2791 1890 γάρ
2818 1818 3178 1884 διστακτικῶς
3220 1821 3320 1892 μὲν
3355 1823 3550 1886 εἰπεῖν,
3585 1827 3701 1894 μετ’
3732 1827 3835 1895 ἐμ-

593 1916 772 1962 morte
793 1905 1017 1970 Christi,
1040 1907 1130 1974 qui
1150 1906 1215 1958 ad
1242 1921 1336 1961 eos
1363 1915 1609 1968 venerat,
1642 1917 1697 1958 et
1721 1919 1826 1958 non
1857 1904 2161 1974 gloriﬁcan-

2265 1881 2481 1978 φάσεως
2517 1910 2573 1964 δὲ
2756 1881 2907 1982 παρά
2941 1910 3020 1982 τῷ
3067 1881 3281 1984 Bait—61:19
3321 1913 3476 1986 δόξης
3518 1881 3704 1981 αὐτοῦ,
3740 1881 3836 1970 καὶ

597 2010 678 2054 tes
706 2013 830 2053 eum
861 2013 892 2052 e
929 1997 1039 2051 vita
1080 1998 1184 2051 isto
1220 1999 1381 2052 modo
1424 1996 1814 2058 discedentem,
1848 1997 2103 2050 dixerunt
2141 2011 2156 2049 :

597 2108 620 2143 ει
655 2089 905 2158 Nttnqnid
957 2089 1194 2157 seipsum
1252 2087 1640 2142 interfecturus
1689 2087 1808 2140 est?
1869 2103 1889 2136 ι
1936 2085 2164 2142 Licebat

593 2182 739 2237 enim
772 2181 1021 2251 ambigue
1043 2181 1248 2248 dicere,
1275 2181 1370 2236 sed
1419 2195 1542 2232 cum
1583 2193 1854 2234 consensu
1888 2177 2004 2245 ejus
2049 2177 2164 2243 glo-

595 2275 714 2337 riae,
741 2288 860 2342 quae
879 2282 998 2326 erat
1023 2287 1189 2342 penes
1239 2283 1467 2325 mortem
1495 2268 1633 2336 ejus,
1666 2279 1722 2322 et
1753 2270 1908 2338 quasi
1933 2269 2076 2324 hunc
2107 2269 2162 2323 in

594 2367 814 2422 modum
839 2365 1020 2419 dicere
1053 2381 1066 2418 :
1106 2362 1359 2432 Nunquid
1402 2362 1588 2416 anima
1623 2361 1761 2430 ejus,
1801 2361 2022 2430 quando
2045 2359 2178 2434 ipse

595 2457 852 2524 voluerit,
877 2455 1044 2512 exibit
1071 2453 1331 2509 derelicto
1376 2467 1627 2522 corpore,
1660 2461 1714 2506 et
1743 2453 1884 2506 hanc
1929 2451 1998 2506 ob
2029 2465 2161 2505 cau-

596 2564 712 2605 sam
748 2549 962 2618 inquit:
993 2563 1015 2600 ι
1053 2545 1170 2613 Quo
1205 2560 1307 2616 ego
1335 2544 1501 2608 vado,
1541 2558 1608 2598 eo
1642 2557 1740 2599 vos
1781 2557 1888 2597 non
1939 2543 2163 2610 potestis

594 2641 819 2698 venire?
847 2659 868 2692 ι
899 2637 1074 2694 Simul
1098 2637 1283 2703 etiam,
1341 2635 1468 2706 quia
1505 2634 1862 2690 disseruimus
1889 2635 2162 2702 quomodo

592 2749 626 2789 e
653 2734 761 2789 vita
792 2731 1125 2794 discesserit,
1152 2727 1468 2784 observabis
1493 2726 1624 2781 illud
1660 2741 1674 2778 ε
1714 2743 1735 2777 ι
1768 2724 2161 2780 Etascendens

593 2824 752 2892 Iesus
779 2821 1194 2894 Jerosolymam,
1229 2819 1522 2888 assumpsit
1557 2817 1841 2873 duodecim
1892 2833 2158 2884 seorsum,

598 2926 653 2973 et
682 2918 735 2971 in
767 2915 852 2968 via
877 2914 1015 2969 dixit
1043 2912 1183 2967 illis:
1213 2910 1352 2966 Ecce
1371 2911 1717 2966 ascendimus
1737 2908 2158 2980 Jerosolymam,

601 3018 658 3064 et
683 3006 855 3062 Filius
885 3005 1120 3061 hominis
1153 3003 1394 3056 tradetur
1421 2999 1761 3073 principibus
1789 3003 2158 3069 sacerdotum,

594 3109 651 3154 et
673 3097 902 3161 scribis,
935 3105 990 3150 et
1017 3094 1454 3150 condemnabunt
1486 3108 1610 3148 eum
1654 3094 1837 3160 morti,
1873 3103 1929 3148 et
1973 3094 2158 3150 trade-

593 3195 683 3242 tur
718 3185 970 3256 gentibus
997 3181 1398 3252 couspuendus,
1447 3189 1502 3236 et
1541 3179 1917 3253 flagellandus,
1953 3193 2008 3238 et
2033 3198 2160 3237 cru-

599 3277 918 3347 ciﬁgendus,
950 3285 1007 3329 et
1037 3273 1194 3328 tertia
1224 3273 1312 3328 die
1342 3283 1588 3343 resurget
1611 3273 1677 3328 “.
1715 3291 1736 3326 ι
1773 3272 1931 3340 Quod
1962 3274 2007 3330 si
2034 3275 2158 3346 quis

597 3369 925 3437 respondeat
947 3365 1076 3421 illud
1106 3382 1118 3417 :
1156 3383 1174 3416 ι
1207 3366 1290 3420 Ab
1318 3381 1384 3420 eo
1406 3379 1647 3435 tempore
1679 3369 1846 3436 cmpit
1870 3369 2158 3422 ostendere

591 3457 870 3524 discipulis
912 3455 1045 3519 suis,
1084 3458 1228 3524 quod
1273 3463 1554 3522 oporteret
1595 3469 1719 3509 eum
1757 3453 2154 3526 Jerosolymam

591 3548 884 3621 proﬁcisci,
920 3559 976 3604 et
1007 3548 1174 3602 multa
1205 3548 1314 3618 pati
1341 3562 1369 3600 a
1398 3547 1736 3618 principibus
1787 3547 2152 3613 sacerdotum,

588 3652 646 3697 et
673 3640 981 3705 Pharismis,
1006 3647 1062 3693 et
1107 3637 1321 3701 scribis,
1371 3647 1428 3691 et
1459 3639 1691 3692 interﬁci
1720 3637 1794 3702 ης
1832 3656 1852 3689 ι
1879 3648 1934 3692 et
1972 3638 2098 3692 illud
2137 3653 2149 3687 :

593 3750 615 3784 σ
654 3731 913 3787 Futurum
943 3739 1026 3784 est
1058 3738 1116 3782 ut
1138 3726 1306 3782 Filius
1344 3728 1582 3784 hominis
1613 3727 1774 3800 301
1811 3729 2058 3782 tradatur
2100 3732 2152 3782 in

589 3839 779 3880 manus
805 3823 1106 3886 hominum,
1131 3833 1186 3877 et
1213 3823 1465 3876 occident
1487 3836 1636 3886 eum,
1679 3833 1734 3878 et
1761 3822 1920 3877 tertia
1951 3823 2037 3876 die
2070 3835 2155 3876 re-

587 3925 772 3984 surget
801 3915 867 3980 “,
917 3934 936 3968 ι
981 3914 1130 3970 dices
1163 3914 1306 3984 quod
1346 3911 1736 3969 interfecerunt
1780 3929 1904 3970 eum
1951 3927 2144 3969 omnes

588 4010 868 4064 dicentes:
908 4026 927 4058 c
967 4005 1258 4076 Cruciﬁge,
1289 4005 1546 4075 cruciﬁge
1569 4020 1694 4062 eum
1723 4005 1792 4069 “,
1837 4025 1856 4059 ι
1899 4016 1954 4061 et
1980 4007 2036 4062 hi
2059 4010 2152 4079 qui

586 4100 666 4154 rei
699 4097 918 4153 fuerunt
947 4099 1137 4152 mortis
1162 4097 1348 4163 ipsius,
1377 4097 1594 4151 etiamsi
1618 4110 2011 4167 praeoccupans
2043 4099 2154 4153 mi—

587 4191 709 4246 lites
730 4191 1008 4246 venientes
1043 4198 1101 4243 ut
1132 4189 1448 4259 frangerent
1483 4203 1650 4243 crura
1696 4188 1832 4258 ejus,
1883 4202 2007 4242 cum
2041 4189 2155 4244 cla-

585 4289 787 4336 masset
818 4294 950 4335 voce
982 4280 1181 4346 valida,
1229 4279 1682 4350 exspiraverit“.
1713 4277 1852 4334 Hinc
1895 4281 2062 4334 etiam
2092 4281 2155 4334 il-

585 4373 675 4426 lud
699 4369 987 4441 adiunges:
1010 4389 1028 4421 ι
1048 4370 1534 4426 Omnisinveniens
1565 4383 1649 4425 me
1677 4371 1892 4426 occidet
1910 4384 1996 4424 me
2015 4370 2097 4438 “;
2127 4391 2147 4424 ι

583 4473 640 4517 et
684 4463 814 4520 illud
847 4480 862 4516 :
899 4481 918 4514 ι
945 4460 1136 4516 Omnis
1166 4462 1256 4530 qui
1305 4460 1639 4516 interfecerit
1693 4460 1849 4528 Cain,
1900 4463 2153 4532 septuplo

583 4555 946 4610 vindicabitur
972 4553 1050 4618 ‘7;
1091 4571 1110 4604 ι
1141 4553 1412 4622 quomodo
1447 4551 1592 4605 enim
1639 4554 1819 4606 omnia
1868 4551 2152 4609 inveniens
2185 4587 2231 4642 Ι)

583 4647 742 4710 Cain,
769 4645 982 4702 occidet
1011 4661 1160 4709 eum,
1192 4645 1238 4698 si
1265 4658 1404 4698 unus
1430 4641 1814 4712 anticipaverit
1838 4643 2149 4700 interﬁcere

581 4736 748 4793 eum?
791 4735 888 4791 Vel
941 4736 1209 4805 quomodo
1258 4733 1440 4790 omnis
1467 4732 1559 4801 qui
1609 4730 1952 4786 interfecerit
1995 4731 2153 4798 Cain,

580 4829 885 4906 septuplum
933 4829 1207 4898 punietur,
1257 4841 1382 4880 cum
1429 4823 1582 4877 multi
1632 4837 1738 4877 non
1771 4824 2152 4880 interfecerint

579 4939 700 4976 cum
715 4922 741 4975 ?
763 4935 888 4976 nam
911 4919 1076 4974 veluti
1106 4918 1172 4973 de
1199 4916 1541 4972 multitudine
1561 4915 1702 4969 dicta
1719 4923 1802 4970 est
1829 4931 1930 4970 vox
1958 4917 2148 4970 omnis.

578 5013 852 5069 Fortassis
880 5013 1046 5066 etiam
1079 5011 1370 5064 humanius
1405 5024 1526 5062 cuin
1566 5008 1924 5064 intellexisset
1958 5008 2154 5062 Petrus

577 5119 699 5174 qua:
730 5104 875 5158 dicta
909 5112 1036 5157 sunt
1083 5116 1114 5152 a
1172 5098 1486 5164 Servatore,
1537 5099 1758 5170 inquit:
1806 5117 1825 5148 ι
1874 5097 2151 5168 PrOpitius

647 5222 692 5254 ⁸ο
721 5221 855 5276 ibid.
883 5221 974 5280 2|,
1009 5221 1098 5274 22.
1195 5222 1237 5252 ⁸⁸
1267 5220 1455 5275 Matth.
1491 5237 1576 5286 xx,
1612 5222 1673 5274 I7
1701 5235 1815 5290 seq.

572 5294 620 5326 ⁵⁵
645 5293 805 5349 Joalt.
836 5308 947 5354 xxx,
981 5292 1070 5354 5‘2,
1102 5291 1190 5345 53.
1265 5291 1310 5322 ⁴⁵⁶
1338 5291 1471 5346 Gen.
1509 5308 1582 5354 tv,
1616 5291 1696 5344 l6.
1775 5289 1818 5323 ‘7
1850 5289 1976 5345 ibid.
2015 5291 2098 5344 15.

683 5387 772 5457 70)
797 5386 922 5443 Hac
947 5385 1312 5457 supplevimns
1335 5401 1366 5440 e
1403 5383 1681 5457 Perio_nio.

682 5454 772 5524 7i)
811 5459 912 5513 Ἐν
933 5454 1230 5522 τῷἷοεοει
1262 5457 1314 5507 in
1345 5456 1530 5524 codice
1555 5454 1744 5524 Regio.

1911 5221 1956 5251 ι’
1988 5205 2178 5274 Matth.
2211 5237 2322 5287 χιιι,
2353 5223 2445 5279 ει.

2262 2001 2424 2054 οἱονεὶ
2452 1999 2624 2064 οὕτως
2651 2003 2823 2055 είπεῖν
2845 2019 2859 2033 ·
2898 2004 3029 2074 μήτι
3067 2002 3274 2074 ἡψυχὴ
3320 2003 3506 2068 αὑτοῦ,
3548 2007 3636 2059 ὅτε
3672 2007 3834 2071 αὐτὸς

2265 2089 2530 2160 βούλεται,
2567 2091 2902 2158 ἐξελεύσεται
2933 2093 3385 2163 καταλειφθέντος
3423 2096 3518 2148 τοῦ
3561 2097 3832 2168 σώματος,

2262 2179 2356 2232 καὶ
2385 2178 2473 2232 διά
2511 2179 2666 2233 τοῦτὸ
2692 2197 2824 2252 φησι
2854 2182 2947 2235 τόν
2996 2201 3014 2234 t
3051 2184 3224 2237 Ὅπου
3268 2183 3379 2252 ἐγὼ
3419 2186 3638 2254 ὑπάγω,
3677 2189 3836 2258 ὑμεῖς

2263 2270 2324 2322 οὐ
2351 2268 2580 2323 δύνασθε
2608 2270 2814 2338 ἐλθεῖν;
2859 2291 2878 2323 ι
2913 2273 3066 2345 Ἀμα
3085 2273 3142 2327 δέ
3169 2274 3263 2327 καὶ
3303 2281 3715 2348 παρατηρήσεις
3747 2278 3836 2332 διὰ.
3879 2285 3887 2294 “

2236 2358 2329 2420 ,τά
2365 2360 2629 2431 εἰρημένα
2668 2363 2798 2433 ἡμῖν
2840 2363 2969 2432 περὶ
3013 2363 3141 2424 τοῦ,
3191 2365 3309 2427 πῶς
3351 2365 3443 2418 τὸν
3488 2365 3604 2436 βίον
3649 2367 3834 2440 ἐξελή-

2263 2448 2390 2503 λυθε
2427 2450 2560 2521 (72),
2599 2451 2694 2504 τό·
2733 2470 2753 2503 t
2799 2454 2910 2506 Καὶ
2947 2453 3252 2508 ἀναϐαίνων
3292 2456 3372 2518 εἰς
3421 2455 3769 2527 Ἰεροσόλυμα
3807 2461 3836 2511 6

2275 2539 2480 2610 Ἰησοῦς
2497 2539 2769 2611 παρέλαϐε
2795 2543 2921 2606 τοὺς
2953 2542 3157 2596 δώδεκα
3191 2545 3309 2597 κατ’
3355 2544 3508 2609 ἰδίαν,
3558 2547 3655 2599 καὶ
3683 2549 3738 2599 ἐν
3762 2551 3828 2618 τῇ

2261 2632 2363 2704 ὁδῷ
2382 2629 2532 2686 εἶπεν
2561 2635 2762 2697 αὐτοῖς’
2798 2635 2926 2686 Ἰδοὺ
2957 2634 3314 2705 ἀναϐαίνομεν
3341 2637 3422 2699 είς
3463 2636 3832 2707 Ἱεροσόλυμα,

2262 2723 2357 2778 καὶ
2381 2724 2409 2775 6
2439 2722 2566 2787 Υίὸς
2590 2723 2682 2777 τοῦ
2716 2723 3001 2796 ἀνθρώπου
3030 2726 3466 2798 παραδοθήσεται
3497 2731 3607 2790 τοῖς
3648 2729 3834 2800 ἀρχιε-

2264 2813 2435 2885 ρεῦσι,
2482 2816 2576 2868 καὶ
2607 2815 3014 2887 γραμματεῦσι,
3063 2817 3158 2868 καὶ
3199 2817 3621 2890 κατακρινοῦσιν
3669 2819 3833 2872 αὐτὸν

2263 2907 2493 2978 θανάτῳ,
2528 2909 2622 2962 καὶ
2659 2907 3089 2978 παραδοθήσεται
3120 2909 3228 2979 (75)
3269 2913 3382 2974 τοῖς
3425 2909 3632 2964 ἔθνεσιν
3667 2913 3745 2975 είς
3772 2912 3834 2966 τὸ

2263 2999 2548 3069 ἐμπαῖξαι,
2593 2999 2685 3052 καὶ
2718 2999 3080 3070 μαστιγῶσαι,
3131 3001 3226 3053 καὶ
3275 3000 3608 3070 σταυρῶσαι,
3642 3003 3737 3054 καὶ
3763 3005 3829 3074 τῇ

2260 3087 2417 3158 τρίτῃ
2467 3087 2650 3158 ἡμέρᾳ
2697 3085 3071 3157 ἐγερθήσεται.
3121 3105 3140 3138 ι
3205 3087 3330 3140 Ἐὰν
3377 3088 3436 3141 δέ
3480 3105 3564 3152 τις
3598 3088 3834 3143 ἀνθυπο-

2263 3178 2404 3250 φέρῃ
2421 3178 2499 3231 τό·
2537 3197 2556 3229 ι
2602 3177 2734 3230 Ἀπὸ
2759 3178 2876 3231 τότε
2897 3177 3098 3249 ήρξατο
3127 3177 3394 3231 δεικνύειν
3421 3183 3532 3242 τοῖς
3563 3180 3833 3251 μαθηταῖς
3859 3198 3866 3204 ·

2264 3269 2480 3331 ἑαυτοῦ,
2505 3270 2587 3322 ὅτι
2621 3269 2704 3322 δεῖ
2737 3269 2897 3323 αὐτὸν
2927 3271 3006 3332 είς
3053 3271 3402 3341 Ἰεροσόλυμα
3437 3271 3700 3336 ἀνελθεῖν,
3741 3274 3834 3325 καὶ

2265 3358 2434 3415 πολλά
2462 3361 2651 3415 παθεῖν
2689 3360 2798 3414 ἀπὸ
2834 3361 2942 3414 τῶν
2984 3362 3306 3434 ἀρχιερέων,
3359 3365 3452 3417 καὶ
3495 3365 3828 3436 Φαρισαίων,

2265 3453 2356 3508 καὶ
2401 3452 2796 3524 γραμματέων,
2869 3453 2964 3506 καὶ
3020 3454 3452 3524 ἀποκτανθῆναι·
3520 3473 3539 3506 ι
3587 3457 3681 3509 καὶ.
3736 3458 3828 3510 τό·

2269 3565 2287 3597 ι
2328 3544 2528 3600 Μέλλει
2572 3546 2602 3596 6
2648 3543 2775 3607 Υίός
2823 3543 2917 3598 τοῦ
2977 3543 3268 3616 ἀνθρώπου
3321 3545 3708 3616 παραδίδοσθαι
3752 3550 3833 3612 είς

2263 3639 2449 3709 χεῖρας
2490 3633 2813 3706 ἀνθρώπων,
2847 3637 2942 3689 καὶ
2974 3635 3365 3692 ἀποκτενοῦσιν
3407 3637 3593 3703 αὑτὸν,
3643 3640 3736 3692 καὶ
3761 3643 3828 3710 τῇ

2261 3727 2418 3801 τρίτῃ
2459 3727 2645 3799 ἡμέρᾳ
2691 3725 3070 3798 ἐγερθήσεται,
3107 3746 3124 3776 ι
3162 3729 3328 3796 ἐρεῖς,
3379 3729 3460 3781 ὅτι
3505 3729 3832 3784 ἀπέκτειναν

2261 3819 2424 3874 αὐτὸν
2457 3821 2510 3873 οἱ
2543 3819 2791 3888 λέγοντες
2813 3819 3042 3882 πάντες·
3089 3836 3108 3870 t
3148 3819 3410 3890 Σταύρου,
3459 3820 3692 3893 σταύρου
3734 3823 3832 3876 αὐ-

2259 3911 2371 3976 τὸν,
2408 3930 2426 3963 ι
2460 3911 2555 3965 καὶ
2578 3913 2627 3964 οἱ
2649 3911 2928 3980 γενόμενοι
2961 3910 3136 3981 ἐνοχοι
3163 3910 3258 3963 τοῦ
3295 3911 3524 3964 θανάτου
3553 3914 3749 3966 αὑτοῦ·
3780 3917 3831 3968 εί

2261 4005 2376 4066 καὶ,
2419 4001 2704 4074 προλαϐὼν
2738 4003 2864 4064 τοὺς
2907 4001 3241 4073 στρατιώτας
3281 4004 3607 4074 ἐρχομένους
3637 4007 3731 4058 ἐπὶ
3769 4007 3832 4060 τὸ

2261 4095 2459 4166 πλῆξαι
2495 4096 2565 4149 τά
2595 4094 2758 4164 σκέλη
2785 4093 2974 4157 αὐτοῦ,
3023 4093 3231 4164 κράξας
3258 4094 3368 4164 (Ἠ)
3402 4099 3550 4165 φωνῇ
3597 4098 3829 4170 μεγάλῃ.

2259 4187 2567 4252 ἐξέπνευσε.
2602 4186 2944 4258 Παραθήσεις
2964 4185 3021 4239 δὲ
3049 4188 3128 4249 εἰς
3152 4186 3310 4239 τοῦτο
3345 4187 3406 4239 τό
3425 4203 3438 4216 ·
3475 4206 3492 4238 t
3536 4189 3649 4259 ns;
3677 4192 3705 4242 6
3737 4191 3831 4242 εύ-

2261 4275 2464 4348 ρίσκων
2494 4294 2561 4348 με
2601 4278 2892 4330 ἀποκτενεῖ
2937 4293 3026 4347 με,
3072 4295 3090 4328 s
3131 4276 3225 4330 καὶ
3265 4278 3343 4328 τό·
3389 4296 3407 4328 ο
3452 4279 3566 4342 Πᾶς
3619 4283 3646 4333 6
3690 4282 3828 4334 ἀπο-

2259 4369 2473 4433 κτείνας
2510 4370 2648 4422 Κάῖν
2695 4370 2832 4424 ἑπτά
2877 4368 3234 4440 ἐκδικούμενα
3268 4369 3590 4441 παραλύσει.
3647 4391 3666 4424 ι
3705 4374 3829 4438 Πῶς

2257 4459 2368 4532 γὰρ
2396 4461 2502 4522 πᾶς
2525 4463 2552 4514 6
2583 4459 2849 4531 εὑρίσκων
2882 4459 2971 4513 τὰν
3004 4461 3141 4514 Κάῖν
3173 4462 3464 4514 ἀποκτενεῖ
3495 4463 3678 4527 αὑτὸν,
3711 4465 3830 4530 ἐνὸς

2258 4552 2676 4616 ἀποκτείναντος
2713 4553 2780 4605 ἂν
2825 4551 2989 4606 αὐτὸν
3024 4550 3120 4604 τοῦ
3169 4551 3592 4623 προειληφότος;
3641 4557 3674 4627 ἢ
3713 4559 3831 4621 πῶς

2259 4646 2366 4708 πᾶς
2387 4645 2498 4715 (75)
2519 4646 2546 4697 6
2567 4643 2894 4706 ἀποκτείνας
2919 4644 3059 4696 Κάῖν
3083 4644 3222 4706 ἐπτά
3273 4643 3628 4716 ἐκδικούμενα
3658 4666 3834 4720 παρα-

2259 4735 2428 4798 λύσει,
2459 4736 2557 4787 οὐκ
2585 4733 2652 4787 ἂν
2675 4732 2882 4788 πολλῶν
2914 4733 3352 4787 ἀποκτεινάντων
3385 4735 3578 4799 αὐτόν;
3608 4737 3683 4800 ὼς
3716 4740 3827 4809 γὰρ

2260 4826 2388 4898 περὶ
2430 4824 2668 4895 πλήθους
2699 4823 2910 4896 εἴρηται
2939 4823 3030 4876 τό·
3071 4823 3210 4890 πᾶς.
3249 4825 3400 4895 Τάχα
3447 4825 3505 4878 δέ
3535 4827 3630 4880 καὶ
3669 4828 3698 4880 ὁ
3733 4829 3832 4898 μὲν

2257 4919 2482 4990 Πέτρος,
2523 4915 3010 4990 ἀνθρωπικώτερον
3047 4917 3291 4970 ἐκλαϐὼν
3326 4918 3394 4972 τά
3427 4918 3689 4990 εἰρημένα
3727 4922 3833 4976 ύπό

2258 5011 2352 5065 τοῦ
2382 5011 2652 5080 Σωτῆρος,
2712 5009 2907 5082 φησίν·
2958 5029 2978 5060 ι
3029 5008 3214 5072 Ἵλεώς
3259 5025 3364 5075 σοι,
3409 5012 3605 5083 Κύριε,
3653 5013 3715 5066 ού
3753 5014 3830 5084 μὴ

2261 5101 2414 5156 ἐσται
2453 5118 2534 5155 σοι
2563 5101 2752 5155 τοῦτο·
2792 5120 2812 5152 ι
2854 5103 2882 5154 6
2918 5101 2975 5154 δέ
3017 5101 3208 5170 Σωτὴρ
3239 5100 3511 5171 ἐπιτιμῶν
3555 5102 3723 5173 αὐτῷ,
3755 5104 3832 5168 ὡς

2535 5221 2582 5253 ’θ’
2619 5220 2808 5277 Matth.
2842 5238 2976 5290 xvn,
3007 5225 3096 5289 2i,
3125 5225 3217 5280 22.
3312 5225 3359 5256 δ’
3390 5223 3523 5278 Luc.
3561 5237 3724 5287 xxnt,
3752 5221 3847 5276 21.

2271 5389 2361 5454 gio
2393 5387 2546 5440 deest
2571 5390 2684 5441 καί.

2340 5458 2452 5530 (74)
2481 5459 2612 5530 (λῳ.
2643 5456 2946 5530 Bodleian"
2972 5459 3066 5512 ἐπὶ
3096 5457 3156 5514 τὸ
3186 5459 3390 5530 πλῆξαι
3423 5459 3493 5514 τά
3530 5458 3695 5530 σκέλη
3719 5459 3841 5530 uti.

658 5523 772 5601 (72)
803 5528 938 5595 Πῶς
955 5527 1064 5602 τύχη
1085 5526 1234 5602 βίον
1263 5523 1614 5602 ἐξελτὶελυθε.
1632 5523 1875 5602 italum.
1915 5542 2071 5602 xxxii
2099 5525 2156 5579 iit

2261 5523 2399 5602 τοῦζ
2433 5523 2668 5598 κράξας,
2712 5539 2820 5584 etc.
2875 5529 3106 5600 Regius,
3167 5523 3462 5602 ἐπιπλῆξαι
3514 5529 3584 5584 τὰ
3632 5523 3840 5601 σκέλη,

585 5595 772 5666 leum,
805 5615 952 5653 num.
988 5596 1076 5661 l3,
1109 5595 1220 5666 πρὸ

584 5666 654 5741 ἦν
681 5671 737 5741 ἐν
770 5667 1064 5741 τῷᾂκόλπῳ
1104 5667 1198 5721 τοῦ
1235 5666 1496 5741 Ἀϐραάμ.
1541 5667 1608 5741 Et
1663 5671 1714 5718 in
1753 5669 1955 5741 eodem
2012 5677 2158 5741 tumo

583 5735 749 5808 paulo
789 5735 1051 5808 inferius,
1080 5753 1248 5808 num.
1278 5735 1380 5808 lli,
1431 5735 1493 5788 οὐ
1535 5735 1643 5806 γὰρ
1698 5737 1856 5807 μόνον
1915 5737 2057 5790 κατά
2096 5735 2158 5788 τὸ
2261 5737 2392 5800 πᾶς.

587 5803 950 5879 ἀπλούστερον
975 5806 1165 5879 ἐξῆλθε
1193 5807 1283 5860 τὸν
1305 5803 1470 5879 οἷκον.

655 5874 969 5948 t73)C01lcx
1001 5874 1349 5946 Btidleianus,
1367 5877 1462 5932 καὶ
1482 5875 1940 5950 παραδοθήσεται,
1970 5875 2023 5930 itt
2049 5874 2156 5930 Be-

1241 5594 1334 5650 τοῦ
1373 5596 1558 5650 τοῦτον
1597 5594 1833 5661 ἐξελθεῖν
1880 5596 1970 5650 τὸν
2020 5597 2154 5666 βίον,

2259 5597 2652 5730 κρῗῖῗςλζοάεκ
2680 5666 3076 5739 Βοάιείεηοε,ή
3109 5671 3225 5734 πῶς
3250 5673 3378 5736 πᾶς,
3399 5671 3619 5740 Regius.
3699 5669 3842 5725 ἐπὰν

2261 5737 2392 5793 πᾶς.
2417 5669 2583 5793 )‘aulo
2614 5747 2736 5793 post
2760 5740 2811 5791 in
2845 5739 3012 5793 lleaio
3048 5757 3330 5793 ncrnernm
3382 5743 3582 5793 lenitur
3615 5669 3840 5793 ἀῖιιωύ-

2439 5738 2583 5813 ‘aulo
2614 5747 2736 5813 post
2756 5740 2811 5813 _in
2845 5739 3012 5809 Regio
3048 5738 3330 5810 perperam
3382 5738 3582 5813 legitur
3615 5738 3840 5796 ἀδικού-

2265 5823 2402 5878 μενα
2435 5823 2534 5879 pro
2558 5807 2934 5878 ἐκδικούμενα.
