4196 6392
437 404 537 458 561

1500 400 1857 458 COMMEN'I‘.
1902 400 1967 455 IN
2007 398 2202 455 JOAN.
2242 398 2478 455 TOMUS
2517 397 2658 452 XIX.

3579 398 3692 453 56%

439 523 511 593 μὴ
535 521 713 586 καλῶς
746 521 1050 594 ὲξειληφότι
1077 521 1139 575 τό
1168 521 1478 593 εἰρημένον,
1507 522 1670 591 φησίν
1691 539 1702 551 ·
1746 540 1764 573 ι
1796 522 2009 589 ’Ύπαγε

2116 528 2232 573 esto
2263 519 2381 581 tibi,
2418 518 2662 582 Domine,
2699 516 2801 570 hoc
2854 530 2959 569 non
3013 515 3115 568 erit
3184 513 3278 568 tibi
3302 514 3379 579 Μ⁸;
3424 534 3442 565 ο
3477 523 3533 568 at
3565 530 3692 568 vero

435 616 612 667 ὀπίσω
660 632 783 685 μου,
817 616 1057 679 Σατανᾶ,
1089 614 1382 668 σκάνδαλόν
1426 630 1526 685 μου
1566 610 1636 678 εἷ,
1668 615 1749 667 ὅτι
1794 616 1854 667 οὐ
1892 632 2018 685 φρο-

434 709 543 769 νεῖς
579 706 649 758 τὰ
678 706 772 759 τοῦ
822 706 980 771 Θεοῦ,
1012 705 1148 760 ἀλλά
1188 706 1258 758 τὰ
1287 704 1395 757 τῶν
1424 704 1745 776 ἀνθρώπων.
1789 725 1805 756 ι
1857 704 2017 758 Ἀλλὰ

438 801 535 851 καὶ
555 799 707 869 παρά
726 798 804 870 τῷ
823 798 1023 869 Παύλῳ
1050 798 1362 869 λεγόμενονο
1391 817 1410 848 ε
1453 796 1676 852 Ἑαυτὸν
1704 798 2015 869 παρέδωκεν

435 890 576 961 ὑπὲρ
619 889 776 960 ἡμῶν
824 889 1014 943 Θυσίαν
1057 889 1135 960 τῷ
1186 889 1324 960 Θεῷ,
1374 910 1392 941 ι
1440 890 1540 959 ὅρα
1574 891 1622 942 εί
1660 890 1734 961 μὴ
1776 889 2016 943 τοιοῦτόν

434 984 601 1035 ἐστιν.
628 975 815 1044 σύτως
844 981 972 1050 γοῦν
996 983 1173 1052 μόνως
1203 981 1406 1053 δυνήσῃ
1436 980 1607 1033 σῶσαι
1632 982 1793 1035 αὐτὸν
1826 983 1906 1044 είς
1924 980 2015 1035 τὸν

432 1071 602 1125 αἰῶνα
636 1071 896 1142 ἀρχιερέα
918 1071 1061 1128 κατὰ
1099 1071 1196 1141 τὴν
1227 1069 1380 1136 τάξιν
1418 1069 1769 1140 Μελχισεδὲκ,
1802 1069 1894 1122 καὶ
1925 1069 2015 1122 τὸν

448 1164 639 1234 Ἀμνὸν
691 1161 785 1215 τοῦ
834 1162 968 1216 Θεοῦ
1017 1163 1108 1215 τὸν
1161 1163 1383 1233 αἴροντα
1441 1162 1539 1231 τὴν
1593 1160 1867 1231 ἁμαρτίαν
1918 1158 2013 1214 τοῦ

432 1253 659 1323 κόσμου,
705 1254 1145 1325 προσφερόμενον
1197 1253 1387 1305 θυσίαν
1432 1252 1508 1323 τῷ
1555 1252 1708 1323 Θεῷ,
1758 1252 1856 1322 οὐχ
1910 1250 2014 1304 ὐπὸ

436 1341 667 1406 ἀσεϐῶν,
714 1342 829 1396 ἀλλ’
874 1343 979 1396 ὐπὸ
1022 1341 1323 1413 ἀρχιερέων
1386 1342 1623 1395 εὐσεϐῶν
1664 1342 1795 1413 (76).
1830 1341 2014 1395 Ταῦτα

440 1431 537 1502 μὲν
560 1428 651 1486 οῦν
679 1434 859 1503 ἡμεῖς,
888 1432 1030 1487 κατὰ
1054 1433 1280 1502 δύναμιν
1310 1432 1690 1503 βασανίζοντες
1719 1434 1779 1485 τὸ
1818 1433 2010 1506 βούλη-

438 1543 512 1595 μα
552 1524 659 1577 τῶν
700 1525 966 1593 λεγόντων
992 1525 1053 1577 τό
1074 1542 1088 1555 ο
1131 1543 1149 1576 ι
1187 1527 1335 1596 Μήτι
1366 1526 1655 1578 ἀποκτενεῖ
1684 1525 1736 1583 i7
1746 1524 1796 1589 7)
1827 1524 2009 1591 αὐτὸν,

432 1618 513 1669 ὅτι
536 1616 683 1684 λέγει
708 1634 721 1647 ·
759 1618 934 1670 Ὅπου
965 1616 1075 1686 ἐγὼ
1112 1617 1329 1685 ὑπάγω,
1371 1619 1529 1687 ὑμεῖς
1567 1619 1627 1670 οὐ
1664 1616 1890 1670 δύνασθε
1928 1616 2013 1668 ὲλ-

434 1706 567 1772 θεῖν,
606 1726 624 1755 ι
665 1707 802 1776 μετά
832 1708 892 1760 τὸ
917 1708 1210 1776 ἀκηκοέναι
1238 1708 1569 1777 τηλικούτων
1607 1707 1715 1760 τῶν
1756 1724 2014 1778 προειρηι-

438 1799 612 1869 μένων
640 1798 746 1851 ὐπὸ
765 1797 859 1851 τοῦ
890 1798 1064 1870 Ἰησοῦ
1092 1800 1283 1867 λόγων,
1320 1798 1715 1870 ὲκδεδώκαμεν.
1751 1799 1911 1861 Εἰκὸς
1949 1799 2009 1853 δέ

2119 612 2375 666 Servator
2408 611 2695 678 increpans
2718 622 2862 670 eum,
2900 607 3059 676 quasi
3090 622 3198 659 non
3226 606 3360 660 bene
3406 606 3688 660 intellexe-

2116 705 2187 758 rit
2220 707 2364 771 quod
2401 705 2605 757 dictum
2635 701 2833 766 fuerat,
2868 700 3086 769 inquit:
3119 717 3138 750 ι
3182 697 3333 753 Vade
3381 709 3529 753 retro
3581 714 3689 762 me,

2116 798 2345 858 Satana,
2376 792 2692 848 scandalum
2719 791 2851 844 mihi
2879 805 2958 853 es,
2985 791 3242 858 quoniam
3271 806 3375 845 non
3405 789 3553 858 sapis
3572 805 3691 855 quae

2116 888 2208 942 Dei
2240 894 2388 950 sunt,
2437 883 2529 937 sed
2562 895 2682 950 quae
2729 890 2854 934 sunt
2908 880 3185 932 hominum
3218 878 3287 932 ¹’⁹.
3324 897 3344 930 ι
3373 878 3506 934 Vide
3561 894 3690 932 vero

2114 994 2290 1032 annon
2324 976 2487 1027 etiam
2509 971 2653 1042 quod
2687 971 2826 1039 apud
2852 969 3083 1024 Paulum
3114 970 3315 1024 dicitur
3342 969 3389 1002 "’
3419 987 3434 1024 :
3470 986 3491 1021 ι
3532 970 3685 1038 Scip-

2115 1085 2231 1121 sunt
2264 1065 2487 1120 tradidit
2518 1078 2614 1131 pro
2648 1061 2801 1116 nobis
2832 1061 3063 1114 hostiam
3097 1060 3227 1128 Deo,
3267 1080 3286 1113 ι
3320 1060 3390 1116 sit
3422 1059 3546 1114 tale.
3596 1060 3689 1114 Sic

2116 1159 2282 1228 igitur
2310 1156 2480 1209 solum
2508 1167 2733 1208 servare
2777 1152 2983 1220 poteris
3028 1166 3299 1205 summum
3344 1155 3686 1206 sacerdotem

2114 1249 2170 1305 in
2204 1246 2460 1301 saeculum
2496 1246 2793 1300 secundum
2824 1245 3069 1297 ordinem
3107 1242 3503 1298 Melchisedech
3530 1245 3601 1307 ⁸³,
3634 1253 3688 1297 et

2114 1341 2327 1409 Agnnm
2356 1337 2452 1391 Dei
2482 1335 2760 1390 tollentem
2790 1343 3075 1402 peccatum
3108 1334 3292 1388 mundi
3327 1334 3393 1395 ⁵⁸,
3445 1333 3684 1389 oblatum

2117 1430 2347 1484 hostiam
2378 1428 2512 1493 Deo,
2543 1444 2646 1482 non
2680 1427 2747 1480 ab
2785 1424 2985 1494 impiis,
3012 1426 3105 1478 sed
3141 1440 3169 1478 a
3189 1426 3292 1494 piis
3318 1425 3683 1494 pontiﬁcibus.

2114 1522 2240 1576 llaec
2273 1522 2492 1591 quidem
2524 1535 2624 1574 nos
2657 1517 2981 1572 tradidimus
3024 1533 3120 1584 pro
3150 1518 3356 1572 viribus
3399 1517 3679 1585 exploran-

2115 1624 2195 1668 tes
2221 1614 2553 1683 propositmn
2589 1611 2883 1665 dicentium
2915 1626 2928 1662 :
2968 1627 2985 1659 ι
3015 1607 3269 1676 Nunquid
3300 1607 3686 1662 interfecturus

2112 1712 2198 1758 est
2230 1704 2487 1770 seipsum,
2527 1698 2650 1769 qnia
2691 1700 2822 1752 dicit
2854 1714 2869 1749 :
2899 1697 3017 1764 Quo
3043 1712 3142 1767 ego
3168 1698 3326 1760 vado,
3354 1714 3418 1750 eo
3447 1713 3543 1752 vos
3576 1714 3683 1751 non

2113 1795 2344 1864 potestis
2406 1795 2594 1847 venire
2629 1791 2717 1845 ”:
2756 1810 2775 1843 ι
2806 1801 3090 1860 postquam
3152 1790 3490 1844 audivissent
3550 1791 3684 1846 tales

429 1905 581 1952 τινας
626 1891 1067 1961 προσκόπτοντας
1121 1893 1197 1955 ὡς
1257 1891 1586 1962 βεϐιασμένη
1632 1894 1695 1961 τῇ
1745 1891 2009 1963 ἑρμηνείᾳ

2114 1894 2402 1952 tantosque
2455 1898 2739 1938 sermones
2766 1898 2903 1950 quos
2953 1881 3203 1950 superius
3243 1881 3456 1935 dixerat
3504 1880 3680 1941 Jesus.

428 1978 634 2033 οἴεσθαι
673 1981 1041 2053 ἁπλούστερον
1097 1982 1293 2046 αὐτοὺς
1335 1981 1614 2053 εἰρηκέναι
1654 1982 1746 2034 τό·
1793 2002 1811 2032 ι
1862 1983 2009 2052 Μήτι

430 2071 717 2124 ἀποκτενεῖ
740 2074 948 2136 ἑαυτὸν,
989 2094 1006 2124 ι
1031 2074 1106 2137 ὡς
1130 2073 1223 2126 τοῦ
1254 2074 1351 2144 μὲν
1387 2073 1560 2144 Ἰησοῦ
1587 2073 2008 2138 ἀποκτενοῦντος

430 2162 640 2227 ἑαυτὸν,
667 2165 761 2216 καλ⁹
789 2165 1046 2234 ἐσομένου
1072 2167 1128 2217 ὲν
1159 2165 1312 2235 χώρᾳ
1332 2164 1440 2217 τῶν
1479 2166 1705 2227 ἑαυτοὺς
1744 2164 2005 2235 διαχειρι-

433 2254 700 2323 σαμένων,
759 2256 852 2308 καὶ
886 2256 1370 2327 κολασθησομένων
1430 2255 1522 2307 ἐπὶ
1565 2255 1757 2325 τούτῳ,
1806 2255 1914 2308 τῶν
1951 2254 2007 2308 δὲ

443 2345 708 2399 Ἰουδαίων
744 2348 895 2418 παρὰ
938 2348 1053 2418 (78)
1094 2347 1254 2400 τοῦτο
1297 2346 1359 2400 οὐ
1400 2346 1713 2416 δυναμένων
1763 2348 1879 2399 ἐκεῖ
1917 2363 2008 2413 γε-

428 2437 633 2500 νέσθαι,
657 2440 807 2510 παρά
827 2440 885 2492 τὸ
916 2439 990 2510 μὴ
1016 2438 1092 2509 τῷ
1114 2438 1261 2509 αὐτῷ
1294 2438 1511 2508 ἐνόχους
1536 2438 1732 2501 αὐτοὺς
1762 2437 2006 2506 γίνεσθαι

428 2531 556 2600 περὶ
594 2529 801 2583 ἑαυτῶν
836 2532 1207 2602 ἁμαρτήματι.
1256 2530 1416 2583 Ἀλλὰ
1460 2532 1557 2584 καὶ
1591 2531 1743 2584 αὐτοὶ
1786 2533 2009 2602 ἐπιστη-

432 2620 679 2673 σάτωσαν
714 2623 762 2673 εί
800 2621 1048 2675 δύνανται
1087 2622 1135 2674 οἱ
1182 2621 1422 2674 Ἰουδαῖοι
1462 2623 1879 2691 ὐπονενοηκέναι
1916 2623 2006 2675 τὸν

440 2710 645 2780 Ἰησοῦν
686 2710 861 2765 ταῦτα
897 2711 1174 2782 εἰρηκέναι
1208 2712 1398 2765 ἑαυτὸν
1441 2712 1888 2776 καταδικάζοντα,
1930 2712 2005 2775 ὡς

427 2802 861 2872 ἀπελευσόμενον
905 2805 985 2867 είς
1024 2804 1189 2857 τόπον
1232 2806 1524 2867 κολάσεως,
1574 2804 1704 2857 ἔνθα
1746 2804 1846 2857 οὐκ
1885 2804 2004 2856 ἐδύ-

426 2908 584 2943 ναντο
631 2890 901 2959 γενέσθαι,
936 2893 1059 2946 ὅσον
1111 2893 1203 2945 ἐπὶ
1246 2895 1312 2963 τῇ
1364 2893 1556 2962 ἐκδοχῇ
1610 2890 1804 2961 ταύτῃ,
1847 2891 2005 2942 οἱονεὶ

433 2984 740 3052 κρείττονος
786 2984 898 3055 (79)
960 2985 1156 3039 αὐτοῦ’
1206 2984 1239 3055 ἢ
1279 2985 1568 3038 ἀκόλουθον
1610 2983 1762 3037 ἔσται
1803 2981 2000 3050 λέγειν,

425 3073 528 3137 ὅτι,
552 3072 711 3146 εἴπερ
735 3075 888 3129 τοῦτο
907 3076 1044 3129 νοῶν
1086 3076 1319 3145 ἔφασκεν
1351 3078 1380 3131 6
1419 3075 1644 3147 Ἰησοῦς,
1681 3076 1775 3129 καὶ
1815 3074 2002 3145 βουλό-

430 3179 589 3232 μενος
610 3166 798 3218 ἑαυτὸν
826 3168 1165 3230 ἀποκτεῖναι,
1196 3170 1441 3238 κρεῖττον
1471 3164 1683 3237 ἐνόμιζε
1711 3166 1772 3219 τὸ
1809 3165 1998 3219 ἑαυτὸν

425 3257 666 3328 ἀναιρεῖν
686 3257 777 3308 τοῦ
810 3258 883 3328 μὴ
904 3257 1062 3311 τοῦτο
1098 3261 1291 3312 ποιεῖν.
1319 3259 1430 3312 Καὶ
1451 3261 1479 3311 6
1517 3257 1832 3328 Ἡρακλέων
1872 3258 1999 3328 μέν·

424 3364 571 3416 τοιγε
600 3347 674 3410 ὡς
698 3347 1060 3420 ἁπλούστερον
1076 3350 1196 3421 είρη
1207 3349 1364 3420 μένου
1385 3349 1507 3402 τοῦ·
1543 3369 1561 3399 ι
1591 3351 1734 3418 Μήτι
1763 3350 1997 3403 ἀποκτε-

424 3444 508 3493 νεῖ
539 3440 751 3503 ἑαυτὸν,
790 3460 809 3492 ι
847 3443 1030 3511 φησιν,
1066 3442 1148 3494 ὅτι
1190 3441 1442 3514 πονηρῶς
1479 3442 1908 3512 διαλογιζόμενοι
1948 3444 1995 3496 οί

436 3532 674 3585 Ἰουδαῖοι
706 3532 880 3585 ταῦτα
921 3532 1123 3602 ἔλεγον,
1171 3534 1263 3587 καὶ
1312 3532 1559 3604 μείζονας
1602 3534 1826 3596 ἑαυτοὺς
1865 3534 1999 3586 ἀπο-

424 3624 736 3696 φαινόμενοι
777 3624 871 3678 τοῦ
912 3626 1181 3696 Σωτῆρος,
1238 3627 1334 3678 καὶ
1382 3624 1872 3696 ὑπολαμϐάνοντες,
1916 3624 1997 3677 ὅτι

422 3714 576 3766 αὐτοὶ
612 3713 708 3784 μὲν
738 3713 1122 3767 ἀπελεύσονται
1150 3714 1286 3785 πρὸς
1307 3715 1397 3768 τὸν
1429 3714 1560 3767 Θεὸν
1587 3716 1666 3777 εἰς
1693 3714 1997 3768 ἀνάπαυσιν

421 3804 635 3857 αίώνιον
656 3822 670 3836 ·
696 3807 725 3859 6
750 3806 807 3859 δὲ
830 3805 1017 3879 Σωτὴρ
1037 3809 1116 3870 εἰς
1146 3806 1351 3876 φθορὰν
1387 3808 1478 3861 καὶ
1509 3808 1590 3870 εἰς
1622 3806 1849 3860 θάνατον
1878 3808 1998 3859 ἑαυ-

420 3897 512 3949 τόν
552 3897 1046 3970 διαχειρισάμενος,
1097 3899 1228 3951 ὅπου
1281 3899 1503 3961 ἑαυτοὺς
1543 3897 1642 3949 οὐκ
1693 3897 1995 3964 ἐλογίζοντο

421 3989 708 4041 ἀπελθεῖν·
742 3990 835 4042 καὶ
871 3988 1062 4052 αὐταῖς
1088 3987 1265 4053 λέξεσί
1296 4005 1478 4057 φησιν,
1502 3988 1583 4041 ὅτι
1613 3987 1780 4058 ᾤοντο
1816 3988 1993 4055 λέγειν

418 4076 510 4130 τὸν
536 4079 760 4148 Σωτῆρα
794 4082 842 4132 οί
888 4079 1141 4134 Ἰουδαῖοι.
1172 4081 1253 4134 ὅτι
1296 4078 1435 4147 Ἐγὼ
1464 4079 1697 4149 ἐμαυτὸν
1736 4079 1991 4150 διαχειρι-

422 4169 657 4240 σάμενος
686 4171 768 4233 εἰς
806 4170 1009 4242 φθορὰν
1044 4169 1221 4241 μέλλω
1267 4170 1611 4240 πορεύεσθαι,
1652 4172 1786 4223 ὅπου
1837 4173 1992 4242 ὑμεῖς

418 4261 478 4313 οὐ
513 4260 739 4313 δύνασθε
770 4261 964 4316 ἐλθεῖν.
1003 4264 1116 4316 Οὐκ
1139 4258 1255 4315 οἶδα
1284 4263 1341 4315 δὲ
1375 4261 1493 4325 πῶς
1531 4262 1672 4316 κατά
1702 4262 1791 4314 τὸν
1815 4262 1993 4315 εἰπόν-

417 4367 519 4403 τα·
551 4370 570 4401 ι
617 4351 755 4420 Ἐγώ
785 4354 899 4423 εἶμι
925 4354 987 4405 τὸ
1018 4352 1134 4422 φῶς
1160 4353 1257 4405 τοῦ
1281 4354 1511 4423 κόσμου,
1556 4373 1573 4403 ι
1612 4354 1707 4406 καὶ
1741 4352 1809 4407 τὰ
1841 4352 1988 4423 ἑξῆς,

416 4436 485 4510 ἦν
520 4441 729 4509 λέγειν.
777 4443 858 4497 ὅτι
925 4443 1065 4513 Ἐγὼ
1113 4445 1346 4515 ἐμαυτὸν
1393 4445 1861 4516 διαχειρισάμενος
1911 4447 1992 4508 εἰς

417 4533 623 4605 φθοράν
655 4535 829 4605 μέλλω
869 4536 1212 4607 πορεύεσθαι.
1261 4537 1386 4589 Ἐὰν
1425 4536 1481 4589 δέ
1508 4553 1591 4600 τις
1626 4537 1757 4609 λέγῃ
1795 4536 1867 4608 μὴ
1900 4537 1990 4589 τὸν
2022 4575 2064 4629 D

416 4624 643 4697 Σωτῆρα
669 4627 840 4681 ταῦτα
869 4628 1167 4699 εἰρηκέναι,
1196 4630 1321 4691 τοὺς
1347 4628 1401 4680 δὲ
1427 4629 1709 4690 ἸουΞαίους
1731 4628 1860 4681 αὐτὸ
1877 4628 1985 4696 (80)

416 4715 856 4788 ὐπονενοηκέναι,
890 4719 1057 4789 δῆλον
1090 4721 1172 4772 ὃτι
1214 4722 1332 4790 ἐρεῖ
1375 4721 1501 4783 τούς
1559 4719 1844 4781 Ἰουδαίους
1890 4736 1987 4771 πε-

416 4809 746 4877 φρονηκέναι
798 4813 925 4880 περὶ
961 4812 1147 4877 αὐτοῦ,
1197 4813 1279 4865 ὅτι
1314 4811 1622 4882 φθείρονται
1668 4812 1718 4863 oi
1762 4811 1987 4874 ἑαυτοὺς

414 4897 905 4970 διαχειρισάμενοι,
987 4904 1080 4957 καὶ
1135 4894 1287 4956 οὐδὲν
1341 4899 1505 4976 ἦττον
1572 4902 1743 4956 ἐποίει
1790 4902 1980 4968 ταῦτα,

414 4992 685 5045 πιστεύων
711 4993 1104 5065 φθαρήσεσθαι,
1142 4995 1235 5049 καὶ
1256 4994 1685 5067 κολασθήσεσθαι
1704 5012 1718 5025 ο
1753 4995 1888 5064 ὅπερ
1916 4990 1985 5065 ἦν

412 5081 553 5135 κατὰ
576 5083 752 5137 πάντα
779 5086 893 5156 (Si)
923 5086 1145 5155 ἠλίθιον.

2111 1977 2381 2032 Credibile
2432 1986 2611 2032 autem
2659 1985 2741 2030 est
2794 1974 3059 2043 quosdam
3097 1973 3329 2030 oilensos
3376 1978 3476 2041 hac
3514 1980 3685 2030 inter-

2111 2070 2438 2139 pretatione,
2476 2078 2731 2135 tanquam
2769 2076 2984 2134 coacta,
3014 2068 3331 2122 existimare
3358 2083 3451 2123 eos
3475 2069 3684 2138 simpli-

2111 2164 2227 2218 cius
2260 2162 2493 2216 dixisse:
2526 2177 2545 2212 ι
2574 2159 2822 2230 Nunquid
2848 2159 3237 2216 interfecturus
3259 2169 3342 2215 est
3363 2162 3623 2230 seipsum,
3656 2182 3673 2214 ι

2109 2254 2336 2322 perinde
2368 2255 2518 2320 quasi
2544 2251 2704 2306 Jesns
2728 2252 3117 2308 interfecturus
3152 2264 3299 2307 esset
3325 2253 3587 2321 seipsnm,
3626 2265 3680 2306 et

2110 2343 2323 2398 futurus
2346 2344 2399 2396 in
2436 2343 2555 2397 loco
2581 2357 2767 2396 eorum
2797 2341 2888 2410 qui
2920 2341 3023 2396 sibi
3075 2343 3206 2410 ipsis
3235 2358 3428 2396 manus
3477 2343 3678 2395 intule-

2110 2437 2239 2501 rint,
2270 2444 2327 2490 et
2354 2439 2424 2490 ob
2450 2434 2556 2489 hoc
2577 2443 2703 2488 sunt
2744 2433 3029 2503 puniendi,
3059 2431 3261 2488 Judreis
3308 2448 3415 2487 non
3450 2432 3679 2485 valenti-

2107 2529 2209 2582 hus
2239 2528 2309 2582 ob
2353 2529 2456 2582 hoc
2497 2527 2589 2580 illo
2629 2527 2732 2591 ire,
2783 2536 3069 2596 propterea
3119 2527 3265 2596 quod
3318 2525 3537 2580 obnoxii
3570 2541 3676 2579 non

2106 2628 2290 2674 essent
2319 2618 2394 2672 illi
2443 2627 2665 2689 peccato
2720 2619 2789 2672 de
2837 2621 3052 2688 seipsis.
3093 2621 3162 2672 At
3209 2634 3342 2674 vero
3384 2618 3439 2674 hi
3488 2627 3677 2673 notent

2107 2722 2236 2761 num
2264 2709 2475 2776 possint
2503 2705 2672 2763 Judaei
2706 2709 3053 2779 subcogitare
3086 2708 3271 2764 Jesnm
3309 2709 3424 2764 haec
3468 2709 3676 2763 dixisse

2106 2801 2558 2855 condemnantem
2586 2802 2845 2871 seipsum,
2874 2803 3035 2858 veluti
3072 2802 3441 2870 profecturum
3492 2801 3558 2854 ad
3593 2801 3675 2855 lo-

2105 2908 2226 2947 cum
2284 2895 2553 2963 supplicii,
2610 2909 2718 2963 quo
2767 2913 2872 2953 non
2929 2904 3178 2964 poterant
3233 2895 3307 2948 illi
3360 2892 3671 2961 proﬁcisci,

2104 2992 2363 3051 quantum
2408 2985 2602 3039 attinet
2635 2987 2701 3038 ad
2730 2986 2872 3041 hanc
2905 2986 3341 3055 intelligentiam,
3393 2985 3550 3053 quasi
3584 2982 3676 3039 Je—

2102 3086 2165 3126 su
2218 3074 2474 3129 meliores
2529 3090 2594 3129 ac
2645 3078 3052 3145 pratstantiores
3102 3085 3325 3131 essent:
3359 3075 3444 3130 vel
3482 3090 3674 3131 conse-

2102 3177 2273 3233 quens
2303 3165 2408 3219 erit
2435 3166 2633 3226 dicere.
2685 3165 2891 3231 Jesum,
2939 3167 2986 3221 si
3018 3167 3339 3236 loquebatur
3379 3168 3481 3222 hoc
3520 3167 3672 3235 cogi-

2102 3266 2241 3322 tans,
2294 3265 2348 3308 et
2380 3258 2568 3311 volens
2615 3257 2776 3327 302
2830 3259 3069 3328 seipsum
3102 3261 3430 3324 interﬁcere,
3480 3261 3672 3316 melius

2099 3357 2290 3416 putare
2322 3349 2559 3418 seipsum
2589 3350 2897 3406 inlerlicere
2930 3366 3092 3420 quam
3126 3366 3229 3404 non
3259 3365 3319 3405 se
3340 3351 3667 3407 interﬁcere.

2102 3436 2401 3493 Heracleon
2429 3454 2582 3502 sane,
2632 3441 2857 3517 perinde
2899 3442 3055 3511 quasi
3105 3441 3209 3496 hoc
3254 3441 3456 3495 dictum
3510 3442 3671 3496 fuerit

2096 3530 2400 3598 simplicius
2429 3548 2443 3585 :
2474 3550 2494 3583 ‹
2535 3530 2791 3602 Nunquid
2825 3534 3217 3588 interfecturus
3245 3544 3329 3588 est
3354 3536 3615 3603 seipsum,
3643 3553 3665 3587 ι

2097 3623 2273 3691 inquit
2304 3623 2447 3693 quod
2478 3625 2709 3693 maligne
2765 3624 3064 3694 cogitantes
3103 3622 3272 3677 Judaei
3329 3626 3441 3679 haec
3474 3626 3664 3694 loque-

2097 3723 2307 3777 rentur,
2366 3714 2575 3782 seipsos
2623 3716 2785 3768 etiam
2833 3714 3179 3770 ostendentes
3212 3716 3330 3785 ipso
3380 3716 3669 3771 Servatore

2095 3804 2350 3874 majores,
2375 3814 2430 3858 et
2464 3805 2842 3860 existimantes
2873 3821 2932 3862 se
2961 3807 3181 3876 quidem
3218 3806 3556 3876 profecturos
3598 3807 3666 3861 ad

2098 3896 2262 3952 Deum
2293 3899 2345 3951 in
2369 3899 2612 3967 requiem
2645 3899 3068 3968 sempiternam;
3112 3900 3456 3955 Servatorem
3486 3908 3666 3953 autem

2094 3990 2160 4043 ad
2195 3990 2621 4057 corruptionem,
2655 3997 2709 4045 et
2740 3992 2805 4043 ad
2835 3999 3090 4052 mortem,
3142 3991 3192 4043 vi
3219 3989 3323 4044 sibi
3360 3990 3458 4059 ipsi
3492 3988 3665 4055 illata,

2092 4096 2199 4151 quo
2259 4082 2468 4148 seipsos
2544 4095 2650 4134 non
2711 4082 3094 4136 existimabant
3155 4080 3491 4150 profecturos
3545 4097 3560 4135 :
3610 4092 3667 4136 et

2094 4172 2287 4227 iisdem
2318 4172 2501 4227 verbis
2523 4171 2700 4241 inquit
2728 4170 2945 4228 Judzeos
2970 4174 3289 4228 existimare
3318 4173 3663 4228 Servatorem

2094 4262 2314 4318 dicere:
2344 4263 2478 4331 Ego,
2518 4262 2651 4317 mihi
2696 4263 2797 4332 ipsi
2841 4262 2893 4317 vi
2941 4264 3111 4327 illata,
3150 4265 3216 4318 ad
3259 4265 3662 4333 corruptionem

2096 4354 2437 4422 profecturus
2468 4367 2610 4415 sum,
2638 4368 2746 4422 quo
2774 4369 2873 4407 vos
2899 4371 3004 4408 non
3033 4357 3259 4424 poIeSIis
3302 4357 3504 4410 venire.
3554 4357 3662 4411 Sed

2094 4446 2235 4498 haud
2270 4447 2385 4500 scio
2411 4460 2650 4515 quonam
2680 4455 2858 4514 pacto,
2883 4460 3009 4502 cum
3031 4447 3259 4501 dixisset
3285 4446 3476 4502 Jesus:
3507 4467 3523 4498 ι
3550 4448 3663 4516 Ego

2093 4553 2211 4590 sum
2257 4538 2342 4610 lux
2390 4537 2571 4590 mundi
2615 4537 2680 4600 “,
2744 4556 2763 4589 ι
2829 4549 2882 4592 et
2937 4553 3057 4607 qua:
3107 4549 3428 4606 sequuntur,
3496 4539 3665 4607 pOSsit

2092 4629 2314 4683 dicere:
2349 4630 2481 4699 Ego,
2518 4630 2647 4683 mihi
2689 4629 2787 4698 ipsi
2812 4629 2864 4682 vi
2890 4628 3057 4697 illata,
3091 4631 3433 4699 profecturus
3461 4645 3576 4685 sum
3595 4630 3661 4682 ad

2086 4720 2503 4787 corruptionem.
2551 4718 2648 4772 Sin
2685 4734 2814 4773 vero
2858 4719 3004 4772 dicat
3045 4720 3260 4788 aliquis,
3314 4719 3659 4773 Servatoretn

2085 4810 2188 4864 hoc
2221 4825 2324 4863 non
2360 4812 2584 4876 dixisse,
2630 4812 2722 4865 sed
2769 4812 2867 4865 hoc
2898 4810 3107 4864 Judasos
3147 4812 3539 4879 subcogitassc,
3573 4810 3657 4863 di-

2081 4909 2170 4954 cet
2210 4901 2417 4955 scilicet
2460 4900 2672 4957 .ludaaos
2719 4902 2985 4971 cogitasse
3022 4903 3088 4956 de
3137 4916 3201 4957 eo
3233 4902 3374 4970 quod
3414 4915 3660 4954 corrum-

2090 4998 2292 5060 pu'ntur
2322 4992 2413 5061 qui
2451 4993 2552 5046 sibi
2600 4993 2730 5060 ipsis
2772 5003 3000 5047 mortem
3050 4993 3421 5054 consciscunt;
3467 5001 3522 5046 et
3574 4993 3659 5045 ni-

2091 5084 2383 5139 hilominus
2437 5083 2622 5139 Jesum
2667 5086 2781 5139 haec
2811 5084 3107 5150 facturum,
3150 5086 3362 5141 etiamsi
3415 5087 3655 5141 futurum

408 5177 660 5228 crederet
689 5188 746 5230 ut
770 5189 1210 5247 corrumperetur
1249 5187 1302 5233 et
1330 5179 1642 5249 puniretur;
1695 5180 1744 5231 id
1770 5181 1911 5245 quod
1939 5190 2053 5231 erat
2088 5178 2259 5230 modis
2282 5178 2532 5230 omnibus
2556 5175 2785 5232 fatuum.

480 5286 528 5357 5'
577 5286 761 5357 Matth.
804 5304 916 5351 xvi,
958 5289 1049 5343 ‘22.
1125 5288 1170 5319 “
1215 5289 1348 5343 ibid.
1400 5288 1491 5343 23.
1567 5288 1613 5320 '°
1646 5287 1844 5357 Eplies.
1883 5304 1935 5354 ν,
1962 5288 2019 5342 2.

409 5354 456 5388 ⁵⁵
480 5356 608 5408 iltitl.
631 5355 718 5409 12.

480 5468 808 5540 (76)λ(]ο‹1οκ
838 5468 1179 5540 Bodleianus,
1222 5468 1521 5540 ἀρχιερέων
1555 5467 1814 5532 εὐσεϐῶν,
1874 5467 1979 5521 Re-

410 5536 570 5610 gius:
585 5538 889 5610 ἀρχιερέως
909 5537 1168 5610 εὐσεϐῶς.

482 5607 595 5675 (77)
627 5607 806 5661 tiodex
837 5607 1199 5675 Bodleianus,
1226 5607 1373 5677 Μήτι
1404 5607 1718 5672 ἀποκτενεῖ,
1747 5607 1974 5676 Regius,

408 5674 501 5731 Μὴ
532 5677 840 5731 ἀποκτενεῖ.

506 5746 594 5816 78)
618 5745 799 5800 Codex
830 5748 1168 5812 Bodleiantts,
1202 5744 1373 5816 παρά,
1409 5745 1627 5816 Regius,
1660 5747 1809 5816 περί.

482 5812 596 5883 (79)
618 5817 988 5885 Κρείττονος.
1035 5818 1125 5873 Sic
1166 5812 1298 5872 mss.
1328 5826 1380 5871 et
1420 5812 1531 5886 ipse
1559 5812 1860 5882 Ferrarius,
1890 5817 1977 5887 qui

2092 5288 2133 5319 ‘"
2182 5287 2324 5341 Psal.
2366 5302 2479 5352 eux,
2512 5286 2568 5340 4.
2643 5287 2687 5318 5'
2716 5287 2872 5343 Joan.
2913 5303 2950 5352 ι,
2991 5285 3080 5342 29.
3157 5286 3377 5342 l".loan.
3416 5306 3531 5357 vm,
3560 5291 3653 5348 22.

2083 5468 2268 5534 vertit,
2302 5487 2321 5520 ι
2360 5471 2511 5537 quasi
2539 5468 2696 5524 Jesus
2720 5469 2930 5533 melior,
2964 5484 3028 5523 ac
3060 5471 3404 5539 prmstantior
3433 5480 3601 5538 esset,
3627 5490 3648 5526 ι

2084 5539 2177 5660 lsed
2234 5548 2412 5593 tamen
2468 5540 2753 5609 legendum
2805 5540 3015 5594 videtur
3070 5539 3416 5611 κρείττονες,
3467 5551 3523 5595 et
3574 5546 3648 5597 ita

2104 5621 2220 5660 e20.

2104 5621 2268 5746 eg(iiii)
2293 5676 2473 5750 cuitu
2500 5678 2842 5750 Bodleiaous.
2877 5678 3041 5750 αὐτός
3082 5676 3302 5750 lie-gius,
3334 5679 3502 5750 αὐτῷ.

2156 5749 2268 5812 (Si)
2300 5749 2458 5800 Κατὰ
2487 5747 2701 5801 πάντα.
2738 5750 2895 5801 Deest
2926 5749 2976 5799 in
3014 5748 3177 5815 Hegio
3207 5750 3414 5814 codice,
3455 5747 3550 5803 Sed
3573 5749 3646 5803 le-

2088 5818 2232 5886 gitur
2262 5820 2313 5872 in
2351 5820 2626 5874 codicibus
2653 5817 2940 5881 Bodleiano
2969 5830 3020 5871 et
3047 5817 3365 5871 Barberinu.
