4196 6448
505 331 612 388 865

1994 333 2319 393 ORIGENIS

3660 329 3767 384 566

579 456 630 510 5.
663 477 681 507 ι
713 456 781 511 Et
809 455 1024 512 dicebat
1053 457 1158 512 illis
1190 477 1203 511 :
1235 457 1344 514 Vos
1371 474 1440 514 ex
1467 457 1696 513 infernis
1735 459 1886 522 estis,
1921 473 2022 530 ego
2055 475 2085 514 e

2259 453 2312 506 5.
2347 471 2366 502 ‹
2394 453 2503 506 Καὶ
2517 452 2700 522 ἔλεγεν
2729 452 2910 516 αὐτοῖς
2929 467 2944 482 ο
2990 450 3182 523 Ὑμεῖς
3209 452 3275 504 ὲκ
3300 450 3409 504 τῶν
3445 448 3596 503 κάτω
3618 448 3764 515 ἐστι,

505 548 758 618 supernis
780 564 936 615 sum;
963 563 1058 603 vos
1081 564 1148 603 ex
1174 549 1278 604 hoc
1298 548 1503 604 mundo
1527 549 1679 612 estis,
1701 565 1801 620 ego
1827 564 1936 603 non
1965 563 2086 602 sum

503 655 572 695 ex
619 639 725 697 hoc
765 639 972 695 mundo
1013 639 1084 698 ⁵⁸.
1133 659 1156 692 ι
1187 639 1250 695 In
1286 639 1657 708 superioribus
1703 641 1866 696 etiam
1903 639 2083 696 dixit:

510 748 532 782 ι
568 729 670 796 Qui
701 738 786 782 est
819 729 887 782 de
920 737 1084 789 terra,
1125 729 1193 783 de
1223 739 1366 780 terra
1393 739 1498 788 est,
1529 736 1586 781 et
1614 728 1682 782 de
1719 739 1862 782 terra
1909 729 2080 797 loqui-

507 831 627 889 tur;
669 825 761 892 qui
790 837 821 876 e
869 820 1010 876 cmlo
1041 821 1208 886 venit,
1245 836 1408 890 supra
1436 835 1628 874 omnes
1684 831 1800 887 est;
1857 831 1909 876 et
1939 820 2082 890 quod

506 916 645 970 vidit
671 927 726 971 et
750 916 960 971 audivit
1013 915 1119 970 hoc
1152 926 1384 970 testatur
1419 917 1486 970 ".
1529 935 1549 968 ι
1589 915 1648 970 Si
1692 915 1855 986 igitur
1886 917 1976 984 qui
2017 916 2085 969 de

509 1019 655 1064 terra
677 1018 780 1074 est,
824 1009 891 1063 de
923 1017 1068 1062 terra
1122 1007 1398 1078 loquitur;
1444 1019 1498 1063 et
1540 1008 1633 1080 qui
1665 1022 1697 1062 e
1744 1008 1886 1063 coelo
1914 1008 2082 1068 venit,

508 1101 652 1168 quod
678 1097 818 1154 vidit
849 1113 906 1155 et
931 1099 1158 1165 audivit,
1193 1103 1295 1155 hoc
1349 1109 1604 1163 testatur,
1659 1115 1872 1169 quarres
1903 1107 2084 1152 utrum

507 1192 652 1247 idem
687 1193 757 1247 sit
783 1206 905 1247 esse
929 1207 962 1248 e
997 1202 1141 1246 terra
1165 1203 1221 1247 et
1251 1207 1373 1248 esse
1400 1206 1468 1248 ex
1501 1192 1751 1258 infernis,
1809 1207 1878 1246 an
1907 1191 2089 1246 diver-

506 1293 652 1334 sum.
691 1280 864 1336 Simul
899 1291 1081 1336 autem
1117 1283 1436 1337 observabis
1467 1283 1610 1350 quod
1644 1281 1753 1337 illic
1789 1298 1896 1336 non
1929 1284 2084 1336 dixe-

507 1372 584 1428 rit
619 1388 633 1424 :
659 1371 761 1438 Qui
790 1383 873 1427 est
897 1387 929 1428 e
957 1371 1120 1437 caelo,
1150 1389 1182 1430 e
1211 1375 1352 1430 ctelo
1375 1385 1482 1441 est,
1509 1384 1564 1429 et
1583 1388 1616 1429 e
1643 1374 1783 1430 calo
1808 1373 2084 1445 loquitur;

509 1477 638 1518 nam
666 1461 916 1520 fortassis
945 1464 1208 1522 Servatur
1241 1483 1349 1523 non
1389 1479 1508 1524 erat
1529 1483 1561 1523 e
1593 1468 1736 1524 etnlo
1763 1485 1778 1522 :
1829 1483 1936 1522 non
1969 1480 2091 1522 erat

507 1555 814 1622 praesertim
875 1556 928 1610 in
996 1569 1257 1628 quantum
1316 1569 1400 1614 est
1458 1561 1851 1631 primogenitus
1909 1563 2088 1617 Omnis

511 1655 781 1704 creatura:
811 1650 879 1702 ".
912 1649 1065 1718 Quod
1096 1652 1239 1704 enim
1269 1653 1463 1707 attinet
1497 1653 1565 1708 ad
1615 1669 1830 1718 vocem,
1883 1671 1910 1708 ε
1936 1656 2086 1718 (σεῖο,

511 1738 786 1792 secundus
812 1738 972 1795 homo
1011 1748 1150 1796 este
1188 1741 1352 1806 cmlo,
1387 1742 1846 1812 quemadmodum
1891 1745 2088 1800 alicubi

512 1825 717 1884 Paulus
747 1830 881 1884 dicit
918 1848 984 1885 εει
1034 1830 1251 1886 Primus
1302 1834 1464 1888 homo
1507 1847 1540 1890 e
1591 1843 1760 1898 terra,
1795 1842 2089 1891 terrenus:

511 1919 785 1976 secundus
818 1923 985 1977 homo
1012 1939 1044 1979 e
1073 1923 1212 1979 caelo
1232 1924 1300 1982 ⁸⁸.
1327 1944 1345 1976 ι
1368 1927 1547 1994 Atque
1573 1926 1737 1980 etiam
1767 1928 1869 1982 hoc
1897 1927 1949 1982 in
1973 1927 2094 1984 loco

512 2011 730 2068 notabis
759 2023 939 2069 utrum
969 2019 1182 2072 tandem
1225 2016 1367 2071 idem
1414 2017 1558 2072 dicat
1590 2017 1818 2072 dicendd
1859 2030 1873 2070 :
1917 2035 1936 2069 ι
1989 2017 2094 2073 Vos

511 2123 579 2162 ex
616 2107 844 2164 infernis
868 2109 1024 2176 estis,
1061 2129 1080 2161 ι
1113 2119 1169 2164 et
1200 2125 1216 2165 :
1248 2127 1267 2160 ι
1297 2108 1406 2164 Vos
1437 2125 1504 2164 ex
1531 2110 1634 2165 hoc
1661 2111 1860 2166 mundo
1885 2111 2041 2176 estis,
2069 2130 2088 2163 ι

503 2203 584 2252 'an
609 2199 882 2256 diversum
913 2201 984 2254 sit
1003 2215 1125 2256 esse
1150 2215 1181 2254 e
1219 2211 1360 2256 terra
1394 2203 1462 2255 ab
1497 2217 1562 2256 eo
1587 2205 1730 2272 quod
1761 2211 1846 2258 est
1875 2217 1994 2258 esse
2024 2218 2091 2258 ex

513 2293 625 2349 boc
652 2295 871 2349 mundo.
914 2293 1180 2349 Similiter
1228 2296 1391 2348 etiam
1419 2295 1472 2348 in
1515 2295 1602 2349 his
1633 2296 1812 2350 verbis
1841 2311 2088 2365 quaeres:

519 2402 540 2436 ι
572 2382 682 2455 Ego
710 2399 741 2439 e
775 2386 1026 2454 supernis
1055 2401 1196 2450 sum,
1224 2405 1243 2436 ι
1276 2395 1367 2440 et:
1407 2403 1426 2437 ι
1462 2386 1574 2456 Ego
1601 2403 1704 2440 non
1739 2403 1857 2440 sum
1888 2403 1954 2442 ex
1992 2387 2096 2441 hoc

516 2478 740 2532 mundo.
771 2477 1030 2547 tDignum
1053 2487 1137 2532 est
1156 2477 1300 2531 enim
1326 2488 1385 2531 ut
1407 2479 1763 2548 inspiciamus
1786 2479 1913 2548 quid
1935 2481 2005 2534 sit
2027 2494 2094 2533 ex

514 2569 766 2638 supernis
785 2584 930 2634 esse,
949 2577 1005 2622 et
1025 2569 1154 2638 quid
1175 2571 1246 2624 sit
1269 2587 1374 2625 non
1397 2585 1521 2644 esse
1543 2586 1612 2626 ex
1636 2572 1738 2626 hoc
1757 2573 1976 2627 mundo.
2003 2569 2094 2626 Vi-

516 2661 583 2716 de
618 2660 783 2730 igitur
817 2677 999 2716 annon
1029 2663 1121 2731 qui
1166 2666 1464 2733 assumpsit
1487 2674 1668 2718 ortum
1711 2679 1742 2719 a
1781 2665 2008 2720 materia
2041 2674 2095 2720 et

517 2755 863 2822 corporibus,
893 2769 962 2809 eo
983 2757 1126 2824 quod
1152 2756 1377 2810 meliora
1413 2757 1718 2823 reliquerit,
1747 2758 1874 2812 site
1909 2767 2055 2812 terra
2081 2777 2094 2811 :

516 2845 679 2917 303
707 2847 796 2916 qui
831 2857 1101 2916 quatenus
1139 2858 1223 2904 est
1272 2865 1302 2901 ε·
1340 2859 1509 2916 terra,
1545 2849 1613 2904 de
1651 2858 1797 2904 terra
1837 2848 2096 2918 loquitur.

516 2939 682 2992 altius
726 2939 931 3008 aliquid
974 2940 1168 2994 intueri
1216 2940 1297 2992 vel
1335 2940 1519 2994 dicere
1567 2955 1674 2997 non
1723 2941 1949 3004 valens;
2003 2942 2098 3010 qui

517 3031 661 3085 idem
708 3032 871 3086 etiam
903 3049 970 3086 ex
1026 3032 1255 3087 infernis
1303 3044 1386 3088 est
1429 3049 1444 3086 :
1493 3047 1620 3088 nam
1647 3031 1756 3087 alia
1789 3041 1876 3087 est
1920 3033 2100 3088 consi-

2183 542 2294 611 ἐγὼ
2325 545 2389 596 ὲκ
2426 544 2533 597 τῶν
2567 545 2680 598 ἄνω
2719 543 2834 615 είμί
2858 558 2872 573 ο
2919 543 3078 614 ὑμεῖς
3101 544 3166 597 ὲκ
3193 541 3288 596 τοῦ
3326 542 3534 612 κόσμου
3573 539 3764 595 τούτου

2183 637 2326 700 ἐστὲ,
2354 635 2464 705 ἐγὼ
2487 636 2587 689 οὑκ
2612 635 2729 707 είμὶ
2776 637 2842 689 ὲκ
2887 635 2981 690 τοῦ
3019 635 3228 705 κόσμου
3270 633 3482 690 τούτου.
3521 652 3542 686 ι
3575 633 3686 688 Καὶ
3708 635 3767 688 ὲν

2182 733 2296 794 τοῖς
2328 730 2585 801 ἀνωτέρω
2613 729 2765 794 ἔλεγε
2798 729 2890 782 τό·
2925 749 2943 781 ι
2989 729 3046 783 Ὁ
3084 727 3160 784 ὣν
3197 731 3260 783 ἐκ
3290 729 3390 800 τῆς
3416 728 3543 799 γῆς,
3569 729 3636 782 ἐκ
3666 727 3768 798 τῆς

2185 824 2288 894 γῆς
2313 825 2450 890 ἐστι,
2480 821 2577 875 καὶ
2605 823 2670 874 ὲκ
2698 820 2799 892 τῆς
2821 823 2925 894 γῆς
2951 823 3134 876 λαλεῖο
3162 823 3191 875 6
3215 823 3279 875 ὲκ
3301 820 3395 874 τοῦ
3416 819 3647 892 οὐρανοῦ
3673 821 3766 892 ἐρ-

2185 914 2414 985 χόμενος
2459 913 2642 967 ἐπάνω
2679 913 2896 967 πάντων
2935 913 3080 967 ἐστίν
3101 929 3115 944 ο
3165 912 3260 966 καὶ
3305 911 3334 965 ὃ
3381 909 3614 983 ἑώρακε,
3671 910 3768 964 καὶ

2185 1010 2407 1080 ἢκουσε,
2437 1008 2595 1062 τοῦτο
2629 1012 2915 1080 μαρτυρεῖ.
2957 1029 2975 1061 ι
3017 1009 3082 1062 Εἰ
3131 1009 3310 1064 τοίνυν
3348 1011 3376 1063 6
3404 1011 3470 1062 ὲκ
3515 1008 3616 1078 τῆς
3663 1007 3768 1076 γῆς

2186 1102 2252 1154 ὲκ
2279 1101 2378 1171 τῆς
2399 1101 2504 1170 γῆς
2531 1100 2702 1162 λαλεῖ,
2726 1101 2820 1155 καὶ
2850 1103 2879 1156 ὁ
2910 1102 2974 1154 ἐκ
3007 1100 3101 1154 τοῦ
3127 1099 3359 1172 οὐρανοῦ
3391 1100 3708 1172 ἐρχόμενος,
3736 1097 3769 1153 ὃ

2188 1192 2402 1265 ἑώρακε
2455 1193 2550 1246 καὶ
2584 1194 2806 1264 ἤκουσε,
2840 1193 3000 1246 τοῦτο
3034 1196 3322 1265 μαρτυρεῖ,
3370 1191 3628 1263 ζητήσεις
3658 1190 3772 1246 τοί-

2189 1301 2284 1337 νυν
2319 1285 2546 1356 πότερόν
2582 1301 2712 1337 ποτε
2744 1284 2942 1338 ταυτόν
2961 1285 3076 1338 ἐστι
3101 1285 3162 1338 τὸ
3187 1286 3252 1340 ὲκ
3272 1285 3371 1356 τῆς
3393 1285 3497 1356 γῆς
3529 1281 3668 1340 εἶναι
3690 1284 3770 1356 τῷ

2189 1376 2254 1429 ὲκ
2290 1375 2395 1430 τῶν
2425 1376 2572 1429 κάτω
2595 1371 2754 1441 εἶναι,
2775 1376 2809 1448 ἢ
2830 1375 3036 1446 ἕτερον.
3065 1377 3215 1448 Ἅμα
3237 1376 3296 1429 δὲ
3340 1379 3768 1448 παρατηρήσεις,

2188 1468 2270 1521 ὅτι
2308 1468 2469 1520 κάκεῖ
2503 1469 2602 1521 οὐκ
2635 1463 2820 1521 εἶπεν⁹
2870 1468 2927 1522 '0
2958 1467 3034 1520 ὢν
3069 1469 3134 1522 ὲκ
3169 1467 3262 1522 τοῦ
3301 1467 3532 1539 οὐρανοῦ
3572 1471 3638 1522 ὲκ
3673 1467 3769 1522 τοῦ

2189 1559 2416 1630 οὐρανοῦ
2450 1562 2586 1624 ἐστι,
2615 1559 2708 1612 καὶ
2728 1559 2793 1613 ἐκ
2823 1562 2915 1617 τοῦ
2951 1559 3182 1628 οὐρανοῦ
3217 1559 3396 1614 λαλεῖ·
3437 1560 3578 1630 τάχα
3604 1559 3714 1632 γὰρ
3742 1561 3772 1614 6

2191 1651 2379 1722 Σωτὴρ
2403 1652 2504 1704 οὐκ
2531 1653 2595 1703 ὲκ
2623 1650 2714 1704 τοῦ
2742 1650 2970 1722 οὐρανοῦ
3005 1647 3095 1723 ἦν,
3124 1651 3358 1723 μάλιστα
3391 1653 3530 1706 καθὸ
3552 1651 3773 1726 Πρωτό-

2189 1759 2347 1806 τοκος
2380 1742 2559 1814 πάσης
2587 1743 2816 1806 κτίσεως
2841 1738 2927 1814 ἦν.
2963 1744 3036 1796 Τὸ
3067 1743 3210 1815 γάρ⁸
3242 1745 3311 1797 ἐκ
3342 1745 3450 1797 τοῦ
3487 1744 3770 1813 οὐρανοῦ,

2192 1840 2221 1891 6
2246 1837 2491 1909 δεύτερος
2515 1835 2799 1908 ἄνθρωπος
2821 1832 2889 1908 ἧν
2917 1836 2977 1901 se
2995 1835 3226 1906 οὐρανοῦ
3249 1853 3262 1867 ·
3288 1837 3364 1900 ὡς
3389 1838 3532 1892 καὶὸ
3558 1835 3774 1904 Παῦλός

2193 1948 2296 1982 που
2325 1928 2489 2000 φησίν
2513 1947 2526 1958 ·
2566 1949 2584 1980 ι
2635 1929 2692 1982 ὐ
2724 1928 2941 2001 πρῶτος
2978 1929 3262 2000 ἄνθρωπος
3302 1931 3367 1982 ὲκ
3391 1930 3516 2000 γῆς,
3553 1930 3774 2001 χοϊκόςο

2193 2022 2221 2074 6
2256 2020 2508 2092 δεύτερος
2553 2019 2839 2091 ἄνθρωπος
2867 2019 2928 2086 ἐξ
2957 2017 3210 2092 οὐρανοῦ.
3250 2038 3270 2072 ›
3306 2020 3417 2073 Καὶ
3474 2019 3663 2074 ἐνθάδε
3714 2019 3776 2073 δὲ

2193 2113 2506 2183 ἐπιστήσεις
2531 2111 2756 2184 πότερόν
2781 2128 2910 2165 ποτε
2933 2111 3100 2165 ταυτὸ
3121 2111 3269 2181 λέγει
3297 2113 3354 2166 ὲν
3387 2110 3464 2182 τῷ
3481 2128 3494 2142 ·
3526 2130 3546 2164 ι
3585 2112 3778 2184 Ὑμεῖς

2192 2204 2259 2255 ὲκ
2287 2201 2396 2255 τῶν
2428 2202 2580 2257 κάτω
2621 2203 2768 2265 ἐστὲ,
2816 2224 2836 2256 ι
2875 2203 2992 2268 καὶ,
3031 2221 3050 2254 ι
3113 2203 3303 2274 Ὑμεῖς
3343 2205 3410 2258 ὲκ
3446 2203 3637 2257 τούτου
3679 2203 3775 2256 τοῦ

2195 2293 2400 2363 κόσμου
2449 2293 2596 2358 ἐστὲ,
2641 2314 2660 2346 ι
2694 2295 2728 2366 ἢ
2760 2294 2947 2366 ἕτερόν
2985 2295 3102 2348 ἐστι
3152 2294 3214 2347 τὸ
3255 2289 3392 2346 εἶναι
3426 2293 3492 2346 ἐκ
3530 2293 3630 2364 τῆς
3673 2293 3778 2364 γῆς

2195 2382 2346 2454 παρὰ
2374 2383 2436 2436 τὸ
2461 2379 2601 2438 εἶναι
2625 2386 2690 2438 ὲκ
2715 2385 2808 2438 τοῦ
2839 2387 3042 2456 κόσμου
3071 2385 3283 2441 τούτου.
3314 2387 3388 2440 Τὸ
3412 2386 3458 2440 δ’
3481 2387 3666 2456 ὅμοιον
3683 2384 3782 2458 ζη-

2194 2477 2384 2548 τήσεις
2412 2478 2507 2531 καὶ
2550 2479 2608 2532 ὲν
2631 2478 2740 2550 τῷ*
2775 2496 2794 2528 t
2840 2478 2980 2547 Ἐγὼ
3005 2481 3070 2532 ὲκ
3117 2479 3229 2532 τῶν
3263 2481 3374 2534 ἀνω
3415 2479 3554 2549 εἰμὶ,
3585 2497 3604 2530 ι
3642 2478 3772 2532 καί’

2203 2588 2221 2620 ι
2277 2569 2419 2638 Ἐγὼ
2455 2571 2558 2624 οὐκ
2607 2570 2723 2641 εἰμὶ
2771 2572 2834 2624 ὲκ
2870 2569 2965 2624 τοῦ
3015 2572 3223 2642 κόσμου
3271 2571 3482 2624 τούτου.
3528 2590 3548 2624 ι
3595 2570 3778 2637 ’Δξιον

2196 2661 2306 2733 γὰρ
2339 2661 2466 2715 ἰδεῖν
2498 2663 2550 2714 τί
2595 2661 2656 2716 τὸ
2700 2664 2766 2716 ἐκ
2813 2661 2923 2716 τῶν
2957 2663 3070 2718 ἀνω
3112 2659 3286 2728 εἶναι,
3334 2662 3431 2716 καὶ
3481 2661 3536 2716 τί
3584 2661 3646 2715 τὸ
3703 2661 3780 2732 μὴ

2198 2753 2264 2804 ὲκ
2302 2751 2398 2805 τοῦ
2447 2753 2653 2823 κόσμου
2705 2753 2896 2807 τούτου
2955 2749 3116 2807 εἶναι.
3170 2754 3312 2826 Ὅρα
3361 2753 3540 2806 τοίνυν
3593 2755 3642 2806 εί
3703 2753 3778 2824 μὴ

2197 2845 2226 2897 6
2253 2843 2351 2916 τὴν
2377 2844 2487 2898 ἀπὸ
2519 2845 2650 2916 ὕλης
2678 2845 2892 2914 γένεσιν
2924 2847 3020 2900 καὶ
3053 2847 3321 2917 σωμάτων
3353 2843 3678 2914 ἀνειληφὼς,
3701 2842 3781 2914 τῷ

2199 2937 2651 2992 καταλελοιπέναι
2704 2939 2774 2993 τά
2832 2940 3142 3012 κρείττονα,
3185 2940 3250 2992 ὲκ
3294 2937 3396 3008 τῆς
3445 2939 3548 3008 γῆς
3595 2939 3776 2990 ἐστιν·

2199 3027 2346 3090 ὅστις
2375 3028 2499 3081 ὅσον
2529 3031 2677 3083 ἐστὶν
2701 3031 2766 3083 ὲκ
2797 3031 2896 3101 τῆς
2926 3031 3050 3100 γῆς,
3085 3031 3150 3083 ὲκ
3179 3029 3280 3099 τῆς
3311 3029 3415 3098 γῆς
3443 3027 3612 3090 λαλεῖ,
3645 3026 3784 3098 ὑψη-

517 3124 728 3178 deratio
771 3139 890 3180 esse
935 3139 1006 3180 ex
1054 3125 1320 3192 infernis,
1364 3125 1472 3180 alia
1502 3139 1625 3180 esse
1676 3139 1708 3179 θ
1753 3135 1946 3180 terra:
1993 3139 2095 3181 vox

2201 3117 2420 3191 λότερόν
2449 3137 2501 3174 τι
2534 3121 2609 3192 μὴ
2636 3121 2932 3194 δυνάμενος
2955 3122 3192 3193 βλέπειν,
3228 3121 3262 3192 ἦ
3291 3121 3491 3190 λέγειν.
3530 3121 3588 3174 '0
3615 3121 3662 3174 δ’
3686 3121 3784 3174 αὐ-

517 3211 663 3264 enim
698 3212 904 3281 inferne
927 3253 943 3279 ,
990 3215 1374 3269 consideratur
1405 3216 1457 3268 in
1487 3217 1726 3286 quodam
1754 3215 1924 3272 veluti
1956 3215 2096 3282 loco,

517 3302 708 3359 itidem
737 3306 790 3358 in
827 3307 1192 3377 dogmatibus,
1233 3317 1290 3362 et
1334 3307 1390 3362 in
1423 3308 1672 3364 discursu
1709 3310 1910 3364 mentis
1939 3328 1952 3363 :
1981 3323 2100 3364 om-

517 3393 713 3462 nisque
771 3395 1018 3464 prol'ecto
1075 3397 1279 3451 talibus
1337 3396 1687 3467 dogmatibus
1742 3407 1798 3453 et
1847 3397 2098 3454 discursu

517 3487 720 3542 mentis
743 3497 904 3542 utens
925 3503 1050 3558 quae
1077 3497 1205 3542 sunt
1233 3505 1300 3544 ex
1354 3489 1607 3556 infernis,
1634 3504 1704 3545 ex
1737 3488 1970 3546 infernis
1994 3499 2098 3546 est.

517 3580 698 3651 Atque
727 3585 894 3635 etiam
941 3581 1028 3636 hic
1064 3581 1300 3636 mundus
1327 3581 1582 3648 visibilis,
1617 3581 1924 3637 materialis
1946 3583 2100 3637 exsi-

519 3682 696 3740 stens,
727 3683 950 3744 propter
1008 3687 1104 3726 eos
1153 3674 1244 3740 qui
1283 3673 1550 3728 materiali
1583 3674 1692 3727 vita
1739 3684 1926 3745 egent,
1979 3673 2101 3730 loca

519 3765 744 3836 quidem
776 3765 942 3822 liabet
976 3767 1192 3822 diversa
1220 3784 1235 3832 ;
1282 3782 1404 3838 quae
1435 3781 1569 3821 sane
1599 3766 1783 3821 omnia
1815 3782 2102 3838 compara-

520 3859 670 3912 tione
727 3873 908 3913 rerum
966 3858 1438 3923 immaterialium,
1497 3869 1554 3913 et
1605 3857 1985 3923 invisibilium,
2048 3867 2105 3913 et

521 3964 754 4019 corpore
782 3950 1110 4016 carentium,
1165 3950 1376 4006 inferna
1403 3959 1554 4015 sunt,
1596 3965 1706 4004 non
1739 3957 1951 4004 tantum
1984 3949 2104 4004 loco

522 4050 784 4108 quantum
843 4043 1256 4113 comparatione
1304 4045 1370 4098 ad
1413 4059 1504 4098 res
1557 4044 1882 4099 invisibiles.
1924 4044 2108 4111 Quan-

523 4141 638 4188 tum
673 4143 850 4189 autem
886 4137 938 4189 in
975 4137 1080 4189 hoc
1111 4135 1314 4190 mundo
1344 4135 1462 4190 loca
1493 4136 1674 4190 mundi
1709 4138 1850 4191 inter
1879 4152 1938 4192 se
1959 4151 2107 4192 com-

523 4227 766 4299 paranda
807 4238 957 4295 sunt,
995 4228 1243 4299 quaedam
1278 4227 1482 4283 fuerint
1513 4229 1627 4284 loca
1677 4229 1928 4298 inferne,
1957 4246 2108 4300 qua:-

524 4320 652 4376 dam
683 4335 922 4389 superne
951 4340 966 4378 :
999 4331 1158 4376 terra:
1203 4321 1348 4376 enim
1384 4323 1634 4391 proxima
1685 4321 1898 4378 inferne
1957 4330 2105 4386 sunt,

525 4411 771 4467 etelestia
805 4429 934 4468 vero
968 4427 1228 4484 superne,
1273 4414 1410 4469 adeo
1438 4423 1497 4468 ut
1525 4415 1630 4470 bac
1673 4415 1886 4469 ratione
1916 4415 2008 4484 qui
2035 4429 2104 4470 ex

2201 3209 2292 3273 τὸς
2325 3211 2418 3263 καὶ
2455 3215 2518 3265 ἐκ
2550 3213 2658 3266 τῶν
2692 3214 2841 3268 κάτω
2873 3213 3040 3268 ἐστίν.
3081 3212 3248 3284 ’Δλλη
3301 3213 3552 3282 μέντοιγε
3602 3213 3636 3282 ἡ
3662 3210 3785 3264 επί-

2201 3317 2320 3357 νοια
2355 3305 2388 3375 ἡ
2415 3305 2480 3358 ὲκ
2503 3305 2614 3360 τῶν
2646 3307 2816 3371 κάτω,
2844 3307 3064 3377 καὶτῆς
3094 3307 3201 3376 γῆς
3219 3323 3234 3338 ’
3269 3305 3428 3360 κάτω
3457 3305 3565 3378 γὰρ
3595 3305 3786 3378 ὥσπερ

2201 3399 2352 3471 τόπῳ
2385 3401 2492 3454 τινὶ
2521 3403 2742 3466 νοεῖται,
2771 3399 2944 3464 οὕτως
2991 3400 3086 3453 καί⁸
3112 3399 3366 3470 δόγμασι,
3416 3399 3511 3453 καὶ
3540 3397 3782 3471 διανοίᾳο

2201 3491 2298 3549 καὶ
2329 3494 2437 3556 πᾶς
2469 3509 2532 3561 γε
2563 3495 2593 3546 6
2622 3490 2860 3555 τοιοῦτος
2884 3490 2995 3562 (82)
3023 3491 3256 3562 δόγμασι
3286 3491 3380 3546 καὶ
3407 3489 3614 3561 διανοίᾳ
3643 3488 3789 3562 χρώ-

2205 3602 2386 3658 μενος,
2416 3583 2576 3638 ἄτινὰ
2603 3585 2749 3636 ἐστιν
2774 3585 2839 3637 ὲκ
2866 3582 2973 3638 τῶν
3001 3583 3172 3648 κάτω,
3201 3586 3267 3637 ἐκ
3293 3583 3402 3637 τῶν
3434 3583 3585 3638 κάτω
3615 3581 3784 3637 ἐστίν.

2217 3676 2376 3731 Ἀλλὰ
2413 3677 2508 3730 καὶ
2547 3676 2576 3728 6
2609 3673 2955 3746 δεικνύμενος
2983 3675 3206 3746 κόσμος,
3254 3675 3436 3740 ὑλικὸς
3474 3675 3786 3748 γένόμενος,

2203 3769 2296 3822 διὰ
2325 3769 2457 3832 τοὺς
2499 3767 2791 3839 δεηθέντας
2847 3768 2948 3838 τῆς
2979 3767 3091 3839 {85)
3139 3767 3324 3821 ὲνύλου
3377 3767 3542 3840 ζωῆς,
3590 3767 3790 3830 τόπους

2207 3863 2308 3934 μὲν
2334 3861 2445 3932 ἔχει
2493 3861 2804 3933 διαφόρους,
2859 3860 3054 3924 οἵτινες
3093 3859 3158 3932 δὴ
3188 3861 3390 3926 πάντες
3422 3861 3500 3926 ὡς
3529 3860 3630 3933 μὲν
3653 3860 3790 3934 πρὸς

2204 3953 2274 4009 τὰ
2303 3955 2462 4018 ἄῦλα,
2493 3954 2588 4008 καὶ
2637 3952 2706 4007 τὰ
2734 3953 2960 4025 ἀόρατα,
2997 3953 3092 4006 καὶ
3135 3953 3204 4007 si
3233 3953 3501 4024 ἀσώματα
3528 3953 3678 4007 κάτω
3709 3955 3789 4006 εἰ-

2207 4048 2314 4112 σὶν,
2340 4047 2402 4100 οὐ
2431 4045 2589 4100 τόσον
2625 4044 2704 4116 τῷ
2735 4045 2906 4116 τόπῳ,
2934 4046 3057 4098 ὅσον
3080 4045 3147 4116 τῇ
3182 4045 3322 4114 πρὸς
3345 4046 3414 4101 τὰ
3439 4045 3644 4117 ἀόρατα
3667 4061 3792 4113 συγ-

2213 4139 2426 4212 κρίσει·
2478 4140 2603 4194 ὃσον
2640 4138 2698 4192 δὲ
2737 4138 2849 4210 (84)
2889 4137 2983 4191 ἐπὶ
3017 4134 3098 4206 τῷ
3134 4135 3325 4206 κόσμῳ
3359 4133 3548 4196 τόποις
3581 4133 3790 4202 κόσμου

2216 4230 2696 4293 συνεξετάζεσθαι.
2752 4225 2862 4283 εἷεν
2913 4229 2979 4284 ἄν
3015 4244 3162 4290 τινες
3197 4226 3351 4280 τόποι
3389 4227 3438 4279 οἱ
3476 4227 3658 4284 κάτω,
3701 4221 3796 4276 καὶ

2208 4322 2359 4379 ἄλλοι
2390 4321 2531 4375 ἅνω·
2584 4319 2656 4373 τά
2705 4318 2805 4390 μὲν
2857 4317 2967 4388 γὰρ
2995 4320 3250 4390 περίγεια
3293 4318 3444 4372 κάτω
3475 4317 3612 4379 ἐστὶ,
3640 4315 3708 4369 τὰ
3735 4314 3792 4368 δὲ

2215 4415 2441 4488 οὐράνια
2473 4412 2614 4466 ἀνωο
2650 4411 2727 4476 ὡς
2766 4413 2907 4467 κατά
2939 4412 3097 4466 τοῦτο
3123 4411 3214 4464 τὸν
3264 4411 3362 4482 μὲν
3412 4413 3478 4465 ὲκ
3503 4410 3610 4464 τῶν
3643 4410 3795 4464 κάτω

526 4503 756 4560 infernis
786 4506 881 4569 sit,
914 4505 962 4561 is
983 4507 1149 4560 etiam
1193 4505 1418 4560 omnino
1445 4505 1516 4560 sit
1547 4521 1614 4560 ex
1639 4508 1744 4562 hoc
1773 4506 2006 4570 mundo;
2053 4515 2097 4558 at

2215 4486 2432 4566 πάντως
2457 4497 2594 4555 εἶναι
2627 4502 2693 4553 ὲκ
2742 4499 2838 4554 τοῦ
2885 4501 3091 4571 κόσμου
3123 4499 3314 4554 τούτου
3337 4516 3350 4530 ·
3407 4499 3499 4553 τὸν
3525 4499 3584 4553 δὲ
3608 4501 3674 4552 ὲκ
3699 4497 3793 4552 τοῦ

527 4611 658 4652 vero
687 4599 778 4666 qui
807 4614 874 4654 ex
907 4599 1012 4654 hoc
1047 4599 1247 4652 mundo
1279 4596 1376 4662 sit,
1410 4611 1518 4652 non
1566 4597 1792 4653 omnino
1823 4599 1894 4652 sit
1920 4612 1985 4652 ex
2024 4596 2108 4650 in-

529 4689 718 4746 fernis.
773 4691 908 4746 Vide
960 4691 1110 4746 enim
1161 4705 1230 4745 an
1272 4691 1558 4760 municeps
1597 4705 1892 4758 corporum
1927 4688 2109 4758 aliquo

528 4796 689 4858 pacto
719 4787 788 4842 sit
815 4801 879 4842 ex
913 4788 1018 4844 hoc
1052 4787 1279 4850 mundo,
1312 4802 1417 4841 non
1466 4797 1648 4840 tamen
1675 4799 1742 4840 ex
1778 4781 2010 4838 infernis
2035 4783 2111 4837 lo-

529 4877 766 4943 caliter;
803 4887 1179 4931 verumtamen
1215 4876 1330 4947 ipse
1384 4877 1554 4931 etiam
1599 4891 1666 4930 ex
1716 4874 1952 4929 infernis
2001 4883 2108 4940 est,

530 4971 938 5040 comparatione
996 4985 1176 5024 rerum
1239 4985 1365 5039 qua:
1420 4979 1602 5024 mente
1656 4967 2041 5038 percipiuntur
2087 4985 2101 5021 :

528 5063 730 5118 etenim
783 5063 962 5116 omnis
1010 5062 1289 5126 municeps
1336 5076 1526 5116 eormn
1584 5075 1704 5128 quae
1747 5059 2003 5113 videntur
2035 5059 2106 5123 ⁸³,

530 5173 766 5231 qumque
799 5166 1207 5224 pcrtranseuut,
1242 5165 1298 5212 et
1341 5171 1464 5226 quae
1493 5164 1623 5210 sunt
1661 5151 2006 5223 temporalia,
2039 5167 2108 5205 ex

531 5251 761 5308 infernis
811 5263 913 5314 est,
948 5253 1160 5307 etiamsi
1191 5251 1613 5320 comparatione
1645 5249 1890 5303 locorum
1943 5247 2014 5300 sit
2041 5261 2110 5300 ex

531 5346 783 5414 supernis
819 5364 834 5400 :
868 5347 1104 5416 licetque
1155 5344 1399 5415 profecto
1434 5343 1741 5412 cuicunque
1781 5339 1872 5409 qui
1905 5353 1973 5394 ex
2022 5341 2107 5394 in-

533 5438 722 5507 fernis,
771 5449 828 5494 et
873 5455 938 5493 ex
980 5441 1085 5495 hoc
1123 5437 1346 5502 mundo,
1375 5445 1430 5490 et
1452 5450 1484 5489 e
1515 5445 1658 5490 terra
1692 5431 1880 5498 fuerit,
1915 5432 2109 5486 imum-

2207 4597 2418 4667 κόσμου
2471 4592 2665 4646 τούτου
2719 4591 2794 4664 μὴ
2825 4591 3043 4655 πάντως
3078 4587 3221 4645 εἶναι
3263 4591 3360 4646 καὶ
3391 4593 3458 4644 ὲκ
3488 4589 3598 4647 τῶν
3623 4591 3793 4646 κάτω.

2223 4687 2282 4741 '0
2315 4686 2426 4757 γὰρ
2459 4684 2684 4756 πολίτης
2727 4683 2835 4738 τῶν
2869 4683 3274 4755 σωμάτων,δρα
3302 4683 3352 4736 εἰ
3398 4681 3515 4736 ἐστι
3549 4681 3648 4754 μέν
3680 4698 3798 4745 πως

2214 4783 2278 4834 ὲκ
2312 4779 2406 4833 τοῦ
2453 4778 2657 4848 κόσμου
2693 4775 2908 4838 τούτου,
2957 4775 3018 4827 οὐ
3057 4773 3164 4844 μὴν
3197 4775 3262 4827 ὲκ
3292 4771 3400 4827 τῶν
3426 4769 3666 4834 τοπικῶς
3695 4769 3797 4824 κά-

2217 4889 2321 4927 τω·
2348 4870 2486 4942 πλὴν
2515 4869 2610 4924 καὶ
2641 4868 2826 4931 αὐτὸς,
2847 4867 2924 4932 ὡς
2958 4865 3094 4938 πρὸς
3129 4864 3416 4936 σύγκρισιν
3436 4862 3546 4916 τῶν
3568 4861 3796 4934 νοητῶν,

2215 4967 2280 5021 ὲκ
2311 4965 2418 5018 τῶν
2449 4963 2600 5017 κάτω
2621 4979 2635 4992 ο
2666 4961 2760 5014 καὶ
2789 4959 2898 5030 γὰρ
2944 4959 3055 5021 πᾶς
3084 4959 3114 5011 6
3143 4957 3250 5010 τῶν
3279 4955 3624 5026 βλεπομένων
3650 4953 3806 5010 πολί-

2213 5072 2332 5128 της,
2370 5055 2464 5108 καὶ
2486 5050 2927 5124 παρερχομένων,
2955 5049 3052 5103 καὶ
3078 5047 3447 5118 προσκαίρων,
3479 5047 3545 5099 ἐκ
3570 5045 3680 5099 τῶν
3700 5043 3804 5099 κά-

2211 5168 2294 5204 τω
2323 5149 2459 5213 ἐστὶ,
2492 5147 2596 5202 κᾶν
2645 5149 2703 5199 ὲν
2753 5142 3036 5216 συγκρίσει
3087 5143 3268 5196 τόπων
3303 5143 3368 5194 ὲκ
3401 5139 3510 5196 τῶν
3542 5138 3806 5194 ἀνωτάτω

2214 5241 2481 5312 τυγχάνῃ.
2515 5239 2735 5305 Ἔξεστι
2765 5236 3013 5308 μέντοιγε
3042 5234 3134 5287 τὸν
3177 5235 3242 5287 ὲκ
3275 5231 3382 5286 τῶν
3414 5231 3586 5295 κάτω,
3615 5230 3710 5284 καὶ
3738 5231 3802 5284 ὲκ

2211 5331 2307 5386 τοῦ
2334 5331 2540 5401 κόσμου
2573 5327 2786 5390 τούτου,
2839 5326 2934 5380 καὶ
2967 5328 3031 5379 ὲκ
3061 5323 3160 5393 τῆς
3186 5323 3290 5394 γῆς
3331 5321 3675 5394 μεταϐαλεῖν,
3707 5321 3804 5373 καὶ

2219 5425 2474 5496 γενέσθαι
2495 5426 2560 5477 ἐκ
2580 5421 2688 5475 τῶν
2710 5421 2843 5485 ἄνω,
2879 5421 2972 5474 καὶ
2999 5419 3196 5492 μηκέτι
3225 5420 3289 5472 ὲκ
3321 5417 3416 5472 τοῦ
3449 5417 3654 5488 κόσμου
3682 5412 3806 5468 τού-

603 5580 651 5612 ⁸⁵
673 5578 833 5634 Joan.
858 5593 977 5645 vnt,
1011 5577 1099 5632 23.
1178 5576 1226 5608 ⁸⁸
1253 5574 1409 5632 Joan.
1436 5590 1520 5641 Ill,
1548 5575 1638 5640 5i,
1667 5577 1756 5630 '52.
1834 5575 1876 5606 ³⁷
1903 5573 2097 5630 Coloss

2220 5569 2306 5624 15.
2385 5567 2431 5600 ⁵⁸
2461 5567 2482 5621 Ι
2509 5565 2638 5621 Cor.
2675 5580 2766 5628 xv,
2789 5563 2879 5618 47.
2953 5562 3001 5594 ⁵⁸
3029 5561 3069 5616 Il
3092 5561 3216 5616 Cor.
3253 5575 3329 5622 tv,
3361 5557 3449 5613 18.

611 5689 726 5758 (82)
757 5687 934 5743 Codex
975 5687 1305 5743 Barberinus
1342 5687 1674 5758 in‘margine
1724 5687 1887 5742 habet
1937 5685 2115 5738 τοιού-

538 5756 674 5822 τοις,
709 5756 894 5827 sicque
919 5760 1133 5812 videtur
1168 5759 1360 5826 legisse
1381 5756 1686 5811 Ferrarius.

613 5829 724 5900 (85)
752 5825 932 5884 codex
959 5825 1308 5895 Bodleianus,
1339 5828 1456 5900 τῆς
1489 5827 1710 5900 Regius,
1743 5827 1887 5892 τούς,
1920 5825 2078 5881 male.

2299 5679 2416 5746 (84)
2449 5680 2630 5732 Ὅσον
2653 5675 2742 5738 δέ,
2771 5687 2879 5730 etc.
2910 5673 3219 5746 Legendum
3254 5671 3472 5746 videtur
3491 5668 3616 5746 ὅσον
3634 5664 3692 5718 δὲ
3721 5662 3807 5746 δεῖ

2223 5729 2426 5819 ἐπίντῷ
2459 5729 2647 5819 κόσμῳ
2919 5729 3124 5819 κόσμου
3183 5737 3651 5819 συνεξεταζεσθαι,
3695 5729 3806 5819 εἷεν

2225 5823 2290 5878 ἄν
2323 5804 2687 5888 τινές,υιὲ.ἰιι
2707 5804 2892 5874 codice
2925 5804 3217 5872 Bodleiano
3241 5823 3366 5866 ante
3388 5807 3497 5864 εἷεν
3513 5807 3710 5879 legitur
3734 5804 3804 5861 εί.
