4196 6374
516 382 624 439 565

1584 385 1946 443 COMMENT.
1989 384 2056 440 IN
2094 382 2284 439 JOAN.
2320 383 2558 439 TOMUS
2597 383 2738 440 XIX.

3659 382 3765 441 566

505 518 625 566 του,
672 501 768 555 καὶ
813 501 970 556 ἄλλον
1023 502 1087 556 ὲκ
1124 503 1221 574 μὲν
1255 501 1346 557 τοῦ
1382 504 1589 575 κόσμου
1626 505 1839 569 τούτου,
1890 506 1954 558 ὲκ
1995 503 2081 557 τοῦ

2199 503 2298 557 tari
2339 510 2392 557 et
2422 502 2537 556 fieri
2583 516 2613 555 e
2645 498 2915 570 supernis,
2945 513 3047 553 nec
3074 497 3306 568 amplius
3329 513 3398 554 ex
3426 499 3527 555 hoc
3560 502 3765 556 mundo

505 590 735 661 οὐρανοῦ
766 591 842 644 δέ.
875 592 1011 663 Φησὶ
1043 592 1174 661 γοῦν
1205 597 1316 657 τοῖς
1349 594 1616 665 μαθηταῖς
1643 596 1672 647 6
1715 595 1905 666 Σωτήρ
1938 592 2049 663 (85)
2070 610 2082 622 '

509 700 532 737 ι
553 684 649 737 Ἐκ
675 683 771 736 τοῦ
795 685 999 756 κόσμου
1032 681 1152 757 ἦτε,
1186 685 1342 755 κάγὼ
1369 686 1697 757 ἐξελεξάμην
1725 688 1867 757 ὑμᾶς
1899 689 1964 739 ὲκ
1992 684 2086 739 τοῦ

504 774 732 846 κόσμου,
770 778 863 829 καὶ
894 776 1076 830 οὐκέτι
1109 778 1233 831 ὲστὲ
1255 781 1319 831 ὲκ
1352 778 1444 831 τοῦ
1475 779 1709 849 κόσμου·
1738 798 1756 830 ι
1791 778 1948 851 εἴπερ
1979 779 2087 850 γάρ

503 860 666 934 ἦλθεν
712 864 742 917 6
774 864 967 938 Σωτὴρ
1015 867 1267 938 ζητῆσαι,
1324 868 1419 921 καὶ
1464 869 1636 922 σῶσαι
1682 867 1743 921 τὸ
1788 868 2084 934 ἀπολωλὸς,

504 951 635 1026 ἦλθε
668 956 796 1019 τοὺς
839 957 991 1011 κάτω
1037 961 1132 1012 καὶ
1163 959 1729 1031 πλιτογραφηθέντας
1761 962 1819 1013 ὲν
1845 962 1957 1024 τοῖς
1991 961 2089 1014 κά-

504 1064 582 1099 τω
612 1048 948 1119 μεταστῆσαι
991 1050 1084 1104 ἐπὶ
1131 1052 1198 1105 τὰ
1227 1053 1358 1107 ἄνω.
1419 1053 1529 1106 Καὶ
1569 1054 1676 1124 γὰρ
1705 1054 1783 1115 εἰς
1808 1052 1877 1106 τὰ
1912 1052 2088 1106 κατώ-

503 1153 637 1207 τερα
671 1137 815 1210 μέρη
842 1141 942 1211 τῆς
972 1141 1079 1212 γῆς
1100 1143 1129 1195 ὁ
1158 1144 1402 1208 καταϐὰς
1432 1145 1594 1208 αὑτός
1621 1146 1737 1198 ἐστι
1766 1145 1852 1198 διά
1876 1147 2001 1209 τοὺς
2029 1148 2087 1199 ὲν

503 1231 615 1291 τοῖς
665 1231 966 1287 κατωτάτω
1010 1235 1109 1305 τῆς
1140 1235 1245 1304 γῆς
1266 1253 1279 1266 ·
1335 1235 1470 1289 ἀλλά
1501 1237 1595 1290 καὶ
1629 1238 1795 1309 ἀνέϐη
1830 1238 2088 1309 ὑπεράνω

506 1320 723 1376 πάντων
748 1324 856 1377 τῶν
887 1325 1151 1397 οὐρανῶν,
1177 1327 1435 1381 ὁδοποιῶν
1462 1330 1572 1392 τοῖς
1596 1328 1962 1400 βουλομένοις,
1994 1329 2087 1382 καὶ

500 1413 740 1484 γνησίως
788 1416 936 1487 αὐτῷ
989 1417 1467 1490 μαθητευομένοις,
1512 1421 1610 1492 τὴν
1656 1421 1926 1494 φέρουσαν
1971 1423 2086 1478 ὁδὸν

504 1504 597 1556 ἐπὶ
620 1504 688 1558 τὰ
717 1506 971 1577 ὑπεράνω
999 1509 1215 1563 πάντων
1246 1512 1353 1565 τῶν
1389 1512 1654 1584 οὐρανῶν,
1687 1513 1966 1567 τουτέστιν
1994 1516 2086 1568 ἐπὶ

505 1595 574 1647 τά
607 1595 713 1662 ἔξω
764 1600 1051 1669 σωμάτων.
1111 1603 1174 1654 El
1293 1606 1387 1656 καὶ
1417 1605 1601 1669 ποθεῖς
1639 1605 1829 1675 μαθεῖν
1853 1607 1961 1659 ἀπὸ
1988 1608 2086 1678 τῆς

508 1687 548 1738 Γ
555 1688 731 1758 ραιρῆς
762 1689 843 1753 τίς
870 1692 1015 1745 ἐστιν
1042 1694 1071 1745 6
1103 1694 1167 1746 ὲκ
1197 1694 1304 1747 τῶν
1336 1696 1507 1759 κάτω,
1556 1697 1653 1750 καὶ
1679 1698 1763 1761 τίς
1791 1700 1938 1753 ἐστιν
1966 1701 1993 1752 ὁ
2023 1700 2086 1752 ἐκ

504 1779 610 1833 τῶν
641 1782 772 1844 ἀνω,
825 1783 1026 1836 ἄκουεν
1068 1786 1219 1839 Ἐπεὶ
1267 1788 1399 1841 ὅπου
1446 1791 1474 1842 ὁ
1508 1788 1777 1861 Θησαυρδς
1828 1791 2082 1854 ἑκάστου,

503 1871 619 1924 ἐκεῖ
643 1873 737 1926 καὶ
761 1875 793 1945 ή
825 1876 1022 1946 καρδία
1056 1878 1205 1931 ἐστίν
1228 1895 1241 1908 ·
1272 1879 1368 1933 ὲάν
1396 1897 1478 1944 τις
1524 1879 1830 1956 Θησαυρίζῃ
1863 1885 1955 1936 ἐπὶ
1983 1883 2085 1952 τῆς

503 1961 628 2031 γῆς,
675 1963 736 2028 ἐξ
780 1964 945 2019 αὐτοῦ
997 1967 1089 2021 τοῦ
1131 1967 1478 2042 θησαυρίζειν
1505 1972 1598 2024 ἐπὶ
1622 1972 1721 2042 τῆς
1749 1973 1854 2042 γῆς
1883 1974 1946 2025 ὲκ
1976 1973 2083 2030 τῶν

504 2054 652 2107 κάτω
680 2055 887 2123 γίνεται
908 2074 923 2088 ·
959 2058 1053 2111 ὲάν
1086 2058 1141 2112 δέ
1166 2078 1249 2123 τις
1271 2059 1574 2135 θησαυρίζῃ
1602 2064 1659 2115 ὲν
1683 2066 1793 2127 τοῖς
1814 2063 2080 2135 οὐρανοῖς,

503 2148 756 2213 γεννᾶται
786 2147 1014 2212 ἀνωθεν,
1073 2153 1167 2205 καὶ
1214 2153 1581 2224 ἀναλαμϐάνει
1614 2155 1710 2227 τὴν
1759 2157 1942 2210 εἰκόνα
1989 2158 2082 2211 τοῦ

501 2236 823 2309 ἐπουρανίου
845 2258 858 2270 ·
920 2241 1057 2296 ἀλλὰ
1094 2244 1188 2296 καὶ
1238 2244 1396 2311 ἄλλος
1447 2243 1671 2299 διελθὼν
1717 2248 1926 2313 πάντας
1958 2251 2083 2314 τοὺς
2125 2286 2129 2289 -

502 2327 762 2398 οὐρανοὺς
805 2332 863 2384 ὲν
890 2332 1032 2387 τέλει
1067 2334 1378 2407 εὑρίσκεται
1432 2339 1853 2410 μακαριωτάτῳ.
1894 2340 1995 2413 Εῖη
2036 2343 2080 2395 δ’

501 2417 566 2471 ἂν
600 2420 695 2472 καὶ
740 2421 810 2475 τά
859 2425 1119 2496 ἐκατέρου
1148 2426 1305 2498 ἔργα,
1333 2425 1421 2481 οἷα
1465 2427 1615 2484 εἷπον
1646 2430 1756 2503 (86)
1778 2449 1791 2462 ’
1828 2432 1969 2488 ὥστε
2002 2435 2081 2487 εἰ-

502 2513 623 2564 πεῖν
672 2511 738 2565 ἂν
768 2513 836 2568 τὰ
887 2515 1023 2587 ἔργα
1055 2518 1151 2588 τῆς
1181 2518 1383 2590 σαρκὸς
1408 2524 1582 2574 ποιεῖν
1611 2522 1702 2576 τὸν
1744 2525 1809 2577 ἐκ
1840 2524 1949 2579 τῶν
1984 2526 2083 2579 κά-

498 2616 596 2664 τω,
628 2601 722 2656 τὸν
751 2603 807 2657 δὲ
855 2608 1067 2678 καρπὸν
1096 2609 1191 2662 τοῦ
1236 2610 1544 2683 πνεύματος
1590 2614 1678 2667 τὸν
1707 2617 1772 2669 ἐκ
1794 2617 1903 2671 τῶν
1946 2619 2078 2678 ἄνω.

501 2692 594 2743 καὶ
624 2693 785 2747 πάλιν
815 2696 915 2766 τὴν
946 2699 1083 2767 πρὸς
1131 2699 1222 2755 τὸν
1271 2702 1473 2773 κόσμον
1500 2704 1685 2759 τοῦτον
1726 2708 1947 2779 ἀγάπην
1990 2711 2080 2764 τὸν

502 2780 610 2874 (8?)
642 2785 706 2836 ἐκ
732 2785 823 2839 τοῦ
856 2788 1061 2860 κόσμου
1087 2793 1277 2847 τούτου
1296 2810 1309 2823 ·
1344 2796 1488 2859 ἐπεὶ,
1519 2798 1657 2851 κατὰ
1681 2799 1769 2851 τὸν
1806 2802 2077 2874 Ἰωάννην,

499 2872 528 2922 ὁ
553 2869 692 2940 ἔχων
736 2874 836 2947 τὴν
884 2878 1108 2949 ἀγάπην
1152 2882 1245 2934 τοῦ
1277 2882 1434 2945 Θεοῦ,
1467 2887 1672 2950 ἐκεῖνος
1703 2890 1804 2942 οὐκ
1834 2890 1978 2945 ἔστιν
2011 2869 2079 2947 εκ

499 2962 593 3015 τοῦ
621 2964 826 3036 κόσμου
857 2969 1046 3022 τούτου
1066 2988 1079 3001 ·
1111 2972 1169 3037 ὃς
1200 2973 1257 3025 δὲ
1282 2975 1381 3029 οὐκ
1409 2975 1597 3047 ἀγαπᾷ
1622 2978 1712 3031 τὸν
1744 2981 1964 3051 κόσμον,
1990 2985 2080 3036 οὐ·
2114 3018 2129 3029 ε

498 3053 555 3106 δὲ
584 3055 653 3109 τά
674 3060 732 3111 ὲν
755 3059 965 3132 κόσμῳ,
996 3063 1130 3117 ἀλλά
1150 3064 1322 3134 λέγων
1344 3085 1357 3098 ·
1396 3087 1415 3120 ι
1438 3070 1589 3141 Ἐμοὶ
1617 3075 1690 3143 μὴ
1712 3073 1920 3141 γένοιτο
1946 3095 2079 3131 καυ-

499 3144 733 3254 χνᾶσθαιζ
750 3149 813 3254 ei.
832 3149 938 3254 μὴτ
950 3152 1008 3254 ἐν
1030 3152 1107 3223 τῷ
1132 3154 1351 3226 σταυρῷ
1377 3157 1471 3210 τοῦ
1501 3161 1707 3232 Κυρίου
1753 3181 1852 3233 μου
1902 3166 2073 3237 Ἰησοῦ
2102 3194 2144 3254 c

404 3312 407 3315 Δ
498 3232 757 3305 Χριστοῦ,
785 3237 853 3291 δι’
879 3233 941 3292 οὗ
969 3242 1091 3311 ἐμοὶ
1125 3243 1330 3312 κόσμος
1376 3232 1921 3323 ὲσταύρωταιξκάγὼ
1963 3232 2072 3310 ⁷κό-

498 3337 641 3394 σμῳ,
666 3344 684 3379 ι
715 3329 810 3381 καὶ
840 3330 1032 3402 χωρῶν
1058 3333 1117 3386 τὸ
1146 3334 1366 3409 ἀγαπᾷν
1392 3338 1597 3412 Κύριον
1628 3342 1718 3395 τὸν
1748 3343 1881 3399 Θεὸν
1909 3349 2073 3402 αὐτοῦ

497 3416 556 3512 ἐξ
586 3417 715 3512 ὅλης
758 3421 858 3492 τῆς
884 3425 1110 3494 καρδίας
1158 3430 1345 3495 αὐτοῦ,
1391 3433 1489 3487 καὶ
1517 3432 1577 3498 ἐξ
1622 3435 1750 3507 ὅλης
1771 3438 1868 3509 τῆς
1897 3440 2075 3512 ψυχῆς

497 3507 682 3572 αὑτοῦ,
716 3513 812 3565 καὶ
844 3512 903 3579 ἐξ
946 3515 1075 3588 ὅλης
1101 3518 1203 3589 τῆς
1246 3520 1483 3587 διανοίας
1519 3526 1705 3592 αὐτοῦ,
1750 3507 1834 3599 τῷή
1856 3507 1931 3601 μη

497 3603 685 3659 ϐεσοαι
718 3607 815 3680 τὴν
851 3612 1103 3684 τοιαύτην
1148 3616 1368 3689 ἀγάπην
1398 3620 1503 3673 ὑπὸ
1541 3622 1640 3693 τῆς
1689 3623 1826 3695 πρὸς
1856 3626 1946 3679 τὸν
1980 3630 2071 3683 κό-

495 3708 634 3765 σμον
676 3700 916 3773 ἀγάπης,
953 3705 1045 3757 καὶ
1070 3705 1136 3760 τά
1168 3708 1280 3779 (88)
1311 3711 1368 3763 ὲν
1414 3710 1494 3781 τῷ
1522 3711 1711 3784 κόσμῳ
1734 3731 1747 3744 ο
1795 3716 2075 3787 ἀμήχανον

496 3786 603 3881 γάρ
632 3793 997 3865 συνυπάρχειν
1046 3798 1143 3870 τὴν
1174 3800 1310 3871 πρὸς
1351 3801 1443 3855 τὸν
1493 3803 1697 3875 κόσμον
1740 3786 1959 3881 ἀγάπην
2009 3814 2073 3881 τῇ

678 3882 769 3937 τὸν
818 3884 951 3941 Θεὸν
981 3889 1198 3963 ἀγάπῃ·
1253 3893 1331 3956 ὠς
1378 3895 1657 3965 ἀμήχανον
1712 3880 2073 3974 συνυπάρχειν

496 3969 744 4063 ἀλλήλοις
775 3974 889 4045 φῶς
912 3978 1007 4031 καὶ
1035 3981 1242 4047 σκότος,
1278 3983 1310 4055 ἢ
1342 3983 1576 4055 Χριστὸν
1617 3987 1711 4040 καὶ
1740 3988 1831 4059 τὸν
1858 3969 2072 4063 Βελίαρ,

494 4060 526 4132 ἢ
553 4063 646 4116 τὸν
670 4066 797 4119 νἀδν
842 4064 981 4122 εἶναι
1009 4072 1103 4127 τοῦ
1148 4074 1283 4127 Θεοῦ
1317 4076 1456 4147 μετὰ
1493 4080 1585 4131 τοῦ
1619 4081 1749 4134 ναοῦ
1787 4060 2077 4154 τυγχάνον-

493 4167 584 4247 τος
618 4152 728 4227 (89)
762 4158 1011 4215 εἰδώλων.
1062 4164 1148 4228 Ὠς
1180 4165 1445 4238 διαφορᾶς
1488 4169 1735 4240 μέντοιγε
1764 4152 1933 4247 οὔσης
1970 4176 2075 4231 τῶν

496 4243 645 4299 κάτω
669 4249 806 4319 πρὸς
828 4251 1050 4324 ἄλληλα,
1084 4255 1296 4326 λέγεται
1319 4259 1691 4331 ὑπερθετικῶς
1711 4265 1772 4317 τό
1791 4282 1806 4296 ο
1846 4287 1864 4318 ι
1888 4243 2078 4321 λΈοεν-

493 4336 555 4387 τό
588 4354 655 4407 με
685 4339 745 4392 ὲν
785 4340 973 4415 λάκκῳ
1017 4348 1316 4420 κατωτάτω
1338 4367 1352 4381 ’
1386 4370 1405 4403 ι
1445 4353 1538 4405 καὶ
1568 4354 1630 4407 τό
1655 4372 1667 4384 ·
1709 4375 1727 4407 ι
1750 4356 1844 4421 Εἰς
1875 4359 1943 4413 τὰ
1975 4378 2075 4414 κα-

492 4427 708 4483 τώτατα
736 4432 837 4502 τῆς
879 4435 984 4505 γῆς
1017 4439 1045 4490 6
1089 4440 1355 4505 καταϐάς,
1390 4434 1546 4506 οὗτός
1577 4445 1726 4499 ἐστιν
1764 4448 1858 4501 καὶ
1879 4450 1908 4501 6
1937 4450 2069 4504 ἀνα-

2189 610 2312 651 esse
2342 613 2356 650 :
2389 595 2480 648 alii
2512 593 2674 648 etiam
2701 593 2846 657 licet,
2871 606 2938 647 ex
2974 593 3074 646 hoc
3091 590 3291 646 saeculo
3319 606 3442 645 eum
3466 593 3560 657 sit,
3588 591 3707 647 ﬂeri
3736 608 3769 648 e

2190 687 2351 751 caalo,
2387 686 2607 739 dicente
2635 683 2915 750 discipulis
2946 682 3237 737 Servatore
3261 682 3348 736 “z
3388 698 3407 731 ι
3442 679 3520 734 Ex
3566 682 3767 735 mundo

2189 776 2379 841 eratis,
2412 785 2467 828 et
2514 788 2617 843 ego
2651 788 2747 827 vos
2773 787 2805 827 e
2846 771 3049 825 mundo
3082 770 3244 839 elegi,
3278 784 3378 824 nec
3407 769 3645 837 amplius
3696 784 3768 823 ex

2190 869 2395 923 mundo
2418 866 2551 921 estis
2579 879 2594 917 :
2634 884 2652 916 ι
2687 861 3121 934 quandoquidem
3150 860 3295 915 enim
3323 861 3476 916 venit
3501 857 3766 914 Servator

2189 973 2436 1030 quaerere
2481 967 2540 1013 et
2585 970 2812 1013 servare
2863 952 3006 1025 quod
3058 954 3294 1020 perierat
3341 951 3409 1017 “,
3465 951 3617 1005 venit
3670 966 3766 1006 eos

2193 1051 2559 1106 translaturus
2583 1049 2649 1103 ad
2675 1062 2929 1117 superna,
2959 1045 3050 1115 qui
3076 1044 3289 1099 inferne
3315 1055 3493 1109 erant,
3518 1052 3575 1099 et
3600 1044 3766 1098 ascri-

2186 1147 2265 1216 pti
2305 1145 2453 1199 cives
2502 1145 2649 1197 inter
2672 1157 2766 1197 eos
2811 1141 2903 1212 qui
2953 1138 3167 1193 inferne
3196 1148 3374 1194 erant.
3402 1138 3615 1195 Etenim
3650 1139 3768 1207 ipse

2188 1247 2288 1301 est,
2339 1236 2431 1305 qui
2473 1235 2755 1290 descendit
2809 1233 2861 1286 in
2919 1230 3209 1285 inferiores
3263 1241 3448 1300 partes
3499 1240 3660 1286 terrae
3688 1229 3756 1294 ⁸³,

2189 1337 2411 1395 propter
2458 1340 2554 1379 eos
2600 1326 2691 1394 qui
2740 1335 2901 1379 erant
2949 1323 3002 1377 in
3052 1322 3256 1378 infimis
3300 1324 3549 1393 partibus
3581 1333 3763 1377 terrm.

2190 1418 2330 1483 Quin
2359 1419 2523 1473 etiam
2565 1420 2815 1473 ascendit
2858 1432 3019 1487 super
3052 1432 3242 1473 omnes
3295 1417 3461 1471 caelos
3515 1417 3579 1479 θ’,
3621 1416 3764 1470 viam

2190 1525 2506 1578 praeparans
2554 1510 2884 1576 volentibus,
2933 1521 3097 1582 atque
3147 1510 3310 1564 etiam
3346 1510 3430 1564 his
3474 1509 3566 1578 qui
3597 1509 3767 1579 ipsius

2188 1600 2439 1669 discipuli
2470 1600 2682 1654 sincere
2714 1600 2937 1666 fuerint,
2972 1601 3035 1655 ad
3064 1617 3127 1656 ea
3159 1616 3280 1670 qua:
3300 1610 3428 1655 sunt
3454 1614 3617 1668 supra
3649 1614 3767 1653 om-

2189 1705 2286 1745 nes
2335 1691 2523 1754 caelus,
2559 1693 2662 1746 hoc
2694 1701 2776 1745 est
2805 1692 2871 1745 ad
2927 1708 2989 1748 ea
3021 1708 3140 1762 quae
3167 1703 3291 1746 sunt
3320 1703 3477 1746 extra
3507 1705 3763 1760 corpora.

2188 1780 2343 1847 Quod
2378 1782 2422 1837 si
2451 1783 2606 1851 cupis
2634 1800 2663 1836 a
2693 1783 2980 1852 Scriptura
3016 1784 3226 1839 discere
3251 1783 3374 1852 quis
3399 1786 3472 1839 sit
3493 1799 3561 1838 ex
3590 1784 3767 1838 inl‘er-

2187 1876 2296 1939 nis,
2357 1875 2596 1944 itemque
2626 1876 2750 1943 quis
2778 1877 2849 1931 sit
2898 1890 2929 1931 e
2974 1876 3251 1946 supernis,
3287 1876 3415 1930 audi
3451 1894 3465 1929 :
3496 1876 3764 1943 Quoniam

2187 1968 2275 2020 ubi
2330 1966 2495 2023 fuerit
2547 1967 2981 2038 uniuscujusque
3033 1967 3345 2032 thesaurus,
3396 1968 3507 2024 illic
3555 1968 3664 2024 erit
3704 1977 3761 2023 et

2187 2074 2282 2113 cor
2313 2058 2389 2123 “;
2442 2060 2487 2114 si
2518 2062 2641 2131 quis
2669 2062 2956 2115 thesauros
2987 2059 3357 2115 recondiderit
3386 2060 3440 2114 in
3475 2069 3647 2126 terra,
3693 2074 3765 2115 ex

2188 2152 2305 2219 ipso
2356 2153 2498 2220 quod
2555 2152 2807 2206 recondit
2835 2151 3124 2206 thesauros
3154 2152 3206 2204 in
3239 2161 3407 2214 terra,
3435 2166 3501 2206 ex
3535 2151 3764 2207 infernis

2183 2241 2453 2306 efficitur;
2489 2243 2573 2296 sin
2603 2256 2732 2296 vero
2763 2244 3054 2297 thesauros
3102 2243 3472 2297 recondiderit
3506 2243 3559 2297 in
3587 2242 3763 2307 caelis,

2184 2333 2431 2387 nascitur
2472 2348 2503 2386 e
2537 2332 2791 2401 supernis
2820 2372 2835 2396 ,
2868 2340 2923 2385 et
2964 2330 3191 2384 assumit
3233 2330 3535 2401 imaginem
3568 2346 3764 2402 super-

2184 2425 2428 2480 cmlestis
2451 2425 2496 2456 "
2529 2442 2542 2479 :
2579 2437 2746 2494 atque
2775 2424 2939 2478 etiam
2990 2422 3131 2477 alius
3158 2422 3321 2495 3M
3352 2440 3476 2479 cum
3506 2435 3753 2494 penetra-

2184 2516 2258 2570 rit
2298 2531 2487 2570 omnes
2532 2516 2702 2570 caelos
2733 2515 2801 2582 °°,
2829 2516 2882 2569 in
2912 2515 3017 2569 fine
3063 2516 3371 2571 invenietur
3422 2517 3764 2574 beatissimo.

2183 2607 2305 2661 Sint
2333 2618 2514 2662 autem
2549 2608 2833 2675 utriusque
2861 2622 3054 2677 opera,
3080 2608 3262 2677 qualia
3286 2610 3398 2664 dixi
3433 2627 3451 2665 :
3484 2612 3554 2665 ita
3592 2623 3651 2666 ut
3682 2614 3767 2668 di-

2182 2714 2375 2753 camus
2398 2714 2560 2769 opera
2601 2699 2786 2753 carnis
2815 2698 2997 2753 facere
3027 2715 3151 2753 eum
3181 2702 3271 2769 qui
3295 2718 3360 2757 ex
3390 2702 3622 2759 infernis
3640 2714 3761 2771 est;

2184 2791 2417 2845 fructum
2450 2805 2579 2844 vero
2599 2790 2827 2859 spiritus
2844 2790 3026 2845 facere
3052 2805 3174 2845 eum
3196 2795 3286 2863 qui
3316 2804 3446 2850 este
3471 2776 3762 2866 supernis;

2182 2893 2348 2951 atque
2386 2896 2581 2935 rursus
2637 2896 2884 2936 amorem
2931 2896 3059 2951 erga
3097 2882 3243 2939 hunc
3291 2888 3549 2941 mundum
3581 2885 3765 2942 facere

2180 2974 2457 3028 hominem
2510 2990 2577 3029 ex
2620 2976 2725 3028 hoc
2777 2975 2980 3029 mundo
3028 2978 3385 3032 exsistentem
3415 2996 3430 3036 :
3463 2979 3761 3047 quoniam,

2180 3069 2474 3122 secundum
2508 3066 2794 3130 Joannem,
2844 3069 2938 3137 qui
2984 3072 3153 3126 habet
3195 3085 3437 3127 amorem
3481 3070 3620 3136 Dei,
3670 3070 3764 3127 ille

2181 3175 2287 3215 non
2315 3169 2397 3214 est
2427 3174 2496 3214 ex
2530 3160 2632 3214 hoc
2660 3160 2892 3228 mundo;
2929 3164 3021 3232 qui
3054 3173 3234 3218 autem
3258 3179 3364 3219 non
3396 3163 3575 3235 diligit
3605 3179 3762 3219 mun-

2178 3255 2332 3319 dum,
2367 3268 2467 3307 nec
2497 3268 2561 3307 ea
2600 3253 2818 3321 quidem
2845 3268 2966 3323 qua:
3009 3256 3067 3325 in
3097 3257 3301 3311 mundo
3324 3269 3452 3311 sunt
3483 3257 3658 3328 diligit
3687 3257 3756 3322 ",

2178 3345 2273 3398 sed
2299 3343 2472 3398 dicit:
2514 3361 2532 3393 ι
2572 3343 2700 3397 Mihi
2730 3344 2875 3398 absit
2906 3344 3151 3413 gloriari,
3186 3346 3287 3403 nisi
3335 3348 3388 3401 in
3439 3362 3603 3402 cruce
3655 3347 3761 3403 Do-

2177 3434 2310 3489 mini
2369 3433 2473 3489 mei
2523 3432 2651 3488 Jesu
2701 3431 2926 3498 Christi,
2975 3449 3072 3503 per
3124 3450 3285 3503 quem
3330 3434 3461 3489 mihi
3522 3435 3757 3489 mundus

2178 3527 2481 3582 cruciﬁxus
2503 3535 2609 3589 est,
2649 3533 2705 3578 et
2738 3537 2839 3590 ego
2878 3526 3083 3580 mundo
3116 3526 3184 3588 ⁸⁸,
3225 3545 3244 3577 ι
3280 3536 3335 3578 et
3358 3527 3504 3594 capit
3530 3525 3758 3594 diligere

2181 3622 2467 3677 Dominum
2498 3621 2665 3675 Deum
2690 3634 2847 3674 suum
2878 3633 2943 3672 ex
2978 3628 3091 3672 toto
3114 3619 3279 3673 corde
3303 3634 3423 3680 suo,
3464 3628 3517 3672 et
3544 3632 3610 3672 ex
3645 3625 3755 3670 tota

2179 3713 2361 3767 anima
2395 3727 2515 3779 sua,
2558 3720 2613 3766 et
2647 3726 2715 3765 cx
2764 3721 2876 3765 tota
2910 3720 3089 3763 tuente
3135 3726 3231 3764 sua
3266 3710 3333 3776 θ’,
3365 3725 3430 3765 eo
3460 3709 3599 3779 quod
3649 3725 3758 3763 non
3806 3706 3810 3713 ’

2178 3813 2462 3875 prematur
2501 3802 2626 3858 talis
2658 3817 2815 3857 amor
2863 3803 2932 3857 ab
2963 3817 3151 3857 amore
3204 3802 3412 3868 mundi,
3463 3811 3518 3855 et
3566 3815 3758 3856 eorum

2180 3908 2301 3963 qua:
2345 3905 2475 3948 sunt
2506 3893 2561 3948 in
2613 3893 2837 3948 mundo.
2892 3891 3037 3947 Fieri
3085 3893 3229 3946 enim
3277 3893 3464 3961 nequit
3492 3902 3553 3945 ut
3596 3891 3762 3947 simul

2178 3985 2408 4040 exsistat
2439 4001 2594 4041 amor
2622 4003 2750 4054 erga
2774 3970 3043 4041 mundum
3063 4000 3184 4039 cum
3209 4000 3394 4039 amore
3416 4000 3543 4054 erga
3564 3983 3756 4047 Deum,

2178 4079 2634 4147 quemadmodum
2672 4080 2791 4136 fieri
2840 4080 3036 4149 nequit
3075 4089 3133 4131 ut
3172 4077 3331 4133 sin'ml
3367 4078 3636 4134 exsistant
3667 4076 3764 4130 lux

2178 4182 2233 4224 et
2267 4171 2523 4233 tenebrae,
2554 4171 2806 4227 Christus
2832 4181 2885 4226 et
2915 4170 3095 4245 Beliar
3121 4185 3135 4228 :
3162 4171 3291 4226 item
3323 4171 3440 4225 ﬁeri
3482 4169 3673 4242 nequit
3702 4177 3761 4222 ut

2180 4261 2323 4315 idem
2370 4264 2628 4332 templum
2658 4265 2729 4320 sit
2762 4264 3018 4334 templum
3053 4264 3173 4330 Dei,
3207 4275 3263 4317 et
3296 4262 3551 4333 templum
3578 4263 3755 4317 idolo-

2181 4370 2300 4407 rum
2339 4356 2402 4412 ⁷ο.
2439 4354 2558 4410 Jam
2584 4358 2739 4425 quasi
2770 4357 3027 4414 differant
3050 4359 3191 4413 inter
3207 4371 3266 4410 se
3300 4355 3415 4410 loca
3444 4371 3564 4424 qua:
3592 4354 3759 4409 infer-

2180 4460 2249 4499 ne
2281 4455 2457 4512 sunt,
2496 4447 2823 4518 superlative
2855 4451 3101 4506 dicitur:
3138 4467 3158 4501 ι
3216 4446 3525 4502 Posuernnt
3573 4461 3660 4501 me
3703 4447 3758 4499 in

493 4517 614 4583 ϐάς.
652 4539 673 4573 ι
729 4523 931 4597 Διόπερ
958 4527 1189 4583 ἐνώπιον
1217 4532 1311 4584 τοῦ
1339 4533 1575 4606 Χριστοῦ
1627 4554 1647 4587 ι
1677 4540 2075 4609 προπεσοῦνται

2183 4535 2301 4593 lacu
2331 4538 2521 4592 infimo
2547 4538 2615 4604 τί,
2675 4558 2694 4591 ι
2729 4551 2784 4595 et
2817 4542 2945 4597 illud
2975 4561 2989 4597 :
3022 4562 3040 4594 ι
3093 4540 3198 4611 Ωιιιί
3228 4539 3507 4594 descendit
3534 4538 3603 4592 ad
3635 4537 3760 4590 inll-

497 4611 595 4681 μὲν
628 4614 826 4704 πάντες
857 4620 905 4671 οἱ
936 4622 1351 4688 καταϐαίνοντες
1374 4645 1393 4676 ›
1437 4627 1517 4688 είς
1556 4627 1622 4681 τά
1661 4629 1944 4704 κατώτερα
1979 4635 2073 4704 μὲ-

494 4718 562 4774 ρη
593 4702 696 4774 τῆς
723 4706 848 4776 γῆς,
882 4710 963 4772 εἰς
998 4710 1124 4781 ᾅδου
1149 4728 1162 4742 °
1215 4714 1337 4767 ἐπεὶ
1364 4714 1562 4785 ἀληθὲς
1591 4718 1655 4771 τό
1674 4735 1687 4748 ⁸
1741 4739 1759 4770 ι
1784 4702 1897 4773 Οὐκ
1925 4702 2071 4777 ἔστιν

493 4794 552 4845 ὲν
578 4796 657 4867 τῷ
684 4797 898 4871 θανάτῳ
928 4804 957 4854 6
993 4805 1346 4874 μνημονεύων
1380 4825 1471 4860 σου
1501 4822 1515 4837 ⁶
1562 4811 1619 4861 ὲν
1666 4810 1724 4864 δὲ
1752 4812 1828 4881 τῷ
1859 4813 1960 4885 ᾄδῃ
1988 4816 2071 4879 τίς

491 4885 940 4962 ὲξομολογήσεταί
987 4910 1098 4960 σοι;
1126 4914 1145 4946 ι
1216 4897 1341 4950 Ἐάν
1390 4898 1446 4951 δέ
1493 4916 1576 4962 τις
1623 4900 1972 4975 ἀνθυποφέρῃ
2008 4906 2068 4959 τὸ

492 4977 838 5034 καταϐαίνειν
885 4983 1044 5037 αὑτὸν
1070 4986 1151 5048 είς
1178 4985 1245 5039 τὰ
1275 4987 1559 5060 κατώτερα
1597 4990 1697 5061 τῆς
1723 4994 1847 5063 γῆς,
1879 4996 2070 5066 ἐπιτη-

494 5068 700 5139 ρήσεις,
737 5072 820 5126 ὄτι
869 5076 964 5128 ἐπὶ
1000 5076 1111 5130 τῶν
1140 5080 1575 5134 καταϐαινόντων
1607 5086 1686 5146 εἰς
1721 5084 1827 5154 γῆν
1857 5087 2068 5157 εἴρηται

490 5160 579 5213 τόο
610 5167 1083 5231 προπεσοῦνται·
1117 5172 1525 5227 ὑποπιπτόντων
1564 5175 1673 5247 γὰρ
1708 5176 1786 5248 τῷ
1826 5180 2066 5253 Χριστῷ,

565 5324 612 5356 ⁸⁸
645 5323 806 5379 Joan.
843 5341 931 5388 xv.
963 5328 1047 5384 l9.

1153 5330 1196 5361 ⁶¹
1228 5330 1360 5387 Luc.
1389 5348 1501 5396 x13,
1538 5335 1623 5387 l0.

491 5392 539 5426 ⁸⁸
569 5392 736 5449 Hebr.
767 5410 839 5455 tv.
878 5397 965 5450 H.

1062 5399 1106 5475 ξ’
1142 5398 1357 5475 l_.lo_:m.
1402 5419 1460 5466 ιι,
1502 5406 1570 5458 15
1611 5421 1728 5475 seq.

2179 4645 2299 4685 mas
2325 4641 2511 4701 partes
2543 4642 2726 4697 terrm,
2762 4633 2850 4688 hic
2899 4643 2984 4689 est
3013 4634 3177 4689 etiam
3205 4632 3296 4703 qui
3339 4629 3585 4686 ascendit
3611 4628 3698 4695 7’;
3731 4646 3751 4677 ι

2180 4723 2442 4791 quocirca
2476 4738 2662 4777 coram
2697 4724 2917 4779 Christo
2950 4744 2968 4777 ι
3004 4725 3289 4795 procident
3315 4735 3504 4775 onmes
3533 4719 3759 4775 descen-

2179 4816 2368 4870 dentes
2394 4815 2441 4845 ⁷³
2476 4833 2496 4866 ι
2536 4816 2602 4868 ad
2651 4814 2940 4872 inferiores
2970 4826 3155 4887 partes
3211 4827 3369 4869 terra:
3396 4854 3410 4877 ,
3441 4828 3635 4882 nempe
3699 4812 3755 4865 in

2180 4905 2472 4971 infernum,
2520 4909 2780 4974 quoniam
2830 4924 3017 4962 verum
3051 4918 3134 4962 est
3178 4906 3349 4961 illud:
3381 4924 3401 4955 ε
3444 4904 3560 4960 Non
3587 4913 3670 4958 est
3698 4904 3752 4957 in

2180 5007 2353 5052 morte
2378 5000 2474 5068 qui
2510 5016 2718 5054 memor
2748 5002 2821 5055 sit
2871 5004 2984 5070 tui;
3036 5003 3092 5056 in
3146 5000 3359 5055 inferno
3402 5009 3582 5054 autem
3631 4999 3753 5067 quis

2178 5090 2534 5145 confitebitur
2563 5093 2659 5147 tibi
2691 5092 2779 5146 7‘?
2816 5112 2834 5145 ι
2867 5093 3019 5160 Quod
3068 5095 3111 5148 si
3146 5103 3334 5148 contra
3377 5092 3500 5161 quis
3532 5091 3757 5160 obiiciat

2178 5183 2355 5252 ipsum
2399 5184 2566 5239 etiam
2606 5185 2940 5240 descendere
2971 5187 3038 5239 ad
3085 5185 3375 5240 inferiores
3409 5193 3599 5255 partes
3639 5193 3754 5237 ter-

1733 5336 1779 5369 “
1809 5338 2007 5411 Ephes.
2044 5358 2081 5395 ιι

2183 5353 2207 5397 ’.
2286 5344 2331 5375 ⁸³
2376 5342 2508 5398 ibid.
2544 5344 2632 5398 10.
2711 5344 2757 5377 ⁸⁸
2782 5343 2970 5399 Matth.
2996 5362 3072 5411 v1,
3096 5345 3185 5399 2-1.
3260 5346 3306 5378 ⁸⁸
3336 5345 3504 5401 lCor.
3539 5360 3627 5409 xv,
3658 5345 3748 5401 49.

1814 5409 2077 5480 “HCalat.
2118 5428 2195 5476 vt,
2238 5414 2326 5467 14.
2420 5413 2465 5444 ⁶⁹
2499 5414 2688 5469 Matth.
2731 5431 2867 5480 χχιι,
2908 5416 2996 5470 37.

3108 5417 3153 5447 ⁷⁸
3191 5415 3233 5471 ll
3273 5414 3402 5471 Cor.
3425 5432 3498 5483 vt,
3560 5414 3751 5472 14-16.

490 5459 538 5496 ’ί
573 5463 718 5519 Psal.
757 5480 998 5532 Lxxxvn,
1041 5468 1097 5522 7.
1184 5459 1458 5540 "Ephcs.
1490 5489 1562 5537 Iv,
1588 5459 1759 5541 9,7110.
1851 5478 1896 5510 ⁷³
1912 5459 2076 5536 Esi.

2183 5459 2226 5548 ἃ,
2244 5459 2352 5538 '3'6.
2430 5483 2478 5514 τι
2499 5459 2857 5549 ’ῑῑέζῑΪνῖῖὶξὶ

562 5599 677 5683 (8.5)
693 5601 765 5684 '10
786 5601 1013 5684 gratio.
1058 5601 1221 5657 Deest
1254 5618 1307 5657 ιιι
1338 5606 1527 5660 codice
1567 5607 1763 5678 Regio,
1795 5612 1889 5666 sed
1942 5613 2067 5684 legi-

497 5669 584 5723 tur
609 5673 666 5726 in
693 5669 1012 5725 Bodleiano.

567 5740 797 5820 (86)Sic
850 5743 1015 5820 habet
1065 5743 1234 5820 colles
1266 5741 1610 5820 Dodleianus,
1663 5749 1855 5820 melius
1899 5768 2063 5820 quam

496 5805 718 5879 Regius,
752 5811 804 5865 in
832 5826 938 5881 quo
977 5811 1175 5881 legitur
1216 5812 1446 5866 ἑκάστου
1482 5814 1617 5886 ἔργα
1636 5806 1746 5870 οἷον
1772 5805 1921 5876 εἶπαί

1440 6114 1465 6143 4

2385 5616 2562 5695 Codex
2586 5618 2929 5695 B_odleiauns,
2967 5619 3075 5695 τόν·
3109 5619 3309 5695 Regius
3327 5662 3342 5685 ,
3369 5622 3491 5695 τήν,
3515 5620 3676 5677 male.

2246 5688 2360 5757 (88)
2387 5688 2571 5742 Codex
2610 5689 2953 5755 Bodleianns,
2983 5690 3077 5742 καὶ
3102 5688 3231 5744 τῶν.

2230 5759 2357 5839 ,(89)
2384 5758 2566 5815 Codex
2604 5759 2949 5825 Bodleiauus,
2981 5761 3355 5832 τυγχάνοντος
3393 5761 3591 5833 Regius
3617 5777 3747 5829 τυγ-

2180 5844 2382 5893 χανειν.
