4196 6400
475 327 576 381 567

1953 333 2274 391 ORIGENIS

3616 333 3722 389 5C8

471 461 565 505 ra',
617 446 935 502 observabis
965 448 1170 504 dictum
1218 465 1340 505 esse
1381 453 1448 506 de
1481 451 1942 510 descendentibus
1987 455 2039 508 in

2146 454 2242 508 καὶ
2267 454 2395 523 γόνυ
2427 453 2539 523 (90)
2571 454 2935 524 καμπτόντων
2969 455 3026 506 ὲν
3053 452 3131 524 τῷ
3149 453 3373 524 ὀνόματι
3415 447 3612 524 Ἰησοῦ,
3645 469 3728 508 τι·

472 555 680 597 terram
715 545 962 610 verbum,
988 545 1262 606 procidant
1294 563 1313 600 :
1337 561 1569 616 namque
1599 562 1665 601 ex
1711 547 1795 602 his
1827 549 1918 616 qui
1949 562 2044 602 co-

471 651 589 689 ram
636 635 861 691 Christo
891 637 1116 706 cadunt,
1169 639 1370 710 quique
1403 655 1541 709 genu
1595 639 1822 695 ﬂectunt
1862 641 1916 694 in
1946 655 2046 696 no-

470 726 617 782 mine
643 723 794 792 Jesu,
832 729 1052 800 quidam
1085 739 1268 794 antea,
1300 731 1518 800 quidam
1575 741 1698 802 post
1742 747 1927 787 coram
1976 745 2044 786 eo

469 819 662 872 cadent
697 836 709 883 ;
749 829 804 872 et
845 819 1096 876 fortassis
1129 822 1221 891 qui
1276 831 1402 876 sunt
1443 837 1609 890 super
1642 831 1864 887 terram,
1917 833 2044 878 ante

467 909 688 974 cadent,
713 920 763 964 et
804 919 930 966 ante
972 910 1108 966 alios
1137 912 1538 980 subjicientur;
1572 913 1837 967 malorum
1892 929 2041 968 nam-

466 1015 572 1070 que
601 1011 684 1055 est
720 1002 909 1057 ultimo
930 1002 1159 1070 subjici;
1183 1019 1346 1074 quam
1380 1005 1450 1058 ob
1473 1019 1691 1059 causam
1726 1022 1746 1056 ι
1771 1003 1992 1060 ultimus
2016 1023 2036 1057 ι

465 1095 628 1148 etiam
667 1113 686 1146 ι
719 1095 972 1150 inimicus
999 1095 1305 1151 abolebitur
1333 1112 1478 1152 mors
1499 1097 1566 1150 ⁷⁸.
1614 1116 1633 1149 ι
1665 1096 1861 1152 Postea
1891 1112 2041 1166 qua:-

468 1201 560 1240 res
588 1202 714 1240 num
741 1187 1198 1256 quemadmodum
1230 1187 1473 1242 locorum
1499 1205 1622 1259 qua:
1649 1199 1776 1244 sunt
1805 1189 2038 1254 inferne,

467 1293 535 1333 eo
563 1278 707 1348 quod
759 1278 972 1333 dicatur
1019 1282 1148 1350 quid
1206 1279 1473 1344 infimum,
1530 1279 1606 1332 ita
1650 1279 1814 1333 etiam
1849 1293 2040 1332 eorum

465 1384 590 1438 quae
618 1379 745 1425 sunt
793 1386 1028 1460 superne
1059 1413 1072 1437 ,
1125 1371 1205 1460 sit
1231 1369 1536 1426 dill'erentia
1571 1389 1585 1426 :
1625 1371 1785 1440 idque
1814 1385 2042 1439 praeser-

467 1461 592 1526 tim,
627 1460 886 1530 quoniam
923 1461 1070 1530 regni
1111 1459 1371 1514 cmlorum
1415 1461 1705 1515 hzcrcditas
1740 1461 1898 1514 nobis
1945 1461 2043 1515 ob-

469 1553 648 1622 tingat
683 1568 698 1606 ;
733 1553 824 1623 qui
856 1554 980 1608 creti
1012 1569 1202 1608 omnes
1229 1555 1552 1608 hzereditate
1576 1553 1731 1609 nobis
1751 1551 2036 1622 obtingeu-

465 1653 552 1698 tes
580 1659 702 1699 cum
726 1647 838 1700 sint
861 1660 1113 1716 superne,
1155 1661 1260 1698 non
1295 1645 1576 1714 aequaliter
1599 1654 1779 1700 tamen
1811 1645 1954 1700 inter
1981 1659 2041 1700 se

465 1736 672 1792 habent
698 1738 828 1793 illud
851 1754 1102 1809 superne.
1128 1739 1267 1805 Quin
1315 1739 1484 1793 etiam
1520 1737 1564 1793 si
1589 1740 1787 1792 anima:
1820 1747 2040 1806 propter

464 1829 730 1886 malitiam
763 1843 818 1886 et
844 1847 1009 1900 prava
1032 1830 1194 1903 305
1217 1833 1492 1901 dogmata,
1515 1830 1908 1900 intelligibilem
1942 1843 2038 1884 no-

466 1921 676 1976 taveris
705 1923 1054 1986 descensum,
1102 1935 1158 1976 et
1211 1921 1605 1994 intelligibilem
1649 1921 1816 1990 ipsius
1849 1935 2042 1974 ascen-

463 2027 618 2075 sum,
670 2028 775 2068 non
828 2027 1053 2080 parvam
1110 2013 1356 2069 invenies
1409 2011 1826 2067 differentiam:
1879 2011 2042 2064 latius

465 2103 610 2155 enim
646 2104 1024 2158 considerabis
1069 2103 1483 2176 infelligibiliter
1516 2104 1926 2158 descendentes.
1955 2103 2044 2157 Si-

464 2193 577 2248 mul
605 2195 769 2248 etiam
813 2196 936 2250 vide
968 2212 1032 2250 an
1077 2211 1182 2250 non
1231 2197 1514 2251 sacratiori
1549 2196 1708 2250 modo
1735 2206 1788 2249 et
1820 2210 1926 2249 non
1965 2196 2043 2250 lo-

464 2285 658 2341 caliter
683 2287 956 2358 intelligas
981 2291 1046 2342 de
1077 2289 1254 2342 anima
1286 2287 1413 2344 Jesu
1445 2288 1576 2342 illud
1609 2305 1625 2342 :
1668 2308 1686 2340 ι
1717 2288 1816 2356 Qui
1846 2304 2040 2344 ascen-

464 2375 546 2430 dit
601 2390 766 2446 super
804 2392 996 2433 omnes
1037 2379 1205 2434 caelos
1257 2379 1304 2411 "
1351 2397 1366 2433 :
1428 2399 1448 2432 ι
1514 2396 1636 2433 nam
1691 2379 2041 2449 intelligibilis

467 2481 748 2522 ascensus
786 2468 934 2523 illius
980 2471 1178 2524 anima:
1231 2470 1370 2524 ultra
1425 2471 1586 2524 etiam
1637 2485 1828 2526 omnes
1873 2471 2040 2526 ctelos

466 2560 748 2623 transiliit,
776 2557 1020 2628 jamque,
1055 2570 1112 2612 ut
1151 2563 1222 2613 ita
1251 2561 1458 2624 dicam,
1485 2563 1551 2614 ad
1587 2562 1759 2630 ipsum
1795 2562 2043 2630 pervenit

463 2650 655 2706 Deum.
683 2651 1064 2705 Verumtamen
1111 2661 1306 2720 praeter
1333 2653 1476 2706 lumc
1511 2653 1782 2708 visibilem
1811 2663 1867 2709 et
1915 2669 2040 2708 seu-

464 2743 679 2797 sibilem
727 2744 1007 2807 mundum,
1050 2754 1388 2799 constantem
1438 2760 1468 2798 e
1503 2746 1644 2800 caelo
1673 2755 1728 2800 et
1764 2755 1929 2811 terra,
1953 2746 2040 2801 vel

466 2851 498 2890 e
552 2834 710 2891 curiis
744 2843 800 2889 et
847 2844 1012 2900 terra,
1047 2845 1131 2890 est
1157 2836 1328 2890 etiam
1385 2836 1530 2889 alius
1557 2838 1776 2906 quidam
1807 2839 2040 2892 mundus

465 2929 654 2996 inquo
705 2936 834 2982 sunt
857 2941 978 2997 quae
1013 2943 1120 2981 non
1183 2927 1432 2983 videntur
1461 2947 1475 2982 :
1511 2938 1566 2982 et
1593 2930 1697 2984 hoc
1731 2939 1899 2983 totum
1957 2939 2041 2982 est

464 3019 698 3072 mundus
747 3019 1180 3086 inaspectabilis,
1249 3018 1482 3072 mundus
1515 3019 1607 3090 qui
1662 3036 1766 3074 non
1803 3020 2035 3084 videtur,

463 3110 702 3163 mundus
738 3111 1091 3182 intelligihilis
1130 3129 1142 3164 :
1178 3109 1342 3180 cujus
1375 3113 1584 3166 visione
1633 3121 1688 3165 et
1733 3111 2034 3182 pulchritu-

2147 544 2362 616 νὲςμὲν
2406 544 2668 615 πρότερον
2699 544 2836 614 (91),
2871 543 3014 608 τινὲς
3059 544 3116 598 δὲ
3143 544 3366 615 ὕστερον
3394 544 3730 614 προπεσοῦν-

2145 655 2234 691 ται
2268 635 2416 706 αὐτῷ
2441 654 2455 667 ·
2508 636 2604 690 καὶ
2650 635 2790 706 τάχα
2823 637 2871 689 οὶ
2899 636 2992 688 ἐπὶ
3037 635 3143 705 γῆς
3168 635 3582 707 προπεσοῦνται,
3631 635 3727 700 καὶ

2145 728 2252 801 πρὸ
2278 730 2480 801 ἑτέρων
2515 727 2982 799 ὑποταχθήσονται
3008 726 3118 798 (92)
3140 743 3154 757 ·
3211 726 3471 798 χειρόνων
3515 726 3623 798 γὰρ
3665 726 3727 780 τὸ

2145 819 2368 892 ὕστερον
2396 817 2907 882 ὑποτάσσεσθαι,διὺ
2939 819 3033 874 καὶ
3070 837 3088 870 ι
3125 817 3350 889 ἔσχατος
3374 818 3566 891 ἐχθρὸς
3589 835 3723 872 κατ-

2142 915 2390 985 αργεῖται
2419 914 2448 964 ὁ
2473 911 2718 975 θάνατος.
2750 931 2768 962 ι
2808 909 2965 964 Μετὰ
3014 909 3190 965 ταῦτα
3220 909 3474 982 ζητήσεις
3513 911 3582 974 εἰ,
3613 909 3722 963 ὦσ-

2144 1027 2252 1082 περ
2286 1009 2404 1062 ἐστὶ
2435 1007 2542 1061 τῶν
2583 1008 2734 1062 κάτω
2771 1006 3007 1079 διαφορά
3045 1007 3133 1060 διὰ
3160 1006 3220 1061 τὸ
3253 1007 3506 1076 λέγεσθαί
3541 1024 3592 1060 τι
3626 1024 3728 1060 κα-

2142 1103 2387 1162 τωτάτω,
2417 1099 2590 1164 οὑτως
2621 1101 2715 1154 καὶ
2744 1100 2852 1154 τῶν
2885 1100 2996 1154 ἄνω
3023 1099 3303 1173 διαφοραί·
3345 1099 3577 1170 μάλιστα
3601 1100 3724 1153 ἐπεὶ

2143 1187 2476 1260 κληρονομία
2504 1189 2622 1240 ἐστὶ
2642 1187 2915 1258 βασιλείας
2932 1189 3042 1259 (95)
3067 1187 3332 1262 οὑρανῶν·
3353 1190 3570 1243 πάντων
3592 1190 3724 1261 κλη-

2145 1281 2560 1353 ρονομουμένων
2589 1281 2836 1353 οὐρανῶν
2881 1281 3049 1334 ὄντων
3080 1281 3212 1346 ἄνω,
3261 1281 3372 1334 ἀλλ’
3401 1282 3500 1352 οὑχ
3525 1282 3724 1356 ὁμοίως

2141 1376 2371 1447 ἐχόντων
2399 1374 2458 1426 τὸ
2489 1369 2622 1427 εἶναι
2656 1374 2789 1428 ἄνω.
2839 1371 3000 1426 Ἀλλὰ
3029 1373 3122 1426 καὶ
3151 1373 3244 1425 ἐπὶ
3274 1376 3371 1444 τῆς
3406 1373 3605 1443 νοητῆς
3633 1389 3725 1426 κο.-

2141 1467 2424 1527 ταῦάσεως
2443 1465 2552 1534 (94)
2572 1465 2672 1535 τῆς
2686 1465 2860 1534 ψυχῆς
2877 1464 2963 1517 διὰ
2975 1463 3070 1534 τὴν
3089 1465 3305 1528 κακίαν,
3318 1465 3407 1516 καὶ
3431 1463 3501 1516 τά
3518 1463 3722 1534 μοχθη-

2145 1558 2214 1630 ρὰ
2238 1558 2502 1627 δόγματα,
2534 1555 2628 1609 καὶ
2651 1554 2848 1627 νοητῆς
2870 1555 3182 1619 ἀναϐάσεως
3207 1555 3377 1624 αὑτῆς
3399 1555 3718 1626 ἐπιστήσας,

2141 1651 2240 1720 οὑχ
2284 1647 2472 1712 ἁπλῶς
2505 1647 2615 1717 (95)
2655 1648 2907 1718 εὑρήσεις
2951 1647 3246 1718 διαφοράν·
3293 1644 3568 1698 ὲπιπλείον
3612 1644 3726 1717 γάρ

2142 1741 2345 1812 νοητῶς
2393 1737 2832 1793 καταδαινουσῶν
2877 1739 3108 1810 νοήσεις.
3161 1739 3310 1807 ’Λμα
3344 1737 3400 1790 δὲ
3427 1737 3528 1807 ὅρα
3562 1738 3610 1789 εί
3645 1736 3720 1807 μὴ

2144 1827 2567 1902 μυστικώτερον,
2622 1828 2715 1880 καὶ
2742 1827 2803 1880 οὑ
2844 1826 3102 1890 τοπικῶς,
3154 1825 3282 1900 περὶ
3327 1825 3424 1896 τῆς
3455 1823 3564 1898 (96)
3616 1826 3722 1896 Ἰη-

2143 1922 2237 1976 σοῦ
2271 1921 2449 1993 ψυχῆς
2481 1922 2734 1982 ἁκούσεις
2765 1919 2854 1971 τό·
2910 1937 2930 1969 ι
2955 1918 3183 1986 Ἀναϐὰς
3217 1919 3470 1990 ὑπεράνω
3504 1919 3722 1971 πάντων

2140 2013 2248 2067 τῶν
2281 2012 2544 2084 οὐρανῶνο
2577 2031 2594 2062 ι
2652 2013 2685 2080 ἡ
2734 2009 2844 2080 γάρ
2888 2009 3052 2080 νοητὴ
3084 2008 3346 2072 ἀνάϐασις
3380 2007 3594 2078 ἐκείνης
3621 2008 3719 2078 τῆς

2139 2105 2318 2178 ψυχῆς
2350 2106 2776 2178 ὑπερπεπήδηκε
2802 2105 2896 2158 καὶ
2922 2105 3128 2168 πάντας
3153 2105 3276 2168 τοὺς
3299 2097 3578 2175 οὐρανοὺς,
3603 2105 3717 2169 καὶ,

2140 2199 2214 2262 ὡς
2244 2199 2389 2251 ἐστιν
2429 2200 2624 2260 εἰπεῖν,
2673 2197 2772 2268 ἤδη
2829 2195 3032 2266 ἔφθασε
3080 2195 3214 2267 πρὸς
3242 2194 3403 2249 αὑτὸν
3441 2195 3530 2249 τὸν
3565 2195 3716 2248 Θεόν.

2141 2289 2290 2360 Πλὴν
2340 2287 2454 2340 ἐστί
2483 2305 2566 2351 τις
2600 2289 2694 2340 καί
2722 2288 2906 2359 ἕτερος
2937 2285 3085 2358 παρὰ
3117 2285 3206 2338 τὸν
3246 2285 3594 2356 δεικνύμενον
3625 2286 3721 2339 καὶ

2141 2380 2398 2450 αἰσθητὸν
2431 2380 2633 2450 κόσμον
2664 2379 2756 2432 τὸν
2791 2378 3098 2432 συνεστῶτα
3130 2375 3188 2442 ἐξ
3211 2377 3440 2448 οὑρανοῦ
3468 2377 3561 2430 καὶ
3591 2376 3718 2446 γῆς,

2140 2471 2439 2544 ήοὺρανῶν
2473 2471 2566 2524 καὶ
2598 2471 2720 2541 γῆς,
2771 2469 2992 2541 κόσμος,
3028 2471 3088 2522 ὲν
3113 2463 3157 2537 ᾧ
3183 2471 3299 2522 ὲστι
3323 2469 3392 2522 τά
3419 2469 3492 2540 μὴ
3524 2469 3717 2540 βλεπό-

2145 2579 2300 2632 μενα,
2351 2563 2445 2614 καὶ
2497 2561 2617 2615 ὅλον
2649 2559 2807 2614 τοῦτο
2858 2561 3060 2630 κόσμος
3100 2560 3348 2632 ἀόρατος,
3405 2559 3609 2631 κόσμος
3655 2559 3716 2612 οὑ

2143 2653 2492 2724 βλεπόμενος,
2546 2654 2642 2706 καὶ
2689 2652 2876 2724 νοητὸς
2909 2651 3140 2724 κόσμος’
3172 2646 3232 2706 οὗ
3272 2655 3337 2724 τῇ
3369 2652 3488 2724 θέᾳ,
3514 2653 3607 2706 καὶ
3639 2651 3718 2723 τῷ

2141 2739 2328 2794 κάλλει
2356 2741 2632 2809 ὲνόψονται
2663 2742 2713 2793 οἱ
2753 2739 2983 2810 καθαροὶ
3013 2743 3079 2812 τῇ
3113 2741 3330 2812 καρδίᾳ,
3358 2759 3718 2812 προευτρεπι-

2143 2828 2361 2901 ζόμενοι
2393 2830 2482 2884 διὰ
2523 2829 2618 2883 τοῦ
2653 2831 2846 2901 ὲνορᾷν
2879 2829 3027 2900 αὑτῷ
3061 2833 3153 2884 ἐπὶ
3202 2831 3263 2884 τὸ
3293 2830 3590 2902 μετελθεῖν,
3642 2830 3718 2894 ὥς

2141 2927 2186 2980 τ’
2223 2925 2288 2980 ἂν
2321 2925 2414 2980 καὶ
2440 2924 2602 2979 αὑτὸν
2647 2925 2800 2996 ὀρᾷν,
2857 2923 2932 2987 ὡς
2963 2924 3193 2996 ὁρᾶσθαι
3228 2924 3468 2991 πέφυκεν
3507 2925 3537 2976 ό
3563 2923 3714 2988 Θεὸς,

2139 3016 2230 3068 τὸν
2259 3017 2411 3071 Θεόν.
2453 3018 2717 3088 Ζητήσεις
2741 3015 2797 3068 δὲ
2839 3017 2887 3068 εί
2920 3015 3061 3068 κατά
3081 3032 3135 3067 τι
3165 3012 3273 3066 τῶν
3304 3012 3716 3084 σημαινομένων

2141 3108 2362 3163 δύναται
2392 3110 2420 3161 ὁ
2454 3108 2804 3181 Πρωτότοκος
2851 3107 3030 3177 πάσης
3058 3106 3283 3170 κτίσεως
3327 3103 3465 3160 εἶναι
3494 3107 3716 3176 κόσμος,

462 3204 590 3256 dine
622 3202 870 3258 fruentur
903 3205 994 3272 qui
1026 3218 1162 3272 puro
1197 3212 1326 3258 sunt
1354 3204 1537 3267 corde,
1569 3218 1676 3273 quo
1700 3203 1860 3271 hujus
1880 3219 2036 3257 mun-

2144 3201 2238 3254 κα).
2268 3201 2499 3272 μάλιστα
2547 3197 2666 3253 καθ’
2693 3199 2722 3252 ὃ
2752 3198 2913 3267 σοφία
2954 3197 3102 3251 ἐστὶν
3134 3200 3166 3270 ή
3201 3196 3605 3261 πολυποίκιλος·
3639 3197 3716 3268 τῷ

459 3299 514 3352 ui
549 3298 904 3370 intelligibilis
940 3299 1145 3352 visione
1166 3308 1328 3352 antea
1361 3299 1496 3352 bene
1525 3298 1700 3366 parati
1726 3304 2031 3365 penetrant,

461 3389 546 3445 vel
589 3391 655 3443 ad
688 3391 866 3459 ipsum
898 3388 1068 3444 Deum
1098 3389 1421 3453 videndum,
1448 3398 1714 3459 quatenus
1743 3387 1912 3441 videri
1943 3404 2036 3442 na-

461 3491 578 3534 tura
621 3490 794 3552 potest
838 3482 1000 3538 Deus.
1061 3480 1283 3550 Insuper
1317 3481 1482 3536 etiam
1512 3495 1726 3552 qu:eres
1785 3495 1853 3534 an
1884 3481 2035 3550 juxta

463 3573 697 3642 aliquam
729 3573 1182 3644 signiﬁcationem
1234 3573 1406 3643 possit
1437 3571 1834 3644 Primogeuitus
1860 3575 2037 3629 omnis

458 3673 727 3717 creatum-
759 3663 802 3696 "
832 3677 952 3718 esse
975 3665 1232 3724 mundus,
1266 3670 1330 3718 et
1359 3665 1658 3732 praesertim
1689 3662 1742 3716 in
1773 3673 2035 3731 quantum

458 3767 545 3810 est
590 3755 855 3823 sapientia
913 3755 1267 3809 multiformis
1319 3753 1366 3786 "
1400 3775 1412 3811 :
1449 3771 1515 3810 eo
1555 3754 1699 3811 enim
1737 3755 1880 3824 quod
1927 3755 2038 3810 sint

462 3851 515 3902 in
547 3849 815 3918 sapientia
846 3862 1038 3902 omnes
1090 3849 1166 3902 rei
1194 3847 1571 3916 cujuscunque
1616 3849 1858 3902 rationes
1879 3847 2036 3918 juxta

459 3955 597 4010 quas
632 3939 780 3994 facta
814 3949 944 3994 sunt
990 3940 1170 3993 omnia
1219 3955 1339 4008 qua:
1366 3938 1510 3995 facta
1537 3941 1689 3995 fuere
1717 3955 1746 3992 a
1787 3939 1919 4002 Deo,
1978 3947 2036 3994 ut

460 4034 639 4102 inquit
661 4032 930 4102 Propheta
959 4051 972 4086 :
1003 4051 1020 4084 ι
1049 4033 1244 4091 Omnia
1277 4033 1330 4086 in
1381 4033 1646 4102 sapientia
1689 4031 1864 4088 fecisti
1899 4033 1968 4097 τ’,
2009 4050 2029 4084 ›

461 4128 514 4180 in
549 4129 666 4197 ipso
692 4127 856 4180 etiam
890 4128 1124 4182 mundus
1157 4126 1342 4194 fuerit,
1374 4135 1528 4181 tanto
1572 4125 1912 4194 picturatior,
1940 4139 2033 4178 or-

461 4220 639 4274 natior
687 4229 849 4290 atque
901 4221 1062 4274 etiam
1112 4219 1460 4290 praestantior
1513 4219 1714 4272 mundo
1762 4216 2033 4279 sensibili,

461 4322 666 4380 cptanto
704 4311 842 4366 ratio
884 4312 1064 4364 mundi
1102 4312 1240 4366 nuda
1269 4311 1337 4365 ab
1363 4309 1511 4365 omni
1543 4308 1768 4362 materia
1812 4315 2034 4376 prmstat

458 4402 564 4456 hoc
593 4401 795 4454 mundo
838 4401 1149 4463 materiato,
1185 4415 1292 4455 nou
1321 4411 1548 4470 propter
1573 4397 1854 4452 materiam
1875 4437 1890 4460 ,
1939 4397 2032 4450 sed

457 4493 873 4562 participatione
910 4493 1053 4546 illius
1077 4492 1273 4562 Λόγου,
1310 4491 1389 4564 [id
1416 4500 1502 4547 est
1555 4491 1698 4546 illius
1739 4488 1858 4545 Filii
1915 4487 2032 4553 Dei,

2137 3293 2246 3364 γάρ
2275 3289 2414 3346 εἶναι
2447 3292 2653 3356 πάντας
2701 3289 3010 3345 οὑτινοσοῦν
3055 3291 3179 3352 τοὺς
3219 3288 3430 3358 λόγους,
3480 3289 3599 3343 καθ’
3621 3288 3716 3355 οὓς

2137 3387 2426 3455 γεγένηται
2471 3385 2652 3438 πάντα
2693 3383 2762 3437 τὰ
2793 3381 2897 3436 ὑπὸ
2927 3381 3020 3435 τοῦ
3050 3381 3184 3434 Θεοῦ
3207 3383 3265 3433 ὲν
3293 3382 3454 3452 σοφίᾳ
3485 3397 3713 3454 πεποιη-

2141 3473 2297 3544 μένα,
2325 3471 2398 3535 ῶς
2422 3487 2585 3542 φησιν
2609 3472 2638 3522 ὁ
2658 3471 2942 3541 προφήτης
2961 3487 2974 3500 ο
3010 3489 3028 3520 ι
3058 3469 3240 3523 Πάντα
3270 3471 3326 3522 έν
3349 3469 3509 3542 σοφίᾳ⁴
3529 3473 3717 3542 ἐποίη-

2138 3580 2256 3628 σας,
2285 3583 2302 3616 ι
2361 3565 2416 3616 ἐν
2463 3562 2612 3634 αὑτῷ
2663 3561 2748 3634 εἴη
2782 3561 2848 3616 ἂν
2891 3561 2985 3614 καὶ
3012 3560 3174 3624 αὑτὸς
3219 3562 3439 3633 κόσμος,
3477 3563 3716 3634 τοσούτῳ

2137 3653 2521 3727 ποικιλώτερος
2573 3651 2666 3705 τοῦ
2725 3651 2982 3722 αἰσθητοῦ
3032 3651 3238 3722 κόσμου
3285 3654 3379 3706 καὶ
3421 3653 3713 3725 διαφέρων,

2135 3746 2245 3818 ὅσῳ
2275 3745 2519 3816 διαφέρει
2547 3745 2751 3814 γυμνὸς
2797 3743 2978 3816 πάσης
3023 3743 3154 3816 ὑλης
3197 3744 3291 3798 τοῦ
3333 3745 3453 3798 ὅλου
3485 3746 3594 3812 (97)
3622 3745 3715 3799 κό-

2138 3854 2276 3908 σμου
2324 3837 2480 3904 λόγος
2527 3836 2621 3890 τοῦ
2672 3837 2858 3888 ἐνὺλου
2894 3836 3122 3906 κόσμου,
3149 3837 3247 3890 οὑκ
3288 3837 3397 3890 ἀπὸ
3428 3837 3526 3908 τῆς
3555 3837 3709 3909 ὑλης,

2134 3931 2247 3986 ἀλλ’
2267 3931 2374 3984 ἀπὸ
2401 3930 2499 4000 τῆς
2527 3929 2759 4000 μετοχῆς
2780 3928 2873 3982 τοῦ
2899 3929 3094 3997 Λόγου,
3123 3930 3216 3983 καὶ
3242 3930 3340 4001 τῆς
3362 3931 3572 4000 σοφίας,
3601 3929 3712 3984 τῶν

2135 4021 2480 4093 κοσμούντων
2511 4021 2611 4091 τὴν
2638 4020 2767 4090 ὓλην
2793 4021 3242 4091 κεκοσμημένων.
3272 4023 3381 4075 Καὶ
3411 4023 3512 4093 ὅρα
3543 4024 3588 4074 εἰ
3621 4023 3708 4074 δὺη

2135 4127 2290 4166 ναται
2333 4113 2361 4164 ὁ
2411 4111 2584 4179 λέγων
2605 4127 2618 4140 ⁸
2659 4129 2676 4162 ι
2701 4110 2814 4165 Οὑκ
2862 4111 2978 4180 είμί
3009 4109 3118 4178 ἐγὼ
3152 4112 3216 4164 ὲκ
3240 4110 3333 4164 τοῦ
3359 4113 3562 4182 κόσμου
3587 4110 3706 4164 τού-

2134 4222 2250 4269 του,
2277 4222 2298 4256 ι
2346 4206 2380 4274 ή
2420 4203 2564 4272 ψυχὴ
2593 4197 2731 4254 εἶναι
2777 4199 2872 4254 τοῦ
2915 4201 3090 4272 Ἰησοῦ
3135 4201 3596 4272 ἐμπολιτευομένη
3634 4201 3709 4272 τῷ

2133 4294 2239 4364 ὅλῳ
2267 4294 2455 4363 κόσμῳ
2485 4291 2696 4361 ἐκείνῳ,
2742 4292 2836 4346 καὶ
2867 4292 3045 4346 πάντα
3072 4291 3231 4344 αὑτὸν
3277 4293 3706 4363 ἑμπεριερχομέ-

2133 4403 2222 4456 νη,
2276 4384 2370 4438 καὶ
2412 4381 2827 4454 χειραγωγοῦσα
2851 4377 2934 4434 ἐπ’
2957 4383 3115 4435 αὑτὸν
3132 4384 3259 4446 τοὺς
3301 4382 3709 4454 μεμαθητευμέ-

2134 4491 2278 4538 νους,
2303 4474 2382 4525 ὅτι
2416 4471 2565 4523 οὐδὲν
2593 4470 2703 4541 (98)
2740 4470 2851 4540 ἔχει
2881 4473 3087 4534 ἐκεῖνος
3129 4473 3156 4522 ὁ
3187 4471 3390 4541 κόσμος
3427 4473 3596 4534 κάτω,
3632 4471 3707 4536 ὡς

457 4559 552 4652 qui
606 4559 690 4638 est
731 4598 859 4636 vera
907 4581 1092 4653 ratio,]
1139 4559 1194 4636 et
1244 4559 1656 4651 participatione
1701 4580 1980 4650 sapientia:
2014 4616 2030 4641 ,

2140 4565 2253 4620 οὑδὲ
2283 4567 2391 4635 (91))
2422 4559 2594 4626 οὗτος,
2629 4562 2704 4624 ὡς
2725 4563 2862 4632 πρὸς
2885 4563 2946 4615 τὸ
2968 4563 3192 4634 ἀκριϐὲς
3214 4561 3537 4629 ὲξετάζοντι,
3573 4565 3704 4619 ἄνω.

458 4689 579 4742 qua:
638 4673 898 4730 mundum
953 4684 1008 4728 et
1079 4683 1457 4729 ornamentum
1508 4669 1743 4726 aﬂ‘erunt
1789 4669 2030 4723 materia:

457 4762 696 4818 omnium
727 4779 849 4833 qua:
881 4765 1082 4818 mundo
1117 4765 1370 4834 insignita
1401 4762 1623 4817 fuerint.
1647 4762 1727 4816 Ac
1755 4760 1878 4814 vide
1903 4773 2031 4812 num

527 4903 572 4936 ⁷⁸
603 4901 772 4958 lCor.
803 4916 894 4963 xv,
925 4899 1015 4953 26.
1089 4899 1136 4930 7°
1157 4896 1355 4966 Ephes.
1385 4911 1457 4960 Iv,
1488 4895 1578 4951 lO.
1651 4896 1696 4928 ⁷⁷
1723 4893 1932 4949 Coloss.
1959 4909 1997 4958 ι,
2033 4911 2039 4942 έ

2187 4891 2236 4923 ⁷⁸
2260 4891 2457 4959 Ephes.
2492 4905 2575 4955 ιιι,
2603 4889 2691 4942 10.

529 5020 640 5093 (90)
671 5021 782 5076 Καὶ
820 5018 1071 5093 γόγυτ-Ιιι
1109 5017 1280 5088 Regio
1309 5017 1498 5093 codice
1524 5015 1670 5093 deest
1698 5012 1814 5093 καί.

530 5079 642 5164 (91)
675 5079 856 5147 Ωούθὲι
882 5079 1222 5152 Βοάιεὶειιιυδξ
1263 5085 1530 5158 πρότερον
1553 5100 1566 5112 ·
1629 5083 1848 5152 Regius,
1903 5079 2031 5150 πρό-

667 5229 845 5284 Codex
871 5227 1221 5287 Bodleiauus,
1247 5221 1712 5294 ὑποταχθήσονται
1737 5238 1749 5250 ·
1807 5221 2025 5288 Regius,

457 5317 874 5358 ὑποτασσονται.

531 5373 643 5444 (95)
671 5372 852 5444 (Sede;
884 5367 1229 5444 Bodleianus,
1259 5365 1376 5418 ἐστὶ
1437 5361 1745 5434 βασιλείας-
1805 5360 2032 5430 Regius,

457 5439 603 5498 ἐστὶν
696 5439 959 5514 βασιλεία.

531 5498 853 5583 (MYCodd.
899 5508 1227 5583 Bodleianus
1274 5514 1330 5560 et
1383 5502 1733 5566 Barberinus,
1790 5498 2034 5555 καταϐά-

461 5580 597 5644 σεως
623 5580 636 5614 δ
675 5582 893 5649 Regius,
935 5580 1162 5652 βάσεως.

531 5642 641 5720 (9-5)
667 5642 794 5720 0ὐᾷ
819 5642 1046 5716 ἁπλῶς,
1065 5646 1288 5720 θιεεείο
1313 5643 1655 5720 habetcodex
1674 5642 2028 5720 podleianus,

459 5711 733 5790 quodper
757 5711 1151 5790 'g'ramtna'ticas
1173 5719 1319 5790 leges
1347 5731 1450 5790 non
1481 5715 1626 5790 licet.
1674 5711 1732 5768 In
1767 5713 1936 5790 [legio
1971 5721 2028 5790 et

463 5781 794 5845 liarbe'rino'
813 5790 1026 5859 legitur,
1087 5789 1183 5860 οὑχ
1226 5781 1412 5850 ἅπλῶς
1465 5785 1716 5854 εὑρήσεις
1767 5781 2027 5852 διαφορὰν

2137 4661 2260 4724 Πῶς
2287 4663 2394 4730 γὰρ
2426 4657 2646 4712 δύναται
2678 4657 2820 4727 ἔχειν
2850 4673 2905 4710 τι
2948 4658 2977 4708 ὁ
3003 4657 3204 4728 κόσμος
3231 4651 3384 4720 οὗτος
3421 4657 3553 4725 ἅνω,
3581 4650 3642 4709 οὗ
3671 4660 3704 4728 ή

2139 4752 2313 4815 κτίσις
2349 4749 2621 4820 καταϐολή
2664 4751 2811 4801 ἐστιν
2839 4748 2950 4818 (l);
2982 4749 3056 4800 Οὑ
3087 4749 3196 4819 γὰρ
3224 4748 3299 4812 ὡς
3331 4749 3518 4819 ἔτυχεν
3543 4749 3706 4802 ἀκουο

2783 4887 2829 4919 ⁷³
2857 4885 3000 4942 Psal.
3042 4902 3158 4954 cm,
3190 4886 3286 4940 94.

2134 5009 2411 5062 ὲπιπλείον
2442 5006 2648 5078 νοητῶς
2700 5003 3142 5078 καταϐαινουσῶν
3205 5003 3437 5078 νοήσειςἶ
3486 5003 3708 5078 lluctius

2140 5095 2322 5134 vocem
2351 5073 2564 5148 νοήσεις
2591 5080 2962 5148 expuugcbat,
2995 5077 3074 5127 vel
3111 5077 3180 5125 ita
3210 5083 3373 5148 refl».
3425 5073 3704 5148 lugendum

2139 5150 2410 5207 censebat.
2435 5142 2537 5218 οὑχ
2576 5144 2760 5218 ἁπλῶς
2809 5147 3082 5218 εὑρήσεις,
3126 5143 3232 5218 ’καί
3269 5142 3531 5214 διαφορὰν
3583 5145 3706 5196 ἐπι-

2137 5219 2318 5272 πλεῖον
2346 5212 3020 5294 νοητῶςᾌκαιταβαινουσῶν
3047 5215 3282 5294 νοήσεις.
3300 5281 3338 5294 ﬁ
3417 5283 3426 5294 .

2202 5289 2319 5370 (96)
2342 5281 2522 5342 Codex
2545 5286 2897 5349 Budleiauus,
2943 5281 3199 5356 περὶτῆς
3227 5299 3240 5312 ·
3300 5281 3520 5352 Regius,
3578 5281 3705 5352 περὶ

2135 5376 2320 5498 miti?)
2356 5425 2466 5498 Τοῦ
2497 5424 2752 5498 Nomia
2783 5424 2970 5498 codice
2997 5422 3288 5498 Bodleiano
3319 5421 3474 5498 deest
3496 5420 3639 5498 ὅλου.

2141 5569 2164 5586 η
2211 5491 2323 5569 (98)
2346 5497 2528 5551 Codex
2563 5493 2907 5562 Bodleianus,
2939 5494 3021 5548 ὅτι
3048 5492 3237 5547 οὐδέν·
3267 5492 3318 5547 in
3346 5491 3515 5562 Regio
3555 5496 3704 5545 deest

2137 5587 2316 5724 01:99.)
2335 5635 2517 5693 Codex
2541 5635 2886 5699 Bodleianus,
2913 5632 2989 5698 ὡς
3013 5632 3135 5686 οὐδέ
3156 5647 3171 5662 ·
3201 5631 3254 5686 in
3293 5630 3461 5702 Regio
3486 5629 3695 5686 omitti-

2139 5719 2390 5846 lu'fhugi'z
2427 5778 2464 5846 ἡ
2497 5777 2692 5841 κτίσις
2717 5771 3017 5839 καταϐολή
3057 5772 3241 5827 ἐστιν.
3289 5772 3344 5826 lu
3389 5772 3490 5826 bac
3544 5785 3697 5832 voce,
