4196 6376
453 375 557 429 569

1507 375 1864 432 COMMENT.
1904 374 1971 428 ΙΝ
2009 373 2200 431 JOAN.
2231 373 2471 430 TOMUS
2505 374 2646 430 XIX.

3586 370 3710 429 ’570

454 478 608 550 στέον
640 491 755 559 τοῦ,
805 513 823 546 ι
848 495 962 568 Πρὸ
1006 497 1310 569 καταϐολῆς
1338 497 1573 567 κόσμου’
1605 516 1624 548 ι
1675 495 1928 567 ἐπίτηδες
1951 494 2040 548 διὰ

2144 494 2317 564 possit
2348 493 2529 547 anima
2556 507 2678 547 esse
2723 491 2849 548 Jcsu
2881 507 3002 563 quae
3041 492 3213 571 dicit“:
3247 510 3269 546 ι
3316 494 3430 566 Ego
3459 509 3565 549 non
3591 510 3711 548 sum

452 586 707 657 τοιαύτην
746 585 823 656 (2)
851 586 1091 646 ἐπίνοιαν
1139 588 1458 642 πλασάντων
1500 588 1668 659 ὄνομα
1712 589 1823 641 τῶν
1865 588 2034 656 ἁγίων

455 675 536 739 τὸ,
574 674 681 741 τῆς
702 673 1055 742 καταϐολῆς.
1088 678 1349 746 Καίτοιγε
1403 677 1656 731 ἐδύναντο
1700 678 1881 746 λέγειν
1929 678 2035 749 πρὸ

455 769 686 832 κτίσεως
711 768 939 839 κόσμου,
973 770 1066 823 καὶ
1110 768 1186 841 μὴ
1215 769 1521 841 χρήσασθαι
1563 769 1642 840 τῷ
1665 769 1767 840 τῆς
1798 773 2040 824 καταϐο-

453 858 574 928 λῆς
619 860 863 930 ὀνόματι.
909 861 1066 924 ’Ὀλος
1117 857 1210 915 οὖν
1242 862 1271 914 6
1297 861 1521 933 κόσμος,
1562 860 1756 915 καὶτὰ
1797 862 1856 914 ὲν
1888 862 2037 933 αὐτῷ

456 951 516 1003 ἐν
546 950 819 1021 καταϐολῇ
856 953 1003 1004 ἐστιν
1024 968 1040 982 ο
1092 950 1197 1017 ἔξω
1228 951 1285 1004 δὲ
1318 950 1623 1022 καταϐολῆς
1650 949 1857 1021 κόσμου
1902 968 2039 1005 παν-

456 1042 547 1105 τὺς
572 1043 811 1111 γίνονται
854 1045 902 1096 ot
932 1043 1026 1097 τοῦ
1064 1043 1239 1115 Ἰησοῦ
1271 1044 1483 1115 γνήσιοι
1512 1043 1769 1115 μαθηταὶ,
1798 1041 1892 1107 οὓς
1918 1042 2037 1108 εξε-

457 1134 649 1202 λέξατο
692 1136 757 1188 ὲκ
806 1132 901 1187 τοῦ
928 1135 1156 1206 κόσμου,
1205 1135 1293 1189 ἵνα
1323 1135 1519 1207 μηκέτι
1556 1128 1689 1188 ὦσιν
1718 1137 1785 1188 ὲκ
1815 1134 1910 1187 τοῦ
1944 1134 2037 1188 κό-

460 1243 622 1297 σμου,
653 1227 899 1297 αἴροντες
921 1227 1014 1282 τὸν
1041 1226 1272 1297 σταυρὸν
1303 1228 1533 1292 ἑαυτῶν,
1564 1226 1659 1281 καὶ
1685 1226 2037 1281 ἀκολουθοῦν-

456 1333 548 1380 τες
576 1316 745 1387 αὐτῷ.

2137 601 2203 641 ex
2235 588 2337 640 hoc
2368 587 2572 641 nmndo
2597 585 2665 650 ⁸⁰,
2705 605 2725 638 ι
2752 601 3088 641 conversans
3134 586 3189 640 in
3224 585 3319 640 illo
3346 596 3461 640 toto
3488 586 3709 652 mutulo,

2137 692 2465 745 omnemque
2510 691 2633 731 eum
2678 678 3039 747 perlustrans,
3074 693 3347 747 manuque
3393 678 3598 731 ducens
3644 676 3714 730 ad

2136 786 2260 825 eum
2288 783 2383 824 eos
2409 771 2500 839 qui
2550 769 2872 823 didicissent
2917 769 3047 823 nihil
3080 769 3292 824 inferne
3324 770 3525 825 habere
3553 786 3715 823 mon-

2139 865 2265 917 dum
2320 863 2469 916 illum
2519 861 2962 931 intelligibilem;
3022 862 3483 930 quemadmodum
3542 875 3719 929 neque

2138 953 2261 1015 iste,
2293 952 2338 1007 si
2374 952 2499 1021 quis
2528 960 2782 1007 accurate
2806 952 3123 1021 perpendat,
3154 953 3449 1020 quidquam
3482 964 3719 1015 superne

2118 1045 2323 1109 _babet.
2358 1047 2614 1117 Alioquin
2660 1046 2933 1116 quomodo
2966 1047 3199 1100 mundus
3232 1046 3336 1099 iste
3367 1045 3567 1100 habere
3614 1046 3717 1098 ali-

2138 1138 2269 1206 quid
2289 1151 2525 1207 superne
2572 1146 2790 1207 potestJ
2837 1139 2994 1208 cujus
3044 1138 3289 1192 conditio
3321 1148 3404 1191 est
3437 1136 3722 1206 dejectio?

2138 1228 2326 1298 Neque
2359 1229 2504 1283 enim
2558 1232 2858 1286 oscitanter
2887 1231 3174 1299 legendum
3229 1238 3312 1283 est
3342 1229 3499 1292 illud,
3537 1246 3556 1279 ι
3592 1237 3721 1283 ante

2144 1323 2503 1392 dejectionem
2536 1325 2718 1379 mundi
2752 1325 2827 1390 εί,
2863 1344 2883 1376 ι
2935 1339 3058 1379 cum
3094 1324 3266 1379 sancti
3309 1323 3720 1381 convenienter.

457 1420 513 1463 et
568 1408 807 1464 studiose
858 1424 1052 1464 nomen
1083 1410 1185 1467 hoc
1210 1410 1309 1480 τῆς
1340 1408 1646 1480 καταϐολῆς
1684 1408 1825 1483 [hoc
1855 1420 1937 1466 est
1969 1412 2303 1486 dejectionis]
2345 1427 2568 1484 propter
2611 1417 2770 1469 talem
2803 1416 3214 1486 intelligentiam
3244 1414 3523 1470 ﬁnxerint.
3566 1413 3720 1467 Alio-

458 1505 587 1570 quin
613 1505 792 1560 dicere
815 1513 1064 1573 poterant
1094 1503 1199 1575 πρὸ
1230 1504 1461 1567 κτίσεως
1501 1502 1626 1575 [hoc
1662 1515 1748 1559 est
1783 1513 1904 1559 ante
1944 1506 2321 1579 conditionem]
2375 1508 2596 1574 mundi,
2643 1524 2742 1565 nec
2774 1512 2853 1564 uti
2894 1510 3200 1579 dejectionis
3233 1509 3516 1565 vocabulo.
3547 1507 3721 1562 Totus

457 1598 639 1667 itaque
683 1597 930 1658 mundus.
964 1607 1019 1650 ει
1042 1611 1162 1665 qua:
1194 1599 1245 1650 iu
1288 1598 1401 1665 ipso
1437 1608 1586 1664 sunt,
1619 1600 1670 1653 in
1708 1598 2008 1668 dejectione
2049 1608 2216 1664 sunt;
2261 1612 2317 1655 at
2358 1615 2486 1656 vero
2539 1610 2693 1655 extra
2732 1602 3091 1671 dejectionem
3134 1603 3300 1657 totius
3341 1601 3523 1655 mundi
3558 1599 3724 1671 306

455 1693 725 1747 exsistunt
758 1695 999 1761 germani
1031 1690 1159 1749 Jesu
1194 1693 1463 1762 discipuli,
1497 1708 1631 1763 quos
1663 1710 1694 1749 e
1720 1695 1919 1749 mundo
1940 1694 2198 1766 elegerat,
2226 1703 2284 1750 ut
2303 1711 2407 1752 non
2435 1696 2664 1768 amplius
2693 1707 2878 1751 essent
2902 1712 2933 1751 e
2967 1698 3187 1764 mundo,
3222 1696 3469 1751 tollentes
3502 1708 3722 1750 crucem

454 1801 631 1849 suam,
663 1796 719 1838 et
743 1796 1030 1854 sequentes
1064 1800 1186 1840 eum
1210 1787 1276 1837 ⁸³.

526 1876 583 1933 6.
621 1894 640 1928 ι
663 1873 829 1931 Εἶπον
854 1873 946 1930 οὖν
971 1878 1121 1948 ὑμῖν,
1148 1878 1229 1931 ὅτι
1251 1877 1605 1931 ἀποθανεῖσθε
1632 1880 1689 1931 ὲν
1710 1881 1831 1943 ταῖς
1857 1880 2039 1951 ἀμαρ-

453 1968 599 2032 τίαις
629 1969 782 2039 ὑμῶν
806 1986 820 2000 ·
874 1968 970 2022 ὲάν
1013 1969 1124 2041 γὰρ
1152 1969 1226 2041 μὴ
1272 1970 1619 2042 πιστεύσητε,
1650 1971 1730 2024 ὅτι
1764 1971 1875 2040 ἐγώ
1899 1974 2036 2043 εἰμι,

2215 1880 2266 1934 6.
2304 1899 2324 1932 ι
2371 1881 2491 1936 Dixi
2524 1897 2655 1952 ergo
2697 1883 2851 1938 vobis
2881 1883 3025 1952 quod
3057 1880 3364 1935 moriemini
3398 1881 3452 1933 in
3483 1878 3721 1946 peccatis

2144 1973 2345 2026 vestris
2371 1990 2386 2037 ;
2422 1973 2526 2027 nisi
2572 1973 2718 2027 enim
2761 1973 3108 2027 credideritis
3138 1972 3278 2040 quod
3305 1986 3404 2040 ego
3430 1985 3572 2033 sum,
3600 1984 3720 2023 moo-

456 2058 813 2113 ἀποθανεῖσθε
879 2062 937 2113 ὲν
985 2063 1105 2125 ταῖς
1141 2062 1436 2132 ἁμαρτίαις
1465 2061 1636 2130 ὑμῶν.
1663 2081 1682 2113 ›
1717 2063 1852 2116 Πότε
1886 2060 2039 2117 εἶπεν

2146 2064 2361 2119 riemini
2397 2065 2449 2118 in
2480 2066 2718 2133 peccatis
2750 2065 2948 2120 vestris
2978 2065 3054 2119 ⁸³.
3086 2084 3104 2115 ι
3138 2064 3367 2130 Quando
3408 2062 3544 2117 dixit
3571 2061 3717 2115 illis:

458 2152 678 2214 αὐτοῖς·
731 2169 749 2202 ι
772 2151 1155 2205 Ἀποθανεῖσθε
1213 2155 1271 2205 ἐν
1316 2156 1435 2216 ταῖς
1468 2154 1761 2224 ἁμαρτίαις
1812 2155 1985 2226 ὑμῶν,
2011 2176 2030 2209 ι

450 2242 492 2311 ἢ
529 2243 616 2295 ὅτε
646 2242 852 2312 ἔφασκε
870 2260 884 2273 ·
925 2262 943 2295 ι
968 2244 1274 2314 Ζητήσεσθέ
1297 2246 1375 2313 (5)
1404 2263 1492 2316 με,
1518 2246 1611 2299 καὶ
1637 2247 1695 2298 ὲν
1716 2249 1834 2310 ταῖς
1856 2248 2038 2319 ἁμαρ-

456 2336 600 2399 τίαις
633 2336 786 2407 ὑμῶν
835 2336 1190 2390 ἀποθανεῖσθε
1217 2354 1231 2404 ;
1262 2357 1282 2390 ι
1330 2339 1394 2391 Τί
1437 2340 1495 2393 δὲ
1540 2340 1599 2393 τὸ
1643 2342 1812 2394 αἴτιον
1849 2340 1943 2393 τοῦ
1978 2343 2036 2394 ὲν

458 2429 579 2490 ταῖς
605 2427 905 2498 ἁμαρτίαις
936 2427 1114 2485 αὐτῶν
1141 2429 1506 2502 ἀποθνήσκειν
1534 2429 1874 2502 ἀνθρώπους,
1910 2432 1943 2504 ἢ
1976 2433 2038 2486 τὸ

462 2518 538 2590 μὴ
584 2518 881 2584 πιστεύειν,
932 2521 1015 2574 ὅτι
1054 2522 1259 2588 Ἰησοῦς
1309 2526 1456 2577 ἐστιν
1503 2526 1534 2576 6
1565 2526 1830 2595 Χριστός;
1875 2526 2038 2590 αὐτὸς

460 2609 569 2680 γάρ
619 2627 819 2681 φησιν·
878 2631 896 2664 ι
927 2613 1055 2666 Ἐὰν
1086 2612 1161 2684 μὴ
1212 2615 1555 2686 πιστεύσητε,
1613 2617 1696 2669 ὅτι
1744 2616 1855 2686 ἐγώ
1899 2620 2035 2690 είμι,

461 2700 818 2755 ἀποθανεῖσθε
850 2703 909 2755 ἐν
945 2704 1065 2767 ταῖς
1098 2705 1395 2776 ἁμαρτίαις
1423 2706 1598 2777 ὑμῶν.
1622 2726 1642 2758 ι
1700 2708 1763 2761 Ei
1814 2707 1872 2761 δὲ
1899 2710 1928 2761 6
1961 2709 2035 2781 μὴ

463 2790 756 2855 πιστεύων,
788 2792 869 2845 ὅτι
910 2792 1118 2862 Ἰησοῦς
1163 2795 1191 2847 6
1219 2796 1452 2866 Χριστός
1486 2798 1653 2863 ἐστιν,
1690 2797 2038 2853 ἀποθανεῖται

459 2883 520 2935 ἔν
561 2885 684 2946 ταῖς
706 2884 1008 2954 ἁμαρτίαις
1055 2886 1270 2950 ἑαυτοῦ,
1301 2886 1478 2957 δῆλον,
1508 2889 1587 2941 ὅτι
1636 2890 1665 2941 6
1699 2890 1773 2961 μὴ
1802 2890 2040 2963 ἀποθνή-

464 2989 609 3028 σκων
640 2976 700 3028 ὲν
739 2977 861 3037 ταῖς
890 2976 1179 3046 ἁμαρτίαις
1211 2978 1376 3031 αὑτοῦ
1427 2979 1757 3034 πεπίστευκε
1797 2980 1875 3052 τῷ
1900 2983 2038 3054 Χρι-

464 3064 606 3136 mp-
650 3069 679 3120 6
719 3065 775 3120 δὲ
806 3066 1164 3138 ἀποθνήσκων
1211 3071 1268 3121 ἐν
1316 3074 1437 3134 ταῖς
1491 3073 1785 3144 ἁμαρτίαις
1822 3075 2036 3141 ἑαυτοῦ,

462 3153 565 3210 κᾶν
598 3154 730 3228 λέγῃ
776 3156 1052 3211 πιστεύειν
1079 3158 1156 3230 τῷ
1186 3160 1425 3231 Χριστῷ,
1476 3160 1551 3225 ὼς
1596 3162 1734 3234 πρὸς
1762 3163 1822 3217 τὸ
1844 3163 2041 3235 ἀληθὲς

460 3247 524 3301 ού
556 3249 916 3303 πεπίστευκεν
950 3249 1128 3321 αύτῷο
1179 3251 1274 3304 ἐὰν
1307 3251 1413 3324 γὰρ
1443 3252 1518 3323 (4)
1545 3252 1770 3325 λέγηται
1823 3257 1921 3327 μὲν
1948 3257 2039 3310 πί-

464 3355 601 3406 στις,
636 3340 803 3411 χωρὶς
833 3340 888 3393 δὲ
920 3341 1097 3412 ἔργων
1124 3342 1384 3416 τυγχάνῃ,
1420 3345 1588 3415 νεκρά
1611 3347 1761 3400 ἐστιν
1793 3349 1827 3418 ἡ
1859 3348 2041 3402 τοιαύ-

2150 2176 2170 2207 ι
2203 2156 2510 2211 Moriemini
2572 2158 2624 2211 in
2670 2159 2911 2227 peccatis
2943 2157 3161 2220 vestris,
3204 2176 3222 2206 ι
3254 2154 3357 2209 nisi
3392 2154 3610 2223 quando
3640 2153 3722 2206 di-

2145 2249 2249 2311 xit,
2278 2267 2298 2300 ι
2340 2248 2609 2314 ρηιειειίε
2647 2263 2757 2311 me,
2784 2249 2916 2302 etin
2949 2248 3187 2318 peccatis
3214 2246 3409 2300 vestris
3440 2245 3721 2299 moriemi-

2146 2340 2198 2392 ni
2256 2338 2347 2391 ⁸δῖ
2388 2356 2408 2390 ι
2445 2338 2585 2404 Quid
2623 2352 2755 2392 vero
2798 2348 2883 2392 est
2939 2338 2991 2391 iu
3024 2352 3187 2391 causa
3227 2346 3279 2388 ut
3316 2335 3565 2389 homines
3600 2348 3720 2387 mo-

2145 2432 2358 2485 riantur
2378 2432 2431 2485 in
2460 2432 2698 2501 peccatis
2719 2430 2853 2494 suis,
2877 2430 2981 2484 nisi
3013 2444 3117 2483 non
3147 2428 3370 2482 credere
3391 2425 3575 2480 Jesum
3599 2440 3722 2479 esse

2144 2524 2475 2579 Christum?
2533 2524 2652 2594 ipse
2701 2525 2847 2577 enim
2901 2524 3072 2592 inquit
3106 2540 3119 2576 :
3153 2540 3187 2572 ιη
3216 2520 3329 2574 Nisi
3382 2518 3725 2573 credideritis

2145 2618 2288 2687 quod
2316 2632 2416 2687 ego
2444 2617 2556 2683 ipse
2591 2631 2733 2677 sum.
2766 2615 3069 2669 moriemini
3100 2614 3152 2668 in
3183 2613 3418 2683 peccatis
3442 2610 3659 2666 vestris.
3698 2628 3721 2661 ι

2146 2709 2301 2777 Quod
2329 2709 2377 2763 si
2401 2709 2525 2779 quis
2550 2723 2657 2762 non
2711 2708 2886 2761 credit
2916 2706 3100 2762 Jesum
3130 2721 3251 2760 esse
3284 2704 3581 2766 Christmn,
3608 2716 3725 2756 mo-

2147 2803 2287 2859 ritur
2337 2802 2391 2856 in
2442 2801 2680 2870 peccatis
2724 2801 2871 2863 suis;
2928 2800 3131 2854 scilicet
3180 2798 3272 2867 qui
3326 2813 3431 2850 non
3492 2795 3725 2849 moritur

2148 2897 2202 2950 in
2251 2895 2487 2965 peccatis
2541 2893 2695 2958 suis,
2746 2893 2791 2947 is
2822 2891 3041 2947 Christo
3087 2892 3281 2945 credit.
3337 2891 3409 2942 At
3461 2903 3590 2941 vero
3629 2886 3725 2956 qui

2147 2989 2379 3042 moritur
2409 2987 2462 3040 in
2497 2985 2738 3050 peccatis
2768 2985 2902 3047 suis.
2939 2970 3152 3038 etiamsi
3204 2984 3348 3037 dicat
3393 2996 3452 3035 se
3504 2979 3726 3033 Christo

2147 3079 2395 3143 credere,
2423 3086 2685 3145 quantum
2735 3075 2802 3130 ad
2833 3075 3117 3129 veritatem
3166 3074 3267 3143 ipsi
3303 3089 3409 3126 non
3453 3071 3724 3136 credidit;

2149 3186 2273 3224 nam
2318 3168 2537 3224 etiamsi
2586 3168 2801 3222 dicatur
2831 3165 2986 3232 ﬁdes,
3043 3166 3138 3221 sed
3178 3168 3251 3221 sit
3290 3166 3408 3219 sine
3439 3163 3722 3233 operibus,

2149 3260 2457 3329 huiusmodi
2492 3258 2627 3315 ﬁdes
2661 3268 2875 3314 mortua
2900 3267 3004 3325 est,
3045 3267 3102 3310 ut
3132 3256 3362 3326 legimus
3398 3255 3450 3308 in
3484 3254 3722 3321 Epistola

2149 3368 2269 3424 qua:
2314 3349 2502 3407 Jacobi
2540 3352 2759 3406 nomine
2805 3350 3191 3406 circumfertur
3240 3348 3308 3403 ⁸³.
3363 3348 3498 3412 Quis
3558 3348 3728 3417 igitur

462 3445 552 3503 τη,
593 3431 668 3495 ὡς
721 3433 779 3484 ὲν
808 3435 874 3504 τῇ
909 3433 1182 3506 φερομένῃ
1223 3434 1476 3491 Ἰακώϐου
1493 3438 1770 3511 Ἐπιστολῇ
1806 3440 2041 3509 ἀνέγνω-

2148 3455 2308 3514 putas
2337 3452 2423 3499 est
2453 3443 2707 3507 credens,
2743 3444 2850 3499 nisi
2895 3444 2983 3496 ille
3009 3443 3102 3511 qui
3137 3456 3204 3497 eo
3248 3441 3497 3510 pervenit
3530 3449 3589 3493 ut
3615 3456 3724 3494 non

467 3542 587 3595 μεν.
622 3525 718 3587 Τίς
742 3519 835 3577 οὖν
868 3525 974 3597 ἄρα
1007 3527 1151 3581 ἐστὶν
1182 3529 1210 3580 ὁ
1246 3528 1516 3583 πιστεύων
1547 3530 1579 3601 ἦ
1612 3533 1642 3584 ὁ
1670 3532 1952 3597 πεπονθὼς
1980 3536 2046 3588 ὲκ

462 3616 558 3668 τοῦ
590 3615 893 3675 διακεῖσθαι
937 3617 1079 3671 κατὰ
1118 3618 1209 3671 τὸν
1257 3618 1434 3689 λόγον,
1484 3623 1580 3674 καὶ
1630 3625 2047 3693 συμπεφυκέναι

463 3706 614 3777 αὐτῷ
657 3707 718 3760 τὸ
768 3709 842 3780 μὴ
892 3709 1248 3779 ἐμπεσεῖσθαι
1281 3711 1367 3776 ἂν,
1414 3715 1537 3767 ὅσον
1586 3716 1685 3785 μὲν
1721 3717 1814 3769 ἐπὶ
1837 3717 2047 3784 τούτοις

462 3801 575 3862 τοῖς
624 3801 830 3870 ῥητοῖς,
882 3801 963 3863 εἰς
1011 3802 1079 3854 τὰ
1136 3800 1403 3873 λεγόμενα
1445 3805 1581 3876 πρὸς
1632 3806 1861 3861 θάνατον
1907 3804 2047 3863 εἶναι

466 3889 882 3962 ἁμαρτήματα;
928 3894 1051 3947 ὅσον
1103 3894 1161 3947 δὲ
1210 3896 1303 3949 ἐπὶ
1329 3895 1443 3967 τῷο
1486 3916 1504 3948 ι
1531 3899 1645 3967 Πᾶς
1675 3901 1704 3952 ὁ
1752 3900 2044 3967 πιστεύων,

465 3980 546 4033 ὅτι
586 3981 791 4051 Ἰησοῦς
816 3984 1091 4055 όΧριστός
1121 3988 1288 4051 ἐστιν,
1320 3989 1385 4040 ἐκ
1404 3988 1498 4040 τοῦ
1526 3988 1662 4042 Θεοῦ
1683 3991 1991 4062 γεγένηται,
2021 4011 2041 4044 ι

465 4071 567 4143 οὐχ
600 4074 904 4145 ἁμαρτάνει
956 4076 1221 4148 καὶπρὸς
1262 4078 1291 4130 6
1337 4096 1387 4130 τι
1420 4079 1688 4149 δηποτοῦν
1738 4081 1849 4135 τῶν
1897 4082 2046 4154 παρὰ

464 4164 556 4219 τὸν
602 4167 759 4239 ὀρθὸν
788 4169 1088 4241 γινομένων
1114 4170 1308 4239 λόγον;
1361 4173 1481 4226 Ἔτι
1512 4174 1567 4227 δὲ
1608 4175 1807 4245 μᾶλλον
1836 4177 2047 4248 νοήσεις

463 4259 519 4314 τί
550 4262 698 4313 ἐστιν
716 4278 731 4291 ο
770 4280 789 4313 ι
812 4262 940 4316 Ἐὰν
967 4282 986 4314 ι
1016 4263 1123 4336 γὰρ
1152 4282 1170 4315 ι
1202 4264 1277 4335 μὴ
1299 4265 1645 4336 πιστεύσητε,
1667 4268 1749 4321 ὃτι
1774 4268 1884 4337 ἐγώ
1908 4271 2045 4340 εἰμι,

468 4351 823 4407 ἀποθανεῖσθε
872 4356 929 4407 ὲν
972 4358 1091 4418 ταῖς
1140 4357 1434 4428 ἁμαρτίαις
1483 4358 1657 4429 ὑμῶν,
1686 4380 1704 4411 ι
1761 4361 1796 4416 ά
1845 4363 2049 4416 ἐστινὸ

468 4445 818 4516 Πρωτότοκος
848 4446 1030 4518 πάσης
1076 4449 1306 4513 κτίσεως
1352 4452 1819 4523 ἀναλογιζόμενος.
1866 4449 1991 4508 Οἶον
2020 4457 2049 4508 6

467 4535 738 4591 πιστεύων
781 4539 834 4591 τί
874 4541 1022 4593 ἐστιν
1064 4542 1096 4611 ἡ
1147 4541 1481 4615 δικαιοσύνη,
1514 4545 1614 4598 οὐκ
1657 4544 1723 4600 ἂν
1752 4546 2048 4619 ἀδικῆσαι*

467 4631 564 4685 καὶ
616 4631 705 4685 διὰ
737 4632 798 4686 τὺ
829 4632 1228 4704 τεθεωρηκέναι
1260 4637 1379 4707 ἥτις
1410 4639 1557 4692 ἐστὶν
1604 4641 1638 4711 ἡ
1665 4640 1847 4709 σοφία,
1884 4658 2049 4695 πεπι-

468 4721 710 4786 στευκὼς
756 4725 836 4788 είς
883 4725 982 4795 τὴν
1029 4725 1239 4794 σοφίαν,
1264 4729 1364 4781 οὐκ
1403 4729 1467 4783 ἄν
1505 4747 1558 4783 τι
1598 4731 1781 4804 μωρὸν
1809 4731 1976 4799 λέγοι,
2011 4730 2051 4804 ἢ

2148 3535 2331 3599 cadat,
2374 3544 2637 3604 quantum
2670 3534 2735 3587 ad
2770 3535 2884 3588 haec
2921 3535 3085 3587 verba
3115 3533 3373 3603 pertinet,
3417 3534 3470 3585 in
3500 3546 3562 3586 ea
3594 3545 3726 3600 pec-

2148 3636 2270 3682 cata
2294 3642 2414 3695 quae
2443 3636 2567 3681 sunt
2614 3626 2683 3681 ad
2730 3635 2959 3681 mortem
2987 3626 3054 3690 ",
3088 3641 3153 3679 eo
3196 3627 3340 3694 quod
3390 3622 3613 3678 affectus
3651 3624 3726 3678 sit

2148 3721 2447 3775 secundum
2498 3718 2762 3772 rationem
2797 3726 2854 3772 et
2891 3718 3159 3771 coaluerit
3210 3732 3334 3770 eum
3382 3715 3494 3769 ea?
3549 3731 3724 3783 quan-

2151 3823 2263 3865 tum
2294 3825 2425 3865 vero
2453 3809 2519 3863 ad
2561 3808 2653 3863 illa
2682 3809 2844 3862 verba
2881 3825 2894 3861 :
2935 3826 2955 3859 ι
2994 3806 3183 3861 Omnis
3213 3808 3306 3877 qui
3331 3808 3506 3861 credit
3527 3806 3717 3861 .Iesum

2148 3917 2269 3958 esse
2294 3902 2593 3965 Christum,
2633 3915 2701 3954 ex
2739 3898 2854 3954 Deo
2876 3908 3040 3953 natus
3071 3908 3154 3953 est
3188 3898 3256 3965 ⁸⁷,
3307 3917 3326 3949 ι
3361 3907 3423 3952 ιιι
3463 3913 3569 3952 non
3599 3912 3730 3968 pec-

2150 4004 2238 4047 cet
2282 3993 2336 4046 iu
2381 3993 2490 4046 ullo
2519 4006 2707 4047 eorum
2746 4005 2867 4060 quae
2917 3990 3052 4043 ﬁunt
3106 3998 3305 4058 praeter
3329 4002 3531 4044 rectam
3561 3990 3728 4043 ratio-

2150 4084 2302 4138 nem?
2331 4082 2559 4153 Insuper
2582 4084 2839 4137 memoria
2870 4093 3121 4152 repetens
3144 4098 3228 4145 ea,
3260 4098 3377 4152 quae
3408 4090 3492 4135 est
3526 4080 3729 4136 Primo-

2150 4175 2366 4246 genitus
2390 4175 2573 4229 omnis
2600 4184 2871 4230 creatura:
2916 4175 2983 4240 ⁸⁸,
3032 4176 3412 4230 considerabis
3441 4175 3570 4244 quid
3603 4175 3676 4229 sit
3706 4191 3723 4231 :

2155 4285 2176 4317 ι
2213 4266 2329 4322 Nisi
2382 4267 2727 4322 credideritis
2755 4267 2901 4337 quod
2953 4282 3056 4338 ego
3106 4283 3248 4332 sum,
3307 4267 3615 4323 moriemini
3669 4267 3723 4321 in

2149 4360 2391 4430 peccatis
2422 4360 2621 4414 vestris
2649 4361 2715 4415 ⁸³³.
2765 4379 2783 4413 ι
2834 4359 2995 4415 Verbi
3034 4362 3229 4429 gratia,
3269 4360 3360 4430 qui
3388 4359 3554 4415 credit
3594 4360 3723 4428 quid

2150 4451 2221 4505 sit
2255 4450 2496 4520 justitia,
2523 4450 2782 4520 injuriam
2818 4467 2921 4505 non
2949 4450 3141 4506 inferet
3168 4468 3181 4514 ;
3211 4461 3267 4506 et
3309 4452 3398 4520 qui
3430 4453 3725 4507 crediderit

2151 4540 2204 4595 in
2232 4541 2581 4610 sapientiam,
2614 4540 2758 4611 quod
2787 4542 2929 4595 satis
2977 4542 3253 4611 explorate
3300 4545 3605 4612 perceperit
3633 4560 3729 4599 eoo

2150 4634 2502 4704 gnoveritque
2542 4648 2686 4697 eam,
2750 4635 2797 4688 is
2846 4649 2945 4689 nec
2988 4635 3195 4689 fatuum
3226 4635 3428 4705 aliquid
3477 4636 3729 4705 loquetur

2151 4740 2253 4780 nec
2292 4724 2475 4781 faciet.
2513 4725 2594 4781 Ad
2641 4727 2756 4781 haec
2803 4729 2894 4796 qui
2952 4726 3244 4783 crediderit
3286 4727 3476 4798 Λόγῳ,
3510 4726 3585 4800 [id
3643 4738 3728 4783 est

466 4814 729 4887 πράττοι·
770 4816 894 4868 ἐπεὶ
922 4817 951 4869 6
985 4818 1279 4883 πιστεύσας
1303 4820 1379 4891 (5)
1423 4820 1501 4891 τῷ
1532 4823 1590 4875 ἐν
1620 4824 1761 4893 ἀρχῇ
1795 4824 1931 4895 πρὸς
1954 4823 2041 4878 τὸν

2151 4820 2343 4875 rationi
2399 4829 2455 4875 ει
2500 4819 2638 4877 Filio
2674 4819 2806 4893 Dei]
2860 4821 2951 4889 qui
3000 4830 3120 4875 erat
3170 4822 3224 4875 iu
3279 4822 3544 4891 principio
3582 4822 3727 4891 apud

466 4908 599 4962 Θεὸν
630 4907 809 4979 Λόγῳ,
835 4909 895 4962 ὲν
926 4908 1005 4981 τῷ
1038 4914 1491 4984 κατανενοηκέναι
1521 4915 1704 4981 αὐτὸν,
1735 4917 1885 4971 οὐδὲν
1918 4918 2041 4971 ἀλό-

2152 4913 2320 4967 Deum
2341 4913 2386 4945 ⁸⁸
2410 4929 2428 4979 ;
2455 4912 2579 4968 dum
2631 4912 2776 4968 illius
2805 4913 3113 4982 cognitione
3141 4912 3361 4978 fruitur,
3388 4913 3524 4967 nihil
3557 4930 3585 4968 a
3640 4929 3728 4968 ra-

539 5039 586 5072 “
606 5035 1066 5117 {oan._t_ritt,_g3.u
1093 5043 1136 5075 “
1172 5042 1327 5117 Joan.
1364 5062 1497 5112 xvn,
1523 5047 1629 5117 24;
1659 5047 1857 5116 Ephes.
1886 5067 1926 5115 ι,
1946 5052 2012 5117 4;

2144 5063 2233 5108 ξιτ.
2264 5067 2303 5110 ι,
2327 5048 2418 5103 20.
2484 5046 2529 5079 ³²
2558 5044 2934 5117 Joan._x_v,l9
2959 5062 2973 5110 ;
3002 5044 3171 5117 Marc.
3196 5044 3420 5117 Vlll,_5‘.
3495 5044 3541 5076 ⁸³
3566 5042 3724 5100 Joan.

463 5124 578 5173 vtu,
604 5108 695 5163 24.
772 5107 819 5141 οδ
844 5109 972 5166 ibid.
1006 5111 1095 5168 ει.
1171 5114 1219 5147 ει
1249 5114 1365 5171 Jac.
1397 5132 1459 5183 ιι,
1485 5107 1577 5176 '20.
1615 5107 1881 5175 ’διἰιοιιι.
1915 5107 2041 5189 'vt,'t

465 5180 513 5213 ’°
537 5179 694 5233 Joan.
722 5193 763 5245 ι,
792 5178 848 5232 2.

2144 5107 2150 5108 ⁷
2183 5120 2264 5174 ⁸⁷1
2292 5107 2450 5177 Joau.
2477 5133 2531 5183 ν,
2571 5119 2623 5172 1.
2698 5115 2746 5148 ⁸⁸
2765 5107 2974 5171 coloss.
3008 5126 3048 5181 ι,
3080 5116 3167 5170 14.
3243 5113 3456 5170 "Joan.
3489 5131 3608 5183 vttt,
3631 5116 3724 5200 ἓξ.

465 5318 764 5388 καταϐολή,
794 5313 1157 5397 patrocinium
1196 5317 1454 5397 quasivjt
1488 5317 1753 5397 Origenes
1798 5320 2041 5397 opinioni

2148 5337 2432 5397 perperam
2464 5323 2680 5397 legitur,
2702 5324 2974 5397 ίὲπίτηδες
3005 5325 3258 5397 τοιαύτην
3290 5324 3536 5380 ἐπίνοιαν
3585 5324 3726 5380 πλα-

466 5406 598 5466 sum,
633 5385 740 5466 qua
766 5385 1027 5466 mundum
1075 5385 1357 5466 conditum.
1391 5385 1625 5453 ﬁngebat
1663 5405 1727 5444 ex
1748 5385 2041 5466 "mentium

2148 5385 2370 5466 σάντων
2380 5393 2474 5466 ,ὀνο
2480 5385 2676 5466 μάτων
2688 5385 2878 5462 ἀγίωνξ

470 5456 812 5539 diversitate,
846 5470 966 5539 qua:
1001 5456 1109 5539 huc
1142 5457 1300 5526 dejici
1324 5456 1536 5539 ιιιειιίιξε
1571 5470 1721 5539 sunt.
1748 5458 1880 5514 Vide
1909 5460 1947 5517 ι.
1980 5477 2039 5515 ιιι

2180 5464 2302 5539 ΑΒ)
2350 5456 2525 5520 Codex
2571 5456 2913 5530 Bodieiauus,
2971 5463 3305 5537 ζητήσεσοεο
3367 5464 3590 5536 Regius,
3635 5464 3728 5539 ζη-

464 5530 607 5597 Περὶ
645 5524 1016 5597 ἀρχῶνζςιιι).
1051 5524 1106 5587 5,
1135 5524 1282 5597 num.
1310 5526 1365 5591 4,
1396 5540 1450 5581 et
1486 5527 1807 5597 Origeniana
1834 5542 2036 5596 nostra,
2144 5534 2205 5597 τῆ

467 5594 563 5652 lib.
592 5614 650 5660 ιι,
678 5594 870 5667 quaest.
903 5594 993 5660 12,
1023 5610 1177 5650 num.
1214 5595 1272 5659 2.
1305 5598 1395 5653 ubi
1444 5599 1512 5653 de
1561 5594 1765 5656 mundo
1814 5594 2034 5656 disseri;

467 5682 610 5722 mus.
646 5667 908 5723 llus'rtus.

540 5737 619 5805 (‘2)
660 5736 965 5803 Ἐπιτηδες
995 5736 1095 5790 διὰ
1117 5734 1233 5804 τὴν
1260 5737 1563 5805 τοιαύτην.
1612 5737 1705 5793 Sic
1743 5751 1887 5794 recte
1942 5740 2036 5794 ha-

472 5806 559 5861 bct
589 5809 755 5863 codex
781 5805 1128 5874 Bodleianus,
1154 5808 1205 5862 in
1230 5806 1398 5876 Regio
1436 5819 1613 5863 autem
1647 5819 1699 5864 et
1738 5810 2032 5867 Uarberino

2323 5603 2503 5675 Codex
2526 5602 2872 5670 Bodleianus,
2896 5603 2993 5659 ἐὰν
3016 5604 3125 5675 γάρ
3149 5603 3420 5675 (Regius,
3446 5606 3543 5661 ἐὰν
3570 5607 3647 5662 δέ.

2218 5667 2295 5744 (5}
2333 5674 2487 5727 Ἐπεὶ
2532 5678 2566 5728 ό
2604 5667 2971 5741 «locatione.
3020 5667 3129 5731 etc.
3170 5667 3458 5734 Ferrarius
3505 5680 3723 5735 videtur

2144 5741 2343 5814 legisse
2364 5744 2446 5797 ἔτι
2467 5745 2495 5797 6
2521 5744 2837 5817 πιστεύσας,
2868 5756 2977 5801 ctc.
3032 5786 3037 5791 .
