4196 6414
489 371 590 432 επ

1940 357 2262 418 ORIGENIS

3640 346 3746 402 572

488 491 639 544 tione
681 487 922 544 alienum
975 488 1223 543 facturus
1277 495 1362 542 est
1399 502 1416 542 :
1453 486 1533 543 sic
1569 485 1663 555 qui
1707 484 1886 541 credit
1917 481 2053 552 quod

2167 495 2279 547 γως
2318 476 2576 546 ποιήσαι·
2615 473 2751 546 πρὸς
2795 470 3007 534 τούτοις
3051 470 3081 524 6
3125 466 3417 531 πιστεύων,
3448 466 3536 520 ὅτι
3579 464 3746 530 αὐτός

488 581 606 650 ipse
661 588 746 633 est
788 594 891 649 pax
940 587 1127 632 nostra
1173 578 1259 642 ἰ,
1309 578 1728 646 haudquaquam
1781 573 2060 645 quidpiam

2163 573 2311 626 ἐστιν
2342 571 2375 641 ή
2408 569 2599 641 εἰρήνη
2627 566 2805 638 ἡμῶν,
2831 566 2932 619 οὐκ
2949 564 3016 618 άν
3038 580 3091 616 τι
3116 561 3350 633 πολέμου
3380 559 3477 613 καὶ
3502 558 3745 621 στάσεως

485 648 806 741 operabitur
838 670 1051 725 dissidii
1096 678 1194 724 au:
1231 669 1383 725 belli.
1415 669 1556 736 Quin
1598 669 1789 735 etiam,
1823 666 2053 737 quando-

2163 662 2432 733 ἐνεργοίη.
2489 660 2648 714 Ἀλλά
2684 657 2780 712 καὶ
2812 657 2971 726 εἰπερ
3014 653 3248 725 Χριστός
3296 653 3443 705 ἐστιν
3472 650 3533 741 ού
3582 648 3743 720 μόνον

482 763 705 833 quidem
760 761 1010 817 Christus
1061 770 1147 816 est
1208 776 1318 817 non
1374 761 1549 817 solum
1598 760 1693 815 Dei
1751 760 2059 829 sapientia,

485 863 673 907 verum
703 852 868 907 etiam
900 852 994 906 Dei
1031 852 1294 922 potentia,
1328 851 1418 920 qui
1451 851 1629 906 credit
1674 850 1772 916 illi,
1801 851 1855 904 in
1890 863 2061 919 quan-

486 952 600 998 tum
628 944 872 1013 potentia
903 942 999 998 Dei
1030 952 1138 1008 est,
1172 944 1593 1014 haudquaquam
1633 942 1740 997 erit
1790 942 2060 1011 impotens

485 1035 553 1089 ad
581 1034 864 1103 praeclara.
906 1034 1141 1090 Proinde
1175 1035 1485 1090 necessario
1535 1050 1658 1089 eum
1704 1034 2060 1090 consideran-

488 1134 571 1178 tes
600 1124 917 1191 patientiam
945 1132 1001 1178 et
1024 1122 1429 1184 fortitudinem,
1461 1132 1685 1191 propter
1706 1120 1836 1175 illud
1876 1136 1893 1174 :
1935 1137 1956 1172 t
1993 1118 2060 1174 Et

479 1229 631 1271 nunc
658 1230 780 1286 qua:
804 1222 891 1270 est
920 1216 1182 1285 patientia
1211 1215 1372 1271 mea?
1402 1214 1595 1269 Nonne
1626 1213 1888 1269 Dominus
1904 1215 1950 1246 "
1976 1212 2000 1267 ‘l
2031 1230 2052 1266 ι

478 1313 583 1371 et,
633 1323 652 1357 ι
708 1304 991 1361 Fortitudo
1050 1319 1211 1371 mea;
1271 1322 1291 1356 ›
1341 1313 1439 1370 et,
1504 1323 1525 1357 t
1570 1302 1889 1359 Substantia
1935 1317 2057 1357 mea

480 1395 745 1451 Dominus
787 1397 869 1461 ”,
918 1414 938 1449 ι
989 1397 1233 1451 dicemus
1284 1396 1432 1466 quod
1477 1396 1525 1451 si
1572 1395 1817 1451 cedimus
1865 1395 1933 1448 ad
1979 1393 2059 1447 la-

477 1488 682 1552 bores,
721 1503 828 1544 non
884 1489 1163 1543 credimus
1216 1488 1313 1554 illi,
1366 1489 1418 1543 in
1475 1498 1733 1557 quantum
1764 1495 1851 1543 est
1894 1487 2056 1557 307

475 1577 774 1646 patientia;
822 1587 878 1635 et
932 1578 981 1633 si
1019 1579 1383 1645 inﬁrmamur,
1437 1595 1544 1634 non
1575 1579 1850 1634 credimus
1883 1580 1957 1641 ei,
1999 1578 2056 1632 in

480 1679 748 1735 quantum
807 1679 894 1725 est
934 1672 1126 1725 robur.
1191 1669 1344 1737 Quod
1384 1671 1433 1725 si
1485 1670 1778 1741 collegeris
1819 1680 2056 1725 caeteras

476 1755 680 1813 Christi
709 1760 1194 1824 considerationes,
1221 1777 1329 1816 non
1354 1759 1644 1816 dilliculter
1674 1761 1946 1826 invenies,
1986 1776 2054 1816 ex

379 1863 387 1871 '
481 1848 568 1904 his
614 1866 733 1919 quae
783 1851 1040 1915 diximus,
1091 1866 1329 1922 quonam
1378 1862 1540 1924 pacto
1587 1853 1681 1922 qui
1722 1869 1831 1908 non
1882 1854 2058 1908 credit

478 1939 724 2010 Christo,
755 1944 1017 1998 moriatur
1043 1944 1097 1997 in
1142 1947 1384 2015 peccatis
1408 1945 1542 2001 suis.
1586 1945 1720 1999 Nam
1763 1946 1856 2014 qui
1896 1945 2058 2002 fuerit

477 2030 534 2085 in
580 2032 664 2087 his
718 2047 839 2103 qua:
895 2035 1173 2115 contraria
1225 2046 1350 2090 sunt
1386 2036 1817 2093 considerationi
1864 2051 2054 2091 earum

474 2136 659 2177 rerum
683 2138 805 2193 quae
829 2134 914 2179 est
934 2126 1202 2191 Christus,
1231 2127 1283 2180 in
1317 2128 1431 2182 suis
1456 2128 1697 2197 peccatis
1730 2128 1981 2184 moritur.

550 2221 601 2273 7.
638 2231 658 2265 ‹
683 2215 949 2271 Dicebant
980 2232 1110 2288 ergo
1152 2218 1229 2272 illi
1265 2235 1280 2273 :
1312 2218 1390 2273 Tu
1431 2221 1554 2290 quis
1590 2219 1749 2275 es“?
1775 2238 1797 2272 ›
1847 2218 2055 2275 Conse-

471 2316 649 2373 quens
672 2315 795 2359 erat
839 2316 932 2372 ut,
987 2308 1269 2364 audientes
1307 2326 1430 2380 qua:
1471 2326 1504 2366 a
1556 2309 1686 2366 Jesu
1732 2312 2055 2367 dicebantur

473 2405 599 2445 cum
633 2394 803 2449 multa
831 2407 1123 2464 potestate,
1148 2400 1555 2473 interrogarent
1596 2403 1719 2473 quis
1742 2415 1892 2460 esset
1922 2404 2050 2459 talia

472 2484 739 2558 loquens;
770 2490 1059 2549 videbatur
1078 2494 1222 2548 enim
1245 2509 1367 2551 esse
1391 2497 1587 2567 aliquis
1609 2498 1830 2553 homine
1856 2498 2048 2565 major,

471 2587 530 2632 et
567 2589 758 2634 natura
787 2584 1034 2650 quaedam
1063 2583 1302 2639 divinior
1331 2585 1592 2642 Servator
1618 2589 1807 2643 dicens
1841 2604 1856 2640 :
1892 2607 1912 2641 ι
1934 2588 2047 2645 Nisi

472 2672 820 2729 credideritis
856 2675 997 2743 quod
1026 2690 1127 2746 ego
1168 2692 1321 2741 sum,
1358 2679 1663 2733 moriemini
1717 2680 1769 2733 in
1803 2682 2049 2750 peccatis

471 2763 670 2819 vestris
699 2765 769 2815 ³⁸.
793 2784 812 2818 ι
844 2764 974 2820 Illud
998 2782 1129 2839 ergo
1162 2785 1177 2824 :
1208 2787 1228 2820 t
1254 2769 1333 2822 Tu
1356 2771 1478 2839 quis
1506 2786 1566 2826 es
1589 2772 1639 2826 ‘li
1672 2771 1838 2829 veluti
1862 2783 2044 2844 postu-

474 2850 702 2909 lantium
741 2866 825 2911 est
874 2873 1213 2928 responsum,
1261 2860 1375 2930 Ego
1429 2876 1549 2917 sum
1600 2864 1848 2921 Christus
1890 2867 2044 2931 :vel,

474 2942 586 3013 Ego
629 2960 747 3001 sum
786 2950 1051 3018 propheta
1092 2950 1245 3013 ενοι,
1290 2953 1405 3019 Ego
1438 2969 1554 3008 sum
1584 2954 1765 3025 Elias;
1804 2958 1888 3013 vel
1930 2957 2045 3011 for-

474 3036 655 3101 lassis,
703 3037 815 3108 Ego
869 3054 988 3094 sum
1037 3041 1264 3112 angelus
1306 3043 1400 3098 Dei
1441 3060 1662 3115 :neque
1712 3048 1897 3115 enim,
1942 3050 2043 3104 nisi

2160 753 2297 807 Θεοῦ
2332 752 2514 821 σοφία,
2555 750 2694 804 ἀλλά
2721 749 2815 803 καὶ
2841 746 2977 800 Θεοῦ
3017 745 3268 815 δύναμις,
3293 745 3322 797 6
3346 740 3621 796 πιστεύων
3645 741 3743 793 αὐ-

2156 846 2239 917 τῷ
2275 845 2398 899 καθ’
2422 845 2452 898 ὃ
2488 843 2717 915 δύναμίς
2754 843 2925 903 ἐστιν,
2971 839 3073 893 οὐκ
3109 838 3174 891 ἂν
3202 836 3287 908 εἴη
3331 835 3462 907 περὶ
3499 834 3566 888 τὰ
3598 832 3741 889 καλὰ

2159 935 2442 1000 ἀδύνατος.
2490 932 2826 1001 Ἀναγκαίως
2852 932 2909 984 δὲ
2934 929 3287 991 ὑπονοοῦντες
3327 927 3490 980 αὐτὸν
3530 927 3739 997 ὑπομο-

2159 1032 2256 1101 νὴν
2288 1031 2384 1086 καὶ⁴
2417 1030 2570 1101 ἰσχὺν
2596 1029 2685 1083 διὰ
2706 1027 2770 1081 τό
2793 1045 2807 1059 ·
2843 1046 2862 1078 t
2882 1025 2992 1080 Καὶ
3024 1024 3120 1080 νῦν
3148 1023 3233 1087 τίς
3263 1024 3297 1093 ή
3319 1020 3562 1092 ὑπομονή
3599 1036 3736 1090 μους

2159 1123 2292 1194 Οὐχὶ
2312 1123 2542 1193 Κύριος;
2573 1140 2592 1172 ι
2616 1120 2713 1176 καὶ
2736 1120 2827 1173 τό·
2856 1138 2875 1169 «
2899 1118 3075 1190 ’ἰσχύς
3104 1133 3228 1188 μου,
3249 1134 3267 1167 ι
3297 1115 3391 1168 καὶ
3410 1113 3471 1167 τό
3488 1129 3501 1143 ·
3534 1130 3555 1165 t
3576 1110 3742 1165 Ὑπό-

2160 1215 2350 1278 στασίς
2380 1232 2482 1285 μου
2514 1217 2543 1268 6
2567 1214 2789 1285 Κύριος,
2812 1230 2830 1262 ι
2862 1211 3128 1282 φήσομεν,
3162 1209 3245 1261 ὅτι
3279 1208 3328 1260 εἰ
3360 1204 3634 1275 ἐνδίδομεν
3661 1201 3737 1274 (6)

2159 1310 2296 1381 πρὸς
2343 1310 2559 1372 πόνους,
2591 1309 2653 1361 οὐ
2696 1305 3025 1377 πιστεύομεν
3061 1302 3210 1374 αύτῷ
3242 1304 3337 1357 καὶ
3377 1301 3498 1355 καθ’
3529 1301 3558 1353 ὅ
3589 1302 3738 1353 ἐστιν

2159 1400 2424 1471 ύπομονή·
2452 1400 2546 1453 καὶ
2568 1401 2617 1451 εἰ
2639 1396 2992 1468 ἀσθενοῦμεν,
3021 1397 3083 1449 ού
3115 1394 3558 1464 πεπιστεύκαμεν
3588 1390 3739 1462 αύτῷ

2157 1490 2279 1545 καθ’
2304 1492 2332 1544 ὃ
2353 1493 2498 1543 ἐστιν
2521 1490 2693 1559 ἰσχύς.
2738 1488 2864 1541 Ἐὰν
2896 1487 2952 1539 δὲ
2986 1484 3380 1555 ἀναλεγόμενος
3412 1485 3513 1547 τὰς
3542 1481 3738 1545 λοιπάς

2159 1582 2401 1644 ἐπινοίας
2429 1579 2521 1634 τοῦ
2560 1578 2815 1649 Χριστοῦ,
2840 1579 2902 1631 οὐ
2935 1575 3187 1648 χαλεπῶς
3215 1576 3281 1628 ἐκ
3297 1574 3405 1626 τῶν
3434 1572 3739 1645 εἰρημένων

2157 1674 2408 1745 εὑρήσεις
2434 1673 2557 1725 τίνα
2584 1672 2783 1742 τρόπον
2804 1672 2833 1723 ὑ
2862 1669 2935 1741 μὴ
2959 1666 3229 1721 πιστεύων
3257 1666 3336 1737 τῷ
3363 1663 3584 1736 Χριστῷ
3610 1664 3740 1716 ἀπο-

2158 1762 2401 1816 θανεῖται
2433 1764 2489 1815 ἐν
2512 1764 2633 1824 ταῖς
2668 1759 2963 1831 ἁμαρτίαις
2993 1756 3180 1810 αὐτοῦ’
3213 1755 3496 1825 γινόμενος
3528 1750 3638 1824 γὰρ
3680 1751 3741 1804 ἐν

2155 1855 2270 1915 τοῖς
2295 1852 2557 1915 ἐναντίοις
2589 1854 2654 1922 τῇ
2684 1850 2896 1919 ἐπινοίᾳ.
2924 1841 2999 1902 ὧν
3031 1849 3181 1902 ἐστιν
3209 1850 3239 1901 6
3261 1845 3518 1919 Χριστὸς,
3550 1844 3610 1900 ὲν
3635 1842 3739 1899 αἱ·-

2153 1948 2274 2010 ταίς
2296 1943 2629 2016 ἀποθνήσκει
2656 1946 2777 2006 ταῖς
2804 1941 3118 2013 ἁμαρτίαις.

2223 2219 2278 2272 7.
2318 2239 2336 2270 t
2372 2218 2598 2289 Ἔλεγον
2624 2213 2718 2272 οὖν
2748 2218 2915 2289 αύτῷ·
2940 2218 3013 2271 Σὺ
3042 2216 3126 2281 τίς
3152 2211 3232 2282 ei;
3266 2234 3285 2267 ι
3318 2213 3637 2270 ’Δκόλουθον
3669 2209 3740 2286 ἦν

2150 2313 2278 2376 τοὺς
2315 2311 2703 2382 ἀκροωμένους
2735 2311 2871 2381 μετά
2897 2310 3096 2381 πολλῆς
3128 2309 3375 2377 ἐξουσίας
3402 2306 3742 2376 ἀπαγγελλο-

2154 2405 2331 2475 μένων
2364 2404 2471 2462 ύπὸ
2499 2405 2593 2457 τοῦ
2621 2405 2825 2476 Κυρίου
2860 2402 3226 2457 πυνθάνεσθαι
3264 2402 3347 2465 τίς
3379 2402 3463 2472 εἴη
3496 2403 3526 2454 6
3565 2400 3739 2455 ταῦτα

2150 2494 2343 2563 λέγων’
2380 2494 2629 2563 ἐνέφαινε
2671 2495 2781 2567 γὰρ
2812 2495 2876 2548 τὸ
2919 2493 3057 2548 εἶναι
3091 2492 3380 2566 ἀνθρώπου
3417 2492 3601 2563 μεῖζον
3635 2492 3735 2563 (7),

2150 2588 2245 2640 καὶ
2274 2587 2522 2659 θειοτέρα
2560 2604 2644 2651 τις
2678 2587 2840 2656 φύσις
2881 2587 3170 2658 τυγχάνειν
3198 2590 3226 2641 6
3261 2588 3453 2658 Σωτὴρ
3487 2587 3735 2655 φάσκων,

2148 2682 2251 2743 ὅτι,
2292 2700 2311 2732 t
2366 2681 2490 2735 Ἐὰν
2516 2681 2589 2751 μὴ
2627 2681 2945 2752 πιστεύητε,
2970 2682 3053 2735 ὃτι
3074 2680 3185 2751 ἐγώ
3212 2681 3351 2750 εἰμι,
3381 2678 3736 2733 ἀποθανεῖσθε

2150 2772 2207 2824 ἐν
2236 2773 2357 2835 ταῖς
2384 2772 2679 2842 ἁμαρτίαις
2729 2771 2904 2842 ὑμῶν.
2949 2789 2967 2822 ›
3006 2770 3081 2823 Τὸ
3133 2766 3245 2823 οῦν·
3289 2790 3307 2820 t
3358 2769 3430 2822 Σὺ
3474 2769 3559 2832 τίς
3589 2764 3673 2834 εἶ;
3713 2787 3732 2820 t

2147 2866 2311 2919 οἱονεί
2332 2865 2624 2919 αἰτούντων
2650 2860 2718 2935 ἦν
2745 2865 3060 2935 ἀπόκρισιν,
3080 2865 3183 2927 ὅτι,
3228 2863 3369 2932 Ἐγώ
3406 2866 3521 2935 εἰμι
3549 2865 3579 2917 6
3605 2864 3739 2934 Χρι-

2151 2959 2293 3022 στός·
2326 2959 2382 3030 ἢ,
2426 2957 2565 3026 Ἐγώ
2596 2958 2711 3027 εἰμι
2739 2960 2769 3011 ὁ
2797 2960 3101 3029 προφήτηςο
3123 2960 3181 3028 ἢ,
3217 2956 3359 3025 Ἐγώ
3384 2958 3498 3027 εἰμι
3528 2954 3733 3014 Ἠλίαςο

2147 3051 2181 3122 ἢ
2213 3052 2373 3121 τάχα,
2420 3050 2563 3119 Ἐγώ
2587 3052 2702 3122 εἰμι
2734 3050 2963 3119 ἄγγελος
2992 3048 3147 3102 Θεοῦ·
3185 3050 3285 3103 οὐκ
3323 3048 3389 3103 ἂν
3412 3047 3521 3120 γάρ
3560 3047 3633 3118 μὴ
3654 3043 3738 3109 εἷς

434 3131 611 3181 'unus
646 3142 710 3182 ex
747 3130 829 3184 his
871 3141 1047 3199 esset,
1083 3148 1149 3190 ac
1194 3135 1391 3190 similis
1435 3137 1536 3202 eis,
1584 3139 1863 3209 proferret
1911 3143 2041 3197 talia

2154 3160 2232 3206 τις
2260 3142 2465 3196 τούτων
2507 3138 2596 3213 ἦν,
2643 3144 2737 3197 καὶ
2771 3142 3150 3213 παραπλήσιος
3183 3140 3258 3213 (8)
3306 3141 3489 3203 αὐτοῖς
3530 3138 3736 3210 τυγχά-

471 3219 636 3273 verba
669 3223 921 3291 genuina.

2146 3253 2274 3301 νων,
2304 3235 2679 3307 προσεφέρετο
2707 3236 2965 3305 γνησίους
2987 3234 3179 3303 λόγους
3207 3233 3578 3306 τηλικούτους.

473 3375 3727 3409 W

1625 3548 2574 3683 ΩΡΙΓΕΝΟΥΣ

1063 3776 1205 3829 ΤΩΝ
1235 3778 1365 3833 ΕΙΣ
1401 3780 1486 3833 T0
1522 3781 1710 3834 KATA
1751 3781 2090 3836 ΙΩΑΝΝΗΝ
2120 3783 2613 3838 ΕΥΑΓΓΕΛΙΟΝ
2644 3784 3124 3841 ΕΞΗΓΗΤΙΚΩΝ

1816 3946 2199 4034 ΤΟΜΟΣ
2252 3935 2381 4033 Κ’.

1765 4309 2440 4427 ORIGENIS

922 4520 1695 4599 COMMENTARIORUM
1736 4531 1821 4593 IN
1863 4532 2397 4597 EVANGELIUM
2440 4535 2867 4601 SECUNDUM
2909 4536 3291 4600 JOANNEM

1525 4708 1932 4803 TOMUS
1978 4715 2668 4807 VICESIMUS.

539 5053 593 5113 I.
624 5053 953 5112 Vicesimum
999 5070 1205 5116 tomum
1248 5062 1305 5119 in
1359 5064 1712 5138 Evangelium
1765 5081 1793 5120 a
1833 5064 2043 5121 Joanne

2221 5067 2274 5121 Ι.
2320 5065 2577 5120 Εἰκοστὺν
2607 5064 3036 5138 ὑπαγορεύοντες
3067 5067 3149 5129 εἰς
3199 5064 3261 5118 τὸ
3291 5062 3436 5120 κατὰ
3476 5064 3729 5138 Ἰωάννην

466 5150 726 5204 traditum
761 5156 1203 5222 commentaturi,
1251 5156 1345 5214 Dei
1374 5159 1748 5215 amantissime
1778 5169 1942 5228 atque
1981 5160 2037 5215 in

468 5239 699 5297 Domino
756 5245 1207 5303 exercitatissime
1266 5249 1566 5315 Ambrosi,
1661 5252 2043 5310 decentissime

465 5346 756 5403 precamur
780 5349 813 5389 e
839 5335 1176 5406 plenitudine
1199 5338 1325 5396 Filii
1350 5341 1468 5405 Dei,
1499 5342 1552 5397 in
1582 5358 1742 5412 quem
1767 5358 2039 5414 prapenso

2147 5159 2478 5228 Εὑαγγέλιον
2522 5157 2708 5229 τόμον,
2757 5156 3115 5227 φιλοθεὼτατε
3155 5157 3250 5211 καὶ
3295 5157 3725 5228 φιλομαθέστατε

2148 5254 2206 5306 ἐν
2235 5252 2426 5322 Κυρίῳ
2486 5249 2798 5321 ’Δμὸρόσιε,
2846 5248 3117 5321 εὐχόμεθα
3146 5250 3211 5302 ὲκ
3234 5248 3328 5303 τοῦ
3364 5248 3728 5321 πληρώματος

2145 5342 2240 5397 τοῦ
2276 5342 2405 5397 Υἰοῦ
2432 5342 2523 5395 τοῦ
2556 5340 2714 5405 Θεοῦ,
2741 5345 2820 5406 εἰς
2839 5342 2898 5396 ὃν
2927 5340 3185 5413 εὐδόκησε
3228 5343 3335 5395 πᾶν
3365 5340 3428 5395 τὸ
3453 5341 3729 5414 πλήρωμα

537 5468 582 5501 ⁹¹
614 5467 816 5537 Ephes.
855 5486 915 5535 ιι,
940 5471 1029 5527 14.
1104 5473 1153 5505 ⁸³
1185 5473 1326 5529 Psal.
1364 5491 1595 5543 xxxvut,
1631 5476 1686 5533 8.
1769 5478 1814 5510 ”
1844 5478 1989 5533 Psal.
2022 5494 2053 5535 c

2154 5495 2189 5544 I,
2223 5478 2311 5532 14.
2383 5477 2430 5509 ⁸⁸
2458 5475 2614 5531 Joan.
2641 5492 2759 5545 vui,
2786 5476 2878 5534 95.
2955 5477 3003 5510 "
3027 5476 3158 5533 ibid.
3183 5476 3277 5533 24.

539 5583 615 5655 (6)
630 5584 876 5664 _Co_dices
901 5587 1224 5664 Bodleianns
1253 5600 1308 5647 et
1348 5590 1705 5664 Barbcrinus,
1737 5597 1787 5649 εἰ
1825 5596 2019 5650 ἐνδίδο-

2154 5612 2231 5648 ιου
2264 5592 2483 5664 μείζων.

473 5653 603 5721 μεν,
628 5653 683 5707 In
714 5656 886 5723 Regio
917 5661 1102 5714 codice
1129 5663 1280 5716 deest
1312 5663 1380 5715 εἰ.

541 5723 617 5803 (7)
660 5726 730 5779 Τὸ
746 5722 910 5803 εῖναι
930 5729 1241 5803 evomam
1274 5731 1492 5802 μεῖζον.
1527 5732 1669 5803 Lego
1698 5752 1757 5803 Δτι
1795 5731 1931 5789 εἶναι
1955 5735 2048 5789 ἀν-

402 5862 407 5871 ι
472 5790 713 5864 θρώπου.
746 5790 1052 5854 Ferrarius
1075 5790 1292 5858 videtur
1330 5790 1529 5874 legisse
1560 5790 1642 5870 τίς
1669 5800 1805 5862 εἶναι
1834 5806 2043 5875 ἀνθρώ-

2226 5654 2303 5731 (8)
2346 5654 2526 5734 (index
2571 5662 2794 5734 Regius,
2837 5664 2937 5717 οὐκ
2970 5662 3037 5717 ἂν
3086 5660 3253 5734 μὴνὲν
3294 5678 3347 5715 τι
3389 5659 3597 5734 τούτων
3626 5654 3722 5733 ἦν,

2152 5732 2557 5860 ῖταραπιξήὺσιρν,
2592 5736 2685 5791 sed
2719 5733 3047 5791 Bodleiunus
3072 5731 3359 5789 lectionem
3397 5731 3571 5788 nostri
3603 5731 3725 5787 tex-

2177 5822 2238 5861 us
2276 5821 2338 5860 ex
2387 5821 2399 5857 ι
2441 5822 2470 5861 e
2500 5842 2516 5858 .
