4196 6420
418 379 522 438 575

1865 367 2190 425 οιιιοιςΝιε

3567 357 3671 416 576

413 494 642 562 judicia,
673 503 850 562 eaque
876 492 1025 547 dictu
1064 490 1324 560 difﬁcilia,
1371 507 1493 561 qum
1525 492 1782 546 videntur
1818 491 1991 544 abhis

2096 487 2314 557 γήτους.
2357 483 2740 555 θεωρουμένας
2791 483 2898 536 ὑπὸ
2944 480 3054 534 τῶν
3095 479 3392 550 εἰληφότων
3420 477 3512 531 τὸν
3541 477 3678 548 Χρι-

417 585 510 652 qui
544 591 780 638 mentem
807 583 1010 640 Christi
1038 595 1427 654 perceperunt,
1458 593 1518 638 ut
1555 584 1772 638 videant
1811 600 1932 652 qum
1957 599 1987 637 a

2095 577 2222 631 στοῦ
2243 576 2389 639 νοῦν,
2421 577 2508 628 ἵνα
2538 575 2689 629 ἴδωσι
2716 573 2787 628 τὰ
2805 573 2910 627 ὑπὸ
2937 573 3032 627 τοῦ
3059 573 3196 626 Θεοῦ
3219 569 3547 642 χαρισθέντα
3579 569 3678 622 αὖ.

419 673 530 727 Deo
556 674 658 728 sibi
687 677 884 728 donata
914 683 1041 728 sunt
1068 676 1137 738 ⁸⁸,
1177 674 1335 742 pauci
1366 675 1831 744 comprehendere
1865 690 1990 744 pos-

2096 673 2225 734 τοῖς,
2257 667 2457 735 ὀλίγοις
2496 667 2614 719 ἐστὶ
2655 665 2881 719 δυνατὸν
2911 663 3259 725 καταλαϐεῖν,
3290 665 3401 726 τοῖς
3423 659 3676 731 ἐπιμελέ-

420 773 579 828 sunt,
613 765 705 832 qui
735 764 1049 832 diligentius
1082 767 1432 819 commentati
1477 774 1604 820 sunt
1649 780 1768 834 qua;
1810 775 1987 818 ortum

417 859 731 927 praecedant
771 872 998 926 qumque
1033 857 1144 911 sint
1186 857 1240 911 iu
1295 866 1418 912 ortu
1465 859 1854 928 cujuscunque.
1913 857 1991 912 Ac

419 949 674 1016 quoniam
709 949 823 1004 hac
849 949 976 1004 talia
1007 949 1318 1020 quempiam
1363 949 1690 1004 conturbare
1741 955 1988 1017 possunt,

417 1037 510 1107 qui
565 1037 656 1092 illa
697 1039 916 1107 quidem
972 1047 1162 1108 ponat,
1195 1039 1287 1092 sed
1323 1055 1430 1092 non
1475 1039 1791 1108 explorate,
1828 1037 1993 1108 309
2039 1116 2042 1119 _

415 1129 662 1197 periculo
694 1145 792 1185 nos
817 1131 918 1200 ipsi
943 1130 1260 1198 ohjicimus,
1283 1131 1428 1200 quod
1453 1131 1520 1185 de
1547 1131 1710 1187 rebus
1724 1131 1989 1201 ejusmodi

415 1223 520 1278 hoc
543 1223 664 1280 loco
691 1224 872 1280 dicere
899 1236 954 1281 et
973 1224 1247 1296 explicare
1273 1227 1641 1297 periculosum
1661 1227 1752 1293 sit,
1778 1226 1987 1281 etiamsi

413 1330 542 1371 vera
567 1316 675 1370 sint
700 1334 713 1369 :
749 1325 802 1371 et
823 1326 973 1371 certe.
991 1317 1354 1386 periculosum
1387 1327 1494 1384 est,
1529 1327 1812 1387 propterea
1843 1318 1990 1386 quod

416 1422 555 1476 opus
605 1408 678 1462 sit
729 1407 1094 1476 dispensatori
1153 1409 1537 1478 mysteriorum
1628 1409 1725 1464 Dei
1781 1419 1991 1477 tempus

415 1512 663 1564 quaerere
692 1497 1009 1568 proferendi
1047 1499 1174 1553 talia
1211 1499 1468 1568 dogmata
1505 1499 1710 1568 absque
1740 1501 1989 1555 molestia

414 1589 732 1645 auditoris:
770 1601 826 1645 et
879 1591 1095 1646 modum
1171 1589 1483 1656 observare,
1538 1591 1624 1646 vel
1684 1591 1804 1662 ejus
1848 1593 1992 1662 quod

413 1677 620 1746 deﬁcit,
673 1681 760 1734 vel
795 1683 939 1752 quod
981 1690 1244 1752 superat,
1303 1690 1392 1746 et,
1442 1682 1488 1736 si
1543 1683 1803 1754 temporis
1855 1683 1992 1737 ratio

415 1770 702 1837 habeatur,
737 1773 880 1841 quod
909 1783 1104 1842 prmter
1127 1782 1331 1829 rectam
1365 1775 1630 1829 rationem
1659 1774 1755 1840 ﬁt;
1782 1775 1910 1844 quin
1937 1785 1994 1829 et

2095 777 2286 830 στερον
2317 759 2386 813 τὰ
2411 758 2520 827 πρὸ
2544 759 2811 824 γενέσεως
2834 756 2930 810 καὶ
2953 757 3021 809 τὰ
3050 755 3110 808 ὲν
3142 754 3350 822 γενέσει
3387 755 3515 824 περὶ
3548 753 3663 807 ἑκά.-

2095 868 2220 904 στου
2247 849 2570 919 διειληφόσι,
2605 849 2713 901 Καὶ
2752 849 2874 901 ἐπεὶ
2919 846 3154 918 ταράξαι
3205 845 3316 916 (14)
3348 846 3414 899 ἄν
3444 861 3568 898 τινα
3606 843 3676 898 τὰ

2092 949 2338 1012 τοιαῦτα,
2371 948 2632 1001 συνθέντα
2659 947 2758 1018 μὲν
2773 945 2964 1010 ταῦτα,
2993 944 3067 1017 μὴ
3094 942 3430 1016 ἀκριϐοῦντα
3452 942 3530 1002 δὲ,
3564 958 3677 994 κιν-

2093 1041 2234 1114 δύνῳ
2265 1040 2582 1113 παραϐαλοῦ
2590 1058 2689 1112 μεν
2722 1039 2948 1102 ἑαυτοὺς
2995 1037 3074 1108 τῷ
3106 1039 3235 1110 περὶ
3259 1035 3368 1090 τῶν
3396 1035 3674 1098 τοιούτων,

2095 1132 2226 1188 ἔνθα
2265 1131 2330 1185 τὸ
2355 1131 2556 1200 λέγειν,
2607 1132 2702 1184 καὶ
2738 1129 3104 1184 ἀναπτύσσειν
3151 1128 3220 1181 τὰ
3260 1125 3488 1182 τοιαῦτά
3529 1127 3676 1180 ἐστιν

2096 1222 2414 1291 ἐπισφαλὲς,
2455 1221 2558 1276 κᾶν
2591 1221 2925 1293 ἀληθεύηται
2959 1220 3092 1290 (15),
3124 1221 3220 1273 καὶ
3250 1218 3547 1288 ἐπισφαλὲς
3588 1217 3678 1271 διὰ

2095 1314 2157 1368 τὸ
2189 1315 2299 1368 δεῖν
2326 1315 2418 1368 τὸν
2447 1315 2729 1383 οἰκονόμον
2761 1313 2871 1366 τῶν
2904 1312 2999 1365 τοῦ
3019 1313 3154 1366 Θεοῦ
3193 1311 3529 1384 μυστηρίων,
3582 1313 3676 1364 καὶ

2095 1406 2188 1458 τὸν
2233 1406 2425 1478 καιρὸν
2480 1403 2663 1477 ζητεῖν
2700 1405 2800 1473 τῆς
2855 1404 3221 1476 προσαγωγῆς
3265 1402 3374 1455 τῶν
3421 1402 3676 1456 τοιούτων

2095 1497 2400 1569 δογμάτων,
2435 1499 2510 1570 μὴ
2546 1497 2850 1568 βλάπτοντα
2889 1497 2933 1566 (Ι
2945 1496 2998 1566 6)
3045 1497 3137 1550 τὸν
3169 1495 3458 1561 ἀκούοντα,
3498 1496 3592 1548 καὶ
3615 1495 3679 1547 τὸ

2100 1589 2296 1660 μέτρον
2329 1588 2644 1660 περιαθρεῐν
2673 1587 2767 1641 τοῦ
2793 1587 3150 1651 ἐλλείποντος,
3193 1587 3227 1658 ἧ
3271 1583 3676 1650 πλεονάζοντος,

2098 1677 2201 1731 κᾶν
2235 1681 2264 1732 ὁ
2297 1679 2486 1749 καιρὸς
2508 1679 2760 1750 τηρῆται,
2797 1679 2948 1750 παρὰ
2977 1678 3067 1731 τὸν
3095 1677 3254 1748 ὀρθὸν
3280 1677 3437 1745 λόγον
3461 1678 3675 1748 γινομέ-

2096 1788 2213 1834 νου,
2257 1773 2351 1826 καὶ
2403 1772 2823 1842 ἐπιμελέστερον
2848 1767 3122 1836 ἐξετάζειν
3152 1770 3376 1842 πότερον
3405 1768 3678 1825 σύνδουλοι

412 1862 732 1932 diligentius
763 1865 928 1918 etiam
960 1865 1300 1932 perpendere
1342 1876 1526 1920 utrum
1567 1867 1818 1921 conservi
1861 1865 1990 1929 sint,

2096 1867 2230 1917 εἰσιν
2249 1859 2332 1926 οἷς
2359 1863 2708 1934 παραδίδοται
2727 1863 2796 1916 τὰ
2827 1861 3070 1924 τοιαῦτα,
3101 1860 3132 1932 ἦ
3166 1859 3340 1912 δοῦλοι
3359 1859 3518 1913 ἄλλου
3536 1861 3679 1926 τινὸς

413 1955 613 2024 quibus
654 1956 941 2008 traduntur
972 1956 1126 2019 talia,
1159 1971 1227 2010 an
1253 1959 1392 2012 servi
1423 1957 1723 2027 cuiuspiam
1744 1957 1990 2020 alterius,

388 2045 506 2115 ,ψιί
557 2045 804 2100 diversus
851 2047 922 2099 sit
981 2061 1010 2101 a
1068 2047 1298 2104 Domino
1349 2049 1766 2103 dominantium.
1837 2049 1992 2116 Quod

414 2147 599 2191 autem
653 2139 970 2192 necessario
1016 2141 1404 2209 perpendenda
1446 2142 1692 2196 siuthzec
1737 2143 1918 2196 omnia
1963 2158 1992 2195 a

420 2225 804 2296 dispensatore
849 2233 1236 2301 mysteriorum
1291 2232 1407 2296 Dei,
1461 2235 1620 2288 docet
1669 2233 1992 2302 Scriptura,

415 2318 604 2373 dicens
630 2337 644 2373 :
675 2319 934 2384 Quisnam
961 2333 1035 2374 est
1071 2323 1246 2391 ﬁdelis
1278 2324 1610 2389 dispensator
1651 2341 1714 2378 ac
1742 2327 1992 2393 prudens,

412 2425 568 2478 quem
617 2410 877 2477 pra'ﬁcial
932 2411 1186 2466 Dentium
1232 2414 1500 2480 famulitio
1540 2432 1675 2480 suo,
1734 2426 1789 2469 ut
1825 2417 1909 2469 det
1939 2417 1994 2470 in

415 2509 645 2569 tempore
695 2503 862 2554 tritici
919 2519 1219 2557 mensuram
1285 2506 1546 2558 conservis
1593 2505 1706 2558 suis
1752 2504 1822 2556 ‘1'
1880 2504 1993 2559 Non

418 2606 611 2646 omnes
641 2606 775 2661 ergo
818 2594 1068 2647 hoxnines
1096 2608 1280 2646 semen
1332 2605 1456 2647 sunt
1505 2595 1778 2659 Abrahm;
1821 2609 1995 2662 neque

417 2682 591 2735 etiam
641 2682 754 2736 suis
793 2684 991 2737 animis
1030 2685 1300 2752 ingenitas
1331 2685 1532 2738 habent
1563 2685 1804 2739 rationes
1827 2726 1842 2750 ,
1875 2699 1995 2755 quae

415 2775 657 2840 valeant,
689 2775 735 2828 si
774 2776 1115 2839 excolantur,
1151 2776 1333 2830 facere
1355 2776 1496 2830 ﬁlios
1528 2777 1780 2830 Abrahae.

491 2950 547 3006 5.
577 2951 796 3018 Quaerat
833 2953 995 3022 igitur
1027 2953 1261 3026 aliquis,
1313 2957 1381 3008 ad
1445 2957 1563 3012 haec
1621 2957 1830 3024 dicens,
1879 2959 1992 3015 ﬁeri

417 3042 634 3112 quidem
658 3059 815 3112 posse
841 3055 898 3098 ut
923 3046 1323 3116 vituperatione
1350 3049 1422 3102 sit
1443 3048 1639 3117 dignus
1665 3050 1756 3118 qui
1781 3051 1996 3120 genitus

417 3148 606 3187 semen
639 3135 890 3200 Abrahae,
953 3151 1060 3190 nou
1115 3139 1280 3191 etiam
1317 3137 1460 3193 ﬁlius
1507 3139 1679 3210 ipsius
1720 3143 1847 3206 ﬁat;
1897 3143 1992 3196 sed

415 3239 526 3294 quo
576 3238 736 3294 pacto
794 3227 922 3297 jure
979 3229 1328 3283 incusaretur
1385 3245 1492 3285 non
1547 3229 1761 3287 faciens
1827 3248 1994 3302 opera

414 3316 672 3377 Abrahae,
692 3316 783 3384 qui
818 3333 883 3371 ne
904 3318 1174 3388 principio
1194 3319 1410 3388 quidem
1443 3320 1604 3375 habet
1631 3331 1690 3376 ut
1712 3323 1786 3378 sit
1807 3338 1993 3378 semen

414 3405 669 3471 Abrahae,
703 3424 731 3460 a
772 3424 880 3477 quo
937 3409 1302 3477 proﬁciscitur
1346 3427 1470 3466 esse
1519 3413 1662 3468 ﬁlios
1707 3415 1981 3469 Abrahae?

417 3495 498 3548 Ad
543 3510 664 3564 qua:
699 3499 1188 3567 respondebimus,
1245 3502 1479 3560 historia
1539 3515 1794 3576 tanquam
1845 3504 1994 3562 scala

419 3594 658 3654 utentes,
690 3595 748 3644 et
781 3589 1008 3660 vestigia
1039 3592 1292 3650 veritatis
1333 3595 1497 3663 hujus
1545 3596 1650 3652 loci
1689 3609 1995 3667 quaerentes

419 3677 474 3730 in
509 3677 706 3734 litteris
736 3721 752 3747 ,
801 3681 848 3736 si
883 3697 1009 3737 cum
1063 3699 1169 3738 non
1216 3695 1361 3763 esset
1405 3689 1528 3758 quis
1565 3688 1800 3744 Abrahae
1831 3688 1995 3756 ﬁlius,

420 3766 622 3823 nullius
649 3769 782 3840 justi
817 3787 1003 3828 semen
1034 3785 1204 3842 esset,
1251 3777 1418 3832 etiam
1450 3779 1609 3850 culpa
1637 3795 1836 3836 vacare
1871 3795 1997 3850 pec-

424 3872 556 3912 cans
587 3869 810 3929 posset;
842 3866 1044 3936 quippe
1066 3867 1156 3935 qui
1190 3869 1396 3924 nullam
1438 3871 1653 3925 honesti
1700 3886 1922 3926 causam
1963 3887 1993 3926 a

425 3951 726 4008 seminibus
757 3956 1006 4012 haberet.
1032 3960 1103 4014 At
1133 3977 1278 4016 nunc
1305 3971 1363 4015 ut
1397 3963 1450 4017 in
1479 3961 1780 4018 seminibus
1803 3977 1995 4032 corpo-

420 4042 626 4100 ralibus
657 4045 794 4102 alter
825 4049 1047 4118 quidem
1091 4053 1452 4124 complurium
1487 4055 1761 4124 justorum
1807 4070 1992 4110 semel

417 4142 525 4197 est,
555 4135 693 4188 alter
719 4152 847 4192 vero
876 4142 1193 4209 pauciorum
1219 4184 1235 4208 ,
1283 4155 1342 4197 ut
1371 4145 1724 4216 perspicuum
1775 4147 1884 4202 erit
1925 4161 1992 4201 ex

419 4221 526 4288 his,
549 4240 672 4294 quae
707 4229 980 4295 dicentur,
1008 4231 1079 4285 ita
1108 4233 1274 4288 etiam
1306 4248 1427 4289 esse
1463 4235 1753 4290 dicendum
1799 4235 1992 4289 analo-

419 4327 524 4383 gon
572 4317 625 4370 in
684 4321 986 4376 seminibus
1043 4327 1308 4395 mysticis.
1375 4327 1649 4382 Abraham
1701 4329 1995 4384 vicesimus

419 4409 633 4476 genitus
655 4421 736 4466 est
771 4428 801 4467 a
839 4417 1175 4485 protoplasto
1205 4433 1219 4470 :
1248 4419 1412 4490 310
1439 4435 1565 4474 nam
1610 4422 1796 4477 decem
1825 4435 1994 4492 gene-

490 4501 537 4534 "
577 4503 596 4558 Ι
628 4502 754 4560 Cor.
795 4522 856 4574 η,
894 4507 980 4562 12.
1058 4509 1074 4540 ⁸
1103 4509 1234 4566 Luc.
1269 4527 1367 4578 xu,
1395 4511 1488 4565 42.

2095 1955 2250 2027 παρὰ
2298 1955 2390 2008 τὸν
2443 1955 2648 2025 Κύριον
2705 1953 2814 2006 τῶν
2867 1954 3248 2025 κυριευόντων.
3298 1953 3420 2005 Ὅτι
3479 1953 3536 2005 δὲ
3601 1952 3682 2006 δεῖ

2095 2049 2275 2103 πάντα
2335 2047 2508 2101 ταῦτα
2558 2047 2830 2114 ἐξετάζειν
2872 2049 2963 2101 τὸν
2995 2047 3277 2117 οἰκονόμον
3324 2047 3432 2099 τῶν
3475 2063 3681 2118 μυστη-

2097 2141 2228 2214 ρίων
2289 2139 2383 2192 τοῦ
2446 2139 2582 2192 Θεοῦ
2643 2140 2976 2210 παρίστησιν
3043 2140 3077 2210 ἡ
3136 2139 3420 2208 φάσκουσα
3499 2138 3674 2204 λέξιςο

2101 2234 2198 2298 Τίς
2234 2232 2348 2299 ἄρα
2390 2232 2565 2285 ἐστὶν
2590 2235 2622 2285 ό
2661 2231 2876 2296 πιστὸς
2902 2233 2998 2284 καὶ
3035 2234 3321 2300 φρόνιμος
3343 2232 3675 2299 οἰκονόμος,

2095 2323 2168 2377 ὃν
2196 2322 2562 2388 καταστήσει
2591 2326 2623 2375 ό
2666 2323 2880 2390 Κύριος
2906 2321 3006 2375 ἐπὶ
3036 2321 3146 2390 τῆς
3181 2309 3466 2382 οἰκετείας
3491 2317 3679 2375 αὐτοῦ

2095 2413 2200 2466 τοῦ
2232 2413 2461 2465 διδόναι
2522 2411 2593 2464 ἐν
2626 2411 2806 2478 καιρῷ
2836 2410 2902 2464 τὸ
2952 2409 3323 2478 σιτομέτριον
3366 2408 3490 2474 τοῖς
3529 2424 3679 2462 συν-

2095 2505 2341 2571 δούλοις
2394 2504 2650 2566 ἐαυτοῦ;
2701 2505 2776 2557 Ού
2819 2503 3019 2566 πάντες
3073 2499 3164 2556 οῦν
3212 2504 3350 2555 είσιν
3400 2500 3675 2570 ἄνθρωποι

2097 2597 2320 2668 σπέρμα
2357 2595 2452 2649 τοῦ
2483 2596 2754 2667 Ἀϐραάμ·
2793 2594 2915 2648 οὐδὲ⁹
2947 2594 3056 2665 γὰρ
3073 2594 3254 2664 ἔχουσι
3289 2593 3402 2665 (17)
3432 2595 3560 2655 τοὺς
3591 2591 3677 2645 Mr

2096 2703 2228 2755 γους
2290 2686 2882 2757 συγκατεσπαρμένους
2929 2685 3109 2739 αὐτῶν
3160 2687 3279 2748 ταῖς
3319 2684 3535 2754 ψυχαῖς,
3586 2685 3678 2736 καὶ

2093 2779 2445 2850 δυναμένους,
2501 2781 2549 2832 εί
2611 2779 2998 2849 γεωργηθεῖεν,
3069 2778 3294 2849 ποιῆσαι
3355 2778 3522 2830 τέκνα
3583 2775 3678 2828 τοῦ

2095 2869 2368 2941 ’Δϐραάμη
3670 2857 3678 2862 ’

2166 2965 2220 3020 5.
2253 2963 2496 3033 Ζητήσαι
2526 2979 2609 3025 τις
2633 2962 2699 3016 ἂν
2720 2957 2814 3014 οὖν
2843 2961 2978 3034 πρὸς
3012 2961 3185 3016 ταῦτα
3208 2961 3454 3031 φάσκων,
3489 2962 3571 3014 ὅτι
3590 2959 3680 3014 δύ-

2095 3071 2251 3109 ναται
2306 3053 2404 3125 μὲν
2444 3052 2642 3122 ψεκτὸς
2696 3049 2835 3106 εἶναι
2881 3055 2912 3106 ὁ
2963 3054 3254 3123 γενόμενος
3310 3052 3530 3124 σπέρμα
3583 3050 3678 3104 τοῦ

2099 3145 2371 3216 Ἀϐραὰμ,
2411 3145 2460 3198 εί
2494 3143 2568 3215 μὴ
2605 3143 2700 3196 καὶ
2728 3143 2919 3196 τέκνον
2944 3142 3107 3196 αὑτοῦ
3135 3143 3363 3211 γένοιτο·
3391 3143 3508 3206 πῶς
3538 3141 3582 3197 δ’
3613 3141 3680 3196 ἂν

2099 3237 2339 3306 εὐλόγως
2371 3235 2646 3308 μεμφθείη
2675 3235 2750 3306 μὴ
2789 3235 2960 3289 ποιῶν
2989 3235 3056 3289 τά
3086 3234 3220 3306 ἔργα
3245 3235 3339 3288 τοῦ
3374 3234 3626 3305 Ἀϐραὰμ
3649 3236 3679 3288 ὁ

2101 3325 2236 3398 μηδὲ
2259 3324 2358 3396 τὴν
2391 3323 2564 3394 ἀρχὴν
2597 3322 2733 3393 ἔχων
2765 3323 2827 3375 τὸ
2847 3321 2986 3375 εἶναι
3015 3322 3235 3393 σπέρμα
3274 3320 3368 3374 τοῦ
3403 3318 3676 3389 Ἁϐραάμ,

2097 3420 2192 3489 ἀφ’
2221 3413 2282 3474 οῦ
2311 3417 2532 3489 ἔρχεται
2556 3415 2883 3486 τὸγενέσθαι
2902 3413 3160 3484 τέκνατῷ
3187 3415 3440 3484 Ἀϐραάμ
3461 3430 3476 3472 ;
3499 3410 3682 3485 Ἐροῦ-

2101 3525 2201 3578 μεν
2231 3508 2289 3562 δὲ
2321 3508 2459 3579 πρὸς
2479 3506 2650 3560 ταῦτα
2682 3506 2922 3578 ὡσπερεὶ
2952 3505 3226 3576 ἔειιιϐτὶιθρᾳ⁵
3245 3505 3579 3576 χρησάμενοι
3609 3505 3678 3574 τῇ

2099 3599 2331 3674 ἱστορίᾳ,
2371 3601 2466 3653 καὶ
2503 3598 2574 3652 τὰ
2626 3598 2748 3669 ἴχνη
2777 3599 2878 3670 τῆς
2905 3597 3047 3652 κατὰ
3089 3598 3180 3652 τὸν
3211 3597 3376 3650 τόπον
3425 3593 3680 3666 ἀληθείας

2099 3693 2390 3764 ζητοῦντες
2428 3695 2486 3746 ὲν
2509 3695 2623 3755 τοῖς
2659 3691 3002 3762 γράμμασιν,
3039 3691 3144 3754 ὅτι,
3175 3691 3224 3742 εί
3261 3690 3358 3761 μὲν
3395 3689 3470 3760 μὴ
3498 3687 3573 3742 ὥν
3599 3705 3684 3751 τις

2099 3783 2286 3838 τέκνον
2317 3782 2412 3836 τοῦ
2442 3781 2716 3853 Ἀϐραὰμ,
2746 3781 2960 3845 οὐδενὸς
2980 3781 3190 3835 δικαίου
3226 3781 3448 3853 σπέρμα
3476 3775 3565 3852 ἦν,
3587 3779 3683 3833 καὶ

2099 3874 2432 3946 ἀνέγκλητος
2459 3873 2721 3944 ἐτύγχανε
2758 3873 2868 3926 τῶν
2899 3871 3239 3944 ἁμαρτωλῶν
3275 3889 3381 3936 τις,
3411 3872 3682 3942 μηδεμίαν

2097 3964 2236 4036 ἔχων
2265 3964 2372 4018 άπὸ
2420 3963 2750 4034 σπερμάτων
2798 3962 3051 4034 ἀφορμὴν
3096 3961 3190 4016 τοῦ
3235 3960 3420 4016 καλοῦ·
3463 3961 3581 4017 νυνὶ
3623 3960 3681 4014 δὲ

2097 4055 2287 4126 ὥσπερ
2322 4056 2414 4108 ἐπὶ
2434 4055 2542 4108 τῶν
2572 4055 2861 4125 σωμάτων,
2893 4057 2922 4108 ὁ
2951 4054 3049 4126 μέν
3075 4071 3160 4118 τις
3181 4054 3297 4108 ἐστὶ
3314 4054 3574 4108 πλειόνων
3601 4053 3680 4106 δι-

2097 4149 2270 4202 καίων
2305 4147 2546 4220 σπέρμα,
2579 4147 2834 4220 ἓτεροςδὲ
2853 4147 3196 4219 ὀλιγοτέρων,
3223 4146 3318 4218 (ὡς
3348 4146 3505 4216 δῆλον
3524 4145 3677 4199 ἔσται

2098 4241 2164 4295 ὲκ
2191 4241 2291 4311 τῆς
2334 4238 2692 4311 παραθέσεως
2738 4237 2846 4290 τῶν
2886 4235 3344 4308 λεχθησομένων,)
3383 4234 3556 4298 οὕτως
3584 4233 3680 4288 καὶ

2096 4335 2190 4388 ἐπὶ
2230 4332 2336 4387 τῶν
2387 4333 2488 4402 τῆς
2534 4332 2822 4402 ἀναγωγῆς
2863 4331 2924 4384 τὸ
2967 4331 3224 4399 ἀνάλογον
3274 4329 3424 4384 ἔσται
3480 4328 3677 4397 λέγειν.

2109 4425 2360 4498 Ἁϐραάμ
2403 4423 2643 4488 εἰκοστὸς
2690 4423 3010 4495 γεγέννηται
3062 4424 3170 4493 (18)
3204 4423 3312 4476 ἀπὸ
3347 4421 3441 4477 τοῦ
3472 4439 3682 4494 πρωτο-

491 4601 603 4682 (id)
655 4602 1111 4682 ’Eirrei‘rupdfqr.
1145 4609 1243 4682 $_ic_
1262 4619 1409 4682 recte
1450 4609 1620 4682 habet
1658 4609 1827 4665 codex
1854 4609 1988 4682 rBar-
2017 4613 2062 4670 D
2093 4623 2273 4682 nonne
2326 4606 2470 4682 enim
2511 4623 2529 4654 ι
2568 4614 2761 4682 potens
2811 4613 2897 4682 est
2928 4603 3097 4682 __[_)_cus
3157 4603 3224 4656 de
3254 4601 3680 4682 l_apid_ih_ns_istis

419 4671 680 4752 befil}.tls_.‘
701 4675 759 4752 lu
784 4671 1037 4752 Regiouet
1057 4677 1357 4752 Bodleiano
1389 4679 1584 4752 legitur
1605 4680 1957 4752 entrapdﬁat.

420 4741 820 4865 eeézﬂfoiiex
853 4745 1199 4813 Bodleiauus,
1227 4741 1557 4818 ἀληθεύηται
1578 4765 1592 4779 ο
1617 4741 1838 4818 Regius,
1858 4741 2000 4822 άλη-

455 4830 654 4866 ευεται.

487 4884 604 4959 (16)
645 4882 828 4939 Codex
877 4885 1220 4959 Bodleianus,
1253 4884 1328 4959 μὴ
1383 4883 1718 4956 βλάπτοντα⁵
1774 4889 1994 4959 Regius,

487 4905 604 4948 uo;
645 4905 828 4939 ιιοηεχ
877 4905 1220 4948 nouletanus,
1294 4905 1328 4956 η
1383 4905 1708 4956 ιωιαπτοντικ⁴

421 4951 1000 5039 βλάπξρζιας,ιοπιίεες
1037 4905 1302 5025 par-licuit:
1330 4959 1584 5039 negativa
1611 4961 1708 5039 μή.

491 5025 606 5092 (l7)
636 5023 791 5078 Οὐδὲ
817 5025 926 5095 γὰρ
963 5023 1211 5094 ἔχουσι,
1243 5038 1352 5081 etc.
1385 5023 1506 5081 Haec
1536 5023 1717 5082 ouinia
1744 5027 1998 5082 dubitan-

421 5101 502 5146 ter
539 5096 765 5162 proponi
791 5099 860 5147 ah
898 5097 1130 5162 Origene
1171 5111 1331 5164 supra
1378 5099 1721 5153 notabamus.
1769 5098 1992 5152 Animas

419 5163 636 5230 quidem
669 5165 912 5233 ejusdem
939 5181 1059 5219 esse
1087 5163 1316 5222 naturae.
1355 5177 1411 5220 et
1433 5168 1498 5220 ad
1537 5169 1767 5221 salutem
1800 5181 1990 5221 conse-

418 5235 692 5300 quendam
722 5248 876 5306 mque
927 5236 1170 5298 habiles;
1224 5246 1405 5292 certas
1433 5249 1612 5290 autem
1667 5237 1988 5306 qualitates,

419 5319 542 5356 cum
595 5304 920 5374 corporibus
977 5306 1346 5368 illaberentur,
1401 5304 1700 5375 accepisse
1745 5305 1989 5374 censuit,

420 5384 642 5442 propter
687 5389 882 5429 causas
914 5377 1178 5442 quasdam
1231 5377 1565 5444 antiquiores
1608 5377 1990 5442 conjunctione

418 5445 662 5507 ipsarum
690 5458 816 5498 cum
852 5459 1082 5514 corpore
1109 5461 1124 5511 ;
1150 5461 1271 5513 qua:
1302 5446 1594 5513 qualitates
1629 5447 1673 5500 si
1702 5447 1992 5514 diligenter

417 5515 764 5576 excolantur,
814 5516 1065 5570 homines
1104 5515 1396 5570 virtutibus
1438 5516 1734 5570 instructos
1789 5525 1844 5569 et
1894 5532 1987 5570 or-

419 5592 578 5638 natos
608 5584 837 5638 dabunt.
879 5585 987 5641 Nec
1016 5587 1145 5639 mihi
1185 5587 1448 5654 probatur
1483 5587 1626 5654 quod
1661 5586 1832 5648 addit,
1880 5602 1988 5640 non

417 5667 607 5726 omnes
639 5671 702 5726 in
724 5655 1016 5709 Abrahami
1051 5656 1191 5710 ﬁlios
1213 5658 1446 5712 evadere
1473 5671 1648 5725 posse.
1681 5655 1825 5726 quod
1857 5671 1990 5724 qua-

414 5721 599 5795 litates
651 5723 770 5778 illas
816 5727 1014 5782 animis
1047 5728 1158 5780 suis
1193 5727 1386 5781 insitas
1417 5721 1523 5779 non
1567 5721 1824 5789 habeant,
1873 5721 1994 5795 qua:

418 5793 650 5849 exculta:
704 5795 851 5863 ipsos
897 5795 1196 5853 Abrahami
1251 5797 1390 5853 ﬁlius
1448 5809 1674 5867 possent
1729 5793 1992 5853 eﬁiccre:

2103 4679 2370 4734 suscitare
2401 4677 2540 4728 lilios
2564 4674 2841 4729 Abrahae?
2877 4693 2894 4726 ι
2928 4673 3106 4728 Nihilo
3139 4673 3312 4740 magis
3343 4673 3472 4725 mihi
3504 4673 3679 4742 placet

2102 4750 2245 4816 quod
2277 4745 2522 4816 subiicit.
2561 4745 2719 4814 culpa
2769 4758 2968 4816 vacare
2994 4759 3170 4816 reum,
3207 4743 3252 4795 si
3286 4755 3463 4816 neque
3491 4744 3672 4796 Abra-

2101 4812 2242 4874 liauti
2275 4818 2417 4870 ﬁlius
2465 4812 2668 4878 fuerit,—
2702 4829 2882 4883 neque
2919 4813 3050 4882 justi
3081 4812 3278 4883 ullius;
3333 4813 3457 4879 quia
3497 4827 3679 4867 causa

2102 4889 2236 4942 bene
2267 4885 2460 4955 agendi
2494 4882 2914 4955 neutiquamﬂilli
2939 4884 3117 4936 insitae
3145 4882 3212 4934 ad
3232 4895 3467 4955 eumque
3500 4890 3678 4955 transf

2102 4959 2280 5011 missu!
2303 4951 2524 5008 Tueriut
2556 4970 2569 5005 :
2605 4969 2726 5005 nam
2754 4953 2892 5006 tollit
2927 4961 3213 5020 peceatum
3231 4951 3496 5019 originis;
3525 4961 3578 5004 et
3609 4953 3676 5005 ad

2101 5027 2402 5095 qualitates
2425 5025 2548 5080 illas
2588 5023 2946 5095 relerthuod
2979 5020 3315 5095 adgratiam
3364 5028 3484 5095 erat
3536 5020 3676 5095 reie-

2100 5091 2354 5150 r'endum.
2390 5094 2466 5148 lta
2515 5103 2692 5145 tamen
2740 5091 2887 5144 illum
2917 5105 3022 5143 non
3053 5091 3224 5156 ingit;
3283 5091 3479 5144 scribit
3529 5093 3673 5142 enim

2096 5165 2260 5234 paulo
2289 5164 2517 5234 inferius
2543 5179 2558 5215 :
2600 5161 2738 5213 Ἀλλ’
2758 5161 2880 5234 οὐδὲ
2917 5158 3163 5234 ὲλῄλυθέμ
3191 5177 3281 5234 τις
3315 5158 3471 5234 κενὸς
3497 5175 3675 5230 σωτη-

2097 5228 2227 5308 ρίων
2251 5235 2343 5287 καὶ
2366 5231 2538 5308 άγίων
2566 5232 2924 5308 σπερμάτων·
2954 5228 3009 5283 εἴ
3034 5228 3242 5308 μηᾶρα
3259 5230 3580 5308 δυσωπῄσαι
3595 5228 3678 5308 τις

2137 5303 2393 5376 μοῖςηκςιῖ1
2419 5297 2504 5364 εἰς
2519 5297 2686 5376 τοῦτο’
2712 5297 2829 5376 ᾇμα
2865 5297 3554 5376 παρατιθέμενοςτὴνλᾶπὺ
3581 5297 3676 5376 τοῦ

2093 5309 2264 5428 Epic,
2297 5309 2389 5356 καί
2423 5309 2504 5364 εἰς
2519 5309 2678 5354 τουτο
2712 5309 2829 5372 ἁμα
2865 5309 3300 5372 παρατιθέμενος
3322 5309 3420 5369 τὴν
3445 5309 3554 5352 άπο
3581 5309 3676 5352 του

2140 5373 2231 5428 εοῦ
2271 5372 2674 5445 βοήθειαν,ᾼούκ
2715 5370 3206 5445 ᾲπογινώσκουσαν
3238 5369 3334 5445 καὶ
3361 5371 3486 5445 τοὺς
3513 5369 3677 5445 κακί-

2097 5439 2281 5514 στους,
2313 5439 2411 5514 καί
2439 5439 3678 5514 χωρὶς-ἀρίστων.σπερμάτωνῌείσελῃλυθὸτας

2097 5462 2276 5508 στους,
2313 5458 2408 5498 και
2439 5458 2606 5514 χωρις
2633 5458 2871 5563 αςιστων
2900 5458 3232 5509 σπερματων
3269 5458 3676 5505 εισεΑηΑυυοτας

2089 5515 2169 5578 είς
2214 5513 2306 5566 τὸν
2359 5511 2500 5582 βίον,
2544 5511 2639 5564 καὶ
2707 5508 2994 5582 υσωπή-σαι
3031 5509 3140 5562 ἀπὸ
3177 5506 3305 5560 τοῦ.
3328 5509 3604 5582 Aurem-ar
3643 5511 3676 5561 ὀ

2089 5576 2237 5707 θεὸς
2274 5576 2501 5636 ὲκ’τῶν
2553 5584 2740 5636 λίθων
2789 5576 3010 5650 ἐγεῖραι
3057 5582 3243 5633 τέκνα
3279 5576 3361 5643 τῷ
3401 5578 3671 5646 Ἀϐραάμ.

2109 5677 2111 5680 ⁴
2142 5667 2345 5707 certus.

2109 5654 2345 5709 :IUETIUS.

2173 5724 2286 5794 (18)
2335 5723 2580 5794 Ἀϐραὰμ
2605 5721 2883 5787 εἰκοστὸς
2910 5722 3275 5794 γεγέννηται,
3293 5732 3396 5778 etc.
3416 5722 3680 5792 Origenes

2101 5792 2294 5854 ltomil.
2326 5793 2359 5848 4
2397 5809 2451 5848 tu
2491 5793 2682 5860 Nu-n.,
2711 5807 2859 5846 nunt.
2893 5795 2952 5847 1:
2979 5792 2996 5844 ι
3025 5792 3222 5864 Viginti
3259 5805 3314 5848 et
3343 5795 3452 5850 duo
3488 5810 3677 5848 rursus
