4196 6428
582 375 687 427 577

1634 378 1988 436 conamur.
2032 379 2099 434 IN
2135 381 2327 437 JOAN.
2364 383 2608 441 TOMUS
2636 366 2793 441 xx.‘

3729 394 3834 449 578

579 490 837 546 πλάστου·
873 494 1004 549 δέκα
1029 494 1138 567 γὰρ
1167 498 1351 565 γενεαὶ
1376 497 1484 551 ἀπὸ
1530 499 1699 570 Ἀδὰμ
1734 500 1844 568 (19)
1879 502 1972 554 ἐπὶ
2004 503 2139 567 Νῶε1

2258 508 2499 561 rationes
2533 516 2656 562 sunt
2686 508 2753 560 ab
2787 508 2961 562 Adam
2988 522 3162 577 usque
3196 511 3261 564 ad
3302 509 3435 572 Noe.
3466 522 3522 567 et
3559 513 3751 568 decem
3803 532 3834 569 a

582 581 675 633 καὶ
710 579 845 636 δέκα
894 585 1000 637 ἀπὸ
1026 586 1148 639 Νῶε
1199 588 1290 639 ἐπὶ
1336 588 1601 660 Ἀϐραάμ·
1645 591 1860 644 καὶτοῦ
1903 592 2155 664 Ἀϐραὰμ

576 671 861 739 γεγόνασιν
890 675 1106 744 ἀδελφοὶ
1138 677 1358 749 Ναχὼρ,
1390 681 1485 732 καὶ
1525 681 1755 751 Ἀρράμ·
1796 686 1846 736 οἱ
1872 684 1981 755 γὰρ
2007 689 2154 756 τρεῖς

575 759 712 835 ἦσαν
766 768 873 821 υἱοὶ
923 769 1097 842 Θάρα·
1128 773 1330 844 Ναχὼρ
1388 775 1484 845 μὲν
1519 773 1613 829 οὖν
1650 778 1743 830 καὶ
1793 780 2008 850 Ἀρρὰμ
2052 782 2152 835 οὐκ

574 850 714 925 ἦσαν
736 858 956 929 σπέρμα
987 860 1080 913 τοῦ
1116 863 1385 935 Ἀϐραὰμ,
1416 866 1531 918 ἀλλ’
1563 868 1669 920 οὐδ’
1708 869 1871 931 αὐτὸς
1902 872 2152 942 ’Δόραὰμ

576 950 797 1021 σπέρμα
839 949 907 1023 ἦν
949 954 1043 1008 τοῦ
1076 956 1346 1027 Ἀϐραάμ·
1391 954 1531 1030 ἦσαν
1568 961 1626 1013 δὲ
1655 963 1704 1013 οἱ
1735 965 1884 1030 τρεῖς
1931 964 2151 1035 σπέρμα

572 1042 795 1097 δικαίων
831 1045 948 1114 μὲν,
982 1046 1058 1111 ὡς
1084 1047 1431 1119 ζητουμένων
1478 1050 1559 1104 ἔτι
1588 1051 1696 1105 τῶν
1732 1052 1842 1123 (‘20)
1886 1056 2026 1109 κατὰ
2056 1055 2148 1109 τὸν

572 1130 743 1204 Ἀδὰμ
784 1136 844 1187 ὲν
872 1136 1010 1190 τίσιν
1039 1139 1367 1213 ἀριθμητέον
1400 1143 1582 1206 αὐτὸν,
1612 1144 1707 1197 τοῦ
1747 1145 1878 1216 Ζὴθ,
1907 1147 1966 1200 ὃν
1996 1147 2149 1212 ἐξαν-

570 1224 795 1295 έστησεν
834 1227 864 1278 ὁ
901 1228 1036 1293 Θεὸς
1095 1232 1215 1285 ἀντὶ
1255 1233 1348 1287 τοῦ
1393 1235 1577 1300 Ἀϐελ,
1612 1236 1705 1290 καὶ
1744 1236 1839 1290 τοῦ
1874 1238 2058 1303 Ἐνὼς,
2088 1241 2148 1305 ὃς

568 1314 830 1383 ἤλπισεν
857 1320 1265 1378 ἐπικαλεῖσθαι
1283 1325 1348 1379 τὸ
1376 1326 1561 1395 ὄνομα
1583 1330 1802 1397 Κυρίου
1836 1330 1941 1384 τοῦ
1973 1333 2142 1387 830i)-

570 1408 663 1460 καὶ
693 1409 786 1462 τοῦ
810 1411 1003 1484 Ἑνὼχ,
1028 1414 1098 1481 ὃς
1120 1417 1494 1484 εὐηρέστησε
1516 1418 1595 1485 τῷ
1616 1420 1737 1487 Θεῷ
1756 1422 1905 1490 μετὰ
1933 1424 1999 1478 τὸ
2022 1443 2147 1493 τεν-

566 1497 748 1565 νῆσαι
787 1504 975 1557 αὐτὸν
1004 1507 1113 1560 τὴν
1155 1509 1523 1565 Μαθουσάλα
1556 1512 1661 1580 ἔτη
1696 1512 1975 1569 διακόσια
2008 1517 2141 1589 (21)·

567 1592 659 1644 καὶ
707 1591 802 1645 τοῦ
855 1594 1002 1661 Νῶε,
1035 1599 1162 1669 περὶ
1203 1594 1265 1654 οὗ
1315 1592 1548 1673 εἶρηταιέ
1582 1604 1664 1657 ὅτι
1701 1605 2032 1673 Ἄνθρωπος
2057 1607 2144 1660 δί-

563 1697 753 1750 καιος,
786 1684 1016 1753 τέλειος
1042 1688 1112 1742 ἐν
1134 1689 1209 1759 τῇ
1234 1691 1411 1758 γενεᾷ
1443 1694 1648 1758 αὐτοῦ,
1676 1694 1756 1761 τῷ
1794 1695 1918 1761 Θεῷ
1945 1697 2143 1765 εὐηρέη

561 1787 754 1842 στησε
788 1777 930 1832 Νῶε·
963 1781 1056 1834 καὶ
1085 1782 1178 1835 τοῦ
1212 1783 1351 1854 Σὴμ,
1385 1775 1447 1838 οὗ
1470 1786 1675 1857 Κύριος
1695 1788 1723 1840 ὁ
1755 1788 1888 1852 Θεὸς
1919 1789 2138 1861 πρώτου

2256 597 2365 651 Noe
2397 613 2567 667 usque
2588 600 2653 651 ad
2683 599 2957 653 Abraham
2994 601 3035 667 ³,
3069 600 3331 672 [uereque
3375 603 3577 658 fratres
3605 607 3837 661 Abrahae

2255 687 2490 752 Naehor,
2518 690 2813 751 ciArram,
2847 705 3087 759 namque
3131 692 3230 747 hos
3287 702 3396 747 tres
3448 694 3589 748 filios
3641 697 3838 752 habuit

2254 777 2456 839 Thara,
2494 787 2657 845 atque
2686 775 2905 832 Nachor
2935 780 3153 849 quidem
3178 780 3221 845 ³,
3254 790 3310 835 et
3332 781 3526 836 Arram
3550 798 3654 836 non
3681 796 3836 840 erant

2252 882 2436 923 semen
2508 868 2762 933 Abrahae,
2820 869 2914 923 sed
2980 885 3048 923 ne
3106 872 3220 939 ipse
3281 873 3500 939 quidem
3557 871 3832 928 Abraham

2251 974 2434 1013 semen
2467 968 2586 1013 erat
2616 960 2849 1015 Abraha:
2878 977 2891 1013 :
2922 960 3015 1015 sed
3069 970 3224 1015 erant
3271 961 3324 1017 hi
3368 974 3481 1019 tres
3511 979 3695 1019 semen
3743 965 3832 1034 ju-

2250 1064 2481 1106 Storum.
2518 1050 2574 1104 Si
2619 1052 2776 1105 modo
2802 1052 2837 1107 ii
2873 1051 3035 1106 etiam
3061 1061 3376 1122 quaerantur
3405 1056 3498 1124 qui
3531 1057 3597 1109 ad
3628 1057 3831 1113 Adami

2250 1153 2492 1213 tempora
2527 1144 2821 1212 pertinent,
2852 1144 2905 1198 iu
2934 1146 3137 1213 quibus
3159 1146 3273 1214 ipse
3301 1147 3496 1213 Adam,
3523 1163 3828 1203 numerau-

2247 1238 2347 1289 dus
2371 1243 2453 1289 est
2484 1234 2636 1297 Seth,
2678 1250 2839 1304 quem
2883 1238 3144 1290 excitavit
3171 1236 3436 1293 Dominus
3465 1255 3561 1309 pro
3600 1241 3735 1296 Abel
3767 1242 3831 1306 ἰς

2244 1336 2300 1379 et
2325 1327 2506 1392 Enos,
2562 1327 2653 1395 qui
2694 1328 2924 1394 speravit
2954 1330 3196 1384 invocare
3236 1346 3421 1384 nomen
3450 1332 3666 1386 Domini
3695 1334 3828 1400 Dei;

2245 1425 2299 1469 et
2322 1416 2525 1480 Euoch,
2543 1417 2633 1485 qui
2668 1415 2867 1484 placuit
2894 1416 2998 1470 Deo
3019 1428 3289 1489 postquam
3310 1423 3491 1491 genuit
3517 1423 3826 1480 Mathusala

2243 1508 2394 1560 annis
2428 1509 2674 1561 trecentis
2706 1509 2726 1540 ⁸
2753 1526 2768 1575 ;
2798 1520 2853 1561 et
2884 1507 3026 1572 Noe,
3062 1509 3127 1562 ile
3170 1526 3278 1579 quo
3312 1514 3515 1567 dictum
3553 1526 3635 1570 est
3663 1535 3678 1570 :
3728 1516 3828 1571 Vir

2233 1599 2438 1668 justus,
2477 1608 2526 1651 et
2548 1600 2747 1669 integer
2774 1610 2886 1652 erat
2917 1617 3014 1654 sua
3055 1603 3253 1656 swrulo
3291 1605 3441 1669 Noe;
3474 1606 3584 1660 Deo
3620 1607 3824 1676 placuit

2243 1688 2360 1744 Noe
2399 1691 2453 1754 ⁶;
2501 1698 2556 1744 et
2594 1689 2755 1757 Seni,
2810 1690 2964 1759 cujus
2997 1691 3157 1761 primi
3223 1705 3448 1765 apparet
3523 1700 3812 1753 Domitium

2244 1781 2411 1834 Deum
2438 1782 2490 1833 in
2524 1778 2700 1837 Genes
2737 1795 2797 1835 os
2831 1780 2973 1836 libro
3019 1794 3273 1838 vocatum
3308 1786 3476 1841 fuisse
3508 1787 3716 1852 Deum,
3761 1801 3820 1845 ut

564 1864 808 1933 φαίνεται
839 1868 897 1920 ὲν
919 1873 985 1941 τῇ
1012 1871 1260 1927 Γενέσει
1304 1855 1766 1947 κεχρηματικέναι
1806 1855 1978 1941 Θεὸς(
2002 1881 2137 1949 ὅπερ

2242 1872 2394 1927 hisce
2419 1872 2601 1927 verbis
2680 1888 2833 1926 arum
2857 1881 2940 1927 est
2977 1894 2988 1928 :
3018 1873 3343 1931 Laudandus
3373 1876 3633 1935 Dominus
3675 1880 3818 1937 Deus

563 1958 730 2027 σαφές
749 1962 894 2015 ἐστιν
925 1965 991 2016 ὲκ
1016 1964 1497 2037 τοῦἘὺλοτητὸς
1529 1971 1745 2036 Κύριος
1787 1973 1818 2023 ὁ
1854 1969 1997 2035 Θεὸς
2029 1971 2153 2024 τοῦ

560 2049 705 2118 Σήμ.
729 2053 848 2107 Τῶν
867 2054 924 2108 δὲ
958 2055 1159 2111 λοιπῶν
1185 2058 1335 2130 παρὰ
1349 2059 1571 2122 τούτους
1597 2055 1740 2114 οὗτοι
1757 2056 1897 2132 ἦσαν
1917 2063 1966 2115 οἱ
1986 2064 2135 2134 τρεῖς

555 2140 651 2195 τοῦ
683 2142 838 2214 Θάρα
869 2147 974 2200 υἱοὶ
1007 2149 1247 2221 σπέρμα.
1282 2152 1458 2223 Ὅπερ
1489 2147 1583 2205 οὖν
1613 2153 1839 2223 εἴπομεν
1878 2153 2004 2226 περὶ
2035 2153 2130 2207 τοῦ

558 2233 868 2304 σπέρματος
919 2239 1012 2292 τοῦ
1065 2241 1335 2313 ’Δόραὰμ,
1386 2243 1544 2298 τοῦτο
1600 2246 1817 2314 νοητέον
1858 2246 1988 2317 περὶ
2034 2244 2129 2299 τοῦ

555 2325 867 2395 σπέρματος
895 2330 988 2383 τοῦ
1022 2332 1161 2402 Σὴμ,
1196 2334 1289 2387 καὶ
1321 2335 1463 2400 Νῶε,
1506 2336 1600 2390 καὶ
1623 2336 1730 2390 τῶν
1757 2337 2015 2408 ἀνωτέρω
2051 2337 2134 2390 δι-

553 2417 742 2482 καίων,
774 2414 848 2474 ὧν
880 2424 980 2487 τὰς
1010 2424 1276 2497 ἰδιότητας
1312 2428 1701 2499 σπερματικῶς
1727 2428 1943 2483 δοκοῦσι
1977 2432 2129 2502 κοινῇ

552 2510 897 2580 ἀνειληφέναι
952 2517 1034 2578 εἰς
1090 2516 1301 2585 γένεσιν
1373 2519 1657 2589 ἐρχόμενοι
1715 2520 1987 2591 ’Δϐραὰμ,
2039 2520 2132 2574 καὶ

551 2600 775 2674 Ναχὼρ,
829 2607 922 2659 καὶ
954 2608 1188 2679 Ἀῤῥάμ.
1221 2609 1361 2663 Ἀλλ’
1389 2613 1419 2664 ὁ
1472 2612 1569 2682 μὲν
1597 2610 1846 2683 Ἀϐραὰμ
1887 2627 2131 2683 γεγεωρ-

553 2696 780 2764 γηκέναι
824 2696 919 2762 οὓς
961 2696 1106 2770 εῖχεν
1155 2704 1214 2755 ὲν
1269 2703 1445 2775 ἑαυτῷ
1478 2705 1884 2777 σπερματικοὺς
1941 2703 2133 2772 λόγους

2243 1961 2364 2017 Sem
2391 1964 2435 2019 ".
2461 1965 2730 2019 Cat-terum
2766 1974 2966 2032 printer
2995 1964 3094 2020 hos
3115 1965 3314 2034 jiistos,
3348 1968 3402 2021 hi
3438 1984 3651 2039 quoque
3676 1970 3819 2026 Tha-

2242 2071 2316 2110 ιω
2345 2065 2454 2111 tres
2485 2058 2580 2113 (iiii
2605 2075 2789 2119 semen
2823 2074 2982 2118 erant
3011 2065 3365 2134 reliquorum.
3406 2066 3641 2124 Proinde
3671 2073 3815 2140 quod

2238 2149 2471 2205 diximus
2510 2152 2576 2206 de
2612 2155 2822 2210 semine
2865 2157 3125 2222 Abrahaa,
3179 2158 3319 2212 idem
3351 2162 3679 2215 censendum
3730 2171 3818 2217 est

2235 2238 2400 2294 etiam
2429 2241 2495 2295 de
2516 2246 2724 2298 semine
2754 2245 2902 2310 Sem,
2932 2247 3045 2301 Noe
3069 2258 3126 2302 et
3155 2250 3494 2317 superiorum
3517 2254 3817 2321 justorum,

2236 2344 2467 2398 quorum
2495 2336 2861 2403 proprietates
2894 2337 3196 2405 Abraham,
3242 2338 3479 2404 Nachor,
3525 2351 3579 2395 et
3615 2341 3809 2395 Afrani

2236 2424 2290 2477 in
2322 2434 2500 2479 ortum
2525 2427 2808 2482 venientes
2848 2428 3189 2484 seminaliter
3231 2431 3526 2498 sumpsisse
3568 2432 3618 2484 in
3655 2446 3806 2486 roni-

2235 2516 2382 2570 muni
2452 2516 2729 2573 videntur.
2802 2519 2869 2574 Et
2932 2521 3211 2580 Abraham
3272 2523 3490 2592 quidem
3538 2523 3807 2593 justoruin

2236 2607 2475 2660 omnium
2505 2624 2565 2663 se
2602 2612 3023 2678 praecedentium
3057 2614 3299 2669 rationes
3324 2615 3635 2679 semiuales,
3669 2630 3810 2685 quas

2238 2698 2293 2754 in
2326 2701 2504 2771 seipso
2538 2703 2793 2769 habebat,
2827 2720 2949 2759 cum
2974 2706 3430 2772 excoluisset,his
3455 2711 3618 2762 etiam
3653 2709 3807 2763 addi-

618 2836 639 2867 ⁸
662 2835 797 2891 Gen.
827 2852 882 2902 v,
918 2839 944 2892 l
975 2854 1127 2908 seqq.
1202 2838 1372 2896 'Gen.
1410 2856 1486 2905 XI,
1516 2839 1581 2894 ιθ
1602 2855 1698 2907 seq
1730 2837 1856 2904 ,‘27.
1928 2836 2139 2892 ‘Gen.i

2239 2833 2306 2898 ιε,
2332 2833 2423 2888 26.
2501 2832 2671 2889 'Gcn.
2696 2850 2749 2900 v,
2780 2835 2871 2890 22.
2949 2837 2970 2868 '
2995 2834 3131 2892 Gen.
3160 2853 3236 2902 νι,
3264 2837 3321 2892 9.
3393 2838 3413 2869 '
3442 2836 3579 2894 Gen.
3607 2855 3683 2902 ix,
3708 2839 3800 2897 26.

549 2993 578 3031 a
602 2977 934 3045 protoplasto
948 2979 1121 3034 Adam
1151 2995 1326 3046 usque
1356 2978 1421 3032 ad
1447 2976 1636 3036 Jacob.
1656 2993 1719 3029 ex
1741 2975 1895 3046 cujus
1921 2978 2129 3032 semine

549 3048 763 3102 initium
796 3049 1079 3104 duodecim
1117 3045 1288 3105 tribus
1315 3058 1559 3102 sumunt.
1588 3048 1774 3100 Patres
1806 3045 1973 3099 fuisse
2014 3063 2126 3100 me-

548 3128 852 3171 morantur.
897 3136 915 3170 r
960 3118 1028 3173 Et
1083 3128 1213 3173 tom.
1262 3136 1333 3173 xv
1377 3120 1431 3170 in
1495 3116 1722 3178 Malm,
1775 3132 1925 3168 num.
1989 3117 2058 3170 54
2105 3135 2118 3170 :

2237 2987 2426 3042 geriem
2477 2972 2636 3026 facile
2688 2974 3110 3037 vinilicahimus,
3141 2976 3185 3028 si
3224 2989 3410 3029 voitem
3456 2979 3648 3045 γενεάν
3692 2996 3798 3035 ιιοιι
3834 2963 3856 2982 Ι

2235 3059 2330 3109 pro
2351 3045 2582 3095 duarum
2612 3046 3023 3110 generationuui
3056 3045 3337 3099 intervallo
3368 3048 3468 3099 hoc
3492 3047 3609 3100 loc'o
3639 3066 3796 3103 usur-

2230 3126 2411 3191 patam
2456 3110 2622 3177 (quod
2671 3113 3174 3191 aliqiiaudo_ta_mcn
3221 3116 3487 3191 fieriunou
3521 3117 3797 3191 diuitem},

547 3186 673 3242 Εἶτα
711 3188 767 3240 αἱ
800 3188 933 3242 δέκα
960 3189 1068 3242 ἀπὸ
1098 3188 1192 3241 τοῦ
1224 3189 1346 3242 Νῶε
1388 3187 1480 3240 ἐπὶ
1519 3187 1608 3239 τὸν
1651 3185 1900 3310 Ἀϐξαὰμ
1937 3188 2121 3253 γενεαὶ

551 3259 946 3310 καταλήγουσαι
975 3260 1067 3310 ἐπὶ
1097 3260 1187 3310 τὸν
1229 3258 1496 3310 Ἀϐραὰμ.
1534 3256 1706 3310 ἀργὴν
1765 3255 1893 3310 λλης
1922 3256 2121 3309 ὑπέϐα-

2239 3185 2321 3236 sed
2355 3196 2452 3247 pro
2479 3188 2862 3252 generatione,
2906 3184 3006 3246 vel,
3034 3186 3185 3250 juxta
3216 3185 3410 3237 eruditi
3443 3186 3617 3239 Grotii
3666 3184 3793 3243 seu;

2239 3258 2469 3309 ,i-utiam,
2513 3266 2608 3310 pro
2630 3261 2881 3310 generata
2910 3255 3155 3310 qualibet
3198 3270 3451 3310 persona.
3506 3261 3793 3310 contenda-

551 3259 946 3332 giataiiﬁyousai.
969 3260 1067 3332 gift
1097 3260 1187 3312 τὸν
1229 3258 1517 3332 Ἀϐραὰμζ
1534 3256 1706 3332 ἀρχὴν
1730 3255 1893 3332 ἄλλῃ-ς
1922 3256 2121 3332 bneﬁci-

547 3326 635 3397 λον
667 3326 931 3397 κλήσεως.
969 3329 1130 3382 Vides
1160 3326 1448 3382 exlrii'um'
1479 3326 1774 3381 Caiuauem
1813 3326 1961 3378 illum
1995 3327 2119 3379 ὑπο-

547 3395 847 3468 βολιμαῖον.
882 3409 936 3452 et
984 3400 1438 3467 οΙιτοιιωΙυμωιιιιιιι
1485 3397 2118 3468 disputationibits_rcle-

548 3465 696 3519 hreii
728 3469 1036 3536 Arphavadi
1066 3465 1258 3531 filium,
1290 3469 1429 3521 Salaa
1468 3477 1700 3528 patrem.
1747 3466 1897 3536 ltaia
1934 3466 2114 3519 Theo-

548 3536 694 3601 philo
725 3535 1083 3603 Antiocheno,
1120 3539 1368 3596 Eusebio.
1422 3537 1682 3591 Africano
1735 3546 1788 3588 et
1815 3535 2117 3603 Epiphanio

549 3609 881 3670 repudiatur,
922 3609 1012 3675 qui
1073 3608 1181 3661 τῶν
1215 3611 1269 3663 Ο¹
1305 3621 1482 3662 tamen
1525 3603 1913 3677 ἐπιλογισμούς
1942 3607 2112 3659 secuti

545 3686 707 3729 sunt:
742 3692 839 3730 nec
865 3694 986 3730 eum
1018 3680 1259 3746 agnoscit
1282 3677 1455 3743 Philo,
1488 3691 1583 3730 nec
1615 3679 1665 3729 in
1709 3676 1987 3730 codicibus
2016 3678 2116 3730 Sa-

547 3750 958 3815 maritanorum,
1004 3749 1086 3803 vel
1139 3747 1472 3807 Juilieorum.
1527 3746 1608 3798 vel
1668 3746 1971 3815 Syrorum,
2026 3746 2114 3799 vel

544 3812 805 3881 Arabum,
840 3817 922 3869 vel
951 3817 1352 3880 Chaldaeorum,
1403 3816 1483 3869 vel
1537 3812 1828 3869 Persarum
1872 3830 2104 3882 usquam

547 3896 839 3954 comparet.
875 3885 1029 3943 Unde
1062 3887 1205 3943 LXX
1238 3888 1598 3953 luterpretiim
1643 3885 1854 3940 codices
1887 3900 2007 3954 per,
2032 3887 2113 3938 in-

541 3953 749 4007 curiam
784 3956 1074 4022 insedisse,
1104 3971 1158 4013 et
1183 3959 1249 4013 ad
1271 3956 1554 4020 exemplar
1578 3956 1775 4023 prioris
1803 3954 1946 4007 illius
1980 3953 2112 4009 Cai-

543 4024 690 4087 iiaiii,
743 4026 905 4080 Enosi
956 4027 1073 4092 filii,
1117 4030 1170 4081 in
1222 4026 1620 4081 antediluviana
1673 4023 2110 4089 patriarcharum

542 4094 680 4165 serie
720 4098 921 4165 quarti,
956 4098 1022 4151 ab
1053 4100 1272 4151 incauto
1305 4096 1528 4150 librario
1555 4094 1847 4147 confictam
1876 4109 1891 4152 ;
1927 4104 1982 4146 et
2023 4109 2113 4146 ex-

489 4194 493 4197 -
548 4162 668 4235 inde
695 4162 856 4219 Lucae
879 4167 1096 4222 codices
1129 4167 1364 4235 aliquos,
1414 4182 1518 4218 non
1549 4178 1761 4221 omnes.
1814 4176 2110 4235 occupasse

541 4234 803 4303 credibile
838 4246 938 4291 est.
964 4236 1040 4290 Ac
1069 4253 1098 4291 a
1127 4233 1358 4291 vetustis
1405 4234 1622 4303 quidem
1660 4233 1992 4303 temporibus
2018 4235 2105 4288 hic

540 4301 594 4354 iii
622 4308 737 4369 τοῖς
765 4306 819 4360 0'
849 4322 1007 4361 error
1035 4308 1286 4372 inolevit;
1326 4301 1447 4360 eum
1483 4301 1923 4372 quippeOrigeui
1956 4304 2109 4372 agni-

542 4380 679 4445 |_lI_m,
726 4379 794 4430 ab
835 4391 1008 4445 eoque
1049 4371 1345 4445 Cainaiiem
1409 4371 1553 4429 hunc
1582 4371 1738 4445 obelo
1793 4371 2105 4442 jiigulatum

540 4437 705 4499 fuisse
737 4437 966 4501 testatur
993 4447 1285 4515 Procopius
1319 4437 1859 4515 Gazaeiis._llue'rtus.

612 4514 723 4587 (19)
760 4517 915 4572 Δέκα
946 4517 1054 4588 γὰρ
1076 4510 1422 4588 refectioni)
1457 4512 1657 4583 Ἀδάμ,
1689 4523 1795 4566 etc.
1832 4510 2105 4588 Quaeritur

540 4580 810 4651 quomodo
834 4590 903 4642 ab
931 4580 1136 4641 Adaino
1156 4589 1222 4640 ad
1250 4584 1525 4638 Noachum
1560 4580 1776 4648 decem;
1815 4597 1843 4634 a
1882 4580 2098 4635 Noaclio

538 4655 605 4707 ad
632 4656 1003 4710 Abrahamum
1046 4659 1233 4711 decem
1282 4656 1408 4709 item
1439 4653 1623 4722 γενεαί
1660 4653 1934 4713 intersint,
1973 4665 2095 4705 cum

539 4726 914 4780 nevemdecim
952 4736 1159 4780 tantum
1191 4727 1455 4781 interesse
1481 4724 1783 4776 videantur.
1818 4724 1895 4774 Ac
1917 4727 2098 4788 poste-

540 4795 652 4847 rior
677 4796 893 4862 quidem
951 4796 1176 4865 quaestio
1226 4794 1384 4848 facile
1427 4794 1689 4865 solvetur,
1730 4791 1774 4844 si
1803 4789 2095 4865 Cainanem

535 4862 1014 4938 prieieruiittamiis
1045 4881 1061 4938 ι
1097 4868 1149 4918 in
1186 4865 1348 4938 Semo
1381 4864 1582 4938 quippe
1613 4863 1761 4938 prior
1789 4862 2099 4938 inltuernlu-

539 4942 624 5004 tur
643 4935 825 4999 γενεά,
851 4937 904 4987 iii
930 4937 1256 5004 Arphaxado
1283 4930 1540 4997 secunda,
1573 4936 1623 4985 iu
1657 4933 1781 5004 Salii
1823 4930 2094 5004 tertia,_iu

538 5001 748 5059 llehero
766 5014 984 5073 quarta,
1007 4999 1072 5057 'et
1105 5006 1175 5057 ita
1226 5006 1291 5057 ad
1321 5005 1711 5058 Abrahammu.
1756 5001 1814 5053 in
1844 5013 1975 5073 quo_
1998 4999 2095 5073 de-_

533 5073 676 5126 ciuia
732 5068 895 5143 γένεά
924 5068 1323 5137 cunstituetur;
1374 5074 1516 5143 unde
1552 5073 1917 5124 Abrahamuiu
1944 5068 2093 5143 sciui

533 5136 862 5213 abnepotem
908 5144 1104 5213 decimi
1164 5136 1364 5213 gradus
1406 5140 1787 5213 Hieronymus
1854 5136 2095 5213 appellat

533 5208 693 5281 epist.
731 5213 855 5279 116,
881 5214 947 5266 ad
973 5208 1368 5282 EvagrfMajor
1393 5212 1542 5282 inest
1573 5208 1856 5282 dritﬁciiltas
1899 5209 1950 5282 i_u
1991 5222 2085 5274 γε-

531 5278 679 5347 νεαῖς
701 5278 1155 5337 antediluviauis:
1191 5298 1316 5335 nam
1356 5281 1401 5335 si
1427 5280 1481 5332 in
1505 5278 1671 5332 Setho
1701 5282 1870 5345 prima
1898 5278 2095 5344 ﬁgatur

531 5352 717 5418 γενεά,
751 5356 986 5407 secunda
1023 5353 1075 5405 in
1109 5351 1307 5409 Enoso,
1349 5350 1504 5403 tertia
1534 5350 1586 5402 in
1615 5347 1876 5418 Caiiiaiie,
1898 5357 2092 5416 quarta

534 5417 585 5473 ir.
639 5422 882 5487 Malaale,
941 5422 1131 5490 quinta
1186 5421 1242 5474 in
1280 5419 1510 5490 Jaredo,_
1549 5428 1701 5490 sexta
1737 5417 2086 5490 in_Eii_ocho,

531 5493 757 5560 septima
789 5493 840 5546 in
861 5484 1181 5556 Mathusala,
1203 5500 1391 5545 octava
1412 5489 1463 5541 in
1491 5487 1780 5560 Lamecho,
1803 5487 1855 5539 in
1876 5484 2094 5560 Noaclio

530 5557 671 5615 noua
703 5562 1110 5622 numerabitur,
1144 5576 1251 5615 non
1284 5560 1519 5616 decima.
1567 5560 1621 5611 ιιι
1667 5558 1810 5610 viros
1849 5557 2092 5610 eruditos

531 5630 605 5682 ita
638 5633 956 5694 commovit,
1005 5641 1063 5685 ut
1093 5628 1379 5700 Origenem
1423 5638 1631 5700 aperte
1657 5629 2005 5700 damnarent,
2038 5635 2093 5678 et

529 5702 897 5756 novemdecim
927 5701 1122 5770 γενεάς
1146 5696 1229 5770 ab_
1247 5700 1453 5753 Adamn
1476 5702 1542 5751 ad
1570 5696 1712 5770 Abra
1723 5698 1963 5770 hamum,
1985 5711 2089 5770 non

531 5772 719 5837 viginti
755 5767 1127 5827 intercessisse
1150 5768 1505 5829 aliirmarent,
1546 5767 1647 5820 nisi
1675 5767 1882 5819 Caitian
1913 5767 2092 5837 iuaui-

537 5834 699 5895 tatem
729 5841 872 5896 illam
906 5842 1162 5899 sarciret.
1213 5842 1284 5894 At
1331 5837 1554 5894 diiuisso
1587 5838 1677 5892 illo
1703 5837 1941 5903 Cainiiue
1967 5834 2090 5891 Ori-

2226 3258 2469 3309 tcutiaui,
2513 3266 2608 3317 pro
2630 3261 2881 3318 generata
2910 3255 3155 3319 qualibet
3198 3270 3451 3322 persona,
3506 3261 3798 3314 contenda-

2222 3339 2364 3376 mus.
2404 3322 2509 3375 llas
2538 3322 2756 3391 quidem
2787 3324 3225 3388 signiﬁcationes
3258 3326 3585 3392 optimorum
3610 3343 3796 3393 gram-

2220 3394 2551 3446 iuaticorutu
2608 3392 2918 3460 patrOcinio
2967 3408 3259 3460 possumus
3319 3392 3664 3449 confirmare.
3714 3397 3792 3452 lia

2219 3461 2632 3534 autempprima
2685 3463 2737 3516 in
2787 3462 2997 3534 Ada'nio
3032 3462 3196 3531 γενεά
3225 3465 3637 3534 constituetur;
3699 3470 3794 3534 qui
3839 3499 3847 3509 ι

2217 3532 2467 3599 quamvis
2514 3532 2732 3599 genitus
2762 3547 2865 3584 non
2896 3532 2989 3596 sit,
3022 3536 3115 3587 sed
3149 3548 3176 3585 a
3223 3533 3329 3585 Deo
3378 3549 3443 3585 ex
3476 3533 3589 3586 luto
3617 3532 3791 3589 conii—

2216 3613 2362 3661 ctus.
2396 3602 2689 3669 impmprie
2716 3610 2897 3669 tamen
2928 3606 3144 3668 genitus
3174 3603 3279 3655 dici
3321 3613 3515 3667 potest.
3546 3602 3620 3655 ita
3653 3605 3788 3661 Luc.

2216 3686 2299 3732 ιιι,
2329 3672 2398 3725 38
2424 3689 2436 3724 :
2460 3667 2947 3742 Tofi"’Evdi;,_j:oﬁ'
2967 3672 3097 3742 Σὴθ,
3130 3670 3224 3725 τοῦ
3279 3671 3468 3742 Ἀδὰμ,
3501 3672 3593 3725 τοῦ
3626 3676 3786 3731 θεοῦ.

2221 3757 2239 3789 ι
2278 3743 2418 3795 Enos
2452 3742 2544 3794 filii
2593 3739 2747 3802 Seth,
2799 3740 2892 3793 filii
2940 3739 3130 3803 Adam,
3167 3742 3258 3794 lilii
3315 3739 3428 3794 Dei.
3469 3760 3486 3792 ι
3519 3743 3788 3799 Praeclare

2216 3808 2580 3884 Hieronymus
2612 3812 2667 3863 in
2692 3810 2880 3879 Ephes.
2899 3826 2999 3884 λιιι,
3030 3811 3099 3866 15
3127 3828 3141 3864 :
3170 3831 3187 3862 ι
3214 3811 3375 3884 soliis
3402 3810 3565 3865 Pater
3599 3808 3784 3884 (Deus)

2213 3882 2340 3946 quia
2389 3881 2604 3935 creator
2643 3891 2724 3932 est
2764 3881 3035 3941 omnium,
3082 3892 3138 3935 et
3188 3883 3563 3936 universorum
3622 3881 3782 3938 causa

2214 3950 2789 4015 substantim,pr:estat
2817 3952 3027 4004 caeteris
3058 3961 3113 4003 ut
3143 3960 3326 4020 patres
3358 3958 3477 4003 esse
3508 3954 3778 4009 dicamur.

2215 4020 2291 4074 De
2327 4021 2559 4075 terrenis
2585 4020 2825 4090 caelestia
2875 4022 3339 4090 contemplemur;
3372 4021 3565 4082 Adam,
3616 4039 3778 4088 quem

2213 4090 2449 4160 primum
2475 4089 2759 4160 plasmavit
2797 4091 2954 4150 Deus,
2985 4100 3039 4142 et
3067 4089 3284 4144 creator
3318 4092 3486 4158 ipsius
3527 4102 3581 4144 ct
3624 4106 3779 4160 pater

2212 4159 2317 4213 fuit
2343 4176 2359 4223 ;
2397 4170 2549 4214 certe
2577 4159 2685 4213 Deo
2713 4159 2862 4212 Patri
2895 4161 3001 4214 scit
3028 4174 3086 4213 se
3116 4162 3316 4214 debere
3347 4160 3487 4228 quod
3513 4159 3777 4220 sulisiiiii.

2210 4228 2444 4283 Rursum
2486 4230 2537 4282 hi
2563 4230 2653 4297 qui
2701 4229 2867 4297 geniti
2901 4240 3027 4283 sunt
3054 4245 3119 4284 ex
3152 4231 3345 4292 Adam,
3386 4237 3590 4297 patrem
3632 4231 3778 4285 illum

2212 4300 2542 4368 intelligunt.
2579 4314 2644 4352 ex
2676 4313 2784 4367 quo
2816 4299 2924 4352 orti
2948 4310 3093 4352 sunt.
3128 4298 3281 4355 Unde
3311 4302 3437 4353 etin
3468 4300 3769 4368 Evangelia

2207 4372 2503 4424 secundum
2532 4368 2754 4433 Lucam,
2785 4383 2905 4421 cum
2938 4370 3189 4438 paulatim
3209 4386 3236 4420 a
3256 4370 3497 4431 Christo,
3521 4370 3778 4433 David,et

2207 4440 2482 4493 Abraham
2510 4448 2808 4493 retrorsum
2839 4449 2984 4493 esset
3066 4440 3309 4492 eueratio
3333 4450 3647 4507 supputata,
3709 4443 3776 4494 ad

2207 4519 2512 4562 extremum
2542 4510 2800 4562 scriutum
2833 4510 2909 4560 ait
2937 4526 2949 4562 :
2982 4526 3001 4559 ι
3024 4455 3145 4562 lgilii
3173 4509 3329 4562 Setli.
3357 4508 3448 4562 lilii
3475 4510 3775 4562 AdamJilii

2206 4519 2512 4577 extremum
2542 4510 2800 4577 scriptum
2833 4510 2909 4560 ait
2937 4526 2949 4562 :
2982 4526 3001 4559 ι
3024 4508 3145 4562 Filii
3173 4509 3329 4571 Selii,
3357 4508 3448 4562 lilii
3475 4510 3775 4569 Adauuiilli

2212 4576 2388 4638 «Dei,»
2409 4576 2827 4647 utpaternitatis
2852 4579 2905 4631 in
2937 4588 3083 4633 terra
3119 4578 3441 4633 vocabulum
3474 4595 3503 4632 a
3525 4580 3634 4633 Deo
3663 4581 3776 4648 pri-

2201 4663 2347 4700 mutn
2380 4658 2561 4701 ortum
2586 4662 2706 4702 esse
2742 4658 3104 4711 monstraret.
3141 4667 3159 4698 ι
3188 4648 3341 4714 Quod
3377 4649 3421 4702 si
3466 4650 3520 4702 in
3557 4649 3772 4704 Adaiuo
3830 4696 3837 4709 ,

2239 4717 2348 4771 rior
2371 4728 2687 4772 numeretur
2717 4718 2904 4788 γενεά,
2933 4719 3141 4773 decima
3182 4719 3235 4772 in
3273 4719 3554 4772 Noachum
3584 4720 3769 4774 cadet.

2268 4857 2382 4926 (20)
2432 4856 2530 4922 Ὠς
2560 4855 2935 4926 ζητουμένων
2954 4859 3042 4910 ἐτι
3070 4855 3210 4922 τῶν,
3242 4864 3346 4911 etc.
3372 4856 3492 4924 Ipso
3513 4867 3769 4912 contextu

2198 4926 2363 4981 obscu
2374 4928 2572 4980 riorem
2602 4929 3104 4994 interpretatioaem
3126 4930 3262 4980 hanc
3281 4928 3428 4981 dedit
3443 4926 3768 4981 Ferrarius:

2204 5015 2222 5047 ι
2257 4997 2390 5050 Cum
2408 5007 2682 5066 qua-ratur
2712 4998 2887 5051 adhuc
2916 4999 3059 5049 inter
3084 5006 3306 5063 nepotes
3336 4999 3527 5061 Adam,
3566 4997 3617 5049 in
3645 4999 3769 5066 qui-

2197 5069 2300 5121 bus
2336 5068 2775 5120 auuumeraudus
2801 5067 2873 5119 sit
2896 5067 3173 5119 Abraham
3200 5068 3337 5134 ipse,
3370 5067 3531 5118 veluti
3568 5068 3760 5133 Selii,»

2197 5146 2305 5191 etc.
2334 5136 2614 5190 Periouius
2640 5152 2653 5189 :
2676 5154 2694 5187 ι
2733 5135 2800 5190 Ut
2834 5137 2878 5190 si
2906 5146 3219 5201 quierautitr
3252 5137 3415 5189 etiam
3452 5151 3549 5202 per
3571 5138 3764 5202 Adam,

2198 5207 2254 5259 iii
2292 5209 2489 5274 quibus
2522 5206 2636 5274 ipse
2659 5208 3027 5259 numerandus
3052 5209 3123 5259 sit
3151 5222 3165 5257 :
3200 5207 3406 5274 primus
3447 5207 3546 5258 fuit
3574 5205 3764 5270 Selh,»

2195 5285 2301 5329 etc.
2329 5279 2399 5328 At
2454 5292 2581 5328 vero
2629 5277 2849 5329 Huetius
2901 5275 2952 5326 id
3004 5276 3332 5330 reddendum
3381 5284 3571 5329 censet
3605 5287 3664 5329 ut
3713 5282 3764 5329 in

2197 5355 2384 5399 nostro
2418 5353 2587 5410 textu,
2617 5344 2844 5414 legendo
2871 5346 2929 5397 ἐν
2963 5339 3045 5407 οἷς
3070 5361 3167 5413 pro
3200 5346 3259 5398 ὲν
3289 5343 3451 5398 τίσιν.

2267 5413 2376 5485 (il)
2407 5416 2549 5482 Ἕτη
2588 5413 2884 5468 διακόσια.
2918 5417 3176 5483 Sequitur
3219 5413 3359 5469 LXX
3402 5416 3764 5481 liiierpretes,

2196 5487 2286 5554 qui
2339 5486 2579 5554 priurum
2631 5487 3065 5555 patriarcharum
3120 5500 3293 5539 annos
3341 5492 3764 5548 enumerantes,

2195 5553 2372 5616 annis,
2421 5557 2512 5623 qui
2552 5553 2899 5623 παιδογονίαν
2946 5556 3279 5622 praecedunt,
3326 5566 3545 5607 Ci'llllllll
3594 5570 3766 5606 annos

2196 5622 2488 5687 addidisse,
2523 5626 2681 5680 abiis
2726 5622 2817 5693 qui
2867 5636 3168 5690 sequuntur
3211 5625 3516 5678 detraxisse
3562 5622 3766 5675 tralati-

2197 5696 2329 5747 tium
2355 5706 2438 5748 est
2466 5711 2479 5745 :
2509 5696 2649 5763 quod
2685 5710 2783 5749 cur
2822 5695 2893 5747 ita
2923 5695 2995 5746 sit
3023 5708 3220 5762 magna
3254 5694 3396 5747 inest
3418 5694 3558 5762 apud
3596 5694 3760 5746 chro-

2196 5766 2418 5834 nologos
2465 5766 2824 5820 concertaiio.
2868 5764 2975 5818 Eos
3022 5765 3109 5818 cui
3153 5764 3284 5818 libet
3316 5763 3490 5831 adire,
3539 5779 3633 5834 per
3679 5782 3763 5818 me

2195 5833 2342 5891 licet.
2376 5833 2637 5891 “UETIUS.
