4196 6416
319 369 426 429 579

1773 365 2104 424 ORIGENIS

3489 360 3597 415 580

318 491 398 544 dit
421 496 666 544 sanctam
692 499 847 542 suam
871 483 1212 556 qualitatem,
1247 497 1444 556 nempe
1483 498 1606 540 eam
1637 497 1759 554 qua:
1783 494 1903 540 erat

2006 481 2223 535 πάντων
2241 478 2348 532 τῶν
2385 477 2490 549 πρὸ
2521 475 2686 530 αὑτοῦ
2723 475 2969 542 δικαίων,
3002 475 3098 530 καὶ
3130 472 3339 540 τούτοις
3364 474 3600 546 προστέο

319 581 375 636 in
408 578 629 650 proprio
669 578 882 633 semine
907 591 924 628 :
949 575 1110 645 cujus
1150 575 1450 646 participes
1491 589 1616 632 esse
1657 585 1901 645 possent,

318 673 411 742 qui
437 681 560 742 post
586 671 762 741 ipsum
792 675 1130 722 vocarentur
1156 681 1343 722 semen
1367 667 1622 724 Abrahae.
1672 668 1746 722 At
1773 678 1906 720 vero

317 763 514 816 Arram
587 759 869 814 minimam
945 753 1031 810 sui
1092 754 1264 824 ipsius
1324 764 1792 824 paternorumqne
1849 751 1902 804 in

317 854 503 924 seipso
545 851 818 908 seminum
873 862 1062 904 curam
1118 845 1378 900 habuisse
1436 845 1654 898 videtur
1706 859 1720 896 :
1762 842 1906 896 unde

321 949 378 1002 in
448 959 631 1000 rerum
703 951 958 997 naturam
1027 938 1332 1010 producere
1417 935 1520 994 Lot
1601 935 1902 1004 spirantem

319 1038 513 1094 saltem
561 1036 900 1107 aliquantum
952 1031 1148 1086 salutis
1204 1030 1402 1100 potuit.
1465 1027 1635 1084 Porro
1689 1026 1906 1082 Nachor

320 1127 570 1196 utrisque
615 1123 880 1179 fratribus
932 1120 1162 1176 inferior
1214 1119 1387 1174 fuisse
1444 1119 1682 1174 videtur.
1739 1117 1900 1188 311

319 1217 690 1287 Quamobrem
755 1216 883 1272 licet
933 1215 985 1270 ei
1044 1213 1137 1282 qui
1193 1227 1301 1267 non
1357 1214 1430 1267 sit
1477 1227 1668 1267 semen
1724 1211 1906 1265 Abra-

318 1311 425 1380 hae,
463 1325 581 1367 esse
609 1324 794 1364 semen
828 1307 977 1374 Noe;
1013 1321 1082 1362 eo
1109 1307 1254 1376 quod
1281 1305 1506 1361 omnino
1550 1304 1770 1372 genitus
1807 1303 1901 1365 sit,

319 1404 470 1476 iuxta
503 1402 693 1458 diluvii
727 1401 1036 1462 historiam,
1081 1413 1114 1452 a
1147 1397 1278 1462 Noe,
1325 1412 1420 1466 per
1466 1396 1902 1460 successionem;

321 1495 466 1566 quod
491 1495 538 1550 si
563 1494 694 1558 hoc,
719 1492 886 1547 etiam
921 1505 1106 1546 semen
1145 1489 1351 1550 Enoch,
1381 1487 1714 1555 omninoque
1739 1485 1904 1540 etiam

320 1603 509 1644 semen
533 1585 681 1642 Enos
707 1594 760 1640 et
796 1584 949 1640 Seth.
991 1580 1268 1636 Incertum
1313 1588 1496 1633 autem
1531 1587 1616 1632 est
1661 1576 1818 1650 nobis
1850 1577 1904 1630 in

323 1680 509 1736 multis
541 1676 778 1749 posteris
809 1675 945 1739 Noe,
991 1674 1242 1745 quisnam
1273 1672 1344 1726 sit
1384 1686 1570 1726 semen
1603 1669 1753 1734 Sem,
1785 1670 1908 1740 quis

320 1787 508 1828 semen
559 1771 750 1837 Cbam,
789 1770 1020 1839 quisque
1069 1770 1141 1821 sit
1191 1781 1377 1822 semen
1435 1763 1658 1835 Japhet,
1713 1774 1772 1819 et
1826 1765 1906 1818 sic

2007 575 2186 631 θεικεν
2220 573 2330 645 (22)
2376 574 2538 642 ἁγίαν
2575 571 2710 626 ίδίαν
2747 571 3028 643 ποιότητα,
3055 570 3156 643 τὴν
3185 569 3330 624 κατά
3361 569 3424 623 τὸ
3465 569 3600 624 [διον

2004 667 2170 722 αὑτοῦ
2219 666 2464 740 σπέρμα,
2507 661 2569 721 οὗ
2613 665 2871 720 ἐδύναντο
2905 663 3152 736 μετέχειν
3185 664 3235 716 oi
3284 665 3400 734 μετ’
3433 663 3601 716 αὑτὸν

2005 758 2328 830 καλούμενοι
2373 757 2601 829 σπέρμα
2642 756 2915 829 Ἀϐραάμ·
2951 757 2980 808 ό
3007 755 3065 809 δὲ
3099 754 3316 826 Ἀρῤἀμ
3354 755 3448 808 ἐπὶ
3473 753 3602 808 ἐλά-

2005 867 2189 920 χιστον
2220 849 2412 903 ἑαυτοῦ
2436 849 2756 921 ἐπιμέλειαν
2775 847 3129 918 πεποιῆσθαι,
3158 849 3254 902 καὶ
3269 847 3376 902 τῶν
3398 864 3602 918 πατρι-

2006 942 2118 996 κῶν
2139 943 2196 995 ἐν
2225 941 2405 1014 ἑαυτῷ
2441 942 2789 1014 σπερμάτων·
2833 941 2955 994 ὅθεν
2983 939 3268 1011 δεδύνηται
3304 939 3600 1011 προϐαλεῖν

2007 1034 2237 1088 πνέοντα
2267 1033 2371 1088 κᾶν
2393 1034 2484 1086 ἐπὶ
2506 1034 2670 1086 ποσὸν
2713 1032 2813 1102 τῆς
2851 1031 3126 1103 σωτηρίας
3167 1031 3259 1085 τὸν
3306 1029 3450 1084 Λώτ·
3483 1032 3511 1083 ὁ
3539 1029 3600 1084 δὲ

2005 1125 2209 1199 Ναχὼρ
2231 1127 2558 1197 ἀμφοτέρων
2578 1124 2688 1178 τῶν
2725 1123 2973 1194 ἀδελφῶν
3017 1123 3254 1178 ἐλάττων
3291 1121 3598 1192 γεγονέναι.

2010 1218 2226 1282 Ἔξεστι
2276 1219 2456 1272 τοίνυν
2500 1216 2574 1288 μὴ
2616 1217 2748 1270 ὅντα
2805 1217 3028 1287 σπέρμα
3073 1215 3170 1269 τοῦ
3216 1213 3488 1286 Ἁϐραάμ,
3517 1211 3600 1284 τῷ

2008 1310 2227 1373 πάντως
2251 1309 2340 1364 διά
2372 1309 2470 1380 τὴν
2491 1309 2634 1362 κατὰ
2660 1308 2754 1361 τὸν
2785 1307 3168 1377 κατακλυσμὸν
3214 1305 3456 1377 ἱστορίαν
3487 1305 3598 1358 ἀπὺ

2005 1402 2129 1457 Νῶε
2167 1402 2263 1456 τοῦ
2302 1403 2428 1473 ἑξῆς
2469 1402 2772 1470 γεγονέναι,
2807 1397 2946 1455 εἶναι
2981 1400 3204 1473 σπέρμα
3258 1400 3418 1453 Νῶε·
3459 1401 3508 1452 εί
3539 1398 3596 1454 δὲ

2004 1497 2184 1562 τοῦτο,
2238 1496 2334 1550 καὶ
2379 1497 2600 1568 σπέρμα
2663 1493 2854 1566 Ἑνὼχ,
2890 1495 3108 1558 πάντως
3150 1495 3208 1548 δὲ
3245 1494 3340 1547 καὶ
3372 1491 3600 1565 σπέρμα.

2019 1589 2206 1654 Ἐνὼς,
2242 1591 2337 1642 καὶ
2375 1589 2502 1661 Σήθ·
2537 1588 2730 1659 ἄδηλον
2757 1587 2801 1642 δ’
2828 1589 2960 1659 ἡμῖν
2990 1588 3082 1640 ἐπὶ
3113 1587 3223 1640 τῶν
3253 1585 3464 1640 πολλῶν
3493 1603 3598 1638 κα-

2003 1680 2230 1751 τωτέρω
2254 1678 2347 1732 τοῦ
2374 1678 2519 1743 Νῶε,
2559 1679 2662 1742 τίς
2683 1678 2909 1748 σπέρμα
2939 1677 3034 1731 τοῦ
3080 1677 3202 1748 Σὴμ
3227 1677 3360 1747 (‘25),
3392 1677 3488 1730 καὶ
3509 1676 3596 1740 τίς

2005 1771 2100 1824 τοῦ
2131 1772 2279 1843 Χάμ,
2311 1772 2407 1825 καὶ
2425 1773 2508 1835 τίς
2533 1771 2628 1824 τοῦ
2665 1771 2868 1838 Ἰάφεθ,
2899 1769 3124 1824 καὶτῶν
3149 1771 3242 1822 ἐπὶ
3271 1770 3590 1842 κατωτέρω·

321 1865 618 1934 deinceps;
649 1877 771 1917 cum
796 1860 973 1916 nullus
1001 1860 1073 1914 sit
1104 1871 1282 1914 tamen
1304 1859 1394 1928 qui
1423 1859 1644 1914 omnino
1661 1857 1903 1912 sitsemi-

2007 1858 2147 1928 πλὴν
2175 1860 2278 1913 οὐκ
2317 1859 2432 1913 ἐστι
2463 1877 2549 1923 τις
2584 1858 2851 1930 μηδαμῶς
2895 1859 3136 1930 μετέχων
3169 1859 3482 1931 σπέρματος
3519 1859 3602 1912 δι·-

322 1957 694 2025 nisjustorum
725 1968 943 2024 expers.
978 1952 1214 2023 lnspicio
1244 1963 1426 2007 autem
1466 1967 1594 2006 num
1641 1951 1782 2006 forte
1821 1951 1902 2006 fa-

320 2049 424 2105 cile
455 2049 599 2102 l'actu
631 2048 800 2110 sit,ut
820 2045 910 2115 qui
942 2060 1046 2098 non
1076 2045 1149 2099 sit
1177 2058 1362 2100 semen
1391 2045 1644 2111 Abrahae,
1675 2043 1905 2098 habeat-

319 2156 426 2211 que
464 2139 782 2195 occasiones
823 2150 961 2207 quas
993 2136 1182 2190 habuit
1211 2136 1491 2190 Abraham
1521 2151 1586 2188 ex
1623 2135 1902 2204 prioribus

319 2231 640 2295 seminibus,
687 2228 808 2282 talis
851 2225 968 2279 fieri
1020 2225 1196 2295 possit
1221 2233 1279 2279 ut
1310 2223 1506 2278 similis
1535 2224 1607 2276 sit
1639 2221 1900 2286 Abrahae,

319 2322 531 2377 etiamsi
563 2320 804 2390 alioquin
835 2335 1023 2374 semen
1048 2319 1195 2371 illius
1223 2332 1328 2370 non
1347 2315 1439 2370 sit.
1469 2313 1539 2370 Ut
1560 2314 1702 2368 enim
1726 2316 1906 2368 Abra-

320 2415 446 2469 ham
492 2429 600 2468 non
636 2428 700 2466 ex
748 2413 958 2465 semine
985 2407 1218 2464 Abrahae
1248 2408 1542 2472 exsistens,
1575 2407 1671 2460 sed
1703 2421 1771 2458 ex
1805 2420 1902 2459 eo-

321 2518 442 2558 rum
474 2517 611 2572 quos
644 2516 808 2569 supra
845 2499 1243 2560 recensnimus,
1279 2496 1456 2552 factus
1490 2507 1577 2551 est
1601 2496 1902 2562 Abraham,

319 2596 402 2650 sic
423 2593 587 2649 facile
625 2592 773 2647 factu
801 2601 906 2657 est,
937 2600 996 2645 ut
1043 2591 1170 2660 quis
1217 2590 1358 2644 alter
1392 2591 1489 2644 fiat
1519 2591 1822 2652 Abraham,
1853 2587 1902 2642 si

320 2687 553 2744 eoluesit
587 2687 807 2742 meliora
847 2684 948 2739 sibi
982 2683 1220 2753 ingenita
1251 2683 1495 2747 semina;
1531 2697 1632 2736 nec
1678 2679 1906 2736 omnino

319 2781 429 2836 erit
459 2795 525 2836 ex
561 2780 768 2834 semine
794 2777 1052 2843 Abrahae,
1080 2776 1173 2831 sed
1210 2776 1327 2846 ipse
1347 2777 1512 2830 etiam
1547 2774 1775 2828 idoneus
1799 2772 1904 2827 erit

320 2874 590 2930 seminare
617 2881 872 2944 tanquam
901 2870 1196 2926 Abraham.

391 2966 448 3021 4.
499 2966 923 3035 Interpretamur
965 2974 1148 3019 autem
1201 2963 1320 3017 haec
1351 2963 1558 3024 omnia,
1602 2959 1905 3014 referentes

321 3073 443 3130 quae
475 3057 750 3122 dicuntur,
787 3070 895 3110 non
950 3056 1016 3110 ad
1069 3069 1326 3125 corpora,
1365 3068 1466 3108 nec
1509 3053 1577 3107 ad
1628 3050 1900 3117 homines,

321 3151 419 3208 sed
444 3153 513 3204 ad
538 3151 781 3220 quaedam
809 3147 1194 3218 intelligibilia,
1224 3157 1280 3204 et
1318 3148 1385 3202 ad
1419 3148 1663 3202 rationes
1689 3145 1898 3215 plures,

321 3245 406 3300 vel
438 3243 747 3314 pauciores,
769 3257 903 3313 quas
929 3243 1258 3311 participant
1281 3239 1645 3296 diversimode
1674 3240 1901 3295 descen-

2005 1952 2196 2006 καίων.
2267 1952 2556 2024 Ἐφίστημι
2599 1951 2657 2004 δὲ
2705 1952 2916 2023 μήποτε
2971 1950 3196 2004 δυνατὸν
3250 1951 3444 2021 ἔχοντα
3495 1950 3598 2016 τάς

2003 2044 2281 2116 ἀφορμὰς,
2305 2045 2372 2110 ἃς
2392 2041 2537 2116 εἶχεν
2557 2047 2586 2099 ὁ
2623 2045 2873 2116 ’Δϐραάμ
2896 2045 2963 2100 ἐκ
2987 2043 3096 2096 τῶν
3121 2045 3400 2116 προτέρων
3428 2060 3601 2116 σπερ-

2012 2135 2218 2206 μάτων,
2245 2135 2496 2204 γενέσθαι
2527 2134 2621 2188 τὸν
2653 2134 2728 2206 μὴ
2765 2135 2896 2189 ὄντα
2939 2135 3165 2206 σπέρμα
3198 2135 3294 2188 τοῦ
3345 2136 3600 2208 ’Δϐραάμ

2007 2227 2268 2293 τοιοῦτον,
2293 2227 2436 2280 ὥστε
2463 2227 2626 2282 αὐτὸν
2647 2228 2750 2280 οὑκ
2776 2226 2904 2280 ὄντα
2933 2227 3042 2280 ἀπὸ
3073 2227 3166 2280 τοῦ
3209 2227 3460 2299 Ἀϐραὰμ
3478 2225 3602 2293 ἐξο-

2013 2320 2312 2391 μοιωθῆναι
2343 2319 2421 2390 τῷ
2465 2319 2736 2391 Ἁϐραάμ.
2797 2320 2884 2385 Ὧς
2925 2320 3034 2391 γὰρ
3089 2319 3342 2392 Ἀϐραὰμ
3379 2321 3482 2374 οὐκ
3530 2323 3600 2376 ὲκ

2011 2412 2325 2484 σπέρματος
2369 2410 2621 2482 Ἀϐραὰμ
2649 2412 2956 2483 τυγχάνων,
3005 2411 3142 2465 άλλά
3180 2411 3289 2466 τῶν
3335 2429 3598 2486 προειρηη

2013 2503 2190 2574 μένων
2247 2504 2470 2573 γέγονεν
2524 2504 2802 2576 Ἀϐραάμ·
2866 2503 3012 2558 οὕτω
3057 2505 3284 2558 δυνατόν
3341 2523 3466 2560 τινα
3522 2505 3598 2560 τά

2009 2597 2292 2666 κρείττονα
2315 2596 2425 2650 τῶν
2455 2598 2513 2650 ὲν
2543 2597 2694 2668 αὐτῷ
2735 2598 3305 2670 συγκατασπαρέντων
3347 2600 3600 2672 γεωργήσ-

2009 2703 2202 2752 σαντα,
2231 2687 2490 2757 γενέσθαι
2519 2688 2678 2742 ἄλλον
2711 2689 2984 2762 Ἀϐραὰμ,
3010 2691 3071 2743 ού
3103 2692 3320 2755 πάντως
3343 2693 3408 2746 ὲκ
3435 2693 3600 2764 σπέρη

2012 2797 2182 2851 ματος
2223 2781 2496 2854 Ἀϐραὰμ,
2519 2780 2658 2836 ἀλλά
2684 2782 2781 2837 καὶ
2805 2783 2971 2837 αὐτὸν
3001 2784 3185 2839 ἰκανὸν
3226 2785 3494 2856 σπείρειν,
3521 2785 3600 2849 ὡς

2023 2872 2296 2944 Ἀϐραάμ.

2077 2967 2130 3023 4.
2185 2969 2364 3024 Ὀλων
2407 2970 2466 3024 δὲ
2514 2969 2722 3025 τούτων
2766 2971 3057 3044 ἀκούωμεν
3097 2973 3470 3046 ἀναφέροντες
3523 2973 3597 3027 τά

2003 3060 2273 3132 λεγόμενα
2302 3062 2403 3116 οὐκ
2436 3064 2528 3116 ἐπὶ
2571 3064 2798 3136 σώματα
2827 3065 2923 3120 καὶ
2955 3065 3297 3137 ἀνθρώπους,
3346 3065 3460 3122 ἀλλ’
3504 3065 3601 3120 ἐπί

2001 3172 2124 3208 τινα
2170 3156 2336 3227 νοητά
2379 3157 2477 3211 καὶ
2515 3156 2708 3226 λόγους
2759 3159 3044 3225 πλείονας,
3091 3160 3124 3232 ἢ
3173 3160 3486 3225 ἐλάττονας,
3521 3153 3600 3215 ὧν

2004 3247 2291 3318 μετέχουσι
2324 3249 2596 3321 διαφόρως
2639 3252 2689 3304 oi
2717 3253 2998 3316 κατιόντες
3030 3255 3108 3316 εἰς
3145 3253 3378 3322 γένεσιν,
3415 3252 3448 3324 ἢ
3481 3254 3600 3306 είσ-

321 3338 550 3402 dentes,
583 3334 668 3390 vel
704 3335 985 3390 venientes
1038 3335 1095 3390 in
1149 3335 1366 3400 lucem;
1414 3331 1667 3387 fortassis
1716 3332 1902 3400 aliquo

2016 3340 2185 3405 ιόντες
2217 3340 2355 3412 (ΞΔ),
2390 3343 2486 3396 καὶ
2533 3343 2676 3413 τάχα
2723 3343 2781 3397 δὲ
2826 3343 2946 3410 πῶς
2995 3345 3088 3398 καὶ
3129 3345 3389 3409 ἀνιόντες.
3450 3345 3601 3398 Ἐπι-

321 3431 490 3486 etiam
543 3429 704 3486 modo
755 3429 1135 3484 ascendentes.
1187 3427 1452 3498 lnspicics
1498 3426 1798 3481 etiamnum
1833 3424 1901 3479 ad

323 3523 451 3576 talia
485 3520 723 3588 semina,
757 3529 923 3590 atque
975 3519 1142 3575 etiam
1183 3519 1252 3573 ad
1301 3519 1510 3573 semina
1561 3531 1779 3581 eorum,
1810 3517 1904 3586 qui

322 3613 668 3684 accipiebant
705 3613 757 3666 in
789 3611 1004 3681 seipsos
1039 3611 1176 3678 ipsa,
1234 3624 1355 3678 qua:
1394 3622 1492 3663 sua
1539 3606 1904 3662 nominaban-

324 3716 437 3771 tur,
477 3705 607 3762 illud
639 3705 833 3760 referri
879 3705 1083 3775 possit:
1121 3706 1324 3757 Eunles
1369 3701 1548 3768 ibant,
1591 3708 1638 3753 et
1685 3699 1904 3769 ﬂebant,

322 3802 584 3854 mittentes
622 3799 822 3854 semina
855 3814 954 3852 sua
973 3798 1019 3852 ⁸.
1053 3795 1382 3851 Consideret
1423 3795 1568 3849 enim
1599 3793 1695 3864 qui
1728 3800 1908 3863 potest

321 3891 682 3958 quarumdam
712 3889 1018 3944 animarum
1070 3889 1195 3954 iter,
1242 3886 1574 3942 venientium
1629 3885 1684 3938 in
1727 3892 1904 3940 ortum

323 4001 446 4040 cum
485 3983 614 4039 fletu
649 3993 705 4038 et
756 3981 964 4037 semina
995 3981 1311 4043 ferentium,
1343 3979 1432 4035 vel
1461 3979 1700 4048 plurium
1727 3976 1906 4044 justo-

323 4091 465 4142 rum,
495 4073 583 4128 vel
611 4073 946 4143 pauciorum,
977 4079 1143 4140 atque
1171 4071 1503 4140 injustorum
1539 4067 1820 4122 similiter.
1853 4066 1907 4122 Is

2007 3430 2230 3502 στήσεις
2261 3431 2318 3485 δὲ
2347 3434 2396 3486 εί
2417 3431 2641 3488 δύναται
2677 3435 2770 3488 ἐπὶ
2800 3434 2870 3489 τὰ
2897 3436 3123 3490 τοιαῦτα
3151 3437 3444 3508 σπέρματα
3470 3437 3597 3509 ἢδη,

2006 3521 2224 3577 καὶτῶν
2251 3525 2332 3586 είς
2351 3525 2578 3589 ἑαυτοὺς
2602 3526 2992 3598 λαμϐανόντων
3015 3529 3154 3582 αύτά
3194 3529 3303 3583 ἴδια
3331 3529 3598 3600 ὀνομαζό-

2010 3631 2148 3684 μενα
2201 3615 2574 3689 ἀναφέρεσθαι
2621 3620 2714 3674 τό·
2767 3622 3163 3691 Πορευὸμενοι
3213 3623 3595 3690 ἐπορεύοντο,

2007 3707 2105 3760 καὶ
2133 3708 2402 3773 ἔκλαιον,
2427 3710 2772 3778 ,ϐάλλοντες
2795 3713 2906 3784 (25)
2937 3714 3008 3768 τὰ
3031 3713 3346 3782 σπέρματα
3374 3715 3595 3770 αὐτῶν·

2007 3801 2168 3866 εἴτις
2195 3804 2305 3876 γὰρ
2325 3803 2569 3870 δύναται,
2614 3807 2715 3880 τὴν
2752 3809 2890 3880 μετὰ
2923 3808 3203 3879 κλαυθμοῦ
3249 3810 3477 3880 πορείαν
3513 3827 3600 3863 τι-

2009 3893 2112 3948 νῶν
2163 3895 2352 3966 ψυχῶν
2407 3901 2486 3962 είς
2540 3898 2752 3968 γένεσιν
2810 3901 3120 3972 ἐρχομένων
3181 3903 3595 3970 κατανοησάτω,

2009 3985 2290 4054 φερουσῶν
2325 3984 2394 4039 τὰ
2433 3987 2760 4060 σπέρματα,
2801 3991 2922 4061 ἦτοι
2965 3990 3228 4045 πλειόνων
3270 3991 3516 4056 δικαίων,
3561 3993 3596 4065 ἢ

2007 4073 2353 4148 ὀλιγοτὲρων,
2387 4079 2485 4132 καὶ
2529 4079 2731 4134 ἀδίκων
2765 4081 2985 4152 ὁμοίως.
3027 4085 3139 4137 Καὶ
3176 4086 3426 4139 ἐννοείτω
3463 4085 3600 4140 θεω-

321 4166 488 4222 etiam
529 4167 748 4220 intuens
790 4163 961 4218 veluti
1011 4162 1279 4234 agricolas
1307 4175 1410 4231 pro
1451 4159 1753 4216 seminibus
1783 4174 1906 4229 quae

2011 4167 2120 4238 ρῶν
2173 4169 2415 4242 ὡσπερεὶ
2464 4175 2744 4246 γεωργοὺς
2793 4176 3143 4244 ἀγωνιῶντας
3191 4177 3322 4250 περὶ
3368 4172 3445 4232 ὧν
3479 4178 3592 4244 (26}

323 4259 562 4314 habeant
583 4255 872 4320 sollicitos,
903 4253 1211 4308 consideret
1237 4252 1513 4322 quomodo
1537 4253 1653 4306 haec
1682 4251 1904 4320 quidem

2007 4258 2189 4330 ἔχουσι
2214 4263 2564 4334 σπερμάτων,
2594 4265 2712 4329 πῶς
2734 4267 2860 4320 τάδε
2900 4267 3000 4338 μὲν
3033 4271 3419 4340 γεωργήσωσι,
3449 4269 3594 4339 λέγω

321 4348 596 4412 excolant,
633 4360 828 4416 nempe
866 4345 1074 4400 semina
1108 4343 1456 4412 praestantia;
1499 4343 1586 4397 illa
1624 4357 1755 4398 vero
1795 4358 1903 4397 non

2007 4350 2064 4403 δὲ
2092 4351 2157 4404 τά
2191 4350 2540 4423 διαφέροντα,
2577 4355 2705 4408 τάδε
2729 4355 2786 4409 δὲ
2823 4355 2897 4427 μὴ
2925 4357 3242 4428 σπείρωσιν,
3277 4357 3387 4410 εἴτε
3411 4357 3598 4429 ἔρχον-

320 4443 536 4514 quidem
567 4440 855 4503 seminent,
883 4438 1324 4510 quandoquidem
1341 4439 1562 4492 venient
1589 4439 1752 4492 etiam
1779 4451 1903 4490 cum

2007 4460 2096 4497 ται
2131 4444 2224 4498 καὶ
2257 4445 2394 4516 μετά
2429 4448 2688 4519 χειρόνων
2725 4451 3086 4522 σπερμάτων·
3122 4454 3272 4505 ποῖον
3298 4450 3409 4523 γάρ
3449 4450 3598 4513 εἰκὸς

321 4535 506 4606 pravis
546 4531 865 4588 seminibus.
897 4530 1128 4598 Qualem
1173 4530 1322 4586 enim
1376 4527 1563 4596 fletum
1617 4526 1902 4599 probabile

2007 4535 2284 4608 κλαυθμὸν
2327 4537 2534 4592 κλαίειν
2575 4540 2818 4606 τούτους,
2864 4543 2988 4614 περὶ
3011 4535 3086 4596 ὧν
3123 4559 3287 4614 φησιν
3319 4545 3348 4598 ό
3391 4542 3592 4611 Λόγος·

321 4639 406 4683 est
433 4628 532 4682 hos
579 4624 815 4696 plorare,
849 4623 918 4677 de
949 4621 1150 4692 quibus
1196 4621 1374 4690 inquit
1415 4619 1656 4675 Sermo:
1698 4615 1900 4671 Euntes

2007 4630 2405 4699 Πορευόμενοι
2446 4633 2825 4701 ἐπορεύοντο,
2871 4635 2972 4690 καὶ
3017 4635 3285 4699 ἔκλαιον,
3322 4633 3596 4700 ﬁctum»

322 4720 488 4786 ibant,
525 4686 826 4786 et-ﬂebant,
865 4686 1128 4789 mitfentes
1161 4686 1361 4766 semina
1389 4728 1485 4765 sua
1504 4711 1530 4764 ἒ)
1556 4709 1633 4764 Ac
1656 4707 1901 4779 profecto

2006 4686 2106 4788 τεέ
2134 4686 2250 4793 (275
2275 4723 2349 4778 τὰ
2377 4686 2966 4795 cessasse;
2991 4686 3285 4792 esse;
3313 4686 3592 4797 eam

322 4817 458 4868 bona
491 4824 616 4880 spes
643 4819 728 4864 est
767 4810 818 4862 in
845 4806 1122 4870 euntibus,
1149 4820 1214 4859 ac
1237 4802 1520 4868 flentibus,
1553 4800 1899 4856 mittentibus

2006 4814 2154 4867 ἐστιν
2185 4815 2242 4869 ὲν
2277 4817 2386 4880 τοῖς
2417 4817 2822 4889 πορευομένοις,
2884 4819 2976 4872 καὶ
3039 4818 3306 4883 κλαίουσι,
3371 4817 3596 4888 βάλλου-

323 4903 526 4960 semina
553 4917 685 4967 sua;
719 4900 770 4954 hi
801 4913 1040 4969 namque
1067 4906 1329 4967 tanquam
1374 4896 1600 4951 omnino
1640 4893 1898 4949 uenientes

2006 4922 2058 4958 σι
2083 4905 2194 4976 (28)
2218 4905 2290 4960 τά
2319 4907 2612 4980 σπέρματα
2639 4909 2867 4964 ἑαυτῶν·
2885 4905 3028 4964 οὗτοι
3050 4911 3160 4982 γὰρ
3179 4909 3254 4974 ὼς
3283 4909 3486 4964 ἐπίπαν
3503 4909 3600 4978 ἐρ-

322 4995 518 5050 venient
560 4993 616 5048 in
656 4993 1032 5056 exsultatione,
1077 4996 1344 5059 portantes
1375 4985 1676 5058 manipulos
1703 4981 1896 5040 suos’.

2006 4994 2246 5062 χόμενοι
2269 4994 2533 5062 ἥξουσιν
2564 4998 2637 5051 ἐν
2659 4997 3042 5067 ἀγαλλιάσει,
3072 4981 3342 5068 αἴροντες
3367 5001 3438 5056 τὰ
3464 4999 3604 5068 δρᾶ·-

387 5134 411 5167 ⁸
437 5131 579 5189 Psal.
609 5147 772 5197 cxxv,
803 5129 859 5186 6.
935 5131 958 5163 ’
983 5129 1118 5186 ibid.

390 5253 506 5325 (22)
539 5250 951 5322 Προστέθεικε.
984 5250 1294 5322 Legendum
1338 5264 1536 5306 censeo
1573 5247 1896 5319 προστεθει-

323 5326 504 5466 ﬁgi}
537 5393 721 5450 Codex
751 5392 1094 5466 Bodleianus,
1123 5396 1346 5466 optime,
1377 5389 1598 5462 σπέρμα
1620 5387 1715 5440 τοῦ
1753 5387 1896 5458 Σήμ·

322 5462 544 5535 Reginis,
581 5479 886 5535 perperam.
917 5462 1242 5535 σπέρματος
1256 5463 1400 5530 Σήμ.

531 5535 711 5608 podex
746 5533 1104 5608 Burneianus,
1123 5533 1392 5608 {amove-eq.

359 5597 502 5689 “(25)
538 5603 680 5660 Idem
718 5607 886 5660 codex
920 5603 1271 5668 Bodleiauus,
1319 5601 1623 5674 βάλλοντες,
1675 5597 1904 5669 Regius,

324 5692 929 5818 ιιῗὲἴῦεῗίπωνιῶιτας
959 5745 1091 5818 περὶ
1121 5737 1228 5805 ὧν,
1295 5753 1400 5818 etc.
1465 5742 1648 5818 ςοιίοξ
1696 5739 1899 5818 Regius

323 5805 878 5884 Ιιεώοιζὰγωνιῶντας
908 5805 1218 5885 περίῶντας
1277 5815 1403 5888 περὶ
1457 5805 1553 5868 ὧν.
1613 5805 1898 5868 Periuuius

1997 5247 2331 5322 emendavit,
2372 5247 2723 5322 ἀγωνιῶντας
2773 5250 3070 5322 Δπεριόντας
3101 5249 3232 5322 περὶ
3267 5243 3366 5304 ὧν.
3407 5251 3479 5306 At
3536 5249 3592 5306 in

2000 5317 2314 5405 l'iodle‘iauq
2333 5329 2388 5405 et
2416 5319 2718 5373 Barberiuo
2768 5317 2994 5405 legitur,
3058 5317 3413 5390 ἀγωνιῶντας
3466 5323 3593 5405 περὶ

1998 5390 2401 5458 ὢν,ειο.,‹ιιιιε
2465 5403 2721 5463 germana
2768 5390 2926 5446 lectio
2987 5407 3102 5452 esu
3172 5408 3298 5445 nam
3361 5390 3596 5463 περιὼν-

1999 5473 2099 5538 τας
2136 5474 2200 5512 ex
2243 5469 2518 5538 postrema
2549 5460 2754 5538 syllaba
2815 5460 3484 5538 prmcedentis_voeabnl'i,
3540 5471 3599 5517 et

2003 5529 2180 5583 tribus
2209 5531 2564 5601 sequentibus
2601 5529 2813 5584 videtur
2857 5547 2954 5601 per
3008 5533 3220 5588 librarii
3279 5533 3589 5588 festinatio-

2007 5611 2132 5652 nem
2164 5600 2456 5654 coaluisse.

2080 5669 2191 5743 (ῼῖ)
2223 5669 2464 5743 _tloilices
2496 5669 2784 5743 Regius‘et
2819 5671 3180 5743 Barherinus.
3213 5671 3516 5743 βάλλοντες.

2004 5740 2192 5863 λοὲἓῗ)
2223 5738 2389 5795 Iidem
2419 5743 2644 5842 codices
2695 5739 2898 5812 Regius
2953 5753 3010 5798 et
3061 5738 3413 5810 Barberinus,
3466 5741 3595 5814 βάλ-

2035 5826 2178 5864 ουσι.
2419 5833 2430 5842 ·
