4196 6368
408 293 508 349 581

1459 286 1819 346 COMMENT.
1865 284 1934 341 IN
1964 281 2159 339 JOAN.
2198 280 2440 337 TOMUS
2474 281 2594 336 XX.

3562 281 3673 336 582

406 425 599 480 γματα
618 407 836 463 αὐτῶν.
853 408 1003 479 Τάχα
1017 408 1074 462 δὲ
1100 409 1277 478 ἕτεροι
1293 403 1458 481 ἦλθον
1475 409 1603 480 περὶ
1617 401 1693 462 ὧν
1709 407 1883 468 εἴποις
1898 405 1976 458 ἄν·

2090 400 2157 453 Ει
2188 401 2437 456 fortassis
2458 401 2625 454 etiam
2656 397 2749 453 alii
2769 406 3057 462 venerunt,
3089 399 3156 467 de
3179 397 3377 467 quibus
3403 396 3533 453 illud
3561 397 3670 455 dici

406 498 771 569 Πορευὸμενοι
793 497 1137 569 ἐπορεύοντο,
1155 500 1249 551 καὶ
1263 497 1484 567 ἐγέλων,
1514 496 1983 568 βάλλοντες(29)τά

407 589 698 660 σπέρματα
727 584 1062 652 ἑαυτῶν-,οἷς
1081 588 1434 660 ἀκολουθήσει
1458 590 1518 642 τό
1534 608 1547 619 ·
1592 589 1906 660 Ἐρχόμενοι
1925 589 1983 642 δὲ

402 680 624 751 ἥξουσιν
654 681 712 733 ἐν
742 679 1023 752 κλαυθμῷ,
1060 683 1306 754 αἴροντες
1330 681 1397 735 τὰ
1423 680 1713 752 δράγματα
1750 680 1984 735 ἐαυτῶφ

404 773 532 845 περὶ
561 765 636 826 ὧν
665 774 841 836 εἴποις
869 774 963 828 ἄν’
996 775 1445 844 Ἐγεννήθησαν
1471 774 1613 828 ὡσεὶ
1639 774 1850 841 χόρτος
1870 773 1982 826 δω-

398 862 623 935 μάτων,
659 864 748 931 ὃς,
789 864 903 933 πρὸ
928 865 1033 920 τοῦ
1054 866 1498 934 ἐκσπασθῆναι,
1528 865 1827 934 ἐξηράνθη
1850 883 1863 896 ·
1909 861 1981 920 οὗ

404 959 514 1011 οὐκ
563 956 882 1024 ἐπλήρωσε
926 955 1042 1024 τὴν
1084 958 1252 1027 χεῖρα
1290 958 1476 1012 αὑτοῦ
1513 960 1546 1011 ὁ
1590 956 1846 1025 θερίζων,
1883 956 1982 1009 καὶ

402 1051 513 1105 τὸν
555 1053 789 1106 κόλπον
837 1053 1023 1107 αὑτοῦ
1071 1056 1104 1108 ό
1149 1053 1219 1106 τὰ
1263 1051 1569 1122 δράγματα
1619 1050 1941 1120 συλλέγιιινι⁸
1965 1066 1980 1080 ·

402 1142 499 1194 καὶ
536 1145 649 1197 οὐκ
682 1140 862 1198 εἶπαν
893 1148 947 1198 οἱ
989 1143 1391 1215 παράγοντες·
1432 1145 1695 1213 Εὐλογία
1754 1143 1982 1211 Κυρίου

399 1233 491 1304 ἐφ’
521 1234 696 1304 ὑμᾶς.
723 1237 835 1289 Καὶ
859 1237 959 1307 ὅρα
986 1239 1033 1289 εί
1061 1238 1281 1290 δύναται
1316 1238 1456 1291 κατὰ
1484 1236 1642 1290 τοῦτο
1689 1236 1984 1308 βαθύτερον

401 1324 493 1377 καὶ
528 1325 933 1399 μυστικώτερον
972 1327 1225 1396 λέγεσθαι
1265 1328 1372 1381 ἀπὸ
1403 1328 1497 1381 τοῦ
1539 1328 1791 1400 Σωτῆρος
1828 1329 1983 1400 ἡμῶν

396 1413 491 1467 τό·
538 1414 828 1483 Μακάριοι
878 1418 1196 1483 κλαίοντες
1250 1417 1388 1483 νῦν,
1448 1418 1538 1471 ὅτι
1586 1417 1979 1487 γελάσονται·

397 1506 494 1560 καὶ
518 1505 610 1559 τό·
669 1508 814 1561 Οὐαὶ
854 1512 907 1562 οι
945 1509 1240 1577 γελῶντες
1287 1510 1427 1575 νῦν,
1485 1511 1574 1565 ὅτι
1623 1510 1979 1578 πενθήσετε,

397 1598 497 1652 καὶ
527 1600 845 1653 κλαύσετε.
880 1599 1030 1671 Ὄσῳ
1077 1601 1323 1671 μέντοιγε
1368 1603 1844 1674 μεταγενεστέρων
1898 1620 1984 1667 τις

396 1690 516 1743 ἐστὶ
539 1689 763 1744 δικαίων
808 1690 1141 1763 σπέρματος,
1188 1693 1428 1764 τοσούτῳ
1461 1694 1568 1765 (30)
1606 1694 1854 1759 πλείονας
1889 1696 1984 1765 φέ-

398 1798 481 1854 ρει
506 1782 853 1856 δικαιοσύνης
881 1784 1093 1853 λόγους,
1123 1787 1198 1850 ὡς
1230 1787 1318 1841 διὰ
1343 1787 1502 1841 τοῦτο
1537 1789 1635 1859 μὲν
1668 1790 1980 1861 γεγράφθαι

395 1872 487 1925 τό·
523 1872 766 1944 Σπέρμα
828 1875 1097 1946 Ἀϐραὰμ-
1115 1875 1323 1930 δοῦλοι
1359 1877 1545 1931 αὐτοῦ
1566 1895 1579 1907 ·
1614 1879 1729 1932 υίοὶ
1788 1878 1988 1933 Ἰακὼϐ

392 1963 668 2019 ἐκλεκτοὶ
706 1966 915 2021 αὐτοῦ.
946 1967 1045 2021 Διὰ
1079 1968 1237 2021 τοῦτο
1268 1970 1325 2021 δέ
1361 1986 1478 2033 πως
1501 1965 1641 2022 εἶναι
1667 1970 1777 2040 (51)
1802 1970 1979 2024 καὶτὸ

2084 504 2309 560 posset:
2337 492 2538 547 Euntes
2562 490 2735 553 ibant.
2769 500 2825 546 et
2846 491 3117 557 ridebam,
3152 490 3428 545 mittentes
3459 490 3670 545 semina

2086 599 2222 650 sua;
2264 599 2403 655 quos
2432 584 2561 639 illud
2591 592 2893 654 sequetur:
2924 583 3088 653 312
3132 581 3429 638 Venientes
3483 590 3668 636 autem

2092 678 2320 732 venient
2349 691 2469 731 cum
2498 678 2736 746 ploratu,
2767 683 3050 747 portantes
3084 673 3391 743 manipulos
3416 687 3578 739 suos;
3601 674 3670 727 de

2091 769 2290 837 quibus
2325 771 2429 825 dici
2462 779 2644 839 posset
2671 788 2686 826 :
2720 767 2895 824 Geniti
2942 778 3064 823 sunt
3108 767 3267 821 veluti
3299 772 3534 837 'gramen
3566 768 3665 819 do-

2084 877 2326 926 morum;
2365 866 2503 931 quod
2551 874 2830 931 antequam
2868 860 3196 922 evelleretur,
3220 860 3472 913 exaruit:
3515 857 3667 926 cujus

2087 970 2190 1007 non
2220 953 2443 1021 implevit
2466 969 2666 1007 messor
2691 967 2907 1004 manum
2952 966 3125 1013 suam,
3176 960 3225 1002 et
3271 950 3444 1003 sinum
3487 963 3666 1011 suum,

2083 1043 2174 1113 qui
2199 1042 2499 1112 manipulos
2524 1042 2721 1111 colligit
2744 1057 2764 1095 :
2792 1049 2839 1094 et
2865 1056 2967 1094 non
2989 1041 3233 1093 dixerunt
3255 1048 3626 1107 prwtereunles
3643 1048 3666 1090 :

2086 1133 2389 1189 Benedictio
2443 1133 2656 1187 Domini
2701 1150 2861 1197 super
2906 1149 2994 1186 vos
3025 1133 3090 1187 ¹⁰.
3145 1130 3212 1184 Et
3247 1131 3368 1186 vide
3409 1147 3534 1186 num
3565 1133 3666 1186 hac

2087 1227 2304 1281 ratione
2353 1227 2624 1281 sacratius
2669 1235 2723 1280 et
2780 1224 3100 1295 profundius
3144 1226 3351 1280 dixerit
3403 1225 3668 1280 Servator

2087 1328 2274 1375 noster
2305 1337 2321 1374 :
2355 1317 2506 1371 Beati
2540 1317 2630 1388 qui
2662 1334 2800 1371 nunc
2832 1314 2986 1385 ﬂent,
3018 1318 3272 1387 quoniam
3321 1317 3574 1372 ridebunt
3597 1316 3664 1382 “;

2084 1423 2139 1467 et
2166 1412 2295 1467 illud
2322 1428 2337 1466 :
2371 1409 2466 1466 Va:
2494 1411 2657 1474 vobis,
2688 1411 2781 1480 qui
2812 1427 2949 1464 nunc
2978 1410 3183 1475 ridetis,
3212 1412 3463 1482 quoniam
3487 1410 3670 1480 plora-

2086 1505 2230 1568 bitis,
2261 1514 2310 1556 et
2357 1503 2554 1572 ﬂebitis
2578 1503 2644 1555 “.
2680 1503 2855 1571 Atque
2883 1516 3017 1558 sane
3046 1512 3251 1572 quanto
3283 1503 3407 1572 quis
3452 1512 3536 1557 est
3579 1516 3668 1556 se-

2088 1597 2252 1651 minis
2274 1596 2551 1665 juniorum
2574 1593 2870 1663 iustorum,
2902 1606 3057 1650 tanto
3093 1594 3274 1662 plures
3298 1594 3524 1664 justitite
3560 1592 3669 1647 fert

2088 1689 2346 1748 rationes.
2377 1685 2515 1763 adeo
2549 1694 2609 1737 ut
2637 1692 2862 1753 propter
2895 1684 2995 1738 ltoc
3024 1683 3292 1753 scriptum
3341 1684 3413 1738 sit
3440 1682 3517 1735 ¹³ε
3570 1682 3669 1738 Se-

2085 1797 2201 1834 men
2249 1779 2540 1844 Abraham,
2586 1779 2722 1831 servi
2760 1776 2913 1846 ejus;
2953 1777 3058 1844 ﬁlii
3098 1776 3290 1840 Iacob,
3334 1776 3484 1830 electi
3526 1776 3665 1847 ejus.

2083 1873 2309 1941 Propter
2336 1876 2436 1925 hoc
2470 1870 2634 1925 etiam
2665 1866 2847 1937 aliquo
2879 1868 3040 1923 modo
3070 1867 3137 1922 de
3160 1866 3366 1923 Joanne
3401 1868 3533 1923 illud
3580 1869 3666 1922 di-

2085 1976 2232 2019 ctum
2260 1974 2345 2019 est
2368 1962 2412 1995 "‘
2442 1982 2455 2017 :
2490 1962 2671 2033 Major
2696 1963 2834 2016 inter
2863 1969 3012 2013 natos
3037 1958 3315 2013 mulierum
3335 1958 3544 2014 Joanne
3558 1957 3666 2012 Ba~

395 2056 642 2129 περὶτοῦ
672 2058 918 2112 Ἰωάννου
957 2060 1246 2131 εἰρημένον
1265 2078 1278 2092 °
1313 2058 1536 2121 Μείζων
1569 2062 1638 2114 ἐν
1670 2063 1976 2132 γεννητοῖς

2082 2059 2241 2126 ptista
2272 2073 2424 2110 nemo
2454 2065 2552 2110 est.
2585 2055 2665 2108 Ad
2691 2069 2811 2122 quae
2838 2053 2956 2108 loca
2987 2069 3109 2107 cum
3139 2054 3474 2122 perveneris,
3505 2050 3665 2106 adbi-

392 2148 695 2217 γυναικῶν
715 2150 985 2206 Ἰωάννου
1000 2152 1106 2206 τοῦ
1127 2152 1465 2207 Βαπτιστοῦ
1479 2154 1872 2219 οὐδείςέστιν.
1892 2157 1976 2209 Ἐν

2087 2147 2152 2201 be
2202 2146 2469 2208 animum,
2526 2159 2654 2198 num
2712 2144 2977 2197 rationem
3032 2142 3229 2195 habeat
3256 2139 3423 2194 deleri
3473 2154 3505 2194 a
3554 2140 3665 2194 Deo

392 2239 601 2303 τούτοις
629 2240 687 2292 δὲ
712 2240 1005 2312 γενόμενος
1038 2246 1150 2308 τοῖς
1178 2244 1387 2309 τόποις,
1423 2247 1661 2317 πρόσχες
1696 2250 1745 2301 εὶ
1778 2248 1853 2320 μὴ
1888 2248 1978 2301 λό-

391 2348 487 2399 γον
524 2330 636 2401 ἐχει
668 2331 729 2385 τὸ
777 2332 1135 2401 ἀφανίζεσθαί
1179 2353 1300 2388 τινα
1339 2336 1448 2389 τῶν
1485 2338 1817 2409 σπερμάτων
1874 2341 1979 2393 ὑπό

391 2422 548 2485 Θεοῦ,
577 2424 663 2476 ἵνα
698 2424 773 2496 μὴ
805 2424 1114 2480 πλείονατά
1152 2427 1296 2481 κακά
1410 2429 1503 2482 ἐπὶ
1537 2430 1635 2500 τῆς
1669 2431 1793 2500 γῆς,
1832 2450 1980 2485 σπει-

394 2512 638 2585 ρομένων
675 2513 784 2566 τῶν
833 2514 907 2585 μὴ
941 2515 1173 2585 ἐχόντων
1220 2516 1477 2588 ἀφορμὰς
1513 2517 1619 2571 ἀπὸ
1652 2518 1978 2590 κρειττόνων

394 2604 531 2675 πρὸς
563 2605 624 2658 τὸ
655 2605 972 2677 γεωργῆσαι
1001 2607 1068 2660 τὰ
1096 2608 1204 2659 ἀπὸ
1234 2607 1596 2679 διαφερόντων
1628 2610 1974 2681 σπερμάτωνο

390 2695 480 2749 διὰ
502 2696 660 2750 τοῦτο
683 2697 793 2768 γὰρ
820 2698 1206 2769 κατακλυσμὸς
1251 2699 1484 2768 γίνεται,
1526 2701 1613 2754 ἵνα
1644 2700 1976 2774 ἐξαφανισθῇ

390 2788 454 2841 τὸ
486 2789 581 2843 τοῦ
627 2790 766 2844 Κάῖν
823 2790 1066 2863 σπέρμα,
1117 2792 1218 2845 ούκ
1263 2791 1328 2845 ἂν
1374 2792 1709 2863 δυνηθέντων
1741 2796 1849 2848 τῶν
1884 2797 1977 2849 ἀπ’

393 2879 560 2934 αὐτοῦ
586 2883 893 2954 γενομένων
914 2883 1059 2954 ἐχειν
1083 2885 1137 2937 τί
1165 2886 1576 2955 γεωργήσωσιν,
1606 2887 1654 2938 εἰ
1678 2884 1752 2957 μὴ
1779 2886 1846 2939 τὰ
1867 2887 1978 2940 ἀπὸ

388 2974 484 3026 τοῦ
538 2975 709 3047 Ἀδὰμ
741 2977 897 3047 μόνα.
954 2978 1076 3031 ’Ότι
1114 2976 1170 3031 δέ
1205 2977 1234 3028 ὁ
1278 2976 1661 3048 κατακλυσμὸς
1702 2978 1842 3049 ὑπὲρ
1880 2978 1975 3032 τοῦ

390 3064 810 3140 ὲξαφανισθῆναι
841 3070 903 3123 τὸ
934 3071 1153 3142 σπέρμα
1175 3069 1269 3122 τοῦ
1311 3070 1451 3123 Κὰῖν
1483 3071 1794 3143 γεγένηται,
1838 3089 1979 3143 παρ-

394 3156 604 3229 ίστησιν
646 3162 682 3232 ή
732 3161 1187 3234 ἐπιγεγραμμένη
1250 3163 1738 3234 τοῦ-Σολομῶντος
1789 3165 1979 3233 Σοφία

388 3249 474 3305 διὰ
522 3253 759 3308 τούτων’
818 3255 1106 3322 Ἀποστὰς
1148 3255 1218 3309 δὲ
1266 3256 1368 3310 ἀπ’
1419 3256 1611 3326 αὐτῆς
1648 3257 1854 3323 ἄδικος
1908 3258 1978 3310 ἐν

390 3340 542 3413 ὀργῇ
572 3345 782 3409 αὐτοῦ,
813 3345 987 3417 (δῆλον
1022 3345 1065 3399 δ’
1094 3347 1178 3400 ὅτι
1208 3346 1309 3416 τῆς
1350 3347 1583 3416 σοφίας,)
1616 3347 1978 3416 ἀδελφοκτό-

388 3450 520 3501 νοις
554 3436 951 3501 συναπώλετο
980 3438 1187 3508 θυμοῖς
1208 3455 1222 3468 ·
1248 3438 1324 3492 δι’
1351 3438 1424 3492 ὃν
1451 3438 1977 3508 κατακλυζομένην

388 3523 506 3595 γῆν
542 3526 730 3582 πάλιν
761 3530 958 3584 ἔσωσε
1003 3532 1193 3599 Σοφία
1217 3530 1291 3583 δι’
1320 3531 1604 3596 εὐτελοῦς
1636 3531 1827 3596 ξύλου
1867 3533 1975 3587 τὸν

389 3615 628 3672 δίκαιον
655 3619 1105 3687 κυϐερνήσασα.
1141 3621 1215 3673 Τὸ
1244 3622 1374 3674 αὐτὸ
1413 3621 1471 3675 δέ
1508 3639 1599 3693 μοι
1636 3620 1782 3675 δοκεῖ
1809 3639 1976 3693 παρι-

392 3710 607 3764 στάνειν
652 3714 746 3766 καὶ
778 3715 806 3766 ὁ
836 3712 1086 3785 Σοδόμων
1115 3714 1482 3785 ἐξαφανισμὸς
1510 3715 1721 3787 καὶτῆς
1749 3716 1852 3786 γῆς
1880 3716 1977 3768 αύ-

387 3800 516 3865 τῶν,
537 3797 625 3856 ὧν
649 3803 737 3857 ἔτι
755 3806 1082 3875 μαρτύριον
1103 3807 1212 3877 (52)
1242 3804 1353 3875 τῆς
1380 3807 1671 3875 πονηρίας
1697 3806 1971 3868 καπνιζο-

386 3893 540 3963 μένη
601 3894 935 3963 καθέστηκε
987 3897 1231 3967 χέρσος,
1288 3900 1388 3951 καὶ
1452 3899 1737 3953 ἀτελέσιν
1795 3898 1974 3967 ὥραις

390 3986 887 4054 καρποφοροῦντα
922 3989 1102 4057 φυτά.
1152 3989 1265 4042 Καὶ
1298 3988 1504 4058 ἀγαθοῦ
1544 4007 1607 4059 γε
1641 3991 1776 4044 Θεοῦ
1814 3991 1974 4064 ἔργον

387 4069 457 4144 ἦν
480 4077 724 4149 Σοδόμων
753 4080 1073 4150 ἐξαφανίσαι
1103 4081 1200 4153 τὴν
1231 4083 1355 4154 γῆν,
1393 4084 1488 4137 καὶ
1531 4085 1641 4138 πᾶν
1670 4085 1808 4156 ὅπερ
1847 4086 1975 4138 ὑπε-

389 4164 605 4220 λείπετο
639 4171 838 4236 νοτίδος
881 4171 1112 4244 ξηρᾶναι
1163 4176 1260 4227 ἀπ’
1292 4175 1481 4247 αὐτῆς,
1530 4176 1614 4230 ἵνα
1651 4176 1848 4247 μηκέτι
1877 4178 1972 4247 γέ»-

386 4273 546 4326 νηται
585 4258 832 4330 ἄμπελος
876 4263 1146 4335 Σοδόμων,
1185 4266 1324 4337 μήτε
1359 4266 1630 4337 κληματίς
1661 4267 1970 4339 Γομόρρας,

390 4350 526 4421 μηδέ
590 4352 837 4425 σταφυλὴ
896 4354 1080 4426 χολῆς,
1127 4357 1261 4428 μηδέ
1323 4357 1516 4430 βότρυς
1554 4359 1799 4431 πικρίας,
1838 4360 1973 4431 μηδέ

385 4437 547 4506 οἶνος,
580 4442 750 4513 θυμὸς
776 4445 1106 4518 δρακόντων,
1135 4444 1229 4501 καὶ
1251 4447 1422 4518 θυμὸς
1460 4450 1702 4503 ἀσπίδων
1730 4450 1967 4515 ἀνίατος.

386 4535 460 4589 Τὸ
487 4534 531 4588 δ’
566 4536 749 4607 ὅμοιον
777 4540 923 4610 ἐρεῖς
951 4541 1047 4594 καὶ
1070 4542 1200 4612 περὶ
1225 4541 1331 4595 τῶν
1361 4543 1696 4611 Αἰγυπτίων,
1733 4545 1861 4616 περὶ
1895 4537 1971 4599 ὧν

384 4626 632 4700 εἴρηται·
703 4628 1066 4687 Ἆπέκτεινεν
1127 4633 1200 4687 ὲν
1250 4634 1474 4704 χαλάζῃ
1524 4635 1642 4704 τὴν
1700 4634 1972 4705 ἄμπελον

383 4719 602 4787 αὐτῶν,
627 4720 726 4774 καί
752 4720 856 4787 τὰς
888 4726 1262 4794 συκαμίνους
1285 4726 1485 4781 αὐτῶν
1520 4728 1591 4781 ἐν
1618 4728 1697 4797 τῇ
1732 4728 1967 4801 πάχνῃ⁶

2085 2238 2332 2308 qumdam
2363 2236 2594 2303 semina,
2622 2251 2690 2289 ne
2719 2234 2860 2288 mala
2892 2233 3327 2304 multiplicemur
3357 2247 3521 2303 super
3551 2242 3664 2287 ter-

2086 2345 2224 2396 rant,
2252 2333 2377 2384 dum
2408 2329 2460 2383 hi
2488 2328 2761 2383 seminant
2790 2327 2880 2396 qui
2918 2327 3094 2382 nullas
3122 2327 3440 2382 occasiones
3464 2327 3667 2379 habent

2084 2440 2113 2478 a
2163 2420 2484 2479 melioribus
2526 2420 2970 2492 progenitoribus
3015 2419 3297 2473 excolendi
3349 2417 3664 2487 prmstantia

2082 2518 2331 2585 semina;
2385 2517 2523 2571 hanc
2571 2516 2713 2571 enim
2762 2515 2832 2570 ob
2888 2528 3108 2568 causam
3158 2512 3419 2568 diluvium
3470 2509 3548 2578 ﬁt,
3602 2519 3665 2565 ut

2081 2609 2328 2664 deleatur
2358 2608 2492 2664 Cain
2527 2623 2752 2662 semen:
2785 2606 3020 2676 posteris
3054 2604 3224 2674 ipsius
3267 2603 3512 2672 alioquin
3565 2603 3667 2657 lia-

2080 2704 2210 2759 bere
2248 2720 2356 2758 non
2397 2703 2706 2758 valentibus
2750 2701 2955 2770 aliquid
2991 2700 3133 2768 quod
3174 2697 3506 2765 excolerent,
3556 2695 3664 2751 nisi

2081 2798 2292 2850 semina
2317 2795 2432 2851 sola
2457 2796 2526 2849 ab
2549 2796 2722 2848 Adam
2747 2792 3147 2864 provenientia.
3176 2791 3329 2858 Quod
3360 2803 3490 2844 vero
3523 2789 3668 2842 dilu-

2080 2888 2224 2941 vium
2261 2886 2488 2942 seminis
2509 2885 2639 2940 Cain
2671 2883 2886 2938 delendi
2919 2898 3081 2936 causa
3112 2880 3320 2936 factum
3354 2880 3537 2942 fuerit.
3562 2878 3666 2932 Sa—

2082 2980 2296 3047 pientia:
2313 2978 2450 3032 liber
2469 2976 2748 3033 Salomoni
2772 2977 3087 3045 inscriptus,
3112 2973 3195 3027 his
3218 2973 3401 3026 verbis
3420 2973 3578 3025 docet
3592 2970 3659 3024 ":

2079 3071 2339 3125 Recedens
2382 3082 2557 3124 autem
2606 3072 2669 3123 ab
2699 3071 2811 3137 ipsa
2843 3072 3062 3136 (nempe
3099 3064 3390 3136 sapientia)
3429 3064 3664 3134 injustas

2076 3163 2133 3216 in
2161 3165 2242 3215 ira
2288 3179 2385 3216 sua
2415 3162 2590 3228 periit,
2634 3177 2750 3214 cum
2778 3160 2969 3213 animis
3003 3158 3299 3228 fratricidis
3324 3172 3344 3212 :
3388 3173 3483 3225 per
3506 3173 3659 3226 quem

2078 3255 2394 3309 inundatam
2425 3262 2623 3306 terram
2653 3269 2837 3306 rursus
2865 3252 3089 3306 servavit
3119 3248 3415 3320 Sapientia,
3454 3250 3543 3302 vili
3593 3248 3665 3300 li-

2077 3365 2177 3417 gno
2201 3349 2409 3416 justum
2435 3349 2753 3417 gubernans.
2786 3346 2926 3411 Quin
2961 3344 3125 3398 etiam
3160 3343 3302 3397 idem
3336 3342 3469 3396 mihi
3503 3342 3657 3396 vide-

2082 3448 2168 3489 tttr
2208 3440 2405 3490 docere
2452 3436 2517 3489 de
2551 3435 2804 3491 Sodomis
2839 3435 3116 3494 Salomon,
3149 3447 3243 3487 eos
3274 3447 3395 3484 cum
3427 3447 3523 3485 sua
3570 3432 3656 3500 ip-

2078 3543 2261 3581 ευιύιιι
2298 3538 2441 3580 terra
2482 3527 2739 3581 incendio
2779 3526 3010 3594 periisse
3066 3537 3399 3588 memorans,
3430 3538 3657 3592 quorum

2075 3622 2360 3673 etiamnum
2401 3619 2621 3672 malitia!
2654 3618 2953 3672 testimonio
2979 3616 3243 3685 fumosum
3276 3625 3435 3669 restat
3461 3614 3658 3680 solum,

2075 3720 2123 3761 et
2149 3708 2345 3772 planta:
2371 3709 2788 3776 intempestivum
2813 3707 3045 3776 fructum
3072 3708 3296 3776 ferentes
3322 3707 3386 3759 η.
3411 3709 3486 3762 Ac
3508 3715 3659 3760 certe

2077 3802 2169 3856 Dei
2201 3802 2325 3855 boui
2352 3802 2582 3857 cilicium
2616 3801 2717 3867 fuit
2757 3799 3119 3855 Sodomorum
3149 3809 3347 3854 terram
3372 3799 3573 3860 delere,
3602 3806 3659 3852 et

2076 3894 2340 3962 quidquid
2372 3894 2629 3948 relictum
2660 3908 2726 3945 ex
2752 3907 2819 3946 ea
2856 3891 3049 3947 fuisset
3094 3889 3436 3945 ltumiditatis
3471 3886 3656 3943 arefa-

2076 3986 2293 4049 ciendo,
2328 4002 2393 4039 ne
2423 3987 2474 4039 iu
2504 3995 2780 4053 posterum
2817 3984 3059 4038 oriretur
3103 3982 3227 4037 vitis
3266 3980 3655 4046 Sodomorum,

2077 4096 2254 4151 neque
2292 4080 2580 4135 malleolus
2610 4079 2951 4143 Gomorrhat,
2976 4091 3156 4147 neque
3184 4092 3288 4131 uva
3324 4076 3443 4141 iraa,
3479 4090 3659 4144 neque

2076 4175 2269 4228 botrus
2298 4173 2713 4236 amaritudinis,
2751 4186 2816 4226 ac
2850 4187 2918 4225 ne
2970 4172 3153 4225 viuum
3205 4170 3451 4240 quidem,
3505 4170 3657 4224 furor

2074 4266 2402 4329 draconum,
2433 4273 2490 4321 et
2520 4279 2789 4318 venenum
2836 4263 3085 4333 aspidum
3127 4262 3436 4317 insanabile
3469 4262 3534 4316 ³⁷.
3568 4262 3656 4317 Si-

2076 4358 2203 4415 mile
2237 4358 2497 4430 quiddam
2527 4357 2680 4412 dices
2709 4357 2873 4411 etiam
2906 4358 2971 4411 de
3002 4354 3296 4425 Egyptiis,
3344 4354 3411 4410 de
3456 4355 3656 4423 quibus

2075 4457 2276 4512 dictum
2308 4463 2392 4509 est
2413 4454 2456 4486 ⁸⁸
2485 4472 2499 4508 :
2539 4454 2745 4508 Occidit
2773 4454 2828 4507 in
2851 4454 3108 4525 grandine
3138 4453 3342 4507 vineam
3368 4468 3575 4515 eorum,
3605 4461 3655 4504 et

2072 4564 2249 4603 moros
2291 4564 2474 4601 eorum
2504 4549 2559 4600 in
2595 4525 2838 4617 pruina;
2874 4546 3003 4601 boni
3034 4546 3181 4602 enim
3219 4546 3310 4601 Dei
3334 4555 3414 4600 est
3447 4545 3655 4599 interli-

2072 4655 2198 4696 cere
2232 4639 2416 4695 vineas
2444 4638 2827 4710 {Egyptiorum
2872 4646 2927 4693 et
2960 4653 3142 4693 moros
3177 4638 3485 4703 impiorum.
3528 4635 3656 4691 Haec

2073 4732 2327 4801 adjuncta
2346 4732 2606 4786 institutae
2621 4731 2978 4800 disputationi
2996 4733 3061 4785 de
3078 4729 3379 4785 seminibus
3396 4728 3653 4791 Abrahae,

383 4810 589 4879 ἀγαθοῦ
617 4812 728 4884 γὰρ
752 4812 889 4866 Θεοῦ
937 4814 1279 4870 ἀποκτείνειν
1319 4818 1598 4889 ἀμπέλους
1629 4821 1961 4888 Αἰγυπτίων,

2080 4824 2233 4895 313
2262 4825 2348 4880 vel
2379 4823 2608 4893 alicujus
2634 4822 2772 4892 justi
2798 4823 2909 4877 sint
2935 4823 3092 4879 nobis
3116 4823 3287 4885 dicta,
3318 4831 3375 4876 ut
3401 4820 3655 4875 ostende-

382 4902 477 4956 καί
512 4902 843 4973 συκαμίνους
869 4905 976 4958 τῶν
1009 4907 1244 4963 ἀσεϐῶν.
1289 4909 1474 4964 Ταῦτα
1517 4912 1855 4982 προκείμενα
1894 4915 1964 4985 τῇ

2080 4894 2257 4971 remus
2282 4915 2557 4984 quomodo
2604 4923 2660 4969 et
2705 4928 2805 4968 cur
2834 4912 3094 4968 Servatur
3126 4912 3206 4967 eis
3234 4894 3477 4965 dixerit:
3509 4906 3650 4962 Novi

382 4992 626 5058 ἐξετάσει
651 4993 746 5047 τοῦ
784 4995 913 5065 περὶ
948 4999 1278 5069 σπερμάτων
1306 4999 1467 5068 λόγου
1520 5001 1790 5073 Ἀϐραὰμ,
1817 5003 1850 5074 ἦ
1883 5020 1964 5057 τι·

383 5102 473 5150 νος
519 5084 630 5138 τῶν
679 5084 902 5138 δικαίων
945 5090 1078 5157 ἡμῖν
1125 5090 1360 5163 εἴρηται,
1407 5092 1547 5164 ὑπὲρ
1592 5092 1685 5147 τοῦ
1733 5095 1967 5164 φανῆναι

383 5176 504 5241 πῶς
536 5176 631 5231 καὶ
647 5176 767 5232 τίνα
798 5177 999 5250 τρόπον
1029 5181 1242 5252 εἴρηται
1273 5186 1386 5248 τοῖς
1413 5187 1596 5250 αὐτοῖς
1612 5186 1717 5239 ὑπὸ
1738 5186 1832 5240 τοῦ
1853 5190 1969 5242 Σω-

455 5270 500 5303 ¹⁶
530 5270 673 5325 Psul.
704 5286 934 5336 cxxvttt,
966 5272 1084 5326 6-8.
1196 5277 1237 5308 ¹¹
1266 5276 1397 5333 Luc.
1431 5278 1610 5341 ωλι.

1704 5279 1746 5310 ⁸⁸
1773 5280 1900 5334 ibitl.
1928 5281 2019 5337 25.

2073 5008 2213 5078 quod
2243 5023 2419 5061 semen
2444 5006 2671 5060 Abraha:
2693 5006 2917 5072 estis";
2949 5013 3023 5071 et,
3050 5004 3112 5060 Si
3133 5004 3232 5072 ﬁlii
3258 5003 3479 5057 Abralue
3498 5002 3652 5067 estis,

2075 5115 2234 5167 Opera
2270 5098 2502 5152 Abrahte
2534 5098 2694 5167 facile
2716 5099 2782 5151 ὀ.
2816 5096 3086 5154 Caeterum
3132 5097 3199 5151 de
3241 5095 3374 5150 ﬁliis
3420 5093 3653 5149 Abrahae

2073 5206 2237 5261 opera
2270 5191 2501 5249 Abrahae
2550 5191 2880 5247 facientibus
2915 5189 3276 5251 commodius,
3325 5187 3433 5242 Deo
3460 5186 3648 5250 dante,

2119 5285 2327 5343 “Psal.
2361 5302 2468 5347 ειν.
2492 5285 2545 5341 6.
2643 5288 2688 5318 ιδ
2721 5285 2849 5339 Luc.
2882 5301 2978 5349 vn,
3014 5283 3104 5337 28.
3210 5284 3253 5314 ¹⁶
3278 5282 3405 5350 Sap.
3441 5281 3648 5347 355,4.

389 5339 432 5369 "
462 5340 595 5395 ibid.
633 5341 687 5396 7.
766 5343 808 5373 "
835 5342 989 5397 Deut.
1025 5358 1195 5409 sun,
1222 5347 1314 5410 52.
1339 5348 1428 5404 55.
1494 5339 1538 5381 ’⁸
1558 5349 1701 5403 Psal.
1741 5365 1945 5416 Lxxvn,

2150 5339 2202 5389 te
2221 5339 2388 5412 toa'uI
2400 5339 2543 5421 uit,
2561 5356 2652 5412 57.
2730 5357 2777 5387 ιο
2810 5339 2943 5409 ibid.
2964 5339 3068 5409 '39.

381 5435 587 5570 10532:).
603 5435 771 5493 Iidem
804 5439 1021 5495 codices
1080 5440 1282 5512 Regius
1327 5454 1383 5498 et
1423 5445 1774 5511 Barberinus,
1835 5445 1962 5516 βάλ-

595 5578 832 5650 codices
854 5578 1056 5650 Regius
1084 5590 1136 5634 et
1162 5580 1508 5643 Barberinus.
1542 5583 1706 5638 οὕτω.

456 5645 568 5717 (51)
592 5645 781 5703 Εἶναι.
813 5645 1171 5704 δρνίῧιιηιιυιιι
1199 5653 1414 5705 videtur
1443 5654 1578 5706 ἐστί.

459 5719 571 5793 \32)
601 5718 784 5777 Codex
810 5720 1153 5788 Bodleiauus,
1183 5723 1275 5775 καὶ
1311 5724 1436 5794 περὶ
1468 5725 1716 5794 Σοδόμων
1742 5728 1769 5779 ὁ
1799 5728 1959 5781 Σολο-

2073 5452 2190 5523 μὼν
2219 5452 2584 5524 ἐξαφανισμὸν
2620 5451 2832 5520 καὶτῆς
2853 5451 2956 5524 γῆς
2980 5446 3283 5524 καιήαὐτῶν
3312 5444 3393 5498 ἐτι
3437 5440 3650 5524 μαρτύ-

2072 5517 2206 5593 ριον,
2233 5517 2364 5588 εἶσί,
2400 5534 2454 5578 et
2488 5517 2587 5589 ita,
2636 5524 2718 5575 vel
2778 5517 2924 5593 quid
2955 5519 3131 5593 simile
3180 5518 3373 5593 legisse
3436 5517 3648 5568 vidi-tur

2072 5587 2361 5648 Ferrarius
2396 5596 2447 5647 iu
2485 5587 2582 5648 suo
2601 5587 2822 5653 codice;
2858 5590 3059 5658 Regius
3089 5603 3215 5642 vero
3245 5598 3301 5658 ut
3355 5587 3407 5658 in
3463 5598 3648 5658 nostro

2070 5674 2248 5732 textu,
2280 5665 2382 5721 nisi
2416 5665 2557 5733 quod
2591 5678 2688 5734 pro
2716 5664 2744 5716 ό
2771 5654 3018 5731 Σοδόμων
3047 5659 3207 5714 habet
3244 5657 3273 5708 ὁ
3300 5654 3570 5725 Σολομὼν.
