4196 6392
503 323 608 380 δῗιῦ

1947 319 2108 378 οιιιο
2118 318 2274 374 ENIS

3657 308 3763 362 5!"

502 447 834 511 disseremus
865 463 990 504 cum
1041 448 1110 504 ad
1153 443 1583 518 explorationem
1611 437 1764 499 illius
1789 449 2108 505 contextus,

2209 439 2348 510 ’ἦρος
2375 436 2436 490 τό
2454 453 2467 467 ⁸
2501 432 2665 500 Οἶδα,
2689 434 2778 489 ὅτι
2800 432 3040 502 σπέρμα
3083 427 3327 500 Ἀϐραάμ
3352 429 3514 493 ἐστε,
3538 427 3634 480 κα).
3659 427 3720 478 τό
3745 443 3760 458 ο

512 542 935 609 pervenerimus.

2191 533 2260 584 El
2281 528 2465 583 τέκνα
2495 527 2602 582 τοῦ
2643 523 2888 595 Ἁϐραάμ
2913 525 3074 588 ἐστε,
3105 523 3179 577 τὰ
3201 521 3346 590 ἔργα
3373 519 3480 574 τοῦ
3517 516 3764 586 Ἀϐραὰμ

509 632 745 690 ποιεῖτε.
789 632 925 703 Περὶ
967 630 1216 702 μέντοιγε
1263 628 1468 682 τέκνων
1527 623 1774 698 Ἀϐραὰμ
1820 622 1888 676 τὰ
1941 621 2078 694 ἔργα
2115 619 2210 674 τοῦ
2247 619 2495 692 Ἀϐραὰμ
2529 619 2860 681 ποιούντων,
2904 615 3040 670 Θεοῦ
3085 615 3338 679 διδόντος,
3383 610 3764 681 εὐκαιρότερον

505 729 760 804 ἐροῦμεν,
789 729 1094 798 φθάσαντες
1127 727 1219 780 ἐπὶ
1249 725 1348 795 τὴν
1378 723 1610 794 βάσανον
1633 722 1847 790 ἐκείνης
1869 720 1966 789 τῆς
1989 715 2206 784 λέξεως.

578 826 631 880 5.
667 825 728 878 Ei
768 839 896 892 ergo
933 821 1025 891 qui
1059 821 1223 875 fuerit
1249 820 1484 873 Ahraha:
1506 833 1714 881 semen,
1751 819 1876 872 licet
1915 815 2079 870 etiam

508 917 650 983 fieri,
682 918 727 971 si
764 916 1099 986 diligentiam
1135 911 1411 973 adhibeat.
1442 909 1558 979 ejus
1591 911 1770 974 lilins;
1811 907 2078 979 quemad-

507 1009 727 1064 modum
775 1009 920 1063 factu
978 1005 1298 1060 facillimum
1345 1012 1458 1066 est,
1511 1004 1746 1056 utnulla
1779 1001 2082 1072 diligentia,

506 1101 766 1169 nullaque
793 1097 1006 1152 cultura
1040 1097 1310 1158 adhibita,
1339 1097 1441 1150 hoc
1477 1096 1640 1149 etiam
1687 1093 1905 1164 perdat,
1941 1090 2082 1160 quod

506 1207 692 1248 semen
735 1193 965 1246 Abrahae
1001 1198 1140 1244 erat.
1178 1187 1349 1242 Porro
1383 1188 1436 1241 hi
1467 1187 1534 1241 ad
1565 1201 1702 1254 quos
1733 1193 1853 1238 erat
1879 1198 2081 1246 sermo,

507 1283 748 1339 nondum
800 1290 959 1337 erant
1009 1281 1304 1349 deplorata:
1350 1276 1498 1348 spei,
1555 1277 1759 1332 sciente
1811 1273 1940 1330 ἔθευ
1989 1288 2084 1328 eos

507 1374 805 1430 etiamnum
839 1372 1071 1426 Abrahae
1102 1384 1286 1425 semen
1321 1382 1462 1433 esse,
1486 1383 1550 1422 ac
1578 1367 1794 1422 vidente
1825 1380 1922 1420 eos
1951 1379 2081 1418 non-

511 1466 638 1520 dum
692 1463 942 1518 amisisse
999 1461 1313 1516 facultatem
1359 1475 1477 1514 eam
1518 1473 1621 1528 qua
1665 1457 1783 1512 fieri
1836 1463 2088 1526 poterant

2255 809 2309 864 5.
2341 806 2556 873 Ἔξεστι
2577 807 2752 860 τοίνυν
2785 805 3005 876 σῆρμα
3029 803 3119 857 τοῦ
3161 801 3412 874 Ἀϐραὰμ
3431 799 3766 870 τυγχάνοντα

2187 899 2440 970 γενέσθαι
2483 899 2646 954 αὑτοῦ
2683 898 2755 950 δι’
2793 895 3108 967 ἐπιμελείας
3141 893 3238 948 καὶ
3272 892 3479 946 τέκνον.
3533 890 3765 943 Δυνατὸν

2188 992 2245 1046 δὲ
2279 995 2372 1047 καὶ
2394 992 2453 1060 ἐξ
2479 990 2739 1062 ἀμελείας
2759 991 2853 1044 καὶ
2883 987 3263 1060 ἀγεωργησίας
3295 985 3555 1040 ἀπολέσαι
3588 984 3683 1037 καὶ
3706 983 3768 1036 τὸ

2191 1080 2332 1142 εἶναι
2372 1084 2538 1139 αὐτοῦ
2597 1085 2840 1157 σπέρμα.
2893 1075 3053 1136 Οὗτοι
3110 1081 3362 1151 μέντοιγε
3410 1077 3490 1130 ἔτι
3538 1075 3767 1128 ἐλπίδων

2189 1179 2330 1256 ἦσαν
2354 1183 2463 1252 (55)
2499 1180 2634 1254 πρὸς
2673 1178 2766 1242 οὒς
2795 1180 2823 1231 ὁ
2853 1176 3033 1244 λόγος,
3066 1173 3265 1236 εἰδότος
3306 1170 3400 1226 τοῦ
3457 1167 3653 1242 Ἰησοῦ,
3684 1171 3766 1222 ὅτι

2194 1275 2418 1346 σπέρμα
2455 1273 2534 1326 ἐτι
2554 1268 2693 1343 ἦσαν
2715 1269 2808 1323 τοῦ
2851 1265 3121 1339 Ἀϐραὰμ,
3161 1264 3256 1318 καὶ
3293 1261 3645 1332 θεωροῦντος,
3686 1259 3769 1312 ὃτι

2191 1367 2402 1422 assem.)
2433 1363 2866 1419 ἀπολωλέκεισαν
2905 1361 2964 1413 τὸ
3007 1355 3263 1412 δύνασθαι
3305 1353 3555 1424 γενέσθαι
3605 1351 3770 1406 τέκνα

2193 1459 2286 1512 τοῦ
2331 1456 2611 1530 Ἀϐραάμ·
2647 1454 2722 1518 ὡς
2747 1453 2856 1524 γὰρ
2880 1449 3104 1505 δυνατοῦ
3135 1449 3287 1511 ὄντος
3310 1445 3408 1500 τοῦ
3442 1445 3640 1507 αὐτοὺς
3675 1460 3770 1511 γεη-

510 1558 746 1613 Abraha:
770 1555 906 1621 lilii;
943 1565 1198 1624 tanquam
1227 1553 1374 1607 enim
1411 1549 1570 1605 facile
1617 1549 1763 1604 factu
1807 1556 1978 1611 esset,
2031 1557 2090 1602 ut

2209 1549 2382 1604 νέσθαι
2425 1549 2591 1602 τέκνα
2639 1545 2734 1600 τοῦ
2789 1541 3060 1614 Ἀϐραὰμ,
3108 1540 3246 1612 πρὸς
3297 1539 3356 1592 τὸ
3397 1534 3537 1591 εἶναι
3575 1535 3771 1599 αὐτοὺς

511 1654 870 1716 praeterquam
893 1645 1037 1715 quod
1063 1659 1249 1700 semen
1277 1652 1466 1698 essent
1489 1642 1744 1704 Abrahae,
1789 1641 1953 1694 etiam
1992 1640 2086 1694 lilii

2209 1641 2438 1712 σπέρμα,
2469 1641 2631 1710 φησιν
2653 1637 2860 1698 αὐτοῖς·
2893 1635 2965 1687 Εί
2993 1631 3174 1686 τέκνα
3197 1629 3304 1684 τοῦ
3335 1625 3580 1696 Ἀϐραάμ
3610 1627 3772 1687 ἐστε,

512 1705 876 1800 edicerentur,
911 1705 1100 1805 inquit
1145 1738 1212 1789 ad
1260 1748 1396 1789 eos:
1430 1733 1491 1788 Si
1517 1733 1621 1801 ﬁlii
1669 1731 1896 1785 Abrahae
1939 1735 2089 1796 estis,

2209 1733 2267 1787 τὰ
2483 1705 2605 1784 τοῦ
2671 1727 2919 1797 Ἀϐραὰμ
2971 1723 3208 1778 ποιεῖτε.
3263 1723 3350 1786 Ὠς
3395 1721 3451 1775 δέ
3495 1719 3600 1773 είσί
3631 1734 3774 1781 τινες

514 1845 674 1897 opera
711 1829 940 1898 Abrahw
971 1829 1156 1896 facile.
1193 1825 1264 1882 Ut
1286 1835 1466 1880 autem
1491 1833 1618 1880 sunt
1642 1824 1869 1894 quidam
1903 1839 2088 1879 semen

2209 1822 2417 1893 ιπέρμα
2445 1820 2540 1874 τοῦ
2574 1819 2844 1892 Ἀϐραὰμ,
2873 1817 3045 1880 οὓτως
3069 1814 3237 1879 ἄλλοι,
3263 1814 3339 1876 ῶς
3367 1812 3476 1882 (54)
3505 1815 3532 1866 ό
3573 1811 3775 1880 Δανιήλ

512 1920 766 1985 Abrahae,
800 1919 880 1974 sic
907 1917 998 1971 alii
1029 1917 1357 1970 exsistentes
1383 1930 1594 1978 semen,
1627 1930 1732 1968 non
1757 1924 1884 1968 sunt
1906 1928 2092 1968 semen

2209 1929 2362 1982 φησι·
2401 1912 2641 1980 Σπέρμα
2672 1909 2778 1962 τοῦ
2801 1907 3078 1988 Χαιςαὰμ,
3111 1905 3210 1959 καὶ
3240 1907 3352 1959 οὐκ
3417 1901 3636 1956 Ἰούδα·
3680 1901 3777 1953 καὶ

512 2013 730 2067 dicente
763 2010 1024 2067 Daniele:
1061 2008 1250 2064 Semen
1281 2005 1562 2073 Chanaan,
1605 2016 1654 2060 et
1701 2023 1805 2060 non
1837 2006 1984 2061 ludo
2004 2007 2046 2038 "
2076 2021 2092 2072 ;

2209 2003 2364 2064 ἱλλοι,
2397 2003 2474 2066 ὡς
2501 2004 2534 2073 ἡ
2566 1993 2755 2070 Σοςρία
2797 1999 2988 2071 φησίν·
3025 1999 3267 2067 Σπέρμα
3295 1995 3408 2068 (55)
3450 1991 3777 2061 κατηραμέ-

513 2105 593 2160 sic
617 2103 708 2159 alii
739 2103 973 2158 aliorum
1009 2111 1154 2167 sunt,
1182 2112 1239 2157 et
1271 2117 1380 2157 non
1423 2111 1574 2167 sunt,
1607 2102 1827 2156 dicente
1865 2099 2094 2167 Sapien-

2209 2114 2307 2149 νον
2346 2095 2446 2150 ἀπ’
2507 2092 2722 2162 ἀρχῆς.
2781 2091 2892 2146 Καὶ
2928 2093 3016 2155 είς
3054 2089 3226 2144 ταῦτα
3272 2088 3331 2142 δὲ
3380 2088 3647 2158 φήσομεν,
3693 2084 3778 2136 ὅτι

515 2195 631 2247 tia:
683 2192 873 2249 Semen
915 2191 1273 2248 exsecratione
1301 2192 1540 2244 devotum
1575 2191 1639 2244 ab
1680 2191 1832 2243 initio
1852 2191 1923 2246 ”.
1955 2189 2094 2256 Quin

2209 2188 2346 2241 ὥσπε
2354 2205 2385 2258 ρ
2403 2185 2543 2239 κατὰ
2555 2185 2622 2239 τὰ
2643 2184 2927 2256 σωματικὰ
2950 2183 3060 2237 ἀπὸ
3079 2180 3288 2235 πολλῶν
3301 2177 3631 2250 σπερμάτων
3644 2191 3777 2246 προ-

514 2285 680 2340 etiam
708 2283 796 2338 his
819 2283 1103 2349 addemus,
1133 2281 1278 2350 quod
1312 2289 1370 2334 ut
1416 2281 1468 2334 in
1506 2281 1670 2334 rebus
1721 2278 2098 2348 corporalibus

2209 2277 2390 2331 κόπτει
2445 2276 2644 2348 μᾶλλον
2681 2277 2970 2348 ἐνεργῆσαι
3019 2273 3239 2345 δυνηθὲν
3273 2269 3384 2324 ἐσθ’
3431 2271 3520 2323 ὅτε
3571 2267 3628 2322 ἓν
3667 2265 3780 2319 τῶν

518 2391 684 2432 unum
710 2376 980 2432 interdum
1017 2389 1204 2430 semen
1236 2375 1450 2446 operari
1503 2374 1709 2437 valens,
1744 2373 1917 2442 magis
1968 2387 2099 2442 pro-

2209 2368 2552 2440 σπερμάτων,
2575 2368 2747 2432 οὕτως
2781 2369 2921 2421 ἔστιν
2957 2367 3086 2420 ἰδεῖν
3121 2364 3214 2419 καὶ
3247 2363 3356 2417 τῶν
3387 2359 3776 2432 πνευματικῶν

519 2467 634 2522 ficit
664 2481 828 2535 quam
865 2465 1036 2520 multa
1071 2467 1281 2521 semina
1304 2507 1320 2532 ,
1357 2467 1436 2520 sic
1470 2479 1700 2520 cernere
1729 2469 1894 2519 etiam
1938 2464 2100 2516 liccat

2209 2462 2548 2532 σπερμάτων.
2586 2461 2650 2514 '0
2677 2460 2731 2512 δὲ
2762 2459 2904 2528 λέγω
2942 2457 3094 2510 ἔσται
3133 2457 3302 2524 σαφὲς
3341 2457 3404 2508 ἐκ
3450 2453 3560 2507 τῶν
3596 2451 3782 2522 λεχθη-

521 2559 576 2612 in
605 2558 1333 2628 seminibus'Spiritualibus.
1372 2559 1426 2612 Id
1455 2568 1636 2612 autem
1668 2557 1810 2626 quod
1857 2555 1982 2610 dico
2032 2570 2098 2608 ex

2209 2554 2449 2624 σομένων
2472 2569 2486 2583 ·
2527 2553 2649 2605 ἐπεὶ
2687 2551 2796 2623 γὰρ
2841 2551 2955 2622 ἔχει
2993 2552 3050 2604 ἐν
3101 2549 3278 2621 ἐαυτῷ
3332 2546 3690 2620 προγονικούς
3719 2562 3780 2598 τε

520 2650 608 2704 bis
638 2664 758 2719 quae
787 2664 911 2704 mox
943 2650 1193 2704 dicentur
1216 2649 1443 2720 liquebit
1471 2666 1486 2717 ς
1521 2648 1780 2720 quoniam
1812 2649 1954 2703 enim
2005 2648 2098 2716 qui

2209 2647 2299 2700 καὶ
2326 2646 2675 2714 συγγενικοὺς
2705 2644 2896 2713 λόγους
2918 2646 2950 2719 ό
2985 2644 3244 2716 σπείρων,
3280 2641 3366 2696 ὁτὲ
3400 2641 3498 2712 μὲν
3537 2640 3730 2712 κρατεῖ
3753 2640 3783 2691 ό

523 2740 780 2806 seminat,
833 2739 1072 2794 rationes
1117 2754 1146 2791 a
1191 2737 1490 2806 majoribus
1540 2745 1792 2804 acceptas
1831 2735 1884 2788 in
1917 2733 2100 2801 seipso

2209 2736 2366 2790 αὑτοῦ
2419 2736 2606 2804 λόγος,
2655 2737 2750 2790 καὶ
2813 2737 3162 2790 ἀποτίκτεται
3212 2733 3274 2788 τό
3326 2731 3661 2804 γεννώμενον
3705 2729 3784 2800 τῷ

527 2833 690 2887 habet
710 2841 768 2886 et
798 2831 1084 2900 ingenitas,
1113 2830 1401 2900 aliquando
1428 2829 1644 2898 quidem
1693 2826 1954 2897 praevalet
1985 2823 2102 2892 ejus

2209 2827 2492 2898 σπείραντι
2534 2828 2738 2898 ὅμοιον,
2788 2827 2877 2880 ὁτὲ
2918 2827 2975 2880 δὲ
3011 2829 3040 2880 ό
3079 2827 3238 2895 λόγος
3273 2824 3366 2878 τοῦ
3418 2821 3649 2892 ἀδελφοῦ
3687 2818 3781 2874 τοῦ

528 2923 692 2988 ratio,
720 2923 884 2993 idque
914 2923 1058 2989 quod
1085 2922 1347 2992 gignitur,
1372 2921 1557 2976 editur
1579 2917 1866 2973 seminanti
1891 2915 2098 2981 simile;

2209 2919 2550 2991 σπείραντος,
2595 2918 2770 2990 ἢ’τοῦ
2812 2919 3018 2991 πατρὸς
3057 2917 3152 2971 τοῦ
3209 2917 3527 2988 σπείραντος
3569 2913 3702 2987 (56),
3748 2913 3784 2985 ἢ

527 3013 821 3084 aliquando
853 3029 986 3070 vero
1016 3013 1156 3070 ratio
1185 3011 1374 3066 fratris
1405 3011 1524 3082 ejus
1559 3011 1652 3080 qui
1680 3009 1988 3072 seminavit,
2015 3007 2102 3062 vel

2209 3013 2300 3067 τοῦ
2340 3013 2483 3066 θείου
2532 3011 2626 3065 τοῦ
2678 3012 3018 3084 σπείραντος,
3067 3010 3236 3064 ἐνίοτε
3293 3011 3388 3062 καὶ
3418 3009 3645 3062 πάππου
3691 3005 3786 3060 τοῦ

525 3107 720 3176 patris,
749 3107 834 3161 vel
856 3106 1126 3166 avunculi.
1153 3106 1290 3160 adde
1315 3105 1479 3160 etiam
1499 3105 1606 3171 avi,
1625 3100 1882 3174 praevalet
1905 3117 1920 3164 ;
1943 3115 2104 3166 quam

2211 3104 2548 3176 σπείραντος,
2583 3103 2712 3174 παρ’
2743 3103 2772 3156 ὃ
2803 3103 3041 3172 γίνονται
3080 3103 3130 3154 οἱ
3168 3099 3582 3173 ἀποτικτόμενοι
3613 3098 3789 3164 ὅμοιοι

527 3197 599 3251 ob
631 3211 878 3262 causam,
907 3199 998 3266 qui
1033 3199 1087 3250 in
1131 3197 1305 3251 lucem
1330 3197 1589 3258 eduntur,
1621 3195 1873 3248 oriuntur
1907 3191 1991 3247 bis
2021 3191 2105 3247 vel

2209 3195 2404 3260 τοῖσδε,
2436 3194 2468 3265 ἢ
2494 3193 2691 3248 τοῖσδε.
2725 3194 2882 3248 Ἔστι
2915 3194 2972 3247 δέ
3009 3193 3135 3246 ἰδεῖν
3154 3192 3560 3264 ἐπικρατοῦντα
3586 3188 3789 3245 καὶτὸν

527 3289 640 3344 illis
667 3289 896 3345 similes.
929 3291 1172 3345 Cernere
1207 3304 1338 3343 vero
1363 3289 1530 3344 etiam
1561 3297 1645 3342 est
1677 3287 1945 3341 rationem
1975 3299 2108 3339 con-

2209 3287 2366 3356 λόγον
2409 3286 2522 3359 (57)
2553 3287 2652 3358 τῆς
2697 3287 2974 3356 γυναικὸς,
3014 3286 3047 3358 ἢ
3099 3285 3192 3339 τοῦ
3239 3287 3446 3358 πατρὸς
3477 3289 3576 3359 τῆς
3605 3306 3792 3358 γυναι-

523 3377 695 3450 jugis,
729 3379 815 3434 vel
847 3379 1034 3434 fratris
1065 3379 1204 3448 ejus,
1230 3379 1314 3434 vel
1345 3379 1432 3432 avi
1457 3377 1575 3446 ejus
1605 3377 1930 3446 praevalere,
1953 3375 2106 3443 juxta

2210 3381 2324 3445 κὸς,
2365 3378 2398 3451 ἢ
2452 3377 2546 3433 τοῦ
2601 3376 2832 3448 ᾁδελφοῦ
2889 3379 3080 3450 αὐτῆς,
3124 3379 3156 3450 ἢ
3193 3379 3286 3432 τοῦ
3320 3380 3547 3433 πάππου
3596 3381 3789 3452 αὐτῆς,

527 3472 921 3527 concussiones
949 3487 1070 3542 quae
1097 3482 1224 3527 sunt
1270 3472 1322 3525 in
1375 3470 1744 3534 mistionibus,
1781 3469 1909 3524 dum
1945 3467 2108 3523 simul

2213 3472 2352 3526 κατὰ
2391 3474 2518 3536 τοὺς
2568 3472 2627 3525 ἐν
2675 3474 2794 3535 ταῖς
2842 3470 3020 3542 μίξεσι
3071 3470 3370 3543 βρασμοὺς,
3406 3473 3521 3543 ἆμα
3571 3475 3792 3527 πάντων

527 3575 721 3616 omnes
747 3577 990 3631 eousque
1011 3564 1423 3625 concutiuntur,
1461 3560 1640 3630 quoad
1675 3559 1969 3630 praevaleat
2006 3557 2108 3613 ali-

2215 3563 2508 3634 σειομένων
2555 3562 2661 3626 ἕως
2718 3563 3066 3634 ἐπικρατήσῃ
3113 3577 3198 3624 τις
3241 3561 3350 3614 τῶν
3405 3563 3794 3634 σπερματικῶν

527 3666 634 3722 qua
671 3653 812 3707 ratio
845 3654 1146 3708 sentinalis.
1200 3651 1326 3708 llaec
1378 3653 1541 3722 igitur
1591 3649 1998 3706 transferantur
2041 3650 2108 3704 ad

2211 3654 2406 3725 λόγων.
2441 3655 2626 3709 Ταῦτα
2655 3655 2719 3726 δὴ
2749 3653 3070 3725 μεταγέσθω
3101 3655 3193 3707 ἐπὶ
3227 3653 3324 3725 τὴν
3358 3653 3796 3726 πεπληρωμένην

529 3742 766 3797 animam
797 3744 1102 3799 seminibus
1129 3743 1561 3816 intelligibilibus
1591 3741 1829 3812 plenam,
1852 3758 1976 3812 quae
2012 3757 2108 3798 ve-

2211 3747 2386 3819 ψυχὴν
2438 3745 2644 3818 νοητῶν
2703 3744 3053 3818 σπερμάτων,
3098 3743 3432 3815 ἐληλυθότων
3471 3745 3579 3797 ἀπό
3635 3759 3798 3796 τινων

528 3836 714 3890 nerint
748 3851 776 3888 a
812 3837 1160 3904 quihusdam,
1211 3837 1302 3904 qui
1356 3847 1542 3907 patres
1572 3839 1690 3906 ejus
1721 3837 2001 3901 dicuntur,
2056 3847 2108 3892 et

2214 3838 2631 3912 ὀνομαζομένων
2661 3837 2912 3909 πατέρων
2940 3836 3128 3906 αὐτῆς,
3159 3837 3253 3889 καὶ
3282 3835 3342 3888 τὸ
3367 3835 3519 3908 παρᾶ
3545 3837 3606 3888 τὸ
3629 3836 3794 3888 πολυ-

530 3925 697 3980 veluti
721 3927 1014 3981 seminales
1030 3929 1279 3996 quantam
1307 3938 1520 3997 patrum
1555 3929 1797 3983 rationes
1822 3927 2108 3997 perﬁcian-

2212 3933 2432 4004 κίνητον
2474 3933 2507 4004 ἢ
2557 3932 2839 4003 εὐκίνητον
2877 3931 2972 3984 τοῦ
3024 3929 3372 4002 ἡγεμονικοῦ,
3421 3930 3514 3982 καὶ
3556 3929 3654 4000 τὴν
3704 3931 3800 3982 ἐπὶ

533 4029 642 4086 tur,
671 4032 901 4092 propter
931 4020 1157 4075 multam
1198 4020 1556 4074 mobilitatem
1603 4019 2012 4090 agilitatemque
2057 4029 2108 4074 et

2213 4023 2426 4078 τοιάσδε
2463 4023 2763 4092 φαντασίας
2809 4023 3092 4075 ἐπίστασιν
3131 4021 3592 4092 προκυπτὲτωσαν
3633 4020 3797 4074 οἱονεὶ

532 4113 897 4168 intensionem
929 4113 996 4166 ad
1033 4111 1170 4166 tales
1193 4113 1618 4182 imaginationes
1645 4111 1764 4180 ejus
1787 4113 1958 4182 partis
1989 4112 2103 4166 ani-

532 4221 657 4270 mae,
687 4221 808 4275 quae
847 4205 1296 4274 praestantissima
1343 4215 1464 4269 est;
1497 4220 1622 4274 quae
1665 4205 1710 4260 si
1758 4205 2107 4270 excolantur,

531 4301 642 4352 erit
670 4297 868 4367 aliquis
899 4297 1061 4364 Illius,
1097 4297 1185 4350 hic
1231 4296 1450 4366 quidem
1496 4297 1748 4364 Abrahm,
1792 4295 1959 4368 314
1999 4295 2112 4350 Noe

2215 4115 2582 4186 σπερματικοί
2606 4131 2753 4177 τινες
2779 4113 2887 4167 τῶν
2922 4113 3178 4184 πατέρων
3210 4114 3378 4182 λόγοι,
3417 4106 3492 4165 ὧν
3518 4125 3795 4180 γεωργου-

2219 4207 2394 4279 μένων
2427 4207 2581 4262 ἐσται
2610 4225 2695 4272 τις
2729 4207 2939 4272 τέκνον,
2979 4209 3008 4261 ό
3035 4206 3092 4259 δὲ
3127 4207 3225 4278 μὲν
3254 4206 3348 4260 τοῦ
3402 4203 3670 4276 Ἀϐραὰμ,
3701 4202 3800 4272 δῆ-

2214 4300 2304 4352 λον
2331 4300 2376 4353 δ’
2409 4301 2492 4352 ὅτι
2522 4299 2683 4363 αὐτὸς
2715 4298 2791 4353 ὢν
2820 4301 2915 4353 καὶ
2947 4297 3043 4352 τοῦ
3071 4299 3222 4351 Νῶε·
3255 4298 3414 4362 ἄλλος
3446 4297 3503 4349 δὲ
3518 4294 3612 4349 τοῦ
3637 4294 3759 4348 Νῶε
3779 4311 3794 4325 ·

532 4389 887 4444 nihilominus
920 4388 1083 4442 etiam
1115 4387 1293 4453 illius;
1325 4387 1418 4442 ille
1441 4402 1574 4442 vero
1603 4386 1752 4454 Noe;
1787 4403 1896 4442 non
1931 4389 2004 4441 ita
2037 4396 2108 4440 ta-

2216 4394 2316 4464 οὐχ
2344 4391 2486 4445 ὥστε
2515 4393 2571 4446 δέ
2605 4388 2744 4446 εἶναι
2773 4392 2869 4446 καὶ
2912 4391 3007 4445 τοῦ
3050 4391 3332 4464 Ἀϐραάμ·
3379 4392 3472 4444 καὶ
3508 4387 3664 4451 ἄλλος
3703 4387 3800 4440 τοῦ

534 4495 658 4536 men
702 4488 763 4534 ut
794 4481 960 4534 etiam
990 4479 1225 4534 Abrahze
1256 4479 1326 4534 sit
1361 4479 1536 4548 filius;
1568 4495 1755 4535 rursus
1784 4479 1924 4534 alius
1966 4479 2112 4533 Cha-

536 4587 704 4638 naan,
739 4580 795 4626 et
818 4571 950 4626 item
983 4571 1121 4626 alius
1153 4571 1387 4642 alicujus
1426 4571 1725 4642 justorum,
1754 4571 1839 4626 vel
1873 4567 2105 4638 injusto-

537 4669 681 4718 rum.
711 4663 965 4717 Attamen
994 4677 1093 4717 nec
1119 4677 1243 4717 cum
1271 4663 1542 4718 similibus
1595 4662 1901 4732 iisdemque
1943 4659 2110 4715 semi-

535 4757 694 4810 nibus
715 4754 960 4810 venimus
989 4769 1198 4821 omnes,
1222 4769 1322 4809 nec
1349 4754 1514 4808 etiam
1540 4769 1742 4810 vacuus
1778 4753 2115 4808 salutaribus

534 4855 592 4900 et
616 4847 818 4901 sanctis
842 4845 1142 4901 seminibus
1177 4847 1327 4902 venit
1356 4847 1653 4917 quispiam.
1687 4845 1800 4902 Nisi
1835 4845 1979 4902 forte
2010 4847 2115 4903 hac

536 4938 591 4992 in
631 4954 687 4992 re
711 4939 834 5008 quis
861 4953 958 4994 nos
983 4938 1212 5004 refellat,
1245 4939 1559 5009 praesidium
1589 4954 1618 4992 a
1651 4939 1762 4994 Deo
1785 4939 2116 5010 proveniens

537 5029 808 5084 adducens
843 5028 896 5082 in
935 5030 1194 5096 medium,
1219 5031 1367 5100 quod
1398 5045 1470 5086 ne
1502 5031 1569 5086 de
1598 5031 1852 5100 pessimis
1891 5031 2112 5100 quidem

536 5121 811 5188 desperat,
833 5120 927 5190 qui
959 5121 1123 5176 nullis
1154 5122 1458 5177 seminibus
1493 5122 1714 5192 optimis
1739 5123 1792 5176 in
1820 5124 1985 5178 vitam
2023 5141 2118 5182 ve-

607 5216 654 5249 “
691 5215 828 5270 Dan.
857 5231 979 5280 xm,
1013 5216 1102 5272 56.
1179 5219 1224 5250 ³²
1249 5216 1378 5287 Sap.
1413 5233 1514 5283 xu,
1553 5217 1645 5272 Η.

603 5337 716 5408 (5'5)
747 5337 1180 5410 fanumst»?
1206 5335 1390 5410 ἦσαν.
1419 5339 1500 5410 Ad
1547 5341 1848 5410 marginem
1909 5345 2114 5401 codicis

540 5407 826 5483 Barherini
891 5407 1086 5478 legitur
1121 5409 1203 5483 ἔτι
1232 5407 1838 5483 ἐντόςίέλπίδων-ἧσαν.
1890 5411 2118 5472 Huetius

538 5479 886 5552 scribendum
917 5477 1230 5552 capacem
1263 5482 1355 5534 ἐπὶ
1384 5477 1805 5552 ἐλπίωννῆσαν.

573 5548 935 5670 155155203?
965 5547 1319 5616 Bodleianus,
1356 5551 1528 5615 οὕτως
1551 5547 1702 5606 ἄλλοι
1733 5550 1886 5618 ὄντες
1909 5555 2009 5608 οὐκ
2042 5557 2119 5609 εί-

542 5631 650 5681 σιν,
685 5631 783 5682 ως,
823 5631 930 5673 etc.

613 5688 890 5768 g55)_ldem
918 5689 1084 5768 codex
1113 5689 1463 5768 Bodleianus,
1502 5693 1594 5747 καὶ
1623 5691 1772 5746 ἄλλοι
1806 5691 2001 5762 ἄλλων,
2043 5694 2119 5760 ὡς

544 5758 578 5818 ἡ
610 5757 777 5826 Σοφία
807 5759 940 5827 φησί
961 5776 974 5790 ·
1010 5761 1268 5830 Σπέρμα,
1303 5773 1408 5817 ctc.

2220 4482 2464 4550 Χαναὰν,
2493 4484 2587 4537 καὶ¹
2619 4483 2778 4546 ἄλλος
2796 4483 2941 4546 τινὸς
2966 4481 3074 4535 τῶν
3101 4482 3348 4547 δικαίων,
3379 4483 3412 4553 ἢ
3440 4479 3548 4534 τῶν
3575 4478 3800 4532 ἀδίκων.

2220 4575 2368 4648 Πλὴν
2409 4577 2470 4630 οὐ
2507 4577 2647 4648 μετὰ
2684 4577 2907 4648 ὁμοίων,
2943 4578 3038 4630 καὶ
3075 4577 3184 4630 τῶν
3240 4574 3418 4630 αὐτῶν
3461 4570 3802 4642 ἐληλύθαμεν

2219 4669 2422 4732 πάντες
2488 4669 2840 4741 σπερμάτων,
2908 4669 3024 4722 ἀλλ’
3061 4669 3181 4722 οὐδὲ
3220 4663 3450 4736 amnes
3511 4681 3594 4727 τις
3647 4664 3803 4728 κενὸς

2223 4762 2506 4835 σωτηρίων
2551 4763 2645 4816 κα)⁸
2684 4762 2856 4832 ἁγίων
2899 4761 3261 4834 σπερμάτων·
3301 4759 3349 4811 εί
3385 4756 3460 4829 μὴ
3491 4756 3598 4829 ἄρα
3629 4756 3802 4810 δυσω-

2223 4857 2395 4928 πήσαι
2427 4874 2512 4920 τις
2551 4857 2718 4928 ἡμᾶς,
2755 4857 2852 4910 καὶ
2893 4859 2976 4921 είς
3020 4854 3178 4909 τοῦτο
3219 4853 3333 4924 ἅμα
3371 4850 3805 4922 παρατιθέμενος

2224 4945 2321 5018 τὴν
2372 4947 2480 5001 ἀπὸ
2514 4947 2610 5000 τοῦ
2655 4946 2794 5000 Θεοῦ
2843 4945 3126 5018 βοήθειαν,
3177 4943 3278 4996 οὐκ
3322 4938 3806 5010 ἀπογινώσκουσαν

2222 5038 2344 5092 οὐδὲ
2369 5041 2493 5103 τοὺς
2527 5039 2818 5104 κακίστους
2843 5038 2978 5108 (58),
3023 5039 3117 5091 καὶ
3151 5036 3322 5108 χωρὶς
3359 5033 3596 5104 ἀρίστων
3641 5049 3808 5102 σπερ-

2227 5131 2413 5203 μάτων
2444 5131 2857 5204 εἰσεληλυθότας
2903 5133 2985 5196 είς
3016 5131 3107 5184 τὸν
3159 5127 3294 5198 βίον,
3341 5127 3436 5180 καὶ
3487 5124 3808 5195 δυσωπῆσαι

2295 5348 2408 5420 (56)
2449 5350 2528 5420 ΤΗ
2557 5345 2664 5401 τοῦ
2686 5345 2912 5420 πατρὸς
2966 5341 3074 5420 τοῦ
3096 5339 3502 5420 ρεςρίραντος.
3543 5335 3703 5390 Deest
3750 5332 3804 5388 in

2225 5411 2416 5476 codice
2455 5419 2642 5485 Iiegio,
2672 5422 2764 5470 sed
2793 5411 2988 5485 legitur
3015 5415 3065 5465 in
3096 5411 3412 5485 Bodleiano.

2297 5473 2677 5612 (δηιξαῖτόν
2712 5473 2918 5555 ,ίόγὸῖη
2947 5483 3002 5538 lu
3049 5486 3234 5537 codice
3305 5477 3596 5532 Bodleiano
3652 5473 3808 5529 deest

2227 5578 2416 5700 “2:58)
2445 5629 2623 5684 Codex
2657 5626 3004 5700 Bodleianus,
3034 5621 3153 5677 οὐδὲ
3183 5621 3308 5684 τοὺς
3333 5617 3664 5681 κακίστους·
3699 5614 3806 5670 Re-

2230 5697 2372 5772 gius,
2397 5697 2491 5754 καὶ
2517 5700 2644 5763 τοὺς
2675 5697 2987 5758 κακίστους.
