4196 6396
388 295 528 350 589’

1445 294 1804 351 COMMENT.
1848 293 1913 349 IN
1953 294 2146 351 JOAN.
2185 293 2424 350 TOMUS
2457 295 2575 348 XX.
3535 294 3641 350 590

385 415 457 477 ὼς
497 415 724 486 μηδέπω
769 409 889 471 οῦσι
937 417 1148 480 τέκνοις
1197 416 1293 469 τοῦ
1352 417 1600 490 Ἀϐραὰμ
1642 419 1856 486 λέγεται
1884 421 1958 472 τότ

2077 413 2301 486 (quibus
2324 418 2515 478 etiam,
2556 423 2814 484 tanquam
2844 413 2938 484 qui
2974 429 3082 469 non
3110 425 3294 472 essent
3345 415 3438 470 ﬁlii
3472 415 3645 468 Abra-

387 509 455 560 El
477 507 658 561 τέκνα
686 507 791 562 τοῦ
831 509 1078 579 Ἀϐραάμ
1101 510 1261 573 ἐστε,
1297 510 1370 564 τὰ
1398 512 1542 580 ἔργα
1568 511 1675 564 τοῦ
1709 512 1964 580 Ἀϐραὰμ

385 599 601 651 ποιεῖτε
627 593 782 669 [52]),
807 602 1102 673 παρίστησι
1135 603 1194 654 τὸ
1222 603 1448 673 μηδέπω
1471 604 1692 667 τούτους
1720 607 1964 675 καρποὺς
1987 616 1990 617 ⁷

385 687 528 759 ἔχειν
555 691 648 743 τοῦ
680 691 992 763 ἐληλυθέναι
1028 694 1163 764 πρὸς
1201 693 1293 748 τὸν
1331 695 1576 765 Σωτῆρα.
1623 695 1766 766 Πρὸς
1794 695 1849 748 δὲ
1873 695 1962 748 τὸν

383 780 556 845 οὕτως
583 783 934 852 ἀντιλέγοντα
960 785 1329 855 ἀπαντήσεταί
1353 803 1456 850 τις,
1493 786 1566 858 μὴ
1599 786 1796 839 ταύτὸν
1824 783 1962 840 εἶναι

386 871 612 939 φάσκων
643 873 721 925 τό·
755 873 882 939 Πᾶς
915 877 947 926 ὀ
977 876 1249 941 ἀκούσας
1271 877 1428 943 παρὰ
1455 875 1561 928 τοῦ
1584 876 1834 944 Πατρός,
1863 879 1960 931 καὶ

378 960 607 1030 μαθὼν,
634 963 729 1033 τῷ·
759 964 868 1018 Καὶ
905 964 1073 1032 ὑμεῖς
1104 961 1218 1020 οὖν
1248 964 1288 1018 ἃ
1317 967 1622 1033 ἠκούσατε
1658 968 1819 1034 παρὰ
1855 967 1962 1020 τοῦ

384 1055 636 1122 Πατρόςο
679 1057 707 1107 6
752 1057 849 1127 μὲν
881 1056 989 1128 γὰρ
1017 1058 1153 1128 πρὸς
1177 1058 1237 1112 τὸ
1283 1057 1516 1112 ἀκοῦσαι
1547 1057 1698 1128 παρά
1722 1058 1816 1111 τοῦ
1846 1060 1961 1111 Πα·

382 1148 508 1219 τρὸς
543 1148 730 1219 μαθὼν
760 1151 976 1216 πάντως
1006 1153 1222 1223 ἔρχεται
1256 1153 1394 1224 πρὸς
1421 1153 1511 1206 τὸν
1541 1154 1788 1224 Σωτῆραο
1819 1157 1869 1206 οἱ
1903 1154 1961 1207 δὲ

383 1241 719 1306 ἀκούσαντες
770 1244 887 1314 μὲν,
939 1245 1014 1316 μὴ
1055 1246 1272 1309 πάντως
1316 1245 1372 1298 δὲ
1417 1247 1510 1299 καὶ
1557 1246 1958 1316 μεμαθηκότες,

380 1333 589 1386 οὐδέπω
627 1335 794 1388 τέκνα
820 1338 928 1390 εἰσὶ
952 1337 1046 1390 τοῦ
1088 1337 1355 1409 Ἀϐραάμ.

450 1425 503 1478 8.
533 1426 940 1497 Πυνθανοίμεθα
969 1428 1012 1480 δ’
1042 1428 1107 1481 ἂν
1130 1430 1238 1481 τῶν
1261 1428 1359 1492 τὰς
1394 1428 1584 1497 φύσεις
1609 1431 1956 1499 εἰσαγόντων,

381 1517 474 1570 καὶ
503 1519 580 1581 εἰς
616 1517 696 1580 τὸ,
739 1519 821 1570 ὅτι
859 1518 910 1570 Ὁ
933 1519 1122 1588 Λόγος
1155 1522 1188 1572 ό
1210 1519 1352 1588 ἐμός
1383 1522 1456 1573 οὑ
1479 1520 1658 1588 χωρεῖ
1682 1521 1763 1586 ἐν¹
1794 1522 1956 1592 ὑμῖν,

380 1609 736 1674 ἀποδιδόντων
764 1610 906 1664 κατά
952 1611 1318 1680 Ἡρακλέωνα,
1345 1613 1428 1665 ὅτι
1455 1612 1542 1666 διά
1569 1613 1727 1666 τοῦτο
1757 1615 1819 1666 οὐ
1853 1633 1960 1685 χω-

381 1701 484 1772 ρεῖ,
507 1701 588 1752 ὅτι
615 1701 977 1772 ἀνεπιτήδειοι
998 1703 1116 1772 ἦτοι
1134 1703 1254 1755 κατ’
1271 1702 1456 1755 οὐσίαν
1485 1702 1676 1773 ἥκατά
1706 1703 1954 1774 γνώμην,

2073 511 2175 575 lIaa,
2210 509 2454 563 dicitur:
2491 506 2551 561 Si
2595 507 2696 576 ﬁlii
2731 507 2957 561 Abrahae
3007 509 3168 573 estis,
3209 525 3365 581 opera
3418 507 3644 562 Abt-aha

2068 601 2245 670 facile)
2275 601 2468 655 docere
2497 601 2594 655 hos
2639 601 2875 656 nondum
2903 599 3108 655 habere
3133 599 3343 655 fructus
3392 600 3643 656 veniendi

2073 693 2140 744 ad
2171 690 2543 748 Servatorem.
2585 692 2657 746 At
2689 707 2818 746 vero
2867 693 2934 746 ad
2965 693 3110 746 hunc
3143 691 3223 746 sic
3265 689 3645 746 contradicen-

2072 792 2178 836 tcm
2215 783 2564 853 resp0ndebit
2593 783 2752 850 alius,
2784 801 2892 840 non
2937 786 3080 840 idem
3125 801 3245 841 esse
3279 801 3295 839 :
3333 783 3517 839 Omnis
3552 779 3644 852 qui

2069 876 2274 928 audivit
2299 893 2331 928 a
2378 875 2557 940 Patre,
2583 887 2630 930 et
2658 878 2870 940 didicit,
2928 894 3051 932 cum
3087 879 3176 933 bis
3202 878 3422 933 verbis:
3455 873 3522 928 Et
3552 891 3644 930 vos

2069 964 2252 1032 igitur,
2276 981 2393 1034 qua:
2426 967 2700 1020 audivistis
2727 985 2758 1020 a
2794 966 2954 1021 Patre
2977 984 2995 1021 :
3022 968 3174 1022 illum
3209 982 3441 1036 namque
3459 1007 3476 1032 ,
3507 981 3646 1034 prte-

2070 1064 2314 1123 terquam
2357 1057 2499 1126 quod
2534 1073 2564 1112 a
2588 1056 2753 1114 Patre
2782 1059 3016 1114 audierit
3065 1069 3119 1114 et
3169 1059 3436 1123 didicerit,
3475 1057 3646 1112 etiam

2069 1149 2252 1202 venire
2275 1148 2342 1202 ad
2371 1148 2759 1216 Servatorem;
2794 1150 2895 1206 hos
2930 1165 3063 1206 vero
3106 1150 3198 1221 qui
3227 1149 3496 1204 audierint
3526 1149 3646 1219 qui-

2068 1238 2215 1306 dem,
2243 1239 2336 1294 sed
2367 1255 2472 1293 non
2505 1240 2726 1295 omnino
2743 1241 3034 1298 didicerint
3055 1244 3241 1310 etiam,
3267 1242 3504 1298 nondum
3521 1256 3644 1298 csse

2065 1330 2299 1385 Abrahae
2332 1331 2492 1388 ﬁlios.

2136 1420 2190 1477 8.
2229 1423 2336 1478 Sed
2380 1423 2786 1496 interrogentur
2819 1441 2848 1481 a
2885 1426 3043 1482 nobis
3087 1429 3180 1499 qui
3211 1437 3442 1484 naturas
3467 1429 3638 1484 intro-

2067 1513 2296 1575 ducunt,
2330 1515 2529 1584 quique
2563 1516 2617 1570 in
2649 1519 2750 1572 hoc
2772 1527 3030 1573 contextu
3056 1519 3274 1575 :Sermo
3307 1519 3642 1575 meuslocum

2067 1621 2171 1658 non
2207 1606 2361 1659 habet
2401 1607 2458 1660 in
2481 1607 2628 1661 vobis
2668 1608 2735 1673 ³⁸,
2763 1607 2918 1678 juxta
2952 1610 3342 1668 Heracleonem
3365 1612 3644 1683 explicant

2064 1711 2187 1750 eum
2218 1697 2420 1752 idcirco
2460 1698 2635 1754 locum
2679 1701 2733 1754 in
2781 1701 2860 1756 eis
2911 1717 3018 1756 non
3061 1703 3281 1768 habere,
3344 1705 3474 1774 quia
3531 1705 3643 1758 sint

379 1791 496 1855 πῶς
523 1793 574 1844 οἱ
602 1793 966 1863 ἀνεπιτήδειοι
1006 1795 1126 1846 κατ’
1161 1794 1348 1847 οὐσίαν
1390 1794 1630 1866 ἥκουσαν
1672 1793 1826 1866 παρά
1868 1794 1958 1848 τοῦ

2064 1799 2261 1844 natura
2306 1790 2390 1843 vel
2440 1792 2624 1848 animo
2668 1792 2939 1848 inhabiles
2989 1813 3004 1848 :
3046 1796 3316 1864 quomodo
3369 1794 3640 1850 inhabiles

380 1883 623 1954 Πατρός;
655 1883 816 1937 Ἀλλὰ
839 1885 934 1938 καὶ
960 1885 1185 1957 πότερόν
1215 1903 1344 1938 ποτε
1379 1887 1624 1957 πρόϐατα
1651 1879 1796 1940 οῦτοι
1820 1883 1958 1958 ἦσαν

2071 1891 2266 1936 natura
2303 1897 2332 1936 a
2365 1881 2529 1938 Patre
2573 1884 2906 1939 audierant?
2957 1883 3062 1940 Sed
3107 1895 3291 1939 utrum
3335 1885 3550 1940 tandem
3582 1885 3638 1940 hi

378 1975 472 2027 τοῦ
507 1974 767 2045 Χριστοῦ,
795 1975 828 2046 ἢ
859 1975 1128 2047 ἀλλότριοι
1150 1976 1393 2046 ὑπῆρχον
1418 1976 1582 2030 αὐτοῦ
1605 1994 1620 2043 ;
1641 1979 1704 2032 El
1735 1978 1790 2031 δὲ
1819 1975 1958 2049 ἦσαν

2062 1985 2370 2032 erantoves
2402 1976 2626 2043 Christi,
2658 1993 2726 2032 an
2767 1977 2837 2032 ab
2858 1979 2976 2048 ipso
3005 1979 3207 2033 alieni?
3238 1977 3390 2044 Quod
3415 1980 3459 2034 si
3482 1989 3640 2034 erant

377 2067 668 2138 ἀλλότριοι,
697 2067 814 2129 πῶς
839 2068 1076 2139 ἥκουσαν
1109 2069 1256 2139 παρά
1279 2068 1373 2122 τοῦ
1399 2070 1611 2140 Πατρὸς
1652 2070 1857 2138 σαφῶς,
1885 2070 1958 2134 ὡς

2063 2067 2251 2134 alieni,
2280 2069 2558 2138 quomodo
2589 2070 2883 2125 audierunt
2913 2086 2941 2124 a
2972 2069 3168 2136 Patre,
3197 2071 3399 2140 palam,
3440 2080 3500 2126 ut
3540 2087 3639 2140 pu-

377 2159 599 2219 οῐονται,
654 2158 946 2230 λεγομένου
1001 2160 1138 2230 πρὸς
1184 2163 1311 2224 τοὺς
1356 2160 1688 2232 ἀλλοτρίους,
1726 2164 1807 2216 ὅτι
1855 2165 1958 2217 Διὰ

2064 2170 2203 2228 lant,
2228 2161 2443 2217 dicente
2477 2163 2543 2217 ad
2569 2163 2777 2218 alienos
2811 2181 2828 2220 :
2867 2161 3097 2232 Propter
3118 2164 3215 2216 hoc
3242 2179 3331 2217 vos
3356 2180 3458 2218 non
3477 2165 3638 2218 audi-

372 2246 547 2305 τοῦτο
587 2251 758 2322 ὑμεῖς
808 2254 918 2306 οὑκ
973 2253 1240 2318 ἀκούετε,
1277 2254 1368 2307 ὅτι
1411 2256 1521 2309 οὑκ
1549 2257 1690 2309 ἐστε
1715 2257 1786 2310 ἐκ
1840 2257 1958 2310 τῶν

2062 2254 2152 2317 tis,
2181 2255 2322 2313 quod
2362 2271 2466 2308 non
2509 2255 2628 2310 sitis
2668 2271 2734 2309 ea:
2782 2254 2960 2310 ovibus
3006 2256 3137 2308 meis
3182 2254 3268 2308 "1’
3325 2253 3442 2310 Nisi
3502 2255 3640 2309 forte

376 2347 681 2413 προϐάτων
724 2347 840 2401 τῶν
887 2342 1078 2416 etaim;
1106 2346 1154 2398 εί
1189 2344 1262 2417 μὴ
1311 2346 1418 2418 ἄρα
1447 2347 1751 2419 θλιϐόμενοι
1785 2350 1958 2422 ἑτέρῳ

376 2439 560 2507 ἀτόπῳ
587 2439 812 2502 ἑαυτοὺς
842 2436 1225 2509 περιεάλλουσι
1251 2437 1522 2506 λέγοντες,
1553 2438 1703 2510 παρά
1731 2439 1829 2510 μὲν
1863 2440 1956 2493 τοῦ

375 2527 587 2600 Πατρὸς
643 2530 936 2600 ἀκηκοέναι
990 2532 1114 2592 τοὺς
1145 2528 1480 2602 ἀλλοτρίους,
1518 2530 1592 2602 μὴ
1631 2532 1850 2585 ἀκούειν
1899 2531 1957 2585 δὲ

375 2624 499 2684 τοὺς
531 2621 728 2685 αὐτοὺς
752 2622 974 2685 τούτους
1000 2621 1150 2697 παρὰ
1175 2621 1269 2676 τοῦ
1298 2622 1573 2694 Σωτῆρος.
1603 2623 1666 2676 Εἰ
1693 2623 1738 2675 δ’
1765 2625 1955 2676 οἰκεῖοι

374 2712 466 2766 τοῦ
496 2713 747 2785 Σωτῆρος
787 2710 928 2786 ἦσαν
968 2715 1188 2786 καὶτῆς
1242 2714 1520 2785 μακαρίας
1553 2715 1788 2784 φύσεως,
1837 2717 1956 2781 πῶς

375 2803 598 2874 ἐζήτουν
632 2805 792 2858 αὑτὸν
837 2805 1176 2870 ἀποκτεῖναι,
1217 2806 1312 2860 καὶ
1353 2805 1471 2869 πῶς
1507 2807 1535 2859 6
1578 2805 1673 2859 τοῦ
1701 2807 1956 2878 Σωτῆρος

376 2897 531 2965 λόγος
554 2901 652 2952 οὐκ
679 2897 874 2970 ἐχώρει
908 2899 965 2950 έν
999 2900 1212 2964 αὐτοῖςς

445 2994 498 3045 9.
545 2993 1000 3060 Ἀπεκρίθησαν,
1050 2992 1149 3045 καὶ
1205 2989 1382 3046 εἶπαν
1427 2991 1605 3058 αὐτῷ’
1660 2992 1713 3045 Ὀ
1759 2991 1956 3060 πατὴρ

376 3081 806 3153 ὴμῶν-Ἀϐραάμ
845 3085 995 3138 ἐστι.
1024 3084 1241 3148 Δόξαιεν
1271 3085 1336 3139 ἂν
1359 3084 1456 3156 τὴν
1490 3085 1782 3155 ἀπόκρισιν
1811 3080 1955 3138 οῦτοι

377 3175 702 3246 πεποιῆσθαι
729 3176 862 3229 πολὺ
893 3177 1270 3247 ταπεινότερον
1304 3175 1648 3246 ἐκδεξάμενοι
1679 3177 1808 3248 περ)¹
1837 3175 1953 3242 τοῦ,

372 3262 458 3327 τίς
485 3265 664 3319 αὐτῶν
719 3262 786 3336 ἦν
815 3268 842 3319 6
877 3266 1058 3336 πατὴρ
1090 3266 1222 3338 (55),
1261 3265 1294 3337 ἢ
1343 3267 1418 3330 ὡς
1447 3268 1476 3319 6
1515 3266 1717 3337 Κύριος
1749 3265 1950 3334 ἔλεγεν·

373 3356 405 3407 6
431 3355 528 3425 μὲν
562 3356 670 3429 γάρ
694 3359 898 3429 Ἰησοῦς
929 3359 1214 3430 ἀναφέρων
1248 3359 1339 3411 ἐπ)⁸
1370 3359 1459 3410 τὸν
1489 3357 1619 3410 Θεὸν
1645 3356 1850 3426 ἔφασκε
1872 3357 1953 3410 τό·

377 3448 485 3500 Καὶ
529 3449 700 3518 ὑμεῖς
749 3445 864 3505 οὖν
909 3450 947 3503 ἂ
997 3451 1298 3517 ἠκούσατε
1347 3449 1508 3516 παρὰ
1553 3447 1659 3501 τοῦ
1704 3448 1954 3515 Πατρός,

378 3539 615 3593 ποιεῖτε
647 3543 694 3593 οἱ
733 3541 790 3594 δὲ
820 3542 1202 3612 ταπεινότερον
1233 3541 1326 3594 τὸν
1375 3541 1467 3593 τοῦ
1504 3540 1689 3603 ἔθνους
1713 3557 1958 3610 παρομο-

378 3627 623 3697 λογοῦσιν
650 3633 759 3703 (54)
809 3633 1018 3686 ἑαυτῶν
1051 3633 1284 3704 πατέρα,
1329 3631 1607 3699 λέγοντες·
1662 3631 1716 3682 Ὁ
1761 3629 1958 3697 πατὴρ

379 3718 548 3786 ἡμῶν
578 3722 824 3794 Ἀϐραάμ
871 3726 1023 3780 ἐστι.
1077 3725 1295 3794 Βοηθῶν
1337 3723 1380 3776 δ’
1419 3724 1484 3777 ἄν
1521 3741 1604 3786 τις
1636 3723 1838 3788 αὐτοῖς,
1881 3722 1957 3784 ὡς

378 3811 558 3876 καλῶς
597 3815 1072 3887 ἀποκριναμένοις,
1119 3818 1302 3886 φήσει,
1347 3816 1428 3868 ὅτι
1463 3815 1540 3878 ῶς
1581 3815 1812 3886 μέτριοι,
1863 3814 1958 3867 καὶ

383 3904 455 3974 μὴ
502 3905 732 3971 διδόντες
793 3909 1003 3970 ἑαυτοῖς
1059 3904 1197 3960 εἶναι
1252 3909 1389 3970 υἱοῖς
1443 3905 1605 3968 Θεοῦ,
1649 3906 1744 3959 τοῦ
1779 3905 1954 3976 Ἰησοῦ

378 3995 646 4064 λέγοντοςο
679 4000 736 4051 *Α
767 3999 1071 4066 ἠκούσατε
1100 3998 1260 4067 παρὰ
1295 3997 1401 4052 τοῦ
1433 3997 1684 4065 Πατρός,
1717 3997 1954 4060 ποθεῖτε,

379 4089 471 4140 καί
499 4089 859 4161 ἀναφέροντος
875 4092 968 4144 ἑπὶ
991 4092 1082 4144 τὸν
1103 4090 1256 4156 Θεὸν,
1277 4091 1458 4159 φασίν·
1496 4091 1547 4143 Ὁ
1573 4089 1768 4159 πατὴρ
1792 4089 1958 4160 ἡμῶν

378 4179 625 4250 Ἀϐραάμ
649 4181 796 4235 ἐστι.
835 4184 1004 4254 Δῆλον
1033 4185 1089 4238 δὲ
1128 4186 1209 4238 ὅτι
1240 4187 1335 4239 καὶ
1363 4185 1520 4239 τοῦτο
1545 4183 1756 4238 εὐθύνει
1789 4187 1816 4238 6
1845 4185 1958 4238 Σω-

378 4273 501 4340 τὴρ,
531 4273 606 4337 ὡς
637 4275 848 4347 ψευδῶς
885 4278 1196 4349 εἰρημένον,
1237 4277 1326 4331 διὰ
1354 4277 1468 4331 τοῦ·
1504 4280 1577 4332 Ei
1614 4278 1797 4332 τέκνα
1851 4277 1958 4331 τοῦ

377 4359 624 4435 Ἀϐραάμ
661 4368 822 4434 ἐστε,
863 4369 937 4422 τὰ
964 4369 1108 4440 ἔργα
1153 4369 1262 4423 τοῦ
1293 4370 1541 4440 Ἀϐραὰμ
1569 4371 1808 4425 ποιεῖτε.
1844 4372 1959 4423 Οὐκ

2061 2359 2182 2399 cum
2222 2355 2540 2416 urgeantur,
2597 2347 2651 2400 in
2697 2347 2845 2402 aliud
2885 2347 3182 2402 absurdum
3226 2346 3438 2416 seipsos
3467 2345 3639 2414 conji-

2060 2436 2232 2498 ciunt,
2272 2437 2517 2492 dicentes
2547 2452 2577 2491 a
2609 2435 2773 2493 Patre
2804 2438 3021 2508 quidem
3045 2437 3261 2493 audisse
3282 2438 3506 2500 alienos,
3539 2437 3636 2491 hos

2057 2543 2194 2585 vero
2220 2530 2369 2600 ipsos
2402 2545 2511 2584 non
2540 2530 2733 2586 audire
2775 2545 2806 2585 a
2845 2528 3155 2586 Servatore.
3191 2531 3300 2584 Sed
3325 2530 3368 2586 si
3406 2529 3639 2584 familia-

2059 2635 2148 2675 res
2201 2630 2360 2676 erant
2423 2619 2735 2676 Servatoris
2779 2660 2796 2686 ,
2859 2631 2914 2676 et
2967 2623 3142 2678 beata:
3203 2622 3348 2678 illius
3405 2632 3634 2682 naturze.

2058 2711 2333 2781 quomodo
2363 2713 2682 2782 quaerebant
2710 2727 2835 2767 eum
2877 2715 3224 2781 interﬁcere,
3267 2723 3322 2768 et
3366 2713 3636 2783 quomodo

2060 2805 2367 2862 Servatoris
2387 2820 2570 2861 sermo
2590 2821 2697 2860 non
2732 2801 2971 2862 habebat
2995 2805 3172 2862 locum
3207 2806 3264 2861 in
3296 2805 3417 2862 eis?

2129 2987 2292 3057 317
2351 2987 2404 3042 9.
2464 2985 2887 3055 Responderunt.
2949 2997 2998 3042 et
3061 2988 3308 3042 dixerunt
3359 2989 3444 3044 ei:
3475 2985 3640 3042 Pater

2060 3095 2239 3138 noster
2267 3083 2535 3137 Abraham
2567 3094 2641 3136 est
2689 3081 2757 3136 ⁸⁸.
2789 3081 3062 3138 Videntur
3094 3081 3150 3138 bi
3185 3079 3648 3152 abjectius.longe

2061 3175 2397 3244 respondere
2447 3188 2609 3244 quam
2668 3175 2870 3230 dixerit
2929 3174 3192 3230 Dominus
3224 3214 3242 3240 ,
3297 3173 3638 3228 declarantes

2058 3270 2181 3337 quis
2211 3269 2457 3338 ipsorum
2487 3276 2637 3323 esset
2665 3279 2824 3336 pater
2849 3284 2863 3334 ;
2895 3269 3161 3337 siquidem
3185 3267 3345 3322 Jesus
3372 3267 3436 3321 ad
3469 3267 3635 3322 Deum

2060 3359 2303 3414 referens
2355 3360 2612 3414 dixerat:
2650 3360 2720 3414 Et
2764 3377 2850 3414 vos
2899 3361 3082 3430 igitur,
3131 3376 3248 3430 quae
3291 3359 3574 3413 audivistis
3603 3375 3637 3410 a

2059 3450 2243 3517 Patre,
2271 3452 2430 3520 facile
2462 3452 2507 3484 ³⁵
2529 3468 2543 3505 :
2567 3455 2621 3506 bi
2648 3467 2776 3507 vero
2793 3452 3056 3520 abjectius
3080 3461 3285 3522 patrem
3304 3451 3544 3520 gentium
3569 3450 3634 3508 ³⁸.

2057 3553 2270 3613 patrem
2334 3559 2494 3598 suum
2540 3542 2798 3608 fatentur,
2876 3544 3121 3599 dicentes
3172 3543 3391 3602 :Pater
3463 3553 3638 3597 noster

2058 3635 2325 3689 Abraham
2369 3645 2443 3689 est
2479 3635 2544 3686 ³⁷.
2575 3635 2729 3702 Quod
2765 3635 2811 3690 si
2845 3635 2969 3704 quis
3004 3650 3101 3689 eos
3128 3635 3424 3689 defendens
3451 3673 3467 3698 ,
3513 3643 3638 3688 tan-

2058 3743 2220 3795 quam
2244 3727 2337 3796 qui
2370 3726 2506 3781 bene
2531 3728 2950 3796 responderint,
2988 3727 3152 3792 dicet,
3195 3725 3322 3782 Jesu
3373 3727 3585 3782 dicente
3617 3744 3632 3780 :

2061 3817 2194 3883 Qua:
2244 3818 2524 3871 audivistis
2559 3815 2798 3882 aPatre,
2835 3818 3025 3887 facite,
3063 3827 3120 3870 et
3161 3815 3406 3871 voculam
3454 3815 3636 3870 Patris

2061 3909 2335 3964 referente
2361 3909 2427 3964 ad
2458 3910 2653 3977 Deum,
2687 3925 2782 3965 eos
2805 3910 2988 3965 dicere
3014 3931 3028 3965 :
3059 3908 3226 3963 Pater
3262 3921 3439 3962 noster
3460 3907 3636 3961 Αὐτοσ-

2059 4003 2183 4054 ham
2226 4011 2326 4066 est,
2381 4015 2479 4055 ceu
2525 4003 2802 4057 modestos
2856 4011 2912 4056 et
2962 4000 3208 4056 nolentes
3257 3999 3360 4054 sibi
3398 3998 3638 4053 tribuere

2060 4087 2202 4156 quod
2235 4086 2328 4140 ﬁlii
2365 4087 2458 4142 Dei
2505 4099 2712 4155 essent,
2753 4089 3101 4160 perspicuum
3135 4097 3220 4144 est
3256 4087 3360 4143 hoc
3405 4087 3566 4142 etiam
3603 4104 3634 4140 a

2061 4177 2350 4232 Servatore
2386 4177 2609 4248 corrigi,
2641 4193 2743 4233 ceu
2777 4177 2914 4233 falso
2940 4178 3168 4242 dictum,
3197 4177 3286 4232 his
3317 4176 3537 4231 verbis:
3572 4176 3638 4231 Si

2059 4268 2160 4336 ﬁlii
2192 4269 2417 4324 Abrahae
2437 4270 2582 4333 estis,
2609 4286 2768 4339 opera
2798 4269 3032 4323 Abrahae
3057 4268 3239 4338 facite.
3273 4266 3462 4338 Neque
3502 4283 3636 4322 vero

2062 4358 2300 4414 absurde
2321 4367 2518 4428 praeter
2543 4358 2658 4414 haec
2685 4367 2900 4428 quaerat
2936 4359 3100 4413 etiam
3139 4357 3340 4427 aliquis
3365 4343 3638 4427 quomodo

377 4453 590 4519 ἀτόπως
616 4458 673 4512 δὲ
710 4460 966 4532 καὶπρὸς
1002 4461 1176 4514 ταῦτα
1220 4461 1450 4532 ζητήσαι
1475 4479 1557 4525 τις
1591 4461 1678 4524 ἂν,
1715 4463 1795 4515 ὄτι
1838 4462 1957 4525 πῶς

2063 4451 2344 4516 Servator,
2369 4448 2461 4518 qui
2489 4448 2570 4503 eis
2597 4462 2663 4502 ne
2691 4448 2816 4503 ﬁliis
2847 4447 3067 4516 quidem
3109 4461 3230 4503 esse
3252 4447 3487 4502 Abrahae
3509 4461 3639 4502 con-

377 4543 518 4598 κατὰ
538 4545 628 4599 τὸν
655 4549 880 4622 Σωτῆρα
903 4551 1038 4614 ἑστι,
1071 4551 1145 4622 μὴ
1165 4549 1690 4620 συγκατατιθέμενον
1709 4545 1846 4603 εἶναι
1866 4551 1958 4603 αὐ-

375 4636 508 4706 τοὺς)
521 4637 684 4691 τέκνα
712 4639 807 4692 τοῦ
837 4640 1108 4713 Ἀϐραὰμ,
1127 4641 1188 4694 τὸ
1215 4641 1396 4709 λέγειν
1420 4641 1620 4704 αὐτοῖς’
1650 4641 1760 4695 Καὶ
1787 4640 1956 4710 ὑμεῖς

376 4720 491 4780 οὖν
532 4727 571 4781 ἁ
601 4730 900 4797 ἠκούσατε
933 4733 1094 4801 παρὰ
1128 4731 1235 4786 τοῦ
1260 4731 1510 4800 Πατρός,
1548 4731 1786 4793 ποιεῖτε,
1821 4733 1954 4784 ἀνα-

379 4819 681 4889 φερομένου
713 4821 830 4886 τοῦ,
865 4825 1026 4892 παρὰ
1061 4823 1168 4878 τοῦ
1209 4823 1460 4892 Πατρός,
1498 4825 1591 4877 ἐπὶ
1615 4825 1706 4877 τὸν
1732 4823 1882 4877 Θεόνο
1927 4825 1956 4875 6

377 4906 486 4976 γὰρ
522 4909 594 4980 μὴ
621 4909 695 4964 ὢν
721 4912 908 4966 τέκνον
935 4913 1029 4968 τοῦ
1057 4915 1311 4986 Ἀϐραὰμ
1337 4914 1478 4968 κατά
1496 4914 1728 4985 μίμησιν
1754 4913 1956 4984 ἀρετῆς

378 4999 662 5055 ὁποιανοῦν
701 5003 808 5056 τῶν
848 5005 960 5076 (55)
1009 5006 1146 5076 μετὰ
1189 5006 1282 5059 τὸν
1307 5005 1582 5076 Ἀϐραὰμ,
1617 5004 1834 5074 ψεκτὸς,
1881 5003 1957 5066 ὡς

379 5083 543 5152 οῦτοι,
591 5092 728 5162 πρὸς
769 5093 862 5158 οὓς
907 5097 935 5148 ὁ
978 5094 1153 5164 λόγος,
1200 5095 1378 5166 πολλῷ
1441 5095 1638 5166 μᾶλλον
1688 5095 1788 5146 οὐκ
1841 5093 1956 5146 ἑστι

379 5179 570 5233 τέκνον
598 5181 692 5234 τοῦ
714 5184 868 5238 Θεοῦ.
900 5187 1042 5256 Ὅρα
1063 5187 1120 5240 δὲ
1143 5188 1192 5239 εἰ
1232 5188 1322 5240 καὶ
1345 5187 1484 5259 πρὸς
1507 5186 1665 5240 τοῦτο
1684 5183 1957 5255 δυνάμεθα

381 5267 559 5337 λέγειν
590 5271 690 5342 (ὅτι
725 5273 826 5326 οὐκ
852 5273 1085 5346 εἴρηται·
1104 5276 1214 5329 Καὶ
1246 5275 1416 5345 ὑμεῖς
1456 5272 1570 5330 οὖν
1593 5275 1632 5328 ἅ
1655 5275 1958 5344 ἠκούσατε

2068 4540 2317 4606 cedebat,
2343 4539 2526 4595 dicere
2547 4549 2730 4609 posset
2761 4553 2776 4592 :
2801 4537 2872 4595 Et
2890 4556 2980 4593 vos
3000 4539 3183 4609 igitur,
3209 4554 3328 4610 qua:
3360 4538 3638 4592 audivistis

2064 4650 2094 4686 ι
2123 4632 2306 4701 Patre,
2348 4633 2508 4703 facite
2531 4671 2547 4698 ,
2571 4632 2740 4686 relata
2777 4646 2912 4688 voce
2951 4629 3150 4686 Patris-
3173 4632 3240 4686 ad
3265 4630 3436 4687 Deum
3468 4646 3484 4683 :
3512 4646 3640 4684 nam

2063 4725 2158 4794 qui
2189 4724 2422 4779 Abrahae
2465 4724 2611 4778 ﬁlius
2645 4738 2753 4779 non
2787 4731 2903 4787 est,
2935 4723 3298 4792 qualicunque
3325 4721 3486 4777 modo
3528 4724 3640 4774 vir-

2066 4826 2235 4871 tutem
2265 4827 2603 4886 posterorum
2633 4815 3169 4876 Abrabaeimitando,
3193 4814 3240 4868 is
3265 4811 3640 4882 vituperabilis

2063 4909 2286 4979 perinde
2318 4921 2482 4977 atque
2504 4909 2558 4963 hi
2593 4909 2658 4962 ad
2701 4923 2838 4977 quos
2881 4917 2966 4962 est
2997 4921 3214 4971 sermo,
3258 4905 3428 4960 multo
3466 4904 3641 4973 magis

2063 5016 2170 5054 non
2197 5000 2300 5054 erit
2330 5000 2471 5055 ﬁlius
2510 4999 2626 5053 Dei.
2675 4997 2909 5054 Proinde
2951 4996 3080 5051 vide
3118 5011 3187 5050 an
3221 4995 3387 5050 etiam
3429 4994 3495 5049 ad
3536 4994 3643 5048 hoc

2064 5091 2246 5146 dicere
2273 5090 2542 5158 possimus
2573 5088 2854 5160 (quoniam
2884 5102 2989 5142 non
3034 5087 3238 5141 dictum
3267 5083 3372 5138 fuit
3405 5099 3420 5136 :
3451 5081 3524 5136 Et
3556 5099 3642 5136 vos

2062 5183 2244 5253 igitur,
2281 5199 2398 5253 qua:
2437 5184 2714 5237 audivistis
2743 5197 2772 5235 a
2809 5181 2972 5235 Patre
3015 5189 3222 5243 vestro,
3258 5177 3346 5231 vel
3399 5191 3430 5230 a
3489 5185 3642 5246 patre

2064 5285 2277 5340 nostro,
2327 5275 2445 5340 sed,
2473 5292 2506 5329 a
2539 5273 2746 5346 Patre),
2772 5274 2916 5344 quod
2946 5273 3070 5327 licet
3102 5269 3301 5339 aliquis
3354 5268 3428 5322 sit
3469 5278 3644 5336 pater,

445 5411 489 5444 ³²
517 5407 677 5464 Joan.
718 5423 837 5472 vm,
865 5410 968 5464 57.’
1032 5410 1078 5441 ³³
1106 5408 1270 5465 Joan.
1294 5428 1351 5474 χ,
1372 5410 1465 5465 26.
1541 5411 1586 5442 ³⁸
1615 5409 1772 5467 Joan.
1799 5427 1917 5475 vnt,
1953 5411 1958 5460 ἰ

2126 5411 2170 5444 ³⁵
2201 5412 2330 5467 ibid.
2355 5412 2446 5468 58.
2523 5412 2569 5444 ³⁸
2590 5411 2725 5468 Gen.
2755 5426 2889 5474 xvtt,
2912 5409 2968 5472 4,
2991 5409 3044 5463 5.
3121 5407 3164 5438 ³⁷
3192 5405 3350 5465 Joan.
3387 5419 3509 5468 V'Ill,
3551 5403 3643 5456 39.

449 5529 562 5598 (5:2)
594 5525 774 5598 Codex
793 5525 1143 5598 Bodleianus,
1171 5532 1374 5582 ποιεῖτε
1393 5548 1406 5560 ο
1434 5529 1658 5592 Regius,
1692 5531 1948 5583 ἐποιεῖτε.

599 5597 780 5652 Codex
833 5597 1173 5671 Bodleianus,
1222 5611 1387 5664 recte,
1441 5602 1657 5670 πατήρ·
1725 5600 1949 5670 Regius,

382 5690 743 5810 Idem
776 5737 943 5796 codex
976 5736 1317 5808 Bodleianus,
1349 5737 1792 5812 ἁνομολογοῦσιν.

2133 5531 2244 5595 (55)
2275 5531 2438 5585 Κατὰ
2469 5533 2726 5600 μίμησιν
2757 5525 2972 5600 ἀρετῆς
3004 5525 3331 5600 όποι-ανοῦν
3347 5522 3504 5600 Itin},
3537 5534 3641 5600 etv.

2063 5593 2154 5653 Sic
2187 5593 2328 5656 hunc
2359 5593 2556 5665 locu'm;
2588 5593 2638 5653 in
2701 5593 2979 5653 codicibus
3014 5595 3182 5663 Regio
3233 5605 3290 5652 et
3345 5593 3644 5649 Barberino

2063 5670 2330 5738 laxatum,
2364 5671 2584 5728 sanitati
2614 5669 2851 5726 restituit
2877 5665 3218 5722 Bodleianus.
