4196 6386
559 265 664 322 891

2039 264 2361 321 ORIGENIS

3710 276 3818 333 592

561 404 677 446 non
711 387 1184 444 continuo‘tamen
1205 390 1358 456 pater
1391 386 1554 442 etiam
1583 388 1655 443 sit
1685 403 1872 443 eorum
1908 390 1997 459 qni
2031 406 2134 442 non

2242 388 2394 460 παρὰ
2419 389 2510 442 τοῦ
2550 388 2753 460 πατρὸς
2803 390 2977 460 ὑμῶν,
3006 389 3060 462 ἢ,
3091 390 3240 462 παρὰ
3265 390 3360 445 τοῦ
3409 393 3613 466 πατρὸς
3638 394 3822 465 ἡμῶν,

566 490 694 536 sunt
720 480 814 534 ﬁlii
837 479 1088 544 Abrahae,
1133 494 1232 534 nec
1266 477 1485 533 formati
1518 495 1547 532 a
1576 481 1787 535 semine
1826 481 2057 534 Abrahae
2087 482 2138 533 in

564 574 694 630 ﬁliis
722 571 993 638 Abrahae;
1024 572 1109 626 vel
1153 572 1264 626 haec
1287 573 1452 627 verba
1483 571 1758 628 indeﬁnite
1780 573 1925 628 dicta
1961 589 1974 626 :
2010 571 2142 637 Qua:

565 662 845 717 audivistis
874 670 906 714 α
934 659 1113 727 Patre,
1150 661 1290 716 sumi
1323 675 1548 731 possunt
1574 677 1672 733 pro
1697 677 1763 717 eo
1783 661 1927 731 quod
1953 671 2075 726 est,
2107 676 2138 713 a

565 751 729 809 Patre
757 767 900 817 meo,
945 761 1006 807 ut
1045 751 1323 807 declarant
1372 753 1460 808 illa
1491 755 1698 808 verba:
1735 752 1867 819 Qui:
1897 768 1990 821 ego
2033 752 2139 806 vidi

564 846 710 913 apud
737 843 950 898 Patrem
973 883 990 910 ,
1035 844 1252 914 loquor;
1283 861 1404 914 qua
1431 846 1570 899 idem
1600 845 1776 899 valent
1799 860 1863 900 ac
1890 845 1932 898 si
1969 844 2138 906 dicas,

564 934 710 1003 apud
768 932 980 987 Patrem
1013 950 1186 987 meum
1269 933 1470 991 Verum
1518 936 1796 989 enimvero
1849 937 2141 989 edocemur

564 1028 730 1082 etiam
774 1029 827 1080 in
868 1027 1218 1096 sequentibus
1265 1043 1626 1098 quorumnam
1676 1025 1817 1082 Deus
1852 1028 1923 1082 sit
1952 1025 2136 1090 Pater,

563 1133 664 1190 per
709 1119 824 1172 hzec
867 1133 986 1187 quae
1039 1118 1278 1188 loquitur
1326 1119 1588 1174 Servator
1618 1135 1632 1171 :
1660 1115 1722 1172 Si
1781 1117 1919 1170 Deus
1973 1114 2141 1169 Pater

563 1221 728 1264 vester
761 1221 916 1274 esset,
973 1209 1260 1279 diligeretis
1310 1210 1488 1277 utique
1536 1225 1616 1261 me
1650 1207 1718 1260 ³⁸.
1766 1205 1842 1260 Ac
1898 1203 2140 1274 proferto

562 1300 754 1371 liquet,
799 1303 889 1373 qui
925 1302 1118 1357 Filium
1160 1313 1408 1370 quierant
1440 1298 1780 1360 interficere,
1836 1296 1988 1350 illum
2032 1309 2139 1348 non

563 1396 812 1466 diligere,
843 1407 897 1450 et
925 1411 1029 1450 non
1059 1395 1345 1464 diligentes
1373 1409 1518 1457 eum,
1553 1392 1695 1445 ﬁlios
1725 1391 1816 1444 Dei
1848 1405 1950 1442 non
1974 1402 2137 1453 esse;

563 1489 706 1544 unde
732 1488 1074 1558 perspicuum
1103 1486 1335 1541 edicitur
1363 1487 1480 1541 hare
1505 1485 1670 1538 verba
1703 1501 1716 1536 :
1747 1482 1810 1536 Et
1842 1499 1930 1536 vos
1952 1481 2136 1549 igitur,

563 1595 680 1649 quia
707 1581 982 1634 audivistis
1008 1596 1040 1632 a
1072 1577 1256 1645 Patre,
1285 1579 1441 1644 facile
1474 1578 1541 1640 ”,
1590 1591 1695 1629 non
1741 1576 1918 1630 minus
1957 1575 2140 1627 valere

563 1685 630 1726 ac
661 1670 708 1727 si
738 1671 941 1728 dictum
979 1669 1189 1737 luisset,
1219 1687 1252 1723 a
1279 1661 1437 1724 Patre
1480 1679 1674 1723 restro.

630 1947 800 2019 318
846 1946 934 2002 10.
979 1945 1113 2000 Dicit
1150 1944 1257 2000 illis
1293 1943 1449 2006 Iesus
1474 1959 1494 1998 :
1519 1940 1578 1998 Si
1610 1941 1711 2010 ﬁlii
1739 1941 1964 1996 Abralue
1990 1933 2136 2004 estis,

563 2059 722 2112 spera
751 2043 974 2096 Abrahae
1001 2039 1158 2108 facite
1204 2038 1272 2091 ⁸⁸.
1299 2036 1735 2106 lit-spondeam,
1788 2034 1880 2101 qui
1924 2048 1992 2087 ex
2054 2032 2138 2086 his

561 2147 683 2202 qua:
739 2131 909 2202 gessit
938 2128 1242 2193 Abraham,
1308 2125 1590 2193 elegerunt
1643 2139 1807 2178 unum
1863 2121 2136 2190 quoddam

559 2238 738 2293 opus,
791 2236 984 2291 nempe
1021 2219 1300 2275 :Credidit
1342 2226 1518 2272 autem
1572 2217 1836 2269 Abraham
1888 2214 2034 2278 Deo,
2088 2223 2137 2268 et

561 2317 878 2384 imputatum
905 2323 978 2367 est
997 2311 1076 2365 illi
1099 2312 1166 2364 ad
1184 2308 1449 2379 justitiam
1481 2307 1550 2370 ⁸¹,
1578 2317 1630 2361 et
1659 2307 1762 2361 hoc
1815 2306 2136 2361 existimant

561 2422 684 2464 esse
715 2397 786 2462 ad
809 2405 952 2476 quod
989 2401 1298 2457 referuntur
1332 2401 1445 2456 haec
1483 2400 1644 2454 verba
1673 2417 1684 2453 :
1713 2399 1886 2466 Opera
1912 2397 2138 2451 Abrahae

561 2499 743 2570 facite,
777 2506 836 2552 ut
864 2496 1030 2552 etiam
1066 2493 1396 2551 concedatur
1435 2491 1553 2550 illis
1608 2491 1766 2548 ﬁdem
1817 2504 1937 2545 esse
1978 2504 2134 2559 opus,

562 2591 707 2660 quod
746 2589 968 2643 minime
1016 2586 1375 2641 concederent
1428 2583 1522 2652 qui
1563 2583 1943 2638 auctoritatem
1988 2580 2135 2635 illam

562 2682 858 2737 admittunt
886 2697 900 2732 :
939 2678 1098 2732 Fides
1121 2678 1232 2746 sine
1255 2675 1500 2745 aperibus
1525 2685 1730 2728 mortua
1755 2684 1828 2727 est
1863 2673 1932 2735 δ’,
1961 2687 2137 2742 neque

560 2773 618 2828 hi
650 2775 740 2842 qui
791 2768 1342 2841 intelligunt.melius
1398 2783 1519 2824 esse
1565 2766 1854 2837 jnStilicari
1908 2781 1976 2820 ex
2035 2768 2136 2821 tide

559 2881 722 2936 quam
775 2878 844 2919 ex
901 2861 1160 2932 operibus
1211 2859 1344 2930 legis
1393 2859 1460 2922 ⁸³,
1505 2867 1560 2914 et
1593 2858 1776 2912 dicant
1813 2872 1985 2926 quare
2025 2873 2134 2911 non

561 2959 767 3013 dictum
793 2957 864 3010 sit
899 2953 1246 3024 singulariter
1278 2969 1292 3006 :
1330 2949 1392 3006 Si
1420 2949 1523 3018 ﬁlii
1561 2949 1786 3002 Abrahae
1811 2950 1973 3014 estis,
2005 2966 2135 3018 opus

559 3050 785 3104 Abrahae
825 3047 1002 3116 facite,
1042 3047 1138 3099 sed
1169 3058 1392 3098 numero
1429 3043 1687 3112 plurium,
1721 3057 1877 3110 Opera
1903 3043 2131 3098 Abrahw
2160 3076 2204 3135 Ο

559 3144 754 3212 facile;
779 3140 923 3210 quod
957 3137 1299 3205 meoiudicio
1333 3137 1562 3205 perinde
1584 3135 1727 3204 valet
1758 3152 1822 3189 ac
1848 3137 1892 3191 si
1929 3137 2130 3191 dictum

554 3237 768 3299 (uisset,
803 3233 988 3288 omnia
1015 3247 1175 3300 opera
1219 3230 1445 3286 Abrahae
1477 3230 1657 3301 {.cite.
1693 3227 1788 3282 Sin
1827 3242 1956 3283 vero
1988 3228 2130 3282 idem

555 3337 639 3384 est
671 3343 736 3383 ac
769 3327 815 3380 si
855 3325 1200 3387 diceremus,
1235 3321 1419 3376 omnia
1468 3336 1629 3386 opera
1679 3319 1906 3374 Abrahae
1947 3319 2131 3389 facile,

551 3429 612 3478 et
640 3432 813 3489 neque
843 3412 1197 3485 corporaliter
1217 3411 1500 3466 adhaerere
1535 3407 1747 3464 ancilla:
1782 3409 1943 3462 debet
1975 3407 2022 3462 is
2039 3408 2132 3476 qui

554 3527 780 3571 uxorem
825 3510 1030 3574 habet;
1070 3522 1245 3578 neque
1300 3507 1573 3561 defunctte
1611 3504 1826 3573 conjungi
1863 3504 2026 3558 aliam
2074 3505 2128 3557 in

555 3614 838 3663 senectute
891 3603 1178 3672 coniugem
1229 3600 1657 3669 superinducere
1698 3597 1744 3652 is
1792 3598 1883 3666 qui
1911 3638 1927 3662 ,
1968 3597 2130 3668 juxta

555 3696 870 3753 Senatoris
897 3691 1424 3762 interpretationem,
1460 3688 1692 3744 voluerit
1726 3689 1958 3744 Abrahae
1987 3689 2132 3743 ﬁlius

554 3786 824 3842 declarari
850 3800 918 3839 ex
946 3798 1012 3839 eo
1043 3782 1187 3852 quod
1209 3779 1450 3842 Abrahae
1491 3794 1658 3848 opera
1683 3777 1874 3834 fecerit
1896 3819 1913 3843 ,
1949 3778 2128 3849 palam

554 3879 682 3935 hinc
727 3877 985 3932 discimus
1039 3889 1264 3936 necesse
1314 3873 1472 3927 nobis
1521 3887 1682 3934 esse,
1726 3883 1784 3926 ut
1835 3871 2132 3942 allegorice

555 3969 921 4038 intelligentes
981 3979 1197 4020 omnem
1246 3965 1482 4020 Abrahae
1545 3963 1853 4028 historiam,
1913 3962 2127 4032 singula

553 4075 677 4131 quae
715 4061 830 4128 ipse
869 4054 1224 4126 corporaliter
1273 4053 1443 4122 fecit,
1495 4053 1850 4122 spiritualiter
1896 4067 1926 4106 a
1969 4052 2131 4107 nobis

553 4153 716 4219 ﬁant,
763 4150 1084 4220 incipientes
1120 4148 1188 4203 ab
1237 4162 1303 4202 eo
1347 4147 1538 4202 dicto:
1588 4143 1848 4216 Egredere
1885 4145 1950 4199 de
1984 4153 2128 4198 terra

553 4252 672 4309 tua,
701 4251 751 4296 et
786 4245 849 4296 de
891 4239 1202 4309 cognatione
1224 4248 1315 4291 tua
1336 4275 1354 4300 .
1384 4237 1520 4292 etde
1550 4237 1705 4289 domo
1735 4237 1902 4304 patris
1936 4236 2038 4302 tui,
2077 4243 2128 4288 et

553 4336 666 4390 veni
688 4335 746 4387 in
764 4323 953 4386 terram
971 4347 1127 4400 quam
1145 4337 1503 4384 monstravere
1527 4328 1624 4381 tibi
1640 4327 1685 4359 “
1709 4343 1723 4382 :
1754 4327 1805 4379 id
1827 4327 1972 4396 quod
1996 4339 2128 4380 sane

2243 478 2380 532 ἀλλὰ
2413 478 2573 546 παρὰ
2624 479 2729 533 τοῦ
2773 482 3043 550 Πατρός)
3075 483 3224 545 ὅστις
3273 482 3379 536 κᾶν
3508 484 3714 555 πατὴρ,
3758 485 3822 538 οὐ

2242 571 2456 633 πάντως
2488 571 2709 624 καὶτῶν
2763 573 2836 644 μὴ
2859 575 3061 627 τέκνων
3085 575 3179 628 τοῦ
3195 577 3446 647 Ἀϐραάμ
3468 579 3584 630 ἐστι
3615 575 3820 649 πατὴρ,

2242 664 2336 716 καὶ
2366 662 2440 734 μὴ
2470 665 2920 736 μεμορφωμένων
2954 667 3062 720 ἀπὸ
3099 669 3410 740 σπέρματος
3437 669 3692 742 Ἀϐραὰμ
3724 669 3820 722 ἐπὶ

2239 757 2309 811 τὰ
2345 758 2509 811 τέκνα
2543 758 2636 812 τοῦ
2668 759 2936 832 Ἀϐραάμ·
2979 761 3012 831 ἢ
3053 760 3372 832 ἀδιορίστως
3418 760 3710 832 εἰρημένον
3739 759 3818 812 τόο

2247 847 2315 899 "A
2331 848 2632 915 ἠκούσατε
2648 848 2807 917 παρὰ
2823 848 2930 903 τοῦ
2940 848 3186 918 Πατρός.
3207 851 3430 904 δύναται
3451 850 3822 922 λαμϐάνεσθαι

2240 937 2361 990 ἀντὶ
2386 938 2501 992 τοῦ·
2526 939 2634 993 ἀπὸ
2655 941 2749 993 τοῦ
2775 942 2985 1013 Πατρός
3017 959 3137 1012 μου,
3168 944 3259 997 καὶ
3297 942 3454 996 τοῦτο
3477 943 3626 996 ἐσται
3655 941 3818 1010 σαφέι,

2240 1030 2306 1082 ἐκ
2334 1031 2449 1084 τοῦ·
2485 1035 2545 1086 Ἃ
2575 1032 2689 1102 ἐγὼ
2714 1031 2945 1101 ἑώρακα
2975 1035 3130 1101 παρὰ
3157 1033 3235 1098 τῷ
3261 1035 3466 1102 Πατρὶ,
3487 1033 3674 1096 λαλῶ,
3706 1034 3821 1086 τσον

2239 1121 2534 1190 δυναμένου
2549 1121 2646 1192 τῷ,
2673 1122 2832 1190 παρὰ
2855 1122 2934 1188 τῷ
2962 1124 3146 1191 Harp!
3166 1142 3308 1193 μου.
3340 1125 3450 1177 Καὶ
3474 1127 3532 1177 ἐν
3564 1128 3676 1186 τοῖς
3692 1123 3820 1192 ἐξῆς

2238 1211 2298 1265 δέ
2327 1212 2685 1283 διδασκόμεθα
2713 1213 2874 1266 τίνων
2897 1214 3044 1266 ἐστὶν
3065 1215 3102 1265 ό·
3117 1210 3484 1283 ΘεὸςΠατὴρ,
3501 1215 3568 1268 δι’
3593 1207 3666 1266 ὧν
3688 1212 3822 1266 ταῦ-

2238 1319 2307 1355 τα
2332 1303 2478 1372 λέγει
2499 1306 2527 1357 ὁ
2548 1305 2758 1375 Σωτήρο
2789 1307 2858 1358 El
2889 1307 2921 1358 ό
2946 1306 3092 1371 Θεὸς
3118 1306 3318 1373 Πατὴρ
3350 1305 3518 1374 ὑμῶν
3539 1302 3640 1376 ἦν,
3673 1306 3818 1375 fnu-

2240 1393 2388 1448 πᾶτε
2408 1393 2485 1448 ἂν
2511 1395 2631 1464 ἐμέ.
2671 1397 2844 1465 Σαφές
2877 1397 2956 1459 δέ,
2984 1399 3066 1450 ὃτι
3092 1399 3142 1450 oi.
3173 1397 3463 1467 ζητοῦντες
3497 1399 3815 1452 ἀποκτεῖναι

2237 1486 2330 1540 τὸν
2362 1487 2487 1541 Υίὸν
2533 1487 2644 1556 (56)
2685 1489 2786 1541 οὐκ
2815 1489 3043 1558 ἠγάπων
3076 1489 3255 1542 αὐτόν·
3295 1489 3370 1560 μὴ
3405 1488 3728 1557 ἀγαπῶντες
3761 1487 3820 1541 δέ

2240 1579 2422 1642 αὐτὸν,
2454 1579 2555 1633 οὐκ
2581 1579 2646 1632 ἂν
2695 1579 3059 1650 ἐχρημάτιζον
3083 1582 3192 1634 υἱοὶ
3227 1581 3336 1650 (57)
3365 1579 3460 1634 τοῦ
3491 1579 3647 1633 Θεοῦο
3675 1578 3824 1632 ὥστε

2238 1673 2418 1743 δῆλον,
2437 1675 2520 1726 ὅτι
2548 1674 2628 1726 τό·
2670 1674 2777 1727 Καὶ
2803 1672 2970 1741 ὑμεῖς
3001 1669 3114 1729 οὖν
3141 1673 3180 1728 ἁ
3214 1674 3516 1742 ἠκούσατε
3530 1673 3690 1741 παρὰ
3714 1672 3820 1726 τοῦ

2169 1737 2212 1792 Β
2241 1765 2492 1834 Πατρός,
2519 1765 2758 1830 ποιεῖτε,
2784 1765 2884 1824 οὐκ
2916 1765 3028 1820 ἴσον
3047 1765 3268 1821 δύναται
3293 1767 3390 1838 τῷ,
3405 1767 3559 1835 παρὰ
3579 1763 3687 1820 τοῦ
3698 1768 3818 1820 Πα-

2238 1856 2378 1924 τρὸς
2407 1856 2592 1927 ὑμῶν.

2311 1950 2396 2004 10.
2450 1950 2622 2020 Λέγει
2680 1950 2876 2017 αὐτοῖς
2937 1952 2969 2004 ό
3037 1947 3285 2016 Ἰησοῦς·
3339 1949 3408 2002 ει
3463 1944 3647 2000 τέκνα
3712 1941 3820 1996 τοῦ

2239 2041 2488 2111 Ἀϐραάμ
2514 2043 2675 2107 ἐστε,
2711 2043 2784 2097 τὰ
2821 2042 2964 2112 ἔργα
2996 2041 3101 2098 τοῦ
3126 2042 3373 2110 Ἀϐραὰμ
3398 2038 3638 2092 ποιεῖτε.
3664 2036 3728 2089 Θῖ
3759 2034 3822 2087 ἐν

2237 2150 2292 2186 τι
2333 2133 2441 2204 (58)
2487 2132 2864 2202 ἐπιλεξάμενοι
2900 2133 3008 2186 τῶν
3059 2133 3152 2186 τοῦ
3211 2132 3461 2204 Ἀϐραὰμ
3501 2131 3698 2202 ἔργων,
3732 2126 3816 2178 τό·

2239 2223 2591 2274 Ἐπίστευσε
2620 2221 2688 2274 δὲ
2719 2221 2965 2291 Ἀϐραὰμ
2989 2219 3069 2287 τῷ
3102 2219 3243 2284 Θεῷ,
3270 2221 3368 2274 καὶ
3399 2221 3684 2290 ἐλογίσθη
3713 2222 3819 2274 αὐ-

2238 2309 2318 2375 τῷ
2343 2311 2430 2376 εἰς
2455 2310 2868 2377 δικαιοσύνην,
2914 2309 3010 2363 καὶ
3041 2309 3199 2363 τοῦτο
3224 2309 3531 2380 νομίζοντες
3562 2304 3696 2362 εἶναι
3730 2306 3822 2379 ἐφ’

2237 2403 2266 2455 ὃ
2292 2401 2710 2473 ἀναφέρεταιτό·
2769 2403 2844 2456 Τὰ
2871 2402 3015 2472 ἔργα
3039 2402 3144 2456 τοῦ
3165 2401 3414 2470 Ἀϐραὰμ
3455 2401 3694 2466 ποιεῖτε,
3733 2403 3820 2454 ἵνα

2238 2494 2333 2546 καὶ
2362 2493 2687 2564 συγχωρηθῇ
2729 2493 2934 2556 αὐτοῖς,
2980 2493 3062 2546 ὅτι
3088 2492 3245 2564 ἔργον
3272 2493 3419 2545 ἐστὶν
3448 2493 3481 2563 ὴ
3510 2493 3710 2557 πίστις,
3755 2493 3818 2546 οὐ

2240 2585 2592 2656 συγχωρηθὲν
2623 2585 2689 2638 ἂν
2714 2585 2818 2638 ὑπὸ
2859 2584 2967 2637 τῶν
3001 2584 3454 2656 παραδεχομένων
3476 2584 3556 2637 τό·
3607 2585 3818 2650 Πίστις

2238 2678 2618 2746 χωρὶς-ἔργων
2647 2676 2830 2745 νεκρὰ
2860 2677 3052 2738 ἐστιν,
3078 2677 3185 2729 οὐδ’
3215 2677 3320 2730 ὑπὸ
3341 2675 3450 2729 τῶν
3487 2676 3818 2740 ἀκουόντων,

2236 2768 2318 2822 ὅτι
2348 2767 2590 2840 διαφέρει
2612 2769 2672 2821 τὸ
2697 2767 3033 2823 δικαιοῦσθαι
3062 2771 3125 2822 ἐκ
3149 2767 3382 2831 πίστεως
3396 2769 3540 2840 ἥπερ
3562 2767 3620 2832 ἐξ
3641 2767 3820 2838 ἔργων

2237 2859 2424 2930 νόμου,
2476 2860 2890 2928 ἀπολεγέτωσαν
2950 2859 3064 2928 (59)
3106 2858 3194 2912 διὰ
3222 2858 3275 2911 τί
3314 2859 3414 2911 οὐκ
3448 2859 3682 2930 εἴρηταιο
3746 2856 3814 2912 El

2237 2950 2418 3004 τέκνα
2465 2950 2572 3004 τοῦ
2617 2949 2863 3019 Ἀϐραάμ
2912 2950 3073 3013 ἐστε,
3114 2948 3179 3002 τὸ
3213 2950 3390 3018 ἔργον
3419 2950 3524 3004 τοῦ
3572 2949 3814 3018 Ἀϐραὰμ

2237 3043 2473 3106 ποιεῖτε,
2528 3041 2740 3106 ἑνικῶς,
2771 3043 2904 3096 ἀλλὰ
2957 3041 3369 3112 πληθυντικῶς,
3407 3045 3483 3097 Τὰ
3527 3043 3670 3112 ἔργα
3708 3041 3815 3094 τοῦ

2236 3133 2483 3203 Ἀϐραὰμ
2512 3135 2749 3197 ποιεῖτε,
2778 3136 2912 3198 ῐσον,
2947 3133 3021 3200 ὡς
3050 3130 3232 3205 οἶμαι,
3257 3134 3522 3205 τυγχάνον
3546 3134 3640 3205 τῷ·
3666 3133 3824 3188 Πάν-

2234 3244 2308 3280 τα
2338 3227 2409 3280 τὰ
2434 3228 2578 3296 ἔργα
2599 3228 2702 3281 τοῦ
2733 3227 2979 3296 Ἀϐραὰμ
3007 3225 3245 3279 ποιεῖτε.
3286 3227 3348 3280 Ei
3371 3226 3426 3280 δὲ
3453 3228 3564 3280 ἴσον
3589 3225 3703 3279 ἐστὶ
3716 3224 3815 3295 τῷο

2234 3318 2316 3370 Τὰ
2344 3317 2522 3370 πάντα
2552 3318 2695 3386 ἔργα
2716 3315 2823 3370 τοῦ
2858 3314 3105 3383 Ἀϐραὰμ
3141 3316 3378 3381 ποιεῖτε,
3414 3315 3508 3368 καὶ
3547 3316 3683 3386 μήτε
3709 3331 3813 3366 σω-

2238 3411 2482 3480 ματικῶς
2507 3409 2768 3482 παιδίσκῃ
2793 3409 2873 3461 δεῖ
2890 3407 3200 3481 προσελθεῖν
3216 3407 3304 3461 τὸν
3333 3407 3524 3476 ἔχοντα
3542 3405 3812 3476 γαμετὴν,

2238 3502 2376 3572 μήτε
2405 3501 2541 3571 μετὰ
2555 3501 2654 3571 τὴν
2681 3501 2938 3573 τελευτὴν
2967 3501 3078 3574 (60)
3095 3502 3194 3573 τῆς
3213 3497 3602 3569 γεγαμημένης
3624 3499 3680 3550 ὲν
3710 3496 3811 3564 γή-

2235 3608 2306 3663 ρᾳ
2349 3591 2514 3662 ἄλλην
2569 3595 2801 3660 γυναῖκα
2853 3591 3058 3655 λαϐεῖν,
3111 3592 3202 3646 τὸν
3239 3591 3378 3646 κατὰ
3416 3589 3511 3642 τοῦ
3561 3587 3811 3656 Σωτῆρος

2233 3683 2510 3754 ὑφήγησιν
2543 3682 2765 3736 θέλοντα
2793 3683 2978 3737 τέκνον
3011 3681 3394 3753 ἀποδειχθῆναι
3409 3680 3502 3734 τοῦ
3532 3676 3811 3748 Ἀϐραὰμ,

2231 3775 2298 3828 ἐκ
2325 3774 2418 3828 τοῦ
2449 3779 2620 3830 ποιεῖν
2641 3775 2708 3829 τὰ
2731 3776 2866 3848 ἔργα
2886 3775 2979 3829 τοῦ
2999 3775 3271 3846 Ἀϐραάμο
3303 3773 3487 3844 σαφῶς
3512 3772 3605 3826 καὶ
3630 3765 3810 3822 ἐντεῦ-

2231 3866 2323 3920 θεν
2349 3867 2707 3940 μανθάνομεν,
2741 3869 2822 3922 ὅτι
2841 3869 2922 3922 δεῖ
2943 3870 3120 3921 πᾶσαν
3151 3868 3248 3938 τὴν
3272 3865 3412 3920 κατὰ
3441 3865 3530 3918 τὸν
3562 3858 3810 3929 Ἀϐραὰμ

2229 3961 2633 4032 ἁλληγοροῦντα
2670 3961 2909 4032 ἱστορίαν
2930 3961 3158 4014 ’ἑκαστον
3190 3955 3552 4028 πνευματικὸν
3584 3951 3809 4020 ποιῆσαι

2228 4055 2340 4108 τῶν
2381 4055 2787 4126 πεπραγμένων
2829 4054 2919 4106 ὑπ’
2971 4051 3158 4116 αὐτοῦ,
3195 4051 3499 4122 ἀρξάμενον
3541 4045 3648 4100 ἀπὸ
3688 4043 3806 4098 τοῦθ

2234 4147 2478 4211 Ἔξελοε
2501 4147 2568 4200 ἐκ
2597 4145 2704 4215 τῆς
2736 4144 2841 4216 γῆς
2884 4161 3021 4206 σου,
3069 4144 3166 4199 καὶ
3209 4145 3278 4197 ἐκ
3306 4140 3415 4209 τῆς
3455 4138 3809 4210 συγγενείας

2233 4253 2373 4304 σου,
2417 4237 2514 4291 καὶ
2537 4237 2606 4290 ἐκ
2649 4235 2755 4291 τοῦ
2784 4237 2953 4289 οἴκου
2981 4235 3087 4289 τοῦ
3117 4235 3340 4302 πατρός
3388 4248 3526 4298 σου,
3566 4233 3654 4296 εἰς
3693 4227 3807 4296 τὴν

2231 4328 2346 4400 γῆν
2379 4328 2458 4396 ἣν
2487 4328 2564 4381 ἂν
2601 4342 2699 4382 σοι
2743 4327 2938 4392 δείξω,
2969 4326 3262 4398 εἰρημένου
3293 4326 3355 4378 οὐ
3389 4325 3533 4394 μόνῳ
3564 4321 3671 4392 (6i)
3728 4318 3805 4388 τῷ

550 4426 758 4480 dictum
783 4432 867 4478 est
893 4436 1002 4476 non
1033 4421 1131 4476 soli
1164 4420 1398 4475 Abrahae
1420 4460 1434 4482 ,
1477 4434 1665 4474 verum
1703 4419 1866 4472 etiam
1897 4417 2123 4472 cuicun-

2241 4422 2511 4495 Ἀϐραὰμ,
2547 4422 2682 4476 ἀλλὰ
2723 4423 2816 4476 καὶ
2843 4422 3004 4474 παντὶ
3040 4421 3115 4492 τῴ
3150 4417 3576 4490 ἐσομένῳτέκνῳ
3619 4410 3800 4468 αὐτοῦ.

547 4532 657 4593 que
687 4517 780 4588 qui
804 4515 975 4585 ipsius
1009 4513 1150 4567 illius
1178 4515 1250 4566 sit
1285 4509 1524 4565 futurus.
1571 4509 1668 4564 Est
1703 4509 1849 4563 enim
1873 4509 2122 4577 quaedam

549 4609 974 4676 uniuscujusque
1020 4614 1264 4659 nostrum
1299 4611 1442 4656 terra
1465 4641 1479 4665 ,
1516 4611 1679 4668 atque
1720 4600 1966 4669 quaedam
2000 4609 2124 4652 ante

551 4702 792 4757 divinum
816 4710 1134 4766 responsum
1174 4708 1283 4749 non
1323 4692 1460 4746 bona
1493 4694 1790 4759 cognatio;
1821 4700 1874 4744 et
1915 4698 2128 4758 postre-

549 4809 640 4850 mo
664 4793 912 4864 quaedam
944 4790 1137 4844 domus
1175 4785 1347 4856 patris
1378 4783 1584 4846 nostri,
1611 4790 1906 4850 antequam
1936 4795 2126 4849 perve-

548 4889 866 4944 niatsermo
897 4882 990 4938 Dei
1025 4880 1094 4936 ad
1131 4893 1273 4934 nos:
1304 4891 1426 4946 qua:
1473 4875 1656 4929 omnia
1707 4873 1864 4928 nubis
1900 4883 2124 4941 propter

547 4991 860 5034 sermonem
903 4973 998 5028 Dei
1050 4969 1358 5026 damnanda
1419 4977 1546 5022 sunt
1591 4975 1648 5020 et
1697 4965 2018 5029 omittenda,
2074 4963 2122 5018 si

551 5066 901 5125 servatorem
980 5064 1230 5118 audimus
1280 5055 1684 5113 dicentem:Si
1740 5054 1842 5122 [itii
1896 5055 2124 5109 Abralue

617 5207 666 5242 ³⁸
693 5205 850 5263 Joan.
887 5219 1009 5262 vm.
1045 5201 1134 5258 42.
1227 5200 1271 5232 ⁸³
1311 5196 1438 5252 ibid.
1482 5196 1571 5254 '58.
1679 5195 1726 5228 ⁴⁶
1758 5193 1889 5248 ibid.
1927 5193 2017 5248 59.

555 5273 782 5332 "Rom.
826 5291 909 5339 ιιι,
944 5274 1036 5328 28.
1113 5272 1162 5303 “
1203 5270 1318 5325 Gen
1386 5283 1487 5331 xu,
1539 5269 1591 5323 l.

616 5412 733 5484 (56)
760 5413 941 5470 Codex
973 5411 1316 5484 Bodleianus.
1346 5409 1495 5484 Υξόνο
1528 5407 1750 5478 Regius,
1788 5403 2016 5477 Ἰησοῦν.

619 5480 734 5551 (57)
763 5485 942 5539 Codex
971 5483 1194 5552 Regius,
1226 5481 1275 5532 οἱ
1312 5480 1437 5532 υἱοί.

617 5548 732 5621 (58)
766 5555 946 5608 Codex
978 5548 1198 5621 Regius.
1233 5548 1624 5621 perperatn,_év
1656 5549 1744 5618 τῇ.

758 5623 934 5700 deex
966 5619 1321 5700 Bodleianus,
1339 5619 1814 5700 ἁποκριθῄτωσαν.

617 5683 730 5764 (60)
761 5691 921 5746 Μετὰ
947 5691 1054 5760 τὴν
1076 5687 1387 5782 τελευτήν,
1431 5683 1538 5743 etc.
1577 5683 1856 5744 Secundus
1899 5683 2118 5748 nuptias

2230 4515 2387 4567 Ἔστι
2411 4514 2521 4585 γάρ
2553 4531 2637 4578 τις
2667 4515 2762 4568 καὶ
2788 4514 3017 4567 ἑκάστου
3050 4512 3206 4583 ἡμῶν
3235 4512 3326 4582 γῆ,
3366 4511 3460 4563 καὶ
3501 4510 3535 4578 ἡ
3568 4505 3673 4576 πρὸ
3707 4501 3804 4556 τοῦ

2227 4607 2371 4662 θείου
2398 4606 2782 4678 χρηματισμοῦ
2809 4606 2908 4659 οῦκ
2939 4605 3116 4676 ἀγαθὴ
3155 4603 3461 4672 συγγένεια,
3500 4600 3591 4653 καὶ
3629 4600 3658 4650 ὁ
3700 4593 3804 4666 πρὸ

2226 4697 2319 4751 τοῦ
2351 4697 2652 4765 φθάσαντος
2705 4698 2786 4760 εἰς
2825 4698 2970 4767 ἡμᾶς
3016 4696 3173 4763 λόγου
3213 4693 3348 4747 Θεοῦ
3389 4689 3534 4754 οῗκος
3567 4689 3676 4760 (62)
3709 4686 3805 4740 τοῦ

2228 4791 2433 4860 πατρὸς
2481 4789 2660 4861 ἡμῶν,
2697 4789 2764 4842 δι’
2805 4789 2842 4842 ἆ
2876 4805 2998 4840 τινα
3033 4785 3248 4839 ἅπαντα
3297 4785 3438 4839 κατὰ
3481 4783 3635 4852 λόγον
3669 4778 3802 4833 Θεοῦ

2227 4881 2407 4952 δεήσει
2432 4881 2577 4952 ἡμᾶς
2607 4878 2932 4946 ἐπεξελθεῖν,
2965 4878 3119 4948 εἴπερ
3141 4875 3410 4945 ἀκούομεν
3433 4873 3526 4926 τοῦ
3555 4872 3803 4944 Σωτῆρος

2229 4971 2498 5038 λέγοντος·
2537 4973 2604 5024 El
2645 4969 2824 5024 τέκνα
2847 4968 2953 5022 τοῦ
2981 4966 3228 5036 Ἀϐραάμ
3249 4967 3410 5028 ἐστε,
3444 4965 3513 5017 τὰ
3530 4963 3672 5032 ἔργα
3698 4960 3804 5014 τοῦ

2229 5060 2479 5129 Ἀϐραὰμ
2507 5058 2745 5113 ποιεῖτε·
2767 5057 2909 5111 οὕτω
2928 5056 3036 5128 γὰρ
3059 5055 3360 5126 φθάσομεν,
3383 5053 3458 5116 ῶς
3481 5049 3804 5105 καταλιπόν-

2110 5192 2154 5224 ¹¹⁵
2184 5191 2415 5260 Gen.xv,
2458 5195 2554 5259 lli;
2592 5193 2748 5247 Boni.
2786 5208 2860 5256 Iv,
2905 5192 2967 5258 5;
3017 5190 3134 5245 Jac.
3177 5206 3238 5256 ιι,
3273 5189 3364 5244 23.
3437 5186 3484 5220 δ’
3511 5185 3646 5239 ibid.
3707 5183 3800 5238 20.

2235 5420 2339 5457 non
2365 5404 2588 5455 omnino
2615 5402 2876 5470 probasse
2912 5397 3198 5469 Origenem
3249 5394 3360 5464 jam
3416 5387 3700 5446 docuimus
3745 5387 3802 5443 in

2233 5473 2590 5554 ονέρςῐπίεεηίξ·
2614 5473 2874 5554 "esu"?-
3099 5535 3117 5554 ,
3383 5532 3395 5544 .

2303 5529 2420 5614 (61)
2450 5542 2631 5614 Codex
2670 5541 3013 5614 Bodleianus,
3051 5535 3196 5614 μόνερ
3220 5551 3234 5565 ο
3267 5532 3488 5602 Regius,
3517 5529 3698 5600 μόνον.

2303 5546 2388 5614 (61
2450 5546 2631 5596 Codex
2670 5546 3013 5603 Bodleianus,
3051 5546 3196 5608 μόνω
3220 5551 3234 5565 ο
3267 5546 3291 5588 ι⁴

2277 5546 2420 5682 ’(62)
2451 5612 2506 5668 In
2531 5614 2718 5667 codice
2747 5610 2911 5679 Regio
2942 5609 3096 5663 deest
3122 5587 3291 5665 οἶκος.
