4196 6386
604 366 711 422 595

2095 366 2418 423 ORIGENIS

3761 376 3863 432 596

603 482 845 549 ancilla,
876 492 934 539 et
972 485 1125 551 muli,
1151 493 1205 541 et
1235 484 1453 552 cameli,
1483 486 1550 540 de
1576 486 1777 556 quibus
1808 480 2053 555 singulis,
2082 485 2162 537 alii

2287 500 2465 547 τινος,
2513 483 2609 537 καὶ
2651 483 2742 537 ἐπὶ
2787 482 2855 536 τὰ
2904 481 3042 555 βάθη
3085 484 3184 554 τῆς
3214 484 3437 556 Γραφῆς
3487 486 3863 557 ἐπισταμένως

600 576 764 647 cujus
786 577 1070 646 sapientis,
1096 589 1151 633 et
1172 580 1265 649 qui
1293 579 1561 649 profunda
1586 579 1881 649 Scriptum
1905 579 2066 634 docte
2092 593 2185 647 pe-

600 676 823 723 netrare
860 670 1060 739 possit,
1092 671 1327 725 ofﬁcium
1354 672 1460 726 erit
1494 672 1681 727 dicere
1712 688 1728 725 :
1760 681 1815 727 et
1841 671 2005 742 320
2035 679 2185 726 certe

598 764 910 829 generatim
943 778 1162 819 omnem
1206 766 1443 821 Abrahae
1487 766 1772 820 historiam
1816 765 2182 833 explorantes,

599 861 655 904 et
692 870 1034 926 quaecunque
1069 859 1136 913 de
1169 859 1286 927 ipso
1332 869 1460 914 sunt
1490 861 1712 928 scripta,
1751 874 1872 928 qua
1902 873 2068 912 unum
2100 857 2184 911 di-

601 956 778 1009 cunt,
830 957 886 1001 et
933 949 1078 1005 aliud
1134 949 1407 1015 innuunt,
1459 949 1775 1018 spirituales
1829 947 2184 1017 spiritualiter

599 1036 785 1091 omnia
833 1038 1018 1093 facere
1066 1039 1412 1096 conabimur.
1436 1038 1573 1096 Vide
1603 1054 1735 1095 vero
1757 1055 1825 1094 an
1853 1053 1958 1093 non
1994 1047 2183 1108 aperte

599 1142 668 1183 ex
693 1129 778 1184 his
807 1146 929 1199 quae
956 1131 1007 1185 in
1030 1132 1137 1188 hoc
1165 1132 1287 1189 loco
1308 1133 1704 1203 indagavimus,
1726 1140 1941 1187 constet
1970 1132 2183 1201 sapien-

560 1222 674 1295 .tis
719 1223 1002 1292 cujusdam
1055 1240 1203 1286 esse.
1249 1234 1306 1279 et
1358 1227 1504 1282 omni
1552 1226 1758 1279 virtute
1810 1225 2013 1287 ornati.
2060 1222 2178 1277 ﬁeri

596 1315 835 1370 Abrahae
880 1317 1045 1372 ﬁlius.
1087 1318 1228 1386 Quid
1267 1319 1413 1373 enim
1454 1334 1593 1390 opus
1631 1328 1714 1374 est
1758 1318 1939 1374 dicere
1975 1326 2177 1388 quanta

595 1422 734 1477 opus
760 1409 833 1462 sit
866 1409 1159 1479 sapientia,
1206 1420 1265 1467 ut
1289 1411 1522 1466 Abrahae
1547 1425 1713 1479 opera
1745 1410 2175 1475 consideremus,

595 1510 914 1573 quantaque
958 1517 1096 1571 opus
1134 1504 1208 1558 sit
1256 1506 1520 1572 potentia,
1554 1514 1614 1559 ut
1641 1520 1704 1560 ea
1732 1502 2040 1560 faciamus?
2069 1503 2175 1559 Sed

593 1590 740 1658 quali
767 1593 1037 1662 sapientia
1070 1593 1326 1664 qualique
1347 1594 1593 1664 potentia
1616 1608 1860 1665 egemus,
1888 1594 1993 1647 nisi
2019 1592 2177 1649 Chri-

594 1681 686 1743 sti,
716 1683 809 1751 qui
854 1692 941 1739 est
986 1685 1077 1739 Dei
1129 1687 1375 1754 potentia
1407 1694 1462 1740 et
1489 1684 1583 1740 Dei
1625 1684 1897 1755 sapientia
1923 1685 2011 1739 "1’
2040 1684 2174 1739 Cum

592 1785 724 1843 ergo
755 1775 1019 1842 scriptum
1048 1776 1155 1830 sit:
1185 1775 1247 1831 Si
1270 1775 1373 1843 lilii
1403 1776 1630 1831 Abrahae
1651 1777 1974 1845 estis,opera
2002 1776 2175 1830 Abra-

2291 575 2514 645 φθάνειν
2559 575 2859 646 δυναμένου
2904 575 3065 646 ἔργον
3095 575 3162 630 ἂν
3199 576 3285 648 εῐη
3329 576 3537 645 λέγειν·
3573 578 3669 632 καὶ
3696 579 3863 644 ἀπαξ-

2288 668 2477 731 απλῶς
2519 685 2584 737 γε
2646 670 2828 722 πᾶσαν
2869 666 2967 738 τὴν
3014 666 3157 721 κατά
3205 668 3296 722 τὸν
3337 668 3587 740 Ἀϐραὰμ
3627 670 3865 742 ἱστορίαν

2288 760 2700 831 βασανίζοντες,
2746 760 2841 815 καὶ
2881 760 2978 814 ὅλα
3014 760 3083 814 τά
3118 761 3248 833 περὶ
3290 760 3456 815 αὑτοῦ
3500 761 3865 834 γεγραμμένα

2286 854 2443 909 ἀτινά
2472 857 2618 908 ἐστιν
2647 852 3111 925 ἀλληγορούμενα,
3139 853 3215 918 ὡς
3238 852 3601 925 πνευματικοὶ
3622 870 3879 925 πνευμα--

2282 945 2453 1009 τικῶς
2506 947 2679 999 ποιεῖν
2733 944 3124 1017 πειρασόμεθα.
3172 945 3313 1016 Ὅρα
3356 945 3414 999 δὲ
3458 947 3508 1000 εἰ
3554 946 3630 1017 μὴ
3677 946 3863 1016 σαφῶς

2282 1036 2392 1089 ἀπὸ
2424 1034 2527 1104 τῆς
2554 1034 2855 1099 ἐξετάσεως
2884 1034 2993 1087 τῶν
3022 1032 3163 1087 κατά
3194 1033 3284 1086 τὸν
3325 1020 3490 1088 τόπον
3531 1034 3862 1105 παρίσταται

2284 1128 2416 1197 ἡμῖν
2437 1126 2574 1197 (68),
2599 1127 2683 1179 ὅτι
2714 1124 2877 1195 σοφοῦ
2899 1142 3065 1188 τινος,
3090 1125 3185 1178 καὶ
3214 1124 3363 1196 πάσῃ
3390 1126 3558 1197 ἀρετῇ
3589 1143 3864 1198 κεκοσμη-

2286 1219 2447 1290 μένου
2483 1217 2545 1271 τὸ
2574 1216 2828 1287 γενέσθαι
2864 1216 2959 1270 τοῦ
3004 1216 3255 1288 ’Δϐραάμ
3295 1217 3504 1271 τέκνον.
3532 1218 3598 1270 Τί
3640 1218 3751 1289 γὰρ
3780 1218 3864 1272 δεῖ

2280 1309 2463 1379 λέγειν
2491 1310 2624 1381 ὅσης
2648 1309 2842 1379 σοφίας
2872 1308 3145 1381 χρῄζομεν
3172 1311 3253 1373 εἰς
3280 1309 3343 1362 τὸ
3378 1309 3571 1381 νοῆσαι
3610 1309 3678 1363 τὰ
3723 1310 3859 1381 ἔργα

2279 1402 2376 1455 τοῦ
2431 1400 2715 1474 Ἀϐραὰμ,
2753 1401 2848 1456 καὶ
2895 1402 3029 1473 ὅσης
3083 1400 3363 1472 δυνάμεως
3408 1404 3488 1465 είς
3526 1401 3588 1454 τὸ
3634 1401 3859 1471 ποιῆσαι

2279 1494 2452 1561 wind;
2481 1494 2645 1558 Ποίας
2670 1494 2728 1547 δὲ
2762 1494 2974 1563 σοφίας,
3013 1493 3046 1565 ἦ
3087 1495 3247 1557 ποίας
3286 1493 3568 1566 δυνάμεως
3595 1493 3855 1565 δεόμεθα,

2278 1587 2313 1658 ἢ
2348 1586 2605 1660 Χριστοῦ,
2638 1587 2697 1650 ὅς
2724 1588 2841 1639 ἐστι
2872 1585 3006 1639 Θεοῦ
3039 1586 3265 1658 δύναμις
3309 1585 3443 1658 (69),
3475 1586 3568 1641 καὶ
3605 1585 3739 1640 Θεοῦ
3771 1602 3861 1641 σο-

2280 1676 2411 1745 φίας
2451 1676 2525 1729 Τὸ
2559 1677 2661 1747 μὲν·
2690 1671 2783 1731 οὖν
2814 1676 3196 1748 γεγραμμένον
3234 1676 3411 1729 ἐστίν’
3439 1679 3509 1730 El
3538 1676 3720 1730 τέκνα
3749 1670 3857 1730 τοῦ

2294 1765 2539 1835 Ἁϐραάμ
2564 1768 2725 1830 ἐστε,
2749 1767 2825 1821 τὰ
2854 1766 2999 1837 ἔργα
3024 1769 3130 1821 τοῦ
3169 1768 3414 1837 Ἀϐραὰμ
3453 1767 3698 1822 ποιεῖτε·
3728 1770 3859 1822 ἀκο-

588 1861 670 1915 lue
699 1863 942 1931 facile",
975 1868 1518 1936 consequenterhuic
1540 1868 1783 1924 dixeris:
1812 1866 1868 1922 Si
1898 1868 1995 1923 ﬁlii
2025 1866 2162 1924 lsaat

2281 1857 2487 1922 λούθως
2536 1859 2580 1913 δ’
2616 1857 2689 1937 ⁵ἂν
2741 1863 2895 1931 παρά
2943 1857 3103 1912 τοῦτο
3156 1860 3363 1923 εῐποις’
3418 1860 3484 1912 El.
3552 1858 3717 1913 τέκνα
3758 1859 3855 1913 τοῦ

589 1955 747 2019 estis,
783 1955 944 2012 facite
975 1973 1141 2028 opera
1170 1957 1361 2026 Isaac;
1394 1959 1759 2032 similiterque
1799 1961 1864 2017 de
1893 1959 2087 2026 Jacob,
2119 1970 2177 2015 et

587 2046 654 2100 dc
681 2047 913 2115 singulis
933 2049 1138 2104 sanctis
1174 2052 1437 2118 patribus.
1464 2050 1663 2107 Contra
1692 2051 1893 2123 singuli
1935 2066 2173 2121 peccan-

587 2144 670 2191 tes
706 2140 1006 2209 generatim
1053 2142 1276 2211 quidem
1325 2141 1422 2196 ﬁlii
1462 2150 1588 2196 sunt
1636 2142 1862 2206 diaboli,
1909 2142 2168 2212 quoniam

587 2227 695 2295 Qui
720 2229 854 2298 facit
877 2241 1171 2297 peccatum,
1202 2248 1267 2286 ea:
1307 2231 1518 2286 diabolo
1554 2242 1713 2286 natus
1744 2242 1820 2287 est
1841 2232 1888 2265 ⁸²
1915 2250 1931 2299 ;
1961 2233 2173 2301 private

584 2334 717 2375 vero
749 2320 833 2376 vel
856 2320 1014 2387 Cain,
1050 2321 1134 2376 vel
1159 2321 1355 2385 Cham,
1386 2322 1471 2376 vel
1503 2322 1783 2386 Chanaan,
1816 2322 1900 2378 vel
1934 2322 2172 2377 Pharao-

585 2414 693 2479 nis,
742 2411 828 2468 vel
869 2412 1399 2479 Nabuchodonosor,
1444 2413 1533 2468 vel
1575 2413 1809 2482 alicujus
1848 2414 2167 2485 impiorum.

582 2504 1000 2575 Consequenter
1047 2508 1211 2562 etiam
1258 2508 1344 2562 his
1392 2507 1569 2573 dices,
1605 2521 2051 2577 unumquemque
2099 2523 2169 2562 ex

582 2596 687 2651 hac
707 2598 820 2651 vita
847 2598 1171 2669 migrantem
1193 2598 1467 2669 proﬁcisci
1494 2599 1561 2654 ad
1587 2612 1715 2654 suos
1737 2608 1922 2670 patres
1946 2615 1961 2665 ;
1993 2599 2169 2653 omni-

581 2686 687 2742 bus
735 2687 882 2742 enim
914 2689 1228 2745 hominibus
1272 2688 1667 2745 decedentibus
1700 2704 1732 2744 e
1760 2691 1891 2754 vita,
1926 2705 2033 2744 non
2065 2690 2166 2746 soli

579 2781 899 2836 Ahrabamo
921 2782 1027 2837 dici
1062 2783 1398 2839 censendum
1428 2793 1515 2838 est
1543 2804 1558 2840 :
1591 2781 1669 2837 Tu
1694 2793 1873 2838 autem
1897 2784 1968 2838 ad
1990 2793 2166 2852 patres

578 2883 697 2928 tuos
732 2873 830 2928 ibis
848 2874 919 2940 ⁸³,
953 2875 1168 2931 etiamsi
1196 2890 1301 2931 non
1326 2877 1581 2932 omnibus
1601 2856 1914 2931 hominibus
1937 2876 2167 2930 addatur

579 2962 738 3029 illud,
766 2980 885 3018 cum
917 2980 1067 3033 pace.
1110 2965 1184 3020 At
1214 2979 1345 3019 vero
1380 2964 1662 3036 perfectis,
1692 2966 1888 3035 hisque
1918 2964 2009 3034 qui
2052 2963 2165 3033 spi-

577 3053 855 3110 ritualiter
890 3056 1125 3127 longaevi
1157 3055 1385 3123 fuerint,
1417 3057 1549 3112 illud
1587 3057 1755 3113 etiam
1806 3056 2061 3112 additur:
2094 3054 2163 3109 In

573 3157 841 3202 senectute
865 3151 1003 3203 bona
1038 3149 1128 3216 l";
1171 3151 1614 3221 quandoquidem
1665 3150 1886 3205 canities
1926 3147 2159 3203 homini-

573 3239 669 3295 bus
692 3249 771 3294 est
796 3240 1082 3310 prudentia
1103 3239 1176 3307 ",
1210 3250 1267 3297 et
1291 3258 1488 3296 corona
1514 3241 1853 3313 gloriatianis
1901 3250 1978 3294 est
2008 3255 2159 3294 sene-

570 3339 689 3387 ctus
709 3349 730 3392 .°
762 3341 818 3386 et
840 3331 1011 3401 gloria
1041 3332 1193 3389 veris
1215 3348 1281 3389 ac
1306 3333 1509 3389 divinis
1538 3333 1762 3389 senibus
1790 3331 2022 3387 canities
2051 3330 2155 3385 illa:

568 3432 699 3478 sunt
730 3439 853 3495 qua:
887 3435 1073 3483 mente
1103 3434 1427 3491 cernuntur,
1464 3425 1614 3496 ipsos
1638 3435 1920 3481 ornantes.

2291 1952 2474 2006 Ἰσαάκ
2518 1953 2670 2016 ἐστε,
2722 1952 2790 2006 τὰ
2832 1951 2969 2024 ἔργα
3017 1950 3110 2006 τοῦ
3169 1950 3354 2005 Ἰσαὰκ
3398 1954 3630 2005 ποιεῖτεο
3680 1951 3750 2006 τὰ
3799 1952 3855 2005 δὲ

2274 2045 2434 2116 ὅμοια
2466 2045 2564 2098 καὶ
2615 2046 2743 2118 περὶ
2786 2043 2879 2097 τοῦ
2933 2043 3150 2109 Ἰακὼϐ,
3192 2044 3287 2098 καὶ
3330 2045 3447 2108 ἐνὸς
3481 2043 3712 2099 ἑκάστου
3743 2044 3857 2097 ’τῶν

2273 2137 2445 2206 ἁγίων
2484 2136 2756 2209 πατέρων.
2803 2135 2916 2190 Καὶ
2960 2136 3028 2189 ὲκ
3072 2135 3181 2189 τῶν
3232 2135 3487 2191 ἐναντίων
3537 2135 3594 2189 δὲ
3624 2135 3857 2202 ἕκαστος

2272 2229 2381 2284 τῶν
2409 2229 2832 2300 ἁμαρτανόντων
2863 2228 3096 2298 γενικῶς
3129 2229 3229 2299 μὲν
3254 2229 3444 2282 τέκνον
3476 2228 3594 2281 ἐστὶ
3621 2226 3714 2281 τοῦ
3740 2227 3858 2281 δια-

2272 2321 2427 2374 ϐόλου
2447 2338 2460 2351 ·
2509 2321 2632 2374 ἐπεὶ
2676 2319 2805 2386 Πᾶς
2846 2322 2881 2373 ό
2916 2318 3105 2373 ποιῶν
3142 2318 3258 2388 τὴν
3301 2319 3596 2389 ἁμαρτίαν
3634 2318 3704 2372 ἐκ
3745 2315 3855 2371 τοῦ

2270 2413 2554 2466 διαϐόλου
2588 2410 2969 2482 τεγέννητιιν
3004 2409 3102 2481 ἥδη
3147 2408 3205 2463 δὲ
3237 2409 3332 2463 καὶ
3371 2407 3702 2480 ἰδικώτερον,
3733 2409 3852 2478 ἤτοι

2237 2555 2243 2559 ,
2269 2504 2364 2558 τοῦ
2400 2505 2560 2569 Κάῖν,
2591 2505 2625 2575 ἦ
2666 2501 2762 2556 τοῦ
2794 2501 2947 2572 Χὰμ,
2977 2501 3011 2573 ἣ
3038 2501 3131 2555 τοῦ
3162 2500 3404 2566 Χαναὰν,
3430 2501 3464 2573 ἢ
3493 2501 3588 2554 τοῦ
3627 2497 3850 2572 Φαραὼ,

2269 2597 2302 2670 ἢ
2336 2597 2429 2651 τοῦ
2476 2595 2970 2667 Ναϐουχοδονόσορ,
3008 2595 3043 2665 ἦ
3080 2609 3225 2657 τινος
3267 2593 3376 2646 τῶν
3429 2593 3659 2647 ἀσεϐῶν.
3713 2593 3852 2646 Τού-

2267 2707 2381 2754 τοις
2425 2690 2484 2744 δὲ
2537 2688 2846 2753 ἀκολούθως
2890 2689 3070 2759 ἐρεῖς,
3114 2686 3197 2739 ὅτι
3248 2685 3478 2749 ἕκαστος
3515 2684 3852 2739 ἀπαλλαττὸ-

2270 2800 2432 2853 μενος
2455 2783 2549 2837 τοῦ
2586 2783 2702 2854 βίου
2741 2786 2932 2839 τούτου
2963 2784 3326 2839 ἀπελεύσεται
3360 2782 3497 2855 πρὸς
3524 2783 3848 2855 τοὺςὶίδίους

2266 2875 2538 2947 πατέρας·
2570 2878 2854 2948 νομιστέον
2881 2877 2990 2950 γὰρ
3019 2877 3080 2931 οὐ
3115 2877 3262 2948 μόνῳ
3288 2875 3367 2947 τῷ
3405 2874 3676 2948 Ἀϐραὰμ,
3708 2872 3846 2926 ἀλλά

2265 2965 2361 3019 καὶ
2393 2969 2559 3021 πᾶσιν
2609 2967 2919 3039 ἀνθρώποις
2964 2968 3220 3037 λέγεσθαι
3255 2967 3391 3039 πρὸς
3433 2969 3501 3039 τῇ
3535 2965 3699 3036 ἐξόδῳ
3743 2964 3842 3019 τόο

2265 3059 2348 3113 Σὺ
2384 3060 2453 3113 δὲ
2482 3061 2796 3130 ἁπελεύσῃ
2832 3062 2978 3130 πρὸς
3008 3061 3151 3127 τοὺς
3190 3060 3450 3129 πατέρας
3478 3077 3594 3114 σου
3613 3077 3626 3089 ·
3661 3058 3846 3112 οὐκέτι

2262 3151 2319 3205 δὲ
2368 3155 2534 3206 πᾶσιν
2573 3153 2916 3225 ἀνθρώποις,
2965 3153 3100 3206 ἀλλὰ
3146 3153 3328 3225 μόνοις
3371 3155 3484 3216 τοῖς
3526 3152 3700 3221 ἁγίοις
3741 3150 3842 3203 τό⁸

2257 3245 2409 3313 μετὰ
2444 3245 2722 3314 εἰρήνης’
2771 3250 2883 3310 τοῖς
2923 3247 2983 3301 δὲ
3029 3246 3490 3317 τετελειωμένοις,
3534 3245 3628 3298 καὶ
3674 3260 3844 3299 πνευ-

2265 3336 2510 3408 ματικῶς
2542 3339 2952 3411 μακροημέροις
2989 3339 3303 3411 γενομένοις
3339 3338 3434 3392 καὶ
3464 3336 3556 3391 τό·
3596 3334 3845 3405 Τραφεὶς

2257 3428 2507 3501 tie-741ml
2542 3431 2739 3496 καλᾶν
2771 3432 3003 3504 ἐπείπερ
3037 3431 3226 3486 Πολιά
3245 3431 3377 3485 ἐστι
3411 3430 3707 3500 φρόνησις
3736 3428 3844 3482 ἀν-

566 3520 852 3589 θρώποις,
901 3522 997 3576 καὶ
1041 3522 1345 3592 στέφανος
1385 3521 1744 3592 καυχήσεως
1794 3522 2012 3594 γῆρας’
2049 3525 2144 3579 καὶ
2173 3525 2299 3591 δόξα
2328 3530 2442 3591 τοῖς
2464 3527 2738 3599 ἀληθινοῖς
2767 3528 2863 3582 καὶ
2892 3526 3058 3592 θείοις
3086 3526 3479 3600 πρεσϐυτέροις
3505 3526 3563 3581 αἱ
3601 3522 3840 3595 κοσμοῦ-

567 3631 658 3670 σαι
684 3614 883 3679 αὐτοὺς
911 3617 1102 3688 νοηταὶ
1130 3614 1333 3670 πολιαί.

636 3709 726 3763 Η.
756 3709 916 3764 Nune
945 3719 1121 3765 autem
1157 3711 1395 3781 quaeritis
1425 3727 1506 3766 me
1526 3711 1840 3781 interﬁcere,
1868 3713 2149 3780 hominem,

562 3802 655 3870 qui
674 3803 949 3858 veritatem
969 3803 1179 3860 locutus
1205 3822 1321 3861 sum
1345 3805 1681 3875 vobis,quam
1702 3807 1881 3860 audivi
1901 3825 1934 3861 α
1954 3807 2063 3863 Deo
2078 3809 2145 3863 ³⁸.

563 3893 748 3950 Jesum
783 3894 878 3963 qui
907 3906 1161 3965 quaerunt
1196 3896 1542 3966 interﬁcere,
1572 3897 1829 3968 quoniam
1858 3899 2000 3955 Deus
2040 3916 2148 3955 non

566 3986 920 4053 interﬁcitur,
962 3987 1180 4044 etiamsi
1240 3988 1593 4055 interﬁcient,
1621 3989 1899 4047 hominem
1934 3992 2147 4048 interﬁ-

563 4077 731 4132 cient.
774 4077 929 4146 Quod
958 4080 1005 4135 si
1034 4089 1290 4149 quarunt
1335 4081 1668 4147 interﬁcere,
1702 4091 1758 4138 et
1784 4085 2028 4140 nondum
2061 4085 2147 4139 in-

562 4168 862 4235 terliciant,
892 4170 1119 4226 insidias
1173 4170 1250 4225 illi
1298 4170 1465 4227 veluti
1522 4173 1730 4229 homini
1764 4182 2000 4238 struunt,
2035 4191 2144 4231 non

560 4260 732 4316 Deum
757 4275 879 4317 esse
900 4261 1306 4327 existimantes,
1327 4263 1414 4317 cui
1440 4271 1728 4319 struuntur
1757 4265 1987 4320 insidiae.
2007 4265 2143 4321 Nam

560 4353 746 4409 nullus
777 4354 1101 4410 existimans
1118 4354 1288 4410 Deum
1317 4369 1441 4411 esse
1464 4355 1553 4410 cui
1601 4362 1887 4410 struuntur
1909 4356 2141 4421 insidiae,
2182 4390 2187 4395 ι

558 4445 787 4501 insidias
829 4446 909 4501 illi
944 4455 1201 4502 strueret.
1243 4445 1487 4503 Cernere
1532 4461 1665 4503 vero
1714 4446 1843 4503 licet
1875 4448 2140 4518 quosdam

558 4535 743 4606 aliquo
802 4538 964 4592 modo
997 4552 1214 4608 semper
1247 4537 1503 4595 Sermoni
1549 4548 1828 4596 struentes
1884 4540 2139 4606 insidias,

554 4632 812 4705 quoniam
866 4630 1179 4686 interﬁcere
1217 4641 1469 4702 quaerunt
1496 4648 1620 4690 eum
1650 4642 1706 4688 et
1754 4631 1937 4687 delere
1966 4648 1981 4687 :
2016 4639 2135 4686 tan-

557 4739 721 4795 quam
758 4723 1033 4781 bominem
1068 4725 1244 4795 ipsum
1289 4724 1416 4797 (hoc
1449 4734 1537 4780 est
1569 4725 1864 4779 humanum
1892 4733 1948 4778 et
1991 4739 2139 4780 mor-

554 4813 877 4886 talem)esse
898 4814 1313 4871 existimantes:
1338 4814 1431 4886 qui
1451 4814 1534 4869 vel
1563 4814 1942 4869 humaniorem
1967 4813 2139 4884 ipsius

550 4917 789 4976 partem,
842 4914 918 4973 et,
946 4907 1093 4976 quod
1143 4906 1380 4975 videtur,
1414 4906 1715 4961 invadunt:
1746 4904 1906 4976 321
1939 4906 2034 4960 sed
2077 4912 2139 4960 ut

549 5012 751 5068 corpus
812 4999 980 5055 etiam
1037 4999 1325 5054 Sermonis
1371 4998 1730 5067 interﬁciant,
1787 5000 2132 5069 perspicuum

549 5097 635 5144 est
657 5104 751 5145 eos
784 5089 1047 5158 posthaec
1073 5090 1308 5162 amplius
1335 5090 1541 5161 aliquid
1577 5090 1764 5148 facere
1799 5106 1907 5146 non
1948 5104 2130 5161 posse.

621 5207 670 5240 “
723 5206 747 5261 ι
773 5207 902 5265 Cor.
935 5225 978 5272 ι,
1002 5210 1095 5267 24.

548 5276 596 5310 ⁸⁸
618 5277 779 5335 Joau.
804 5293 917 5346 vui,
948 5280 1041 5334 40.

619 5390 734 5533 (68)
779 5390 962 5461 Ἡμῖν.
998 5390 1115 5448 Νοη
1149 5404 1431 5463 comparet
1461 5395 1516 5449 in
1556 5394 1745 5451 codice
1774 5393 2095 5450 Bodleiano.

620 5462 709 5533 (69
776 5462 926 5517 Θεοῦ
957 5462 1230 5533 δύναμις.
1282 5463 1417 5519 Θεοῦ
1475 5467 1626 5521 deest
1679 5467 1734 5521 in
1785 5466 1976 5521 codice
2028 5464 2095 5520 Rt

620 5462 731 5533 (69)
776 5462 926 5517 Θεοῦ
957 5462 1230 5535 δύναμις.
1280 5462 1417 5519 Θεοῦ
1475 5467 1626 5521 deest
1679 5467 1734 5521 in
1785 5466 1976 5521 codice
2028 5464 2138 5520 Re-

548 5552 739 5675 gullﬁ)
771 5602 1010 5675 Ζητεῒτέ
1036 5622 1135 5675 με.
1168 5603 1260 5661 Sic
1294 5614 1445 5662 recte
1474 5604 1642 5662 habet
1674 5604 1851 5662 codex
1883 5603 2136 5661 Bodleia-

550 5672 689 5746 uus;
718 5672 808 5746 in”
825 5672 1185 5746 ltegiodeest
1209 5692 1300 5746 με.

618 5744 733 5817 (Ἡ)
766 5741 939 5817 Ἕστὶ
960 5744 1029 5799 δέ
1057 5760 1181 5812 πως
1201 5741 1328 5817 ᾔει,
1348 5751 1455 5817 etc.
1486 5744 1546 5800 ln
1570 5755 1757 5804 codice
1782 5743 1955 5815 Regio
1976 5741 2135 5801 deest

548 5830 687 5874 πως.
714 5813 874 5882 quod
904 5826 1083 5872 exstat
1123 5818 1176 5872 in
1197 5815 1514 5875 Bodleiano.

2330 3713 2419 3767 11.
2459 3712 2591 3767 Νῦν
2621 3710 2690 3765 δὲ
2721 3708 2942 3778 ζητεῖτέ
2962 3727 3039 3781 με
3081 3708 3194 3781 (70)
3234 3706 3580 3764 ἀποκτεῖναι
3620 3705 3837 3773 ἄνθρω-

2256 3822 2401 3870 πον,
2473 3803 2540 3870 ὃς
2596 3803 2713 3872 τεὴν
2775 3802 3068 3869 ἀλήθειαν
3132 3800 3278 3870 ὑμῖν
3343 3798 3692 3866 λελάληκα,
3756 3794 3837 3864 ἢν

2254 3896 2495 3966 ἥκουσα
2533 3894 2696 3963 παρὰ
2738 3894 2846 3961 τοῦ
2877 3893 3044 3948 Θεοῦ.
3080 3894 3144 3947 Ol
3178 3890 3466 3962 ζητοῦντες
3493 3890 3833 3952 ἀποκτεῖναι,

2254 3986 2374 4039 ἐπεὶ
2424 3984 2558 4049 Θεὸς
2616 3984 2719 4037 οὐκ
2767 3982 3185 4045 ἀποκτίννυται,
3228 3981 3333 4034 κᾶν
3378 3976 3829 4041 ἀποκτιννύωσιν,

2253 4075 2540 4147 ἄνθρωπον
2583 4071 3023 4128 ἀποκτιννύουσι.
3059 4071 3179 4125 Κᾶν
3211 4069 3448 4141 ζητῶσιν
3480 4069 3829 4133 ἀποκτεῖναι,

2256 4167 2422 4238 μήπω
2461 4164 2903 4228 ἀποκτιννύντες,
2932 4163 3053 4234 οὐχ).
3084 4162 3218 4216 Θεὸν
3245 4158 3558 4231 νομίζοντες
3588 4154 3749 4221 εἶναι,
3786 4149 3834 4225 ᾦ

2250 4256 2716 4321 ἐπιϐουλεύουσιν,
2741 4256 2814 4320 ὡς
2843 4255 3117 4327 ἀνθρώπῳ
3147 4251 3585 4307 ἐπιϐουλεύουσιν
3604 4268 3617 4280 '
3654 4250 3829 4314 οὐδεὶς

2249 4350 2357 4423 γὰρ
2402 4349 2721 4420 πειθόμενος
2768 4344 2905 4402 εἶναι
2938 4347 3071 4401 Θεὸν
3101 4345 3311 4409 τοῦτον,
3356 4337 3402 4411 ᾧ
3450 4340 3827 4403 ἐπιϐουλεύει,

2247 4441 2629 4496 ὲπιϐουλεύσαι
2662 4440 2729 4495 ἂν
2775 4439 2945 4510 αὐτῷ.
2979 4439 3134 4492 Ἔστι
3167 4437 3226 4490 δέ
3271 4453 3389 4499 πως
3421 4435 3508 4488 ἀεὶ
3539 4433 3649 4504 (71)
3688 4431 3825 4485 θεω-

2246 4534 2411 4607 ρῆσαι
2444 4534 2568 4597 τοὺς
2614 4532 2694 4603 τῷ
2719 4533 2879 4604 Λόγῳ
2916 4530 3011 4585 τοῦ
3055 4529 3190 4584 Θεοῦ
3230 4526 3694 4588 ἐπιϐουλεύοντας,
3743 4523 3826 4576 ὅτι

2244 4629 2561 4682 ἀποκτεῖναι
2585 4625 2828 4699 ζητοῦσι,
2854 4625 2950 4679 καὶ
2975 4623 3295 4694 ἐξαφανίσαι
3327 4621 3516 4691 αὐτὸν,
3538 4618 3827 4690 ἄνθρωπον

2243 4720 2428 4784 αὑτὸν,
2461 4720 2740 4773 τουτέστιν
2773 4715 3112 4789 ἀνθρώπινον
3147 4714 3258 4786 (72)
3279 4754 3295 4778 ,
3336 4714 3432 4768 καὶ
3464 4711 3654 4781 θνητὸν
3686 4703 3825 4760 εἶναι

2240 4814 2736 4888 ὑπολαμϐάνοντες,
2775 4814 2810 4886 ἢ
2854 4812 2949 4867 καὶ
2993 4809 3072 4881 τῷ
3107 4804 3573 4880 ἀνθρωπινωτέρῳ
3621 4801 3820 4863 αὑτοῦ,

2239 4909 2332 4965 καὶ
2361 4909 2679 4981 βλεπομένῳ
2710 4904 3064 4960 ἐπιτίθενταισ
3102 4902 3189 4955 ῐνα
3230 4900 3288 4953 δὲ
3330 4898 3426 4953 καὶ
3461 4893 3821 4951 ἀποκτείνωσι

2234 5001 2299 5055 τὸ
2344 5001 2505 5073 σῶμα
2552 5000 2648 5054 τοῦ
2698 4999 2873 5068 Λόγου
2923 4994 3112 5066 σαφῶς
3156 4993 3270 5065 (75)
3291 5031 3306 5057 ,
3350 4992 3433 5044 ὅτι
3481 4986 3619 5059 μετά
3649 4983 3821 5073 ταῦτα

2234 5091 2387 5145 οὐδὲν
2449 5090 2703 5145 δύνανται
2767 5087 2990 5158 ποιῆσαι
3055 5082 3464 5155 περισσότερον.
3504 5076 3704 5145 Διόπερ
3753 5072 3817 5127 οὐ

1198 5211 1243 5243 ⁸¹
1267 5210 1430 5267 Joan.
1456 5226 1577 5278 vm,
1600 5211 1693 5269 59.
1768 5211 1858 5267 "l
1886 5211 2046 5274 Joan.
2078 5224 2163 5275 Ill,
2191 5210 2247 5267 8.
2322 5211 2368 5243 ⁵³
2387 5211 2527 5268 Gen.
2561 5225 2652 5276 xv,
2684 5209 2773 5264 15.
2849 5207 2897 5240 ⁸⁸
2924 5204 3054 5277 Sap.
3087 5219 3165 5270 tv,
3193 5201 3249 5257 9.
3325 5198 3373 5232 "
3398 5196 3557 5252 Prov.
3583 5207 3694 5259 xvt,
3722 5190 3810 5246 3|.

2307 5390 2419 5464 (72)
2448 5388 2632 5445 Codex
2692 5386 3042 5464 Bodleianus,
3095 5380 3288 5464 αὐτὸν,

2231 5443 2700 5529 Paltlo'post,pro
2723 5458 2758 5529 ἢ
2794 5443 3183 5529 καὶᾼτῷίυιρ..
3221 5443 3289 5529 ad
3315 5443 3809 5529 marging’mﬂcotgli:

2232 5512 2618 5591 ἒίῖοῶιέίέὶιί
2641 5512 2840 5601 legitur
2861 5526 2910 5578 οἱ
2944 5512 3040 5578 καὶ
3066 5512 3177 5594 τῷ,
3198 5528 3332 5583 etc.,
3364 5512 3507 5587 quod
3531 5512 3812 5568 Ferrarius

2230 5612 2456 5661 secutus
2477 5609 2581 5654 est.
3092 5662 3099 5664 ξ
3424 5655 3436 5664 .
3553 5659 3564 5664 -
3615 5652 3627 5664 .

2305 5649 2682 5745 {55355;ng
2712 5667 3027 5741 Legendum
3051 5662 3268 5720 videtur
3300 5655 3489 5728 σαφές,
3516 5659 3572 5708 et
3615 5652 3691 5707 ita
3734 5649 3810 5705 le-

2232 5740 2321 5817 git
2341 5740 2651 5799 Ferrarius.
