4196 6428
486 390 594 452 597

1540 402 1898 461 COMMENT.
1940 403 2007 458 IN
2045 402 2236 460 JOAN.
2281 400 2518 458 TOMUS
2552 400 2667 455 XX.

3633 386 3743 442 598'

490 506 751 578 φοϐητέον
781 509 910 579 ἡμῖν
933 508 1040 564 άπὸ
1066 510 1177 564 τῶν
1198 510 1309 583 (74)
1338 508 1773 569 ἀποκτιννύντων
1793 515 1853 568 τὸ
1879 516 2033 586 ςῶμα

2032 534 2057 580 ι,
2089 524 2134 580 Α
2164 514 2522 582 Quamobrem
2557 527 2662 568 non
2713 519 2797 565 est
2846 508 3002 565 nobis
3053 505 3361 561 timendum
3414 502 3484 581 ab
3522 504 3607 559 his
3640 506 3734 574 qui

463 582 628 670 ἶμετὰ
650 598 708 651 δὲ
733 600 906 652 ταῦτα
941 601 1015 671 μὴ
1047 603 1278 673 ἐχόντων
1304 605 1688 677 περισσότερόν
1710 623 1765 658 τι
1800 582 2052 676 ποιῆσαν

469 690 604 807 (οὐδὲ
625 690 884 763 φοϐητέον
913 693 1022 746 ἀπὸ
1067 694 1175 747 τῶν
1201 696 1630 750 ἀποκτεινόντων
1644 697 1706 749 τὸ
1745 696 1924 768 σῶμα,
1957 697 2054 769 τὴν

495 779 550 807 sx
573 780 753 807 .t,.....‘.-.
781 781 870 807 --π
897 784 917 807 Δ
936 783 1056 807 ιη-..
1094 786 1161 807 --³.
1192 785 1351 807 β.,-.--.-
1369 786 1436 807 ι...
1520 788 1845 807 ικμψμρηη-
1882 788 1988 807 2,“.
2013 790 2053 807 ,ν

468 779 552 847 ἰδὲ
573 780 753 852 ψυχὴν
781 781 872 834 τοῦ
886 783 1060 852 Λόγου
1091 786 1165 857 μὴ
1186 785 1498 856 δυναμένων
1513 788 1846 840 ἀποκτεῖναι·
1874 788 1988 841 ἀλλ’
2007 790 2055 840 εί

456 900 459 907 ·
481 872 720 937 τοιοῦτός
742 872 823 937 τίς
848 876 965 927 ἐστι
1000 876 1174 945 λόγος,
1210 876 1348 930 ὥστε
1380 878 1478 931 καὶ
1503 878 1563 931 τὸ
1596 879 1755 948 σῶμα
1775 880 1939 933 αὑτοῦ
1961 880 2054 932 καὶ

479 965 577 1035 τὴν
618 964 818 1035 ψυχὴν,
853 967 932 1037 τῷ
962 967 1087 1034 ἄξια
1120 966 1260 1024 εἶναι
1289 971 1565 1035 ἀπωλείας
1591 972 1923 1027 ἀπόλλυσθαι
1956 973 2049 1027 δύ-

478 1056 694 1119 νασθαι,
737 1057 1003 1130 φοϐητέον
1051 1061 1142 1114 τὸν
1188 1061 1481 1134 δυνάμενον
1532 1064 1663 1116 Θεὸν
1697 1065 1866 1132 Λόγον
1908 1065 2048 1138 (75),

479 1144 575 1198 καὶ
600 1144 773 1216 ψυχὴν
804 1147 898 1200 καὶ
925 1147 1084 1219 σῶμα
1115 1151 1396 1215 ἀπολέσαι,
1437 1154 1531 1206 καὶ
1572 1153 1913 1221 ἐξαφανίσαι,
1942 1155 2050 1208 εἴτε

481 1235 539 1287 ἐν
568 1235 779 1306 γεέννῃ,
809 1237 917 1290 εἴτε
955 1239 1104 1302 ὅπως
1144 1240 1423 1312 βούλεται·
1474 1246 1503 1296 6
1547 1243 1750 1313 Κύριος
1795 1245 1905 1316 γὰρ
1944 1246 2050 1317 Ἰη-

483 1326 606 1389 σοῦς
634 1327 820 1380 ἀναλοῖ
848 1329 926 1399 τῷ
960 1332 1232 1402 πνεύματι
1274 1335 1368 1388 τοῦ
1411 1336 1676 1406 στόματος
1715 1336 1825 1407 (76)
1862 1337 2047 1403 αὑτοῦ,

478 1416 571 1469 κα)¹
604 1422 871 1490 καταργεί
913 1423 980 1492 τῇ
1030 1423 1319 1496 ἐπιφανείᾳ
1361 1425 1461 1496 τῆς
1507 1428 1807 1498 παρουσίας
1855 1426 2048 1481 ἑαυτοῦ

477 1506 568 1559 τὸν
607 1508 981 1580 ἀντικείμενον
1022 1513 1199 1582 λόγον,
1226 1516 1320 1568 κα).
1349 1517 1704 1588 ἐπαιρόμενον
1742 1520 1834 1572 ἐπὶ
1874 1519 2050 1574 πάντα

476 1597 764 1669 λεγόμενον
802 1601 936 1656 Θεὸν
979 1603 1013 1676 ἢ
1055 1605 1323 1677 σέϐασμα.
1357 1608 1467 1660 Καὶ
1510 1607 1731 1679 ζητοῦσι
1777 1627 1840 1680 γε
1878 1604 2045 1678 οῦτοι,

478 1687 613 1761 πρὸς
637 1689 731 1754 οὓς
766 1693 795 1744 6
824 1692 1002 1761 λόγος,
1038 1696 1355 1751 ἀποκτεῖναι
1387 1698 1671 1770 ἄνθρωπον
1700 1700 1760 1764 ὃς
1787 1701 1885 1773 τὴν
1917 1702 2049 1776 ἀλή-

477 1778 626 1831 θειαν
679 1780 990 1852 λελάληκεν,
1031 1785 1097 1856 ἢν
1147 1788 1347 1858 ἤκουσε
1390 1788 1542 1861 παρὰ
1601 1790 1697 1843 τοῦ
1743 1792 1900 1856 Θεοῦ,
1952 1795 2048 1848 καὶ

2164 606 2634 672 occiduntcorpus
2657 600 2727 667 ",
2759 598 2893 654 nihil
2920 596 3115 667 reliqui
3143 607 3328 666 postea
3356 594 3499 664 quod
3528 592 3735 648 faciant

2164 697 2464 759 habentes;
2493 708 2670 763 neque
2699 691 2997 746 timendum
3039 697 3126 744 est
3148 689 3215 742 ab
3244 687 3327 742 his
3354 686 3447 756 qui
3478 685 3736 740 occidunt

2162 802 2381 857 corpus,
2416 787 2657 841 animam
2689 799 2819 838 vero
2844 781 3127 837 Sermonis
3160 778 3468 835 interﬁcere
3498 792 3603 831 non
3631 791 3732 831 va-

2160 878 2274 932 lent
2305 893 2321 931 :
2354 880 2449 933 sed
2500 878 2545 931 si
2586 876 2854 945 quispiam
2899 883 2981 929 est
3013 871 3277 943 ejusmodi
3332 883 3533 938 sermo,
3576 867 3733 937 cujus

2161 983 2362 1038 corpus
2386 977 2445 1023 et
2473 969 2653 1021 anima
2687 966 2840 1038 perdi
2868 965 3102 1034 possint,
3127 965 3254 1033 quia
3281 962 3394 1016 sint
3423 959 3731 1031 perditione

2159 1057 2344 1127 digna,
2377 1058 2645 1110 timendus
2669 1066 2753 1110 est
2780 1055 2875 1109 Dei
2900 1053 3112 1119 Sermo,
3136 1052 3227 1121 qui
3249 1060 3426 1121 potest
3451 1059 3506 1105 et
3532 1063 3731 1118 corpus

2158 1158 2211 1200 et
2245 1148 2481 1200 animam
2531 1147 2762 1215 perdere
2819 1156 2874 1199 et
2907 1143 3106 1202 delere.
3144 1142 3259 1197 sive
3291 1141 3345 1195 in
3384 1141 3628 1209 gehenna
3654 1136 3724 1204 ⁸⁸,

2158 1239 2271 1292 sive
2314 1252 2422 1305 quo
2468 1238 2516 1291 ei
2552 1237 2780 1291 lubitum
2833 1234 3041 1290 fuerit:
3072 1232 3334 1287 Dominus
3379 1229 3523 1285 enim
3567 1226 3731 1284 Jesus

2156 1331 2408 1384 couliciet
2436 1330 2628 1398 spiritu
2655 1328 2766 1384 oris
2789 1327 2896 1396 sui,
2923 1325 3234 1382 etabolebit
3256 1322 3505 1378 claritate
3526 1321 3731 1375 adven-

2160 1430 2246 1474 tus
2277 1419 2361 1474 sui
2396 1433 2703 1474 sermonem
2741 1418 2884 1471 hunc
2914 1415 3019 1472 sibi
3073 1412 3470 1477 adversarium,
3499 1418 3555 1465 et
3593 1407 3726 1464 επε-

2158 1519 2365 1566 rentem
2396 1524 2455 1564 se
2487 1510 2775 1565 adversum
2807 1522 3024 1562 omnem
3068 1506 3161 1575 qui
3191 1505 3393 1560 dicitur
3442 1504 3603 1567 Deus,
3633 1508 3728 1554 aut

2156 1620 2353 1659 numen
2380 1604 2450 1657 ⁸⁸.
2485 1603 2552 1657 Ει
2579 1617 2711 1658 sane
2754 1601 2811 1657 hi
2837 1602 2903 1656 ad
2953 1614 3090 1670 quos
3125 1607 3211 1654 est
3249 1611 3449 1661 sermo,
3474 1603 3727 1666 quaerunt

2158 1693 2464 1748 interﬁcere
2514 1693 2826 1756 hominem,
2874 1690 2966 1760 qui
3019 1689 3304 1744 veritatem
3354 1687 3567 1741 locutus
3616 1692 3723 1750 est,

2153 1800 2313 1854 quam
2347 1785 2554 1839 audivit
2579 1794 2636 1839 et
2663 1783 2874 1852 ac‘cepit
2905 1797 2936 1836 a
2980 1781 3106 1837 Deo.
3146 1779 3372 1835 Etiamsi
3400 1776 3725 1849 simpliciter

471 1869 683 1941 εἴληφε.
714 1872 831 1927 Κᾶν
864 1875 1230 1949 ἁπλούστερον
1286 1880 1532 1950 μέντοιγε
1578 1882 1720 1935 κατά
1756 1883 1846 1936 τὸν
1884 1885 2033 1939 τόποη

2032 1902 2049 1939 ρ
2078 1875 2123 1935 Β
2154 1876 2327 1930 locum
2359 1876 2502 1930 hunc
2533 1876 2979 1944 interpretemur,
3019 1881 3204 1942 aperte
3232 1872 3495 1926 Servator
3539 1869 3723 1925 docuit

469 1956 921 2047 ἐκλαμϐάνωμεν,
959 1965 1145 2034 σαφῶς
1176 1967 1411 2032 ἐδίδαξεν
1438 1971 1466 2022 6
1495 1971 1706 2043 Σωτὴρ,
1736 1973 1818 2027 ὅτι
1849 1975 1908 2027 τὸ
1950 1975 2048 2047 ζη-

469 2045 726 2117 τούμενον
773 2051 878 2103 ὑπὸ
927 2053 1194 2108 Ἰουδαίων
1226 2056 1321 2109 ἐπὶ
1370 2057 1450 2128 τῷ
1481 2059 1835 2131 ἀναιρεθῆναι
1886 2045 2046 2117 αὐτὸν

466 2138 600 2204 Θεὸς
639 2140 739 2195 οὐκ
769 2137 837 2214 ἦν
868 2141 1011 2215 (77),
1056 2145 1193 2198 ἀλλὰ
1224 2147 1530 2219 ἄνθρωπος,
1560 2151 1619 2215 ὃς
1644 2152 1738 2206 καὶ
1780 2155 2042 2227 ἀνῃρέθη.

465 2229 598 2283 Θεὸν
627 2231 736 2304 γὰρ
785 2233 896 2306 (78)
940 2236 1000 2289 οῦ
1050 2235 1268 2308 θεμιτὸν
1308 2239 1670 2314 ἀποθνήσκειν
1700 2244 1909 2314 λέγειν·
1940 2247 2047 2301 διό-

468 2337 573 2392 περ
606 2324 635 2375 ὁ
659 2323 718 2375 ἐν
747 2324 888 2397 ἀρχῇ
922 2327 1059 2398 πρὸς
1095 2329 1187 2382 τὸν
1212 2330 1345 2385 Θεὸν
1372 2334 1565 2402 Λόγος,
1602 2336 1751 2401 ὅστις
1789 2338 1882 2391 καὶ
1913 2339 2046 2403 Θεὸς

462 2412 638 2482 Λόγος
694 2411 782 2487 ἦν,
831 2418 931 2471 οὑκ
996 2419 1253 2476 ἀπέθανε.
1308 2425 1573 2497 Ζητήσεις
1628 2428 1716 2493 δὲ,
1767 2430 1897 2483 ἐπεὶ
1945 2430 2043 2499 γέ-

475 2520 729 2575 γραπται,
777 2508 858 2561 ὅτι
887 2510 916 2561 6
944 2512 1134 2580 Λόγος
1164 2513 1322 2582 σὰρξ
1352 2504 1608 2586 ἐγένετο,
1646 2518 1872 2589 πότερόν
1911 2539 2043 2577 ποτε

462 2595 494 2646 6
534 2597 823 2668 γενόμενος
859 2598 994 2671 σάρξ
1022 2601 1195 2671 Λόγος
1226 2603 1304 2675 τῷ
1340 2607 1626 2675 γεγονέναι
1660 2608 1814 2681 σὰρξ,
1852 2611 2043 2682 γέγονε

463 2685 556 2776 καὶ
587 2684 894 2758 ἄνθρωπος,
937 2690 969 2760 ἢ
996 2684 1066 2744 ὀὐ
1111 2693 1336 2762 γέγονεν
1366 2696 1670 2768 ἄνθρωπος.
1708 2701 1771 2752 Εἰ
1805 2701 1904 2773 μὲν
1932 2703 2041 2776 γὰρ

458 2772 680 2846 γέγονεν
716 2779 1029 2852 ἄνθρωπος,
1075 2784 1294 2839 δύναται
1343 2788 1507 2853 αὐτὸς
1547 2791 1849 2861 ἐζητῆσθαι
1881 2772 2039 2848 ἀναιξ-

460 2866 715 2938 ρεθῆναι·
753 2874 801 2925 εί
845 2872 902 2926 δὲ
950 2874 1024 2946 μὴ
1066 2875 1288 2945 γέγονεν
1342 2878 1665 2952 ἄνθρωπος,
1701 2885 1796 2936 καὶ
1824 2885 1852 2936 6
1884 2886 2039 2953 γενό-

462 2975 622 3028 μενος
665 2962 799 3034 σὰρξ
838 2964 1010 3034 Λόγος
1038 2967 1138 3020 οὐκ
1179 2968 1485 3041 ἀναιρεθεὶς
1519 2972 1900 3047 ἀπεκατέστη,
1942 2977 2038 3030 καὶ

457 3050 887 3136 ἀποκαθίσταται
925 3057 1139 3130 ἑκάστῳ
1166 3060 1259 3113 ἐπὶ
1288 3060 1447 3115 τοῦτο
1490 3063 1627 3135 ὅπερ
1670 3060 1738 3135 ἦν
1774 3066 1904 3136 πρὶν
1940 3083 2034 3136 γε·

454 3135 678 3208 γένηται
708 3140 862 3213 σάρξ.

2152 1969 2294 2036 quod
2323 1968 2368 2023 is
2393 1981 2552 2036 quem
2581 1966 2897 2036 quaerebant
2916 1962 3101 2027 Judaei
3132 1971 3194 2017 ιιι
3217 1962 3378 2018 morti
3412 1962 3718 2025 traderent,

2152 2061 2292 2113 Deus
2314 2075 2418 2113 non
2443 2068 2585 2122 erat,
2615 2060 2707 2113 sed
2734 2058 2917 2120 homo,
2950 2055 3041 2125 qui
3063 2054 3227 2110 etiam
3262 2051 3587 2108 interfectus
3610 2061 3715 2109 est.

2146 2150 2280 2205 Nam
2318 2152 2485 2204 Deum
2524 2150 2704 2204 dicere
2733 2149 2869 2202 mori
2912 2146 3065 2202 nefas
3086 2154 3199 2211 est;
3227 2153 3283 2201 et
3308 2144 3453 2199 hanc
3479 2143 3550 2198 ob
3581 2158 3718 2198 cau-

2146 2258 2261 2297 sam
2319 2243 2551 2298 Verbum
2595 2241 2723 2295 illud
2780 2239 2925 2310 quod
2981 2246 3099 2294 erat
3149 2237 3204 2292 in
3258 2235 3527 2308 principio
3573 2234 3716 2304 apud

2146 2334 2335 2399 Deum,
2365 2334 2507 2402 quod
2530 2334 2693 2388 etiam
2720 2331 2859 2387 Deus
2882 2331 3116 2387 Verbum
3143 2339 3284 2393 erat,
3304 2343 3409 2383 non
3437 2336 3712 2383 mortuum

2146 2427 2267 2479 fuit.
2299 2426 2405 2480 Sed
2441 2440 2672 2495 quaeres,
2711 2424 2969 2493 quoniam
3015 2424 3279 2493 scriptum
3312 2423 3385 2478 sit
3418 2439 3433 2475 :
3485 2420 3714 2476 Verbum

2145 2534 2268 2571 caro
2305 2519 2501 2586 factum
2520 2528 2616 2580 est,
2641 2530 2825 2575 utrum
2848 2517 3060 2570 tandem
3080 2515 3318 2570 Verbum
3337 2527 3464 2567 caro
3488 2511 3712 2577 factum,

2142 2619 2209 2658 eo
2241 2607 2380 2673 quod
2418 2606 2618 2659 [aetum
2670 2605 2743 2660 sit
2795 2618 2943 2671 caro,
2981 2604 3187 2659 factum
3215 2603 3379 2658 etiam
3407 2602 3479 2657 sit
3525 2602 3709 2668 homo,

2142 2705 2236 2748 aut
2266 2711 2371 2749 non
2402 2695 2476 2749 sit
2507 2694 2705 2749 factum
2735 2694 2931 2750 homo:
2965 2710 3087 2748 nam
3116 2694 3162 2749 si
3186 2693 3391 2749 factum
3415 2705 3499 2749 est
3524 2692 3712 2757 homo,

2142 2795 2319 2854 potest
2359 2787 2532 2855 ipsum
2591 2787 2759 2855 quaeri
2798 2795 2858 2840 ut
2908 2786 3302 2851 interﬁciatur;
3332 2784 3475 2855 quod
3521 2784 3568 2840 si
3604 2797 3709 2838 non

2140 2877 2305 2933 fuerit
2335 2878 2533 2932 factum
2562 2878 2744 2942 homo,
2776 2879 3009 2933 Verbum
3039 2879 3201 2932 etiam
3223 2893 3353 2934 caro
3376 2876 3577 2931 factum
3600 2892 3710 2931 non

2143 2966 2512 3033 interfectum,
2544 2971 2860 3023 restitutum
2886 2979 2999 3035 est;
3029 2980 3263 3039 suntque
3290 2968 3505 3038 singula
3539 2968 3710 3038 ipsius

2140 3057 2394 3112 restituta
2431 3058 2499 3112 ad
2529 3058 2630 3112 hoc
2653 3059 2795 3127 quod
2827 3068 2948 3113 erat
2978 3068 3265 3129 antequam
3294 3057 3450 3113 ﬁeret
3481 3072 3635 3114 caro.

524 3228 613 3285 12.
660 3233 837 3288 Τοῦτο
882 3236 1127 3308 Ἀϐραὰμ
1170 3242 1281 3294 οὐκ
1334 3241 1604 3312 ἐποίησε.
1649 3245 1722 3299 Τὸ
1769 3247 2031 3318 μηδαμῶς

2059 3245 2103 3305 C
2206 3239 2294 3294 12.
2329 3238 2443 3293 Hoc
2472 3239 2740 3294 Abraham
2785 3257 2890 3294 non
2913 3226 3126 3309 fecit”.
3161 3242 3314 3311 Quod
3356 3243 3505 3299 nullo
3544 3241 3707 3298 modo

447 3316 671 3376 δυνατὸν
707 3325 1012 3398 πραχθῆναι
1056 3330 1133 3401 τῷ
1186 3331 1471 3404 Ἀϐραὰμ,
1518 3338 1567 3388 εί
1614 3336 1689 3409 μὴ
1737 3316 2032 3411 πεποίηκεν

466 3413 736 3487 Ἀϐραάμ,
763 3417 839 3482 ὡς
880 3418 1090 3491 ἔτυχεν,
1118 3424 1484 3495 ⁵ἀναιρεῖσθαι
1527 3426 1667 3492 δόξει
1717 3429 1807 3482 τό·
1851 3430 2031 3484 Τοῦτο

464 3503 711 3580 Ἀϐραὰμ
741 3514 853 3566 οὐκ
881 3513 1202 3583 ἐποίησεν
1237 3515 1443 3571 εἴποιεν
1468 3518 1576 3591 γάρ
1613 3518 1678 3573 ἂν
1709 3519 1844 3591 πρὸς
1872 3520 2030 3574 τοῦτό

449 3614 625 3665 τινες,
666 3602 748 3655 ὅτι
809 3603 985 3676 μάτην
1025 3605 1244 3674 λέγεται
1286 3608 1377 3661 τό’
1413 3609 1592 3663 Τοῦτο
1632 3610 1875 3681 Ἀϐραὰμ
1917 3615 2030 3666 οὐκ

449 3690 761 3759 ἐποίησεν,
792 3693 951 3766 εἴπερ
993 3697 1094 3750 οὐκ
1137 3697 1361 3769 ἐποίησε
1391 3699 1453 3753 τὸ
1498 3700 1764 3772 μηδαμῶς
1804 3703 2031 3774 γενόμε-

449 3797 540 3834 νον
580 3782 721 3836 κατά
764 3784 854 3838 τὸν
895 3786 1083 3857 χρόνον
1116 3787 1310 3843 αὐτοῦ’
1357 3790 1419 3842 οὐ
1450 3790 1558 3862 γὰρ
1606 3791 1845 3860 ἐγεγόνει
1887 3792 2029 3847 κατὰ

448 3869 540 3923 τὸν
584 3871 772 3942 χρόνον
823 3873 986 3929 αὐτοῦ
1020 3877 1050 3929 6
1101 3876 1333 3948 Ἰησοῦς·
1372 3878 1487 3932 ἀλλ’
1539 3879 1661 3932 ἐπεὶ
1708 3879 1796 3932 τό·
1848 3881 2026 3936 Τοῦτο

462 3962 705 4032 Ἀϐραὰμ
739 3967 851 4019 οὐκ
894 3967 1201 4037 ἐποίησεν,
1239 3970 1401 4024 οἱονεὶ
1438 3973 1496 4025 ἐν
1533 3973 1742 4044 ἐπαίνῳ
1778 3973 2026 4046 ὑπολαμ-

446 4050 595 4106 ϐάνω
643 4050 894 4126 εἰρῆσθαι
931 4058 1009 4129 τῷ
1057 4062 1187 4130 περὶ
1240 4060 1332 4115 τοῦ
1377 4062 1654 4134 Ἀϐραὰμ,
1701 4064 1907 4136 εἴποιμ’
1933 4065 2021 4132 ἂν,

442 4138 527 4192 ὅτι
559 4143 700 4197 κατὰ
732 4145 822 4200 τὸν
847 4147 1132 4215 διδάξαντα
1153 4151 1324 4220 Λόγον
1352 4151 1442 4205 τό⁶
1488 4154 1734 4223 Ἀϐραὰμ
1764 4158 1797 4209 ὁ
1826 4156 2024 4226 πατὴρ

445 4232 613 4302 ὑμῶν
663 4237 1111 4308 ἠγαλλιάσατο,
1170 4245 1247 4298 ἵν’
1300 4245 1400 4315 ιδῃ
1451 4245 1568 4315 τὴν
1612 4246 1844 4316 ἡμέραν
1903 4250 2020 4320 τὴν

441 4320 618 4390 ἐμὴν,
663 4326 763 4378 καὶ
790 4323 931 4394 εἶδε,
978 4330 1077 4383 καὶ
1104 4331 1320 4402 ἐχάρη,
1355 4334 1472 4388 ἐστὶ
1502 4334 1562 4388 τὸ
1593 4338 1871 4405 γεγονέναι
1920 4341 2021 4411 μὲν

443 4414 538 4466 καὶ
566 4417 659 4469 ἐπὶ
684 4417 780 4471 τοῦ
827 4420 1076 4494 Ἀϐραάμ
1103 4424 1388 4496 ἄνθρωπον
1421 4427 1686 4484 λαλοῦντα
1718 4429 1785 4501 ἢν
1818 4431 2019 4502 ἤκουσε

441 4507 595 4574 παρά
630 4508 726 4561 τοῦ
770 4511 904 4565 Θεοῦ
951 4513 1228 4585 ἀλήθειαν,
1270 4518 1330 4571 οὐ
1364 4519 1469 4589 μὴν
1514 4518 1810 4594 ἐζητῆσθαι
1856 4524 2017 4579 αὐτὸν

438 4598 747 4671 ἀνῃρῆσθαι
789 4602 893 4656 ὑπὸ
948 4604 1044 4659 τοῦ
1086 4607 1354 4681 Ἀϐραάμ.
1398 4612 1510 4665 Καὶ
1574 4613 1887 4686 ἐπίστησον,
1935 4618 2016 4671 ὃτι

436 4689 538 4742 οὐκ
587 4690 736 4746 ἐστιν
780 4693 868 4747 ὅτε
914 4697 942 4749 6
975 4698 1114 4753 κατὰ
1164 4701 1253 4755 τὸν
1299 4704 1507 4776 Ἰησοῦν
1548 4709 1827 4778 τροπικῶς
1868 4711 2020 4767 νοού-

423 4796 600 4888 Δμενος
618 4782 937 4892 *ἄνθρωπος
989 4789 1091 4889 οὐκ
1139 4793 1402 4866 ἐπεδήμει
1444 4797 1523 4869 τῷ
1570 4798 1690 4871 βίῳ,
1739 4802 1833 4855 καὶ
1877 4804 2016 4874 μετὰ

2131 3332 2366 3387 Abrahae
2406 3331 2564 3385 facile
2619 3331 2762 3386 factu
2810 3342 2954 3399 erat,
2999 3332 3045 3388 si
3080 3349 3183 3389 non
3243 3335 3372 3390 fecit
3406 3334 3704 3398 Abraham.

2133 3422 2294 3491 idque
2326 3434 2516 3492 postea
2549 3422 2812 3490 contigit,
2841 3414 3119 3478 destruere
3144 3433 3307 3494 atque
3331 3424 3598 3494 abrogare
3623 3423 3705 3477 vi-

2131 3513 2289 3567 detur
2346 3514 2487 3567 hunc
2539 3522 2893 3567 contextum:
2939 3511 3052 3567 Hoc
3095 3512 3363 3568 Abraham
3409 3530 3514 3568 non
3554 3514 3700 3584 fecit,

2130 3604 2449 3671 quibusdam
2484 3604 2549 3658 ad
2583 3604 2687 3658 hoc
2711 3604 2959 3669 dicturis,
2983 3603 3184 3658 frustra
3207 3604 3313 3659 dici
3341 3622 3356 3660 :
3390 3603 3506 3659 Hoc
3529 3607 3700 3659 Abra-

2130 3699 2253 3749 ham
2282 3711 2382 3748 non
2412 3696 2557 3765 fecit,
2592 3695 2639 3749 si
2668 3695 2720 3750 id
2749 3695 2895 3750 nullo
2937 3696 3096 3751 modo
3140 3696 3257 3752 ﬁeri
3294 3705 3509 3767 poterat
3538 3706 3701 3752 astate

2127 3786 2362 3841 Abraha:
2391 3803 2406 3841 :
2440 3802 2544 3840 non
2578 3786 2721 3842 enim
2750 3771 2911 3843 natus
2939 3796 3061 3842 erat
3089 3788 3321 3844 Abrahae
3342 3797 3582 3857 tempore
3607 3787 3698 3843 Je-

2128 3892 2241 3932 sus.
2273 3876 2380 3932 Sed
2431 3878 2668 3933 dicerem
2698 3892 2799 3950 ego
2829 3866 3108 3950 (quoniam
3169 3880 3335 3934 veluti
3380 3880 3436 3935 in
3482 3879 3697 3935 laudem

2126 3968 2232 4022 dici
2264 3969 2499 4024 Abrahae.
2536 3970 2730 4038 opinor
2756 3970 2873 4025 haec
2900 3970 3105 4025 verba:
3142 3969 3258 4025 Hoc
3291 3971 3557 4026 Abraham
3591 3988 3698 4026 non

2125 4059 2289 4132 fecit),
2319 4060 2474 4128 juxta
2505 4046 2809 4115 doctrinam
2842 4060 3167 4119 'Servatoris
3202 4062 3449 4119 docentis
3499 4076 3565 4118 ac
3608 4062 3695 4117 di-

2124 4154 2301 4207 centis
2328 4169 2344 4206 :
2373 4153 2639 4206 Abraham
2669 4163 2820 4221 pater
2843 4141 3021 4208 uester
3060 4154 3346 4209 exsultavit
3391 4165 3449 4208 ut
3496 4155 3691 4209 videret

2124 4244 2263 4298 diem
2306 4260 2498 4312 meum,
2536 4254 2585 4300 et
2635 4246 2786 4311 vidit,
2816 4245 2979 4317 322
3009 4257 3057 4302 et
3098 4249 3305 4318 gavisus
3331 4257 3410 4302 est
3432 4246 3499 4315 “,
3524 4245 3693 4302 fuisse

2123 4335 2286 4390 etiam
2338 4335 2572 4391 Abrahae
2620 4346 2863 4407 tempore
2898 4339 3199 4407 hominem,
3238 4341 3332 4409 qui
3382 4338 3693 4403 veritatem,

2121 4441 2284 4497 quam
2334 4441 2365 4482 a
2421 4427 2532 4483 Deo
2580 4430 2840 4495 audisset,
2888 4430 3253 4501 loqueretur:
3297 4444 3459 4501 quem
3511 4438 3691 4484 tamen

2122 4519 2397 4574 Abraham
2443 4520 2877 4576 interﬁciendum
2920 4538 3029 4578 non
3084 4521 3308 4578 curarit.
3341 4518 3413 4577 Et
3459 4520 3691 4577 observa

2120 4611 2264 4681 quod
2312 4613 2499 4678 homo,
2530 4612 2623 4683 qui
2658 4615 2865 4684 tropice
2907 4613 3230 4686 intelligitur
3274 4615 3327 4669 in
3352 4608 3482 4669 Jesu
3504 4650 3521 4676 ,
3552 4625 3691 4666 nun-

2116 4717 2277 4772 quam
2310 4719 2417 4759 non
2453 4705 2736 4761 advenerit
2763 4705 2815 4761 in
2839 4706 2980 4762 hanc
3000 4706 3195 4773 vitam,
3220 4715 3274 4760 et
3298 4715 3423 4776 post
3443 4690 3688 4773 tempora

2114 4795 2361 4850 historia:
2386 4797 2470 4853 sui
2508 4798 2681 4868 ipsius
2709 4806 2765 4855 et
2807 4806 2987 4854 antea.
3015 4797 3167 4853 Hanc
3195 4798 3264 4853 ob
3294 4809 3516 4852 causam
3569 4793 3687 4848 ﬁeri

1995 4935 2009 4950 .
2113 4903 2220 4943 non
2246 4904 2408 4960 posse
2431 4892 2705 4959 existimo,
2740 4901 2800 4948 ut
2822 4893 3002 4948 omnis
3041 4891 3132 4962 qui
3164 4890 3325 4946 semei
3355 4889 3686 4943 illitminatus

1986 5015 2013 5025 -
2112 4980 2297 5049 fuerit,
2331 4985 2522 5054 quique
2558 4987 2755 5038 donum
2783 4984 2985 5039 caeleste
3005 4984 3314 5054 gustaverit,
3342 4993 3390 5036 et
3423 4981 3685 5053 particeps

1993 5118 2008 5143 ,
2110 5071 2288 5142 factus
2321 5075 2481 5145 fuerit
2526 5075 2762 5147 Spiritus
2805 5078 3009 5143 sancti,
3059 5078 3445 5148 gustaveritque
3487 5074 3682 5128 bonum

497 5198 543 5230 ⁵⁷
574 5197 767 5256 Matth.
791 5218 850 5268 ι,
880 5202 972 5261 28.
1046 5205 1094 5239 ⁸⁸
1120 5207 1252 5263 ibid.
1329 5210 1375 5241 ”
1401 5210 1443 5265 Il
1472 5209 1665 5269 Thess.
1695 5230 1757 5279 ll,
1784 5215 1840 5280 5,
1862 5216 1918 5270 4.
1997 5216 2033 5250 ⁶⁴

2032 5217 2043 5249 ⁸
2073 5215 2233 5273 Joan.
2262 5218 2386 5283 rut,
2411 5217 2507 5276 60.
2579 5218 2626 5249 “
2658 5216 2792 5275 ibid.
2814 5217 2903 5274 56.

498 5314 789 5402 (μλιᾈπὸ
818 5317 957 5374 τῶν.
994 5319 1157 5378 Deest
1182 5325 1236 5379 in
1264 5325 1450 5381 codice
1477 5326 1667 5400 Regio,
1690 5303 1784 5386 sed
1809 5330 2006 5402 legitur

427 5386 483 5439 in
511 5386 835 5443 Bodleiano.

654 5456 938 5536 errarius
963 5458 1176 5536 legebat
1203 5460 1339 5517 Θεοῦ
1368 5465 1566 5536 Λόγον.

497 5525 617 5611 (76)
649 5526 966 5611 ξτόματρς.
1002 5525 1231 5611 Codices
1263 5525 1469 5611 omnes-
1493 5536 1695 5594 ltabent
1727 5537 2001 5611 σώματος.

427 5596 1166 5672 θεᾷ-ςειιὶεειηιε-Ιεεεηιιιιιιι
1194 5602 1486 5672 στόματος.

633 5665 814 5747 Οριιιεκ
845 5663 1066 5747 Regius,
1104 5663 1358 5747 a6r6ﬂs'gc
1383 5663 1485 5747 οὐκ
1508 5668 1597 5747 ἦν.

631 5734 803 5859 ’ἱρὸν
828 5733 961 5817 τάρῖ
996 5733 1054 5791 lu
1074 5742 1259 5794 codice
1291 5733 1459 5827 Regio
1492 5733 1645 5801 déest
1678 5748 1808 5836 γάρ..

721 5804 794 5859 τὰ
819 5822 994 5862 τουτο
1023 5807 1092 5862 δὲ
1116 5809 1311 5876 οἴομαι
1355 5826 1572 5871 πάντα.
1595 5826 1703 5874 etc.
1762 5831 1808 5876 δὲ

520 5802 612 5876 79)
631 5804 794 5859 Κατὰ
819 5802 994 5862 τοῦτο
1023 5807 1092 5862 δὲ
1116 5809 1311 5882 οιομαι
1355 5802 1572 5871 iam.
1595 5802 1703 5874 etc:
1724 5802 1733 5804 '
1753 5802 1856 5876 “sic
1899 5818 2002 5875 ha-

2110 5334 2244 5404 bent
2265 5349 2397 5404 mss.
2423 5335 2494 5388 At
2524 5333 2812 5389 Ferrarius
2836 5334 3033 5404 legisse
3054 5334 3304 5399 videtur,
3330 5332 3489 5404 Κατὰ
3517 5328 3679 5404 {abeo

2110 5403 2172 5456 δὲ
2199 5403 2459 5475 ἀδύνατον
2476 5403 2658 5475 οἴομαι
2686 5402 3041 5475 mittam—etc.,
3067 5405 3207 5475 quod
3231 5402 3502 5475 consentit
3529 5402 3681 5457 Pauli

2113 5475 2292 5545 verbis
2316 5472 2482 5531 Hebr.
2514 5471 2591 5537 vi,
2622 5476 2674 5536 Δ,
2720 5474 3002 5529 ’Δδύνατον
3028 5472 3136 5545 γάρ
3183 5474 3310 5545 τοὺς
3334 5471 3482 5537 ἅπαξ
3514 5489 3682 5541 φωτι-

2110 5542 2358 5610 σθέντας,
2390 5553 2524 5608 etc.,
2564 5559 2629 5598 ex
2660 5547 2857 5612 quibus
2879 5542 3077 5613 aittsam
3098 5542 3445 5613 arripuerunt
3468 5554 3681 5598 veteres

2109 5614 2328 5682 quidam
2352 5613 2659 5684 rejicienda'.
2681 5611 2848 5681 hujus
2880 5611 3162 5684 Epistofaa,
3187 5611 3339 5684 quasi
3369 5612 3677 5684 Διιιιιιεμίξίο-

2107 5679 2344 5737 Vatianis
2369 5679 2580 5738 faveret
2610 5701 2624 5737 :
2653 5687 2748 5738 sed
2761 5679 2867 5738 eos
2896 5679 3093 5734 refeHit
3131 5679 3489 5737 Bellarmiu’us
3534 5679 3627 5735 lib.
3655 5696 3675 5736 ι

2096 5751 2190 5807 .οε
2222 5750 2386 5808 Verbo
2409 5754 2527 5820 Dei,
2555 5768 2675 5822 cap.
2704 5760 2793 5824 l7,
2828 5759 3088 5814 llumws.
