4196 6384
560 391 662 447 599

2045 387 2367 446 ORICENIS

3717 388 3820 444 600

562 509 659 561 Dei
695 507 928 570 verbum,
981 524 1044 560 ac
1083 507 1296 560 virtutes
1334 505 1504 575 futuri
1545 507 1750 568 sa’ruli,
1779 518 1824 560 et
1872 507 2138 571 exciderit,

2239 509 2502 577 μέτοχόν
2533 524 2597 560 τε
2627 506 2949 576 γενηθέντα
2980 508 3323 576 ιινεύματος
3352 507 3546 576 ἁγίου,
3580 507 3676 561 καὶ
3721 526 3817 562 κα-

557 601 732 651 denuo
757 607 1046 664 reponatur
1066 615 1158 666 per
1188 598 1568 663 pwnitentiam,
1591 601 1654 650 ab
1683 599 1887 668 integro
1923 600 2136 665 cruciﬁ-

557 705 684 759 gens
712 688 916 742 sibimet
951 687 1051 757 ipsi
1086 685 1287 740 Filium
1320 687 1432 748 Dei,
1463 697 1511 740 et
1542 687 1834 754 infamous,
1878 687 1982 752 vel,
2016 698 2139 740 ante

559 781 896 850 cruciﬁgens,
931 781 1037 844 vel,
1069 782 1241 832 denuo
1271 780 1585 848 cruci/igens
1623 778 1819 830 Filium
1853 777 1970 844 Dei,
1996 778 2139 847 infa—

561 877 897 945 mnnsque".
925 875 1038 929 sive
1071 885 1361 943 antequam
1386 872 1687 942 corporalis
1714 871 2020 926 Servatoris
2043 887 2142 925 no-

564 972 660 1024 stri
697 973 958 1024 adventus
987 969 1232 1022 historiis
1277 969 1652 1026 mandaretur.
1685 966 1795 1019 sive
1840 974 1982 1032 post.
2015 964 2131 1018 Non

565 1063 708 1114 enim
738 1063 829 1130 qui
856 1076 1000 1114 nunc
1032 1070 1155 1128 post
1185 1060 1659 1121 illuminationem,
1691 1068 1997 1128 c:eteraque
2045 1057 2137 1111 Dei

565 1157 618 1210 in
650 1172 706 1210 se
734 1155 994 1210 beneﬁcia
1024 1164 1239 1224 peccat,
1269 1153 1463 1207 Filium
1501 1154 1594 1207 Dei
1639 1153 1817 1208 denuo
1868 1152 2139 1220 cruciﬁgit

564 1257 790 1318 prapter
807 1257 1029 1316 peccata
1051 1248 1116 1300 ad
1139 1262 1256 1316 qua:
1280 1245 1670 1307 recurrit.nihil
1692 1245 1978 1315 pertici'ens
1994 1243 2140 1296 illius

565 1339 796 1392 actionis
812 1354 930 1408 qua:
956 1336 1301 1392 communius
1327 1335 1530 1390 dicitur
1556 1335 1883 1402 corporalis,
1918 1333 1983 1386 ad
2017 1348 2137 1388 cru-

564 1427 895 1496 ciligendum
930 1427 1124 1482 Filium
1159 1425 1248 1479 Dei
1278 1443 1290 1479 :
1329 1441 1434 1479 non
1467 1425 1605 1478 idem
1631 1433 1810 1479 autem
1841 1423 2011 1478 etiam
2041 1436 2138 1475 an-

566 1531 652 1572 tea
686 1519 875 1582 ﬂerct;
906 1529 960 1573 et
987 1518 1078 1588 qui
1106 1526 1315 1586 peccat,
1353 1527 1636 1586 postquam
1686 1515 1920 1569 audierit
1955 1515 2134 1568 divina

565 1609 751 1673 verba,
777 1618 935 1663 antea
981 1607 1329 1662 cruciﬁxerat
1361 1607 1556 1662 Filium
1607 1606 1722 1660 Dei.
1765 1607 1918 1673 Quod
1965 1607 2010 1662 si
2049 1607 2135 1658 cui

565 1701 747 1769 placet
777 1701 1067 1756 admittere
1096 1701 1237 1769 quod
1267 1701 1322 1753 in
1366 1699 1516 1754 Actis
1550 1698 1700 1753 Pauli
1735 1700 1997 1767 scriptmn
2029 1710 2134 1761 est,

565 1804 824 1865 tanquam
849 1810 877 1847 a
903 1795 1195 1848 Servatore
1217 1793 1418 1848 dictum
1445 1809 1458 1844 :
1486 1791 1667 1846 Denuo
1693 1793 1852 1844 debeo
1873 1791 2132 1858 rruciﬁgi,

2239 602 2356 654 ,ἰὸν
2409 599 2782 670 γευσάμενον
2831 598 2980 653 Θεοῦ
3019 599 3207 668 ῥῆμα,
3244 597 3519 668 δυνάμεις
3569 615 3632 652 re
3676 598 3820 667 μέλ-

2239 698 2457 760 λοντος
2501 693 2735 760 αἰῶνος,
2774 693 2869 746 καί
2911 691 3373 760 παραπεσόντα,
3422 690 3611 744 πάλιν
3672 691 3820 744 ἁνα-

2241 785 2523 845 καινίζῖςιν
2555 784 2772 839 ἑαυτὸν
2815 786 2902 849 εἰς
2939 782 3263 852 μετάνοιαν
3307 782 3451 853 (80),
3498 781 3628 850 ἤτοι
3675 799 3818 850 πίο-

2239 875 2652 944 σταιιροῦντα,
2708 876 2746 943 ἢ
2805 872 3302 940 ἁνασιιαυροῦντα
3359 875 3467 927 τὸν
3535 873 3672 927 Υίὸγ
3713 873 3820 928 τοῦ

2242 966 2412 1029 Θεοῦ,
2441 966 2540 1018 καὶ
2587 963 3207 1034 παραδειγματίζοντα,
3243 962 3356 1016 εἴτε
3402 963 3507 1034 πρὸ
3538 963 3638 1032 τῆς
3676 966 3821 1016 ἰστο-

2241 1059 2510 1130 ρουμένης
2546 1057 2862 1127 σωματικῆς
2891 1055 2984 1108 τοῦ
3024 1055 3276 1126 Σωτῆρος
3310 1055 3465 1125 ἡμῶν
3502 1055 3816 1126 ἐπιδημίας,

2239 1149 2349 1202 εἴτε
2397 1150 2490 1202 καὶ
2535 1147 2778 1220 ὕστερον.
2812 1149 2887 1200 Οὐ
2936 1147 3044 1218 γὰρ
3075 1147 3104 1199 ὁ
3140 1147 3240 1217 μὲν
3271 1146 3365 1199 νῦν
3403 1147 3541 1218 μετά
3574 1148 3664 1202 τὸν
3703 1165 3818 1216 φω-

2239 1242 2431 1312 τισμὸν
2472 1243 2566 1296 καὶ
2605 1241 2703 1305 τὰς
2735 1240 2930 1304 λοιπὰς
2972 1243 3053 1304 εἰς
3091 1240 3252 1294 αὑτὸν
3293 1239 3388 1292 τοῦ
3433 1241 3567 1294 Θεοῦ
3600 1241 3822 1313 εὐεργε-

2242 1336 2361 1399 σίας
2400 1334 2730 1405 ἁμαρτάνων
2767 1335 3104 1404 ἀνασταυροῖ
3133 1332 3226 1386 τὸν
3262 1334 3389 1386 Υἰὸν
3425 1333 3519 1386 τοῦ
3561 1333 3692 1386 Θεοῦ
3733 1333 3820 1388 διὰ

2237 1425 2346 1479 τῶν
2385 1427 2530 1480 ἰδίων
2561 1426 2999 1498 ἁμαρτημάτων,
3029 1425 3112 1494 ἐφ’
3143 1425 3178 1480 ἃ
3215 1425 3699 1498 ἐπαλινδρόμησεν,
3730 1429 3821 1480 οὐ-

2237 1519 2327 1572 δέν
2371 1519 2471 1590 τῆς
2516 1519 2818 1589 κοινότερον
2867 1517 3165 1588 λεγομένης
3200 1519 3520 1590 σωματικῆς
3575 1519 3712 1590 πρὸς
3759 1520 3821 1573 τὸ

2240 1613 2551 1683 σταυρῶσαι
2583 1613 2673 1666 τὸν
2709 1612 2836 1665 Υίὸν
2875 1609 2970 1664 τοῦ
3013 1609 3147 1664 Θεοῦ
3196 1612 3478 1683 ἐνεργείας
3517 1613 3816 1669 ἐπιτελῶν·

2237 1703 2357 1773 οὐχὶ
2386 1703 2443 1756 δέ
2478 1703 2572 1756 καὶ
2615 1703 2879 1774 πρότερον
2911 1701 3072 1755 τοῦτο
3111 1701 3338 1770 ἐγίνετο,
3383 1704 3476 1756 καὶ
3510 1705 3538 1756 ὁ
3571 1704 3821 1774 ἁμαρτά-

2237 1811 2345 1846 νων
2385 1793 2524 1863 μετά
2570 1792 2630 1844 τὸ
2659 1791 2892 1845 ἀκοῦσαι
2934 1789 3093 1844 Θείων
3123 1790 3296 1859 λόγων
3331 1792 3702 1862 προεσταύρου
3728 1791 3822 1844 τὸν

565 1889 611 1940 is
636 1861 1088 1956 quemadmodum
1114 1894 1236 1954 post
1261 1890 1558 1939 adventum
1589 1882 1829 1936 admittit
1857 1880 2009 1945 illud,
2035 1880 2129 1933 De-

2241 1883 2368 1938 Υίδν
2388 1861 2491 1937 τοῦ
2530 1883 2687 1936 Θεοῦ.
2723 1883 2790 1936 Ei
2821 1901 2898 1953 τῳ
2930 1881 2986 1935 δέ
3020 1881 3172 1950 φίλον
3201 1861 3620 1952 παραδέξασθαι
3653 1883 3714 1936 τὸ
3762 1884 3820 1935 ἐν

568 1995 675 2032 mm
709 1978 866 2032 debeo
914 1973 1175 2048 cruci/ipf,
1202 1977 1282 2031 sic
1313 1985 1370 2031 et
1397 1985 1525 2030 ante
1568 1973 1860 2028 adventum
1889 1973 2140 2027 admittet

563 2070 743 2125 locum
773 2071 1050 2127 habuisse.
1087 2070 1304 2138 quando
1349 2068 1538 2121 eadem
1568 2080 1731 2120 causa
1768 2074 1849 2119 est
1878 2064 2089 2118 dicendi
2123 2079 2136 2117 :

563 2162 690 2217 Jam
721 2163 882 2218 debeo
908 2162 1170 2231 eruci/igi.
1197 2159 1310 2215 Cur
1330 2160 1477 2214 enim
1505 2175 1610 2213 non
1635 2159 1800 2211 etiam
1825 2165 1986 2210 antea
2015 2169 2140 2208 cru-

564 2255 762 2312 ciﬂxus
791 2263 894 2319 est,
928 2266 986 2306 ut
1023 2251 1420 2322 cruciﬁgendus
1467 2260 1550 2304 est
1579 2247 1798 2304 denuo?
1831 2247 1966 2302 Vide
2010 2261 2140 2301 vero

564 2362 636 2403 an
670 2364 775 2402 non
807 2357 1016 2400 tantum
1052 2355 1392 2411 sanctorum,
1429 2343 1518 2410 qui
1555 2351 1679 2411 post
1699 2340 1903 2395 Christi
1938 2341 2140 2393 adven-

566 2447 680 2492 tum
734 2438 905 2503 fuere,
958 2437 1029 2492 sit
1077 2452 1180 2489 vox
1234 2436 1367 2490 illa:
1423 2434 1553 2489 Cum
1596 2432 1808 2488 Christo
1853 2433 2139 2499 cruciﬁxus

564 2545 682 2584 sum
707 2529 774 2592 ”,
823 2530 917 2584 sed
953 2543 1105 2598 atque
1150 2529 1215 2581 ad
1265 2525 1477 2597 priores
1523 2525 1691 2580 etiam
1746 2526 2038 2595 pertineat,
2072 2541 2140 2578 ne

566 2615 790 2671 diﬂerre
813 2617 1056 2671 dicamus
1079 2625 1321 2678 sanctos,
1355 2615 1446 2685 qui
1471 2624 1594 2685 post
1615 2613 1816 2668 Christi
1842 2614 2136 2668 adventum

566 2706 744 2771 fuere,
766 2722 796 2760 a
824 2705 1028 2776 Moyse,
1052 2717 1106 2761 et
1134 2708 1433 2777 pr0phetis,
1453 2717 1509 2761 ct
1541 2706 1886 2776 patriarchis.
1907 2706 2020 2760 Vox
2049 2706 2135 2759 illa

562 2814 816 2868 quoque:
854 2796 980 2853 Vivo
1010 2816 1124 2868 ego,
1150 2816 1253 2853 non
1284 2800 1512 2865 amplius
1539 2814 1653 2868 ego,
1689 2804 1778 2851 sed
1809 2798 1928 2851 uie-it
1975 2798 2028 2850 in
2058 2815 2138 2852 me

561 2889 802 2945 Christus
825 2889 893 2958 “,
918 2905 1069 2959 aeque
1111 2892 1274 2945 etiam
1307 2891 1526 2946 dicatur
1575 2905 1680 2944 non
1711 2887 1886 2942 solum
1914 2889 1980 2942 de
2010 2903 2139 2942 san-

560 2983 666 3038 ctis
693 2982 784 3051 qui
813 2990 934 3050 post
977 2981 1177 3036 Christi
1213 2983 1508 3036 adventum
1548 2981 1723 3043 luere,
1755 2995 1941 3034 verum
1971 2979 2135 3034 etiam

562 3073 632 3126 de
656 3073 742 3126 his
770 3073 860 3140 qui
887 3083 1070 3128 antae.
1099 3073 1343 3128 Observo
1369 3073 1534 3126 etiam
1559 3082 1614 3125 et
1639 3071 1744 3126 hoc
1773 3072 1976 3125 dictum
2008 3069 2137 3124 Ser-

562 3163 766 3258 νέκυι-ιε
791 3181 808 3216 :
843 3164 982 3218 Deus
1029 3164 1316 3227 Abraham,
1355 3175 1402 3218 et
1433 3163 1571 3218 Deus
1595 3162 1773 3228 Isaac,
1793 3172 1842 3216 et
1869 3161 2010 3216 Deus
2031 3161 2134 3215 Ja-
2163 3201 2204 3258 ε

560 3255 653 3306 eob
667 3269 688 3320 ;
714 3253 854 3308 Deus
875 3264 1050 3308 autem
1075 3273 1174 3308 non
1192 3265 1265 3311 est
1291 3266 1640 3320 mortuorum,
1658 3255 1749 3306 sed
1771 3254 2046 3307 viventium
2065 3253 2131 3316 ",

560 3361 690 3401 num
720 3347 862 3402 forte
884 3346 1180 3412 Abraham,
1206 3347 1354 3403 Isaac
1375 3357 1428 3402 et
1449 3346 1637 3411 Jacob,
1667 3358 1886 3417 propter
1907 3347 2010 3402 hoc
2026 3348 2138 3401 sint

559 3440 830 3504 viventes,
853 3441 1108 3508 quoniam
1131 3449 1187 3494 et
1213 3440 1312 3509 ipsi
1334 3456 1454 3494 cum
1473 3439 1694 3494 Christo
1717 3440 2025 3509 consepulti
2045 3454 2133 3493 re-

559 3541 952 3598 surrexerunt;
979 3547 1084 3587 non
1105 3532 1327 3586 omnino
1355 3539 1534 3585 tamen
1562 3532 1864 3600 corporalis
1891 3531 2136 3601 sepultu-

559 3639 634 3677 ra:
665 3621 816 3690 Jesu,
844 3624 927 3678 vel
958 3622 1257 3693 corporalis
1310 3622 1729 3678 resurrectionis
1771 3620 1888 3689 ejus
1934 3623 2130 3677 instar.

558 3713 686 3768 Haec
702 3715 965 3768 hactenus
987 3715 1052 3769 de
1069 3727 1134 3768 eo
1164 3714 1306 3782 quod
1325 3723 1440 3768 est:
1461 3713 1578 3768 Hoc
1609 3714 1875 3768 Abraham
1905 3731 2010 3768 non
2051 3715 2132 3782 [e-

560 3806 651 3858 cit.
685 3805 847 3876 323
879 3806 1017 3870 Quid
1049 3815 1228 3859 autem
1264 3805 1368 3859 hoc
1399 3817 1482 3860 est
1515 3805 1680 3873 aliud,
1735 3805 1836 3860 nisi
1887 3821 2136 3876 quaerere

558 3890 871 3947 interﬁcere
920 3895 1194 3948 hominem
1253 3896 1342 3965 qui
1388 3896 1668 3950 veritatem
1710 3897 1922 3951 locutus
1971 3897 2136 3950 fuerit

558 3995 722 4050 quam
748 3997 778 4035 a
820 3982 932 4038 Deo
963 3984 1246 4038 audierit?
1295 3983 1586 4039 Tradimus
1619 3986 1763 4039 enim
1791 3997 1847 4041 et
1877 3987 2133 4041 docemus

560 4087 836 4142 nunquam
876 4073 1114 4130 defuisse
1142 4076 1352 4130 sanctis
1385 4077 1730 4146 spiritualem
1762 4077 1890 4134 Jesu
1925 4078 2132 4132 adven-

559 4171 672 4216 tum
708 4174 870 4235 atque
900 4165 1382 4235 dispensationem.
1421 4168 1576 4236 Quod
1630 4169 1676 4224 si
1728 4170 1866 4238 haec,
1908 4172 2134 4240 perinde

558 4267 724 4326 atque
753 4260 808 4312 in
840 4258 962 4314 aliis
986 4260 1476 4330 consideravimus,
1509 4263 1576 4316 ad
1619 4277 1838 4316 sensum
1869 4263 2132 4333 anagogi-

559 4363 685 4404 cum
717 4349 1028 4416 reduxeris,
1069 4351 1212 4405 alius
1250 4352 1365 4408 haec
1412 4356 1592 4409 omnia
1632 4355 1791 4422 hujus
1822 4354 1924 4410 loci
1975 4355 2126 4408 simi-

558 4439 687 4494 liter
725 4441 1024 4509 explanare
1081 4444 1334 4510 tentabit,
1395 4445 1460 4500 ad
1510 4445 1798 4514 mysticum
1850 4445 2129 4499 Abraham

2238 1977 2360 2037 ταῖς
2391 1973 2605 2026 Παύλου
2632 1972 2903 2045 Πράξεσιν
2933 1973 3044 2045 (81)
3073 1974 3583 2044 ἀναγεγραμμένον,
3609 1973 3684 2036 ὡς
3715 1972 3820 2025 ὑπὸ

2238 2062 2332 2115 τοῦ
2389 2064 2636 2134 Σωτῆρος
2700 2063 3018 2135 εἰρημένον·
3063 2065 3315 2116 Ἀνωθεν
3369 2064 3572 2131 μέλλω
3631 2079 3815 2117 σταυ-

2232 2155 2507 2225 ροῦσθαι,
2551 2151 2705 2218 οὗτος
2732 2155 2807 2219 ὡς
2837 2155 2974 2222 μετά
3006 2155 3103 2227 τὴν
3129 2154 3424 2226 ἐπιδημίαν
3453 2155 3817 2226 παραδέχεται

2238 2247 2298 2300 τό
2317 2264 2329 2278 ο
2361 2249 2612 2300 Ἇνωθεν
2652 2245 2860 2315 μέλλω
2891 2245 3302 2314 σταυροῦσθαι
3346 2245 3649 2316 γινόμενον,
3681 2245 3824 2302 οὕτω

2241 2341 2334 2394 καὶ
2366 2340 2469 2411 πρὸ
2501 2340 2600 2409 τῆς
2633 2340 2956 2410 ἐπιδημίας,
2998 2341 3126 2393 ὅταν
3157 2340 3227 2393 τά
3261 2341 3400 2394 αὐτὰ
3435 2341 3582 2396 αἴτια
3616 2341 3824 2410 γίνεται.

2240 2431 2331 2484 τοῦ
2388 2431 2641 2499 λέγεσθαι
2683 2432 2777 2484 ἀν·
2812 2431 2955 2498 Ἤδη
2999 2431 3205 2500 μέλλω
3249 2433 3691 2500 σταυροῦσθαι,
3734 2433 3823 2487 διά

2239 2525 2290 2577 τί
2317 2525 2424 2596 γὰρ
2475 2524 2623 2592 οὐχὶ,
2675 2524 2750 2587 ῶς
2787 2524 2992 2578 ἄνωθεν
3049 2523 3230 2594 μέλλει
3286 2523 3679 2595 σταυροῦσθαι,
3725 2525 3823 2578 καὶ

2241 2616 2504 2688 πρότερον
2531 2615 2872 2688 ἐσταύρωτο;
2898 2616 3039 2686 Ὅρα
3061 2614 3118 2668 δὲ
3147 2617 3196 2668 εἰ
3233 2615 3308 2687 μὴ
3345 2617 3519 2687 μόνων
3546 2615 3653 2668 τῶν
3685 2617 3822 2686 μετά

2237 2709 2336 2780 τὴν
2385 2709 2686 2780 παρουσίαν
2732 2709 2878 2761 ἐστὶν
2927 2707 3096 2776 ἁγίων
3136 2710 3169 2779 ή
3221 2709 3407 2779 φωνή’
3463 2707 3545 2774 Τῷ
3590 2708 3824 2776 Χριστῷ

2237 2800 2764 2868 συνεσταύρωμαι,
2794 2799 2929 2852 ἀλλὰ
2977 2799 3087 2870 (8‘2)
3122 2799 3218 2852 καὶ
3264 2799 3369 2852 τῶν
3402 2799 3701 2872 προτέρων,
3738 2800 3824 2853 ἴνα

2243 2891 2316 2960 μὴ
2365 2891 2647 2960 διατέρειν
2698 2889 2944 2959 λέγωμεν
2997 2890 3124 2954 τοὺς
3178 2889 3317 2960 μετά
3367 2889 3465 2960 τὴν
3519 2891 3823 2961 παρουσίαν

2237 2981 2446 3049 ἁγίους,
2476 2981 2777 3044 Μωῦσέως,
2814 2982 2910 3034 καὶ
2942 2980 3052 3036 τῶν
3093 2980 3387 3053 προφητῶν
3421 2982 3555 3050 (83l,
3586 2982 3680 3035 καὶ
3719 2999 3822 3034 παο

2237 3072 2537 3145 τριαρχῶν.
2573 3073 2683 3126 Καὶ
2711 3072 2804 3126 τό·
2837 3071 2928 3124 Ζῶ
2962 3071 3163 3126 οὐκέτι
3203 3055 3334 3141 ἐγὼ,
3381 3069 3449 3138 ζῇ
3489 3071 3557 3124 δὲ
3593 3071 3662 3124 ἐν
3689 3071 3818 3141 ἐμοὶ

2238 3165 2509 3233 Χριστὸς,
2544 3164 2787 3233 λεγέσθω
2811 3164 2884 3238 μὴ
2902 3164 3061 3238 μόνον
3081 3161 3189 3216 ὑπὸ
3201 3167 3309 3215 τῶν
3332 3159 3472 3230 μετά
3489 3159 3589 3230 τὴν
3613 3181 3818 3236 παρου-

2241 3258 2382 3321 σίαν,
2423 3257 2559 3310 ἀλλά
2605 3255 2699 3310 καὶ
2747 3256 2854 3310 ὑπὸ
2895 3256 3003 3310 τῶν
3049 3257 3350 3326 προτέρων.
3405 3256 3700 3326 Ἑφίστημι
3759 3255 3819 3309 δὲ

2239 3345 2464 3418 καὶτῷ·
2499 3347 2643 3414 Θεὸς
2675 3347 2941 3415 Ἀϐραὰμ,
2973 3346 3070 3399 καί
3104 3345 3250 3412 Θεὸς
3295 3347 3513 3409 Ἰσαὰκ,
3543 3347 3637 3400 καὶ
3675 3347 3818 3414 Θεὸς

2250 3438 2475 3492 Ἰακώϐ·
2523 3438 2666 3504 Θεὸς
2700 3437 2769 3490 δὲ
2817 3441 2928 3492 οὐκ
2977 3439 3110 3492 ἔστι
3171 3438 3419 3507 νεκρῶν,
3454 3439 3616 3493 ἀλλὰ
3676 3439 3820 3500 ζώνα-

2238 3548 2376 3595 των,
2409 3531 2684 3602 εἰρημένῳ
2720 3530 2824 3582 ὑπὸ
2853 3528 2947 3583 τοῦ
2976 3530 3250 3601 Σωτῆρος,
3293 3531 3499 3601 μήποτε
3532 3529 3621 3582 διὰ
3662 3529 3821 3583 τοῦτο

2237 3623 2436 3688 ζῶντές
2481 3625 2616 3676 εἰσιν
2658 3622 2958 3693 -Ἄὸραάμ,
2999 3621 3218 3684 Ἰσαὰκ,
3265 3621 3360 3674 καὶ
3417 3620 3645 3687 Ἰακὼϐ,
3697 3623 3821 3674 ἐπεὶ

2236 3716 2332 3769 καὶ
2403 3715 2557 3767 αὐτοὶ
2626 3715 2988 3783 συνταφέντες
3047 3713 3126 3785 τῷ
3196 3713 3416 3786 Χριστῷ
3487 3714 3819 3784 συνανέστη-

2239 3823 2337 3858 σαν
2393 3803 2502 3874 (84)
2542 3803 2720 3874 αὐτῷ,
2761 3805 2824 3857 οὐ
2882 3805 3098 3867 πάντως
3144 3805 3283 3858 κατά
3349 3807 3449 3876 τὴν
3504 3803 3820 3876 σωματικὴν

2235 3895 2330 3949 τοῦ
2377 3895 2553 3966 Ἰησοῦ
2603 3894 2801 3966 ταφὴν,
2847 3894 2880 3965 ἢ
2926 3895 3241 3966 σωματικὴν
3293 3897 3590 3950 ἀνάστασιν
3632 3895 3816 3948 αὐταῦ.

2236 3987 2423 4040 Ταῦτα
2479 3987 2616 4060 πρὸς
2666 3989 2764 4044 τό·
2817 3986 2996 4041 Τοῦτο
3057 3986 3313 4058 Ἀϐραὰμ
3371 3989 3482 4042 οὐκ
3545 3988 3814 4055 ἐποίησε.

2236 4081 2301 4132 Τί
2329 4080 2385 4132 δέ
2415 4079 2572 4132 τοῦτο
2603 4079 2719 4150 ἢτὸ
2743 4078 2924 4148 ζητεῖν
2956 4078 3275 4132 ἀποκτεῖναι.
3306 4078 3590 4151 ἄνθρωπον
3619 4080 3678 4142 ὃς
3718 4077 3816 4150 τὴν

2236 4172 2494 4243 ἀλήθειαν
2535 4170 2850 4235 λελάληκεν,
2866 4171 2932 4242 ἣν
2950 4166 3152 4235 ἢκουσε
3171 4172 3322 4244 παρά
3334 4171 3426 4224 τοῦ
3452 4171 3586 4224 Θεοῦ
3609 4188 3622 4235 ;
3655 4171 3816 4224 Ἀπο-

2234 4267 2450 4337 δίδομεν
2492 4266 2624 4337 γὰρ,
2658 4266 2733 4330 ὡς
2770 4269 2878 4342 ἄρα
2920 4265 3061 4320 κατά
3091 4266 3182 4319 τὸν
3214 4266 3422 4336 Ἰησοῦν
3472 4264 3816 4335 πνευματικὴ

2233 4357 2517 4426 οἰκονομία
2542 4357 2644 4409 οὐκ
2690 4355 2837 4410 ἐστιν
2870 4357 2955 4409 ὅτε
2984 4358 3099 4419 τοῖς
3127 4357 3304 4424 ἁγίοις
3335 4357 3434 4410 οὐκ
3469 4351 3556 4427 ἦν.
3600 4355 3726 4409 Ἐὰν
3759 4353 3817 4409 δὲ

2233 4450 2514 4522 ἀναγάγῃς
2535 4449 2711 4502 ταῦτα
2747 4449 2958 4521 (ὥσπερ
3014 4451 3455 4519 ὑπονενοήκαμεν
3493 4451 3549 4502 ἐν
3590 4448 3814 4514 ἄλλοις),

557 4547 623 4588 ea
661 4531 929 4596 referens,
963 4533 1166 4588 omissa
1230 4535 1434 4606 vulgari
1487 4537 1809 4608 euplaundi
1841 4548 2130 4591 consuetu-

2237 4544 2421 4614 ἕτερος
2435 4541 2586 4614 παρά
2614 4542 2674 4595 τὸ
2689 4543 2994 4613 κοινότερον
3018 4543 3110 4596 ἐπὶ
3134 4540 3540 4614 μυστικώτερον
3568 4540 3819 4612 Ἀϐραὰμ

562 4629 710 4695 dine,
739 4642 994 4699 quaerens
1023 4629 1216 4683 horum
1248 4631 1586 4702 singulorum
1619 4632 2090 4707 consequentiam.

628 4811 718 4866 15.
784 4807 888 4864 Vos
923 4809 1102 4879 facitis
1153 4829 1311 4882 opera
1357 4816 1522 4881 patris
1568 4815 1724 4868 vestri
1765 4814 1832 4865 ⁸⁸.
1869 4807 2022 4878 Quod
2061 4813 2129 4866 ad

560 4903 763 4956 dictum
796 4903 901 4957 hoc
933 4904 1146 4969 attinet,
1186 4904 1394 4959 clarum
1445 4922 1550 4960 non
1588 4916 1671 4959 est
1718 4921 1879 4975 quem
1916 4913 2126 4973 patrem

553 4991 892 5060 Iudaeorum,
933 4998 1022 5066 qui
1079 4997 1182 5050 sibi
1232 4999 1599 5061 crediderant,
1637 4999 1837 5067 quique
1891 4997 2126 5050 nondum

554 5097 891 5155 agnoverant
927 5088 1234 5153 veritatem,
1292 5092 1424 5145 velit
1470 5091 1693 5144 dicere:
1748 5091 1816 5144 ad
1849 5092 1948 5145 hos
1981 5091 2125 5144 ettim

2236 4635 2440 4707 ὁμοίως
2471 4635 2647 4688 πάντα
2674 4633 2740 4686 τὰ
2777 4634 2918 4687 κατά
2949 4633 3040 4686 τὸν
3064 4633 3228 4686 τόπον
3264 4631 3583 4702 ἐξομαλίσαι
3626 4629 3819 4702 πειρά-

2239 4741 2392 4779 σεται
2425 4724 2536 4794 (85)
2569 4723 2746 4795 ζητῶν
2777 4725 2876 4796 τὴν
2911 4724 3143 4777 ἑκάστου
3176 4723 3381 4776 τούτων
3405 4721 3743 4776 ἀκολουθίαν.

2313 4816 2398 4869 l3.
2437 4815 2622 4885 Ὑμεῖς
2672 4815 2891 4869 ποιεῖτε
2925 4815 2997 4868 τὰ
3037 4814 3183 4884 ἔργα
3225 4814 3330 4868 τοῦ
3377 4813 3601 4882 πατρὸς
3629 4812 3812 4882 ὑμῶν.

2239 4910 2401 4963 Ὀσον
2424 4909 2516 4962 ἐπὶ
2549 4908 2625 4978 τῷ
2655 4909 2803 4980 ῥητῷ
2827 4907 3000 4980 τούτῳ
3032 4909 3132 4961 οὐκ
3165 4908 3279 4960 ἔστι
3319 4909 3487 4977 σαφὲς
3523 4908 3644 4959 τίνα
3673 4905 3816 4959 Θέλει

2236 5004 2411 5055 εἰπεῖν
2444 5001 2657 5071 πατέρα
2699 5001 2809 5053 τῶν
2837 5000 3282 5053 πεπιστευκότων
3329 4998 3479 5069 αὐτῷ
3523 4998 3813 5063 Ἰουδαίων,

2237 5092 2331 5144 καὶ
2365 5090 2590 5161 μηδέπω
2615 5089 2932 5158 ἐγνωκότων
2957 5089 3056 5158 τὴν
3084 5088 3344 5160 ἀλήθειαν
3371 5105 3384 5118 ·
3443 5087 3578 5158 πρὸς
3621 5087 3814 5151 αὐτοὺς

625 5229 672 5262 ⁸⁸
701 5229 866 5286 Hebr.
894 5246 966 5296 vr,
989 5233 1022 5287 4
1056 5249 1172 5304 seq.
1247 5234 1294 5266 ⁸³
1325 5233 1502 5290 Galat.
1536 5251 1597 5298 ιι,
1632 5234 1718 5288 19.
1798 5233 1846 5266 ⁸⁸
1872 5234 2002 5288 ibid.
2035 5231 2126 5288 20.

2237 5234 2248 5263 ⁵
2279 5232 2469 5287 Matth.
2504 5247 2643 5293 χχιι,
2664 5229 2753 5284 52.
2829 5231 2875 5261 ⁸⁸
2898 5229 3052 5286 Joan.
3084 5247 3201 5288 vut.
3229 5231 3316 5283 Η.

624 5373 740 5446 (80)
770 5375 1062 5449 Ρεὲΐρενβπι
1120 5378 1172 5430 ἰιι
1205 5379 1390 5449 codice
1427 5379 1596 5443 Regio
1623 5378 1820 5443 legitur
1875 5394 2126 5449 παραπε-

554 5445 747 5509 σόντας
774 5445 936 5499 πάλιν
959 5447 1352 5514 ἀνακαινισμὸν
1374 5453 1544 5502 ποιεῖν
1602 5449 1812 5502 ἐαυτῶν
1846 5451 1924 5513 εἰς
1956 5445 2130 5519 ’μετά-

549 5531 722 5570 νοιαν.

622 5585 737 5654 (81)
779 5587 875 5639 Ἐν
907 5586 1036 5654 ταῖς
1060 5589 1304 5641 Παύλου
1361 5588 1644 5655 Πράξεσι.
1691 5588 1980 5643 Existimat
2027 5586 2130 5640 Pe.

549 5654 762 5728 rionius
788 5655 1104 5728 legendum,
1134 5659 1364 5728 Πέτρου,
1394 5654 1447 5712 et
1478 5661 1590 5728 hanc
1626 5661 1787 5712 verba
1818 5659 1980 5712 Petro
2036 5660 2128 5710 tri-

550 5724 639 5776 bui
681 5726 748 5777 ab
786 5724 1091 5796 llegesippo
1118 5724 1337 5782 asserit.
1363 5729 1523 5782 Certe
1551 5727 1695 5780 Petri
1729 5730 1859 5781 Acta
1895 5730 1962 5781 ab
2004 5728 2129 5780 Ilie-

549 5807 779 5862 ronymo
815 5808 1310 5850 commemorantur
1336 5800 1430 5852 lib.
1467 5797 1538 5851 De
1580 5799 1763 5864 script.
1803 5798 1988 5852 eccles.
2019 5798 2126 5850 Sed

2228 5377 2370 5500 apud
2401 5383 2646 5428 nostrum
2674 5372 2963 5443 Origenem
2997 5372 3089 5426 lib.
3122 5387 3138 5425 ι
3174 5369 3316 5438 Περί
3355 5367 3578 5438 ἀρχῶν,
3605 5382 3731 5438 cap.
3758 5369 3815 5457 Ξ,

2279 5463 2493 5500 uerius.

2279 5463 2493 5501 UETlUS.

2443 5513 2653 5591 _'.A._l.1d_.
2685 5512 2864 5572 Codex
2891 5512 3415 5591 Regiusuperperam
3449 5509 3612 5590 habet
3671 5508 3808 5580 ἅμα.

2300 5518 2391 5586 (8‘2
2457 5518 2653 5568 Ἀλλά.
2685 5518 2864 5572 Codex
2894 5518 3095 5591 Regius
3131 5525 3415 5580 perperam
3450 5518 3612 5590 habet
3671 5518 3808 5580 ἅμα.

2295 5518 2411 5656 (ὃὸἒ
2433 5585 2541 5656 Καὶ
2574 5583 2692 5637 τῶν
2717 5597 3055 5656 προφητῶν.
3095 5581 3221 5656 Haec
3257 5581 3416 5656 verba
3455 5597 3555 5633 nec
3577 5597 3627 5633 ιιι
3660 5597 3809 5634 cout-

2226 5651 2608 5710 ce'Bo'dleiauo
2645 5670 2742 5707 nec
2775 5651 2916 5722 apud
2949 5653 3268 5706 Ferrarium
3309 5651 3581 5718 leguntur.

2297 5724 2407 5796 (84)
2436 5725 2616 5796 Codex
2648 5723 2872 5796 Begius.
2910 5725 3069 5780 male.
3097 5723 3527 5796 συναρέστησαν.

2296 5791 2410 5865 (85)
2431 5795 2614 5852 Codex
2648 5791 2995 5861 Bodleianus,
3026 5792 3372 5864 πειράσεται·
3413 5791 3655 5862 Regius,
3693 5802 3803 5842 πει-

554 5871 735 5920 tamen
765 5864 901 5921 nihil
938 5874 1126 5935 muto;
1158 5883 1283 5923 nam
1313 5869 1568 5925 Actorum
1616 5867 1770 5924 Pauli
1818 5871 2023 5926 mentio
2050 5866 2132 5939 .ﬁt
2229 5864 2402 5937 ράσοις
