4196 6390
501 367 608 421 Μῐό

1943 374 2103 431 ORlG
2111 371 2266 430 ENIS

3630 383 3738 440 606

499 485 609 551 Qui
636 487 914 541 committit
946 499 1221 556 peccatum
1263 507 1330 546 es
1361 493 1575 548 diabolo
1617 505 1693 549 est
1721 493 1768 529 '"
1795 513 1811 562 ;
1851 497 1919 551 tle
1945 497 2047 551 lilii:

2171 502 2299 556 τοὺς
2323 494 2570 567 ἐχθροὺς,
2598 495 2694 549 καὶ
2727 495 3094 568 προσεύχεσθε
3129 497 3268 570 ὑπὲρ
3281 496 3390 553 τῶν
3417 497 3742 565 διωκόντων,

496 591 628 632 vero
661 578 751 632 Dei
795 595 810 632 :
847 577 1033 634 Omnis
1067 582 1158 650 qui
1204 593 1360 637 uatus
1410 595 1486 638 est
1521 601 1586 638 ea:
1629 585 1762 650 Deo,
1801 597 2069 654 peccatum

498 683 606 722 non
633 670 928 734 committit,
961 673 1214 741 quoniam
1252 691 1427 729 semen
1468 678 1635 744 ipsius
1680 679 1738 732 iu
1779 695 1840 732 eo
1871 683 2069 746 manet;

497 765 545 807 et
574 772 677 810 non
705 767 869 827 potest
899 777 1133 826 peccare,
1167 779 1227 816 eo
1257 765 1398 832 quod
1447 781 1514 819 ea:
1562 767 1670 820 Deo
1714 779 1871 822 natus
1901 779 1977 824 est
2000 771 2067 835 τ’,

499 847 842 916 perspicuum
871 861 954 904 est
983 853 1257 908 hominem
1317 870 1536 911 omnem
1581 859 1671 927 qui
1711 861 2070 928 compleverit

499 939 795 1007 rationem,
821 941 903 995 vel
943 941 1111 998 lilium
1145 945 1258 1009 Dei,
1295 949 1378 1002 vel
1409 948 1579 1003 lilium
1620 953 1820 1007 diaboli
1852 969 1976 1010 esse
1999 955 2066 1012 ⁷⁸.

499 1024 609 1078 Aut
645 1027 788 1080 enim
822 1031 1116 1086 committit
1149 1045 1450 1100 peccatum,
1483 1049 1576 1093 aut
1605 1055 1711 1095 non
1740 1045 2064 1102 committit:

496 1129 620 1170 cum
653 1118 788 1173 nihil
841 1121 911 1176 sit
971 1123 1113 1178 inter
1145 1129 1489 1184 committere
1530 1142 1814 1200 peccatum
1861 1147 1915 1193 et
1960 1154 2067 1194 non

495 1209 838 1264 committere
889 1225 1225 1284 peccatum;
1283 1229 1339 1274 et
1396 1221 1442 1276 si
1509 1225 1728 1293 quidem
1781 1239 2065 1297 peccatum

495 1301 810 1371 comtmttit,
864 1305 1062 1362 diaboli
1115 1319 1200 1363 est
1249 1327 1266 1380 ;
1317 1311 1401 1368 sin
1455 1331 1585 1370 vero
1637 1331 1916 1388 peccatum
1960 1339 2064 1380 non

494 1398 809 1464 committit,
830 1411 894 1452 ex
932 1400 1040 1454 Deo
1069 1411 1224 1456 natus
1250 1412 1351 1457 est.
1383 1403 1682 1475 Conjuncta
1723 1423 1850 1466 sunt
1883 1423 2063 1469 autem

495 1487 853 1542 enuntiationi
906 1489 1096 1546 horum
1146 1494 1212 1548 de
1257 1494 1384 1550 [iliis
1429 1497 1522 1552 Dei
1572 1509 1628 1553 et
1673 1501 1796 1556 [iliis
1843 1505 2064 1575 diaboli,

494 1592 619 1646 quas
646 1579 698 1633 iu
729 1579 967 1650 Epistola
1007 1583 1124 1653 ipsa
1157 1585 1418 1642 dicuntur
1467 1591 1533 1645 de
1573 1591 1663 1646 his
1707 1595 1800 1664 qui
1847 1606 1974 1651 sunt
2009 1599 2062 1652 in

495 1667 635 1723 Filio
667 1671 785 1732 Dei.
813 1674 988 1743 deque
1015 1676 1100 1731 his
1135 1681 1224 1746 qui
1257 1695 1361 1734 non
1393 1682 1650 1738 viderunt
1675 1701 1797 1740 eum
1824 1705 1838 1743 :
1873 1687 2060 1746 Omnis

491 1759 662 1823 enim,
694 1761 886 1830 inquit,
923 1767 1014 1829 qui
1041 1767 1097 1821 in
1126 1783 1188 1821 eo
1228 1782 1437 1834 manet,
1469 1789 1572 1827 non
1597 1787 1778 1843 peccat
1812 1793 1834 1842 ;
1874 1790 1923 1832 et
1951 1797 2062 1834 om-

493 1850 576 1904 nis
615 1851 706 1920 qui
738 1865 940 1921 peccat,
967 1875 1070 1912 nou
1103 1861 1236 1913 vidit
1279 1863 1451 1930 ipsum
1489 1864 1561 1912 ⁷⁴ε
1599 1867 1768 1938 Igitur
1803 1870 1848 1924 si
1883 1875 2061 1928 omnis

487 1940 582 2010 qui
614 1941 666 1995 in
706 1943 799 1997 illo
830 1959 1032 2011 manet,
1061 1963 1164 2003 non
1189 1965 1403 2020 peccat;
1438 1955 1530 2024 qui
1565 1967 1778 2026 peccat,
1810 1975 1917 2014 nou
1953 1977 2062 2018 ma-

489 2042 583 2086 net
614 2033 667 2088 in
705 2033 874 2091 Filio:
903 2047 956 2092 et
987 2041 1032 2094 si
1058 2045 1238 2098 omnis
1271 2047 1366 2115 qui
1409 2059 1622 2116 peccat,
1664 2066 1772 2104 non
1809 2053 1945 2108 vidit
1975 2054 2054 2122 ip-

487 2115 646 2190 sum';
669 2128 762 2196 qui
780 2130 914 2183 vidit
939 2133 1136 2200 ipsum,
1169 2150 1273 2191 non
1296 2115 1505 2207 peccat.
1534 2139 1744 2196 Pariter
1766 2144 1870 2200 hoc
1892 2147 2058 2202 etiam

489 2219 705 2273 notabis
741 2221 871 2288 quid
913 2223 1013 2278 sibi
1047 2226 1182 2280 .velit
1217 2225 1456 2284 Joannes
1492 2232 1678 2288 dicens
1709 2255 1719 2288 :
1748 2233 1930 2292 Omnis
1969 2239 2058 2307 qui

486 2317 694 2375 peccat,
730 2328 834 2364 non
867 2315 992 2368 vidit
1031 2317 1226 2384 ipsum,
1264 2322 1421 2389 quasi
1458 2322 1542 2377 bis
1574 2326 1777 2391 verbis,
1811 2329 1939 2381 vidit
1979 2331 2058 2400 ip-

485 2414 605 2452 sunt
618 2399 690 2464 ",
718 2403 950 2461 innuens
966 2411 1401 2481 semperaliquos
1419 2429 1539 2469 esse
1555 2430 1712 2484 posse
1729 2419 1819 2488 qui
1843 2399 2060 2480 videant

481 2487 646 2560 325
671 2489 866 2546 Filium
905 2495 1018 2560 Dei,
1045 2499 1247 2568 quique
1273 2517 1338 2554 ex
1375 2502 1554 2572 ipsius
1590 2487 1799 2562 visione
1834 2511 2056 2576 partici-

481 2588 615 2647 pent
643 2584 941 2651 potentiam
977 2603 1254 2656 nunquam
1288 2595 1569 2659 peccandi.
1617 2594 1885 2652 Praeterea
1907 2600 2056 2655 dices

483 2671 600 2727 haec
631 2675 842 2730 verba:
889 2675 989 2732 Vos
1022 2679 1197 2747 facitis
1241 2698 1402 2750 opera
1437 2687 1605 2754 patris
1647 2691 1804 2742 vestri
1845 2691 1914 2754 ⁷⁸,
1957 2691 2056 2746 ali-

479 2767 698 2834 quando
748 2768 968 2839 quidem
1023 2771 1129 2824 dici
1169 2774 1428 2832 adlilios
1477 2777 1712 2844 diaboli,
1763 2781 2055 2850 aliquando

478 2869 612 2912 vero
638 2859 706 2913 ad
741 2860 883 2917 ﬁlios
915 2859 1010 2916 Dei
1047 2879 1063 2914 :
1096 2877 1188 2932 qm
1247 2877 1469 2934 peccata
1523 2885 1756 2940 namque
1803 2876 2053 2930 commit-

2172 586 2202 638 6
2231 585 2308 657 μὴ
2331 585 2406 641 ὢν
2442 587 2704 661 πρότερον
2749 587 2844 642 τοῦ
2885 592 2944 643 ὲν
2980 589 3228 660 οὐρανοῖς
3276 590 3489 662 Πατρὸς
3518 589 3744 664 ὕστερον

2171 677 2338 731 αὑτοῦ
2371 680 2578 747 γίνεται
2625 680 2760 744 υἱός.
2792 681 2914 735 Ὅτι
2951 681 3010 734 δὲ
3041 681 3130 734 διὰ
3171 681 3232 735 τό
3269 681 3404 752 (88)⁶
3447 682 3537 736 Ἐν
3565 682 3742 754 τούτῳ

2171 771 2382 841 φανερά
2411 774 2528 826 ἐστι
2555 772 2623 826 τὰ.
2647 773 2784 844 ἔργα
2812 773 2908 827 τοῦ
2929 772 3098 837 Θεοῦ,
3123 774 3218 828 καὶ
3244 773 3314 827 τά
3343 772 3480 846 ἔργα
3505 775 3600 827 τοῦ
3624 774 3742 828 δια-

2170 862 2349 927 ϐόλου,
2385 864 2782 935 προειρημένον
2815 864 2924 936 (89)
2951 866 3080 936 περὶ
3112 865 3210 935 μὲν
3235 863 3344 920 τῶν
3375 864 3470 919 τοῦ
3493 865 3736 920 διαϐόλου

2168 954 2394 1020 τέκνων,
2429 956 2512 1009 ὅτι
2557 957 2620 1009 '0
2645 955 2832 1010 ποιῶν
2863 956 2978 1024 τὴν
3001 957 3294 1026 ἁμαρτίαν
3319 958 3388 1012 ἐκ
3411 959 3516 1012 τοῦ
3538 957 3736 1012 διαϐόο

2168 1048 2282 1099 λου
2311 1046 2445 1101 ἐστι
2463 1062 2480 1078 ·
2511 1048 2640 1118 περὶ
2662 1047 2720 1100 δὲ
2747 1047 2857 1100 τῶν
2883 1048 2977 1102 τοῦ
2996 1047 3154 1112 Θεοῦ,
3186 1049 3268 1102 ὅτι
3295 1047 3422 1115 Πᾶς
3463 1052 3496 1102 ὁ
3536 1067 3740 1119 γεγεν-

2167 1137 2428 1208 νημένος
2473 1139 2542 1193 ἐκ
2592 1141 2700 1194 τοῦ
2751 1141 2900 1195 Θεοῦ
2954 1142 3254 1211 ἁμαρτίαν
3303 1144 3374 1196 οὐ
3424 1142 3596 1208 ποιεῖ,
3646 1140 3740 1196 ὅτι

2168 1229 2406 1299 σπέρμα
2441 1231 2629 1286 αὑτοῦ
2679 1232 2750 1285 ἐν
2793 1231 2954 1298 αὑτῷ
2996 1233 3186 1302 μένει,
3229 1232 3331 1286 καὶ
3364 1236 3434 1287 οὐ
3487 1233 3738 1289 δύναται

2166 1320 2549 1390 ἁμαρτάνειν,
2599 1323 2689 1376 ὅτι
2731 1323 2801 1377 ἐκ
2826 1323 2935 1378 τοῦ
2963 1323 3111 1378 Θεοῦ
3147 1324 3511 1394 γεγέννηται,
3542 1324 3734 1393 σαφὲς,

2165 1411 2248 1464 ὅτι
2278 1413 2386 1476 πᾶς
2418 1411 2725 1484 ἄνθρωπος,
2762 1413 3251 1484 συμπεπληρωκὼς
3276 1413 3366 1467 τὸν
3397 1413 3574 1482 λόγον,
3615 1414 3736 1485 ἦτοι

2165 1501 2352 1557 τέκνον
2377 1502 2473 1556 τοῦ
2503 1503 2638 1557 Θεοῦ
2666 1505 2835 1569 ἐστιν,
2864 1504 2896 1576 ἢ
2943 1505 3132 1559 τέκνον
3161 1504 3254 1558 τοῦ
3304 1504 3550 1559 διαϐόλου
3569 1521 3583 1534 ·
3619 1505 3738 1575 ἦτοι

2165 1593 2275 1664 γὰρ
2306 1593 2452 1648 ποιεῖ
2482 1595 2777 1668 ἁμαρτίαν,
2828 1598 2862 1670 ἧ
2891 1597 3162 1670 ἁμαρτίαν
3213 1597 3275 1650 οὐ
3326 1601 3488 1662 ποιεῖ,
3523 1598 3738 1662 οὐδενὸς

2164 1683 2315 1749 ὕντος
2337 1685 2542 1757 μεταξὺ
2580 1686 2674 1740 τοῦ
2705 1690 2878 1742 ποιεῖν
2906 1687 3177 1760 ἁμαρτίαν
3208 1689 3304 1742 καὶ
3337 1688 3430 1742 τοῦ
3459 1690 3737 1760 ἁμαρτίαν

2169 1779 2242 1850 μὴ
2275 1783 2448 1834 ποιεῖν
2469 1796 2483 1811 ·
2518 1781 2612 1834 καὶ
2642 1782 2691 1834 εί
2723 1781 2820 1851 μὲν
2844 1784 2988 1836 ποιεῖ
3014 1781 3312 1854 ἁμαρτίαν,
3337 1783 3402 1835 ὲκ
3431 1781 3524 1834 τοῦ
3551 1781 3734 1834 διαϐό-

2163 1870 2254 1924 λου
2288 1872 2462 1925 ὲστίν·
2493 1872 2622 1926 εἰδὲ
2649 1872 2924 1942 ἁμαρτίαν
2950 1872 3011 1925 οὐ
3045 1875 3209 1936 ποιεῖ,
3242 1873 3307 1926 ὲκ
3343 1871 3437 1925 τοῦ
3471 1871 3605 1924 Θεοῦ
3637 1887 3735 1940 γε-

2159 1964 2670 2036 γὲννηται.Ἔχεται
2693 1963 2749 2017 δὲ
2772 1965 2871 2034 τῆς
2894 1966 2950 2018 ὲν
2960 1965 3170 2030 τούτοις
3204 1965 3334 2036 περὶ
3364 1965 3570 2017 τέκνων
3597 1963 3734 2018 Θεοῦ

2159 2054 2254 2106 καὶ
2283 2053 2488 2107 τέκνων
2508 2052 2754 2106 διαϐόλου
2782 2053 3110 2123 ἀποφάσεως
3143 2054 3211 2108 τά
3231 2055 3288 2106 ὲν
3316 2055 3382 2124 τῇ
3411 2053 3549 2124 αὐτῇ
3585 2053 3736 2106 Ἐπι-

2160 2145 2321 2218 στολῇ
2351 2145 2621 2217 λεγόμενα
2647 2145 2775 2216 περὶ
2807 2145 2916 2200 τῶν
2935 2145 3103 2199 ὅντων
3129 2147 3187 2198 ὲν
3215 2145 3292 2216 τῷ
3323 2143 3437 2214 Υίῷ
3465 2143 3559 2197 τοῦ
3574 2142 3732 2208 Θεοῦ,

2158 2239 2250 2292 καὶ
2280 2237 2392 2290 τῶν
2427 2238 2502 2308 μὴ
2535 2237 2858 2308 ἑωρακότων
2903 2237 3064 2292 αὐτόν
3089 2253 3103 2268 °
3137 2235 3264 2304 Πᾶς
3313 2235 3442 2308 γὰρ,
3480 2235 3664 2308 φησὶν,
3699 2237 3734 2289 ὁ

2157 2329 2230 2382 ἐν
2257 2325 2420 2392 αὐτῷ
2452 2325 2654 2396 μένων
2686 2329 2800 2395 οὐχ
2839 2325 3194 2396 ἁμαρτάνειν
3237 2326 3337 2379 καὶ
3381 2323 3500 2390 πᾶς
3552 2323 3663 2394 (90)
3700 2325 3734 2378 ό

2156 2415 2515 2486 ἁμαρτάνων
2551 2417 2664 2484 οὐχ
2694 2415 2952 2483 ἑώρακεν
2995 2415 3199 2468 αὐτόν.
3233 2411 3440 2466 Οὐκοῦν
3469 2413 3519 2464 εἰ
3549 2411 3657 2474 πᾶς
3703 2411 3734 2464 6

2155 2509 2215 2562 ὲν
2239 2505 2387 2578 αὐτῷ
2435 2505 2612 2578 μένων
2633 2505 2731 2577 οὐχ
2757 2505 3058 2576 ἁμαρτάνει
3086 2504 3221 2576 (91),
3255 2503 3284 2556 6
3314 2501 3642 2574 ἁμαρτάνων
3668 2499 3731 2554 οὐ

2159 2601 2312 2672 μένει
2368 2603 2426 2655 ὲν
2467 2598 2546 2670 τῷ
2579 2597 2730 2669 Υίῷ·
2782 2599 2878 2652 καὶ
2920 2599 2968 2652 εἰ
3015 2599 3122 2662 πᾶς
3185 2599 3214 2650 6
3256 2595 3586 2667 ἁμαρτάνων
3631 2593 3732 2664 οὐχ

2155 2692 2398 2766 δώρακεν
2421 2691 2606 2755 αὐτὸν,
2635 2692 2662 2745 6
2679 2688 2938 2760 ἑωρακὼς
2959 2687 3121 2742 αὐτὸν
3134 2688 3233 2758 οὐχ
3246 2685 3732 2756 άμαρτάνει.“Αμα

2153 2783 2211 2838 δὲ
2244 2783 2340 2837 καὶ
2388 2779 2718 2854 σημειώσεις
2747 2780 2860 2850 (9‘2)
2886 2779 2940 2832 τί
2977 2777 3114 2832 νοῶν
3147 2779 3176 2830 ό
3203 2777 3458 2848 Ἰωάννης
3484 2771 3682 2828 εἵπετό
3701 2789 3716 2803 ·

2151 2871 2280 2939 Πᾶς
2311 2875 2344 2927 ὀ
2371 2871 2723 2942 ἁμαρτάνων
2745 2871 2858 2938 οὐχ
2883 2867 3144 2936 ἑώρακεν
3159 2867 3367 2934 αὑτὸν,
3387 2865 3474 2920 διὰ
3501 2865 3580 2919 τό·
3598 2861 3732 2918 Ἐώ-

479 2956 624 3014 Iunt,
651 2965 814 3020 opera
845 2957 1027 3022 patris.
1045 2956 1128 3009 sui
1157 2957 1356 3012 diaboli
1403 2962 1786 3029 committunt;
1836 2975 1893 3020 at
1919 2982 2047 3023 vero

2147 2979 2335 3031 ρακεν
2357 2962 2564 3027 αὐτὸν,
2593 2959 2669 3023 ὡς
2703 2960 2791 3012 ἀεὶ
2819 2956 3132 3028 δυναμένων
3161 2953 3301 3009 εἷναι
3338 2953 3447 3008 τῶν
3473 2953 3727 3026 ὁρώντων

477 3040 571 3108 qui
602 3043 862 3111 praeclare
907 3063 967 3102 se
1009 3057 1233 3118 gerunt,
1290 3063 1457 3118 Opera
1502 3054 1707 3109 faciunt
1749 3056 1930 3114 Patris
1967 3059 2048 3114 sui

2150 3057 2242 3110 τὸν
2271 3056 2400 3109 Υίὸν
2434 3053 2528 3108 τοῦ
2560 3052 2716 3116 Θεοῦ,
2748 3053 2842 3106 καὶ
2869 3055 2935 3106 ὲκ
2961 3051 3056 3104 τοῦ
3097 3048 3396 3121 ἑωρακέναι
3432 3045 3593 3100 αὐτὸν
3629 3061 3727 3116 με-

480 3129 600 3187 Dei.
633 3131 740 3190 Sed
773 3139 1054 3206 probabile
1093 3151 1181 3198 est
1227 3141 1468 3198 futurum
1522 3157 1580 3200 ut
1620 3149 1818 3220 aliquis
1863 3167 1929 3206 ex
1967 3154 2047 3210 his

2150 3144 2606 3218 ταλαμϐανόντων
2662 3143 2942 3213 δυνάμεως
2988 3142 3126 3214 πρὸς
3157 3139 3218 3193 τὸ
3252 3137 3730 3211 μηδαμῶςὰμαρ-

476 3236 778 3294 moveatur,
805 3230 1053 3300 cogitans
1085 3251 1153 3288 an
1179 3235 1428 3290 faciendo
1456 3239 1594 3293 bona
1623 3250 1679 3296 et
1709 3241 1846 3296 mala
1889 3259 2044 3301 seor-

474 3328 620 3382 sum,
647 3317 787 3372 idem
824 3333 1047 3392 propter
1073 3324 1212 3378 bona
1245 3325 1390 3382 lilius
1424 3327 1542 3394 Dei,
1569 3336 1626 3384 et
1657 3343 1883 3402 propter
1907 3337 2044 3392 mala

474 3406 618 3496 illius
640 3409 838 3466 diaboli
869 3427 991 3468 esse
1013 3415 1206 3484 possit.
1247 3417 1354 3472 Sed
1384 3417 1490 3474 hoc
1515 3423 2046 3496 pneterquam'quod

472 3495 927 3558 absurdissimum
948 3514 1052 3570 est,
1079 3523 1186 3562 nou
1218 3509 1464 3564 iunuitur
1485 3528 1552 3566 ex
1579 3514 1760 3569 dictis.
1785 3495 2045 3572 Euuntiat

471 3601 704 3658 namque
721 3588 956 3650 Joannes
981 3599 1121 3664 quod
1147 3602 1522 3670 unusquisque
1543 3605 1634 3674 qui
1657 3621 1721 3660 ex
1755 3607 1862 3662 Deo
1885 3621 2044 3664 natus

470 3689 577 3770 est,
598 3692 877 3750 peccatum
899 3702 1007 3741 non
1035 3687 1218 3757 faciat,
1240 3692 1386 3761 quod
1406 3709 1591 3750 semen
1614 3695 1762 3753 illius
1785 3700 1836 3754 iu
1862 3703 2045 3770 seipso

470 3763 688 3832 habeat,
719 3784 821 3826 nec
853 3787 1014 3840 posse
1037 3776 1182 3832 hunc
1225 3793 1486 3848 peccare,
1539 3798 1606 3838 eo
1645 3789 1788 3855 quod
1828 3803 1892 3843 ex
1933 3763 2044 3847 Deo

469 3865 634 3912 natus
665 3859 772 3914 sit:
805 3860 988 3920 Omnis
1015 3867 1193 3936 igitur,
1234 3873 1324 3939 qui
1356 3889 1422 3928 ea:
1454 3875 1559 3929 Deo
1589 3887 1744 3932 natus
1778 3890 1881 3947 est,
1919 3899 2044 3951 pec-

467 3956 646 4000 calum
674 3965 778 4003 non
807 3955 1082 4008 committit
1131 3959 1200 4024 7°;
1257 3976 1358 4017 nec
1419 3972 1600 4020 tamen
1649 3981 1911 4038 scriptum
1958 3983 2041 4029 est

466 4037 612 4106 quod
632 4040 815 4095 omnis
845 4054 1006 4100 natus
1033 4061 1097 4101 ex
1121 4049 1344 4106 diabolo
1372 4091 1389 4118 ,
1422 4054 1692 4121 justitiam
1739 4037 1846 4116 non
1887 4079 2040 4118 com-

467 4132 668 4200 mittit;
699 4137 794 4191 sed
823 4155 837 4192 :
865 4137 970 4204 Qui
997 4144 1274 4196 committit
1294 4155 1585 4213 peccatum,
1609 4167 1675 4205 ea:
1703 4153 1914 4208 diabolo
1933 4167 2036 4227 cst.

466 4221 677 4280 Rursus
708 4242 813 4281 non
843 4233 1300 4298 quemadmodum
1332 4236 1536 4292 dictum
1584 4251 1710 4298 est:
1749 4243 1856 4308 Qui
1897 4221 2041 4300 com-

465 4315 625 4368 mittit
650 4327 944 4385 peccatum,
974 4337 1040 4376 ea:
1059 4324 1267 4380 diabolo
1291 4337 1366 4381 est
1403 4329 1472 4390 ⁷⁷,
1507 4330 1584 4385 ita
1618 4335 1880 4402 scriptum
1907 4349 1992 4392 est
2018 4357 2034 4394 :

465 4401 570 4468 Qui
615 4407 910 4463 committit
947 4410 1243 4479 justitiam,
1287 4429 1356 4469 ex
1405 4417 1517 4472 Deo
1565 4431 1672 4478 est.
1733 4401 1804 4478 Et
1841 4427 2038 4482 adhibe

2151 3239 2352 3293 τάνειν.
2398 3239 2520 3292 Ἔτι
2554 3239 2765 3308 φήσεις,
2811 3237 2915 3299 ὅτι,
2956 3233 3152 3304 Ὑμεῖς
3194 3232 3413 3286 ποιεῖτε
3465 3230 3537 3285 τὰ
3583 3229 3729 3298 ἔργα

2150 3331 2258 3386 τοῦ
2316 3329 2540 3398 πατρὸς
2597 3329 2764 3398 ὑμῶν
2787 3369 2802 3394 ,
2855 3327 2942 3380 ὁτὲ
2984 3327 3084 3398 μὲν
3115 3325 3310 3393 λέγοιτ’
3338 3325 3407 3381 ἂν
3436 3322 3571 3394 πρὸς
3601 3321 3728 3382 τοὺς

2151 3424 2300 3486 υἱοὺς
2331 3421 2425 3474 τοῦ
2457 3419 2706 3474 διαϐόλου
2727 3459 2743 3484 ,
2787 3419 2875 3473 ὁτὲ
2935 3418 3070 3490 πρὸς
3099 3418 3224 3480 τοὺς
3257 3415 3407 3478 υἱοὺς
3437 3412 3530 3468 τοῦ
3562 3411 3720 3465 Θεοῦ.

2151 3515 2215 3567 Οί
2251 3513 2352 3584 μὲν
2381 3512 2492 3583 γὰρ
2523 3510 2926 3583 ἁμαρτάνοντες
2964 3507 3178 3562 ποιοῦσι
3221 3505 3291 3604 τά
3311 3505 3474 3604 -ἔργα
3497 3503 3588 3558 τοῦ
3620 3521 3725 3604 πα-

2149 3605 2276 3678 τρὸς
2313 3603 2495 3658 αὐτῶν
2542 3602 2791 3656 διαϐόλου
2814 3617 2828 3632 ο
2877 3603 2926 3654 οἱ
2979 3599 3036 3654 δὲ
3074 3596 3463 3670 κατορθοῦντες
3510 3596 3724 3648 ποιοῦσι

2146 3693 2218 3748 τά
2250 3693 2387 3765 ἔργα
2417 3691 2510 3746 τοῦ
2544 3690 2758 3762 Πατρὸς
2807 3688 2987 3742 αὐτῶν
3033 3687 3192 3741 Θεοῦ.
3227 3686 3386 3748 Εἰκὸς
3412 3685 3469 3738 δὲ
3507 3685 3572 3737 ὲκ
3603 3681 3724 3736 τούς

2145 3801 2254 3837 των
2279 3782 2399 3836 τινὰ
2433 3779 2842 3854 κινηθήσεσθαι,
2877 3779 2952 3851 μὴ
2985 3779 3092 3851 ἄρα
3111 3778 3332 3846 δύνηται
3350 3777 3458 3848 (95)
3481 3779 3510 3830 6
3536 3773 3718 3838 αὐτὸς,

2145 3877 2224 3948 τῷ
2263 3878 2432 3930 ποιεῖν
2465 3873 2646 3944 ἁγαθὰ
2678 3873 2770 3926 καὶ
2803 3871 3016 3943 πονηρὰ
3071 3870 3205 3943 ἔργα
3241 3870 3346 3923 ἀνὰ
3390 3869 3577 3941 μέρος,
3630 3867 3720 3922 διὰ

2149 3967 2248 4038 μὲν
2290 3966 2358 4020 τὰ
2389 3965 2569 4035 ἀγαθὰ
2601 3964 2790 4018 τέκνον
2814 3957 2953 4015 εἶναι
3000 3961 3156 4024 Θεοῦ,
3189 3959 3276 4014 διὰ
3305 3959 3362 4014 δὲ
3393 3959 3462 4014 τὰ
3501 3958 3720 4012 ἐναντία

2145 4060 2332 4114 τέκνον
2378 4059 2472 4113 τοῦ
2517 4058 2786 4113 διαϐόλου.
2829 4055 2988 4110 Ἀλλὰ
3027 4054 3186 4108 τοῦτο
3211 4053 3347 4124 πρὸς
3379 4051 3459 4122 τῷ
3509 4047 3718 4118 ἀλογώ-

2143 4169 2301 4205 τατον
2339 4147 2478 4205 εἷναι
2511 4151 2571 4203 οὐ
2612 4149 2867 4221 δηλοῦται
2917 4145 3028 4202 ἀπὸ
3060 4145 3166 4199 τῶν
3203 4142 3402 4216 ῥητῶν.
3461 4139 3718 4209 Ἀποφαί-

2143 4255 2291 4293 νεται
2318 4239 2426 4310 γὰρ
2461 4239 2489 4290 6
2529 4237 2804 4306 Ἰωάννης,
2855 4236 2939 4289 ὅτι
2986 4236 3095 4298 πᾶς
3146 4236 3176 4287 6
3222 4231 3618 4314 γεγεννημένος
3650 4230 3716 4281 ἐκ

2141 4329 2236 4384 τοῦ
2253 4327 2388 4382 Θεοῦ
2405 4326 2680 4399 ἁμαρτίαν
2701 4325 2764 4380 οὐ
2785 4327 2946 4389 ποιεῖ,
2970 4325 3051 4377 ὅτι
3069 4323 3290 4396 σπέρμα
3304 4319 3467 4374 αὑτοῦ
3490 4322 3547 4374 ἐν
3566 4319 3715 4390 αὐτῷ

2146 4422 2313 4493 μένει,
2363 4420 2458 4474 καὶ
2485 4420 2544 4473 οὐ
2572 4418 2794 4472 δύναται
2840 4416 3197 4490 ἁμαρτάνειν,
3231 4416 3311 4468 ὅτι
3354 4415 3420 4467 ὲκ
3451 4412 3544 4466 τοῦ
3577 4412 3710 4466 Θεοῦ

463 4497 708 4553 animum
760 4502 828 4556 ad
879 4503 1216 4562 dilferentias
1269 4511 1744 4582 propositionum,
1793 4531 2029 4586 quonam

2147 4512 2474 4584 γεγέννηται.
2503 4509 2630 4578 Πᾶς
2673 4509 2853 4564 τοίνυν
2881 4512 2914 4564 ό
2945 4510 3312 4579 γεννώμενος
3339 4507 3408 4560 ἐκ
3437 4503 3544 4558 τοῦ
3565 4502 3714 4559 Θεοῦ

463 4599 624 4659 pacto
651 4606 773 4647 cum
800 4597 947 4649 omni
985 4597 1264 4666 diligentia
1287 4619 1316 4656 a
1340 4600 1551 4667 Joanne
1589 4608 1750 4664 dicta:
1781 4609 1986 4667 fuerint
2012 4631 2030 4667 :

463 4679 600 4737 adeo
627 4691 688 4736 ut
707 4684 938 4740 miretur
961 4688 1160 4758 aliquis
1181 4695 1449 4760 quomodo
1480 4696 2034 4768 irreprehensibiliter

468 4789 526 4834 et
571 4783 628 4828 ut
653 4777 876 4848 quidam
908 4781 1177 4850 dicereut,
1205 4785 1512 4857 dialectice,
1541 4790 1650 4846 illis
1674 4807 1804 4847 usus
1844 4792 2030 4862 fuerit,

458 4861 664 4917 similia
688 4879 801 4921 non
855 4869 1091 4928 aliereus
1127 4875 1196 4930 de
1250 4878 1335 4934 his
1377 4881 1469 4950 qui
1515 4893 1646 4936 sunt
1699 4897 1769 4938 ex
1818 4884 2036 4942 diabolo

460 4957 635 5029 deque
667 4962 752 5018 his
793 4967 883 5034 qui
918 4977 1047 5022 sunt
1086 4984 1152 5024 ex
1206 4971 1359 5027 Deo:
1395 4973 1650 5029 similiter
1693 4989 1823 5032 vero
1868 4986 2030 5032 extu-

455 5047 630 5116 lisset,
652 5054 698 5108 si
731 5061 1063 5130 scripsisset,
1101 5067 1585 5135 quemadmodum,
1617 5067 1724 5133 Qui
1755 5080 2027 5138 peccatum

455 5145 751 5214 committit,
781 5166 846 5204 ea:
881 5153 1096 5208 diabolo
1119 5164 1224 5221 est;
1246 5157 1344 5224 ita,
1361 5157 1464 5225 Qui
1481 5158 1751 5230 justitiam
1771 5164 2026 5217 commit-

2139 4601 2434 4674 ἁμαρτίαν
2476 4603 2548 4657 οὐ
2589 4600 2778 4656 ποιεῖ·
2811 4601 2874 4654 οὐ
2909 4599 3016 4672 μὴν
3049 4599 3390 4670 γέγραπται,
3425 4599 3506 4652 ὅτι
3539 4598 3648 4660 πᾶς
3683 4595 3714 4648 6

2139 4694 2536 4767 γεγεννημένος
2564 4695 2629 4748 ὲκ
2656 4692 2748 4748 τοῦ
2789 4693 3036 4748 διαϐόλου
3073 4689 3420 4761 δικαιοσύνην
3451 4689 3513 4743 οὐ
3547 4688 3709 4742 ποιεῖ’

2137 4781 2254 4835 ἁλλ’
2278 4783 2333 4834 Ὁ
2353 4779 2540 4836 ποιῶν
2568 4779 2685 4850 τὴν
2711 4781 3004 4851 ἁμαρτίαν
3031 4781 3100 4834 ἐκ
3123 4781 3229 4834 τοῦ
3247 4779 3529 4834 διαϐόλου
3552 4776 3710 4832 ἐστί.

2133 4873 2304 4928 Πάλιν
2330 4873 2452 4944 οὐχὶ
2480 4873 2668 4946 ὥσπερ
2693 4873 2945 4945 εἴρηται·
2985 4873 3049 4926 '0
3074 4871 3262 4927 ποιῶν
3279 4872 3394 4941 τὴν
3418 4871 3710 4942 ἁμαρτίαν

2131 4963 2200 5018 ἐκ
2248 4963 2356 5018 τοῦ
2395 4963 2677 5018 διαϐόλου
2709 4963 2900 5031 ἐστίν,
2950 4963 3123 5027 οὕτως
3166 4963 3601 5035 ἀναγέγραπταιο
3647 4962 3705 5016 Ὁ

2133 5055 2300 5109 ποιῶν
2325 5055 2426 5126 τὴν
2443 5055 2786 5128 δικαιοσύνην
2805 5057 2871 5110 ὲκ
2890 5055 2984 5110 τοῦ
3006 5055 3145 5110 Θεοῦ
3173 5058 3310 5110 ἐστι.
3339 5057 3448 5110 Καὶ
3469 5056 3706 5126 πρόσχες

2131 5147 2254 5210 ταῖς
2287 5145 2569 5218 διαφοραῖς
2599 5146 2708 5200 τῶν
2737 5147 3054 5221 προτάσεων
3079 5187 3096 5212 ,
3141 5148 3264 5202 τίνα
3319 5148 3518 5221 τρόπον
3568 5146 3704 5218 μετὰ

517 5308 563 5340 '"
596 5309 1022 5382 lJoan.uI,8et
1046 5318 1134 5374 10.
1205 5321 1252 5353 ’³
1278 5322 1410 5379 ibid.
1439 5323 1494 5379 9.
1567 5324 1614 5357 "
1636 5323 1874 5382 ibidJD.
1957 5329 2006 5362 "
2030 5329 2166 5386 ibid.
2189 5331 2244 5386 6.
2318 5330 2515 5387 "ibid.
2549 5331 2640 5387 41.
2715 5328 2798 5384 ⁷⁸1
2825 5329 2982 5387 Joan.
3014 5331 3173 5397 ttt,9.
3245 5329 3449 5386 "ibid.
3479 5328 3534 5384 8.

523 5435 782 5532 (8.§l':0tt
813 5451 884 5506 δὲ
909 5453 1010 5532 διὰ
1033 5456 1121 5532 τό,
1143 5465 1254 5532 etc.
1307 5457 1363 5532 In
1423 5461 1611 5532 codice
1647 5459 1820 5532 Regio
1879 5463 2034 5532 deest

451 5515 768 5603 δέξιιᾼὺξιίςιιι
808 5538 914 5577 non
953 5525 1080 5603 legit
1108 5515 1443 5603 'Ferrarius
1485 5515 1642 5603 ἔργα,
1695 5515 1810 5588 έὲιιί
1839 5515 2029 5599 τέκνα,

447 5585 652 5666 iusta]
673 5586 832 5666 {eam
858 5609 940 5666 tu,
975 5585 1063 5666 ίῖ),
1093 5599 1239 5666 quod
1275 5609 1481 5654 rectum
1505 5585 1754 5658 fvi'de'tur;

667 5658 847 5742 Eodex
861 5657 1293 5742 ~Regiu's.-t_r_tale_,
1311 5671 1743 5742 προειρημένων.

487 5760 496 5786 ε
524 5726 618 5793 (90
660 5728 772 5780 Kal
802 5729 940 5796 πᾶς.
963 5726 1032 5787 in
1056 5738 1240 5792 codice
1262 5726 1428 5806 Regio
1457 5726 1608 5795 t'tee'st
1629 5742 1744 5795 καί.

526 5729 640 5868 (91)
667 5795 851 5854 Codex
887 5802 1242 5868 Bodleianus,
1289 5819 1453 5868 recte.
1489 5809 1518 5862 6
1561 5813 1619 5865 ὲν
1652 5813 1744 5866 αὐτ

2126 5463 2227 5548 οςιχ
2257 5462 2560 5548 ἁμαρτάνει
2581 5477 2594 5493 ·
2627 5461 2829 5533 Regius
2854 5477 3141 5534 perperam
3172 5448 3337 5519 habet
3361 5463 3392 5516 6
3423 5463 3482 5516 ὲν
3519 5461 3702 5516 αὐτῶν

2125 5535 2226 5604 οὐχ
2259 5535 2587 5604 ἁμαρτάνει.

2196 5600 2312 5672 (92)
2346 5600 2724 5671 Σημειώσεις.
2761 5600 2854 5658 Sic
2882 5605 3053 5661 codex
3087 5603 3447 5668 Bodleianus;
3491 5601 3697 5672 Regius

2125 5671 2620 5751 versztmwbcn-
2685 5741 2739 5751 η.
2913 5743 2928 5751 -
3068 5743 3102 5751 -
3490 5739 3530 5751 —
3610 5739 3623 5751 -

2196 5740 2310 5812 (95)
2339 5739 2617 5810 Δῦνηταῖ.
2683 5741 2777 5798 Sic
2826 5743 2996 5801 codex
3065 5743 3426 5809 Bodleisnus;
3490 5739 3694 5810 Regius

667 5795 851 5854 Codex
887 5795 1242 5872 Dodlcianus,
1289 5795 1453 5877 recte,
1489 5809 1518 5862 6
1561 5813 1619 5865 ὲν
1652 5812 1800 5880 αὐτῷ
1848 5813 2024 5880 μένων
2123 5795 2543 5881 νεὶὸῗδύνατάι.
