4196 6426
513 404 620 459 605

1567 409 1924 465 COMMENT.
1965 410 2031 463 IN
2070 411 2264 466 JOAN.
2299 411 2539 468 TOMUS
2574 414 2694 470 XX.

3671 421 3776 478 606

511 526 691 598 πάσης
725 525 1011 599 ἀκριϐείας
1037 527 1114 598 τῷ
1159 527 1381 602 Ἰωάννῃ
1414 527 1678 601 εἴρηνται·
1711 530 1841 585 ὥστ’
1865 531 1932 586 ἂν
1966 532 2080 586 θαυη

2200 534 2283 596 tit,
2321 549 2388 589 ex
2420 535 2528 590 Deo
2553 543 2680 604 est;
2722 534 2807 590 vel
2830 534 2921 602 'si,
2957 537 3410 606 quemadmodum
3435 539 3772 608 scripserat:

512 619 684 690 μάσαι
714 621 834 673 τινὰ
870 620 987 683 πῶς
1021 620 1298 693 ἀλήπτως,
1333 622 1448 686 καὶ,
1476 622 1552 686 ὡς
1585 624 1651 677 ἂν
1679 624 1884 679 εῐποιέν
1917 643 2095 691 τινες,

512 711 867 776 διαλεκτικῶς
929 711 1220 784 ἐξήνεγκεν
1269 714 1474 780 αὑτὰς,
1527 715 1601 787 μὴ
1644 717 1712 770 τὰ
1765 718 1926 790 ὃμοια
1984 717 2095 790 (94)

514 803 1023 874 προσενεγκάμενος
1057 805 1186 876 περὶ
1218 804 1325 858 τῶν
1360 809 1423 858 ἐκ
1447 805 1544 859 τοῦ
1568 787 1854 875 διαϐόλου,
1872 812 1966 865 καὶ
1986 787 2095 867 τῶν

512 897 576 951 ἐκ
608 896 702 950 τοῦ
734 897 900 951 Θεοῦ·
932 898 1134 969 ὁμοίως
1185 897 1231 950 δ’
1259 896 1325 952 ἂν
1357 899 1674 970 ἐξήνεγκεν,
1732 903 1782 955 εἰ
1834 905 2096 975 ἐπεποιή-

508 1007 629 1053 κει,
671 989 857 1061 ὥσπερ
900 989 987 1042 τό·
1038 990 1090 1041 '0
1119 988 1306 1042 ποιῶν
1362 989 1479 1058 τὴν
1534 991 1831 1060 ἁμαρτίαν
1878 993 1947 1046 ἐκ
1985 994 2094 1048 τοῦ

508 1080 794 1135 διαϐόλου
835 1081 1040 1145 ἐστὶν,
1072 1081 1277 1145 οὕτως’
1311 1084 1368 1137 '0
1417 1083 1586 1136 ποιῶν
1615 1085 1714 1156 τὴν
1747 1085 2094 1157 δικαιοσύνην

507 1175 571 1226 ἐκ
602 1171 697 1226 τοῦ
725 1173 859 1226 Θεοῦ
894 1175 1075 1228 ἐστιν’
1113 1174 1144 1246 ἦ
1179 1176 1228 1227 εἰ
1261 1174 1372 1246 (95)
1405 1174 1596 1246 ὥσπερ
1641 1176 1967 1246 ἀνέγραφεν,
2011 1179 2092 1231 ὅτι

505 1262 632 1330 Πᾶς
659 1266 692 1317 ὀ
730 1263 1170 1334 γεγεννημένος
1222 1266 1291 1319 ἐκ
1342 1267 1450 1320 τοῦ
1501 1267 1649 1321 Θεοῦ
1693 1269 1985 1337 ἁμαρτίαν
2020 1271 2092 1322 οὐ

505 1357 688 1420 ποιεῖ,
743 1359 1062 1428 ἐπεποιήκει
1103 1358 1195 1410 τό·
1226 1359 1342 1421 Πᾶς
1383 1361 1412 1412 6
1449 1360 1848 1430 γεγεννημένος
1901 1362 1966 1414 ἐκ
1997 1360 2090 1413 τοῦ

503 1446 750 1500 διαϐόλου
783 1446 1132 1518 δικαιοσύνην
1163 1448 1224 1500 οὐ
1255 1450 1418 1501 ποιεῖ.
1462 1451 1690 1520 Μήποτε
1737 1451 1794 1503 δὲ
1847 1452 1940 1505 καὶ
1968 1451 2046 1522 τῷ
2072 1493 2087 1518 ,

502 1536 695 1602 ἐστὶν,
732 1537 1008 1607 εἰρημένῳ
1041 1537 1136 1590 ἐπὶ
1168 1537 1263 1590 τοῦ
1302 1541 1367 1592 ἐκ
1394 1540 1490 1593 τοῦ
1534 1540 1808 1607 διαϐόλου,
1847 1541 1920 1613 μὴ
1955 1559 2091 1613 χρη-

503 1629 737 1701 σάμενος
770 1630 862 1682 ἐπὶ
891 1629 998 1682 τῶν
1027 1630 1093 1682 ἐκ
1118 1630 1212 1684 τοῦ
1242 1631 1402 1695 Θεοῦ,
1435 1632 1467 1702 ἢ
1504 1631 1602 1702 τῷ,
1633 1633 2086 1702 γεγεννημένος,

503 1721 978 1793 ἀναγεγραμμένῳ
1009 1723 1102 1776 ἐπὶ
1125 1723 1233 1777 τῶν
1255 1725 1321 1776 ἐκ
1343 1724 1437 1778 τοῦ
1468 1725 1627 1788 Θεοῦ,
1663 1724 1738 1796 μὴ
1777 1725 2090 1796 συγχρησά-

505 1830 665 1883 μενος
686 1813 778 1865 ἐπὶ
793 1812 901 1866 τῶν
923 1815 987 1866 ἐκ
1014 1813 1106 1866 τοῦ
1127 1814 1398 1879 διαϐόλου,
1424 1816 1569 1868 πάνυ
1588 1813 1874 1884 σοφώτατα
1896 1815 2088 1882 ἐξέδω-

2202 625 2388 681 Omnis
2408 628 2499 697 qui
2528 638 2682 682 natus
2701 638 2776 683 est
2807 645 2872 684 ea:
2894 629 3321 698 Deo,peccatum
3343 647 3445 685 non
3476 633 3773 695 committit,
3857 663 3864 670 -

2198 717 2508 785 scripsisset
2537 735 2549 770 :
2584 716 2775 774 Omnis
2799 720 2892 789 qui
2931 731 3090 775 natus
3116 731 3202 776 est
3244 738 3310 777 ex
3343 722 3577 780 diabolo.
3606 724 3774 790 justi-

2199 807 2328 859 tiam
2389 823 2493 861 non
2557 810 2873 866 committit.
2921 809 3116 866 Annon
3159 814 3325 867 etiam
3375 814 3776 883 sapientissime

2195 896 2488 952 admodum
2517 900 2696 967 posuit
2725 900 2950 954 verbum
2981 910 3144 974 est,et
3166 903 3483 957 vocabulum
3533 901 3774 972 genitus;

2193 987 2418 1040 verbum
2460 997 2537 1041 est
2568 989 2773 1044 dictum
2816 992 2882 1046 de
2917 1006 2982 1045 eo
3008 992 3100 1061 qui
3140 1008 3208 1046 ex
3254 993 3468 1047 diabolo
3515 1004 3618 1055 est,
3664 1010 3771 1049 non

2194 1091 2400 1143 ponens
2439 1077 2508 1133 de
2553 1079 2638 1134 his
2681 1081 2776 1150 qui
2827 1096 2894 1135 ex
2944 1081 3056 1136 Deo
3111 1094 3276 1147 sunt;
3343 1092 3397 1136 et
3446 1083 3769 1137 vocabulum

2191 1169 2395 1237 genitus
2426 1170 2689 1238 scriptum
2716 1171 2783 1226 de
2806 1173 2892 1227 his
2918 1174 3008 1241 qui
3028 1185 3152 1227 sunt
3179 1189 3243 1228 ex
3273 1175 3406 1238 Deo,
3427 1189 3532 1228 non
3562 1190 3771 1244 ponens

2195 1261 2262 1314 de
2291 1259 2374 1314 his
2400 1261 2491 1329 qui
2524 1271 2737 1315 suntex
2775 1263 3036 1319 diabolo?
3087 1264 3296 1318 Extulit
3335 1265 3479 1319 enim
3527 1281 3650 1318 eum
3679 1265 3771 1333 qui

2190 1366 2257 1405 ex
2290 1352 2398 1406 Deo
2434 1361 2538 1419 est,
2565 1353 2886 1408 vocabulum
2915 1356 3124 1424 genitus
3158 1371 3366 1424 ponens
3397 1357 3463 1410 de
3494 1373 3559 1411 eo
3584 1375 3598 1421 ;
3628 1354 3771 1424 quod

2190 1443 2235 1496 si
2263 1443 2424 1496 etiam
2456 1443 2524 1496 de
2544 1444 2766 1499 diabolo
2789 1447 3080 1514 Posuisset,
3110 1445 3265 1515 pejus
3299 1447 3554 1514 quiddam
3584 1455 3772 1500 osten-

2191 1552 2353 1592 surus
2379 1545 2498 1591 erat
2521 1551 2683 1605 quam
2716 1537 2760 1590 si
2788 1537 3040 1601 dixisset,
3085 1548 3160 1590 est
3189 1553 3256 1590 ea:
3283 1537 3497 1590 diabolo
3549 1552 3570 1590 :
3608 1546 3772 1606 atque

2189 1630 2352 1684 etiam
2383 1629 2427 1683 si
2449 1630 2724 1700 posuisset
2757 1630 2981 1685 verbum
3012 1639 3091 1683 est
3123 1630 3189 1684 de
3213 1645 3277 1684 eo
3311 1631 3401 1698 qui
3433 1639 3604 1684 estex
3637 1629 3770 1696 Deo,

2188 1721 2647 1790 quemadmodum
2680 1721 2860 1789 posuit
2914 1721 2982 1774 de
3021 1735 3089 1776 eo
3135 1721 3227 1787 qui
3280 1735 3344 1774 ex
3395 1721 3627 1776 diabolo.
3661 1731 3768 1788 est,

2190 1813 2370 1866 minus
2394 1822 2717 1866 ostensurus
2761 1811 2940 1865 fuerat
2984 1815 3159 1872 deeo
3213 1811 3305 1879 qui
3354 1825 3420 1865 ex
3455 1814 3566 1866 Deo
3608 1821 3770 1870 natus

501 1881 628 1970 κεν;
678 1903 886 1975 Ἐπῆρε
915 1903 1025 1975 γὰρ
1053 1905 1144 1959 τὸν
1173 1907 1238 1959 ἐκ
1269 1906 1362 1959 τοῦ
1395 1906 1528 1959 Θεοῦ
1557 1881 1953 1977 γεγεννημένον
1985 1909 2080 1962 τά-

2186 1913 2293 1966 est,
2332 1917 2454 1956 cum
2501 1902 2661 1972 longe
2714 1901 2909 1956 melius
2938 1902 3012 1956 sit
3044 1903 3284 1973 genitum
3321 1901 3492 1957 fuisse
3546 1919 3611 1957 ex
3659 1906 3769 1960 Deo

695 1999 709 2017 9
741 1997 919 2017 _,5__~-
960 1999 983 2017 Θ

499 2088 706 2160 εἴρητο,
734 2093 918 2163 χεῖρον
947 2090 1012 2144 ἄν
1035 2108 1087 2144 τι
1114 2090 1363 2161 ἐνέφαινε
1402 2090 1514 2162 (96)
1550 2092 1701 2166 παρὰ
1729 2093 1811 2156 τὸ,
1853 2093 1949 2146 Ἐκ
1977 2093 2083 2147 τοῦ

497 2180 782 2234 διαϐόλου
810 2181 981 2235 ἐστίν
1000 2199 1013 2212 ⁸
1046 2181 1182 2235 ἀλλὰ
1213 2183 1309 2236 καὶ
1349 2182 1507 2254 εἴπερ
1531 2183 1607 2247 ὡς
1637 2185 1730 2237 ἐπὶ
1765 2185 1860 2238 τοῦ
1892 2187 1956 2240 ἐκ
1986 2186 2080 2239 τοῦ

492 2269 743 2323 διαϐόλου
773 2269 930 2337 ἔταξε
963 2270 1044 2338 τὸ,
1081 2271 1234 2336 ἐστὶ,
1267 2273 1590 2343 ἐπεποιήκει
1628 2273 1720 2324 ἐπὶ
1753 2273 1847 2327 τοῦ
1892 2275 1956 2327 ἐκ
1985 2273 2080 2327 τοῦ

499 2361 654 2427 Θεοῦ,
684 2361 902 2416 ἔλαττον
929 2361 996 2415 ἂν
1031 2363 1161 2434 περὶ
1198 2362 1290 2416 τὸν
1374 2361 1439 2413 ἐκ
1479 2362 1574 2415 τοῦ
1623 2363 1761 2420 Θεοῦ
1814 2363 2079 2437 παρίστη,

498 2452 678 2523 πολλῷ
715 2453 1024 2526 κρείττονος
1083 2455 1443 2524 τυγχάνοντος
1487 2456 1583 2509 τοῦ
1627 2458 1985 2528 γεγεννῆσθαι
2018 2461 2082 2511 ἐκ

498 2544 588 2597 τοῦ
620 2544 752 2598 Θεοῦ
784 2544 935 2617 παρὰ
964 2546 1025 2598 τὸ
1065 2541 1204 2598 εἶναι
1237 2547 1301 2599 ἐκ
1339 2546 1435 2600 τοῦ
1471 2546 1630 2600 Θεοῦ.
1675 2549 1840 2619 Φήσει
1868 2549 1926 2602 δέ
1949 2567 2032 2612 τις
2063 2593 2077 2616 ,

501 2639 586 2692 ὅτι
617 2638 738 2691 τινὰ
765 2638 873 2692 τῶν
901 2639 1214 2710 κτισμάτων
1267 2641 1386 2692 ἐστὶ
1435 2641 1532 2711 μὲν
1582 2643 1648 2694 ἐκ
1693 2641 1788 2695 τοῦ
1831 2643 1991 2706 Θεοῦ,
2019 2646 2078 2697 οὐ

503 2730 610 2801 μὴν
638 2729 958 2800 γεγέννηται
986 2732 1050 2783 ἐκ
1074 2730 1169 2784 τοῦ
1188 2730 1346 2796 Θεοῦ,
1367 2732 1461 2784 κα)⁴
1477 2731 1694 2795 πάντως
1722 2733 1896 2786 ταῦτα
1920 2734 2078 2789 ἐλάτ-

495 2837 623 2874 τονα
669 2819 783 2890 ἔχει
812 2821 966 2885 τάξιν
1006 2824 1064 2874 ἐν
1092 2821 1171 2891 τῷ
1211 2823 1375 2874 παντὶ
1411 2821 1519 2876 τῶν
1541 2825 1897 2895 γεγεννῆσθαι
1931 2825 2082 2895 λεγο-

499 2913 673 2983 μένων
701 2915 765 2967 ἐκ
796 2914 890 2968 τοῦ
932 2914 1088 2968 Θεοῦ.
1122 2915 1232 2968 Καὶ
1261 2915 1549 2986 γενόμενός
1583 2933 1646 2985 γε
1674 2917 1816 2970 κατὰ
1843 2919 1941 2990 τὴν
1965 2920 2081 2972 δια-

498 3006 690 3078 φορὰν,
727 3006 1004 3061 τουτέστιν
1035 3009 1098 3060 ἐκ
1131 3008 1225 3060 τοῦ
1267 3008 1546 3075 διαϐόλου,
1569 3010 1602 3081 ἢ
1627 3011 1984 3083 γεγεννῆσθαι
2014 3015 2079 3066 ἐκ

495 3098 589 3152 τοῦ
617 3097 777 3162 Θεοῦ,
812 3099 1066 3172 ζητήσεις
1110 3099 1307 3170 μήποτ’
1338 3100 1453 3153 ἐστί
1481 3119 1565 3164 τις
1608 3104 1637 3155 6
1683 3103 1779 3156 καὶ
1821 3105 2079 3174 γεγεννη-

501 3192 660 3262 μένος
703 3193 768 3245 ἐκ
811 3192 906 3245 τοῦ
942 3192 1214 3257 διαϐόλου,
1248 3193 1399 3258 ὅστις
1433 3194 1650 3260 πάντως
1695 3197 1790 3249 καὶ
1823 3195 1970 3249 ἐστιν
2013 3198 2078 3250 ἐκ

496 3283 589 3337 τοῦ
616 3283 884 3349 διαϐόλου,
908 3285 969 3337 οὐ
1002 3285 1220 3349 πάντως
1257 3285 1351 3339 τοῦ
1397 3286 1571 3353 ὄντος,
1597 3288 1660 3340 ἐκ
1701 3287 1796 3341 τοῦ
1828 3287 2075 3342 διαϐόλου

493 3375 925 3447 γεγεννημένου-
961 3377 1054 3430 καὶ
1087 3378 1250 3430 πάλιν
1298 3379 1414 3431 ἐστί
1459 3395 1546 3442 τις
1587 3380 1652 3433 ἐκ
1682 3379 1778 3434 τοῦ
1813 3380 1970 3445 Θεοῦ,
2015 3383 2074 3434 οῦ

494 3466 709 3532 πάντως
759 3468 854 3521 καὶ
904 3471 1299 3541 γεγεννημένος
1355 3472 1420 3524 ἐκ
1466 3470 1562 3524 τοῦ
1606 3470 1740 3525 Θεοῦ
1762 3491 1774 3502 ο
1807 3472 1991 3526 οὐκέτι
2020 3472 2076 3525 δὲ

493 3557 693 3623 παντὸς
719 3558 814 3613 τοῦ
847 3559 998 3624 δντος
1048 3562 1112 3614 ἐκ
1169 3561 1264 3616 τοῦ
1323 3561 1458 3616 Θεοῦ
1487 3602 1501 3628 ,
1557 3563 1956 3635 γεγεννημένου
2012 3566 2078 3619 ἐκ

491 3651 586 3704 τοῦ
643 3651 802 3706 Θεοῦ.
848 3654 1330 3725 Χαρακτηρίζεται
1380 3655 1565 3725 μέντοι
1613 3657 1642 3709 ὁ
1682 3654 2076 3727 γεγεννημένος

493 3743 556 3794 ἐκ
583 3742 679 3796 τοῦ
712 3743 848 3797 Θεοῦ
881 3744 960 3815 τῷ
999 3745 1274 3816 ἁμαρτίαν
1320 3746 1381 3799 οὐ
1416 3750 1608 3813 ποιεῖν,
1639 3747 1728 3801 διὰ
1753 3746 1815 3800 τὸ
1854 3747 2076 3818 σπέρμα

490 3833 584 3887 τοῦ
615 3833 751 3886 Θεοῦ
798 3836 856 3888 ἐν
895 3835 1042 3906 αὐτῷ
1083 3836 1285 3907 μένειν,
1336 3838 1432 3891 καὶ
1481 3837 1590 3891 ἀπὸ
1625 3839 1725 3909 τῆς
1749 3837 1960 3892 ἐκείνου
1982 3838 2075 3891 δυ-

490 3923 708 3996 νάμεως
753 3927 1168 4000 ἐνυπαρχούσης
1225 3928 1374 3999 αὐτῷ
1428 3929 1779 4001 ἐγγινομένου
1826 3929 1922 3984 τοῦ
1972 3949 2076 4002 μη-

491 4014 610 4068 κέτι
637 4015 899 4071 δύνασθαι
933 4018 1287 4088 ἁμαρτάνειν.
1325 4021 1436 4074 Καὶ
1481 4021 1540 4075 ἐν
1586 4023 1701 4083 τοῖς
1746 4021 2076 4086 τελευταίοις

488 4105 547 4160 δὲ
573 4107 789 4177 λέγεται
820 4110 920 4182 τῆς
953 4111 1288 4183 Ἐπιστολῆς,
1313 4113 1396 4166 ὃτι
1428 4112 1554 4180 Πᾶς
1585 4118 1619 4168 ὁ
1642 4117 2075 4187 γεγεννημένος

489 4199 558 4252 ἐκ
605 4199 716 4254 τοῦ
761 4202 910 4256 Θεοῦ
962 4205 1079 4273 οὐχ
1137 4203 1483 4275 ἁμαρτάνει,
1517 4207 1680 4262 ἀλλὰ
1727 4211 1761 4262 ό
1797 4226 2075 4280 γεγεννη-

482 4289 670 4357 μένος
697 4289 766 4344 ὲκ
798 4291 904 4344 τοῦ
936 4291 1086 4346 Θεοῦ
1125 4293 1289 4361 τηρεῖ
1342 4295 1582 4362 ἑαυτὸν,
1610 4298 1709 4352 καὶ
1739 4301 1774 4352 ὁ
1809 4299 2076 4368 πονηρὸς

488 4381 602 4450 οὐχ
639 4380 884 4436 ἅπτεται
913 4385 1121 4439 αὐτοῦ.
1155 4386 1219 4438 Εἰ
1253 4384 1309 4438 δέ
1342 4389 1372 4440 6
1410 4388 1690 4460 γεννηθεὶς
1725 4391 1793 4444 ἐκ
1818 4390 1912 4444 τοῦ
1938 4392 2072 4446 Θεοῦ

486 4475 645 4545 τηρεῖ
668 4474 891 4540 ἑαυτὸν,
923 4478 1019 4531 καὶ
1058 4479 1087 4532 6
1131 4477 1366 4550 πονηρὸς
1412 4480 1511 4550 οὐχ
1551 4481 1782 4536 ἅπτεται
1810 4482 1975 4537 αὐτοῦ
1999 4527 2014 4550 ,
2045 4487 2074 4538 6
2104 4518 2112 4524 -

2185 2097 2469 2144 creaturas
2497 2102 2619 2142 esse
2643 2101 2710 2140 ex
2741 2087 2875 2152 Deo,
2899 2101 3019 2155 quae
3049 2087 3276 2141 omnino
3304 2089 3499 2157 genitae
3525 2106 3631 2144 non
3657 2092 3766 2144 sint.

2182 2194 2249 2233 ex
2296 2179 2429 2241 Dco,
2483 2179 2689 2245 hasque
2739 2177 2965 2229 omnino
3015 2174 3305 2231 inferiores
3344 2193 3468 2234 esse
3515 2180 3767 2235 omnibus

2182 2283 2303 2338 qua:
2327 2282 2355 2321 a
2378 2268 2486 2322 Deo
2521 2267 2772 2320 dicantur
2809 2268 2990 2335 genita
3017 2280 3178 2325 esse.
3199 2269 3278 2323 Ac
3305 2281 3455 2324 certe
3481 2287 3602 2326 cum
3638 2288 3766 2338 per-

2185 2359 2400 2412 veneris
2431 2357 2496 2411 ad
2525 2356 2886 2412 diﬂ‘ereutiam
2921 2359 3066 2412 illam
3091 2376 3212 2429 quae
3241 2371 3326 2414 est
3367 2363 3508 2416 inter
3538 2379 3661 2418 esse
3697 2380 3766 2421 ex

2183 2449 2423 2512 diabolo,
2451 2457 2505 2502 et
2536 2449 2682 2502 inter
2718 2451 2960 2518 genitum
2987 2467 3111 2506 esse
3138 2469 3203 2508 ex
3239 2455 3370 2518 Deo,
3395 2470 3607 2524 quaeres
3635 2473 3762 2511 num

2185 2543 2324 2596 forte
2347 2543 2546 2610 aliquis
2571 2543 2640 2596 sit
2665 2544 2756 2611 qui
2783 2544 2947 2597 etiam
2982 2559 3045 2598 ex
3075 2546 3291 2602 diabolo
3325 2550 3397 2603 sit
3427 2559 3608 2616 natus,
3641 2565 3762 2605 cum

2181 2634 2405 2688 omnino
2430 2635 2520 2702 qui
2546 2635 2618 2688 sit
2638 2651 2702 2688 ex
2731 2635 2972 2701 diabolo,
3002 2653 3110 2692 non
3134 2641 3396 2694 continuo
3423 2643 3584 2697 etiam
3608 2653 3765 2698 natus

2183 2726 2254 2779 sit
2291 2740 2358 2780 ex
2405 2726 2622 2781 diabolo
2656 2744 2671 2782 :
2703 2736 2759 2782 et
2790 2743 3007 2783 rursum
3040 2746 3170 2784 num
3203 2732 3275 2786 sit
3296 2733 3496 2802 aliquis
3527 2749 3593 2788 ex
3627 2733 3761 2800 Deo,

2181 2818 2271 2886 qui
2304 2833 2410 2872 non
2437 2819 2602 2872 etiam
2639 2820 2866 2875 omnino
2890 2835 2957 2875 ex
2985 2820 3099 2877 Deo
3120 2824 3195 2877 sit
3217 2835 3378 2879 natus
3409 2843 3424 2891 ;
3469 2841 3592 2880 cum
3622 2829 3666 2882 si
3692 2830 3766 2884 sit

2181 2911 2379 2980 aliquis
2405 2927 2473 2966 ex
2501 2913 2632 2979 Deo,
2664 2928 2771 2968 non
2801 2917 3025 2970 omnino
3053 2918 3126 2972 sit
3157 2919 3322 2973 etiam
3348 2931 3513 2976 natus
3543 2937 3613 2976 ex
3629 2923 3761 2977 Deo.

2179 2999 2423 3057 Proinde
2482 3001 2754 3058 formatur
2795 3003 3214 3078 delineaturque
3249 3012 3341 3080 qui
3381 3023 3546 3068 natus
3573 3023 3657 3069 est
3693 3031 3762 3070 ex

2183 3093 2315 3156 Deo,
2353 3093 2399 3147 si
2425 3103 2707 3162 peccatum
2745 3113 2854 3153 non
2895 3102 3224 3167 committat,
3267 3118 3334 3158 eo
3387 3107 3531 3172 quod
3572 3121 3761 3163 semen

2105 3223 2147 3280 Ο
2181 3183 2278 3240 Dei
2307 3186 2358 3239 in
2380 3186 2496 3256 ipso
2517 3197 2753 3256 maneat,
2773 3198 2828 3247 et
2845 3206 2876 3244 a
2902 3193 3143 3260 potentia
3167 3192 3261 3248 Dei
3286 3195 3338 3248 in
3367 3211 3428 3251 se
3454 3194 3758 3253 exsistente

2182 3280 2424 3350 ingenita
2459 3281 2568 3334 vim
2593 3279 2791 3335 habeat
2816 3282 2869 3336 in
2902 3293 3176 3352 posterum
3203 3302 3320 3344 non.
3347 3291 3644 3357 peccandi-
3663 3292 3758 3344 Di-

2180 3373 2328 3428 citur
2345 3373 2511 3426 etiam
2549 3375 2604 3426 in
2646 3383 2896 3430 extremo
2927 3375 3085 3445 hujus
3125 3377 3381 3447 Epistula:
3407 3398 3420 3434 :
3451 3379 3639 3438 Omnis
3667 3384 3762 3454 qui

2180 3475 2336 3521 natus
2359 3475 2435 3521 est
2469 3482 2534 3520 ea:
2564 3466 2701 3532 Deo,
2740 3485 2845 3522 non
2868 3481 3072 3538 peccat;
3110 3471 3200 3526 sed
3228 3473 3318 3542 qui
3343 3474 3547 3543 genitus
3577 3485 3654 3530 est
3695 3493 3764 3533 ea:

2177 3558 2312 3624 Deo,
2355 3567 2524 3614 servat
2554 3562 2896 3630 seipsum,-et
2939 3563 3111 3618 malus
3159 3581 3264 3618 non
3309 3568 3479 3636 tangit
3519 3583 3637 3621 cum
3687 3569 3754 3623 ⁷⁸.

2180 3650 2319 3723 [(98)
2359 3651 2516 3717 Quod
2557 3653 2603 3707 si
2651 3654 2696 3707 is
2755 3653 2849 3720 qui
2900 3669 2966 3714 ex
3005 3656 3118 3710 Deo
3153 3665 3312 3711 natus
3358 3668 3473 3724 est,
3519 3659 3756 3727 seipsum

2181 3753 2367 3799 tuetur
2414 3754 2470 3799 et
2506 3754 2716 3810 servat,
2756 3761 2858 3800 nec
2911 3747 3224 3817 improbus,
3264 3749 3318 3803 id
3364 3761 3448 3804 est
3487 3751 3755 3819 diabolus,

2178 3835 2356 3904 ipsum
2377 3835 2657 3907 attingit,]
2699 3837 2792 3904 qui
2820 3837 3067 3906 seipsum
3095 3854 3204 3893 non
3243 3849 3459 3906 servat,
3506 3855 3575 3895 ne
3615 3843 3758 3897 malo

2178 3925 2272 3982 illo
2308 3935 2586 3998 tangatur,
2622 3943 2728 3982 non
2779 3929 2998 3997 genitus
3037 3940 3121 3985 est
3163 3945 3232 3986 ex
3279 3933 3423 3996 Deo;
3466 3942 3522 3988 et
3579 3936 3759 3989 omnis

2177 4031 2338 4086 quem
2382 4018 2552 4089 tangit
2594 4018 2768 4072 malus
2793 4057 2808 4082 ,
2853 4017 2948 4071 illc
2988 4035 3094 4075 non
3137 4021 3353 4090 genitus
3389 4032 3471 4078 est
3501 4038 3566 4078 ex
3609 4023 3757 4090 Deo;

2178 4109 2355 4178 tangit
2381 4119 2562 4164 autem
2593 4111 2771 4166 malus
2794 4111 2884 4166 ille
2913 4127 3008 4167 eos
3027 4115 3119 4182 qui
3151 4114 3362 4183 seipsos
3383 4131 3490 4169 non
3514 4125 3756 4171 servant.

2177 4201 2446 4268 Quoniam
2469 4217 2601 4258 vero
2635 4202 2704 4258 iis
2727 4219 2846 4273 quae
2867 4204 2934 4260 de
2956 4205 3232 4259 Abraham
3261 4207 3408 4262 dicta
3434 4217 3581 4272 sunt,
3607 4208 3759 4263 nullo

2175 4293 2685 4359 facto-intervallo,
2734 4295 2838 4350 hoc
2892 4295 3166 4351 infertur:
3201 4294 3305 4350 Vos
3372 4297 3757 4368 facitis‘opera

2174 4386 2344 4455 patris
2391 4385 2551 4440 vestri
2591 4385 2660 4450 τ’,
2720 4385 3102 4456 quaerebamus
3145 4402 3275 4443 num
3316 4389 3486 4443 -forte
3535 4400 3757 4458 propter

2175 4478 2412 4547 primum
2458 4478 2697 4532 Abrahae
2749 4479 2934 4532 datum
2994 4480 3308 4534 mandatum
3345 4480 3451 4536 hoc
3493 4481 3753 4549 scriptum

491 4565 565 4639 μὴ
606 4568 789 4639 τηρῶν
817 4569 1029 4638 ἐαυτὸν,
1066 4572 1131 4624 ἶν’
1159 4574 1188 4626 6
1215 4573 1450 4645 πονηρὸς
1483 4573 1649 4628 αὐτοῦ
1697 4575 1771 4648 μὴ
1812 4577 2070 4649 ἅπτηται,

2180 4569 2268 4624 sit.
2291 4568 2536 4624 Primum
2567 4583 2804 4638 namque
2827 4570 3068 4625 divinum
3089 4571 3402 4626 mandatum
3435 4573 3501 4626 ad
3531 4587 3652 4627 eum
3674 4572 3755 4628 sic

485 4659 545 4713 οὐ
577 4660 899 4733 γεγέννηται
934 4663 999 4716 ἐκ
1039 4663 1136 4717 τοῦ
1169 4665 1305 4719 Θεοῦ
1326 4682 1339 4696 ·
1377 4667 1473 4720 καὶ
1511 4669 1619 4727 πᾶς
1671 4663 1732 4722 οὗ
1767 4669 1998 4724 ἅπτεται
2043 4671 2073 4724 6

486 4750 755 4822 πονηρὸς,
785 4745 941 4816 οὗτος
973 4755 1034 4806 οὐ
1069 4753 1389 4825 γεγέννηται
1418 4756 1484 4810 ἐκ
1509 4756 1604 4810 τοῦ
1637 4756 1803 4810 Θεοῦ·
1840 4759 2070 4814 ἅπτεται

483 4840 541 4894 δὲ
566 4842 596 4894 6
628 4843 864 4915 πονηρὸς
889 4844 996 4899 τῶν
1037 4845 1113 4917 μὴ
1141 4847 1447 4918 τηρούντων
1479 4848 1724 4912 ἑαυτούς.
1774 4849 1926 4903 Ἐπεὶ
1957 4850 2068 4922 (97)

482 4933 542 4986 δὲ
585 4938 697 5000 τοῖς
727 4938 884 5010 ,περὶ
919 4937 1014 4992 τοῦ
1057 4939 1328 5012 Ἀϐραὰμ,
1375 4941 1590 5006 οὐδενὸς
1630 4943 1921 5013 γενομένου
1973 4959 2068 5014 με-

482 5024 614 5089 ταξὺ
665 5025 1074 5099 διαλείμματος,
1109 5031 1424 5102 ἐπιφέρεται
1468 5035 1561 5086 τό’
1618 5034 1816 5102 ’Υμεῒς
1847 5034 2066 5089 ποιεῖτε

482 5113 554 5168 τὰ
583 5114 727 5184 ἔργα
758 5116 865 5170 τοῦ
908 5119 1134 5186 πατρὸς
1164 5119 1351 5188 ὑμῶν,
1385 5121 1689 5193 ἐζητοῦμεν
1725 5124 1934 5194 μήποτε
1977 5124 2066 5178 διὰ

480 5204 580 5280 τὴν
617 5205 696 5278 τῷ
744 5207 994 5280 Ἀϐραὰμ
1038 5210 1261 5283 πρώτην
1297 5212 1589 5284 δεδομένην
1631 5214 1850 5287 ἐντολὴν
1905 5215 2066 5270 τοῦτο

482 5295 918 5369 ἀναγέγραπται.
959 5301 1018 5355 Ὀ
1048 5301 1264 5372 πρῶτος
1296 5302 1353 5355 δὲ
1383 5298 1771 5376 χρηματισμὸς
1797 5305 1935 5378 πρὸς
1961 5308 2062 5360 αὐ·

479 5385 570 5441 τὸν
621 5388 795 5456 οὕτως
831 5390 976 5462 ἔχει’
1016 5393 1260 5457 Ἔξελθε
1291 5396 1358 5449 ἐκ
1388 5397 1499 5466 τῆς
1531 5396 1644 5468 γῆς
1681 5413 1821 5465 σου,
1867 5400 1967 5453 καὶ
1992 5401 2062 5454 ἐκ

545 5530 593 5564 ⁷⁸
631 5529 652 5583 ι
679 5530 835 5588 Joan.
867 5532 1038 5599 ν,18.
1111 5536 1156 5568 ⁷³
1184 5534 1340 5592 Joan.
1372 5553 1490 5604 vm,
1521 5539 1613 5596 41.

697 5648 884 5720 (Codex
917 5648 1262 5720 Bodleianus,
1297 5653 1393 5706 καὶ
1423 5654 1491 5706 τὰ
1515 5655 1699 5720 ὅμοια,
1731 5665 1839 5710 etc.

550 5718 663 5793 (ἓξ)
693 5719 838 5793 _l_de_m
861 5721 1030 5793 code};
1054 5719 1382 5793 Bodleianus
1411 5725 1491 5775 εἰ·
1532 5718 1753 5793 Regius,
1784 5726 1884 5780 ὅτι.

550 5785 663 5859 (96)
685 5788 866 5868 ροὰοκ
892 5789 1239 5868 Bodleianus,
1275 5792 1480 5868 signato,
1514 5785 1695 5865 χεῖρον
1733 5785 1798 5849 ἄν
1833 5815 1884 5851 τι
1935 5798 2049 5868 ἐνέ-

485 5858 668 5922 parva"
695 5858 916 5930 Regius,
955 5859 1140 5932 εἴρητο
1164 5859 1250 5929 ἂν,
1277 5858 1622 5932 τῖένέφαινεζ

1690 5540 1736 5572 ⁸ο
1763 5539 1902 5597 Gen.
1925 5557 2023 5608 xu,
2049 5542 2102 5597 l.

2175 4661 2378 4716 habet:
2407 4661 2671 4732 Egredere
2704 4661 2768 4714 de
2796 4672 2940 4715 terra
2978 4672 3090 4726 tua,
3122 4672 3171 4716 et
3205 4663 3269 4716 de
3299 4665 3610 4732 cognatione
3634 4674 3750 4728 tua,

2172 4763 2222 4806 et
2250 4753 2315 4805 de
2337 4753 2494 4806 domo
2515 4753 2684 4820 patris
2709 4752 2810 4817 tui,
2837 4763 2884 4805 et
2915 4753 3045 4808 vade
3064 4755 3135 4806 ad
3161 4765 3355 4807 terram
3386 4769 3541 4824 quam
3567 4769 3744 4806 osten-

2171 4843 2296 4896 dam
2329 4843 2420 4896 tibi
2443 4842 2510 4895 ⁸ο.
2542 4842 2724 4896 Exivit
2747 4858 2880 4913 ergo
2922 4843 3201 4900 Abraham
3257 4847 3324 4898 de
3367 4846 3528 4899 domo
3577 4845 3751 4913 patris

2174 4936 2284 5001 sui,
2311 4935 2458 5004 quod
2479 4950 2584 4989 non
2607 4933 2807 4989 fecisse
2832 4937 3230 4990 convincuntur
3250 4937 3308 4990 hi
3336 4939 3426 5006 qui
3451 4939 3750 5007 reprehen-

2173 5026 2378 5078 duntur
2419 5039 2485 5080 eo
2525 5024 2672 5094 quod
2710 5040 2816 5079 non
2875 5026 3018 5080 bene
3057 5027 3335 5081 dixerint:
3369 5025 3529 5080 Pater
3576 5039 3751 5082 noster

2171 5115 2441 5168 Abraham
2462 5126 2536 5170 est
2567 5114 2646 5180 ⁸¹;
2684 5130 2808 5168 nam
2853 5116 2899 5170 si
2938 5116 3033 5169 lilii
3057 5116 3293 5170 Abrahae
3328 5115 3538 5170 faciunt
3584 5133 3748 5186 opera

2171 5209 2430 5272 Abrahae,
2455 5220 2510 5262 et
2547 5208 2592 5262 si
2625 5208 2860 5278 primum
2881 5223 3018 5278 opus
3041 5220 3126 5264 est
3148 5211 3299 5264 exire
3334 5209 3403 5263 de
3441 5221 3585 5264 terra
3625 5226 3749 5268 sua.

2171 5310 2228 5355 ct
2253 5301 2320 5355 de
2350 5300 2520 5377 domo.
2551 5302 2726 5369 patris
2762 5299 2870 5364 sui,
2904 5308 2959 5354 et
2993 5300 3267 5370 proﬁcisci
3302 5301 3370 5354 ad
3400 5316 3520 5355 eam
3547 5309 3747 5357 terram

2169 5409 2332 5464 quam
2360 5393 2437 5448 illi
2458 5394 2697 5449 ostendit
2741 5392 2914 5464 Deus,
2964 5403 3020 5449 et
3045 5395 3184 5454 hanc
3223 5395 3294 5450 ob
3330 5407 3552 5448 causam
3580 5393 3637 5449 bi
3675 5397 3747 5452 ad

2177 5540 2219 5572 ⁸¹
2251 5537 2410 5595 Joan.
2443 5553 2563 5601 vut,
2594 5536 2682 5593 39.

2232 5655 2346 5727 (97)
2376 5655 2560 5709 Codex
2599 5652 2946 5736 Bodleianus,
2985 5653 3141 5705 Ἐπεὶ
3173 5652 3229 5705 δὲ
3257 5654 3370 5716 τοῖς
3425 5652 3583 5776 στείνει
3635 5654 3743 5710 lie-

2232 5744 2284 5776 us
2317 5737 2370 5776 ct
2397 5725 2752 5776 Barbermus.
2785 5724 2943 5776 male.
2973 5722 3096 5774 ἐπεὶ
3140 5721 3194 5775 δὲ
3226 5727 3350 5776 τοὺς
3375 5739 3484 5776 περ
3512 5767 3526 5776 .

2164 5721 2284 5796 gms
2304 5721 2752 5806 Barba-inus,
2785 5724 2943 5804 male,
2973 5722 3096 5774 ἐπεὶ
3140 5721 3194 5775 δὲ
3226 5721 3553 5806 τοὺςὶπερί..

2168 5793 2210 5921 ⁷1
2229 5795 2340 5866 (98)
2365 5795 2510 5859 Ilaec,
2536 5811 2564 5850 a
2589 5793 2846 5872 Ferrario
2874 5807 3265 5862 praneruussa,
3284 5810 3314 5850 e
3341 5793 3592 5851 Periouio
3616 5811 3743 5865 snp-

2159 5884 2192 5936 p
2218 5881 2443 5922 evnuus.
