4196 6368
456 361 557 414 ii07

1921 360 2244 418 ORIGENIS

3630 350 3733 404 603

455 495 593 548 quos
628 489 707 532 est
747 495 950 544 sermo,
992 480 1468 548 reprehenduntur
1505 491 1763 551 tanquam
1811 481 1902 551 qui
1935 497 2040 536 non

2155 476 2254 546 τῆς
2285 475 2642 546 συγγενείας
2679 489 2820 538 σου,
2860 472 2959 527 καὶ
3008 471 3078 525 ἐκ
3106 471 3212 525 τοῦ
3246 470 3418 526 οἴκου
3464 467 3572 523 τοῦ
3622 484 3731 520 πα-

456 569 571 623 sint
597 570 688 624 ﬁlii
715 572 967 635 Abrahae,
995 572 1164 642 liquet
1198 588 1294 628 eos
1326 574 1532 630 idcirco
1564 575 1891 644 reprehendi
1915 575 2042 644 quia

458 675 565 714 non
592 663 831 718 exierint
850 679 881 718 e
905 663 1067 717 domo
1090 665 1268 733 patris
1287 665 1370 719 sui
1393 705 1410 730 ,
1442 675 1713 733 .tanquam
1753 666 1931 720 adhuc
1976 667 2042 718 ad

461 751 664 806 malum
687 760 898 820 patrem
927 752 1251 824 (diabolum)
1288 756 1648 822 pertinentes,
1673 765 1837 824 atque
1867 755 2046 810 adhuc

460 843 637 912 patris
675 843 822 898 illius
847 859 1012 912 opera
1042 845 1328 901 facientes.
1353 847 1516 917 327
1551 846 1648 902 His
1670 861 1699 900 a
1724 847 1879 902 nobis
1899 845 2045 902 hunc

469 931 526 986 in
567 943 886 989 contextum
920 936 1112 1002 dictis,
1144 937 1323 1007 palam
1361 939 1560 1006 opinor
1588 952 1686 993 eos
1720 939 2002 993 convictos
2026 981 2042 1006 ,

461 1025 555 1092 qni
584 1023 710 1077 hinc
750 1027 962 1080 ostendi
1005 1027 1327 1083 existimant
1361 1029 1504 1084 ﬁlios
1531 1030 1734 1103 diaboli
1763 1044 1850 1085 ex
1891 1043 2046 1086 crea-

463 1115 613 1170 tione
651 1132 793 1173 esse.

2149 571 2290 639 τρός
2321 585 2456 635 σου,
2487 569 2587 622 καὶ
2615 565 2839 621 ἄπελθε
2869 567 2958 631 είς
2985 563 3103 632 τὴν
3129 561 3244 633 γῆν
3269 560 3350 630 ἣν
3380 560 3458 614 ἄν
3477 575 3578 614 σοι
3612 557 3721 610 δείο

2151 663 2255 728 ξω.
2298 659 2555 732 Ἐξῆλθεν
2581 655 2674 714 οὖν
2717 657 2968 730 Ἀϐραὰμ
2999 657 3065 709 ἐκ
3091 655 3184 709 τοῦ
3216 655 3366 708 οῖ’κου
3393 651 3488 706 τοῦ
3527 649 3734 722 πατρὸς

2149 753 2338 819 αὑτοῦ,
2371 755 2511 824 ὅπερ
2539 753 2600 806 οὐ
2639 753 3005 822 πεποιήκασιν
3027 751 3075 802 οἰ
3111 747 3478 819 ἐλεγχόμενοι,
3527 745 3621 798 ἐπὶ
3660 742 3736 812 τῷ

2153 847 2230 920 μὴ
2284 845 2456 916 ὑγιῶς
2501 844 2818 916 εἰρηκέναι*
2878 842 2943 895 '0
3003 839 3203 908 πατὴρ
3255 838 3426 908 ἡμῶν
3487 833 3734 904 Ἀϐραάμ

2149 939 2343 994 ἐστιν.
2386 939 2450 992 Εἰ
2481 937 2591 1010 γὰρ
2622 936 2692 990 τὰ
2717 935 2883 989 τέκνα
2907 933 3004 987 τοῦ
3049 931 3300 1004 ’Δϐραὰμ
3326 931 3470 983 ποιεῖ
3498 929 3567 982 τὰ
3597 927 3734 1000 ἔργα

2151 1031 2247 1085 τοῦ
2293 1030 2544 1102 Ἀϐραὰμ
2569 1067 2586 1094 ,
2618 1027 2834 1100 πρῶτον
2878 1025 2936 1079 δὲ
2981 1023 3092 1078 τῶν
3127 1024 3305 1095 ἔργων
3347 1023 3463 1075 ἐστὶ
3502 1019 3564 1074 τὸ
3592 1019 3734 1087 ἐξελ-

2155 1121 2272 1178 θεῖν
2321 1123 2386 1176 ἐκ
2423 1121 2526 1192 τῆς
2577 1123 2683 1192 γῆς
2734 1118 2932 1174 ἑαυτοῦ
2959 1157 2976 1182 ,
3024 1116 3121 1172 καὶ
3152 1117 3218 1169 ἐκ
3257 1115 3357 1187 τῆς
3415 1112 3734 1182 συγγενείας

461 1210 692 1280 ἑαυτοῦ,
745 1219 838 1272 καὶ
869 1219 934 1272 ἐκ
963 1218 1058 1273 τοῦ
1091 1220 1241 1274 οῐκου
1288 1217 1384 1272 τοῦ
1424 1217 1631 1291 πατρὸς
1675 1217 1871 1272 ἐαυτοῦ
1895 1258 1911 1284 ,
1955 1219 2052 1272 καὶ
2091 1218 2348 1273 ἀπελθεῖν
2385 1220 2465 1282 εἰς
2504 1218 2604 1290 τὴν
2631 1218 2735 1288 γῆν
2767 1215 2834 1288 ἣν
2864 1215 3137 1268 δείκνυσιν
3193 1211 3344 1282 αύτῷ
3381 1212 3410 1264 6
3455 1208 3607 1274 Θεὸς,
3641 1212 3736 1264 καὶ⁸

461 1306 550 1360 διὰ
601 1310 763 1364 τοῦτο
817 1307 962 1365 οὗτοι
1008 1311 1146 1384 πρὸς
1198 1312 1293 1375 οὓς
1325 1315 1354 1366 6
1378 1312 1538 1382 λόγος
1571 1313 1884 1384 ἐλέγχονται
1915 1314 1992 1378 ὡς
2030 1313 2132 1367 οὐκ
2160 1312 2312 1377 ὄντες
2343 1312 2510 1367 τέκνα
2544 1311 2640 1366 τοῦ
2686 1309 2958 1383 Ἀϐραὰμ,
2991 1307 3182 1380 δῆλον,
3215 1307 3298 1360 ὅτι
3336 1305 3437 1358 οὐκ
3486 1303 3736 1374 ἐξεληλυ-

465 1395 618 1460 θότες
647 1400 713 1452 ἐκ
760 1401 855 1454 τοῦ
902 1401 1054 1456 οἴκου
1107 1402 1204 1456 τοῦ
1253 1403 1463 1475 πατρὸς
1503 1403 1715 1458 ἑαυτῶν
1737 1403 2109 1470 ὀνειδίζονται,
2136 1405 2212 1469 ὡς
2246 1405 2328 1458 ἐτι
2367 1403 2463 1458 τοῦ
2503 1401 2742 1474 πονηροῦ
2778 1400 2986 1472 πατρὸς
3025 1399 3207 1462 ὄντες,
3239 1397 3335 1452 καὶ
3381 1395 3462 1449 ἐτι
3514 1394 3729 1449 ποιοῦν-

462 1509 558 1556 τες
584 1494 651 1547 τὰ
677 1498 888 1550 ἐκείνου
923 1499 1018 1552 τοῦ
1051 1502 1260 1570 πατρὸς
1313 1500 1470 1571 ἔργα.
1501 1500 1722 1555 Τούτων
1750 1503 1886 1572 ἡμῖν
1915 1504 1996 1566 εἰς
2043 1500 2106 1555 τὸ
2133 1501 2298 1574 ρητὸν
2323 1498 2651 1573 εἰρημένων,
2705 1494 2894 1566 σαφῶς
2931 1490 3086 1565 οἶμαι
3118 1489 3435 1562 ἐλέγχεσθαι
3477 1488 3603 1554 τοὺς
3651 1505 3737 1544 νο-

467 1590 726 1661 μίζθντας
783 1591 1034 1646 ἐντεῦθεν
1088 1593 1454 1664 παρίστασθαι
1489 1593 1622 1666 (99),
1653 1595 1736 1649 ὅτι
1768 1594 1874 1648 εἰσί
1905 1611 2050 1658 τινες
2082 1596 2146 1648 ἐκ
2175 1593 2522 1663 κατασκευῆς
2548 1591 2656 1645 υἱοὶ
2683 1589 2777 1643 τοῦ
2800 1587 3067 1642 διαϐόλου.

539 1682 628 1736 14.
678 1681 936 1736 Dixerunt
965 1699 1087 1752 ergo
1117 1685 1237 1738 illi:
1267 1684 1382 1738 Nos
1423 1700 1490 1740 ea:
1526 1695 1709 1754 stupro
1735 1702 1839 1739 non
1863 1701 2045 1740 sumus

2222 1683 2310 1738 14.
2349 1679 2544 1737 Εἶπον
2575 1678 2692 1736 οὖν
2735 1678 2924 1745 αὐτῷ·
2967 1677 3164 1748 Ἡμεῖς
3218 1676 3289 1730 ἐκ
3333 1674 3618 1743 πορνείας
3661 1674 3736 1728 οὐ

461 1773 574 1826 nati
602 1789 620 1836 ;
646 1787 806 1824 unum
828 1785 1027 1840 patrem
1056 1773 1309 1829 habemus
1359 1774 1527 1829 Deum
1563 1775 1633 1830 ⁸⁸.
1671 1775 1868 1844 Quaero
1915 1792 2045 1831 num

463 1862 608 1919 forte
653 1862 824 1918 Jndzei
870 1865 944 1918 illi
989 1867 1082 1935 qui
1135 1867 1397 1922 dicuntur
1444 1868 1680 1924 Domino
1725 1869 2046 1932 credidisse.

466 1957 737 2026 redarguti
776 1960 920 2026 quod
959 1975 1066 2012 non
1118 1958 1231 2013 sint
1273 1958 1366 2012 lilii
1421 1953 1743 2024 Abraham,
1793 1960 2049 2016 acerbius

463 2061 571 2101 non
614 2049 977 2118 respondeant
1010 2049 1110 2115 illi,
1152 2057 1297 2105 tecte
1353 2050 1646 2107 innuentes
1696 2051 2046 2107 Servatorem

461 2151 526 2190 es
559 2145 750 2207 stupro
770 2149 958 2193 natum
989 2138 1196 2195 fuisse:
1226 2141 1330 2196 hoc
1369 2143 1733 2212 suspicantes,
1771 2154 1829 2198 ut
1851 2145 2052 2213 proba-

462 2229 571 2284 bile
596 2239 699 2296 est,
752 2231 901 2301 quod
933 2232 1208 2286 admissus
1237 2247 1341 2286 non
1389 2234 1554 2288 fuerit
1593 2235 1828 2290 celebris
1883 2243 2049 2305 atque

462 2318 773 2387 divulgatus
809 2321 952 2375 illius
981 2333 1138 2376 ortus
1169 2338 1233 2376 ex
1283 2323 1526 2394 Virgine.
1562 2324 1870 2380 Admodum
1899 2327 2047 2380 enim

462 2420 662 2479 praeter
692 2411 956 2465 rationem
1000 2421 1164 2480 atque
1213 2422 1413 2480 praeter
1454 2430 1566 2469 rem
1601 2416 1667 2470 de
1707 2430 1812 2484 qua
1848 2415 2046 2484 agitur,

462 2501 720 2554 videntur
745 2503 871 2555 mihi
914 2503 1030 2557 haec
1065 2504 1228 2556 verba
1263 2504 1360 2572 ipsi
1392 2503 1666 2572 eﬂntisse,
1705 2521 1830 2560 cum
1873 2521 2051 2575 neque

463 2591 531 2645 ad
574 2592 890 2660 superiora,
942 2608 1120 2661 neque
1179 2605 1586 2664 consequenter
1651 2595 2051 2663 posterioribus

465 2683 671 2738 dictum
727 2683 896 2739 fuisse
949 2687 1162 2755 possit,
1223 2705 1288 2745 ac
1341 2703 1408 2744 ne
1439 2687 1775 2756 simpliciter
1830 2687 2048 2758 quidem

466 2773 700 2843 intelligi
728 2776 856 2831 illud
881 2817 896 2841 ,
946 2793 1042 2833 nos
1067 2795 1133 2833 ea:
1161 2791 1343 2852 stupro
1369 2797 1471 2835 non
1512 2796 1693 2834 sumus
1727 2781 1859 2844 nati,
1905 2779 2048 2849 quod

465 2869 570 2938 ipsi
627 2872 904 2930 dixerunt.
939 2873 1081 2940 Quin
1119 2879 1281 2930 ctiam
1331 2878 1586 2947 quoniam
1638 2886 1850 2946 patrem
1894 2891 2050 2930 suum

466 2961 684 3017 dicebat
711 2963 883 3019 Deum
925 2967 1207 3034 Servator,
1235 2970 1508 3023 neminem
1532 2969 1808 3023 hominem
1839 2977 2050 3036 patrem

467 3057 552 3110 sui
587 3059 758 3127 ipsius
798 3060 1093 3126 conﬁtens,
1127 3060 1411 3130 probabile
1439 3061 1708 3129 est-ipsos
1743 3059 1818 3114 illi
1866 3059 2050 3121 dicto.
2078 3043 2120 3100 (ἶ

469 3167 564 3203 nos
597 3167 663 3205 ea:
712 3162 893 3219 stupro
923 3171 1028 3208 non
1066 3171 1246 3208 sumus
1293 3156 1430 3220 nati,
1463 3153 1794 3223 subjungere
1832 3167 2049 3207 rursum

471 3242 715 3298 infensos
759 3245 927 3309 illud,
958 3263 1123 3300 unum
1157 3260 1357 3317 patrem
1393 3249 1647 3302 habemus
1688 3245 1892 3310 Deum,
1928 3253 2052 3298 tan-

471 3349 641 3404 quam
673 3337 718 3390 si
757 3337 1006 3391 dicerent
1039 3355 1055 3394 :
1093 3337 1202 3394 Nos
1236 3340 1418 3410 potius
1458 3353 1621 3410 quam
1660 3346 1744 3402 tu,
1789 3337 2054 3392 habemus

471 3441 638 3482 nnnm
664 3441 875 3498 patrem
912 3430 1100 3495 Deum,
1126 3432 1216 3501 qui
1255 3441 1310 3486 te
1335 3439 1517 3486 ortum
1541 3430 1697 3486 .dicis
1718 3445 1791 3484 ex
1818 3427 2053 3497 virgine,

469 3535 594 3574 cum
636 3531 794 3577 natus
821 3522 898 3577 sis
937 3539 1006 3577 ex
1047 3522 1568 3592 fornicatione;qui
1609 3523 1773 3578 etiam
1814 3521 1956 3576 dicis
2002 3531 2055 3572 te

471 3626 640 3668 unum
673 3613 852 3670 solum
890 3612 1104 3669 Patrem
1134 3614 1333 3670 habere
1362 3617 1556 3680 Deum.
1613 3613 1738 3685 quia
1783 3613 1960 3684 jactes
2004 3622 2055 3666 te

471 3717 656 3760 natum
695 3722 764 3761 ex
799 3707 1054 3774 virgine;
1093 3709 1390 3764 fatentibus
1433 3707 1638 3778 alioqui
1679 3706 1837 3762 nobis
1884 3705 2054 3760 Deum

469 3808 708 3867 patrem,
736 3814 842 3853 non
882 3810 1064 3855 tamen
1101 3800 1428 3872 negantibus
1448 3799 1726 3863 hominem
1765 3799 1930 3852 etiam
1956 3813 2057 3854 nos

471 3890 676 3946 habere
700 3903 932 3962 patrem.
967 3892 1074 3948 Sed
1107 3894 1253 3948 dicet
1279 3892 1480 3964 aliquis
1515 3891 1632 3946 haec
1655 3891 1740 3948 sic
1779 3891 2055 3946 intellecta

471 3999 578 4037 non
622 3999 784 4052 posse
841 4000 964 4040 esse
1019 3987 1185 4041 verba
1233 4000 1426 4041 eorum
1457 3982 1791 4051 Judazornm,
1839 3985 1932 4055 qui
1980 3984 2054 4039 illi

469 4075 834 4130 crediderant.
863 4076 942 4130 Ad
973 4079 1115 4147 quod
1146 4064 1431 4131 dicendum
1464 4087 1547 4130 est
1575 4077 1720 4146 quod
1751 4091 1876 4130 cum
1909 4076 2061 4145 prin-

471 4165 616 4234 cipio
645 4168 849 4224 dictum
901 4169 1096 4223 fuisset
1150 4169 1255 4222 illis
1297 4167 1426 4222 illud
1463 4184 1482 4228 ξ
1519 4169 1579 4223 Si
1626 4184 1716 4221 vos
1745 4169 2058 4221 manseritis

470 4257 531 4312 in
563 4274 799 4312 sermone
822 4275 958 4324 meo,
988 4275 1104 4314 vere
1130 4258 1376 4321 discipuli
1400 4259 1502 4312 mei
1531 4258 1702 4322 eritis,
1726 4269 1775 4311 et
1805 4273 2059 4327 agnosce-

472 4347 540 4402 Iis
573 4349 840 4403 veritatem
869 4349 936 4411 ⁸³,
959 4349 1182 4420 perinde
1210 4363 1273 4401 ac
1312 4357 1531 4418 possent
1570 4361 1792 4401 manere
1831 4347 1883 4401 in
1938 4361 2057 4402 ser-

475 4454 637 4493 mone
665 4437 815 4506 Jesu,
845 4452 902 4494 et
930 4456 1036 4495 non
1075 4455 1296 4494 manere
1319 4480 1334 4504 ,
1366 4455 1473 4493 non
1505 4437 1882 4492 diiﬁcillitnum
1911 4437 2056 4494 factu

471 4546 596 4585 esse
615 4533 878 4602 quosdam
910 4533 1232 4602 redargntos
1272 4547 1378 4585 non
1420 4533 1685 4584 mansisse
1719 4530 1771 4584 in
1801 4545 2058 4585 sermone

473 4620 685 4689 ipsius;
725 4635 959 4692 cumque
986 4635 1092 4675 non
1139 4622 1492 4685 mansissent,
1536 4619 1785 4675 acerbius
1807 4630 1861 4675 et
1892 4635 2053 4690 [θρα-ι

473 4721 708 4780 gnanter
747 4711 880 4766 Illud
923 4712 1169 4767 dixisse:
1202 4709 1318 4766 Nos
1369 4728 1435 4766 ea:
1479 4723 1663 4780 stupro
1712 4728 1816 4765 non
1873 4729 2056 4765 sumus

475 4803 625 4868 uati;
665 4821 828 4857 unum
859 4814 1062 4872 patrem
1093 4805 1347 4858 habemus
1373 4803 1561 4858 Deum.
1597 4804 1859 4859 Videntur
1875 4816 2054 4858 autem

477 4892 612 4946 mihi
646 4895 1046 4949 contentiosins
1068 4910 1286 4965 quoque
1322 4897 1711 4966 resp0ndisse;
1745 4910 1874 4950 cum
1907 4897 2054 4949 enim

547 4986 593 5017 ⁸²
632 4984 788 5040 Juan.
819 5004 937 5051 VIII,
965 4991 1055 5042 41.
1131 4993 1178 5023 ⁸³
1202 4992 1332 5046 ibid.
1373 4991 1462 5053 3i,
1487 4991 1576 5045 52.

548 5080 660 5144 (99)
711 5084 857 5146 Τοὺς
897 5081 1244 5150 νομίζοντας
1289 5082 1593 5146 ἐντεῦθεν.
1625 5082 2051 5149 παρίστασθαι,

473 5160 582 5202 etc.
616 5153 650 5202 It
681 5165 836 5204 erant
873 5154 1254 5220 Valentiniani,
1298 5156 1389 5222 qui
1425 5155 1552 5217 τοὺς
1583 5151 1803 5215 ὑλικούς
1841 5152 2057 5206 diabolo

477 5230 772 5292 prognatos
805 5223 1101 5292 ﬁngebant,
1139 5227 1206 5277 ad
1239 5240 1402 5279 omne
1463 5226 1665 5276 bonum
1725 5224 1955 5290 ineptos,
1989 5223 2054 5272 ad

477 5291 679 5344 malum
702 5291 1022 5360 propensos,
1051 5296 1114 5346 ad
1143 5300 1370 5361 peccata‘
1389 5303 1544 5348 natos
1568 5303 1622 5348 et
1647 5293 1714 5346 ad
1741 5292 2056 5361 interitum;

477 5362 564 5413 cui
594 5363 859 5416 doctrinae
883 5363 1084 5430 parilla
1111 5360 1213 5417 fuit
1241 5364 1520 5418 Gallorum
1553 5362 1936 5430 quorumdam.
1963 5360 2054 5428 qui

479 5446 545 5483 ex
580 5430 716 5502 male
747 5433 1039 5486 intellectis
1061 5433 1338 5502 aliquibus
1382 5433 1669 5502 Augustini
1707 5430 1937 5502 inlibro
1985 5430 2059 5502 De

478 5501 947 5567 pra'deslt'natt'one
976 5501 1285 5556 sanctarum
1313 5501 1652 5564 locis,’liheri
1707 5501 1920 5555 arbitrii
1985 5501 2057 5553 ita

481 5569 857 5640 inlringebaut
889 5576 1050 5637 ιιι-οε,
1082 5575 1347 5635 etgratis:
1375 5572 1678 5628 subsidium
1711 5580 1819 5624 tam
1869 5570 2060 5640 paucis

483 5641 874 5708 largiebantur,
912 5653 969 5696 ut
995 5658 1133 5711 quos
1167 5645 1307 5697 Deus
1347 5641 1616 5712 perditum
1651 5641 1716 5694 iri
1783 5642 2063 5709 prazscive-

481 5714 578 5776 rit,
606 5724 702 5764 eos
735 5714 898 5765 etiam
931 5714 998 5764 ad
1037 5713 1394 5782 perditionem
1426 5712 1875 5780 praedestinasse;
1900 5725 2064 5782 quos-

484 5796 592 5848 (με
617 5782 685 5834 ad
716 5783 1060 5853 supplicium,
1083 5797 1178 5836 eos
1204 5784 1371 5839 etiam
1416 5783 1485 5839 ad
1528 5792 1812 5852 peccatum
1845 5781 2059 5853 praede-

477 5855 720 5912 .sttnasse
751 5853 965 5908 vellent.
997 5851 1262 5908 "UETIUS.

2149 1772 2570 1846 γεγεννήμεθα,
2601 1771 2710 1825 ἕνα
2735 1770 2962 1838 πατέρα
2993 1768 3215 1838 ἔχομεν
3236 1765 3346 1820 τὸν
3377 1766 3546 1818 Θεόν.
3577 1764 3738 1836 Ζητῶ

2151 1867 2362 1938 μήποτε
2385 1905 2402 1930 ,
2441 1862 2793 1934 ἐλεγχθέντες
2819 1861 2896 1926 ὡς
2930 1861 2993 1914 οὐ
3025 1860 3192 1913 τέκνα
3215 1857 3292 1930 (1)
3315 1855 3410 1911 τοῦ
3461 1855 3734 1930 Ἀϐραὰμ,

2149 1961 2478 2030 πικρότερον
2512 1955 2901 2028 ἀποκρίνονται
2941 1955 2993 2008 oi
3036 1953 3320 2024 λεγόμενοι
3376 1949 3738 2004 πεπιστευκέ-

2149 2069 2237 2106 ναι
2271 2050 2422 2121 αύτῷ
2462 2049 2729 2114 Ἰουδαῖοι,
2758 2044 3344 2120 παρακεκαλυμμένως
3371 2045 3736 2115 αἰνισσόμενοι

2150 2145 2215 2196 ἐκ
2247 2143 2509 2214 πορνείας
2537 2140 2898 2212 γεγεννῆσθαι
2925 2138 3016 2193 τὸν
3051 2138 3278 2208 Σωτῆρα
3295 2175 3311 2201 ,
3341 2135 3418 2199 ὼς
3441 2137 3587 2200 εἰκὸς
3614 2136 3734 2190 τοῦ-

2148 2252 2211 2288 το
2254 2233 2611 2296 ὑπονοοῦντες
2648 2231 2727 2303 τῷ
2760 2231 2835 2303 μὴ
2869 2231 3273 2303 παραδέχεσθαι
3312 2229 3410 2303 τὴν
3451 2229 3737 2300 διαϐόητον

2149 2326 2246 2379 καὶ
2267 2324 2714 2397 τεθρυλλημένην
2745 2323 2912 2380 αὑτοῦ
2944 2324 3200 2396 γέννησιν
3226 2326 3300 2398 (2)
3338 2326 3403 2379 ἐκ
3439 2323 3540 2396 τῆς
3587 2324 3732 2393 Παρ-

2151 2418 2327 2473 θένου.
2377 2417 2489 2472 Καὶ
2523 2417 2634 2489 γὰρ
2683 2418 2829 2472 πάνυ
2886 2427 2994 2489 μοι·
3025 2418 3276 2488 φαίνεται
3315 2419 3510 2489 ἄλογον
3560 2416 3736 2471 ταῦτα

2151 2510 2350 2573 αὐτοὺς
2393 2509 2698 2582 ἀπορρίψαι
2737 2509 2806 2562 τὰ
2839 2512 3060 2581 ῥήματα
3094 2510 3231 2582 πρὸς
3265 2510 3426 2575 έπος·
3466 2509 3591 2563 οὔτε
3627 2509 3736 2580 γὰρ

2152 2601 2291 2674 πρὸς
2326 2602 2396 2655 τὰ
2417 2603 2680 2675 πρότερα,
2715 2601 2839 2656 οὔτε
2871 2602 3180 2666 ἀκολούθως
3202 2606 3312 2667 τοῖς
3337 2602 3464 2673 ἑξῆς
3485 2602 3737 2674 εἰρῆσθαι

2150 2695 2395 2761 δύναται,
2435 2695 2470 2767 ἢ
2517 2695 2889 2767 ἁπλούστερον
2929 2694 3185 2766 νοηθῆναι
3209 2695 3270 2748 τό
3295 2696 3393 2766 (5)·
3427 2694 3628 2764 Ἡμεῖς
3668 2694 3738 2748 ἐκ

2152 2788 2434 2855 πορνείας
2483 2788 2557 2841 οὐ
2591 2787 3011 2857 γεγεννήμεθα,
3029 2786 3089 2840 τὸ
3115 2787 3402 2860 εἰρημένον
3424 2785 3736 2842 ὑπἀὐτῶν.

2165 2877 2326 2932 Ἀλλὰ
2365 2878 2459 2932 καὶ
2488 2878 2612 2931 ἐπεὶ
2642 2877 2854 2950 πατέρα
2903 2878 3032 2932 ῐδιον
3074 2878 3228 2948 ἔλεγε
3260 2877 3352 2932 τὸν
3390 2877 3524 2931 Θεὸν
3556 2880 3584 2931 6
3626 2878 3739 2930 Σω-

2154 2969 2258 3042 τὴρ
2279 3009 2295 3036 ,
2321 2971 2512 3025 οὐδένα
2558 2970 2847 3043 ἄνθρωπον
2877 2971 3091 3043 πατέρα
3130 2965 3269 3025 εἶναι
3318 2970 3514 3024 ἑαυτοῦ
3545 2969 3738 3041 ὁμολο-

2154 3063 2266 3134 γῶν
2301 3063 2391 3117 διὰ
2418 3065 2512 3117 τό·
2557 3063 2754 3133 Ἡμεῖς
2785 3063 2855 3118 ἐκ
2884 3065 3169 3132 πορνείας
3198 3065 3269 3118 οὐ
3296 3062 3700 3134 γεγεννήμεθα
3720 3101 3737 3128 ,

2154 3155 2304 3221 εἰκὸς
2339 3156 2538 3219 αὐτοὺς
2580 3156 2867 3228 ἐπιφέρειν
2923 3155 3086 3210 πάλιν
3141 3155 3583 3226 προσκρούοντας
3633 3154 3695 3207 τό
3720 3170 3736 3186 ·

2157 3250 2306 3304 Ἕνα
2350 3247 2578 3316 πατέρα
2630 3248 2854 3318 ἔχομεν
2910 3247 3020 3302 τὸν
3091 3249 3272 3302 Θεόν·
3337 3247 3471 3300 ὡσεὶ
3531 3247 3735 3315 ἔλεγον·

2167 3342 2362 3414 Ἡμεῖς
2421 3342 2624 3414 μᾶλλον
2669 3343 2770 3396 ἕνα
2807 3342 3023 3413 πατέρα
3054 3341 3252 3412 ἔχομεν
3286 3340 3378 3394 τὸν
3419 3339 3553 3393 Θεὸν
3595 3339 3742 3410 ἥπερ

2159 3437 2223 3490 σὺ
2247 3475 2263 3500 ,
2305 3437 2334 3489 ὁ
2387 3428 2610 3505 φάσκων
2667 3436 2767 3507 μὲν
2811 3437 2876 3490 ἐκ
2919 3433 3188 3506 παρθένου
3231 3431 3633 3503 γεγεννῆσθαι,
3676 3433 3742 3484 ἐκ

2159 3528 2416 3600 πορνείας
2445 3528 2504 3581 δὲ
2529 3528 2961 3599 γεγεννημένος,
3011 3527 3106 3580 καί⁵
3138 3525 3229 3580 διὰ
3257 3525 3319 3579 τὸ
3349 3525 3538 3596 αύχείν
3576 3522 3638 3577 τὸ
3676 3523 3742 3577 ἐκ

2159 3620 2428 3693 παρθένου
2458 3619 2818 3691 γεγεννῆσθαι
2853 3617 3028 3687 λέγων
3057 3617 3154 3671 ἕνα
3179 3615 3390 3686 πατέρα
3430 3615 3596 3685 ἔχειν,
3646 3615 3742 3686 μό-

2157 3730 2248 3766 νον
2277 3713 2370 3766 τὸν
2395 3712 2550 3776 Θεὸν,
2575 3711 2682 3765 τῶν
2703 3709 3108 3782 ὁμολογούντων
3135 3707 3208 3780 (4)
3238 3706 3329 3761 τὸν
3355 3706 3568 3778 πατέρα
3587 3704 3739 3767 Θεὸν,

2157 3803 2260 3856 οὐκ
2298 3801 2648 3875 ἀρνουμένων
2690 3800 2786 3855 καὶ
2833 3799 3121 3872 ἄνθρωπον
3159 3798 3388 3867 πατέρα.
3442 3795 3582 3849 Ἀλλ’
3629 3797 3742 3867 ὲρεί

2156 3914 2276 3962 τις,
2325 3895 2409 3950 ὅτι
2443 3894 2586 3949 αὐτὰ
2621 3895 2765 3948 οὕτω
2793 3893 3061 3965 νοούμενα
3097 3892 3157 3945 ού
3192 3891 3415 3946 δύναται
3460 3885 3600 3943 εἶναι
3645 3889 3741 3961 ῥή-

2163 4005 2309 4058 ματα
2333 3989 2442 4042 τῶν
2475 3986 2920 4042 πεπιστευκότων
2953 3983 3103 4056 αὐτῷ
3149 3983 3436 4039 Ἰουδαίων.
3472 3981 3584 4034 Καὶ
3608 3979 3741 4052 πρὸς

2157 4079 2316 4134 τοῦτο
2345 4079 2402 4133 δέ
2432 4079 2671 4145 λεκτέον,
2694 4080 2800 4143 ὅτι,
2825 4076 3116 4148 εἰρημένου
3140 4075 3198 4127 έν
3220 4077 3286 4145 τῇ
3313 4074 3455 4146 ἀρχῇ
3484 4070 3577 4124 τοῦ
3608 4069 3740 4142 πρὸς

2159 4169 2360 4233 αὐτοὺς
2386 4169 2572 4238 λόγου,
2605 4167 2700 4222 τοῦ
2719 4186 2733 4199 ·
2778 4168 2922 4222 Ἐὰν
2952 4164 3122 4236 ὑμεῖς
3143 4165 3388 4235 μείνητε
3416 4163 3488 4217 ἐν
3522 4159 3604 4226 τῷ
3637 4159 3740 4214 λό-

2160 4277 2243 4331 γῳ
2273 4259 2354 4326 τῷ
2380 4258 2501 4329 ἐμῷ
2519 4299 2534 4324 ,
2569 4257 2806 4326 ἀληθῶς
2827 4258 3092 4328 μαθηταί
3131 4272 3251 4325 μου
3270 4251 3431 4319 ἐστὲ,
3461 4251 3557 4306 καὶ
3591 4248 3739 4320 γνώ-

2161 4355 2348 4407 σεσθε
2384 4349 2500 4419 τὴν
2540 4349 2830 4416 ἀλήθειαν
2853 4388 2870 4414 ,
2915 4348 2991 4412 ὡς
3052 4347 3148 4401 καὶ
3205 4344 3518 4415 δυναμένων
3564 4342 3740 4395 αὐτῶν

2167 4443 2348 4515 μένειν
2382 4445 2440 4496 ἐν
2468 4441 2546 4514 τῷ
2596 4441 2771 4512 Ἰησοῦ
2817 4440 2980 4510 λόγῳ,
3012 4439 3108 4492 καὶ
3139 4437 3214 4510 μὴ
3239 4437 3441 4508 μένειν,
3475 4435 3578 4490 οὐκ
3615 4432 3738 4488 ἀδύ-

2163 4549 2323 4585 νατον
2348 4527 2418 4602 ἦν
2441 4549 2592 4596 τινας
2631 4533 2696 4584 ἐκ
2736 4529 2846 4582 τῶν
2878 4529 3251 4600 ἐλεγχομένων
3281 4525 3357 4598 (5)
3397 4526 3472 4597 μὴ
3505 4541 3739 4596 μεμενη-

2162 4624 2315 4680 κέναι
2349 4623 2515 4678 αύτοῦ
2555 4623 2615 4676 ἐν
2656 4620 2736 4694 τῷ
2771 4622 2935 4691 λόγῳ,
2985 4621 3080 4674 καὶ
3122 4618 3196 4691 μὴ
3235 4617 3524 4689 μείναντας
3553 4614 3722 4686 πικρό

2162 4731 2319 4786 τερον
2349 4716 2445 4768 κα)⁵
2477 4712 2960 4786 προσκρουστικῶς
2999 4710 3278 4783 εἰρηκέναι
3314 4709 3393 4762 τό·
3444 4706 3632 4777 Ἡμεῖς
3676 4706 3739 4759 ἐκ

2164 4807 2446 4875 πορνείας
2465 4808 2538 4861 οὐ
2570 4801 2971 4876 γεγεννήμεθα
2992 4802 3090 4872 (6),
3120 4802 3229 4856 ἕνα
3253 4799 3482 4867 πατέρα
3525 4798 3739 4867 ἔχομεν

2165 4897 2272 4952 τὸν
2305 4899 2474 4954 Θεόν.
2511 4899 2672 4952 Δοκεῖ
2699 4897 2758 4951 δέ
2789 4914 2879 4968 μοι
2899 4897 3009 4963 ,ὅτι
3035 4897 3130 4949 καὶ
3159 4893 3589 4965 φιλονεικότερον
3609 4892 3737 4946 ἀπε.

2235 5081 2313 5149 (l)
2359 5079 2454 5144 Ὠς
2481 5080 2554 5132 οὐ
2583 5076 2786 5132 τέκνα.
2823 5075 2899 5149 ln_
2927 5075 3168 5149 editione
3218 5073 3399 5132 Huetii
3457 5075 3612 5131 deest
3662 5073 3751 5147 οὐ,

2163 5146 2305 5220 quod
2336 5149 2531 5220 legitur
2566 5150 2616 5220 in
2658 5150 2846 5220 codice
2869 5146 3186 5220 Bodleiano.

2203 5219 2314 5342 ἑά)
2345 5214 2528 5274 Codex
2587 5217 2937 5284 Bodleianus,
2990 5217 3262 5288 γέννησιν’
3317 5215 3488 5272 editio
3540 5214 3737 5271 Huctii.

2232 5306 2400 5342 νεσιν.

2232 5306 2400 5344 νεσιν.

2163 5307 2518 5428 “gibbam
2551 5357 2899 5420 Bodleianus,
2933 5354 3216 5428 νοηθῆναιή
3245 5354 3474 5428 Regius,
3497 5354 3738 5428 νοηθείη.

2262 5361 2295 5415 5
2340 5361 2518 5414 Codex
2551 5361 2899 5420 Bodleianus,
2933 5373 2994 5410 νο
3034 5361 3214 5426 θῆναιο
3246 5361 3326 5409 Re
3369 5361 3474 5418 ius,
3497 5361 3738 5428 νοηθείη.

2237 5361 2316 5502 ξιξ
2349 5427 2471 5483 Τῶν
2507 5373 3290 5498 ὀμολογούντων.ἓέι·ιέτίυε
3331 5370 3556 5497 ῗεεεδει
3589 5425 3750 5497 ἡμῶν

2162 5503 2191 5555 6
2197 5501 2588 5574 μολογούνξιτωνἶ

2239 5564 2536 5642 (5)Ὀοι1εκ
2575 5569 2921 5642 Bodleianus,
2943 5567 3019 5642 ἐκ
3040 5564 3152 5642 τῶν
3183 5564 3586 5638 ἐλεγχομένων·
3635 5565 3734 5619 lie-

2165 5637 2381 5713 gius'et
2413 5640 2771 5713 Barberinus,
2806 5640 2871 5691 ἐκ
2897 5637 3008 5690 τῶν
3035 5637 3295 5713 ἐλέγχων.

2237 5710 2315 5780 (6)
2344 5711 2528 5765 Codex
2561 5710 2910 5774 Bodleianus.
2944 5705 3316 5780 γεγεννήμεθα
3338 5723 3352 5738 ·
3376 5705 3619 5779 βεβὼς,
3647 5719 3738 5774 γε·

2166 5776 2467 5855 γενήμεθα.
