4196 6368
487 261 588 318 609

1543 261 1903 317 COMMENT.
1941 259 2004 314 ΙΝ
2045 257 2236 316 JOAN.
2277 256 2514 313 TOMUS
2548 257 2665 316 XX.

3632 258 3739 313 6i0

487 386 768 456 κρίναντο·
808 385 1050 448 είπόντες
1073 383 1182 456 γὰρ
1216 385 1775 456 πρότερον·ιΣπέρμα
1821 384 2065 451 Ἀϐραάμ

2171 391 2332 436 antea
2366 381 2690 436 dixissent?
2707 380 2896 435 Semen
2922 377 3152 432 Abrahae
3173 393 3354 432 sumus
3399 376 3466 443 ⁸⁵,
3501 385 3557 434 et
3583 379 3742 449 quasi

481 477 670 546 ἐσμεν
690 515 705 538 ,
757 477 852 530 καὶ
897 473 1008 529 οἷον
1052 476 1212 529 τοῦτο
1261 479 1584 547 τρανότερον
1629 475 2064 546 ὁμολογήσαντες

482 568 571 623 διὰ
592 567 710 620 τοῦ’
735 568 797 620 '0
828 567 1020 636 πατὴρ
1045 566 1216 638 ἡμῶν
1239 566 1495 636 Ἀϐραάμ
1520 567 1710 633 ἐστιν,
1733 566 2064 628 ἀκούσαντες

483 659 624 730 πρὸς
653 659 812 712 τοῦτο
837 659 928 712 τό·
979 663 1047 713 Ei
1082 659 1264 712 τέκνα
1297 659 1403 714 τοῦ
1452 658 1708 728 Ἀϐραάμ
1758 659 1934 723 ἐστε,
1991 658 2066 712 τὰ

481 751 629 820 ἔργα
662 751 768 804 τοῦ
820 751 1075 820 Ἀϐραὰμ
1117 750 1370 816 ποιεῖτε,
1421 749 1641 822 μείζονα
1679 752 1771 805 τοῦ
1815 750 2065 822 Ἀδραὰμ

481 840 833 912 ὁμολογοῦσιν
862 841 1068 895 ἑαυτῶν
1094 837 1233 895 εἶναι
1265 841 1356 895 τὸν
1386 841 1600 914 πατέρα
1624 842 1891 910 λέγοντεςο
1914 842 2066 896 Ἕνα

485 933 710 1000 πατέρα
752 932 971 1002 ἔχομεν
1006 933 1112 986 τὸν
1147 935 1316 988 Θεόν.
1355 933 1510 1004 Τάχα
1532 934 1588 987 δὲ
1613 934 1702 988 διὰ
1729 934 1790 986 τὸ
1826 933 1935 987 τῶν
1971 935 2064 987 ἁν-

483 1024 719 1097 θρώπων
761 1025 915 1089 τινὰς
951 1025 1052 1096 μὲν
1082 1021 1219 1079 εἶναι
1260 1028 1326 1080 ὲκ
1381 1027 1477 1080 τοῦ
1525 1027 1770 1086 διαϐόλου
1795 1067 1810 1091 ,
1847 1027 2066 1098 ἐτέρους

480 1115 540 1170 δὲ
569 1113 926 1186 γεγεννῆσθαι
965 1115 1030 1168 ἐκ
1059 1115 1154 1168 τοῦ
1187 1115 1344 1179 Θεοῦ,
1379 1117 1587 1181 πάντας
1613 1119 1678 1171 ἂν
1698 1117 1867 1187 ὑγιῶς
1891 1118 2065 1187 λέγοι-

486 1224 587 1278 μεν
625 1209 750 1271 τοὺς
792 1207 866 1280 μὴ
920 1209 1356 1280 γεγεννημένους
1407 1211 1473 1263 ὲκ
1513 1210 1608 1262 τοῦ
1643 1210 1799 1276 Θεοῦ,
1829 1211 1894 1264 ὲκ
1931 1227 2064 1281 πορ-

482 1305 632 1370 νείας
679 1305 1060 1376 γεγεννῆσθαι.
1123 1305 1197 1359 Οὐ
1235 1305 1349 1376 γὰρ
1405 1306 1472 1359 ὲκ
1519 1305 1770 1378 νύμφης,
1819 1305 1934 1358 ἀλλ’
1999 1307 2064 1358 ὲκ

481 1398 688 1471 πόρνης
730 1399 830 1469 τῆς
874 1396 1005 1470 ὕλης
1043 1397 1136 1462 οὒς
1171 1399 1338 1469 γεννᾷ
1375 1398 1451 1470 (7)
1492 1401 1521 1452 6
1566 1399 1874 1470 διάδολοςῆ
1920 1401 2065 1452 ποιεῖ

479 1491 606 1553 τοὺς
645 1489 707 1554 ἐξ
742 1487 933 1554 αὐτοῦ,
973 1475 1170 1553 οἵτινες
1196 1489 1292 1544 καὶ
1323 1493 1436 1554 τοῖς
1461 1494 1792 1562 σωματικοῖς
1821 1508 2065 1562 προσπε-

482 1579 778 1648 πονθότες,
815 1581 912 1634 καὶ
963 1578 1380 1652 προσηλωμένοι
1431 1579 1728 1635 κολλῶνται
1779 1585 1844 1654 τῇ
1889 1582 2064 1654 πόρνῃ

483 1670 584 1746 ὕλῃ
607 1711 623 1736 ,
665 1674 946 1742 γενόμενοι
985 1672 1120 1744 πρὸς
1172 1671 1340 1743 αὐτὴν
1381 1671 1440 1725 ἓν
1477 1673 1636 1743 σῶμα
1659 1713 1675 1738 ,
1710 1673 1818 1728 τῶν
1861 1673 1926 1726 ὲκ
1967 1671 2062 1726 τοῦ

480 1760 615 1815 Θεοῦ
648 1761 1064 1833 γεγεννημένων
1099 1762 1486 1832 ἀφισταμένων
1520 1763 1617 1834 τῆς
1642 1766 1849 1836 πόρνης
1889 1763 2022 1835 ὕλης
2045 1806 2060 1830 ,

479 1851 949 1924 καὶοκολλωμένων
970 1852 1048 1924 τῷ
1069 1854 1279 1925 Κυρίῳ,
1298 1855 1392 1908 καὶ
1412 1855 1714 1926 ὲνουμένων
1734 1855 1811 1926 τῷ
1835 1859 1893 1910 ὲν
1919 1857 2061 1928 ἀρχῇ

480 1944 618 2016 πρὸς
645 1943 738 1998 τὸν
771 1944 902 1997 Θεὸν
935 1945 1114 2016 Λόγῳ,
1148 1946 1244 2000 καὶ
1267 1949 1332 2018 τῇ
1357 1947 1518 2018 σοφίᾳ
1549 1947 1735 2012 αὑτοῦ,
1763 1948 1830 2019 ἣν
1849 1948 2064 2002 ἔκτισεν

480 2037 654 2108 ἀρχὴν
675 2037 809 2092 ὁδῶν
829 2036 996 2092 αὑτοῦ
1029 2039 1108 2102 είς
1139 2037 1277 2109 ἔργα
1306 2036 1494 2100 αὐτοῦ,
1523 2039 1609 2092 ἵνα
1635 2039 1900 2108 γένωνται
1927 2039 2064 2112 πρὸς

481 2126 651 2198 αὐτὴν
669 2126 727 2181 ἒν
755 2127 990 2198 πνεῦμα·
1017 2128 1080 2182 ’0
1107 2129 1225 2198 μὲν
1245 2129 1352 2202 γὰρ
1375 2130 1756 2199 κολλώμενος
1775 2130 1850 2200 τῇ
1871 2133 2063 2200 πόρνῃ

479 2217 551 2272 ἓν
590 2217 763 2288 σῶμά
812 2220 1003 2274 ἐστιν·
1048 2223 1082 2275 ὀ
1118 2220 1186 2274 δὲ
1230 2219 1612 2292 κολλώμενος
1654 2223 1736 2289 τῷ
1761 2223 1959 2292 Κυρίῳ
1995 2223 2065 2278 ἓν

482 2311 720 2381 πνεῦμά
753 2312 941 2367 ἐστιν.

560 2403 648 2457 15.
689 2400 876 2458 Εἶπεν
900 2403 1104 2470 αὐτοῖς
1138 2407 1172 2458 ὁ
1215 2405 1463 2473 Ἰησοῦς
1499 2408 1570 2461 El
1605 2408 1638 2461 ό
1680 2407 1823 2473 Θεὸς
1870 2406 2065 2475 πατὴρ

482 2493 652 2564 ὑμῶν
681 2491 761 2564 ἦν
781 2535 796 2560 ,
832 2495 1102 2564 ἠγαπᾶτε
1139 2497 1214 2550 ἂν
1247 2498 1371 2566 ἑμέ’
1401 2498 1517 2568 ἐγὼ
1551 2500 1661 2569 γὰρ
1684 2501 1753 2553 ἐκ
1787 2500 1893 2566 τοῦ
1916 2501 2064 2555 Θεοῦ

484 2586 770 2654 ἐξῆλθον.
803 2587 901 2640 καὶ
933 2587 1077 2653 ἥκω.
1125 2589 1383 2660 Ἐπείπερ
1423 2592 1470 2642 οἱ
1523 2589 1620 2654 τὰς
1679 2590 1871 2660 φύσεις
1916 2592 2066 2646 εἰσά-

486 2691 676 2745 γοντες
709 2675 783 2747 (8)
823 2677 1060 2748 χρῶνται
1097 2677 1178 2748 τῷ
1219 2681 1422 2750 ῥήματι
1487 2680 1660 2751 τούτῳ
1719 2681 2064 2753 διηγούμενοι

487 2766 640 2832 αὐτὸ,
681 2768 764 2822 ὅτι
794 2769 882 2831 Ὡς
905 2771 1102 2822 οἰκεῖον
1125 2769 1190 2823 ἂν
1218 2771 1370 2841 ὑμῶν
1408 2772 1502 2825 καὶ
1535 2773 1759 2842 ἀδελφὸν
1792 2775 2065 2844 ἐπέγνωτε

491 2877 580 2930 με,
620 2859 756 2915 ἀλλὰ
789 2862 882 2913 καὶ
909 2861 984 2924 ὠς
1021 2861 1151 2915 ίδιον
1173 2863 1497 2932 ἡγαπήσατε
1531 2864 1596 2918 ἂν
1627 2865 1752 2934 ἐμὲ,
1790 2867 1837 2918 εί
1868 2869 1896 2918 6
1934 2866 2067 2930 Θεὸς

485 2951 665 3022 πατὴρ
696 2952 849 3023 ὑμῶν
899 2948 994 3023 ἦν·
1047 2955 1420 3025 ἐπαπορητέον
1445 2954 1616 3020 οὕτως
1651 2956 1787 3028 πρὸς
1827 2958 2024 3022 αὐτούς
2049 2976 2062 2989 ·

2167 473 2269 527 hoc
2303 473 2645 528 manifestius
2688 472 2928 526 confessi
2961 470 3192 525 fuissent
3223 485 3320 540 per
3361 471 3493 526 illud
3529 490 3544 526 :
3575 473 3744 543 328

2167 562 2330 618 Pater
2354 576 2533 618 noster
2571 565 2838 618 Abraham
2872 574 2946 618 est
2977 567 3044 632 ⁸³,
3091 581 3216 620 cum
3248 566 3316 618 ad
3348 565 3478 619 illud
3511 580 3741 632 respon-

2165 656 2281 710 deri
2311 657 2650 711 audivissent
2681 672 2695 710 :
2731 655 2791 711 Si
2816 657 2920 725 filii
2945 657 3172 711 Abrahae
3205 658 3356 722 estis,
3388 673 3549 726 opera
3578 657 3745 712 Abra-

2163 745 2246 798 lue
2272 745 2455 814 facile,
2494 745 2755 816 majorem
2799 746 3110 802 Abrahamo
3159 763 3319 803 suum
3351 747 3589 816 ipsorum
3641 763 3742 816 pa-

2167 845 2305 889 trem
2366 835 2608 890 fatentur
2667 837 2911 891 dicentes
2947 853 2959 889 :
2995 836 3170 890 Unum
3226 847 3436 907 patrem
3487 839 3742 892 habemus

2165 927 2334 982 Deum
2362 928 2430 982 ⁸⁸.
2465 929 2543 982 Ac
2571 927 2826 984 fortassis
2864 943 2930 983 eo
2959 931 3101 998 quod
3145 929 3311 999 aliqui
3347 929 3737 1007 homines_sint

2164 1031 2231 1072 ex
2259 1018 2498 1083 diabolo,
2531 1018 2622 1072 alii
2653 1034 2784 1074 vero
2812 1019 2920 1074 orti
2954 1034 3020 1073 ex
3050 1019 3181 1086 Deo,
3205 1035 3396 1075 omnes
3419 1032 3567 1075 recte
3592 1023 3742 1077 dice-

2166 1123 2350 1164 remus
2370 1110 2461 1179 qui
2491 1111 2660 1179 geniti
2692 1115 2766 1164 ex
2787 1111 2898 1166 Deo
2916 1126 3023 1166 non
3056 1122 3263 1179 essent,
3289 1127 3353 1169 ex
3380 1123 3568 1182 stupro
3590 1125 3744 1170 ortos

2164 1200 2356 1256 fuisse.
2384 1201 2500 1257 Non
2535 1204 2680 1258 enim
2706 1217 2773 1258 ex
2800 1218 2996 1274 sponsa
3015 1243 3032 1270 ,
3073 1204 3168 1259 sed
3201 1221 3270 1259 ex
3300 1207 3593 1261 meretrice
3619 1222 3741 1260 ma-

2167 1293 2300 1348 teria
2323 1293 2512 1362 gignit,
2543 1293 2627 1348 vel
2652 1293 2800 1348 creat
2833 1295 3081 1350 diabolus
3103 1310 3197 1350 eos
3219 1297 3308 1365 qui
3334 1296 3405 1350 ab
3436 1296 3552 1366 ipso
3578 1305 3735 1352 sunt:

2164 1384 2254 1451 qui
2289 1384 2453 1438 etiam
2487 1382 2774 1439 immodice
2800 1383 3002 1451 aii‘ecti,
3031 1395 3084 1440 et
3109 1385 3251 1440 aiiixi
3286 1387 3446 1441 rebus
3476 1402 3738 1456 corpora-

2165 1474 2308 1530 libus
2348 1475 2755 1545 agglutinantur
2799 1477 3080 1531 meretrici
3120 1479 3400 1543 materiae,
3439 1476 3565 1532 facti
3613 1493 3740 1532 cum

2165 1567 2283 1635 ipsa
2328 1582 2497 1620 unum
2551 1577 2796 1635 corpus:
2828 1581 2951 1620 cum
3006 1567 3059 1621 lii
3123 1568 3214 1635 qui
3264 1581 3331 1622 ex
3372 1569 3478 1622 Deo
3537 1567 3740 1623 fuerint

2164 1656 2354 1727 geniti,
2389 1669 2420 1710 a
2455 1656 2744 1710 meretrice
2777 1657 3004 1710 materia
3035 1657 3313 1720 recedant,
3373 1665 3537 1722 atque
3569 1657 3738 1710 etiam

2167 1747 2574 1819 agglutinentur
2628 1745 2878 1814 Domino,
2931 1747 3066 1800 uniti
3123 1747 3374 1802 Sermoni
3419 1747 3494 1802 illi
3554 1748 3645 1817 qui
3682 1747 3740 1803 in

2165 1837 2436 1909 principio
2469 1847 2589 1892 erat
2622 1838 2763 1907 apud
2809 1837 2976 1892 Deum
3010 1838 3079 1904 ⁸⁷,
3120 1847 3176 1892 et
3223 1839 3503 1908 sapientiae
3549 1839 3740 1908 ipsius.

2166 1946 2327 2000 quam
2355 1932 2559 1986 creavit
2587 1931 2910 2000 principium
2946 1930 3157 1984 viarum
3200 1946 3420 1985 suarum
3469 1934 3537 1984 ad
3576 1945 3741 1998 opera

2166 2036 2263 2076 sua
2289 2021 2368 2086 ⁸³;
2412 2029 2470 2075 ut
2509 2021 2623 2074 sint
2649 2035 2771 2074 cum
2810 2020 2925 2090 ipsa
2973 2035 3114 2074 unus
3148 2020 3374 2089 Spiritus
3411 2037 3425 2074 :
3461 2019 3566 2084 Qui
3593 2019 3740 2074 enim

2167 2113 2534 2183 agglutinatur
2572 2112 2856 2174 meretrici,
2913 2127 3078 2164 unum
3123 2121 3199 2165 est
3244 2127 3476 2180 corpus;
3506 2112 3595 2182 qui
3622 2127 3742 2166 vero

2167 2205 2527 2275 agglutinatur
2555 2202 2802 2267 Domino,
2851 2219 2988 2256 unus
3023 2203 3243 2272 spiritus
3271 2211 3350 2257 est
3383 2202 3454 2256 ³⁸.

2237 2386 2333 2445 15.
2363 2385 2509 2441 Dixit
2539 2383 2649 2438 illis
2678 2383 2833 2439 Jesus
2859 2399 2877 2437 :
2908 2382 2972 2438 Si
3008 2382 3151 2438 Deus
3191 2392 3341 2452 pater
3382 2393 3548 2437 uester
3586 2390 3741 2448 esset,

2166 2479 2454 2549 diligeretis
2491 2477 2672 2546 utique
2713 2490 2827 2538 me;
2881 2491 2974 2544 ego
3018 2477 3159 2528 enim
3213 2489 3278 2528 ea:
3324 2473 3431 2527 Deo
3489 2474 3650 2539 exivi,
3691 2483 3744 2528 et

2167 2574 2317 2628 venio
2347 2573 2420 2626 9°.
2453 2570 2717 2638 Quoniam
2759 2570 2852 2639 qui
2900 2577 3122 2622 naturas
3161 2567 3547 2629 introducunt,
3579 2575 3748 2620 utun-

2170 2675 2258 2718 tur
2283 2665 2387 2719 hoc
2422 2673 2594 2730 textu,
2621 2672 2950 2717 enarrantes
2998 2661 3215 2730 ipsum,
3282 2658 3370 2731 [ac
3417 2659 3462 2714 si
3513 2658 3746 2714 dixisset

2166 2755 2325 2810 Jesus
2352 2753 2412 2826 :]
2443 2755 2724 2824 Tanquam
2754 2764 3010 2826 agnatum
3045 2752 3199 2807 vobis
3231 2766 3294 2806 ac
3320 2751 3545 2805 fratrem
3571 2765 3743 2820 agno—

2171 2849 2383 2904 vissetis
2417 2865 2525 2914 me,
2555 2859 2718 2919 atque
2747 2850 2912 2904 veluti
2952 2847 3233 2917 proprium
3267 2845 3599 2899 dilexissetis
3635 2859 3742 2909 me,

2170 2943 2212 2997 si
2252 2944 2394 2997 Deus
2443 2949 2598 3012 pater
2643 2951 2828 2996 vester
2858 2950 3036 3006 esset;
3093 2937 3361 2994 movenda
3393 2945 3521 2992 sunt
3554 2946 3744 2992 contra

483 3035 591 3095 Ἦν
627 3043 716 3095 ὅτε
750 3043 961 3106 Παῦλος
999 3045 1177 3112 ἐμίσει
1215 3043 1304 3095 τὸν
1343 3045 1569 3114 Ἰησοῦν·
1598 3047 1778 3117 έμίσει
1812 3048 1869 3101 δὲ
1902 3049 2065 3103 αὐτὸν

2171 3037 2318 3102 ipsos
2346 3033 2510 3088 dubia
2559 3034 2706 3088 hunc
2737 3033 2791 3087 in
2829 3035 3047 3087 modum
3085 3050 3098 3085 :
3130 3041 3250 3086 erat
3280 3030 3500 3099 quando
3544 3028 3746 3084 Paulus

483 3132 572 3186 ὅτε
608 3133 863 3206 ἐπόρθει,
901 3135 993 3188 καὶ
1023 3135 1214 3188 ἐδίωκε
1253 3137 1353 3207 τὴν
1406 3137 1734 3209 Ἐκκλησίαν
1774 3139 1868 3194 τοῦ
1903 3141 2062 3206 Θεοῦ,

483 3225 579 3277 καὶ
629 3225 909 3295 ἀληθεύων
962 3243 1025 3295 γε
1076 3225 1261 3295 ἔλεγεν
1309 3228 1458 3299 αύτῷ
1509 3231 1538 3282 6
1590 3229 1806 3301 πρῶτος
1848 3249 2067 3303 χρημα-

481 3315 706 3388 τισμός·
771 3317 971 3372 Σαοὺλ
997 3357 1012 3380 ,
1070 3317 1293 3383 Σαοὺλ,
1346 3320 1404 3372 τι
1449 3339 1527 3391 με
1570 3321 1843 3389 διώκεις;
1896 3321 2066 3378 Εἶπεν

482 3403 575 3462 οὖν
602 3408 676 3478 (9)
700 3408 897 3479 ἀληθὲς
923 3410 983 3462 τό
1001 3427 1014 3438 ·
1037 3411 1106 3462 El
1133 3413 1166 3464 ὀ
1192 3409 1337 3477 Θεὸς
1369 3411 1567 3480 πατὴρ
1598 3411 1762 3482 ὑμῶν
1790 3410 1888 3484 ἦν,
1915 3417 2066 3484 ἠγα-

483 3498 633 3553 πᾶτε
669 3499 745 3554 ἂν
779 3501 915 3571 ἐμέ·
943 3501 1124 3572 δῆλον,
1160 3505 1244 3555 ὅτι
1275 3503 1369 3556 καὶ
1403 3504 1463 3557 τὸ
1490 3504 1667 3576 τούτῳ
1710 3507 2066 3579 ἀντιστρέφον

482 3595 629 3646 ἐστὶν
705 3593 888 3661 ὑγιές·
944 3596 1006 3647 El
1053 3596 1128 3665 μὴ
1194 3597 1444 3664 ἠγαπᾶτέ
1505 3615 1573 3668 με
1606 3637 1622 3662 ,
1675 3598 1796 3668 οὐχὶ
1849 3601 1878 3652 6
1936 3599 2069 3663 Θεὸς

484 3683 666 3755 πατὴρ
710 3685 865 3754 ὑμῶν
903 3681 989 3755 ἦν.
1048 3685 1257 3739 Οὐκοῦν
1296 3685 1410 3745 τῶν,
1457 3687 1534 3759 μὴ
1597 3689 1939 3757 ἀγαπώντων
1977 3691 2069 3747 τὸν

495 3776 704 3845 Ἰησοῦν
739 3777 838 3830 οὐκ
870 3777 1019 3830 ἐστιν
1059 3780 1087 3831 6
1112 3778 1245 3842 Θεὸς
1276 3780 1489 3850 πατήρο
1526 3779 1737 3844 Παῦλος
1769 3781 1826 3833 δὲ
1865 3778 1934 3852 ἦν
1979 3783 2069 3837 ὅτε

480 3865 582 3919 οὐκ
628 3866 821 3937 ἠγάπα
857 3868 948 3921 τὸν
980 3869 1186 3938 Ἰησοῦν
1211 3885 1226 3899 ⁸
1275 3864 1344 3942 ἦν
1381 3871 1490 3943 ἄρα
1527 3871 1716 3942 καιρὸς
1747 3874 1836 3926 ὅτε
1874 3875 1902 3926 6
1937 3873 2070 3939 Θεὸς

481 3954 695 4009 Παύλου
755 3958 940 4029 πατὴρ
1009 3961 1113 4012 οὐκ
1170 3954 1276 4030 ἦν’
1351 3961 1411 4012 ού
1472 3960 1631 4030 φύσει
1691 3961 1803 4032 ἄρα
1858 3963 2070 4028 Παῦλος

480 4046 617 4100 Θεοῦ
663 4048 778 4111 υίὸς
815 4044 918 4120 ἦν,
969 4049 1084 4103 ἀλλ’
1122 4049 1348 4124 ὕστερον
1387 4052 1577 4121 γέγονε
1618 4053 1752 4106 Θεοῦ
1785 4056 1932 4118 υἱόςο
1980 4056 2070 4109 ὅτε

481 4141 576 4194 καὶ
636 4141 807 4210 ὑγιῶς
861 4141 927 4195 ἂν
976 4143 1392 4214 προσελάὸομεν
1425 4144 1536 4216 (10)
1575 4145 1636 4197 τὸ
1674 4146 1966 4201 ἀκόλουθον
1991 4146 2070 4218 τῷ

482 4231 768 4302 ἡγουμένῳ
826 4232 920 4286 τοῦ
987 4235 1332 4306 συνημμένου
1387 4235 1636 4304 λέγοντος
1657 4276 1674 4300 ,
1716 4237 1799 4290 ὅτι
1824 4278 1840 4302 ,
1909 4237 2072 4291 Ἀλλὰ

486 4322 592 4392 μὴν
627 4323 655 4373 ὁ
692 4321 823 4385 Θεὸς
847 4362 861 4386 ,
905 4315 949 4374 ὦ
1002 4322 1182 4375 Παῦλε
1207 4363 1221 4385 ,
1274 4324 1457 4394 πατήρ
1508 4341 1600 4376 σου
1640 4323 1807 4378 ἐστίν⁹
1850 4325 2070 4396 ἀγαπᾷς

482 4411 590 4484 ἄρα
643 4412 734 4465 τὸν
797 4412 1024 4484 Ἰησοῦν.
1078 4413 1238 4466 Ἀλλὰ
1266 4414 1362 4466 καὶ
1395 4413 1505 4486 πρὸ
1555 4413 1664 4467 τῶν
1722 4414 1930 4486 χρόνων
1965 4415 2066 4486 τῆς

481 4505 718 4568 πίστεως
737 4505 950 4559 Παύλου
976 4505 1209 4577 ἀληθοῦς
1230 4506 1382 4570 ὄντος
1403 4505 1518 4559 τοῦθ
1537 4507 1607 4560 El
1635 4509 1668 4561 ὁ
1697 4507 1842 4575 Θεὸς
1868 4506 2066 4577 πατὴρ

481 4597 649 4668 ὑμῶν
678 4596 789 4668 ἦν,
824 4597 1091 4667 ἀγαπᾶτε
1136 4599 1213 4652 ἂν
1259 4597 1398 4667 ἐμὲ,
1431 4596 1598 4667 ὑγιῶς
1642 4593 1712 4670 ἦν
1738 4598 2066 4672 προσλαϐεῖν

481 4691 644 4744 οἱονεὶ
670 4691 895 4758 λέγοντα
921 4690 1010 4743 τὸν
1043 4689 1270 4759 Ἰησοῦν.
1316 4689 1476 4742 Ἀλλὰ
1508 4690 1616 4761 μὴν
1658 4689 1760 4761 ἐμὲ
1793 4691 1893 4743 οὐκ
1931 4692 2068 4760 ἀγα-

484 4784 623 4853 πᾷς·
655 4783 756 4835 οὒκ
794 4781 902 4852 ἄρα
943 4783 971 4834 ὁ
1001 4781 1133 4844 Θεὸς
1167 4781 1348 4851 πατήρ
1398 4797 1492 4834 σου
1543 4780 1724 4843 ἐστὶν,
1770 4775 1816 4833 ὦ
1858 4781 2060 4836 Παῦλε.

485 4875 622 4928 Πότε
644 4874 699 4925 δὲ
727 4876 756 4926 6
789 4874 920 4937 Θεὸς
959 4874 1141 4944 πατὴρ
1180 4873 1391 4941 γίνεταί
1416 4889 1560 4936 τινος
1579 4911 1592 4935 ,
1628 4871 1660 4943 ἢ
1691 4874 1817 4926 ὅταν
1847 4875 2064 4948 τηρήσῃ

481 4982 567 5028 τις
595 4965 694 5028 τὰς
725 4964 981 5029 ὲντολάςς
1010 4963 1077 5018 δι’
1103 4963 1169 5027 ἃς
1195 4965 1256 5016 ού
1289 4963 1552 5035 πρότερον
1577 4961 1652 5016 ῶν
1696 4980 1781 5028 τις
1824 4965 1938 5029 υίὸς
1968 4964 2063 5019 τοῦ

483 5057 543 5110 ὲν
571 5059 685 5120 τοῖς
727 5056 974 5128 οὐρανοῖς
1001 5054 1210 5126 Πατρὸς
1250 5053 1459 5122 γίνεται
1493 5053 1656 5108 αὑτοῦ
1685 5055 1798 5118 υἱός
1817 5072 1832 5087 ⁸
1855 5056 1946 5110 ὅτε
1971 5057 2065 5111 καὶ

481 5147 513 5200 ὁ
538 5146 721 5219 πατὴρ
748 5149 828 5210 είς
857 5146 1214 5215 ἀναγέννησιν
1243 5143 1391 5198 ἄγων
1414 5143 1621 5209 τοῦτον,
1641 5145 1717 5210 ὡς
1751 5146 1866 5210 υίὸς
1897 5146 2064 5200 αὑτοῦ

2168 3127 2358 3180 oderat
2387 3125 2574 3181 Jesnm
2604 3143 2618 3191 ;
2654 3139 2887 3193 eumque
2921 3126 3134 3186 oderat,
3162 3137 3286 3176 cum
3320 3120 3746 3191 depOpulareIur

2166 3228 2217 3271 et
2255 3225 2673 3287 persequeretur
2704 3215 3006 3268 Ecclesium
3054 3213 3151 3267 Dei
3179 3253 3195 3276 ,
3234 3225 3472 3280 veraque
3504 3225 3745 3264 narrans

2167 3309 2384 3365 dicebat
2419 3308 2496 3361 illi
2530 3309 2762 3374 primum
2797 3304 2890 3360 Dei
2937 3305 3223 3358 oraculum
3268 3321 3282 3356 :
3313 3300 3497 3364 Saule,
3542 3297 3705 3354 Suule
3727 3339 3746 3365 ,

2165 3401 2296 3471 quid
2339 3415 2418 3452 me
2456 3399 2780 3468 persequeris
2808 3397 2902 3450 "‘l
2935 3395 2991 3450 Si
3039 3410 3168 3464 ergo
3213 3409 3398 3448 verum
3440 3400 3523 3446 est
3570 3392 3742 3445 illud:

2168 3491 2232 3547 Si
2266 3491 2409 3546 Deus
2452 3500 2604 3558 pater
2633 3499 2800 3543 vester
2844 3498 2994 3548 esset.
3022 3485 3309 3556 diligentis
3361 3483 3536 3553 utique
3568 3498 3649 3535 me
3678 3481 3746 3547 ³¹,

2167 3583 2512 3654 perspicuum
2549 3591 2872 3651 estquoque
2903 3580 3053 3644 illud,
3093 3579 3237 3646 quod
3297 3591 3419 3631 cum
3471 3575 3575 3629 hoc
3617 3588 3747 3627 con-

2167 3673 2419 3737 vertitur,
2446 3681 2654 3725 rectmn
2687 3685 2809 3724 esse
2835 3689 2850 3725 :
2881 3669 2937 3723 Si
2963 3683 3047 3723 me
3070 3682 3175 3722 non
3196 3664 3512 3734 diligeretis,
3543 3678 3749 3731 nequa-

2166 3776 2331 3830 quam
2364 3760 2508 3817 Deus
2555 3773 2710 3829 pater
2767 3769 2946 3814 vester
2995 3767 3163 3810 esset.
3219 3755 3366 3823 Ergo
3414 3753 3559 3807 Deus
3592 3763 3750 3822 pater

2169 3867 2279 3906 non
2329 3861 2416 3906 est
2461 3867 2648 3906 eorum
2679 3850 2772 3919 qui
2821 3865 2924 3903 non
2961 3849 3188 3916 diligunt
3247 3845 3432 3900 Jesunt
3466 3862 3479 3898 :
3515 3857 3750 3912 ctnnque

2173 3955 2386 4010 tempus
2437 3943 2605 3998 fuerit
2663 3957 2769 4012 quo
2821 3941 3024 3996 Paulus
3081 3955 3184 3993 non
3231 3939 3490 4006 diligebat
3535 3936 3747 4002 Jesum,

2169 4036 2418 4106 sequitur
2443 4047 2658 4102 quoque
2691 4043 2902 4099 tempus
2925 4028 3094 4084 fuisse
3125 4043 3232 4097 quo
3249 4027 3391 4081 Deus
3413 4038 3565 4095 pater
3597 4025 3746 4078 Pauli

2168 4143 2277 4183 non
2321 4136 2480 4192 erat;
2524 4140 2632 4178 non
2659 4138 2789 4193 ergo
2827 4132 3018 4176 natura
3045 4119 3245 4174 Paulus
3275 4127 3394 4173 erat
3438 4118 3532 4173 Dei
3580 4118 3744 4181 filius,

2169 4220 2262 4276 sed
2290 4227 2477 4288 postea
2507 4215 2680 4271 factus
2703 4224 2788 4270 est
2816 4214 2906 4268 Dei
2958 4212 3100 4265 Iilius
3124 4229 3138 4264 :
3162 4210 3380 4279 quando
3405 4209 3567 4264 etiam
3601 4218 3750 4262 νει-ιε

2170 4326 2570 4367 assumet'emus
2594 4309 2648 4364 id
2694 4307 2838 4378 quod
2869 4305 3142 4374 sequitur,
3185 4303 3312 4356 illud
3346 4302 3489 4371 quod
3525 4315 3736 4368 praece-

2097 4404 2141 4458 D
2171 4406 2250 4461 dit
2278 4406 2624 4475 conjunctum
2655 4403 2844 4456 dicens
2875 4419 2888 4454 :
2914 4399 3100 4468 Atqui,
3129 4413 3164 4452 ο
3196 4396 3384 4461 Paule,
3411 4394 3555 4448 Deus
3594 4402 3750 4462 pater

2171 4506 2257 4554 est
2275 4506 2417 4562 tuus,
2436 4495 2618 4566 diligis
2633 4509 2762 4563 ergo
2781 4492 2990 4548 Jesum.
3011 4491 3150 4556 Quin
3175 4489 3336 4542 etiam
3355 4495 3484 4542 ante
3505 4495 3744 4554 tempora

2173 4592 2296 4645 fidei
2329 4589 2522 4654 Pauli,
2561 4602 2686 4642 cum
2725 4601 2910 4640 verum
2933 4593 3077 4638 esset
3123 4585 3253 4636 illud
3288 4599 3302 4636 :
3331 4579 3391 4635 Si
3424 4578 3564 4632 Deus
3598 4586 3752 4644 pater

2171 4683 2339 4757 329
2367 4692 2531 4737 vester
2551 4690 2702 4746 esset,
2737 4677 3023 4748 diligeretis
3052 4677 3228 4745 utique
3273 4688 3376 4736 me,
3409 4679 3557 4724 recte
3597 4682 3752 4723 assu-

2172 4789 2321 4831 mere
2353 4782 2536 4844 posset
2568 4770 2726 4826 Jesus
2757 4769 2981 4824 dicens:
3020 4765 3207 4834 Atqui,
3233 4778 3266 4818 o
3298 4761 3486 4824 Paule,
3526 4772 3613 4812 me
3641 4771 3747 4810 non

2171 4867 2368 4938 diligis,
2399 4881 2506 4920 non
2526 4877 2656 4932 ergo
2682 4871 2838 4931 pater
2865 4869 2988 4914 tuus
3013 4858 3151 4913 Deus
3178 4865 3283 4911 est.
3308 4853 3534 4919 Quando
3567 4859 3749 4904 autem

2171 4961 2313 5015 Deus
2342 4958 2572 5014 efﬁcitur
2596 4955 2822 5024 alicujus
2849 4961 3024 5020 pater,
3055 4947 3157 5002 nisi
3182 4945 3397 5015 quando
3421 4940 3618 5011 aliquis
3634 4955 3748 4994 ser-

2169 5054 2382 5109 vaverit
2427 5050 2676 5106 mandata
2704 5047 2967 5117 ‘lquibus,
2995 5057 3116 5097 cum
3143 5049 3298 5094 antea
3335 5052 3442 5092 non
3477 5043 3622 5090 esset
3651 5031 3750 5088 ali-

2172 5145 2295 5214 quis
2351 5143 2495 5198 ﬁlius
2552 5139 2729 5194 Patris
2777 5137 3038 5197 caelestis,
3069 5130 3298 5187 eiiicitur
3344 5129 3514 5198 ipsius
3563 5125 3745 5191 filius;

555 5265 603 5336 'f‘
635 5263 794 5320 Joan.
831 5279 969 5336 vni,
999 5264 1114 5336 35.“
1164 5261 1212 5336 ξ’
1262 5261 1392 5318 ibid.
1427 5261 1526 5336 69.
1600 5263 1648 5296 ⁸⁸
1690 5263 1820 5319 ibid,
1854 5262 1945 5321 41,
2020 5263 2065 5296 ετ

2165 5278 2254 5318 an.
2292 5279 2333 5326 ι,
2371 5261 2428 5316 2.
2503 5260 2548 5292 ⁸⁸
2592 5258 2748 5312 Prov.
2788 5271 2907 5319 VIII,
2938 5252 3030 5308 22.
3106 5247 3153 5336 δῖ
3191 5248 3212 5302 l
3259 5247 3387 5303 Cor.
3417 5258 3496 5311 νί,
3531 5243 3618 5307 16,
3663 5241 3746 5298 l7.

483 5335 533 5369 ὀ
557 5333 720 5390 Joan.
755 5349 874 5398 VIII,
903 5333 994 5387 42.
1073 5333 1118 5364 ⁹¹
1151 5334 1274 5386 Act.
1307 5347 1383 5396 ix,
1415 5329 1470 5384 4.

556 5430 634 5501 (‘7)
667 5429 850 5501 Ὕλης
874 5425 1231 5501 οὒς-γεννᾷ.
1295 5424 1584 5481 Ferrarius
1640 5421 1873 5492 legebat,
1922 5419 2059 5492 ὕλης

484 5495 649 5572 γεννᾷ
671 5498 766 5563 οὓς
789 5495 975 5572 γεννᾷ..
996 5495 1081 5531 ν’

559 5561 636 5642 (8)
667 5572 730 5623 Ol
750 5561 860 5635 τὰς
888 5561 1105 5642 gaudet;
1123 5561 1897 5642 elddqprreg-Lvaientiniani,
1922 5575 2060 5642 quos

487 5631 599 5694 tam
615 5631 771 5707 saepe
805 5631 987 5702 veiat,
1017 5639 1220 5706 quique
1242 5631 1452 5707 aliquos
1481 5633 1574 5687 Dei
1618 5632 1758 5687 filios
1785 5632 1859 5685 ita
1909 5631 2058 5684 nasci

489 5705 816 5776 sciscebant,
843 5720 902 5766 ut
942 5705 1048 5764 lilii
1065 5705 1260 5763 diaboli
1319 5705 1436 5762 ﬁeri
1471 5717 1578 5760 non
1631 5712 1872 5772 possent,
1930 5710 1986 5756 et
2030 5715 2063 5754 e

2166 5419 2477 5475 contrario:
2523 5416 2725 5493 quique
2757 5415 3012 5493 homines
3051 5409 3413 5493 quosdamab
3450 5417 3572 5493 ortu
3606 5420 3750 5493 _esse

2166 5477 2594 5560 πνευματικούς,
2619 5477 2752 5540 alios
2783 5477 3083 5556 ψυχικούςζ
3127 5483 3264 5536 alios
3315 5477 3532 5542 ύλικούς
3587 5477 3750 5534 doce-

2170 5561 2322 5606 bant-
2350 5569 2407 5606 nt
2434 5558 2538 5606 iam
2578 5564 2722 5606 saepe
2753 5556 3006 5606 diximus.
3039 5553 3303 5606 HUETIUS.

2170 5556 2322 5623 bant,
2350 5569 2407 5611 ut
2427 5558 2538 5624 jam
2578 5564 2722 5625 saepe
2753 5556 3006 5609 diximus.
3039 5556 3303 5606 HUETIUS.

2237 5626 2693 5705 Eius-reﬂui:
2718 5625 2866 5705 Lege
2889 5622 3047 5693 εἴπερ
3066 5617 3217 5705 ούνῖρ

2242 5687 2355 5768 (10)
2387 5699 2625 5768 Legebat
2654 5687 2936 5752 Ferrarius
2971 5687 3393 5763 προσλάϐωμνν.
