4196 6378
512 227 612 284 6H
1982 233 2307 293 ORIGEMS
3677 255 3782 310 61:7.

511 353 731 421 quando
767 354 931 410 etiam
982 362 1139 424 pater
1183 357 1387 413 ducens
1423 358 1565 414 hunc
1615 359 1682 414 ad
1729 361 2067 427 regeneratio

2167 359 2406 427 ,γῐνεται
2428 404 2440 427 ,
2479 365 2570 416 καὶ
2601 365 2925 437 χρηματίζει
2961 367 3073 439 (Η)
3099 369 3340 424 τοιούτου
3379 372 3582 444 πατήρ.
3623 373 3780 425 Ἐστι

511 461 658 513 nem,
691 447 844 514 quasi
891 458 1043 516 pater
1079 449 1244 518 ipsius
1287 451 1537 518 efﬁcitur,
1569 463 1624 507 et
1667 453 1899 508 habetur
1925 455 2061 524 ipsiu

2194 451 2250 503 δὲ
2282 454 2653 524 προσαχθῆναι
2679 459 2758 520 εἰς
2788 457 2962 512 ταῦτα
2994 461 3102 514 ἀπὸ
3122 461 3231 515 τῶν
3255 462 3429 527 οὕτως
3458 465 3515 516 ὲν
3545 463 3622 533 τῷ
3638 465 3778 518 κατὰ

510 548 688 604 pater.
733 537 828 592 Itis
885 538 1182 611 adiungere
1227 557 1514 611 possumus
1541 558 1662 611 quae
1706 543 1759 596 in
1801 543 2067 614 Evangelit

2193 543 2472 599 Ματθαίον
2504 546 2822 620 Εὑαγγελιῳ
2853 553 3273 624 γεγραμμένων·
3307 555 3628 609 Ἠκούσατε
3648 595 3663 619 ,
3687 557 3776 612 ὅτι

508 632 802 683 secundum
831 631 1136 686 Mattha-um
1160 635 1359 704 scripta
1383 643 1512 688 sunt
1534 635 1678 689 hunc
1695 635 1747 688 in
1774 637 1988 690 modum
2013 638 2089 694 δίε

469 706 480 712 ’
509 721 748 774 Audistis
765 724 963 774 dictum
986 739 1096 776 esse
1112 737 1131 774 :
1154 724 1351 794 Diliges
1376 728 1673 794 proximum
1703 741 1871 791 tuum,
1894 739 1944 782 et
1968 730 2091 783 odio

509 813 722 866 habebis
750 815 1021 867 inimicum
1061 823 1231 872 tuum.
1273 819 1340 871 At
1387 834 1480 888 ego
1517 819 1636 873 dico
1664 820 1808 874 vobis
1834 835 1854 872 :
1878 820 2092 891 Diligite

506 905 748 959 inimicos
772 917 986 969 vestros,
1006 915 1053 958 et
1081 917 1225 960 orate
1251 925 1346 975 pro
1374 910 1454 963 his
1470 910 1560 978 qui
1580 927 1666 964 vos
1687 925 2087 982 persequuntur,

509 1008 562 1050 ut
593 997 708 1050 sitis
734 997 834 1066 ﬁlii
868 995 1048 1050 Patris
1078 999 1232 1051 vestri
1254 999 1342 1067 qui
1367 1000 1420 1052 in
1451 1001 1595 1054 cwlis
1627 1014 1722 1055 est.
1750 1003 1962 1058 Adhibe
2000 1021 2091 1058 au-

509 1097 614 1143 tem
643 1089 882 1142 animum
912 1089 976 1142 ad
1015 1089 1139 1141 illud
1182 1109 1195 1144 :
1236 1090 1305 1144 Ut
1342 1093 1454 1147 sitis
1481 1095 1583 1162 ﬁlii
1614 1093 1790 1149 Patris
1816 1097 1970 1150 vestri
1999 1098 2090 1166 qui

503 1179 739 1233 iri-cadis
769 1189 865 1245 est,
902 1182 1196 1234 ostendens
1219 1183 1360 1250 quod
1388 1185 1482 1253 qui
1511 1193 1667 1239 antea
1699 1202 1802 1240 non
1843 1189 2086 1242 estﬁlius

505 1271 648 1326 illius
662 1270 839 1326 Patris
859 1273 948 1340 qui
967 1281 1049 1327 est
1074 1273 1125 1326 in
1151 1273 1320 1338 cmlis,
1345 1276 1538 1332 deinde
1569 1279 1712 1333 illius
1730 1277 1994 1334 elﬁcialur
2018 1280 2085 1335 ﬁ-

503 1361 629 1419 lius.
644 1362 886 1433 Cumque
905 1365 1191 1432 diligenter
1205 1369 1579 1424 observaveris
1601 1369 1726 1424 illud
1748 1372 1924 1436 vestri,
1943 1371 2084 1440 quod

503 1452 720 1505 additur
748 1454 1012 1508 vocabulo
1051 1454 1235 1508 Patris
1267 1458 1372 1525 (sic
1405 1458 1549 1512 enim
1592 1459 1854 1528 scriptum
1890 1470 1994 1526 est,
2028 1470 2084 1516 ut

500 1543 616 1595 sitis
650 1543 750 1611 ﬁlii
779 1543 961 1599 Patris
993 1551 1193 1619 vestri),
1220 1563 1429 1618 quaeres
1474 1559 1658 1603 utrum
1685 1550 1985 1620 simplicius
2014 1551 2082 1605 il-

501 1635 594 1690 lud
628 1638 831 1691 dictum
866 1639 955 1702 sit,
991 1654 1060 1692 an
1103 1640 1455 1708 peccantibus
1501 1639 1903 1709 exemplaribus
1933 1642 2082 1697 addi-

2192 631 2432 702 ἐρρέθη·
2476 636 2836 705 Ἀγαπήσεις
2870 641 2978 694 τὸν
3000 643 3268 709 πλησίον
3304 660 3442 710 σου,
3470 645 3568 698 καὶ
3602 647 3776 715 μισή-

2191 741 2322 791 σεις
2336 727 2443 780 τὸν
2459 729 2674 797 ἐχθρόν
2693 747 2830 786 σου.
2859 731 3006 801 Ἐγὼ
3023 732 3092 786 δὲ
3111 733 3266 803 λέγω
3283 734 3424 804 ὑμῖν
3439 752 3452 765 ·
3485 737 3776 804 Ἀταπᾶτε

2189 818 2334 885 τοὺς
2371 820 2623 890 ἐχθροὺς
2661 823 2858 892 ὑμῶν,
2887 824 2988 877 καὶ
3023 826 3435 894 προσεύχεσθε
3476 827 3627 894 ὑπὲρ
3657 827 3778 882 τῶν

2190 907 2525 964 διωκόντων
2563 911 2737 982 ὑμᾶς,
2770 914 2930 979 ὅπως
2962 913 3221 983 γένησθε
3251 916 3368 969 υἱοὶ
3403 915 3510 970 τοῦ
3540 917 3775 984 Πατρός

2188 1000 2356 1069 ὑμῶν
2397 1002 2504 1056 τοῦ
2543 1004 2613 1056 ἐν
2647 1004 2943 1072 οὐρανοῖς.
2994 1005 3240 1076 Πρόσχες
3283 1006 3390 1078 γὰρ
3422 1007 3532 1077 τῷ·
3572 1009 3772 1073 ’Ὅπως

2187 1089 2448 1159 γένησθε
2486 1094 2604 1148 υἱοὶ
2638 1092 2745 1147 τοῦ
2773 1094 3003 1162 Πατρὸς
3035 1095 3203 1164 ὑμῶν
3239 1096 3345 1149 τοῦ
3373 1097 3444 1150 έν
3469 1097 3768 1165 οιίιρανοῒς,

2187 1182 2524 1254 ἐμφαίνοντι,
2559 1187 2640 1238 ὅτι
2664 1188 2726 1240 οὐ
2755 1187 3017 1257 πρότερόν
3049 1205 3132 1250 τις
3162 1185 3235 1240 ὢν
3259 1187 3372 1251 υἱὸς
3398 1187 3490 1240 τοῦ
3521 1189 3577 1240 ὲν
3605 1189 3770 1258 οὐρα-

2187 1278 2298 1340 νοῖς
2321 1277 2532 1347 Πατρὸς
2560 1277 2766 1345 γίνεται
2795 1277 2958 1330 αὑτοῦ
2992 1277 3126 1342 υἱός.
3170 1277 3474 1348 Ἐπιμελῶς
3507 1278 3564 1332 δὲ
3591 1281 3764 1351 τηρή-

2186 1382 2286 1430 σας
2321 1368 2570 1439 καὶπερὶ
2617 1369 2710 1422 τοῦ
2761 1369 3158 1440 προσκειμένου
3202 1369 3315 1440 τῷ,
3367 1369 3473 1424 τοῦ
3511 1371 3761 1438 Πατρός,

2183 1458 2320 1530 ὅπερ
2347 1458 2516 1521 ἐστὶν,
2541 1459 2709 1528 ὑμῶν
2746 1461 3075 1532 (γέγραπται
3106 1462 3211 1534 γάρ
3232 1478 3245 1490 ·
3285 1463 3484 1528 Ὅπως
3505 1461 3762 1530 γένησθε

2183 1551 2300 1605 vlol
2328 1549 2434 1604 τοῦ
2460 1551 2690 1620 Πατρός
2712 1549 2924 1621 ὑμῶνγ
2946 1545 3202 1622 ζητήσεις
3224 1553 3447 1624 πότερον
3467 1554 3762 1607 ἁπλούστε-

2185 1661 2279 1714 ρον
2311 1645 2546 1716 εῐρηται,
2576 1645 2608 1716 ἢ
2634 1644 2742 1697 τῶν
2785 1645 3134 1716 ἀντιγράφων
3162 1646 3565 1716 ἡμαρτημένων
3595 1646 3759 1717 πρόσ-

502 1742 612 1782 ιιιιιι
637 1731 708 1782 sit
737 1730 864 1784 illud
898 1733 1076 1786 vestri.
1102 1732 1247 1787 Nihil
1268 1733 1412 1787 enim
1445 1735 1848 1802 quassisscmus,
1872 1734 1917 1788 si
1941 1735 2067 1789 scri«

2180 1753 2358 1790 κειται
2419 1736 2499 1799 τὸ,
2535 1735 2720 1806 ὑμῶν’
2756 1737 2910 1790 οὐδὲν
2940 1737 3049 1809 γὰρ
3080 1736 3426 1808 ἐζητήσαμεν
3446 1736 3532 1801 ἂν,
3567 1739 3615 1789 εἰ
3638 1737 3759 1806 ἐγέο

500 1831 647 1892 ptum
685 1824 877 1878 fuisset
908 1845 920 1880 :
954 1823 1023 1878 Ut
1055 1827 1169 1878 sitis
1197 1826 1298 1894 ﬁlii
1328 1825 1507 1880 Patris
1547 1827 1696 1882 illius
1729 1829 1818 1897 qui
1850 1829 1906 1882 in
1936 1829 2076 1883 etatis

495 1926 573 1969 est
601 1932 620 1970 :
651 1927 706 1970 et
727 1917 1026 1986 praesertim
1057 1919 1313 1985 quoniam
1336 1919 1590 1972 videntur
1615 1921 1726 1974 haec
1756 1935 2074 1990 repugnare,

496 2019 558 2062 ut
580 2009 778 2078 aliquis
810 2008 882 2062 sit
913 2007 1056 2062 ﬁlius
1089 2022 1196 2062 non
1236 2009 1564 2079 simpliciter
1609 2009 1790 2076 Patris
1814 2010 1956 2066 illius
1985 2013 2075 2080 qui

493 2111 583 2154 est
612 2101 662 2154 in
694 2100 870 2166 caelis,
893 2099 986 2154 sed
1015 2101 1098 2154 sui
1126 2101 1295 2169 patris
1329 2119 1343 2154 :
1373 2117 1498 2154 nam
1522 2101 1566 2156 si
1597 2111 1679 2156 est
1709 2110 1862 2172 pater
1886 2102 2072 2172 ipsius,

497 2190 859 2246 nouelﬁcitur
919 2201 1105 2262 postea
1153 2193 1294 2246 ﬁlius
1362 2191 1578 2261 ipsius;
1615 2193 1699 2247 sin
1744 2208 1873 2248 vero
1908 2195 2075 2263 ipsius

493 2284 641 2339 titius
679 2285 931 2349 ellicitur,
957 2299 1060 2338 non
1087 2295 1204 2338 erat
1228 2293 1387 2338 antea
1418 2284 1587 2355 ipsius
1612 2294 1786 2353 pater.
1829 2284 1961 2340 Illud
1995 2286 2072 2341 si-

493 2380 604 2430 mul
652 2379 987 2442 observabis,
1012 2392 1078 2432 eo
1107 2378 1249 2446 quod
1289 2392 1356 2431 ex
1395 2378 1479 2432 his
1507 2377 1596 2446 qui
1628 2387 1922 2432 censentur
1947 2391 2072 2432 cre-

493 2470 642 2534 dere,
669 2471 890 2539 quidam
915 2473 1060 2526 servi
1099 2470 1232 2535 Dei,
1269 2484 1486 2523 rursum
1533 2467 1626 2522 alii
1677 2468 1930 2522 dicantur
1974 2469 2070 2522 ﬁlii

492 2559 611 2625 Dei,
639 2577 708 2612 an
741 2560 881 2615 forte
915 2576 1018 2614 non
1044 2559 1421 2630 qualecunque
1451 2559 1785 2625 mandatum,
1806 2559 1899 2614 sed
1920 2574 2069 2629 qua:-

489 2651 616 2706 dam
637 2667 735 2722 per
749 2651 1124 2707 excellentiam
1153 2652 1414 2720 praaclare
1437 2661 1558 2706 acta
1584 2650 1790 2707 faciant
1809 2652 2066 2723 aliquem,

487 2745 584 2815 qui
614 2760 677 2799 ea
717 2745 934 2812 obierit,
965 2744 1102 2798 elﬁci
1150 2743 1319 2798 ﬁlium
1369 2745 1486 2799 Dei.
1529 2743 1894 2811 Quamobrem
1942 2758 2068 2798 cum

488 2835 544 2889 in
584 2835 837 2889 Matthaao
860 2835 1026 2890 multa
1062 2836 1170 2890 sint
1197 2837 1362 2903 dicta,
1391 2835 1520 2890 illud
1545 2835 1774 2890 observa
1805 2849 1820 2888 :
1857 2833 1922 2889 Ut
1947 2836 2066 2889 sitis

487 2928 590 2996 [itii
625 2927 807 2981 Patris
825 2927 1004 2991 vestri,
1039 2929 1128 2997 qui
1157 2928 1213 2981 in
1241 2927 1382 2982 cadis
1407 2937 1508 2990 est,
1547 2926 1690 2996 quod
1723 2927 2068 2997 subjungitur

2178 1844 2390 1898 γραπτο
2415 1845 2429 1860 ·
2474 1828 2663 1894 Ὅπως
2699 1827 2956 1896 γένησθε
2990 1829 3106 1882 υἱοὶ
3141 1829 3246 1882 τοῦ
3287 1830 3518 1896 Πατριῖς
3553 1828 3659 1881 τοῦ
3690 1830 3759 1881 ἐν

2177 1917 2488 1985 οὐρανοῖςο
2523 1919 2618 1971 καὶ
2648 1917 2882 1988 μάλιστα
2922 1919 3045 1971 ἐπεὶ
3075 1919 3220 1971 δοκεῖ
3263 1919 3442 1989 μάχην
3483 1919 3757 1989 περιέχειν

2175 2011 2236 2063 τὸ
2273 2010 2520 2079 γίνεσθαι
2545 2011 2658 2065 υἱόν
2682 2027 2803 2064 τινα
2833 2010 2930 2082 οὐχ
2959 2011 3144 2076 ἁπλῶς
3168 2012 3260 2064 τοῦ
3295 2013 3352 2066 ὲν
3378 2013 3624 2083 οὐρανοῖς
3648 2013 3758 2064 Πα-

2175 2101 2320 2174 τρὸς,
2352 2100 2488 2156 ἀλλὰ
2509 2101 2602 2155 τοῦ
2631 2102 2761 2155 ἰδίου
2778 2103 3010 2174 Πατρός.
3030 2104 3093 2156 El
3127 2104 3223 2172 μὲν
3246 2104 3356 2175 γὰρ
3382 2103 3548 2156 αὐτοῦ
3575 2106 3755 2176 πατήρ

2175 2193 2342 2254 ἐστιν,
2378 2195 2476 2262 οὺχ
2507 2192 2733 2265 ὕστερον
2761 2193 2972 2261 γίνεται
3003 2193 3167 2246 αὐτοῦ
3196 2193 3308 2258 υἱός
3333 2211 3345 2224 ·
3378 2196 3426 2246 εἰ
3460 2195 3516 2248 δὲ
3547 2195 3754 2264 γίνεται

2174 2283 2337 2336 αὐτοῦ
2362 2283 2500 2350 υἱὸς,
2531 2285 2630 2337 οὐκ
2651 2281 2717 2356 ἦν
2743 2283 2908 2338 αὐτοῦ
2939 2285 3140 2355 πατήρ.
3179 2285 3328 2356 Ἀμα
3360 2285 3417 2338 δὲ
3441 2287 3754 2355 ἐπιστήσεις

2171 2374 2258 2428 διὰ
2290 2375 2351 2427 τό
2381 2392 2533 2438 τινας
2565 2377 2662 2446 μὲν
2692 2375 2799 2430 τῶν
2827 2379 3246 2432 πεπιστευκέναι
3275 2378 3645 2451 νομιζομένων
3670 2379 3754 2433 λέ-

2170 2464 2362 2532 γεσθαι
2388 2465 2605 2530 δούλους
2629 2465 2724 2520 τοῦ
2754 2467 2910 2532 Θεοῦ,
2938 2469 3156 2541 ἑτέρους
3186 2471 3242 2524 δὲ
3270 2471 3626 2543 χρηματίζειν
3651 2475 3749 2527 αὑ-

2169 2554 2263 2609 τοῦ
2291 2557 2472 2621 υἱοὺς,
2508 2558 2717 2628 μήποτε
2749 2557 2846 2628 οὐχ
2875 2561 2907 2629 ή
2945 2559 3182 2630 τυχοῦσα
3209 2561 3395 2633 ἐντολὴ
3420 2606 3434 2622 ,
3470 2564 3604 2618 ἀλλὰ
3631 2583 3750 2619 τινα

2170 2647 2290 2700 κατ’
2330 2646 2608 2718 ἐξαίρετον
2653 2647 3062 2720 κατορθούμενα
3100 2650 3312 2704 ποιοῦσι
3355 2654 3606 2721 γενέσθαι
3637 2658 3748 2708 υἱὸν

2167 2736 2302 2790 Θεοῦ
2350 2738 2442 2792 τὸν
2489 2738 2930 2810 κατορθώσαντα.
2978 2742 3194 2796 Πολλῶν
3241 2744 3372 2812 γοῦν
3417 2747 3475 2799 ὲν
3504 2745 3581 2817 τῷ
3608 2748 3748 2802 κατὰ

2166 2827 2440 2882 Ματθαῖον
2465 2830 2788 2901 εἰρημένων,
2814 2835 3121 2905 παρατήρει
3137 2835 3198 2888 τό
3220 2851 3236 2866 ·
3268 2837 3464 2903 Ὅπως
3490 2837 3748 2907 γένησθε

2164 2921 2282 2976 υἱοὶ
2316 2922 2424 2976 τοῦ
2456 2923 2679 2990 πατρὸς
2709 2923 2875 2993 ὑμῶν
2911 2926 3019 2980 τοῦ
3057 2927 3127 2980 ἐν
3167 2928 3463 2995 οὐρανοῖς,
3498 2930 3526 2982 ὃ
3553 2931 3743 2998 ἐπιφέ-

488 3018 600 3073 illis
633 3016 813 3072 verbis
847 3036 859 3071 :
898 3015 1010 3086 Ego
1056 3027 1229 3071 autem
1263 3019 1381 3072 dico
1421 3017 1608 3072 vobis:
1642 3016 1857 3088 Diligite
1884 3018 2064 3072 inimi-

2171 3029 2321 3084 ρεται
2363 3012 2472 3083 (12)
2503 3013 2612 3084 τῷ·
2656 3015 2803 3083 Ἐγὼ
2845 3014 2914 3068 δὲ
2949 3015 3104 3085 λέγω
3141 3019 3315 3088 ὑμῖν·
3371 3020 3746 3090 Ἀγαπήσατε

487 3126 574 3163 cos
602 3121 823 3173 vestros,
866 3119 914 3162 et
948 3121 1096 3162 orate
1125 3125 1218 3176 pro
1262 3110 1342 3163 his
1383 3109 1475 3179 qui
1521 3125 1608 3162 vos
1660 3116 2061 3179 persequuntur.

488 3200 676 3254 Elucet
704 3203 848 3254 enim
901 3199 1196 3255 similitudo
1227 3214 1354 3269 erga
1399 3198 1594 3263 Deum,
1632 3207 1797 3268 atque
1837 3200 2064 3256 imitatio

488 3293 659 3364 ipsius
688 3292 966 3364 diligentis
997 3290 1179 3349 omnia
1211 3292 1356 3346 entia
1378 3331 1394 3357 ,
1419 3299 1476 3346 et
1515 3291 1652 3346 nihil
1699 3292 2063 3347 abominantis

485 3400 672 3440 eorum
695 3401 814 3455 qua:
841 3385 986 3449 fecit,
1010 3393 1064 3438 et
1106 3382 1359 3437 omnibus
1399 3381 1672 3452 parcentis
1702 3381 2062 3453 (quandoqui-

486 3479 607 3532 dem
647 3479 817 3548 ipsius
851 3475 1066 3531 Domini
1097 3475 1400 3530 auimarum
1427 3473 1660 3528 amantis
1686 3482 1813 3528 sunt
1835 3472 2059 3543 omnia),

484 3573 538 3626 in
569 3585 635 3625 eo
663 3572 753 3640 qui
791 3570 968 3639 diligit
1003 3570 1255 3624 inimicos
1295 3582 1443 3632 suos,
1475 3576 1530 3621 et
1559 3573 1818 3635 precatur
1841 3579 1938 3634 pro
1977 3565 2059 3619 his

484 3663 577 3731 qui
609 3670 1008 3730 persequuntur
1039 3676 1188 3715 eum.
1207 3657 1404 3714 Verum
1431 3659 1703 3728 quomodo
1737 3656 2060 3711 convenien-

482 3762 566 3806 ter
620 3753 1039 3822 subjungeretur
1066 3751 1235 3806 illud:
1274 3748 1342 3804 Ut
1389 3751 1502 3804 sitis
1537 3750 1636 3818 ﬁlii
1681 3748 1844 3819 33o
1879 3745 2056 3804 Patris

482 3845 637 3898 vestri
659 3845 751 3912 qui
781 3844 838 3896 in
875 3843 1016 3896 caelis
1039 3851 1144 3910 est,
1167 3842 1274 3896 illis
1307 3843 1486 3898 verbis
1525 3860 1539 3896 :
1581 3842 1791 3895 Dictum
1826 3851 1942 3897 est:
1973 3839 2056 3894 Ne

479 3938 775 3992 committas
805 3936 1127 3990 adulterium
1152 3949 1171 3987 :
1193 3945 1244 3989 at
1273 3951 1366 4006 ego
1388 3935 1506 3987 dico
1534 3933 1674 3989 vobis
1702 3952 1719 3986 :
1745 3932 2056 4003 Quicunque

479 4028 740 4094 aspexerit
787 4026 1059 4082 mulierem
1112 4028 1182 4081 ad
1237 4026 1705 4095 concupiscendam
1753 4040 1889 4091 eam,
1935 4023 2052 4092 jam

478 4121 802 4174 adulterium
843 4121 1100 4174 commisit
1132 4120 1188 4172 in
1237 4122 1392 4172 corde
1435 4132 1531 4170 suo
1563 4131 1681 4169 cum
1711 4131 1773 4168 ea
1790 4114 1858 4178 ”,
1890 4123 2054 4182 atque

479 4213 586 4267 illis
602 4214 664 4266 de
683 4211 986 4280 perditione
999 4211 1164 4265 unius
1178 4209 1642 4273 membrorum,ne
1662 4215 1835 4261 totum
1851 4219 2052 4273 corpus

476 4310 805 4378 conjiciatur
831 4311 884 4362 iu
915 4307 1260 4378 gehennam?
1285 4305 1427 4371 Quin
1461 4307 1626 4359 etiam
1658 4303 1703 4358 si
1734 4311 1856 4370 post
1883 4301 2047 4354 illud:

2166 3103 2308 3168 τοὺς
2342 3103 2596 3172 ἐχθροὺς
2631 3103 2831 3174 ὑμῶν,
2857 3107 2956 3158 καὶ
3000 3105 3410 3177 προσεύχεσθε
3444 3111 3598 3179 ὑπὲρ
3627 3110 3746 3165 τῶν

2165 3194 2499 3250 διωκόντων
2525 3194 2697 3266 ὑμᾶς.
2735 3198 2846 3250 Καὶ
2873 3198 2978 3269 γὰρ
3011 3200 3331 3269 ἐμφαίνεται
3371 3204 3404 3273 ἡ
3441 3203 3576 3275 πρὸς
3613 3205 3744 3257 Θεὸν

2163 3286 2416 3356 ὁμοιότης
2463 3287 2557 3339 καὶ
2627 3287 2857 3358 μίμησις
2915 3289 3080 3342 αὑτοῦ
3146 3291 3467 3359 ἀγαπῶντος
3508 3293 3575 3346 τὰ
3615 3294 3742 3347 ὄντα

2165 3377 2362 3441 πάντα,
2383 3379 2477 3430 καὶ
2505 3376 2668 3448 μηδὲν
2697 3378 3120 3450 βδελυσσομένου
3141 3375 3216 3435 ὧν
3241 3382 3394 3454 ὲποίη
3404 3401 3484 3448 σε,
3507 3388 3600 3437 καὶ
3628 3402 3744 3453 φει-

2161 3469 2385 3540 δομένου
2410 3469 2624 3524 πάντων
2647 3468 2898 3544 (ἐπείπερ
2921 3471 3083 3524 αὐτοῦ
3108 3473 3200 3525 τοῦ
3233 3473 3526 3544 φιλοψύχου
3549 3475 3742 3527 δεσπό-

2160 3577 2253 3612 του
2287 3561 2402 3612 ὲστὶ
2441 3560 2510 3614 τὰ
2545 3560 2783 3631 πάντα),
2816 3563 2873 3614 ὲν
2906 3561 2984 3632 τῷ
3025 3562 3304 3632 ἀγαπῶντι
3338 3565 3463 3628 τοὺς
3516 3565 3741 3637 ἐχθροὺς

2160 3650 2386 3715 ἑαυτοῦ,
2417 3652 2513 3704 καὶ
2551 3653 2972 3726 προσευχομένῳ
3010 3655 3148 3725 ὑπὲρ
3173 3653 3282 3708 τῶν
3312 3655 3616 3709 διωκόντων
3645 3659 3741 3709 αὺ-

2158 3744 2269 3796 τόν.
2303 3742 2428 3806 Πῶς
2449 3743 2492 3796 δ’
2521 3743 2586 3797 ἂν
2603 3744 2871 3815 ἁρμοστὸν
2891 3739 2975 3816 ἱῆν
2991 3745 3382 3816 ἐπιφερόμενον
3409 3747 3472 3798 τό
3492 3763 3505 3776 ·
3540 3748 3738 3813 ’Ὅπως

2159 3834 2415 3906 γένησθε
2442 3833 2556 3886 υἱοὶ
2602 3833 2708 3886 τοῦ
2748 3833 2976 3898 Πατρός
3007 3832 3171 3902 ὑμῶν
3203 3835 3310 3889 τοῦ
3336 3835 3404 3888 ἐν
3436 3836 3732 3903 οἰερανοῖς,

2156 3927 2254 3998 τῷ·
2300 3926 2564 3994 Ἐρρέθη,
2599 3927 2680 3978 Οὐ
2711 3926 3088 3994 μοιχεύσειςο
3129 3925 3243 3994 ἐγὼ
3285 3926 3353 3979 δὲ
3388 3927 3541 3996 λέγω
3573 3928 3732 3996 ὑμῖν,

2155 4017 2243 4070 ὅτι
2281 4015 2408 4081 Πᾶς
2440 4019 2472 4069 ό
2501 4015 2752 4080 ,ϐλέπων
2791 4014 3043 4083 γυναῖκα
3066 4016 3215 4083 πρὸς
3243 4017 3310 4070 τὸ
3345 4018 3731 4086 ἐπιθυμῆσαι,

2153 4111 2270 4180 ἤδη
2311 4110 2669 4179 ἐμοίχευσεν
2705 4111 2899 4176 αὐτὴν
2933 4107 3001 4161 ἐν
3037 4107 3112 4176 τῇ
3148 4110 3363 4177 καρδίᾳ
3402 4111 3609 4175 αὐτοῦ,
3640 4113 3734 4165 καὶ

2153 4204 2263 4264 τοῖς
2289 4199 2416 4271 περὶ
2445 4201 2542 4269 τῆς
2573 4196 2845 4260 ἀπωλείας
2871 4196 2986 4260 ἐνὸς
3007 4197 3113 4249 τῶν
3146 4197 3342 4267 μελῶν,
3372 4197 3510 4268 ὑπὲρ
3534 4197 3627 4250 τοῦ
3658 4197 3732 4268 μὴ

2149 4291 2268 4346 ὅλον
2315 4293 2394 4354 εἰς
2442 4290 2663 4358 γέενναν
2701 4287 2957 4341 ἀπελθεῖν
3002 4289 3063 4340 τὸ
3108 4288 3304 4359 σῶμα;
3343 4289 3503 4342 Ἀλλὰ
3549 4289 3642 4344 καὶ
3684 4292 3732 4343 εἰ

476 4377 690 4458 Diclum
721 4411 796 4455 est
830 4377 1059 4471 antiquis
1099 4415 1118 4455 :
1155 4397 1280 4454 Non
1332 4396 1619 4467 pejerabis,
1671 4395 1761 4448 sed
1792 4391 2048 4463 persolves

2167 4383 2453 4451 ἶπεφέρετο
2495 4379 2604 4450 (1⁵)
2649 4377 2760 4449 τᾷδ’
2811 4378 3044 4447 Ἐρῤέθη
3094 4378 3217 4444 τοῖς
3253 4380 3560 4446 ἀρχαίοις’
3608 4382 3728 4432 Οὐκ

473 4492 701 4547 Domino
709 4493 1016 4561 juramenta
1043 4502 1136 4544 tua
1165 4499 1258 4554 ;at
1281 4504 1374 4559 ego
1401 4487 1519 4540 dico
1549 4487 1689 4539 vobis
1710 4502 1727 4538 :
1752 4483 1834 4539 Ne
1859 4483 2047 4552 juretis

475 4586 688 4638 omnino
714 4583 781 4648 ",
808 4581 1226 4652 subjungeretur
1255 4593 1269 4631 :
1301 4575 1368 4629 Ut
1406 4575 1522 4629 sitis
1547 4573 1646 4642 ﬁlii
1686 4571 1867 4626 Patris
1899 4569 2053 4623 vestri

472 4675 563 4742 qui
587 4673 641 4726 in
668 4672 808 4726 caelis
830 4669 996 4738 est",
1025 4668 1252 4723 multum
1287 4663 1529 4734 profecto
1554 4658 1866 4716 oﬁ‘eudiculi
1895 4672 1962 4710 ex
1993 4670 2053 4710 se

473 4767 727 4830 fecisset;
754 4780 897 4820 nunc
933 4775 1137 4825 autem,
1175 4772 1232 4816 ut
1265 4761 1354 4815 ille
1394 4759 1555 4813 Pater
1579 4755 1817 4812 caelestis
1845 4753 2050 4810 exoriri

472 4859 638 4914 solem
667 4857 798 4912 facit
842 4871 1005 4925 super
1051 4853 1223 4908 malos
1245 4863 1301 4906 et
1336 4852 1509 4906 bonos
1541 4849 1609 4912 ",
1642 4847 1722 4902 sic
1749 4846 2046 4916 unusquis-

471 4961 578 5015 que
613 4945 845 5001 ﬁliorum
877 4944 972 4998 Dei
998 4942 1340 4998 dilectionem
1376 4939 1428 4993 in
1452 4937 1744 5006 semetipso
1769 4935 1934 4991 veluti
1959 4948 2046 4989 so-

2153 4474 2554 4543 ἐπιορκήσεις,
2582 4468 2913 4536 ἀποδώσεις
2942 4470 3009 4522 δὲ
3037 4468 3115 4534 τῷ
3135 4469 3328 4536 Κυρίῳ
3345 4469 3486 4534 τοὺς
3514 4469 3730 4536 ὅρκους

2151 4581 2268 4622 σου
2285 4583 2299 4596 ·
2325 4565 2439 4634 ἐγὼ
2459 4563 2526 4616 δὲ
2559 4562 2714 4632 λέγω
2737 4561 2903 4630 ὑμῖν,
2959 4560 3046 4631 μὴ
3067 4561 3284 4632 ὀμόσαι
3304 4557 3481 4625 ὅλως’
3507 4580 3525 4612 ι
3568 4561 3728 4628 ὅπως

2151 4657 2409 4729 γένησθε
2439 4655 2555 4710 υἱοὶ
2585 4653 2691 4707 τοῦ
2716 4652 2944 4719 Πατρός
2971 4649 3139 4718 ὑμῶν
3163 4650 3270 4704 τοῦ
3298 4650 3367 4703 έν
3394 4650 3529 4717 τοῖς·
3552 4654 3729 4719 cvpa-

2149 4748 2301 4814 νοῖς,
2315 4747 2542 4816 »πολλὴν
2554 4743 2619 4798 ἂν
2629 4741 2854 4798 αὐτόθεν
2870 4741 3152 4813 ἐνεποίησε
3179 4745 3516 4814 προσκοπήν·
3538 4745 3654 4796 νυνὶ
3669 4751 3726 4799 δε

2150 4837 2300 4890 ῶσπε
2309 4853 2340 4908 ρ
2355 4837 2382 4889 ὁ
2396 4837 2454 4888 ὲν
2469 4837 2578 4896 τοῖς
2590 4833 2651 4884 οὐ
2661 4834 2838 4903 ρανοῖς
2859 4832 3049 4903 Πατὴρ
3068 4833 3343 4886 ἀνατέλλει
3359 4833 3450 4888 τὸν
3464 4833 3611 4904 ἥλιον
3634 4836 3728 4887 ἐπὶ

2147 4927 2418 5000 πονηροὺς
2451 4925 2544 4978 καὶ
2567 4923 2824 4992 ἀγαθοὺς,
2866 4923 3038 4987 οὕτως
3062 4923 3290 4988 ἕκαστος
3317 4924 3424 4977 τῶν
3453 4925 3584 4979 υἱῶν
3614 4924 3724 4996 (14)

540 5066 588 5099 ’⁸
614 5065 800 5120 Matth.
832 5080 884 5132 ν,
913 5063 1102 5120 4545.
1178 5061 1224 5094 ⁸³
1256 5059 1386 5116 ibid.
1427 5059 1616 5114 27-‘50.
1689 5056 1736 5088 "
1761 5057 1894 5113 ibid.
1925 5053 2067 5120 55,εὲ

2212 5052 2257 5082 ⁸⁵
2294 5051 2428 5104 ibid.
2459 5047 2550 5102 45.
2626 5045 2675 5078 ³⁸
2715 5045 2845 5100 ibid.

541 5208 790 5279 (ll)Kat
814 5202 1170 5279 χρηματίζει.
1217 5204 1308 5259 Sic
1361 5206 1531 5279 codex
1593 5199 2044 5265 Bodleianus;in

469 5272 658 5336 codice
694 5272 872 5331 autem
919 5272 1090 5344 Regio
1115 5277 1266 5329 deest
1292 5272 1412 5326 xui.

540 5347 652 5416 (19.)
681 5347 864 5402 Codex
893 5338 1240 5408 Bodieianus,
1270 5345 1298 5397 ὃ
1333 5342 1686 5412 ἐπιφέρεται·
1744 5341 1798 5395 in
1850 5338 2043 5395 codice

473 5417 646 5486 Regio
669 5421 820 5472 deest
845 5417 892 5469 ὃ.

539 5481 652 5558 (ἱὸ)
696 5487 871 5541 Ἀλλὰ
892 5485 990 5539 καὶ
1021 5487 1074 5538 ει
1103 5483 1442 5558 ἐπεφέρετο,
1468 5491 1572 5558 etc.
1605 5481 1720 5558 Hoc
1778 5491 1880 5558 est,
1935 5493 2043 5558 non

470 5550 820 5626 paritihinpud
847 5559 1118 5626 auditores
1144 5550 1461 5626 oilendisset
1490 5552 1759 5626 Christus,
1795 5551 1839 5604 si
1879 5550 2044 5626 verba

471 5618 555 5680 illa
584 5645 596 5679 :
631 5625 696 5680 Ut
719 5618 846 5680 'sitis
881 5627 980 5692 ﬁlii
1014 5623 1193 5678 Patris
1243 5625 1401 5678 vestri
1439 5623 1616 5692 quiin
1645 5623 1782 5674 cmlis
1809 5630 1907 5692 est,
1940 5618 2046 5692 illis

469 5697 840 5755 subiunxisset
859 5689 1100 5752 {Dictum
1129 5706 1201 5752 est
1222 5696 1482 5758 antiquis:
1507 5690 1628 5748 Non
1646 5689 1924 5762 pejerubis,
1956 5690 2044 5745 sed

2155 5197 2440 5266 persolves,
2477 5203 2586 5246 etc.
2616 5189 2779 5266 Ratio
2805 5193 3068 5266 est._quia
3098 5203 3162 5244 ea
3196 5191 3360 5266 [verba
3411 5187 3724 5266 similitudi-

2154 5259 2278 5321 iiem
2314 5266 2594 5318 continent
2625 5261 2802 5315 Patris
2831 5272 2887 5314 et
2919 5261 3175 5324 ﬁliarum,
3203 5259 3294 5313 Dei
3331 5268 3385 5312 et
3411 5259 3722 5322 hominum;

2150 5349 2206 5389 at
2232 5352 2293 5389 ea
2323 5351 2387 5388 ex
2425 5344 2579 5402 parte
2612 5330 2816 5384 similes
2841 5346 3100 5402 essenon
3140 5339 3387 5398 possunt,
3411 5329 3541 5395 quia
3585 5327 3725 5380 Deus

2146 5405 2398 5474 peierare
2428 5401 2537 5456 non
2583 5411 2795 5474 potest,
2851 5401 3098 5454 homines
3158 5409 3338 5453 autem
3387 5408 3630 5467 possunt,
3669 5410 3726 5449 ct

2121 5469 2291 5530 ’ὲίέυθ
2322 5475 2547 5527 faciunt.
2583 5469 2842 5524 HUl-J'rtus.

2248 5544 2334 5615 M)
2359 5544 2538 5615 Codes
2567 5541 2790 5609 Regius,
2827 5538 3248 5615 perperam,_1:bv
3273 5537 3419 5615 υἱόν]
3471 5535 3723 5615 Bodleia-

2150 5607 2252 5670 nus
2283 5607 2408 5667 vero
2435 5623 2492 5664 ut
2516 5613 2566 5665 in
2603 5607 2788 5666 nostro
2823 5607 2996 5676 iextu,
3017 5620 3072 5666 et
3098 5611 3176 5666 sic
3197 5610 3327 5678 legit
3363 5607 3643 5663 Ferrarius
3669 5607 3725 5659 in

2149 5701 2251 5744 suo
2275 5687 2479 5741 codice.
