4196 6364
474 286 582 341 6ίῦ

1532 288 1888 346 (ΖΟΜΜΕΙΝΤ.
1926 288 1993 343 ΙΝ
2023 286 2221 345 JOAN.
2259 286 2499 345 TOMUS
2538 287 2655 347 XX.

3619 302 3727 356 οη

473 404 568 459 τοῦ
628 405 765 459 Θεοῦ
786 447 801 471 ,
883 407 1047 461 οίονεὶ
1105 407 1256 462 ἥλιον
1311 409 1370 461 ὲν
1432 386 1609 481 ἐαυτῷ
1674 410 1773 482 τὴν
1829 409 2047 478 ἀγάπην

2155 410 2257 463 lem
2286 409 2512 476 habens,
2543 410 2685 464 banc
2712 408 2913 465 exoriri
2956 409 3088 465 facit
3133 410 3298 467 etiam
3341 427 3503 484 super
3527 415 3723 480 malos,

471 496 631 565 ἔχων,
689 495 894 569 ταύτην
951 495 1233 551 ἀνατέλλει
1288 501 1383 552 καὶ
1419 498 1516 554 ἐπὶ
1558 502 1850 571 πονηροὺς,
1902 499 2047 554 ὲπὰν

471 587 733 658 ἀγαπήσῃ
776 589 902 652 τοὺς
957 587 1150 641 ἑαυτοῦ
1204 588 1452 659 ἐχθρούς.
1503 590 1613 643 Καὶ
1654 592 1813 644 πάλιν
1857 589 2044 661 ὥσπερ

473 676 656 748 βρέχει
684 673 780 730 ἐπὶ
806 678 1045 742 δικαίους
1072 680 1162 733 καὶ
1199 674 1436 744 ἀδίκους,
1484 679 1656 744 οὕτως
1694 681 1857 734 οἱονεὶ
1893 680 2045 734 ὑετόν

469 784 590 820 τινα
634 768 732 839 τὴν
782 768 1085 840 προσευχὴν
1128 772 1157 824 6
1192 771 1345 839 ἆγιος
1390 771 1739 841 καταπέμπει
1788 772 1881 824 ἐπὶ
1920 772 2046 834 τοὺς

471 861 622 914 κάτω
648 877 749 913 που
778 861 1142 930 τυγχάνοντας
1165 901 1181 925 ,
1221 861 1310 916 διὰ
1352 864 1413 916 τὸ
1458 861 1676 916 διώκειν
1717 864 1912 928 αὐτὸν,
1950 863 2046 916 καὶ

471 951 602 1022 περὶ
640 951 746 1005 τῶν
769 953 1027 1007 τοιούτων
1052 954 1498 1025 προσευχόμενος.
1534 954 1717 1008 Ταῦτα
1750 954 1848 1026 μὲν
1873 957 1950 1018 εἰς
1983 954 2045 1008 τὸ

473 1041 744 1095 ὑποπεσὸν
768 1045 897 1114 ἡμῖν
927 1044 1295 1116 τρανωθῆναι,
1322 1047 1385 1100 τό
1416 1054 1432 1071 ⁹
1470 1048 1542 1101 El
1581 1049 1615 1101 ό
1665 1046 1808 1113 Θεὸς
1849 1044 2044 1115 πατὴρ

470 1132 657 1203 ὑμῶν,
676 1134 945 1203 ἠγαπᾶτε
964 1134 1041 1188 ἂν
1063 1134 1185 1203 ἐμέ.

543 1222 629 1277 16.
674 1224 899 1295 Ἰδωμεν
919 1225 976 1278 δὲ
1021 1227 1201 1291 καὶ,τό
1221 1243 1235 1258 ο
1276 1225 1423 1297 Ἐγὼ
1447 1226 1516 1281 ἐκ
1543 1226 1651 1281 τοῦ
1681 1226 1830 1283 Θεοῦ
1865 1228 2047 1297 ἐξῆλ-

474 1317 599 1380 θον,
634 1314 732 1368 καὶ
759 1315 913 1383 ἥκω·
948 1318 1028 1381 είς
1058 1317 1087 1370 δ
1109 1318 1375 1390 χρήσιμόν
1406 1335 1495 1390 μοι
1521 1319 1769 1388 φαίνεται
1802 1318 2042 1391 παραθέ-

475 1406 597 1460 σθαι
623 1407 684 1460 τὺ
712 1410 777 1461 ἐκ
816 1408 1049 1478 Μιχαίου
1090 1409 1262 1475 οὕτως
1293 1410 1413 1482 ἔχον
1436 1428 1450 1443 ο
1494 1413 1849 1478 Ἀκούσατε,
1882 1413 2041 1478 λαοὶ,

470 1500 719 1568 λόγους,
752 1500 853 1554 καὶ
879 1501 1218 1570 προσεχέτω
1247 1503 1287 1569 ἡ
1332 1503 1410 1571 τῆ
1434 1542 1448 1567 ,
1492 1502 1590 1556 καὶ
1622 1502 1843 1570 πάντες
1882 1506 1937 1558 οἱ
1974 1504 2045 1557 ἐν

472 1589 657 1659 αὐτῇ,
692 1591 788 1643 καὶ
830 1589 1001 1646 ἔσται
1031 1594 1243 1661 Κύριος
1272 1594 1342 1647 ἐν
1379 1594 1525 1664 ὑμῖν
1564 1598 1651 1661 εἰς
1692 1597 2038 1664 μαρτύριον,

472 1683 685 1751 Κύριος
713 1681 793 1750 ἐξ
812 1682 990 1739 ,οἷκον
1022 1683 1400 1755 ἁγίου-αὑτοῦ
1423 1699 1439 1717 ⁸
1484 1684 1633 1739 διότι
1666 1685 1795 1739 ἰδοὺ
1830 1688 2045 1754 Κύριος

2152 515 2275 554 etim
2294 517 2420 554 suos
2448 501 2616 570 ipsius
2637 501 2887 556 dilexerit
2912 502 3183 557 inimicos.
3199 504 3276 558 Ac
3299 518 3513 558 rursum
3536 520 3719 574 quem-

2150 596 2442 651 admodum
2478 597 2613 665 pluit
2649 599 2788 653 Deus
2821 608 2982 667 super
3008 599 3186 668 justos
3218 609 3272 655 et
3297 599 3528 669 lnjuslos
3548 600 3619 665 "',
3650 603 3723 655 ita

2151 698 2389 755 sanctus,
2417 689 2577 743 veluti
2602 690 2835 759 pluviam
2870 682 3156 760 quamdam
3189 693 3424 748 demittit
3458 695 3723 763 precatio-

2152 794 2273 831 nem
2307 794 2471 849 super
2502 795 2596 834 eos
2624 795 2715 849 qut
2758 788 3005 835 deorsum
3037 789 3255 852 degunt,
3290 798 3356 837 eo
3395 785 3538 853 quod
3574 783 3723 836 illum

2150 872 2634 939 persequebantur,
2669 888 2765 941 pro
2803 872 3001 928 talibus
3040 874 3203 929 etiam
3235 890 3415 928 orans.
3449 874 3574 929 Haec
3600 874 3724 944 qui-

2150 958 2271 1012 dem
2303 959 2354 1013 iu
2399 959 2546 1024 illud,
2578 962 2721 1029 quod
2765 961 2895 1015 milii
2931 963 3327 1031 explauandum
3370 963 3562 1017 incidit
3593 966 3617 1028 ιε
3662 960 3722 1017 St

2153 1048 2292 1104 Deus
2327 1061 2479 1120 puter
2501 1062 2666 1105 vester
2703 1060 2860 1120 esset,
2907 1052 3200 1123 diligerelis
3231 1056 3410 1125 utique
3438 1071 3517 1108 me
3542 1052 3611 1109 '°.

2219 1226 2308 1281 16.
2339 1224 2630 1284 Videamus
2655 1243 2783 1284 vero
2811 1239 2866 1285 et
2901 1230 3029 1286 illud
3059 1248 3074 1285 :
3112 1230 3224 1302 Ego
3253 1249 3318 1288 ea:
3354 1233 3462 1288 Deo
3490 1236 3645 1301 exivi,
3672 1247 3722 1291 et

2148 1322 2295 1374 uenio
2325 1308 2393 1385 δ’,
2426 1337 2548 1375 eum
2580 1337 2689 1391 quo
2713 1323 2961 1378 conferre
2994 1323 3122 1378 illud
3153 1318 3388 1379 Miclueaa
3417 1325 3545 1381 utile
3568 1328 3720 1382 vide-

2152 1420 2242 1465 tur
2263 1411 2342 1465 sic
2370 1410 2578 1465 habens
2606 1428 2619 1464 :
2648 1410 2861 1475 Audite,
2904 1413 3101 1482 populi,
3144 1430 3424 1477 sermones,
3455 1425 3506 1470 et
3547 1425 3717 1472 atten-

2148 1503 2238 1556 dat
2274 1511 2437 1565 terra,
2472 1512 2522 1556 et
2564 1519 2740 1558 omnes
2775 1505 2865 1574 qui
2892 1506 2946 1558 in
2974 1521 3034 1558 ea
3075 1515 3227 1570 sunt,
3252 1517 3303 1560 et
3335 1510 3431 1561 erit
3464 1507 3721 1564 Dominus

2150 1597 2296 1650 testis
2335 1605 2518 1649 contra
2540 1612 2651 1660 uos,
2692 1595 2971 1660 Dominus,
3005 1598 3243 1667 inquam,
3270 1600 3334 1652 de
3354 1601 3508 1653 domn
3537 1609 3720 1655 sancta

2149 1702 2269 1739 sua.
2290 1686 2426 1740 Ecce
2452 1688 2720 1757 egreditur
2748 1686 3006 1742 Dominus
3042 1691 3106 1742 de
3130 1689 3244 1744 loco
3263 1707 3381 1756 suo,
3412 1700 3463 1745 et
3506 1693 3717 1746 descen-

472 1774 850 1843 ἐκπορεύεται
872 1777 942 1829 ἐκ
968 1776 1073 1831 τοῦ
1097 1779 1284 1831 τόπου
1312 1777 1550 1840 ἑαυτοῦ,
1584 1778 1681 1831 καὶ
1702 1776 2043 1844 ’καταϐήσε-

2149 1782 2329 1845 det,-et
2358 1781 2579 1835 calcabit
2617 1797 2773 1850 super
2809 1781 3013 1836 excelsa
3050 1793 3225 1845 terraz,
3251 1794 3296 1835 et
3331 1782 3720 1837 commovebun-

472 1883 584 1930 ται,
612 1867 711 1921 καὶ
736 1867 1079 1932 ἐπιϐήσεται
1103 1868 1203 1922 ἐπὶ
1232 1874 1305 1924 τὰ
1340 1870 1467 1939 ὕψη
1499 1869 1610 1938 τῆς
1636 1869 1768 1940 γῆς,
1793 1871 1892 1924 καὶ
1930 1886 2041 1924 σα-

471 1955 830 2023 λευθήσεται
850 1959 924 2013 τὰ
947 1960 1053 2028 ὅρη
1082 1960 1463 2015 ὑποκάτωθεν
1489 1961 1696 2025 αὑτοῦ,
1713 1963 1812 2016 καὶ
1842 1965 1902 2016 αὶ
1925 1980 2045 2016 κοι-

470 2045 651 2113 λάδες
681 2047 1041 2116 τακήσονται
1077 2050 1158 2116 ὠς
1186 2050 1369 2118 κηρὸς
1404 2051 1521 2105 ἀπὸ
1562 2050 1885 2120 προσώπου
1928 2069 2041 2106 πυ-

469 2139 594 2206 ρὸς,
635 2140 732 2193 καὶ
774 2141 854 2206 ὡς
878 2141 1034 2209 ὕδωρ
1063 2143 1547 2211 καταφερόμενον
1582 2143 1652 2195 ἐν
1683 2143 2005 2197 καταϐάσει
2025 2159 2040 2174 ο

472 2231 566 2283 καὶ
617 2232 719 2303 ὅρα
772 2232 979 2302 μήποτε
1039 2233 1349 2304 ἰσοδυναμεῖ
1397 2234 1485 2286 τό·
1544 2234 1841 2302 Ἐξῆλθον
1886 2241 2045 2304 παρὰ

471 2322 577 2376 τοῦ
606 2322 772 2389 Θεοῦ,
802 2324 881 2392 τῷ
904 2341 918 2354 ο
947 2326 1164 2392 Κύριος
1205 2326 1581 2394 ἐκπορεύεται
1617 2327 1684 2380 ἐκ
1721 2326 1829 2380 τοῦ
1858 2330 2043 2382 τόπου

471 2414 656 2469 αότοῦ
678 2432 693 2447 ο
717 2416 840 2468 ἐπεὶ
863 2416 951 2468 ὅτε
978 2418 1007 2469 6
1036 2416 1161 2479 Υἱὸς
1188 2419 1244 2470 ἐν
1269 2417 1346 2488 τῷ
1374 2418 1547 2489 Πατρί
1576 2419 1743 2481 ἐστιν,
1775 2420 1831 2471 ὲν
1864 2421 2041 2489 μορφῇ

472 2506 605 2560 Θεοῦ
634 2508 927 2578 ὑπάρχων,
970 2510 1098 2580 πρὶν
1132 2511 1320 2563 ἑαυτὸν
1367 2510 1634 2574 κενῶσαι,
1671 2511 1832 2563 οἱονεὶ
1881 2511 2045 2574 τόπος

472 2597 636 2653 αὑτοῦ
665 2602 812 2653 ἐστιν
841 2603 870 2654 6
889 2600 1049 2665 Θεόςο
1079 2602 1171 2655 καὶ
1196 2601 1250 2654 εἴ
1266 2601 1350 2665 τίς
1378 2618 1443 2669 γε
1477 2602 1665 2673 νοήσαι
1699 2601 1791 2655 τὸν
1823 2601 1929 2673 πρὸ
1950 2600 2042 2655 τοῦ

350 2687 359 2693 ’
470 2689 702 2743 κενῶσαι
735 2691 925 2744 ἑαυτὸν
961 2693 1018 2747 ὲν
1051 2693 1116 2763 τῇ
1148 2692 1531 2763 προηγουμένη
1572 2692 1883 2762 ὑπάρχοντα
1908 2691 2043 2745 Θεοῦ

474 2783 677 2852 μορφῇ,
695 2781 883 2852 ὄψεται
912 2784 1003 2837 τὸν
1028 2783 1252 2854 μηδέπω
1276 2781 1629 2854 ἐξεληλυθότα
1652 2785 1755 2837 ὑπὸ
1781 2783 1878 2837 τοῦ
1909 2783 2043 2838 Θεοῦ

470 2870 599 2924 Υίὸν
630 2873 795 2926 αὐτοῦ
816 2912 832 2938 ,
860 2875 953 2927 xui.
993 2875 1196 2947 Κύριον
1229 2874 1319 2928 τὸν
1361 2875 1584 2947 μηδέπω
1617 2876 2045 2947 ἐκπορευόμενον

470 2960 652 3015 ικτοῦ
679 2963 845 3017 τόπου
884 2964 1077 3019 ἑαυτοῦ
1102 2984 1116 2997 ο
1152 2966 1289 3019 ἐπὰν
1323 2966 1381 3019 δὲ
1411 2965 1593 3040 ἐκείνῃ
1623 2969 1688 3038 τῇ
1717 2967 2044 3020 καταστάσει

469 3054 564 3107 τοῦ
604 3055 735 3110 Υίοῦ
770 3058 1036 3131 συγκρίνῃ
1068 3058 1167 3130 τὴν
1210 3060 1275 3111 ὲκ
1315 3057 1409 3110 τοῦ
1448 3057 1795 3128 ἀνειληφέναι
1824 3056 1920 3128 τὴν
1949 3056 2043 3110 τοῦ

2147 1875 2233 1918 tur
2259 1877 2457 1921 montes
2492 1869 2584 1922 sub
2612 1868 2724 1933 illo,
2767 1879 2814 1923 et
2846 1870 3004 1923 ualles
3043 1868 3321 1938 liquescent
3353 1871 3489 1924 sicut
3536 1887 3657 1924 cera
3685 1888 3718 1924 α

2146 1961 2281 2028 [acie
2300 1960 2457 2027 ignis,
2488 1971 2534 2013 et
2562 1960 2698 2012 sicut
2726 1977 2862 2030 aqua
2884 1976 3002 2028 qua:
3031 1961 3344 2014 descendens
3370 1977 3462 2027 per
3487 1977 3717 2029 prceceps

2144 2049 2377 2117 defertur
2418 2052 2434 2081 ¹
2467 2067 2482 2115 ;
2515 2059 2581 2104 et
2632 2053 2750 2105 vide
2802 2067 2869 2105 an
2934 2051 3076 2105 forte
3122 2053 3464 2123 aequipolleat
3512 2053 3645 2108 illud
3696 2067 3715 2108 :

2146 2138 2300 2194 Exivi
2332 2157 2363 2192 a
2416 2138 2542 2204 Deo,
2571 2157 2690 2194 cum
2736 2140 2828 2196 illo
2858 2157 2872 2195 :
2906 2142 3159 2197 Dominus
3197 2145 3461 2213 egreditur
3501 2141 3567 2197 de
3603 2144 3717 2196 loco

2143 2247 2260 2295 suo,
2291 2234 2544 2301 quoniam
2574 2234 2789 2302 quando
2811 2232 2979 2287 Filius
3021 2235 3072 2287 in
3122 2233 3283 2289 Patre
3321 2243 3426 2299 est,
3462 2235 3515 2289 in
3546 2235 3719 2290 forma

2146 2323 2238 2378 Dei
2294 2323 2563 2379 exsisteus
2592 2363 2607 2388 ,
2641 2332 2929 2393 antequam
2987 2325 3222 2392 seipsum
3281 2325 3517 2391 iuaniat,
3553 2325 3720 2382 veluti

2146 2414 2297 2470 locus
2326 2414 2494 2484 ipsius
2528 2425 2610 2469 est
2655 2417 2794 2470 Deus
2819 2432 2833 2480 ;
2856 2427 2919 2471 .et
2951 2419 2993 2471 si
3036 2418 3158 2485 quis
3209 2417 3512 2472 consideret
3541 2417 3717 2485 ipsum

2146 2508 2493 2561 exsisteutem
2549 2507 2602 2559 in
2661 2507 2945 2576 principali
2987 2508 3076 2561 illa
3132 2509 3221 2561 Dei
3270 2506 3462 2571 fortuna,
3516 2508 3720 2562 videbit

2147 2600 2383 2653 nondum
2408 2613 2687 2669 egressum
2720 2614 2748 2652 a
2784 2599 2892 2654 Deo
2918 2600 3112 2653 Filium
3146 2600 3334 2671 ipsius,
3356 2611 3404 2654 et
3433 2600 3718 2655 Dominum

2148 2692 2384 2745 nonduin
2413 2692 2793 2761 egredientem
2820 2693 2886 2745 de
2921 2693 3038 2745 loro
3076 2707 3212 2754 suo;
3244 2707 3366 2745 cum
3403 2707 3537 2746 vero
3592 2706 3715 2745 cum

2148 2784 2249 2838 hoc
2280 2793 2422 2837 statu
2455 2784 2745 2837 contulerit
2774 2793 2972 2838 statum
2998 2785 3139 2838 illius
3165 2784 3255 2854 qui
3284 2785 3518 2852 seipsum
3544 2784 3722 2837 inani-

2146 2875 2246 2938 vit,
2282 2890 2345 2928 ex
2375 2889 2439 2929 eo
2464 2876 2606 2944 quod
2638 2875 2865 2930 formam
2899 2878 3044 2931 servi
3069 2878 3439 2946 assumpserit,
3462 2875 3722 2945 intelliget

2148 2966 2417 3031 quomodo
2440 2963 2609 3018 Filius
2660 2965 2769 3019 Dei"
2810 2967 3026 3032 exierit,
3052 2977 3108 3021 et
3151 2968 3362 3022 venerit
3402 2967 3469 3019 ad
3503 2981 3623 3033 nos,
3654 2981 3720 3021 ac

2148 3057 2306 3128 331
2345 3058 2510 3113 veluti
2542 3067 2695 3113 extra
2723 3074 2845 3114 eum
2888 3061 2977 3130 qui
3014 3061 3160 3115 misit
3187 3061 3358 3127 illum,
3392 3060 3562 3117 factus
3597 3062 3719 3117 lue--

467 3143 655 3200 δούλου
701 3148 915 3219 μορφὴν
961 3149 1151 3203 ἑαυτὸν
1191 3145 1536 3212 κενώσαντα,
1582 3148 1802 3219 συνήσει
1854 3147 1972 3210 πῶς
2019 3148 2047 3199 6

2150 3149 2259 3213 rit;
2294 3150 2509 3203 etiamsi
2543 3150 2649 3204 alio
2696 3151 2856 3205 modo
2911 3167 3013 3205 non
3072 3152 3338 3207 dimiserit
3366 3152 3514 3207 illum
3540 3153 3718 3210 solum

468 3236 597 3299 Υἱὸς
625 3239 718 3292 τοῦ
752 3239 886 3293 Θεοῦ
913 3238 1123 3310 ἐξῆλθε,
1154 3241 1249 3293 καὶ
1270 3234 1372 3312 ἧκε
1399 3239 1535 3310 πρὸς
1569 3240 1733 3310 ἡμᾶς,
1760 3238 1854 3291 καὶ
1880 3239 2043 3291 οἱονεὶ

468 3330 573 3394 ἔξω
604 3331 893 3403 γεγένηται
916 3332 1010 3385 τοῦ
1043 3331 1355 3403 πέμψαντος
1384 3330 1545 3383 αὐτόν
1570 3348 1581 3360 ·
1616 3331 1665 3382 εί
1689 3329 1783 3383 καὶ
1813 3331 1932 3382 κατ’
1957 3329 2046 3384 ἆλ-

467 3418 558 3473 λον
585 3421 785 3492 τρόπον
815 3423 915 3475 οὐκ
947 3421 1156 3493 ἀφῆκεν
1187 3421 1347 3474 αὑτὸν
1382 3420 1539 3491 μόνον
1582 3422 1610 3474 6
1656 3419 1875 3491 Πατὴρ,
1908 3418 2044 3472 ἀλλὰ

472 3512 587 3582 μετ’
618 3512 779 3566 αὐτοῦ
805 3516 941 3577 εστι,
972 3513 1067 3567 καὶ
1095 3512 1241 3566 ἐστιν
1271 3514 1328 3566 ὲν
1357 3511 1436 3582 τῷ
1451 3509 1585 3582 Υἱῷ,
1608 3510 1797 3583 ὥσπερ
1824 3512 1917 3565 καὶ
1948 3511 2044 3563 αὺ-

466 3602 559 3666 τὸς
596 3605 654 3657 ὲν
681 3603 759 3674 τῷ
799 3604 997 3676 Πατρί.
1029 3604 1140 3658 Καὶ
1185 3605 1234 3656 εἰ
1270 3604 1344 3675 μὴ
1382 3604 1503 3657 κατ’
1536 3601 1692 3657 ἄλλον
1734 3619 1799 3672 γε
1843 3602 2042 3673 τρόπον

468 3694 690 3764 νοήσαις
738 3690 874 3748 εἶναι
918 3694 1009 3748 τὸν
1043 3694 1171 3747 Υἱὺν
1216 3696 1274 3748 ὲν
1316 3693 1394 3765 τῷ
1436 3693 1644 3766 Πατρὶ,
1691 3693 1766 3757 ὠς
1802 3688 1870 3765 ἦν
1913 3693 2042 3764 πρὶν

468 3782 657 3855 ἐξέλθῃ
691 3785 799 3839 ἀπὸ
824 3784 917 3839 τοῦ
950 3784 1106 3851 Θεοῦ,
1137 3785 1279 3852 δόξει
1317 3786 1592 3858 περιέχειν
1634 3784 1814 3857 μάχην
1848 3784 1910 3838 τὸ
1946 3786 2043 3839 καὶ

467 3872 844 3943 ἐξεληλυθέναι
890 3875 1000 3929 ἀπὸ
1034 3874 1129 3929 τοῦ
1171 3874 1307 3930 Θεοῦ
1330 3916 1345 3942 ,
1376 3878 1470 3931 καὶ
1501 3871 1641 3929 εἶναι
1669 3875 1762 3929 τὸν
1791 3874 2043 3946 ἐξεληλυ-

470 3962 599 4017 θότα
639 3965 748 4019 ἀπὸ
777 3964 871 4019 τοῦ
910 3965 1080 4032 Θεοῦ,
1104 3966 1187 4020 ἔτι
1220 3968 1278 4021 ὲν
1316 3966 1395 4039 τῷ
1439 3965 1577 4037 Θεῷ.
1616 3966 1799 4020 Ἀλλοι
1843 3965 1902 4020 δὲ
1939 3966 2035 4020 τό⁶

480 4054 776 4125 Ἐξῆλθον
803 4057 921 4113 ἀπὸ
948 4057 1057 4112 τοῦ
1091 4058 1257 4124 Θεοῦ,
1288 4059 1616 4131 διηγήσαντο
1645 4059 1767 4113 ἀντὶ
1796 4058 1913 4123 τοῦ,
1946 4058 2043 4111 Γε-

466 4147 627 4220 γέννη
635 4164 732 4220 μαι
758 4150 868 4203 ἀπὸ
893 4141 987 4203 τοῦ
1010 4150 1144 4205 Θεοῦ
1162 4168 1177 4183 ο
1214 4146 1296 4216 οἷς
1324 4150 1606 4206 ἀκολουθεῖ
1632 4153 1697 4204 ἐκ
1723 4151 1824 4221 τῆς
1857 4150 2040 4215 οὐσίας

469 4239 699 4309 φάσκειν
742 4240 838 4294 τοῦ
882 4242 1097 4312 Πατρὸς
1138 4241 1498 4313 γεγεννῆσθαι
1535 4242 1628 4296 τὸν
1673 4242 1837 4307 Υίὸν,
1877 4241 2041 4295 οἱονεὶ

470 4333 813 4404 μειουμένου,
838 4334 932 4389 καὶ
962 4334 1238 4400 λείποντος
1258 4337 1323 4406 τῇ
1344 4334 1522 4406 οὐσίᾳ,
1544 4328 1578 4408 ᾖ
1610 4334 1874 4406 πρότερον
1902 4328 2037 4404 εἶχε,

465 4422 560 4476 τοῦ
594 4423 746 4489 Υίοῦ,
791 4423 928 4479 ἐπὰν
955 4424 1211 4498 ἐγέννησε
1243 4425 1335 4479 τὸν
1364 4425 1491 4479 Υίόν
1510 4441 1522 4454 ·
1572 4425 1704 4479 ὡσεὶ
1733 4426 1921 4497 νοήσαι
1954 4441 2040 4489 τις

464 4515 625 4569 τοῦτο
652 4518 746 4570 καὶ
770 4518 861 4570 ἐπὶ
890 4493 1005 4570 τῶν
1036 4493 1372 4589 ἐγκυμόνων.
1400 4516 1722 4571 η’Δκολουθεῖ
1758 4493 1825 4571 δὲ’
1860 4519 2043 4582 αὐτοῖς
2073 4493 2119 4551 D

465 4607 560 4671 sui,
592 4607 750 4679 σῶμα
778 4608 958 4678 λέγειν
988 4609 1079 4663 τὸν
1105 4609 1326 4681 Πατέρα
1356 4609 1451 4664 καὶ
1480 4608 1571 4662 τὸν
1604 4608 1752 4676 Υἰδν,
1788 4608 1882 4662 καὶ
1919 4608 2039 4681 διῃ-

469 4698 667 4770 ρῆσθαι
694 4700 787 4754 τὸν
822 4702 1068 4773 Πατέρα,
1101 4702 1244 4773 ἆπερ
1275 4702 1393 4755 ἐστὶ
1431 4700 1673 4772 δόγματα
1708 4698 2037 4770 ἀνθρώπων,

471 4790 593 4860 μηδ’
621 4791 754 4863 ὄναρ
780 4791 937 4862 φύσιν
967 4793 1197 4866 ἀόρατον
1221 4793 1317 4848 καὶ
1341 4791 1627 4863 ἀσώματον
1655 4791 2040 4862 πεφαντασμέ-

469 4897 594 4946 νων,
629 4879 794 4938 οὖσαν
821 4885 1026 4957 κυρίως
1049 4885 1261 4938 οὐσίαν·
1295 4878 1440 4939 οὗτοι
1475 4883 1533 4938 δὲ
1558 4883 1717 4954 δῆλον
1746 4884 1828 4936 ὅτι
1852 4882 1911 4935 ὲν
1940 4898 2040 4936 σω-

471 4974 684 5045 ματικῷ
706 4976 856 5047 τόπῳ
882 4975 1110 5030 δώσουσι
1142 4976 1233 5031 τὸν
1259 4976 1499 5049 Πατέρα,
1540 4975 1634 5029 καὶ
1663 4974 1754 5028 τὸν
1783 4973 1913 5027 Υἱδν
1950 4973 2039 5027 τό⁴

2149 3240 2329 3305 Pater,
2352 3243 2443 3296 sed
2475 3251 2557 3296 est
2581 3258 2702 3296 cum
2734 3243 2850 3309 ipso
2869 3246 2959 3309 qui
2992 3247 3151 3300 etiam
3175 3255 3256 3298 est
3287 3245 3337 3298 in
3364 3245 3723 3315 Filio,quem—

2149 3332 2438 3387 admodum
2476 3332 2645 3388 Filius
2680 3336 2840 3389 estin
2886 3334 3073 3390 Patre.
3111 3334 3361 3389 Sin.vero
3401 3350 3505 3388 non
3542 3336 3723 3390 consi-

2150 3422 2426 3478 deraveris
2477 3423 2583 3478 alio
2632 3424 2790 3478 modo
2826 3440 2952 3479 esse
2998 3423 3197 3477 Filium
3242 3424 3297 3477 in
3345 3422 3506 3477 Patre
3554 3438 3717 3491 quam

2148 3521 2268 3565 erat
2310 3522 2599 3583 antequam
2652 3515 2826 3568 exiret
2870 3531 2896 3568 a
2947 3514 3079 3579 Deo,
3107 3513 3380 3568 videbitur
3414 3528 3718 3584 repugnare

2148 3615 2425 3673 egressum
2455 3619 2576 3659 esse
2606 3620 2636 3658 a
2669 3606 2798 3668 Deo,
2838 3616 2891 3663 et
2923 3620 3199 3676 egressum
3234 3621 3264 3659 a
3313 3605 3425 3659 Deo
3471 3620 3590 3660 esse
3618 3605 3719 3659 ad.

2149 3695 2344 3750 huc-in
2397 3696 2524 3751 Deo.
2562 3695 2826 3750 Caeterum
2866 3696 2965 3750 alii
2990 3697 3121 3751 illud
3158 3713 3173 3749 :
3212 3696 3428 3750 Exivia
3457 3695 3587 3760 Deo,
3617 3710 3717 3749 ex-

2146 3792 2444 3853 posuerunt
2490 3799 2588 3854 pro
2640 3800 2705 3840 eo
2746 3787 2885 3855 quod
2914 3796 3021 3851 est,
3064 3785 3291 3841 Geuitus
3321 3800 3439 3842 sum
3465 3800 3532 3840 ex
3563 3784 3712 3841 Deo:

2148 3886 2284 3941 quos
2328 3873 2573 3942 sequitur
2604 3873 2800 3929 Filium
2834 3875 3014 3930 dicere
3040 3876 3440 3931 ear-substantia
3478 3876 3715 3945 genitum

2148 3963 2315 4021 fuisse
2342 3963 2547 4031 Patris,
2579 3964 2745 4021 veluti
2780 3965 3055 4031 diminuti,
3083 3976 3134 4022 et
3153 3966 3388 4021 carentis
3412 3964 3714 4020 substantia

2146 4054 2268 4111 Filii
2295 4070 2453 4126 quam
2477 4065 2602 4111 ante
2630 4055 2883 4123 habebat,
2921 4056 3136 4127 quando
3177 4057 3452 4127 generavit
3484 4054 3714 4110 Filium:

2148 4156 2407 4217 tanquam
2438 4149 2483 4204 si
2512 4148 2887 4204 consideraret
2916 4148 3114 4218 aliquis
3143 4148 3249 4202 hoc
3284 4148 3447 4203 etiam
3480 4148 3534 4201 in
3579 4161 3719 4216 pra:-

2146 4240 2461 4312 gnantibus.
2495 4238 2861 4310 Consequitur
2907 4248 3085 4293 autem
3118 4238 3241 4294 illos
3286 4238 3470 4293 dicere
3500 4236 3716 4291 Patrem

2119 4336 2202 4389 ‘et
2237 4332 2432 4390 Filium
2466 4348 2663 4405 corpus
2689 4347 2829 4398 esse,
2858 4346 2921 4387 ac
2962 4330 3368 4388 Patrenndividi
3402 4347 3418 4386 :
3463 4344 3592 4402 quas
3621 4330 3721 4385 do-

2146 4435 2326 4496 gmata
2376 4426 2652 4483 hominum
2701 4433 2829 4482 sunt
2876 4439 3063 4480 eorum
3091 4424 3180 4495 qui
3212 4437 3420 4493 ne'per
3447 4423 3716 4479 somnium

2146 4516 2362 4587 quidem
2410 4530 2595 4571 rerum
2641 4529 2763 4585 qua:
2792 4514 2972 4570 animo
3025 4522 3347 4577 cernuntur,
3371 4520 3424 4566 et
3459 4511 3717 4579 incorpo-

2146 4623 2296 4665 ream
2324 4616 2574 4665 naturam
2609 4607 2752 4677 (qum
2780 4608 2999 4679 proprie
3027 4615 3111 4663 est
3157 4604 3483 4673 substantia)
3522 4603 3719 4672 imagi-

2146 4702 2258 4757 nati
2284 4709 2443 4755 sunt:
2477 4700 2622 4755 unde
2641 4699 2808 4755 etiam
2832 4698 3175 4769 perspicuum
3201 4705 3285 4752 est
3306 4696 3418 4750 bos
3446 4695 3499 4749 in
3518 4705 3711 4760 corpo-

2147 4791 2246 4845 rali
2276 4790 2405 4846 loco-
2426 4788 2642 4846 Patrem
2677 4804 2800 4846 esse
2837 4795 3085 4855 daturos,
3111 4798 3165 4843 et
3204 4786 3399 4844 Filium
3431 4786 3720 4839 immutate

2146 4881 2286 4950 loco,
2320 4896 2388 4937 ex
2413 4881 2533 4937 loco
2559 4882 2626 4937 ad
2657 4880 2797 4937 hanc
2817 4882 2982 4935 vitam
3017 4879 3320 4945 devenisse,
3346 4890 3445 4933 nec
3479 4884 3719 4930 mutasse

2146 4983 2347 5029 statum
2371 4989 2438 5029 ex
2462 4982 2627 5042 statu,
2669 4981 2730 5028 ut
2762 4988 2863 5029 nos
2898 4971 3233 5042 interpretati
3268 4982 3474 5025 sumus.

467 5085 569 5122 πον
596 5070 662 5123 ἐκ
685 5070 850 5124 τόπου
880 5071 1185 5143 ἀμείψαντα
1223 5069 1551 5142 σωματικῶς
1582 5068 2038 5141 ἐπιδεδημηκέναι
2060 5068 2142 5139 τῷ
2174 5068 2295 5141 βίῳ,
2330 5072 2427 5124 καὶ
2448 5070 2581 5141 ,οὐχὶ
2613 5068 2945 5124 κατάστασιν
2985 5070 3051 5122 ὲκ
3084 5064 3490 5127 καταστάσεως,
3526 5058 3717 5130 ὥσπερ

466 5160 628 5232 ἡμεῖς
658 5161 1034 5234 ὲξειλήφαμεν.

540 5276 626 5330 l7.
652 5277 805 5331 Οὐδὲ
828 5277 937 5346 γὰρ
961 5278 1061 5332 ἀπ’
1095 5277 1354 5347 ἐμαυτοῦ
1378 5276 1648 5345 ἐλήλυθα
1669 5316 1684 5341 ,
1711 5275 1849 5332 ἀλλ’
1889 5274 2042 5330 ἐκεῖ·

466 5370 574 5435 νός
612 5386 689 5440 με
716 5369 1055 5424 ἀπέστειλε.
1087 5369 1274 5424 Ταῦτα
1305 5370 1510 5441 νομίζω
1540 5368 1813 5439 λέγεσθαι,
1841 5367 1918 5432 ὥς
1955 5386 2037 5421 τι-

468 5475 572 5511 νων
600 5459 694 5528 ἀφ’
724 5458 933 5514 ἑαυτῶν
964 5459 1272 5531 ἐρχομένων
1294 5499 1311 5523 ,
1347 5458 1443 5514 καὶ
1495 5459 1569 5531 μὴ
1614 5457 2036 5529 ἀπεσταλμένων

535 5706 578 5737 ’⁷
596 5692 789 5761 Matth.
815 5717 868 5774 ν,
895 5702 985 5777 ἂξί.

2217 5273 2306 5329 ΓΙ.
2351 5273 2531 5342 Neque
2556 5274 2697 5326 enim
2733 5289 2768 5326 a
2790 5270 3087 5339 memstipso
3112 5267 3248 5331 ueni,
3277 5265 3367 5320 sed
3388 5262 3476 5316 ille
3510 5276 3591 5314 nte
3614 5273 3714 5312 nu-

2143 5367 2212 5419 sit
2239 5366 2280 5418 ⁸.
2328 5362 2453 5419 Haec
2490 5362 2728 5417 arbitror
2758 5361 2865 5417 dici
2897 5358 3125 5431 perinde
3156 5356 3309 5426 quasi
3344 5370 3374 5408 a
3406 5348 3714 5417 semetipsis

2142 5456 2363 5513 veniant
2393 5454 2631 5527 quidam,
2674 5468 2781 5508 non
2818 5452 2969 5508 missi
2996 5467 3026 5506 a
3061 5450 3244 5516 Patre,
3274 5443 3600 5506 doctrinam,
3629 5438 3715 5495 vel

1038 5701 1117 5763 .."
1137 5698 1291 5761 Joan.
1316 5715 1433 5769 vm,
1466 5700 1558 5758 42.
1589 5750 1605 5775 ν
1634 5701 1681 5757 ν
1706 5700 1836 5759 ibid.
1913 5702 1932 5751 '.
1962 5699 2047 5758 Mil

2165 5715 2205 5766 ι,
2242 5699 2358 5755 2-4.
2420 5697 2628 5755 .².Ιοοη.
2679 5713 2798 5759 Vin.
2846 5695 2937 5749 42.
3004 5734 3011 5741 .
