4196 6426
414 273 586 336 ιϋίό
1985 277 2071 336 0R

2118 279 2307 336 SENIS
3671 282 3775 337 διδ

455 341 836 475 ⁴ριορ1ιοιὶιιιιι
874 401 1283 475 promittentes.
1329 399 1510 470 Atque
1537 397 1603 454 de
1630 395 1835 452 talibus
1861 397 2078 467 quidem

2113 417 2153 467 Α
2181 395 2290 449 ἀπὸ
2317 394 2409 448 τοῦ
2439 395 2671 467 Πατρός.
2704 394 2840 469 Περὶ
2887 395 2989 468 μὲν
3035 392 3128 450 οῦν
3161 395 3464 468 ἀνθρώπων
3493 397 3768 456 τοιούτων.

493 501 812 556 hominibus
839 499 1148 555 docemura
1177 494 1440 558 Jeremia,
1466 492 1608 563 apud
1641 505 1802 562 quem
1829 490 2089 559 scriptum

2195 486 2542 541 διδασκαλίαν
2565 488 2599 558 ἢ
2644 490 2980 560 προφητείαν
3024 489 3469 560 ὑπισχνουμένων
3488 533 3504 556 ,
3535 491 3782 547 διδασκό-

493 605 621 648 est:
661 591 790 648 Non
841 591 1115 645 mittebam
1157 586 1461 656 prophetas,
1487 594 1532 638 et
1569 583 1670 652 ipsi
1709 582 1989 635 currebant
2044 581 2086 634 ³.

2200 579 2338 650 μεθα
2369 582 2462 635 καὶ
2503 581 2611 634 ἀπὸ
2646 582 2741 636 τοῦ
2783 582 3046 654 Ἰερεμίου
3079 583 3214 653 (15),
3269 584 3400 638 ἔνθα
3443 586 3777 658 γέγραπται·

494 683 580 738 An
616 699 745 739 vero
780 681 1037 754 potentiae
1069 679 1236 736 etiam
1281 678 1477 746 aliqua:
1518 691 1624 730 non
1656 674 1834 728 missa:
1868 689 1897 726 a
1934 671 2090 726 Patre

2200 674 2321 725 Οὐκ
2345 673 2727 728 ἀπέστελλον
2753 675 2894 741 τοὺς
2921 675 3253 744 προφήτας,
3291 677 3387 731 καί
3420 680 3588 733 αὐτοὶ
3622 681 3781 749 ἐτρε-

496 777 750 830 venerint
778 775 845 830 ad
890 773 1161 834 homines,
1211 770 1448 832 notabis,
1481 776 1536 822 et
1580 782 1652 820 an
1705 765 1899 834 aliquae
1946 763 2090 818 inter

2195 782 2327 832 χον.
2359 766 2420 819 Εἰ
2443 766 2500 819 δὲ
2523 768 2617 820 καὶ
2643 767 2903 838 δυνάμεις
2927 768 3070 831 τινὲς
3094 769 3168 839 μὴ
3190 769 3650 841 ἀποστελλόμεναι
3673 772 3781 827 ἀπὸ

498 869 643 940 ipsas
675 880 910 939 egressae
958 866 1066 919 sint
1096 878 1125 917 a
1166 863 1296 926 Deo,
1325 869 1381 914 et
1411 859 1613 914 idcirco
1639 857 1939 929 peccarint,
1962 858 2087 925 quia

2195 855 2288 908 τοῦ
2338 858 2552 930 Πατρὸς
2597 858 2847 931 ἔρχονται
2895 858 3032 931 πρὸς
3073 858 3394 932 ἀνθρώπους
3443 865 3776 934 ἐπιστήσεις,

499 962 678 1016 missae
715 975 821 1014 non
859 957 1061 1014 fuerint
1083 956 1150 1011 ab
1174 955 1310 1024 ipso.
1336 952 1444 1006 Nec
1473 950 1879 1021 prmtereundus
1899 959 1982 1004 est
2008 950 2088 1002 lo-

2195 949 2288 1000 καὶ
2315 949 2526 1014 είτινες
2551 951 2610 1005 ἐν
2632 953 2823 1017 αὑταῖς
2847 955 2983 1009 εἰσιν
3015 956 3079 1010 ἐκ
3100 956 3194 1009 τοῦ
3222 956 3356 1009 Θεοῦ
3386 955 3773 1028 ὲξεληλυθυῖαι,

495 1067 592 1108 cus
617 1054 824 1121 absque
854 1049 1109 1120 indagine
1138 1049 1207 1102 de
1247 1059 1502 1102 sermone
1531 1043 1726 1097 animae
1753 1059 1768 1110 ;
1795 1057 1920 1096 nam
1971 1042 2087 1097 lor-

2195 1041 2290 1094 καὶ
2316 1040 2490 1113 τούτῳ
2536 1043 2941 1114 ήμαρτηκυῖαι,
2976 1046 3053 1116 τῷ
3084 1047 3159 1117 μὴ
3196 1047 3534 1100 ἀπεστάλθαι
3563 1049 3660 1102 ἀπ’
3683 1047 3778 1100 αύ-

498 1146 655 1200 tassis
677 1143 803 1198 Jesu
827 1143 1004 1196 anima
1032 1141 1083 1195 in
1114 1155 1211 1195 sua
1245 1138 1416 1208 ipsius
1435 1135 1767 1206 perfectione
1794 1134 2082 1198 exsistens,

2193 1130 2306 1184 τοῦ.
2343 1133 2456 1186 Οὐκ
2487 1133 2755 1205 ἀζήτητον
2788 1136 2846 1189 δὲ
2890 1138 3076 1192 ὲατέον
3112 1139 3201 1192 τὸν
3232 1140 3396 1192 τόπον
3441 1141 3534 1193 καὶ
3582 1141 3661 1204 εἰς
3686 1141 3777 1194 τὸν

499 1238 552 1291 in
589 1237 698 1291 Deo
726 1247 782 1290 et
810 1236 865 1290 in
894 1234 1230 1305 plenitudine
1256 1240 1377 1287 erat
1401 1246 1415 1296 ;
1452 1239 1506 1285 et
1535 1228 1660 1283 inde
1689 1241 1930 1298 egressa,
1957 1226 2084 1296 quia

2192 1225 2322 1297 περὶ
2343 1226 2520 1298 ψυχῆς
2549 1227 2706 1297 λόγον
2731 1248 2745 1262 ·
2779 1230 2919 1301 τάχα
2958 1231 3065 1303 γὰρ
3095 1233 3128 1302 ἡ
3163 1232 3262 1303 μὲν
3311 1233 3405 1285 τοῦ
3447 1233 3621 1303 Ἰησοῦ
3665 1234 3774 1302 (16)

499 1331 665 1386 missa
697 1330 876 1385 fuerat
904 1344 935 1384 a
983 1328 1165 1393 Patre,
1197 1325 1492 1394 assumpsit
1531 1339 1733 1394 corpus
1764 1337 1830 1378 ex
1866 1321 2034 1376 Maria
2067 1338 2083 1387 ;

2191 1315 2336 1388 ψυχὴ
2367 1318 2424 1370 ὲν
2451 1321 2518 1390 τῇ
2563 1319 2762 1392 ἑαυτῆς
2795 1323 3137 1393 τυγχάνουσα
3171 1324 3490 1393 τελειότητι,
3543 1327 3601 1378 ὲν
3655 1326 3775 1396 Θεῷ

497 1421 618 1476 alia:
666 1436 797 1476 vero
832 1436 938 1476 non
993 1419 1075 1474 sic
1107 1420 1360 1474 exierunt
1407 1433 1437 1470 a
1483 1415 1636 1479 Deo,
1682 1415 1786 1470 hoc
1837 1423 1921 1469 est
1977 1431 2083 1470 non

2191 1409 2285 1462 καὶ
2317 1408 2394 1480 τῷ
2426 1409 2757 1482 πληρώματι
2787 1409 2855 1484 ἦν
2878 1432 2892 1445 ο
2924 1415 3018 1469 καὶ
3053 1415 3260 1468 ἐκεῖθεν
3303 1415 3654 1486 ὲξεληλυθυῖα
3697 1416 3776 1488 τῷ

497 1531 529 1569 a
597 1515 706 1571 Deo
771 1516 989 1582 missae,
1042 1529 1218 1586 neque
1264 1528 1294 1567 a
1359 1513 1546 1568 divina
1599 1510 1888 1580 ‘voluntate
1948 1524 2085 1580 prae-

2190 1501 2522 1556 ἀπεστάλθαι
2571 1503 2679 1558 ἀπὸ
2707 1504 2800 1558 τοῦ
2834 1507 3046 1578 Πατρὸς
3084 1507 3311 1562 ἀνέλαϐε
3347 1509 3408 1562 τὸ
3433 1511 3498 1562 ἐκ
3526 1509 3626 1579 τῆς
3650 1511 3773 1564 Μαι-

500 1620 705 1659 ιηιδεω,
2191 1593 2313 1664 ρίας
2332 1593 2490 1665 σῶμα
2513 1612 2526 1623 ·
2554 1595 2711 1650 ἄλλαι
2731 1597 2788 1651 δὲ
2810 1599 2909 1669 οὐχ
2929 1598 3096 1663 οὕτως
3122 1599 3473 1684 ὲξῆλθονάπὺ
3500 1601 3591 1654 τοῦ
3615 1600 3771 1664 Θεοῦ,

2187 1685 2467 1740 τουτέστιν
2493 1687 2594 1742 οὐκ
2623 1689 3053 1754 ἀπεσταλμέναι,
3081 1691 3202 1746 οὐδὲ
3231 1692 3336 1746 ὑπὸ
3358 1692 3453 1746 τοῦ
3482 1693 3628 1747 θείου
3660 1695 3775 1766 βου-

2114 1783 2160 1844 B
2188 1775 2426 1848 λήματος
2457 1797 2634 1851 προπε
2643 1780 2920 1851 μφθεῖσαι.

565 1878 730 1950 332
767 1878 856 1936 l8.
909 1876 1087 1944 Quare
1129 1879 1272 1932 dicta
1299 1893 1415 1933 mea
1455 1894 1560 1932 non
1597 1875 1886 1948 agnoscitis
1914 1875 2086 1948 Ριιιιία

2259 1869 2345 1924 18.
2379 1872 2483 1926 Διὰ
2518 1872 2578 1925 τι
2609 1872 2724 1941 τὴν
2745 1875 2970 1929 λαλιὰν
2993 1874 3110 1944 τὴν
3137 1875 3292 1946 ἐμὴν
3310 1877 3384 1931 οὐ
3416 1876 3772 1948 γιγώσκετε;

497 1987 602 2026 non
631 1971 846 2041 potestis
883 1971 1070 2024 audire
1099 1986 1390 2024 sermonem
1433 1985 1604 2024 meum
1645 1970 1688 2024 δ.
1724 1967 1853 2032 Vos,
1886 1968 2088 2038 inquit,

2187 1960 2277 2016 ὅτι
2305 1963 2378 2016 οὐ
2419 1961 2685 2019 δύνασθε
2715 1967 2958 2021 ἀκούειν
2985 1968 3090 2022 τὸν
3124 1971 3311 2040 λόγον
3341 1969 3450 2024 τόν
3478 1970 3644 2040 ἐμόν.
3676 1972 3766 2025 Δί-

497 2080 604 2118 non
635 2079 793 2134 posse
823 2077 1141 2119 sermonem
1195 2079 1375 2118 meum
1422 2061 1611 2116 audire
1643 2061 1696 2115 in
1752 2075 1922 2116 causa
1981 2070 2088 2127 est,

2187 2069 2323 2118 τιον,
2355 2057 2540 2127 φησιν,
2569 2057 2687 2110 ἐστὶ
2709 2057 2805 2112 τοῦ
2836 2059 2965 2130 ὑμῖν
3000 2060 3077 2132 μὴ
3109 2061 3470 2129 γινώσκεσθαι
3504 2065 3603 2135 τὴν
3635 2066 3773 2136 ἐμὴν

470 2171 596 2211 .cu-r
638 2156 783 2211 dicta
826 2170 946 2210 mea
977 2171 1084 2234 non
1116 2159 1448 2225 agnoscatis.
1495 2153 1647 2208 Unde
1675 2154 1910 2221 primum
1937 2169 2088 2208 com-

2189 2145 2405 2212 λαλιάν,
2436 2146 2498 2200 τὸ
2533 2149 2608 2220 μὴ
2635 2147 2893 2203 δύνασθαι
2921 2150 3064 2220 ὑμᾶς
3087 2151 3306 2205 ἀκούειν
3333 2152 3428 2206 τοῦ
3462 2153 3620 2221 λόγου
3649 2172 3771 2224 μου.

496 2248 734 2318 paranda
779 2246 940 2301 nobis
962 2255 1047 2300 est
1075 2247 1157 2301 vis
1199 2246 1451 2301 audiendi
1475 2245 1717 2300 divinum
1755 2259 2087 2311 sermonem,

2190 2238 2465 2310 Πρότερον
2507 2236 2598 2294 οῦν
2642 2239 2866 2311 δύναμιν
2897 2243 3284 2314 περιποιητέον
3315 2245 3645 2317 άκουστικὴν
3678 2246 3772 2301 τοῦ

497 2352 559 2395 ιιι
599 2339 799 2396 deinde
849 2339 1032 2394 omnia
1083 2337 1211 2394 Jesu
1253 2339 1398 2396 dicta
1432 2352 1736 2408 agnoscere
1763 2337 2037 2408 possimus
2071 2356 2086 2404 ;

2189 2328 2334 2382 θείου
2367 2329 2526 2399 λόγου
2550 2369 2566 2395 ,
2601 2330 2686 2384 ἵνα
2718 2333 2856 2402 μετὰ
2886 2333 3046 2387 τοῦτο
3093 2328 3195 2388 οἷοί
3242 2352 3302 2388 τε
3351 2335 3638 2407 γενώμεθα
3682 2334 3779 2393 καὶ

496 2429 623 2485 licet
645 2430 792 2484 enim
825 2429 901 2484 illi
933 2429 1026 2500 qui
1057 2440 1219 2486 antea
1250 2445 1358 2486 non
1403 2429 1621 2484 valebat
1655 2427 1847 2484 audire
1879 2441 2090 2484 sermo-

2187 2420 2476 2491 γινώσκειν
2525 2424 2707 2478 πᾶσαν
2756 2425 2855 2498 τὴν
2907 2425 3082 2497 Ἰησοῦ
3126 2427 3352 2481 λαλιάνο
3403 2429 3580 2493 ἔξεστι
3641 2428 3772 2502 γάρ,

495 2537 595 2578 nes
620 2521 768 2586 Jesu,
787 2531 977 2592 postea
1005 2535 1071 2576 eo
1095 2521 1403 2589 pervenire,
1420 2530 1478 2574 ut
1508 2519 1682 2590 possit
1707 2519 1898 2574 audire
1926 2519 2084 2582 illos;

2188 2515 2456 2589 πρότερον
2502 2518 2565 2571 οὐ
2619 2517 2914 2588 δυνάμενον
2961 2519 3180 2574 ἀκούειν
3214 2521 3322 2576 τῶν
3343 2520 3516 2590 λόγων
3575 2523 3772 2594 Ἰησοῦ,

495 2616 754 2686 quoniam
781 2613 1022 2684 quandiu
1052 2628 1158 2668 non
1195 2613 1551 2668 medicaverit
1579 2611 1810 2682 alicujus
1837 2611 2084 2666 auditum

2190 2607 2414 2682 ὕστερον
2435 2608 2659 2680 φθάνειν
2679 2613 2774 2665 ἐπὶ
2787 2611 2848 2664 τὸ
2871 2611 3092 2667 ἀκούειν
3119 2612 3376 2668 δύνασθαι
3408 2614 3586 2668 αὐτῶν
3604 2632 3617 2646 ’
3651 2616 3775 2670 ἐπεὶ

497 2707 689 2762 Sermo
713 2720 777 2762 ac
805 2705 978 2760 Filius
1007 2705 1101 2760 Dei
1145 2705 1332 2760 dicens
1363 2704 1530 2760 surdo
1563 2703 1612 2771 ³,
1640 2703 1954 2774 Adaperire,
1979 2719 2086 2761 non

2205 2701 2283 2755 sal.
2307 2703 2430 2756 ὅσον
2459 2702 2557 2774 μὲν
2588 2703 2800 2757 οὐδέπω
2827 2704 2950 2776 ίάθη
2980 2722 3065 2769 τις
3089 2705 3190 2769 τὰς
3209 2706 3378 2770 ἀκοὰς
3404 2707 3512 2761 ἀπὸ
3543 2705 3639 2762 τοῦ
3671 2708 3775 2762 Δό-
3847 2708 3862 2720 ⁸

496 2813 678 2872 potest
708 2801 801 2858 ille
831 2803 1042 2856 audire.
1072 2799 1246 2856 Simul
1274 2811 1438 2870 atque
1460 2809 1640 2856 autem
1667 2800 1903 2856 solutum
1927 2800 2089 2857 fuerit

2187 2810 2285 2863 γου
2312 2793 2407 2848 τοῦ
2439 2793 2685 2864 λέγοντος
2716 2793 2798 2866 τῷ
2828 2796 2997 2868 κωφῷ
3017 2815 3031 2827 ·
3072 2800 3478 2869 Διανοίχθητι,
3517 2802 3579 2856 ού
3611 2801 3773 2856 δύνα-

496 2891 796 2957 vinculum,
836 2893 982 2962 quod
1031 2891 1377 2947 occasionem
1434 2889 1714 2961 praebebat
1777 2892 2084 2959 surditatis,

2187 2903 2277 2942 ται
2309 2886 2527 2942 ἀκούειν
2549 2905 2562 2918 ·
2595 2887 2735 2943 ἐπὰν
2762 2889 2821 2943 δὲ
2867 2888 3001 2962 λυθῇ
3046 2893 3076 2946 ὦ
3116 2894 3286 2956 αἴτιος
3326 2893 3427 2964 τῆς
3459 2895 3773 2967 κωφότητος

499 2993 627 3040 tunc
655 2985 846 3039 audire
874 2984 998 3052 quis
1034 2983 1235 3054 poterit
1281 2981 1468 3038 Jesum
1497 3001 1514 3048 ;
1557 2983 1776 3052 quando
1805 2983 1968 3040 etiam
1991 3000 2087 3042 co-

2189 2976 2510 3049 σύνδεσμος,
2537 2978 2668 3033 τότε
2696 2979 2916 3034 ἀκούειν
2963 2998 3049 3046 τις
3089 2976 3200 3048 οἷος
3239 2983 3392 3038 ἔσται
3417 2984 3511 3038 τοῦ
3557 2983 3733 3056 Ἰησοῦ
3756 3002 3771 3018 ·

498 3089 763 3144 gnoscere
799 3085 980 3145 potest
1011 3077 1181 3146 ipsius
1225 3077 1392 3132 dicta.
1432 3075 1691 3145 Alioquin
1715 3077 1900 3131 dicant
1927 3077 2085 3132 nobis
2121 3141 2154 3148 _

2121 3141 2154 3148 Δ
2189 3071 2278 3125 ὅτε
2312 3072 2408 3125 καὶ
2435 3070 2723 3141 γινώσκειν
2747 3072 2966 3129 δύναται
2989 3074 3155 3129 αὐτοῦ
3195 3076 3294 3148 τὴν
3321 3077 3528 3133 λαλιάν.
3569 3079 3642 3141 Ἢ
3683 3080 3771 3135 λε·

497 3141 577 3228 illi
602 3175 693 3244 qui
733 3141 1050 3229 existimant
1100 3175 1249 3229 hisce
1287 3172 1468 3229 verbis
1502 3141 1759 3229 constitui
1795 3174 1989 3240 dogma
2019 3174 2086 3230 de
2112 3141 2154 3200 c

2116 3141 2155 3200 θ’
2187 3163 2432 3232 γέτωσαν
2457 3166 2588 3237 ⁴ἡμῖν
2612 3166 2662 3219 oi
2686 3167 2995 3237 νομίζοντες
3017 3168 3112 3222 καὶ
3133 3167 3223 3222 διὰ
3239 3141 3396 3223 τοῦτο
3422 3171 3773 3230 συνίστασθαι

499 3267 735 3329 naturis,
764 3276 945 3322 utrum
998 3275 1252 3338 poterant
1312 3265 1387 3320 illi
1417 3265 1618 3336 quibus
1664 3265 1966 3321 medicatus
2002 3275 2088 3321 est

2187 3257 2280 3310 τὸν
2327 3258 2456 3330 περὶ
2496 3259 2711 3328 φύσεως
2751 3260 2908 3329 λόγον
2937 3261 3047 3332 (l7)
3073 3301 3088 3325 ,
3124 3262 3353 3335 πότερον
3399 3264 3654 3321 ἐδύναντο
3692 3268 3773 3322 ἐτι

497 3365 705 3426 postea.
726 3357 872 3412 surdi
893 3357 1071 3414 adhuc
1086 3357 1410 3413 exsismntes
1437 3356 1646 3416 audire.
1673 3371 1742 3410 au
1785 3371 1893 3412 non
1923 3357 1948 3411 2
1978 3355 2087 3413 Sed

2187 3351 2364 3420 κωφοὶ
2395 3349 2548 3414 ὄντες
2573 3351 2812 3416 ἀκούειν,
2842 3351 2937 3416 οὓς
2965 3352 3192 3425 ὕστερον
3221 3355 3434 3421 ἰάσατο,
3458 3358 3492 3428 ἢ
3526 3359 3626 3412 οὐκ
3655 3361 3773 3414 ἐδύ-

496 3461 619 3502 cum
644 3449 850 3518 liqueat
873 3461 968 3504 eos
992 3464 1100 3503 non
1141 3449 1410 3518 p0tuisse,
1438 3449 1786 3519 perspicuum
1807 3457 1892 3504 est
1919 3448 2086 3504 licere

2187 3458 2346 3495 ναντο
2369 3459 2384 3506 ;
2415 3443 2628 3511 Σαφοῦς
2653 3443 2712 3496 δὲ
2739 3443 2892 3508 ὄντος
2921 3444 3014 3498 τοῦ
3047 3446 3149 3500 οὐκ
3177 3447 3450 3512 ἐδύναντο,
3481 3451 3660 3522 δῆλον,
3689 3454 3772 3507 ὅτι

498 3539 774 3595 immutari
800 3541 868 3596 ab
893 3540 1209 3610 impotentia
1237 3540 1494 3594 audiendi
1535 3553 1816 3596 sermones
1841 3538 1994 3604 Jesu,
2017 3541 2085 3596 ad

2185 3532 2362 3599 ἔξεστι
2397 3535 2720 3605 μεταϐαλεῖν
2757 3536 2866 3590 ἀπὸ
2889 3536 2984 3590 τοῦ
3019 3537 3095 3610 μὴ
3123 3539 3381 3594 δύνασθαι
3409 3543 3633 3598 ἀκούειν
3663 3545 3773 3598 τῶν

499 3631 829 3688 audiendum
865 3630 1008 3696 illos,
1037 3641 1092 3688 et
1124 3641 1348 3702 propter
1400 3639 1651 3686 naturam
1705 3630 2086 3687 incurabiliter

2197 3625 2373 3696 Ἰησοῦ
2397 3625 2570 3695 λόγων
2602 3627 2695 3680 ἐπὶ
2716 3628 2778 3681 τὸ
2809 3627 3029 3682 ἀκούειν
3054 3629 3256 3695 αὐτῶν,
3283 3633 3378 3686 καὶ
3404 3634 3465 3686 ού
3495 3635 3583 3689 διὰ
3610 3634 3773 3704 φύσιν

497 3723 814 3790 habentem,
841 3725 1058 3794 quando
1083 3740 1192 3780 non
1229 3732 1406 3794 potest
1431 3723 1629 3793 aliquis
1659 3723 1852 3779 audire
1884 3740 1899 3788 ;
1928 3735 2084 3780 sunt-

2185 3718 2422 3782 ἀνιάτως
2460 3718 2722 3790 ἔχουσαν,
2759 3719 2848 3773 ὅτε
2889 3721 2950 3772 οὐ
2989 3719 3213 3775 δύναταί
3260 3741 3344 3786 τις
3387 3725 3638 3779 ἀκούειν·
3680 3729 3773 3782 καὶ

495 3829 604 3885 que
649 3816 765 3871 haec
813 3816 1157 3886 potissimum
1189 3817 1414 3872 dicenda
1444 3817 1533 3873 bis
1575 3817 1669 3887 qui
1721 3817 1790 3872 ab
1828 3815 2084 3873 Ecclesia:

2188 3811 2422 3882 μάλιστα
2444 3811 2618 3866 ταῦτα
2650 3812 2988 3884 προσακτέον
3009 3815 3120 3877 τοῖς
3148 3815 3492 3887 ὲτεροδόξοις,
3518 3817 3768 3892 χαίρουσι

497 3907 732 3964 decretis
759 3908 1049 3976 dissident,
1081 3909 1381 3980 gaudentes
1411 3909 1713 3979 allegoriis,
1746 3919 1805 3966 et
1845 3911 2081 3965 sanatio-

2183 3904 2304 3968 ταῖς
2336 3901 2705 3977 ἀλληγορίαις,
2739 3903 2834 3959 κα)⁵
2855 3904 3116 3974 ἀνάγουσι
3143 3908 3242 3977 τὴν
3279 3909 3405 3980 περὶ
3435 3909 3544 3964 τῶν
3574 3912 3771 3968 ίάσεων

497 4001 944 4055 numzhistoriam
975 4001 1364 4056 reducentibus
1399 4001 1464 4055 ad
1493 4003 1835 4056 curationem
1861 4004 2079 4066 animae,

2185 3995 2427 4067 ἱστορίαν
2455 3997 2548 4049 ἐπὶ
2573 3995 2673 4058 τὰς
2704 3996 2803 4064 τῆς
2831 3995 3011 4067 ψυχῆς
3039 3995 3356 4070 θεραπείας,
3391 4000 3770 4074 άπολυομένης

495 4108 662 4162 quam
682 4093 842 4148 Jesus
863 4092 1055 4148 liberat
1076 4093 1144 4146 ab
1163 4092 1309 4146 omni
1338 4091 1530 4148 morbo
1554 4102 1609 4148 et
1636 4093 1704 4146 ab
1735 4092 1884 4146 omni
1909 4091 2084 4145 mollis

2185 4087 2291 4140 ὑπὸ
2329 4086 2423 4140 τοῦ
2461 4087 2636 4157 Ἰησοῦ
2678 4088 2860 4159 πάσης
2888 4089 3044 4142 νόσου
3071 4128 3086 4152 ,
3120 4091 3215 4144 καὶ⁵
3243 4091 3425 4163 πάσης
3475 4093 3764 4164 μαλακίας.

501 4187 592 4240 tie.
618 4185 871 4240 Arbitror
899 4199 1031 4240 vero
1077 4199 1180 4255 ego
1229 4185 1554 4240 vocabulum
1603 4185 1796 4238 audire
1846 4185 2080 4252 positum

2183 4179 2408 4250 Νομίζω
2419 4179 2476 4234 δὲ
2497 4179 2557 4233 τὸ
2585 4179 2686 4250 μὲν
2711 4181 2974 4247 ἀκούειν,
2999 4180 3094 4234 νῦν
3126 4181 3220 4235 ἐπὶ
3241 4183 3335 4237 τοῦ
3369 4186 3606 4240 συνιέναι
3637 4188 3763 4242 τάσ-

498 4289 646 4331 nunc
669 4289 793 4330 esse
821 4290 918 4346 pro
947 4275 1252 4345 intelligere
1275 4290 1397 4345 quae
1425 4275 1682 4329 dicuntur
1711 4292 1727 4342 ;
1761 4275 2080 4330 vocabulum

2186 4271 2377 4325 σεσθαι
2421 4270 2530 4324 τῶν
2592 4271 2931 4343 λεγομένων·
2973 4273 3038 4326 τὸ
3079 4272 3137 4326 δὲ
3186 4274 3504 4344 γινώσκειν
3537 4279 3631 4332 ἐπὶ
3673 4278 3764 4333 τοῦ

495 4381 632 4423 vero
678 4384 990 4438 agnoscere,
1039 4385 1138 4438 pro
1170 4383 1235 4425 eo
1282 4370 1376 4438 qui
1408 4370 1722 4439 percipiens
1760 4370 2080 4432 assentitur,

2185 4363 2672 4434 καταλαμϐάνοντα
2702 4364 3193 4432 συγκατατίθεσθαι
3236 4366 3316 4437 τῷ
3343 4370 3482 4437 φωτὶ
3507 4371 3607 4440 τῆς
3639 4371 3767 4442 περὶ

497 4457 800 4515 illustratus
824 4459 946 4515 luce
979 4462 1340 4530 cognoscendi
1365 4476 1449 4516 ea.
1489 4461 1633 4515 Sane
1659 4460 1956 4515 Heracleon
1989 4475 2082 4514 suo
2115 4501 2154 4559 Β

2115 4501 2159 4559 D
2185 4455 2294 4509 τῶν
2324 4454 2630 4525 λεγομένων
2650 4453 2904 4522 γνώσεως
2927 4457 3355 4528 πεφωτισμένων
3378 4460 3511 4531 (l8).
3548 4462 3606 4514 '0
3637 4461 3766 4533 μέν·

496 4549 739 4618 spicatur
770 4564 994 4606 causam
1037 4549 1188 4605 reddi
1241 4566 1342 4606 cur
1385 4550 1482 4619 ipsi
1518 4550 1709 4605 audire
1735 4564 1842 4603 non
1876 4551 2083 4618 possint
2115 4543 2153 4559 ν

2115 4543 2156 4559 ν
2187 4562 2336 4614 τοιγε
2379 4543 2694 4616 Ἡρακλέων
2745 4543 3123 4615 ὑπολαμϐάνει
3176 4548 3357 4602 αἰτίαν
3419 4551 3765 4606 ἀποδίδοσθαι

497 4640 626 4696 Jesu
679 4654 986 4708 sermones,
1015 4658 1194 4714 neque
1240 4642 1387 4697 illius
1415 4643 1561 4697 dicta
1603 4655 1956 4711 cognoscere.
1988 4656 2084 4708 per

2186 4637 2282 4690 τοῦ
2336 4635 2411 4707 μὴ
2444 4634 2703 4689 δύνασθαι
2734 4635 2932 4700 αὐτοὺς
2973 4637 3194 4692 ἀκούειν
3235 4641 3327 4695 τὸν
3369 4643 3542 4714 Ἰησοῦ
3587 4643 3765 4712 λόγον,

503 4732 630 4789 illud
660 4747 678 4788 :
718 4731 824 4790 Vos
860 4750 926 4789 ea:
957 4745 1105 4806 patre
1131 4733 1344 4788 diabolo
1371 4733 1518 4794 estis,
1545 4733 1772 4800 istisque
1801 4731 1978 4786 verbis
2003 4732 2083 4784 in-

2190 4729 2326 4800 μηδὲ
2355 4727 2644 4796 γινώσκειν
2675 4726 2841 4780 αὑτοῦ
2872 4727 2972 4798 τὴν
3011 4728 3200 4784 λαλιάν
3243 4733 3301 4787 ὲν
3328 4733 3435 4804 τῷ·
3478 4734 3673 4804 Ὑμεῖς
3695 4736 3765 4790 ἐκ

569 4851 594 4884 ³
619 4849 820 4908 Jerem.
865 4866 1025 4917 χχιιι,
1063 4851 1157 4906 ‘21.
1253 4851 1276 4883 ⁸
1303 4849 1461 4906 Joan.
1509 4865 1632 4912 vui.
1681 4849 1771 4904 45.
1853 4847 1877 4880 ⁸
1909 4847 2073 4902 Marc.
2097 4865 2200 4919 vn,
2234 4851 2326 4909 54.

572 4967 908 5048 (ιξλῼοιιειι
940 4967 1167 5048 Regius,
1207 4967 1494 5048 'Iepsuirs.“
1533 5036 1558 5048 _
1627 5035 1659 5048 η
1903 5034 1916 5046 .
2033 5035 2046 5048 _
2191 4969 2615 5048 adhaerebat,_ut
2657 4981 2802 5048 unus
2854 4982 2978 5048 cum
3025 4981 3093 5048 eo
3147 4969 3384 5048 spiritus
3427 4972 3775 5048 efﬁceretur,

574 5034 852 5116 (ιβμιιειιι
882 5042 1006 5116 cod.
1029 5034 1388 5116 Regitt_s,'ro'ﬁ
1434 5036 1586 5091 Υῑοῦ.
1627 5035 1782 5104 Saepe
1827 5034 2080 5116 animad-
2190 5039 2654 5116 quemadmodum
2697 5036 2871 5116 iusius
2899 5034 3292 5116 ip§e_dec_larat
3328 5041 3425 5116 lib.
3457 5059 3492 5097 ιι
3524 5045 3599 5099 De
3631 5034 3776 5116 prin:

503 5105 767 5185 vertimus
803 5110 1092 5185 Origenem
1125 5105 1339 5185 animas
1365 5119 1493 5164 ante
1541 5121 1774 5185 corpora
1831 5105 2082 5185 conditas
2190 5105 2365 5185 ἐφίει,
2398 5123 2520 5185 cap.
2551 5105 2605 5172 6,
2631 5116 2688 5162 et
2718 5121 2816 5185 nos
2855 5105 3302 5178 in’Origenianis,
3343 5111 3439 5167 lib.
3472 5128 3548 5182 ιι,
3577 5105 3772 5185 quaest.

501 5179 825 5234 credidisse.
862 5175 998 5232 Huic
1029 5181 1291 5232 doctrina:
1317 5179 1714 5233 consectarium
1739 5187 1823 5231 est
1846 5176 2080 5247 animam
2193 5175 2250 5243 5,
2286 5193 2434 5232 num.
2468 5178 2500 5230 6
2525 5188 2582 5232 et
2603 5192 2722 5247 seq.
2748 5175 3014 5233 Ηυετιυε.

440 5281 450 5291 -
502 5250 704 5323 ριιιὶειί
743 5259 870 5304 ante
894 5263 1092 5323 corpus
1124 5248 1575 5323 illius‘conditam
1638 5260 1860 5323 quoque
1891 5244 2080 5323 fuisse.

2267 5247 2378 5320 (l7)
2408 5247 2521 5323 Tur
2551 5244 2697 5323 περί
2719 5249 2966 5323 φύσεωςΔ
3013 5249 3244 5323 λόγον.-
3282 5249 3595 5323 Legendum
3655 5257 3770 5312 fnr-

505 5320 904 5396 lloc__dogntate
946 5314 1227 5396 inductum
1254 5316 1432 5396 fuisse
1465 5314 1782 5396 [Eutycliem'
1814 5314 2083 5396 suspicari

2193 5314 2608 5396 ῑιιεεοφύσεων.
2629 5314 2818 5396 βιῴχιι
2853 5319 3006 5396 initio
3040 5314 3445 5396 nume_ri_i5,'ol
3466 5323 3564 5387 τὰς
3582 5325 3772 5396 φύσεις

502 5405 566 5444 se
594 5386 872 5460 dicit‘Leu
893 5404 1027 5458 papa
1061 5390 1222 5460 epist.
1256 5389 1292 5442 2
1314 5390 1379 5460 ad
1408 5386 1686 5442 lulianum
1711 5387 2000 5451 Coenscm,
2025 5392 2084 5439 ιιι·
2196 5386 2539 5460 εἰσάγοντες,
2552 5400 2608 5443 et
2635 5389 2708 5441 ita
2741 5386 3440 5460 Ferrarius._AtOrigenes
3475 5386 3658 5450 tamen
3717 5386 3774 5454 in

501 5459 716 5536 duas_in
747 5456 1100 5536 (ibrlsto'jtpo
1136 5458 1244 5536 τῆς,
1264 5456 1509 5536 ὲνώσεως
1542 5470 1767 5536 naturus
1798 5465 2083 5536 statueret2

2195 5456 2370 5536 Epist.
2402 5459 2470 5536 ad
2503 5457 2680 5536 Rom,
2706 5471 2830 5536 cap.
2859 5473 2986 5511 ntv
3017 5456 3358 5536 Ῥίιξίοεαᾷιε
3398 5483 3412 5518 :
3455 5463 3572 5536 Κᾶν
3612 5467 3774 5521 πιθα.

503 5530 658 5605 quasi
689 5531 928 5584 animam
962 5528 1165 5584 Christi
1194 5528 1506 5605 exstitisse,
1558 5529 1883 5605 priusquam
1928 5528 2081 5579 carni

2192 5529 2698 5605 uibrataeatpdrouv
2727 5530 2777 5581 οἰ
2802 5528 3226 5599 παρεισάγοντες
3257 5531 3348 5585 τὸν
3381 5535 3510 5605 περὶ
3558 5537 3773 5604 φύσεως

505 5593 844 5670 illigaretur,
893 5613 1220 5670 persuasum
1265 5593 1841 5670 habuerit.'Animam
1871 5606 2081 5670 _autem

1036 5613 1220 5670 nasum
1265 5593 1538 5670 habuerit.
1559 5593 1841 5670 'Animam
1871 5606 2081 5670 _autem
2191 5593 2394 5653 ἀτοπού
2411 5593 2586 5667 λόγον.
2620 5602 2693 5652 In.

503 5665 708 5723 Christi
738 5677 871 5740 tunc,
892 5665 946 5722 in
968 5685 1066 5722 sua
1094 5667 1427 5738 perfectione
1443 5667 1612 5723 fuisse
1637 5668 1768 5740 dicit
1792 5665 2078 5740 Origenes,

2267 5671 2380 5739 (18)
2410 5665 2903 5738 mammam
2943 5679 2996 5723 In
3029 5670 3274 5740 margine
3298 5674 3500 5731 codicis
3524 5673 3773 5735 Bodleia-

508 5740 711 5796 idcirco
733 5739 875 5801 quod
905 5737 1218 5795 notissimo
1249 5740 1454 5797 amoris
1481 5737 1698 5796 vinculo
1728 5738 1804 5794 ita
1821 5737 1930 5795 Deo
1954 5745 2080 5793 tunc
2194 5742 2250 5797 ni
2278 5737 2478 5809 legitur
2501 5737 2580 5796 ex
2607 5740 2924 5810 conjectura
2945 5737 3380 5810 πεφωτισμένον.
