4196 6368
413 302 521 358 M7

1483 289 1841 349 COMMENT.
1874 287 1944 342 IN
1987 286 2176 344 JO.\N.
2211 286 2450 343 TOMUS
2487 286 2599 342 XX.

3565 286 3673 340 618

412 422 520 475 τοῦ
544 419 770 488 πατρὸς
794 417 902 472 τοῦ
937 415 1222 470 διαϐόλου
1249 412 1413 468 ἐστέ.
1438 413 1638 475 Δὺταῖς
1662 410 1792 480 γοῦν
1825 409 2001 476 λέξεσί

2124 407 2222 476 luit
2251 424 2264 459 :
2307 425 2325 456 ι
2362 404 2538 471 Quare
2568 413 2747 458 autem
2774 416 2880 457 non
2912 401 3139 472 potestis
3159 402 3345 457 audire
3366 416 3675 457 sermonem

415 525 574 581 φησι*
600 528 618 560 ι
641 509 737 562 Διά
761 508 814 560 τί
832 508 892 560 οὐ
921 506 1147 559 δύνασθε
1174 504 1389 558 ἀκούειν
1420 504 1511 557 τὸν
1530 502 1685 572 λόγον
1717 501 1809 555 τὸν
1834 501 1996 572 ὲμόν;

416 603 450 674 ἦ
478 604 560 655 ὃτι
596 603 755 672 ὑμεῖς
786 600 852 652 ὲκ
884 598 978 651 τοῦ
1008 597 1212 669 πατρὸς
1231 596 1324 649 τοῦ
1349 595 1594 649 διαϐόλου
1618 593 1741 648 ἐστέ
1767 612 1780 625 ·
1813 613 1832 645 ι
1858 592 2001 664 (ἀντὶ

416 695 534 759 τοῦ,
578 700 644 749 ἐκ
671 694 771 764 τῆς
802 693 988 756 ούσίας
1014 692 1109 745 τοῦ
1142 690 1434 762 διαϐόλου,)
1466 690 1712 762 φανερῶν
1747 689 1857 761 (l9)
1906 689 2003 742 αὺ-

417 788 533 849 τοῖς
586 785 771 839 λοιπὸν
817 784 917 856 τὴν
962 783 1120 852 φύσιν
1154 781 1332 836 αὐτῶν
1355 821 1370 845 ,
1414 782 1509 836 καὶ
1547 779 1878 853 προελέγξας
1907 780 2004 832 αύ-

419 879 548 941 τοὺς
572 916 588 941 ,
617 876 698 929 ότι
734 874 859 929 οὗτε
902 874 999 928 τοῦ
1042 874 1293 945 Ἀϐραάμ
1328 875 1434 927 εἰσι
1478 872 1673 937 τέκνα,
1705 874 1765 926 οὐ
1803 874 1913 944 γὰρ
1939 870 2005 925 ἂν

422 970 653 1040 ἑμίσουν
702 968 893 1022 αὐτόν·
925 967 1161 1021 οὐδὲτοῦ
1194 965 1329 1020 Θεοῦ
1348 1005 1363 1030 ,
1394 965 1473 1019 διὸ
1510 966 1611 1019 οὑκ
1652 965 1881 1035 ἠγάπων
1910 965 2007 1018 αὐ-

420 1061 536 1116 τόν.
572 1063 680 1115 Καὶ
705 1063 753 1114 εἰ
787 1060 886 1132 μὲν
910 1060 971 1113 τό
994 1077 1008 1089 ο
1056 1059 1241 1128 Ὑμεῖς
1267 1059 1336 1113 ἐκ
1362 1059 1468 1113 τοῦ
1498 1059 1719 1128 πατρὸς
1752 1059 1859 1114 τοῦ
1885 1058 2010 1112 δια-

422 1153 610 1207 ϐόλου
640 1151 816 1215 ἐστέ,
862 1149 1136 1219 ἐξεδέχετο
1160 1190 1175 1214 ,
1211 1150 1286 1213 ὼς
1338 1151 1396 1203 ὲν
1443 1152 1556 1213 τοῖς
1599 1149 1855 1214 ἀνωτέρω
1895 1151 2010 1221 διη-

424 1243 747 1315 γησάμεθα,
823 1243 921 1297 καὶ
980 1241 1166 1310 ἔλεγε·
1208 1241 1306 1296 Διά
1351 1242 1413 1295 τὸ
1461 1240 1542 1295 ἔτι
1584 1243 1730 1312 ὑμᾶς
1769 1236 1906 1295 εἶναι
1944 1241 2010 1295 ὲκ

422 1336 520 1391 τοῦ
571 1335 848 1399 διαϐόλου,
899 1336 961 1388 ού
1023 1334 1248 1389 δύνασθε
1309 1333 1529 1388 ἀκούειν
1584 1334 1677 1386 τὸν
1724 1332 1877 1401 λόγον
1917 1332 2010 1385 τὸν

424 1427 589 1498 ὲμδν,
633 1427 736 1480 κᾶν
773 1424 1193 1496 παραδεξάμεθα
1230 1423 1394 1478 αὑτοῦ
1433 1424 1531 1497 τὴν
1569 1424 1818 1495 διήγησιν
1845 1441 1858 1454 ο
1895 1425 2011 1477 νυνὶ

423 1520 483 1574 δὲ
512 1520 673 1589 δῆλός
703 1519 851 1571 ἐστιν
889 1518 1210 1588 όμοουσίους
1254 1515 1405 1579 τινὰς
1450 1515 1530 1586 τῷ
1573 1514 1805 1585 διαϐόλῳ
1837 1512 2011 1582 λέγων

426 1610 770 1682 ἀνθρώπους,
800 1609 1014 1681 ἐτέρας,
1041 1609 1122 1673 ὡς
1155 1608 1356 1678 οἴονται
1385 1608 1434 1660 οἱ
1479 1607 1573 1661 ἀπ’
1608 1605 1796 1668 αὑτοῦ,
1822 1604 2012 1668 οὐσίας

428 1704 754 1775 τυγχάνοντι
801 1703 932 1773 παρ’
979 1699 1074 1765 οὓς
1116 1698 1338 1755 καλοῦσι
1371 1697 1720 1769 ψυχικοὺς,ἢ
1762 1713 2010 1769 πνευμα-

428 1812 636 1859 τικους.

504 1886 591 1943 19.
634 1886 832 1958 Ὑμεῖς
871 1886 941 1940 ἐκ
969 1883 1076 1939 τοῦ
1104 1881 1330 1951 πατρὸς
1384 1880 1489 1935 τοῦ
1522 1878 1805 1933 διαϐόλου
1849 1876 2013 1939 ἐστὲ,

430 1978 531 2034 καὶ
577 1979 687 2045 τὰς
744 1978 962 2046 ἐπιθυμ
975 1978 1061 2042 ἀς
1121 1971 1229 2027 τοῦ
1301 1972 1526 2041 πατρὸς
1576 1971 1746 2041 ὑμῶν
1814 1969 2017 2025 θέλετε

432 2069 647 2125 ποιεῖν.
688 2067 1012 2139 ’Δμφῑϐολος
1043 2068 1078 2137 ἡ
1110 2065 1255 2129 λέξις
1298 2063 1416 2117 ἐστι
1446 2064 1555 2135 (20)
1577 2080 1590 2091 ·
1627 2062 1879 2133 δηλοῦται
1909 2060 2019 2133 γὰρ

433 2162 530 2217 ἀπ’
558 2162 729 2232 αὐτῆς
756 2160 814 2214 ἓν
852 2160 971 2231 μὲν,
1004 2158 1082 2222 ὡς
1126 2158 1238 2228 ἀρα
1275 2155 1388 2226 ἔχει
1432 2155 1463 2208 ό
1508 2154 1752 2218 διάϐολος
1781 2153 2016 2223 πατέρα,

433 2254 495 2320 ἐξ
526 2245 588 2307 οὗ
628 2252 853 2324 πατρὸς,
895 2253 1020 2305 ὅσον
1049 2251 1144 2303 ἐπὶ
1169 2248 1247 2320 τῷ
1282 2246 1451 2320 ῥητῷ,
1488 2247 1846 2318 ὲμφαίνονται
1881 2240 2020 2298 εἶναι

433 2339 582 2401 οὗτοι
615 2344 753 2416 πρὸς
792 2343 887 2408 οὒς
915 2345 945 2398 ό
983 2343 1173 2411 λόγος·
1209 2342 1396 2412 ἕτερον
1418 2339 1502 2403 δὲ,
1532 2338 1562 2392 ὃ
1594 2338 1802 2409 βέλτιόν
1847 2338 2019 2399 ἐστιν,

431 2440 521 2494 ὅτι
549 2439 706 2509 ὑμεῖς
740 2441 807 2491 ἐκ
831 2434 983 2489 τοῦδε
1024 2433 1118 2487 τοῦ
1157 2434 1363 2505 πατρός
1396 2434 1545 2496 ἐστε,
1589 2429 1711 2485 καθ’
1745 2428 1805 2482 δν
1846 2444 2022 2498 κατη-

435 2534 679 2602 γορεῖται
715 2528 796 2593 τὸ,
843 2525 1107 2590 διάϐολος.
1146 2523 1468 2596 ’Λμφίϐολον
1503 2523 1600 2594 μὲν
1629 2516 1721 2575 οὖν
1749 2519 1816 2575 ἂν
1840 2519 1899 2573 τὸ
1930 2518 2021 2572 λε-

346 2694 362 2707 .
436 2626 689 2696 γόμενον,
736 2624 832 2678 καὶ
876 2621 1035 2693 εἴπερ
1078 2619 1265 2693 εἴρητο
1298 2620 1360 2673 τδ
1399 2619 1663 2693 πρότερον
1696 2615 1899 2689 ἄρθρον
1937 2616 2020 2679 τὸ,

441 2715 568 2771 τοῦ·
594 2715 735 2788 πλὴν
765 2714 962 2787 μᾶλλον
985 2712 1304 2782 ἀνεφαίνετο
1331 2711 1664 2782 σαφέστερον
1688 2709 1749 2763 τὸ
1779 2707 2024 2781 βούλημα

437 2807 532 2861 τοῦ
576 2805 764 2878 ῥητοῦ.
815 2806 1081 2874 Μέντοιγε
1124 2805 1155 2857 ό
1189 2803 1569 2874 συναγορεύων
1614 2800 1677 2854 τὸ
1717 2795 1857 2855 εἶναι
1902 2817 2025 2855 τινα

439 2897 534 2951 τοῦ
566 2898 812 2952 διαϐόλου
840 2896 1077 2969 πατέρα,
1099 2889 1161 2951 οὗ
1189 2896 1337 2959 υἱοὺς
1367 2893 1507 2960 δόξει
1528 2893 1710 2960 λέγειν
1730 2892 1858 2955 τοὺς
1888 2891 2026 2962 πρὸς

2102 515 2299 563 meum,
2326 513 2393 552 an
2445 499 2698 567 quoniam
2743 512 2839 551 vos
2880 512 2946 550 ex
2994 503 3147 564 patre
3184 495 3400 550 diabolo
3429 493 3613 548 estis?

2103 589 2226 657 (pro
2249 604 2315 643 eo
2346 589 2491 657 quod
2537 597 2645 652 est,
2673 602 2739 642 ex
2764 586 3003 649 essentia
3047 584 3273 653 diaboli)
3323 583 3679 638 manifestans

2103 679 2170 732 de
2197 689 2394 731 cauere
2423 685 2666 730 naturam
2698 676 2957 744 ipsorum,
2986 690 3108 729 cum
3146 672 3484 743 praedixisset
3536 673 3680 742 ipsos

2107 780 2281 835 neque
2327 765 2597 820 Abraham
2654 781 2778 821 esse
2816 764 2955 820 ﬁlios
2978 806 2994 831 ,
3040 764 3183 819 haud
3220 765 3370 819 enim
3404 764 3529 818 odio
3557 779 3683 833 per.

2107 868 2465 927 sequerentur
2492 857 2642 911 illum
2671 874 2686 923 ;
2743 873 2920 928 neque
2975 857 3091 925 Dei,
3125 872 3193 911 ex
3221 872 3330 927 quo
3358 872 3466 911 non
3494 856 3684 926 dilige-

2107 952 2237 1007 bant
2276 950 2448 1005 illum.
2502 950 2770 1006 Caeterum
2812 951 2858 1005 si
2911 951 3071 1016 illud,
3096 968 3182 1006 vos
3207 968 3271 1006 ea:
3292 954 3441 1020 patre
3466 948 3683 1004 diabolo

2108 1044 2254 1109 estis,
2299 1043 2659 1113 exposuisset,
2714 1052 2772 1096 ut
2813 1043 2867 1097 in
2925 1042 3296 1111 superioribus
3335 1042 3686 1109 exposuimus

2110 1147 2234 1197 nos,
2293 1141 2347 1186 et
2393 1132 2625 1187 dixisset
2665 1133 2850 1199 :Quia
2909 1135 3088 1188 adhuc
3139 1148 3208 1187 ex
3256 1133 3472 1188 diabolo
3527 1134 3681 1199 estis,

2112 1241 2219 1279 non
2287 1227 2510 1295 potestis
2576 1225 2763 1281 audire
2821 1240 3128 1282 sermonem
3196 1242 3399 1291 meum,
3440 1228 3688 1283 admisis-

2110 1330 2294 1370 semus
2364 1315 2528 1368 etiam
2599 1314 2742 1370 illius
2796 1317 3204 1387 enarrationem
3246 1335 3265 1383 ς
3310 1333 3458 1374 nunc
3520 1318 3684 1390 333

2111 1414 2290 1459 autem
2333 1413 2519 1475 aperte
2571 1404 2703 1460 dicit
2752 1405 3013 1475 quosdam
3072 1407 3317 1463 homines
3373 1423 3495 1465 esse
3533 1408 3690 1482 [ὀμο-

2109 1496 2347 1567 ουσίους,
2395 1495 2502 1552 hoc
2552 1495 2668 1569 est]
2712 1496 2957 1568 ejusdem
3021 1500 3336 1555 substantiae
3386 1516 3508 1556 cum
3569 1502 3688 1556 dia-

2113 1587 2259 1653 bolo,
2325 1589 2417 1658 qui
2450 1588 2675 1644 alterius
2734 1598 2820 1645 est
2876 1590 3218 1658 substantiae,
3270 1601 3330 1646 ut
3372 1592 3691 1648 existimant

2116 1680 2257 1735 illius
2279 1680 2442 1734 etiam
2467 1689 2788 1747 sectatores,
2820 1680 2888 1736 ab
2916 1682 3001 1738 his
3023 1697 3162 1753 quos
3182 1692 3375 1738 vocant
3400 1683 3686 1748 animales,

2047 1758 2087 1813 Β
2120 1772 2200 1824 vel
2232 1771 2563 1838 spiritunlcs.

2190 1864 2276 1919 i9.
2326 1861 2425 1917 Vos
2446 1879 2509 1916 ea:
2529 1873 2677 1930 patre
2696 1864 2910 1917 diabolo
2941 1864 3088 1928 estis,
3115 1873 3164 1918 et
3213 1864 3478 1919 desideria
3519 1868 3688 1934 patris

2118 1956 2275 2009 miri
2306 1954 2463 2009 υιιιιὶε
2499 1957 2671 2026 facere
2703 1956 2820 2010 Μ’.
2871 1955 3169 2025 Ambiguus
3217 1967 3299 2011 est
3347 1965 3637 2014 contextus
3673 1974 3691 2015 :

2118 2045 2386 2119 [proinde
2415 2062 2629 2117 quoque
2650 2047 2848 2117 duplex
2871 2064 2933 2102 ex
2960 2063 3024 2103 eo
3051 2048 3176 2103 elici
3213 2059 3397 2118 potest
3428 2064 3620 2104 sensus
3640 2047 3692 2123 ;]

2123 2138 2283 2202 alter,
2317 2139 2471 2206 quasi
2505 2137 2755 2192 diabolus
2780 2137 2977 2193 habent
3010 2146 3246 2204 patrem,
3274 2152 3340 2192 ex
3373 2153 3481 2207 quo
3515 2149 3692 2207 patre.

2119 2239 2380 2299 quantum
2413 2229 2480 2284 ad
2516 2239 2827 2284 contextum
2853 2229 3067 2293 attinet,
3090 2229 3449 2293 ostendantur
3474 2230 3526 2285 hi
3550 2244 3693 2294 esse.

2121 2322 2188 2376 ad
2221 2337 2358 2391 quos
2387 2331 2473 2375 est
2505 2336 2721 2386 sermo;
2753 2321 2914 2386 alter,
2943 2323 3033 2389 qui
3058 2321 3223 2374 etiam
3249 2320 3441 2374 melior
3465 2329 3571 2385 est,
3592 2316 3700 2374 Vos

2121 2428 2188 2469 ex
2220 2413 2325 2468 hoc
2351 2422 2507 2484 patre
2527 2413 2682 2480 estis,
2720 2413 2788 2466 de
2812 2427 2923 2480 quo
2945 2413 3274 2482 praedicatur
3309 2413 3571 2469 diabolus.
3602 2411 3698 2465 At-

2122 2519 2229 2574 que
2254 2504 2548 2575 ambiguus
2594 2505 2812 2573 quidem
2852 2504 3071 2559 futurus
3109 2513 3231 2557 erat
3265 2504 3357 2559 hic
3384 2513 3696 2565 contextus.

2124 2597 2169 2652 si
2200 2597 2393 2664 etiam,
2421 2597 2629 2652 omisso
2676 2597 2854 2665 primo
2893 2595 3125 2651 articulo
3152 2593 3479 2658 m6,dictum
3509 2593 3700 2649 luisset

2125 2704 2191 2742 ea:
2216 2702 2386 2758 patre,
2409 2695 2466 2742 et
2490 2701 2597 2741 non
2626 2701 2693 2742 ea:
2724 2686 2819 2741 illo
2848 2696 3042 2755 patre;
3067 2694 3308 2740 attamen
3337 2687 3581 2754 apertius
3605 2700 3700 2755 ap-

2127 2781 2403 2851 paruisset
2436 2780 2692 2835 voluntas
2726 2790 3041 2834 contexlus.
3076 2778 3142 2832 Et
3163 2779 3381 2848 quidem
3408 2779 3502 2848 qui
3544 2778 3699 2831 fave-

2126 2884 2213 2930 ret
2239 2874 2482 2929 credenti
2516 2888 2638 2929 esse
2680 2871 2912 2942 aliquem
2943 2871 3144 2926 dia'boll
3176 2882 3410 2937 patrem,
3446 2870 3603 2941 cujus
3634 2870 3701 2924 ll-

439 2989 534 3054 οὒς
557 2992 588 3043 ὁ
604 2989 762 3058 λόγος
785 2989 925 3052 ἐστὶ,
945 2961 1207 3060 χρήσεται
1225 2986 1304 3057 τῷ
1325 2984 1706 3057 ἐπιφερομένῳ
1720 2983 1892 3045 οὑτως
1914 2981 2024 3053 (21)

2129 2966 2231 3023 lies
2255 2967 2508 3021 videatur
2533 2966 2717 3021 dicere
2749 2966 2850 3019 hos
2874 2963 2941 3018 ad
2971 2978 3109 3031 quos
3149 2972 3239 3017 est
3285 2978 3486 3026 sermo,
3522 2961 3705 3018 verbis

442 3082 653 3154 ἔχοντι·
680 3053 885 3136 ⁷Ὅταν
1142 3079 1211 3135 τό
1252 3053 1515 3149 ⁴ψεῦδος,
1680 3053 1809 3129 τῶν
1864 3074 2024 3129 ἰδίων

2132 3073 2254 3127 quae
2296 3056 2696 3127 subiunguntur
2736 3069 2937 3110 usurus
2976 3063 3062 3109 est
3103 3055 3183 3109 sic
3227 3067 3289 3108 se
3334 3053 3701 3110 habentibus:

442 3144 640 3238 λαλεῖ,
667 3173 757 3228 ὅτι
780 3144 1232 3243 ψεύστηςῆὲστὶ,
1260 3144 1360 3226 καὶ
1389 3173 1422 3224 ὁ
1455 3166 1654 3236 πατὴρ
1682 3164 1897 3221 αὐτοῦ’
1932 3164 2024 3218 καὶ

2132 3149 2265 3205 Cum
2293 3148 2528 3219 loquitur
2553 3147 2906 3212 mendacium,
2938 3161 3005 3200 ea:
3039 3146 3265 3216 propriis
3297 3144 3552 3214 loquitur,
3571 3163 3706 3216 quo-

444 3267 581 3337 φησὶ
612 3236 725 3337 (722)
764 3236 959 3334 ᾦεῦδος
995 3236 1093 3334 μεν
1139 3258 1278 3316 εἶναι
1329 3260 1421 3314 τὸν
1462 3256 1726 3320 διάϐολον,
1768 3252 1927 3307 ἄλλον
1970 3251 2024 3305 δὲ

2134 3243 2278 3296 niam
2299 3240 2530 3296 mendax
2551 3247 2654 3300 est,
2680 3248 2728 3291 et
2751 3247 2903 3306 pater
2926 3236 3040 3307 ejus
3063 3236 3144 3302 “;
3182 3236 3437 3307 dicetque
3482 3237 3706 3293 menda-

446 3357 600 3430 παρά
628 3357 818 3411 τοῦτον
848 3351 986 3410 εἶναι
1015 3356 1107 3409 τδν
1132 3353 1227 3408 τοῦ
1250 3351 1480 3424 ψεύδους
1508 3348 1750 3419 πατέρα’
1787 3344 1904 3399 ἀλλ’
1929 3343 2030 3413 οὐχ

445 3449 617 3517 ὑγιῶς
642 3447 799 3503 τοῦτο
817 3448 1138 3519 λεχθήσεται
1156 3463 1170 3476 ·
1207 3444 1407 3517 μᾶλλον
1428 3441 1538 3513 γὰρ
1560 3440 1623 3494 τὸ
1641 3437 1836 3510 ψεῦδος
1865 3437 2031 3507 ἐφαρ-

450 3543 608 3614 μόσει
630 3542 708 3613 τῷ
726 3542 953 3613 ἐναντίῳ
969 3543 1064 3594 τοῦ
1086 3538 1351 3602 εἰπόντος’
1382 3533 1529 3604 Ἐγώ
1546 3535 1664 3603 ειμι
1690 3533 1730 3595 ἡ
1761 3529 2027 3596 ἀλήθεια·

452 3633 597 3703 λέγω
614 3634 671 3688 δὲ
704 3634 784 3704 τῷ
804 3632 1030 3701 ἐναντίῳ
1058 3628 1318 3703 Χριστοῦ,
1351 3621 1397 3696 ᾧ
1419 3625 1534 3699 (25)
1566 3623 1806 3696 ψεύστης
1836 3621 1984 3675 ἐστὶν
2002 3620 2034 3673 ό

450 3725 660 3797 πατὴρ,
706 3726 736 3778 ὁ
767 3723 1012 3785 διάϐολος
1047 3719 1145 3774 ὥν.
1202 3719 1343 3773 Ἀλλ’
1377 3718 1523 3781 εἰκός
1551 3733 1675 3771 τινα
1704 3711 2035 3785 προσκόψειν

448 3816 533 3889 τῷ
578 3815 772 3887 ψεῦδος
821 3810 960 3869 εἶναι
1004 3812 1097 3866 τὸν
1144 3811 1507 3883 ἀντίχριστον,
1556 3809 1658 3862 οὑκ
1712 3805 1791 3859 ἔτι
1835 3803 2035 3875 ψεκτὸν

451 3908 730 3980 ἐσόμενον,
756 3908 853 3961 sitv
884 3909 952 3978 τῇ
999 3904 1294 3958 ὑποστάσει
1323 3902 1513 3973 ἕτερον
1548 3898 1716 3972 μηδὲν
1743 3896 1939 3968 ψεῦδος
1962 3892 1995 3970 ᾖ
2016 3911 2031 3926 ·

454 3999 594 4070 πρὸς
621 3998 681 4052 ὃν
705 3996 1083 4068 παραθέμενος
1108 3993 1194 4048 τό·
1241 3991 1517 4046 usme
1540 3987 1771 4058 ἐγένου,
1797 3984 1894 4038 καὶ
1923 3984 2036 4051 οὐχ

453 4091 742 4160 ὑπάρξεις
764 4095 851 4157 εὶς
876 4088 982 4144 τόν
1010 4086 1214 4149 αἰῶνα,
1241 4082 1547 4156 (εἰρημένον
1576 4084 1634 4139 ὲν
1658 4078 1737 4150 τῷ
1779 4074 2040 4148 Ἰεζεκιὴλ

458 4183 586 4255 περι
629 4199 776 4247 τινος
826 4182 915 4236 διὰ
957 4180 1058 4253 τὴν
1100 4178 1301 4233 κακίαν
1347 4171 1812 4248 μεταϐεϐληκότος
1850 4171 1929 4233 εἰς
1976 4167 2041 4222 τὸ

456 4275 712 4346 γενέσθαι
740 4274 901 4328 αὐτὸν
933 4270 1255 4341 ambitum.)
1280 4269 1402 4324 καθ’
1445 4265 1740 4337 ὁμοιότητα
1782 4277 2042 4332 παραμυ-

457 4370 601 4441 θήσῃ
618 4367 728 4439 (24)
743 4368 835 4421 καὶ
852 4366 916 4420 τὸ
935 4365 1066 4438 περὶ
1079 4364 1172 4418 τοῦ
1191 4362 1416 4433 ψεύδους
1430 4359 1532 4413 οὐκ
1551 4354 1687 4411 εἶναι
1702 4372 1824 4410 τινα
1841 4353 1954 4426 (25)
1968 4354 2036 4424 τῇ

2131 3334 2278 3387 cium
2327 3343 2452 3385 esse
2487 3327 2782 3394 diabolum,
2817 3327 3092 3384 diversum
3139 3340 3269 3382 vero
3319 3328 3388 3383 ab
3442 3329 3546 3382 hoc
3583 3342 3711 3384 esse

2135 3423 2404 3480 mendacii
2429 3432 2639 3493 patrem
2662 3441 2677 3477 :
2713 3422 2807 3477 sed
2835 3436 2940 3477 non
2965 3431 3112 3476 recte
3129 3421 3232 3476 hoc
3251 3420 3556 3487 diceretur;
3583 3436 3708 3474 nam

2137 3517 2310 3588 magis
2362 3516 2653 3585 conveniet
2708 3513 3046 3569 mendacium
3101 3513 3381 3568 contrario
3431 3512 3707 3567 dicentis:

2138 3610 2252 3681 Ego
2280 3626 2400 3665 sunt
2428 3610 2619 3664 veritas
2634 3608 2716 3673 ‘7;
2746 3607 2870 3664 dico
2914 3617 3094 3662 autem
3147 3604 3424 3660 contrario
3478 3604 3712 3673 Christi,

2137 3701 2223 3755 cui
2258 3699 2492 3755 mendax
2523 3708 2611 3755 est
2638 3707 2815 3767 pater,
2856 3701 2952 3767 qui
2977 3696 3226 3751 diabolus
3267 3704 3371 3750 est.
3427 3695 3533 3749 Sed
3580 3710 3712 3750 con-

2139 3801 2461 3846 sentaneum
2498 3799 2585 3845 est
2624 3789 2859 3858 aliquem
2891 3785 3153 3841 offensum
3179 3784 3268 3847 iri,
3291 3798 3359 3839 eo
3384 3784 3531 3854 quod
3554 3784 3712 3839 dixe-

2140 3883 2312 3935 rimus
2334 3878 2729 3934 Anticltristum
2757 3890 2879 3932 esse
2908 3873 3244 3929 mendacium
3263 3912 3280 3939 ,
3303 3871 3713 3943 vituperabilem

2143 3986 2252 4028 non
2280 3971 2513 4041 amplius
2544 3968 2810 4033 futurum,
2857 3968 2902 4020 si
2941 3963 3219 4035 hypostasi
3259 3973 3315 4017 et
3358 3964 3594 4019 essentia
3638 3948 3716 4018 nil

2142 4063 2290 4119 aliud
2318 4064 2390 4116 sit
2414 4060 2796 4124 mendacium;
2828 4067 3021 4112 contra
3047 4070 3207 4124 quem
3235 4070 3359 4109 cum
3396 4054 3643 4110 attuleris
3662 4054 3718 4110 in

2145 4154 2385 4211 medium
2436 4152 2569 4208 illttd
2603 4170 2618 4206 :
2661 4150 2901 4206 Perdilio
2939 4149 3114 4217 factus
3160 4164 3252 4213 es,
3290 4158 3339 4202 et
3378 4163 3482 4203 non
3517 4151 3620 4203 eris
3659 4147 3721 4201 in

2142 4247 2395 4304 «aculam
2416 4246 2463 4278 "
2486 4243 2652 4315 (quod
2677 4243 2731 4298 in
2748 4240 3036 4297 Ezechiele
3050 4240 3258 4295 dictum
3285 4247 3369 4295 est
3393 4239 3462 4294 de
3483 4241 3719 4309 quodam

2144 4341 2234 4411 qui
2265 4351 2488 4411 propter
2516 4337 2707 4392 vitium
2748 4337 3065 4389 immutatus
3096 4332 3297 4397 fuerat,
3332 4340 3394 4386 ut
3428 4342 3574 4386 esset
3602 4332 3720 4400 ipsa

460 4424 757 4514 ὑποστάσει
795 4459 861 4512 ἐκ
898 4424 1264 4526 κατασκευῆς,
1304 4424 1443 4507 ἀλλὰ
1484 4451 1551 4504 ὲκ
1585 4447 1910 4521 μεταϐολῆς,
1935 4424 2024 4498 ’κα

2149 4433 2431 4504 perditio).
2463 4440 2516 4485 tu
2544 4430 2800 4485 similiter
2833 4426 2997 4482 etiam
3050 4425 3299 4496 proferes
3330 4424 3565 4493 aliquem
3612 4438 3723 4478 non

465 4554 601 4617 ιδίας
648 4551 1038 4625 προαιρέσεως,
1080 4546 1321 4602 τοιοῦτον
1361 4545 1419 4598 δὲ
1462 4539 1860 4613 γεγεννημένον
1880 4577 1895 4601 ,
1943 4535 2039 4589 καὶ

458 4647 655 4710 οὑτως,
683 4647 771 4699 ἵνα
798 4642 1000 4706 καινῶς
1031 4639 1302 4711 ὀνομάσω,
1338 4633 1775 4706 πεφυσιωμένον.
1805 4630 1878 4683 Ού
1911 4626 2041 4697 φεύ-

462 4738 709 4808 γωνβϐ)
734 4736 863 4806 γοῦν
892 4752 975 4798 τις
995 4733 1071 4798 ὡς
1094 4732 1292 4786 ἄτοπον
1326 4729 1389 4782 τὸ
1423 4728 1657 4798 φάσκειν
1685 4719 1823 4778 εἶναι
1850 4720 2043 4791 ψεῦδος

462 4806 555 4882 τὸν
578 4806 959 4900 κάντίχριστον,
1013 4826 1130 4897 ὲρεί
1179 4820 1275 4875 καὶ
1322 4820 1490 4873 πᾶσιν
1541 4810 1875 4886 ἐφαρμόζειν
1932 4810 2045 4900 τοῖς

462 4898 813 4992 ψευδομένοις
860 4919 955 4972 τόο
1008 4918 1193 4971 Ὅταν
1222 4911 1386 4981 λαλῇ
1424 4910 1490 4965 τό
1536 4906 1785 4978 ψεῦδος,
1820 4903 1890 4955 ἐκ
1928 4898 2047 4953 τῶν

2144 4538 2269 4580 esse
2298 4534 2491 4579 natura
2536 4521 2903 4584 mendacium,
2947 4533 3014 4572 ex
3051 4518 3353 4578 creatione.
3381 4515 3476 4570 sed
3507 4529 3575 4568 ex
3603 4528 3725 4566 mu-

2150 4621 2373 4685 tatione,
2406 4627 2461 4671 et
2487 4617 2711 4686 proprio
2740 4614 3023 4684 proposito
3063 4611 3229 4665 talem
3278 4606 3479 4661 factmn
3528 4604 3720 4667 fuisse,

2146 4719 2203 4764 et
2233 4710 2336 4775 sic,
2368 4719 2429 4763 ut
2462 4722 2598 4762 nove
2623 4706 2823 4767 dicam,
2857 4713 3188 4759 natur-etum.
3219 4697 3585 4766 Quamobrem
3609 4707 3723 4750 non

2150 4800 2365 4871 fugiens
2405 4800 2529 4868 quis
2576 4811 2677 4851 ceu
2733 4795 3033 4848 absurdum
3084 4792 3270 4847 dicere
3328 4785 3722 4843 Antichristum

2152 4890 2497 4947 mendacium
2534 4903 2677 4955 esse,
2719 4887 2867 4942 dicet
2905 4882 3163 4940 omnibus
3213 4879 3379 4936 etiam
3424 4887 3727 4945 congruere

539 5081 633 5115 ""
659 5080 977 5149 Joan.;v1n,
1021 5078 1114 5137 Η.
1188 5076 1236 5109 “
1272 5075 1404 5130 ibid.
1479 5072 1522 5103 ⁸⁷
1557 5069 1719 5125 Joan.
1752 5081 1866 5129 xiv,
1909 5063 1963 5119 6.
2041 5060 2087 5092 ""
2112 5055 2314 5114 Ezech.
2342 5069 2536 5120 xxvnt,
2565 5051 2655 5107 i9.

541 5238 653 5310 (l9)
689 5240 870 5294 Codex
924 5236 1269 5298 Bodleianus,
1293 5233 1579 5306 φανερῶνο
1621 5230 1841 5301 Regius,
1903 5225 2045 5280 ntale

511 5327 607 5364 ανε
614 5327 706 5364 οον
713 5350 725 5361 .

466 5327 1091 5452 ῗαῖἕῶοᾌμφισολοςή
1117 5375 1473 5452 ,ζέξιςμὲρντιζ
1487 5385 1594 5452 etc.
1628 5370 1894 5452 {Ambigua
1922 5377 2049 5452 sunt

468 5440 679 5510 Grteca.
724 5440 806 5502 ξκ’
842 5446 938 5501 τοῦ
992 5440 1196 5520 πατρὸς
1211 5440 1321 5501 ντὸῧ
1350 5444 1599 5520 διαϐόλου
1625 5440 1786 5520 ἐστὲ,
1812 5441 1911 5520 hoc
1941 5449 2046 5520 est,

472 5539 505 5571 α
540 5508 688 5585 patre
713 5520 927 5573 diabolo
949 5508 1220 5581 estisfvel,
1238 5535 1269 5570 α
1295 5527 1442 5582 patre
1459 5513 1657 5585 diaboli
1690 5512 1835 5564 estis.
1858 5508 2049 5579 Latina

473 5581 653 5642 autem
688 5589 891 5641 nullam
929 5588 1130 5641 habent
1150 5585 1583 5655 ambiguitatem.
1613 5581 1874 5655 “uerius;

548 5658 898 5727 (9.1)Οὔτως.
924 5658 1087 5712 Deest
1108 5658 1163 5711 in
1187 5648 1375 5710 codice
1396 5652 1591 5723 Regio,
1643 5651 1743 5707 sed
1768 5651 1963 5721 legitur
1989 5648 2043 5703 in

478 5728 790 5783 Bodleiano.

612 5744 790 5783 emno.

765 5817 1040 5878 Ρλτιιοι.
1086 5815 1207 5878 Ge.
1252 5812 1427 5875 XIV.

2226 5219 2339 5291 (22)
2367 5218 2543 5287 Φησι.
2570 5215 2862 5291 Εει-[ξτίηε
2899 5211 3114 5291 legebat
3141 5210 3326 5291 φήσει.
3382 5275 3417 5291 ἢ
3474 5272 3507 5291 η
3528 5274 3557 5291 ν.

2224 5272 2338 5358 {‘25}
2379 5272 2658 5358 Ἐἷραντίῳ
2685 5272 3054 5358 Χριστοῦξῷ.
3080 5272 3351 5358 Ιιείἑρίιειι
3382 5272 3726 5358 Bodleianu's,

2151 5371 2208 5414 et
2228 5341 2479 5449 ‘asie'legit
2503 5341 2823 5420 Ferraribs;
2856 5341 3028 5408 codex
3055 5368 3184 5405 vero
3216 5347 3443 5417 Regius,
3475 5341 3722 5414 ἀντιχρί-

2155 5447 2555 5567 “(gignenda
2590 5495 2810 5570 Regius,
2845 5490 3247 5570 παραμυθήσει.
3361 5554 3398 5570 ﬂ
3476 5555 3487 5565 .

2153 5552 2343 5657 ..(25)
2390 5552 2518 5623 Οὐκ
2581 5552 2734 5621 εἷνῖιί
2786 5552 2943 5621 τινα.
2999 5552 3060 5614 Ἰιι
3121 5552 3310 5615 codice
3360 5554 3528 5624 Regio
3574 5552 3729 5607 deest

2149 5656 2457 5783 ουδεὶωού
2484 5706 2738 5777 φεύγων.
2763 5706 2821 5762 lu
2846 5703 3033 5763 eodem
3065 5702 3252 5758 codice
3276 5697 3445 5768 Regio
3469 5688 3718 5749 dcestetlu

3411 5789 3491 5851 20
