4196 6390
533 306 644 365 619
1979 304 2100 360 0th

2203 304 2298 357 HS
3694 297 3802 354 620

540 426 931 483 mentientibus
948 423 1052 481 boc
1073 426 1280 481 dictum
1306 443 1318 479 :
1345 427 1477 481 Cum
1503 426 1740 497 loquitur
1760 428 2100 481 mendacium

2220 424 2384 476 ἰδίων
2432 421 2636 476 λαλεῖυ
2692 420 2752 473 τὸ
2795 420 2902 492 γὰρ
2946 421 3004 472 ἐν
3051 419 3268 489 ἑκάστῳ
3300 418 3410 470 τῶν
3449 417 3799 486 ψευδομένων

539 537 604 574 η
635 521 860 588 propriis
889 520 1207 589 loquitur".
1236 520 1371 574 Cum
1401 520 1544 573 enim
1575 519 1943 582 mendacium,
1970 520 2100 578 quod

2219 515 2411 584 ψεῦδος
2441 515 2578 569 ἐπὰν
2608 514 2766 585 λαλῇ,
2806 515 2870 566 ἐκ
2899 512 3006 565 τῶν
3045 512 3190 564 ἰδίων
3218 511 3311 563 τοῦ
3353 509 3581 578 ψεύδους
3622 507 3794 560 λαλεῖ.

539 615 592 668 in
620 612 848 683 singulis
875 613 1264 668 mentientibus
1297 611 1456 678 inest,
1493 611 1752 679 loquitur,
1781 626 1848 665 cx
1876 610 2113 679 propriis

538 705 838 760 mendaciis
857 706 1114 775 loquitur.
1130 704 1270 770 Quin
1299 705 1460 758 etiam
1495 703 1544 758 si
1576 706 1690 758 haec
1717 703 1882 758 verba
1914 719 1928 755 :
1969 701 2112 756 Men-

539 797 647 850 dax
678 807 777 861 est,
803 807 853 851 et
881 808 1031 866 pater
1057 797 1168 865 ejus
1195 797 1260 860 ⁵⁸,
1299 810 1365 850 eo
1405 795 1634 858 referas,
1665 804 1723 848 ut
1752 807 2114 862 unumquem-

539 907 642 961 que
673 891 1042 962 proferentem
1075 889 1419 943 mendacium
1449 904 1513 942 ex
1545 903 1642 942 suo
1673 888 1841 956 ipsius
1870 899 1987 951 ore,
2029 885 2112 938 di-

539 999 630 1038 cas
663 998 782 1038 esse
811 992 1021 1051 patrem
1047 981 1164 1048 ejus
1191 980 1455 1034 mendacii
1510 979 1652 1050 quod
1695 978 1956 1047 loquitur.
2010 975 2112 1029 bu-

536 1074 765 1140 iusmodi
792 1088 923 1127 sane
952 1073 1246 1142 assignatio
1277 1071 1509 1126 absurda
1550 1085 1653 1125 non
1682 1071 1826 1126 erit.’
1839 1069 1944 1124 Sed
1965 1067 2109 1122 dicta

538 1168 652 1220 lucc
683 1163 846 1235 33E.
874 1173 1034 1218 sunto
1073 1163 1233 1217 veluti
1266 1161 1568 1232 adiacentia
1607 1160 1948 1230 amphibolia:
1977 1176 2110 1217 con-

538 1267 719 1311 textus
758 1256 914 1310 nobis
947 1253 1200 1322 expositi.

601 1346 691 1400 20.
721 1345 997 1417 [Sequitur
1020 1348 1154 1418 (26‘)
1175 1365 1188 1401 :
1210 1347 1276 1402 Et
1298 1349 1561 1403 desideria
1585 1352 1752 1417 patris
1773 1349 1935 1406 vestri
1952 1349 2110 1404 vultis

538 1436 708 1504 facere
738 1435 830 1508 ".]
859 1439 1186 1493 Enarrantes
1229 1438 1317 1492 illa
1350 1439 1514 1492 verba
1544 1455 1557 1491 :
1593 1437 1694 1493 Vos
1737 1439 1916 1508 facitis
1953 1455 2110 1509 opera

534 1529 704 1594 patris
730 1530 892 1583 vestri
912 1531 979 1595 ",
1010 1530 1398 1584 antevertimus
1421 1530 1582 1584 etiam
1607 1529 1662 1584 in
1693 1531 1793 1585 hos
1819 1530 2108 1600 disserere,

539 1619 849 1690 frequenter
895 1622 1093 1691 alioqui
1135 1622 1447 1692 colligentes
1488 1638 1608 1692 quae
1634 1623 1792 1678 nobis
1822 1623 1973 1678 utilia
1996 1624 2109 1680 visa

537 1711 752 1765 fuerant
795 1711 861 1766 ad
907 1713 1335 1778 enarrationem;
1365 1713 1595 1782 proinde
1619 1713 1736 1768 sine
1775 1729 1938 1768 causa
1963 1729 2112 1770 nunc

2233 607 2392 661 Ἀλλὰ
2423 609 2516 661 καὶ
2543 607 2635 660 τόδ
2678 607 2955 671 Ψεύστης
2986 603 3157 656 ἐστὶν
3190 607 3221 655 ὀ
3261 601 3458 669 πατὴρ
3489 599 3695 660 αὑτοῦ,
3730 598 3798 650 ἂν

2221 701 2419 774 ἐνέγκῃ
2448 701 2556 770 (27)
2585 699 2675 752 ἐπὶ
2710 699 2771 750 τὸ
2801 699 3030 751 ἕκαστον
3053 697 3144 748 τὸν
3173 693 3579 765 προφερόμενον
3603 689 3798 758 ψεῦδος

2220 794 2284 846 ἐκ
2311 795 2576 862 στόματος
2617 789 2808 842 ἑαυτοῦ
2860 788 3072 858 πατέρα
3103 782 3242 839 εἶναι
3269 778 3330 838 οἵ)
3361 784 3510 837 λαλεῖ
3544 781 3794 852 ψεύδους,

2218 888 2313 940 καὶ
2341 887 2441 940 οὐκ
2483 884 2742 948 ἀπίθανός
2779 901 2838 936 τε
2877 883 3030 934 ἔσται
3059 881 3093 949 ὴ
3118 879 3341 947 τοιαύτη
3374 877 3652 937 ἀπόδοσις.
3685 874 3797 925 Καὶ

2216 977 2389 1030 ταῦτα
2428 976 2525 1047 μέν
2556 976 2632 1039 ὼς
2663 971 3046 1046 παρακείμενα
3079 973 3146 1040 τῇ
3171 967 3469 1041 ἀμφιϐολίᾳ
3488 965 3585 1019 τοῦ
3613 967 3796 1018 ἐκκει-

2220 1070 2382 1139 μένου
2406 1070 2539 1140 ἡμῖν
2569 1066 2732 1138 ῥητοῦ
2765 1064 2877 1136 (28)
2904 1062 3162 1135 εἰρήσθω.

2283 1339 2375 1394 20.
2418 1337 2572 1392 Ἐπεὶ
2615 1337 2673 1391 δέ
2721 1335 3068 1407 διηγούμενοι
3099 1334 3194 1388 τό⁸
3244 1333 3430 1403 Ὑμεῖς
3474 1331 3695 1387 ποιεῖτε
3721 1332 3798 1385 τὰ

2213 1426 2357 1496 ἔργα
2389 1426 2495 1480 τοῦ
2526 1425 2748 1492 πατρὸς
2788 1424 2976 1494 ὑμῶν,
3012 1423 3372 1494 προλαϐόντες
3395 1423 3490 1475 καὶ
3518 1424 3599 1485 εἰς
3636 1421 3797 1475 τοῦτο

2215 1519 2535 1590 εἰρήκαμεν,
2583 1516 2910 1586 πολλαχόθεν
2965 1516 3034 1569 τὰ
3085 1515 3324 1583 φανέντα
3368 1515 3502 1584 ἡμῖν
3557 1515 3638 1576 εἰς
3691 1512 3796 1584 τὴν

2213 1611 2464 1683 διήγησιν
2508 1611 2756 1681 χρήσιμα
2800 1606 3219 1676 συναγαγόντες,
3263 1606 3364 1658 οὑκ
3416 1603 3652 1672 εὐλόγως
3696 1603 3793 1658 νῦν

2214 1703 2709 1776 προσδιατρίψομεν
2734 1701 2813 1773 τῷ
2835 1703 3004 1773 τόπῳ.
3035 1701 3183 1772 Πλὴν
3210 1700 3263 1752 εῐ
3281 1718 3365 1763 τις
3392 1699 3472 1770 τῷ
3499 1701 3674 1752 ποιεῖν
3693 1697 3794 1769 τὴν

535 1803 636 1854 hoc
670 1800 723 1854 in
757 1800 878 1855 loco
911 1816 1018 1855 non
1049 1801 1492 1859 immorabimur.
1531 1802 1686 1870 Quod
1714 1805 1760 1859 si
1795 1805 1918 1874 quis
1955 1815 2100 1860 ortus

2211 1797 2482 1869 ἁμαρτίαν
2511 1799 2576 1850 ἐκ
2602 1795 2696 1849 τοῦ
2725 1795 2967 1849 διαϐόλου
2993 1794 3334 1864 γεγέννηται,
3362 1793 3456 1845 καὶ
3483 1790 3557 1862 μὴ
3587 1791 3795 1862 κατήρ⁴

533 1892 700 1948 fuerit
730 1907 795 1948 ex
826 1893 1068 1958 diabolo,
1097 1908 1163 1948 eo
1190 1894 1334 1963 quod
1364 1895 1678 1950 committat
1709 1906 2016 1966 peccatum,
2052 1907 2107 1953 et

529 1983 768 2039 ltunc~ab
798 1984 888 2039 illo
927 1995 1106 2039 ortum
1143 2000 1250 2040 non
1283 1986 1604 2049 aboleverit,
1643 1987 1734 2043 hic
1767 2003 1872 2043 non
1916 2004 2103 2055 unum,

527 2074 620 2128 sed
647 2074 803 2144 plura
835 2076 1106 2132 desideria
1142 2075 1268 2130 talis
1289 2077 1462 2147 patris
1494 2078 1608 2132 vult
1630 2077 1844 2145 facere;
1871 2095 2106 2151 cumque

526 2163 794 2218 desideria
817 2179 937 2235 qua:
962 2173 1090 2220 sunt
1121 2165 1174 2220 in
1197 2166 1452 2221 omnibus
1476 2167 1602 2223 filiis
1631 2168 1848 2233 diaboli,
1878 2186 2107 2226 nascan-

525 2265 660 2308 tura
679 2256 965 2311 desideriis
993 2271 1114 2327 quae
1139 2255 1342 2311 suntin
1379 2257 1616 2324 diabolo,
1644 2261 1990 2330 perspicuum
2022 2272 2106 2319 est

523 2347 792 2403 desideria
840 2347 984 2402 illius
1025 2362 1148 2403 esse
1195 2347 1539 2418 prudentiam
1591 2351 1838 2406 materia:
1881 2362 1936 2428 et
1977 2369 2103 2410 cor-

527 2441 820 2510 ruptionis,
839 2454 977 2509 quas
1007 2440 1230 2509 proprie
1257 2439 1506 2495 inimicas
1533 2441 1732 2496 dixerit
1763 2442 1958 2513 aliquis
1983 2459 2104 2502 esse

524 2533 785 2586 adversus
814 2531 1004 2586 Deum.
1036 2531 1216 2600 Atque
1243 2531 1418 2585 cmdes
1441 2531 1680 2601 quidem,
1703 2543 1759 2588 et
1791 2535 2100 2605 injustitias,

521 2633 578 2677 et
608 2622 914 2686 avaritiam,
946 2623 990 2676 si
1024 2621 1147 2690 quis
1175 2621 1322 2676 dicat
1346 2621 1492 2677 illius
1511 2635 1632 2678 esse
1653 2623 1947 2692 desideria,
1983 2641 2103 2696 quae

520 2724 786 2786 generent
817 2714 1085 2770 desideria
1111 2715 1197 2770 bis
1225 2715 1424 2770 similia
1462 2716 1515 2771 in
1541 2717 1668 2773 ﬁliis
1694 2717 1835 2786 ejus,
1860 2735 1967 2775 non
1992 2723 2104 2776 dis-

519 2814 781 2861 sentanea
830 2805 1106 2876 loquitur;
1145 2817 1310 2872 atque
1355 2807 1521 2861 etiam
1555 2809 1886 2878 generaliter
1919 2812 2102 2869 dicere

521 2897 920 2961 immunditias,
955 2905 1166 2952 natura:
1204 2895 1280 2950 illi
1313 2897 1621 2966 purissima:
1651 2902 1956 2957 contrarias
1999 2917 2100 2957 ex-

519 2989 801 3050 aistentes,
845 3000 970 3040 esse
1004 2985 1148 3040 illius
1191 2985 1483 3050 desideria,
1517 3001 1547 3040 a
1590 2989 1789 3056 quibus
1824 2991 2099 3047 desideria

520 3081 909 3151 ingenerentur
957 3078 1154 3134 diaboli
1203 3078 1329 3133 ﬁliis
1373 3079 1441 3133 ad
1492 3095 1579 3135 res
1622 3081 1948 3151 immundae,
1993 3100 2098 3140 non

519 3179 743 3241 gravate
777 3169 1172 3226 admittendum
1203 3179 1320 3234 est;
1353 3169 1541 3226 dicere
1573 3173 1740 3225 etiam
1770 3172 2097 3231 fornicatio-

519 3279 666 3330 nem,
695 3262 780 3318 vel
807 3262 1155 3329 adulterium,
1189 3263 1272 3317 vel
1297 3279 1538 3320 amorem
1564 3265 1858 3322 obscenum
1884 3269 1940 3324 in
1971 3286 2100 3340 pue-

517 3371 631 3422 ros,
660 3354 744 3411 vel
767 3353 1074 3418 mollitiem,
1104 3370 1228 3411 esse
1250 3356 1391 3412 illius
1417 3359 1769 3426 desiderium,
1796 3360 1953 3415 facile
1974 3364 2098 3431 quis

516 3449 682 3501 etiam
715 3447 1013 3503 admiserit.
1040 3445 1193 3513 Quod
1219 3448 1264 3503 si
1288 3448 1499 3503 dubitet
1527 3449 1649 3517 quis
1673 3463 1906 3519 quonam
1942 3461 2099 3522 pacto

520 3543 636 3596 haec
685 3539 955 3595 desideria
998 3541 1052 3594 in
1106 3541 1418 3596 hominibus
1466 3543 1719 3598 oriantur
1749 3559 1778 3597 a
1811 3545 2098 3602 desideriis

517 3641 792 3701 quaesout
819 3632 871 3685 in
904 3630 1018 3692 illo,
1066 3640 1330 3695 quantum
1374 3632 1444 3684 ad
1487 3633 1652 3687 verba
1683 3633 1896 3698 attinet,
1930 3636 2094 3691 veluti

515 3724 775 3794 quiddam
800 3722 1105 3779 universale
1125 3719 1388 3780 doceatur
1404 3724 1469 3778 de
1497 3723 1780 3779 desideriis
1811 3741 1932 3795 quae
1969 3736 2098 3782 sunt

515 3815 572 3871 in
603 3815 935 3883 hominibus,
963 3815 1107 3886 quod
1139 3815 1310 3871 velint
1331 3817 1583 3871 homines
1611 3816 1879 3871 desideria
1925 3819 2097 3889 patris

515 3909 601 3964 sui
628 3909 830 3976 facere,
847 3910 974 3979 quia
1000 3911 1180 3964 omnia
1204 3923 1324 3978 quae
1348 3919 1546 3979 praeter
1568 3910 1741 3981 legem
1760 3911 2094 3981 desiderant,

515 4011 676 4056 antea
717 3999 916 4055 fuerint
945 4001 1272 4056 desiderium
1311 4003 1482 4070 patris
1511 4004 1595 4056 sui
1647 4001 1780 4075 (tale
1823 4004 1968 4058 enim
2011 4013 2098 4059 est

513 4096 657 4162 quod
685 4092 888 4147 dicitur
911 4109 924 4146 :
953 4091 1022 4146 Et
1045 4093 1308 4147 desideria
1328 4095 1497 4161 patris
1514 4095 1671 4148 vestri
1693 4095 1848 4150 vultis
1873 4096 2094 4166 facere),

515 4185 581 4237 ad
615 4186 730 4239 haec
753 4184 1042 4239 dicendum
1081 4193 1165 4238 est
1203 4184 1476 4238 diabolum
1529 4185 1844 4241 desiderare
1878 4197 1937 4241 ut
1973 4202 2096 4243 cor-

513 4282 822 4340 rumpatur,
853 4273 1003 4326 verbi
1053 4273 1248 4342 gratia,
1298 4272 1388 4329 hic
1432 4289 1586 4344 puer,
1630 4275 1720 4330 illa
1767 4276 2092 4331 adulterium

512 4363 838 4427 committat,
867 4363 922 4417 hi
954 4362 1336 4430 iornicentur;
1379 4375 1434 4418 et
1465 4366 1577 4420 haec
1607 4367 1968 4421 desiderando
2013 4367 2096 4422 in-

2208 1907 2344 1961 τησε
2379 1889 2478 1961 τὴν
2519 1890 2616 1943 ἀπ’
2659 1887 2870 1942 ἐκείνου
2917 1888 3132 1956 γένεσιν
3169 1886 3230 1952 ἐξ
3270 1883 3488 1949 ἐαυτοῦ,
3535 1877 3688 1946 οὗτος
3728 1883 3792 1936 οὐ

2209 1983 2364 2052 μίαν,
2395 1982 2532 2036 ἀλλὰ
2562 1981 2813 2044 πλείονας
2856 1979 3150 2050 ἐπιθυμίας
3183 1980 3279 2032 τοῦ
3311 1977 3559 2032 τοιούτου
3585 1975 3793 2048 πατρὸς

2206 2074 2381 2126 ποιεῖν
2406 2071 2600 2132 ἐθέλει,
2629 2070 2725 2124 καὶ
2762 2069 2875 2122 τῶν
2908 2072 2965 2122 ἐν
2994 2068 3158 2121 παντὶ
3191 2066 3292 2138 υἱῷ
3319 2065 3568 2120 διαϐόλου
3603 2063 3793 2117 ἐπιθυ-

2209 2162 2349 2234 μιῶν
2370 2162 2478 2215 ἀπὸ
2506 2161 2614 2215 τῶν
2639 2163 2696 2215 ἐν
2718 2159 2796 2231 τῷ
2822 2159 3048 2231 διαϐόλῳ
3071 2159 3376 2231 ἐπιθυμιῶν
3411 2157 3790 2230 γεννωμένων,

2208 2255 2399 2326 σαφὲς,
2430 2255 2513 2308 ὅτι
2561 2255 2620 2308 αἱ
2659 2255 2870 2307 ἐκείνου
2907 2253 3195 2325 ἐπιθυμίαι
3237 2252 3491 2326 φρόνημα
3521 2251 3654 2322 ὕλης
3682 2251 3794 2304 εἰσὶ

2204 2350 2298 2404 καὶ
2323 2349 2548 2420 φθορᾶς,
2578 2347 2644 2412 ἃς
2669 2347 2875 2418 κυρίως
2899 2346 3097 2418 έχθρας
3121 2348 3262 2399 εἴποι
3283 2363 3367 2409 τις
3390 2346 3455 2398 ἂν
3469 2330 3625 2398 κεῖναι
3653 2345 3792 2416 πρὸς

2204 2441 2356 2494 Θεόν.
2389 2441 2586 2504 Φόνους
2632 2440 2729 2510 μέν
2782 2435 2876 2492 οὖν
2916 2440 3012 2492 καὶ
3059 2438 3292 2502 ἀδικίας,
3331 2437 3429 2492 καὶ
3477 2436 3794 2501 πλεονεξίας

2205 2533 2434 2602 φάσκειν
2460 2531 2569 2602 (29)
2599 2527 2738 2584 εἶναι
2765 2530 2865 2594 τὰς
2899 2530 3107 2583 ἐκείνου
3151 2529 3467 2601 ἐπιθυμίας,
3513 2527 3793 2598 γεννώσας

2205 2627 2263 2679 ἐν
2298 2626 2432 2687 υίοῖς
2472 2623 2636 2676 αὐτοῦ
2676 2621 3065 2694 παραπλησίας
3089 2619 3314 2682 ταύταις
3344 2619 3662 2690 ἐπιθυμίας,
3690 2621 3793 2673 οίικ

2204 2716 2557 2788 ἀπεμφαίνει,
2584 2716 2721 2770 αλλὰ
2749 2715 2845 2768 καὶ
2883 2713 3117 2782 γενικῶς
3148 2713 3492 2784 ἀκαθαρσίας
3517 2717 3583 2785 τῇ
3627 2713 3791 2783 φύσει

2205 2809 2452 2872 ἐναντίας
2479 2808 2856 2878 τυγχανούσας
2882 2810 2948 2878 τῇ
2973 2806 3303 2878 καθαρότητι
3327 2807 3503 2875 λέγειν
3533 2804 3670 2860 εἶναι
3688 2807 3793 2872 τὰς

2203 2899 2414 2952 ἐκείνου
2441 2899 2758 2970 ἐπιθυμίας,
2786 2901 2877 2968 ἀφ’
2905 2893 2980 2954 ὧν
3012 2902 3068 2952 αἱ
3095 2899 3232 2970 πρὸς
3259 2898 3327 2951 τά
3350 2899 3638 2971 ἀκάθαρτα
3669 2901 3791 2952 ἐπι-

2203 2992 2393 3063 θυμίαι
2427 2992 2667 3061 γίνονται
2709 2992 2919 3055 τέκνοις
2949 2991 3045 3044 τοῦ
3089 2992 3361 3060 διαϐόλου,
3413 2993 3472 3045 ού
3506 2992 3791 3064 δυσπαρά-

2202 3082 2392 3137 δεκτόν
2416 3084 2531 3134 ἐστι
2555 3082 2700 3136 τόδε⁹
2730 3083 2824 3135 καὶ
2856 3083 3112 3155 πορνείαν
3141 3083 3318 3152 λέγειν
3348 3079 3486 3137 εἶναι
3523 3085 3622 3156 τὴν
3652 3085 3790 3137 ἐκεί-

2203 3192 2294 3228 νου
2324 3173 2641 3245 ἐπιθυμίαν,
2673 3176 2706 3246 ἢ
2745 3176 3014 3245 μοιχείαν,
3040 3175 3072 3246 ἢ
3118 3175 3527 3246 παιδοφθορίαν,
3556 3177 3590 3247 ἢ
3619 3175 3790 3247 μαλα-

2199 3266 2470 3336 κίανβθ),
2486 3268 2587 3320 οὐκ
2613 3267 2853 3338 εὐχερῶς
2877 3267 2941 3320 άν
2955 3285 3040 3331 τις
3061 3268 3432 3338 παραδέξοιτο.
3457 3269 3573 3322 Κᾶν
3606 3269 3785 3340 ἀπορῇ

2200 3358 2319 3422 πῶς
2350 3359 2407 3412 αἱ
2445 3358 2732 3429 ἐπιθυμίαι
2776 3355 2939 3412 αὗται
2982 3361 3043 3412 ἐν
3073 3359 3385 3432 ἀνθρώποις
3436 3359 3544 3412 ἀπὸ
3586 3359 3700 3412 τῶν
3727 3362 3789 3411 ἐν

2200 3447 2390 3518 ἐκείνῳ
2415 3445 2657 3514 γίνονται
2682 3447 3007 3519 ἐπιθυμιῶν,
3039 3449 3161 3502 ὅσον
3187 3451 3280 3502 ἐπὶ
3307 3454 3374 3522 τῇ
3415 3449 3578 3515 λέξει,
3621 3451 3788 3503 οἱονεὶ

2199 3538 2486 3592 καθολικοῦ
2503 3556 2646 3602 τινος
2666 3543 3074 3612 παρισταμένου
3095 3541 3203 3612 (5i)
3224 3560 3289 3595 πε
3300 3543 3353 3613 pl.
3372 3543 3480 3596 τῶν
3503 3544 3560 3596 ἐν
3579 3543 3675 3596 ἀνθ
3683 3542 3790 3614 ρώ-

2198 3646 2322 3694 ποις
2351 3629 2674 3702 ἐπιθυμιῶν,
2722 3632 2798 3696 ὠς
2841 3633 2950 3704 ἄρα
2995 3633 3240 3687 θέλουσιν
3285 3636 3334 3687 ol
3379 3635 3658 3706 ᾶνθρωποι
3683 3635 3787 3699 τὰς

2199 3720 2496 3792 ἐπιθυμίας
2529 3722 2623 3775 τοῦ
2663 3725 2870 3795 πατρὸς
2902 3725 3082 3779 αὐτῶν
3127 3729 3320 3790 ποιεῖν,
3354 3726 3496 3780 ὥστε
3530 3728 3708 3782 πάντα
3748 3727 3786 3782 ἃ

2197 3814 2522 3886 ἐπιθυμοῦσι
2545 3815 2896 3888 παρανόμως,
2923 3818 3188 3889 πρότερον
3217 3819 3512 3890 ἐπιθυμίας
3534 3816 3672 3874 εἶναι
3691 3819 3786 3874 τοῦ

2197 3903 2405 3975 πατρὸς
2435 3904 2644 3958 αὐτῶν⁸
2678 3905 2919 3961 τοιοῦτον
2955 3908 3063 3979 γάρ
3095 3909 3211 3962 ἐστι
3257 3910 3341 3963 τό·
3377 3911 3488 3964 Καὶ
3523 3912 3631 3978 τὰς
3657 3913 3787 3966 ἐπι-

2197 3997 2414 4065 θυμίας
2444 3995 2553 4050 τοῦ
2593 3996 2820 4066 πατρὸς
2846 3997 3014 4068 ὑμῶν
3053 3999 3256 4055 θέλετε
3295 4002 3527 4056 ποιεῖν·
3567 4004 3785 4058 λεκτέον

2195 4090 2253 4144 δὲ
2292 4090 2431 4162 πρὸς
2474 4090 2668 4155 ταῦτα,
2713 4092 2796 4145 ὅτι
2837 4095 2866 4146 ὁ
2913 4093 3160 4157 διάϐολος
3209 4094 3472 4166 ἐπιθυμεῖ
3511 4097 3784 4169 φθαρῆναι

2193 4181 2368 4245 τόνδε,
2407 4182 2539 4253 φέρε
2566 4185 2761 4246 εἰπεῖν,
2778 4183 2872 4238 τὸν
2893 4185 3080 4248 παῖδα,
3101 4185 3196 4239 καὶ
3221 4188 3576 4259 μοιχευθῆναι
3598 4191 3780 4259 τήνδε,

2195 4274 2290 4328 καὶ
2313 4275 2607 4346 πορνεῦσαι
2642 4276 2850 4345 τούσδε,
2887 4279 2984 4331 καὶ
3016 4279 3221 4333 τούτων
3258 4279 3544 4352 ἐπιθυμῶν
3567 4283 3786 4353 ἐμποιεῖ

2193 4369 2308 4430 τοῖς
2349 4367 2666 4439 δυναμένοις
2695 4368 2844 4440 αὐτῷ
2877 4371 3327 4443 ύτιηρετήσασθαι
3366 4372 3662 4446 ἐπιθυμίαν
3685 4375 3781 4429 τοῦ

512 4469 777 4521 generare
809 4454 894 4509 bis
920 4456 1012 4524 qui
1046 4453 1229 4509 valent
1267 4455 1344 4510 illi
1378 4458 1628 4526 obsequi,
1654 4459 1981 4514 desiderium
2017 4459 2094 4514 fa-

2203 4456 2441 4527 ποιῆσαι,
2483 4457 2630 4530 άπερ
2660 4462 2866 4524 ἐκεῖνος
2907 4465 3198 4535 ἐνεργῆσαι
3245 4464 3524 4536 βούλεταιο
3553 4468 3681 4521 ὥστ’
3715 4470 3784 4523 ἂν

513 4545 692 4598 ciendi
739 4560 858 4613 quae
888 4545 978 4599 ille
1025 4546 1212 4615 cupiat
1254 4546 1432 4604 eﬂici:
1477 4557 1538 4602 ut
1569 4549 1671 4603 hac
1701 4550 1920 4604 ratione
1950 4551 2097 4606 dicat

513 4637 710 4706 aliquis
737 4636 1012 4692 diabolum
1042 4639 1481 4694 committentem
1525 4640 1970 4707 fornicationem,
2001 4651 2096 4697 aut

512 4729 862 4810 adulterium,
917 4731 1073 4800 prius
1131 4729 1392 4786 fornicari
1451 4741 1509 4787 et.
1554 4733 1708 4803 prius
1761 4733 2092 4789 adulterium

512 4823 855 4876 committere
887 4838 1050 4892 quam
1078 4824 1375 4882 hominem.
1421 4823 1569 4879 Idem
1611 4825 1778 4879 etiam
1827 4825 1977 4881 dices
2026 4827 2096 4882 de

513 4914 657 4966 omni
688 4923 911 4982 peccato
937 4930 952 4968 :
990 4915 1140 4970 verbi
1165 4915 1360 4985 gratia,
1397 4914 1641 4970 diabolus
1671 4925 1954 4985 argentum
1986 4932 2092 4970 non

514 5003 807 5068 desiderat,
839 5013 895 5056 at
918 5006 1293 5073 amatargenti
1322 5005 1548 5076 cupidos
1576 5002 1774 5069 facere,
1803 5002 2094 5075 facereque

514 5096 764 5150 homines
821 5110 1001 5151 rerum
1049 5099 1416 5154 materialium
1458 5097 1747 5152 affectibus
1776 5097 2042 5153 obnoxios
2077 5115 2091 5152 :

622 5238 667 5268 ⁴⁵⁹
695 5237 852 5293 Joan.
893 5254 1021 5308 VIII,
1056 5238 1150 5296 44.
1225 5241 1273 5272 ⁸ο
1305 5240 1440 5296 ibid.
1513 5238 1561 5271 ⁸¹
1584 5238 1718 5298 ibid.
1793 5238 1839 5270 "
1867 5240 1998 5294 ibid.
2029 5241 2121 5296 41.

743 5377 987 5455 popinis
1001 5380 1206 5455 inclusa
1226 5382 1279 5436 in
1304 5381 1490 5438 Graeco
1515 5397 1625 5455 non
1645 5383 1917 5455 leguntur.
1941 5385 2092 5441 EDIT.

595 5448 705 5516 (‘27)
735 5448 916 5504 Codex
952 5449 1294 5517 Bodleianus,
1326 5461 1494 5519 recte,
1523 5454 1590 5508 ἂν
1617 5448 1815 5527 ἐνέγκῃ
1833 5470 1847 5484 ·
1874 5455 2094 5527 Regius,

521 5517 824 5586 ἀνενέγκει.

594 5587 706 5669 (ἓξ)
736 5587 916 5669 codex
943 5590 1313 5669 ‘Bodleianus,
1359 5593 1594 5662 optime,
1642 5594 1806 5668 ῥητοῦ
1828 5612 1844 5626 ο
1874 5595 2096 5669 Regius,

524 5655 749 5722 insulse,
788 5661 851 5713 ἐκ
878 5661 992 5718 τοῦ.

539 5745 544 5752 ·
597 5727 708 5799 (29)
738 5727 918 5786 Codex
945 5731 1290 5801 Bodleianus,
1316 5732 1565 5802 φάσκειν·
1591 5734 1810 5809 Regius,
1845 5736 2048 5807 φάσκῃ.

2198 4550 2340 4604 κατὰ
2363 4551 2521 4604 τοῦτο
2549 4553 2638 4605 τὸν
2672 4553 2998 4625 ἐνεργοῦντα
3041 4557 3141 4628 τὴν
3173 4559 3453 4628 πορνείαν,
3480 4560 3512 4630 ἦ
3542 4561 3639 4634 τὴν
3666 4579 3783 4633 μοι·

2198 4643 2349 4714 χείαν
2379 4645 2643 4716 πρότερον
2687 4645 2863 4715 λέγειν
2904 4648 2998 4701 τοῦ
3035 4650 3322 4722 ἀνθρώπου
3364 4653 3649 4724 πορνεύειν
3688 4657 3784 4709 καὶ

2202 4734 2496 4804 μοιχεύειν.
2524 4735 2598 4790 Τὸ
2623 4736 2667 4789 δ’
2689 4738 2820 4790 αὐτὸ
2844 4740 2937 4793 καὶ
2961 4741 3086 4810 περὶ
3109 4742 3291 4814 πάσης
3315 4745 3591 4817 ἁμαρτίας
3613 4749 3777 4818 ἐρεῖς’

2195 4821 2309 4880 οἷον
2351 4829 2596 4893 διάϐολος
2636 4831 2914 4902 ἀργυρίων
2945 4833 3043 4903 μὲν
3079 4834 3180 4886 ούκ
3210 4836 3487 4907 ἐπιθυμεῖ,
3525 4839 3784 4908 ἐπιθυμεῖ

2198 4917 2256 4972 δέ
2282 4919 2646 4994 φιλαργύρους
2671 4925 2922 4993 ποιῆσαι·
2959 4926 3055 4978 καὶ
3078 4927 3415 4997 προσπαθεῖς
3439 4931 3551 4993 τοῖς
3578 4930 3780 4994 ύλικοῖς

2201 5013 2520 5084 πράγμασι·
2565 5014 2767 5084 ταύτην
2808 5016 2864 5070 δέ
2909 5017 3011 5088 τὴν
3054 5019 3348 5090 ἐπιθυμίαν
3372 5021 3536 5074 αὑτοῦ
3567 5022 3781 5076 θέλουσι

2202 5107 2376 5157 ποιεῖν
2408 5107 2458 5159 οί
2481 5107 2582 5160 οὐκ
2621 5106 2795 5172 άλλως
2829 5107 2863 5178 ἦ
2903 5107 2981 5180 τῷ
3011 5107 3185 5164 θέλειν
3225 5109 3507 5181 φιλοῦντες
3527 5113 3586 5166 τὸ
3609 5115 3785 5186 ἀργύ-

2272 5377 2387 5444 (30)
2416 5379 2593 5453 codex
2624 5378 2971 5453 Bodleianus,
3013 5381 3303 5453 μαλακίαψ
3341 5380 3568 5450 Regius,
3607 5383 3782 5453 μαλα-

2199 5448 2578 5526 κότηταηδίοκ
2608 5464 2705 5526 pro
2733 5450 2834 5502 ούκ
2864 5448 3123 5526 ⁸εὐχερῶς
3168 5448 3452 5526 legendum
3488 5454 3548 5506 οὐ
3584 5448 3778 5526 δυσχε-

2199 5518 2330 5590 ρῶς,
2361 5520 2443 5590 vel
2475 5520 2701 5573 delenda
2739 5518 2999 5587 particula
3015 5518 3272 5588 'negativa
3299 5523 3422 5576 οὐκ.

2269 5587 2380 5662 (5i)
2403 5590 2593 5662 οἱονεί
2620 5590 2945 5662 καθολικοῦ
2966 5661 2971 5662 ν
2992 5587 3646 5662 τινος-παρισταμένου.
3672 5591 3779 5647 Pe-

2198 5659 2408 5714 rionius
2434 5660 2550 5714 [nec
2583 5661 2745 5714 verba
2777 5661 2858 5717 sic
2883 5661 3080 5728 reddit,
3129 5660 3196 5715 Ut
3233 5663 3279 5715 si
3326 5659 3622 5718 catliolicus
3674 5663 3780 5716 ali-

2197 5731 2314 5797 quis
2340 5730 2550 5786 doceret
2579 5731 2666 5798 de,
2700 5738 2807 5787 etc.
