4196 6368
396 302 500 359 ὂῖί

1463 302 1821 359 COMMENT.
1860 302 1923 355 IN
1956 296 2151 357 JOAN.
2179 300 2416 356 TOMUS
2447 281 2567 358 xx;

3544 287 3655 345 69.2

397 437 533 494 ρων.
562 419 760 491 Διόπερ
781 419 1076 488 ἀναγκαῖόν
1107 421 1253 473 ἐστιν
1280 419 1588 488 ἐφιστάνειν
1628 419 1773 489 ἡμᾶς
1811 419 1976 471 πᾶσιν

2084 414 2221 481 quod
2246 414 2414 481 ipsius
2447 413 2774 468 desiderium
2802 411 2984 465 facere
3016 407 3207 464 volunt
3239 406 3295 461 hi
3337 403 3428 475 qui
3454 419 3654 473 argen-

394 506 477 575 οῖς
500 511 726 582 θέλομεν
763 514 957 572 ποιεῖν,
989 510 1083 562 καὶ
1109 508 1405 574 ἐξετάζειν,
1436 512 1647 580 μήποτε
1687 509 1717 561 ὃ
1753 506 1978 579 θέλομεν

395 607 569 657 ποιεῖν
601 605 666 657 ἐκ
705 603 815 655 τῶν
861 600 954 655 τοῦ
980 600 1229 655 διαϐόλου
1259 601 1565 671 ἐπιθυμιῶν
1588 604 1765 654 ἐστιν·
1804 601 1891 655 ἵνα
1914 602 1979 653 ἐκ

392 696 487 748 τοῦ
513 693 912 766 τεθεωρηκέναι
950 692 1019 746 τὰ
1060 695 1125 746 ἐκ
1153 691 1262 745 τῶν
1287 692 1381 745 τοῦ
1400 692 1645 746 διαϐόλου
1675 692 1979 763 ἐπιθυμιῶν

396 786 732 858 παυσώμεθα
771 786 945 839 θέλειν
986 788 1161 838 ποιεῖν
1190 788 1396 849 ἐκεῖνα,
1440 785 1640 848 εἰδότες
1680 786 1857 837 πάντα
1889 784 1979 837 τὸν

395 878 619 933 θέλοντα
645 879 819 931 ποιεῖν
845 876 945 941 τὰς
967 876 1060 929 τοῦ
1092 876 1339 931 διαϐόλου
1366 878 1659 949 ἐπιθυμίας
1682 882 1747 932 ἐκ
1772 879 1981 951 πατρὸς

398 975 497 1046 μὲν
542 972 792 1045 οὐδαμῶς
836 967 976 1025 εἶναι
1016 969 1174 1033 Θεοῦ,
1205 970 1453 1024 διαϐόλου
1482 971 1539 1024 δέ
1574 971 1856 1040 γεγονέναι
1894 972 1983 1024 τέ-

396 1084 544 1130 κνον,
575 1066 668 1119 καὶ
700 1065 808 1118 ἀπὸ
839 1064 934 1117 τοῦ
982 1063 1156 1117 θέλειν
1198 1067 1370 1117 ποιεῖν
1406 1065 1506 1128 τὰς
1548 1064 1843 1136 ἐπιθυμίας
1885 1065 1980 1118 τοῦ

396 1161 640 1233 χείρονος
682 1157 889 1230 μορφού
898 1173 1080 1228 μενον,
1106 1158 1202 1211 καὶ
1229 1158 1347 1212 κατ’
1375 1157 1561 1212 εἰκόνα
1585 1155 1865 1228 γινόμενον
1887 1156 1980 1211 τοῦ

397 1251 639 1325 πονηροῦ
666 1252 896 1322 πατρὸς,
921 1250 1017 1318 ἀφ’
1043 1242 1103 1303 οῦ
1138 1248 1408 1321 ἔρχονται,
1434 1249 1528 1304 καί
1548 1250 1841 1304 τυποῦνται
1883 1252 1982 1322 μὲν

398 1344 607 1398 ἐκείνου
633 1342 745 1414 (52)
774 1340 868 1394 τοῦ
907 1338 1093 1410 χοϊκοῦ
1129 1342 1337 1405 εἰκόνες
1355 1359 1370 1372 ·
1410 1342 1625 1413 πρῶτος
1667 1341 1776 1414 γὰρ
1802 1342 1983 1413 χοϊκός

395 1433 605 1499 ἐκεῖνος
640 1433 721 1506 τῷ
767 1434 984 1505 πρῶτος
1028 1433 1446 1498 ἀποπεπτωκὼς
1486 1434 1594 1487 τῶν
1636 1437 1981 1505 κρειττόνων,

397 1528 496 1582 ’καὶ
535 1524 956 1597 ἐπιτεθυμηκώς
1000 1526 1195 1599 ἐτέρας
1227 1526 1378 1597 παρὰ
1405 1524 1499 1596 τὴν
1537 1525 1817 1597 κρείττονα
1840 1525 1984 1596 ζωῆς

398 1616 572 1688 ζωὴν,
615 1615 769 1681 ἄξιος
809 1615 1093 1684 γεγονέναι
1129 1615 1224 1669 τοῦ
1256 1615 1430 1688 ἀρχὴν
1476 1614 1638 1669 αὐτὸν
1681 1611 1820 1671 εἶναι
1850 1608 1983 1687 (55),

396 1708 524 1761 οὔτε
570 1707 902 1778 κτίσματος,
954 1706 1079 1761 οῦτε
1118 1709 1442 1780 ποιήματος,
1479 1707 1617 1761 ἀλλὰ
1667 1707 1985 1779 πλάσματος

398 1800 627 1874 Κυρίου,
650 1802 1018 1872 πεποιημένον
1042 1800 1539 1871 ἐγκαταπαίζεσθαι
1568 1801 1672 1854 ὑπὸ
1690 1802 1797 1856 τῶν
1817 1803 1983 1872 ἀγγέ-

400 1890 509 1947 λων
551 1893 739 1947 αὺτοῦ.
774 1893 887 1948 Καὶ
921 1892 1080 1965 ἡμῶν
1112 1893 1169 1947 δὲ
1207 1896 1240 1965 ἡ
1272 1896 1657 1966 προηγουμένη
1689 1896 1981 1960 ὑπόστασίς

402 1986 549 2039 ἐστιν
592 1988 649 2039 ἐν
680 1984 759 2056 τῷ
798 1985 916 2039 κατ’
952 1985 1135 2040 εἰκόνα
1175 1984 1270 2040 τοῦ
1309 1986 1624 2050 κτίσαντος·
1656 1986 1769 2059 ἡδὲ
1798 1987 1861 2052 ἐξ
1892 1990 1980 2042 αἰ-

401 2078 523 2141 τίας
551 2079 610 2131 ἐν
638 2077 717 2148 τῷ
749 2077 1008 2146 ληφθέντι
1031 2078 1139 2130 ἀπὸ
1171 2076 1264 2131 τοῦ
1290 2076 1387 2148 χοῦ
1409 2078 1509 2149 τῆς
1544 2078 1650 2149 γῆς
1672 2078 1978 2150 πλάσματι-

401 2170 496 2221 καὶ
524 2169 572 2220 εἰ
619 2167 738 2237 μὲν,
773 2165 963 2235 ῶσπερ
1002 2166 1380 2234 ἐπιλαθόμενοι
1408 2167 1507 2237 τῆς
1533 2166 1592 2218 ἐν
1635 2168 1766 2237 ἡμῖν
1796 2168 1982 2237 κρείτυ

400 2275 552 2321 τονος
585 2257 791 2321 οὐσίας,
834 2255 1193 2327 ὑποτάξωμεν
1238 2257 1463 2322 ἑαυτοὺς
1506 2257 1583 2328 τῷ
1614 2259 1721 2313 ἀπὸ
1760 2259 1853 2313 τοῦ
1883 2254 1980 2330 χοῦ

403 2349 703 2421 πλάσματι,
748 2350 842 2404 καὶ¹
880 2350 942 2405 τὸ
982 2353 1228 2423 κρεῖττον
1277 2351 1378 2422 τὴν
1428 2350 1612 2404 εἰκόνα
1662 2350 1756 2404 τοῦ
1797 2350 1981 2421 χοϊκοῦ

400 2437 662 2509 λήψεται·
696 2444 745 2495 εἰ
775 2442 854 2506 δὲ,
876 2443 1126 2506 συνέντες
1153 2442 1214 2495 τὸ
1241 2440 1465 2513 ποιηθὲν
1499 2444 1619 2496 κατ’
1644 2443 1831 2496 εἰκόνα
1848 2440 1982 2514 (54),

403 2534 498 2586 καὶ
521 2533 581 2587 τὸ
611 2533 814 2606 ληφθὲν
839 2534 948 2589 ἀπὸ
978 2534 1074 2588 τοῦ
1111 2533 1207 2605 χοῦ
1249 2535 1350 2606 τῆς
1388 2535 1512 2606 γῆς,
1541 2535 1653 2588 ὅλοι
1677 2534 1987 2606 προσνεύω-

402 2643 506 2697 μεν
530 2626 667 2697 πρὸς
686 2624 876 2680 τοῦτον
898 2627 1035 2698 (55),
1061 2622 1122 2682 οὗ
1151 2630 1275 2681 κατ’
1302 2627 1487 2681 εἰκόνα
1510 2626 1837 2697 γεγόναμεν,
1866 2628 1988 2681 ἐσό-

411 2716 549 2785 μεθα
593 2716 688 2770 καὶ
726 2716 850 2770 καθ’
874 2717 1132 2789 ὁμοίωσιν
1157 2714 1315 2782 Θεοῦ,
1342 2719 1522 2772 πᾶσαν
1549 2717 1649 2788 τὴν
1679 2717 1815 2789 πρὸς
1853 2716 1987 2788 ὓλην

404 2806 500 2860 καὶ
536 2805 763 2877 σώματα
809 2806 1209 2878 προσπάθειαν,
1257 2808 1351 2861 καὶ
1396 2807 1495 2878 τὴν
1539 2806 1679 2877 πρός
1720 2823 1841 2859 τινα
1878 2805 1987 2860 τῶν

404 2897 529 2952 καθ’
568 2886 829 2968 ὁμοίωσιν
869 2898 1282 2967 ἀπολείψαντες.
1341 2899 1493 2952 Ἐπεὶ
1540 2897 1596 2951 δέ
1640 2897 1783 2952 κατά
1836 2897 1988 2960 θείας

401 2984 679 3059 Γραφὰςὴ
707 2987 970 3060 ἐπιθυμία
990 2988 1100 3060 (56)
1122 2989 1233 3043 τῶν
1262 2989 1443 3060 μέσων
1468 2990 1636 3052 ἐστὶν,
1663 2988 1763 3042 οὐκ
1784 2987 1986 3051 εἰδυίας

404 3077 503 3150 τὴν
558 3080 877 3152 Ἑλληνικὴν
913 3081 1024 3134 τῶν
1066 3079 1506 3152 σημαινομένων·
1534 3078 1689 3152 παρὰ
1744 3081 1858 3142 τοῖς
1915 3079 1984 3133 τὰ
2014 3103 2059 3161 c

404 3170 629 3226 τοιαῦτα
669 3172 1017 3245 διαρθροῦσιν
1076 3172 1384 3245 ἀκρίϐειαν,
1437 3172 1512 3237 ὣς
1554 3172 1604 3224 τ’
1650 3171 1716 3226 ἂν
1768 3171 1831 3225 τὸ
1890 3173 1986 3243 μὲν

408 3257 629 3316 ἀστεῖον
653 3261 905 3334 βούλησιν
931 3263 1198 3334 ὀνομάσαι
1221 3263 1356 3336 (57),
1381 3265 1449 3335 ἢν
1480 3264 1749 3336 ὁρίζονται
1771 3262 1988 3333 εὔλογον

403 3354 618 3427 ὄρεξιν·
648 3354 709 3408 τὺ
744 3355 803 3409 δὲ
840 3355 1041 3424 φαῦλον
1076 3357 1393 3427 ἐπιθυμίαν,
1416 3356 1483 3427 ἦν
1506 3374 1669 3425 φασιν
1692 3355 1809 3428 (⁵58)
1848 3352 1989 3409 εἶναι

407 3444 599 3515 ἄλογον
624 3446 881 3520 δρεξιν,ἢ
920 3446 1157 3519 σφοδρὰν
1200 3446 1401 3520 ὄρεξιν,
1437 3447 1677 3514 λεκτέον,
1719 3448 1803 3501 ὅτι
1840 3448 1991 3501 πᾶσα

405 3539 640 3610 γεννητὴ
664 3538 824 3608 φύσις
851 3539 950 3605 τὰς
975 3540 1271 3612 ἐπιθυμίας
1309 3538 1405 3593 τοῦ
1444 3538 1573 3594 ἰδίου
1610 3537 1819 3610 πατρὸς
1846 3540 1988 3593 θέλει

406 3636 578 3686 ποιεῖν
596 3650 610 3663 ·
644 3632 834 3704 ῶσπερ
871 3634 965 3687 καὶ
989 3636 1140 3686 πᾶσα
1162 3635 1306 3686 ποιεῖ
1326 3632 1396 3685 τὰ
1427 3632 1563 3704 ἔργα
1591 3629 1686 3685 τοῦ
1727 3632 1860 3686 ἰδίου
1885 3650 1992 3685 πα-

405 3724 555 3795 τρὸς,
586 3725 679 3778 τοῦ
719 3726 817 3796 μὲν
851 3724 1083 3796 πρώτως
1111 3723 1221 3795 (39)
1253 3724 1408 3792 ἁγίου
1449 3724 1664 3796 Πατρὸς
1692 3723 1988 3794 ἁγεννήτου

403 3817 788 3886 τυγχάνοντοςο
819 3812 973 3880 οὗτος
1009 3817 1066 3870 δέ
1104 3818 1251 3870 ἐστιν
1281 3818 1310 3871 ὁ
1336 3816 1467 3880 Θεός
1484 3833 1511 3855 ·-
1534 3814 1629 3869 τοῦ
1671 3814 1727 3869 δέ
1758 3812 1990 3886 πρώτως

406 3906 645 3977 πονηροῦ
680 3907 906 3980 πατρὸς,
941 3906 1001 3972 ἐξ
1038 3898 1252 3971 οὐδενὸς
1279 3908 1432 3971 ὄντος
1458 3907 1694 3979 πατρός·
1725 3906 1846 3959 οὐδὲ
1879 3906 1989 3975 γὰρ

408 3995 683 4067 ῦπέστησὲ
724 4017 808 4062 τις
841 4000 900 4053 ἐν
943 3995 1092 4069 αὐτῷ
1138 3999 1322 4070 πατὴρ
1357 3997 1457 4069 τὴν
1496 3997 1781 4069 πονηρίαν,
1815 3996 1929 4050 ἀλλ’
1954 3998 1988 4065 ἡ

407 4086 514 4142 ἀπὸ
543 4090 676 4143 Θεοῦ
703 4087 943 4164 ἐκτροπὴ
971 4091 1299 4161 γεγέννηκεν
1328 4090 1517 4162 αὐτήν.
1548 4090 1622 4143 Τὸ
1650 4089 1750 4161 μὲν
1773 4084 1867 4143 οῦν
1892 4088 1988 4142 νῦν

408 4180 790 4253 ἐξεταζόμενον
815 4180 957 4237 κατὰ
989 4182 1082 4235 τό’
1114 4182 1225 4237 Καὶ
1256 4184 1363 4248 τὰς
1388 4182 1706 4251 ἐπιθυμίας
1729 4180 1837 4235 τοῦ
1871 4197 1987 4235 πα-

406 4274 545 4341 τρὸς
583 4275 753 4345 ὑμῶν
782 4275 985 4331 θέλετε
1017 4275 1231 4339 ποιεῖν,
1280 4271 1489 4344 σαφῶς,
1523 4274 1606 4328 ὅτι
1652 4271 1987 4345 ἀναφέρεται

409 4364 542 4435 πρὸς
569 4365 660 4419 τὸν
689 4364 954 4430 διάϐολον,
983 4364 1380 4439 προειρημένου
1399 4364 1494 4419 τοῦ
1512 4382 1526 4396 ⁸
1561 4365 1758 4434 ’Υμεῖς
1783 4365 1853 4419 ἐκ
1879 4360 1988 4419 τοῦ

2081 514 2196 557 tum
2232 520 2337 558 non
2365 505 2522 558 aliter
2552 519 2712 571 quam
2736 501 2895 572 335
2919 500 3195 554 voluntate
3225 503 3429 549 amant.
3452 494 3652 562 Quam-

2076 594 2263 650 obrem
2311 596 2494 650 omnia
2537 609 2657 662 qua:
2697 593 2870 646 acturi
2901 604 3109 652 sumus,
3135 586 3482 657 inspiciamus
3501 599 3652 652 opor-

2081 697 2156 742 tet
2187 698 2244 743 et
2275 687 2676 754 examinemus,
2707 699 2775 740 ne
2804 686 2945 739 forte
2973 683 3121 753 quod
3160 678 3343 735 facere
3382 679 3652 739 volumus,

2080 781 2150 835 sit
2174 795 2243 834 ex
2293 779 2576 834 desideriis
2612 774 2812 833 diaboli
2840 795 2852 830 :
2881 785 2940 831 ut
2972 791 3093 827 cum
3128 768 3422 827 viderimus
3456 766 3656 824 diaboli

2081 874 2374 936 desideria,
2405 873 2721 927 desinamus
2749 870 2886 925 velle
2918 884 2981 922 ea
3012 868 3212 929 facere,
3259 862 3492 917 scientes
3539 875 3657 912 om-

2081 981 2205 1020 nem
2236 967 2329 1036 qui
2360 962 2567 1020 diaboli
2614 962 2885 1017 desideria
2944 961 3127 1014 iacere
3160 954 3412 1019 voluerit,
3448 968 3515 1008 ex
3546 954 3656 1006 Dco

2080 1061 2243 1115 Patre
2270 1060 2689 1128 haudquaquam
2720 1069 2840 1111 esse
2869 1069 3053 1125 posse,
3087 1052 3180 1107 sed
3235 1048 3439 1104 factum
3490 1046 3654 1101 fuisse

2082 1150 2283 1207 diaboli
2318 1150 2508 1213 ﬁlium,
2536 1158 2700 1218 atque
2720 1148 2885 1203 etiam
2916 1144 3208 1201 formatum
3241 1150 3297 1196 et
3344 1139 3544 1194 factum
3588 1137 3655 1190 ad

2083 1243 2372 1313 imaginem
2407 1240 2531 1295 mali
2561 1239 2753 1310 patris,
2775 1252 2843 1293 eo
2872 1236 3015 1306 quod
3046 1234 3174 1289 velit
3203 1232 3406 1302 pejoris
3442 1226 3658 1284 deside-

2085 1335 2164 1387 ria
2201 1332 2405 1396 facere,
2434 1347 2465 1385 ιι
2491 1345 2600 1399 quo
2634 1326 3054 1399 proﬁciscuntur
3092 1324 3506 1390 formanturque
3542 1324 3654 1372 ler-

2087 1426 2279 1481 restris
2308 1424 2454 1479 illius
2483 1421 2751 1490 imagines
2781 1437 2795 1474 :
2826 1418 3037 1488 primus
3068 1417 3214 1470 enim
3252 1424 3507 1468 terrenus
3540 1406 3655 1472 ille.

2084 1531 2152 1571 eo
2177 1515 2318 1585 quod
2345 1514 2555 1585 primus
2583 1512 2838 1582 delapsus
2871 1508 3036 1563 fuerit
3058 1521 3087 1561 a
3128 1505 3289 1560 rebus
3316 1499 3655 1567 melioribus,

2086 1621 2137 1665 et
2167 1608 2558 1664 desideraverit
2589 1606 2818 1660 alteram
2845 1602 3014 1655 vitam
3061 1609 3260 1671 praeter
3302 1598 3468 1651 vitam
3520 1609 3660 1665 prae-

2088 1701 2431 1763 stantiorem,
2459 1696 2655 1766 dignus
2683 1693 2861 1748 factus
2890 1688 2992 1744 fuit
3011 1699 3070 1745 ut
3090 1698 3234 1744 esset
3265 1686 3592 1757 principium
3608 1681 3660 1717 ³⁸

2087 1810 2192 1849 non
2224 1793 2510 1857 Oreaturae,
2535 1802 2640 1843 non
2669 1784 2874 1856 operis,
2900 1782 2992 1838 sed
3016 1778 3258 1851 ﬁgmenti
3279 1774 3514 1841 Domini,
3541 1775 3659 1830 fac-

2083 1899 2171 1943 tus
2198 1893 2259 1940 ut
2280 1883 2597 1939 illuderetur
2629 1878 2698 1933 ab
2726 1875 2938 1948 angelis
2967 1873 3106 1944 ejus.
3140 1868 3336 1927 Nostra
3358 1882 3487 1924 vero
3512 1868 3660 1936 prin-

2079 1974 2269 2045 cipalis
2298 1970 2603 2027 substantia
2636 1968 2689 2023 in
2713 1983 2775 2021 ea
2806 1974 2960 2035 parte
2988 1972 3094 2029 est,
3118 1977 3241 2031 quae
3288 1961 3355 2014 ad
3402 1958 3657 2015 similitu-

2079 2070 2263 2124 dinem
2292 2077 2376 2122 cst
2415 2062 2727 2126 Creatoris;
2755 2059 2922 2114 altera
2964 2068 3099 2111 vero‘
3147 2070 3213 2110 ex
3263 2052 3418 2124 culpa
3469 2051 3522 2105 in
3559 2051 3658 2119 lig-

2084 2170 2290 2225 mento,
2323 2160 2469 2230 quod
2509 2173 2539 2211 e
2572 2155 2794 2226 pulvere
2830 2161 2991 2205 terra:
3017 2159 3101 2204 est
3132 2156 3429 2217 sumptum.
3481 2142 3660 2211 Atque

2084 2250 2334 2322 equidem
2366 2250 2409 2304 si
2441 2246 2595 2303 obliti
2624 2244 2789 2301 veluti
2823 2241 3141 2300 substantia:
3168 2238 3429 2301 melioris,
3456 2248 3577 2306 quae
3604 2235 3657 2287 in

2086 2344 2244 2398 nobis
2266 2350 2375 2406 est,
2398 2339 2446 2395 ei
2484 2340 2742 2409 ﬁgmento
2761 2336 2907 2407 quod
2941 2342 3026 2390 est
3048 2345 3081 2386 e
3106 2330 3350 2402 pulvere,
3397 2325 3659 2383 subdide-

2085 2437 2256 2491 rimns
2281 2447 2379 2489 nos
2413 2433 2582 2502 ipsos,
2622 2443 2753 2499 pars
2780 2428 2946 2483 etiam
2978 2421 3320 2495 praestantior
3366 2417 3658 2487 imaginem

2088 2526 2290 2582 terreni
2315 2531 2528 2587 sumet;
2559 2522 2642 2576 sin
2681 2536 2813 2576 vero
2855 2516 3224 2586 intelligentes
3265 2510 3406 2581 quod
3454 2506 3657 2565 factum

2086 2628 2171 2675 est
2198 2618 2265 2672 ad
2307 2616 2625 2682 imaginem,
2654 2620 2710 2667 et
2733 2609 2879 2681 quod
2923 2615 3198 2674 sumptum
3245 2613 3392 2658 este
3434 2600 3663 2670 pulvere

2090 2702 2731 2776 teme,inclinaverimus
2761 2701 2828 2756 ad
2881 2703 3023 2755 hunc
3065 2696 3132 2752 ad
3172 2695 3326 2764 cujus
3368 2692 3681 2762 imaginem'

2089 2801 2219 2857 facti
2271 2814 2481 2863 sumus,
2532 2796 2736 2849 erimus
2769 2793 2930 2849 etiam
2959 2791 3026 2845 ad
3055 2787 3466 2845 similitudinem
3515 2786 3606 2839 Dei
3642 2803 3658 2847 ;

2087 2890 2237 2945 omni
2292 2889 2576 2944 affectione
2623 2900 2749 2955 erga
2807 2883 3089 2937 materiam
3139 2890 3193 2935 et
3242 2894 3370 2947 erga
3410 2892 3659 2947 corpora,

2093 2993 2254 3054 atque
2282 2981 2445 3036 etiam
2476 2992 2608 3049 erga
2631 2976 2866 3045 aliquem
2893 2988 3081 3029 eorum
3116 2971 3204 3040 qni
3246 2978 3370 3024 sunt
3398 2969 3464 3021 ad
3507 2968 3628 3022 simi
3649 2995 3663 3005 -

2091 3074 2402 3136 litudinem,
2430 3069 2652 3125 abolita.
2688 3066 2955 3134 Quoniam
3001 3074 3179 3118 autem
3230 3058 3493 3132 ἐπιθυμία
3537 3058 3666 3133 [hoc

2090 3179 2175 3223 est
2209 3156 2562 3232 desiderium]
2616 3158 2933 3215 indiderens
2965 3167 3050 3212 est
3090 3157 3141 3209 in
3178 3154 3479 3223 Scripturis
3523 3151 3664 3206 divi-

2091 3261 2196 3323 nis,
2228 3274 2335 3314 non
2368 3253 2794 3326 agnoscentibus
2824 3256 3133 3306 accuratam
3161 3246 3546 3302 vocabulorum
3589 3243 3664 3297 si-

2091 3350 2494 3423 gniﬁcationem
2526 3364 2558 3403 a
2591 3348 2868 3418 gentibus,
2900 3345 2991 3414 qui
3016 3340 3302 3411 diligenter
3332 3338 3662 3399 disseruere,

2095 3443 2368 3509 traditam,
2421 3443 2514 3511 qui
2574 3440 2637 3495 τὸ
2680 3438 2892 3494 ἀστεῖον
2927 3434 3074 3509 {hoc
3126 3442 3240 3495 est,
3306 3429 3447 3498 quod
3507 3428 3666 3481 indu-

2091 3535 2305 3598 strium,
2344 3534 2757 3602 studiosumque
2786 3526 2893 3601 est]
2918 3527 3195 3582 nominent
3227 3520 3473 3593 βούλημα
3533 3518 3662 3590 [hoc

2091 3638 2174 3681 est
2203 3622 2585 3697 voluntatem],
2613 3638 2734 3679 eam
2758 3621 3084 3676 deﬁnientes
3112 3616 3410 3686 appetitum
3463 3612 3618 3667 ratio:
3644 3607 3659 3660 i

2090 3729 2553 3781 consentaneum;
2596 3714 2741 3784 quod
2803 3724 2935 3766 vero
2980 3707 3181 3762 malum
3243 3714 3348 3769 est,
3400 3699 3659 3769 ἐπιθυμία

2093 3810 2221 3881 [hoc
2251 3818 2334 3863 est
2356 3802 2737 3875 desiderium,]
2762 3802 2905 3872 quod
2930 3800 3124 3856 dicunt
3154 3810 3274 3852 esse
3303 3794 3598 3862 appetitum
3628 3807 3663 3881 ιι

2092 3880 2309 3955 ratione
2355 3898 2617 3959 alienum,
2648 3895 2736 3950 vel
2778 3895 3155 3948 vehementem
3199 3886 3533 3956 appetitum;
3584 3880 3667 3935 di-

2090 3994 2321 4049 cendum
2350 4000 2436 4045 est
2463 4003 2679 4043 omnem
2713 3997 2963 4040 naturam
2990 3980 3226 4053 genitam
3260 3974 3529 4033 desideria
3566 3987 3663 4041 pa-

2091 4088 2192 4140 tris
2227 4083 2310 4139 sui
2344 4081 2482 4137 velle
2524 4079 2746 4134 facere:
2797 4071 3254 4145 quemadmodum
3285 4068 3448 4123 etiam
3488 4063 3668 4119 omnis

2091 4191 2285 4234 natura
2333 4177 2462 4232 facit
2503 4188 2666 4243 opera
2703 4171 2873 4241 patris
2910 4167 3018 4232 sui,
3050 4166 3104 4219 in
3131 4161 3324 4233 primis
3352 4159 3571 4230 quidem
3600 4156 3666 4209 il-

2092 4270 2196 4327 lius
2208 4268 2388 4326 Patris
2411 4266 2608 4331 sancti,
2644 4262 2872 4334 ingeniti
2889 4257 3232 4323 exsistcntis,
3254 4255 3344 4322 qui
3372 4263 3456 4308 est
3485 4251 3661 4314 Deus;

2093 4367 2242 4422 illius
2275 4377 2406 4419 vero
2441 4362 2495 4416 in
2531 4359 2724 4431 primis
2756 4355 2884 4410 mali
2917 4353 3109 4423 patris,
3137 4348 3302 4420 336
3328 4345 3419 4416 qui
3449 4359 3515 4398 ex
3546 4343 3665 4397 nul-

407 4455 632 4523 πατρὸς
660 4458 766 4511 τοῦ
795 4436 1076 4512 διαϐόλου
1106 4436 1268 4521 ἐστὲ,
1302 4457 1399 4511 καὶ
1427 4455 1824 4527 ἐπιφερομένου
1852 4456 1948 4510 τοῦ
1967 4473 1980 4486 ·

2092 4458 2144 4512 lo
2181 4467 2265 4511 est
2301 4465 2476 4525 patre,
2510 4452 2712 4522 quippe
2758 4450 2813 4503 in
2867 4460 2974 4515 quo
3002 4442 3183 4498 nullus
3211 4450 3366 4512 pater
3397 4436 3665 4502 eﬁ'ecerit,

420 4546 682 4611 Ἐκεῖνος
699 4549 1191 4617 ἀνθρωποκτόνος
1222 4545 1303 4618 ἦν
1334 4533 1435 4603 ἀπ’
1471 4547 1684 4617 ἀρχῆς.
1713 4549 1825 4601 Καὶ
1850 4548 1986 4619 πρὸς

2090 4556 2150 4604 ιιι
2199 4546 2525 4603 subsisteret
2548 4542 2812 4609 pravitas,
2847 4537 2943 4593 sed
2972 4534 3191 4589 aversio
3213 4546 3241 4585 a
3272 4531 3383 4586 Deo
3412 4527 3665 4599 genuerit

407 4639 636 4694 ἕκαστον
663 4640 773 4694 οὐδ’
806 4639 874 4695 ἂν
907 4642 966 4695 οὐ
998 4642 1157 4712 μόνον
1193 4638 1302 4695 τῶν
1340 4643 1405 4695 ἐκ
1427 4640 1522 4695 τοῦ
1548 4639 1816 4704 διαϐόλου,
1851 4641 1986 4695 ἀλλὰ

2088 4658 2232 4698 eam.
2263 4638 2420 4707 Quod
2466 4636 2634 4705 igitur
2663 4649 2807 4688 nunc
2860 4629 3226 4685 examinatum
3267 4639 3298 4677 a
3345 4621 3501 4676 nobis
3554 4627 3661 4681 est,

409 4730 502 4783 καὶ
532 4731 642 4785 τῶν
670 4733 735 4785 ἐκ
758 4733 850 4786 τοῦ
877 4710 1033 4797 Θεοῦ,
1075 4732 1243 4801 ὑγιῶς
1271 4731 1484 4803 λεχθείη
1515 4730 1604 4785 τό·
1637 4731 1754 4797 Τὰς
1785 4729 1986 4786 ἐπιθυ-

2089 4747 2326 4800 nempe:
2369 4729 2436 4783 Et
2477 4724 2741 4781 desideria
2777 4724 2948 4790 patris
2994 4719 3152 4775 vestri
3184 4714 3344 4770 vultis
3392 4714 3563 4782 facere
3592 4710 3661 4772 “.

401 4821 547 4890 μίας
589 4821 696 4877 τοῦ
741 4824 966 4892 πατρὸς
1001 4822 1169 4893 ὑμῶν
1215 4801 1419 4879 θέλετε
1469 4801 1681 4878 ποιεῖν.
1724 4822 1986 4890 Λέγονται

2089 4821 2433 4894 perspicuum
2462 4827 2548 4874 est
2579 4817 2648 4871 ad
2677 4814 2949 4871 diabolum
2993 4810 3209 4872 referri,
3256 4820 3382 4862 cum
3411 4801 3664 4872 superius

513 4959 562 4993 ³³
588 4958 689 5015 Job
710 4978 801 5025 xc,
821 4962 909 5016 M.
985 4962 1030 4994 “
1045 4961 1198 5019 Joan.
1227 4977 1347 5021 vm.
1377 4961 1466 5016 44.

480 5069 599 5151 ('52),
620 5070 799 5151 (.lodex
824 5070 1050 5142 Regius,
1077 5070 1372 5124 τυποῦνται
1391 5069 1440 5122 οἱ
1463 5069 1695 5132 ἐκείνου,
1723 5068 1975 5124 Bodleia-

408 5157 510 5196 ιιιιε
549 5150 604 5193 Ill
634 5150 684 5192 ill
712 5151 885 5196 ιεκιιι.
1392 5158 1397 5163 ’

480 5210 590 5279 (3⁸η)
622 5211 769 5264 Idem
810 5211 979 5264 codex
1012 5210 1235 5272 Regius,
1271 5204 1617 5279 abzoﬁeivat.

478 5258 590 5345 2345
785 5258 1399 5349 χᾎίλὲὸῖῐῖζιτῖέιὶὲἐαξῖέί
1415 5258 1528 5340 ‘62:;
1545 5258 1873 5349 "sume,
1914 5277 1984 5331 τὸ

2086 5258 2187 5330 lib‘.
2220 5258 2278 5326 ιιί
2311 5291 2325 5327 :
2366 5258 2546 5324 Alter}:
2564 5258 2851 5349 cupiditas,
2898 5281 3015 5336 qua?
3049 5275 3182 5349 recte
3220 5260 3327 5342 υεί.
3351 5258 3514 5349 liuida
3552 5258 3660 5338 diu:

408 5328 656 5417 πδιηόὲν
685 5328 821 5403 σιαέ
844 5328 1666 5404 anagniae"aestuosum;-'
1691 5328 1743 5402 in
1770 5328 1984 5403 suam};

2090 5328 2278 5412 potest,
2307 5356 2422 5417 qum
2448 5350 2525 5417 est
2558 5328 2921 5417 immoderata
2946 5333 3204 5417 appetitio.
3243 5328 3444 5417 opinag
3478 5329 3658 5395 magni

410 5422 509 5473 bus
532 5393 712 5488 'Regio
746 5430 803 5475 et
826 5420 1147 5473 Barltei-ino.
1309 5485 1318 5488 _
1577 5484 1585 5488 _
1693 5486 1702 5488 ξ
1906 5393 1933 5403 ⁷
2091 5393 2590 5488 ἶιοιῖἱξῖνᾶιιὶοιεὶ-ιιοη
2618 5393 3355 5488 obgmpergusELaer’tius;in
3394 5393 3606 5449 Zenone
3638 5410 3659 5449 :

482 5467 806 5559 ζἐἑξῐὲὂὶιέὲ
826 5467 1476 5559 Ῑίεέίἶιεξξτροσνεῦωμεν
1508 5484 1607 5559 ἐπὶ,
1622 5486 1832 5540 τοῦτον.

2102 5467 2478 5559 Ἐπιθυμίαδέ
2501 5478 2646 5559 ἐστιν
2660 5467 2859 5556 ,ἄλογος
2883 5472 3089 5559 δρεξις·
3151 5467 3428 5559 cupiditas
3478 5474 3655 5520 autem

1094 5539 1162 5626 ἦν
1195 5539 1482 5626 ἐπιθυμία,
1508 5539 1668 5611 male.
1699 5539 1707 5540 ί
1794 5539 1826 5540 ἡ
1933 5625 1940 5626 7

2088 5563 2161 5607 est
2181 5539 2449 5626 _app'e_tili.o
2474 5546 2669 5626 rationi
2703 5539 2805 5626 non
2827 5539 3177 5626 coiecit-tiens.
3205 5539 3280 5626 lu.

480 5601 594 5697 (‘37),
621 5601 944 5697 3025171017?
989 5601 1302 5696 ὀνῖοράσαι,
1335 5601 1874 5697 ῆιὲξείίίῗῖεετιῑιιε
1924 5625 1980 5675 in

2090 5601 2282 5689 "13%5)’
2299 5601 2564 5697 ηρὼεως-
2590 5617 2644 5669 ιτ»
2674 5612 2864 5697 cadiae.
2890 5601 3658 5697 ﬁssisPis.Et..l¥ff?.-§£':‘:

412 5672 614 5753 Zenonis
642 5703 709 5753 de
740 5672 939 5754 Stoicis
970 5672 1195 5766 Ιοιιιιῖέιιε
1251 5672 1397 5766 ε’Τῆ
1418 5672 1499 5747 ⁷δΞξ
1530 5672 1979 5766 επιόυῇιᾷἒῖμανὲ

2084 5672 2321 5766 [nimiost
2343 5672 2584 5758 πρῶτος,
2613 5683 2769 5739 male.
2797 5672 2999 5736 Ibidem
3011 5693 3109 5748 pro
3139 5673 3434 5744 ἁγεννήτου
3461 5672 3660 5743 legitur

411 5769 526 5822 τίαν
553 5772 716 5840 φασιν
742 5766 880 5825 εἶναι
906 5769 1005 5839 τὴν
1036 5762 1308 5839 βούλησιν,
1340 5762 1503 5822 οὖσαν
1529 5762 1747 5833 εὔλογον
1770 5762 1974 5835 δρεξιν·
2084 5762 2367 5829 ἀγενήτου.

2082 5064 2372 5129 Cupiditati
2407 5071 2582 5115 autem
2611 5059 2933 5113 contrariam
2965 5072 3073 5111 esse
3101 5054 3282 5129 dicunt
3320 5050 3658 5112 voluntatem,

2083 5121 2200 5207 (jure
2222 5131 2583 5207 exigitpelitiq
2607 5129 2801 5207 rationi
2834 5121 3499 5207 consentaneaz‘llumlurg.

2156 5187 2270 5274 (58)
2312 5187 2658 5274 Ἐπιθυμίαν
2796 5212 3007 5266 φασιν.
3041 5206 3145 5247 etc.
3195 5192 3410 5274 Cicero.
3433 5187 3654 5274 ᾒιιείνείἶ
