4196 6406
532 328 641 388 69.3

1958 325 2284 384 ORIGENIS

3700 338 3809 393 6’26

529 453 733 506 dictum
759 451 831 506 sit
855 468 867 503 :
911 442 1015 505 Vos
1040 466 1105 505 ex
1126 459 1274 518 patre
1300 447 1515 502 diabolo
1555 450 1705 514 estis.
1740 457 1794 502 et
1820 449 2116 518 subjunga-

2219 449 2328 521 γάρ
2362 468 2507 515 τινες
2553 450 2695 505 εἶναι
2729 453 2824 506 καὶ
2864 452 3001 507 Θεοῦ
3042 451 3353 525 ἐπιθυμίαι,
3393 453 3812 527 ὀνομαζομένων

530 557 617 599 tur
637 564 651 601 :
685 544 786 599 Ille
802 545 1067 598 homicida
1086 537 1199 597 e'rat
1220 545 1286 596 ab
1303 543 1480 596 initio.
1501 544 1640 609 Quin
1659 543 1828 597 etiam
1847 542 1913 596 ad
1933 557 2121 595 unum-

526 652 826 709 quemque,
854 638 971 693 sive
1013 637 1059 690 is
1103 635 1269 691 fuerit
1315 651 1381 691 ex
1429 634 1669 698 diabolo,
1708 634 1821 689 sive
1861 649 1926 687 ex
1986 633 2115 698 Deo,

527 738 680 783 recte
709 729 959 783 dicetur:
993 726 1266 782 Desideria
1303 730 1473 799 patris
1523 729 1681 781 vestri
1724 726 1878 781 vultis
1918 725 2117 789 facere.

526 820 798 875 Dicuntur
828 820 972 875 enim
998 819 1164 874 etiam
1202 818 1295 873 Dei
1345 821 1594 889 quredam
1646 834 1769 874 esse
1818 817 2115 884 desideria,

527 914 635 969 isto
684 915 846 969 modo
878 913 959 968 sic
991 912 1155 968 dictis
1196 911 1569 967 voluntatibus
1612 912 1822 981 ipsius;
1876 910 2022 964 unde
2064 911 2116 963 in

532 1008 746 1063 decimo
792 1016 986 1063 octavo
1031 1006 1240 1077 psalmo
1265 1006 1312 1039 "
1354 1007 1556 1060 dictum
1595 1017 1722 1061 est:
1753 1005 1968 1059 Judicia
2006 1004 2117 1057 Do-

527 1102 658 1157 mini
691 1118 836 1165 vera,
868 1100 1169 1170 justiﬁcata
1231 1100 1288 1154 in
1349 1100 1611 1168 idipsum;
1665 1096 1927 1152 desideria
1963 1111 2121 1165 super

529 1209 721 1247 aurum
756 1202 807 1246 et
838 1193 1064 1263 lapidem
1094 1192 1380 1261 pretiosum
1405 1191 1657 1245 multum.
1693 1190 1846 1257 Quod
1874 1189 1917 1244 si
1946 1189 2116 1253 legas,

529 1285 902 1339 desiderabilia
924 1300 1082 1353 super
1118 1298 1308 1337 aurum
1334 1290 1385 1337 et
1417 1283 1643 1353 lapidem
1664 1283 1950 1349 pretiosum
1981 1283 2121 1335 mul-

531 1387 665 1439 tum,
696 1385 753 1429 ut
794 1376 1042 1443 quaedam
1078 1373 1282 1427 habent
1308 1373 1667 1441 exemplaria,
1705 1375 1853 1427 dices
1902 1372 2118 1427 deside-

530 1449 722 1523 rabilia
756 1467 919 1534 digna
942 1482 1063 1522 esse
1088 1474 1147 1519 ut
1174 1465 1378 1535 aliquis
1401 1465 1672 1519 desideret
1699 1481 1797 1531 ea;
1831 1466 1973 1520 sicut
2002 1464 2117 1518 lau-

531 1561 752 1625 dabilia,
788 1571 848 1613 ut
878 1559 1204 1622 laudentur;
1249 1566 1305 1611 et
1336 1557 1647 1627 diligibilia,
1694 1567 1752 1611 ut
1795 1557 2113 1626 diligantur.

533 1652 603 1710 Ut
632 1653 798 1721 igitur
827 1650 1118 1707 benedicta
1158 1649 1330 1721 magis
1374 1664 1404 1703 a
1445 1649 1557 1704 Deo
1603 1650 2019 1714 benedicuntur,
2061 1658 2119 1704 et

530 1743 818 1815 diligibilia
871 1744 1045 1815 magis
1075 1757 1105 1797 a
1142 1743 1257 1797 Deo
1286 1742 1611 1812 diliguntur,
1641 1741 1722 1796 sic
1750 1742 1916 1796 etiam
1970 1743 2116 1797 desi-

528 1836 794 1893 derabilia
841 1835 1228 1890 rationabilius
1260 1833 1431 1887 multo
1475 1847 1506 1887 a
1561 1832 1671 1888 Deo
1706 1833 2113 1900 desiderantur,
2148 1819 2190 1875 Β

528 1930 835 1997 catulidius,
863 1940 915 1985 et
940 1929 993 1983 in
1020 1930 1239 1993 bonam,
1264 1937 1323 1981 ut
1345 1927 1580 1982 diximus
1609 1928 1882 1997 superius,
1908 1937 2116 1998 partem

528 2024 863 2095 accipientes
909 2023 1213 2095 ἐπιθυμίαν
1280 2021 1417 2096 [hoc
1482 2032 1569 2078 est
1600 2022 1992 2097 desiderium,]
2035 2024 2122 2079 di-

528 2127 687 2172 cente
737 2117 904 2171 etiam
962 2116 1299 2170 Servatore:
1352 2114 1630 2169 Desiderio
1673 2116 1968 2169 desideravi
2018 2115 2117 2170 hoc

530 2205 742 2261 Pascha
790 2206 1118 2260 manducare
1159 2205 1450 2272 vobiscum,
1498 2214 1782 2275 antequam
1821 2206 2003 2274 patiar
2046 2206 2113 2263 ⁸⁸.

529 2297 683 2364 Quod
710 2311 840 2351 vero
863 2298 1027 2351 etiam
1062 2297 1114 2350 in
1146 2296 1342 2351 malam
1375 2307 1587 2367 partem
1625 2308 1876 2352 sumatur
1905 2299 2116 2355 deside-

531 2389 693 2452 rium,
723 2387 940 2442 etiamsi
980 2389 1235 2444 sullicere
1287 2396 1469 2458 potest
1514 2403 1758 2458 praesens
1800 2401 2115 2455 contextus,

528 2494 689 2551 quem
723 2496 869 2537 nunc
898 2490 1222 2548 tractamus,
1249 2482 1606 2539 nihilominus
1632 2492 1812 2539 tamen
1841 2484 1930 2540 ille
1950 2487 2113 2541 etiam

530 2571 810 2627 addendus
839 2580 954 2626 est:
991 2571 1097 2639 Qui
1138 2574 1426 2641 inspexerit
1467 2572 1743 2628 mulierem
1785 2576 1855 2629 ad
1905 2579 2117 2631 deside-

529 2662 759 2716 randum
799 2678 939 2728 eam,
964 2662 1082 2732 jam
1112 2663 1438 2718 adulterium
1467 2665 1521 2717 in
1568 2665 1728 2719 corde
1761 2682 1860 2721 suo
1893 2683 2015 2721 cum
2053 2685 2115 2723 ea

529 2754 786 2808 commisit
811 2754 883 2809 ".
923 2752 1097 2811 Porro
1127 2755 1219 2826 qui
1271 2757 1569 2823 desiderat,
1619 2772 1727 2813 non
1784 2761 2010 2815 omnino
2063 2762 2117 2815 id

528 2848 672 2920 quod
693 2849 849 2904 abest
866 2850 1158 2917 desiderat,
1183 2850 1641 2920 quemadmodum
1671 2868 1847 2923 neque
1867 2853 2115 2924 quivult,

529 2947 577 3001 is
604 2945 827 3001 Omnino
852 2946 1097 3001 absentia
1129 2945 1263 3001 vult.
1293 2945 1406 3002 Hoc
1430 2958 1613 3002 autem
1645 2950 2114 3018 prannunivimus,

529 3048 756 3107 propter
801 3036 1072 3091 desideria
1129 3036 1224 3091 Dei
1276 3045 1333 3092 et
1386 3036 1757 3108 perfectorum
1814 3038 2112 3095 desideria.

529 3128 789 3200 Quisquis
821 3144 955 3200 ergo
987 3128 1220 3199 alicujus
1248 3128 1392 3184 ﬁlius
1422 3128 1611 3197 fuerit,
1654 3131 1700 3184 is
1730 3130 1895 3185 etiam
1940 3133 2114 3200 patris
2143 3169 2185 3228 ο

530 3224 611 3304 διιί
640 3222 911 3278 desideria
942 3222 1055 3276 vult
1100 3221 1319 3289 facere;
1359 3223 1555 3293 suique
1604 3223 1778 3292 patris
1818 3237 1985 3294 opera
2029 3222 2112 3278 fa-

529 3302 625 3371 cit.
657 3314 809 3388 [(40)
845 3315 938 3371 Sic
965 3315 1111 3370 enim
1154 3315 1325 3370 etiam
1370 3302 1656 3380 Servator,
1706 3326 1762 3372 et
1808 3315 1987 3372 Patris
2030 3318 2113 3372 sui

533 3409 807 3465 desideria
863 3406 976 3462 vult
1025 3409 1315 3477 perﬁcere,
1357 3417 1413 3463 et
1462 3406 1705 3475 ejusdem
1741 3424 1907 3477 opera
1953 3410 2117 3480 perli-

527 3500 624 3556 cit.
679 3500 927 3571 ltemque
994 3498 1207 3570 peccati
1257 3500 1438 3565 ﬁlius,
1488 3509 1545 3555 et
1597 3499 1921 3569 perditionis
1971 3501 2114 3556 ﬁlius

528 3594 702 3663 patris
752 3594 837 3648 sui
892 3592 1286 3663 cupiditatibus
1336 3592 1564 3648 obedire
1632 3593 1781 3659 vult,
1834 3593 2117 3663 patrisque

529 3688 612 3742 sui
656 3703 823 3757 opera
852 3685 1099 3759 eﬂlcit:]
1132 3687 1469 3756 omninoque
1516 3686 1567 3741 in
1616 3697 1887 3756 potestate
1929 3699 2113 3743 nostra

528 3791 646 3847 est,
694 3780 787 3850 qui
847 3794 1037 3836 smnus
1102 3780 1388 3845 homines,
1445 3780 1530 3834 vel
1585 3779 1720 3849 Dei,
1775 3780 1860 3836 vel
1909 3782 2113 3836 diaboli

525 3887 727 3942 Opera,
773 3880 827 3926 et
876 3885 941 3926 ea
970 3886 1090 3941 qua:
1131 3870 1420 3938 volumus,
1489 3870 1710 3939 facere,
1773 3873 1893 3929 sive
1966 3874 2114 3930 desi-

528 3964 740 4020 derium
825 3964 899 4019 sit
974 3962 1159 4020 Patris
1230 3966 1405 4019 nostri
1462 3964 1590 4019 boni
1654 3964 1929 4032 ctelestis,
1996 3969 2115 4023 sive

522 4054 686 4127 337
716 4054 937 4119 diaboli,
987 4055 1078 4125 qui
1129 4065 1213 4110 est
1267 4056 1524 4112 inimicus
1555 4056 1667 4124 illi;
1709 4065 1765 4112 et
1801 4058 1846 4113 si
1889 4059 2111 4128 quidem

524 4147 759 4202 facimus
784 4162 949 4218 opera
993 4146 1109 4214 Dei,
1145 4147 1509 4216 volumusque
1549 4146 1667 4217 ejus
1706 4149 1981 4206 desideria
2030 4149 2113 4205 fa—

523 4255 675 4306 cere,
705 4239 799 4294 lilii
823 4254 1014 4294 sumus
1040 4238 1173 4305 Dei;
1200 4239 1284 4294 sin
1314 4247 1446 4294 vero
1476 4254 1595 4307 qua:
1618 4239 1817 4295 diaboli
1846 4250 1971 4296 sunt
1994 4242 2105 4313 agi-

523 4349 648 4389 mus
679 4332 928 4386 volenles
960 4345 1083 4399 qua:
1127 4330 1219 4384 ille
1252 4330 1527 4387 desiderat
1582 4330 1798 4399 facere,
1840 4350 1907 4389 ex
1960 4345 2114 4403 patre

520 4422 739 4479 diabolo
770 4438 979 4477 sumus.
1012 4421 1379 4490 Quamobrem
1409 4424 1761 4494 inSpiciamus
1800 4440 1906 4480 non
1934 4426 2109 4482 solum

2220 540 2387 594 αὐτοῦ
2411 541 2519 594 τῶν
2561 541 2889 614 βουλήσεων.
2935 544 3024 597 Ἐν
3060 544 3188 614 γοῦν
3221 544 3290 616 ιη’
3319 544 3521 617 ψαλμῷ
3552 545 3770 619 εἴρηται
3792 563 3808 578 ·

2226 633 2305 687 Τὰ
2349 633 2605 703 κρίματα
2654 637 2876 703 Κυρίου
2911 635 3024 707 (41)
3058 634 3335 704 ἀληθινὰ,
3385 635 3814 708 δεδικαιωμένα

2218 725 2317 779 ἐπὶ
2352 725 2418 779 τὸ
2441 726 2617 779 αὑτό·
2649 726 2983 797 ἐπιθυμητὰ
3030 726 3183 795 ὑπὲρ
3214 728 3478 796 χρυσίον
3509 729 3607 783 καὶ
3637 730 3814 785 λίθον

2220 817 2415 887 τίμιον
2454 822 2682 872 πολύν·
2738 819 2862 887 κᾶν,
2910 819 2985 884 ὥς
3030 837 3153 873 τινα
3200 819 3258 873 δὲ
3301 820 3411 873 τῶν
3459 821 3811 893 ἀντιγράφων

2221 909 2335 980 ἔχει
2368 910 2505 982 (ιε),
2596 928 2610 942 ·
2653 911 2737 967 Τὰ
2762 912 3181 982 ἐπιθυμήματα
3209 914 3363 984 ὑπὲρ
3415 915 3678 983 χρυσίον
3711 914 3812 971 καὶ

2217 1004 2394 1058 λίθον
2415 1005 2611 1075 τίμιον
2642 1005 2861 1069 πολὺν,
2893 1007 3108 1078 φήσεις,
3150 1008 3232 1060 ὅτι
3271 1007 3340 1060 τά
3371 1006 3688 1079 ἐπιθυμητὰ
3703 1006 3815 1079 (45)

2220 1096 2317 1151 τοῦ
2336 1096 2672 1173 ἐπιθυμῆσαί
2722 1115 2845 1152 τινα
2880 1099 3059 1151 αὐτῶν
3088 1097 3216 1164 ἄξιά
3244 1100 3414 1162 ἐστιν,
3441 1098 3517 1162 ὡς
3558 1099 3629 1154 τὰ
3657 1098 3813 1153 εὐλο-

2218 1187 2363 1260 γητά
2383 1188 2476 1242 τοῦ
2502 1189 2848 1261 εῦλογῆσθαι,
2871 1191 2966 1244 καὶ
2988 1190 3053 1245 τὰ
3075 1191 3337 1262 ἀγαπητὰ
3355 1190 3451 1244 τοῦ
3469 1191 3810 1260 ἀγαπᾶσθαι.

2222 1281 2434 1352 Ὥσπερ
2468 1277 2564 1335 οῦν
2585 1283 2655 1337 τὰ
2684 1283 2956 1355 εὐλογητὰ
2976 1283 3087 1356 (44)
3123 1284 3325 1355 μᾶλλον
3354 1283 3459 1337 ὑπὸ
3485 1283 3623 1337 Θεοῦ
3654 1283 3811 1337 εὐλο-

2218 1375 2416 1442 γεῖται,
2446 1373 2541 1427 καὶ
2571 1374 2640 1427 τά
2670 1376 2926 1447 ἀγαπητὰ
2970 1376 3169 1447 μᾶλλον
3204 1376 3311 1430 ὑπὸ
3338 1375 3475 1429 Θεοῦ
3507 1376 3811 1445 ἀγαπᾶται,

2218 1460 2359 1514 οὕτω
2385 1462 2479 1515 καὶ
2506 1462 2575 1515 τὰ
2601 1462 2912 1535 ἐπιθυμητὰ
2942 1465 3141 1536 μᾶλλον
3168 1464 3234 1519 ἂν
3269 1466 3373 1519 ὑπὸ
3402 1466 3542 1520 Θεοῦ
3578 1466 3815 1536 εὐλογῶ-

2216 1569 2274 1606 τε
2281 1568 2373 1623 ρον
2383 1552 2541 1606 ἐπιθυ
2548 1554 2746 1628 μηθείη
2763 1556 2897 1626 (45),
2912 1559 3818 1631 εὐγνωμονέστερονήμῶνάκουόν-

2216 1662 2346 1709 των,
2379 1646 2456 1709 ὡς
2484 1649 2919 1721 προειρήκαμεν,
2950 1651 3050 1721 τῆς
3075 1652 3404 1724 ἐπιθυμίας·
3436 1652 3532 1705 καὶ
3562 1654 3592 1706 6
3619 1652 3814 1724 Σωτὴρ

2217 1736 2275 1790 δέ
2303 1756 2500 1810 φησιν·
2548 1742 2853 1812 Ἐπιθυμίᾳ
2896 1745 3248 1814 ἐπεθύμησα
3276 1745 3453 1800 τοῦτο
3489 1744 3558 1799 τὸ
3595 1745 3813 1816 Πάσχα

2218 1831 2432 1902 φαγεῖν
2452 1834 2582 1901 μεθ’
2612 1832 2801 1904 ὑμῶν,
2823 1835 2938 1904 πρὸ
2966 1836 3072 1889 τοῦ
3095 1854 3173 1907 με
3197 1837 3430 1893 παθεῖν.
3464 1838 3603 1912 Περὶ
3632 1838 3690 1892 δέ
3717 1838 3811 1892 τοῦ

2219 1923 2315 1976 καὶ
2367 1925 2579 1995 φαύλην
2624 1921 2766 1978 εἶναι
2811 1925 3110 1997 ἐπιθυμίαν
3154 1928 3317 1998 ἀρκεῖ
3360 1927 3461 1999 μὲν
3508 1927 3604 1981 καὶ
3652 1926 3714 1981 τὸ
3753 1928 3814 1981 ἐν

2219 2015 2377 2084 χερσὶ
2412 2015 2603 2086 ῥητόν·
2636 2016 2790 2071 οὐδὲν
2821 2017 2879 2071 δέ
2904 2012 3069 2090 ἦττον
3098 2020 3439 2091 παραθετέον
3469 2021 3565 2074 καὶ
3585 2020 3675 2074 τό·
3704 2021 3814 2086 Ὃς

2220 2106 2298 2160 ἂν
2316 2108 2614 2178 ἐπιϐλέψῃ
2638 2110 2894 2179 γυναῖκα
2913 2110 3063 2180 πρὸς
3093 2112 3161 2165 τὸ
3188 2113 3558 2183 ἐπιθυμῆσαι
3588 2112 3807 2182 αὐτὴν,

2219 2200 2336 2270 ἤδη
2384 2202 2746 2272 ἐμοίχευσεν
2785 2205 2981 2275 αὐτὴν
3004 2208 3076 2259 ἐν
3114 2205 3191 2276 τῇ
3240 2206 3455 2275 καρδίᾳ
3489 2206 3694 2261 αὐτοῦ.
3732 2209 3809 2261 Οὔ

2220 2293 2438 2358 πάντως
2466 2294 2523 2348 δέ
2549 2296 2579 2348 ό
2603 2295 2889 2368 ἐπιθυμῶν
2926 2297 3159 2360 ἀπόντος
3196 2298 3489 2369 ἐπιθυμεῖ·
3531 2297 3608 2363 ὡς
3635 2297 3757 2352 οὐδὲ
3779 2300 3813 2351 6

2223 2384 2543 2457 βουλόμενος
2584 2388 2802 2453 πάντως
2844 2389 2916 2442 τὰ
2960 2389 3167 2444 ἀπόντα
3224 2390 3492 2461 βούλεται.
3527 2390 3701 2445 Τοῦτο
3749 2390 3810 2444 δέ

2222 2478 2783 2552 προεθεραπεύσαμεν
2821 2480 2910 2535 διὰ
2940 2482 3010 2536 τὰ
3039 2481 3352 2554 ἐπιθυμητὰ
3375 2482 3486 2553 (46)
3523 2481 3618 2536 τοῦ
3646 2481 3810 2547 Θεοῦ,

2220 2574 2315 2626 καὶ
2343 2573 2443 2637 τὰς
2469 2573 2579 2626 τῶν
2606 2573 2826 2628 τελείων
2875 2573 3198 2645 ἐπιθυμίας.
3235 2576 3352 2639 Πᾶς
3398 2571 3492 2629 οῦν
3522 2574 3638 2639 υἱός
3663 2590 3810 2639 τινος

2218 2663 2318 2729 τὰς
2346 2666 2645 2737 ἐπιθυμίας
2688 2665 2784 2721 τοῦ
2828 2668 3033 2739 πατρὸς
3071 2666 3274 2722 ἐαυτοῦ
3305 2668 3450 2723 θέλει
3491 2671 3685 2732 ποιεῖν,
3717 2671 3815 2722 καὶ

2221 2759 2330 2822 πᾶς
2356 2759 2471 2823 υίὸς
2495 2776 2641 2824 τινος
2662 2762 2807 2813 ποιεῖ
2829 2759 2900 2814 τὰ
2925 2759 3061 2832 ἔργα
3085 2759 3176 2814 τοῦ
3201 2763 3405 2834 πατρὸς
3432 2761 3620 2816 αὑτοῦ.
3654 2759 3814 2814 Οὕτω
3904 2777 3913 2787 '

2220 2853 2328 2924 γὰρ
2362 2852 2458 2905 καὶ
2482 2853 2511 2905 6
2543 2852 2733 2924 Σωτήρ
2765 2851 2866 2915 τάς
2906 2852 3203 2924 ἐπιθυμίας
3233 2853 3327 2908 τοῦ
3367 2853 3582 2926 Πατρὸς
3617 2851 3811 2907 ἐαυτοῦ

2220 2943 2365 2998 θέλει
2390 2946 2583 3011 ποιεῖν,
2603 2944 2697 2998 καὶ
2724 2944 2955 2998 ποιεῖτά
2978 2945 3111 3018 ἔργα
3127 2944 3220 2999 τοῦ
3240 2946 3355 2999 Πατ
3365 2946 3455 3019 ρὸς
3471 2945 3685 2999 ἐαυτοῦ.
3702 2944 3812 3000 Καὶ

2218 3037 2247 3089 6
2294 3033 2582 3106 ἄνθρωπος
2627 3035 2728 3105 τῆς
2776 3035 3079 3108 ἁμαρτίας,
3131 3038 3160 3090 6
3210 3035 3326 3100 υίὸς
3379 3037 3481 3108 τῆς
3530 3036 3810 3102 ἀπωλείας

2219 3125 2316 3190 τὰς
2349 3126 2647 3199 ἐπιθυμίας
2684 3116 2779 3182 τοῦ
2821 3130 3029 3201 πατρὸς
3076 3127 3269 3183 ἐαυτοῦ
3306 3128 3450 3184 θέλει
3488 3134 3682 3196 ποιεῖν,
3718 3131 3812 3187 καὶ

2220 3224 2365 3274 ποιεῖ
2398 3222 2468 3276 ea;
2514 3221 2651 3294 ἔργα
2694 3221 2789 3277 τοῦ
2821 3223 3031 3295 πατρὸς
3064 3224 3260 3279 ἑαυτοῦ
3280 3243 3293 3255 ·
3329 3225 3423 3279 καὶ
3450 3225 3537 3296 ἐφ’
3566 3225 3725 3297 ήμῶν
3751 3226 3811 3279 δέ

2217 3312 2328 3367 τῶν
2376 3313 2678 3387 ἀνθρώπων
2721 3315 2942 3378 πάντως
2985 3316 3054 3369 τὰ
3103 3316 3243 3389 ἔργα
3293 3318 3412 3390 ήτοι
3450 3317 3587 3372 Θεοῦ
3638 3320 3807 3381 ἐστιν,

2217 3405 2250 3476 ἢ
2311 3403 2582 3459 διαϐόλου.
2644 3403 2741 3458 καὶ
2789 3402 2826 3457 ἀ
2881 3403 3110 3475 θέλομεν
3160 3409 3369 3470 ποιεῖν,
3435 3407 3555 3479 ήτοι
3618 3406 3810 3460 ἐπιθυ-

2220 3497 2318 3570 μία
2357 3499 2473 3552 ἐστὶ
2508 3497 2605 3550 τοῦ
2654 3496 2860 3566 ἀγαθοῦ
2905 3499 2962 3551 ἐν
3002 3499 3253 3572 οὐρανοῖς
3294 3501 3507 3573 Πατρδς
3546 3501 3725 3573 ήμῶν,
3770 3500 3806 3572 ἢ

2215 3589 2311 3643 τοῦ
2358 3587 2557 3662 ἐχθροῦ
2586 3588 2735 3659 αὐτῷ
2780 3588 3058 3644 διαϐόλου·
3093 3591 3189 3645 καὶ
3223 3592 3273 3645 εί
3311 3592 3410 3663 μὲν
3444 3591 3709 3664 ποιοῦμεν
3740 3593 3811 3646 τέι

2216 3686 2353 3759 ἔργα
2386 3684 2480 3739 τοῦ
2512 3684 2671 3750 Θεοῦ,
2722 3686 2816 3740 καὶ
2861 3685 3089 3758 θέλομεν
3144 3685 3245 3752 τὰς
3289 3687 3587 3760 ἐπιθυμίας
3642 3689 3812 3744 αὐτοῦ

2216 3782 2414 3847 ποιεῖν,
2455 3778 2563 3833 υίοί
2614 3781 2782 3848 ἐσμεν
2829 3779 2922 3833 τοῦ
2955 3778 3092 3832 Θεοῦ
3113 3797 3126 3809 ·
3157 3781 3206 3833 εί
3237 3779 3294 3833 δέ
3332 3779 3401 3835 τά
3432 3781 3527 3834 τοῦ
3557 3781 3807 3837 διαϐόλου

2217 3874 2555 3946 πράττομεν,
2589 3871 2836 3937 θέλοντες
2864 3872 2900 3927 ἃ
2934 3873 3141 3936 ἐκεῖνος
3180 3871 3444 3944 ἐπιθυμεῖ
3493 3877 3691 3939 ποιεῖν,
3738 3876 3808 3930 ἐκ

2213 3963 2308 4017 τοῦ
2349 3963 2557 4036 πατρὸς
2603 3963 2696 4017 τοῦ
2729 3962 2977 4017 διαϐόλου
3025 3964 3212 4033 ἐσμέν.
3256 3962 3671 4036 Ἑπιστήσωμεν
3711 3960 3809 4020 οῦν

2217 4057 2294 4131 μή
2327 4057 2488 4128 μόνον
2530 4051 2611 4122 οἷς
2656 4056 2941 4128 ποιοῦμεν,
2973 4056 3111 4112 ἀλλὰ
3161 4057 3255 4111 καὶ
3298 4051 3380 4123 οἷς
3424 4056 3668 4129 θέλομεν.
3695 4055 3811 4111 Αὖ-

2212 4167 2414 4223 ταρκες
2445 4150 2555 4222 γὰρ
2587 4151 2668 4215 είς
2701 4150 2763 4203 τὸ
2814 4145 2953 4203 εἶναι
3003 4150 3096 4204 τοῦ
3141 4149 3389 4204 διαϐόλου
3440 4150 3555 4203 υἱὸν
3586 4152 3648 4204 τὸ
3697 4151 3806 4204 κᾶν

2216 4243 2392 4299 θέλειν
2441 4242 2607 4297 αὑτοῦ
2659 4246 2835 4297 ποιεῖν
2878 4242 2979 4307 τὰς
3033 4243 3361 4315 ἐπιθυμίας·
3398 4244 3493 4296 καὶ
3526 4243 3667 4313 τάχα
3715 4242 3807 4297 διὰ

2213 4336 2371 4391 τοῦτο
2402 4337 2542 4408 μετά
2565 4336 2626 4391 τό
2645 4354 2659 4366 ·
2694 4335 2879 4407 Ὑμεῖς
2910 4335 3132 4390 ποιεῖτε
3160 4337 3233 4391 τὰ
3265 4338 3411 4406 ἔργα
3436 4335 3541 4390 τοῦ
3578 4334 3808 4405 πατρὸς

2212 4428 2399 4502 ὑμῶν,
2459 4431 2671 4502 εἴρηται
2728 4430 2823 4483 τό·
2872 4433 2980 4495 Τὰς
3045 4429 3364 4500 ἐπιθυμίας
3417 4429 3525 4485 τοῦ
3580 4427 3808 4497 πατρὸς

520 4530 647 4583 quae
670 4514 903 4583 agimus,
942 4506 1132 4565 verum
1163 4512 1330 4567 etiam
1364 4528 1485 4583 qua:
1510 4514 1785 4571 volumus.
1836 4515 1906 4571 Ut
1956 4518 2104 4572 enim

2217 4521 2382 4592 ὑμῶν
2413 4520 2618 4575 θέλετε
2653 4520 2875 4573 ποιεῖν·
2912 4519 3000 4572 ἴνα
3035 4518 3318 4590 μάθωμεν,
3362 4519 3466 4582 ὅτι,
3500 4518 3547 4570 εί
3577 4517 3672 4570 καὶ
3707 4518 3809 4587 μό-

522 4609 723 4679 aliquis
743 4608 815 4662 sit
836 4605 1039 4662 diaboli
1071 4606 1242 4674 ﬁlius,
1280 4605 1480 4662 sulllcit
1510 4609 1593 4661 vel
1627 4607 1806 4664 solum
1859 4607 1998 4663 velle
2038 4609 2106 4663 il-

521 4704 624 4761 lius
652 4703 918 4759 desideria
946 4702 1159 4769 facere;
1190 4713 1246 4756 et
1269 4701 1524 4758 fortassis
1543 4704 1705 4757 etiam
1727 4704 1828 4758 hac
1850 4703 1919 4759 de
1940 4719 2105 4759 causa

521 4810 642 4867 post
672 4798 839 4853 illud:
876 4795 979 4850 Vos
1008 4796 1187 4865 facitis
1223 4811 1382 4865 opera
1408 4797 1577 4864 patris
1624 4800 1778 4850 vestri
1801 4794 1869 4863 ⁸⁸,
1903 4794 2105 4851 dictum

519 4901 643 4944 est:
676 4888 957 4943 Desideria
990 4888 1157 4957 patris
1181 4887 1337 4941 vestri
1364 4887 1521 4941 vultis
1550 4886 1724 4957 facere
1749 4886 1832 4952 5°;
1872 4897 1928 4942 ut
1981 4889 2106 4944 hinc

518 4983 802 5038 discamus
829 4996 929 5036 nos
962 4995 1087 5035 esse
1122 4980 1326 5035 diaboli
1361 4979 1527 5045 ﬁlios,
1569 4980 1614 5034 si
1647 4980 1729 5035 vel
1756 4979 1931 5035 solum
1968 4981 2105 5035 veli-

518 5089 643 5130 mus
687 5075 867 5129 l'acere
897 5088 1019 5143 qua:
1051 5072 1302 5128 diabolus
1346 5072 1647 5130 desiderat.
1696 5075 1769 5127 At
1818 5072 2106 5141 aptissime

2216 4612 2564 4685 voveélopsv
2612 4613 2786 4665 ποιεῖν
2817 4610 2962 4684 ἅπερ
3004 4611 3264 4683 ἐπιθυμεῖ
3294 4612 3322 4664 ό
3373 4608 3638 4673 διάϐολος,
3672 4624 3810 4680 χρη-

2220 4706 2521 4780 ματιοῦμεν
2547 4705 2794 4761 διαϐόλου
2836 4704 2958 4757 υἱοί.
2996 4703 3354 4758 Πιθανὼτατα
3382 4703 3428 4756 δ’
3454 4702 3519 4757 6v
3545 4719 3629 4765 τις
3671 4701 3808 4773 πρὸς

2215 4798 2390 4853 ταῦτα
2430 4797 2611 4865 λέγοι,
2639 4795 2713 4859 ὡς
2755 4793 2866 4865 ἀρα
2896 4795 3058 4864 ἀρκεῖ
3100 4793 3238 4865 πρὸς
3274 4793 3334 4846 τὸ
3371 4787 3509 4845 εἶναι
3546 4790 3661 4846 υἱὸν
3694 4789 3809 4862 (47)

2215 4883 2357 4942 Θεοῦ
2394 4889 2456 4943 τὸ
2495 4888 2670 4942 θέλειν
2709 4885 2874 4940 αὐτοῦ
2904 4888 3078 4939 ποιεῖν
3104 4885 3203 4949 τὰς
3240 4884 3555 4956 ἐπιθυμίας,
3584 4883 3685 4937 κᾶν
3727 4880 3807 4954 μὴ

2215 4986 2395 5056 προσῇ
2424 4982 2601 5055 τούτῳ
2652 4984 2830 5036 ποιεῖν
2868 4981 2938 5035 τὰ
2968 4979 3107 5051 ἔργα
3156 4977 3251 5031 τοῦ
3300 4977 3475 5031 Θεοῦ·
3525 4975 3665 5031 ἀλλά
3712 4973 3805 5028 λε-

2215 5078 2394 5142 κτέον,
2422 5077 2506 5131 ὅτι
2537 5075 2751 5148 ἀνάγκη
2784 5076 2876 5130 τὸν
2908 5075 3131 5129 θέλοντα
3161 5075 3334 5128 ποιεῖν
3360 5070 3461 5135 τὰς
3507 5066 3808 5139 ἐπιθυμίας

581 5215 629 5249 ³⁸
648 5213 916 5280 Vers.10,
936 5215 1025 5270 11.
1102 5214 1149 5247 ⁸⁸
1171 5213 1309 5271 Luc.
1341 5213 1589 5279 “11,15.
1663 5213 1709 5245 ⁸⁷
1728 5212 1920 5269 Matth.
1954 5228 2009 5279 ν,
2031 5214 2116 5273 28.

2217 5219 2249 5252 "
2265 5217 2421 5275 Joan.
2447 5235 2565 5283 vm,
2593 5219 2687 5273 ιι.
2763 5219 2809 5252 ³³
2840 5219 2971 5274 ibid.
2999 5217 3087 5274 μ.

555 5358 705 5483 l(in)
735 5356 862 5412 Haec
892 5371 922 5411 a
945 5354 1201 5412 Ferrario
1232 5356 1623 5427 praetermissa,
1640 5368 1672 5409 e
1695 5352 1950 5408 Perionio
1973 5334 2104 5423 sup-

574 5442 804 5483 υνΙΙΙΙυθο

574 5442 804 5483 υνιιιιυε.

520 5444 844 5567 palmi)";er
872 5495 1081 5567 Κυρίου
1106 5498 1274 5567 codex
1313 5494 1517 5567 Regius
1547 5495 1710 5567 habet
1741 5493 1837 5547 τοῦ
1867 5493 2025 5567 Θεοῦ2

613 5500 675 5552 41
737 5500 844 5553 Pro
872 5500 1081 5567 Κυρίου
1106 5500 1274 5552 codex
1313 5500 1517 5565 Regius
1547 5500 1710 5549 habet
1741 5500 1837 5547 τοῦ
1867 5500 2025 5551 Θεοῦ.

613 5500 706 5640 ἃ)
731 5569 834 5635 Ὣς
856 5584 989 5640 τινα
1009 5566 1079 5621 δὲ
1097 5566 1226 5640 ’τῶν
1243 5564 1631 5640 ἀντιγράφων
1659 5566 1809 5640 ἔχει,
1837 5576 1946 5619 etc.
1972 5565 2102 5640 llo-

520 5635 610 5694 die
638 5635 875 5693 miiversi
906 5636 1018 5691 τῶν
1050 5636 1107 5692 0'
1156 5638 1374 5691 codices
1417 5638 1621 5691 habent
1678 5635 2014 5706 ἐπιθυμητὰ,
2046 5643 2102 5689 et

520 5709 1004 5777 interpretationes
1024 5722 1233 5772 omnes,
1268 5721 1373 5760 una
1408 5716 1632 5777 excepta
1663 5709 1933 5772 Arabica,
1980 5722 2102 5777 qua:

523 5795 644 5834 eum
678 5780 846 5834 altera
879 5780 981 5834 hac
1013 5778 1245 5835 lectione
1272 5779 1567 5834 consentit.
1616 5780 1874 5837 Hunnus.

2289 5355 2401 5428 (45)
2454 5354 2633 5428 codex
2694 5355 2917 5428 Regius,
2976 5353 3371 5426 ἐπιθυμήματα
3403 5392 3420 5420 ,
3476 5353 3661 5411 Bodlei
3736 5369 3803 5408 us

2214 5425 2367 5499 vero,
2401 5425 2559 5481 ἐπιθυ
2568 5427 2735 5499 μητά.

2293 5497 2399 5567 (Η)
2426 5494 2769 5554 ldetncotlex
2796 5497 3022 5564 Regius,
3053 5494 3424 5567 εὐλογήματα.

2308 5566 2398 5638 45)
2423 5568 2562 5622 Idem
2592 5571 2762 5623 codex
2794 5569 3018 5638 Regius,
3054 5566 3469 5638 ἐπιθυμήματα.

2280 5630 2396 5706 (ιδ)
2419 5638 2566 5693 Idem
2623 5642 2796 5693 codex
2830 5630 3055 5707 llégius.
3101 5630 3410 5708 perper'iun,
3441 5635 3798 5708 ἐπιμήματα.

2282 5709 2399 5780 (47)
2421 5709 2603 5767 Codex
2628 5708 2957 5767 Bodleianus
2988 5709 3126 5775 υἱόν,
3166 5707 3390 5777 Regius,
3419 5707 3548 5760 υἱοί.
