4196 6412
450 334 558 392 625

1505 338 1864 393 COMMENT.
1908 339 1971 392 ΙΝ
2010 337 2201 395 ΙΟᾹΝ.
2239 336 2477 393 TOMUS
2513 336 2628 392 XX.

3595 333 3705 389 638

446 449 542 502 τοῦ
572 447 707 501 Θεοῦ
742 449 838 502 καὶ
874 452 1049 504 ποιεῖν
1078 450 1146 505 τά
1178 452 1314 524 ἔργα
1350 452 1444 506 τοῦ
1478 453 1646 507 Θεοῦ·
1686 457 1747 508 ού
1796 456 1905 528 γὰρ
1938 457 2006 528 μό

2134 456 2258 524 quis
2297 456 2363 507 ad
2406 455 2521 508 lucc
2561 452 2767 506 diceret
2794 449 3042 505 sufficere
3073 448 3345 511 ctiam,nt
3387 445 3559 504 simus
3608 448 3702 502 lilii

447 556 537 594 vov
576 540 638 593 τὸ
671 540 865 603 θέλειν,
912 542 1050 595 ἀλλά
1089 544 1183 596 καὶ
1230 545 1294 597 τὸ
1343 547 1617 617 ἐνεργεῖν,
1663 547 1739 610 ὦς
1790 563 1954 617 φησιν
1998 549 2028 600 ὁ

446 632 678 697 Παῦλος,
724 635 789 687 ὲκ
833 634 927 689 τοῦ
979 636 1113 688 Θεοῦ
1158 638 1327 702 ἐστιν,
1378 638 1645 709 ἑπομένου
1690 640 1907 702 πάντως
1947 639 2028 711 τῷ

445 722 596 794 καλῷ
639 724 814 779 θέλειν
849 725 945 780 τοῦ
987 726 1222 797 συζύγου
1275 729 1425 801 αὐτῷ
1477 729 1588 801 (48)
1618 732 1893 800 ἐνεργεῖν·
1931 732 2026 785 κα)⁵

444 815 552 886 γὰρ
576 814 703 882 τοῖς
736 816 1013 886 ἀγαπῶσι
1036 817 1144 872 τὸν
1173 819 1323 873 Θεὸν·
1359 819 1556 874 πάντα
1598 822 1885 892 συνεργεῖ
1912 822 2023 892 (49)

442 907 531 971 είς
563 906 809 975 ἀγαθὸν,
844 912 940 962 καὶ
984 911 1085 964 οὐκ
1125 910 1192 965 ἂν
1227 912 1391 965 καλὸν
1431 912 1605 967 θέλειν
1636 914 1825 977 ἀτελὲς
1862 914 2027 967 ἐᾶσαι

437 999 470 1050 ό
511 996 684 1052 ποιῶν
724 1000 904 1054 πάντα
946 1000 1088 1054 καλά
1125 1001 1266 1056 λίαν.
1313 1003 1455 1056 Ἀλλ’
1499 1004 1622 1058 οὐδὲ
1671 1004 2023 1076 ἐπινοηθῆναι

437 1087 662 1143 δύναται
709 1090 875 1145 καλὸν
918 1091 1093 1145 θέλειν
1136 1095 1212 1164 μὴ
1254 1096 1686 1167 συνεζευγμένης
1735 1098 1836 1169 τῆς
1882 1098 2023 1163 κατά

438 1178 499 1230 τὺ
538 1178 681 1233 οὕτω
717 1180 893 1235 θέλειν
931 1184 1213 1255 ἐνεργείας
1242 1186 1412 1257 καλῆς
1437 1187 1515 1259 τῷ
1541 1187 1692 1258 καλῷ
1720 1188 1914 1242 θέλειν.
1957 1190 2021 1243 Ἦ

441 1270 690 1340 μέντοιγε
732 1273 869 1345 πρὸς
894 1274 973 1345 τῷ
1005 1274 1181 1330 θέλειν
1219 1277 1492 1349 ἐνέργεια,
1531 1279 1635 1332 κᾶν
1674 1280 2022 1351 ἐμποδίζοιτο

438 1360 543 1413 ὑπὸ
581 1362 680 1432 τῆς
709 1363 974 1435 Προνοίας
1003 1366 1238 1435 εὐλόγως
1272 1369 1554 1434 πολλάκις,
1581 1372 1670 1424 ὅτε
1706 1372 1848 1444 ὑπέρ
1876 1390 2020 1437 τινος

437 1451 737 1518 καθολικῶς
768 1456 1124 1530 χρησίμου,ἥ
1168 1460 1319 1523 ὅπως
1365 1461 1495 1514 ποτὲ
1542 1463 1815 1535 χρησίμου
1860 1466 2019 1536 χρεία

435 1544 832 1600 ἀνακόπτεσθαι
853 1547 916 1600 τὸ
950 1548 1093 1603 κατὰ
1124 1550 1185 1603 τδ
1206 1549 1380 1605 θέλειν
1408 1553 1468 1605 τὸ
1495 1556 1676 1626 χεῖρον
1710 1555 1888 1627 ἔργον.
1923 1558 2018 1622 Et;

434 1635 605 1690 ταῦτα
635 1637 693 1690 δὲ
741 1640 771 1691 ὁ
811 1640 1124 1708 Ἡρακλέων
1167 1643 1331 1714 φησί’
1386 1663 1405 1695 ι
1438 1645 1583 1716 Πρὸς
1633 1646 1727 1712 οὓς
1767 1651 1796 1703 ὁ
1835 1649 2013 1719 λόγος,

433 1727 498 1779 ὲκ
531 1727 630 1798 τῆς
659 1728 847 1793 οὐσίας
890 1730 984 1785 τοῦ
1026 1732 1273 1786 διαϐόλου
1309 1730 1484 1804 ἦσαν·
1508 1756 1526 1789 ι
1560 1738 1636 1804 ὡς
1686 1740 1880 1812 ἑτέρας
1923 1740 2017 1794 οὖ-

2132 547 2250 610 Dei,
2275 545 2411 600 velle
2439 543 2706 598 desideria
2733 542 2880 597 illius
2910 540 3111 603 facere,
3134 538 3348 594 etiamsi
3369 553 3532 607 opera
3562 538 3707 593 illius

2131 651 2238 690 non
2281 635 2547 689 faciamus
2576 650 2592 700 ;
2623 633 2716 688 sed
2744 633 3035 686 dicendum
3062 641 3147 687 est
3177 630 3322 698 quod
3367 642 3592 683 necesse
3633 629 3706 684 sit

2132 728 2181 783 ei
2234 727 2327 797 qui
2370 727 2501 783 velit
2532 725 2808 781 desideria
2851 724 2944 778 Dei
2995 722 3199 785 facere,
3244 729 3301 775 ut
3342 722 3509 775 etiam
3541 719 3706 777 faciat

2130 831 2296 886 opera
2331 816 2464 881 Dei;
2497 830 2605 870 non
2653 814 2800 869 enim
2855 812 3033 868 solum
3081 812 3241 875 velle,
3291 824 3479 864 verum
3537 810 3704 864 etiam

2129 913 2412 983 perlicere,
2460 919 2520 965 ut
2548 910 2719 981 inquit
2761 908 2961 962 Paulus
2977 907 3120 967 “,ex
3154 908 3263 960 Deo
3293 915 3415 971 est;
3450 920 3573 960 cum
3601 907 3704 960 hoc

2128 1003 2332 1059 bonum
2360 1000 2502 1056 velle
2534 1010 2799 1069 sequatur
2827 1002 3047 1056 omnino
3075 1000 3342 1069 operatio,
3384 997 3549 1053 veluti
3579 1011 3699 1063 sua,

2128 1102 2188 1147 nt
2225 1095 2297 1149 ita
2327 1093 2530 1156 dicam,
2560 1092 2757 1162 conjux
2783 1108 2800 1148 :
2836 1091 3184 1161 Diligentibus
3209 1090 3357 1145 enim
3391 1088 3559 1142 Deum
3585 1104 3700 1140 0m—

2128 1183 2219 1235 m'a
2247 1191 2597 1249 conparantur
2617 1181 2675 1236 in
2701 1181 2896 1236 bonum
2916 1182 2960 1213 ⁶¹
2988 1199 3004 1247 ;
3035 1197 3135 1236 nec
3169 1183 3312 1237 Deus
3340 1178 3570 1234 omnino
3606 1176 3704 1233 bo-

2126 1288 2257 1327 num
2304 1273 2466 1337 velle,
2512 1273 2894 1342 imperfectum
2954 1274 3119 1338 sinet,
3180 1273 3271 1340 qui
3325 1272 3457 1327 facit
3515 1272 3700 1325 omnia

2124 1378 2285 1433 opera
2324 1364 2480 1419 valde
2510 1366 2647 1419 bona
2675 1366 2741 1416 ".
2766 1365 2908 1433 Quin
2943 1380 3010 1420 ne
3037 1365 3337 1435 excogitari
3363 1364 3581 1435 quidem
3603 1378 3701 1434 po-

2127 1464 2233 1511 test
2279 1458 2477 1511 bonum
2523 1456 2686 1520 velle,
2728 1472 2833 1512 non
2874 1457 3164 1524 conjuncta
3198 1460 3251 1511 in
3285 1458 3375 1512 tali
3420 1455 3699 1512 voluntate

2123 1547 2440 1615 operatione
2471 1547 2612 1602 bona
2632 1547 2776 1604 bono
2797 1548 2955 1605 velle.
2985 1550 3129 1603 Sane
3152 1550 3396 1615 operatio
3416 1548 3553 1603 velle
3569 1562 3698 1604 con-

2119 1637 2307 1707 juncta
2335 1647 2439 1703 est,
2464 1639 2678 1694 etiamsi
2715 1640 3040 1710 plerumque
3067 1639 3264 1694 rationi
3309 1640 3699 1695 convenienter

2124 1731 2453 1800 impediatur
2478 1748 2508 1785 a
2537 1732 2908 1799 Providentia,
2939 1734 3155 1802 quando
3195 1748 3296 1802 pro
3348 1732 3530 1801 aliqua
3572 1730 3697 1786 uni-

434 1834 534 1887 σης
560 1818 669 1888 (50)
696 1821 797 1891 τῆς
816 1822 908 1876 τοῦ
938 1824 1185 1878 διαϐόλου
1211 1827 1403 1894 οὐσίας
1426 1836 1575 1904 παρὰ
1593 1832 1691 1905 τὴν
1710 1832 1820 1886 τῶν
1850 1834 2011 1903 ἁγίων

2126 1826 2316 1880 versali
2350 1826 2606 1891 utilitate,
2644 1826 2726 1881 vel
2751 1841 2852 1896 pro
2874 1827 3246 1896 qualicunque
3272 1825 3529 1890 utilitate,
3561 1840 3698 1894 opus

430 1909 662 1986 λογικῶν
691 1912 877 1973 οὐσίαν
897 1931 911 1945 '
943 1916 1128 1992 ὅμοιον
1158 1917 1214 1974 δὲ
1245 1922 1304 1974 ὲν
1333 1920 1509 1992 τούτῳ
1556 1941 1648 1994 μοι
1692 1923 2017 1979 πεπονθέναι

433 2009 681 2078 φαίνεται
709 2009 788 2080 τῷ
820 2009 1015 2081 ἑτέραν
1041 2009 1232 2064 οὐσίαν
1263 2009 1526 2079 φάσκοντι
1554 2010 1834 2083 ὀφθαλμοῦ
1873 2028 2017 2082 παρ-

431 2099 694 2171 ορῶντος,
742 2102 839 2155 κα)¹
886 2102 1079 2175 ἑτέραν
1129 2102 1394 2173 ὁρῶντος⁹
1436 2103 1531 2157 καὶ
1581 2103 1773 2174 ἑτέραν
1828 2103 2017 2157 οὐσίαν

340 2198 349 2204 ’
429 2194 599 2263 ἀκοῆς
632 2193 1074 2265 παρακουούσης,
1104 2197 1198 2249 καὶ
1225 2194 1395 2264 ὑγιῶς
1420 2194 1745 2266 ἀκουούσης.
1787 2195 1876 2258 Ὧς
1905 2194 2015 2266 γάρ

429 2282 487 2335 έν
522 2282 732 2347 τούτοις
782 2286 968 2358 οὐχὶὴ
1012 2286 1172 2340 οὐσία
1217 2285 1505 2357 διάφορος,
1554 2286 1691 2339 ἀλλά
1738 2303 1793 2339 τι
1843 2285 2015 2340 αίτιον

429 2375 837 2447 ὲπισυμὸέϐηκε
895 2377 990 2432 τοῦ
1045 2378 1404 2450 παρακούειν,
1449 2380 1545 2433 καὶ
1586 2378 1681 2432 τοῦ
1740 2380 2012 2451 παρορᾷν,

429 2468 601 2534 οὕτως
629 2471 830 2535 παντὸς
863 2472 957 2526 τοῦ
995 2473 1299 2542 πεφυκότος
1338 2473 1481 2543 λόγῳ
1520 2472 1947 2545 παρακολουθεῖν
1977 2473 2012 2541 ἡ

429 2562 868 2635 παρακολουθικὴ
905 2565 1060 2617 οὐσία
1100 2566 1134 2635 ή
1173 2566 1309 2637 αὐτή
1357 2566 1526 2632 ἐστιν,
1569 2564 1680 2618 εἴτε
1714 2563 2017 2635 παραδέχε-

428 2670 518 2707 ται
561 2652 654 2706 τδν
699 2653 877 2723 λόγον,
927 2654 1040 2708 εἴτε
1089 2654 1341 2709 ἀνανεύει
1387 2656 1523 2730 πρὸς
1567 2656 1760 2710 αὐτόν·
1806 2655 1861 2709 τί
1901 2656 2014 2729 γάρ

427 2743 675 2815 διαφέρει
722 2744 808 2813 ἐφ’
852 2747 885 2816 ἠ
896 2744 1012 2815 μῶν
1057 2744 1168 2798 τῶν
1218 2744 1522 2818 ἀνθρώπων
1564 2745 1626 2799 τὸ
1667 2747 2012 2818 παρακολου-

428 2830 600 2902 θῆσαν
626 2833 722 2886 τοῦ
753 2834 826 2905 μὴ
869 2835 1423 2906 παρακολουθοῦντος,
1452 2837 1554 2890 οὐκ
1587 2836 1652 2891 ἂν
1683 2836 1903 2909 ἔχοιμεν
1933 2839 2013 2892 εί-

428 2925 569 2989 σπῖν,
595 2926 645 2978 εί
682 2926 777 2979 καὶ
817 2925 958 2996 μετά
984 2926 1045 2979 τὸ
1080 2926 1317 2981 συνιέναι
1347 2927 1455 2980 τῶν
1483 2929 1811 2999 εἰρημένων,
1852 2932 1881 2984 ὁ
1910 2930 2012 3002 μέν

427 3031 510 3078 τις
541 3017 825 3087 ἐπικρίνας
871 3017 1235 3086 συγκατέθετο
1270 3017 1349 3090 τῷ
1394 3018 1670 3091 λεγομένῳ
1706 3019 1839 3091 (51),
1884 3023 1915 3075 ό
1952 3021 2011 3074 δὲ

424 3107 681 3163 ἀνένευσε
723 3108 861 3180 πρὸς
890 3109 1043 3163 αὐτό.
1087 3109 1357 3173 Πολλάκις
1384 3109 1441 3163 δὲ
1472 3109 1700 3181 εἴπομεν
1731 3110 1868 3183 (52),
1898 3112 2004 3176 δτι,

425 3195 523 3248 ἐὰν
558 3196 880 3269 συγχωρηθῇ
913 3194 1072 3249 τοῦτο
1103 3196 1165 3249 τὸ
1207 3196 1488 3259 ἀδύνατον,
1517 3196 1660 3267 λέγω
1686 3198 1742 3251 δὲ
1776 3198 1838 3251 τὸ
1866 3194 2006 3254 εἶναι

424 3287 614 3352 οὐσίας
651 3288 865 3360 ἑτέρας,
892 3290 987 3342 κα)⁵
1017 3289 1368 3344 ἀνεπίδεκτον
1402 3289 1509 3343 τῶν
1548 3289 1870 3362 κρειττόνων
1915 3291 2008 3345 τὸν

423 3376 689 3441 διάϐολον,
723 3379 853 3451 περ).
895 3378 994 3448 μὲν
1037 3378 1244 3432 ἐκείνου
1289 3378 1769 3449 ἀπελογησάμεθα,
1804 3380 1882 3443 ὡς
1917 3381 2010 3433 ού-

423 3469 597 3540 δαμοῦ
625 3468 799 3523 αἰτίου
823 3468 923 3540 τῆς
952 3468 1240 3540 πονηρίας,
1270 3467 1332 3521 τὸ
1361 3466 1418 3520 δὲ
1447 3466 1699 3539 ἔγκλημα
1724 3467 1805 3540 τῷ
1842 3471 2009 3524 αὐτὸν

423 3560 748 3616 οὐσιὼσαντι
792 3561 889 3615 καὶ
931 3561 1399 3632 δημιουργήσαντι
1450 3560 1824 3631 προσάψομεν,
1869 3563 2008 3634 ὅπερ

424 3653 542 3706 ἐστὶ
565 3652 782 3709 πάντων
812 3650 1183 3706 ἀτοπώτατον.
1217 3649 1489 3723 Πρόδηλον
1516 3650 1575 3703 δὲ
1609 3651 1670 3704 τὸ
1694 3653 2007 3724 παράλογον

423 3743 575 3798 ἔσται
617 3743 694 3815 τῷ
732 3744 1128 3816 κατανοήσαντι
1171 3744 1358 3816 ψυχῶν
1397 3744 1756 3818 ἀνθρωπίνων
1792 3746 2004 3811 οὐσίαν,

422 3834 519 3887 καὶ
563 3833 819 3898 ἐνιδόντι,
862 3834 944 3887 ὄτι
991 3834 1271 3905 ἀμήχανόν
1321 3836 1491 3897 ἐστιν,
1543 3834 1733 3906 ὥσπερ
1778 3833 2006 3906 σώματα

426 3926 576 3997 παρά
619 3924 846 3995 σώματα
894 3920 1032 3979 εἶναι
1076 3924 1388 3998 ἀνθρώπινα
1436 3926 1630 3998 ἐτέρας
1677 3926 1772 3980 καὶ
1812 3927 2006 3999 ἐτέρας

420 4015 631 4079 οὐσίας,
672 4015 816 4069 οὕτω
857 4016 953 4070 καὶ
981 4015 1161 4086 ψυχάς
1192 4017 1342 4089 παρά
1381 4016 1582 4088 ψυχὰς,
1626 4017 1720 4070 καὶ
1757 4018 2007 4088 νοητικὸν

422 4107 580 4179 παρά
618 4107 680 4160 τὸ
708 4108 977 4178 νοητικὸν,
1014 4108 1197 4162 καὶτὸ
1232 4108 1568 4180 διανοητικὸν
1604 4108 1756 4181 παρὰ
1784 4109 1846 4162 τὸ
1889 4110 2007 4163 δια-

421 4198 690 4270 νοητικόν.
735 4199 809 4252 Τὸ
841 4199 899 4252 δὲ
936 4200 1121 4271 ὅμοιον
1167 4201 1314 4271 ὲρεῖς
1366 4200 1461 4253 καὶ
1493 4200 1587 4252 ἐπὶ
1616 4200 1714 4254 τοῦ
1761 4201 2001 4270 λογικοῦ,

423 4292 515 4344 καὶ
534 4283 627 4344 ἐπὶ
647 4290 755 4344 τῶν
778 4291 835 4345 ὲν
862 4293 927 4363 τῇ
957 4290 1102 4362 ψυχῇ
1126 4290 1429 4363 δυνάμεων,
1452 4291 1553 4361 τῆς
1572 4308 1634 4345 τε
1661 4294 2004 4364 μνημονικῆς

421 4382 515 4434 καὶ
559 4382 657 4453 τῆς
692 4380 867 4446 οὕτως
909 4383 1307 4453 φανταστικῆςο
1356 4382 1571 4454 ἀνάγκη
1619 4382 1759 4455 γὰρ,
1800 4385 1850 4436 εί
1881 4386 2002 4438 ὲτε-

2118 1925 2201 1970 est
2225 1916 2544 1987 interrumpi
2570 1931 2707 1986 opus
2729 1917 2992 1983 deterius,
3017 1917 3313 1971 secundum
3335 1916 3695 1972 voluntatem.

2119 2005 2225 2060 Sed
2259 2007 2312 2060 in
2361 2004 2479 2060 haec
2534 2006 2716 2076 inquit
2757 2004 3103 2061 Heracleon:
3142 2025 3161 2058 ι
3186 2005 3276 2073 Hi,
3331 2005 3397 2059 ad
3437 2020 3574 2075 quos
3614 2015 3697 2061 est

2116 2112 2318 2159 sermo,
2345 2112 2412 2152 ex
2441 2098 2749 2153 substantia
2780 2097 2982 2153 diaboli
3010 2106 3203 2165 erant;
3235 2117 3254 2150 ι
3286 2096 3515 2167 perinde
3539 2095 3696 2165 quasi

2117 2190 2315 2246 diaboli
2338 2191 2640 2246 substantia
2667 2191 2882 2247 diversa
2913 2190 2986 2246 sit
3016 2192 3085 2246 ab
3114 2190 3354 2245 essentia
3378 2199 3693 2245 sanctorum

2116 2284 2433 2351 angelorum
2468 2283 2699 2337 rationis
2728 2293 2995 2352 compote.
3038 2282 3118 2337 Ac
3158 2282 3293 2335 mihi
3326 2280 3507 2337 simile
3532 2280 3695 2351 quid.

2115 2378 2241 2429 dam
2267 2374 2319 2429 in
2353 2376 2453 2429 hoc
2482 2385 2674 2443 passus
2708 2373 2879 2429 fuisse
2899 2374 3137 2438 videtur,
3165 2382 3330 2442 atque
3362 2371 3452 2428 ille
3485 2373 3576 2441 qui
3607 2372 3695 2426 di-

2114 2482 2331 2522 versam
2361 2468 2660 2522 essentiam
2696 2467 2832 2522 dicit
2857 2482 2978 2522 esse
3005 2467 3148 2521 oculi
3176 2466 3293 2521 sani
3324 2474 3381 2520 et
3404 2465 3546 2520 oculi
3575 2479 3698 2534 per-

2116 2574 2303 2627 peram
2332 2559 2601 2625 videntis;
2638 2569 2691 2613 et
2722 2558 2953 2614 alteram
2991 2572 3116 2614 esse
3145 2559 3439 2614 essentiam
3475 2556 3695 2611 auditus

2112 2650 2314 2713 vitiati,
2354 2650 2584 2704 alteram
2630 2649 2852 2704 auditus
2904 2650 3048 2705 sani.
3084 2648 3155 2704 Ut
3183 2649 3329 2703 enim
3362 2650 3415 2702 in
3447 2647 3533 2702 bis
3583 2661 3692 2701 non

2113 2742 2356 2797 essentia
2386 2741 2624 2803 diversa,
2667 2740 2762 2795 sed
2808 2754 2978 2797 causa
3031 2741 3279 2809 quaedam
3332 2738 3581 2807 contigit,
3635 2747 3697 2791 ut

2111 2833 2333 2889 auditus
2359 2831 2659 2905 oculusque
2688 2832 3049 2899 vitiarentur;
3085 2832 3167 2886 sic
3198 2830 3571 2900 cujuscunque
3601 2844 3692 2883 na-

2114 2934 2236 2980 tura
2263 2925 2376 2996 apti
2424 2925 2491 2980 ad
2524 2925 2925 2993 assequendam
2960 2925 3235 2978 rationem
3265 2922 3500 2978 essentia
3540 2935 3694 2975 asse-

2111 3016 2317 3082 cutiva,
2363 3015 2554 3070 eadem
2607 3025 2727 3080 est;
2784 3016 2898 3070 sive
2947 3016 3214 3070 rationem
3260 3015 3536 3081 admittat,
3580 3012 3697 3068 sive

2112 3122 2231 3161 eam
2264 3115 2478 3162 renuat.
2510 3107 2651 3173 Quid
2674 3108 2817 3161 enim
2852 3107 2903 3160 in
2938 3106 3094 3161 nobis
3118 3107 3431 3162 hominibus
3474 3104 3696 3161 diﬂ‘erat

2113 3199 2195 3253 vis
2224 3198 2313 3252 illa
2341 3212 2461 3267 quae
2492 3206 2739 3251 assecuta
2757 3207 2864 3260 est,
2889 3198 2956 3249 ab
2987 3210 3051 3250 ea
3077 3211 3198 3264 quze
3227 3210 3332 3249 non
3360 3197 3690 3265 assequitur,

2112 3289 2255 3344 haud
2284 3288 2535 3358 equidem
2579 3288 2761 3343 dicere
2794 3301 3023 3356 queam;
3077 3287 3294 3341 etiamsi
3349 3285 3518 3356 338
3567 3293 3690 3355 post

2110 3378 2380 3433 dictorum
2421 3378 2834 3448 intelligentiam
2892 3376 3031 3431 alter
3083 3377 3303 3446 quidem
3344 3392 3409 3432 ea
3465 3377 3691 3431 laudans

2111 3469 2428 3537 acquiescat
2462 3470 2629 3533 dicto,
2665 3468 2804 3523 alter
2845 3482 2974 3523 vero
3020 3467 3152 3522 illud
3199 3476 3411 3522 renuat.
3464 3468 3535 3522 At
3579 3466 3692 3522 fre-

2109 3569 2342 3630 quenter
2398 3561 2674 3628 diximus,
2725 3561 2769 3616 si
2821 3575 3141 3615 concessum
3199 3559 3362 3614 fuerit
3419 3561 3693 3617 essential

2111 3667 2233 3709 esse
2263 3653 2528 3718 diversas,
2559 3654 2704 3723 quod
2738 3653 2854 3707 ﬁeri
2885 3655 3100 3723 nequit,
3138 3653 3471 3722 minimeque
3506 3668 3690 3707 rerum

2109 3747 2487 3814 praestantium
2518 3761 2771 3816 capacem
2802 3747 3076 3802 diabolum
3109 3761 3251 3810 esse,
3277 3746 3517 3800 futurum
3546 3760 3689 3808 esse.

2111 3847 2168 3889 ut
2207 3836 2297 3892 ille
2326 3852 2356 3891 a
2399 3837 2557 3893 nobis
2590 3836 2928 3902 defendatur,
2960 3837 3184 3907 perinde
3215 3837 3370 3907 quasi
3406 3836 3692 3907 pravitatis

2109 3943 2217 3982 non
2254 3928 2324 3983 sit
2351 3938 2541 3983 auctor
2560 3915 2583 3996 ;”
2608 3938 2792 3982 notam
2833 3927 3081 3998 aliaquin
3112 3929 3381 3985 inustnris
3411 3930 3460 3983 ei
3496 3929 3587 3998 qui
3620 3929 3688 3982 il-

2109 4018 2217 4072 lum
2240 4020 2469 4084 creavit,
2500 4020 2705 4090 quique
2739 4022 2840 4090 ipsi
2883 4022 3182 4077 essentiam
3217 4032 3302 4077 est
3330 4022 3562 4091 largitus
3589 4038 3604 4087 ;
3631 4020 3685 4074 id

2105 4110 2249 4179 quod
2275 4112 2517 4166 omnium
2549 4113 3003 4168 absurdissimum
3044 4123 3148 4168 est.
3186 4113 3471 4168 Manifesta
3502 4124 3687 4166 autem

2107 4203 2215 4256 erit
2248 4202 2557 4258 absurditas
2589 4205 2821 4260 intuenti
2859 4207 3219 4260 humanarum
3254 4208 3561 4260 animarum
3596 4221 3687 4260 es-

2107 4294 2360 4357 sentiam,
2408 4304 2466 4348 et
2511 4294 2818 4366 inspicienti
2865 4299 3008 4364 quod
3063 4297 3519 4367 quemadmodum
3569 4298 3687 4353 fleri

2107 4387 2294 4454 nequit
2318 4397 2376 4439 ut
2405 4401 2632 4457 corpora
2665 4389 2902 4443 humana
2929 4391 3099 4459 magis
3122 4404 3284 4459 quam
3310 4390 3415 4444 alia
3448 4391 3687 4444 humana

423 4473 665 4542 ροούσιός
708 4474 819 4543 (5'5)
864 4476 1013 4527 ἐστιν
1060 4474 1348 4545 ἄνθρωπός
1376 4492 1463 4538 τις
1506 4475 1635 4547 παρ’
1664 4476 1872 4548 ἕτερον,
1909 4477 2001 4530 καὶ

2114 4488 2355 4544 corpora,
2391 4476 2504 4531 sint
2551 4478 2776 4533 alterius
2807 4488 2861 4534 et
2891 4480 3117 4536 alterius
3136 4482 3414 4547 essentne,
3449 4482 3523 4536 ita
3563 4481 3684 4536 fieri

420 4564 751 4635 ἑτερογενεῖς
796 4561 935 4619 εἶναι
962 4564 1063 4629 τὰς
1094 4566 1192 4636 τῆς
1225 4565 1405 4636 ψυχῆς
1440 4565 1718 4636 δυνάμεις,
1756 4565 1852 4619 καὶ
1883 4568 2000 4619 ὲτε-

421 4652 619 4723 ρογενῆ
654 4650 816 4718 εἶναι,
857 4652 990 4725 φέρε
1024 4654 1220 4713 εἰπεῖν,
1247 4654 1345 4722 τὴν
1379 4654 1738 4724 μνημονικὴν,
1769 4655 1863 4707 καὶ
1894 4656 1998 4726 τὴν

416 4743 786 4816 διανοητικὴν,
811 4744 963 4816 παρὰ
1003 4744 1103 4815 τὴν
1140 4744 1504 4816 διανοητικήν.
1544 4745 1912 4811 Ἐξεταςέσθω
1939 4747 1997 4800 δὲ

419 4836 450 4889 ὁ
481 4836 638 4907 λόγος
667 4839 796 4909 περὶ
821 4838 1047 4903 τούτων,
1089 4837 1126 4892 ἃ
1166 4838 1365 4911 ὁμοίως
1403 4839 1470 4892 ἂν
1501 4840 1694 4910 νοήσαι
1737 4839 1833 4892 καὶ
1877 4840 1997 4892 δια-

416 4929 634 5003 νοηθείη
656 4947 671 4960 ο
718 4929 859 4982 ὥστε
904 4929 1001 4983 καὶ
1034 4929 1430 5000 παραπλησίως
1474 4929 1933 4997 συγκαταθέσθαι,
1964 4930 1997 5001 ἦ

416 5022 683 5093 ἐπισχεῖν,
709 5022 743 5094 ἢ
775 5022 1066 5077 ἀνανεῦσαι
1092 5023 1152 5075 ὃν
1184 5038 1348 5091 φασιν
1387 5023 1584 5075 ἐκεῖνοι
1612 5021 1998 5092 πνευματικὸν,

489 5157 534 5189 ⁶⁰
570 5157 768 5229 Philip.
800 5175 859 5224 ll,
888 5160 977 5217 15.

488 5272 1236 5350 (4_8)leicesABodleianus
1283 5287 1337 5330 et
1388 5277 1756 5350 Barberinns,
1806 5278 1988 5350 αὑτῷ-

422 5344 833 5415 ιίθείιιεηαύτό,
863 5345 1004 5415 forte
1036 5347 1319 5415 legendum
1352 5348 1539 5402 αὐτοῦ.

489 5412 602 5486 (249)
634 5412 816 5469 Codex
869 5412 1113 5486 Regius;
1138 5420 1416 5485 συνεργεῖν
1441 5434 1455 5448 σ
1502 5419 1845 5484 Bodleianus,
1879 5438 1997 5476 συν-

414 5485 591 5556 ιργέῖτ

488 5552 603 5624 (50)
639 5553 733 5620 Ὡς
760 5553 966 5621 ἐτέρας
994 5553 1205 5622 οὔσης.
1229 5564 1337 5609 etc.
1370 5554 1620 5623 Ejusdem
1665 5560 1851 5624 οὐσίας
1874 5576 1996 5615 esse

416 5633 672 5689 opinatus
697 5635 782 5677 est
838 5626 1101 5693 Origenes
1149 5640 1485 5694 quarumque
1529 5631 1754 5694 praedita
1813 5642 1994 5684 essent

418 5694 652 5767 ratione.
686 5694 947 5767 Corporis
968 5695 1460 5767 solum-discrimen
1497 5697 1716 5767 aliquod
1769 5701 1991 5767 angelos

422 5762 566 5816 inter
593 5773 649 5818 et
678 5764 955 5821 daemones
983 5763 1288 5831 constituit,
1315 5775 1374 5819 ut
1419 5769 1472 5820 in
1521 5762 1869 5836 Οιίὶρεηὲαιιιέ
1899 5772 1988 5825 de-

1088 5160 1130 5198 ⁸⁸
1163 5161 1320 5216 llom.
1357 5176 1475 5229 vui,
1509 5162 1599 5218 28.
1676 5163 1722 5194 ⁸²
1754 5163 1890 5219 Gen.
1925 5180 1973 5227 ι,
2008 5165 2098 5219 3|.

2108 4583 2212 4620 non
2243 4582 2403 4637 posse
2426 4578 2485 4622 ut
2510 4571 2706 4625 animae
2739 4573 2912 4641 magis
2935 4588 3096 4642 quam
3131 4574 3252 4627 alia:
3277 4575 3494 4639 animae,
3521 4581 3576 4627 et
3598 4588 3688 4629 res

2106 4659 2172 4711 ad
2202 4660 2533 4715 intelleCtum
2569 4672 2826 4731 spectans
2873 4665 3044 4733 magis
3070 4680 3235 4735 quam
3281 4682 3371 4720 res
3400 4666 3467 4720 ad
3519 4665 3683 4720 inteI-

2104 4747 2305 4802 lectum
2356 4762 2631 4819 spectans,
2671 4763 2728 4807 et
2775 4754 2858 4809 vis
2897 4755 3169 4824 cogitandi
3197 4757 3368 4826 magis
3394 4770 3557 4826 quam
3591 4757 3672 4810 vis

2103 4839 2398 4908 cogitandi,
2425 4841 2498 4895 sit
2528 4841 2755 4898 alterius
2773 4846 3041 4898 essentiam
3078 4844 3223 4899 Idem
3249 4848 3397 4901 dices
3425 4847 3590 4900 etiam
3616 4847 3685 4900 de

2103 4944 2169 4981 eo
2199 4931 2342 4999 quod
2384 4934 2612 4988 rationis
2654 4945 2737 4989 est
2776 4951 3019 5003 compos,
3061 4948 3116 4991 et
3157 4939 3225 4992 de
3268 4937 3527 5005 potentiis
3564 4953 3684 5006 quae

2106 5031 2234 5074 sunt
2264 5023 2317 5076 in
2346 5024 2566 5092 anima;
2605 5041 2797 5097 nempe
2833 5030 2898 5083 de
2930 5029 3168 5100 potentia
3202 5028 3497 5096 memoriae,
3529 5039 3585 5083 et
3618 5030 3685 5083 de

2106 5280 2547 5350 monstravimus.
2579 5280 2713 5335 Cum
2752 5295 2884 5350 ergo
2915 5283 3012 5336 lib.
3041 5298 3121 5345 Ill,
3153 5300 3300 5336 num.
3350 5283 3438 5345 57.
3494 5296 3681 5339 contra

2103 5348 2314 5422 Celsum
2346 5351 2459 5422 haec
2482 5351 2692 5422 scripta
2714 5348 2994 5422 reliquerit
3016 5371 3030 5407 :
3056 5351 3120 5407 Οἱ
3157 5353 3212 5406 δὲ
3244 5352 3338 5406 τοῦ
3371 5352 3506 5405 Θεοῦ
3543 5352 3678 5408 θεῖοι

2103 5420 2196 5472 καὶ
2229 5418 2374 5487 ἆγιοι
2399 5418 2620 5495 ἀγγελοι
2647 5421 2813 5495 ἀλλης
2828 5418 2962 5495 ξείσὶ
3003 5422 3227 5495 μφύσεως
3274 5424 3369 5495 καὶ
3416 5424 3661 5495 προαιρέ-
3722 5476 3725 5481 ,

2104 5506 2241 5552 σεως
2272 5490 2424 5562 παρὰ
2479 5493 2605 5554 τοὺς
2645 5493 2738 5545 ἐπὶ
2770 5490 2893 5561 γῆς
2944 5493 3148 5556 πάντας
3197 5490 3472 5562 δαίμονας,
3527 5490 3677 5549 Vtile-

2106 5558 2390 5631 utrque-tv
2423 5562 2737 5616 distinxisse
2765 5558 3037 5631 ιιϋόὺσίᾳ.
3075 5558 3333 5616 Hue'rws.
3415 5624 3421 5629 _

2176 5630 2288 5700 (5i)
2316 5630 2495 5701 Codex
2514 5631 2867 5701 ABodleianus,
2902 5630 3193 5701 εἰρημένῳ.

2171 5698 2286 5770 (ξξὶ)
2307 5698 2482 5770 Codex
2509 5699 2729 5770 Regius,
2755 5698 3208 5770 εἴποιμενζιιιξιιυ.

2172 5768 2285 5838 (55)
2312 5767 2458 5824 Idem
2484 5767 2655 5827 codex
2680 5767 2916 5839 Regius,
2934 5769 3259 5835 ἑτερούσιος.
