4196 6398
571 319 680 380 627

2021 318 2343 377 ORIGENIS

3717 328 3826 386 628

574 439 819 511 potentia
862 440 942 495 sic
975 438 1329 507 imaginandi.
1374 435 1431 492 Si
1482 437 1628 491 enim
1677 436 1841 492 homo
1887 452 1998 507 pra:
2045 439 2140 490 alin

2253 438 2347 491 καὶ
2371 436 2431 490 ὃν
2459 438 2702 505 λέγουσιν
2726 435 2865 493 εἶναι
2894 440 3075 509 χοῖκόν
3102 441 3210 510 (54)
3233 458 3246 471 ’
3281 435 3389 512 ἄρα
3419 441 3528 515 γὰρ
3552 440 3616 496 τὸ
3645 461 3818 515 παραυ

572 534 796 591 homine
834 532 1060 587 alterius
1082 544 1168 586 est
1190 532 1533 596 substantia),
1561 531 1788 586 alterius
1813 545 2026 599 quoque
2055 546 2147 598 ge-

570 627 722 682 neris
755 641 981 682 necesse
1008 634 1092 679 est
1122 639 1245 678 esse
1287 624 1479 677 animae
1517 625 1808 692 potentias,
1839 632 1895 677 et
1923 636 2145 691 genere,

571 729 627 770 nt
653 716 729 772 ita
762 716 964 777 dicam,
1001 713 1222 769 diﬂerre
1252 714 1531 769 memoria!
1560 714 1854 781 potentiam
1885 728 1916 766 a
1949 726 2147 765 memo-

572 808 671 861 ria
713 807 951 874 potentia
991 815 1048 859 et
1091 805 1435 859 discurrendi
1485 804 1782 874 potentiam
1819 818 1850 857 a
1905 803 2143 870 potentia

570 896 931 949 discnrrendi.
980 894 1085 948 Sed
1131 893 1300 949 certis
1334 908 1587 960 agamus,
1632 892 1885 961 exemplo
1929 901 2144 946 utentes

567 1000 757 1041 eorum
789 1000 909 1055 qua:
936 983 1192 1039 similiter
1226 983 1534 1054 intelligunt
1579 992 1637 1039 et
1681 984 2029 1038 discurrunt:
2064 982 2139 1035 ita

567 1084 632 1129 nt
660 1091 798 1129 unus
836 1075 1140 1142 spiritualis
1167 1075 1306 1130 alter
1338 1076 1650 1139 terrestris,
1705 1082 1763 1128 ut
1805 1073 1879 1129 illi
1914 1072 2142 1143 loquun-

568 1178 680 1228 tur,
713 1166 963 1221 similiter
1009 1166 1402 1229 assentiantur,
1451 1166 1534 1221 vel
1576 1164 1949 1220 assensionem
2002 1163 2143 1218 inhi-

2250 527 2473 595 πλησιον
2498 531 2556 583 ὲν
2577 529 2851 602 διαφόροις
2880 530 3347 599 γέγονενιούσίαις,
3368 532 3401 602 ἢ
3425 532 3511 586 διὰ
3534 532 3687 589 τοῦτο
3709 536 3817 606 (55)

2248 621 2629 691 παραπλήσιον
2679 623 2872 691 γέγονε
2921 625 2982 677 τὸ
3032 624 3230 688 πάθος,
3272 626 3396 678 ἐπεὶ
3435 626 3718 695 ὁμοούσιον
3751 624 3820 700 ἦν
3918 650 3923 656 ’

2245 709 2404 764 τοῦτο
2427 712 2540 780 (56)
2570 705 2614 779 ᾧ
2643 713 2956 784 συμϐέϐηκε
2980 715 3041 767 τὸ
3070 715 3273 780 πάθος;
3308 716 3383 769 Τὸ
3412 718 3509 787 μὲν
3536 712 3628 772 οὖν
3659 720 3821 787 φάναι

2245 804 2369 865 τοὺς
2393 804 2590 867 αὐτοὺς
2616 804 2820 869 τύπους
2854 807 3181 874 φαντασιῶν,
3221 809 3316 862 καὶ
3346 808 3817 877 συγκαταθέσεων,

2246 895 2341 948 καὶ
2359 895 2707 967 διανοήσεων,
2735 900 2830 952 καὶ
2863 916 2965 970 μνη
2975 898 3281 969 μονεύσεων
3307 901 3586 969 γεγονέναι
3620 905 3680 956 ὲν
3707 906 3819 967 τοῖς

2244 985 2595 1056 ὲτεροουσίοις
2622 987 2734 1056 (57)
2771 987 2962 1054 ἄλογον
2980 1004 2993 1017 ·
3026 988 3086 1039 τὸ
3109 988 3166 1042 δὲ
3192 988 3251 1040 ὲν
3283 991 3394 1052 τοῖς
3421 991 3726 1059 όμοουσίοις
3753 993 3818 1045 ἐκ

2245 1076 2442 1147 μέρους
2479 1077 2553 1139 ὡς
2594 1077 2745 1147 παρὰ
2783 1078 2959 1131 ταῦτα
2987 1071 3125 1130 εἷναί
3156 1093 3278 1130 τινα
3305 1077 3401 1131 καὶ
3441 1077 3606 1149 ἄλλην
3628 1080 3817 1133 οὐσίαν

2241 1167 2299 1219 ὲν
2334 1166 2516 1229 αὐτοῖς
2552 1165 2774 1235 ἠλίθιον.
2818 1167 3331 1237 Παραστησάτωσαν
3375 1164 3484 1237 γὰρ
3525 1166 3676 1237 παρὰ
3716 1166 3816 1231 τὰς

570 1259 758 1319 beant,
790 1267 882 1311 aut
917 1257 1195 1322 abnuant;
1233 1270 1412 1310 utrum
1455 1257 1571 1312 hmc
1603 1256 1901 1311 similitudo
1943 1254 2057 1308 fuit.
2087 1254 2140 1308 in

2239 1260 2495 1331 δυνάμεις
2540 1259 2742 1324 ταύτας
2796 1260 2988 1330 ἑτέραν
3034 1260 3156 1313 τινὰ
3199 1260 3387 1314 οὐσίαν
3437 1259 3513 1333 μὴ
3567 1261 3815 1326 νοοῦσαν,

567 1347 804 1402 diversis
828 1348 1106 1409 essentiis,
1139 1362 1204 1399 an
1232 1348 1413 1416 potius
1437 1346 1614 1415 passio
1637 1346 1835 1401 similis
1863 1345 1986 1408 fuit,
2007 1358 2140 1413 quo-

2242 1349 2375 1420 μηδὲ
2403 1348 2804 1420 διανοουμένην,
2849 1349 2986 1419 μηδὲ
3028 1350 3402 1421 μεμνημένην,
3435 1350 3568 1421 μηδὲ
3614 1368 3819 1420 φαντα-

567 1437 714 1492 niam
735 1437 788 1492 id
817 1436 903 1493 cui
927 1436 1195 1506 contingit
1213 1437 1414 1504 passio.
1438 1445 1559 1490 erat
1579 1436 1824 1506 ejusdem
1856 1434 2139 1490 essentia?

2240 1441 2547 1514 σιουμένην,
2584 1442 2644 1493 ὲν
2684 1435 2765 1504 οἷς
2809 1457 2971 1509 φασιν
3016 1436 3156 1495 εἶναι
3196 1446 3585 1513 πνευματικοῖς
3628 1444 3815 1516 κρείτ-

566 1529 747 1599 Atque
780 1529 1032 1599 equidem
1066 1530 1113 1584 si
1144 1530 1401 1584 dixerunt
1430 1529 1649 1584 easdem
1697 1528 1900 1598 ﬁguras
1948 1527 2140 1597 imagi-

2236 1549 2363 1586 τονα
2395 1533 2494 1602 τῆς
2530 1531 2777 1601 νοούσης,
2817 1533 2911 1586 καὶ
2941 1532 3351 1603 διανοουμένης·
3387 1534 3422 1605 ἢ
3455 1536 3513 1588 ἐν
3547 1536 3658 1598 τοῖς
3702 1540 3815 1605 χοῖ-

566 1622 871 1683 nationum,
918 1629 974 1675 et
1030 1619 1430 1684 assensionmn,
1480 1630 1535 1675 et
1579 1620 2034 1682 recordationum,
2084 1629 2138 1673 et

2237 1627 2355 1687 κοῖς
2415 1624 2533 1695 ἦτοι
2585 1623 2795 1693 ὁμοίαν,
2850 1622 2883 1693 ἢ
2930 1623 3181 1694 χείρονα·
3228 1624 3350 1678 οὐδὲ
3410 1623 3520 1697 γὰρ
3579 1627 3814 1696 φήσουσι

565 1711 912 1767 discnrsuum
967 1711 1142 1766 factas
1185 1711 1355 1766 fuisse
1399 1711 1453 1765 in
1501 1710 1588 1766 liis
1616 1726 1737 1780 qua:
1764 1712 2001 1766 essentia
2032 1709 2136 1764 dii-

2236 1712 2535 1786 κρείττονα.
2572 1710 2710 1764 Ἀλλ’
2752 1710 2899 1774 εἰκὸς
2938 1711 3135 1774 αὐτοὺς
3179 1712 3345 1781 ἐρεῖν,
3372 1711 3475 1777 ὅτι,
3505 1710 3692 1782 ὥσπερ
3733 1712 3818 1763 ὲν-

566 1801 768 1870 l'erant,
805 1802 1038 1857 alienum
1065 1811 1151 1858 est
1183 1818 1213 1855 a
1245 1800 1490 1859 ratione:
1525 1803 1612 1857 sin
1644 1818 1774 1857 vero
1813 1802 1994 1856 dicent
2042 1816 2137 1858 eos

2236 1774 2448 1873 δέχεται
2476 1800 2585 1854 ἀπὸ
2613 1801 2713 1870 τῆς
2736 1800 2904 1871 αὐτῆς
2932 1774 3226 1871 σφραγῖδος
3256 1774 3469 1872 ὁμοίως⁷
3489 1774 3813 1873 τυπωθῆναι

563 1895 656 1964 qui
686 1902 814 1949 sunt
836 1893 1082 1964 ejusdem
1112 1896 1387 1962 essentia,
1416 1895 1705 1964 quamdam
1731 1903 1787 1950 et
1812 1893 1974 1948 aliam
2002 1895 2055 1949 in
2077 1910 2136 1950 se

2235 1889 2335 1960 τὴν
2367 1888 2621 1959 ἀνόμοιον
2657 1888 2845 1942 οὐσίαν
2886 1888 3087 1959 χρυσνιῦ
3134 1890 3227 1944 καὶ
3258 1890 3521 1963 ἀργύρου,
3549 1893 3643 1947 καὶ
3674 1910 3809 1946 κασ-

564 1986 769 2042 habere
816 1986 1111 2041 essentiam
1162 1986 1544 2056 particularem
1589 1986 1661 2041 ab
1698 1986 1805 2040 illis
1838 1986 2131 2050 diversam,

2237 1980 2470 2052 σιτὲρου.
2500 1981 2594 2034 καὶ
2629 1980 2898 2051 μολίϐδου,
2927 1981 3022 2034 καὶ
3060 1981 3252 2052 κηροῦ,
3281 1982 3426 2036 οὓτω
3447 1984 3669 2039 δυνατὸν
3699 1986 3811 2040 ἀπὸ

562 2076 774 2131 fatuum
802 2078 925 2131 erit.
958 2075 1263 2132 Ostendam
1304 2079 1449 2133 enim
1494 2086 1693 2146 praeter
1731 2078 1830 2131 has
1861 2079 2132 2146 potentias

2232 2072 2340 2125 τῶν
2381 2072 2560 2125 αὐτῶν
2595 2071 2709 2141 (58)
2755 2073 3065 2142 φαντασιῶν
3096 2075 3223 2138 τοὺς
3271 2076 3681 2147 παραπλησίους
3710 2079 3807 2147 ὲγ-

560 2166 789 2221 alteram
820 2169 1107 2234 quamdam
1143 2169 1436 2223 essentiam
1468 2183 1572 2222 non
1605 2168 2014 2238 intelligentem,
2038 2185 2134 2225 ne-

559 2272 669 2324 que
696 2258 1160 2322 considerantem,
1212 2275 1387 2329 neque
1450 2260 1910 2326 reminiscentem,
1955 2275 2133 2329 neque

2232 2270 2416 2317 νουσι,
2460 2253 2556 2307 κα)¹
2607 2254 3123 2326 φαντασιουμένοις·
3159 2257 3218 2310 τὸ
3264 2257 3309 2310 δ’
3349 2258 3532 2329 ὅμοιον
3566 2260 3659 2312 καὶ
3711 2260 3809 2313 ἐπὶ

560 2348 974 2418 imaginantem,
995 2364 1119 2405 esse
1147 2350 1200 2404 in
1229 2351 1313 2406 his
1340 2366 1477 2419 quos
1497 2351 1806 2420 spirituales
1836 2350 2131 2420 appellant,

2229 2343 2486 2408 διανοίας,
2515 2347 2610 2398 καὶ
2637 2346 2894 2421 νοήσεως,
2933 2349 3026 2400 καὶ
3061 2348 3477 2419 μνημονεύσεως
3519 2351 3804 2421 φήσουσιν.

558 2448 617 2493 et
644 2439 697 2493 in
726 2440 812 2495 his
837 2456 973 2510 quos
1002 2452 1310 2508 terrestres,
1348 2442 1623 2498 meliorem
1653 2444 1897 2512 potentia
1925 2443 2131 2500 intelli-

2243 2436 2379 2489 Ἀλλ’
2417 2437 2519 2507 ὅρα
2563 2438 2803 2510 μήποτε,
2838 2439 2940 2492 κᾶν
2968 2440 3107 2494 πάνυ
3144 2440 3365 2505 πιθανὸς
3405 2434 3541 2495 εἶναι
3579 2443 3607 2494 ὁ
3646 2441 3806 2511 λόγος

2234 2161 2485 2228 γενέσθαι
2514 2164 2717 2226 τύπους
2773 2166 2885 2228 τοῖς
2930 2165 2988 2217 ὲν
3031 2164 3306 2237 διαφόροις
3354 2167 3562 2229 οὐσίαις
3602 2168 3809 2239 τυγχὰ-
3906 2204 3913 2211 -

555 2531 743 2599 gendi,
775 2539 940 2600 atque
976 2534 1275 2603 cogitandi,
1326 2533 1409 2588 vel
1455 2534 1712 2598 similem,
1740 2535 1824 2588 vel
1852 2533 2128 2606 peiorem;

556 2634 737 2688 neque
765 2621 909 2675 enim
939 2622 1137 2675 dicturi
1168 2631 1295 2676 sunt
1326 2622 1627 2677 meliorem.
1674 2623 1781 2678 Sed
1838 2634 2127 2679 consenta-

556 2723 717 2766 neum
744 2718 828 2764 est
855 2724 950 2764 eos
978 2711 1238 2776 dicturos,
1268 2711 1722 2781 quemadmodum
1753 2715 2042 2780 contingit,
2073 2725 2133 2768 ut

556 2813 624 2852 ex
664 2799 855 2853 eodem
886 2799 1064 2869 sigillo
1090 2801 1343 2855 similiter
1376 2802 1722 2872 imprimatur
1740 2803 2018 2858 dissimilis
2043 2819 2127 2858 es-

557 2890 757 2953 sentia,
786 2901 918 2960 puta
945 2892 1085 2954 auri,
1111 2894 1343 2962 argenti,
1377 2895 1583 2956 stanni,
1621 2895 1849 2965 plumbi,
1878 2909 1934 2951 et
1965 2911 2125 2961 certe,

555 2978 635 3031 sic
676 2976 836 3032 facile
865 2978 1007 3032 factu
1058 2994 1179 3035 esse
1209 2991 1270 3034 ut
1305 2997 1370 3036 ex
1420 2984 1611 3037 iisdem
1647 2985 2129 3054 imaginationibus

2228 2526 2382 2594 οὗτος
2435 2532 2598 2603 δοκῇ,
2651 2531 3017 2604 συναρπάζειν
3080 2534 3300 2603 μᾶλλον,
3341 2533 3434 2586 καὶ
3486 2534 3805 2602 σοφίζεσθαι

2227 2622 2450 2676 δύναται
2486 2622 2552 2677 ἂν
2583 2623 2785 2695 ὁμοίως
2816 2624 2927 2694 (59)
2957 2624 3462 2696 παραϐεϐλημένος,
3507 2627 3651 2696 ἥπερ
3693 2630 3807 2681 πεί-

2228 2714 2342 2768 θειν
2376 2714 2466 2770 τὸν
2511 2714 2755 2786 ἀκριϐῶς
2805 2716 2882 2785 τῷ
2937 2715 3338 2787 παραδείγματι
3395 2718 3799 2788 ἐπιστήσανταο

2227 2805 2319 2858 ἐπὶ
2356 2806 2455 2876 μὲν
2482 2805 2592 2879 γὰρ
2620 2806 2719 2877 τῆς
2747 2806 2954 2869 εἰκόνος
2986 2806 3094 2877 ἔχω
3132 2806 3321 2873 δεῖξαι,
3364 2808 3444 2861 ὃτι
3481 2809 3539 2860 ὲν
3562 2809 3746 2880 χρυσῷ
3773 2810 3808 2861 ὁ

2224 2895 2392 2959 τύπος
2420 2895 2594 2967 (60),ό
2631 2898 2689 2951 ὲν
2718 2897 2963 2969 ἀργύρῳ,
3075 2899 3171 2969 μὲν
3196 2901 3226 2951 ό
3260 2898 3457 2962 τύπος,
3506 2901 3802 2971 παραπλή-

2228 3002 2343 3050 σιος
2383 2986 2659 3041 δείκνυται
2688 2987 2786 3059 τὴν
2838 2989 3072 3059 ἰδιότητα
3117 2989 3210 3043 τοῦ
3256 2990 3313 3042 ὲν
3346 2990 3531 3062 χρυσῷ
3579 2990 3802 3059 γεγονέ-

556 3065 937 3135 imprimuntur
962 3066 1144 3138 ﬁgura:
1174 3068 1227 3121 in
1254 3070 1498 3126 diversas
1525 3072 1690 3144 339
1714 3077 1983 3131 essentias
2026 3078 2123 3131 lia-

2228 3096 2336 3141 ναι,
2373 3078 2524 3148 παρὰ
2565 3078 2643 3150 τῷ
2688 3080 2746 3132 ὲν
2777 3080 3003 3153 ἀργύρῳ
3047 3081 3427 3146 τετυπῶσθαι,
3469 3085 3504 3155 ἢ
3537 3087 3657 3148 ταῖς
3687 3085 3802 3138 λοι-

557 3156 809 3211 Ιιειιιὶιηιε
830 3167 884 3211 et
910 3158 1355 3227 imaginantibus,
1383 3162 1559 3217 simile
1581 3166 1743 3219 etiam
1767 3166 1833 3221 de
1855 3166 2123 3235 discursu,

554 3248 620 3302 tie
657 3248 1007 3316 intelligentia
1039 3258 1096 3303 et
1130 3251 1531 3307 reminiscentia
1567 3256 1786 3312 dicturi.
1822 3257 1893 3313 At
1915 3258 2037 3314 vide
2059 3274 2126 3313 ne

553 3337 716 3402 forte,
742 3339 957 3394 etiamsi
989 3341 1283 3396 admodum
1322 3345 1702 3411 persuasibilis
1732 3348 1847 3403 luec
1878 3349 2126 3403 videatur

554 3430 752 3494 oratio,
777 3431 1054 3500 corripere
1076 3434 1247 3502 magis
1273 3448 1340 3489 ac
1384 3434 1637 3504 decipere
1667 3439 1745 3491 sic
1776 3438 1968 3493 collata
1998 3455 2125 3510 pos-

555 3523 822 3591 sitquam
869 3524 1198 3589 persuadere
1250 3524 1324 3577 illi
1370 3525 1461 3594 qui
1516 3527 1824 3598 exemplum
1872 3543 2126 3586 accurate

552 3612 847 3667 adnotarit.
881 3611 961 3667 Ac
998 3613 1063 3666 de
1087 3613 1320 3683 imagine
1357 3615 1486 3670 illud
1526 3618 1741 3687 quidem
1773 3622 1990 3690 possum
2032 3640 2124 3680 os-

553 3698 775 3753 tendere
800 3702 942 3768 quod
971 3700 1139 3768 ﬁgura
1167 3701 1219 3755 in
1260 3717 1411 3764 auro,
1448 3718 1552 3775 qua
1582 3706 1791 3763 ratione
1820 3709 1990 3780 ﬁgura
2012 3723 2119 3775 est,

550 3790 746 3844 similis
774 3790 846 3845 illi
872 3791 1057 3861 tigurze
1082 3807 1202 3860 qua:
1230 3803 1313 3848 est
1345 3795 1395 3848 in
1440 3806 1688 3868 argento,
1730 3802 2118 3872 praprietatem

547 3881 819 3948 ostendat,
843 3896 941 3936 cur
963 3880 1103 3938 facta
1132 3884 1205 3938 sit
1228 3886 1406 3955 potius
1433 3888 1486 3942 in
1510 3904 1642 3944 auro
1667 3905 1829 3960 quam
1856 3894 2118 3964 impressa

549 3974 622 4025 sit
649 3971 704 4027 in
734 3983 955 4045 argento
983 3975 1067 4030 vel
1103 3974 1157 4030 in
1188 3977 1402 4033 caeteris
1433 3980 1923 4051 materiis.'Qnare
1957 3986 2120 4041 vicis-

549 4065 651 4122 sim
680 4063 836 4117 nobis
870 4066 1156 4120 ostendant
1190 4065 1265 4120 illi
1296 4069 1680 4138 pr0prietatem
1710 4072 1827 4139 ejus
1855 4077 1997 4144 quod
2021 4077 2118 4130 ad-

550 4154 698 4209 misit
729 4155 985 4225 majorem
1010 4155 1259 4227 liguram,
1288 4160 1372 4213 vel
1396 4160 1681 4225 minorem,
1717 4164 1798 4219 vel
1831 4166 2069 4221 intimam
2100 4186 2115 4232 ;

548 4261 613 4301 ac
642 4255 851 4302 tentent
883 4247 1074 4301 saltem
1117 4251 1329 4321 nugari,
1359 4267 1422 4305 ac
1456 4253 1814 4327 circumloqui
1842 4259 2116 4313 diversam

548 4337 843 4393 essentiam
898 4340 1190 4411 ﬁgurarum
1240 4344 1653 4413 suscipientimn
1720 4349 1974 4404 similiter
2012 4351 2116 4404 im-

2226 3172 2357 3233 παῖς
2419 3168 2606 3233 ὕλαις·
2658 3169 2804 3224 οὕτω
2856 3171 3033 3224 τοίνυν
3100 3173 3231 3242 ἡμῖν
3286 3175 3802 3246 παραστησάτωσαν

2228 3261 2421 3331 ἰδίωμα
2466 3261 2559 3314 τοῦ
2604 3261 2892 3333 δεξαμένου
2927 3261 3095 3315 τύπον
3130 3262 3351 3334 μείζονα
3383 3265 3591 3338 (61),ἣ
3638 3266 3799 3319 ἐλάτ-

2222 3373 2370 3419 τονα,
2399 3356 2433 3427 ἢ
2466 3355 2881 3428 ὑποδεέστερονο
2924 3357 3018 3409 καὶ
3048 3358 3463 3429 πειραθήτωσαν
3491 3356 3593 3412 κᾶν
3638 3375 3799 3430 περι-

2222 3445 2444 3519 λαλῆσαι
2475 3446 2573 3518 τὴν
2613 3447 2720 3500 τῶν
2764 3446 3069 3516 δεξαμένων
3109 3450 3207 3520 τὴν
3240 3447 3509 3519 ἀνάμαξιν
3548 3449 3656 3502 τῶν
3698 3448 3799 3502 τύ-

2223 3555 2340 3590 πων
2375 3537 2768 3609 παραπλησίως
2816 3538 3071 3610 διάφορον
3110 3538 3328 3593 ούσίαν·
3377 3540 3454 3610 μὴ
3499 3539 3608 3610 γὰρ
3650 3557 3798 3611 παρ-

2227 3628 2502 3692 ιστάντες,
2551 3628 2954 3698 ἀποφανοῦνται
3008 3629 3127 3700 μὲν,
3177 3630 3277 3683 οὐκ
3327 3629 3666 3696 ἀποδείξουσι
3713 3630 3797 3684 δέ.

2222 3720 2469 3774 Τοσαῦτα
2511 3723 2604 3774 καὶ
2637 3721 2774 3793 πρὸς
2814 3720 2909 3774 τὸν
2950 3722 3321 3793 Ἡρακλέωνος
3353 3721 3509 3790 λόγον
3551 3722 3798 3785 εἰπόντος

2220 3812 2307 3868 τό·
2352 3813 2447 3865 Ἐκ
2485 3812 2590 3866 τοῦ
2641 3812 2864 3881 πατρὸς
2902 3813 3008 3867 τοῦ
3056 3813 3357 3879 διαϐόλου,
3402 3814 3522 3866 ἀντὶ
3573 3812 3687 3875 τοῦ,
3732 3816 3799 3869 ὲκ

2220 3903 2321 3972 τῆς
2360 3903 2547 3967 οὐσίας
2574 3903 2668 3957 τοῦ
2699 3906 2906 3977 πατρὸς
2952 3905 3047 3959 τοῦ
3077 3904 3325 3960 διαϐόλου
3370 3904 3480 3976 (62)
3534 3904 3791 3976 εἰρήσθω·

2219 3994 2389 4047 Πάλιν
2437 3997 2517 4058 είς
2556 3996 2617 4050 τό
2639 4014 2651 4026 ο
2704 3996 2813 4063 Τὰς
2853 3997 3164 4066 ἐπιθυμίας
3214 3997 3319 4051 τοῦ
3365 3997 3588 4062 πατρὸς
3629 3995 3797 4064 ὑμῶν

2219 4085 2419 4138 θέλετε
2449 4083 2659 4148 ποιεῖν,
2693 4083 3053 4139 διαστέλλεται
3083 4083 3260 4153 λέγων
3292 4084 3384 4138 τὸν
3425 4083 3668 4137 διάϐολον
3714 4083 3793 4153 μὴ

2217 4171 2359 4242 ἔχειν
2403 4171 2630 4242 θέλημα,
2675 4172 2788 4226 ἀλλ’
2820 4174 3145 4245 ὲπιθυμία;’
3184 4174 3279 4226 καὶ
3322 4172 3644 4243 ἐμφαίνεται
3689 4171 3793 4223 αύ-

2217 4262 2370 4316 τόθεν
2393 4262 2452 4315 τὸ
2480 4262 2794 4334 ἀδιανόητον
2824 4264 2934 4336 (65)
2974 4263 3069 4318 τοῦ
3111 4265 3301 4332 λόγου·
3352 4262 3526 4316 θέλειν
3570 4262 3678 4333 γὰρ
3720 4263 3794 4317 τὰ

2220 4354 2432 4427 πονηρὰ
2459 4358 2565 4420 πᾶς
2598 4357 2663 4410 ἄν
2688 4374 2772 4420 τις
2808 4357 3139 4429 ὁμολογήσαι
3184 4357 3408 4410 ἐκεῖνον.
3440 4354 3694 4420 Συνάξεις
3733 4355 3793 4410 δὲ

551 4428 921 4495 pressionem;
968 4432 1112 4500 quod
1161 4447 1285 4487 cum
1321 4449 1424 4489 non
1455 4436 1822 4503 exhibuerint,
1858 4441 2110 4495 enuntia-

2225 4445 2313 4498 καὶ
2341 4444 2523 4510 αὐτὸς,
2557 4447 2605 4499 εί
2636 4447 2729 4499 καὶ
2753 4448 2846 4500 ἐπὶ
2869 4446 2962 4500 τοῦ
2988 4428 3099 4519 (64)
3132 4447 3400 4517 παρόντος
3432 4449 3489 4500 ὲν
3519 4445 3794 4519 προχείρῳ

550 4523 683 4575 lmnt
709 4522 946 4590 quidem,
974 4524 1067 4577 sed
1109 4540 1215 4580 non
1250 4525 1722 4586 demonstrabunt.
1756 4529 2031 4587 Hactenus
2050 4534 2116 4587 de

550 4612 900 4679 lieracleone,
930 4615 1021 4684 qui
1062 4617 1335 4684 exposuit,
1365 4634 1430 4677 ea:
1450 4628 1603 4687 patre
1646 4608 1882 4686 diabolo,
1919 4637 2016 4690 pro
2048 4638 2113 4677 eo

545 4703 688 4771 quod
713 4714 819 4769 est,
850 4720 913 4759 ex
940 4706 1240 4761 substantia
1269 4708 1437 4777 patris
1462 4707 1700 4775 diaboli;
1724 4711 1813 4779 qui
1842 4726 2031 4767 rursus
2059 4712 2111 4767 in

549 4796 654 4852 hoc
680 4795 905 4865 dictum,
934 4797 1195 4851 desideria
1218 4802 1390 4870 patris
1419 4803 1574 4856 vestri
1602 4802 1756 4857 vultis
1785 4801 1981 4872 facere,
2014 4804 2118 4858 dis~

546 4897 697 4957 putat
722 4888 908 4944 dicens
938 4888 1213 4943 diabolum
1241 4906 1345 4945 non
1385 4891 1587 4947 habere
1618 4894 1975 4959 voluntatem,
2016 4897 2111 4952 sed

543 4979 811 5035 desideria
836 4995 853 5044 ;
874 4980 1027 5047 cujus
1047 4980 1177 5037 dicti
1208 4983 1517 5037 absurditas
1545 4996 1766 5054 apparet
1790 5002 1856 5041 ex
1880 5002 1960 5052 sc,
1987 4990 2115 5047 dum

615 5071 730 5154 (ξι)
751 5074 988 5154 Χοϊκρν.
1009 5073 1177 5154 Quem
1206 5087 1261 5130 et
1282 5077 1465 5132 ὑλικόν
1495 5080 1874 5149 appellabant,
1901 5091 1957 5135 et
1984 5098 2113 5154 σαρ-

542 5142 714 5214 κικόν1
745 5153 796 5214 et
818 5145 1023 5214 γήϊνον.
1054 5144 1317 5201 Hunnus.

612 5211 730 5278 (55)
752 5211 856 5266 Διὰ
879 5211 1073 5267 τοῦτο.
1106 5216 1266 5271 Deest
1291 5217 1344 5270 in
1383 5218 1571 5273 codice
1597 5217 1909 5277 Bodleiano.

752 5282 937 5360 Qudex
963 5284 1288 5360 liodleianus
1311 5286 1474 5360 liabet
1500 5287 1693 5360 τούτῳ.

752 5350 935 5431 βοάᾳ
961 5353 1552 5431 Ιὶςιζὶυεηὲτερουσίοις.

543 5419 979 5542 θυεῇξξῧῇξῖὧν.
1005 5419 1164 5480 Deest
1192 5427 1244 5479 in
1276 5419 1461 5483 c'odice
1486 5419 1675 5497 Regio,
1702 5431 1794 5484 sed
1820 5431 2018 5501 legitur
2052 5434 2106 5490 in

585 5506 855 5545 υιυειυηο.

611 5561 724 5642 (ᾧ9)
778 5562 884 5642 ’A_r_
927 5562 1164 5642 ὁμοίωςὲ
1220 5563 1383 5642 ξομ-ιο
1431 5565 1712 5642 legendum
1743 5609 1759 5632 ,
1816 5572 2103 5642 ἀνομοίως.

540 5627 771 5714 ibidem,
795 5632 890 5714 mg
916 5627 1451 5714 οριιεκκίθοαιείεηηε
1478 5627 1634 5691 liabet
1682 5627 1826 5714 ἤπερ
1874 5627 2104 5708 {stoer},

542 5698 810 5781 leniatur-iit
849 5699 1019 5781 Regio
1044 5698 1201 5781 εἴπερ
1223 5704 1431 5781 Δπείθει.

611 5758 1232 5843 (ϐογοτιὲίίχρυσῷὀ
1269 5777 1475 5843 τύπος,
1518 5789 1621 5834 etc.
1682 5780 1802 5836 limo
1852 5783 2101 5839 intricata

2220 4536 2320 4589 ούκ
2356 4535 2551 4608 ἔχομεν
2577 4537 2935 4608 παραθέσθαι,
2964 4538 3018 4591 εῐ
3050 4555 3153 4591 που
3193 4540 3251 4591 ἐν
3280 4541 3346 4609 τῇ
3377 4539 3568 4609 Γραφῇ
3606 4536 3667 4589 τὸ
3699 4536 3792 4589 θέ-

2215 4631 2349 4681 λειν
2377 4628 2469 4681 ἐπὶ
2499 4627 2593 4682 τοῦ
2625 4628 2867 4681 διαϐόλου
2908 4629 3183 4682 τέτακται.
3229 4627 3384 4682 Μετὰ
3419 4628 3594 4682 ταῦτά
3627 4645 3790 4698 φησιν

2216 4720 2246 4770 ὁ
2283 4718 2598 4791 Ἡρακλέων
2641 4718 2718 4783 ὡς
2767 4719 2874 4789 ἄρα
2920 4718 3093 4772 ταῦτα
3144 4720 3359 4790 εἴρηται
3395 4721 3456 4773 οὐ
3498 4719 3634 4791 πρὸς
3665 4720 3790 4781 τοὺς

2217 4810 2376 4877 φύσει
2402 4792 2501 4863 ⁴τοῦ
2538 4809 2785 4865 διαϐόλου
2823 4811 2992 4874 υίοὺς,
3030 4813 3157 4875 τοὺς
3190 4812 3437 4882 χοῖκοὺς,
3483 4811 3619 4866 ἀλλὰ
3651 4809 3789 4882 πρὸς

2216 4905 2339 4966 τοὺς
2365 4902 2628 4973 ψυχικοὺς
2660 4903 2805 4956 θέσει
2835 4904 2983 4967 υἱοὺς
3015 4904 3262 4957 διαϐόλου
3301 4904 3657 4975 γενομένους·
3691 4903 3788 4971 ἀφ’

2212 4984 2287 5045 ὧν
2314 4995 2382 5065 τῇ
2422 4993 2580 5062 φύσει
2612 4993 2863 5049 δύνανταί
2891 5013 3035 5057 τινες
3063 4996 3157 5049 καὶ
3184 4994 3335 5073 ,θέσει
3358 4996 3466 5048 υἱοὶ
3494 4993 3629 5048 Θεοῦ
3660 5009 3789 5065 χρη-

2220 5096 2516 5174 ειιηικιιιιαξ
2554 5088 2634 5143 sic
2658 5090 2850 5175 legisse
2871 5091 3079 5175 videtur
3110 5090 3426 5175 Ferrarius,
3471 5090 3595 5142 ὐτι
3650 5089 3679 5140 ό
3728 5089 3786 5140 ὲν

2219 5154 2618 5277 χρυσῷ-τύπος,
2654 5154 2732 5229 τῷ
2767 5161 2826 5213 ὲν
2864 5159 3087 5231 ἀργύρῳ
3111 5200 3125 5222 ,
3231 5160 3331 5229 μὲν
3363 5159 3551 5222 τύπος,
3611 5174 3784 5230 παρα-

2219 5243 2260 5298 π
2293 5228 2446 5298 ῄσιος
2497 5228 2790 5293 δείκνυται,
2823 5241 2959 5292 etc.,
2989 5247 3109 5298 qua:
3142 5232 3272 5285 milii
3326 5240 3504 5283 tamen
3538 5245 3653 5298 non
3698 5244 3784 5280 sa-

2212 5296 2509 5352 tisfaciunt.
2534 5298 2641 5352 Nos
2659 5298 2833 5353 locum
2863 5296 3027 5368 hunc,
3052 5302 3178 5355 dum
3210 5310 3491 5356 succurrat
3523 5296 3781 5367 (Edipus,

2212 5380 2319 5418 non
2357 5379 2656 5432 tangemus.
2691 5368 2955 5425 HUETIUS.

2283 5434 2395 5511 )
2430 5436 2609 5511 Code;
2638 5437 2854 5504 Regius,
2887 5441 3193 5511 κρείττονα.

2282 5507 2394 5577 (62)
2432 5508 2540 5561 Τοῦ
2572 5508 2875 5563 διαϐόλου.
2910 5507 3070 5565 Deest
3117 5510 3171 5563 in
3208 5510 3390 5566 codice
3448 5508 3639 5578 Regio,
3686 5508 3780 5563 scd

2212 5574 2408 5642 legitur
2438 5579 2487 5630 in
2517 5579 2832 5632 Bodleiano.

2284 5646 2395 5719 (633)
2419 5650 2597 5719 (Index
2629 5649 2846 5719 Regius,
2881 5648 3174 5718 διανόητον,
3215 5649 3373 5719 male.

2285 5717 2394 5792 (6i)
2424 5718 2565 5773 Idem
2599 5717 2767 5775 codex
2802 5717 3021 5793 Regius,
3056 5717 3107 5775 εξ
3135 5719 3224 5772 ἐπὶ
3253 5718 3369 5784 τοῦ,
3394 5719 3599 5777 omisso
3622 5717 3733 5773 καί.
