4196 6428
464 368 571 423 629

1519 365 1878 423 COMMENT.
1924 364 1988 420 IN
2030 364 2199 422 JOAN

2261 365 2510 424 TOMUS
2547 369 2663 424 XX.
3621 379 3731 435 6'50

465 488 708 558 ιιατίσαι.
736 486 850 540 Καί
885 486 1018 557 φησί
1048 503 1134 555 γε.
1164 487 1246 540 ὅτι
1278 486 1431 558 παρά
1460 487 1541 557 τῷ
1568 486 1919 559 ἠγαπηκέναι
1950 484 2046 551 τὰς

2152 489 2405 545 omnibus
2433 489 2487 544 in
2514 490 2768 546 confesso
2804 499 2890 548 est
2919 492 3070 547 illum
3115 495 3255 549 mala
3286 496 3439 557 velle,
3494 498 3731 569 Colliges

460 577 760 648 ἐπιθυμίας
789 576 887 630 τοῦ
929 579 1198 643 διαϐόλου,
1232 580 1327 633 καὶ
1358 582 1553 644 ποιεῖν,
1581 580 1748 633 τέκνα
1776 572 1922 634 οὗτοι
1952 580 2049 634 τοῦ

415 685 419 690 '
458 667 703 721 διαϐόλου
744 668 1004 735 γίνονται,
1036 670 1096 722 οὐ
1128 668 1287 739 φύσει
1315 669 1548 723 τοιοῦτοι
1588 671 1769 733 ὄντες·
1804 672 1898 725 καὶ
1933 671 2051 724 δια-

460 758 738 811 στέλλεται
764 760 842 823 ὠς
871 759 980 831 ἄρα
1002 760 1205 834 τριχῶς
1231 761 1314 814 δεῖ
1335 761 1554 815 ἀκούειν
1584 762 1685 832 τῆς
1719 762 1859 816 κατά
1883 762 2051 817 τέκνα

459 849 782 920 ὀνομασίας,
814 851 1034 922 πρῶτον
1073 852 1266 921 φύσει,
1318 853 1568 926 δεύτερον
1601 854 1825 927 γνώμῃ,
1867 856 2049 927 τρίτον

459 941 608 1014 ἀξία.
663 961 682 993 t
712 943 823 996 Kal.
856 941 1016 1012 φύσει
1052 945 1172 1016 μὲν,
1203 947 1369 1017 φησὶ,
1409 948 1524 1000 ἐστὶ
1562 948 1623 1000 τὸ
1653 948 1908 1020 γεννηθὲν
1944 948 2050 1001 ὑπό

459 1051 604 1099 τινος
662 1035 954 1109 γεννητοῦ,
1001 1037 1030 1090 ὃ
1083 1039 1179 1092 καὶ
1235 1039 1440 1110 κυρίως
1512 1039 1703 1094 τέκνον
1760 1041 2045 1094 καλεῖται’

459 1127 654 1200 γνώμῃ
692 1128 770 1192 δὲ,
815 1130 904 1183 ὅτε
932 1131 998 1183 τὸ
1046 1130 1257 1202 θέλημά
1300 1148 1385 1195 τις
1422 1131 1592 1184 ποιῶν
1638 1149 1784 1194 τινος
1823 1131 1911 1184 διὰ
1950 1132 2049 1203 τὴν

461 1218 655 1272 ἑαυτοῦ
701 1219 950 1292 γνώμην,
979 1223 1168 1278 τέκνον
1200 1225 1410 1278 ἐκείνου
1451 1220 1513 1283 οὗ
1546 1228 1691 1277 ποιεῖ
1738 1225 1799 1277 τὸ
1837 1224 2052 1295 θέλημα

460 1311 701 1366 καλεῖται
726 1331 739 1344 ·
786 1314 915 1384 ἀξίᾳ
969 1315 1055 1381 δὲ,
1105 1317 1230 1370 καθ’
1275 1317 1303 1370 δ
1345 1316 1563 1387 λέγεταί
1615 1334 1760 1381 τινες
1821 1318 2049 1390 γεέννης

458 1402 653 1468 τέκνα,
701 1406 797 1458 καὶ
844 1406 1102 1471 σκότους,
1152 1409 1247 1461 καὶ
1281 1410 1543 1480 ἀνομίας,
1569 1411 1667 1465 καὶ
1708 1411 1906 1480 ὄφεων,
1953 1410 2049 1464 καὶ

458 1494 680 1564 ἐχιδνῶν
726 1499 1062 1568 γεννήματα.
1110 1500 1184 1552 Οὐ
1232 1500 1340 1572 γάρ
1385 1503 1569 1571 γεννᾷ,
1612 1503 1780 1571 φησὶ,
1820 1502 2051 1556 τοιαῦτά

458 1577 580 1639 τινα
628 1588 741 1659 (65)
787 1592 854 1660 τῇ
912 1590 1121 1643 ἑαυτῶν
1170 1590 1361 1659 φύσει·
1415 1592 1718 1663 φθοροποιά
1774 1594 1905 1666 γὰρ,
1952 1594 2049 1648 καὶ

458 1677 818 1734 ἀναλίσκοντα
859 1682 987 1744 τοὺς
1028 1682 1401 1752 ὲμϐληθέντας
1432 1685 1513 1747 είς
1551 1685 1725 1738 αύτά·
1764 1685 1881 1739 ἀλλ’
1925 1686 2049 1739 ἐπεὶ

458 1767 699 1841 ἔπραξαν
755 1768 824 1823 τά
876 1772 1099 1826 ἐκείνων
1152 1774 1311 1844 ἔργα,
1364 1774 1529 1829 τέκνα
1576 1779 1756 1833 αὐτῶν
1779 1779 2045 1854 εἴρηται.ι

2153 580 2314 634 etiam
2347 589 2404 633 tu
2434 582 2571 649 ipse,
2594 581 2808 636 etiamsi
2846 582 2899 636 in
2922 585 3220 653 prmsentia
3251 601 3356 640 non
3384 587 3454 642 sit
3480 589 3634 643 nobis
3662 594 3731 644 ad

2154 685 2352 726 manus
2376 671 2517 741 quod
2553 672 2606 725 in
2641 672 2879 728 medium
2907 676 3263 740 adducamus,
3316 692 3383 731 an
3432 677 3633 735 alicubi
3677 681 3730 735 in

2153 760 2436 832 Scriptura
2472 762 2709 831 positum
2738 764 2811 819 sit
2845 765 3195 834 vocabulum,
3224 767 3372 833 velle,
3404 770 3471 823 de
3492 769 3730 826 diabolo.

2154 851 2333 923 lnquit
2360 854 2526 908 etiam
2564 864 2684 924 post
2719 859 2835 910 hmc
2860 855 3157 913 Heracleon
3196 860 3311 914 haec
3344 859 3487 916 dicta
3532 861 3731 925 fuisse,

2153 960 2260 999 non
2301 947 2367 999 ad
2403 954 2653 1002 terrenos
2694 956 2890 1001 natura
2930 946 3256 1005 exsistentes
3308 951 3508 1007 diaboli
3568 953 3730 1018 ﬁlios,

2152 1038 2245 1092 sed
2286 1039 2353 1092 ad
2381 1053 2478 1095 eos
2506 1040 2602 1109 qui
2639 1050 2767 1095 sunt
2798 1040 3088 1106 animales,
3134 1042 3313 1098 factus
3361 1045 3557 1100 diaboli
3593 1044 3734 1100 ﬁlios

2154 1128 2459 1197 positione;
2488 1144 2557 1184 ex
2583 1130 2784 1200 quibus
2807 1142 3038 1201 possunt
3064 1132 3286 1201 quidam
3318 1141 3510 1189 natura
3548 1146 3604 1190 et
3631 1151 3732 1205 po-

2153 1223 2351 1278 sitione
2389 1223 2483 1279 lilii
2516 1222 2612 1279 Dei
2646 1239 2788 1280 esse.
2830 1223 3011 1294 lnquit
3032 1233 3293 1294 pmterea
3322 1228 3423 1281 hos
3465 1227 3583 1282 ﬁeri
3615 1229 3735 1283 dia-

2157 1316 2288 1382 boli,
2312 1330 2380 1371 eo
2409 1315 2552 1387 quod
2582 1315 2875 1372 dilexerint
2927 1316 3241 1386 faciantque
3280 1318 3481 1373 diaboli
3510 1319 3729 1375 deside-

2156 1409 2257 1473 ria,
2286 1424 2410 1462 eum
2438 1416 2629 1462 natura
2662 1408 2974 1478 huiusmodi
3000 1425 3109 1466 non
3135 1411 3264 1467 sint.
3296 1412 3542 1480 Disputat
3563 1415 3729 1466 etiam

2153 1499 2482 1555 vocabulum
2512 1499 2746 1554 ﬁliorum
2773 1500 3043 1556 trifariam
3088 1501 3313 1573 intelligi
3344 1503 3542 1558 debere
3572 1521 3587 1571 ;
3617 1506 3731 1573 pri-

2153 1606 2301 1646 mum
2333 1600 2549 1654 natura,
2576 1591 2810 1647 alterum
2838 1598 3140 1658 voluntate,
3175 1595 3393 1650 tertium
3444 1596 3724 1667 dignitate.

2158 1703 2179 1735 ι
2212 1682 2437 1749 Natura,
2489 1684 2686 1752 inquit,
2743 1684 2876 1740 illud
2898 1687 3138 1756 estquod
3170 1688 3413 1756 genitum
3435 1697 3520 1744 est
3543 1702 3574 1741 a
3595 1702 3734 1758 quo-

2153 1774 2276 1828 dam
2304 1776 2512 1845 genito.
2545 1778 2691 1847 quod
2720 1777 2886 1832 etiam
2919 1778 3142 1848 proprie
3176 1779 3317 1834 ﬁlius
3342 1788 3607 1844 vocatur;
3632 1794 3733 1835 vo-

458 1839 729 1934 Τοιαύτην
789 1862 845 1915 δὲ
906 1839 1194 1937 διαστολὴν
1229 1839 1486 1931 ’δεδωκὼς
1505 1909 1519 1931 ,
1568 1869 1690 1921 οὐδὲ
1742 1839 1862 1922 καθ’
1884 1839 1895 1854 ⁸
1915 1870 2046 1923 ὁπό-

2154 1865 2361 1920 luntate
2391 1881 2543 1929 vero,
2573 1882 2696 1921 cum
2725 1867 2850 1936 quis
2875 1868 3212 1924 voluntatem
3245 1869 3450 1925 faciens
3476 1870 3729 1938 alicujus.

461 1969 552 2006 σον
583 1954 694 2027 (66)
732 1956 841 2009 ἀπὸ
888 1957 996 2011 τῶν
1039 1959 1273 2029 Γραφῶν
1316 1961 1744 2033 παρεμυθήσατο
1778 1962 1875 2035 τὴν
1912 1964 2047 2018 ἰδίαν

454 2048 730 2120 διήγησιν.
765 2050 1032 2122 Εἴποιμεν
1078 2052 1123 2106 δ’
1161 2051 1228 2106 ἂν
1280 2053 1417 2123 πρὸς
1465 2054 1660 2118 αὐτὸν,
1705 2054 1818 2120 ὅτι,
1869 2056 1918 2108 εί
1969 2057 2044 2128 μὴ

457 2140 649 2209 φύσει,
698 2143 834 2197 ἀλλά
888 2142 1016 2214 ἀξίᾳ
1065 2143 1289 2215 γεέννης
1330 2143 1498 2198 τέκνα
1549 2145 1908 2217 ὀνομάζεται,
1950 2147 2047 2200 καὶ

459 2233 718 2298 σκότους,
758 2235 853 2288 καὶ
887 2236 1143 2306 ἀνομίας,
1182 2233 1506 2307 (φθοροποιά
1551 2236 1662 2306 γὰρ
1704 2236 1909 2299 ταῦτα,
1952 2236 2046 2290 καὶ

454 2326 818 2381 ἀναλίσκοντα
847 2328 1046 2398 μᾶλλον
1069 2328 1217 2398 ἢπερ
1241 2326 1621 2397 συνιστάντα·)
1647 2327 1766 2392 πῶς
1784 2328 1815 2380 ὀ
1835 2327 2046 2392 Παῦλός

457 2419 593 2491 φησί
625 2436 727 2473 που
760 2418 854 2472 τό·
893 2421 1112 2488 Ἤμεθα
1156 2418 1337 2486 φύσει
1374 2418 1557 2473 τέκνα
1585 2417 1795 2487 ὀργῆς,
1830 2421 1911 2487 ὡς
1944 2421 2044 2474 καὶ

455 2512 511 2562 οἱ
558 2510 793 2574 λοιποί;
825 2511 897 2563 Ἦ
935 2509 1244 2578 λεγέτωσαν
1275 2513 1430 2582 ἡμῖν,
1469 2510 1547 2574 ὡς
1583 2511 1685 2565 οὐκ
1712 2510 1874 2587 ⁸ἔστιν
1914 2513 2047 2566 ἀνα-

456 2600 718 2665 λωτικδν,
777 2600 872 2655 καὶ
935 2600 1167 2672 μάλιστα
1233 2601 1354 2653 κατ’
1400 2600 1564 2654 αύτδν
1637 2600 1958 2673 φθοροποιὸν
2010 2605 2044 2674 ή

455 2691 617 2763 ὀργὴ,
657 2686 726 2763 ἧς
757 2692 927 2763 ὀργῆς
961 2690 1075 2762 (67)
1107 2691 1274 2745 τέκνα
1308 2689 1509 2762 ἦμεθα.
1542 2690 1712 2744 Πάλιν
1744 2692 1927 2763 φησὶν,
1963 2691 2045 2745 ὅτι

456 2783 623 2838 τέκνα
648 2781 742 2836 τοῦ
781 2783 1027 2837 διαϐόλου
1054 2783 1201 2851 λέγει
1233 2782 1329 2835 νῦν
1357 2782 1609 2848 τούτους,
1639 2784 1740 2854 οὐχ
1766 2784 1849 2836 ὅτι
1881 2785 2045 2855 γεννᾷ

456 2892 610 2939 τινας
657 2877 687 2929 ό
721 2875 999 2939 διάϐολος,
1055 2874 1171 2928 ἀλλ’
1201 2876 1283 2928 ὅτι
1335 2875 1403 2929 τά
1460 2874 1599 2944 ἔργα
1650 2873 1745 2927 τοῦ
1797 2873 2043 2928 διαϐόλου

458 2966 739 3030 ποιοῦντες
770 2965 1132 3038 ὡμοιώθησαν
1188 2965 1359 3037 αὐτῷ.
1392 2965 1550 3036 Πόσῳ
1588 2965 1646 3019 δὲ
1681 2964 1888 3035 βέλτιον
1916 2967 2045 3037 περὶ

458 3056 677 3112 πάντων
723 3058 832 3111 τῶν
882 3056 976 3110 τοῦ
1027 3057 1278 3112 διαϐόλου
1344 3057 1549 3111 τέκνων
1602 3057 1759 3109 τοῦτο
1806 3056 2044 3126 ἀποφαί-

456 3150 643 3204 νεσθαι
663 3191 677 3215 ,
726 3149 802 3214 ὡς
851 3151 1224 3221 ὁμοιουμένων
1272 3149 1422 3220 αὐτῷ
1468 3149 1547 3220 τῷ
1592 3150 1766 3202 ποιεῖν
1797 3147 1865 3201 τὰ
1906 3148 2045 3221 ἔργα

455 3240 645 3304 αὐτοῦ,
683 3240 780 3295 καὶ
808 3241 868 3295 οὐ
903 3240 993 3294 διά
1030 3240 1132 3313 τὴν
1159 3241 1369 3306 οὐσίαν,
1401 3238 1499 3295 καὶ
1538 3236 1637 3310 τὴν
1675 3224 2043 3311 κατασκευὴν,

456 3333 556 3406 τὴν
614 3335 787 3406 χωρὶς
847 3332 1026 3405 ἔργων
1046 3373 1063 3400 ,
1112 3332 1317 3387 τέκνων
1379 3330 1627 3386 διαϐόλου
1677 3347 1782 3404 χρη
1791 3330 2044 3402 ματιζόν-

456 3443 568 3480 των
587 3443 602 3491 ;

2154 1955 2318 2010 animi
2344 1957 2428 2011 sui
2451 1955 2682 2026 judicio.
2727 1957 2876 2012 illius
2917 1958 3086 2021 ﬁlius,
3117 1956 3274 2025 cuius
3303 1956 3435 2012 facit
3481 1957 3731 2013 volunta-

2154 2056 2288 2114 tem,
2330 2057 2601 2113 vocatur;
2644 2055 2923 2118 postremo
2955 2048 3240 2118 dignitate,
3273 2047 3429 2117 iuxta
3462 2045 3603 2117 quod
3643 2047 3731 2102 di-

2152 2148 2351 2194 cuntur
2382 2139 2607 2208 quidam
2642 2140 2902 2209 gehennae
2955 2139 3088 2204 ﬁlii,
3137 2148 3194 2194 et
3250 2139 3629 2202 tenebrarum,
3674 2149 3732 2193 et

2155 2229 2476 2300 iniquitatis,
2508 2238 2566 2283 et
2592 2233 2950 2300 serpentium,
2984 2238 3040 2287 et
3082 2230 3392 2299 viperarum
3418 2229 3727 2300 progenies.

2152 2324 2268 2380 Non
2298 2324 2443 2379 enim
2474 2334 2739 2394 generant
2764 2325 2903 2389 haec,
2932 2323 3128 2392 inquit,
3160 2322 3286 2376 talia
3330 2323 3579 2393 quaedam
3627 2338 3724 2378 sua

2155 2414 2394 2483 ipsorum
2424 2424 2650 2482 natura;
2679 2413 2843 2485 340
2863 2429 2985 2469 cum
3015 2413 3196 2483 potius
3211 2420 3586 2481 corrumpant,
3607 2427 3731 2467 con-

2151 2516 2477 2574 sumantque
2501 2519 2600 2561 eos
2626 2507 2718 2575 qui
2742 2507 2794 2559 in
2821 2521 2883 2561 se
2911 2504 3141 2574 coniecti
3177 2507 3380 2562 fuerint
3409 2522 3425 2572 ;
3459 2505 3553 2560 sed
3585 2517 3728 2574 quo-

2154 2596 2299 2650 niam
2325 2595 2602 2651 ell’eeerint
2629 2597 2844 2652 illorum
2869 2614 3053 2668 opera,
3081 2614 3269 2655 eorum
3296 2600 3388 2655 ﬁlii
3410 2609 3723 2655 vocantur»

2153 2686 2307 2743 Hanc
2336 2698 2520 2743 autem
2553 2688 2919 2745 diﬁ'erentiam
2956 2708 3078 2747 cum
3129 2692 3362 2756 dederit,
3395 2705 3627 2762 cumque
3660 2707 3728 2746 ne

2152 2778 2423 2833 tantulum
2469 2779 2689 2848 quidem
2734 2796 2887 2836 suam
2920 2783 3294 2838 narrationem
3327 2797 3395 2837 ex
3425 2783 3727 2853 Scripturis

2150 2860 2509 2936 cOnﬁrmarit,
2560 2872 3011 2941 respondebimus
3056 2872 3130 2927 illi
3172 2892 3185 2927 :
3239 2871 3297 2926 Si
3344 2888 3448 2927 non
3500 2886 3722 2938 natura,

2150 2960 2247 3015 sed
2268 2960 2531 3031 dignitate
2560 2974 2829 3017 vocantur
2855 2964 3118 3033 gehennae
3143 2964 3237 3019 ﬁlii
3269 2976 3325 3019 et
3354 2964 3725 3027 tenebrarum,

2150 3060 2207 3108 et
2234 3052 2551 3122 iniquitatis.
2572 3055 2720 3125 (nam
2752 3055 2870 3109 hazc
2896 3065 3270 3125 corrumpunt,
3306 3065 3362 3110 et
3401 3064 3728 3111 consumunt

2152 3144 2327 3213 magis
2358 3159 2519 3213 quam
2554 3146 2926 3215 conﬁrmant),
2955 3150 3229 3217 quomodo
3256 3147 3453 3203 Paulus
3491 3149 3724 3218 quodam

2151 3233 2272 3289 loco
2299 3234 2347 3267 ⁸³
2377 3234 2484 3291 hoc
2513 3236 2693 3306 inquit
2716 3254 2730 3293 :
2772 3236 2984 3293 Natura
3005 3254 3219 3293 eramus
3243 3239 3344 3305 ﬁlii
3367 3239 3485 3303 ine,
3513 3238 3648 3292 sicut
3674 3247 3726 3291 et

2152 3328 2378 3383 cwteri?
2424 3329 2679 3398 Alioquin
2732 3329 2921 3386 dicant
2972 3332 3128 3386 nobis
3174 3332 3308 3386 iram
3353 3331 3527 3396 illam,
3568 3329 3726 3398 cuius

2154 3434 2256 3474 nos
2290 3431 2489 3476 natura
2525 3420 2620 3476 ﬁlii
2646 3436 2887 3487 eramus,
2916 3438 3023 3477 non
3065 3438 3403 3490 consumere,
3454 3433 3509 3478 et
3547 3436 3615 3476 ex
3665 3436 3726 3475 sc

460 3520 697 3575 maxime
745 3534 853 3575 non
912 3534 1286 3590 corrumpere.
1316 3519 1555 3575 Rursum
1601 3516 1776 3586 inquit
1817 3515 2020 3571 diaboli
2073 3516 2215 3571 ﬁlios
2249 3531 2279 3569 a
2312 3514 2442 3572 Jesu
2488 3516 2593 3572 hoc
2636 3516 2756 3572 loco
2800 3518 2899 3572 hos
2952 3519 3077 3585 dici,
3134 3533 3242 3573 non
3289 3519 3432 3587 quod
3479 3518 3726 3575 diabolus

456 3609 670 3681 aliquos
713 3621 959 3683 generet,
1008 3613 1100 3665 sed
1149 3598 1296 3682 quod
1341 3611 1541 3667 diaboli
1608 3625 1774 3681 Opera
1817 3608 2082 3662 facientes
2136 3606 2419 3664 assimilati
2463 3608 2668 3664 fuerint
2725 3609 2850 3678 ipsi.
2902 3611 2968 3664 At
3014 3625 3140 3663 vero
3182 3619 3382 3678 quanto
3425 3610 3617 3664 melius
3658 3613 3727 3666 de

454 3701 711 3757 omnilms
737 3701 937 3755 diaboli
987 3701 1116 3756 ﬁliis
1163 3702 1267 3757 hoc
1308 3701 1638 3768 censuisset,
1686 3699 1893 3773 idcirco
1920 3712 2018 3754 eos
2041 3698 2242 3754 diaboli
2270 3699 2411 3755 ﬁlios
2440 3700 2656 3771 haberi,
2699 3702 2825 3771 quia
2884 3700 2962 3754 illi
3003 3699 3270 3755 assimiles
3314 3699 3426 3755 sint
3475 3698 3726 3756 faciendo

455 3811 625 3866 cpera
651 3797 793 3866 ejus,
826 3812 931 3850 non
959 3812 1055 3866 per
1085 3797 1405 3861 essentiam,
1457 3810 1634 3865 neque
1675 3809 1774 3866 per
1802 3794 2158 3858 creationem,
2189 3795 2245 3850 in
2274 3810 2381 3866 qua
2411 3795 2554 3849 nulla
2579 3805 2709 3851 sunt
2731 3795 2936 3865 opera?

528 3890 619 3946 2i.
658 3889 917 3956 Ἐκεῖνος
944 3888 1434 3957 ἀνθρωποκτόνος
1463 3884 1544 3958 ἦν
1564 3887 1665 3941 ἀπ’
1695 3885 1910 3956 ἀρχῆς,
1946 3883 2045 3938 καὶ

2224 3887 2317 3941 2i.
2359 3885 2463 3940 Ille
2483 3885 2753 3941 homicida
2789 3897 2900 3941 erat
2928 3887 2992 3940 ab
3026 3886 3198 3951 initio,
3225 3895 3273 3940 et
3296 3886 3349 3939 in
3374 3885 3592 3939 veritate
3621 3899 3727 3938 non

457 3983 529 4040 ἂν
558 3983 633 4052 τῇ
663 3983 921 4052 ἀληθείᾳ
952 3984 1066 4051 οὐχ
1096 3979 1374 4049 ἕστηκεν,
1411 3980 1500 4033 ὅτι
1529 3980 1642 4034 οὐκ
1686 3980 1860 4033 ἔστιν
1904 3978 2046 4047 ἀλή-

2151 3976 2312 4040 sletit,
2336 3977 2465 4046 quia
2495 3993 2597 4030 non
2638 3985 2715 4030 est
2755 3978 2942 4030 veritas
2970 3976 3026 4030 in
3055 3992 3115 4031 eo
3143 3977 3212 4031 “.
3253 3976 3519 4043 Quoniam
3562 3990 3728 4045 gene-

458 4082 588 4133 θεία
624 4076 694 4130 ἐν
718 4074 901 4141 αὐτῷ.
940 4074 1092 4128 Ἐπεί
1135 4072 1253 4127 ὲστί
1285 4090 1370 4137 τις
1408 4072 1713 4143 κοινότερον
1757 4070 2045 4144 ἀνθρωπο-

2152 4064 2314 4119 ratim
2346 4065 2613 4119 homicida
2643 4073 2732 4119 est
2761 4065 2852 4120 ille
2881 4066 2972 4134 qui
3018 4067 3512 4135 quomodocunqne
3553 4064 3728 4119 homi-

458 4170 673 4232 κτόνος,
721 4166 1011 4223 ὁπὼσποτε
1048 4163 1366 4229 ἀπεκτονὼς
1405 4163 1711 4236 ἄνθρωπον,
1750 4162 1898 4226 ὅστις
1929 4161 2046 4215 ἐστὶ

2156 4172 2280 4212 nem
2307 4155 2640 4212 interfecerit
2668 4175 2684 4223 ;
2712 4158 2802 4228 qui
2838 4158 3109 4213 homicida
3134 4158 3433 4227 aliquando
3457 4157 3619 4211 etiam
3641 4167 3729 4212 est

458 4261 556 4315 καὶ
595 4260 789 4332 μέσος,
829 4258 950 4312 καθ’
991 4257 1020 4312 ό
1055 4257 1150 4311 καὶ
1189 4255 1337 4327 ζήλῳ
1377 4254 1515 4309 Θεοῦ
1565 4254 1864 4325 πεποίηκεν
1890 4255 1922 4307 ὁ
1952 4254 2046 4306 Φι-

2153 4248 2492 4314 indilierens,
2524 4249 2673 4319 juxta
2713 4251 2762 4303 id
2792 4250 2937 4320 quod
2969 4250 3132 4304 etiam
3164 4249 3290 4304 fecit
3332 4248 3585 4314 Phinees,
3630 4250 3725 4320 qui

457 4354 575 4416 νεὲς
626 4351 958 4414 ἀποκτείνας
1006 4349 1097 4403 τὸν
1145 4346 1487 4420 Ἰσραηλίτην
1541 4345 1901 4419 πορνεύοντα,
1948 4345 2044 4397 καὶ

2151 4337 2270 4397 κόΙο
2296 4341 2388 4398 Dei
2414 4357 2697 4406 accensus,
2730 4341 3029 4397 Israelitam
3053 4339 3724 4404 interfecitfurnicantem,

458 4447 559 4519 τὴν
586 4443 929 4507 Μαδιανίτιν,
957 4440 1405 4514 ἀνθρωποκτόνος
1447 4439 1509 4493 οὗ
1546 4436 1766 4509 ψεκτῶς
1803 4437 1916 4509 (68)
1946 4440 2042 4509 ρτΓ

2151 4444 2202 4490 et
2234 4435 2580 4490 Madianitam
2610 4435 2691 4501 ⁶⁸;
2720 4432 2877 4503 juxta
2927 4433 3073 4504 quod
3104 4442 3160 4488 ct
3211 4432 3376 4487 David
3406 4434 3569 4487 etiam
3603 4434 3728 4485 ahs—
3820 4458 3825 4461 Α

459 4537 685 4609 θήσεται
728 4536 824 4589 καὶ
862 4536 891 4587 δ
920 4532 1082 4587 Δαυτδ
1121 4534 1180 4586 ὲν
1216 4532 1441 4603 όνόματι
1493 4530 1701 4603 Κυρίου
1748 4529 1859 4583 τῶν
1892 4527 2045 4583 δυνά-

2151 4542 2258 4596 que
2311 4526 2712 4596 vituperatione
2739 4526 2949 4581 dicetur
2976 4525 3276 4588 homicida,
3296 4525 3388 4595 qui
3425 4525 3480 4579 in
3504 4525 3728 4579 nomine

460 4645 608 4705 μεων
636 4627 772 4682 Θεοῦ
812 4627 906 4680 ἐπὶ
933 4627 1030 4689 τῆς
1069 4624 1424 4697 παρατάξεως
1456 4621 1674 4695 Ἰσραὴλ
1700 4622 1791 4676 τὸν
1822 4620 2040 4683 Γολιάθ,

2151 4618 2361 4674 Domini
2406 4619 2500 4674 Dei
2534 4621 2796 4674 virtutum
2826 4632 3012 4672 coram
3045 4617 3164 4672 acie
3190 4617 3409 4673 lsraelis
3448 4616 3727 4670 interfecit

458 4719 722 4792 ζητητέον
768 4720 869 4792 τὴν
925 4717 1185 4790 ἀληθινὴν
1241 4715 1530 4787 ἀνθρώπου
1580 4714 1726 4786 ζωὴν
1744 4752 1760 4778 ,
1807 4712 1905 4766 καὶ
1950 4711 2043 4764 τὸν

460 4811 705 4866 ἐναντίον
740 4810 914 4883 ταύτῃ
950 4809 1177 4864 θάνατον
1208 4806 1375 4861 αὐτοῦ
1396 4824 1411 4836 ·
1456 4807 1545 4860 ἵνα
1583 4803 1749 4877 νοηθῇ
1791 4807 1820 4858 ό
1844 4802 2044 4873 ψεκτὸς

464 4902 929 4975 ἀνθρωποκτόνος.
958 4902 1068 4954 Καὶ
1095 4901 1219 4953 ὅσον
1255 4899 1353 4970 μὲν
1393 4899 1489 4953 ἐπὶ
1525 4899 1625 4970 τῆς
1655 4895 1894 4967 ἱστορίας
1934 4896 2047 4967 cpi,-

463 5012 578 5058 σεις
613 4995 705 5049 τὸν
739 4984 942 5064 ’Δδάμ,
975 4993 1070 5046 καὶ
1098 4991 1195 5063 τὴν
1238 4990 1382 5045 Εὔαν
1420 4992 1543 5045 ὅσον
1579 4990 1677 5060 οὐχ
1708 4988 2044 5060 ἡμαρτήκει-

463 5099 564 5165 σαν
616 5083 693 5153 μὴ
737 5081 1076 5155 ἀνῃρῆσθαι·
1201 5080 1257 5165 δὲ.
1312 5081 1495 5153 ἡμέρᾳ
1542 5079 1742 5148 ἔφαγον
1794 5078 1901 5132 ἀπὸ
1953 5076 2047 5130 τοῦ

462 5154 916 5239 ἀπηγορευμένου
964 5167 1144 5234 ξύλου,
1190 5154 1392 5230 εὖθέως
1440 5168 1535 5221 καὶ
1573 5166 1916 5237 τεθνηκέναι,
1946 5166 2048 5219 οὐκ

464 5257 625 5313 ἄλλου
666 5259 814 5322 τινὸς
856 5260 1280 5322 ἀποκτείναντος
1326 5260 1526 5323 αὐτοὺς
1562 5259 1719 5332 ἢτοῦ
1765 5258 2048 5332 ἀνθρωπο-

464 5350 658 5405 κτόνου
691 5349 958 5416 διαϐόλου,
1003 5350 1092 5404 ὅτε
1123 5350 1223 5422 τὴν
1251 5351 1396 5407 Εὔαν
1434 5352 1524 5408 διὰ
1552 5350 1648 5405 τοῦ
1697 5351 1876 5421 ὄφεως
1900 5351 2047 5422 ἡπά-

539 5493 585 5525 ⁶³
612 5491 812 5562 Ephes.
850 5507 910 5557 ιι,
948 5490 1003 5546 3.

541 5606 656 5692 (65)
684 5607 866 5692 Codex
907 5605 1106 5678 Regius
1131 5647 1148 5674 ,
1194 5606 1368 5663 ταῦτά
1392 5626 1542 5663 τινα’
1571 5608 1894 5665 Bodleianus
1917 5624 2045 5667 vero

469 5689 529 5731 υι
558 5688 610 5731 iu
642 5688 812 5731 textu.

541 5747 655 5818 (fill)
690 5747 869 5801 Codex
892 5747 1233 5818 Bodleianus,
1261 5747 1400 5818 κατά
1429 5747 1491 5801 τὸ
1523 5747 1707 5803 πόσον.

540 5814 658 5888 (67)
689 5817 1052 5886 Φθοροποιὸν
1078 5818 1117 5887 ἡ
1143 5816 1309 5887 ὀργὴ,
1362 5814 1437 5890 ἧς
1482 5818 1684 5889 ὀργῆς.
1737 5820 1793 5875 In
1850 5817 2036 5876 codice

2148 4711 2367 4768 Golith
2397 4713 2466 4779 “,
2501 4711 2850 4778 quaerendum
2906 4722 2990 4768 est
3033 4727 3286 4784 quaenam
3351 4710 3422 4764 sit
3487 4710 3726 4765 hominis

2148 4817 2278 4858 vera
2328 4804 2435 4857 vita
2466 4820 2482 4869 ;
2539 4813 2596 4858 et
2649 4818 2867 4857 rursum
2905 4818 3026 4872 quae
3060 4805 3132 4858 sit
3184 4801 3344 4871 hujus
3376 4816 3546 4863 mors,
3584 4816 3725 4854 rem:

2149 4895 2274 4950 vitae
2305 4895 2578 4950 contraria
2608 4912 2624 4962 ;
2652 4905 2708 4948 ut
2733 4894 3101 4965 intelligamus
3134 4894 3388 4964 quisnam
3418 4893 3489 4946 sit
3514 4893 3725 4961 vitupe-

2153 4986 2343 5042 rabilis
2375 4987 2669 5043 homicida.
2700 4988 2770 5042 Et
2797 4986 3061 5057 quantum
3091 4985 3310 5056 quidem
3338 4983 3404 5037 ad
3434 4983 3720 5038 historiam

2151 5081 2409 5151 pertinet,
2459 5082 2609 5136 dices
2641 5079 2814 5135 Adam
2854 5090 2910 5135 et
2951 5078 3120 5133 Evam
3165 5077 3351 5131 tandiu
3401 5075 3724 5129 interfectos

2147 5187 2254 5226 nou
2278 5171 2714 5242 fuisse,quandiu
2740 5187 2845 5227 non
2866 5178 3257 5241 peccaverunt;
3286 5181 3413 5221 mox
3440 5181 3570 5221 vero
3594 5181 3722 5235 per-

2144 5262 2277 5317 iisse
2324 5263 2379 5316 in
2418 5277 2483 5317 ea
2522 5263 2612 5317 die
2669 5278 2776 5331 qua
2821 5262 2887 5316 de
2932 5261 3076 5331 ligno
3115 5258 3283 5313 vetito
3331 5257 3719 5320 comederunt;

2147 5354 2295 5409 nullo
2328 5354 2434 5411 alio
2467 5353 2832 5411 iulerﬁcierlc
2856 5368 2972 5419 eos,
2998 5369 3162 5425 quam
3186 5350 3455 5407 homicida
3485 5349 3579 5405 illo
3606 5350 3723 5403 ιιίςιη

1114 5489 1328 5547 “Joan.
1350 5491 1576 5557 νιιι,“.
1652 5490 1698 5524 ⁸⁸
1726 5490 1886 5547 Νυω.
1906 5505 2036 5558 xxv,
2057 5489 2111 5557 6,
2136 5487 2190 5543 8.
2268 5486 2351 5541 “l
2374 5488 2514 5561 Reg.
2560 5506 2694 5559 xvn,
2734 5490 2826 5557 45,
2858 5488 2947 5546 5i.

2153 5610 2330 5689 Regio
2348 5611 2504 5689 deest
2539 5610 2572 5689 ᾖ
2595 5609 2829 5689 όρχήκοι
2857 5622 2954 5689 pro
2971 5600 3039 5687 ἦς
3065 5596 3341 5689 legitur'ﬁ.

2223 5672 2336 5744 (68)
2374 5672 2836 5745 Ψεκσῶςίϐὁάρι
2859 5672 3102 5745 Regius,
3123 5672 3353 5745 ψεκτός
3377 5681 3432 5728 et.
3468 5685 3591 5727 mox
3617 5684 3720 5739 [tm

2152 5742 2245 5807 ἐπὶ
2276 5742 2376 5825 τῆς
2403 5742 2760 5822 παρατᾶξεως
2783 5745 2945 5803 habet
2958 5742 3121 5817 ’παρὰ
3139 5742 3364 5808 τάξεως.
