4196 6428
454 358 561 417 655

1514 354 1874 411 COMMENT.
1915 353 1985 408 IN
2014 351 2210 409 JOAN.
2247 352 2490 410 TOMUS
2522 352 2642 409 XX.

3622 352 3735 405 621-5

455 478 666 554 νεκρῶν
696 480 1124 553 γεγραμμένοις,
1160 473 1273 533 οἷον
1320 476 1478 532 τοῦτο
1512 477 1655 549 (69)°
1708 481 1814 544 Εις
1863 476 2033 530 τοῦτο

2148 479 2251 531 hoc
2276 477 2322 509 "
2350 495 2366 532 :
2400 474 2467 529 In
2492 483 2590 528 hoc
2609 472 2750 528 enim
2787 469 2951 543 342
2985 469 3233 526 Christus
3262 479 3311 524 et
3351 478 3590 523 mortuus
3628 478 3733 534 est,

454 572 569 641 γὰρ
604 569 858 638 Χριστὸς
907 568 1192 633 ἀπέθανε,
1226 568 1326 621 καὶ
1371 568 1622 633 ἀνέστη,
1665 566 1765 620 ἶνα
1801 566 1902 620 καὶ
1942 582 2040 620 νε-

454 661 613 728 κρῶν
665 661 764 714 καὶ
804 659 1033 722 ζώντων
1070 661 1386 729 κυριεύσῃ,
1410 659 1528 729 ὕψει
1573 660 1696 714 τίνα
1726 659 1926 731 τρόπον
1949 657 2040 711 διὰ

452 754 544 806 τὸν
572 753 802 807 θάνατον
855 752 950 807 τοῦ
985 752 1161 825 Ἰησοῦ
1195 753 1318 806 οὐδὲ
1366 752 1476 806 τῶν
1533 752 1746 824 νεκρῶν
1795 750 2039 823 κυριεύει

453 843 533 897 ἔτι
553 868 567 880 ·
602 843 841 898 ἀπέθανε
865 843 974 917 γὰρ
1019 847 1048 898 6
1081 844 1311 916 Ἰησοῦς,
1342 845 1429 899 ἵνα
1454 844 1550 899 καὶ
1581 844 1791 917 νεκρῶν
1819 843 2042 916 κυριεύ-

454 952 551 1007 σῃ·
583 936 708 990 ὅσον
747 936 845 1007 μὲν
867 932 971 990 οὖν
1006 936 1072 1008 ζῇ
1102 940 1130 991 6
1160 935 1468 1009 ἄνθρωπος,
1517 938 1580 990 οὐ
1614 939 1772 1009 φορεῖ
1814 935 1915 1008 τὴν
1941 935 2036 990 τοῦ

453 1026 635 1098 χοϊκοῦ
690 1029 872 1082 εἰκόνα
890 1044 905 1058 ·
958 1028 1320 1100 ἀποθνήσκων
1367 1027 1448 1092 δὲ,
1497 1027 1594 1081 καὶ
1645 1026 2038 1099 ἀναιρούμενος

451 1120 557 1174 ὑπὸ
593 1120 687 1174 τοῦ
716 1120 1186 1191 ἀνθρωποκτόνου,
1225 1120 1340 1191 ἅμα
1363 1136 1424 1172 τε
1462 1120 1526 1172 οὐ
1555 1119 1769 1189 συνέχει
1805 1118 1914 1189 (70)
1937 1116 2038 1188 τὴν

449 1211 544 1266 τοῦ
600 1212 736 1266 Θεοῦ
769 1213 976 1280 εἰκόνα,
1020 1214 1115 1266 καὶ
1148 1210 1523 1283 ἀναλαμϐάνει
1566 1210 1667 1282 τὴν
1710 1209 1805 1263 τοῦ
1848 1208 2036 1280 χοϊκοῦ

449 1304 546 1357 καὶ
600 1302 831 1375 νεκροῦο
874 1304 1070 1375 νεκρὸς
1112 1303 1224 1376 γὰρ
1272 1305 1302 1357 6
1354 1302 1556 1375 χοῖκδς,
1610 1300 1802 1372 ὥσπερ
1851 1299 1961 1363 ζῶν
2007 1301 2038 1352 6

450 1395 773 1467 ἐπουράνιος
792 1412 806 1427 ·
848 1396 943 1450 καὶ
967 1397 996 1449 ό
1027 1396 1160 1460 Θεὸς
1191 1397 1292 1450 οὑκ
1327 1394 1442 1448 ἐστι
1463 1392 1691 1466 νεκρῶν,
1729 1393 1867 1447 ἀλλά
1901 1391 2036 1458 ζών-

449 1505 556 1541 των
594 1487 762 1551 Θεόςο
795 1488 987 1561 διόπερ
1018 1490 1066 1542 εί
1106 1490 1205 1560 μὲν
1235 1485 1642 1558 συνανέστημεν
1676 1487 1734 1538 ἐν
1755 1485 2036 1554 καινότητι

448 1577 598 1651 ζωῆς
629 1580 1080 1652 περιπατοῦντες,
1110 1583 1139 1634 6
1175 1580 1311 1644 Θεός
1353 1581 1501 1633 ἐστιν
1529 1578 1688 1650 ἡμῶν
1707 1594 1721 1608 ο
1752 1579 1801 1631 εί
1849 1578 1907 1631 δὲ
1953 1577 2034 1630 ἔτι

449 1671 616 1743 ἐσμὲν
644 1674 703 1726 ἐν
729 1675 966 1742 νεκροῖς,
994 1675 1024 1726 6
1066 1672 1202 1737 Θεὸς
1229 1673 1286 1726 δὲ
1324 1673 1387 1725 οὐ
1414 1671 1648 1744 νεκρῶν,
1696 1673 1791 1725 καὶ
1818 1673 1847 1724 6
1874 1670 2034 1741 ἡμῶν

448 1762 548 1816 οὐκ
578 1762 731 1818 ἔσται
761 1764 914 1828 Θεός.
954 1763 1367 1837 Παράκειταιδὲ
1394 1762 1474 1835 τῷ
1507 1759 1781 1828 ἐξετάζειν
1804 1762 1874 1815 τὰ
1902 1761 2033 1833 περὶ

449 1852 541 1907 τοῦ
574 1855 670 1909 ἀπ’
701 1855 880 1927 ἀρχῆς
927 1855 1024 1909 ἀνθ
1034 1855 1401 1925 ρωποκτόνου,
1450 1856 1547 1908 καὶ
1593 1853 1654 1907 τὸ
1707 1855 1836 1908 ἰδεῖν
1883 1853 2035 1918 τίνας

447 1947 678 2018 νεκροὺς
713 1947 833 2018 μὲν,
863 1947 965 2001 οὐκ
1006 1950 1066 2001 ἐν
1093 1947 1239 2020 ἄλλῳ
1275 1948 1336 2002 δέ
1366 1949 1401 2020 ἢ
1430 1948 1490 2001 ἐν
1526 1945 1750 2020 Χριστῷ
1782 1946 2031 2018 νεκροὺς,

446 2036 496 2090 oi
529 2039 623 2092 καὶ
675 2039 893 2111 πρῶτον
943 2041 1341 2112 ἀναστήσονται
1360 2059 1376 2073 υ
1433 2040 1564 2112 περὶ
1606 2034 1681 2094 ὧν
1714 2041 1772 2094 ἐν
1827 2041 1924 2112 μὲν
1966 2042 2033 2111 τῇ

446 2130 587 2202 πρὸς
612 2130 933 2202 Κορινθίους
965 2130 1108 2185 οὕτω
1130 2132 1390 2202 λέγεται·
1421 2133 1716 2187 Σαλπίσει
1769 2133 1901 2203 γὰρ,
1937 2131 2036 2186 καὶ

447 2223 506 2276 al
533 2221 737 2289 νεκροὶ
762 2222 1213 2290 ἀναστήσονται
1241 2222 1550 2294 ἄφθαρτοι,
1599 2223 1699 2277 καὶ
1727 2223 1899 2293 ἡμεῖς
1925 2224 2037 2278 ἀλ-

445 2314 859 2384 λαγησόμεθαο
894 2316 954 2368 ἐν
997 2315 1055 2368 δὲ
1085 2318 1152 2387 τῇ
1194 2314 1333 2387 πρὸς
1361 2315 1811 2379 Θεσσαλονικεῖς·
1852 2316 2036 2371 Τοῦτο

446 2404 560 2475 γὰρ
587 2405 731 2475 ὑμῖν
749 2405 1009 2478 λέγομεν
1030 2406 1101 2460 ἐν
1119 2409 1281 2477 λόγῳ
1312 2408 1423 2479 (Ἠ)
1450 2410 1694 2476 Κυρίου,
1737 2409 1826 2462 ὅτι
1866 2410 2038 2480 ἡμεῖς

446 2496 503 2548 οι
532 2492 764 2562 ζῶντες,
794 2500 849 2550 oi
902 2497 1381 2565 περιλειπόμενοι
1423 2501 1512 2564 είς
1542 2498 1659 2567 τὴν
1692 2500 2039 2567 παρουσίαν

446 2585 555 2640 τοῦ
577 2588 822 2655 Κυρίου,
852 2589 926 2641 οὐ
949 2587 1037 2658 μὴ
1069 2588 1397 2658 φθάσωμεν
1429 2591 1573 2657 τοὺς
1604 2591 1995 2660 κοιμηθέντας
2018 2608 2031 2621 ·

448 2676 537 2731 ὅτι
569 2678 754 2745 αὐτὸς
782 2682 816 2733 ό
846 2679 1063 2747 Κύριος
1103 2679 1174 2733 ἐν
1204 2682 1589 2751 κελεύσματι,
1628 2682 1700 2736 ἐν
1736 2682 1909 2752 φωνῇ
1939 2684 2040 2751 ἀρ-

448 2767 772 2839 χαγγέλου,
826 2770 927 2824 καὶ
971 2772 1045 2824 ἐν
1087 2770 1381 2842 σάλπιγγι
1435 2773 1583 2828 Θεοῦ
1640 2775 2037 2841 καταϐήσεται

448 2859 549 2913 ἀπ’
574 2858 858 2928 οὐρανοῦ,
883 2862 979 2914 καὶ
1003 2864 1057 2915 ot
1082 2862 1284 2930 νεκροὶ
1313 2863 1383 2915 ἐν
1405 2863 1639 2931 Χριστῷ
1655 2863 2041 2932 ἀναστήσον-

449 2966 544 3005 ται
566 2951 823 3020 πρῶτον,
853 2953 1058 3008 ἔπειτα
1080 2955 1252 3024 ἡμεῖς
1274 2958 1329 3009 οἱ
1355 2955 1588 3022 ζῶντες,
1619 2960 1673 3011 οἱ
1701 2961 2039 3027 περιλειπό-

443 3058 617 3110 μενοι
641 3042 762 3113 ἆμα
785 3044 908 3099 σὺν
929 3045 1136 3112 αὐτοῖς
1168 3046 1637 3117 ἁρπαγησόμεθα
1660 3050 1731 3102 ἐν
1754 3051 2039 3121 νεφέλαις

444 3136 535 3199 εἰς
579 3134 925 3204 ἀπάντησιν
950 3136 1060 3191 τοῦ
1114 3138 1341 3205 Κυρίου
1382 3142 1472 3206 εὶς
1518 3138 1687 3208 ἀέρα,
1735 3142 1835 3195 καὶ
1885 3144 2037 3196 οὕτω

446 3222 707 3277 πάντοτε
744 3223 867 3277 σὺν
894 3227 1093 3293 Κυρίῳ
1125 3225 1404 3295 ἐσόμεθα.
1430 3228 1542 3281 Καὶ
1567 3229 1806 3299 ἠγοῦμαι
1828 3229 2037 3296 ζῶντας

449 3312 551 3386 μὲν
573 3308 713 3367 εἶναι
744 3314 802 3367 ἐν
828 3312 1050 3385 Χριστῷ
1080 3315 1207 3378 τοὺς
1239 3314 1714 3386 τετελειωμένους,
1748 3319 1842 3371 καὶ
1870 3319 2041 3391 μηδα-

452 3407 569 3477 μῶς
619 3405 699 3458 ἐτι
760 3407 1040 3477 ἁμαρτίαν
1095 3404 1539 3478 ἐργαζομένους*
1594 3412 1822 3482 νεκροὺς
1873 3411 1931 3465 δὲ
1976 3415 2037 3465 ἐν

446 3500 669 3571 Χριστῷ
691 3501 821 3563 τοὺς
845 3499 1229 3570 διακειμένους
1268 3500 1368 3571 μὲν
1408 3502 1552 3556 κατά
1586 3503 1687 3574 τὴν
1720 3506 1777 3557 ἐν
1812 3504 2052 3577 Χριστῷ·

447 3590 653 3656 πίστιν,
704 3590 799 3643 καὶ¹
850 3590 1322 3661 προαιρουμένους
1367 3590 1517 3662 βιοῦν
1565 3593 1768 3658 καλῶς,
1810 3596 1869 3647 οδ
1928 3596 2035 3668 μὴν

445 3681 545 3755 ῆδη
573 3680 1032 3754 κατωρθωκότας,
1064 3680 1179 3734 ἀλλ’
1208 3681 1291 3736 ἐτι
1319 3684 1736 3758 ἁμαρτάνοντας
1771 3687 1888 3758 ἦτοι
1913 3691 2032 3742 κατ’

444 3771 671 3841 ἄγνοιαν
703 3771 796 3827 τοῦ
826 3772 1089 3845 ἀκριϐοῦς
1135 3774 1265 3847 περὶ
1291 3774 1637 3849 δικαιοσύνης
1662 3778 1898 3849 ἀληθοῦς
1947 3780 2035 3835 λό-

445 3880 566 3932 γου.
602 3864 661 3935 ἢ,
704 3864 848 3919 κατά
883 3864 1166 3919 ἀσθένειαν
1207 3868 1526 3939 νικωμένων
1568 3869 1677 3925 τῶν
1723 3872 2029 3943 χριμάτων,

444 3954 556 4010 ἀπὸ
578 3954 680 4026 τῆς
708 3955 1086 4027 ἐπιθυμούσης
1134 3955 1277 4010 κατὰ
1317 3958 1415 4012 τοῦ
1450 3960 1759 4034 πνεύματος
1804 3967 2027 4037 σαρκός,

446 4046 558 4101 Καὶ
584 4046 797 4110 τούτοις
817 4062 884 4116 γε
907 4046 1201 4101 ἀκόλουθόν
1230 4049 1349 4102 ἐστι
1387 4050 1480 4105 τὸν
1507 4052 1742 4118 Παῦλον,
1775 4055 2034 4110 αἰσθανό-

448 4151 608 4208 μενον
640 4135 860 4199 ἐαυτοῦ,
894 4135 1095 4206 λέγειν,
1125 4136 1213 4190 διὰ
1234 4137 1298 4190 τὺ
1318 4137 1420 4209 ἢδη
1453 4140 1896 4214 κατωρθωκέναι,
1923 4144 1986 4198 τό
2010 4159 2028 4177 ο

454 4226 646 4297 Ἡμεῖς
687 4230 743 4281 οἱ
779 4225 1013 4293 ζῶντες,
1054 4230 1108 4281 οὶ
1140 4229 1619 4299 περιλειπόμενοι
1654 4231 1789 4304 (72).
1815 4232 1926 4299 Οὓς
1970 4234 2029 4288 δέ

442 4319 746 4391 εἰρήκαμεν
773 4320 1020 4390 νεκροὺς,
1052 4312 1198 4374 οῦτοι
1235 4321 1471 4392 μάλιστα
1502 4323 1713 4378 δέονται
1751 4324 1853 4396 τῆς
1895 4327 2030 4381 ἀνα-

445 4410 708 4475 στάσεως,
739 4410 861 4463 οὐδὲ
888 4410 997 4463 τῶν
1016 4410 1235 4477 ζώντων
1261 4414 1577 4486 δυναμένων
1610 4417 1930 4489 ἀρπαγῆναι
1967 4420 2026 4473 ἐν

442 4501 693 4571 νεφέλαις
722 4505 801 4567 εἰς
835 4503 1140 4574 ἀπάντησιν
1177 4505 1272 4559 τοῦ
1324 4507 1533 4579 Κυρίου
1578 4510 1659 4572 είς
1689 4509 1849 4580 ἀέρα,
1893 4512 2023 4583 πρὶν

440 4593 659 4665 πρῶτον
690 4596 820 4658 τοὺς
846 4597 904 4650 ἐν
932 4596 1149 4668 Χριστῷ
1179 4597 1409 4668 νεκροὺς
1445 4599 1774 4670 ἀναστῆναι·
1809 4602 1889 4656 διὸ
1928 4603 2022 4671 γέ-

440 4698 713 4755 γραπται·
767 4687 833 4739 Ol
901 4687 1104 4755 νεκροὶ
1154 4688 1226 4742 ὲν
1277 4688 1513 4758 Χριστῷ
1571 4691 2025 4758 ἀναστήσονται

436 4773 692 4842 πρῶτον,
729 4774 936 4831 ἔπειτα
960 4777 1134 4847 ἡμεῖς
1161 4782 1216 4833 al
1251 4777 1464 4846 ζῶντες
1490 4780 1624 4854 (75),
1652 4783 1745 4855 καὶ
1770 4784 1838 4837 τὰ
1871 4784 2018 4855 ἑξῆς.

451 4865 796 4939 Ἐπιστήσεις
824 4870 882 4922 δέ
910 4872 959 4924 εί
992 4872 1088 4925 καὶ
1117 4872 1206 4926 διὰ
1229 4873 1327 4945 τὴν
1353 4874 1828 4947 ἀνθρωποκτονίαν
1855 4878 2021 4933 αὐτοῦ

436 4958 537 5012 οὐκ
562 4957 630 5014 ἂν
667 4962 943 5015 συστάντα
986 4963 1057 5016 τὰ
1086 4963 1181 5017 ἐπὶ
1210 4965 1311 5034 τῆς
1350 4967 1754 5040 ἐπικαταράτου
1803 4970 1926 5041 γῆς,
1961 4973 2021 5025 ἐν

434 5052 549 5114 τοῖς
585 5051 767 5124 ἔργοις
802 5053 896 5107 τοῦ
928 5055 1284 5128 ἐκϐληθέντος
1316 5058 1424 5111 ἀπὸ
1446 5059 1539 5112 τοῦ
1575 5060 1902 5132 παραδείσου
1922 5064 2021 5134 τῆς

432 5142 646 5213 τρυφῆς
692 5141 884 5214 Ἀδὰμ,
910 5145 1160 5214 συνέστη.
1189 5147 1820 5222 Πλὴνάνθρωποκτὸνος
1866 5148 2019 5217 οὗτος

432 5231 544 5285 ἀπὸ
578 5232 678 5303 τῆς
704 5232 816 5287 τῶν
844 5235 1216 5307 ἐνεστηκότων
1246 5239 1470 5308 γέγονεν
1498 5243 1672 5314 ἀρχῆς
1691 5260 1706 5275 ·
1729 5245 1911 5309 ὅστις,
1941 5242 2020 5298 ol-

437 5341 556 5396 μαι,
586 5327 879 5399 γενόμενος
923 5331 1066 5403 ἀρχὴ
1113 5332 1431 5404 πλάσματος
1475 5335 1708 5408 Κυρίου,
1752 5336 2019 5408 ἐφθόνησε

2142 582 2189 625 st
2221 576 2605 632 resurrexit,“
2626 576 2955 620 mortuorum
2979 581 3043 618 ac
3069 564 3349 618 viventium
3373 563 3443 618 sit
3467 563 3731 631 princeps.

2140 661 2354 715 videbis
2379 657 2656 729 quomodo
2686 670 2786 725 per
2830 665 3064 710 mortem
3092 653 3220 710 Jesu
3277 668 3345 708 ne
3391 664 3732 708 mortuorum

2140 753 2358 822 quidem
2390 750 2625 819 amplius
2658 750 2728 804 sit
2753 748 2843 804 ille
2889 748 3164 819 princeps.
3203 746 3451 802 Mortuus
3471 757 3555 803 est
3587 749 3737 803 enim

2139 843 2318 910 Jesus,
2350 853 2408 897 ut
2432 840 2663 897 mortuis
2698 840 2867 894 etiam
2898 840 3213 894 dominetur
3243 855 3258 891 :
3288 848 3452 908 atque
3490 840 3734 907 quandiu

2139 935 2273 988 vivit
2310 938 2494 999 homo,
2546 946 2657 986 non
2684 931 2826 1000 gerit
2855 930 3150 1001 imaginem
3192 930 3393 986 terreni
3422 947 3439 993 ξ
3474 930 3569 985 sed
3608 945 3732 986 cum

2142 1029 2394 1091 moritur,
2432 1028 2872 1098 interticiturque
2902 1027 2971 1081 ab
3020 1026 3297 1081 homicida
3328 1025 3447 1091 illo,
3472 1035 3584 1081 tum
3614 1039 3739 1096 per-

2137 1120 2217 1174 dit
2249 1121 2341 1175 Dei
2378 1120 2690 1190 imaginem,
2723 1129 2839 1173 tum
2873 1118 3067 1187 recipit
3099 1118 3394 1188 imaginem
3426 1117 3738 1180 terreni,“

2139 1212 2538 1280 tnortilicatur;
2577 1222 2826 1267 mortuus
2865 1212 3013 1267 enim
3042 1221 3126 1264 est
3156 1221 3431 1273 terrenus,
3457 1210 3737 1280 quomodo

2122 1306 2293 1360 'vivns
2323 1314 2404 1359 est
2438 1305 2878 1375 supercmlestis;
2904 1315 2959 1359 et
2991 1303 3133 1357 Deus
3163 1318 3271 1357 non
3299 1313 3382 1357 est
3413 1303 3553 1358 Deus
3584 1317 3734 1356 mor-

2138 1409 2376 1461 tuorum,
2414 1398 2508 1452 sed
2531 1399 2829 1452 viventium
2857 1414 2874 1464 ;
2903 1413 3036 1468 ergo
3053 1400 3097 1452 si
3130 1396 3346 1466 quidem
3381 1397 3737 1452 consurrexi-

2138 1506 2257 1544 mus
2287 1491 2341 1543 in
2383 1490 2629 1544 novitate
2654 1491 2779 1544 vitae
2805 1489 3172 1553 ambulantes,
3211 1487 3356 1542 Deus
3386 1493 3474 1542 est
3500 1496 3730 1552 noster;

2134 1584 2275 1651 quod
2313 1583 2358 1637 si
2410 1596 2542 1636 vero
2590 1582 2768 1637 adhuc
2833 1582 2978 1637 inter
3039 1591 3286 1636 mortuos
3339 1594 3560 1645 suinus,
3607 1595 3733 1635 cum

2136 1676 2279 1731 Dens
2302 1689 2408 1729 non
2436 1675 2507 1728 sit
2531 1686 2892 1738 mortuormn,
2919 1689 2988 1728 ne
3010 1675 3186 1730 nostri
3209 1674 3427 1744 quidem
3438 1673 3546 1727 erit
3566 1673 3732 1729 Deus.

2135 1765 2401 1821 (λειω-ιιιιι
2447 1766 2711 1821 instituta:
2753 1766 3104 1835 disputationi
3138 1766 3206 1820 de
3237 1780 3303 1821 eo
3330 1766 3421 1834 qui
3468 1773 3589 1819 erat
3629 1766 3732 1821 bo-

2068 1839 2109 1895 Β
2140 1858 2334 1914 micida
2359 1856 2427 1910 ab
2459 1856 2636 1919 initio,
2661 1856 2972 1925 proximum
2995 1864 3102 1919 est,
3124 1863 3184 1910 ut
3209 1856 3493 1911 videamus
3520 1856 3735 1927 aliquos

2136 1949 2355 2019 quidem
2388 1954 2632 2000 mortuos
2663 1960 2807 2012 esse,
2832 1945 2925 1999 scd
2967 1959 3073 1999 non
3120 1945 3175 1999 in
3206 1944 3337 2009 alio,
3368 1957 3733 2016 praeterquam

2137 2042 2189 2096 in
2240 2040 2502 2102 Christo;
2533 2039 2626 2108 qui
2665 2039 2830 2093 etiam
2868 2040 3102 2107 primum
3156 2041 3523 2094 resurrecturi
3553 2050 3727 2103 sunt;

2137 2133 2202 2186 de
2227 2131 2425 2200 quibus
2454 2130 2509 2184 in
2541 2129 2778 2199 Epistula
2829 2130 2897 2183 ad
2943 2129 3261 2185 Corinthios
3302 2129 3383 2186 sic
3411 2132 3611 2187 dicitur
3633 2132 3681 2164 ⁷⁸
3710 2148 3731 2189 :

2137 2223 2353 2294 Clunget
2370 2224 2507 2276 enim
2532 2224 2680 2288 tuba,
2696 2230 2744 2275 et
2768 2223 2967 2276 mortui
2987 2233 3258 2293 resurgent
3275 2222 3729 2292 incorruptibiles,

2136 2327 2182 2368 et
2207 2332 2300 2368 nos
2332 2314 2754 2367 immutabimur.
2795 2311 2854 2367 ln
2892 2313 3132 2382 Epistula
3161 2329 3296 2370 vero
3329 2318 3395 2368 ad
3433 2315 3737 2371 Thessalae

2140 2406 2387 2459 niccnses
2401 2405 2448 2437 ⁷³
2473 2424 2488 2462 :
2509 2402 2622 2458 Hoc
2652 2405 2793 2458 enim
2814 2405 2958 2458 vobis
2981 2405 3209 2459 dicimus
3231 2407 3287 2460 in
3309 2405 3461 2459 verbo
3491 2406 3731 2475 Domini,

2136 2499 2276 2565 quod
2306 2513 2398 2550 nos
2430 2498 2520 2567 qui
2553 2498 2802 2561 vivemus,
2835 2497 2927 2566 qui
2962 2497 3153 2567 reliqui
3182 2498 3378 2552 erimus
3416 2498 3471 2552 in
3498 2498 3731 2552 adventu

2139 2588 2378 2652 Domini,
2409 2603 2737 2657 nequaquam
2764 2589 3143 2653 prwveniemus
3168 2603 3255 2641 eos
3279 2588 3372 2656 qui
3415 2587 3686 2641 dormiunt
3709 2603 3732 2642 :

2137 2682 2389 2749 quoniam
2418 2680 2527 2746 ipse
2554 2678 2813 2732 Dominus
2842 2695 2960 2731 cum
2988 2679 3229 2742 hortatu,
3260 2688 3310 2732 et
3343 2694 3467 2733 voce
3497 2680 3729 2732 archan-

2138 2770 2264 2839 geli,
2293 2785 2357 2822 ac
2383 2770 2508 2822 tuba
2545 2770 2667 2836 Dei,
2709 2770 2990 2822 descendet
3029 2770 3095 2822 de
3147 2769 3300 2833 caelo,
3344 2777 3394 2823 et
3439 2769 3636 2822 mortui
3674 2768 3732 2821 in

2139 2862 2349 2916 Christo
2383 2872 2655 2931 resurgent
2701 2863 2952 2929 primum,
2998 2861 3188 2915 deinde
3224 2877 3320 2914 nos
3342 2860 3432 2931 qui
3474 2863 3729 2923 vivemus,

2137 2953 2229 3022 qui
2252 2953 2439 3023 reliqui
2464 2953 2684 3016 erimus,
2713 2951 2875 3005 simul
2911 2967 3031 3005 cum
3071 2952 3177 3006 illis
3205 2952 3471 3021 rapientur
3491 2951 3549 3004 in
3574 2949 3735 3002 nubi-

2141 3044 2257 3108 bus,
2283 3044 2339 3097 in
2364 3059 2643 3097 occursum
2673 3041 2891 3096 Domini
2915 3045 2969 3097 iu
3000 3060 3150 3111 aera,
3184 3057 3232 3097 et
3272 3046 3349 3096 sic
3388 3057 3594 3111 semper
3609 3056 3732 3095 cum

2141 3137 2367 3190 Domino
2389 3136 2611 3194 erimus.
2639 3135 2829 3205 Itaque
2852 3136 3096 3191 arbitror
3119 3136 3391 3205 perfectos
3418 3144 3476 3190 et
3513 3135 3605 3205 qui
3637 3149 3732 3188 ne-

2140 3244 2413 3297 quaquam
2443 3229 2677 3298 amplius
2701 3238 2921 3299 peccata
2949 3228 3317 3294 committant,
3336 3227 3588 3282 viventes
3608 3239 3732 3280 esse

2139 3322 2191 3375 in
2225 3321 2492 3388 Christo;
2529 3332 2774 3377 mortuos
2818 3338 2952 3376 vero
3009 3323 3062 3375 in
3092 3320 3315 3375 Christo
3350 3334 3447 3374 eos
3479 3333 3602 3373 esse
3631 3319 3729 3389 qui

2137 3411 2313 3468 aﬂ'ecti
2340 3415 2557 3483 quidem
2589 3413 3020 3471 sintsecundum
3062 3427 3182 3467 eam
3218 3411 3375 3467 [idem
3409 3425 3532 3481 qtue
3559 3413 3744 3472 estiu‘

2136 3506 2377 3570 Christo,
2414 3508 2623 3577 quique
2661 3507 2970 3562 deliberant
2999 3505 3203 3574 optime
3232 3512 3437 3568 vivere,
3471 3505 3615 3563 haud
3645 3513 3730 3558 ta-

2135 3611 2258 3650 meu
2314 3597 2446 3652 illud
2504 3598 2740 3652 assecuti
2777 3597 2891 3666 jam
2950 3596 3175 3664 fuerint,
3221 3597 3316 3651 scd
3354 3596 3536 3651 adimo
3563 3595 3726 3650 etiam

2133 3699 2399 3757 peccant;
2431 3689 2517 3743 vel
2552 3700 2772 3759 propter
2798 3691 3161 3759 ignorantiam
3202 3697 3474 3744 accuratae
3503 3697 3558 3742 et
3581 3700 3727 3742 verte

2137 3783 2363 3838 rationis
2407 3786 2474 3838 de
2501 3784 2733 3853 justitia,
2773 3785 2854 3838 vel
2891 3794 3111 3854 prapter
3157 3783 3533 3838 inﬁrmitatem
3577 3781 3726 3847 judi-

2133 3858 2341 3930 ciorum
2383 3892 2507 3946 quae
2567 3878 2708 3931 victa
2758 3876 2977 3931 fuerunt
3012 3893 3042 3930 a
3084 3890 3252 3931 carne
3298 3873 3727 3943 cuncupiscente

2132 3967 2394 4022 adversus
2424 3968 2700 4036 spiritum.
2740 3969 2816 4023 Ac
2841 3968 3089 4038 profecto
3132 3969 3216 4023 his
3259 3980 3606 4036 consequens
3640 3974 3726 4019 est

2135 4058 2358 4112 Paulum
2396 4060 2725 4129 sihimetipsi
2772 4062 3052 4116 conscium
3075 4061 3189 4130 jam
3222 4058 3486 4130 praeclare
3511 4071 3572 4112 se
3599 4072 3726 4128 ges-

2130 4153 2290 4217 sisse,
2321 4152 2505 4207 dicere
2540 4153 2694 4220 illud,
2725 4170 2820 4208 nos
2843 4155 2932 4224 qui
2964 4154 3207 4220 vivimus,
3247 4154 3338 4223 qui
3376 4152 3565 4222 reliqui
3614 4151 3722 4205 eri-

2128 4258 2265 4296 mus.
2295 4243 2586 4309 thterum,
2622 4261 2760 4314 quos
2804 4246 3049 4301 diximus
3083 4255 3349 4313 mortuos,
3388 4245 3439 4299 hi
3486 4245 3725 4298 maxime

2130 4333 2373 4405 indigent
2428 4337 2857 4403 resurrectione,
2902 4353 3027 4394 cum
3083 4353 3153 4393 ne
3209 4339 3453 4393 viventes
3502 4338 3722 4406 quidem

2129 4427 2241 4495 rapi
2275 4428 2485 4495 possint
2514 4428 2567 4481 in
2600 4429 2835 4484 nubibus
2860 4431 2911 4485 in
2935 4445 3225 4486 occursum
3263 4430 3473 4485 Domini
3508 4431 3559 4482 iu
3594 4444 3720 4482 aera

2128 4528 2418 4586 antequam
2470 4521 2705 4589 primum
2757 4530 3045 4593 resurgant
3098 4521 3298 4576 mortui
3348 4523 3401 4577 in
3449 4520 3718 4581 Christo;

2133 4611 2389 4678 quocirca
2423 4613 2686 4680 scriptum
2711 4621 2795 4667 est
2833 4631 2847 4667 :
2878 4612 3080 4667 Μαι-ταὶ
3106 4617 3158 4668 in
3193 4614 3405 4669 Christo
3451 4620 3721 4682 resurgeut

2129 4706 2379 4772 primum,
2411 4706 2599 4760 deinde
2622 4724 2715 4761 nos
2745 4712 2837 4778 qui
2862 4711 3120 4772 vivemus,
3150 4722 3204 4766 et
3234 4726 3356 4782 quas
3391 4721 3719 4778 sequuntur.

2130 4792 2391 4862 Inspicies
2440 4805 2621 4850 autem
2657 4796 2819 4868 353
2850 4815 2976 4851 num
3022 4803 3186 4854 etiam
3230 4809 3455 4872 propter
3487 4798 3719 4853 homici-

2130 4884 2277 4938 dium
2311 4900 2470 4940 suum
2500 4885 2764 4952 eﬂ'ecerit,
2800 4898 2857 4942 ut
2902 4899 3090 4945 essent
3138 4905 3202 4946 ea
3237 4905 3359 4963 qua:
3411 4905 3516 4945 non
3559 4895 3720 4943 erant

2129 4991 2294 5045 super
2342 4987 2547 5034 terram
2589 4981 2964 5048 tnaledictam,
2998 4993 3222 5054 propter
3268 4998 3435 5054 Opera
3489 4980 3647 5048 cjecti
3684 4995 3715 5034 ἰ

2128 5070 2382 5137 paradiso
2413 5072 2731 5127 deliciarum
2765 5076 2962 5129 Adam.
2987 5075 3378 5131 Verumtamen
3410 5074 3589 5130 factus
3614 5071 3720 5128 fuit

2127 5160 2396 5215 homicida
2442 5163 2533 5218 hic
2567 5163 2635 5218 ab
2682 5165 2839 5221 initio
2872 5172 3069 5223 'rerum
3116 5165 3503 5220 exsisteutium
3538 5180 3553 5228 ;
3593 5163 3712 5231 Qui.

2123 5252 2346 5319 Opinor,
2387 5252 2565 5309 factus
2596 5256 2920 5325 principium
2953 5260 3192 5329 ligtnenti
3225 5257 3437 5311 Domini
3462 5255 3531 5319 ⁸⁸,
3566 5255 3715 5308 invi-

2126 5345 2203 5398 dit
2235 5347 2319 5402 his
2342 5363 2464 5417 quae
2491 5359 2672 5404 creata
2694 5349 2851 5405 fuere
2882 5360 2939 5406 ut
2963 5361 3171 5406 essent.
3198 5351 3289 5427 Sic
3329 5349 3529 5403 invidia
3567 5361 3715 5401 mors

501 5460 548 5494 "
582 5460 745 5518 Rom.
781 5477 894 5531 XIV,
929 5462 984 5520 9.
1058 5464 1104 5497 ⁷⁸
1134 5463 1154 5519 1
1180 5465 1306 5521 Cor.
1334 5482 1426 5534 xv,
1457 5467 1549 5525 52.
1624 5471 1672 5503 τ’
1699 5469 1719 5525 Ι
1743 5471 1937 5528 Thess.
1973 5489 2025 5527 ιν

2133 5477 2145 5529 ι
2173 5492 2291 5549 seq.
2375 5481 2422 5514 ‘°
2459 5480 2561 5538 Job
2586 5499 2676 5551 xc,
2706 5483 2793 5538 M.

500 5603 615 5685 (69)
646 5604 825 5685 Codex
853 5606 1196 5685 Bodleianns,
1227 5610 1420 5685 τούτῳ.
1450 5613 1574 5685 Mox
1604 5618 1774 5672 codex
1812 5615 2012 5685 licgius

358 5700 363 5703 ~
429 5672 878 5755 Ιιειίθιείςτοῦτο
900 5679 1155 5755 ξίριστός,
1183 5672 1401 5755 absque
1425 5684 1556 5755 γάρ.

649 5748 731 5822 _0_t’t
759 5744 1025 5822 Uptfézet:
1062 5750 1116 5802 In
1149 5744 1337 5805 codice
1369 5744 1539 5822 Regio
1566 5754 1719 5808 deest
1745 5756 1831 5810 οὐ.

502 5815 615 5887 (il)
656 5815 752 5871 Ἐν
789 5815 972 5889 λόγῳ.
1004 5817 1062 5874 lu
1094 5826 1283 5878 eodem
1311 5815 1500 5881 coditie
1529 5823 1698 5896 [legio
1729 5828 1879 5883 deost
1919 5829 1995 5888 ἐν.

2116 5624 2315 5754 ιθὶξῗὲἒ.
2340 5629 2402 5681 Ol
2453 5629 2951 5699 περιλειπόμενοι.
3007 5626 3172 5682 Decet
3219 5628 3272 5681 iu
3327 5627 3517 5683 codice
3555 5625 3701 5684 Bod-

2193 5764 2309 5835 (75)
2339 5769 2406 5821 Ol
2434 5765 2667 5835 ζῶντες.
2698 5767 2859 5825 Deest
2880 5769 2931 5825 iu
2956 5766 3143 5825 codice
3173 5768 3363 5840 Regio.
