4196 6428
480 328 585 385 δεδέ
1961 325 2055 381 0R

2157 325 2283 382 INIS
3632 331 3739 388 656

480 445 725 503 introivit
769 445 823 500 in
870 448 1127 501 mundum
1151 447 1239 509 ⁸¹;
1276 459 1491 514 semper
1532 443 1786 499 homines
1835 443 2051 499 diabolo

2157 445 2263 505 τοῖς
2290 442 2584 511 κτισθεῖσιν
2608 443 2689 506 είς
2717 443 2778 496 τὸ
2802 438 2962 497 εἶναι.
2994 441 3151 497 Οὕτω
3174 442 3352 515 φθόνῳ
3371 443 3596 511 θάνατος
3621 450 3737 502 sic.

476 540 786 605 occidente,
828 540 880 592 in
927 541 1129 610 quibus
1175 541 1487 594 viventibus
1520 538 1688 591 vitam
1741 537 2055 601 invenerit,

476 632 652 686 donec
679 632 932 686 omnibus
966 630 1202 684 inimicis
1248 630 1438 697 positis
1469 629 1568 682 sub
1598 630 1762 696 pedes
1787 627 1906 683 Filii
1939 628 2057 694 Dei,

477 722 703 778 ultimus
728 723 902 777 hostis
933 721 1053 792 ejus
1083 737 1230 776 mors
1273 722 1580 777 abolebitur
1606 723 1674 777 ⁸⁸.

498 941 504 945 -
548 905 640 961 22.
659 905 951 962 Videamus
969 919 1097 960 vero
1112 906 1274 961 etiam
1294 906 1361 960 de
1374 906 1500 969 hoc,
1542 910 1600 957 et
1643 906 1696 960 in
1719 908 1935 961 eeritate
1954 923 2058 962 non

478 998 618 1053 stetit
642 997 711 1050 ³³.
742 998 917 1064 Atque
946 996 1126 1051 omnis
1159 998 1373 1065 quidem
1404 1012 1468 1052 ac
1488 998 1637 1052 solus
1671 998 1760 1053 ille
1786 998 1877 1067 qui
1912 1009 2056 1053 recta

480 1090 715 1143 firmiter
747 1089 912 1143 habet
953 1088 1230 1158 dogmata,
1257 1097 1314 1143 et
1359 1101 1581 1158 prepter
1619 1090 1930 1144 firmitatem
1962 1091 2059 1145 do-

480 1188 720 1247 gmatum
755 1187 1019 1247 perpetuo
1043 1178 1344 1232 constantis
1374 1189 1458 1233 est
1475 1180 1780 1243 sententize,
1810 1181 1957 1236 nullo
1979 1183 2061 1236 in-

480 1270 744 1331 fortunio.
766 1269 915 1323 nullo
939 1269 1206 1337 corporali
1239 1279 1501 1338 praetextu
1528 1284 1851 1336 concussus,
1886 1274 1931 1326 is
1952 1283 2063 1327 ste-

480 1361 547 1413 tit
574 1360 650 1414 iu‘
683 1361 949 1427 veritate;
981 1361 1072 1430 qui
1120 1376 1254 1416 vero
1300 1360 1596 1416 etiamnum
1626 1363 1862 1431 appetitu
1894 1366 2064 1419 vehe-

478 1453 747 1506 mentiore
782 1467 961 1506 rerum
989 1465 1368 1514 venat-earum,
1392 1450 1475 1506 vel
1506 1452 1875 1521 qualicunque
1899 1456 2057 1523 culpa

479 1544 813 1606 concutitur,
855 1542 928 1595 ita
962 1551 1022 1596 ut
1057 1541 1452 1610 aliquantulum
1480 1543 1830 1599 dimoveatur
1866 1546 1935 1601 ah
1966 1546 2063 1601 ho-

478 1647 657 1700 nesto,
682 1637 726 1688 is
749 1636 941 1689 merito
971 1650 1076 1688 non
1110 1634 1325 1689 stetisse
1350 1636 1696 1692 existimetur
1718 1637 1772 1691 in
1805 1638 2058 1693 veritate.

478 1727 586 1781 Sed
618 1728 732 1781 habe
763 1727 939 1781 oratio
962 1727 1245 1795 perveniat
1271 1728 1338 1782 ad
1365 1743 1461 1784 eas
1492 1729 1657 1783 etiam
1696 1741 1921 1785 naturas
1941 1747 2059 1801 quze

2157 534 2320 606 ῆλθεν
2348 538 2429 600 είς
2465 536 2559 591 τὸν
2584 537 2808 608 κόσμον,
2838 538 2926 591 ἀεὶ
2955 540 3016 591 ὲν
3047 534 3132 601 οἷς
3158 537 3255 591 ὲάν
3279 537 3416 611 εὕρῃ
3448 539 3614 603 ζῶσιν
3646 543 3740 595 ἀν-

2158 626 2687 699 θρωποκτονοῦντο-ς,
2728 629 2833 691 ἕως
2860 627 2926 682 ἂν
2954 629 3172 682 πάντων
3203 628 3312 683 τῶν
3343 628 3553 702 ἐχθρῶν
3600 630 3737 683 ὑπο-

2156 717 2422 771 τεθέντων
2452 721 2563 783 τοῖς
2586 720 2712 772 ποσὶ
2735 717 2829 772 τοῦ
2847 717 2978 771 Υίοῦ
2992 718 3087 771 τοῦ
3110 718 3267 785 Θεοῦ,
3298 717 3523 789 ἔσχατος
3547 719 3738 790 ἐχθρὸς

2157 810 2347 874 αὐτοῦ,
2380 810 2610 874 Θάνατος
2640 812 2983 883 καταργηθῇ.

2227 903 2320 958 εξ.
2356 903 2587 975 Ἵδωμεν
2609 903 2666 956 δὲ
2704 904 2951 975 καὶπερὶ
2981 902 3076 957 τοῦ
3095 919 3110 934 ⁸
3134 902 3340 957 Καὶέν
3381 900 3457 970 τῇ
3487 902 3740 969 ἀληθείᾳ

2157 996 2272 1063 οὐχ
2297 994 2539 1061 ἕστηκε.
2565 995 2682 1057 Πᾶς
2716 994 2817 1064 μὲν
2845 994 2940 1047 καὶ⁹
2970 994 3130 1065 μόνος
3161 994 3191 1046 6
3212 993 3338 1063 ὑγιῆ
3371 990 3482 1063 (74)
3505 991 3738 1062 βεϐαίως

2158 1084 2296 1154 ἔχων
2322 1084 2585 1154 δόγματα,
2608 1084 2704 1137 καὶ
2734 1083 2821 1137 διὰ
2836 1084 2935 1154 τὴν
2961 1082 3284 1153 βεϐαιότητα
3314 1080 3425 1133 τῶν
3454 1081 3740 1150 δογμάτων

2158 1176 2407 1237 ἄσειστος
2426 1177 2537 1238 τοῖς
2565 1175 2800 1247 κρίμασι
2825 1173 3110 1243 τυγχάνων
3142 1174 3201 1226 ὲν
3226 1172 3391 1225 ’παντῖ⁵
3417 1172 3615 1242 καιρῷ,
3646 1172 3739 1223 καὶ

2160 1267 2267 1321 ὑπὸ
2301 1266 2570 1339 μηδεμιᾶς
2594 1266 2988 1338 περιστάσεως,
3022 1264 3059 1335 ἡ
3086 1280 3230 1325 τινος
3257 1263 3577 1333 σωματικῆς
3602 1279 3734 1333 προ-

2161 1358 2398 1427 φάσεως,
2450 1357 2615 1410 οἱονεὶ
2664 1357 2760 1410 δύο
2805 1354 3088 1426 ὑπομένει,
3145 1353 3251 1407 τῶν
3292 1353 3471 1406 πόνων
3517 1353 3653 1424 (75),
3701 1353 3737 1425 ἢ

2162 1447 2526 1519 σφοδροτέρας
2578 1445 2812 1518 ὀρέξεως
2858 1444 3208 1516 ἀφροδισίων,
3235 1444 3269 1515 ἢ
3298 1444 3490 1507 ὁποίας
3540 1444 3741 1513 δήποτε

2160 1538 2339 1602 αίτίας
2368 1538 2745 1608 σαλευόμενος,
2775 1536 2903 1590 ὥστ’
2932 1535 2999 1590 ἀν
3026 1536 3122 1589 καὶ
3147 1535 3240 1588 ἐπὶ
3266 1536 3432 1589 ποσὸν
3456 1551 3742 1605 μετακινη-

2162 1629 2324 1700 θῆναι
2346 1631 2457 1685 ἀπὸ
2479 1630 2574 1684 τοῦ
2614 1628 2805 1697 καλοῦ,
2849 1628 3090 1697 εὐλόγως
3133 1627 3202 1681 ἀν
3252 1627 3543 1699 ἐπηκέναι
3581 1628 3640 1680 ὲν
3671 1629 3738 1697 τῇ

2162 1725 2391 1796 ἀληθείᾳ
2426 1723 2721 1796 νομίζοιτο.
2758 1715 2927 1786 Οὗτος
2972 1723 3031 1776 δὲ
3071 1724 3101 1775 6
3145 1721 3303 1790 λόγος
3350 1720 3601 1791 φθανέτω
3647 1721 3743 1774 καὶ⁵

476 1828 603 1881 sunt
628 1828 781 1872 extra
828 1833 1044 1900 carnem
1085 1831 1142 1876 et
1188 1820 1542 1890 sanguinem;
1575 1829 1660 1874 est
1706 1822 1851 1876 enim
1895 1796 2055 1877 etiam

2162 1820 2255 1874 ἐπὶ
2284 1819 2385 1883 τάς
2443 1817 2549 1883 ἔξω
2597 1817 2799 1889 σαρκὸς
2845 1816 2940 1871 καὶ
2964 1817 3196 1886 αἵματος
3223 1814 3445 1884 φύσεις·
3481 1813 3598 1866 ἔστι
3630 1814 3742 1884 γὰρ

477 1908 531 1961 in
566 1907 780 1961 illarum
808 1906 915 1961 vita
942 1909 1251 1964 necessario
1287 1910 1602 1978 dicendum,
1638 1926 1737 1967 eas
1762 1927 1889 1982 qua».
1914 1928 2056 1982 prte-

476 1999 622 2053 t-lare
650 2014 710 2055 se
755 1999 1045 2068 gesserint,
1085 2012 1234 2057 stare
1265 2003 1319 2057 in
1355 2003 1626 2069 veritate;
1671 2002 1758 2057 sin
1794 2018 1925 2059 vero
1957 2006 2059 2059 ali-

475 2092 598 2158 quis
621 2092 763 2146 hunc
788 2093 840 2146 in
876 2093 1091 2147 modmu
1137 2108 1243 2146 non
1290 2092 1510 2155 vixerit,
1544 2093 1593 2147 is
1625 2108 1732 2148 non
1789 2096 1945 2149 stetit.
1993 2096 2050 2150 in

476 2180 726 2235 veritate.
779 2181 884 2236 Sed
919 2181 1157 2237 observo
1200 2196 1266 2234 ne
1317 2180 1456 2237 forte
1498 2197 1666 2235 unum
1717 2184 1975 2251 quiddam
2004 2195 2059 2240 et

475 2268 746 2325 uniforme
760 2270 1021 2335 sit,stare
1052 2269 1106 2325 in
1129 2270 1395 2336 veritate;
1426 2271 1638 2326 varium
1667 2287 1799 2328 vero
1831 2288 1895 2328 ac
1922 2277 2059 2330 mul-

477 2361 667 2429 liplcx,
706 2376 815 2417 non
860 2372 1007 2417 stare
1042 2363 1098 2416 i‘n
1143 2376 1246 2429 ea;
1280 2362 1606 2432 quibusdam
1646 2367 1971 2421 conantibus
2003 2368 2057 2422 in

472 2469 538 2509 ea
574 2462 721 2508 stare
743 2494 759 2519 ,
789 2454 885 2509 sed
922 2453 975 2509 id
1016 2456 1234 2524 assequi
1282 2470 1390 2509 non
1425 2453 1757 2524 valentibus,
1790 2460 1934 2528 quod
1973 2475 2061 2529 pe-

472 2545 570 2599 des
617 2545 854 2599 habeant
894 2546 1317 2611 tremebundus,
1357 2554 1416 2598 ut
1451 2545 1527 2599 ita
1557 2546 1756 2614 dicam,
1791 2558 1848 2603 et
1887 2551 2057 2606 vacil-

474 2636 686 2702 lantes;
725 2638 846 2693 aliis
891 2654 1042 2704 vero,
1107 2638 1325 2694 etiamsi
1372 2638 1476 2694 hoc
1514 2641 1674 2694 modo
1723 2638 1900 2695 allecti
1947 2657 2054 2696 non

473 2728 697 2794 fuerint,
745 2730 800 2785 in
832 2731 1071 2799 periculo
1104 2741 1281 2786 tamen
1315 2733 1642 2798 constitutis,
1675 2746 1741 2786 ne
1769 2734 1907 2787 idem
1951 2734 2054 2789 sibi

471 2823 754 2891 contingat
783 2840 800 2891 ;
835 2824 1011 2893 qualis
1050 2833 1172 2879 erat
1208 2823 1299 2895 qui
1336 2824 1470 2878 dicit
1499 2841 1515 2880 :
1546 2823 1654 2877 Mei
1707 2834 1881 2878 autem
1926 2842 2058 2893 pene

471 2912 601 2964 noti
620 2923 739 2964 sunt
764 2915 918 2982 pedes
944 2912 1030 2980 ";
1063 2930 1386 2983 rursumque
1431 2916 1601 2969 etiam
1635 2915 1781 2975 aliis.
1807 2917 1862 2969 in
1899 2926 2052 2985 petra

473 2997 802 3068 labentibus,
831 3003 897 3056 de
920 3004 1119 3073 quibus
1142 3004 1250 3058 dici
1272 3005 1466 3071 opinor
1489 3005 1535 3036 ⁸⁸
1569 3020 1585 3058 :
1619 3003 1826 3069 Omnis,
1849 3007 1940 3075 qui
1970 3023 2055 3059 ce-

472 3089 659 3143 ciderit
685 3108 844 3161 super
861 3105 1063 3160 petram
1109 3094 1263 3160 hanc,
1283 3105 1601 3151 conteretur.
1642 3096 1722 3150 Ad
1768 3098 1871 3152 hoc
1903 3107 2052 3152 stare

473 3179 528 3231 in
553 3182 778 3235 veritate
811 3183 1070 3239 Dominus
1092 3187 1391 3242 adhortans
1413 3187 1773 3254 Mosen,dixit
1791 3187 1859 3242 ad
1889 3202 2049 3243 eum:

474 3269 610 3324 Ecce
640 3273 787 3328 locus
812 3277 953 3341 apud
977 3294 1081 3343 me,
1108 3288 1157 3331 et
1197 3278 1361 3333 stabis
1386 3295 1547 3349 super
1568 3288 1774 3348 petram
1800 3281 1847 3312 ⁸⁸
1870 3300 1889 3345 ;
1923 3296 2049 3335 nam

472 3363 519 3415 si
565 3373 713 3431 petra
750 3366 1002 3423 Christus
1044 3380 1164 3425 erat
1191 3370 1258 3436 ⁸⁷,
1286 3371 1651 3442 Christusque
1685 3372 1860 3443 inquit
1893 3391 1907 3429 :
1935 3373 2049 3444 Ego

472 3469 587 3507 sum
616 3458 890 3523 veritas“,
911 3458 1163 3517 fortassis
1192 3464 1296 3519 hoc
1318 3464 1550 3531 dictum,
1580 3465 1744 3520 stabis
1767 3483 1926 3535 super
1954 3484 2051 3538 pe-

472 3556 636 3611 tram,
662 3549 801 3604 idem
827 3561 913 3606 est
939 3562 1103 3622 atque
1150 3555 1284 3612 hoc:
1308 3555 1492 3612 Stabis
1523 3572 1688 3627 supra
1731 3559 2050 3625 veritatem;

477 3635 528 3687 id
580 3640 725 3707 quod
761 3642 853 3695 vix
908 3654 1031 3711 post
1063 3645 1233 3700 multa
1281 3646 1499 3701 tandem
1550 3647 1821 3718 contingit
1865 3648 2050 3704 alicui.

478 3726 632 3782 Unde
666 3731 731 3784 ad
762 3732 814 3786 id
844 3734 1009 3789 etiam
1038 3752 1208 3806 usque
1258 3740 1543 3809 temporis,
1575 3754 1684 3809 quo
1726 3742 1869 3796 dicta
1902 3740 2054 3796 fuere

476 3816 593 3873 haec
628 3822 789 3874 verba
825 3820 956 3875 Mosi
986 3839 1001 3878 :
1034 3823 1170 3879 Ecce
1199 3827 1346 3881 locus
1385 3830 1528 3898 apud
1564 3846 1646 3885 me
1681 3839 1785 3896 est,
1807 3840 1855 3884 et
1888 3832 2058 3886 stabis’

471 3921 634 3974 super
654 3918 880 3977 petram,
896 3910 1071 3968 Moses
1096 3930 1201 3970 non
1224 3926 1449 3972 steterat
1472 3934 1635 3988 super
1652 3920 2052 3988 petram.Quod

475 3995 520 4047 si
541 3995 663 4063 quis
683 3996 999 4067 diligentius
1027 4003 1325 4073 inspexerit
1342 4017 1596 4062 naturam
1620 4010 1913 4066 humanam
1947 4028 2053 4067 non

475 4084 642 4141 facile
673 4089 941 4146 valentem
966 4106 1028 4149 se
1067 4096 1332 4152 mundare
1358 4112 1387 4151 a
1417 4097 1582 4171 344
1612 4100 1763 4156 falsis
1791 4103 2056 4172 dogmati-

2158 1912 2253 1966 καὶ
2280 1914 2338 1965 ὲν
2357 1913 2425 1983 τῇ
2454 1910 2680 1965 ἐκείνων
2711 1909 2826 1980 ζωῇ
2859 1908 2928 1960 τά
2956 1906 3330 1979 κατορθοῦντα
3360 1904 3650 1977 ἑστηκέναι
3683 1907 3741 1957 ὲν

2154 2006 2222 2075 τῇ
2252 2002 2478 2074 ἀληθείᾳ.
2509 2001 2738 2064 δεόντως
2764 2000 2943 2069 λέγειν
2963 2015 2978 2031 ο
3017 2000 3066 2052 εί
3089 1996 3146 2050 δέ
3171 2014 3254 2060 τις
3290 1997 3365 2069 μὴ
3393 1996 3566 2060 οὕτως
3614 1995 3739 2064 βιοῖ,

2156 2096 2255 2166 οὐχ
2286 2094 2519 2165 ’ἐστηκεν
2577 2095 2635 2146 ὲν
2663 2095 2730 2164 τῇ
2762 2091 3011 2163 ἀληθείᾳ.
3051 2090 3189 2143 Ἀλλ’
3236 2089 3500 2160 ἐφίστημι
3530 2090 3743 2160 μήποτε

2157 2187 2215 2240 ἒν
2251 2187 2351 2257 μέν
2372 2202 2426 2240 τι
2449 2187 2543 2239 καὶ
2574 2184 2847 2257 μονοειδές
2880 2186 2994 2237 ἐστι
3024 2183 3086 2235 τὸ
3110 2181 3402 2253 ὲστηκέναι
3424 2182 3483 2233 ὲν
3510 2184 3577 2252 τῇ
3608 2180 3743 2251 ἀλη-

2158 2272 2281 2344 θείᾳ
2299 2291 2315 2306 ο
2350 2273 2596 2327 ποικίλον
2608 2272 2667 2326 δέ
2685 2289 2739 2325 τι
2765 2274 2859 2325 καὶ
2880 2270 3220 2343 πολύτροπον
3248 2272 3310 2324 τὸ
3343 2271 3421 2342 μὴ
3451 2269 3741 2340 ἕστηκεναι

2160 2366 2218 2417 ὲν
2240 2366 2400 2435 αὐτῇ,
2432 2363 2597 2417 τινῶν
2629 2364 2728 2435 μὲν
2761 2362 3115 2434 τρεμούσαις,
3160 2362 3226 2416 ἶν’
3254 2361 3428 2427 οὕτως
3466 2361 3739 2432 ὀνομάσω,

2156 2460 2275 2520 ταῖς
2313 2457 2521 2526 βάσεσι,
2549 2458 2641 2509 καὶ
2686 2456 2994 2526 σειομέναις
3028 2454 3364 2526 βιαζομένων
3413 2455 3635 2508 ἑστάναι
3682 2456 3740 2508 ὲν

2159 2550 2321 2619 αὐτῇ,
2351 2549 2445 2601 καὶ
2479 2548 2705 2619 μηδέπω
2742 2547 2901 2600 τοῦτο
2946 2547 3210 2617 ἐχόντων’
3261 2546 3461 2617 ἐτέρων
3487 2545 3544 2598 δὲ
3584 2545 3741 2598 τοῦτο

2163 2640 2263 2710 μὲν
2294 2640 2354 2692 οὐ
2390 2638 2754 2702 πεπονθότων,
2787 2641 2846 2694 ὲν
2868 2638 3099 2710 κινδύνῳ
3135 2639 3191 2693 δὲ
3223 2638 3317 2691 τοῦ
3350 2641 3409 2692 ἐν
3436 2638 3612 2708 τούτῳ
3648 2654 3741 2706 γε·-

2160 2730 2345 2784 νέσοαι
2373 2730 2806 2799 καθεστηκότων,
2856 2730 3039 2792 ὁποῖός
3070 2731 3219 2781 ἐστιν
3253 2731 3281 2781 6
3305 2728 3478 2797 λέγων
3499 2744 3512 2758 ·
3561 2727 3741 2797 Ἐμοῧ

2157 2822 2226 2876 δὲ
2249 2823 2409 2891 παρὰ
2433 2822 2651 2892 μικρὸν
2677 2822 3101 2889 ἑσαλεὺθησαν
3122 2823 3176 2874 ol
3206 2820 3409 2886 πόδες,
3446 2821 3539 2873 καὶ
3565 2819 3739 2872 ἄλλων

2159 2916 2254 2970 καὶ
2283 2916 2648 2968 πεπτωκότων
2674 2916 2730 2966 ὲν
2751 2916 2911 2985 αὐτῇ,
2945 2915 3075 2985 περῖ⁵
3101 2907 3176 2968 ὧν
3200 2909 3351 2983 οἶμαι
3372 2911 3626 2981 λέγεσθαι
3654 2927 3734 2966 το·

2159 3005 2284 3072 Πᾶς
2308 3008 2341 3060 ό
2372 3004 2579 3060 πεσὼν
2603 3005 2704 3058 ἐπὶ
2730 3005 2837 3058 τὸν
2866 3005 3047 3059 λίθον
3096 3004 3315 3058 τοῦτον
3344 3001 3737 3069 συνθλασθή-

2158 3113 2348 3151 σεται.
2391 3097 2514 3150 ‘Eni.
2546 3094 2703 3149 τοῦτο
2724 3096 2785 3148 τὸ
2815 3095 3037 3149 ἑστάναι
3059 3096 3117 3149 ὲν
3149 3098 3216 3165 τῇ
3254 3092 3483 3165 ἀληθείᾳ
3508 3095 3739 3165 προτρέ-

2156 3203 2274 3240 πων
2293 3187 2323 3238 6
2343 3185 2545 3256 Κύριος
2575 3186 2798 3249 Μωσέα,
2822 3180 2944 3238 εἷπε
2969 3185 3105 3256 πρὸς
3134 3185 3298 3238 αὐτόν
3322 3200 3336 3214 °
3374 3182 3517 3239 Ἰδοὺ
3554 3183 3739 3250 τόπος

2155 3281 2293 3348 παρ’
2317 3278 2469 3349 ἐμοὶ,
2518 3278 2617 3333 καὶ
2649 3276 2853 3346 στήσῃ
2897 3274 2999 3330 ἐπὶ
3031 3274 3138 3344 τῆς
3176 3274 3427 3344 πέτρας-⁸
3470 3276 3519 3327 εί
3560 3274 3669 3345 γάρ
3701 3277 3736 3344 η

2155 3372 2331 3443 πέτρα
2361 3369 2595 3442 Χριστος
2623 3365 2712 3440 ἦν,
2744 3369 2978 3443 Χριστὸς
3008 3368 3065 3421 δὲ
3100 3368 3291 3438 φησίν⁵
3342 3366 3491 3436 Ἐγώ
3527 3370 3644 3436 εἰμι
3694 3368 3734 3436 ἠ

2154 3460 2421 3528 ἀλήθεια,
2453 3462 2664 3532 μήποτε
2697 3459 2779 3527 τὸ,
2807 3458 3012 3527 Στήσῃ
3042 3459 3143 3512 ἐπὶ
3193 3458 3303 3528 τῆς
3338 3461 3580 3526 πέτρας,
3621 3461 3736 3514 ἴσον

2154 3551 2375 3605 δύναται
2401 3551 2500 3622 τῷ,
2525 3552 2708 3623 Στήσῃ
2737 3550 2833 3602 ἐπὶ
2856 3550 2955 3620 τῆς
2993 3548 3270 3619 ἀληθείας.
3299 3549 3475 3618 Μόγις
3512 3549 3571 3602 δέ
3602 3566 3734 3602 ποτε

2155 3637 2313 3691 τοῦτο
2339 3637 2436 3691 καὶ⁸
2489 3638 2626 3709 μετὰ
2672 3636 2842 3690 πολλά
2887 3636 3199 3705 ἐγγίγνεται
3223 3654 3350 3691 τινι.
3393 3638 3575 3709 Μέχρι
3602 3638 3736 3707 γοῦν

2155 3730 2283 3783 τοῦ’
2338 3729 2485 3784 Ἰδοὺ
2527 3731 2712 3795 τόπος
2739 3728 2874 3797 παρ’
2904 3728 3057 3795 ἐμοὶ,
3099 3728 3198 3782 καὶ
3230 3727 3434 3797 στήσῃ
3475 3728 3577 3782 ἐπὶ
3626 3725 3735 3797 τῆς

2158 3818 2398 3888 πέτρας,
2421 3818 2627 3889 Μωσῆς
2649 3817 2858 3872 οὐδέπω
2879 3818 3100 3889 ἑστήκει
3128 3818 3221 3871 ἐπὶ
3246 3818 3347 3889 τῆς
3376 3818 3606 3889 πέτρας.
3623 3819 3734 3872 Καὶ

2158 3911 2213 3962 εί
2234 3908 2319 3973 τίς
2349 3926 2414 3977 γε
2440 3908 2861 3979 ἐπιμελέστερον
2896 3908 3056 3961 ἐνίδοι
3098 3910 3165 3979 τῇ
3201 3908 3517 3981 ἀνθρωπίνῃ
3552 3909 3734 3976 φύσει,

2157 4003 2259 4056 οὐκ
2292 4000 2531 4074 εὐχερῶς
2558 4000 2672 4070 (76)
2701 4000 2977 4074 δυναμένῃ
3027 3999 3353 4072 καθαρεύειν
3384 4001 3493 4057 ἀπὸ
3523 4000 3737 4071 ψευδῶν

2157 4093 2464 4165 δογμάτων,
2502 4093 2711 4164 ὄψεται,
2759 4094 2865 4155 ὅτι,
2893 4093 3082 4165 ὥσπερ
3130 4095 3239 4157 πᾶς
3277 4093 3562 4167 ἄνθρωπος
3598 4095 3732 4164 ψεύ-

478 4177 603 4242 hus,
638 4178 686 4235 is
715 4184 933 4239 visurus
961 4196 1046 4240 est
1077 4190 1527 4255 quemadmodum
1559 4193 1736 4248 omnis
1777 4194 1940 4249 homo
1971 4203 2055 4250 est

2161 4202 2312 4256 στης,
2344 4185 2518 4248 οὕτως
2542 4186 2652 4249 πᾶς
2680 4185 2967 4256 ἄνθρωπος
2997 4186 3096 4257 οὐχ
3153 4185 3384 4256 ἔστηκεν
3417 4188 3476 4239 ὲν
3505 4188 3571 4256 τῇ
3599 4186 3735 4256 ἀλη-

480 4270 712 4325 mendax
738 4270 808 4338 δ’,
844 4274 914 4327 ita
955 4276 1122 4331 etiam
1155 4279 1360 4333 nullum
1392 4280 1667 4337 hominem
1695 4294 1846 4338 stare
1881 4285 1933 4339 in
1963 4299 2057 4339 ve-

477 4358 672 4427 ritate;
706 4377 829 4416 nam
863 4366 907 4419 si
934 4365 1130 4436 aliquis
1163 4384 1268 4425 non
1294 4378 1379 4425 est
1406 4371 1636 4442 amplius
1668 4375 1923 4439 mendax,
1960 4383 2053 4429 aut

2160 4378 2255 4414 κεν
2282 4361 2340 4415 ὲν
2369 4363 2433 4432 τῇ
2457 4361 2705 4433 ἀληθείᾳ,
2743 4365 2773 4416 6
2806 4363 3043 4427 τοιοῦτος
3081 4366 3181 4418 οὐκ
3213 4364 3361 4418 ἔστιν
3406 4366 3692 4437 ἄνθρωπος
3715 4384 3731 4399 ο

476 4457 588 4504 stat
625 4451 677 4505 in
702 4453 950 4520 veritate,
983 4455 1289 4525 hujusmodi
1318 4475 1453 4514 sane
1483 4476 1587 4515 non
1619 4472 1696 4516 est
1735 4463 1927 4529 homo;
1965 4463 2055 4515 ad-

2158 4449 2287 4503 ὥστ³
2308 4450 2374 4504 ἂν
2404 4452 2576 4505 εἰπεῖν
2601 4452 2877 4521 αὐτῷ,καὶ
2902 4456 3015 4517 τοῖς
3041 4455 3247 4525 ὁμοίοις
3279 4455 3427 4527 αὐτῷ
3447 4457 3539 4511 τὸν
3565 4457 3697 4512 Θεόν
3714 4474 3731 4490 ⁸

474 4553 542 4593 eo
571 4547 633 4592 ut
660 4539 803 4595 Deus
838 4542 910 4597 illi
942 4545 1133 4613 suique
1150 4547 1420 4602 similibus
1460 4545 1766 4618 diealtEgu
1787 4547 1937 4602 dixi:
1959 4547 2049 4604 Dii

2168 4543 2317 4613 Ἐγὼ
2342 4539 2503 4597 εἶπα·
2528 4545 2661 4601 Θεοί
2687 4547 2848 4614 ἐστε,
2884 4548 2985 4601 καὶ
3006 4549 3122 4602 υἱοὶ
3162 4550 3446 4619 Ὑψίστου
3483 4552 3731 4618 πάντες,

471 4634 599 4683 estis
625 4639 676 4685 et
695 4631 799 4701 ﬁlii
837 4632 1045 4688 Ercelsi
1081 4653 1258 4691 omnes
1279 4639 1327 4670 ’°
1361 4654 1377 4701 ;
1420 4654 1519 4694 nec
1556 4641 1684 4696 illud
1722 4644 1788 4696 de
1819 4657 1885 4697 eo
1926 4643 2055 4697 sub-

2157 4636 2253 4688 οὐκ
2291 4635 2793 4709 ὲπενεχθησομένου
2825 4639 2975 4710 αύτῷ
3014 4640 3137 4693 τοῦ⁸
3184 4642 3369 4711 Ὑμεῖς
3406 4642 3476 4697 δὲ
3519 4643 3596 4713 δὴ
3651 4645 3735 4710 ὡς

471 4720 769 4789 iungetur:
812 4723 913 4778 Vos
958 4737 1134 4780 autem
1182 4730 1316 4782 sicut
1354 4730 1588 4785 homines
1641 4734 1940 4788 moriemini
1985 4735 2052 4791 ".

2157 4725 2453 4796 ἄνθρωποι
2486 4728 2925 4794 ἀποθνήσκετε.
2956 4732 3023 4784 El’
3049 4749 3132 4796 τις
3179 4729 3272 4787 οὖν
3304 4736 3398 4787 καὶ
3436 4735 3595 4797 ἀλλος
3633 4735 3731 4806 οὐχ

474 4808 628 4876 Quod
656 4816 700 4867 si
735 4814 900 4883 igitur
951 4818 1237 4886 quisquam
1273 4820 1437 4875 etiam
1469 4823 1608 4879 alius
1656 4840 1762 4879 non
1811 4827 1966 4881 stetit
1998 4827 2050 4881 in

2157 4817 2385 4889 ἕστηκεν
2413 4821 2470 4874 ὲν
2502 4822 2567 4890 τῇ
2597 4820 2843 4891 ἀληθείᾳ,
2872 4821 3028 4892 δῆλον
3073 4824 3155 4877 ὅτι
3189 4824 3284 4877 καὶ
3332 4827 3361 4878 6
3402 4823 3647 4887 διάϐολος
3702 4826 3733 4877 6

477 4903 729 4969 veritate,
767 4905 1011 4975 profecto
1037 4909 1082 4963 is
1113 4910 1213 4963 fuit
1250 4912 1519 4980 diabolus,
1548 4916 1641 4985 qui
1668 4916 1737 4971 ab
1761 4917 1915 4971 initio
1947 4917 2052 4988 fuit

2159 4913 2255 4965 ἀπ’
2283 4914 2456 4984 ἀρχῆς
2496 4912 2977 4982 ἀνθρωποκτόνος·
3021 4916 3115 4969 καὶ
3166 4919 3200 4987 ἡ
3248 4916 3398 4970 αἰτία
3427 4934 3490 4985 γε
3523 4915 3618 4969 τοῦ
3654 4915 3730 4986 μὴ

475 4991 788 5060 homicida;
819 5006 874 5052 et
907 5013 1069 5054 causa
1113 5016 1245 5057 sane
1282 5019 1383 5059 cur
1433 5007 1546 5076 ipse
1589 5023 1695 5063 non
1747 5011 1962 5064 steterit
1995 5012 2047 5064 in

2158 5004 2443 5074 ὲστηκέναι
2468 5004 2627 5057 αὑτὸν
2660 5006 2716 5057 ἐν
2737 5005 2961 5077 ἀληθείᾳ
2989 5005 3177 5060 τοῦτον
3220 5008 3433 5078 εἴρηται
3471 5006 3562 5059 τὸν
3607 5005 3731 5075 τρό-

477 5088 720 5153 veritate,
749 5090 894 5145 dicta
922 5102 1006 5146 est
1044 5092 1187 5149 hunc
1216 5096 1269 5149 in
1302 5098 1517 5152 modum
1547 5115 1563 5154 :
1592 5101 1719 5169 quia
1753 5102 1947 5157 veritas
1987 5106 2042 5159 in

2157 5117 2281 5153 πον·
2320 5102 2441 5154 Ὅτι
2481 5103 2593 5155 οὐκ
2624 5100 2797 5154 ἔστιν
2830 5100 3083 5168 ἀλήθεια
3107 5103 3179 5155 ἐν
3204 5101 3383 5167 αὐτῷ.
3430 5101 3529 5154 Διά
3571 5099 3731 5152 τοῦτο

542 5203 586 5234 ⁸⁸
622 5200 837 5283 Sap._tt,
870 5205 967 5283 :2}:
1002 5207 1083 5283 _"‘
1116 5208 1134 5261 l
1167 5209 1524 5283 (Σοί-,ιηβᾷ
1600 5210 1828 5270 "Joan.
1875 5231 1996 5278 vm.
2050 5217 2141 5271 Li.
2217 5217 2425 5274 “Psal.
2475 5218 2730 5280 t.xxtt,2.
2829 5218 2877 5251 ⁸⁸
2905 5220 3094 5273 Matth.
3156 5237 3269 5283 xxI,
3320 5223 3412 5277 44.
3484 5222 3531 5254 ⁸⁸
3553 5220 3726 5276 Exod.

473 5287 670 5339 xxxut,
706 5274 796 5329 21.
871 5276 916 5306 ⁸⁷
950 5274 1123 5335 lCor.
1169 5295 1223 5346 Χ,
1263 5281 1319 5337 4.
1394 5280 1615 5338 88.loan.
1651 5298 1762 5349 xlv,
1788 5284 1842 5340 6.
1913 5286 1958 5317 δ’
1986 5274 2055 5342 Ps

2160 5304 2299 5355 ειν,
2333 5290 2426 5343 ll.
2493 5289 2539 5321 ’°
2572 5274 2718 5343 Psal.
2745 5305 2927 5358 Lxxxt,
2955 5288 3009 5345 6.
3087 5292 3131 5322 ⁹¹
3160 5274 3297 5346 ibid.
3331 5274 3386 5348 7;

481 5461 496 5477 ρ
546 5390 660 5477 (μ)
704 5391 885 5477 Codex
936 5392 1290 5462 Bodleianus,
1358 5409 1538 5465 recte,
1589 5398 1755 5468 ὑγιῆ·
1825 5401 2049 5473 Regius,

684 5461 1073 5600 Ἦὲξέςάσεως,
1102 5534 1284 5589 οἱονεὶ
1314 5537 1423 5590 δύο
1444 5535 1759 5606 ὑπομένει,
1792 5539 1913 5593 τῶν
1939 5542 2048 5594 πό-

474 5616 620 5654 νων.
651 5612 756 5653 etc.
787 5601 1254 5654 Reutmsentamus
1291 5606 1432 5654 bona
1475 5610 1579 5654 tida
1618 5612 1865 5654 cmlimnn
1934 5629 2048 5654 mn-

517 5617 620 5665 ων,
651 5617 756 5653 etc.

2157 5405 2323 5484 furius
2356 5407 2408 5461 in
2434 5408 2570 5473 istis,
2602 5408 2838 5484 εὐλόγως
2867 5407 2933 5484 ἀν
2965 5408 3257 5484 έπηκὲναι
3289 5410 3347 5463 ὲν
3376 5411 3469 5484 τῇ-
3497 5408 3729 5484 ἀληθείᾳ

2154 5476 2456 5549 νομίζοιτο,
2491 5479 2717 5549 negandi
2746 5478 3015 5547 particula
3050 5476 3338 5535 manifesto
3359 5476 3724 5540 desideratur;

2154 5545 2414 5603 lltjmtus.
2563 5545 2585 5549 ⁷
2747 5545 2761 5547 -

2225 5618 2338 5691 ﬂii)
2373 5618 2554 5691 Codex
2585 5618 2805 5691 [legium
2840 5632 3151 5691 pet-perant,
3179 5617 3385 5691 εὐρώς.

2228 5689 2341 5758 (77)
2370 5690 2551 5746 Codex
2586 5688 2810 5762 lli-gius,
2843 5689 3002 5753 male,
3033 5688 3061 5741 6
3091 5688 3345 5761 ψεύστης.

649 5612 756 5680 etc.
787 5601 1254 5680 Reptmsentamus
1291 5606 1432 5660 bona
1475 5601 1579 5660 tidé
1618 5601 1865 5663 codicum
1934 5629 2051 5664 nm-

483 5676 884 5742 nuscriptorung
916 5676 1143 5741 apices;
1171 5689 1307 5742 quos
1341 5685 1518 5730 tamen
1551 5693 1670 5733 esse
1710 5680 1927 5735 luxatos
1955 5696 2047 5735 sa-

481 5738 551 5795 tis
576 5742 813 5795 ostendit
847 5738 1167 5799 lt‘eri‘ariau'a
1190 5738 1600 5816 interpretatio.
1647 5750 1739 5804 Sic
1774 5751 1934 5818 paulo
1966 5752 2045 5807 iu-

2159 4272 2310 4346 θείᾳο
2341 4274 2389 4326 εί
2421 4271 2528 4344 γάρ
2560 4289 2645 4337 τις
2672 4274 2821 4326 ἐστὶν
2858 4274 2920 4326 οὐ
2951 4273 3190 4344 ψεύστης
3224 4274 3336 4344 (77)
3364 4274 3468 4339 ἔτι,
3510 4274 3543 4345 ἢ
3573 4273 3736 4346 ἓστη-
3812 4316 3817 4319 λ

3912 5550 3941 5593 ε
