  <div class='ocr_page' id='page_1' title='image "/cluster/home/n/w/nwhite01/storage/ocr_20150623/14:no.4/coo.31924054872928/330.png"; bbox 0 0 4196 6420; ppageno 0'>
   <div class='ocr_carea' id='block_1_1' title="bbox 464 370 573 429">
    <p class='ocr_par' dir='ltr' id='par_1_1' title="bbox 464 370 573 429">
     <span class='ocr_line' id='line_1_1' title="bbox 464 370 573 429; baseline -0.028 0"><span class='ocrx_word' id='word_1_1' title='bbox 464 370 573 429; x_wconf 77' lang='grc'><strong>657</strong></span> 
     </span>
    </p>
   </div>
   <div class='ocr_carea' id='block_1_2' title="bbox 1521 357 2637 418">
    <p class='ocr_par' dir='ltr' id='par_1_2' title="bbox 1521 357 2637 418">
     <span class='ocr_line' id='line_1_2' title="bbox 1521 357 2637 418; baseline -0.003 0"><span class='ocrx_word' id='word_1_2' title='bbox 1521 362 1877 418; x_wconf 64' lang='lat' dir='ltr'><strong>COMME‘NT.</strong></span> <span class='ocrx_word' id='word_1_3' title='bbox 1917 359 1981 413; x_wconf 76' lang='lat' dir='ltr'><strong>IN</strong></span> <span class='ocrx_word' id='word_1_4' title='bbox 2013 358 2207 414; x_wconf 65' lang='lat' dir='ltr'><strong>JOAN.</strong></span> <span class='ocrx_word' id='word_1_5' title='bbox 2248 357 2486 413; x_wconf 76' lang='lat' dir='ltr'><strong>TOMUS</strong></span> <span class='ocrx_word' id='word_1_6' title='bbox 2521 357 2637 416; x_wconf 76' lang='lat' dir='ltr'><strong>XX.</strong></span> 
     </span>
    </p>
   </div>
   <div class='ocr_carea' id='block_1_3' title="bbox 3605 362 3710 417">
    <p class='ocr_par' dir='ltr' id='par_1_3' title="bbox 3605 362 3710 417">
     <span class='ocr_line' id='line_1_3' title="bbox 3605 362 3710 417; baseline 0 0"><span class='ocrx_word' id='word_1_7' title='bbox 3605 362 3710 417; x_wconf 76' lang='lat'><strong>658</strong></span> 
     </span>
    </p>
   </div>
   <div class='ocr_carea' id='block_1_4' title="bbox 467 463 2040 557">
    <p class='ocr_par' dir='ltr' id='par_1_4' title="bbox 467 479 2038 557">
     <span class='ocr_line' id='line_1_4' title="bbox 467 479 2038 557; baseline -0.01 -12"><span class='ocrx_word' id='word_1_8' title='bbox 467 493 513 545; x_wconf 73' lang='grc' dir='ltr'>δ’</span> <span class='ocrx_word' id='word_1_9' title='bbox 539 490 640 545; x_wconf 82' lang='grc' dir='ltr'>οὐκ</span> <span class='ocrx_word' id='word_1_10' title='bbox 673 489 817 541; x_wconf 76' lang='grc' dir='ltr'>ἔστιν</span> <span class='ocrx_word' id='word_1_11' title='bbox 845 485 1071 557; x_wconf 83' lang='grc' dir='ltr'>ἀλήθεια</span> <span class='ocrx_word' id='word_1_12' title='bbox 1099 486 1155 538; x_wconf 78' lang='grc' dir='ltr'><strong>ἐν</strong></span> <span class='ocrx_word' id='word_1_13' title='bbox 1180 483 1349 554; x_wconf 76' lang='grc' dir='ltr'>αὐτῷ,</span> <span class='ocrx_word' id='word_1_14' title='bbox 1374 484 1602 550; x_wconf 73' lang='grc' dir='ltr'>ἐπείπερ</span> <span class='ocrx_word' id='word_1_15' title='bbox 1630 483 1926 550; x_wconf 78' lang='grc' dir='ltr'>ἠπάτηται,</span> <span class='ocrx_word' id='word_1_16' title='bbox 1944 479 2038 531; x_wconf 74' lang='grc' dir='ltr'>καὶ</span> 
     </span>
    </p>
   </div>
   <div class='ocr_carea' id='block_1_5' title="bbox 2135 463 3711 557">
    <p class='ocr_par' dir='ltr' id='par_1_5' title="bbox 2140 463 3711 533">
     <span class='ocr_line' id='line_1_5' title="bbox 2140 463 3711 533; baseline 0.001 -4"><span class='ocrx_word' id='word_1_17' title='bbox 2140 492 2200 529; x_wconf 86' lang='lat' dir='ltr'><strong>eo</strong></span> <span class='ocrx_word' id='word_1_18' title='bbox 2226 493 2329 531; x_wconf 86' lang='lat' dir='ltr'><strong>non</strong></span> <span class='ocrx_word' id='word_1_19' title='bbox 2360 487 2436 530; x_wconf 72' lang='grc' dir='ltr'><strong>εει</strong></span> <span class='ocrx_word' id='word_1_20' title='bbox 2465 478 2533 531; x_wconf 68' lang='grc'><strong>³⁸.</strong></span> <span class='ocrx_word' id='word_1_21' title='bbox 2561 463 2726 530; x_wconf 40' lang='lat' dir='ltr'><strong>Hanc.</strong></span> <span class='ocrx_word' id='word_1_22' title='bbox 2753 486 2929 530; x_wconf 72' lang='lat' dir='ltr'><strong>autem</strong></span> <span class='ocrx_word' id='word_1_23' title='bbox 2962 477 3031 531; x_wconf 90' lang='lat' dir='ltr'><strong>ob</strong></span> <span class='ocrx_word' id='word_1_24' title='bbox 3068 491 3286 531; x_wconf 80' lang='lat' dir='ltr'><strong>causam</strong></span> <span class='ocrx_word' id='word_1_25' title='bbox 3320 492 3423 532; x_wconf 95' lang='lat' dir='ltr'><strong>non</strong></span> <span class='ocrx_word' id='word_1_26' title='bbox 3454 479 3611 533; x_wconf 85' lang='lat' dir='ltr'><strong>estin</strong></span> <span class='ocrx_word' id='word_1_27' title='bbox 3644 495 3711 532; x_wconf 89' lang='lat' dir='ltr'><strong>eo</strong></span> 
     </span>
    </p>
   </div>
   <div class='ocr_carea' id='block_1_6' title="bbox 470 572 2037 653">
    <p class='ocr_par' dir='ltr' id='par_1_6' title="bbox 470 572 2037 653">
     <span class='ocr_line' id='line_1_6' title="bbox 470 572 2037 653; baseline -0.008 -19"><span class='ocrx_word' id='word_1_28' title='bbox 470 581 641 653; x_wconf 69' lang='grc' dir='ltr'>ψευδῆ</span> <span class='ocrx_word' id='word_1_29' title='bbox 668 577 1062 648; x_wconf 75' lang='grc' dir='ltr'>ὑπολαμϐάνει,</span> <span class='ocrx_word' id='word_1_30' title='bbox 1094 578 1189 629; x_wconf 76' lang='grc' dir='ltr'>καὶ</span> <span class='ocrx_word' id='word_1_31' title='bbox 1220 575 1497 645; x_wconf 73' lang='grc' dir='ltr'>ἧπάτηται</span> <span class='ocrx_word' id='word_1_32' title='bbox 1524 574 1685 636; x_wconf 80' lang='grc' dir='ltr'>αὐτὸς</span> <span class='ocrx_word' id='word_1_33' title='bbox 1709 574 1797 640; x_wconf 68' lang='grc' dir='ltr'><strong>ὑφ’</strong></span> <span class='ocrx_word' id='word_1_34' title='bbox 1824 572 2037 635; x_wconf 82' lang='grc' dir='ltr'>ἑαυτοῦ,</span> 
     </span>
    </p>
   </div>
   <div class='ocr_carea' id='block_1_7' title="bbox 466 664 2040 742">
    <p class='ocr_par' dir='ltr' id='par_1_7' title="bbox 466 664 2040 742">
     <span class='ocr_line' id='line_1_7' title="bbox 466 664 2040 742; baseline -0.008 -15"><span class='ocrx_word' id='word_1_35' title='bbox 466 672 673 727; x_wconf 87' lang='grc' dir='ltr'>τούτων</span> <span class='ocrx_word' id='word_1_36' title='bbox 706 671 902 742; x_wconf 85' lang='grc' dir='ltr'>χείρων</span> <span class='ocrx_word' id='word_1_37' title='bbox 932 667 1069 723; x_wconf 83' lang='grc' dir='ltr'>εἶναι</span> <span class='ocrx_word' id='word_1_38' title='bbox 1093 666 1361 737; x_wconf 76' lang='grc' dir='ltr'>λογισθεὶς</span> <span class='ocrx_word' id='word_1_39' title='bbox 1381 666 1488 720; x_wconf 90' lang='grc' dir='ltr'><strong>τῶν</strong></span> <span class='ocrx_word' id='word_1_40' title='bbox 1512 665 1713 718; x_wconf 81' lang='grc' dir='ltr'>λοιπῶν</span> <span class='ocrx_word' id='word_1_41' title='bbox 1743 664 2040 735; x_wconf 86' lang='grc' dir='ltr'>ἀπατωμέ-</span> 
     </span>
    </p>
   </div>
   <div class='ocr_carea' id='block_1_8' title="bbox 466 755 2039 832">
    <p class='ocr_par' dir='ltr' id='par_1_8' title="bbox 466 755 2039 832">
     <span class='ocr_line' id='line_1_8' title="bbox 466 755 2039 832; baseline -0.008 -12"><span class='ocrx_word' id='word_1_42' title='bbox 466 784 597 828; x_wconf 88' lang='grc' dir='ltr'>νων,</span> <span class='ocrx_word' id='word_1_43' title='bbox 631 767 713 819; x_wconf 83' lang='grc' dir='ltr'><strong>ὅτι</strong></span> <span class='ocrx_word' id='word_1_44' title='bbox 746 765 942 816; x_wconf 73' lang='grc' dir='ltr'>ἐκεῖνοι</span> <span class='ocrx_word' id='word_1_45' title='bbox 978 762 1075 832; x_wconf 87' lang='grc' dir='ltr'><strong>μὲν</strong></span> <span class='ocrx_word' id='word_1_46' title='bbox 1088 760 1193 813; x_wconf 81' lang='grc' dir='ltr'>ὑπὸ</span> <span class='ocrx_word' id='word_1_47' title='bbox 1222 758 1413 811; x_wconf 87' lang='grc' dir='ltr'>τούτου</span> <span class='ocrx_word' id='word_1_48' title='bbox 1435 756 1775 817; x_wconf 87' lang='grc' dir='ltr'>ἀπατῶνται,</span> <span class='ocrx_word' id='word_1_49' title='bbox 1802 756 1961 817; x_wconf 78' lang='grc' dir='ltr'>αὐτὸς</span> <span class='ocrx_word' id='word_1_50' title='bbox 1982 755 2039 807; x_wconf 84' lang='grc' dir='ltr'>δὲ</span> 
     </span>
    </p>
   </div>
   <div class='ocr_carea' id='block_1_9' title="bbox 470 847 2042 926">
    <p class='ocr_par' dir='ltr' id='par_1_9' title="bbox 470 847 2042 926">
     <span class='ocr_line' id='line_1_9' title="bbox 470 847 2042 926; baseline -0.006 -16"><span class='ocrx_word' id='word_1_51' title='bbox 470 856 646 926; x_wconf 83' lang='grc' dir='ltr'>ἑαυτῷ</span> <span class='ocrx_word' id='word_1_52' title='bbox 677 851 1009 924; x_wconf 84' lang='grc' dir='ltr'>δημιουργός</span> <span class='ocrx_word' id='word_1_53' title='bbox 1040 854 1155 905; x_wconf 78' lang='grc' dir='ltr'>ἐστι</span> <span class='ocrx_word' id='word_1_54' title='bbox 1177 851 1277 920; x_wconf 77' lang='grc' dir='ltr'>τῆς</span> <span class='ocrx_word' id='word_1_55' title='bbox 1302 850 1538 919; x_wconf 86' lang='grc' dir='ltr'>ἀπάτης.</span> <span class='ocrx_word' id='word_1_56' title='bbox 1574 848 1758 915; x_wconf 78' lang='grc' dir='ltr'>’Ἄξιον</span> <span class='ocrx_word' id='word_1_57' title='bbox 1788 847 1844 901; x_wconf 85' lang='grc' dir='ltr'>δὲ</span> <span class='ocrx_word' id='word_1_58' title='bbox 1877 847 2042 918; x_wconf 81' lang='grc' dir='ltr'>ζητῆ-</span> 
     </span>
    </p>
   </div>
   <div class='ocr_carea' id='block_1_10' title="bbox 397 935 2036 1021">
    <p class='ocr_par' dir='ltr' id='par_1_10' title="bbox 397 935 2036 1021">
     <span class='ocr_line' id='line_1_10' title="bbox 397 935 2036 1021; baseline -0.006 -22"><span class='ocrx_word' id='word_1_59' title='bbox 397 1010 406 1021; x_wconf 40' lang='grc'><em>.</em></span> <span class='ocrx_word' id='word_1_60' title='bbox 472 963 562 1000; x_wconf 87' lang='grc' dir='ltr'><strong>σαι</strong></span> <span class='ocrx_word' id='word_1_61' title='bbox 588 944 709 1007; x_wconf 88' lang='grc' dir='ltr'><strong>πῶς</strong></span> <span class='ocrx_word' id='word_1_62' title='bbox 731 945 950 1012; x_wconf 85' lang='grc' dir='ltr'>λέγεται</span> <span class='ocrx_word' id='word_1_63' title='bbox 981 940 1075 994; x_wconf 70' lang='grc' dir='ltr'><strong>τό*</strong></span> <span class='ocrx_word' id='word_1_64' title='bbox 1116 938 1389 1006; x_wconf 79' lang='grc' dir='ltr'>Ἀλήθεια</span> <span class='ocrx_word' id='word_1_65' title='bbox 1424 941 1535 993; x_wconf 83' lang='grc' dir='ltr'><strong>οὐκ</strong></span> <span class='ocrx_word' id='word_1_66' title='bbox 1564 938 1823 991; x_wconf 77' lang='grc' dir='ltr'>ἐστινέν</span> <span class='ocrx_word' id='word_1_67' title='bbox 1858 935 2036 1001; x_wconf 81' lang='grc' dir='ltr'>αὐτῷ·</span> 
     </span>
    </p>
   </div>
   <div class='ocr_carea' id='block_1_11' title="bbox 468 1027 2039 1106">
    <p class='ocr_par' dir='ltr' id='par_1_11' title="bbox 468 1027 2039 1106">
     <span class='ocr_line' id='line_1_11' title="bbox 468 1027 2039 1106; baseline -0.006 -15"><span class='ocrx_word' id='word_1_68' title='bbox 468 1032 582 1090; x_wconf 72' lang='grc' dir='ltr'>οἷον</span> <span class='ocrx_word' id='word_1_69' title='bbox 632 1036 861 1106; x_wconf 80' lang='grc' dir='ltr'>πότερον</span> <span class='ocrx_word' id='word_1_70' title='bbox 902 1033 1053 1087; x_wconf 74' lang='grc' dir='ltr'>οὐδὲν</span> <span class='ocrx_word' id='word_1_71' title='bbox 1093 1031 1205 1103; x_wconf 88' lang='grc'>(78)</span> <span class='ocrx_word' id='word_1_72' title='bbox 1254 1030 1452 1102; x_wconf 84' lang='grc' dir='ltr'>ἀληθὲς</span> <span class='ocrx_word' id='word_1_73' title='bbox 1507 1029 1619 1101; x_wconf 78' lang='grc' dir='ltr'>ἔχει</span> <span class='ocrx_word' id='word_1_74' title='bbox 1666 1029 1863 1100; x_wconf 82' lang='grc' dir='ltr'><strong>δόγμα,</strong></span> <span class='ocrx_word' id='word_1_75' title='bbox 1904 1027 2039 1082; x_wconf 82' lang='grc' dir='ltr'>ἀλλὰ</span> 
     </span>
    </p>
   </div>
   <div class='ocr_carea' id='block_1_12' title="bbox 471 1120 2039 1195">
    <p class='ocr_par' dir='ltr' id='par_1_12' title="bbox 471 1120 2039 1195">
     <span class='ocr_line' id='line_1_12' title="bbox 471 1120 2039 1195; baseline -0.006 -13"><span class='ocrx_word' id='word_1_76' title='bbox 471 1128 650 1183; x_wconf 86' lang='grc' dir='ltr'>πάντα</span> <span class='ocrx_word' id='word_1_77' title='bbox 686 1128 785 1180; x_wconf 84' lang='grc' dir='ltr'><strong>ὅσα</strong></span> <span class='ocrx_word' id='word_1_78' title='bbox 814 1126 944 1179; x_wconf 83' lang='grc' dir='ltr'>ποτὲ</span> <span class='ocrx_word' id='word_1_79' title='bbox 978 1123 1173 1194; x_wconf 77' lang='grc' dir='ltr'>δοξάζῃ</span> <span class='ocrx_word' id='word_1_80' title='bbox 1207 1122 1317 1195; x_wconf 84' lang='grc'>(79)</span> <span class='ocrx_word' id='word_1_81' title='bbox 1371 1122 1541 1193; x_wconf 79' lang='grc' dir='ltr'>ψεύδη</span> <span class='ocrx_word' id='word_1_82' title='bbox 1575 1121 1752 1175; x_wconf 79' lang='grc' dir='ltr'>ἐστίν’</span> <span class='ocrx_word' id='word_1_83' title='bbox 1781 1120 1814 1192; x_wconf 81' lang='grc' dir='ltr'>ἦ</span> <span class='ocrx_word' id='word_1_84' title='bbox 1863 1121 1944 1174; x_wconf 83' lang='grc' dir='ltr'>ὅτι</span> <span class='ocrx_word' id='word_1_85' title='bbox 1978 1120 2039 1173; x_wconf 82' lang='grc' dir='ltr'><strong>ού</strong></span> 
     </span>
    </p>
   </div>
   <div class='ocr_carea' id='block_1_13' title="bbox 476 1210 2042 1289">
    <p class='ocr_par' dir='ltr' id='par_1_13' title="bbox 476 1210 2042 1289">
     <span class='ocr_line' id='line_1_13' title="bbox 476 1210 2042 1289; baseline -0.006 -18"><span class='ocrx_word' id='word_1_86' title='bbox 476 1217 693 1289; x_wconf 79' lang='grc' dir='ltr'><strong>μετέχει</strong></span> <span class='ocrx_word' id='word_1_87' title='bbox 726 1216 834 1287; x_wconf 85' lang='grc'>(80)</span> <span class='ocrx_word' id='word_1_88' title='bbox 877 1214 1133 1287; x_wconf 88' lang='grc' dir='ltr'>Χριστοῦ,</span> <span class='ocrx_word' id='word_1_89' title='bbox 1168 1215 1243 1278; x_wconf 86' lang='grc' dir='ltr'>ὡς</span> <span class='ocrx_word' id='word_1_90' title='bbox 1280 1216 1329 1267; x_wconf 79' lang='grc' dir='ltr'>οἱ</span> <span class='ocrx_word' id='word_1_91' title='bbox 1376 1210 1610 1284; x_wconf 80' lang='grc' dir='ltr'>Χριστοῦ</span> <span class='ocrx_word' id='word_1_92' title='bbox 1654 1211 1868 1281; x_wconf 78' lang='grc' dir='ltr'>μέτοχοι</span> <span class='ocrx_word' id='word_1_93' title='bbox 1918 1227 2042 1281; x_wconf 85' lang='grc' dir='ltr'>μετ-</span> 
     </span>
    </p>
   </div>
   <div class='ocr_carea' id='block_1_14' title="bbox 474 1300 2038 1379">
    <p class='ocr_par' dir='ltr' id='par_1_14' title="bbox 474 1300 2038 1379">
     <span class='ocr_line' id='line_1_14' title="bbox 474 1300 2038 1379; baseline -0.006 -17"><span class='ocrx_word' id='word_1_94' title='bbox 474 1309 665 1379; x_wconf 83' lang='grc' dir='ltr'>έχουσι</span> <span class='ocrx_word' id='word_1_95' title='bbox 693 1307 790 1361; x_wconf 90' lang='grc' dir='ltr'><strong>τοῦ</strong></span> <span class='ocrx_word' id='word_1_96' title='bbox 822 1308 1095 1371; x_wconf 77' lang='grc' dir='ltr'>εἰπόντος’</span> <span class='ocrx_word' id='word_1_97' title='bbox 1146 1305 1286 1375; x_wconf 74' lang='grc' dir='ltr'><strong>Ἐγώ</strong></span> <span class='ocrx_word' id='word_1_98' title='bbox 1312 1307 1429 1373; x_wconf 65' lang='grc' dir='ltr'>εἶμι</span> <span class='ocrx_word' id='word_1_99' title='bbox 1470 1305 1509 1369; x_wconf 73' lang='grc' dir='ltr'><strong><em>ἡ</em></strong></span> <span class='ocrx_word' id='word_1_100' title='bbox 1541 1300 1810 1366; x_wconf 77' lang='grc' dir='ltr'>ἀλήθεια.</span> <span class='ocrx_word' id='word_1_101' title='bbox 1836 1303 1900 1355; x_wconf 89' lang='grc' dir='ltr'><strong>Οἱ</strong></span> <span class='ocrx_word' id='word_1_102' title='bbox 1928 1302 2038 1371; x_wconf 79' lang='grc' dir='ltr'>γὰρ</span> 
     </span>
    </p>
   </div>
   <div class='ocr_carea' id='block_1_15' title="bbox 476 1391 2041 1471">
    <p class='ocr_par' dir='ltr' id='par_1_15' title="bbox 476 1391 2041 1471">
     <span class='ocr_line' id='line_1_15' title="bbox 476 1391 2041 1471; baseline -0.006 -17"><span class='ocrx_word' id='word_1_103' title='bbox 476 1400 795 1471; x_wconf 81' lang='grc' dir='ltr'><strong>μετέχοντες</strong></span> <span class='ocrx_word' id='word_1_104' title='bbox 824 1398 989 1452; x_wconf 80' lang='grc' dir='ltr'>αὐτοῦ</span> <span class='ocrx_word' id='word_1_105' title='bbox 1018 1397 1331 1468; x_wconf 82' lang='grc' dir='ltr'>μετέχουσιν</span> <span class='ocrx_word' id='word_1_106' title='bbox 1354 1391 1540 1457; x_wconf 76' lang='grc' dir='ltr'>αὐτοῦ,</span> <span class='ocrx_word' id='word_1_107' title='bbox 1563 1393 1658 1447; x_wconf 77' lang='grc' dir='ltr'><strong>καὶ</strong></span> <span class='ocrx_word' id='word_1_108' title='bbox 1680 1393 1799 1446; x_wconf 89' lang='grc' dir='ltr'>καθ’</span> <span class='ocrx_word' id='word_1_109' title='bbox 1837 1393 1865 1446; x_wconf 84' lang='grc' dir='ltr'><strong>ὃ</strong></span> <span class='ocrx_word' id='word_1_110' title='bbox 1895 1394 2041 1444; x_wconf 79' lang='grc' dir='ltr'>ἐστιν</span> 
     </span>
    </p>
   </div>
   <div class='ocr_carea' id='block_1_16' title="bbox 468 1486 2037 1562">
    <p class='ocr_par' dir='ltr' id='par_1_16' title="bbox 468 1486 2037 1562">
     <span class='ocr_line' id='line_1_16' title="bbox 468 1486 2037 1562; baseline -0.005 -17"><span class='ocrx_word' id='word_1_111' title='bbox 468 1492 700 1562; x_wconf 79' lang='grc' dir='ltr'>ἀλήθεια</span> <span class='ocrx_word' id='word_1_112' title='bbox 729 1491 863 1562; x_wconf 84' lang='grc'>(81),</span> <span class='ocrx_word' id='word_1_113' title='bbox 892 1489 985 1543; x_wconf 73' lang='grc' dir='ltr'>καὶ</span> <span class='ocrx_word' id='word_1_114' title='bbox 1013 1488 1102 1542; x_wconf 84' lang='grc' dir='ltr'>διὰ</span> <span class='ocrx_word' id='word_1_115' title='bbox 1127 1486 1286 1541; x_wconf 88' lang='grc' dir='ltr'>τοῦτο</span> <span class='ocrx_word' id='word_1_116' title='bbox 1318 1486 1546 1556; x_wconf 85' lang='grc' dir='ltr'>ἀλήθειά</span> <span class='ocrx_word' id='word_1_117' title='bbox 1576 1486 1725 1538; x_wconf 75' lang='grc' dir='ltr'>ἐστιν</span> <span class='ocrx_word' id='word_1_118' title='bbox 1749 1487 1806 1537; x_wconf 80' lang='grc' dir='ltr'>ὲν</span> <span class='ocrx_word' id='word_1_119' title='bbox 1837 1486 2037 1547; x_wconf 74' lang='grc' dir='ltr'>αὐτοῖς.</span> 
     </span>
    </p>
   </div>
   <div class='ocr_carea' id='block_1_17' title="bbox 471 1577 2041 1655">
    <p class='ocr_par' dir='ltr' id='par_1_17' title="bbox 471 1577 2041 1655">
     <span class='ocr_line' id='line_1_17' title="bbox 471 1577 2041 1655; baseline -0.007 -17"><span class='ocrx_word' id='word_1_120' title='bbox 471 1586 581 1638; x_wconf 75' lang='grc' dir='ltr'><strong>Καὶ</strong></span> <span class='ocrx_word' id='word_1_121' title='bbox 603 1585 782 1655; x_wconf 86' lang='grc' dir='ltr'>τρίτον</span> <span class='ocrx_word' id='word_1_122' title='bbox 804 1583 848 1636; x_wconf 85' lang='grc' dir='ltr'>δ’</span> <span class='ocrx_word' id='word_1_123' title='bbox 867 1583 931 1637; x_wconf 80' lang='grc' dir='ltr'>ἂν</span> <span class='ocrx_word' id='word_1_124' title='bbox 947 1585 1004 1636; x_wconf 77' lang='grc' dir='ltr'>ὲν</span> <span class='ocrx_word' id='word_1_125' title='bbox 1017 1582 1094 1653; x_wconf 83' lang='grc' dir='ltr'>τῷ</span> <span class='ocrx_word' id='word_1_126' title='bbox 1117 1581 1273 1652; x_wconf 77' lang='grc' dir='ltr'>τύπῳ</span> <span class='ocrx_word' id='word_1_127' title='bbox 1296 1577 1535 1633; x_wconf 89' lang='grc' dir='ltr'>τοιοῦτον</span> <span class='ocrx_word' id='word_1_128' title='bbox 1551 1577 1660 1647; x_wconf 71' lang='grc'>(82)</span> <span class='ocrx_word' id='word_1_129' title='bbox 1681 1593 2041 1648; x_wconf 87' lang='grc' dir='ltr'>προσαπορη-</span> 
     </span>
    </p>
   </div>
   <div class='ocr_carea' id='block_1_18' title="bbox 472 1664 2042 1745">
    <p class='ocr_par' dir='ltr' id='par_1_18' title="bbox 472 1664 2042 1745">
     <span class='ocr_line' id='line_1_18' title="bbox 472 1664 2042 1745; baseline -0.006 -16"><span class='ocrx_word' id='word_1_130' title='bbox 472 1673 612 1745; x_wconf 88' lang='grc' dir='ltr'>θείη,</span> <span class='ocrx_word' id='word_1_131' title='bbox 643 1674 1046 1744; x_wconf 84' lang='grc' dir='ltr'>ὲπιστησόντων</span> <span class='ocrx_word' id='word_1_132' title='bbox 1073 1673 1233 1726; x_wconf 88' lang='grc' dir='ltr'>τινῶν</span> <span class='ocrx_word' id='word_1_133' title='bbox 1251 1673 1300 1725; x_wconf 79' lang='grc' dir='ltr'><strong>εί</strong></span> <span class='ocrx_word' id='word_1_134' title='bbox 1324 1669 1430 1742; x_wconf 85' lang='grc' dir='ltr'>χρὴ</span> <span class='ocrx_word' id='word_1_135' title='bbox 1453 1669 1631 1737; x_wconf 82' lang='grc' dir='ltr'>λέγειν</span> <span class='ocrx_word' id='word_1_136' title='bbox 1661 1668 1733 1739; x_wconf 85' lang='grc' dir='ltr'><strong>μὴ</strong></span> <span class='ocrx_word' id='word_1_137' title='bbox 1753 1664 1891 1721; x_wconf 81' lang='grc' dir='ltr'>εἶναι</span> <span class='ocrx_word' id='word_1_138' title='bbox 1911 1670 2042 1738; x_wconf 80' lang='grc' dir='ltr'>ἀλή-</span> 
     </span>
    </p>
   </div>
   <div class='ocr_carea' id='block_1_19' title="bbox 467 1759 2040 1835">
    <p class='ocr_par' dir='ltr' id='par_1_19' title="bbox 467 1759 2040 1835">
     <span class='ocr_line' id='line_1_19' title="bbox 467 1759 2040 1835; baseline -0.004 -16"><span class='ocrx_word' id='word_1_139' title='bbox 467 1764 622 1820; x_wconf 88' lang='grc' dir='ltr'>θειαν</span> <span class='ocrx_word' id='word_1_140' title='bbox 668 1768 725 1819; x_wconf 80' lang='grc' dir='ltr'>ὲν</span> <span class='ocrx_word' id='word_1_141' title='bbox 765 1765 843 1835; x_wconf 85' lang='grc' dir='ltr'>τῷ</span> <span class='ocrx_word' id='word_1_142' title='bbox 887 1762 1171 1818; x_wconf 87' lang='grc' dir='ltr'>ὀτιποτοῦν</span> <span class='ocrx_word' id='word_1_143' title='bbox 1214 1762 1405 1833; x_wconf 71' lang='grc' dir='ltr'>ψεῦδος</span> <span class='ocrx_word' id='word_1_144' title='bbox 1450 1762 1903 1832; x_wconf 77' lang='grc' dir='ltr'>ὑπολαμϐάνοντι,</span> <span class='ocrx_word' id='word_1_145' title='bbox 1936 1759 2040 1813; x_wconf 76' lang='grc' dir='ltr'><strong>κᾶν</strong></span> 
     </span>
    </p>
   </div>
   <div class='ocr_carea' id='block_1_20' title="bbox 2142 566 3706 638">
    <p class='ocr_par' dir='ltr' id='par_1_20' title="bbox 2142 566 3706 638">
     <span class='ocr_line' id='line_1_20' title="bbox 2142 566 3706 638; baseline 0.003 -20"><span class='ocrx_word' id='word_1_146' title='bbox 2142 567 2365 630; x_wconf 86' lang='lat' dir='ltr'><strong>veritas,</strong></span> <span class='ocrx_word' id='word_1_147' title='bbox 2399 568 2659 636; x_wconf 86' lang='lat' dir='ltr'><strong>quoniam</strong></span> <span class='ocrx_word' id='word_1_148' title='bbox 2715 567 2976 636; x_wconf 87' lang='lat' dir='ltr'><strong>deceptus</strong></span> <span class='ocrx_word' id='word_1_149' title='bbox 3015 576 3102 622; x_wconf 88' lang='lat' dir='ltr'><strong>est</strong></span> <span class='ocrx_word' id='word_1_150' title='bbox 3145 566 3392 637; x_wconf 74' lang='lat' dir='ltr'><strong>falsaque</strong></span> <span class='ocrx_word' id='word_1_151' title='bbox 3420 569 3706 638; x_wconf 75' lang='lat' dir='ltr'><strong>opinatur;</strong></span> 
     </span>
    </p>
   </div>
   <div class='ocr_carea' id='block_1_21' title="bbox 2143 657 3710 728">
    <p class='ocr_par' dir='ltr' id='par_1_21' title="bbox 2143 657 3710 728">
     <span class='ocr_line' id='line_1_21' title="bbox 2143 657 3710 728; baseline 0.001 -18"><span class='ocrx_word' id='word_1_152' title='bbox 2143 657 2364 726; x_wconf 88' lang='lat' dir='ltr'><strong>ipseque</strong></span> <span class='ocrx_word' id='word_1_153' title='bbox 2385 672 2414 710; x_wconf 92' lang='lat' dir='ltr'><strong>a</strong></span> <span class='ocrx_word' id='word_1_154' title='bbox 2443 659 2625 727; x_wconf 84' lang='lat' dir='ltr'><strong>seipse</strong></span> <span class='ocrx_word' id='word_1_155' title='bbox 2655 657 2910 725; x_wconf 75' lang='lat' dir='ltr'><strong>deceptus</strong></span> <span class='ocrx_word' id='word_1_156' title='bbox 2947 667 3052 722; x_wconf 88' lang='lat' dir='ltr'><strong>est,</strong></span> <span class='ocrx_word' id='word_1_157' title='bbox 3091 658 3243 728; x_wconf 82' lang='lat' dir='ltr'><strong>pejor</strong></span> <span class='ocrx_word' id='word_1_158' title='bbox 3283 659 3330 713; x_wconf 88' lang='lat' dir='ltr'><strong>is</strong></span> <span class='ocrx_word' id='word_1_159' title='bbox 3374 660 3586 713; x_wconf 69' lang='lat' dir='ltr'><strong>cmteris</strong></span> <span class='ocrx_word' id='word_1_160' title='bbox 3616 661 3710 712; x_wconf 68' lang='lat' dir='ltr'><strong>de-</strong></span> 
     </span>
    </p>
   </div>
   <div class='ocr_carea' id='block_1_22' title="bbox 2141 746 3708 817">
    <p class='ocr_par' dir='ltr' id='par_1_22' title="bbox 2141 746 3708 817">
     <span class='ocr_line' id='line_1_22' title="bbox 2141 746 3708 817; baseline 0 -16"><span class='ocrx_word' id='word_1_161' title='bbox 2141 747 2316 815; x_wconf 89' lang='lat' dir='ltr'><strong>ceptis</strong></span> <span class='ocrx_word' id='word_1_162' title='bbox 2343 747 2738 815; x_wconf 89' lang='lat' dir='ltr'><strong>habitus,quod</strong></span> <span class='ocrx_word' id='word_1_163' title='bbox 2765 746 2837 799; x_wconf 88' lang='lat' dir='ltr'><strong>illi</strong></span> <span class='ocrx_word' id='word_1_164' title='bbox 2869 747 3085 815; x_wconf 81' lang='lat' dir='ltr'><strong>quidem</strong></span> <span class='ocrx_word' id='word_1_165' title='bbox 3117 748 3462 817; x_wconf 89' lang='lat' dir='ltr'><strong>decipiuntur</strong></span> <span class='ocrx_word' id='word_1_166' title='bbox 3489 750 3556 802; x_wconf 88' lang='lat' dir='ltr'><strong>ah</strong></span> <span class='ocrx_word' id='word_1_167' title='bbox 3586 751 3708 813; x_wconf 90' lang='lat' dir='ltr'><strong>hoc,</strong></span> 
     </span>
    </p>
   </div>
   <div class='ocr_carea' id='block_1_23' title="bbox 2142 836 3710 906">
    <p class='ocr_par' dir='ltr' id='par_1_23' title="bbox 2142 836 3710 906">
     <span class='ocr_line' id='line_1_23' title="bbox 2142 836 3710 906; baseline 0.001 -16"><span class='ocrx_word' id='word_1_168' title='bbox 2142 838 2256 905; x_wconf 90' lang='lat' dir='ltr'><strong>ipse</strong></span> <span class='ocrx_word' id='word_1_169' title='bbox 2280 846 2461 891; x_wconf 90' lang='lat' dir='ltr'><strong>autem</strong></span> <span class='ocrx_word' id='word_1_170' title='bbox 2512 837 2615 891; x_wconf 87' lang='lat' dir='ltr'><strong>sibi</strong></span> <span class='ocrx_word' id='word_1_171' title='bbox 2663 836 2960 891; x_wconf 76' lang='lat' dir='ltr'><strong>fabricator</strong></span> <span class='ocrx_word' id='word_1_172' title='bbox 2995 847 3051 892; x_wconf 91' lang='lat' dir='ltr'><strong>et</strong></span> <span class='ocrx_word' id='word_1_173' title='bbox 3088 848 3281 892; x_wconf 91' lang='lat' dir='ltr'><strong>auctor</strong></span> <span class='ocrx_word' id='word_1_174' title='bbox 3309 845 3391 893; x_wconf 88' lang='lat' dir='ltr'><strong>est</strong></span> <span class='ocrx_word' id='word_1_175' title='bbox 3435 838 3710 906; x_wconf 87' lang='lat' dir='ltr'><strong>deceptio-</strong></span> 
     </span>
    </p>
   </div>
   <div class='ocr_carea' id='block_1_24' title="bbox 2142 929 3713 1001">
    <p class='ocr_par' dir='ltr' id='par_1_24' title="bbox 2142 929 3713 1001">
     <span class='ocr_line' id='line_1_24' title="bbox 2142 929 3713 1001; baseline -0.001 -16"><span class='ocrx_word' id='word_1_176' title='bbox 2142 932 2247 986; x_wconf 87' lang='lat' dir='ltr'><strong>nis.</strong></span> <span class='ocrx_word' id='word_1_177' title='bbox 2288 929 2396 985; x_wconf 88' lang='lat' dir='ltr'><strong>Sed</strong></span> <span class='ocrx_word' id='word_1_178' title='bbox 2429 930 2651 1001; x_wconf 74' lang='lat' dir='ltr'><strong>dignum</strong></span> <span class='ocrx_word' id='word_1_179' title='bbox 2694 931 2922 1001; x_wconf 60' lang='lat' dir='ltr'><strong>quaesito</strong></span> <span class='ocrx_word' id='word_1_180' title='bbox 2951 940 3035 986; x_wconf 87' lang='lat' dir='ltr'><strong>est</strong></span> <span class='ocrx_word' id='word_1_181' title='bbox 3071 931 3339 999; x_wconf 89' lang='lat' dir='ltr'><strong>quomodo</strong></span> <span class='ocrx_word' id='word_1_182' title='bbox 3368 930 3601 997; x_wconf 86' lang='lat' dir='ltr'><strong>dicatur,</strong></span> <span class='ocrx_word' id='word_1_183' title='bbox 3629 948 3713 984; x_wconf 76' lang='lat' dir='ltr'><strong>ve-</strong></span> 
     </span>
    </p>
   </div>
   <div class='ocr_carea' id='block_1_25' title="bbox 2141 1019 3710 1089">
    <p class='ocr_par' dir='ltr' id='par_1_25' title="bbox 2141 1019 3710 1089">
     <span class='ocr_line' id='line_1_25' title="bbox 2141 1019 3710 1089; baseline -0.001 -16"><span class='ocrx_word' id='word_1_184' title='bbox 2141 1022 2274 1074; x_wconf 78' lang='lat' dir='ltr'><strong>ritas</strong></span> <span class='ocrx_word' id='word_1_185' title='bbox 2316 1020 2370 1074; x_wconf 81' lang='lat' dir='ltr'><strong>in</strong></span> <span class='ocrx_word' id='word_1_186' title='bbox 2411 1036 2474 1074; x_wconf 79' lang='lat' dir='ltr'><strong>eo</strong></span> <span class='ocrx_word' id='word_1_187' title='bbox 2517 1036 2621 1074; x_wconf 83' lang='lat' dir='ltr'><strong>non</strong></span> <span class='ocrx_word' id='word_1_188' title='bbox 2654 1030 2729 1073; x_wconf 78' lang='lat' dir='ltr'><strong>est</strong></span> <span class='ocrx_word' id='word_1_189' title='bbox 2755 1036 2778 1075; x_wconf 89' lang='lat'><strong><em>:</em></strong></span> <span class='ocrx_word' id='word_1_190' title='bbox 2806 1030 3066 1075; x_wconf 88' lang='lat' dir='ltr'><strong>utrumne</strong></span> <span class='ocrx_word' id='word_1_191' title='bbox 3094 1020 3307 1073; x_wconf 86' lang='lat' dir='ltr'><strong>tandem</strong></span> <span class='ocrx_word' id='word_1_192' title='bbox 3342 1019 3469 1089; x_wconf 88' lang='lat' dir='ltr'><strong>quia</strong></span> <span class='ocrx_word' id='word_1_193' title='bbox 3506 1019 3710 1072; x_wconf 87' lang='lat' dir='ltr'><strong>nullmn</strong></span> 
     </span>
    </p>
   </div>
   <div class='ocr_carea' id='block_1_26' title="bbox 2141 1112 3715 1182">
    <p class='ocr_par' dir='ltr' id='par_1_26' title="bbox 2141 1112 3715 1182">
     <span class='ocr_line' id='line_1_26' title="bbox 2141 1112 3715 1182; baseline -0.001 -17"><span class='ocrx_word' id='word_1_194' title='bbox 2141 1112 2333 1182; x_wconf 73' lang='lat' dir='ltr'><strong>dogma</strong></span> <span class='ocrx_word' id='word_1_195' title='bbox 2358 1126 2544 1167; x_wconf 90' lang='lat' dir='ltr'><strong>verum</strong></span> <span class='ocrx_word' id='word_1_196' title='bbox 2577 1113 2762 1180; x_wconf 87' lang='lat' dir='ltr'><strong>habet,</strong></span> <span class='ocrx_word' id='word_1_197' title='bbox 2792 1113 2891 1167; x_wconf 89' lang='lat' dir='ltr'><strong>sed</strong></span> <span class='ocrx_word' id='word_1_198' title='bbox 2930 1113 3111 1167; x_wconf 86' lang='lat' dir='ltr'><strong>omnia</strong></span> <span class='ocrx_word' id='word_1_199' title='bbox 3143 1126 3482 1182; x_wconf 62' lang='lat' dir='ltr'><strong>quacunque</strong></span> <span class='ocrx_word' id='word_1_200' title='bbox 3521 1112 3715 1180; x_wconf 88' lang='lat' dir='ltr'><strong>opina-</strong></span> 
     </span>
    </p>
   </div>
   <div class='ocr_carea' id='block_1_27' title="bbox 2145 1202 3711 1275">
    <p class='ocr_par' dir='ltr' id='par_1_27' title="bbox 2145 1202 3711 1275">
     <span class='ocr_line' id='line_1_27' title="bbox 2145 1202 3711 1275; baseline 0.001 -18"><span class='ocrx_word' id='word_1_201' title='bbox 2145 1214 2232 1257; x_wconf 89' lang='lat' dir='ltr'><strong>tur</strong></span> <span class='ocrx_word' id='word_1_202' title='bbox 2260 1202 2392 1257; x_wconf 88' lang='lat' dir='ltr'><strong>falsa</strong></span> <span class='ocrx_word' id='word_1_203' title='bbox 2417 1203 2560 1267; x_wconf 88' lang='lat' dir='ltr'><strong>sint;</strong></span> <span class='ocrx_word' id='word_1_204' title='bbox 2593 1219 2661 1258; x_wconf 89' lang='lat' dir='ltr'><strong>an</strong></span> <span class='ocrx_word' id='word_1_205' title='bbox 2693 1205 2872 1274; x_wconf 80' lang='lat' dir='ltr'><strong>potius</strong></span> <span class='ocrx_word' id='word_1_206' title='bbox 2904 1205 3030 1275; x_wconf 90' lang='lat' dir='ltr'><strong>quia</strong></span> <span class='ocrx_word' id='word_1_207' title='bbox 3072 1205 3343 1273; x_wconf 79' lang='lat' dir='ltr'><strong>particeps</strong></span> <span class='ocrx_word' id='word_1_208' title='bbox 3367 1203 3572 1259; x_wconf 81' lang='lat' dir='ltr'><strong>Christi</strong></span> <span class='ocrx_word' id='word_1_209' title='bbox 3603 1219 3711 1258; x_wconf 89' lang='lat' dir='ltr'><strong>non</strong></span> 
     </span>
    </p>
   </div>
   <div class='ocr_carea' id='block_1_28' title="bbox 2140 1293 3713 1365">
    <p class='ocr_par' dir='ltr' id='par_1_28' title="bbox 2140 1293 3713 1365">
     <span class='ocr_line' id='line_1_28' title="bbox 2140 1293 3713 1365; baseline -0.001 -16"><span class='ocrx_word' id='word_1_210' title='bbox 2140 1302 2244 1359; x_wconf 85' lang='lat' dir='ltr'><strong>est,</strong></span> <span class='ocrx_word' id='word_1_211' title='bbox 2293 1295 2327 1349; x_wconf 92' lang='lat' dir='ltr'><strong>ii</strong></span> <span class='ocrx_word' id='word_1_212' title='bbox 2367 1298 2458 1363; x_wconf 88' lang='lat' dir='ltr'><strong>qui</strong></span> <span class='ocrx_word' id='word_1_213' title='bbox 2511 1305 2639 1349; x_wconf 88' lang='lat' dir='ltr'><strong>sttnt</strong></span> <span class='ocrx_word' id='word_1_214' title='bbox 2694 1295 2986 1365; x_wconf 86' lang='lat' dir='ltr'><strong>participes</strong></span> <span class='ocrx_word' id='word_1_215' title='bbox 3039 1295 3242 1350; x_wconf 80' lang='lat' dir='ltr'><strong>Christi</strong></span> <span class='ocrx_word' id='word_1_216' title='bbox 3286 1296 3565 1349; x_wconf 75' lang='lat' dir='ltr'><strong>dicentis:</strong></span> <span class='ocrx_word' id='word_1_217' title='bbox 3602 1293 3713 1363; x_wconf 80' lang='lat' dir='ltr'><strong>Ego</strong></span> 
     </span>
    </p>
   </div>
   <div class='ocr_carea' id='block_1_29' title="bbox 2140 1384 3713 1455">
    <p class='ocr_par' dir='ltr' id='par_1_29' title="bbox 2140 1384 3713 1455">
     <span class='ocr_line' id='line_1_29' title="bbox 2140 1384 3713 1455; baseline -0.001 -15"><span class='ocrx_word' id='word_1_218' title='bbox 2140 1404 2255 1440; x_wconf 78' lang='lat' dir='ltr'><strong>sum</strong></span> <span class='ocrx_word' id='word_1_219' title='bbox 2279 1388 2468 1441; x_wconf 75' lang='lat' dir='ltr'><strong>veritas</strong></span> <span class='ocrx_word' id='word_1_220' title='bbox 2497 1387 2683 1453; x_wconf 78' lang='lat' dir='ltr'><strong>&quot;.Qui</strong></span> <span class='ocrx_word' id='word_1_221' title='bbox 2713 1387 2860 1439; x_wconf 90' lang='lat' dir='ltr'><strong>enim</strong></span> <span class='ocrx_word' id='word_1_222' title='bbox 2890 1386 3185 1455; x_wconf 88' lang='lat' dir='ltr'><strong>participes</strong></span> <span class='ocrx_word' id='word_1_223' title='bbox 3214 1394 3341 1440; x_wconf 87' lang='lat' dir='ltr'><strong>sunt</strong></span> <span class='ocrx_word' id='word_1_224' title='bbox 3372 1384 3535 1443; x_wconf 86' lang='lat' dir='ltr'><strong>illius.</strong></span> <span class='ocrx_word' id='word_1_225' title='bbox 3568 1385 3713 1439; x_wconf 78' lang='lat' dir='ltr'><strong>illius</strong></span> 
     </span>
    </p>
   </div>
   <div class='ocr_carea' id='block_1_30' title="bbox 2140 1477 3714 1548">
    <p class='ocr_par' dir='ltr' id='par_1_30' title="bbox 2140 1477 3714 1548">
     <span class='ocr_line' id='line_1_30' title="bbox 2140 1477 3714 1548; baseline -0.002 -16"><span class='ocrx_word' id='word_1_226' title='bbox 2140 1487 2263 1532; x_wconf 91' lang='lat' dir='ltr'><strong>sunt</strong></span> <span class='ocrx_word' id='word_1_227' title='bbox 2297 1478 2595 1546; x_wconf 75' lang='lat' dir='ltr'><strong>participes</strong></span> <span class='ocrx_word' id='word_1_228' title='bbox 2626 1478 2678 1531; x_wconf 93' lang='lat' dir='ltr'><strong>in</strong></span> <span class='ocrx_word' id='word_1_229' title='bbox 2723 1486 2991 1548; x_wconf 89' lang='lat' dir='ltr'><strong>quantum</strong></span> <span class='ocrx_word' id='word_1_230' title='bbox 3021 1486 3104 1531; x_wconf 88' lang='lat' dir='ltr'><strong>est</strong></span> <span class='ocrx_word' id='word_1_231' title='bbox 3148 1477 3372 1542; x_wconf 89' lang='lat' dir='ltr'><strong>veritas,</strong></span> <span class='ocrx_word' id='word_1_232' title='bbox 3400 1486 3457 1531; x_wconf 87' lang='lat' dir='ltr'><strong>et</strong></span> <span class='ocrx_word' id='word_1_233' title='bbox 3508 1477 3714 1531; x_wconf 87' lang='lat' dir='ltr'><strong>ideirco</strong></span> 
     </span>
    </p>
   </div>
   <div class='ocr_carea' id='block_1_31' title="bbox 2140 1568 3712 1626">
    <p class='ocr_par' dir='ltr' id='par_1_31' title="bbox 2140 1568 3712 1626">
     <span class='ocr_line' id='line_1_31' title="bbox 2140 1568 3712 1626; baseline 0 -3"><span class='ocrx_word' id='word_1_234' title='bbox 2140 1569 2340 1623; x_wconf 86' lang='lat' dir='ltr'><strong>veritas</strong></span> <span class='ocrx_word' id='word_1_235' title='bbox 2361 1570 2414 1623; x_wconf 93' lang='lat' dir='ltr'><strong>in</strong></span> <span class='ocrx_word' id='word_1_236' title='bbox 2443 1569 2522 1623; x_wconf 90' lang='lat' dir='ltr'><strong>eis</strong></span> <span class='ocrx_word' id='word_1_237' title='bbox 2545 1578 2644 1626; x_wconf 87' lang='lat' dir='ltr'><strong>est.</strong></span> <span class='ocrx_word' id='word_1_238' title='bbox 2676 1568 2911 1624; x_wconf 82' lang='lat' dir='ltr'><strong>Rursum</strong></span> <span class='ocrx_word' id='word_1_239' title='bbox 2934 1570 3094 1625; x_wconf 91' lang='lat' dir='ltr'><strong>tertio</strong></span> <span class='ocrx_word' id='word_1_240' title='bbox 3111 1570 3517 1624; x_wconf 86' lang='lat' dir='ltr'><strong>addubitabitur</strong></span> <span class='ocrx_word' id='word_1_241' title='bbox 3534 1571 3635 1624; x_wconf 86' lang='lat' dir='ltr'><strong>hoc</strong></span> <span class='ocrx_word' id='word_1_242' title='bbox 3658 1570 3712 1623; x_wconf 90' lang='lat' dir='ltr'><strong>in</strong></span> 
     </span>
    </p>
   </div>
   <div class='ocr_carea' id='block_1_32' title="bbox 2143 1662 3712 1734">
    <p class='ocr_par' dir='ltr' id='par_1_32' title="bbox 2143 1662 3712 1734">
     <span class='ocr_line' id='line_1_32' title="bbox 2143 1662 3712 1734; baseline 0.001 -19"><span class='ocrx_word' id='word_1_243' title='bbox 2143 1662 2286 1728; x_wconf 92' lang='lat' dir='ltr'><strong>loco,</strong></span> <span class='ocrx_word' id='word_1_244' title='bbox 2333 1662 2656 1732; x_wconf 88' lang='lat' dir='ltr'><strong>quibusdam</strong></span> <span class='ocrx_word' id='word_1_245' title='bbox 2698 1663 3041 1718; x_wconf 87' lang='lat' dir='ltr'><strong>adnotaturis</strong></span> <span class='ocrx_word' id='word_1_246' title='bbox 3085 1680 3215 1717; x_wconf 91' lang='lat' dir='ltr'><strong>num</strong></span> <span class='ocrx_word' id='word_1_247' title='bbox 3252 1664 3437 1719; x_wconf 87' lang='lat' dir='ltr'><strong>dicere</strong></span> <span class='ocrx_word' id='word_1_248' title='bbox 3464 1672 3712 1734; x_wconf 88' lang='lat' dir='ltr'><strong>oporteat</strong></span> 
     </span>
    </p>
   </div>
   <div class='ocr_carea' id='block_1_33' title="bbox 2142 1755 3710 1826">
    <p class='ocr_par' dir='ltr' id='par_1_33' title="bbox 2142 1755 3710 1826">
     <span class='ocr_line' id='line_1_33' title="bbox 2142 1755 3710 1826; baseline -0.001 -16"><span class='ocrx_word' id='word_1_249' title='bbox 2142 1770 2248 1809; x_wconf 89' lang='lat' dir='ltr'><strong>non</strong></span> <span class='ocrx_word' id='word_1_250' title='bbox 2272 1770 2395 1810; x_wconf 87' lang='lat' dir='ltr'><strong>esse</strong></span> <span class='ocrx_word' id='word_1_251' title='bbox 2426 1755 2709 1810; x_wconf 72' lang='lat' dir='ltr'><strong>veritatem</strong></span> <span class='ocrx_word' id='word_1_252' title='bbox 2742 1756 2796 1809; x_wconf 93' lang='lat' dir='ltr'><strong>in</strong></span> <span class='ocrx_word' id='word_1_253' title='bbox 2838 1771 2905 1810; x_wconf 92' lang='lat' dir='ltr'><strong>eo</strong></span> <span class='ocrx_word' id='word_1_254' title='bbox 2934 1757 3024 1825; x_wconf 88' lang='lat' dir='ltr'><strong>qui</strong></span> <span class='ocrx_word' id='word_1_255' title='bbox 3061 1756 3434 1826; x_wconf 82' lang='lat' dir='ltr'><strong>qualecunque</strong></span> <span class='ocrx_word' id='word_1_256' title='bbox 3485 1757 3710 1810; x_wconf 62' lang='lat' dir='ltr'><strong>mendau</strong></span> 
     </span>
    </p>
   </div>
   <div class='ocr_carea' id='block_1_34' title="bbox 476 1834 2040 1929">
    <p class='ocr_par' dir='ltr' id='par_1_34' title="bbox 476 1834 2039 1929">
     <span class='ocr_line' id='line_1_34' title="bbox 476 1834 2039 1929; baseline -0.005 -18"><span class='ocrx_word' id='word_1_257' title='bbox 476 1857 615 1929; x_wconf 86' lang='grc' dir='ltr'><strong>μετά</strong></span> <span class='ocrx_word' id='word_1_258' title='bbox 643 1834 853 1909; x_wconf 87' lang='grc' dir='ltr'>πολλῶν</span> <span class='ocrx_word' id='word_1_259' title='bbox 885 1855 1100 1926; x_wconf 83' lang='grc' dir='ltr'>ἀληθῶν</span> <span class='ocrx_word' id='word_1_260' title='bbox 1138 1854 1297 1909; x_wconf 85' lang='grc' dir='ltr'>τοῦτο</span> <span class='ocrx_word' id='word_1_261' title='bbox 1327 1854 1541 1927; x_wconf 79' lang='grc' dir='ltr'>νομίζῃ.</span> <span class='ocrx_word' id='word_1_262' title='bbox 1590 1854 1676 1916; x_wconf 84' lang='grc' dir='ltr'>Ὠς</span> <span class='ocrx_word' id='word_1_263' title='bbox 1708 1851 1816 1923; x_wconf 79' lang='grc' dir='ltr'>γὰρ</span> <span class='ocrx_word' id='word_1_264' title='bbox 1845 1850 2039 1921; x_wconf 78' lang='grc' dir='ltr'>ψεῦδος</span> 
     </span>
    </p>
   </div>
   <div class='ocr_carea' id='block_1_35' title="bbox 2135 1834 3714 1929">
    <p class='ocr_par' dir='ltr' id='par_1_35' title="bbox 2141 1848 3714 1918">
     <span class='ocr_line' id='line_1_35' title="bbox 2141 1848 3714 1918; baseline 0.001 -16"><span class='ocrx_word' id='word_1_265' title='bbox 2141 1849 2284 1902; x_wconf 89' lang='lat' dir='ltr'><strong>cium</strong></span> <span class='ocrx_word' id='word_1_266' title='bbox 2307 1849 2584 1914; x_wconf 86' lang='lat' dir='ltr'><strong>opinatur.</strong></span> <span class='ocrx_word' id='word_1_267' title='bbox 2607 1848 2819 1903; x_wconf 89' lang='lat' dir='ltr'><strong>etiamsi</strong></span> <span class='ocrx_word' id='word_1_268' title='bbox 2850 1864 2976 1904; x_wconf 93' lang='lat' dir='ltr'><strong>cum</strong></span> <span class='ocrx_word' id='word_1_269' title='bbox 3006 1848 3190 1902; x_wconf 90' lang='lat' dir='ltr'><strong>multis</strong></span> <span class='ocrx_word' id='word_1_270' title='bbox 3221 1849 3566 1918; x_wconf 82' lang='lat' dir='ltr'><strong>verisipsum</strong></span> <span class='ocrx_word' id='word_1_271' title='bbox 3592 1849 3714 1917; x_wconf 90' lang='lat' dir='ltr'><strong>opi-</strong></span> 
     </span>
    </p>
   </div>
   <div class='ocr_carea' id='block_1_36' title="bbox 467 1940 2042 2019">
    <p class='ocr_par' dir='ltr' id='par_1_36' title="bbox 467 1940 2042 2019">
     <span class='ocr_line' id='line_1_36' title="bbox 467 1940 2042 2019; baseline -0.004 -19"><span class='ocrx_word' id='word_1_272' title='bbox 467 1948 530 2001; x_wconf 78' lang='grc' dir='ltr'><strong>τὸ</strong></span> <span class='ocrx_word' id='word_1_273' title='bbox 551 1950 616 2001; x_wconf 84' lang='grc' dir='ltr'><strong>ὲκ</strong></span> <span class='ocrx_word' id='word_1_274' title='bbox 647 1947 856 2019; x_wconf 84' lang='grc' dir='ltr'>μυρίων</span> <span class='ocrx_word' id='word_1_275' title='bbox 880 1949 1020 2000; x_wconf 85' lang='grc' dir='ltr'>ὅσων</span> <span class='ocrx_word' id='word_1_276' title='bbox 1047 1944 1284 2015; x_wconf 87' lang='grc' dir='ltr'>ἀληθῶν,</span> <span class='ocrx_word' id='word_1_277' title='bbox 1314 1944 1408 1998; x_wconf 79' lang='grc' dir='ltr'><strong>καὶ</strong></span> <span class='ocrx_word' id='word_1_278' title='bbox 1440 1943 1558 2006; x_wconf 76' lang='grc' dir='ltr'>ἑνὸς</span> <span class='ocrx_word' id='word_1_279' title='bbox 1576 1940 1803 2011; x_wconf 77' lang='grc' dir='ltr'>ψεύδους</span> <span class='ocrx_word' id='word_1_280' title='bbox 1829 1958 2042 2011; x_wconf 87' lang='grc' dir='ltr'>συμπε-</span> 
     </span>
    </p>
   </div>
   <div class='ocr_carea' id='block_1_37' title="bbox 467 2031 2040 2109">
    <p class='ocr_par' dir='ltr' id='par_1_37' title="bbox 467 2031 2040 2109">
     <span class='ocr_line' id='line_1_37' title="bbox 467 2031 2040 2109; baseline -0.006 -17"><span class='ocrx_word' id='word_1_281' title='bbox 467 2039 795 2109; x_wconf 85' lang='grc' dir='ltr'>πλεγμένον,</span> <span class='ocrx_word' id='word_1_282' title='bbox 818 2037 991 2100; x_wconf 79' lang='grc' dir='ltr'>οὕτως</span> <span class='ocrx_word' id='word_1_283' title='bbox 1013 2038 1070 2090; x_wconf 80' lang='grc' dir='ltr'>ἐν</span> <span class='ocrx_word' id='word_1_284' title='bbox 1103 2036 1181 2106; x_wconf 86' lang='grc' dir='ltr'><strong>τῷ</strong></span> <span class='ocrx_word' id='word_1_285' title='bbox 1212 2034 1489 2101; x_wconf 80' lang='grc' dir='ltr'>δοξάζοντι</span> <span class='ocrx_word' id='word_1_286' title='bbox 1519 2033 1655 2103; x_wconf 78' lang='grc' dir='ltr'>μετὰ</span> <span class='ocrx_word' id='word_1_287' title='bbox 1675 2031 1881 2085; x_wconf 84' lang='grc' dir='ltr'>πολλῶν</span> <span class='ocrx_word' id='word_1_288' title='bbox 1907 2031 2040 2101; x_wconf 88' lang='grc' dir='ltr'>άλη-</span> 
     </span>
    </p>
   </div>
   <div class='ocr_carea' id='block_1_38' title="bbox 467 2123 2041 2200">
    <p class='ocr_par' dir='ltr' id='par_1_38' title="bbox 467 2123 2041 2200">
     <span class='ocr_line' id='line_1_38' title="bbox 467 2123 2041 2200; baseline -0.007 -14"><span class='ocrx_word' id='word_1_289' title='bbox 467 2132 576 2186; x_wconf 87' lang='grc' dir='ltr'><strong>θῶν</strong></span> <span class='ocrx_word' id='word_1_290' title='bbox 596 2131 654 2184; x_wconf 81' lang='grc' dir='ltr'>ἓν</span> <span class='ocrx_word' id='word_1_291' title='bbox 680 2130 893 2200; x_wconf 73' lang='grc' dir='ltr'>ψεῦδος,</span> <span class='ocrx_word' id='word_1_292' title='bbox 926 2129 1086 2182; x_wconf 74' lang='grc' dir='ltr'>οἱονεὶ</span> <span class='ocrx_word' id='word_1_293' title='bbox 1117 2129 1175 2181; x_wconf 83' lang='grc' dir='ltr'><strong>τὸ</strong></span> <span class='ocrx_word' id='word_1_294' title='bbox 1204 2126 1443 2181; x_wconf 86' lang='grc' dir='ltr'>τοιοῦτόν</span> <span class='ocrx_word' id='word_1_295' title='bbox 1475 2129 1591 2180; x_wconf 81' lang='grc' dir='ltr'>ἐστι</span> <span class='ocrx_word' id='word_1_296' title='bbox 1618 2123 2041 2197; x_wconf 82' lang='grc' dir='ltr'>συμπεπλεγμέ-</span> 
     </span>
    </p>
   </div>
   <div class='ocr_carea' id='block_1_39' title="bbox 463 2214 2035 2289">
    <p class='ocr_par' dir='ltr' id='par_1_39' title="bbox 463 2214 2035 2289">
     <span class='ocr_line' id='line_1_39' title="bbox 463 2214 2035 2289; baseline -0.006 -11"><span class='ocrx_word' id='word_1_297' title='bbox 463 2242 576 2283; x_wconf 85' lang='grc' dir='ltr'>νον.</span> <span class='ocrx_word' id='word_1_298' title='bbox 600 2222 728 2276; x_wconf 84' lang='grc' dir='ltr'>ὥστ’</span> <span class='ocrx_word' id='word_1_299' title='bbox 758 2222 825 2274; x_wconf 87' lang='grc' dir='ltr'>ἂν</span> <span class='ocrx_word' id='word_1_300' title='bbox 848 2223 1042 2282; x_wconf 83' lang='grc' dir='ltr'>εἰπεῖν,</span> <span class='ocrx_word' id='word_1_301' title='bbox 1075 2222 1157 2273; x_wconf 83' lang='grc' dir='ltr'>ὅτι</span> <span class='ocrx_word' id='word_1_302' title='bbox 1197 2220 1254 2272; x_wconf 78' lang='grc' dir='ltr'>ὲν</span> <span class='ocrx_word' id='word_1_303' title='bbox 1294 2218 1429 2289; x_wconf 81' lang='grc' dir='ltr'>τῷδε</span> <span class='ocrx_word' id='word_1_304' title='bbox 1467 2218 1567 2270; x_wconf 86' lang='grc' dir='ltr'><strong>ούκ</strong></span> <span class='ocrx_word' id='word_1_305' title='bbox 1598 2217 1743 2269; x_wconf 76' lang='grc' dir='ltr'>ἔστιν</span> <span class='ocrx_word' id='word_1_306' title='bbox 1786 2214 2035 2286; x_wconf 82' lang='grc' dir='ltr'>ἀλήθεια.</span> 
     </span>
    </p>
   </div>
   <div class='ocr_carea' id='block_1_40' title="bbox 465 2306 2039 2383">
    <p class='ocr_par' dir='ltr' id='par_1_40' title="bbox 465 2306 2039 2383">
     <span class='ocr_line' id='line_1_40' title="bbox 465 2306 2039 2383; baseline -0.004 -18"><span class='ocrx_word' id='word_1_307' title='bbox 465 2313 723 2383; x_wconf 82' lang='grc' dir='ltr'>Δείκνυμι</span> <span class='ocrx_word' id='word_1_308' title='bbox 753 2312 809 2364; x_wconf 85' lang='grc' dir='ltr'>δὲ</span> <span class='ocrx_word' id='word_1_309' title='bbox 831 2311 922 2364; x_wconf 83' lang='grc' dir='ltr'><strong>τὸν</strong></span> <span class='ocrx_word' id='word_1_310' title='bbox 947 2309 1082 2381; x_wconf 79' lang='grc' dir='ltr'>μετά</span> <span class='ocrx_word' id='word_1_311' title='bbox 1110 2309 1317 2364; x_wconf 84' lang='grc' dir='ltr'>πολλῶν</span> <span class='ocrx_word' id='word_1_312' title='bbox 1344 2308 1558 2381; x_wconf 84' lang='grc' dir='ltr'>ἀληθῶν</span> <span class='ocrx_word' id='word_1_313' title='bbox 1584 2306 1642 2361; x_wconf 83' lang='grc' dir='ltr'>ἓν</span> <span class='ocrx_word' id='word_1_314' title='bbox 1677 2306 1870 2377; x_wconf 78' lang='grc' dir='ltr'>ψεῦδος</span> <span class='ocrx_word' id='word_1_315' title='bbox 1903 2308 2039 2359; x_wconf 84' lang='grc' dir='ltr'>ὑπο-</span> 
     </span>
    </p>
   </div>
   <div class='ocr_carea' id='block_1_41' title="bbox 465 2397 2038 2474">
    <p class='ocr_par' dir='ltr' id='par_1_41' title="bbox 465 2397 2038 2474">
     <span class='ocr_line' id='line_1_41' title="bbox 465 2397 2038 2474; baseline -0.005 -17"><span class='ocrx_word' id='word_1_316' title='bbox 465 2403 811 2474; x_wconf 83' lang='grc' dir='ltr'>λαμϐάνοντα</span> <span class='ocrx_word' id='word_1_317' title='bbox 831 2418 846 2433; x_wconf 71' lang='grc' dir='ltr'><strong>ο</strong></span> <span class='ocrx_word' id='word_1_318' title='bbox 880 2402 973 2455; x_wconf 73' lang='grc' dir='ltr'>καὶ</span> <span class='ocrx_word' id='word_1_319' title='bbox 1001 2401 1070 2454; x_wconf 79' lang='grc' dir='ltr'><strong>τά</strong></span> <span class='ocrx_word' id='word_1_320' title='bbox 1095 2401 1221 2472; x_wconf 87' lang='grc' dir='ltr'>τρία</span> <span class='ocrx_word' id='word_1_321' title='bbox 1248 2418 1312 2469; x_wconf 85' lang='grc' dir='ltr'><strong>γε</strong></span> <span class='ocrx_word' id='word_1_322' title='bbox 1337 2399 1479 2466; x_wconf 78' lang='grc' dir='ltr'>δόξει</span> <span class='ocrx_word' id='word_1_323' title='bbox 1516 2399 1661 2470; x_wconf 78' lang='grc' dir='ltr'>ἔχειν</span> <span class='ocrx_word' id='word_1_324' title='bbox 1691 2398 1869 2467; x_wconf 88' lang='grc' dir='ltr'>λόγον,</span> <span class='ocrx_word' id='word_1_325' title='bbox 1891 2397 2038 2460; x_wconf 76' lang='grc' dir='ltr'>τινὸς</span> 
     </span>
    </p>
   </div>
   <div class='ocr_carea' id='block_1_42' title="bbox 469 2488 2041 2565">
    <p class='ocr_par' dir='ltr' id='par_1_42' title="bbox 469 2488 2041 2565">
     <span class='ocr_line' id='line_1_42' title="bbox 469 2488 2041 2565; baseline -0.003 -19"><span class='ocrx_word' id='word_1_326' title='bbox 469 2494 568 2565; x_wconf 81' lang='grc' dir='ltr'>μὲν</span> <span class='ocrx_word' id='word_1_327' title='bbox 592 2494 852 2564; x_wconf 81' lang='grc' dir='ltr'>φήσοντος</span> <span class='ocrx_word' id='word_1_328' title='bbox 878 2492 1032 2559; x_wconf 35' lang='grc' dir='ltr'>,κοιτά</span> <span class='ocrx_word' id='word_1_329' title='bbox 1071 2491 1231 2545; x_wconf 89' lang='grc' dir='ltr'>τοῦτο</span> <span class='ocrx_word' id='word_1_330' title='bbox 1277 2490 1530 2562; x_wconf 83' lang='grc' dir='ltr'>εἰρῆσθαι</span> <span class='ocrx_word' id='word_1_331' title='bbox 1563 2489 1626 2542; x_wconf 88' lang='grc' dir='ltr'>τό</span> <span class='ocrx_word' id='word_1_332' title='bbox 1646 2506 1662 2521; x_wconf 87' lang='grc'><strong>·</strong></span> <span class='ocrx_word' id='word_1_333' title='bbox 1696 2491 1817 2543; x_wconf 83' lang='grc' dir='ltr'><strong>Οὐκ</strong></span> <span class='ocrx_word' id='word_1_334' title='bbox 1868 2488 2041 2543; x_wconf 74' lang='grc' dir='ltr'>ἐστιν</span> 
     </span>
    </p>
   </div>
   <div class='ocr_carea' id='block_1_43' title="bbox 465 2571 2040 2653">
    <p class='ocr_par' dir='ltr' id='par_1_43' title="bbox 465 2571 2040 2653">
     <span class='ocr_line' id='line_1_43' title="bbox 465 2571 2040 2653; baseline -0.003 -14"><span class='ocrx_word' id='word_1_335' title='bbox 465 2582 715 2649; x_wconf 71' lang='grc' dir='ltr'>ἀλήθεια</span> <span class='ocrx_word' id='word_1_336' title='bbox 745 2585 815 2637; x_wconf 80' lang='grc' dir='ltr'><strong>ἐν</strong></span> <span class='ocrx_word' id='word_1_337' title='bbox 849 2584 1027 2649; x_wconf 83' lang='grc' dir='ltr'>αὐτῷ,</span> <span class='ocrx_word' id='word_1_338' title='bbox 1054 2583 1176 2636; x_wconf 76' lang='grc' dir='ltr'>ἐπεὶ</span> <span class='ocrx_word' id='word_1_339' title='bbox 1200 2583 1259 2636; x_wconf 79' lang='grc' dir='ltr'><strong>οὐ</strong></span> <span class='ocrx_word' id='word_1_340' title='bbox 1296 2582 1510 2653; x_wconf 80' lang='grc' dir='ltr'>μετέχει</span> <span class='ocrx_word' id='word_1_341' title='bbox 1528 2580 1784 2651; x_wconf 79' lang='grc' dir='ltr'>Χριστοῦ,</span> <span class='ocrx_word' id='word_1_342' title='bbox 1803 2571 1924 2650; x_wconf 83' lang='grc' dir='ltr'><strong>ᾧγε</strong></span> <span class='ocrx_word' id='word_1_343' title='bbox 1946 2583 2040 2635; x_wconf 72' lang='grc' dir='ltr'>καὶ</span> 
     </span>
    </p>
   </div>
   <div class='ocr_carea' id='block_1_44' title="bbox 471 2672 2041 2746">
    <p class='ocr_par' dir='ltr' id='par_1_44' title="bbox 471 2672 2041 2746">
     <span class='ocr_line' id='line_1_44' title="bbox 471 2672 2041 2746; baseline -0.001 -20"><span class='ocrx_word' id='word_1_344' title='bbox 471 2675 871 2746; x_wconf 65' lang='grc' dir='ltr'><strong>ιιιιροσιιιτολεμεῖ⁹</strong></span> <span class='ocrx_word' id='word_1_345' title='bbox 904 2676 1088 2746; x_wconf 80' lang='grc' dir='ltr'>ἐτέρου</span> <span class='ocrx_word' id='word_1_346' title='bbox 1127 2675 1203 2738; x_wconf 84' lang='grc' dir='ltr'><strong>δὲ,</strong></span> <span class='ocrx_word' id='word_1_347' title='bbox 1236 2675 1465 2745; x_wconf 77' lang='grc' dir='ltr'>ἐπείπερ</span> <span class='ocrx_word' id='word_1_348' title='bbox 1493 2674 1643 2727; x_wconf 78' lang='grc' dir='ltr'>οὐδὲν</span> <span class='ocrx_word' id='word_1_349' title='bbox 1669 2672 1867 2743; x_wconf 80' lang='grc' dir='ltr'>ἀληθὲς</span> <span class='ocrx_word' id='word_1_350' title='bbox 1909 2690 2041 2744; x_wconf 78' lang='grc' dir='ltr'>φρο·</span> 
     </span>
    </p>
   </div>
   <div class='ocr_carea' id='block_1_45' title="bbox 468 2763 2041 2834">
    <p class='ocr_par' dir='ltr' id='par_1_45' title="bbox 468 2763 2041 2834">
     <span class='ocr_line' id='line_1_45' title="bbox 468 2763 2041 2834; baseline -0.001 -15"><span class='ocrx_word' id='word_1_351' title='bbox 468 2770 568 2829; x_wconf 85' lang='grc' dir='ltr'>νεῖ,</span> <span class='ocrx_word' id='word_1_352' title='bbox 594 2766 708 2819; x_wconf 85' lang='grc' dir='ltr'>ἀλλ’</span> <span class='ocrx_word' id='word_1_353' title='bbox 731 2768 788 2819; x_wconf 80' lang='grc' dir='ltr'>ὲν</span> <span class='ocrx_word' id='word_1_354' title='bbox 817 2767 950 2818; x_wconf 85' lang='grc' dir='ltr'>πᾶσι</span> <span class='ocrx_word' id='word_1_355' title='bbox 980 2766 1291 2834; x_wconf 74' lang='grc' dir='ltr'>διέψευσται</span> <span class='ocrx_word' id='word_1_356' title='bbox 1317 2766 1411 2818; x_wconf 76' lang='grc' dir='ltr'>καὶ</span> <span class='ocrx_word' id='word_1_357' title='bbox 1430 2763 1520 2819; x_wconf 86' lang='grc' dir='ltr'>διὰ</span> <span class='ocrx_word' id='word_1_358' title='bbox 1540 2763 1699 2817; x_wconf 89' lang='grc' dir='ltr'>τοῦτὸ</span> <span class='ocrx_word' id='word_1_359' title='bbox 1721 2767 1839 2817; x_wconf 85' lang='grc' dir='ltr'>ὲστι</span> <span class='ocrx_word' id='word_1_360' title='bbox 1862 2764 2041 2818; x_wconf 78' lang='grc' dir='ltr'>διάϐο-</span> 
     </span>
    </p>
   </div>
   <div class='ocr_carea' id='block_1_46' title="bbox 467 2854 2039 2928">
    <p class='ocr_par' dir='ltr' id='par_1_46' title="bbox 467 2854 2039 2928">
     <span class='ocr_line' id='line_1_46' title="bbox 467 2854 2039 2928; baseline -0.003 -17"><span class='ocrx_word' id='word_1_361' title='bbox 467 2856 578 2921; x_wconf 86' lang='grc' dir='ltr'>λος,</span> <span class='ocrx_word' id='word_1_362' title='bbox 635 2858 730 2911; x_wconf 77' lang='grc' dir='ltr'>καὶ</span> <span class='ocrx_word' id='word_1_363' title='bbox 777 2857 1032 2928; x_wconf 85' lang='grc' dir='ltr'>πονηρὸς,</span> <span class='ocrx_word' id='word_1_364' title='bbox 1090 2858 1184 2910; x_wconf 74' lang='grc' dir='ltr'><strong>καὶ</strong></span> <span class='ocrx_word' id='word_1_365' title='bbox 1227 2856 1427 2927; x_wconf 88' lang='grc' dir='ltr'>χείρων</span> <span class='ocrx_word' id='word_1_366' title='bbox 1475 2854 1678 2918; x_wconf 85' lang='grc' dir='ltr'>παντὸς</span> <span class='ocrx_word' id='word_1_367' title='bbox 1731 2855 2039 2908; x_wconf 80' lang='grc' dir='ltr'>οὑτινοσοῦν</span> 
     </span>
    </p>
   </div>
   <div class='ocr_carea' id='block_1_47' title="bbox 465 2947 2038 3019">
    <p class='ocr_par' dir='ltr' id='par_1_47' title="bbox 465 2947 2038 3019">
     <span class='ocr_line' id='line_1_47' title="bbox 465 2947 2038 3019; baseline -0.002 -17"><span class='ocrx_word' id='word_1_368' title='bbox 465 2949 771 3013; x_wconf 83' lang='grc' dir='ltr'>πταίοντος,</span> <span class='ocrx_word' id='word_1_369' title='bbox 822 2951 904 3003; x_wconf 80' lang='grc' dir='ltr'>ὅτι</span> <span class='ocrx_word' id='word_1_370' title='bbox 941 2949 1081 3019; x_wconf 86' lang='grc' dir='ltr'>τάχα</span> <span class='ocrx_word' id='word_1_371' title='bbox 1130 2949 1187 3001; x_wconf 77' lang='grc' dir='ltr'>ἔν</span> <span class='ocrx_word' id='word_1_372' title='bbox 1239 2948 1337 3018; x_wconf 81' lang='grc' dir='ltr'><strong>μὲν</strong></span> <span class='ocrx_word' id='word_1_373' title='bbox 1385 2950 1500 3011; x_wconf 84' lang='grc' dir='ltr'>τοῖς</span> <span class='ocrx_word' id='word_1_374' title='bbox 1551 2947 1768 3010; x_wconf 84' lang='grc' dir='ltr'>πολλοῖς</span> <span class='ocrx_word' id='word_1_375' title='bbox 1821 2947 1935 3000; x_wconf 79' lang='grc' dir='ltr'>ὲστί</span> <span class='ocrx_word' id='word_1_376' title='bbox 1983 2964 2038 2999; x_wconf 90' lang='grc' dir='ltr'><strong>τι</strong></span> 
     </span>
    </p>
   </div>
   <div class='ocr_carea' id='block_1_48' title="bbox 464 3034 2038 3111">
    <p class='ocr_par' dir='ltr' id='par_1_48' title="bbox 464 3034 2038 3111">
     <span class='ocr_line' id='line_1_48' title="bbox 464 3034 2038 3111; baseline -0.004 -16"><span class='ocrx_word' id='word_1_377' title='bbox 464 3042 561 3096; x_wconf 82' lang='grc' dir='ltr'><strong>καὶ</strong></span> <span class='ocrx_word' id='word_1_378' title='bbox 590 3041 786 3111; x_wconf 86' lang='grc' dir='ltr'>ἀληθὲς</span> <span class='ocrx_word' id='word_1_379' title='bbox 814 3040 951 3111; x_wconf 86' lang='grc' dir='ltr'><strong>μετά</strong></span> <span class='ocrx_word' id='word_1_380' title='bbox 980 3041 1188 3094; x_wconf 88' lang='grc' dir='ltr'>πολλῶν</span> <span class='ocrx_word' id='word_1_381' title='bbox 1210 3034 1286 3094; x_wconf 85' lang='grc' dir='ltr'>ὧν</span> <span class='ocrx_word' id='word_1_382' title='bbox 1311 3040 1633 3109; x_wconf 73' lang='grc' dir='ltr'>σφάλλονται</span> <span class='ocrx_word' id='word_1_383' title='bbox 1651 3055 1665 3069; x_wconf 76' lang='grc' dir='ltr'><strong><em>ο</em></strong></span> <span class='ocrx_word' id='word_1_384' title='bbox 1693 3039 1750 3091; x_wconf 80' lang='grc' dir='ltr'>ὲν</span> <span class='ocrx_word' id='word_1_385' title='bbox 1777 3037 1833 3091; x_wconf 80' lang='grc' dir='ltr'>δὲ</span> <span class='ocrx_word' id='word_1_386' title='bbox 1862 3038 2038 3108; x_wconf 84' lang='grc' dir='ltr'>τούτῳ</span> 
     </span>
    </p>
   </div>
   <div class='ocr_carea' id='block_1_49' title="bbox 464 3130 2104 3228">
    <p class='ocr_par' dir='ltr' id='par_1_49' title="bbox 464 3130 2104 3228">
     <span class='ocr_line' id='line_1_49' title="bbox 464 3130 2104 3228; baseline -0.002 -43"><span class='ocrx_word' id='word_1_387' title='bbox 464 3132 615 3201; x_wconf 68' lang='grc' dir='ltr'>οῷδὲν</span> <span class='ocrx_word' id='word_1_388' title='bbox 663 3131 881 3202; x_wconf 82' lang='grc' dir='ltr'>ἀληθές.</span> <span class='ocrx_word' id='word_1_389' title='bbox 919 3133 1026 3185; x_wconf 79' lang='grc' dir='ltr'><strong>Καὶ</strong></span> <span class='ocrx_word' id='word_1_390' title='bbox 1059 3132 1241 3203; x_wconf 82' lang='grc' dir='ltr'>τρίτος</span> <span class='ocrx_word' id='word_1_391' title='bbox 1288 3131 1346 3185; x_wconf 89' lang='grc' dir='ltr'><strong>δέ</strong></span> <span class='ocrx_word' id='word_1_392' title='bbox 1387 3149 1473 3195; x_wconf 90' lang='grc' dir='ltr'><strong>τις</strong></span> <span class='ocrx_word' id='word_1_393' title='bbox 1521 3130 1904 3200; x_wconf 88' lang='grc' dir='ltr'>συναγορεύσει</span> <span class='ocrx_word' id='word_1_394' title='bbox 1958 3131 2036 3200; x_wconf 80' lang='grc' dir='ltr'><strong>τῷ</strong></span> <span class='ocrx_word' id='word_1_395' title='bbox 2063 3171 2104 3228; x_wconf 78' lang='lat' dir='ltr'><strong><em>C</em></strong></span> 
     </span>
    </p>
   </div>
   <div class='ocr_carea' id='block_1_50' title="bbox 464 3219 2035 3295">
    <p class='ocr_par' dir='ltr' id='par_1_50' title="bbox 464 3219 2035 3295">
     <span class='ocr_line' id='line_1_50' title="bbox 464 3219 2035 3295; baseline -0.003 -16"><span class='ocrx_word' id='word_1_396' title='bbox 464 3224 637 3295; x_wconf 87' lang='grc' dir='ltr'>λοιπῷ</span> <span class='ocrx_word' id='word_1_397' title='bbox 658 3224 832 3293; x_wconf 88' lang='grc' dir='ltr'>λέγων</span> <span class='ocrx_word' id='word_1_398' title='bbox 851 3224 1132 3295; x_wconf 81' lang='grc' dir='ltr'>ἀμήχανον</span> <span class='ocrx_word' id='word_1_399' title='bbox 1159 3219 1298 3276; x_wconf 79' lang='grc' dir='ltr'>εἶναι</span> <span class='ocrx_word' id='word_1_400' title='bbox 1311 3223 1524 3293; x_wconf 85' lang='grc' dir='ltr'>λογικόν</span> <span class='ocrx_word' id='word_1_401' title='bbox 1544 3240 1600 3276; x_wconf 90' lang='grc' dir='ltr'><strong>τι</strong></span> <span class='ocrx_word' id='word_1_402' title='bbox 1618 3221 1883 3292; x_wconf 83' lang='grc' dir='ltr'>τυγχάνον</span> <span class='ocrx_word' id='word_1_403' title='bbox 1899 3221 2035 3286; x_wconf 79' lang='grc' dir='ltr'>ζῶον</span> 
     </span>
    </p>
   </div>
   <div class='ocr_carea' id='block_1_51' title="bbox 465 3314 2037 3389">
    <p class='ocr_par' dir='ltr' id='par_1_51' title="bbox 465 3314 2037 3389">
     <span class='ocr_line' id='line_1_51' title="bbox 465 3314 2037 3389; baseline -0.003 -18"><span class='ocrx_word' id='word_1_404' title='bbox 465 3319 596 3389; x_wconf 74' lang='grc' dir='ltr'>περὶ</span> <span class='ocrx_word' id='word_1_405' title='bbox 610 3320 828 3371; x_wconf 82' lang='grc' dir='ltr'>πάντων</span> <span class='ocrx_word' id='word_1_406' title='bbox 851 3316 1206 3387; x_wconf 80' lang='grc' dir='ltr'>ψευδοδοξεῖν,</span> <span class='ocrx_word' id='word_1_407' title='bbox 1228 3317 1467 3388; x_wconf 74' lang='grc' dir='ltr'>καὶπερὶ</span> <span class='ocrx_word' id='word_1_408' title='bbox 1494 3316 1739 3388; x_wconf 82' lang='grc' dir='ltr'>μηδενὸς,</span> <span class='ocrx_word' id='word_1_409' title='bbox 1764 3314 2037 3368; x_wconf 77' lang='grc' dir='ltr'>κᾶνάσθεο</span> 
     </span>
    </p>
   </div>
   <div class='ocr_carea' id='block_1_52' title="bbox 464 3406 2037 3479">
    <p class='ocr_par' dir='ltr' id='par_1_52' title="bbox 464 3406 2037 3479">
     <span class='ocr_line' id='line_1_52' title="bbox 464 3406 2037 3479; baseline -0.003 -17"><span class='ocrx_word' id='word_1_410' title='bbox 464 3408 590 3474; x_wconf 80' lang='grc' dir='ltr'>νῶς,</span> <span class='ocrx_word' id='word_1_411' title='bbox 620 3408 681 3461; x_wconf 78' lang='grc' dir='ltr'><strong>τὸ</strong></span> <span class='ocrx_word' id='word_1_412' title='bbox 696 3407 892 3479; x_wconf 82' lang='grc' dir='ltr'>ἀληθὲς</span> <span class='ocrx_word' id='word_1_413' title='bbox 915 3406 1339 3478; x_wconf 77' lang='grc' dir='ltr'>ὑπολαμὸάνειν.</span> <span class='ocrx_word' id='word_1_414' title='bbox 1365 3407 1590 3471; x_wconf 85' lang='grc' dir='ltr'>Πάντως</span> <span class='ocrx_word' id='word_1_415' title='bbox 1607 3406 1737 3475; x_wconf 89' lang='grc' dir='ltr'>γοῦν</span> <span class='ocrx_word' id='word_1_416' title='bbox 1750 3406 1855 3460; x_wconf 82' lang='grc' dir='ltr'><strong>κᾶν</strong></span> <span class='ocrx_word' id='word_1_417' title='bbox 1877 3406 2037 3459; x_wconf 85' lang='grc' dir='ltr'>τοῦτο</span> 
     </span>
    </p>
   </div>
   <div class='ocr_carea' id='block_1_53' title="bbox 464 3500 2037 3573">
    <p class='ocr_par' dir='ltr' id='par_1_53' title="bbox 464 3500 2037 3573">
     <span class='ocr_line' id='line_1_53' title="bbox 464 3500 2037 3573; baseline -0.001 -17"><span class='ocrx_word' id='word_1_418' title='bbox 464 3501 578 3573; x_wconf 64' lang='grc' dir='ltr'>ἔχει</span> <span class='ocrx_word' id='word_1_419' title='bbox 602 3504 630 3555; x_wconf 84' lang='grc' dir='ltr'>ὁ</span> <span class='ocrx_word' id='word_1_420' title='bbox 659 3501 900 3565; x_wconf 76' lang='grc' dir='ltr'>διάϐολος</span> <span class='ocrx_word' id='word_1_421' title='bbox 917 3501 1095 3570; x_wconf 84' lang='grc' dir='ltr'>δόγμα</span> <span class='ocrx_word' id='word_1_422' title='bbox 1117 3500 1335 3569; x_wconf 78' lang='grc' dir='ltr'>ἀληθὲς,</span> <span class='ocrx_word' id='word_1_423' title='bbox 1366 3501 1494 3572; x_wconf 78' lang='grc' dir='ltr'>περὶ</span> <span class='ocrx_word' id='word_1_424' title='bbox 1524 3500 1691 3554; x_wconf 81' lang='grc' dir='ltr'>αὐτοῦ</span> <span class='ocrx_word' id='word_1_425' title='bbox 1717 3501 1930 3564; x_wconf 86' lang='grc' dir='ltr'>ὲννοῶν,</span> <span class='ocrx_word' id='word_1_426' title='bbox 1955 3501 2037 3554; x_wconf 77' lang='grc' dir='ltr'>ὅτι</span> 
     </span>
    </p>
   </div>
   <div class='ocr_carea' id='block_1_54' title="bbox 465 3590 2034 3662">
    <p class='ocr_par' dir='ltr' id='par_1_54' title="bbox 465 3590 2034 3662">
     <span class='ocr_line' id='line_1_54' title="bbox 465 3590 2034 3662; baseline -0.001 -18"><span class='ocrx_word' id='word_1_427' title='bbox 465 3591 683 3660; x_wconf 81' lang='grc' dir='ltr'>λογικός</span> <span class='ocrx_word' id='word_1_428' title='bbox 713 3593 851 3656; x_wconf 76' lang='grc' dir='ltr'>ἐστι,</span> <span class='ocrx_word' id='word_1_429' title='bbox 888 3592 982 3644; x_wconf 70' lang='grc' dir='ltr'>καὶ</span> <span class='ocrx_word' id='word_1_430' title='bbox 1008 3592 1089 3644; x_wconf 84' lang='grc' dir='ltr'>ὃτι</span> <span class='ocrx_word' id='word_1_431' title='bbox 1126 3592 1189 3643; x_wconf 83' lang='grc' dir='ltr'>τὸ</span> <span class='ocrx_word' id='word_1_432' title='bbox 1216 3590 1416 3644; x_wconf 86' lang='grc' dir='ltr'>τοιόνδε</span> <span class='ocrx_word' id='word_1_433' title='bbox 1450 3591 1546 3662; x_wconf 83' lang='grc' dir='ltr'>μὲν</span> <span class='ocrx_word' id='word_1_434' title='bbox 1586 3590 1871 3662; x_wconf 79' lang='grc' dir='ltr'>ἄνθρωπός</span> <span class='ocrx_word' id='word_1_435' title='bbox 1898 3592 2034 3653; x_wconf 77' lang='grc' dir='ltr'>ἐστι,</span> 
     </span>
    </p>
   </div>
   <div class='ocr_carea' id='block_1_55' title="bbox 466 3680 2038 3752">
    <p class='ocr_par' dir='ltr' id='par_1_55' title="bbox 466 3680 2038 3752">
     <span class='ocr_line' id='line_1_55' title="bbox 466 3680 2038 3752; baseline 0 -17"><span class='ocrx_word' id='word_1_436' title='bbox 466 3683 528 3737; x_wconf 86' lang='grc' dir='ltr'><strong>τδ</strong></span> <span class='ocrx_word' id='word_1_437' title='bbox 557 3681 755 3736; x_wconf 83' lang='grc' dir='ltr'>τοιόνδε</span> <span class='ocrx_word' id='word_1_438' title='bbox 784 3682 1030 3750; x_wconf 74' lang='grc' dir='ltr'>ἅγγελος,</span> <span class='ocrx_word' id='word_1_439' title='bbox 1062 3683 1154 3736; x_wconf 77' lang='grc' dir='ltr'><strong>καὶ</strong></span> <span class='ocrx_word' id='word_1_440' title='bbox 1178 3682 1239 3735; x_wconf 81' lang='grc' dir='ltr'><strong>τὸ</strong></span> <span class='ocrx_word' id='word_1_441' title='bbox 1260 3681 1405 3736; x_wconf 74' lang='grc' dir='ltr'>τοιδν</span> <span class='ocrx_word' id='word_1_442' title='bbox 1436 3682 1533 3752; x_wconf 84' lang='grc' dir='ltr'>μὲν</span> <span class='ocrx_word' id='word_1_443' title='bbox 1556 3680 1734 3752; x_wconf 87' lang='grc' dir='ltr'>σῶμα,</span> <span class='ocrx_word' id='word_1_444' title='bbox 1764 3683 1858 3735; x_wconf 76' lang='grc' dir='ltr'>καὶ</span> <span class='ocrx_word' id='word_1_445' title='bbox 1884 3682 2038 3735; x_wconf 77' lang='grc' dir='ltr'>ποιὸν</span> 
     </span>
    </p>
   </div>
   <div class='ocr_carea' id='block_1_56' title="bbox 469 3771 2039 3844">
    <p class='ocr_par' dir='ltr' id='par_1_56' title="bbox 469 3771 2039 3844">
     <span class='ocr_line' id='line_1_56' title="bbox 469 3771 2039 3844; baseline 0 -18"><span class='ocrx_word' id='word_1_446' title='bbox 469 3774 650 3844; x_wconf 87' lang='grc' dir='ltr'>σῶμα,</span> <span class='ocrx_word' id='word_1_447' title='bbox 681 3774 808 3828; x_wconf 81' lang='grc' dir='ltr'>ἄλλο</span> <span class='ocrx_word' id='word_1_448' title='bbox 826 3773 883 3826; x_wconf 87' lang='grc' dir='ltr'><strong>δέ</strong></span> <span class='ocrx_word' id='word_1_449' title='bbox 918 3790 969 3826; x_wconf 90' lang='grc' dir='ltr'><strong>τι</strong></span> <span class='ocrx_word' id='word_1_450' title='bbox 995 3774 1178 3844; x_wconf 72' lang='grc' dir='ltr'>ἕτερον</span> <span class='ocrx_word' id='word_1_451' title='bbox 1202 3776 1453 3843; x_wconf 85' lang='grc' dir='ltr'>σώματος</span> <span class='ocrx_word' id='word_1_452' title='bbox 1480 3771 1615 3842; x_wconf 79' lang='grc'>(85).</span> <span class='ocrx_word' id='word_1_453' title='bbox 1665 3771 1801 3825; x_wconf 84' lang='grc' dir='ltr'>Ἀλλ’</span> <span class='ocrx_word' id='word_1_454' title='bbox 1836 3773 1924 3825; x_wconf 81' lang='grc' dir='ltr'>ἵνα</span> <span class='ocrx_word' id='word_1_455' title='bbox 1944 3772 2039 3826; x_wconf 71' lang='grc' dir='ltr'><strong>καὶ</strong></span> 
     </span>
    </p>
   </div>
   <div class='ocr_carea' id='block_1_57' title="bbox 463 3863 2040 3937">
    <p class='ocr_par' dir='ltr' id='par_1_57' title="bbox 463 3863 2040 3937">
     <span class='ocr_line' id='line_1_57' title="bbox 463 3863 2040 3937; baseline -0.001 -18"><span class='ocrx_word' id='word_1_456' title='bbox 463 3867 526 3919; x_wconf 86' lang='grc' dir='ltr'>τὺ</span> <span class='ocrx_word' id='word_1_457' title='bbox 548 3866 846 3920; x_wconf 86' lang='grc' dir='ltr'>τελευταῖον</span> <span class='ocrx_word' id='word_1_458' title='bbox 878 3865 950 3937; x_wconf 85' lang='grc' dir='ltr'>μὴ</span> <span class='ocrx_word' id='word_1_459' title='bbox 977 3865 1130 3936; x_wconf 82' lang='grc' dir='ltr'>λέγῃ,</span> <span class='ocrx_word' id='word_1_460' title='bbox 1157 3865 1252 3918; x_wconf 78' lang='grc' dir='ltr'><strong>καὶ</strong></span> <span class='ocrx_word' id='word_1_461' title='bbox 1285 3863 1358 3935; x_wconf 79' lang='grc' dir='ltr'>μὴ</span> <span class='ocrx_word' id='word_1_462' title='bbox 1383 3866 1556 3935; x_wconf 77' lang='grc' dir='ltr'>ἑννοῇ,</span> <span class='ocrx_word' id='word_1_463' title='bbox 1583 3864 1718 3918; x_wconf 87' lang='grc' dir='ltr'><strong>ἀλλά</strong></span> <span class='ocrx_word' id='word_1_464' title='bbox 1747 3882 1812 3934; x_wconf 90' lang='grc' dir='ltr'><strong>γε</strong></span> <span class='ocrx_word' id='word_1_465' title='bbox 1839 3865 2040 3937; x_wconf 84' lang='grc' dir='ltr'>αὐταρ-</span> 
     </span>
    </p>
   </div>
   <div class='ocr_carea' id='block_1_58' title="bbox 466 3952 2039 4028">
    <p class='ocr_par' dir='ltr' id='par_1_58' title="bbox 466 3952 2039 4028">
     <span class='ocr_line' id='line_1_58' title="bbox 466 3952 2039 4028; baseline -0.001 -18"><span class='ocrx_word' id='word_1_466' title='bbox 466 3959 535 4028; x_wconf 82' lang='grc' dir='ltr'><strong>κῇ</strong></span> <span class='ocrx_word' id='word_1_467' title='bbox 563 3957 632 4010; x_wconf 71' lang='grc' dir='ltr'>τὰ</span> <span class='ocrx_word' id='word_1_468' title='bbox 659 3957 848 4027; x_wconf 85' lang='grc' dir='ltr'>πρῶτα</span> <span class='ocrx_word' id='word_1_469' title='bbox 888 3956 1027 4028; x_wconf 75' lang='grc' dir='ltr'>πρὸς</span> <span class='ocrx_word' id='word_1_470' title='bbox 1072 3956 1132 4009; x_wconf 88' lang='grc' dir='ltr'>τὸ</span> <span class='ocrx_word' id='word_1_471' title='bbox 1173 3957 1247 4027; x_wconf 82' lang='grc' dir='ltr'>μὴ</span> <span class='ocrx_word' id='word_1_472' title='bbox 1292 3954 1357 4009; x_wconf 83' lang='grc' dir='ltr'>ἂν</span> <span class='ocrx_word' id='word_1_473' title='bbox 1385 3954 1642 4008; x_wconf 86' lang='grc' dir='ltr'>δύνασθαι</span> <span class='ocrx_word' id='word_1_474' title='bbox 1662 3952 1801 4009; x_wconf 79' lang='grc' dir='ltr'>εἶναι</span> <span class='ocrx_word' id='word_1_475' title='bbox 1838 3955 2039 4027; x_wconf 82' lang='grc' dir='ltr'>ἀληθὲς</span> 
     </span>
    </p>
   </div>
   <div class='ocr_carea' id='block_1_59' title="bbox 467 4046 2039 4119">
    <p class='ocr_par' dir='ltr' id='par_1_59' title="bbox 467 4046 2039 4119">
     <span class='ocr_line' id='line_1_59' title="bbox 467 4046 2039 4119; baseline 0.001 -19"><span class='ocrx_word' id='word_1_476' title='bbox 467 4047 595 4118; x_wconf 74' lang='grc' dir='ltr'>περὶ</span> <span class='ocrx_word' id='word_1_477' title='bbox 641 4047 804 4100; x_wconf 82' lang='grc' dir='ltr'>αὐτοῦ</span> <span class='ocrx_word' id='word_1_478' title='bbox 828 4048 908 4100; x_wconf 86' lang='grc' dir='ltr'><strong>τό·</strong></span> <span class='ocrx_word' id='word_1_479' title='bbox 948 4047 1077 4100; x_wconf 84' lang='grc' dir='ltr'>Ὅτι</span> <span class='ocrx_word' id='word_1_480' title='bbox 1108 4046 1287 4101; x_wconf 74' lang='grc' dir='ltr'>οὐδὲν</span> <span class='ocrx_word' id='word_1_481' title='bbox 1313 4046 1538 4114; x_wconf 76' lang='grc' dir='ltr'>ἀληθὲς</span> <span class='ocrx_word' id='word_1_482' title='bbox 1586 4047 1811 4116; x_wconf 71' lang='grc' dir='ltr'>φρονεῖ.</span> <span class='ocrx_word' id='word_1_483' title='bbox 1851 4048 2039 4119; x_wconf 81' lang='grc' dir='ltr'>Ἡμεῖς</span> 
     </span>
    </p>
   </div>
   <div class='ocr_carea' id='block_1_60' title="bbox 468 4133 2040 4207">
    <p class='ocr_par' dir='ltr' id='par_1_60' title="bbox 468 4133 2040 4207">
     <span class='ocr_line' id='line_1_60' title="bbox 468 4133 2040 4207; baseline 0.001 -17"><span class='ocrx_word' id='word_1_484' title='bbox 468 4138 567 4207; x_wconf 73' lang='grc' dir='ltr'>μὲν</span> <span class='ocrx_word' id='word_1_485' title='bbox 586 4133 822 4191; x_wconf 77' lang='grc' dir='ltr'>οὖντοῦ·</span> <span class='ocrx_word' id='word_1_486' title='bbox 869 4138 967 4191; x_wconf 77' lang='grc' dir='ltr'><strong>Ἐν</strong></span> <span class='ocrx_word' id='word_1_487' title='bbox 1006 4137 1083 4205; x_wconf 78' lang='grc' dir='ltr'>τῇ</span> <span class='ocrx_word' id='word_1_488' title='bbox 1110 4139 1361 4206; x_wconf 80' lang='grc' dir='ltr'>ἀληθείᾳ</span> <span class='ocrx_word' id='word_1_489' title='bbox 1398 4139 1509 4207; x_wconf 83' lang='grc' dir='ltr'>οὐχ</span> <span class='ocrx_word' id='word_1_490' title='bbox 1538 4137 1815 4206; x_wconf 74' lang='grc' dir='ltr'>ἕστηκεν,</span> <span class='ocrx_word' id='word_1_491' title='bbox 1846 4137 2040 4191; x_wconf 76' lang='grc' dir='ltr'>ἀκούο-</span> 
     </span>
    </p>
   </div>
   <div class='ocr_carea' id='block_1_61' title="bbox 466 4226 2040 4299">
    <p class='ocr_par' dir='ltr' id='par_1_61' title="bbox 466 4226 2040 4299">
     <span class='ocr_line' id='line_1_61' title="bbox 466 4226 2040 4299; baseline 0 -19"><span class='ocrx_word' id='word_1_492' title='bbox 466 4244 566 4299; x_wconf 88' lang='grc' dir='ltr'><strong>μεν</strong></span> <span class='ocrx_word' id='word_1_493' title='bbox 592 4229 690 4298; x_wconf 72' lang='grc' dir='ltr'><strong>οὐχ</strong></span> <span class='ocrx_word' id='word_1_494' title='bbox 723 4227 799 4291; x_wconf 87' lang='grc' dir='ltr'>ὼς</span> <span class='ocrx_word' id='word_1_495' title='bbox 823 4228 982 4297; x_wconf 85' lang='grc' dir='ltr'>φύσιν</span> <span class='ocrx_word' id='word_1_496' title='bbox 1002 4227 1256 4298; x_wconf 79' lang='grc' dir='ltr'>τοιαύτην</span> <span class='ocrx_word' id='word_1_497' title='bbox 1278 4228 1655 4298; x_wconf 77' lang='grc' dir='ltr'>ἐμφαίνοντες,</span> <span class='ocrx_word' id='word_1_498' title='bbox 1677 4226 1800 4280; x_wconf 76' lang='grc' dir='ltr'>οὔτε</span> <span class='ocrx_word' id='word_1_499' title='bbox 1828 4227 1890 4281; x_wconf 85' lang='grc' dir='ltr'><strong>τὸ</strong></span> <span class='ocrx_word' id='word_1_500' title='bbox 1911 4228 2040 4282; x_wconf 86' lang='grc' dir='ltr'>ἀδύ-</span> 
     </span>
    </p>
   </div>
   <div class='ocr_carea' id='block_1_62' title="bbox 461 4317 2035 4390">
    <p class='ocr_par' dir='ltr' id='par_1_62' title="bbox 461 4317 2035 4390">
     <span class='ocr_line' id='line_1_62' title="bbox 461 4317 2035 4390; baseline -0.001 -19"><span class='ocrx_word' id='word_1_501' title='bbox 461 4336 620 4374; x_wconf 84' lang='grc' dir='ltr'>νατον</span> <span class='ocrx_word' id='word_1_502' title='bbox 653 4318 886 4387; x_wconf 76' lang='grc' dir='ltr'>περὶτοῦ</span> <span class='ocrx_word' id='word_1_503' title='bbox 903 4319 1189 4389; x_wconf 82' lang='grc' dir='ltr'>έστηκέναι</span> <span class='ocrx_word' id='word_1_504' title='bbox 1209 4318 1368 4373; x_wconf 75' lang='grc' dir='ltr'>αὑτὸν</span> <span class='ocrx_word' id='word_1_505' title='bbox 1396 4321 1455 4372; x_wconf 82' lang='grc' dir='ltr'>ὲν</span> <span class='ocrx_word' id='word_1_506' title='bbox 1479 4317 1707 4390; x_wconf 67' lang='grc' dir='ltr'><strong>ἀληθείς]⁸</strong></span> <span class='ocrx_word' id='word_1_507' title='bbox 1734 4319 2035 4389; x_wconf 85' lang='grc' dir='ltr'>παριστάν-</span> 
     </span>
    </p>
   </div>
   <div class='ocr_carea' id='block_1_63' title="bbox 459 4408 2034 4482">
    <p class='ocr_par' dir='ltr' id='par_1_63' title="bbox 459 4408 2034 4482">
     <span class='ocr_line' id='line_1_63' title="bbox 459 4408 2034 4482; baseline -0.001 -18"><span class='ocrx_word' id='word_1_508' title='bbox 459 4427 568 4474; x_wconf 81' lang='grc' dir='ltr'><strong>τες⁸</strong></span> <span class='ocrx_word' id='word_1_509' title='bbox 602 4412 632 4463; x_wconf 85' lang='grc' dir='ltr'><strong>ὁ</strong></span> <span class='ocrx_word' id='word_1_510' title='bbox 658 4410 714 4464; x_wconf 88' lang='grc' dir='ltr'>δὲ</span> <span class='ocrx_word' id='word_1_511' title='bbox 754 4409 1066 4480; x_wconf 82' lang='grc' dir='ltr'>Ἡρακλέων</span> <span class='ocrx_word' id='word_1_512' title='bbox 1101 4412 1183 4474; x_wconf 88' lang='grc' dir='ltr'><strong>είς</strong></span> <span class='ocrx_word' id='word_1_513' title='bbox 1207 4410 1381 4464; x_wconf 85' lang='grc' dir='ltr'>ταῦτά</span> <span class='ocrx_word' id='word_1_514' title='bbox 1423 4427 1556 4481; x_wconf 84' lang='grc' dir='ltr'>φησι</span> <span class='ocrx_word' id='word_1_515' title='bbox 1585 4409 1787 4467; x_wconf 73' lang='grc' dir='ltr'>τόσιΟὑ</span> <span class='ocrx_word' id='word_1_516' title='bbox 1818 4408 1925 4482; x_wconf 82' lang='grc' dir='ltr'>γὰρ</span> <span class='ocrx_word' id='word_1_517' title='bbox 1967 4410 2034 4462; x_wconf 84' lang='grc' dir='ltr'>ὲκ</span> 
     </span>
    </p>
   </div>
   <div class='ocr_carea' id='block_1_64' title="bbox 2140 1939 3711 2010">
    <p class='ocr_par' dir='ltr' id='par_1_64' title="bbox 2140 1939 3711 2010">
     <span class='ocr_line' id='line_1_64' title="bbox 2140 1939 3711 2010; baseline 0 -17"><span class='ocrx_word' id='word_1_518' title='bbox 2140 1953 2318 1994; x_wconf 92' lang='lat' dir='ltr'><strong>netur.</strong></span> <span class='ocrx_word' id='word_1_519' title='bbox 2356 1939 2427 1995; x_wconf 88' lang='lat' dir='ltr'><strong>Ut</strong></span> <span class='ocrx_word' id='word_1_520' title='bbox 2460 1941 2603 1994; x_wconf 90' lang='lat' dir='ltr'><strong>enim</strong></span> <span class='ocrx_word' id='word_1_521' title='bbox 2656 1939 2788 1995; x_wconf 84' lang='lat' dir='ltr'><strong>falsa</strong></span> <span class='ocrx_word' id='word_1_522' title='bbox 2832 1951 2917 1996; x_wconf 91' lang='lat' dir='ltr'><strong>est</strong></span> <span class='ocrx_word' id='word_1_523' title='bbox 2950 1941 3254 2010; x_wconf 83' lang='lat' dir='ltr'><strong>complexio</strong></span> <span class='ocrx_word' id='word_1_524' title='bbox 3289 1957 3355 1995; x_wconf 77' lang='lat' dir='ltr'><strong>ex</strong></span> <span class='ocrx_word' id='word_1_525' title='bbox 3410 1942 3711 1996; x_wconf 87' lang='lat' dir='ltr'><strong>innumeris</strong></span> 
     </span>
    </p>
   </div>
   <div class='ocr_carea' id='block_1_65' title="bbox 2138 2030 3713 2100">
    <p class='ocr_par' dir='ltr' id='par_1_65' title="bbox 2138 2030 3713 2100">
     <span class='ocr_line' id='line_1_65' title="bbox 2138 2030 3713 2100; baseline 0.002 -17"><span class='ocrx_word' id='word_1_526' title='bbox 2138 2046 2258 2100; x_wconf 71' lang='lat' dir='ltr'><strong>quae</strong></span> <span class='ocrx_word' id='word_1_527' title='bbox 2282 2030 2435 2086; x_wconf 85' lang='lat' dir='ltr'><strong>valde</strong></span> <span class='ocrx_word' id='word_1_528' title='bbox 2457 2046 2586 2085; x_wconf 89' lang='lat' dir='ltr'><strong>vera</strong></span> <span class='ocrx_word' id='word_1_529' title='bbox 2618 2033 2749 2099; x_wconf 90' lang='lat' dir='ltr'><strong>sint,</strong></span> <span class='ocrx_word' id='word_1_530' title='bbox 2782 2041 2839 2086; x_wconf 90' lang='lat' dir='ltr'><strong>et</strong></span> <span class='ocrx_word' id='word_1_531' title='bbox 2866 2048 2973 2086; x_wconf 88' lang='lat' dir='ltr'><strong>uno</strong></span> <span class='ocrx_word' id='word_1_532' title='bbox 3018 2034 3299 2088; x_wconf 90' lang='lat' dir='ltr'><strong>mendacio</strong></span> <span class='ocrx_word' id='word_1_533' title='bbox 3326 2044 3606 2097; x_wconf 90' lang='lat' dir='ltr'><strong>constans,</strong></span> <span class='ocrx_word' id='word_1_534' title='bbox 3633 2034 3713 2087; x_wconf 86' lang='lat' dir='ltr'><strong>sic</strong></span> 
     </span>
    </p>
   </div>
   <div class='ocr_carea' id='block_1_66' title="bbox 2138 2122 3712 2195">
    <p class='ocr_par' dir='ltr' id='par_1_66' title="bbox 2138 2122 3712 2195">
     <span class='ocr_line' id='line_1_66' title="bbox 2138 2122 3712 2195; baseline 0.003 -20"><span class='ocrx_word' id='word_1_535' title='bbox 2138 2122 2285 2177; x_wconf 91' lang='lat' dir='ltr'><strong>ineo</strong></span> <span class='ocrx_word' id='word_1_536' title='bbox 2312 2125 2404 2192; x_wconf 92' lang='lat' dir='ltr'><strong>qui</strong></span> <span class='ocrx_word' id='word_1_537' title='bbox 2432 2138 2556 2178; x_wconf 92' lang='lat' dir='ltr'><strong>cum</strong></span> <span class='ocrx_word' id='word_1_538' title='bbox 2603 2122 2787 2178; x_wconf 84' lang='lat' dir='ltr'><strong>multis</strong></span> <span class='ocrx_word' id='word_1_539' title='bbox 2822 2124 2966 2177; x_wconf 87' lang='lat' dir='ltr'><strong>veris</strong></span> <span class='ocrx_word' id='word_1_540' title='bbox 3003 2140 3168 2179; x_wconf 92' lang='lat' dir='ltr'><strong>unum</strong></span> <span class='ocrx_word' id='word_1_541' title='bbox 3218 2127 3557 2180; x_wconf 85' lang='lat' dir='ltr'><strong>mendacium</strong></span> <span class='ocrx_word' id='word_1_542' title='bbox 3595 2130 3712 2195; x_wconf 88' lang='lat' dir='ltr'><strong>opi-</strong></span> 
     </span>
    </p>
   </div>
   <div class='ocr_carea' id='block_1_67' title="bbox 2139 2214 3710 2288">
    <p class='ocr_par' dir='ltr' id='par_1_67' title="bbox 2139 2214 3710 2288">
     <span class='ocr_line' id='line_1_67' title="bbox 2139 2214 3710 2288; baseline 0.004 -18"><span class='ocrx_word' id='word_1_543' title='bbox 2139 2224 2319 2280; x_wconf 90' lang='lat' dir='ltr'><strong>natur,</strong></span> <span class='ocrx_word' id='word_1_544' title='bbox 2349 2215 2470 2269; x_wconf 86' lang='lat' dir='ltr'><strong>talis</strong></span> <span class='ocrx_word' id='word_1_545' title='bbox 2501 2214 2674 2270; x_wconf 80' lang='lat' dir='ltr'><strong>ferme</strong></span> <span class='ocrx_word' id='word_1_546' title='bbox 2700 2225 2787 2272; x_wconf 90' lang='lat' dir='ltr'><strong>est</strong></span> <span class='ocrx_word' id='word_1_547' title='bbox 2815 2218 3116 2287; x_wconf 80' lang='lat' dir='ltr'><strong>complexio</strong></span> <span class='ocrx_word' id='word_1_548' title='bbox 3158 2230 3212 2274; x_wconf 87' lang='lat' dir='ltr'><strong>et</strong></span> <span class='ocrx_word' id='word_1_549' title='bbox 3245 2221 3538 2288; x_wconf 89' lang='lat' dir='ltr'><strong>copulatio,</strong></span> <span class='ocrx_word' id='word_1_550' title='bbox 3573 2233 3629 2275; x_wconf 88' lang='lat' dir='ltr'><strong>ut</strong></span> <span class='ocrx_word' id='word_1_551' title='bbox 3657 2224 3710 2277; x_wconf 93' lang='lat' dir='ltr'><strong>in</strong></span> 
     </span>
    </p>
   </div>
   <div class='ocr_carea' id='block_1_68' title="bbox 2139 2306 3710 2367">
    <p class='ocr_par' dir='ltr' id='par_1_68' title="bbox 2139 2306 3710 2367">
     <span class='ocr_line' id='line_1_68' title="bbox 2139 2306 3710 2367; baseline 0.003 -7"><span class='ocrx_word' id='word_1_552' title='bbox 2139 2306 2232 2362; x_wconf 91' lang='lat' dir='ltr'><strong>illo</strong></span> <span class='ocrx_word' id='word_1_553' title='bbox 2277 2306 2523 2362; x_wconf 87' lang='lat' dir='ltr'><strong>dicamus</strong></span> <span class='ocrx_word' id='word_1_554' title='bbox 2576 2308 2858 2362; x_wconf 81' lang='lat' dir='ltr'><strong>veritatem</strong></span> <span class='ocrx_word' id='word_1_555' title='bbox 2914 2326 3021 2364; x_wconf 90' lang='lat' dir='ltr'><strong>non</strong></span> <span class='ocrx_word' id='word_1_556' title='bbox 3066 2324 3203 2364; x_wconf 90' lang='lat' dir='ltr'><strong>esse.</strong></span> <span class='ocrx_word' id='word_1_557' title='bbox 3243 2308 3482 2366; x_wconf 91' lang='lat' dir='ltr'><strong>Ostendo</strong></span> <span class='ocrx_word' id='word_1_558' title='bbox 3533 2322 3710 2367; x_wconf 86' lang='lat' dir='ltr'><strong>autem</strong></span> 
     </span>
    </p>
   </div>
   <div class='ocr_carea' id='block_1_69' title="bbox 2138 2397 3710 2472">
    <p class='ocr_par' dir='ltr' id='par_1_69' title="bbox 2138 2397 3710 2472">
     <span class='ocr_line' id='line_1_69' title="bbox 2138 2397 3710 2472; baseline 0.004 -21"><span class='ocrx_word' id='word_1_559' title='bbox 2138 2412 2260 2452; x_wconf 92' lang='lat' dir='ltr'><strong>cum</strong></span> <span class='ocrx_word' id='word_1_560' title='bbox 2290 2397 2475 2453; x_wconf 92' lang='lat' dir='ltr'><strong>multis</strong></span> <span class='ocrx_word' id='word_1_561' title='bbox 2509 2399 2654 2453; x_wconf 84' lang='lat' dir='ltr'><strong>veris</strong></span> <span class='ocrx_word' id='word_1_562' title='bbox 2693 2415 2860 2455; x_wconf 87' lang='lat' dir='ltr'><strong>unttm</strong></span> <span class='ocrx_word' id='word_1_563' title='bbox 2904 2403 3245 2458; x_wconf 88' lang='lat' dir='ltr'><strong>mendacium</strong></span> <span class='ocrx_word' id='word_1_564' title='bbox 3293 2405 3657 2472; x_wconf 83' lang='lat' dir='ltr'><strong>suspicantem</strong></span> <span class='ocrx_word' id='word_1_565' title='bbox 3693 2423 3710 2472; x_wconf 91' lang='lat'><strong>;</strong></span> 
     </span>
    </p>
   </div>
   <div class='ocr_carea' id='block_1_70' title="bbox 2137 2491 3713 2564">
    <p class='ocr_par' dir='ltr' id='par_1_70' title="bbox 2137 2491 3713 2564">
     <span class='ocr_line' id='line_1_70' title="bbox 2137 2491 3713 2564; baseline 0.006 -20"><span class='ocrx_word' id='word_1_566' title='bbox 2137 2506 2201 2547; x_wconf 91' lang='lat' dir='ltr'><strong>ac</strong></span> <span class='ocrx_word' id='word_1_567' title='bbox 2226 2491 2327 2545; x_wconf 89' lang='lat' dir='ltr'><strong>tria</strong></span> <span class='ocrx_word' id='word_1_568' title='bbox 2371 2506 2504 2547; x_wconf 87' lang='lat' dir='ltr'><strong>sane</strong></span> <span class='ocrx_word' id='word_1_569' title='bbox 2535 2492 2861 2547; x_wconf 89' lang='lat' dir='ltr'><strong>videbuntur</strong></span> <span class='ocrx_word' id='word_1_570' title='bbox 2912 2495 3113 2551; x_wconf 90' lang='lat' dir='ltr'><strong>habere</strong></span> <span class='ocrx_word' id='word_1_571' title='bbox 3173 2497 3439 2552; x_wconf 88' lang='lat' dir='ltr'><strong>rationem</strong></span> <span class='ocrx_word' id='word_1_572' title='bbox 3480 2513 3491 2547; x_wconf 92' lang='lat'>:</span> <span class='ocrx_word' id='word_1_573' title='bbox 3531 2498 3713 2564; x_wconf 87' lang='lat' dir='ltr'><strong>aliquo</strong></span> 
     </span>
    </p>
   </div>
   <div class='ocr_carea' id='block_1_71' title="bbox 2138 2584 3712 2655">
    <p class='ocr_par' dir='ltr' id='par_1_71' title="bbox 2138 2584 3712 2655">
     <span class='ocr_line' id='line_1_71' title="bbox 2138 2584 3712 2655; baseline 0.006 -20"><span class='ocrx_word' id='word_1_574' title='bbox 2138 2584 2355 2652; x_wconf 90' lang='lat' dir='ltr'><strong>quidem</strong></span> <span class='ocrx_word' id='word_1_575' title='bbox 2389 2585 2602 2640; x_wconf 90' lang='lat' dir='ltr'><strong>dicturo</strong></span> <span class='ocrx_word' id='word_1_576' title='bbox 2623 2593 2848 2655; x_wconf 86' lang='lat' dir='ltr'><strong>propter</strong></span> <span class='ocrx_word' id='word_1_577' title='bbox 2879 2586 2979 2641; x_wconf 88' lang='lat' dir='ltr'><strong>hoc</strong></span> <span class='ocrx_word' id='word_1_578' title='bbox 3010 2587 3210 2642; x_wconf 90' lang='lat' dir='ltr'><strong>dictum</strong></span> <span class='ocrx_word' id='word_1_579' title='bbox 3253 2586 3420 2643; x_wconf 85' lang='lat' dir='ltr'><strong>fuisse</strong></span> <span class='ocrx_word' id='word_1_580' title='bbox 3453 2610 3464 2644; x_wconf 88' lang='lat'>:</span> <span class='ocrx_word' id='word_1_581' title='bbox 3507 2587 3712 2645; x_wconf 79' lang='lat' dir='ltr'><strong>Veritas</strong></span> 
     </span>
    </p>
   </div>
   <div class='ocr_carea' id='block_1_72' title="bbox 2137 2674 3710 2748">
    <p class='ocr_par' dir='ltr' id='par_1_72' title="bbox 2137 2674 3710 2748">
     <span class='ocr_line' id='line_1_72' title="bbox 2137 2674 3710 2748; baseline 0.005 -20"><span class='ocrx_word' id='word_1_582' title='bbox 2137 2674 2193 2728; x_wconf 84' lang='lat' dir='ltr'><strong>in</strong></span> <span class='ocrx_word' id='word_1_583' title='bbox 2218 2690 2277 2728; x_wconf 79' lang='lat' dir='ltr'><strong>eo</strong></span> <span class='ocrx_word' id='word_1_584' title='bbox 2312 2691 2416 2728; x_wconf 84' lang='lat' dir='ltr'><strong>non</strong></span> <span class='ocrx_word' id='word_1_585' title='bbox 2470 2685 2577 2742; x_wconf 77' lang='lat' dir='ltr'><strong>est,</strong></span> <span class='ocrx_word' id='word_1_586' title='bbox 2612 2677 2867 2748; x_wconf 91' lang='lat' dir='ltr'><strong>quoniam</strong></span> <span class='ocrx_word' id='word_1_587' title='bbox 2919 2677 3191 2748; x_wconf 85' lang='lat' dir='ltr'><strong>particeps</strong></span> <span class='ocrx_word' id='word_1_588' title='bbox 3223 2695 3329 2734; x_wconf 93' lang='lat' dir='ltr'><strong>non</strong></span> <span class='ocrx_word' id='word_1_589' title='bbox 3366 2680 3439 2735; x_wconf 90' lang='lat' dir='ltr'><strong>sit</strong></span> <span class='ocrx_word' id='word_1_590' title='bbox 3484 2681 3710 2745; x_wconf 88' lang='lat' dir='ltr'><strong>Christi.</strong></span> 
     </span>
    </p>
   </div>
   <div class='ocr_carea' id='block_1_73' title="bbox 2137 2766 3715 2842">
    <p class='ocr_par' dir='ltr' id='par_1_73' title="bbox 2137 2766 3715 2842">
     <span class='ocr_line' id='line_1_73' title="bbox 2137 2766 3715 2842; baseline 0.006 -26"><span class='ocrx_word' id='word_1_591' title='bbox 2137 2766 2337 2834; x_wconf 86' lang='lat' dir='ltr'><strong>quippe</strong></span> <span class='ocrx_word' id='word_1_592' title='bbox 2363 2766 2449 2820; x_wconf 91' lang='lat' dir='ltr'><strong>cui</strong></span> <span class='ocrx_word' id='word_1_593' title='bbox 2479 2766 2647 2821; x_wconf 87' lang='lat' dir='ltr'><strong>etiam</strong></span> <span class='ocrx_word' id='word_1_594' title='bbox 2690 2766 2886 2821; x_wconf 85' lang='lat' dir='ltr'><strong>inferat</strong></span> <span class='ocrx_word' id='word_1_595' title='bbox 2912 2768 3143 2836; x_wconf 90' lang='lat' dir='ltr'><strong>bellum;</strong></span> <span class='ocrx_word' id='word_1_596' title='bbox 3163 2769 3338 2825; x_wconf 86' lang='lat' dir='ltr'><strong>altero</strong></span> <span class='ocrx_word' id='word_1_597' title='bbox 3363 2780 3715 2842; x_wconf 88' lang='lat' dir='ltr'><strong>autem,qno-</strong></span> 
     </span>
    </p>
   </div>
   <div class='ocr_carea' id='block_1_74' title="bbox 2142 2858 3708 2933">
    <p class='ocr_par' dir='ltr' id='par_1_74' title="bbox 2142 2858 3708 2933">
     <span class='ocr_line' id='line_1_74' title="bbox 2142 2858 3708 2933; baseline 0.006 -22"><span class='ocrx_word' id='word_1_598' title='bbox 2142 2859 2282 2912; x_wconf 91' lang='lat' dir='ltr'><strong>niam</strong></span> <span class='ocrx_word' id='word_1_599' title='bbox 2315 2858 2388 2912; x_wconf 90' lang='lat' dir='ltr'><strong>nil</strong></span> <span class='ocrx_word' id='word_1_600' title='bbox 2423 2874 2551 2913; x_wconf 90' lang='lat' dir='ltr'><strong>vere</strong></span> <span class='ocrx_word' id='word_1_601' title='bbox 2575 2860 2796 2928; x_wconf 85' lang='lat' dir='ltr'><strong>cogitet,</strong></span> <span class='ocrx_word' id='word_1_602' title='bbox 2829 2861 2927 2914; x_wconf 84' lang='lat' dir='ltr'><strong>sed</strong></span> <span class='ocrx_word' id='word_1_603' title='bbox 2954 2862 3006 2915; x_wconf 93' lang='lat' dir='ltr'><strong>in</strong></span> <span class='ocrx_word' id='word_1_604' title='bbox 3031 2863 3280 2918; x_wconf 91' lang='lat' dir='ltr'><strong>omnibus</strong></span> <span class='ocrx_word' id='word_1_605' title='bbox 3316 2865 3572 2920; x_wconf 88' lang='lat' dir='ltr'><strong>mentitus</strong></span> <span class='ocrx_word' id='word_1_606' title='bbox 3602 2867 3708 2933; x_wconf 76' lang='lat' dir='ltr'><strong>sit;</strong></span> 
     </span>
    </p>
   </div>
   <div class='ocr_carea' id='block_1_75' title="bbox 2138 2951 3718 3026">
    <p class='ocr_par' dir='ltr' id='par_1_75' title="bbox 2138 2951 3718 3026">
     <span class='ocr_line' id='line_1_75' title="bbox 2138 2951 3718 3026; baseline 0.006 -24"><span class='ocrx_word' id='word_1_607' title='bbox 2138 2959 2361 3020; x_wconf 90' lang='lat' dir='ltr'><strong>propter</strong></span> <span class='ocrx_word' id='word_1_608' title='bbox 2384 2951 2527 3020; x_wconf 90' lang='lat' dir='ltr'><strong>quod</strong></span> <span class='ocrx_word' id='word_1_609' title='bbox 2568 2952 2735 3005; x_wconf 90' lang='lat' dir='ltr'><strong>etiam</strong></span> <span class='ocrx_word' id='word_1_610' title='bbox 2775 2952 3023 3008; x_wconf 88' lang='lat' dir='ltr'><strong>diabolus</strong></span> <span class='ocrx_word' id='word_1_611' title='bbox 3055 2956 3143 3018; x_wconf 89' lang='lat' dir='ltr'><strong>sit,</strong></span> <span class='ocrx_word' id='word_1_612' title='bbox 3171 2966 3226 3009; x_wconf 90' lang='lat' dir='ltr'><strong>et</strong></span> <span class='ocrx_word' id='word_1_613' title='bbox 3251 2956 3443 3023; x_wconf 88' lang='lat' dir='ltr'><strong>malus,</strong></span> <span class='ocrx_word' id='word_1_614' title='bbox 3472 2968 3524 3010; x_wconf 83' lang='lat' dir='ltr'><strong>et</strong></span> <span class='ocrx_word' id='word_1_615' title='bbox 3565 2956 3718 3026; x_wconf 86' lang='lat' dir='ltr'><strong>pejor</strong></span> 
     </span>
    </p>
   </div>
   <div class='ocr_carea' id='block_1_76' title="bbox 2138 3044 3716 3115">
    <p class='ocr_par' dir='ltr' id='par_1_76' title="bbox 2138 3044 3716 3115">
     <span class='ocr_line' id='line_1_76' title="bbox 2138 3044 3716 3115; baseline 0.006 -21"><span class='ocrx_word' id='word_1_616' title='bbox 2138 3058 2464 3113; x_wconf 91' lang='lat' dir='ltr'><strong>quocunque</strong></span> <span class='ocrx_word' id='word_1_617' title='bbox 2485 3044 2730 3110; x_wconf 89' lang='lat' dir='ltr'><strong>cadente,</strong></span> <span class='ocrx_word' id='word_1_618' title='bbox 2762 3046 3017 3115; x_wconf 89' lang='lat' dir='ltr'><strong>quoniam</strong></span> <span class='ocrx_word' id='word_1_619' title='bbox 3066 3045 3312 3103; x_wconf 81' lang='lat' dir='ltr'><strong>fortassis</strong></span> <span class='ocrx_word' id='word_1_620' title='bbox 3341 3049 3392 3103; x_wconf 92' lang='lat' dir='ltr'><strong>in</strong></span> <span class='ocrx_word' id='word_1_621' title='bbox 3428 3050 3612 3105; x_wconf 82' lang='lat' dir='ltr'><strong>multis</strong></span> <span class='ocrx_word' id='word_1_622' title='bbox 3644 3054 3716 3104; x_wconf 93' lang='lat' dir='ltr'><strong>sit</strong></span> 
     </span>
    </p>
   </div>
   <div class='ocr_carea' id='block_1_77' title="bbox 2137 3135 3714 3210">
    <p class='ocr_par' dir='ltr' id='par_1_77' title="bbox 2137 3135 3714 3210">
     <span class='ocr_line' id='line_1_77' title="bbox 2137 3135 3714 3210; baseline 0.005 -21"><span class='ocrx_word' id='word_1_623' title='bbox 2137 3135 2299 3189; x_wconf 88' lang='lat' dir='ltr'><strong>etiam</strong></span> <span class='ocrx_word' id='word_1_624' title='bbox 2331 3135 2533 3205; x_wconf 90' lang='lat' dir='ltr'><strong>aliquid</strong></span> <span class='ocrx_word' id='word_1_625' title='bbox 2558 3136 2674 3191; x_wconf 83' lang='lat' dir='ltr'><strong>veri</strong></span> <span class='ocrx_word' id='word_1_626' title='bbox 2699 3138 2989 3192; x_wconf 89' lang='lat' dir='ltr'><strong>admistum</strong></span> <span class='ocrx_word' id='word_1_627' title='bbox 3018 3137 3122 3193; x_wconf 89' lang='lat' dir='ltr'><strong>illis</strong></span> <span class='ocrx_word' id='word_1_628' title='bbox 3149 3141 3351 3205; x_wconf 88' lang='lat' dir='ltr'><strong>multis,</strong></span> <span class='ocrx_word' id='word_1_629' title='bbox 3386 3142 3581 3210; x_wconf 89' lang='lat' dir='ltr'><strong>quibus</strong></span> <span class='ocrx_word' id='word_1_630' title='bbox 3612 3141 3714 3197; x_wconf 86' lang='lat' dir='ltr'><strong>fal-</strong></span> 
     </span>
    </p>
   </div>
   <div class='ocr_carea' id='block_1_78' title="bbox 2140 3228 3713 3303">
    <p class='ocr_par' dir='ltr' id='par_1_78' title="bbox 2140 3228 3713 3303">
     <span class='ocr_line' id='line_1_78' title="bbox 2140 3228 3713 3303; baseline 0.007 -24"><span class='ocrx_word' id='word_1_631' title='bbox 2140 3228 2340 3290; x_wconf 89' lang='lat' dir='ltr'><strong>luntur,</strong></span> <span class='ocrx_word' id='word_1_632' title='bbox 2360 3229 2411 3282; x_wconf 93' lang='lat' dir='ltr'><strong>iu</strong></span> <span class='ocrx_word' id='word_1_633' title='bbox 2437 3229 2539 3283; x_wconf 88' lang='lat' dir='ltr'><strong>hoc</strong></span> <span class='ocrx_word' id='word_1_634' title='bbox 2557 3244 2689 3285; x_wconf 81' lang='lat' dir='ltr'><strong>vero</strong></span> <span class='ocrx_word' id='word_1_635' title='bbox 2717 3232 2845 3285; x_wconf 89' lang='lat' dir='ltr'><strong>nihil</strong></span> <span class='ocrx_word' id='word_1_636' title='bbox 2874 3232 2948 3287; x_wconf 89' lang='lat' dir='ltr'><strong>sit</strong></span> <span class='ocrx_word' id='word_1_637' title='bbox 2977 3234 3375 3303; x_wconf 83' lang='lat' dir='ltr'><strong>verum.Aane</strong></span> <span class='ocrx_word' id='word_1_638' title='bbox 3407 3237 3572 3291; x_wconf 89' lang='lat' dir='ltr'><strong>etiam</strong></span> <span class='ocrx_word' id='word_1_639' title='bbox 3601 3245 3713 3290; x_wconf 84' lang='lat' dir='ltr'><strong>ter-</strong></span> 
     </span>
    </p>
   </div>
   <div class='ocr_carea' id='block_1_79' title="bbox 2141 3316 3712 3389">
    <p class='ocr_par' dir='ltr' id='par_1_79' title="bbox 2141 3316 3712 3389">
     <span class='ocr_line' id='line_1_79' title="bbox 2141 3316 3712 3389; baseline 0.005 -21"><span class='ocrx_word' id='word_1_640' title='bbox 2141 3316 2247 3370; x_wconf 83' lang='lat' dir='ltr'><strong>tius</strong></span> <span class='ocrx_word' id='word_1_641' title='bbox 2270 3316 2468 3385; x_wconf 88' lang='lat' dir='ltr'><strong>aliquis</strong></span> <span class='ocrx_word' id='word_1_642' title='bbox 2491 3318 2934 3386; x_wconf 90' lang='lat' dir='ltr'><strong>patrocinabitur</strong></span> <span class='ocrx_word' id='word_1_643' title='bbox 2962 3319 3191 3389; x_wconf 89' lang='lat' dir='ltr'><strong>reliquo,</strong></span> <span class='ocrx_word' id='word_1_644' title='bbox 3226 3321 3414 3375; x_wconf 89' lang='lat' dir='ltr'><strong>dicens</strong></span> <span class='ocrx_word' id='word_1_645' title='bbox 3463 3320 3577 3375; x_wconf 79' lang='lat' dir='ltr'><strong>fieri</strong></span> <span class='ocrx_word' id='word_1_646' title='bbox 3605 3336 3712 3376; x_wconf 93' lang='lat' dir='ltr'><strong>non</strong></span> 
     </span>
    </p>
   </div>
   <div class='ocr_carea' id='block_1_80' title="bbox 2136 3406 3713 3479">
    <p class='ocr_par' dir='ltr' id='par_1_80' title="bbox 2136 3406 3713 3479">
     <span class='ocr_line' id='line_1_80' title="bbox 2136 3406 3713 3479; baseline 0.003 -20"><span class='ocrx_word' id='word_1_647' title='bbox 2136 3420 2297 3473; x_wconf 81' lang='lat' dir='ltr'><strong>posse</strong></span> <span class='ocrx_word' id='word_1_648' title='bbox 2327 3415 2386 3459; x_wconf 94' lang='lat' dir='ltr'><strong>nt</strong></span> <span class='ocrx_word' id='word_1_649' title='bbox 2411 3406 2626 3474; x_wconf 90' lang='lat' dir='ltr'><strong>aliquod</strong></span> <span class='ocrx_word' id='word_1_650' title='bbox 2652 3408 2852 3461; x_wconf 90' lang='lat' dir='ltr'><strong>animal</strong></span> <span class='ocrx_word' id='word_1_651' title='bbox 2891 3409 3120 3465; x_wconf 84' lang='lat' dir='ltr'><strong>rat-iouis</strong></span> <span class='ocrx_word' id='word_1_652' title='bbox 3149 3425 3371 3479; x_wconf 87' lang='lat' dir='ltr'><strong>compos</strong></span> <span class='ocrx_word' id='word_1_653' title='bbox 3398 3411 3473 3464; x_wconf 88' lang='lat' dir='ltr'><strong>ita</strong></span> <span class='ocrx_word' id='word_1_654' title='bbox 3510 3411 3576 3465; x_wconf 88' lang='lat' dir='ltr'><strong>de</strong></span> <span class='ocrx_word' id='word_1_655' title='bbox 3594 3427 3713 3464; x_wconf 87' lang='lat' dir='ltr'><strong>om-</strong></span> 
     </span>
    </p>
   </div>
   <div class='ocr_carea' id='block_1_81' title="bbox 2136 3495 3714 3566">
    <p class='ocr_par' dir='ltr' id='par_1_81' title="bbox 2136 3495 3714 3566">
     <span class='ocr_line' id='line_1_81' title="bbox 2136 3495 3714 3566; baseline 0.003 -16"><span class='ocrx_word' id='word_1_656' title='bbox 2136 3496 2294 3550; x_wconf 90' lang='lat' dir='ltr'><strong>nibus</strong></span> <span class='ocrx_word' id='word_1_657' title='bbox 2330 3496 2465 3551; x_wconf 74' lang='lat' dir='ltr'><strong>falsa</strong></span> <span class='ocrx_word' id='word_1_658' title='bbox 2489 3495 2762 3564; x_wconf 88' lang='lat' dir='ltr'><strong>opinetur,</strong></span> <span class='ocrx_word' id='word_1_659' title='bbox 2805 3507 2865 3553; x_wconf 88' lang='lat' dir='ltr'><strong>ut</strong></span> <span class='ocrx_word' id='word_1_660' title='bbox 2914 3500 2981 3555; x_wconf 88' lang='lat' dir='ltr'><strong>de</strong></span> <span class='ocrx_word' id='word_1_661' title='bbox 3009 3514 3066 3554; x_wconf 90' lang='lat' dir='ltr'><strong>re</strong></span> <span class='ocrx_word' id='word_1_662' title='bbox 3100 3501 3264 3566; x_wconf 87' lang='lat' dir='ltr'><strong>nulla,</strong></span> <span class='ocrx_word' id='word_1_663' title='bbox 3309 3500 3503 3555; x_wconf 86' lang='lat' dir='ltr'><strong>saltem</strong></span> <span class='ocrx_word' id='word_1_664' title='bbox 3546 3502 3714 3554; x_wconf 85' lang='lat' dir='ltr'><strong>imbe-</strong></span> 
     </span>
    </p>
   </div>
   <div class='ocr_carea' id='block_1_82' title="bbox 2135 3587 3771 3663">
    <p class='ocr_par' dir='ltr' id='par_1_82' title="bbox 2135 3587 3771 3663">
     <span class='ocr_line' id='line_1_82' title="bbox 2135 3587 3771 3663; baseline 0.002 -20"><span class='ocrx_word' id='word_1_665' title='bbox 2135 3587 2353 3652; x_wconf 89' lang='lat' dir='ltr'><strong>cilliter,</strong></span> <span class='ocrx_word' id='word_1_666' title='bbox 2372 3588 2573 3659; x_wconf 79' lang='lat' dir='ltr'><strong>cogitet</strong></span> <span class='ocrx_word' id='word_1_667' title='bbox 2587 3604 2794 3644; x_wconf 89' lang='lat' dir='ltr'><strong>verum.</strong></span> <span class='ocrx_word' id='word_1_668' title='bbox 2821 3589 2956 3644; x_wconf 86' lang='lat' dir='ltr'><strong>Nam</strong></span> <span class='ocrx_word' id='word_1_669' title='bbox 2979 3593 3202 3646; x_wconf 90' lang='lat' dir='ltr'><strong>omnino</strong></span> <span class='ocrx_word' id='word_1_670' title='bbox 3218 3591 3406 3646; x_wconf 86' lang='lat' dir='ltr'><strong>saltem</strong></span> <span class='ocrx_word' id='word_1_671' title='bbox 3431 3593 3530 3647; x_wconf 89' lang='lat' dir='ltr'><strong>hoc</strong></span> <span class='ocrx_word' id='word_1_672' title='bbox 3549 3591 3712 3663; x_wconf 67' lang='grc'><strong>345</strong></span> <span class='ocrx_word' id='word_1_673' title='bbox 3755 3610 3771 3632; x_wconf 76' lang='grc' dir='ltr'><strong>ι</strong></span> 
     </span>
    </p>
   </div>
   <div class='ocr_carea' id='block_1_83' title="bbox 2134 3679 3712 3752">
    <p class='ocr_par' dir='ltr' id='par_1_83' title="bbox 2134 3679 3712 3752">
     <span class='ocr_line' id='line_1_83' title="bbox 2134 3679 3712 3752; baseline 0.003 -19"><span class='ocrx_word' id='word_1_674' title='bbox 2134 3679 2382 3734; x_wconf 85' lang='lat' dir='ltr'><strong>diabolus</strong></span> <span class='ocrx_word' id='word_1_675' title='bbox 2424 3680 2614 3750; x_wconf 68' lang='lat' dir='ltr'><strong>dogma</strong></span> <span class='ocrx_word' id='word_1_676' title='bbox 2652 3696 2836 3735; x_wconf 85' lang='lat' dir='ltr'><strong>verum</strong></span> <span class='ocrx_word' id='word_1_677' title='bbox 2861 3681 3043 3746; x_wconf 88' lang='lat' dir='ltr'><strong>habet,</strong></span> <span class='ocrx_word' id='word_1_678' title='bbox 3062 3683 3202 3751; x_wconf 89' lang='lat' dir='ltr'><strong>quod</strong></span> <span class='ocrx_word' id='word_1_679' title='bbox 3220 3683 3456 3752; x_wconf 85' lang='lat' dir='ltr'><strong>seipsum</strong></span> <span class='ocrx_word' id='word_1_680' title='bbox 3487 3685 3712 3738; x_wconf 87' lang='lat' dir='ltr'><strong>rationis</strong></span> 
     </span>
    </p>
   </div>
   <div class='ocr_carea' id='block_1_84' title="bbox 2135 3773 3704 3845">
    <p class='ocr_par' dir='ltr' id='par_1_84' title="bbox 2135 3773 3704 3845">
     <span class='ocr_line' id='line_1_84' title="bbox 2135 3773 3704 3845; baseline 0.001 -20"><span class='ocrx_word' id='word_1_681' title='bbox 2135 3782 2437 3841; x_wconf 87' lang='lat' dir='ltr'><strong>compotem</strong></span> <span class='ocrx_word' id='word_1_682' title='bbox 2458 3787 2580 3828; x_wconf 88' lang='lat' dir='ltr'><strong>esse</strong></span> <span class='ocrx_word' id='word_1_683' title='bbox 2613 3773 2897 3844; x_wconf 82' lang='lat' dir='ltr'><strong>intelligit;</strong></span> <span class='ocrx_word' id='word_1_684' title='bbox 2946 3775 3201 3845; x_wconf 88' lang='lat' dir='ltr'><strong>quodque</strong></span> <span class='ocrx_word' id='word_1_685' title='bbox 3221 3776 3342 3831; x_wconf 90' lang='lat' dir='ltr'><strong>talis</strong></span> <span class='ocrx_word' id='word_1_686' title='bbox 3361 3775 3523 3830; x_wconf 88' lang='lat' dir='ltr'><strong>etiam</strong></span> <span class='ocrx_word' id='word_1_687' title='bbox 3543 3776 3704 3828; x_wconf 90' lang='lat' dir='ltr'><strong>homo</strong></span> 
     </span>
    </p>
   </div>
   <div class='ocr_carea' id='block_1_85' title="bbox 2135 3856 3706 3936">
    <p class='ocr_par' dir='ltr' id='par_1_85' title="bbox 2135 3856 3706 3936">
     <span class='ocr_line' id='line_1_85' title="bbox 2135 3856 3706 3936; baseline 0.003 -20"><span class='ocrx_word' id='word_1_688' title='bbox 2135 3856 2241 3924; x_wconf 81' lang='lat' dir='ltr'><strong>est,</strong></span> <span class='ocrx_word' id='word_1_689' title='bbox 2270 3862 2565 3932; x_wconf 83' lang='lat' dir='ltr'><strong>itidemque</strong></span> <span class='ocrx_word' id='word_1_690' title='bbox 2601 3862 2858 3932; x_wconf 76' lang='lat' dir='ltr'><strong>angelus;</strong></span> <span class='ocrx_word' id='word_1_691' title='bbox 2888 3868 3142 3934; x_wconf 91' lang='lat' dir='ltr'><strong>quodque</strong></span> <span class='ocrx_word' id='word_1_692' title='bbox 3175 3880 3372 3936; x_wconf 88' lang='lat' dir='ltr'><strong>corpus</strong></span> <span class='ocrx_word' id='word_1_693' title='bbox 3390 3872 3474 3920; x_wconf 88' lang='lat' dir='ltr'><strong>est</strong></span> <span class='ocrx_word' id='word_1_694' title='bbox 3514 3865 3619 3920; x_wconf 90' lang='lat' dir='ltr'><strong>tale</strong></span> <span class='ocrx_word' id='word_1_695' title='bbox 3648 3873 3706 3920; x_wconf 88' lang='lat' dir='ltr'><strong>et</strong></span> 
     </span>
    </p>
   </div>
   <div class='ocr_carea' id='block_1_86' title="bbox 2137 3953 3709 4026">
    <p class='ocr_par' dir='ltr' id='par_1_86' title="bbox 2137 3953 3709 4026">
     <span class='ocr_line' id='line_1_86' title="bbox 2137 3953 3709 4026; baseline 0.003 -20"><span class='ocrx_word' id='word_1_696' title='bbox 2137 3953 2298 4024; x_wconf 86' lang='lat' dir='ltr'><strong>quale</strong></span> <span class='ocrx_word' id='word_1_697' title='bbox 2324 3969 2555 4022; x_wconf 89' lang='lat' dir='ltr'><strong>corpus;</strong></span> <span class='ocrx_word' id='word_1_698' title='bbox 2576 3964 2633 4008; x_wconf 90' lang='lat' dir='ltr'><strong>et</strong></span> <span class='ocrx_word' id='word_1_699' title='bbox 2652 3954 2797 4008; x_wconf 89' lang='lat' dir='ltr'><strong>aliud</strong></span> <span class='ocrx_word' id='word_1_700' title='bbox 2816 3956 3067 4024; x_wconf 90' lang='lat' dir='ltr'><strong>quiddam</strong></span> <span class='ocrx_word' id='word_1_701' title='bbox 3092 3972 3123 4011; x_wconf 88' lang='lat' dir='ltr'><strong>a</strong></span> <span class='ocrx_word' id='word_1_702' title='bbox 3153 3971 3380 4026; x_wconf 90' lang='lat' dir='ltr'><strong>corpore</strong></span> <span class='ocrx_word' id='word_1_703' title='bbox 3410 3957 3709 4011; x_wconf 87' lang='lat' dir='ltr'><strong>diversum.</strong></span> 
     </span>
    </p>
   </div>
   <div class='ocr_carea' id='block_1_87' title="bbox 2138 4046 3710 4116">
    <p class='ocr_par' dir='ltr' id='par_1_87' title="bbox 2138 4046 3710 4116">
     <span class='ocr_line' id='line_1_87' title="bbox 2138 4046 3710 4116; baseline 0.001 -14"><span class='ocrx_word' id='word_1_704' title='bbox 2138 4046 2243 4102; x_wconf 87' lang='lat' dir='ltr'><strong>Sed</strong></span> <span class='ocrx_word' id='word_1_705' title='bbox 2261 4057 2319 4101; x_wconf 92' lang='lat' dir='ltr'><strong>ut</strong></span> <span class='ocrx_word' id='word_1_706' title='bbox 2337 4057 2666 4116; x_wconf 89' lang='lat' dir='ltr'><strong>postremum</strong></span> <span class='ocrx_word' id='word_1_707' title='bbox 2690 4062 2794 4102; x_wconf 93' lang='lat' dir='ltr'><strong>non</strong></span> <span class='ocrx_word' id='word_1_708' title='bbox 2809 4049 2975 4114; x_wconf 90' lang='lat' dir='ltr'><strong>dicat,</strong></span> <span class='ocrx_word' id='word_1_709' title='bbox 2993 4065 3091 4105; x_wconf 90' lang='lat' dir='ltr'><strong>nec</strong></span> <span class='ocrx_word' id='word_1_710' title='bbox 3104 4051 3430 4116; x_wconf 88' lang='lat' dir='ltr'><strong>consideret;</strong></span> <span class='ocrx_word' id='word_1_711' title='bbox 3449 4060 3505 4105; x_wconf 90' lang='lat' dir='ltr'><strong>at</strong></span> <span class='ocrx_word' id='word_1_712' title='bbox 3520 4050 3710 4104; x_wconf 89' lang='lat' dir='ltr'><strong>saltem</strong></span> 
     </span>
    </p>
   </div>
   <div class='ocr_carea' id='block_1_88' title="bbox 2138 4139 3715 4214">
    <p class='ocr_par' dir='ltr' id='par_1_88' title="bbox 2138 4139 3715 4214">
     <span class='ocr_line' id='line_1_88' title="bbox 2138 4139 3715 4214; baseline 0.003 -22"><span class='ocrx_word' id='word_1_713' title='bbox 2138 4139 2273 4193; x_wconf 90' lang='lat' dir='ltr'><strong>satis</strong></span> <span class='ocrx_word' id='word_1_714' title='bbox 2295 4149 2419 4193; x_wconf 90' lang='lat' dir='ltr'><strong>sunt</strong></span> <span class='ocrx_word' id='word_1_715' title='bbox 2440 4140 2635 4209; x_wconf 90' lang='lat' dir='ltr'><strong>prima,</strong></span> <span class='ocrx_word' id='word_1_716' title='bbox 2661 4151 2719 4195; x_wconf 92' lang='lat' dir='ltr'><strong>ut</strong></span> <span class='ocrx_word' id='word_1_717' title='bbox 2734 4155 2920 4196; x_wconf 87' lang='lat' dir='ltr'><strong>verum</strong></span> <span class='ocrx_word' id='word_1_718' title='bbox 2938 4156 3058 4197; x_wconf 85' lang='lat' dir='ltr'><strong>esse</strong></span> <span class='ocrx_word' id='word_1_719' title='bbox 3073 4157 3177 4195; x_wconf 92' lang='lat' dir='ltr'><strong>non</strong></span> <span class='ocrx_word' id='word_1_720' title='bbox 3198 4145 3368 4210; x_wconf 89' lang='lat' dir='ltr'><strong>possit</strong></span> <span class='ocrx_word' id='word_1_721' title='bbox 3383 4142 3449 4196; x_wconf 90' lang='lat' dir='ltr'><strong>dc</strong></span> <span class='ocrx_word' id='word_1_722' title='bbox 3465 4157 3550 4205; x_wconf 89' lang='lat' dir='ltr'><strong>eo,</strong></span> <span class='ocrx_word' id='word_1_723' title='bbox 3575 4141 3715 4214; x_wconf 85' lang='lat' dir='ltr'><strong>quod</strong></span> 
     </span>
    </p>
   </div>
   <div class='ocr_carea' id='block_1_89' title="bbox 2150 4231 3710 4305">
    <p class='ocr_par' dir='ltr' id='par_1_89' title="bbox 2150 4231 3710 4305">
     <span class='ocr_line' id='line_1_89' title="bbox 2150 4231 3710 4305; baseline -0.005 -15"><span class='ocrx_word' id='word_1_724' title='bbox 2150 4231 2283 4290; x_wconf 80' lang='lat' dir='ltr'><strong>nihil</strong></span> <span class='ocrx_word' id='word_1_725' title='bbox 2320 4232 2432 4286; x_wconf 80' lang='lat' dir='ltr'><strong>veri</strong></span> <span class='ocrx_word' id='word_1_726' title='bbox 2470 4234 2685 4305; x_wconf 79' lang='lat' dir='ltr'><strong>cogitat.</strong></span> <span class='ocrx_word' id='word_1_727' title='bbox 2755 4232 2933 4303; x_wconf 82' lang='lat' dir='ltr'><strong>Atque</strong></span> <span class='ocrx_word' id='word_1_728' title='bbox 2965 4248 3063 4286; x_wconf 88' lang='lat' dir='ltr'><strong>nos</strong></span> <span class='ocrx_word' id='word_1_729' title='bbox 3086 4232 3304 4301; x_wconf 87' lang='lat' dir='ltr'><strong>quidem</strong></span> <span class='ocrx_word' id='word_1_730' title='bbox 3340 4232 3710 4297; x_wconf 81' lang='lat' dir='ltr'><strong>hocdictutn,</strong></span> 
     </span>
    </p>
   </div>
   <div class='ocr_carea' id='block_1_90' title="bbox 2136 4320 3707 4391">
    <p class='ocr_par' dir='ltr' id='par_1_90' title="bbox 2136 4320 3707 4391">
     <span class='ocr_line' id='line_1_90' title="bbox 2136 4320 3707 4391; baseline 0.001 -20"><span class='ocrx_word' id='word_1_731' title='bbox 2136 4320 2192 4373; x_wconf 83' lang='lat' dir='ltr'><strong>in</strong></span> <span class='ocrx_word' id='word_1_732' title='bbox 2240 4320 2458 4374; x_wconf 77' lang='lat' dir='ltr'><strong>veritate</strong></span> <span class='ocrx_word' id='word_1_733' title='bbox 2502 4336 2607 4374; x_wconf 85' lang='lat' dir='ltr'><strong>non</strong></span> <span class='ocrx_word' id='word_1_734' title='bbox 2656 4323 2822 4387; x_wconf 74' lang='lat' dir='ltr'><strong>stetit,</strong></span> <span class='ocrx_word' id='word_1_735' title='bbox 2870 4323 3227 4391; x_wconf 80' lang='lat' dir='ltr'><strong>intelligimus</strong></span> <span class='ocrx_word' id='word_1_736' title='bbox 3283 4336 3392 4376; x_wconf 92' lang='lat' dir='ltr'><strong>non</strong></span> <span class='ocrx_word' id='word_1_737' title='bbox 3448 4331 3707 4389; x_wconf 85' lang='lat' dir='ltr'><strong>tanquam</strong></span> 
     </span>
    </p>
   </div>
   <div class='ocr_carea' id='block_1_91' title="bbox 2136 4410 3707 4482">
    <p class='ocr_par' dir='ltr' id='par_1_91' title="bbox 2136 4410 3707 4482">
     <span class='ocr_line' id='line_1_91' title="bbox 2136 4410 3707 4482; baseline 0 -19"><span class='ocrx_word' id='word_1_738' title='bbox 2136 4410 2486 4465; x_wconf 83' lang='lat' dir='ltr'><strong>ostendentes</strong></span> <span class='ocrx_word' id='word_1_739' title='bbox 2530 4421 2779 4465; x_wconf 89' lang='lat' dir='ltr'><strong>naturam</strong></span> <span class='ocrx_word' id='word_1_740' title='bbox 2827 4413 3015 4478; x_wconf 86' lang='lat' dir='ltr'><strong>talem,</strong></span> <span class='ocrx_word' id='word_1_741' title='bbox 3078 4426 3258 4482; x_wconf 91' lang='lat' dir='ltr'><strong>neque</strong></span> <span class='ocrx_word' id='word_1_742' title='bbox 3288 4412 3546 4469; x_wconf 88' lang='lat' dir='ltr'><strong>docentes</strong></span> <span class='ocrx_word' id='word_1_743' title='bbox 3591 4410 3707 4464; x_wconf 83' lang='lat' dir='ltr'><strong>ﬁeri</strong></span> 
     </span>
    </p>
   </div>
   <div class='ocr_carea' id='block_1_92' title="bbox 457 4499 2040 4573">
    <p class='ocr_par' dir='ltr' id='par_1_92' title="bbox 457 4499 2031 4573">
     <span class='ocr_line' id='line_1_92' title="bbox 457 4499 2031 4573; baseline -0.001 -19"><span class='ocrx_word' id='word_1_744' title='bbox 457 4500 558 4572; x_wconf 84' lang='grc' dir='ltr'>τῆς</span> <span class='ocrx_word' id='word_1_745' title='bbox 589 4500 845 4572; x_wconf 86' lang='grc' dir='ltr'>ἀληθείας</span> <span class='ocrx_word' id='word_1_746' title='bbox 872 4504 905 4573; x_wconf 80' lang='grc' dir='ltr'>ἡ</span> <span class='ocrx_word' id='word_1_747' title='bbox 936 4501 1096 4571; x_wconf 80' lang='grc' dir='ltr'>φύσις</span> <span class='ocrx_word' id='word_1_748' title='bbox 1124 4503 1269 4556; x_wconf 75' lang='grc' dir='ltr'>ἐστὶν</span> <span class='ocrx_word' id='word_1_749' title='bbox 1299 4501 1484 4565; x_wconf 80' lang='grc' dir='ltr'>αὐτοῦ,</span> <span class='ocrx_word' id='word_1_750' title='bbox 1521 4500 1636 4555; x_wconf 88' lang='grc' dir='ltr'>ἀλλ’</span> <span class='ocrx_word' id='word_1_751' title='bbox 1665 4502 1733 4554; x_wconf 80' lang='grc' dir='ltr'><strong>ὲκ</strong></span> <span class='ocrx_word' id='word_1_752' title='bbox 1761 4499 1856 4552; x_wconf 90' lang='grc' dir='ltr'><strong>τοῦ</strong></span> <span class='ocrx_word' id='word_1_753' title='bbox 1878 4501 2031 4553; x_wconf 79' lang='grc' dir='ltr'>ἐναν-</span> 
     </span>
    </p>
   </div>
   <div class='ocr_carea' id='block_1_93' title="bbox 2135 4499 3707 4573">
    <p class='ocr_par' dir='ltr' id='par_1_93' title="bbox 2138 4501 3707 4573">
     <span class='ocr_line' id='line_1_93' title="bbox 2138 4501 3707 4573; baseline -0.001 -19"><span class='ocrx_word' id='word_1_754' title='bbox 2138 4517 2242 4555; x_wconf 91' lang='lat' dir='ltr'><strong>non</strong></span> <span class='ocrx_word' id='word_1_755' title='bbox 2270 4517 2430 4571; x_wconf 87' lang='lat' dir='ltr'><strong>posse</strong></span> <span class='ocrx_word' id='word_1_756' title='bbox 2453 4513 2512 4557; x_wconf 93' lang='lat' dir='ltr'><strong>ut</strong></span> <span class='ocrx_word' id='word_1_757' title='bbox 2536 4504 2652 4573; x_wconf 82' lang='lat' dir='ltr'><strong>ipse</strong></span> <span class='ocrx_word' id='word_1_758' title='bbox 2675 4514 2784 4559; x_wconf 89' lang='lat' dir='ltr'><strong>stet</strong></span> <span class='ocrx_word' id='word_1_759' title='bbox 2803 4506 2857 4558; x_wconf 93' lang='lat' dir='ltr'><strong>in</strong></span> <span class='ocrx_word' id='word_1_760' title='bbox 2893 4506 3145 4561; x_wconf 86' lang='lat' dir='ltr'><strong>veritate.</strong></span> <span class='ocrx_word' id='word_1_761' title='bbox 3173 4503 3476 4560; x_wconf 85' lang='lat' dir='ltr'><strong>Heracleon</strong></span> <span class='ocrx_word' id='word_1_762' title='bbox 3500 4517 3631 4556; x_wconf 86' lang='lat' dir='ltr'><strong>vero</strong></span> <span class='ocrx_word' id='word_1_763' title='bbox 3653 4501 3707 4553; x_wconf 93' lang='lat' dir='ltr'><strong>in</strong></span> 
     </span>
    </p>
   </div>
   <div class='ocr_carea' id='block_1_94' title="bbox 456 4592 2033 4665">
    <p class='ocr_par' dir='ltr' id='par_1_94' title="bbox 456 4592 2033 4665">
     <span class='ocr_line' id='line_1_94' title="bbox 456 4592 2033 4665; baseline -0.002 -18"><span class='ocrx_word' id='word_1_764' title='bbox 456 4593 576 4647; x_wconf 81' lang='grc' dir='ltr'>τίου</span> <span class='ocrx_word' id='word_1_765' title='bbox 622 4597 688 4664; x_wconf 81' lang='grc' dir='ltr'>τῇ</span> <span class='ocrx_word' id='word_1_766' title='bbox 720 4593 967 4665; x_wconf 81' lang='grc' dir='ltr'>ἀληθείᾳ,</span> <span class='ocrx_word' id='word_1_767' title='bbox 1019 4597 1083 4648; x_wconf 81' lang='grc' dir='ltr'><strong>ἐκ</strong></span> <span class='ocrx_word' id='word_1_768' title='bbox 1116 4594 1325 4665; x_wconf 84' lang='grc' dir='ltr'>πλάνης</span> <span class='ocrx_word' id='word_1_769' title='bbox 1352 4596 1447 4648; x_wconf 69' lang='grc' dir='ltr'><strong>καὶ</strong></span> <span class='ocrx_word' id='word_1_770' title='bbox 1475 4593 1717 4662; x_wconf 78' lang='grc' dir='ltr'>ἀγνοίαςο</span> <span class='ocrx_word' id='word_1_771' title='bbox 1759 4592 1838 4646; x_wconf 85' lang='grc' dir='ltr'>διό</span> <span class='ocrx_word' id='word_1_772' title='bbox 1867 4607 2033 4662; x_wconf 80' lang='grc' dir='ltr'>φησιν</span> 
     </span>
    </p>
   </div>
   <div class='ocr_carea' id='block_1_95' title="bbox 455 4682 2032 4757">
    <p class='ocr_par' dir='ltr' id='par_1_95' title="bbox 455 4682 2032 4757">
     <span class='ocr_line' id='line_1_95' title="bbox 455 4682 2032 4757; baseline 0 -22"><span class='ocrx_word' id='word_1_773' title='bbox 455 4682 579 4736; x_wconf 76' lang='grc' dir='ltr'>οὔτε</span> <span class='ocrx_word' id='word_1_774' title='bbox 618 4685 807 4755; x_wconf 84' lang='grc' dir='ltr'>στῆναι</span> <span class='ocrx_word' id='word_1_775' title='bbox 840 4687 898 4738; x_wconf 85' lang='grc' dir='ltr'><strong>ὲν</strong></span> <span class='ocrx_word' id='word_1_776' title='bbox 919 4685 1165 4757; x_wconf 84' lang='grc' dir='ltr'>ἀληθείᾳ,</span> <span class='ocrx_word' id='word_1_777' title='bbox 1194 4685 1318 4739; x_wconf 76' lang='grc' dir='ltr'>οὔτε</span> <span class='ocrx_word' id='word_1_778' title='bbox 1349 4687 1494 4755; x_wconf 87' lang='grc' dir='ltr'>σχεῖν</span> <span class='ocrx_word' id='word_1_779' title='bbox 1517 4687 1574 4737; x_wconf 82' lang='grc' dir='ltr'><strong>ἐν</strong></span> <span class='ocrx_word' id='word_1_780' title='bbox 1597 4683 1746 4753; x_wconf 83' lang='grc' dir='ltr'>αὐτῷ</span> <span class='ocrx_word' id='word_1_781' title='bbox 1773 4682 2032 4753; x_wconf 77' lang='grc' dir='ltr'>ἀλήθειαν</span> 
     </span>
    </p>
   </div>
   <div class='ocr_carea' id='block_1_96' title="bbox 456 4773 2027 4848">
    <p class='ocr_par' dir='ltr' id='par_1_96' title="bbox 456 4773 2027 4848">
     <span class='ocr_line' id='line_1_96' title="bbox 456 4773 2027 4848; baseline -0.002 -20"><span class='ocrx_word' id='word_1_782' title='bbox 456 4774 701 4840; x_wconf 87' lang='grc' dir='ltr'>δύναται,</span> <span class='ocrx_word' id='word_1_783' title='bbox 728 4778 793 4830; x_wconf 83' lang='grc' dir='ltr'>ὲκ</span> <span class='ocrx_word' id='word_1_784' title='bbox 816 4778 915 4848; x_wconf 80' lang='grc' dir='ltr'>τῆς</span> <span class='ocrx_word' id='word_1_785' title='bbox 944 4776 1108 4831; x_wconf 78' lang='grc' dir='ltr'>αὐτοῦ</span> <span class='ocrx_word' id='word_1_786' title='bbox 1139 4777 1352 4848; x_wconf 81' lang='grc' dir='ltr'>φύσεως</span> <span class='ocrx_word' id='word_1_787' title='bbox 1384 4778 1514 4831; x_wconf 70' lang='grc' dir='ltr'>ἴδιον</span> <span class='ocrx_word' id='word_1_788' title='bbox 1546 4776 1686 4847; x_wconf 80' lang='grc' dir='ltr'>ἔχων</span> <span class='ocrx_word' id='word_1_789' title='bbox 1715 4775 1777 4828; x_wconf 84' lang='grc' dir='ltr'><strong>τὸ</strong></span> <span class='ocrx_word' id='word_1_790' title='bbox 1815 4773 2027 4844; x_wconf 75' lang='grc' dir='ltr'>ψεῦδος,</span> 
     </span>
    </p>
   </div>
   <div class='ocr_carea' id='block_1_97' title="bbox 458 4867 2030 4942">
    <p class='ocr_par' dir='ltr' id='par_1_97' title="bbox 458 4867 2030 4942">
     <span class='ocr_line' id='line_1_97' title="bbox 458 4867 2030 4942; baseline -0.011 -7"><span class='ocrx_word' id='word_1_791' title='bbox 458 4868 701 4937; x_wconf 77' lang='grc' dir='ltr'>φυσικῶς</span> <span class='ocrx_word' id='word_1_792' title='bbox 726 4870 799 4942; x_wconf 82' lang='grc' dir='ltr'>μὴ</span> <span class='ocrx_word' id='word_1_793' title='bbox 820 4871 1114 4942; x_wconf 82' lang='grc' dir='ltr'>δυνάμενός</span> <span class='ocrx_word' id='word_1_794' title='bbox 1132 4888 1261 4924; x_wconf 83' lang='grc' dir='ltr'>ποτε</span> <span class='ocrx_word' id='word_1_795' title='bbox 1277 4871 1531 4942; x_wconf 82' lang='grc' dir='ltr'>ἀλήθειαν</span> <span class='ocrx_word' id='word_1_796' title='bbox 1547 4872 1736 4922; x_wconf 79' lang='grc' dir='ltr'>εἰπεῖν·</span> <span class='ocrx_word' id='word_1_797' title='bbox 1760 4868 1902 4935; x_wconf 83' lang='grc' dir='ltr'>λέγω</span> <span class='ocrx_word' id='word_1_798' title='bbox 1919 4867 2030 4937; x_wconf 69' lang='grc'>(84)</span> 
     </span>
    </p>
   </div>
   <div class='ocr_carea' id='block_1_98' title="bbox 453 4959 2031 5034">
    <p class='ocr_par' dir='ltr' id='par_1_98' title="bbox 453 4959 2031 5034">
     <span class='ocr_line' id='line_1_98' title="bbox 453 4959 2031 5034; baseline -0.001 -21"><span class='ocrx_word' id='word_1_799' title='bbox 453 4959 499 5013; x_wconf 79' lang='grc' dir='ltr'>δ’</span> <span class='ocrx_word' id='word_1_800' title='bbox 529 4961 609 5014; x_wconf 84' lang='grc' dir='ltr'>ὅτι</span> <span class='ocrx_word' id='word_1_801' title='bbox 630 4961 691 5014; x_wconf 78' lang='grc' dir='ltr'><strong>οὐ</strong></span> <span class='ocrx_word' id='word_1_802' title='bbox 726 4962 884 5032; x_wconf 80' lang='grc' dir='ltr'>μόνος</span> <span class='ocrx_word' id='word_1_803' title='bbox 910 4964 1075 5026; x_wconf 84' lang='grc' dir='ltr'>αὐτὸς</span> <span class='ocrx_word' id='word_1_804' title='bbox 1099 4964 1337 5034; x_wconf 76' lang='grc' dir='ltr'>ψεύστης</span> <span class='ocrx_word' id='word_1_805' title='bbox 1360 4962 1530 5028; x_wconf 76' lang='grc' dir='ltr'>ἐστὶν,</span> <span class='ocrx_word' id='word_1_806' title='bbox 1560 4961 1696 5016; x_wconf 83' lang='grc' dir='ltr'><strong>ἀλλά</strong></span> <span class='ocrx_word' id='word_1_807' title='bbox 1733 4961 1828 5014; x_wconf 82' lang='grc' dir='ltr'><strong>καὶ</strong></span> <span class='ocrx_word' id='word_1_808' title='bbox 1863 4962 1892 5013; x_wconf 87' lang='grc' dir='ltr'>ὁ</span> <span class='ocrx_word' id='word_1_809' title='bbox 1926 4976 2031 5012; x_wconf 81' lang='grc' dir='ltr'>πα-</span> 
     </span>
    </p>
   </div>
   <div class='ocr_carea' id='block_1_99' title="bbox 454 5050 2030 5125">
    <p class='ocr_par' dir='ltr' id='par_1_99' title="bbox 454 5050 2030 5125">
     <span class='ocr_line' id='line_1_99' title="bbox 454 5050 2030 5125; baseline 0 -21"><span class='ocrx_word' id='word_1_810' title='bbox 454 5050 559 5123; x_wconf 81' lang='grc' dir='ltr'>τὴρ</span> <span class='ocrx_word' id='word_1_811' title='bbox 588 5050 737 5122; x_wconf 78' lang='grc' dir='ltr'>αὐτῷ</span> <span class='ocrx_word' id='word_1_812' title='bbox 763 5052 907 5117; x_wconf 77' lang='grc' dir='ltr'>ἰδίως</span> <span class='ocrx_word' id='word_1_813' title='bbox 926 5053 1143 5125; x_wconf 78' lang='grc' dir='ltr'>(πατὴρ</span> <span class='ocrx_word' id='word_1_814' title='bbox 1157 5054 1344 5109; x_wconf 84' lang='grc' dir='ltr'>αὐτοῦ</span> <span class='ocrx_word' id='word_1_815' title='bbox 1371 5052 1728 5125; x_wconf 79' lang='grc' dir='ltr'>ἐκλαμϐάνων</span> <span class='ocrx_word' id='word_1_816' title='bbox 1748 5052 1849 5124; x_wconf 79' lang='grc' dir='ltr'>τὴν</span> <span class='ocrx_word' id='word_1_817' title='bbox 1869 5050 2030 5122; x_wconf 79' lang='grc' dir='ltr'>φύσιν</span> 
     </span>
    </p>
   </div>
   <div class='ocr_carea' id='block_1_100' title="bbox 522 5161 1594 5235">
    <p class='ocr_par' dir='ltr' id='par_1_100' title="bbox 522 5161 1594 5235">
     <span class='ocr_line' id='line_1_100' title="bbox 522 5161 1594 5235; baseline 0.006 -19"><span class='ocrx_word' id='word_1_818' title='bbox 522 5163 572 5197; x_wconf 67' lang='grc' dir='ltr'>θ’</span> <span class='ocrx_word' id='word_1_819' title='bbox 598 5161 758 5218; x_wconf 83' lang='lat' dir='ltr'><strong>Joan.</strong></span> <span class='ocrx_word' id='word_1_820' title='bbox 788 5181 905 5229; x_wconf 82' lang='lat' dir='ltr'><strong>vui,</strong></span> <span class='ocrx_word' id='word_1_821' title='bbox 943 5167 1033 5221; x_wconf 70' lang='grc'><strong>44.</strong></span> <span class='ocrx_word' id='word_1_822' title='bbox 1109 5167 1154 5199; x_wconf 75' lang='grc'><em>³³</em></span> <span class='ocrx_word' id='word_1_823' title='bbox 1176 5167 1334 5223; x_wconf 82' lang='lat' dir='ltr'><strong>Joan.</strong></span> <span class='ocrx_word' id='word_1_824' title='bbox 1388 5183 1501 5235; x_wconf 54' lang='grc' dir='ltr'>ειν,</span> <span class='ocrx_word' id='word_1_825' title='bbox 1542 5168 1594 5223; x_wconf 82' lang='grc'><strong>6.</strong></span> 
     </span>
    </p>
   </div>
   <div class='ocr_carea' id='block_1_101' title="bbox 523 5254 1702 5333">
    <p class='ocr_par' dir='ltr' id='par_1_101' title="bbox 523 5254 1702 5333">
     <span class='ocr_line' id='line_1_101' title="bbox 523 5254 1702 5333; baseline 0.011 -30"><span class='ocrx_word' id='word_1_826' title='bbox 659 5254 735 5333; x_wconf 59' lang='lat' dir='ltr'><strong>go</strong></span> <span class='ocrx_word' id='word_1_827' title='bbox 759 5264 836 5309; x_wconf 70' lang='lat' dir='ltr'><strong>te:</strong></span> <span class='ocrx_word' id='word_1_828' title='bbox 865 5257 1081 5333; x_wconf 41' lang='lat' dir='ltr'><strong>Regius:</strong></span> <span class='ocrx_word' id='word_1_829' title='bbox 1110 5262 1334 5333; x_wconf 81' lang='grc' dir='ltr'>πότερόν</span> <span class='ocrx_word' id='word_1_830' title='bbox 1366 5279 1496 5333; x_wconf 85' lang='grc' dir='ltr'>ποτε</span> <span class='ocrx_word' id='word_1_831' title='bbox 1528 5261 1702 5316; x_wconf 71' lang='grc' dir='ltr'>οὐδέν.</span> 
     </span>
    </p>
   </div>
   <div class='ocr_carea' id='block_1_102' title="bbox 524 5324 1637 5406">
    <p class='ocr_par' dir='ltr' id='par_1_102' title="bbox 524 5324 1637 5406">
     <span class='ocr_line' id='line_1_102' title="bbox 524 5324 1637 5406; baseline 0 0"><span class='ocrx_word' id='word_1_832' title='bbox 524 5327 638 5406; x_wconf 62' lang='lat' dir='ltr'><strong>ea</strong></span> <span class='ocrx_word' id='word_1_833' title='bbox 679 5324 819 5406; x_wconf 61' lang='grc' dir='ltr'><strong>ιίριη</strong></span> <span class='ocrx_word' id='word_1_834' title='bbox 851 5324 1019 5406; x_wconf 58' lang='lat' dir='ltr'><strong>nam</strong></span> <span class='ocrx_word' id='word_1_835' title='bbox 1045 5324 1265 5406; x_wconf 61' lang='lat' dir='ltr'><strong>senius;</strong></span> <span class='ocrx_word' id='word_1_836' title='bbox 1297 5333 1398 5406; x_wconf 72' lang='grc' dir='ltr'><strong>ὅσα</strong></span> <span class='ocrx_word' id='word_1_837' title='bbox 1420 5332 1637 5406; x_wconf 72' lang='grc' dir='ltr'><strong>δοξάςη.</strong></span> 
     </span>
    </p>
   </div>
   <div class='ocr_carea' id='block_1_103' title="bbox 524 5393 1825 5471">
    <p class='ocr_par' dir='ltr' id='par_1_103' title="bbox 524 5393 1825 5471">
     <span class='ocr_line' id='line_1_103' title="bbox 524 5393 1825 5471; baseline 0.002 -22"><span class='ocrx_word' id='word_1_838' title='bbox 524 5393 636 5471; x_wconf 64' lang='grc'>(89)</span> <span class='ocrx_word' id='word_1_839' title='bbox 663 5398 754 5471; x_wconf 68' lang='lat' dir='ltr'><strong>pb</strong></span> <span class='ocrx_word' id='word_1_840' title='bbox 772 5397 1028 5471; x_wconf 64' lang='grc' dir='ltr'>μετέχει.</span> <span class='ocrx_word' id='word_1_841' title='bbox 1062 5393 1329 5471; x_wconf 66' lang='grc' dir='ltr'>Ιιιῖξιιόίεθ</span> <span class='ocrx_word' id='word_1_842' title='bbox 1361 5393 1525 5471; x_wconf 73' lang='lat' dir='ltr'><strong>llegio</strong></span> <span class='ocrx_word' id='word_1_843' title='bbox 1552 5393 1701 5453; x_wconf 61' lang='lat' dir='ltr'><strong>deest</strong></span> <span class='ocrx_word' id='word_1_844' title='bbox 1741 5400 1825 5471; x_wconf 79' lang='grc' dir='ltr'>οὐ.</span> 
     </span>
    </p>
   </div>
   <div class='ocr_carea' id='block_1_104' title="bbox 451 5465 2027 5604">
    <p class='ocr_par' dir='ltr' id='par_1_104' title="bbox 451 5465 2027 5604">
     <span class='ocr_line' id='line_1_104' title="bbox 451 5465 2027 5604; baseline 0.001 -86"><span class='ocrx_word' id='word_1_845' title='bbox 451 5465 633 5604; x_wconf 49' lang='lat' dir='ltr'><strong>ﬂ$91)</strong></span> <span class='ocrx_word' id='word_1_846' title='bbox 654 5467 837 5520; x_wconf 77' lang='lat' dir='ltr'><strong>Codex</strong></span> <span class='ocrx_word' id='word_1_847' title='bbox 863 5467 1059 5537; x_wconf 71' lang='lat' dir='ltr'><strong>Regius</strong></span> <span class='ocrx_word' id='word_1_848' title='bbox 1092 5470 1233 5525; x_wconf 90' lang='lat' dir='ltr'><strong>male</strong></span> <span class='ocrx_word' id='word_1_849' title='bbox 1279 5465 1559 5526; x_wconf 60' lang='lat' dir='ltr'><strong>liabet&#39;xai.</strong></span> <span class='ocrx_word' id='word_1_850' title='bbox 1587 5471 1647 5523; x_wconf 84' lang='grc' dir='ltr'><strong>οὐ</strong></span> <span class='ocrx_word' id='word_1_851' title='bbox 1679 5469 1799 5522; x_wconf 83' lang='grc' dir='ltr'>καθ’</span> <span class='ocrx_word' id='word_1_852' title='bbox 1827 5469 1857 5522; x_wconf 87' lang='grc' dir='ltr'><strong>ὃ</strong></span> <span class='ocrx_word' id='word_1_853' title='bbox 1880 5469 2027 5520; x_wconf 78' lang='grc' dir='ltr'>ἐστιν</span> 
     </span>
     <span class='ocr_line' id='line_1_105' title="bbox 592 5552 698 5587; baseline -0.009 0"><span class='ocrx_word' id='word_1_854' title='bbox 592 5552 698 5587; x_wconf 89' lang='grc' dir='ltr'>εια.</span> 
     </span>
    </p>
   </div>
   <div class='ocr_carea' id='block_1_105' title="bbox 592 5552 698 5587">
    <p class='ocr_par' dir='ltr' id='par_1_105' title="bbox 592 5552 698 5587">
     <span class='ocr_line' id='line_1_106' title="bbox 592 5552 698 5587; baseline -0.009 0"><span class='ocrx_word' id='word_1_855' title='bbox 592 5552 698 5587; x_wconf 89' lang='grc' dir='ltr'>εια.</span> 
     </span>
    </p>
   </div>
   <div class='ocr_carea' id='block_1_106' title="bbox 522 5603 1787 5671">
    <p class='ocr_par' dir='ltr' id='par_1_106' title="bbox 522 5603 1787 5671">
     <span class='ocr_line' id='line_1_107' title="bbox 522 5603 1787 5671; baseline 0.002 -14"><span class='ocrx_word' id='word_1_856' title='bbox 522 5603 637 5671; x_wconf 65' lang='grc'>(82)</span> <span class='ocrx_word' id='word_1_857' title='bbox 663 5603 956 5657; x_wconf 77' lang='grc' dir='ltr'>Τοιοῦτον.</span> <span class='ocrx_word' id='word_1_858' title='bbox 995 5606 1158 5662; x_wconf 83' lang='lat' dir='ltr'><strong>Deest</strong></span> <span class='ocrx_word' id='word_1_859' title='bbox 1187 5609 1238 5663; x_wconf 90' lang='lat' dir='ltr'><strong>in</strong></span> <span class='ocrx_word' id='word_1_860' title='bbox 1266 5609 1449 5661; x_wconf 67' lang='lat' dir='ltr'><strong>codice</strong></span> <span class='ocrx_word' id='word_1_861' title='bbox 1473 5608 1787 5661; x_wconf 80' lang='lat' dir='ltr'><strong>Bodh-iano.</strong></span> 
     </span>
    </p>
   </div>
   <div class='ocr_carea' id='block_1_107' title="bbox 522 5674 2022 5747">
    <p class='ocr_par' dir='ltr' id='par_1_107' title="bbox 522 5674 2022 5747">
     <span class='ocr_line' id='line_1_108' title="bbox 522 5674 2022 5747; baseline 0.002 -20"><span class='ocrx_word' id='word_1_862' title='bbox 522 5674 775 5747; x_wconf 68' lang='lat' dir='ltr'><strong>(85)_Kai</strong></span> <span class='ocrx_word' id='word_1_863' title='bbox 801 5674 975 5747; x_wconf 74' lang='grc' dir='ltr'>ποιὸν</span> <span class='ocrx_word' id='word_1_864' title='bbox 1002 5678 1192 5747; x_wconf 80' lang='grc' dir='ltr'>σῶμα,</span> <span class='ocrx_word' id='word_1_865' title='bbox 1217 5678 1371 5731; x_wconf 76' lang='grc' dir='ltr'>ἄλλο</span> <span class='ocrx_word' id='word_1_866' title='bbox 1399 5677 1465 5731; x_wconf 82' lang='grc' dir='ltr'><strong>δέ</strong></span> <span class='ocrx_word' id='word_1_867' title='bbox 1493 5696 1548 5731; x_wconf 87' lang='grc' dir='ltr'><strong>τι</strong></span> <span class='ocrx_word' id='word_1_868' title='bbox 1583 5677 1788 5744; x_wconf 76' lang='grc' dir='ltr'>ἕτερον</span> <span class='ocrx_word' id='word_1_869' title='bbox 1826 5677 2022 5745; x_wconf 79' lang='grc' dir='ltr'>σώμα-</span> 
     </span>
    </p>
   </div>
   <div class='ocr_carea' id='block_1_108' title="bbox 450 5745 2020 5816">
    <p class='ocr_par' dir='ltr' id='par_1_108' title="bbox 450 5745 2020 5816">
     <span class='ocr_line' id='line_1_109' title="bbox 450 5745 2020 5816; baseline 0.004 -23"><span class='ocrx_word' id='word_1_870' title='bbox 450 5758 570 5816; x_wconf 66' lang='grc' dir='ltr'>τος.</span> <span class='ocrx_word' id='word_1_871' title='bbox 595 5745 835 5816; x_wconf 78' lang='lat' dir='ltr'><strong>Diximus</strong></span> <span class='ocrx_word' id='word_1_872' title='bbox 860 5746 911 5796; x_wconf 93' lang='lat' dir='ltr'><strong>in</strong></span> <span class='ocrx_word' id='word_1_873' title='bbox 942 5745 1274 5816; x_wconf 75' lang='lat' dir='ltr'><strong>Origénianis</strong></span> <span class='ocrx_word' id='word_1_874' title='bbox 1291 5763 1489 5816; x_wconf 79' lang='lat' dir='ltr'><strong>corpus</strong></span> <span class='ocrx_word' id='word_1_875' title='bbox 1513 5749 2020 5815; x_wconf 78' lang='lat' dir='ltr'><strong>angelisaliquando</strong></span> 
     </span>
    </p>
   </div>
   <div class='ocr_carea' id='block_1_109' title="bbox 449 5814 2015 5889">
    <p class='ocr_par' dir='ltr' id='par_1_109' title="bbox 449 5814 2015 5889">
     <span class='ocr_line' id='line_1_110' title="bbox 449 5814 2015 5889; baseline 0.004 -23"><span class='ocrx_word' id='word_1_876' title='bbox 449 5814 736 5875; x_wconf 80' lang='lat' dir='ltr'><strong>detrahere</strong></span> <span class='ocrx_word' id='word_1_877' title='bbox 768 5814 939 5873; x_wconf 83' lang='lat' dir='ltr'><strong>visum</strong></span> <span class='ocrx_word' id='word_1_878' title='bbox 970 5814 1089 5875; x_wconf 64' lang='lat' dir='ltr'><strong>ceae</strong></span> <span class='ocrx_word' id='word_1_879' title='bbox 1109 5814 1420 5889; x_wconf 75' lang='lat' dir='ltr'><strong>Origencni,</strong></span> <span class='ocrx_word' id='word_1_880' title='bbox 1453 5814 1599 5888; x_wconf 83' lang='lat' dir='ltr'><strong>quod</strong></span> <span class='ocrx_word' id='word_1_881' title='bbox 1628 5825 1734 5873; x_wconf 79' lang='lat' dir='ltr'><strong>tam</strong></span> <span class='ocrx_word' id='word_1_882' title='bbox 1773 5818 1916 5875; x_wconf 87' lang='lat' dir='ltr'><strong>tcuui</strong></span> <span class='ocrx_word' id='word_1_883' title='bbox 1953 5838 2015 5872; x_wconf 81' lang='lat' dir='ltr'><strong>ac</strong></span> 
     </span>
    </p>
   </div>
   <div class='ocr_carea' id='block_1_110' title="bbox 2138 4593 3711 4667">
    <p class='ocr_par' dir='ltr' id='par_1_110' title="bbox 2138 4593 3711 4667">
     <span class='ocr_line' id='line_1_111' title="bbox 2138 4593 3711 4667; baseline -0.002 -21"><span class='ocrx_word' id='word_1_884' title='bbox 2138 4593 2254 4647; x_wconf 77' lang='lat' dir='ltr'><strong>haec</strong></span> <span class='ocrx_word' id='word_1_885' title='bbox 2284 4593 2463 4663; x_wconf 88' lang='lat' dir='ltr'><strong>inquit</strong></span> <span class='ocrx_word' id='word_1_886' title='bbox 2501 4595 2605 4654; x_wconf 81' lang='lat' dir='ltr'><strong>hoc</strong></span> <span class='ocrx_word' id='word_1_887' title='bbox 2636 4613 2650 4648; x_wconf 90' lang='lat'><strong>:</strong></span> <span class='ocrx_word' id='word_1_888' title='bbox 2688 4612 2707 4646; x_wconf 78' lang='grc' dir='ltr'><strong>ι</strong></span> <span class='ocrx_word' id='word_1_889' title='bbox 2746 4595 2949 4650; x_wconf 85' lang='lat' dir='ltr'><strong>Natura</strong></span> <span class='ocrx_word' id='word_1_890' title='bbox 2989 4598 3136 4652; x_wconf 82' lang='lat' dir='ltr'><strong>enim</strong></span> <span class='ocrx_word' id='word_1_891' title='bbox 3171 4596 3340 4667; x_wconf 89' lang='lat' dir='ltr'><strong>ipsius</strong></span> <span class='ocrx_word' id='word_1_892' title='bbox 3380 4611 3446 4650; x_wconf 82' lang='lat' dir='ltr'><strong>ex</strong></span> <span class='ocrx_word' id='word_1_893' title='bbox 3480 4594 3711 4647; x_wconf 78' lang='lat' dir='ltr'><strong>veritate</strong></span> 
     </span>
    </p>
   </div>
   <div class='ocr_carea' id='block_1_111' title="bbox 2139 4682 3707 4755">
    <p class='ocr_par' dir='ltr' id='par_1_111' title="bbox 2139 4682 3707 4755">
     <span class='ocr_line' id='line_1_112' title="bbox 2139 4682 3707 4755; baseline -0.001 -17"><span class='ocrx_word' id='word_1_894' title='bbox 2139 4699 2244 4739; x_wconf 92' lang='lat' dir='ltr'><strong>non</strong></span> <span class='ocrx_word' id='word_1_895' title='bbox 2274 4694 2380 4745; x_wconf 83' lang='lat' dir='ltr'><strong>est.</strong></span> <span class='ocrx_word' id='word_1_896' title='bbox 2411 4686 2504 4739; x_wconf 87' lang='lat' dir='ltr'><strong>sed</strong></span> <span class='ocrx_word' id='word_1_897' title='bbox 2545 4699 2609 4740; x_wconf 81' lang='lat' dir='ltr'><strong>ex</strong></span> <span class='ocrx_word' id='word_1_898' title='bbox 2660 4701 2726 4741; x_wconf 91' lang='lat' dir='ltr'><strong>eo</strong></span> <span class='ocrx_word' id='word_1_899' title='bbox 2765 4688 2908 4755; x_wconf 89' lang='lat' dir='ltr'><strong>quod</strong></span> <span class='ocrx_word' id='word_1_900' title='bbox 2962 4689 3304 4743; x_wconf 88' lang='lat' dir='ltr'><strong>contrarium</strong></span> <span class='ocrx_word' id='word_1_901' title='bbox 3352 4695 3435 4741; x_wconf 87' lang='lat' dir='ltr'><strong>est</strong></span> <span class='ocrx_word' id='word_1_902' title='bbox 3465 4682 3707 4748; x_wconf 86' lang='lat' dir='ltr'><strong>veritati,</strong></span> 
     </span>
    </p>
   </div>
   <div class='ocr_carea' id='block_1_112' title="bbox 2137 4774 3708 4849">
    <p class='ocr_par' dir='ltr' id='par_1_112' title="bbox 2137 4774 3708 4849">
     <span class='ocr_line' id='line_1_113' title="bbox 2137 4774 3708 4849; baseline -0.002 -19"><span class='ocrx_word' id='word_1_903' title='bbox 2137 4776 2393 4830; x_wconf 91' lang='lat' dir='ltr'><strong>nimirum</strong></span> <span class='ocrx_word' id='word_1_904' title='bbox 2418 4793 2485 4831; x_wconf 84' lang='lat' dir='ltr'><strong>ex</strong></span> <span class='ocrx_word' id='word_1_905' title='bbox 2512 4792 2699 4832; x_wconf 86' lang='lat' dir='ltr'><strong>errore</strong></span> <span class='ocrx_word' id='word_1_906' title='bbox 2742 4789 2796 4832; x_wconf 93' lang='lat' dir='ltr'><strong>et</strong></span> <span class='ocrx_word' id='word_1_907' title='bbox 2826 4779 3149 4849; x_wconf 80' lang='lat' dir='ltr'><strong>ignorantia.</strong></span> <span class='ocrx_word' id='word_1_908' title='bbox 3185 4774 3475 4844; x_wconf 83' lang='lat' dir='ltr'><strong>Quocirca.</strong></span> <span class='ocrx_word' id='word_1_909' title='bbox 3507 4775 3708 4844; x_wconf 88' lang='lat' dir='ltr'><strong>inquit,</strong></span> 
     </span>
    </p>
   </div>
   <div class='ocr_carea' id='block_1_113' title="bbox 2138 4864 3711 4936">
    <p class='ocr_par' dir='ltr' id='par_1_113' title="bbox 2138 4864 3711 4936">
     <span class='ocr_line' id='line_1_114' title="bbox 2138 4864 3711 4936; baseline -0.003 -17"><span class='ocrx_word' id='word_1_910' title='bbox 2138 4882 2310 4935; x_wconf 88' lang='lat' dir='ltr'><strong>neque</strong></span> <span class='ocrx_word' id='word_1_911' title='bbox 2337 4875 2485 4921; x_wconf 88' lang='lat' dir='ltr'><strong>stare</strong></span> <span class='ocrx_word' id='word_1_912' title='bbox 2515 4868 2567 4920; x_wconf 92' lang='lat' dir='ltr'><strong>in</strong></span> <span class='ocrx_word' id='word_1_913' title='bbox 2604 4869 2856 4932; x_wconf 81' lang='lat' dir='ltr'><strong>veritate,</strong></span> <span class='ocrx_word' id='word_1_914' title='bbox 2901 4884 3078 4936; x_wconf 89' lang='lat' dir='ltr'><strong>neque</strong></span> <span class='ocrx_word' id='word_1_915' title='bbox 3126 4869 3412 4921; x_wconf 85' lang='lat' dir='ltr'><strong>veritatem</strong></span> <span class='ocrx_word' id='word_1_916' title='bbox 3442 4864 3495 4917; x_wconf 92' lang='lat' dir='ltr'><strong>in</strong></span> <span class='ocrx_word' id='word_1_917' title='bbox 3529 4864 3711 4927; x_wconf 82' lang='lat' dir='ltr'><strong>seipse</strong></span> 
     </span>
    </p>
   </div>
   <div class='ocr_carea' id='block_1_114' title="bbox 2138 4956 3709 5030">
    <p class='ocr_par' dir='ltr' id='par_1_114' title="bbox 2138 4956 3709 5030">
     <span class='ocr_line' id='line_1_115' title="bbox 2138 4956 3709 5030; baseline -0.003 -19"><span class='ocrx_word' id='word_1_918' title='bbox 2138 4958 2338 5014; x_wconf 88' lang='lat' dir='ltr'><strong>habere</strong></span> <span class='ocrx_word' id='word_1_919' title='bbox 2373 4970 2584 5030; x_wconf 86' lang='lat' dir='ltr'><strong>potest;</strong></span> <span class='ocrx_word' id='word_1_920' title='bbox 2638 4974 2705 5013; x_wconf 79' lang='lat' dir='ltr'><strong>ex</strong></span> <span class='ocrx_word' id='word_1_921' title='bbox 2759 4970 2950 5013; x_wconf 88' lang='lat' dir='ltr'><strong>natura</strong></span> <span class='ocrx_word' id='word_1_922' title='bbox 3003 4974 3100 5015; x_wconf 89' lang='lat' dir='ltr'><strong>sua</strong></span> <span class='ocrx_word' id='word_1_923' title='bbox 3152 4958 3432 5027; x_wconf 87' lang='lat' dir='ltr'><strong>proprium</strong></span> <span class='ocrx_word' id='word_1_924' title='bbox 3499 4956 3709 5009; x_wconf 81' lang='lat' dir='ltr'><strong>habens</strong></span> 
     </span>
    </p>
   </div>
   <div class='ocr_carea' id='block_1_115' title="bbox 2135 5045 3708 5121">
    <p class='ocr_par' dir='ltr' id='par_1_115' title="bbox 2135 5045 3708 5121">
     <span class='ocr_line' id='line_1_116' title="bbox 2135 5045 3708 5121; baseline -0.004 -16"><span class='ocrx_word' id='word_1_925' title='bbox 2135 5050 2513 5118; x_wconf 88' lang='lat' dir='ltr'><strong>mendacium;</strong></span> <span class='ocrx_word' id='word_1_926' title='bbox 2559 5050 2885 5106; x_wconf 87' lang='lat' dir='ltr'><strong>naturaliter</strong></span> <span class='ocrx_word' id='word_1_927' title='bbox 2923 5050 3215 5121; x_wconf 90' lang='lat' dir='ltr'><strong>aliquando</strong></span> <span class='ocrx_word' id='word_1_928' title='bbox 3244 5064 3347 5104; x_wconf 90' lang='lat' dir='ltr'><strong>non</strong></span> <span class='ocrx_word' id='word_1_929' title='bbox 3390 5047 3576 5102; x_wconf 90' lang='lat' dir='ltr'><strong>valens</strong></span> <span class='ocrx_word' id='word_1_930' title='bbox 3618 5045 3708 5099; x_wconf 83' lang='lat' dir='ltr'><strong>di-</strong></span> 
     </span>
    </p>
   </div>
   <div class='ocr_carea' id='block_1_116' title="bbox 2129 5246 3707 5318">
    <p class='ocr_par' dir='ltr' id='par_1_116' title="bbox 2129 5246 3707 5318">
     <span class='ocr_line' id='line_1_117' title="bbox 2129 5246 3707 5318; baseline -0.006 -9"><span class='ocrx_word' id='word_1_931' title='bbox 2129 5252 2316 5310; x_wconf 89' lang='lat' dir='ltr'><strong>suhlili</strong></span> <span class='ocrx_word' id='word_1_932' title='bbox 2345 5259 2599 5305; x_wconf 91' lang='lat' dir='ltr'><strong>constare</strong></span> <span class='ocrx_word' id='word_1_933' title='bbox 2626 5251 2771 5318; x_wconf 89' lang='lat' dir='ltr'><strong>ipsos</strong></span> <span class='ocrx_word' id='word_1_934' title='bbox 2794 5247 3069 5304; x_wconf 81' lang='lat' dir='ltr'><strong>censuerit</strong></span> <span class='ocrx_word' id='word_1_935' title='bbox 3102 5246 3428 5306; x_wconf 83' lang='lat' dir='ltr'><strong>substantia,</strong></span> <span class='ocrx_word' id='word_1_936' title='bbox 3454 5253 3519 5318; x_wconf 82' lang='lat' dir='ltr'><strong>ut</strong></span> <span class='ocrx_word' id='word_1_937' title='bbox 3552 5259 3707 5300; x_wconf 78' lang='lat' dir='ltr'><strong>cras-</strong></span> 
     </span>
    </p>
   </div>
   <div class='ocr_carea' id='block_1_117' title="bbox 2130 5316 3705 5387">
    <p class='ocr_par' dir='ltr' id='par_1_117' title="bbox 2130 5316 3705 5387">
     <span class='ocr_line' id='line_1_118' title="bbox 2130 5316 3705 5387; baseline -0.006 -7"><span class='ocrx_word' id='word_1_938' title='bbox 2130 5327 2335 5381; x_wconf 85' lang='lat' dir='ltr'><strong>siorutn</strong></span> <span class='ocrx_word' id='word_1_939' title='bbox 2378 5321 2586 5374; x_wconf 87' lang='lat' dir='ltr'><strong>ratione</strong></span> <span class='ocrx_word' id='word_1_940' title='bbox 2631 5316 2917 5387; x_wconf 85' lang='lat' dir='ltr'><strong>corporum</strong></span> <span class='ocrx_word' id='word_1_941' title='bbox 2962 5319 3182 5387; x_wconf 89' lang='lat' dir='ltr'><strong>penitus</strong></span> <span class='ocrx_word' id='word_1_942' title='bbox 3237 5329 3361 5370; x_wconf 81' lang='lat' dir='ltr'><strong>esse</strong></span> <span class='ocrx_word' id='word_1_943' title='bbox 3416 5316 3705 5370; x_wconf 87' lang='lat' dir='ltr'><strong>videantur</strong></span> 
     </span>
    </p>
   </div>
   <div class='ocr_carea' id='block_1_118' title="bbox 2131 5387 3706 5461">
    <p class='ocr_par' dir='ltr' id='par_1_118' title="bbox 2131 5387 3706 5461">
     <span class='ocr_line' id='line_1_119' title="bbox 2131 5387 3706 5461; baseline -0.006 -13"><span class='ocrx_word' id='word_1_944' title='bbox 2131 5391 2457 5461; x_wconf 87' lang='lat' dir='ltr'><strong>incorporei.</strong></span> <span class='ocrx_word' id='word_1_945' title='bbox 2491 5390 2626 5444; x_wconf 80' lang='lat' dir='ltr'><strong>Cum</strong></span> <span class='ocrx_word' id='word_1_946' title='bbox 2653 5390 2729 5461; x_wconf 87' lang='lat' dir='ltr'><strong>ait</strong></span> <span class='ocrx_word' id='word_1_947' title='bbox 2774 5404 2905 5461; x_wconf 84' lang='lat' dir='ltr'><strong>ergo</strong></span> <span class='ocrx_word' id='word_1_948' title='bbox 2950 5387 3235 5461; x_wconf 46' lang='lat' dir='ltr'><strong>ejusmodi;</strong></span> <span class='ocrx_word' id='word_1_949' title='bbox 3264 5387 3533 5461; x_wconf 59' lang='lat' dir='ltr'><strong>praeditos</strong></span> <span class='ocrx_word' id='word_1_950' title='bbox 3583 5400 3706 5461; x_wconf 75' lang='lat' dir='ltr'><strong>esse</strong></span> 
     </span>
    </p>
   </div>
   <div class='ocr_carea' id='block_1_119' title="bbox 2130 5456 3702 5531">
    <p class='ocr_par' dir='ltr' id='par_1_119' title="bbox 2130 5456 3702 5531">
     <span class='ocr_line' id='line_1_120' title="bbox 2130 5456 3702 5531; baseline -0.006 -14"><span class='ocrx_word' id='word_1_951' title='bbox 2130 5456 2548 5531; x_wconf 46' lang='lat' dir='ltr'><strong>ipsos—corpore,</strong></span> <span class='ocrx_word' id='word_1_952' title='bbox 2575 5460 2718 5531; x_wconf 80' lang='lat' dir='ltr'><strong>quod</strong></span> <span class='ocrx_word' id='word_1_953' title='bbox 2741 5460 2812 5513; x_wconf 87' lang='lat' dir='ltr'><strong>sit</strong></span> <span class='ocrx_word' id='word_1_954' title='bbox 2843 5456 3115 5511; x_wconf 79' lang='lat' dir='ltr'><strong>diversum</strong></span> <span class='ocrx_word' id='word_1_955' title='bbox 3146 5456 3275 5521; x_wconf 89' lang='lat' dir='ltr'><strong>quid</strong></span> <span class='ocrx_word' id='word_1_956' title='bbox 3306 5470 3336 5506; x_wconf 90' lang='lat' dir='ltr'><strong>a</strong></span> <span class='ocrx_word' id='word_1_957' title='bbox 3364 5468 3617 5531; x_wconf 75' lang='lat' dir='ltr'><strong>corpore,</strong></span> <span class='ocrx_word' id='word_1_958' title='bbox 3652 5457 3702 5508; x_wconf 90' lang='lat' dir='ltr'><strong>id</strong></span> 
     </span>
    </p>
   </div>
   <div class='ocr_carea' id='block_1_120' title="bbox 2129 5524 3705 5598">
    <p class='ocr_par' dir='ltr' id='par_1_120' title="bbox 2129 5524 3705 5598">
     <span class='ocr_line' id='line_1_121' title="bbox 2129 5524 3705 5598; baseline -0.005 -13"><span class='ocrx_word' id='word_1_959' title='bbox 2129 5524 2232 5586; x_wconf 80' lang='lat' dir='ltr'><strong>sibi</strong></span> <span class='ocrx_word' id='word_1_960' title='bbox 2268 5524 2410 5593; x_wconf 57' lang='lat' dir='ltr'><strong>vult,</strong></span> <span class='ocrx_word' id='word_1_961' title='bbox 2434 5524 2631 5598; x_wconf 76' lang='lat' dir='ltr'><strong>corpus</strong></span> <span class='ocrx_word' id='word_1_962' title='bbox 2666 5529 2903 5597; x_wconf 89' lang='lat' dir='ltr'><strong>ipsorum</strong></span> <span class='ocrx_word' id='word_1_963' title='bbox 2932 5537 3094 5598; x_wconf 68' lang='lat' dir='ltr'><strong>tantm</strong></span> <span class='ocrx_word' id='word_1_964' title='bbox 3143 5539 3266 5598; x_wconf 83' lang='lat' dir='ltr'><strong>esse</strong></span> <span class='ocrx_word' id='word_1_965' title='bbox 3307 5524 3612 5587; x_wconf 88' lang='lat' dir='ltr'><strong>tenuitatis,</strong></span> <span class='ocrx_word' id='word_1_966' title='bbox 3647 5535 3705 5578; x_wconf 89' lang='grc' dir='ltr'><strong>ιιι</strong></span> 
     </span>
    </p>
   </div>
   <div class='ocr_carea' id='block_1_121' title="bbox 2129 5594 3705 5672">
    <p class='ocr_par' dir='ltr' id='par_1_121' title="bbox 2129 5594 3705 5672">
     <span class='ocr_line' id='line_1_122' title="bbox 2129 5594 3705 5672; baseline -0.006 -16"><span class='ocrx_word' id='word_1_967' title='bbox 2129 5618 2240 5672; x_wconf 72' lang='grc' dir='ltr'>ριίιι</span> <span class='ocrx_word' id='word_1_968' title='bbox 2266 5599 2499 5672; x_wconf 75' lang='lat' dir='ltr'><strong>terrenis</strong></span> <span class='ocrx_word' id='word_1_969' title='bbox 2524 5594 2840 5672; x_wconf 73' lang='lat' dir='ltr'><strong>corporibus</strong></span> <span class='ocrx_word' id='word_1_970' title='bbox 2873 5595 3100 5663; x_wconf 85' lang='lat' dir='ltr'><strong>spiritus</strong></span> <span class='ocrx_word' id='word_1_971' title='bbox 3135 5594 3269 5648; x_wconf 89' lang='lat' dir='ltr'><strong>meri</strong></span> <span class='ocrx_word' id='word_1_972' title='bbox 3324 5609 3553 5661; x_wconf 85' lang='lat' dir='ltr'><strong>corpore</strong></span> <span class='ocrx_word' id='word_1_973' title='bbox 3614 5612 3705 5649; x_wconf 74' lang='lat' dir='ltr'><strong>ca-</strong></span> 
     </span>
    </p>
   </div>
   <div class='ocr_carea' id='block_1_122' title="bbox 2134 5667 2987 5737">
    <p class='ocr_par' dir='ltr' id='par_1_122' title="bbox 2134 5667 2987 5737">
     <span class='ocr_line' id='line_1_123' title="bbox 2134 5667 2987 5737; baseline -0.009 -12"><span class='ocrx_word' id='word_1_974' title='bbox 2134 5667 2317 5725; x_wconf 78' lang='lat' dir='ltr'><strong>rentes</strong></span> <span class='ocrx_word' id='word_1_975' title='bbox 2339 5670 2445 5723; x_wconf 91' lang='lat' dir='ltr'><strong>dici</strong></span> <span class='ocrx_word' id='word_1_976' title='bbox 2471 5668 2699 5737; x_wconf 89' lang='lat' dir='ltr'><strong>possint.</strong></span> <span class='ocrx_word' id='word_1_977' title='bbox 2729 5667 2987 5737; x_wconf 62' lang='lat' dir='ltr'><strong>Hostius.</strong></span> 
     </span>
    </p>
   </div>
   <div class='ocr_carea' id='block_1_123' title="bbox 2203 5731 3535 5811">
    <p class='ocr_par' dir='ltr' id='par_1_123' title="bbox 2203 5731 3535 5811">
     <span class='ocr_line' id='line_1_124' title="bbox 2203 5731 3535 5811; baseline -0.004 -19"><span class='ocrx_word' id='word_1_978' title='bbox 2203 5739 2319 5811; x_wconf 73' lang='lat' dir='ltr'><strong>(st)</strong></span> <span class='ocrx_word' id='word_1_979' title='bbox 2346 5731 2525 5794; x_wconf 72' lang='lat' dir='ltr'><strong>Codex</strong></span> <span class='ocrx_word' id='word_1_980' title='bbox 2548 5736 2885 5801; x_wconf 86' lang='lat' dir='ltr'><strong>Bodleianus,</strong></span> <span class='ocrx_word' id='word_1_981' title='bbox 2921 5733 3093 5803; x_wconf 59' lang='lat' dir='ltr'><strong>Myer</strong></span> <span class='ocrx_word' id='word_1_982' title='bbox 3121 5732 3343 5804; x_wconf 80' lang='lat' dir='ltr'><strong>Regius,</strong></span> <span class='ocrx_word' id='word_1_983' title='bbox 3366 5731 3535 5804; x_wconf 82' lang='grc' dir='ltr'>λέγει.</span> 
     </span>
    </p>
   </div>
  </div>
