4196 6426
440 337 548 392 639

1932 336 2260 392 OIKIGENIS

3616 335 3724 391 6419

441 468 564 504 cere
606 452 934 505 veritatem;
971 448 1096 505 dico
1131 459 1316 504 autem
1362 449 1507 519 quod
1549 465 1656 504 non
1698 449 1877 505 solum
1911 451 2031 519 ipse

2143 451 2343 521 κὺτοῦ)
2379 451 2611 523 ἐπείπερ
2644 453 2708 504 ἐκ
2736 444 2943 523 ἠλάνης
2978 452 3073 505 καὶ
3087 452 3403 522 ψεύσματος
3424 450 3674 521 συνέστη.
3696 470 3717 504 ι

440 523 673 597 mendax
724 554 834 608 est,
891 557 1081 596 verum
1140 542 1314 595 etiam
1373 551 1530 611 pater
1567 543 1740 611 ipsius
1769 543 2025 612 privatim

439 637 614 705 (pater
641 637 828 705 ipsius.
870 649 1172 703 exponens,
1220 643 1474 688 naturam
1509 633 1731 704 ipsius),
1779 637 2028 704 qnamlo-

439 728 661 797 quidem
690 744 757 782 ex
787 743 974 782 errore
997 737 1056 783 et
1084 725 1330 783 falsitate
1357 737 1594 783 constat.
1633 749 1654 783 s
1687 730 1819 796 Quae
1842 730 2025 783 mnnis

442 816 719 871 diabolum
749 816 983 870 liberant
1017 817 1165 871 omni
1208 817 1632 884 vituperatione,
1669 827 1726 872 et
1759 818 1939 887 culpa,
1969 828 2027 870 et

443 908 833 963 accusatione:
875 908 1054 963 nullus
1100 909 1248 963 enim
1289 907 1415 976 jure
1443 910 1527 963 vel
1556 910 1912 978 vituperaret,
1940 909 2025 963 vel

445 998 778 1067 inculparet,
809 1000 894 1052 vel
934 1011 1218 1055 accusaret
1247 1016 1357 1056 non
1384 1012 1572 1055 natum
1605 1011 1792 1069 aptum
1830 1008 2022 1054 natura

444 1090 512 1144 ad
544 1092 948 1159 prtestantiora.
997 1092 1362 1159 Quamobrem
1399 1093 1586 1147 infelix
1634 1092 1814 1161 potius
1860 1106 2026 1161 quam

441 1181 817 1251 vituperabilis
874 1192 961 1237 est
1021 1183 1314 1249 diabolus,
1384 1183 1592 1254 judicio
1653 1182 2029 1237 Heracleonis.

443 1274 738 1330 Sciendum
765 1290 895 1332 vero
921 1288 1026 1339 est,
1074 1277 1537 1345 quemadmodum
1574 1274 1825 1330 diabolus
1853 1275 1906 1327 in
1938 1288 2033 1328 ve-

443 1368 609 1421 ritate
631 1382 741 1421 non
781 1369 953 1433 stetit,
986 1370 1242 1437 quoniam
1274 1383 1381 1422 non
1415 1378 1503 1423 est
1522 1367 1730 1422 veritas
1754 1366 1807 1418 in
1836 1379 1925 1427 co,
1951 1363 2033 1418 sic

443 1456 611 1511 etiam
654 1460 745 1527 qui
790 1471 919 1514 sunt
947 1476 1017 1515 ex
1067 1471 1222 1529 patre
1265 1460 1510 1520 diabolo.
1546 1458 1602 1514 in
1639 1456 1878 1512 veritate
1924 1470 2031 1509 non

445 1556 619 1615 stare,
651 1551 907 1619 quoniam
946 1553 1155 1605 veritas
1184 1567 1288 1606 non
1325 1550 1399 1606 sit
1421 1551 1476 1604 in
1509 1550 1643 1620 ipsis
1674 1566 1688 1601 :
1724 1544 2034 1615 cnjusmodi

2130 542 2318 597 Ταῦτα
2346 543 2404 597 δὲ
2436 544 2534 597 ὅλα
2556 543 2744 616 ῥύεται
2772 544 2865 598 τὸν
2892 543 3139 597 διάϐολον
3175 542 3377 605 παντὸς
3402 540 3594 610 ψόγου,
3629 542 3725 594 καὶ

2128 632 2495 703 ἐγκλήματος,
2545 634 2642 688 καὶ
2691 634 2969 706 μέμψεως·
3016 632 3191 696 οὐδεὶς
3226 632 3335 703 γὰρ
3365 632 3601 700 εὐλόγως
3657 630 3724 685 ἂν

2126 722 2307 792 ψέξαι,
2334 725 2368 795 ἢ
2402 726 2765 797 ὲγκαλέσαι,ἥ
2793 725 3069 796 μέμψαιτο
3087 724 3166 795 τῷ
3189 723 3263 795 μὴ
3292 724 3557 792 πεφυκότι
3584 723 3724 794 πρὸς

2127 810 2199 864 τὰ
2232 813 2536 884 κρείττονα.
2580 815 2810 887 Ἀτυχὴς
2837 811 2931 868 οὖν
2964 813 3163 885 μᾶλλον
3189 813 3223 884 ἢ
3256 812 3454 882 ψεκτὸς
3480 814 3509 865 ὁ
3535 814 3719 867 διάϐο-

2128 903 2218 968 λος
2265 907 2406 961 κατά
2456 907 2545 961 τὸν
2589 907 2943 980 Ἡρακλέωνα
2990 909 3160 960 ἐστιν.
3208 906 3403 960 ’ἰστέον
3445 906 3716 977 μέντοιγε,

2129 996 2234 1058 ὅτι,
2265 996 2451 1067 ὥσπερ
2476 1000 2505 1051 ὀ
2527 998 2770 1063 διάϐολος
2791 1002 2850 1053 ὲν
2866 1002 2934 1070 τῇ
2967 997 3195 1070 ἀληθείᾳ
3219 998 3318 1067 οὐχ
3356 997 3607 1068 ἕστηκεν,
3636 998 3718 1053 ὅτι
3780 983 3792 993 ’

2133 1089 2234 1141 οὐκ
2261 1087 2408 1141 ἔστιν
2443 1088 2672 1159 ἀλήθεια
2705 1092 2764 1143 ὲν
2796 1088 2969 1161 αὐτῷ,
3005 1088 3178 1152 οὕτως
3209 1089 3306 1141 καὶ
3335 1088 3386 1141 oi
3419 1089 3487 1142 ὲκ
3513 1088 3724 1160 πατρὸς

2132 1177 2229 1232 τοῦ
2250 1178 2497 1233 διαὸόλου
2528 1180 2681 1245 ὅντες
2709 1184 2767 1235 ὲν
2795 1185 2862 1253 τῇ
2892 1180 3122 1251 ἀληθείᾳ
3154 1181 3254 1250 οὐχ
3284 1181 3600 1251 ἑστήκασιν,
3640 1181 3724 1235 ὅτι

2136 1269 2367 1340 ἀλήθεια
2407 1273 2508 1327 οὐκ
2561 1272 2713 1327 ἐστιν
2751 1276 2809 1327 ὲν
2838 1275 3041 1337 αὐτοῖς·
3089 1272 3292 1337 πάντες
3319 1272 3378 1327 δὲ
3402 1273 3637 1328 τοιοῦτοι
3679 1274 3729 1327 oi

2137 1359 2218 1414 ἔτι
2249 1362 2532 1428 ποιοῦντες
2557 1366 2854 1438 ἁμαρτίας,
2890 1366 2993 1420 κᾶν
3022 1365 3259 1435 λέγωσιν
3290 1361 3430 1419 εἶναι
3469 1366 3729 1437 Χριστοῦ·

2139 1454 2247 1517 πᾶς
2266 1454 2375 1527 γὰρ
2396 1459 2429 1511 ὁ
2443 1456 2633 1513 ποιῶν
2656 1458 2772 1527 τὴν
2797 1458 3091 1528 ἁμαρτίαν
3115 1459 3185 1512 ἐκ
3203 1458 3310 1513 τοῦ
3334 1457 3616 1514 διαϐόλου
3637 1475 3727 1529 τε·

2140 1544 2448 1617 τέννηται.

446 1652 576 1696 sunt
626 1659 820 1700 omnes
849 1646 1151 1701 etianmnm
1195 1655 1510 1716 peccantes,
1540 1645 1758 1700 etiamsi
1795 1641 2002 1698 Christi
2052 1654 2113 1695 se
2142 1643 2326 1699 dicant
2354 1660 2511 1714 esse;
2563 1647 2745 1703 omnis
2769 1648 2917 1703 enim
2965 1648 3058 1719 qui
3098 1648 3377 1703 committit
3428 1657 3728 1715 peccatum,

446 1748 516 1787 ex
538 1734 752 1789 diabolo
785 1746 863 1791 est
885 1738 959 1795 ".

516 1824 616 1879 23.
637 1825 770 1881 Cum
786 1829 1024 1896 loquitur
1039 1832 1396 1896 mendacium,
1424 1848 1491 1886 ex
1511 1833 1746 1903 propriis
1773 1830 2031 1902 loquitur.

2207 1829 2296 1885 23.
2325 1829 2513 1883 Ὅταν
2535 1828 2703 1899 λαλῇ
2736 1828 2803 1884 τὸ
2830 1828 3082 1899 ψεῦδος,
3103 1829 3174 1883 ἐκ
3194 1828 3317 1883 τῶν
3349 1828 3517 1882 ἰδίων
3536 1828 3732 1895 λαλεῖ,

445 1919 699 1986 quoniam
744 1906 976 1975 mendax
1018 1932 1117 1986 est,
1149 1932 1197 1976 et
1229 1933 1379 1991 pater
1402 1924 1521 1994 ejus
1541 1926 1610 1980 ⁸⁸.
1640 1924 1910 1992 Quoniam
1939 1936 2037 1977 ex-

448 2020 717 2077 ponentes
747 2011 900 2075 illud,
932 2030 1025 2067 vos
1056 2030 1123 2069 ex
1140 2027 1290 2082 patre
1313 2016 1529 2070 diabolo
1556 2019 1684 2071 estis
1714 2016 1786 2080 ",
1827 2029 2037 2070 memo-

450 2113 542 2156 res
573 2100 734 2171 hujus
756 2103 887 2158 dicti
927 2107 1360 2175 anticipavimns
1387 2109 1573 2163 dicere
1600 2122 1721 2178 quae
1745 2108 1902 2163 nobis
1923 2117 2036 2161 tum

449 2191 505 2245 in
553 2191 702 2249 hunc
735 2203 945 2250 textum
994 2207 1414 2265 succurrernnt,
1454 2207 1764 2268 querentes
1794 2199 1924 2268 quid
1965 2198 2040 2254 sit

450 2283 822 2350 mendacium,
853 2295 912 2341 et
934 2287 1068 2355 quid
1096 2286 1165 2341 sit
1188 2297 1344 2356 pater
1363 2288 1480 2358 ejns
1501 2305 1516 2353 ;
1534 2288 1888 2358 expendenda
1903 2301 2040 2356 quo-

447 2387 561 2443 que
595 2389 742 2431 nune
772 2386 902 2431 sunt
935 2392 1059 2431 cum
1096 2377 1212 2433 illis
1241 2394 1364 2448 qua:
1395 2395 1424 2433 a
1459 2379 1618 2435 nobis
1664 2380 1942 2435 dicentur.
1973 2379 2042 2434 Et

396 2478 405 2486 ί
448 2462 693 2520 arbitror
737 2480 840 2536 ego
873 2482 1092 2523 omnem
1139 2470 1392 2539 spiritum
1423 2471 1628 2526 malum
1676 2482 1733 2526 et
1767 2471 2037 2537 fallacem,

453 2556 796 2612 mendacium
832 2572 975 2625 esse,
1033 2572 1087 2615 et
1145 2578 1587 2632 unumquemque
1643 2565 1859 2627 horum,
1913 2581 2038 2620 cum

453 2644 717 2714 loquitur,
765 2662 833 2702 ex
878 2653 1118 2719 propriis
1167 2651 1341 2721 loqui,
1396 2670 1503 2709 non
1541 2670 1606 2709 ex
1667 2657 1755 2711 his
1786 2672 1908 2726 quae
1945 2657 2039 2712 Dei

452 2745 627 2790 sunt:
663 2736 857 2793 horum
892 2753 1074 2795 autem
1126 2746 1356 2800 mendax
1411 2756 1570 2816 pater
1621 2748 1871 2803 diabolus
1931 2761 2038 2803 est.

458 2824 610 2882 Unde
646 2844 775 2884 vero
806 2834 936 2887 moti
969 2832 1234 2891 fuerimus
1263 2847 1322 2892 ut
1348 2838 1661 2894 diceremus
1687 2856 1903 2895 omnem
1927 2857 2042 2894 ma-

452 2919 564 2973 lum
620 2923 871 2989 spiritmn
928 2927 1272 2982 mendacium
1320 2943 1463 2993 esse,
1510 2945 1657 2985 nunc
1700 2931 1753 2984 in
1803 2930 2040 2985 medium

452 3014 808 3069 adducemus.
845 3016 1125 3087 Scriptum
1155 3030 1239 3075 est
1262 3020 1431 3094 346
1472 3022 1526 3077 in
1556 3022 1698 3078 libro
1724 3025 1888 3078 tertio
1935 3024 2043 3079 Re-

454 3120 581 3172 gum
603 3105 650 3138 "
685 3125 700 3161 :
732 3105 826 3162 Sic
860 3109 997 3164 dixit
1032 3110 1286 3165 Michmas
1337 3124 1567 3170 vocatus
1598 3116 1670 3170 ab
1697 3115 1884 3171 Achab
1915 3131 2041 3185 pro-

451 3197 714 3266 phetandi
742 3213 932 3265 causa,
964 3211 1149 3256 utrum
1180 3204 1284 3258 sibi
1315 3205 1655 3260 conduceret
1684 3207 1764 3261 ire
1794 3208 1846 3260 in
1875 3204 2044 3261 Ram-

454 3289 605 3343 tnoth
633 3288 837 3343 Galaad
862 3293 929 3344 ad
967 3293 1168 3348 bellum
1195 3310 1262 3348 an
1289 3311 1395 3351 non
1427 3313 1442 3350 :
1475 3295 1601 3351 Vidi
1624 3295 1792 3351 Deum
1824 3296 2044 3351 lsraelis

454 3378 717 3432 sedentem
749 3382 803 3434 in
829 3382 962 3435 solio
985 3400 1106 3450 suo,
1144 3396 1193 3439 et
1225 3386 1399 3440 omnis
1427 3387 1691 3441 exercitus
1722 3386 1841 3440 cotli
1870 3387 2046 3441 stabat

444 3471 609 3542 juxta
650 3488 773 3525 eum
797 3477 865 3527 ad
897 3477 1168 3531 dexteram
1203 3477 1342 3548 ejus,
1376 3487 1427 3534 et
1471 3480 1542 3533 ad
1566 3480 1847 3534 sinistram
1874 3480 1991 3549 ejus
2025 3494 2046 3535 .'

456 3562 695 3632 dixitque
727 3563 983 3622 Dominus
1003 3583 1023 3623 :
1041 3568 1175 3635 Quis
1196 3571 1417 3640 decipiet
1443 3570 1625 3625 Achab
1655 3588 1821 3643 regem
1850 3571 2045 3641 Israel,

456 3664 505 3705 ct
533 3660 801 3719 ascendet,
841 3670 890 3713 et
927 3662 1080 3715 cadet
1105 3662 1162 3717 in
1208 3662 1493 3718 Rammotlt
1524 3664 1737 3719 lialuad
1763 3667 1788 3721 ι
1810 3663 2048 3734 Cumque

459 3742 599 3798 alius
652 3748 802 3799 aliud
839 3750 1056 3816 diceret,
1111 3754 1485 3820 egrediebatur;
1525 3757 1770 3823 spiritus,
1806 3764 1855 3809 et
1903 3756 2047 3809 stetit

461 3851 643 3890 eorum
678 3837 930 3906 Domino,
956 3853 1004 3895 et
1025 3843 1101 3896 ait
1127 3860 1146 3899 :
1177 3844 1292 3915 Ego
1327 3847 1589 3916 decipiam
1621 3864 1741 3901 eum
1760 3864 1781 3913 ;
1814 3848 2050 3916 dixitque

458 3926 531 3981 ad
567 3943 686 3982 eum
718 3928 1023 3990 Dominus:
1056 3934 1175 4001 Qua
1218 3937 1275 3990 in
1312 3938 1409 3991 re?
1450 3947 1498 3991 et
1550 3939 1725 3994 dixit:
1761 3939 2048 4010 Egrediar,

458 4031 510 4074 et
544 4036 636 4075 ero
669 4023 893 4090 spiritus
920 4028 1184 4082 mendacii
1220 4031 1274 4083 in
1301 4046 1390 4084 ore
1417 4033 1652 4085 omnium
1675 4035 2050 4105 prapltetarum

457 4110 600 4181 ejus.
628 4112 696 4167 Et
728 4116 780 4168 in
804 4122 1046 4173 secundo
1062 4117 1518 4189 Paralipomenon
1538 4125 1585 4157 "
1641 4127 1758 4196 ipse
1798 4127 2050 4183 Michmas

464 4205 533 4283 ad
584 4206 777 4260 Achab
817 4216 872 4261 et
900 4207 1167 4280 Jnsaphat
1211 4213 1389 4282 inquit
1421 4229 1435 4267 :
1473 4216 1667 4271 Audite
1697 4220 1910 4272 verbum
1945 4216 2053 4271 Do-

2139 1919 2232 1973 ὅτι
2252 1920 2531 1989 ψεύστης
2548 1920 2702 1985 ἐστὶ,
2730 1921 2828 1974 καὶ
2849 1924 2883 1975 ό
2913 1921 3110 1989 πατὴρ
3131 1919 3340 1975 αὐτοῦ.
3362 1919 3737 1992 Προλασόντες

2142 2012 2241 2083 μὲν
2291 2014 2371 2076 εἰς
2415 2013 2495 2066 τό·
2553 2013 2742 2083 Ὑμεῖς
2771 2014 2842 2067 ἐκ
2899 2013 3008 2068 τοῦ
3040 2012 3267 2081 πατρὸς
3295 2012 3405 2067 τοῦ
3446 2013 3732 2068 διαϐόλου

2136 2102 2300 2164 ἐστὲ,
2336 2104 2825 2176 ἐμνημονεύσαμεν
2838 2104 2934 2158 τοῦ
2959 2104 3147 2177 ῥητοῦ,
3173 2105 3268 2158 καὶ
3296 2104 3367 2158 τὰ
3392 2105 3735 2159 ὐποπεσόντα

2138 2194 2272 2264 ἡμῖν
2297 2196 2380 2258 εἰς
2403 2195 2535 2249 αὐτὸ
2563 2198 2889 2268 εἰρήκαμεν,
2913 2194 3206 2267 ζητοῦντες
3226 2196 3281 2250 τί
3309 2196 3372 2250 τὸ
3401 2196 3620 2266 ψεῦδος,
3642 2198 3737 2251 καὶ

2138 2283 2231 2336 τὸν
2279 2282 2494 2355 πατέρα
2536 2284 2719 2350 αὑτοῦ,
2761 2285 3215 2351 συνεξετάζεσθαι
3255 2286 3337 2340 δεῖ
3377 2288 3490 2359 (85)
3527 2289 3623 2341 καὶ
3665 2287 3739 2343 τὰ

2139 2371 2518 2444 λεχθησόμενα
2548 2372 2647 2428 νῦν
2674 2374 2927 2439 ἐκείνοις.
2962 2377 3079 2430 Πᾶν
3113 2375 3332 2447 πνεῦμα
3356 2377 3594 2449 πονηρὸν
3641 2378 3739 2431 καὶ

2141 2466 2422 2537 ἀπατηλὸν
2454 2467 2663 2538 νομίζω
2699 2462 2841 2521 εἶναι
2877 2468 3096 2538 ψεῦδος,
3132 2470 3228 2523 καὶ
3269 2470 3502 2523 ἕκαστον
3532 2469 3739 2525 τούτων

2139 2559 2268 2613 ὅταν
2303 2558 2461 2630 λαλῇ,
2490 2561 2555 2613 ὲκ
2598 2559 2708 2613 τῶν
2741 2559 2908 2626 ἰδίων,
2955 2561 3049 2614 καὶ
3087 2561 3351 2634 μηδαμῶς
3379 2564 3443 2615 ὲκ
3482 2561 3593 2615 τῶν
3643 2561 3737 2616 τοῦ

2140 2649 2278 2703 Θεοῦ
2314 2649 2515 2703 λαλείνο
2547 2652 2753 2705 τούτων
2796 2653 2854 2705 δὲ
2884 2653 2912 2705 ὁ
2951 2652 3193 2725 ψεύστης
3222 2654 3408 2725 πατὴρ
3433 2655 3463 2705 ὁ
3493 2653 3739 2718 διάσολός

2141 2742 2279 2795 ἐστι.
2318 2742 2488 2796 Πόθεν
2515 2742 2572 2795 δὲ
2603 2744 2941 2815 ὲκινήθημεν
2968 2747 3049 2809 εἰς
3073 2745 3135 2800 τὸ
3160 2747 3269 2799 πᾶν
3308 2749 3491 2819 χεῖρον
3521 2747 3739 2819 πνεῦμα

2140 2832 2337 2903 ψευδὲς
2389 2835 2585 2895 εἰπεῖν,
2650 2834 2746 2888 νῦν
2793 2835 3252 2907 παραθησόμεθα.
3310 2836 3630 2908 Γέγραπται
3678 2840 3739 2891 ὲν

2139 2930 2207 2999 τῇ
2264 2932 2313 2996 γ’
2375 2926 2485 2980 τῶν
2534 2926 2864 2993 Βασιλειῶν,
2928 2930 3006 2992 ὡς
3067 2926 3177 3000 ἄρα
3226 2928 3468 2998 Μιχαίας
3518 2927 3742 3001 κληθεὶς

2141 3019 2248 3073 ὑπὸ
2305 3018 2400 3072 τοῦ
2478 3018 2683 3090 ’Δχαάϐ
2742 3018 2853 3091 (86)
2915 3020 2997 3084 εἰς
3052 3018 3114 3072 τὸ
3180 3019 3559 3090 προφητεῦσαι
3610 3021 3742 3093 περὶ

2142 3109 2266 3170 τοῦ,
2302 3109 2533 3183 πότερον
2593 3110 2746 3180 αὑτῷ
2773 3110 3008 3183 καθήκει
3056 3111 3391 3183 πορευθῆναι
3430 3113 3513 3176 είς
3569 3113 3740 3183 Ῥαμ-

2150 3200 2268 3271 μὼθ
2331 3201 2546 3256 Γαλαὰδ
2598 3202 2707 3273 (87)
2764 3205 2846 3266 εἰς
2909 3202 3169 3274 πόλεμον,
3235 3204 3269 3276 ἢ
3330 3206 3598 3275 ἐπισχεῖν,
3656 3204 3742 3258 τό·

2146 3286 2330 3344 Εἶδον
2404 3290 2555 3346 Θεὸν
2632 3292 2873 3361 Ἰσραὴλ
2942 3291 3290 3362 καθήμενον
3354 3293 3455 3347 ἐπὶ
3524 3293 3744 3362 θρόνου

2146 3382 2355 3446 αὑτοῦ,
2387 3383 2487 3437 καὶ
2533 3381 2705 3438 πᾶσα
2733 3386 2771 3452 ἠ
2804 3383 3089 3453 στρατεία
3112 3382 3222 3438 τοῦ
3252 3384 3516 3453 οὐρανοῦ
3540 3383 3746 3452 clani-

2147 3491 2239 3529 κει
2263 3474 2399 3543 περὶ
2415 3475 2604 3530 αὐτὸν
2633 3475 2703 3529 ἐκ
2722 3475 2938 3541 δεξιῶν
2964 3475 3176 3542 αὐτοῦ,
3203 3479 3300 3532 καὶ
3335 3477 3404 3542 ἐξ
3422 3479 3749 3548 εὐωνύμου*

2148 3568 2355 3622 αὐτοῦ’
2394 3568 2492 3621 καὶ
2513 3564 2667 3621 εἷπε·
2707 3569 2806 3636 Τις
2834 3569 3137 3638 ἀπατήσει
3169 3569 3279 3623 τὸν
3320 3568 3536 3638 Ἁχαὰὸ
3560 3570 3740 3635 ,ϐασιο

2147 3662 2263 3719 λέα
2315 3660 2580 3729 Ἰσραὴλ,
2605 3661 2703 3714 καὶ
2760 3661 3152 3725 ἀναϐήσεται,
3204 3660 3304 3713 καὶ
3358 3658 3630 3713 πεσεῖται
3676 3658 3747 3712 ἐν

2161 3752 2427 3823 Ῥαμμὼθ
2469 3750 2756 3816 Palatia;
2783 3750 2895 3806 Kal
2939 3747 3112 3805 εἶπεν
3148 3751 3338 3817 οὕτως
3367 3749 3438 3803 ἐν
3478 3751 3580 3804 σοί
3609 3750 3743 3821 (88)⁶

2151 3846 2249 3900 καὶ
2270 3844 2491 3913 ἐξῆλθε
2511 3842 2770 3912 πνεῦμα,
2792 3841 2891 3896 καὶ
2916 3842 3066 3910 ἔστη
3097 3840 3358 3895 ἐνώπιον
3379 3842 3623 3909 Κυρίου,
3644 3841 3744 3895 καὶ

2151 3931 2341 3988 εἶπεν·
2372 3933 2516 4004 Ἐγὼ
2538 3932 2830 4001 ἀπατήσω
2852 3933 3059 3987 αὐτόν·
3090 3931 3191 3985 καί
3218 3927 3350 3986 εἷπε
3375 3929 3527 3999 πρὸς
3559 3933 3749 3990 αὐτον(

2152 4029 2388 4096 Κύριος·
2449 4028 2550 4081 Ἐν
2591 4027 2743 4089 τίν-ις
2774 4027 2873 4080 καὶ
2917 4025 3108 4080 εἶπενο
3156 4024 3603 4093 Ἐξελεύσομαι,
3646 4024 3746 4078 καὶ

2151 4122 2366 4190 ἔσομαι
2390 4119 2625 4189 πνεῦμα
2644 4117 2912 4187 ψεύδους
2934 4120 3022 4184 εὶς
3049 4116 3118 4171 τὸ
3150 4120 3345 4188 στόμα
3369 4116 3610 4171 πάντων
3629 4114 3748 4171 τῶν

2154 4210 2474 4282 προφητῶν
2496 4210 2685 4265 αὑτοῦ
2712 4210 2846 4281 (89).
2887 4211 3000 4263 Καὶ
3037 4210 3095 4263 ὲν
3133 4213 3200 4281 τῇ
3238 4209 3468 4281 δευτέρᾳ
3497 4207 3606 4261 τῶν
3633 4208 3749 4261 Πα-

461 4296 617 4349 mini.
660 4294 778 4353 Vidi
804 4299 1087 4356 Dominum
1117 4304 1382 4359 sedentent
1412 4309 1465 4361 in
1490 4308 1624 4362 solio
1649 4326 1770 4371 sua,
1796 4320 1847 4363 et
1876 4311 2040 4363 omni:

2158 4303 2565 4375 ραλειπομένων
2592 4305 2621 4356 ὁ
2653 4302 2815 4365 αὐτὸς
2847 4301 3088 4371 Μιχαίας
3116 4300 3256 4374 πρὸς
3277 4300 3370 4354 τὸν
3411 4299 3616 4372 Ἀχαάσ
3641 4317 3747 4370 φη-

461 4390 697 4457 potentia
730 4390 842 4445 cteli
875 4395 1048 4447 stabat
1074 4400 1141 4448 ad
1166 4397 1405 4451 dextram
1445 4400 1579 4469 ejus,
1606 4413 1653 4456 et
1682 4403 1751 4455 ad
1780 4404 2040 4457 sinistram

2158 4413 2232 4459 σι,
2265 4395 2360 4449 καὶ
2404 4395 2497 4448 τὸν
2559 4393 2850 4462 Ἰωσαφάτ*
2917 4394 3235 4447 Ἀκούσατε
3264 4394 3454 4464 λόγον
3501 4392 3745 4460 Κυρίου.

463 4481 579 4550 ejus
605 4499 627 4548 ,°
655 4493 705 4539 et
739 4488 876 4540 dixit
914 4489 1213 4545 Dominus:
1245 4494 1376 4558 Quis
1408 4495 1634 4564 decipiet
1670 4499 1846 4551 Achab
1878 4513 2040 4567 regem

2156 4483 2335 4542 Εἶδον
2370 4486 2479 4540 τὸν
2514 4487 2731 4554 Κύριον
2771 4485 3115 4555 καθήμενον
3147 4484 3248 4538 ἐπὶ
3285 4487 3504 4552 θρόνου
3535 4482 3746 4547 αὑτοῦ,

466 4570 666 4639 Israel,
702 4587 752 4631 et
783 4582 1049 4647 ascendet,
1082 4593 1129 4637 et
1151 4596 1359 4640 corruet
1392 4588 1449 4640 in
1492 4587 1773 4647 Rammotlt
1802 4588 2012 4643 Galaad
2030 4593 2040 4643 Ξ

2155 4580 2255 4634 καὶ
2289 4577 2461 4634 πᾶσα
2489 4581 2527 4648 ή
2549 4579 2802 4649 δύναμις
2819 4578 2928 4633 τοῦ
2968 4576 3231 4644 οὐρανοῦ
3264 4575 3531 4642 εἱστήκει
3555 4575 3626 4628 ἐκ
3650 4574 3747 4628 δε-

466 4662 704 4737 Cumque
736 4672 876 4725 alius
908 4674 1056 4728 aliud
1083 4676 1325 4739 dixisset,
1358 4694 1595 4748 egressus
1623 4690 1702 4734 est
1735 4682 1982 4747 spiritus,
2002 4698 2040 4735 et

2155 4670 2301 4737 ξιῶν
2328 4671 2537 4736 αὐτοῦ,
2556 4671 2655 4725 καὶ
2676 4671 2748 4735 ἐξ
2763 4668 3095 4739 ἀριστερῶν
3116 4667 3324 4721 αὐτοῦ·
3348 4667 3448 4721 καὶ
3475 4662 3607 4721 εἷπε
3635 4666 3751 4720 Κύ-

464 4760 615 4813 stetit
650 4772 832 4814 coram'
860 4762 1102 4830 Domino,
1129 4775 1177 4819 et
1214 4767 1396 4822 dixit:
1436 4767 1549 4838 Ego
1588 4770 1847 4839 decipiam
1883 4785 2000 4822 eum
2033 4785 2053 4833 ;

465 4860 518 4904 et
566 4849 703 4905 dixit
735 4851 992 4908 Dominus
1023 4871 1041 4910 :
1075 4854 1193 4920 Qua
1222 4857 1279 4910 in
1310 4859 1411 4912 re?
1450 4868 1500 4912 et
1549 4860 1683 4913 dixit
1716 4874 1733 4912 :
1770 4858 2052 4927 Egredior,

466 4953 518 4995 et
550 4958 642 4997 ero
673 4944 888 5013 spiritus
928 4947 1160 5002 mendax
1191 4947 1249 5001 in
1284 4964 1373 5002 ore
1410 4950 1644 5003 omnium
1672 4950 2051 5020 prOphetarum

466 5032 607 5105 eius.
640 5034 843 5104 Aperte
884 5036 1050 5106 igitur
1097 5052 1162 5091 ex
1201 5037 1284 5092 his
1340 5039 1657 5095 declaratur
1686 5039 1828 5110 quod
1883 5040 1928 5094 si
1967 5048 2052 5093 est

466 5125 667 5195 aliquis
693 5129 919 5196 spiritus
944 5131 1198 5197 mendax,
1228 5133 1454 5203 spiritus
1483 5134 1649 5188 etiam
1689 5131 1918 5194 similes,
1942 5134 2055 5201 spi-

469 5217 611 5283 ritus
632 5228 763 5272 sunt
796 5222 1087 5278 mendaces
1117 5242 1129 5277 :
1168 5226 1370 5295 quippe
1409 5224 1499 5293 qui
1531 5241 1560 5279 a
1595 5232 1751 5294 patre
1774 5239 1872 5279 suo
1903 5239 2056 5277 men-

468 5309 607 5366 daee
659 5314 976 5384 acceperint
1026 5331 1149 5373 esse
1198 5320 1428 5388 spiritus
1481 5318 1773 5372 mendaces
1829 5326 2056 5388 propter

543 5453 635 5511 "1
661 5456 817 5514 Joan.
850 5477 934 5525 Ill.
957 5461 1012 5518 8.

678 5581 856 5658 Codex
891 5586 1115 5658 Begins,
1131 5589 1214 5649 δέ,
1241 5589 1400 5643 male.

682 5655 861 5730 (iudex
885 5651 1109 5730 Regius,
1149 5659 1470 5730 ‘Axadp..rt
1495 5660 1573 5716 sic
1598 5661 1821 5730 ubique.

548 5678 861 5723 ιουμιυυει
888 5678 1107 5725 negtiis,
1164 5678 1319 5729 Λχαα
1371 5702 1382 5716 .
1417 5678 1470 5713 ιιι
1495 5678 1553 5714 sn

694 5724 843 5804 Iidem
868 5730 1038 5782 codex
1067 5678 1553 5804 liegitts,_a).ad0:

549 5791 665 5866 (88)
691 5791 840 5851 Libri
866 5807 1022 5853 anlca
1051 5791 1200 5866 editi,
1220 5800 1311 5855 val
1337 5798 1486 5856 εῐπεν
1507 5798 1659 5868 οὗτος
1680 5801 1851 5870 οὕτως
1874 5806 1931 5860 ἐν
1951 5804 2051 5858 σοί.

2148 4780 2301 4832 ριος·
2338 4764 2433 4829 Τίς
2461 4761 2760 4829 ἀπατήσει
2798 4760 2907 4815 τὸν
2942 4759 3158 4829 Ἄχαὰϐ
3176 4759 3455 4823 ,βασιλέα
3485 4756 3747 4825 Ἰσραὴλ,

2155 4856 2255 4910 καὶ
2275 4856 2661 4923 ἀναϐήσεται,
2680 4854 2779 4908 καί
2794 4852 3063 4907 πεσεῖται
3083 4852 3153 4905 ἐν
3179 4851 3443 4921 Ῥαμμὼθ
3468 4848 3748 4914 Talasio;

2155 4950 2267 5004 Kal
2302 4944 2474 5002 εἶπεν
2517 4945 2713 5014 οὗτοςσ
2758 4947 2858 5002 καὶ
2903 4946 3126 5015 ἐξῆλθε
3174 4944 3287 5016 (90)
3336 4944 3593 5013 πνεῦμα,
3645 4943 3746 4996 καὶ

2159 5040 2309 5109 ἔστη
2339 5039 2600 5095 ἐνώπιον
2639 5039 2884 5108 Κυρίου,
2923 5039 3023 5092 καὶ
3064 5033 3253 5091 εἶπενσ
3281 5036 3431 5107 Ἐγὼ
3456 5034 3748 5104 ἀπατήσω

2160 5134 2367 5187 αὐτόν’
2391 5134 2487 5187 καὶ
2515 5130 2646 5187 εἷπε
2669 5133 2906 5200 Κύριος·
2939 5132 3039 5184 Ἐν
3071 5130 3224 5192 τίνι;
3258 5129 3357 5182 καὶ
3382 5125 3572 5182 εἷπεν·
3592 5126 3750 5191 Ἐξε-

2162 5227 2479 5295 λεύσομαι,
2527 5226 2628 5279 καὶ
2648 5226 2863 5294 ἔσομαι
2886 5222 3124 5293 πνεῦμα
3150 5221 3377 5291 ψευδὲς
3404 5222 3475 5274 ἐν
3498 5220 3750 5289 στόματι

2163 5317 2406 5374 πάντων
2436 5318 2556 5374 τῶν
2576 5316 2899 5389 προφητῶν
2929 5314 3140 5371 αὐτοῦ.
3164 5313 3361 5384 Σαφῶς
3391 5310 3484 5367 οὖν
3510 5312 3599 5366 διὰ
3622 5311 3750 5364 τού-

1111 5466 1159 5498 ”
1187 5464 1346 5525 loan.
1375 5481 1498 5534 vnn,
1528 5465 1617 5521 bl.
1694 5465 1742 5497 “
1765 5465 1896 5521 ibid.
1972 5465 2017 5499 ’⁷
2047 5466 2114 5523 ιιι
2149 5470 2291 5542 Reg.
2313 5486 2408 5527 xxi
2450 5472 2522 5530 20
2572 5480 2700 5541 seq.
2768 5467 2817 5501 "
2850 5465 2895 5521 ll
2918 5465 3043 5521 Par.
3078 5479 3236 5526 xvnt,
3270 5464 3336 5519 13
3362 5473 3414 5516 et
3438 5476 3554 5531 seq.

2233 5591 2344 5662 (89)
2374 5594 2556 5662 Codex
2585 5590 2809 5662 Regius,
2838 5584 3034 5658 ψευδὲς
3088 5587 3168 5649 εἰς
3197 5582 3257 5638 τὸ
3307 5582 3482 5652 στόμα
3529 5581 3750 5636 πάντων

2160 5662 2268 5716 τῶν
2303 5659 2599 5733 προφητῶν
2624 5659 2850 5733 τούτων.
2884 5728 2895 5733 _
3054 5718 3081 5733 η,
3242 5721 3264 5733 _
3434 5724 3447 5733 ,
3466 5720 3516 5733 ,,

2237 5718 2517 5804 (θυίιιῖείυ
2556 5733 2725 5788 codex
2766 5728 2989 5799 llcgins,
3025 5718 3180 5788 οὗτος
3209 5721 3400 5786 οὕτως,
3430 5719 3643 5794 ἐξῆλθε.
