4196 6414
432 349 524 407 6H

1498 345 1858 403 COMMENT.
1890 344 1957 400 IN
1993 345 2186 403 JOAN.
2224 347 2465 405 TOMUS
2506 349 2624 404 XX.

3593 350 3704 406 διε

431 485 540 519 των
578 464 853 536 δηλοῦται,
898 465 982 518 ὅτι
1028 462 1246 534 πνεῦμά
1281 480 1334 516 τι
1366 464 1483 516 ἐστὶ
1519 463 1629 534 (91)
1660 463 1873 533 ψευδὲς,
1926 465 2013 517 καὶ

2127 467 2474 520 mendacium
2531 475 2587 519 et
2641 473 2864 534 propter
2915 465 3127 532 vitium,
3165 481 3272 520 non
3321 466 3444 536 quia
3481 479 3705 538 propter

433 558 718 629 πνεύματα
742 559 811 611 τὰ
842 559 1004 628 ὅμοια
1049 552 1134 625 εἴη
1156 555 1221 608 ἂν
1249 554 1416 624 ψευδῆ
1447 553 1754 624 πνεύματα,
1790 553 1897 624 ἀπὸ
1923 552 2020 606 τοῦ

431 649 664 719 ψεύστου
699 648 905 718 πατρὸς
939 645 1198 714 εἰληφότα
1230 644 1292 695 τὸ
1317 639 1456 695 εἶναι
1501 643 1671 712 ψευδῆ
1708 641 2016 711 πνεύματα,

432 742 576 794 κατὰ
605 739 665 792 τὸ
690 738 884 808 ψεῦδος
914 737 1008 789 καὶ
1034 736 1131 806 τὴν
1165 735 1383 797 κακίαν,
1425 734 1520 786 καὶ
1545 735 1643 803 οὐχ
1665 733 1744 784 ὅτι
1776 734 1896 786 κατ’
1929 732 2020 784 ού-

436 831 573 882 σίαν.
603 829 675 880 Τὸ
710 828 806 898 μὲν
835 822 927 880 οὖν
968 825 1122 893 ἆγιον
1163 823 1407 894 Πνεῦμα,
1451 822 1484 894 ἢ
1517 823 1807 891 ἀγγελικὺν
1859 821 2020 875 πνεῦ-

419 938 532 991 Ιμα,
575 922 703 974 ὅταν
759 919 916 989 λαλῇ,
950 919 1051 970 οὐκ
1104 919 1167 969 ἐκ
1205 916 1314 968 τῶν
1357 916 1503 968 ἰδίων
1545 914 1716 976 λαλεῖ,
1751 914 1864 966 ἀλλ’
1911 913 2020 967 ἀπὸ

415 997 523 1065 ¹τοῦ
559 1011 732 1079 Λόγου
753 1010 851 1080 τῆς
881 1009 1138 1080 ἀληθείας
1171 1008 1264 1060 καὶ
1292 1008 1392 1077 τῆς
1424 1007 1633 1076 σοφίας·
1672 1008 1808 1078 ὅπερ
1829 1008 2020 1077 δηλοῦ-

430 1123 522 1158 ται
543 1105 636 1157 καὶ
671 1107 727 1156 ἐν
751 1103 829 1172 τῷ
863 1102 1004 1155 κατὰ
1057 1101 1331 1170 Ἰωάννην,
1361 1099 1489 1152 ἔνθα
1534 1099 1664 1170 περὶ
1706 1099 1800 1152 τοῦ
1830 1101 2017 1171 Παρα-

432 1198 630 1265 κλήτου
654 1195 920 1247 διδάσκων
955 1195 983 1245 6
1001 1193 1204 1263 Κύριός
1232 1209 1396 1262 φησιν
1431 1190 1564 1262 (9Ξ)’
1595 1193 1698 1244 Ἐκ
1736 1192 1841 1246 τοῦ
1870 1193 2016 1261 ἐμοῦ

428 1288 706 1355 λήψεται,
765 1284 864 1340 καὶ
916 1285 1238 1353 ἀναγγελεῖ
1285 1284 1445 1352 ὑμῖν.
1496 1284 1568 1336 Τὸ
1615 1285 1796 1354 μέντοι
1825 1285 2018 1355 ψεῦδος

426 1378 552 1430 ὅταν
580 1377 736 1446 λαλῇ,
772 1377 836 1428 ἐκ
864 1374 970 1428 τῶν
998 1375 1144 1428 ἰδίων
1173 1375 1344 1427 λαλεῖ·
1381 1375 1444 1427 ἐκ
1464 1374 1572 1427 τῶν
1604 1375 1748 1428 ἰδίων
1773 1371 1881 1448 γὰρ
1902 1375 2018 1430 ἐλά-

427 1469 559 1540 λησε
589 1470 680 1522 καὶ
708 1469 768 1522 τὸ
798 1471 856 1521 ὲν
875 1471 942 1540 τῇ
979 1475 1026 1538 γ’
1073 1468 1182 1522 τῶν
1213 1468 1552 1523 Βασιλειῶν
1579 1468 1774 1538 ψευδὲς
1797 1470 2016 1541 πνεῦμα

427 1560 649 1614 ἀπατῶν
669 1560 760 1613 τὸν
786 1560 1012 1631 Ἀχαάϐ.
1051 1560 1198 1631 Πλὴν
1215 1577 1292 1612 πα
1301 1562 1432 1632 ρατή
1444 1578 1546 1631 ρει,
1585 1562 1691 1623 ὅτι,
1713 1563 2013 1630 ψεύστης,

427 1651 595 1720 ὄνομα
651 1650 850 1721 ὁμοίως
880 1651 1136 1703 τέτακται
1174 1650 1266 1704 ὲπί
1310 1667 1370 1702 τε
1425 1651 1520 1704 τοῦ
1566 1652 1926 1721 γεννήσαντος
1955 1653 2016 1706 τὸ

2121 558 2411 610 essentiam
2439 566 2494 610 et
2524 566 2776 609 naturam
2807 557 2915 609 sint
2933 556 3088 611 tales.
3115 559 3293 624 Atque
3317 559 3553 627 Spiritus
3577 561 3704 628 qui.

2122 649 2243 702 dem
2279 657 2525 710 sanctus,
2562 648 2643 700 vel
2673 649 2952 716 angelicus
3003 649 3231 716 spiritus
3272 665 3396 703 cum
3430 649 3701 718 loquitur,

2120 757 2228 795 non
2281 757 2348 795 ex
2391 741 2624 809 propriis
2667 741 2928 808 loquitur,
2965 743 3058 794 sed
3107 740 3349 809 loquitur
3378 756 3406 793 a
3440 740 3706 798 Sermone

2121 834 2370 888 veritatis
2394 842 2448 888 et
2475 834 2762 901 sapientia:
2784 835 2830 867 "
2871 851 2884 886 :
2917 834 2967 886 id
3008 834 3154 901 quod
3185 833 3350 886 etiam
3389 833 3707 888 manifestat

2119 926 2345 980 Joannis
2393 926 2764 994 Evangelium,
2803 927 2856 978 in
2902 940 3010 993 quo
3063 926 3131 979 de
3159 924 3443 980 Paracieto
3495 925 3705 979 docens

2123 1020 2298 1085 inquit
2330 1020 2346 1050 ¹
2385 1035 2398 1071 :
2437 1019 2512 1072 De
2548 1034 2661 1070 meo
2695 1019 2934 1085 accipiet,
2970 1029 3016 1071 et
3045 1019 3384 1071 annuntiabit
3411 1018 3574 1071 vobis.
3600 1016 3704 1083 Qui

2119 1126 2249 1165 vero
2283 1127 2349 1164 ex
2393 1111 2630 1180 pr0priis
2657 1110 2920 1177 loquitur,
2952 1111 3296 1164 mendacium
3323 1110 3605 1178 loquitur;
3635 1123 3705 1164 ex

2120 1200 2356 1269 propriis
2384 1201 2528 1252 enim
2563 1199 2775 1253 locutus
2810 1211 2895 1254 est
2927 1200 3094 1253 etiam
3140 1201 3229 1256 ille
3272 1202 3323 1255 in
3369 1202 3511 1256 libro
3541 1201 3704 1253 tertio

2122 1292 2324 1359 Regum
2353 1290 2578 1359 Spiritus
2609 1291 2839 1345 mendax
2867 1291 3142 1361 decipiens
3176 1292 3382 1350 Achab.
3418 1291 3704 1347 Verumta—

2119 1395 2244 1434 men
2267 1381 2500 1434 observa
2537 1379 2864 1434 vocabulum
2891 1383 3145 1446 mendax,
3177 1382 3431 1436 similiter
3460 1382 3702 1450 positum

2119 1471 2285 1524 fuisse
2309 1471 2376 1524 de
2406 1471 2646 1538 diabolo,
2680 1471 2770 1538 qui
2801 1471 3145 1526 mendacium
3178 1471 3384 1541 genuit,
3429 1473 3576 1525 etde
3603 1471 3704 1526 ho-

2121 1561 2288 1616 mine.
2319 1561 2497 1628 Atque
2524 1562 2630 1616 hoc
2659 1562 2878 1630 quidem
2916 1563 2968 1615 in
3009 1562 3129 1616 loco
3161 1563 3360 1616 dicitur
3383 1565 3449 1616 de
3481 1561 3704 1616 homine

2118 1661 2172 1706 et
2198 1652 2266 1706 de
2308 1653 2550 1716 diabolo,
2579 1655 2831 1715 quoniam
2857 1654 3086 1705 utendam
3108 1661 3207 1716 est,
3241 1663 3289 1705 et
3323 1662 3476 1720 pater
3505 1651 3621 1720 ejus
3644 1651 3703 1703 ’ξ

426 1741 619 1810 ψεῦδος
658 1741 904 1793 διαϐόλου
960 1742 1054 1794 καὶ
1088 1742 1181 1795 ἐπὶ
1205 1741 1299 1794 τοῦ
1341 1742 1650 1813 ἀνθρώπουθ
1685 1743 1875 1797 ἐνθάδε
1913 1744 2012 1814 μὲν

2121 1745 2172 1798 in
2209 1744 2440 1798 Psalmis
2483 1759 2615 1799 vero
2671 1745 2739 1798 de
2768 1743 2989 1797 homine
3036 1741 3236 1806 solum,
3273 1753 3334 1797 ut
3381 1743 3509 1796 illud
3541 1759 3554 1793 :
3588 1741 3704 1811 Ego

426 1832 534 1903 γὰρ
565 1832 694 1903 περὶ
726 1831 820 1885 τοῦ
863 1831 1147 1905 ἀνθρώπου
1198 1832 1413 1900 λέγεται
1445 1812 1533 1886 Ῠτόο
1575 1835 1702 1888 ’Ότι
1735 1812 2012 1902 ψεύστης

2115 1837 2229 1890 dixi
2260 1837 2314 1889 in
2357 1853 2569 1890 excessu
2595 1852 2708 1889 meo
2739 1851 2758 1888 :
2789 1835 2974 1889 Omnis
3006 1836 3162 1888 homo
3213 1835 3439 1888 mendas;
3463 1834 3504 1887 ³.
3539 1833 3703 1906 34³1

427 1925 576 1988 ἐστὶ,
605 1927 703 1979 καὶ
729 1929 762 1979 ό
795 1925 990 1993 πατὴρ
1015 1926 1220 1979 αὐτοῦ·
1255 1927 1382 1997 περὶ
1405 1925 1500 1978 τοῦ
1533 1926 1778 1979 διαϐόλου
1811 1927 2005 1996 λέγων’

427 2019 485 2071 ἐς
516 2019 572 2071 δὲ
609 2017 877 2087 Ψαλμοῖς
907 2019 1001 2070 ἐπὶ
1033 2017 1318 2089 ἀνθρώπου
1350 2019 1533 2089 μόνου,
1567 2019 1642 2082 ὼς
1661 2019 1741 2072 τό·
1772 2020 1914 2088 Ἐγὼ
1942 2018 2011 2072 δὲ

425 2106 596 2163 εἷπον
623 2109 694 2163 ἐν
729 2110 804 2178 τῇ
846 2109 1130 2164 ἐκστάσει
1180 2127 1320 2180 μου’
1355 2109 1481 2176 Πᾶς
1520 2110 1829 2178 ἅνθρωπος
1858 2112 2008 2179 ψεύ-

425 2217 598 2268 στης.
629 2198 815 2252 Ταῦτα
863 2199 921 2253 δὲ
967 2200 1337 2272 παρεθέμεθα,
1368 2200 1454 2253 ἵνα
1503 2200 1653 2272 πάσῃ
1694 2201 1922 2271 δυνάμει
1955 2201 2017 2254 τὸ

426 2285 565 2342 εἶναι
614 2289 890 2360 ἄνθρωποι
933 2290 1064 2361 (93),
1096 2290 1190 2342 καὶ
1241 2290 1559 2360 σπεύδωμεν
1593 2291 1845 2359 γενέσθαι
1879 2290 2010 2344 θεοί·

427 2381 656 2451 ἐπείπερ
683 2382 803 2434 ὅσον
834 2381 999 2451 ἐσμὲν
1022 2381 1318 2453 ἄνθρωποι,
1341 2380 1580 2451 ψεῦσταί
1614 2383 1802 2451 ὲσμεν,
1827 2382 1901 2446 ὡς
1923 2382 2015 2435 καὶ

426 2472 454 2523 6
477 2473 658 2544 πατὴρ
686 2472 780 2526 τοῦ
811 2473 1040 2542 ψεύδους
1063 2473 1304 2544 ψεύστης
1335 2473 1510 2533 ἐστίν,
1534 2473 1760 2544 Ὅμοιον
1791 2473 1850 2526 δέ
1895 2475 2014 2526 ἐστι

426 2565 487 2617 τὸ
532 2567 779 2638 μετέχειν
811 2571 960 2640 ἡμᾶς
996 2569 1113 2632 ἑνὸς
1150 2570 1245 2622 καὶ
1274 2569 1369 2622 τοῦ
1404 2568 1568 2621 αὑτοῦ
1596 2570 1860 2640 ὀνόματος
1879 2610 1893 2634 ,
1920 2570 2014 2623 καὶ

2118 1927 2316 1982 Verum
2345 1927 2462 1982 hinc
2489 1929 2672 1981 omnia
2709 1928 2760 1981 in
2785 1927 3024 1981 medium
3053 1927 3402 1992 adduximus,
3441 1939 3500 1980 ut
3520 1927 3704 1996 quoad

2119 2017 2238 2072 ﬁeri
2262 2028 2459 2086 potest,
2488 2019 2761 2088 fugiamus
2791 2031 2912 2072 esse
2956 2016 3206 2072 homines
3251 2015 3576 2072 festinantes
3601 2016 3704 2071 ﬁlii

2118 2107 2214 2162 Dei
2239 2107 2377 2164 eﬂici
2418 2126 2430 2161 :
2465 2108 2728 2177 quoniam
2759 2108 3002 2177 quandiu
3035 2107 3288 2162 homines
3311 2123 3521 2170 sumus,
3545 2123 3704 2161 men-

2121 2202 2285 2256 daces
2312 2216 2524 2267 sumus,
2558 2201 2703 2256 sicut
2741 2210 2796 2254 et
2836 2209 2992 2267 pater
3028 2198 3299 2252 mendacii
3336 2199 3570 2253 mendax
3593 2207 3702 2254 est.

2120 2293 2310 2348 Simile
2333 2303 2417 2348 est
2447 2302 2627 2347 autem
2656 2307 2760 2362 nos.
2783 2291 2943 2345 unius
2966 2300 3020 2344 et
3049 2290 3290 2357 ejusdem
3319 2290 3554 2344 nominis
3585 2288 3704 2343 lieri

2118 2387 2434 2456 participes,
2460 2396 2516 2440 et
2539 2385 2868 2455 participare
2897 2401 3010 2439 rem
3045 2386 3115 2440 ab
3150 2384 3267 2453 ipso
3295 2383 3513 2437 nomine
3534 2382 3706 2450 signi-

2118 2480 2332 2533 ticatam
2367 2496 2382 2533 :
2418 2493 2518 2532 nos
2548 2478 2694 2541 dico,
2724 2476 2770 2530 si
2805 2477 2988 2531 adhuc
3021 2477 3384 2530 manserimus
3431 2475 3704 2539 homines,

2116 2583 2172 2626 et
2207 2571 2505 2638 diabolum,
2538 2571 2630 2641 qui
2669 2571 2903 2626 mendax
2933 2580 3018 2625 est
3053 2573 3248 2626 dictus.

425 2658 518 2712 τοῦ
542 2660 938 2730 σημαινομένου
972 2660 1076 2713 ὑπὸ
1100 2659 1194 2713 τοῦ
1209 2660 1470 2731 ὀνόματος
1494 2661 1842 2731 πράγματοςο
1896 2663 2046 2732 ἡμᾶς
2098 2662 2260 2733 λέγω,
2295 2646 2390 2718 ὲᾶν
2423 2664 2503 2717 ἔτι
2552 2663 2802 2735 μένωμεν
2838 2664 3135 2735 ἄνθρωποι,
3171 2661 3268 2715 καὶ
3305 2661 3394 2714 τὸν
3438 2658 3703 2722 διάϐολον,

426 2759 483 2820 ὃς
497 2757 734 2827 ψεύστης
764 2757 978 2826 εἴρηται
1010 2755 1142 2825 (94).

494 2846 584 2901 24.
615 2845 756 2915 Ἐγὼ
775 2844 844 2898 δὲ
865 2845 952 2898 ὅτι
977 2843 1090 2913 τὴν
1122 2844 1412 2912 ἀλήθειαν
1437 2844 1612 2914 λέγω,
1639 2847 1711 2899 οὐ
1733 2845 2011 2900 πιστεύε-

426 2933 492 2988 τέ
517 2953 638 3003 μοι.
668 2933 730 2987 Ei
759 2935 1085 3005 μεμνήμεθα
1123 2941 1260 3005 πρὸς
1292 2934 1444 2997 τίνας
1483 2936 1630 2988 ἐστὶν
1663 2937 1691 2988 6
1717 2936 1894 3004 λόγος,
1928 2937 2011 2990 ὅτι

428 3025 563 3097 πρὸς
601 3027 728 3089 τοὺς
773 3026 1204 3088 πεπιστευκότας
1237 3024 1383 3095 αὐτῷ
1430 3026 1736 3091 Ἰουδαίους,
1771 3030 2011 3097 ἐπαγγε-

427 3117 545 3173 λίαν
583 3117 976 3188 λαμδὰνοντας,
1030 3118 1132 3180 ὅτι,
1173 3117 1267 3170 ἐὰν
1302 3117 1533 3188 μένωσιν
1559 3121 1616 3172 ἐν
1636 3119 1715 3188 τῷ
1746 3119 1888 3191 λόγῳ
1912 3119 2006 3174 τοῦ

427 3207 626 3278 Ἰησοῦ,
669 3209 790 3260 τότε
811 3206 1026 3277 ἀληθῶς
1060 3206 1224 3260 αὐτοῦ
1247 3209 1353 3259 είσι
1378 3206 1637 3278 μαθηταὶ,
1663 3209 1756 3261 καὶ
1782 3208 2012 3278 γνώσον-

425 3315 512 3351 ται
548 3297 647 3369 τὴν
685 3297 941 3369 ἀλήθειαν
986 3297 1377 3368 ὲλευθεροῦσαν
1415 3299 1631 3362 αὐτούς’
1665 3301 2012 3371 ὲπαπορήσο-

430 3407 529 3461 μεν
551 3389 668 3452 πῶς
697 3393 811 3453 τοῖς
837 3389 1096 3453 τοιούτοις
1120 3390 1302 3459 φησίν·
1339 3390 1481 3460 Ἐγὼ
1511 3390 1580 3444 δὲ
1607 3390 1696 3444 ὅτι
1721 3390 1838 3460 τὴν
1869 3392 2013 3458 ἀλή-

428 3487 592 3538 θειαν
609 3483 783 3553 λέγω,
808 3486 878 3538 οὐ
899 3484 1214 3538 πιστεύετέ
1243 3501 1363 3554 μοι.
1395 3484 1507 3538 Καὶ
1532 3484 1825 3551 ἐπίστησον
1851 3487 1899 3538 εί
1919 3485 2011 3538 δύ-

431 3576 585 3630 ναταί
612 3593 698 3640 τις
715 3576 794 3648 τῷ
821 3575 970 3646 αὐτῷ
997 3578 1140 3631 κατά
1159 3594 1282 3630 τινα
1316 3577 1413 3648 μὲν
1440 3577 1681 3630 ἐπίνοιαν
1714 3577 2010 3641 πιστεύειν,

430 3670 571 3723 κατὰ
585 3670 643 3724 δὲ
660 3669 853 3740 ἑτέραν
877 3670 952 3740 μὴ
979 3669 1270 3722 πιστεύειν·
1288 3665 1418 3732 οἷον,
1444 3669 1884 3740 παραδείγματος
1899 3669 2015 3722 ἓνε-

428 3774 542 3822 κεν,
558 3759 607 3811 oi.
620 3757 966 3820 πιστεύοντες
985 3757 1083 3828 μὲν
1099 3759 1179 3819 είς
1198 3759 1289 3812 τὸν
1307 3759 1398 3813 ἐπὶ
1411 3758 1635 3812 Ποντίου
1653 3759 1886 3813 Πιλάτου
1901 3759 2010 3831 (95)

500 3899 548 3932 ⁹⁹
585 3899 744 3954 Joan.
777 3915 888 3963 xvi,
907 3901 993 3958 l3.

503 4040 616 4110 (9|)
652 4040 771 4093 Ὀτι
799 4034 1107 4110 πνεῦμά-τι
1133 4036 1286 4102 ἐστί,
1323 4045 1427 4110 etc.
1452 4036 1614 4093 Forte
1635 4039 2006 4104 scribendum,

431 4108 520 4165 δτι
544 4114 592 4164 εἰ
616 4110 833 4181 πνεῦμά
857 4126 910 4161 τι
935 4108 1069 4160 ἐστί.
1089 4109 1375 4174 Perperam
1411 4109 1466 4161 in
1493 4120 1648 4162 antea
1681 4110 1845 4164 editis
1865 4121 2009 4164 totus

435 4183 523 4236 hic
547 4181 696 4234 locus
720 4183 790 4232 ita
824 4180 1040 4246 legitur,
1072 4178 1154 4230 ὅτι
1193 4176 1413 4248 πνεῦμά
1437 4195 1490 4230 τι
1546 4175 1664 4230 ἐστὶ
1712 4178 1776 4233 τὸ
1816 4179 2010 4248 ψευδὲς

455 4199 696 4251 IICVIOCIIS
720 4199 790 4251 lila
825 4199 1040 4251 [eglllll',
1072 4199 1154 4251 οτι
1193 4199 1413 4248 πνευμα
1437 4199 1490 4230 τι
1546 4199 1664 4230 εστι
1712 4199 1776 4233 το
1816 4199 1842 4251 Kl

432 4250 650 4322 πνεῦμα
672 4250 848 4303 πάντα
873 4249 1035 4330 ὃμοια
1068 4249 1173 4317 εἴη.
1195 4318 1208 4334 '
1832 4249 1855 4332 '.

433 4321 822 4446 KéztioL-(hdex
847 4318 1070 4388 Regius,
1099 4317 1364 4372 διδασκων
1391 4317 1484 4371 καί
1530 4334 1715 4390 φησιν,
1747 4333 1951 4373 omisso
1980 4319 2009 4372 6

486 4407 652 4446 υοιος.

507 4408 778 4530 ﬁgi-"Ira
825 4457 996 4526 πάσῃ
1036 4456 1300 4530 δυνάμει
1355 4459 1422 4512 τὸ
1476 4455 1629 4513 εἶναι
1688 4457 2002 4530 ἅνθρωποι.

435 4528 584 4586 Adde
617 4531 926 4600 φεύγωμεν,
967 4528 1049 4582 vel
1081 4529 1208 4600 quid
1253 4529 1468 4600 sim_i|e:
1504 4545 1628 4582 nam
1682 4538 1734 4581 et
1769 4529 1821 4583 id
1859 4529 2005 4600 desij

435 4603 590 4656 derat
616 4597 716 4654 loci
745 4597 936 4653 sensus
965 4637 981 4660 ,
1028 4606 1081 4651 et
1125 4599 1285 4651 habet
1333 4597 1641 4664 Ferrarius,
1701 4607 1778 4663 ut,
1830 4597 2006 4666 quoad

436 4671 553 4739 ﬁeri
585 4680 777 4733 potest,
809 4669 1077 4736 fugiamus
1099 4683 1210 4739 esse
1249 4671 1504 4739 noniines.

509 4740 618 4808 (94)
650 4741 828 4792 Codex
860 4739 1077 4810 Regius,
1114 4738 1142 4789 6
1171 4736 1410 4810 ψεύστης
1441 4740 1675 4810 εἴρηται.

507 4806 617 4880 (95)
647 4813 710 4862 Ol
735 4806 1121 4880 πιστεύοντες
1153 4807 1272 4880 μὲν·
1320 4809 1408 4880 εἰς
1471 4806 1578 4862 τὸν·
1603 4806 1703 4861 ἐπὶ
1750 4807 2007 4880 Ποντίου

436 4877 720 4941 Πιλάτου,
748 4891 852 4931 etc.
873 4877 1004 4947 Eam
1037 4879 1358 4945 persuingit
1384 4890 1610 4947 sectam,
1643 4892 1806 4947 quam
1863 4878 2003 4929 intra

437 4959 570 5006 tom.
628 4961 774 5000 xxxii
823 4949 878 5000 in
898 4946 1180 5010 Joannem,
1215 4963 1365 5000 num.
1393 4946 1447 5011 9,
1478 4949 1561 5001 his
1593 4946 1778 4999 vei-bis
1800 4947 2006 5015 suggil-

437 5019 510 5072 lat
539 5036 552 5072 :
585 5021 654 5072 Ἦ
690 5018 848 5072 πάλιν
875 5017 928 5068 εῐ
947 5033 1032 5078 τις
1060 5015 1348 5075 πιστεύων.
1383 5017 1465 5069 ὅτι
1497 5018 1589 5070 ἐπὶ
1640 5016 1862 5069 Ποντίου
1914 5017 2006 5068 Πι-

435 5088 595 5142 λάτου
622 5087 971 5160 σταυρωθεὶς,
1003 5086 1145 5156 ἱερόν
1167 5087 1432 5160 τιᾼχρῆμα
1461 5087 1555 5160 καὶ
1608 5087 1872 5160 σωτήριον
1926 5085 2005 5160 τῷ

435 5160 625 5229 κόσμῳ
677 5155 1405 5229 ὲπίδεδήμηκξνοᾲλλίοὺκ
1457 5159 1521 5229 ἐκ
1575 5155 1844 5229 παρθένου
1903 5155 2005 5225 τῆς

436 5224 676 5297 Μαρίας,
711 5224 1316 5297 καὶ-ἁγίου-Πνεύματος
1335 5227 1434 5296 τὴν
1459 5224 1670 5297 γένεσιν
1691 5224 2002 5297 ἀνείληφεν,

436 5249 676 5320 Μαριας,
711 5249 806 5280 και
833 5249 987 5293 αγιου
1005 5249 1316 5294 υνευματος
1335 5249 1434 5296 την
1459 5249 1668 5295 γενεσιν
1691 5249 2002 5307 αγειΛηφεν,

436 5299 537 5377 ἀλλ
585 5300 644 5366 ἐξ
679 5294 1008 5377 -Ἶωῄφ-καὶ
1054 5296 1293 5377 Μαρίας,
1348 5307 1455 5377 etc.
1636 5297 1765 5365 ipSIs
1820 5309 2002 5377 autem

445 5369 722 5439 religionis
768 5367 1093 5420 Christiana:
1125 5366 1714 5439 priuiordiis_ded_ucta
1761 5376 1844 5439 est
1884 5366 2001 5439 hare

442 5435 684 5498 hauriasis.
718 5450 947 5503 eamque
989 5435 1416 5503 saepe__lgnatius
1442 5435 1478 5488 2
1533 5436 1602 5488 ad
1660 5435 1824 5488 Τπ-(ιιι.
1856 5445 1910 5488 et
1965 5435 2001 5487 5

437 5513 506 5560 ad
537 5501 883 5582 Philadelphi.
909 5501 1107 5582 carpit.
1131 5501 1302 5573 Hujus
1349 5506 1583 5582 artiﬁces
1630 5515 2001 5582 memorantur

442 5579 619 5640 multi,
652 5578 704 5631 in
730 5575 927 5646 quibus
945 5573 1274 5646 praecipuum
1294 5584 1376 5626 est
1402 5573 1749 5646 Carpocratis
1774 5589 1995 5646 nomen,

440 5646 681 5708 Ebionis,
711 5641 976 5708 Cerinthi,
1013 5641 1163 5695 Pauli
1198 5641 1558 5707 Samosateni,
1584 5642 1828 5706 Sabellii.
1861 5643 1996 5696 alia-

441 5732 670 5784 rumque
707 5712 1105 5793 Cltristianismi
1136 5712 1396 5792 vibicum.
1422 5713 1554 5766 Vide
1598 5714 1996 5794 Theodoretum

448 5785 644 5839 "cret.
671 5783 862 5839 Fabul.
894 5783 988 5838 lib.
1025 5796 1080 5836 ll.
1106 5781 1174 5836 At
1198 5781 1396 5836 ibidem
1421 5798 1539 5839 can.
1570 5782 1593 5836 1
1623 5792 1674 5838 et
1703 5782 1767 5839 3.
1796 5791 1850 5838 ct
1899 5781 1992 5836 ltb.

498 5800 644 5842 ωηε.
671 5798 862 5841 r‘aout.
894 5798 988 5838 HD.
1025 5798 1080 5836 ΙΙ.
1106 5798 1174 5836 Al.
1198 5798 1396 5836 IDIUCID
1421 5798 1539 5853 cap.
1570 5798 1593 5836 ι
1623 5798 1674 5838 ει
1703 5798 1767 5851 ι),
1796 5798 1850 5838 Cl.
1899 5798 1992 5836 ηυ.

2186 2844 2280 2898 9.4.
2315 2841 2430 2914 Ego
2464 2854 2639 2897 autem
2687 2847 2814 2914 quia
2855 2844 3132 2897 veritatem
3173 2843 3313 2904 dico.
3341 2857 3446 2895 non
3485 2843 3703 2897 creditis

2116 2937 2248 2990 mihi
2264 2937 2304 2990 δ.
2332 2936 2388 2990 Si
2410 2951 2682 2990 memores
2712 2951 2901 2990 sumus
2925 2936 2991 2988 ad
3014 2949 3151 3003 quos
3178 2934 3474 3004 loquitur",
3508 2949 3704 3005 nempe

2116 3029 2183 3082 ad
2217 3042 2312 3082 eos
2338 3028 2430 3096 qui
2467 3026 2820 3080 crediderant
2845 3026 2894 3080 ei
2934 3024 3180 3088 Judaeos,
3227 3025 3321 3093 qui
3378 3024 3704 3093 promissio-

2116 3135 2238 3174 nem
2259 3127 2609 3188 acceperant,
2639 3117 2684 3170 si
2709 3119 3142 3186 permansissent
3172 3117 3226 3171 in
3259 3131 3518 3171 sermone
3543 3115 3697 3184 Jesu,

2117 3221 2231 3267 tum
2263 3227 2392 3267 vere
2417 3209 2716 3279 discipulos
2742 3209 2863 3274 ejus
2915 3209 3149 3271 futuros,
3205 3217 3259 3263 et
3289 3209 3576 3278 agnituros
3610 3223 3705 3261 ve-

2118 3305 2331 3360 ritatem
2363 3304 2689 3358 liberantem
2718 3317 2835 3366 eos,
2862 3300 3234 3356 dubitabimus
3274 3301 3546 3368 quomodo
3571 3298 3700 3352 tali-

2115 3397 2218 3452 bus
2253 3395 2402 3451 dicat
2437 3411 2450 3446 :
2485 3394 2600 3464 Ego
2653 3407 2830 3447 autem
2879 3393 3006 3463 quia
3057 3394 3332 3446 veritatem
3387 3392 3530 3454 dico,
3589 3405 3700 3444 non

2112 3489 2329 3544 creditis
2362 3489 2510 3540 mihi.
2559 3485 2798 3540 Proinde
2847 3485 2970 3539 vide
3013 3500 3082 3539 ne
3134 3483 3276 3537 forte
3321 3483 3476 3553 juxta
3527 3495 3694 3535 unam

2115 3577 2608 3633 considerationem
2644 3575 2761 3630 ﬁeri
2793 3576 2984 3645 possit,
3021 3583 3080 3627 ut
3111 3574 3235 3642 quis
3263 3573 3354 3626 uni
3405 3573 3698 3640 eidemque

2115 3670 2322 3732 credat,
2347 3677 2399 3722 et
2428 3668 2580 3737 juxta
2616 3666 2782 3720 aliam
2838 3665 3328 3720 considerationem
3358 3663 3534 3717 eidem
3587 3677 3699 3717 non

2116 3761 2304 3814 credat
2341 3773 2352 3808 :
2386 3759 2537 3813 verbi
2570 3757 2772 3827 gratia,
2802 3757 2894 3826 qui
2931 3756 3164 3812 credunt
3199 3754 3254 3808 in
3285 3751 3473 3809 Iesum
3518 3754 3697 3808 cruci-

1099 3902 1115 3932 ¹
1147 3901 1278 3955 ibid.
1309 3900 1396 3956 15.
1473 3902 1494 3932 ²
1514 3899 1670 3958 Joan.
1697 3918 1816 3970 vm,
1845 3902 1936 3960 44.

2113 3903 2212 3959 sal.
2240 3918 2368 3969 cxv,
2393 3900 2480 3958 Η.
2561 3900 2582 3932 ⁸
2607 3900 2766 3955 Joan.
2794 3916 2915 3965 vm,
2944 3899 3037 3954 45.
3115 3899 3137 3930 ⁵
3164 3899 3296 3953 ibid.
3321 3898 3411 3952 5i.

2113 4053 2166 4099 v,
2203 4053 2322 4106 cap.
2349 4039 2434 4105 11,
2457 4040 2749 4094 discrimen
2774 4039 2990 4107 aliquod
3013 4038 3258 4093 Cerinthi
3290 4037 3434 4090 inter
3461 4045 3514 4089 et
3536 4036 3700 4090 Ehio—

2116 4111 2199 4163 nis
2229 4110 2476 4163 haeresim
2509 4112 2688 4164 inesse
2718 4113 2878 4163 docet
2901 4111 2984 4163 his
3027 4109 3206 4162 verbis
3237 4126 3250 4162 :
3297 4107 3355 4159 Ὀ
3381 4107 3438 4160 δὲ
3492 4107 3699 4177 Κήριν-

2118 4178 2207 4242 θος
2238 4177 2342 4263 τὶν
2362 4180 2458 4249 μὲν
2499 4179 2705 4263 Ἰησοῦν
2747 4178 2808 4242 ἐξ
2851 4179 3075 4263 Ἰωσὴφ-
3100 4179 3194 4263 καὶ
3220 4177 3476 4263 “Magia;
3525 4176 3697 4263 ἔφησε

2116 4245 2438 4319 γεννηθῆναι
2466 4245 2606 4304 κατὰ
2657 4250 2748 4301 τὸν
2797 4248 2975 4301 κοινὸν
2995 4245 3116 4300 ’τῶν
3149 4245 3453 4318 ἀνθρώπων
3509 4245 3695 4326 νόμον,

2115 4317 2319 4391 ᾄνωθεν
2337 4321 2394 4372 δὲ
2419 4319 2510 4391 τὸν
2535 4319 2770 4391 Χριστὸν
2787 4319 3200 4391 κατεληλυθόταΔ
3220 4319 3312 4391 ἐπὶ
3331 4317 3423 4391 τὸν
3463 4317 3693 4391 Ἰησουν·

2127 4389 2426 4460 Ἐσιωναῖοι
2457 4389 2536 4451 δὲ,
2583 4388 2676 4442 καὶ
2699 4458 2707 4460 ξ
2730 4388 3085 4460 Θεοδοτιανοὶ.
3118 4388 3214 4442 καὶ
3249 4389 3695 4460 Ἀρτεμωνιανοὶ,

2114 4459 2210 4543 κτα).
2238 4460 2604 4543 φωτεινιανο),
2635 4458 2788 4543 ψιλὸν
2828 4459 3113 4543 ἄνθρωπον
3154 4457 3440 4543 είρῄκασιν
3483 4459 3546 4510 ὲκ
3592 4457 3695 4526 τῆς

2040 4511 2084 4565 Ῑ)
2112 4511 2776 4600 ΠαρθένουγτδννΧριστὸν
2819 4511 3166 4600 ἦνεγένῆσθαι.
3209 4511 3503 4600 ’ϐἒγὲηζίιιιε
3551 4511 3694 4600 μυεέᾶ

2109 4597 2292 4668 Jesitm
2323 4601 2530 4668 quidem
2559 4597 2624 4652 ea:
2648 4601 2841 4661 Joseph
2861 4597 2906 4650 et
2929 4597 3104 4651 Maria
3133 4598 3397 4650 communi
3421 4597 3695 4668 hominum

2111 4666 2220 4737 lege
2247 4663 2476 4735 genitum
2509 4671 2663 4727 dixit.
2689 4669 2959 4722 Christum
2989 4679 3165 4720 auten:
3189 4684 3217 4720 e
3240 4668 3457 4737 superis
3480 4667 3554 4737 Vin
3574 4663 3693 4737 _Je-

2109 4734 2225 4789 sum
2249 4734 2602 4792 descendisse.
2640 4738 2877 4791 Ebionwi
2912 4754 3120 4799 rursus,
3145 4747 3192 4790 et
3237 4734 3605 4796 Theodotiaui,
3641 4741 3691 4786 et

2109 4808 2496 4874 Artemoniam‘,
2530 4819 2576 4861 et
2613 4806 2944 4872 Photiniani,
2971 4809 3170 4858 nudum
3218 4805 3480 4858 hominem
3535 4804 3689 4874 ιίὶεεξέ

2109 4887 2232 4928 runt
2263 4893 2328 4929 ea:
2370 4873 2584 4946 Virgine
2618 4889 2801 4930 natum
2825 4893 2957 4946 esse.
2992 4877 3248 4930 Eamdem
3276 4876 3416 4946 hanc
3443 4873 3688 4946 Cerinthi

2107 4947 2176 5015 de
2201 4946 2421 5001 Christo
2449 4942 2777 5002 sententiam
2811 4944 3023 5015 Ophitae
3068 4944 3431 5013 postmodum,
3483 4942 3576 5015 qui
3633 4953 3689 4997 et

2109 5013 2390 5087 S_etliiani_,_
2432 5017 2662 5087 amplexi
2701 5012 3032 5087 ξιιηιίγὶύεδ
3079 5012 3478 5087 Theodoretum
3521 5012 3685 5087 _lib._t

2112 5084 2307 5138 Haeret.
2344 5085 2506 5150 Fab.,
2525 5079 2659 5154 'cap.
2696 5085 2782 5138 14.
2804 5086 2942 5153 Quid
2965 5087 3108 5154 quod
3140 5083 3408 5154 Ebionitis
3439 5079 3686 5154 valenti-

2105 5155 2299 5224 uianos
2326 5151 2668 5210 consensisse
2701 5151 2884 5224 prodit
2915 5151 3235 5220 Pamphilus
3268 5155 3320 5204 in
3369 5151 3628 5224 Apologia
3661 5167 3682 5224 _.'

2106 5223 2233 5295 Siue
2257 5227 2540 5284 secundum
2566 5244 2676 5284 eos.
2702 5220 2908 5294 inquit,
2935 5226 3024 5295 qui
3045 5226 3225 5276 dicunt
3251 5236 3456 5295 eun:_ea_:
3486 5220 3682 5295 Josepli

2103 5303 2154 5345 et
2182 5293 2355 5348 Maria
2389 5306 2592 5361 natum,
2624 5297 2757 5350 sicut
2791 5287 2922 5350 'sunt
2947 5287 3216 5348 'Ebionita:
3256 5301 3303 5344 et
3357 5287 3685 5361 Valentinia-

2105 5365 2182 5416 ni.
2211 5363 2264 5415 ld
2286 5365 2330 5418 si
2362 5380 2545 5419 verum
2575 5360 2678 5428 est,
2721 5369 2785 5419 ad
2816 5364 3242 5426 Valentinianos,
3285 5361 3330 5414 si
3357 5360 3520 5421 forte,
3549 5374 3684 5410 non-

2107 5432 2305 5496 nullos,
2339 5449 2442 5488 non
2480 5436 2546 5488 ad
2585 5437 2760 5502 ipsum
2791 5433 3132 5487 Valentinum
3164 5428 3466 5500 pertineat,
3501 5443 3678 5502 quem

2103 5502 2536 5571 demonstramus
2601 5496 2654 5558 in
2715 5496 3366 5571 0rigenianis,__corpus
3433 5496 3682 5566 spiritale

2103 5570 2345 5645 Christo.
2365 5575 2450 5645 _dc
2478 5574 2618 5630 caelo
2649 5568 2928 5645 delapsum
2951 5612 2964 5632 .
2988 5585 3084 5636 per
3117 5568 3394 5645 Virginem
3423 5576 3678 5645 tanquam

2103 5655 2202 5706 per
2237 5634 2470 5698 ﬁstulam
2505 5645 2562 5699 in
2627 5634 2800 5699 terras
2850 5634 3156 5712 digressum
3209 5634 3491 5692 tribuisse.
3543 5634 3684 5692 llus-

2079 5725 2245 5766 οτιυε.
