4196 6386
549 302 659 359 645

2016 295 2340 351 ORIGENIS

3705 302 3775 356 65
3786 306 3811 358 ι

547 418 712 474 ﬁxum
746 426 987 487 tempore
1015 415 1191 470 Pontii
1239 414 1399 469 Pilati
1426 414 1478 467 in
1512 412 1723 480 indm,
1761 430 1866 469 non
1894 418 2115 471 credunt

2223 411 2434 482 Ἰησοῦν
2468 412 2881 484 ἐσταυρωμένον
2913 412 2971 465 ἐν
2997 414 3062 482 τῇ
3084 412 3334 484 Ἰουδαίᾳ»
3367 413 3441 485 μὴ
3468 414 3814 483 πιστεύοντες

542 518 724 562 autem
756 507 812 562 in
843 523 969 563 eum
1003 511 1095 575 qui
1131 515 1288 559 natus
1311 515 1487 560 estex
1522 507 1689 561 Maria
1726 508 1962 575 virgine,
1994 509 2122 564 lii-in

542 615 669 655 eum
696 600 928 654 credunt
973 611 1029 653 et
1063 599 1116 653 itt
1147 614 1268 654 eum
1316 616 1422 654 non
1475 603 1728 655 credunt.
1777 600 2125 669 Rursumque

541 692 636 760 qui
672 694 904 745 credunt
939 692 994 744 in
1043 689 1255 755 Jesnm,
1296 694 1391 759 qui
1422 692 1555 746 fecit
1585 694 1637 746 in
1661 691 1845 748 Iudaea
1880 694 2032 762 signa
2067 702 2125 746 ct

541 784 788 851 prodigia
818 798 939 851 qua:
973 782 1179 849 scripta
1218 793 1370 846 sunt,
1407 799 1512 838 non
1548 786 1787 840 credunt
1833 796 2017 839 autem
2062 785 2117 838 in

539 871 725 929 Jesntn
761 873 958 928 Filium
995 874 1116 943 ejus
1153 875 1246 943 qui
1298 874 1425 929 fecit
1464 878 1664 930 rcelnm
1700 889 1758 930 et
1798 886 2023 941 terram,
2067 878 2117 931 in

541 963 710 1020 Deum
738 966 966 1020 credunt
986 975 1041 1019 et
1059 981 1167 1019 non
1189 965 1443 1020 credunt.
1466 968 1544 1021 Ac
1572 983 1759 1022 rursus
1776 969 1866 1037 qui
1893 971 2120 1022 credunt

541 1054 597 1111 in
626 1055 843 1109 Patrem
864 1055 991 1109 Jesn
1019 1056 1247 1123 Christi,
1277 1075 1382 1113 non
1402 1059 1631 1113 credunt
1660 1068 1842 1113 autem
1870 1058 1924 1114 in
1950 1058 2119 1128 Opili-

537 1159 657 1201 cem
683 1147 1077 1217 Factoremqne
1111 1149 1270 1217 hujus
1288 1152 1555 1213 universi,
1581 1151 1633 1205 hi
1661 1152 1712 1203 in
1732 1166 1857 1205 eum
1885 1152 2118 1208 credunt

496 1267 502 1271 -
539 1250 598 1293 et
629 1253 734 1292 non
767 1242 1020 1293 credunt.
1057 1239 1234 1304 Atque
1261 1241 1517 1309 equidem
1546 1242 1637 1309 qui
1674 1245 1906 1297 credunt
1931 1243 1983 1296 in
2010 1241 2117 1297 Fa-

539 1342 748 1387 ctorem
773 1331 899 1387 ειεΙί
932 1341 987 1387 et
1007 1330 1174 1403 348
1207 1343 1395 1398 terra;
1428 1350 1534 1388 non
1565 1335 1799 1388 credunt
1826 1348 2009 1389 autem
2061 1338 2115 1389 in

539 1423 757 1477 Patrem
784 1421 911 1478 Jesu
925 1424 1176 1477 crucilixi
1206 1432 1448 1493 tempore
1467 1424 1643 1479 Pontii
1666 1424 1846 1489 Pilati,
1872 1425 1924 1479 in
1947 1424 2114 1479 Deum

535 1513 767 1567 credunt
803 1521 858 1567 et
894 1527 999 1567 non
1044 1513 1294 1567 credunt.
1337 1513 1416 1567 Ne
1448 1513 1612 1583 igitur
1645 1515 1831 1568 statim
1870 1514 1944 1568 sit
1982 1527 2121 1569 cono

540 1604 818 1667 trarietas,
849 1605 1076 1672 perinde
1102 1605 1260 1674 quasi
1297 1605 1389 1674 qui
1426 1605 1536 1659 hoc
1575 1606 1771 1660 scribit
1807 1604 2114 1672 huiusmodi

2225 505 2283 558 δέ
2315 508 2396 568 εἰς
2417 506 2510 558 τὸν
2537 505 2932 576 γεγεννημένον
2959 506 3025 557 ἐκ
3043 506 3262 577 Μαρίας
3286 507 3385 577 τῆς
3413 507 3705 579 παρθένου,
3728 505 3816 564 οὗ·

2225 614 2307 650 τοι
2339 599 2420 661 εἰς
2440 597 2531 651 τὸν
2557 598 2719 652 αὐτὸν
2750 596 3084 659 πιστεύουσι,
3128 598 3224 651 καὶ
3247 597 3309 650 ού
3343 599 3680 652 πιστεύουσι.
3705 600 3813 653 Καὶ

2228 688 2392 742 πάλιν
2434 691 2486 743 oi
2527 690 2873 752 πιστεύοντες
2916 691 3014 760 μὲν
3049 691 3129 753 εἰς
3160 688 3255 743 τὸν
3288 692 3592 761 ποιήσαντα
3613 691 3725 762 (96)
3755 693 3813 745 ἐν

2223 779 2456 853 Ἰουδαίᾳ
2494 779 2565 834 τὰ
2590 780 3057 853 ἀναγεγραμμένα
3081 779 3309 851 τέρατα,
3345 783 3439 835 καὶ
3473 785 3676 852 σημεῖα
3708 783 3820 853 ’1η-

2223 871 2371 936 σουν,
2410 872 2484 943 μὴ
2508 872 2852 936 πιστεύοντες
2879 872 2936 926 δέ
2967 874 3049 935 είς
3078 873 3171 926 τὸν
3211 872 3340 927 Υίὸν
3364 874 3478 943 (97)
3510 873 3607 928 τοῦ
3651 877 3811 947 ποιή-

2221 981 2415 1028 σαντος
2459 965 2551 1018 τὸν
2601 965 2828 1037 οὐρανὸν
2857 965 2952 1018 καὶ
2988 965 3089 1036 τὴν
3144 965 3269 1036 γῆν,
3301 968 3381 1029 εἰς
3422 966 3514 1020 τὸν
3546 965 3684 1023 Θεὸν
3714 985 3809 1022 πι-

2220 1056 2469 1109 στεύουσι
2503 1056 2636 1127 (98),
2670 1057 2766 1111 καὶ
2798 1057 2860 1110 οὐ
2896 1057 3232 1111 πιστεύουσι.
3267 1059 3436 1112 Πάλιν
3463 1076 3522 1113 τε
3546 1055 3614 1114 αὖ
3643 1060 3697 1114 oi
3719 1077 3813 1114 πιο

2219 1146 2499 1210 στεύοντες
2517 1148 2616 1217 μέν
2640 1148 2720 1210 είς
2738 1147 2829 1200 τδν
2852 1148 3072 1219 Πατέρα
3088 1147 3264 1219 Ἰησοῦ
3298 1149 3535 1220 Χριστοῦ
3568 1149 3703 1220 (99),
3730 1149 3806 1223 μὴ

2222 1240 2569 1303 πιστεύοντες
2584 1241 2663 1304 είς
2677 1240 2769 1293 τὸν
2784 1239 3128 1311 Δημιουργὸν
3141 1239 3232 1294 καὶ
3247 1239 3485 1310 Ποιητὴν
3500 1240 3654 1294 τοῦδε
3673 1259 3801 1294 παν-

2219 1331 2331 1395 τὸς,
2353 1327 2495 1385 οὗτοι
2529 1333 2611 1395 είς
2643 1332 2735 1385 τὸν
2762 1331 2925 1386 αὐτὸν
2964 1331 3299 1397 πιστεύουσι,
3321 1332 3415 1385 καὶ
3435 1332 3497 1385 ού
3522 1333 3805 1386 πιστεύουο

2222 1438 2328 1476 σιν.
2351 1421 2512 1476 Ἀλλὰ
2533 1425 2628 1476 καὶ
2651 1425 2700 1476 οἱ
2733 1423 3077 1487 πιστεύοντες
3100 1424 3200 1494 μὲν
3221 1426 3302 1487 είς
3332 1422 3425 1477 τὸν
3461 1425 3699 1497 Ποιητὴν
3722 1426 3799 1498 (l)

2220 1514 2450 1585 ούρανοῦ
2480 1514 2577 1568 κα)⁸
2600 1518 2723 1587 γῆς,
2762 1515 2837 1586 μὴ
2873 1514 3220 1578 πιστεύοντες
3242 1514 3302 1568 δὲ
3334 1518 3415 1580 εἰς
3454 1516 3548 1569 τὸν
3577 1517 3802 1588 Πατέρα

2222 1604 2399 1676 Ἰησοῦ
2434 1605 2529 1658 τοῦ
2568 1605 2987 1677 ἐσταυρωμένου
3026 1605 3120 1657 ἐπὶ
3159 1607 3383 1661 Ποντίου
3422 1607 3677 1673 Πιλάτου,
3719 1611 3801 1673 είς

540 1694 917 1763 Evangelium,
945 1707 1049 1748 non
1079 1693 1265 1746 itidem
1296 1693 1398 1748 hoc
1421 1692 1780 1763 perspexerit,
1799 1692 1948 1746 dices
1970 1694 2114 1760 quod

2221 1696 2313 1750 τὸν
2338 1696 2469 1751 Θεὸν
2504 1697 2838 1762 πιστεύουσι,
2870 1698 2965 1751 καὶ
2996 1700 3057 1752 οὐ
3089 1699 3453 1754 πιστεύουσιν.
3479 1701 3577 1754 ’Ὶν’
3598 1697 3692 1755 οὖν
3726 1701 3802 1771 μὴ

538 1786 727 1839 dicens
758 1785 840 1839 eis
884 1785 980 1854 qui
1014 1783 1369 1838 crediderant
1412 1784 1463 1838 ei
1510 1782 1751 1839 iudicis:
1791 1782 1905 1853 Ego
1940 1794 2115 1836 autem

2218 1787 2371 1861 παρὰ
2403 1787 2570 1851 πόδας
2606 1789 2914 1859 ἐναντίωμα
3027 1788 3102 1849 ὼς
3143 1788 3218 1860 μὴ
3251 1789 3655 1860 συνεωρακότος
3702 1763 3799 1844 τού

535 1877 665 1945 quia
696 1877 963 1930 veritatem
1002 1876 1146 1941 dico,
1188 1892 1293 1930 non
1331 1875 1548 1930 creditis
1577 1875 1708 1927 mihi
1730 1874 1772 1937 ⁸,
1813 1874 2113 1928 secundum

537 1981 701 2021 unam
730 1967 1226 2022 considerationem
1243 1966 1925 2032 credentibus,secundum
1949 1966 2111 2020 aliam

531 2059 1030 2114 considerationem
1075 2074 1183 2114 non
1232 2059 1591 2114 credentibus
1629 2058 1746 2112 hate
1784 2057 2006 2113 dixerit.
2048 2058 2116 2112 Et

536 2165 690 2206 certe
718 2162 1147 2208 consentaneum
1177 2162 1263 2208 est
1275 2152 1582 2207 credidisse
1605 2151 1824 2221 quidem
1851 2166 1945 2206 eos
1956 2150 2113 2219 juxta

536 2244 913 2312 apparentiam
964 2254 1192 2314 propter
1232 2243 1507 2313 prodigia,
1545 2253 1605 2298 et
1652 2258 1759 2298 non
1810 2243 2116 2298 credidisse

541 2334 700 2389 :iiclis
736 2335 904 2402 ipsius
936 2334 1403 2405 prol'undioribus.
1428 2316 1664 2389 Proinde
1716 2334 1822 2389 hoc
1865 2335 2066 2389 dictum
2095 2350 2112 2389 :

539 2425 681 2489 Quia
703 2426 974 2479 ueritatem
1000 2426 1147 2490 dico,
1171 2441 1275 2480 non
1292 2426 1514 2480 creditis
1545 2423 1695 2488 mihi,
1720 2426 2111 2480 convenitcum

540 2514 655 2581 illo,
686 2517 980 2582 agnoscetis
1009 2516 1329 2579 veritatem;
1369 2515 1513 2585 quod
1564 2515 1791 2584 perinde
1827 2525 1937 2580 est,
1971 2531 2035 2569 ac
2063 2515 2109 2571 si

536 2622 646 2662 non
689 2616 1054 2675 agnoscerent
1104 2608 1429 2671 veritatem;
1483 2617 1743 2676 tanquam
1790 2606 1836 2662 si
1873 2605 2110 2664 diceret:

538 2699 821 2768 Quatenus
858 2700 1101 2771 prodigia
1147 2700 1313 2764 facio,
1362 2701 1589 2755 creditis
1631 2700 1795 2764 mihi;
1846 2710 2114 2768 quatenus

542 2802 727 2848 autem
758 2795 1046 2848 veritatem
1086 2792 1232 2858 dico,
1273 2807 1378 2847 non
1409 2791 1634 2847 creditis
1680 2791 1833 2846 mihi.
1867 2789 1983 2846 Hoc
2025 2807 2115 2844 au-

530 2895 647 2938 tent
677 2900 818 2938 nunc
845 2884 1010 2937 etiam
1043 2883 1097 2937 in
1133 2883 1319 2939 multis
1347 2898 1573 2939 cernere
1624 2886 1800 2954 possis
1835 2883 2113 2939 admiran-

537 2974 686 3030 tibus
707 2974 927 3043 quidem
948 2973 1154 3039 Jesum,
1185 2991 1308 3030 cum
1336 2975 1479 3030 illius
1508 2975 1752 3031 historia:
1790 2976 2110 3039 intendunt;

2215 1878 2519 1949 γράφοντος
2548 1878 2610 1931 τὺ
2650 1877 2984 1947 Εὑαγγέλιον
3014 1878 3074 1931 τὸ
3097 1878 3358 1942 τοιοῦτον,
3392 1880 3608 1949 φήσεις,
3652 1881 3735 1934 ὅτι
3770 1882 3802 1936 ό

2215 1967 2388 2037 λέγων
2423 1968 2560 2040 πρὸς
2609 1969 2736 2033 τοὺς
2768 1968 3198 2033 πεπιστευκότας
3219 1970 3366 2041 αὑτῷ
3397 1971 3686 2036 Ἰουδαίους
3715 1973 3797 2027 τό·

2215 2061 2365 2131 Ἐγὼ
2387 2060 2456 2114 δὲ
2484 2062 2573 2115 ὅτι
2594 2060 2708 2129 τὴν
2726 2061 3018 2128 ἀλήθειαν
3039 2061 3215 2130 λέγω.
3240 2064 3312 2115 οὺ
3329 2063 3644 2116 πιστεύετέ
3671 2082 3796 2133 μοι,

2216 2153 2533 2207 πιστεύουσι
2565 2152 2708 2206 κατά
2746 2170 2868 2206 τινα
2888 2153 3153 2217 ἐπίνοιαν,
3189 2156 3283 2208 καὶ
3309 2154 3434 2209 καθ’
3467 2156 3660 2225 ἐτέραν
3722 2157 3798 2228 μὴ

2215 2242 2531 2298 πιστεύουσι
2581 2242 2754 2297 ταῦτα
2795 2242 3022 2312 ἔφασκε.
3057 2244 3167 2297 Καὶ
3200 2245 3369 2308 εἰκὸς,
3410 2246 3493 2299 ὅτι
3517 2246 3800 2301 ἐπίστευον

2217 2337 2316 2407 μὲν
2343 2337 2497 2391 αὐτοὶ
2530 2336 2672 2390 κατὰ
2695 2336 2759 2389 τὸ
2786 2336 2980 2407 ὁρατὸν
3006 2337 3096 2391 διὰ
3127 2338 3197 2391 τὰ
3235 2338 3520 2411 τεράστια,
3545 2340 3647 2394 οὐκ
3687 2340 3801 2393 ἐπίο

2216 2446 2404 2483 στευον
2431 2428 2490 2482 δὲ
2520 2431 2634 2494 τοῖς
2680 2428 2975 2500 βαθύτερον
3008 2429 3099 2482 ὑπ’
3133 2428 3299 2482 αὐτοῦ
3339 2430 3670 2502 λεγομένοις·
3704 2434 3805 2486 καὶ

2214 2519 2442 2593 ἁρμόζει
2486 2536 2551 2589 γε
2586 2520 2682 2590 τῷ·
2720 2518 3040 2574 Γνώσεσθε
3081 2506 3199 2587 τὴν
3227 2520 3540 2590 ἀλήθειαν,
3567 2523 3802 2594 λεγομέ-

2214 2629 2290 2683 νῳ
2319 2612 2397 2683 (2)
2425 2611 2501 2683 μὴ
2524 2610 2791 2680 ἐγνωκόσι
2811 2611 2911 2681 τὴν
2933 2610 3208 2682 ἀλήθειαν,
3233 2611 3316 2674 τὸ,
3347 2613 3466 2666 Ὅτι
3501 2613 3619 2681 τὴν
3642 2615 3799 2680 ἀλή-

2214 2708 2380 2757 θειαν
2407 2703 2582 2775 λέγω,
2609 2704 2681 2756 οὐ
2703 2701 3015 2755 πιστεύετέ
3035 2720 3158 2771 μοι·
3176 2702 3253 2765 ὼς
3272 2702 3449 2771 ἐλεγε-
3476 2706 3613 2759 Καθ⁹
3637 2706 3666 2759 ὃ
3696 2707 3800 2776 μὲν

2213 2795 2473 2866 τεράστια
2503 2794 2666 2861 ποιῶ,
2694 2791 2982 2847 πιστεύετέ
3012 2810 3122 2863 μοι,
3146 2794 3266 2848 καθ’
3296 2794 3398 2848 δδέ
3426 2795 3525 2868 τὴν
3539 2797 3800 2868 ἀλήθειαν

2213 2882 2377 2951 λέγω,
2399 2882 2460 2935 ού
2502 2881 2788 2936 πιστεύετὲ
2816 2901 2928 2955 μοι.
2957 2885 3127 2938 Τοῦτο
3149 2885 3193 2937 δ’
3221 2884 3287 2938 ἂν
3304 2887 3399 2938 καὶ
3427 2885 3524 2939 νῦν
3550 2888 3644 2940 ἐπὶ
3668 2888 3799 2942 πολ⁴

2212 2973 2320 3027 λῶν
2347 2973 2496 3038 ἴδοις,
2522 2973 2908 3045 Θαυμαζόντων
2940 2974 3039 3045 μὲν
3068 2975 3158 3028 τὸν
3184 2975 3414 3047 Ἰησοῦν,
3431 2976 3569 3030 ἐπὰν
3603 2978 3801 3050 ἐνορῶ-

537 3066 686 3120 haud
718 3066 793 3121 ita
822 3080 953 3121 vero
995 3067 1370 3131 credentibus,
1400 3067 1565 3122 simul
1593 3076 1758 3136 atque
1793 3067 2114 3136 prolundior

2219 3082 2271 3119 σι
2304 3068 2371 3137 τῇ
2415 3064 2553 3137 περὶ
2593 3065 2757 3119 αὐτοῦ
2796 3064 3027 3137 ἱστορίᾳ,
3077 3066 3273 3136 μηκέτι
3316 3067 3375 3121 δὲ
3410 3068 3799 3134 πιστευόντων,

535 3171 602 3210 ac
626 3157 817 3225 major,
846 3172 1009 3228 quam
1030 3172 1126 3227 pro
1153 3169 1312 3226 captu
1347 3158 1613 3229 ipsorum,
1643 3158 1913 3227 explicata
1949 3157 2113 3213 fuerit

547 3248 654 3303 illis
682 3250 848 3313 ratio,
879 3249 973 3304 sed
992 3250 1400 3321 suspicantibus
1419 3250 1564 3304 illam
1587 3263 1708 3304 esse
1725 3249 1939 3304 falsam.
1969 3248 2113 3315 Quo-

532 3341 684 3395 circa
739 3341 1085 3396 intendamus
1115 3380 1132 3405 ,
1206 3357 1275 3397 ne
1330 3342 1471 3397 forte
1524 3342 1682 3396 nobis
1738 3343 1905 3396 etiam
1970 3342 2115 3395 dicat

540 3431 738 3485 Sermo
763 3433 855 3487 Dei
881 3432 1057 3488 Filius
1083 3446 1099 3486 :
1125 3430 1269 3498 Quia
1292 3433 1566 3488 veritatem
1595 3433 1740 3498 dico,
1762 3447 1868 3486 non
1896 3431 2112 3485 creditis

530 3523 689 3577 mihi.

609 3616 703 3669 25.
732 3614 865 3680 Quis
906 3632 974 3671 ea:
1004 3616 1148 3671 vobis
1177 3617 1351 3686 arguit
1386 3633 1468 3671 me
1498 3616 1565 3670 de
1595 3627 1805 3687 peccato
1829 3616 1888 3671 'l
1919 3616 2113 3672 Sermo

538 3705 634 3760 Dei
674 3704 869 3772 Filius,
900 3720 1025 3761 cum
1055 3718 1252 3776 aperte
1281 3708 1620 3767 voluntatem
1648 3723 1802 3763 suam
1832 3709 1903 3763 ob
1928 3706 2114 3763 oculos

539 3797 838 3865 posuisset,
871 3799 943 3853 ita
975 3809 1033 3854 ut
1063 3814 1132 3854 ne
1167 3815 1305 3855 unus
1342 3800 1563 3870 quidem
1606 3800 1939 3855 audientium
1982 3816 2112 3854 ron-

540 3886 813 3941 tradicere
852 3898 1060 3958 posset,
1093 3890 1259 3943 etiam
1301 3891 1417 3945 haec
1451 3890 1607 3951 dicit.
1639 3891 1812 3945 visum
1849 3892 2114 3959 perstrin-

536 3990 674 4045 gens
710 3992 899 4031 eorum
943 3980 1034 4047 qui
1074 3979 1179 4034 sibi
1221 3994 1327 4033 non
1371 3980 1808 4035 asseutiebantur
1850 3996 1868 4034 ς
1911 3979 1967 4036 Si
2004 3996 2111 4035 non

536 4069 830 4124 ostenditis
854 4084 920 4126 ea
946 4086 1066 4140 qua:
1093 4071 1350 4126 dicuntur
1391 4083 1614 4141 peccata
1648 4086 1772 4127 esse
1791 4112 1807 4137 ,
1848 4071 1961 4140 jam
1988 4072 2112 4140 jure

536 4174 568 4211 a
605 4160 757 4212 vobis
779 4161 943 4230 exigo
977 4175 1326 4217 consensum.
1359 4160 1607 4232 Magnam
1638 4169 1816 4215 autem
1855 4161 2109 4216 ﬁduciam

538 4250 706 4306 habet
737 4253 1048 4308 Servatoris
1071 4253 1252 4307 oratio
1293 4253 1345 4307 in
1374 4254 1475 4309 hoc
1503 4254 1671 4319 dicto,
1706 4254 1854 4308 nullo
1895 4254 2113 4308 homine

537 4360 665 4398 cum
701 4360 765 4397 ea
807 4345 1140 4400 conﬁdentia
1169 4363 1289 4416 qua
1314 4348 1560 4403 nascitur
1593 4364 1660 4405 ex
1695 4362 1804 4402 non
1834 4360 2109 4416 peccasse,

2220 3155 2359 3209 ἐπὰν
2389 3154 2705 3228 βαθύτερος,
2730 3156 2825 3210 καὶ
2858 3156 3057 3226 μείζων
3077 3157 3175 3227 τῆς
3211 3156 3377 3221 ἕξεως
3411 3159 3589 3212 αὐτῶν
3616 3161 3800 3225 αὐτοῖς

2218 3245 2631 3316 ἀναπτύσσηται
2659 3245 2834 3314 λόγος,
2860 3244 2974 3298 ἀλλ’
3010 3246 3423 3300 ύποπτευόντων
3455 3248 3617 3302 αὐτὸν
3659 3245 3801 3304 εἶναι

2217 3336 2405 3409 ψευδῆ.
2437 3338 2636 3409 Διόπερ
2656 3337 3011 3409 προσέχωμεν
3044 3338 3120 3407 (3)
3147 3341 3357 3409 μήποτε
3383 3340 3480 3392 καὶ
3509 3341 3641 3411 ἡμῖν
3666 3341 3800 3416 εἴπῃ

2217 3430 2455 3499 όΛόγος⁹
2489 3430 2609 3483 Ὅτι
2656 3428 2771 3498 τὴν
2822 3428 3112 3497 ἀλήθειαν
3149 3428 3327 3500 λέγω,
3361 3432 3436 3484 οὑ
3486 3432 3799 3487 πιστεύετὲ

2212 3536 2336 3588 μοι.

2288 3610 2381 3665 25.
2427 3609 2523 3676 Τίς
2553 3608 2624 3674 ἐξ
2657 3607 2821 3678 ὑμῶν
2845 3608 3083 3679 ἐλέγχει
3116 3627 3194 3679 με
3217 3610 3350 3678 περὶ
3378 3611 3701 3680 ἁμαρτιας;
3737 3611 3801 3667 '0

2217 3702 2388 3772 Λόγος
2419 3701 2557 3755 ἐπὰν
2581 3701 2792 3771 τρανῶς
2823 3700 2985 3753 αὑτοῦ
3014 3701 3319 3773 παριστάνῃ
3345 3700 3408 3755 τὸ
3431 3702 3701 3774 βούλημα,
3720 3702 3799 3768 ὡς

2222 3794 2489 3868 μηδαμῶς
2521 3793 2820 3862 ἀντιλέγειν
2855 3792 3114 3846 δύνασθαί
3160 3810 3282 3847 τινα
3328 3795 3437 3848 τῶν
3464 3796 3797 3862 ἀκουόντων,

2218 3889 2314 3941 καὶ
2349 3887 2524 3942 ταῦτα
2554 3886 2621 3940 ἂν
2649 3886 2800 3953 λέγοι
2843 3884 3107 3937 δυσωπῶν
3134 3886 3259 3947 τοὺς
3293 3885 3367 3955 μὴ
3406 3887 3799 3955 συγκατατιθε-

2223 3980 2433 4051 μένους,
2451 3979 2554 4041 ὃτι,
2583 3978 2643 4030 El
2668 3976 2741 4048 μὴ
2760 3976 3013 4047 ἐλέγχετε
3031 3975 3098 4028 τὰ
3124 3975 3392 4045 λεγόμενα
3414 3977 3799 4049 ἡμαρτημένα,

2218 4070 2535 4141 ᾁπαιτεϊσθε
2573 4067 2639 4122 ἂν
2663 4068 2901 4135 εὐλόγως
2927 4068 3028 4138 ἥδη
3065 4067 3164 4139 τὴν
3195 4069 3613 4138 συγκατάθεσιν.
3642 4070 3799 4139 Ἔχει

2216 4164 2274 4218 δὲ
2299 4163 2393 4217 κα)¹
2423 4160 2567 4216 κατὰ
2595 4162 2658 4213 τὸ
2691 4160 2852 4230 ῥητὸν
2870 4162 3181 4231 παρρησίαν
3200 4160 3295 4214 τοῦ
3311 4162 3560 4234 Σωτῆρος
3585 4158 3797 4233 ἠλέεις,

2222 4253 2446 4324 μηδενὸς
2472 4252 2568 4323 μὲν
2592 4248 2879 4322 ἀνθρώπου
2912 4249 3227 4320 δυνηθέντος
3248 4253 3422 4304 εἰπεῖν
3450 4252 3588 4322 μετὰ
3614 4267 3800 4305 πεποιρ

2220 4344 2429 4416 θήσεως
2456 4344 2554 4415 τῆς
2585 4340 2678 4395 ἐπὶ
2700 4339 2778 4411 τῷ
2813 4341 2889 4411 μὴ
2909 4341 3383 4412 ήμαρτηκέναιτό·
3412 4342 3509 4407 Τίς
3537 4341 3606 4407 ἐξ
3627 4342 3798 4411 ὑμῶν

536 4438 720 4494 dicere
753 4439 1001 4496 valente:
1039 4440 1171 4507 Quis
1198 4458 1265 4497 ex
1285 4443 1429 4496 vobis
1460 4444 1635 4512 arguit
1665 4456 1747 4495 me
1772 4442 1838 4495 de
1861 4441 2113 4507 peccato?

2218 4435 2450 4505 ἐλέγχει
2487 4450 2565 4502 με
2604 4432 2737 4501 περὶ
2787 4431 3109 4501 ἀμυρτίαςς
3166 4431 3327 4502 μόνου
3360 4431 3419 4485 δὲ
3445 4432 3541 4485 τοῦ
3590 4432 3797 4504 Κυρίου

538 4531 636 4585 sed
675 4531 791 4585 solo
836 4532 1063 4586 Domino
1092 4541 1281 4589 nostro
1307 4533 1493 4589 dicere
1515 4534 1631 4588 haec
1655 4530 1873 4586 valente
1905 4530 1973 4585 ad
1997 4543 2116 4583 om-

610 4644 813 4704 ‘Joan.
848 4664 965 4715 vm,
995 4650 1085 4706 45.
1167 4651 1187 4682 ⁷
1213 4651 1342 4706 ibid.
1797 4627 1807 4636 .

610 4768 724 4839 (96)
761 4774 872 4825 Kal
914 4772 1100 4828 πάλιν
1152 4776 1205 4827 οἱ
1255 4773 1643 4837 πιστεύοντες
1696 4768 1814 4839 μὲν
1866 4769 1955 4833 εἰς
2000 4764 2108 4820 τὸν

538 4840 901 4917 ᾳοιήσιιντα,
934 4844 1365 4917 etc._|t_tler__eos
1419 4844 1511 4912 qui
1532 4841 1837 4917 _Ch_ristum
1866 4851 2107 4917 “inerunt

542 4909 839 4977 hominem,
873 4928 977 4967 non
1036 4914 1129 4967 Dei
1180 4913 1399 4979 Filium,
1438 4909 1546 4966 'sed
1598 4912 1816 4979 virtute‘
1848 4909 2108 4979 divinitus

542 4980 729 5050 illapsa
764 4974 1052 5055 pollentem
1081 4974 1450 5055 crediderunt,
1478 4980 1753 5049 principes
1792 4975 1944 5055 fuere
1978 4974 2107 5055 (ξιιμ

541 5046 790 5118 poet-ales
812 5064 865 5106 et
893 5054 1207 5109 Cerinthus.
1238 5053 1332 5108 llis
1386 5046 1767 5108 successerunt
1821 5046 2108 5107 Ebionitm,

540 5121 745 5188 aliique
779 5124 1105 5191 complures,
1129 5138 1266 5191 quos
1295 5123 1415 5177 loco
1450 5118 1950 5191 proxitne‘laudatq
1969 5129 2114 5167 com-

541 5182 811 5248 memorat
839 5182 1236 5257 Tlieodoretiis,
1263 5195 1357 5246 sed
1388 5182 1658 5258 praecipue
1681 5187 1882 5258 Paulus
1915 5182 2113 5258 samu-

539 5270 784 5329 satcnus,
841 5264 929 5331 qui
969 5254 1337 5335 cumChi-isti
1389 5254 1756 5335 ilivin_i:tatem_
1785 5254 2113 5335 labefactare

538 5321 782 5386 conatus
803 5321 966 5398 esset,
990 5330 1567 5400 Antiocltenaesynodi
1611 5325 1975 5382 anathetnatis
2003 5321 2109 5376 lul-

540 5401 687 5455 inine
717 5403 935 5470 percelli
965 5405 1192 5455 nteritus
1216 5412 1318 5455 est.
1348 5399 1612 5454 “annos.

610 5460 729 5541 (97)
754 5474 859 5539 Εἰς
878 5472 988 5527 τὸν
1014 5473 1168 5525 Υίόν.
1228 5471 1304 5524 lta
1354 5479 1501 5523 recte
1544 5468 1727 5542 habet
1758 5465 1928 5542 codex
1957 5460 2113 5542 ,Βοά-

537 5534 767 5615 leiantis.
805 5534 975 5615 editio
1009 5543 1209 5615 lluetii,
1240 5555 1547 5615 perperam,
1574 5538 1655 5615 ei;
1680 5534 1771 5615 τδν
1813 5534 2039 5615 Ἰησοῦν.

610 5612 723 5681 (98)
748 5616 853 5687 Είς
879 5613 988 5687 τὸν
1018 5614 1167 5687 Θεὸν
1195 5604 1574 5687 πιστεύουσι.
1601 5609 1694 5687 Ιιιχ
1732 5606 1861 5671 legit
1914 5604 2112 5687 erra-

542 5676 679 5752 mus,
705 5676 771 5734 ἰιι
794 5676 865 5736 ita
899 5683 1206 5752 legendum,
1240 5683 1322 5735 vel
1344 5683 1423 5743 είς
1454 5678 1545 5733 τὸν
1574 5676 1737 5752 αὑτὸν
1770 5676 2106 5752 πιστεύουσι.

535 5748 718 5807 Editio
741 5753 921 5809 liuetii
948 5746 1231 5824 perperam
1257 5752 1419 5808 habet
1439 5752 1520 5814 εἰς
1552 5748 1643 5803 τὸν
1667 5746 1998 5800 πιστεύουσι.

2219 4527 2253 4597 ἡ
2261 4525 2397 4598 μῶν,
2419 4523 2479 4588 ὃς
2508 4522 2781 4594 ἁμαρτίαν
2801 4521 2901 4574 οὐκ
2923 4518 3166 4590 ἐποίησε,
3188 4521 3622 4591 πεπειραμένος
3645 4522 3796 4577 κατὰ

2285 4761 2397 4831 (99)
2423 4760 2614 4814 Πάλιν
2648 4751 2827 4831 ⁸ςε--αὗ
2860 4757 2913 4810 οι
2931 4757 3354 4831 ’πιστεύοντες
3558 4754 3796 4831 είς-τὸν

2214 4826 2448 4898 Πατέρα
2488 4826 2995 4898 ἸησοῦνΧριστοῦ.
3011 4836 3119 4880 etc.
3172 4827 3229 4898 li
3267 4837 3422 4898 erant
3464 4828 3791 4898 Simoniani,

2217 4895 2610 4962 Satttrniliani,
2675 4895 3039 4958 Cerdottiatti,
3087 4905 3143 4950 et
3190 4896 3541 4962 Marcionita,
3585 4895 3789 4951 Christi

2214 4972 2455 5032 Patrem,
2500 4970 2697 5022 bonum
2738 4968 2937 5031 Deum;
2969 4977 3024 5018 at
3055 4967 3244 5019 mundi
3275 4966 3556 5032 Opiﬁcem,
3587 4966 3788 5028 ferum,

2217 5053 2270 5096 et
2294 5043 2611 5092 damnorum
2641 5045 2919 5089 auctorem
2952 5044 3275 5090 statuentes.
3313 5043 3579 5091 HUETIUS.

2290 5112 2369 5180 (l)
2404 5107 2579 5162 Ἀλλὰ
2716 5108 2794 5180 _oi_
2813 5104 3202 5180 πιστεύοντες
3226 5102 3344 5173 μὲν
3365 5107 3454 5171 εις
3493 5106 3605 5180 ςὸν
3621 5108 3796 5171 nam-

2221 5175 2357 5247 τήιο,
2392 5190 2498 5232 etc.
2540 5179 2639 5242 Qui
2669 5175 2945 5229 Christum
2995 5175 3425 5247 prodigiosorum
3488 5177 3791 5247 facinorum

2219 5243 2497 5304 auctorem
2522 5247 2822 5308 hominem,
2840 5253 2895 5297 at
2920 5259 3027 5296 non
3057 5244 3151 5297 Dei
3175 5243 3366 5296 Filium
3396 5244 3791 5311 agnoscebant,

2217 5317 2517 5387 Cujusmodi
2556 5326 2710 5371 erant
2736 5313 3117 5387 Carpocrates,
3170 5323 3225 5367 et
3255 5314 3348 5387 alii
3402 5329 3566 5381 supra
3620 5313 3793 5365 nomi-

2218 5383 2355 5453 nati,
2381 5388 2541 5441 iidem
2573 5387 2737 5439 Deum
2770 5384 2977 5453 cmliet
3004 5392 3165 5436 terra:
3193 5383 3528 5437 conditorem
3559 5395 3789 5453 venera-

2219 5450 2439 5519 bantur,
2463 5466 2519 5509 at
2550 5470 2648 5524 pro
2672 5452 2875 5507 Christi
2902 5451 3062 5506 Patre
3094 5467 3224 5524 non
3257 5453 3551 5506 habebant.
3581 5450 3788 5524 ﬂorum

2222 5530 2530 5598 Opinionem
2551 5522 2620 5579 ile
2645 5524 2863 5578 Christo
2890 5536 3049 5590 supra
3075 5522 3284 5590 attigit;
3309 5538 3501 5577 eorum
3547 5537 3693 5577 nunc
3722 5522 3790 5576 de

2219 5599 2331 5652 Dt’O
2365 5596 2547 5652 mundi
2568 5595 2772 5652 ()nilice
2797 5594 3099 5645 doctrinam
3122 5591 3383 5646 declarat.
3416 5592 3493 5646 lo.

2267 5614 2331 5654 ('0
2365 5609 2547 5652 nilllllil
2568 5609 2772 5654 Uptltce
2797 5609 3099 5645 UOCll‘Illalﬂ
3122 5609 3383 5646 UCClill'ill.
3416 5609 3493 5646 ID.

2287 5614 2331 5654 '0
2365 5611 2547 5652 muniit
2568 5611 2772 5662 Upttlce
2797 5611 3099 5645 UOCll'Illalll
3122 5611 3383 5646 uecmrttt.
3416 5611 3493 5646 ID.

2287 5670 2366 5736 (2)
2393 5664 2720 5736 Λεγομέιρῳ.
2747 5662 2929 5736 Codex
2963 5660 3302 5736 Ilqdleianus,
3327 5661 3628 5734 δυναμένῳ.

2290 5729 2365 5811 (5)
2396 5729 2572 5793 Ειιὶιιυ
2606 5729 2805 5799 linetii,
2837 5729 3179 5803 προσχῶμεν,
