4196 6364
372 310 485 368 διε

1437 269 1797 359 casinam.
1837 295 1906 353 IN
1944 294 2136 351 10m.
2172 293 2412 349 Tonus
2465 292 2586 347 xx.

3547 294 3656 351 646

371 431 574 483 πάντα
609 384 741 481 καθ’
793 425 1130 495 ὁμοιότητα,
1193 423 1374 492 χωρὶς
1427 424 1740 493 ἁμαρτίας,
1792 420 1967 474 ταῦτα

2074 430 2168 469 nes
2202 416 2293 483 qni
2340 427 2579 483 unquam
2620 410 2768 465 illum
2799 418 3209 481 cognoverunt:
3246 411 3338 481 qui
3370 423 3656 480 peccatum

375 519 514 591 πρὸς
531 519 741 580 πάντας
762 517 890 581 τοὺς
922 515 1140 569 πώποτε
1160 515 1471 584 ἐγνωκότας
1502 515 1667 568 αὐτὸν
1696 516 1869 567 εἰπεῖν
1880 512 1969 565 δυ-

375 610 636 683 ναμένου.
680 609 890 663 Ἀκούω
919 610 974 662 δὲ
1000 608 1114 662 τοῦ·
1149 610 1244 674 Τίς
1267 608 1337 672 ἐξ
1361 607 1548 677 ὑμῶν,
1576 607 1871 677 λεγομένου
1905 605 1965 659 ού

376 704 516 775 πρὸς
533 704 661 767 τοὺς
683 702 957 774 παρόντας
994 703 1175 772 μόνον,
1201 700 1337 754 ἀλλὰ
1359 701 1455 754 καὶ
1477 700 1614 771 πρὸς
1642 699 1761 753 ὅλον
1781 699 1843 751 τὸ
1858 697 1967 751 τῶν

373 794 681 864 ἀνθρώπων
706 793 883 861 γένος,
906 794 982 857 ὼς
1006 796 1055 846 εἰ
1072 792 1244 856 οὕτως
1271 792 1645 862 ὲσαφηνίζετο·
1668 791 1765 854 Τίς
1787 792 1851 844 ὲκ
1871 789 1966 843 τοῦ

376 885 569 954 γένους
602 885 632 937 ύ
641 885 777 955 μῶν,
804 885 860 955 ἢ,
899 885 994 949 Τίς
1025 886 1209 947 ὁποῖος
1235 884 1432 957 δήποτε
1453 884 1736 955 ἄνθρωπος
1757 884 1968 951 ἐλέγξαι

380 993 448 1047 με
477 977 771 1048 δυνήσεται
806 978 935 1047 περὶ
965 977 1277 1047 ἀμαρτίας;
1302 976 1418 1029 ἀλλ’
1445 971 1504 1029 εὖ
1535 971 1630 1029 οἷδ’
1656 975 1739 1028 ὅτι
1770 975 1964 1039 οὐδείς.

376 1067 538 1124 Κατά
568 1068 631 1121 τὸ
656 1068 878 1124 δυνατὸν
905 1068 962 1121 δὲ
991 1067 1309 1141 ἀνθρωπίνῃ
1343 1069 1503 1137 φύσει
1537 1067 1626 1121 διά
1658 1068 1738 1120 τό·
1775 1070 1967 1136 Μιμη-

378 1161 477 1215 ταί
485 1178 606 1230 μου
636 1162 898 1231 γίνεσθε,
916 1160 1109 1228 καθὼς
1127 1161 1288 1230 κάγὼ
1302 1160 1582 1230 Χριστοῦ,
1601 1161 1765 1215 παντὶ
1781 1161 1969 1232 τρόπῳ

379 1252 758 1324 φιλοτιμητέον
784 1253 1040 1326 τοιαύτην
1066 1253 1354 1307 ἀναλαϐεῖν
1388 1252 1630 1326 καθαροῦ
1668 1252 1969 1317 συνειδότος

379 1341 695 1411 παρρησίαν
731 1340 872 1411 πρὸς
916 1342 1123 1405 πάντας
1158 1340 1497 1413 ἀνθρώπους,
1539 1341 1671 1396 ὥστ’
1717 1342 1969 1397 ἃνείπεῖν

382 1430 528 1500 ἡμᾶς
548 1432 676 1502 περὶ
688 1431 798 1485 τῶν
822 1432 969 1503 ἑξῆς,
1003 1433 1098 1487 καὶ
1122 1433 1259 1504 μετά
1286 1433 1385 1505 τὴν
1404 1433 1578 1505 ἀρχὴν
1610 1433 1712 1503 τῆς
1734 1434 1970 1499 πίστεως

381 1521 557 1593 χρόνῳ
610 1523 747 1594 πρὸς
798 1525 1030 1579 ἕκαστον
1079 1526 1189 1579 τῶν
1241 1529 1391 1599 ἡμᾶς
1429 1518 1818 1596 ’γινωσκόντων
1870 1528 1965 1582 τό·

388 1617 484 1682 Τίς
506 1617 576 1680 ἐξ
604 1616 773 1687 ὑμῶν
803 1618 1037 1689 ἐλέγχει
1059 1637 1139 1689 με
1167 1620 1300 1688 περὶ
1340 1622 1663 1689 ἀμαρτίας;
1691 1622 1739 1674 εί
1765 1623 1859 1674 καὶ
1892 1621 1968 1693 μὴ

381 1705 603 1760 δυνατὸν
630 1707 807 1772 τοῦτο,
840 1708 900 1774 ἐξ
936 1701 998 1762 οὗ
1042 1710 1137 1764 τὸν
1170 1710 1328 1780 λόγον
1380 1711 1965 1784 συμπεπληρώκαμεν,

388 1801 583 1853 εἰπεῖν.
621 1801 792 1854 Τοῦτο
816 1801 874 1854 δὲ
898 1803 959 1855 οὐ
992 1804 1131 1874 πρὸς
1163 1802 1485 1876 ἀνθρώπους
1523 1804 1680 1875 μόνον
1716 1803 1782 1858 ἂν
1816 1800 1969 1857 εἶπεν

386 1891 416 1943 ό
447 1892 660 1964 Σωτὴρ,
694 1892 830 1948 ἀλλά
877 1895 969 1948 καὶ
1010 1896 1147 1968 πρὸς
1182 1896 1275 1952 τὸν
1309 1896 1555 1951 διάϐολον
1594 1897 1689 1949 καλ⁸
1733 1895 1836 1960 τὰς
1876 1896 1968 1949 ὑπ’

386 1984 548 2038 αὐτὸν
592 1985 866 2057 δυνάμεις,
912 1987 1079 2059 μηδὲν
1117 1988 1348 2059 ἐχούσας
1396 1989 1573 2041 εἰπεῖν
1615 1991 1695 2053 είς
1749 1988 1971 2058 ἔλεγχον

383 2075 475 2131 τὸν
521 2078 652 2151 περὶ
686 2080 965 2151 ἁμαρτίαν
1014 2081 1199 2135 αὑτοῦ.
1237 2082 1348 2136 Kal.
1378 2080 1535 2135 τοῦτό
1577 2098 1641 2151 γε
1679 2079 1970 2136 ἀκόλόυθόν

382 2166 501 2222 ἐστι
550 2169 662 2241 τῷ·
709 2172 981 2242 Ἔρχεται
1013 2176 1047 2227 ὁ
1077 2173 1281 2242 ἄρχων
1315 2174 1416 2228 τοῦ
1455 2175 1689 2243 κόσμου
1730 2175 1969 2236 τούτου,

384 2258 485 2313 καὶ
520 2259 592 2313 ἐν
618 2260 747 2330 ἐμοὶ
784 2263 1051 2331 εὑρίσκει
1090 2263 1307 2327 οὐδέν-,μ
1333 2264 1567 2318 Δυνατὸν
1609 2264 1667 2318 δὲ
1702 2264 1798 2317 καὶ
1837 2266 1972 2334 ἡμῖν

382 2350 451 2403 ὲκ
472 2350 671 2421 πολλῆς
689 2352 1006 2423 ἐπιμελείας
1022 2353 1123 2424 τὴν
1149 2354 1259 2407 ἀπό
1291 2372 1436 2418 τινος
1460 2353 1750 2408 ἀναλαϐεῖν
1777 2354 1970 2426 χρόνου

389 2445 701 2516 παρρησίαν
734 2446 871 2519 πρὸς
918 2447 980 2499 τὸ
1045 2448 1219 2500 εἰπεῖν
1252 2448 1401 2518 ἡμᾶς
1444 2447 1523 2518 τῷ
1561 2446 1812 2519 ζητοῦντι
1848 2447 1971 2502 καθ’

389 2536 417 2604 i;
428 2535 543 2606 μῶν
596 2536 850 2609 ἀφορμὴν
907 2538 1160 2610 διαϐόλῳ,
1210 2539 1306 2592 καὶ
1355 2542 1470 2604 τοῖς
1518 2540 1771 2609 ἀγγέλοις
1804 2539 1971 2594 αὐτοῦ

388 2625 539 2698 παρά
561 2627 653 2682 τὸν
678 2629 777 2700 τῆς
809 2629 991 2696 ἐξόδου
1035 2630 1254 2702 καιρόψ
1291 2632 1387 2698 Τίς
1425 2631 1495 2697 ἐξ
1526 2630 1699 2702 ὑμῶν
1737 2630 1973 2703 ἐλέγχει

384 2734 459 2788 με
487 2718 624 2787 περὶ
656 2719 980 2790 ἀμαρτίας;

457 2808 547 2865 26.
592 2814 665 2867 Et
709 2810 1001 2879 ἀλήθειαν
1044 2813 1235 2881 λέγω,
1281 2813 1380 2868 διὰ
1431 2813 1493 2867 τί
1539 2812 1712 2883 ὑμεῖς
1752 2814 1824 2866 οὐ
1875 2823 1973 2865 πι-

385 2902 631 2957 στεύετέ
677 2919 815 2973 μοις
859 2903 1043 2984 ’ςΑξιον
1096 2904 1224 2958 ἰδεῖν
1268 2905 1322 2957 τί
1371 2905 1731 2975 ὑποφαίνεται
1772 2907 1837 2958 ὲκ
1876 2904 1972 2959 τοῦ
2012 2962 2018 2968 ,

389 2996 672 3065 πύσματος
690 3011 705 3025 ’
733 2993 893 3048 τοῦτο
917 2995 973 3048 δὲ
1000 2995 1320 3065 ὀψόμεθαεί
1353 2997 1449 3049 καὶ
1486 2998 1684 3050 ἐκεῖνοι
1718 2996 1853 3068 πρὸς
1879 2996 1974 3061 οὓς

2071 524 2178 563 non
2216 509 2365 572 fecit,
2404 523 2499 576 per
2545 506 2724 560 omnia
2758 514 2990 559 tentatus
3029 505 3189 573 juxta
3225 506 3655 572 similitudinem,

2071 599 2266 667 absque
2300 607 2513 664 peccato
2535 596 2576 648 ⁸.
2617 594 2773 662 Quod
2821 606 3004 650 autem
3040 596 3199 658 dixit,
3237 595 3370 660 Quis
3401 613 3465 650 ex
3493 605 3657 659 vobis,

2071 690 2150 743 sic
2185 689 2452 757 intelligo,
2487 698 2547 742 ιιι
2579 687 2635 741 id
2675 701 2784 741 non
2825 686 2892 740 ad
2930 697 3234 756 praesentes
3269 696 3511 753 tantum,
3561 688 3658 743 sed

2070 780 2136 834 ad
2162 781 2478 834 universum
2518 779 2800 834 hominum
2824 793 2995 847 genus
3021 779 3226 833 dictum
3257 780 3364 845 sit;
3395 789 3658 848 tanquam

2071 873 2115 926 si
2136 874 2214 927 sic
2242 872 2658 941 explanaretur:
2678 871 2812 938 Quis
2829 886 2895 926 ex
2929 880 3113 925 vestro
3139 888 3359 942 genere,
3377 873 3657 939 vel,Quis,

2071 964 2469 1033 qualiscunque
2497 965 2717 1018 tandem
2747 965 2817 1019 sit
2848 964 2935 1018 ille
2964 966 3147 1028 homo,
3185 980 3415 1035 arguere
3458 963 3662 1034 poterit

2073 1071 2160 1111 me
2191 1055 2260 1110 de
2293 1055 2557 1125 peccato?
2589 1066 2645 1109 at
2674 1066 2823 1111 certe
2850 1072 3033 1111 nemo.
3058 1054 3295 1125 Propter
3326 1068 3506 1111 autem
3554 1058 3661 1112 hoc

2071 1149 2273 1203 dictum
2295 1162 2312 1203 :
2334 1147 2636 1203 Imitatur-es
2659 1150 2762 1203 mei
2782 1159 2961 1212 estote,
2983 1150 3116 1202 sicut
3143 1158 3193 1202 et
3213 1165 3306 1218 ego
3328 1148 3659 1214 Claristih",

2071 1242 2218 1295 omni
2261 1242 2423 1295 modo
2456 1241 2895 1297 contendendum
2932 1242 3089 1296 nobis
3124 1251 3230 1306 est,
3258 1240 3481 1310 utjuxta
3510 1244 3662 1299 vires

2072 1333 2331 1388 humanm
2368 1342 2578 1387 naturae
2617 1333 2781 1387 talem
2828 1332 3163 1403 recipiamus
3209 1334 3460 1387 ﬁduciam
3504 1350 3666 1390 mun-

2072 1425 2152 1479 dat
2183 1426 2536 1479 conscientiae
2577 1440 2708 1496 erga
2751 1440 2944 1480 omnes
2994 1425 3270 1490 homines,
3315 1435 3374 1480 ut
3413 1426 3663 1480 dicamus

2070 1516 2238 1589 3&9
2278 1519 2331 1572 in
2366 1516 2632 1583 futurum,
2662 1534 2726 1573 ac
2758 1527 2881 1588 post
2910 1518 3033 1573 fidei
3066 1520 3417 1589 principium,
3452 1520 3517 1574 ad
3548 1521 3663 1573 sin-

2072 1610 2225 1678 pulos
2274 1625 2374 1664 nos
2419 1621 2779 1681 agnoscentes
2807 1629 2820 1665 :
2848 1610 2979 1677 Quis
3007 1628 3071 1666 ea:
3102 1613 3242 1665 vobis
3281 1612 3456 1682 arguit
3492 1627 3575 1667 me
3597 1612 3664 1664 de

2071 1697 2546 1764 peccato?etiamsi
2602 1699 2747 1753 facta
2794 1700 2954 1754 facile
3001 1714 3107 1753 non
3147 1708 3231 1754 est
3274 1708 3332 1752 ut
3371 1701 3476 1754 hoc
3505 1699 3660 1754 dica-

2074 1805 2197 1844 mus
2231 1804 2354 1843 cum
2389 1770 2782 1859 contplevim'ns
2810 1792 3103 1845 rationem.
3137 1790 3406 1845 Cancrum
3438 1807 3547 1844 non
3589 1791 3662 1846 ad

2074 1880 2324 1935 homines
2357 1890 2568 1935 tantum
2601 1883 2862 1936 Servator
2897 1883 3038 1937 dixit
3085 1884 3212 1947 hoc,
3257 1885 3350 1937 sed
3384 1884 3549 1937 etiam
3584 1886 3655 1937 ad

2073 1970 2347 2026 diabolum
2396 1981 2563 2041 atque
2613 1973 2681 2027 ad
2736 1972 3014 2029 Potentias
3049 1974 3121 2028 illi
3166 1975 3468 2043 sultjectas,
3522 1975 3660 2030 nihil

2072 2063 2339 2127 valentes,
2374 2065 2517 2133 quod
2554 2064 2668 2133 ipse
2700 2076 2974 2135 peccaret,
3007 2066 3107 2136 ipsi
3151 2067 3414 2135 obiicere.
3454 2065 3520 2120 Et
3554 2067 3662 2122 hoc

2073 2170 2207 2210 sane
2255 2172 2595 2227 consequens
2647 2169 2731 2214 est
2789 2159 2864 2213 illi
2909 2177 2925 2213 :
2980 2158 3131 2215 Venit
3180 2163 3418 2228 princeps
3469 2162 3656 2215 mundi

2072 2248 2255 2318 hujus,
2297 2259 2344 2302 et
2389 2250 2444 2301 in
2483 2266 2563 2302 me
2594 2266 2697 2303 non
2719 2250 2874 2304 habet
2902 2252 3212 2321 quidquam,
3245 2264 3291 2306 et
3333 2252 3550 2307 nihil-in
3580 2269 3666 2307 me

2072 2338 2270 2392 invenit
2303 2339 2368 2391 “.
2404 2338 2701 2394 Possumus
2732 2354 2863 2395 vero
2890 2341 3055 2395 etiam
3090 2357 3186 2395 nos
3219 2357 3286 2395 ex
3321 2343 3491 2396 multa
3535 2343 3663 2396 dili-

2074 2430 2259 2497 gentia
2298 2444 2396 2499 per
2447 2429 2667 2499 aliquod
2720 2439 2935 2499 tempus
2991 2432 3247 2487 fiduciam
3302 2432 3549 2501 recipere
3594 2434 3662 2487 ad

2074 2525 2364 2580 dicendum
2399 2524 2620 2579 diabolo
2650 2534 2706 2580 et
2735 2525 2945 2593 angelis
2973 2525 3115 2595 ejus,
3145 2528 3524 2595 qumreutibus
3558 2529 3662 2583 ad-

2075 2630 2294 2671 versum
2344 2631 2445 2671 1108
2487 2617 2839 2672 occasionem
2887 2630 3014 2671 cum
3077 2618 3314 2671 animam
3372 2615 3664 2676 efﬂamus:

2077 2710 2211 2776 Quis
2238 2724 2305 2762 ea:
2334 2709 2477 2763 vobis
2513 2707 2695 2777 arguit
2727 2723 2810 2761 me
2839 2712 2906 2761 de
2945 2719 3157 2777 peccato
3179 2708 3205 2762 .’

2144 2800 2235 2855 εδ.
2279 2798 2337 2855 Si
2378 2801 2651 2854 veritatem
2701 2799 2843 2864 dico,
2904 2813 3071 2866 quare
3118 2813 3208 2852 vos
3279 2814 3386 2852 non
3444 2798 3665 2855 creditis

2075 2894 2208 2947 mihi
2241 2892 2339 2947 “1
2380 2892 2613 2961 Dignum
2665 2900 2749 2946 est
2784 2901 2845 2947 ut
2885 2892 3171 2946 videamus
3225 2892 3354 2959 quid
3409 2893 3668 2946 innuatur

2076 2999 2144 3039 ex
2174 2984 2280 3038 hac
2328 2981 2810 3052 interrogatione;
2851 2991 2905 3035 at
2944 2979 3047 3034 hoc
3089 2979 3400 3036 videbimus
3443 2982 3662 3035 etiamsi

386 3086 416 3139 ὁ
442 3087 598 3154 λόγος
652 3087 755 3139 οὐκ
804 3085 1170 3159 ἀπεκρίναντο
1231 3088 1331 3157 τὴν
1395 3088 1622 3141 δέουσαν
1676 3090 1971 3160 ἀπόκρισιν

2079 3074 2152 3127 illi
2190 3074 2258 3128 ad
2302 3088 2440 3142 quos
2479 3082 2601 3126 erat
2646 3087 2855 3136 sermo,
2910 3088 3015 3126 non
3057 3072 3443 3142 responderint
3487 3070 3669 3144 profe-

387 3178 785 3248 ἐξενεγκόντες.
819 3176 979 3231 Εἴποι
1018 3177 1129 3250 γὰρ
1172 3178 1237 3232 ἄν
1276 3196 1392 3243 τις·
1446 3180 1547 3234 Διά
1588 3181 1746 3233 τοῦτο
1774 3180 1835 3232 οὐ
1883 3198 1976 3233 πι-

389 3268 671 3340 στεύομεν,
714 3269 837 3322 ἐπεὶ
877 3269 938 3322 οὐ
981 3266 1294 3341 θεωροῦμεν
1340 3269 1461 3323 τίνα
1510 3270 1714 3342 τρόπον
1757 3271 1786 3325 ὃ
1826 3270 1974 3340 λέγει

388 3361 539 3414 ἐστὶν
582 3359 844 3432 ἀλήθειαο
880 3360 942 3414 οὐ
976 3358 1290 3432 θεωροῦμεν
1327 3360 1384 3415 δὲ
1420 3360 1498 3432 τῷ
1536 3362 1764 3434 μηδέπω
1805 3380 1976 3418 κεκα-

386 3447 585 3522 θάρθαι
614 3450 773 3521 ἡμῶν
808 3449 908 3515 τάς
945 3452 1011 3522 τῇ
1045 3451 1204 3520 φύσει
1238 3451 1553 3521 διορατικάς
1588 3453 1686 3525 τῆς
1718 3453 1976 3524 ἀληθείας

387 3542 569 3613 ὄψεις·
614 3544 710 3596 καὶ
752 3544 875 3605 ἐπεὶ
917 3543 1150 3596 τοιοῦτοί
1192 3544 1385 3615 ἐσμεν,
1414 3545 1515 3598 οὐκ
1561 3546 1728 3617 ἐσμὲν
1762 3547 1827 3600 ὲκ
1879 3546 1974 3599 τοῦ

388 3634 524 3688 Θεοῦ
544 3651 557 3664 ⁸
595 3636 644 3687 εί
671 3634 883 3688 οὐδέπω
912 3635 1081 3705 ἐσμὲν
1106 3638 1171 3689 ἐκ
1194 3635 1289 3689 τοῦ
1311 3635 1468 3700 Θεοῦ,
1496 3635 1635 3690 ἀλλά
1666 3637 1763 3691 καὶ
1783 3638 1841 3690 αἱ
1868 3637 1973 3708 τῆς

391 3724 650 3794 ἀληθείας
689 3724 842 3795 ὄψεις
884 3725 1219 3798 θεωρητικαὶ
1260 3728 1360 3780 οὐκ
1392 3729 1500 3781 eici.
1539 3727 1972 3801 κεκαθαρμέναι,

390 3817 470 3888 τῷ
528 3816 984 3886 ὲπικεκαλύφθαι,
1043 3819 1077 3890 ἢ
1134 3818 1503 3890 πεπαχύνθαι,
1557 3821 1591 3892 ἢ
1642 3820 1973 3875 τεθολῶσθαι

391 3908 564 3973 αὑτὰς
592 3909 696 3963 ὑπὸ
719 3910 819 3980 τῆς
840 3909 1060 3973 κακίας.
1090 3909 1495 3975 Κατανοοῦντες
1521 3911 1578 3964 δὲ
1605 3911 1660 3983 τί
1693 3911 1754 3965 τὸ
1772 3913 1978 3985 κυρίως

394 3999 693 4066 πιστεύεις,
730 3999 854 4054 καθ’
891 4001 951 4053 δ’
981 3999 1108 4067 Πᾶς
1133 4004 1167 4055 ό
1193 4003 1515 4067 πιστεύων,
1549 4001 1640 4057 ὅτι
1680 4004 1912 4072 Ἰησοῦς
1943 4008 1978 4060 ὁ

391 4088 649 4155 Χριστός
678 4086 868 4151 ἐστιν,
901 4088 971 4141 ἐκ
1001 4087 1107 4142 τοῦ
1136 4089 1285 4143 Θεοῦ
1316 4089 1646 4161 γεγένηται,
1672 4092 1767 4146 καὶ
1789 4093 1978 4147 αἰσθα-

391 4178 606 4249 νόμενοι
653 4180 764 4251 ὅσῳ
810 4179 905 4233 τοῦ
955 4179 1128 4244 οὕτως
1181 4182 1458 4236 πιστεύειν
1523 4184 1969 4256 ἀπολειπόμεθα,

390 4271 563 4324 ταῦτα
600 4270 1060 4342 ἀποκρινώμεθα,
1110 4273 1555 4346 παρακαλοῦντες
1596 4276 1689 4330 τὸν
1723 4277 1834 4332 τῶν
1874 4278 1978 4349 τῆς

387 4362 569 4433 ψυχῆς
601 4362 776 4433 ὄψεων
802 4364 987 4435 ἰατρὸν
1019 4366 1085 4436 τῇ
1113 4365 1310 4418 ἑαυτοῦ
1355 4366 1518 4449 σοφίᾳ
1550 4368 1646 4421 καὶ
1668 4368 1977 4442 φιλανθρωε

2081 3177 2266 3220 rentes
2311 3165 2645 3219 conveniens
2704 3178 3048 3232 responsum.
3107 3162 3463 3232 Respondere
3517 3164 3667 3219 enim

2077 3266 2264 3327 posset
2316 3256 2515 3325 aliquis
2560 3271 2576 3309 :
2616 3254 2770 3310 Hanc
2811 3256 2880 3310 ob
2917 3270 3142 3310 causam
3197 3270 3306 3308 non
3364 3254 3664 3316 credimus,

2078 3349 2335 3419 quoniam
2369 3362 2476 3402 non
2519 3347 2768 3402 videmus
2820 3362 3061 3416 quonam
3122 3357 3285 3415 pacto
3336 3344 3467 3399 illud
3519 3346 3667 3415 quod

2077 3441 2211 3496 dicit
2240 3441 2312 3495 sit
2340 3441 2584 3494 veritas:
2612 3454 2721 3493 non
2748 3438 3001 3493 videmus
3024 3447 3205 3492 autem
3246 3452 3313 3491 eo
3343 3437 3491 3506 quod
3523 3451 3665 3490 non-

2077 3533 2205 3588 dum
2243 3532 2486 3587 mundati
2519 3531 2627 3586 sint
2653 3531 2705 3584 in
2767 3531 2927 3585 nobis
2962 3530 3036 3583 illi
3073 3530 3213 3584 oculi
3252 3530 3344 3600 qui
3404 3531 3510 3583 vim
3541 3544 3669 3599 per-

2080 3626 2375 3697 spicienda;
2405 3623 2655 3678 veritatis
2678 3632 2868 3677 natura
2898 3623 3103 3678 habent
3132 3631 3227 3678 :et
3245 3622 3502 3693 quoniam
3530 3621 3668 3677 mlas

2076 3732 2291 3782 sumus,
2327 3730 2435 3772 non
2469 3730 2663 3771 sumus
2706 3730 2773 3771 ex
2812 3714 2923 3769 Deo
2962 3730 2978 3780 ;
3023 3717 3168 3785 quod
3215 3717 3260 3769 si
3317 3713 3554 3769 nondum
3595 3728 3666 3768 es

2077 3809 2194 3866 Deo
2229 3824 2440 3875 sumus,
2477 3808 2643 3862 etiam
2677 3805 2820 3861 oculi
2849 3806 2957 3861 vim
2993 3806 3386 3875 perspicienda:
3418 3804 3668 3860 veritatis

2079 3903 2345 3957 habentes
2399 3898 2586 3953 mundi
2634 3912 2740 3951 non
2777 3905 2928 3963 sunt,
2965 3897 3051 3951 vel
3086 3899 3217 3966 quia
3251 3896 3496 3966 cooperti
3528 3895 3664 3963 sint,

2081 3992 2164 4046 vel
2203 3991 2332 4061 quia
2369 3991 2480 4046 sint
2511 3989 2710 4055 crassi,
2754 3989 2840 4043 vel
2892 3989 3018 4059 quia
3049 3990 3163 4044 sint
3202 3990 3407 4046 turbidi
3442 3999 3669 4059 propter

2077 4087 2294 4141 vitium.
2345 4085 2423 4140 Ac
2473 4082 2890 4139 considerantes
2935 4082 3223 4154 diligenter
3257 4084 3476 4153 quidem
3530 4082 3669 4151 quid

2076 4164 2150 4235 Sit
2181 4178 2401 4248 proprie
2430 4178 2677 4240 credere,
2702 4178 2862 4246 juxta
2898 4176 3030 4231 illud
3062 4177 3266 4231 dictum
3300 4193 3314 4229 :
3348 4174 3537 4228 Omnis
3570 4175 3664 4243 qui

2077 4273 2241 4327 credit
2275 4271 2419 4342 quod
2439 4270 2599 4325 Jesus
2624 4269 2867 4325 Christus
2897 4277 2996 4336 est,
3025 4284 3090 4323 ea:
3127 4266 3235 4321 Deo
3257 4269 3464 4336 genitus
3490 4276 3568 4320 est
3596 4266 3663 4333 ",

2076 4364 2489 4433 sentientesque
2539 4374 2805 4431 quantum
2858 4363 3102 4416 absimus
3151 4359 3221 4414 ab
3256 4361 3359 4414 hoc
3405 4360 3664 4414 credendi

388 4454 490 4526 πίᾳ
520 4453 698 4507 πάντα
722 4455 944 4526 ποιῆσαι
979 4457 1048 4511 τά
1083 4458 1225 4530 ὑπὲρ
1246 4456 1343 4513 τοῦ
1366 4459 1822 4531 ἀποκαλυφθῆναι
1846 4464 1972 4527 τοὺς

2081 4456 2267 4520 modo,
2322 4456 2439 4512 haec
2487 4456 2937 4525 respondeamus,
2988 4453 3343 4508 obsecrantes
3392 4452 3663 4506 medicum

384 4545 699 4617 ὀφθαλμοὺς
728 4546 887 4618 ἡμῶν
910 4547 988 4601 ἔτι
1022 4549 1467 4621 κεκαλυμμένους
1499 4550 1605 4604 ὑπὸ
1631 4553 1729 4623 τῆς
1756 4552 1845 4606 διὰ
1872 4554 1973 4625 τὴν

388 4638 588 4691 κακίαν
652 4638 875 4710 ἀτιμίας
929 4641 1119 4711 mqu,
1180 4643 1322 4697 κατά
1365 4642 1428 4696 τὸ
1477 4644 1767 4715 εἰρημένον
1830 4663 1969 4700 που·

400 4729 817 4809 Ἐᾶτεκάλυψεγ
856 4732 1015 4802 ἡμᾶς
1054 4735 1094 4803 ἡ
1137 4735 1340 4805 ἀτιμία
1369 4735 1571 4807 ἡμῶν
1607 4739 1974 4793 ἐπακούσεται

388 4821 493 4893 γὰρ
520 4821 674 4892 ἡμῶν
702 4822 1104 4893 ὁμολογούντων
1137 4825 1206 4879 τὰ
1242 4827 1391 4881 αίτια
1437 4826 1531 4881 τοῦ
1566 4828 1791 4900 μηδέπω
1823 4832 1975 4902 ἡμᾶς

387 4911 686 4976 πιστεύειν,
741 4913 836 4966 καὶ
883 4913 961 4978 ὡς
1023 4915 1209 4980 κακῶς
1273 4914 1499 4990 ἔχουσι,
1537 4920 1635 4973 καὶ
1676 4919 1972 4992 χρῄζουσιν

389 5004 574 5077 ἰατροῦ
598 5004 808 5077 βοηθῶν
836 5011 1160 5078 συνεργήσει
1182 5008 1318 5080 πρὸς
1354 5010 1415 5063 τὸ
1451 5013 1698 5084 χωρῆσαι
1738 5014 1887 5085 ἡμᾶς
1911 5012 1975 5067 τὸ

386 5098 468 5160 είς
498 5096 559 5150 τὸ
587 5096 864 5152 πιστεύειν
889 5098 1154 5171 χάρισμα,
1179 5102 1364 5175 τρίτον
1391 5105 1545 5176 παρά
1576 5104 1655 5176 τῷ
1692 5105 1890 5176 Παύλῳ
1912 5108 1972 5160 ὲν

386 5187 466 5258 τῷ
517 5188 806 5261 καταλόγῳ
856 5189 967 5243 τῶν
1021 5194 1377 5264 χαρισμάτων
1424 5197 1776 5267 τεταγμένον,
1829 5198 1970 5269 μετά

386 5278 478 5331 τὸν
513 5278 611 5349 τῆς
654 5279 846 5347 σοφίας
888 5279 1066 5348 λόγον,
1102 5282 1197 5335 καὶ
1230 5282 1321 5336 τὸν
1352 5284 1451 5356 τῆς
1491 5286 1761 5350 συνέσεως
1787 5286 1969 5355 λόγον,

387 5366 469 5435 οἷς
497 5371 779 5442 ἐπιφέρειο
840 5372 1051 5441 Ἑτέρῳ
1094 5376 1302 5442 πίστις
1351 5377 1423 5431 ἐν
1464 5378 1545 5444 τῷ
1582 5379 1747 5445 αὐτῷ
1788 5382 1976 5435 πνεύ-

382 5479 554 5534 ματιο
609 5464 740 5534 περὶ
785 5457 847 5518 οὗ
898 5464 1237 5539 χαρίσματος
1294 5468 1389 5522 καὶ
1437 5470 1497 5524 ἐν
1544 5471 1724 5534 ἄλλοις
1775 5471 1968 5543 φησίν·

391 5559 510 5611 Ὀτι
542 5556 661 5611 ἀπὸ
697 5555 845 5610 Θεοῦ
888 5556 1032 5626 ὑμῖν
1073 5557 1384 5629 ἐχαρίσθη,
1433 5563 1505 5617 οὐ
1539 5563 1733 5631 μόνον
1775 5563 1839 5616 τὸ
1882 5565 1971 5629 εἰς

2078 4549 2363 4605 oculorum
2402 4549 2619 4614 aninnc,
2649 4558 2712 4603 ut
2736 4562 2834 4603 sua
2874 4545 3046 4616 ipsius
3068 4554 3181 4599 tum
3214 4546 3503 4613 sapientia,
3549 4552 3662 4596 tum

2077 4655 2289 4706 amore,
2320 4656 2431 4709 quo
2484 4655 2660 4711 genus
2708 4641 3013 4693 humanum
3065 4636 3431 4707 prosequitur,
3478 4634 3660 4689 omnia

2076 4729 2262 4796 faciat,
2299 4747 2409 4801 quo
2442 4732 2757 4800 aperiantur
2788 4728 2929 4785 oculi
2966 4730 3142 4783 nostri
3177 4729 3360 4782 adhuc
3387 4727 3561 4781 clausi
3589 4727 3661 4781 ab

2078 4824 2372 4892 ignominia
2431 4836 2640 4888 nostra,
2700 4834 2927 4893 propter
2971 4823 3166 4877 vitium
3215 4821 3429 4890 ;juxta
3487 4819 3659 4875 illud:

2078 4912 2359 4984 Cooperuit
2394 4931 2487 4968 nos
2519 4913 2814 4984 ignominia
2868 4923 3055 4967 nostra
3100 4911 3163 4969 “.
3200 4911 3469 4965 Exaudiet
3513 4910 3660 4963 enim

2075 5023 2177 5064 nos
2215 5007 2261 5063 si
2291 5007 2652 5063 conﬁteantur
2688 5020 2887 5060 causas
2929 5020 3028 5060 cur
3071 5001 3313 5058 nondum
3352 5001 3660 5066 credamus,

2073 5111 2131 5158 et
2162 5101 2317 5172 quasi
2345 5099 2488 5154 male
2519 5098 2730 5154 allectis
2754 5109 2919 5169 atque
2953 5097 3162 5151 medico
3191 5093 3477 5164 egentibus
3500 5106 3658 5161 opem

2074 5190 2257 5248 ferens
2283 5190 2545 5246 Dominus
2566 5188 2949 5259 cooperabitur
2978 5188 3134 5243 nobis
3158 5188 3224 5239 ad
3250 5184 3660 5253 percipiendum

2077 5285 2277 5340 donum
2308 5282 2588 5347 credendi,
2623 5282 2786 5336 tertio
2809 5283 2929 5336 loco
2960 5280 3102 5348 apud
3138 5277 3368 5333 Paulum
3398 5277 3660 5347 positum,

2031 5419 2039 5425 .
2079 5379 2207 5431 dum
2240 5383 2489 5431 recenset
2517 5375 2692 5440 dona;
2721 5373 2976 5428 nimirum
3000 5379 3122 5442 post
3152 5371 3353 5425 donum
3380 5368 3662 5438 sapientiae

2079 5479 2133 5523 ct
2174 5477 2297 5538 post
2343 5470 2545 5522 donum
2599 5465 2867 5528 scientiae,
2915 5465 3117 5528 quibus
3163 5459 3448 5529 subiungit
3494 5476 3511 5515 :
3553 5459 3661 5512 Alii

2085 5560 2218 5630 ﬁdes
2252 5576 2344 5629 per
2374 5559 2616 5612 eumdem
2640 5558 2886 5626 spiritum
2909 5555 2953 5587 ¹⁸
2979 5572 2995 5622 ;
3036 5554 3102 5608 de
3131 5567 3240 5623 quo
3270 5553 3414 5608 dono
3446 5561 3503 5605 et
3531 5551 3660 5607 alibi

459 5674 673 5757 fll‘elir.
708 5688 784 5737 ιν,
810 5674 901 5757 μ.
975 5677 1068 5711 θο¹⁰
1100 5679 1120 5733 Ι
1153 5677 1282 5734 Cor.
1308 5694 1346 5746 1,
1381 5680 1432 5736 1.
1512 5680 1552 5714 ¹¹
1575 5680 1733 5737 Joan.
1759 5697 1868 5750 xw,
1897 5681 1968 5739 30

2074 5683 2113 5715 "
2133 5680 2293 5740 Joan.
2331 5696 2445 5747 vtu,
2474 5677 2564 5734 46.
2645 5678 2688 5711 ’³
2723 5677 2746 5733 ι
2772 5677 2930 5734 Joan.
2958 5690 3010 5743 v,
3032 5674 3083 5728 1.
3164 5674 3207 5706 ⁸⁸
3226 5673 3428 5730 Jerem.
3459 5674 3663 5740 111,25.

395 5744 483 5799 "l
523 5745 649 5801 Cor.
686 5759 784 5810 xu,
809 5743 862 5799 9.
