4196 6418
557 293 661 350 ,647

2029 294 2354 350 ORIGENIS

3715 301 3824 355 648

562 409 736 474 inquit
764 424 778 460 :
815 407 918 472 Qui
947 425 978 460 a
1009 406 1116 460 Deo
1145 408 1284 461 vobis
1306 407 1561 460 donatum
1590 417 1690 471 est,
1721 425 1826 462 non
1854 409 2028 462 solum
2076 421 2132 462 ut

2241 411 2497 477 Χριστὸν
2543 414 2882 476 πιστεύειν,
2937 414 3098 468 ἀλλὰ
3146 416 3242 466 καὶ
3307 416 3371 468 τὸ
3422 416 3574 486 ὑπὲρ
3628 419 3816 471 αὐτοῦ

559 517 615 552 ιιι
642 496 907 552 Clu-istum
940 500 1187 557 credatis.
1216 515 1396 553 verum
1423 499 1581 550 etiam
1616 508 1674 552 ut
1702 514 1796 565 pro
1830 499 1942 567 ipso
1964 501 2138 566 patia-

560 590 692 642 mini
733 590 794 642 '°.
830 590 1004 656 Atque
1030 591 1281 657 equidem
1321 591 1364 642 si
1399 591 1522 658 quis
1553 589 1843 643 eﬂicaciam
1879 591 2132 644 credendi

562 678 786 738 notarit,
823 678 1025 731 videbit
1055 678 1342 731 manifesto
1370 695 1476 731 nou
1509 679 1727 746 vulgare
1749 677 1912 749 350
1934 681 2134 732 donum

565 771 657 823 Dei
691 786 830 833 esse,
864 771 1008 837 quod
1061 770 1185 838 quis
1232 772 1420 824 credat
1453 771 1581 823 nulli
1618 771 1730 832 alii,
1776 781 2133 838 praeterquam

561 861 664 913 soli
711 875 858 924 vero,
913 860 1210 928 praesertim
1262 876 1385 913 cum
1437 861 1594 929 plura
1642 862 1919 928 dogmata,
1962 875 2135 928 eaque

561 957 713 1007 varia
748 953 1091 1023 divulgentur
1129 971 1156 1007 a
1201 953 1384 1007 multis
1417 969 1545 1007 vera
1577 969 1635 1007 se
1663 954 1858 1006 docere
1908 952 2136 1020 promit-

564 1047 825 1099 tentibus.
863 1044 977 1099 Hoc
1010 1045 1154 1097 enim
1181 1044 1294 1112 jam
1331 1045 1542 1112 pruhati
1575 1045 1738 1095 etiam
1785 1042 2133 1096 nummularii

559 1137 793 1190 cilicium
835 1146 938 1198 est,
978 1151 1139 1204 quem
1189 1137 1231 1189 si
1276 1137 1399 1204 quis
1457 1137 1762 1205 perfectum
1811 1137 2133 1204 ‘uominaril,

563 1229 708 1284 haud
736 1229 1054 1293 aberrabit;
1087 1243 1210 1280 cum
1260 1227 1428 1280 etiam
1473 1226 1526 1279 in
1585 1226 1928 1281 Hebraeorum
2007 1224 2137 1296 Epi-

558 1322 694 1378 stola
717 1321 980 1389 scriptum
1024 1319 1096 1372 sit
1129 1336 1142 1372 :
1179 1315 1544 1385 Perfectorum
1598 1327 1773 1371 autem
1813 1330 1888 1371 est
1932 1319 2133 1371 solidus

559 1413 732 1474 cibus,
764 1427 945 1480 nempe
977 1411 1168 1463 horum
1207 1408 1298 1477 qui
1335 1418 1545 1476 propter
1589 1411 1980 1463 assuetudinem
2018 1428 2134 1464 sen-

561 1520 651 1558 sus
673 1503 866 1556 habent
917 1501 1234 1555 exercitatos
1264 1498 1335 1550 ad
1369 1499 1734 1554 discretionem
1773 1502 1891 1554 boni
1937 1503 2136 1571 pariter

560 1610 607 1648 et
647 1595 773 1648 mali
803 1594 868 1648 ¹⁷.

630 1692 721 1746 27.
766 1691 869 1756 Qui
899 1707 964 1745 ex
1008 1691 1116 1745 Deo
1154 1700 1253 1754 est,
1300 1689 1454 1743 verba
1489 1687 1585 1742 Dei
1627 1689 1824 1750 audit;
1858 1698 2130 1756 prapterea

2237 499 2515 569 πάσχειν.
2566 502 2674 555 Καὶ
2734 503 2841 556 ἀπὸ
2888 503 2987 572 τῆς
3034 504 3308 574 ἐνεργείας
3351 505 3406 558 δὲ
3459 509 3817 578 ὲπιστήσαντι

2239 593 2404 659 σαφὲς
2438 592 2587 646 ἔσται
2627 594 2722 662 (4),
2760 595 2839 646 ὃτι
2873 595 2970 663 οὐχ
3007 596 3040 665 ἡ
3086 597 3324 666 τυχοῦσα
3361 597 3541 668 δωρεά
3569 602 3686 652 ἐστι
3721 601 3815 653 τοῦ

2236 682 2400 746 Θεοῦ,
2459 684 2717 737 πλειόνων
2778 685 3062 756 δογμάτων
3116 687 3387 760 διαφόρων
3445 692 3549 744 ὑπὸ
3607 693 3817 746 πολλῶν

2237 775 2661 845 κηρυσσομένων
2705 776 2812 828 τῶν
2855 777 3125 832 διδάσκειν
3160 780 3228 833 τά
3267 781 3442 852 ἀληθῆ
3482 783 3815 852 ἐπαγγελλο-

2239 867 2438 935 μένων,
2495 867 2554 918 τὸ
2610 868 2798 938 μηδενί
2842 869 2873 937 ἢ
2932 869 3080 940 μόνῳ
3121 869 3198 940 τῷ
3245 870 3438 942 ἀληθεῖ
3493 875 3811 931 πιστεῦσαι·

2235 955 2392 1008 τοῦτο
2451 956 2558 1026 γάρ
2616 957 2715 1027 ἤδη
2789 959 2882 1013 καὶ
2958 959 3181 1029 δοκίμου
3253 963 3580 1031 τραπεζίτου
3653 964 3815 1034 ἔργον

2234 1047 2509 1116 τυγχάνει,
2541 1048 2598 1100 ὃν
2635 1049 2837 1102 τέλειον
2878 1050 3158 1121 ὀνομάζων
3204 1053 3302 1105 οὐκ
3342 1053 3408 1106 ἂν
3451 1055 3687 1125 ἁμάρτοι
3712 1057 3810 1126 (5)·

2235 1136 2330 1188 xui
2359 1137 2416 1188 ἐν
2457 1139 2523 1207 τῇ
2570 1139 2706 1209 πρὸς
2768 1139 3050 1212 Ἐϐραίους
3105 1144 3488 1215 γεγραμμένου
3537 1147 3664 1199 τοῦ⁸
3717 1151 3814 1201 Τε-

2233 1228 2412 1280 λείων
2451 1227 2519 1282 δέ
2559 1229 2729 1282 ἐστιν
2775 1231 2813 1297 ή
2868 1231 3081 1299 στερεὰ
3124 1232 3335 1301 τροφὴ,
3392 1235 3510 1287 τῶν
3562 1236 3658 1290 διὰ
3698 1235 3814 1304 τὴν

2233 1318 2365 1383 ἕξιν
2401 1320 2471 1374 τὰ
2502 1322 2854 1390 αὶσθητήρια
2883 1327 3343 1396 γεγυμνασμένα
3368 1327 3635 1397 ἐχόντων
3661 1329 3814 1399 πρὸς

2234 1410 2534 1481 διάκρισιν
2560 1413 2749 1467 καλοῦ
2777 1431 2840 1468 τε
2866 1416 2962 1469 καὶ
2993 1417 3199 1472 κακοῦ.

2303 1685 2394 1740 27.
2447 1687 2499 1739 '0
2543 1685 2629 1739 ὢν
2659 1687 2729 1741 ἐκ
2770 1687 2874 1742 τοῦ
2911 1688 3060 1743 Θεοῦ
3102 1690 3174 1744 τὰ
3219 1690 3455 1760 ῥήματα
3496 1691 3606 1746 τοῦ
3660 1695 3811 1750 Θεοῦ

559 1801 649 1838 vos
700 1800 804 1837 non
848 1784 1068 1846 auditis,
1119 1785 1240 1852 quia
1281 1799 1344 1836 ea:
1383 1781 1490 1835 Deo
1522 1798 1625 1834 non
1660 1783 1780 1834 estis
1811 1781 1875 1832 η.
1911 1780 2012 1847 Qui
2046 1782 2128 1834 di-

2231 1777 2434 1831 ἀκούει
2457 1795 2470 1808 ·
2507 1779 2605 1831 διὰ
2635 1779 2808 1832 τοῦτο
2840 1781 3007 1849 ὑμεῖς
3038 1785 3147 1835 οὐκ
3176 1783 3443 1847 ἀκούετε,
3478 1785 3564 1836 ὅτι
3595 1785 3662 1838 ἐκ
3701 1787 3810 1841 τοῦ

559 1890 840 1928 νοιειιιιιιιη
869 1886 1186 1927 naturarum
1221 1875 1570 1928 introducunt
1599 1883 1987 1936 commentum,
2012 1873 2132 1941 qui-

559 1981 666 2034 que
701 1967 889 2019 dicunt
919 1966 1057 2020 lilios
1089 1966 1178 2019 Dei
1206 1975 1404 2020 natura
1433 1974 1487 2018 et
1517 1979 1547 2017 a
1588 1963 1761 2033 prima
1793 1963 2131 2017 institutione

560 2057 694 2111 tales
715 2057 1000 2118 exsistere,
1029 2070 1230 2124 eosque
1255 2053 1426 2109 solum
1451 2067 1680 2122 capaces
1704 2067 1825 2108 esse
1842 2053 2130 2105 verborum

559 2148 651 2201 Dei
687 2158 905 2216 propter
956 2145 1337 2216 cognationem
1370 2159 1534 2214 quam
1573 2159 1693 2197 cum
1737 2141 1847 2196 Deo
1907 2143 2128 2205 habent,

557 2255 624 2292 ex
674 2239 776 2292 hoc
827 2239 990 2292 etiam
1039 2238 1158 2291 loco
1211 2237 1529 2291 existimant
1583 2249 1641 2289 se
1697 2235 1932 2305 probare
1987 2234 2130 2304 quod

557 2330 939 2399 proposuerint
971 2345 985 2381 :
1026 2329 1127 2381 hoc
1160 2337 1441 2388 contextu,
1468 2341 1628 2395 quem
1662 2325 1935 2380 mordicus
1963 2329 2128 2380 etiam

557 2428 762 2482 tenent,
791 2419 842 2470 iu
869 2433 1021 2471 suam
1056 2418 1366 2485 opinionem
1403 2417 1684 2470 trahentes
1720 2416 1901 2478 rudes,
1934 2424 1989 2469 et
2012 2416 2130 2470 sine

549 2507 784 2578 judicio,
819 2525 917 2565 nec
947 2510 1190 2582 valentes
1220 2515 1550 2579 respondere
1581 2510 1646 2563 ad
1687 2508 2128 2580 probabilitatem

555 2602 853 2654 voluntatis
894 2609 1208 2664 contextus,
1259 2614 1434 2669 neque
1488 2601 1736 2654 videntes
1761 2600 1878 2668 ejus
1905 2599 2129 2654 solutio-

555 2708 678 2746 nem
710 2694 852 2746 hunc
901 2692 954 2746 iu
997 2693 1215 2746 modum
1256 2707 1315 2744 se
1362 2692 1695 2746 habentem:
1731 2692 1787 2744 Si
1817 2691 1988 2759 palam
2020 2700 2126 2754 est,

557 2792 827 2852 quotquot
861 2793 1185 2852 receperunt
1231 2781 1409 2835 lucem
1449 2797 1651 2846 veram,
1706 2797 1827 2850 qua:
1861 2783 2129 2836 illuminat

556 2891 775 2929 omnem
815 2875 1089 2928 hominem
1139 2874 1447 2928 venientem
1499 2874 1552 2926 in
1604 2873 1862 2927 mundum
1913 2873 1977 2936 ",
2023 2888 2126 2927 non

555 2964 681 3034 quia
717 2967 825 3018 sint
861 2979 928 3017 ex
968 2963 1098 3030 Deo,
1143 2967 1419 3034 recepisse
1453 2979 1575 3018 eam
1619 2962 1763 3033 (nam
1812 2965 1855 3018 si
1895 2979 1960 3020 eo
1985 2967 2127 3035 quod

554 3063 739 3106 essent
775 3066 840 3106 ex
871 3053 1004 3115 Deo,
1038 3053 1375 3122 recepissent
1406 3054 1573 3119 illam,
1610 3053 2028 3124 haudquaquam
2062 3057 2127 3109 de

555 3159 634 3198 eis
670 3143 932 3212 scriptum
967 3143 1160 3198 fuisset
1205 3162 1218 3193 :
1273 3145 1542 3212 Quotquot
1595 3155 1771 3199 autem
1825 3127 1940 3212 ηεξ

552 3251 694 3297 eum,
720 3237 860 3289 dedit
882 3236 958 3289 eis
990 3236 1321 3290 credentibus
1350 3237 1406 3290 in
1437 3253 1622 3290 nomen
1647 3239 1783 3305 ejus,
1816 3247 2127 3304 potestatem

553 3338 608 3379 ut
642 3327 742 3396 ﬁlii
781 3327 872 3381 Dei
905 3329 1088 3395 ﬁerent
1109 3329 1203 3397 ὀ),
1233 3329 1399 3398 liquet
1425 3331 1591 3384 etiam
1623 3346 1718 3384 eos
1746 3331 1838 3400 qui
1868 3347 1972 3386 non
2006 3340 2129 3385 sunt

551 3434 618 3474 ex
649 3419 776 3486 Deo,
815 3429 1140 3490 potestatem
1177 3435 1282 3474 non
1320 3419 1523 3475 habere
1565 3422 1752 3493 aliquo
1791 3433 1950 3491 pacto
1988 3424 2129 3478 lilios

549 3508 647 3564 Dei
691 3509 830 3573 ﬁeri,
861 3521 1148 3581 antequam
1204 3509 1518 3578 acceperint
1558 3526 1744 3566 veram
1784 3513 1980 3568 lucem.
2019 3514 2128 3568 ιιιιο

552 3602 644 3670 qui
695 3604 1034 3672 acceperint,
1089 3617 1156 3657 ne
1209 3602 1306 3656 ﬁlii
1354 3603 1572 3672 quidem
1623 3604 1712 3660 Dei
1750 3606 1928 3660 adhuc
1977 3617 2124 3672 sunt,

549 3695 665 3761 sed,
701 3711 764 3748 eo
794 3696 935 3764 quod
982 3693 1297 3764 acceperint
1350 3694 1552 3760 lucem,
1601 3705 1931 3764 potestatem
1979 3698 2124 3752 acci-

551 3787 704 3854 piunt
736 3785 874 3838 ﬁlius
909 3785 1000 3838 Dei
1034 3784 1175 3851 ﬁeri,
1208 3794 1263 3838 et
1296 3793 1426 3838 tunc
1471 3799 1537 3838 ex
1585 3785 1693 3840 Deo
1727 3786 1918 3856 geniti,
1959 3786 2123 3840 etiam

551 3875 715 3931 verba
757 3877 849 3930 Dei
880 3879 1125 3942 audiunt,
1157 3893 1263 3932 non
1293 3880 1529 3950 amplius
1563 3887 1773 3933 tantum
1806 3880 2127 3950 simpliciter

554 3973 859 4036 credentes,
893 3973 985 4026 sed
1018 3971 1128 4040 jam
1169 3974 1384 4028 acutius
1417 3989 1507 4028 res
1548 3975 1716 4029 divini
1762 3974 1940 4030 cultus
1968 3973 2128 4028 intel-

549 4064 801 4134 ligentes.
833 4065 1005 4118 Porro
1036 4065 1128 4134 qui
1158 4063 1466 4131 huiusmodi
1518 4082 1640 4122 esse
1680 4082 1786 4121 non
1826 4065 2126 4120 contende-

551 4157 684 4221 rint,
717 4171 818 4210 nec
846 4156 941 4211 lilii
989 4155 1084 4212 Dei
1122 4157 1276 4224 ﬁunt,
1311 4174 1409 4212 nec
1439 4165 1568 4213 sunt
1592 4173 1657 4212 ex
1688 4172 1753 4211 eo
1801 4174 1815 4222 ;
1868 4167 1924 4210 et
1981 4157 2122 4210 hanc

549 4248 619 4301 ob
653 4263 874 4302 causam
918 4263 1095 4318 neque
1122 4251 1350 4304 audiunt
1385 4250 1547 4305 verba
1586 4249 1781 4318 ipsius,
1817 4262 1994 4317 neque
2034 4245 2119 4298 iu-

547 4339 796 4407 telligunt
832 4341 1164 4397 voluntatem
1198 4343 1411 4400 illorum
1441 4359 1455 4407 ;
1493 4343 1588 4396 sed
1622 4351 1845 4395 manent
1882 4341 1933 4393 in
1976 4350 2120 4393 statu

547 4433 873 4503 prweedenti
906 4435 1052 4488 filios
1084 4434 1174 4488 Dei
1212 4452 1226 4498 ;
1264 4448 1457 4502 nempe
1504 4434 1556 4487 in
1599 4441 1742 4486 statu
1771 4447 1985 4496 eorum,
2028 4433 2117 4500 qui
2151 4466 2195 4520 υ

546 4535 758 4577 tantum
798 4526 1161 4588 crediderunt,
1194 4526 1337 4580 servi
1371 4524 1485 4589 Dei,
1525 4539 1591 4578 eo
1623 4523 1769 4594 quod
1803 4527 2119 4593 acceperint

545 4613 826 4664 servitutis
855 4613 1101 4679 spiritum
1137 4613 1190 4666 in
1231 4615 1426 4667 timore
1472 4613 1539 4676 ¹¹,
1581 4629 1684 4667 nec
1737 4614 2120 4669 contenderiut

543 4717 612 4756 eo
661 4704 974 4772 procedere,
1004 4713 1058 4758 et
1088 4705 1372 4774 proiicere,
1408 4714 1467 4758 ut
1497 4706 1660 4760 etiam
1713 4706 2016 4774 adoptionis
2049 4707 2115 4761 fi-

545 4792 738 4848 liorum
788 4795 1042 4863 spiritum
1098 4791 1458 4865 acciperent,~
1495 4813 1593 4867 per
1651 4814 1812 4867 quem
1877 4798 2118 4853 clamant

545 4885 695 4938 illum
730 4884 1013 4950 habentes,
1045 4887 1190 4941 Abba
1221 4897 1392 4956 pater.
1426 4889 1578 4956 Quod
1627 4892 1771 4944 enim
1809 4889 2113 4960 generatim

543 4975 720 5030 nullus
752 4978 912 5032 homo
945 4980 1013 5033 ab
1044 4979 1200 5035 initio
1225 4981 1294 5034 sit
1324 4981 1465 5036 ﬁlius
1495 4982 1613 5045 Dei,
1643 4980 1820 5049 palam
1869 4989 1954 5034 est
2001 4989 2112 5034 tum

541 5082 610 5121 ex
645 5067 747 5120 hoc
773 5068 920 5123 dicto
947 5070 991 5100 "
1020 5089 1034 5125 :
1068 5071 1295 5126 Eramus
1323 5084 1516 5126 natura
1557 5072 1657 5140 ﬁlii
1693 5072 1810 5134 irte,
1839 5070 1998 5141 351
2035 5070 2111 5141 (id

540 5159 682 5228 quod
735 5159 934 5215 Paulus
980 5163 1146 5217 etiam
1198 5167 1265 5219 de
1307 5167 1484 5234 seipse
1514 5163 1694 5234 dixit),
1745 5171 1854 5216 tum
1886 5179 1954 5218 ex
1997 5177 2107 5217 eo:

542 5252 656 5322 ligo
686 5265 861 5306 autem
892 5254 1009 5308 dico
1037 5257 1177 5309 vobis
1205 5270 1223 5307 :
1263 5255 1480 5327 Diligite
1525 5257 1769 5311 inimicos
1812 5266 2030 5322 vestros,
2059 5263 2110 5309 et

615 5385 657 5414 "
682 5384 879 5455 Philip.
915 5402 955 5449 ι,
995 5387 1085 5446 29.

540 5455 586 5485 ¹²
615 5455 814 5524 Ephcs.
848 5472 910 5520 ll,
937 5457 992 5510 3.

635 5575 689 5644 4)
727 5576 909 5629 Codex
939 5576 1156 5645 Regius,
1180 5590 1488 5644 perperam,
1515 5575 1750 5628 ἔσεσθαι.

635 5647 688 5711 Ei)
721 5646 900 5716 Codex
927 5646 1146 5716 Regius,
1172 5648 1332 5708 male,
1365 5646 1744 5716 ἀμαρτήσατε.

611 5717 686 5784 (6)
707 5717 772 5767 οι
796 5714 910 5783 τὴν
935 5714 1067 5784 περὶ
1096 5714 1417 5785 διαφόρων,
1453 5714 1952 5772 οιεζνιιίειιιὶιιίιιηί
1997 5714 2106 5770 sci-

2236 1868 2384 1921 Θεοῦ
2414 1869 2524 1921 οὐκ
2549 1867 2710 1923 ἐστέ.
2753 1870 3010 1922 Δοκοῦσιν
3055 1872 3104 1922 οἰ
3144 1871 3240 1941 τὴν
3281 1874 3407 1942 περὶ
3437 1873 3706 1945 διαφόρων
3737 1874 3814 1944 (6)

2235 1960 2448 2028 φύσεων
2497 1961 2806 2028 εἰσάγοντες
2859 1963 3196 2033 μυθοποιίαν,
3237 1965 3330 2018 xui
3375 1965 3623 2034 λέγοντες
3673 1965 3814 2022 εἰναι

2234 2051 2391 2120 φύσει
2431 2054 2523 2106 xui
2567 2055 2630 2106 ὲκ
2669 2052 2891 2124 πρώτης
2923 2057 3264 2125 κατασκευῆς
3295 2057 3443 2120 υἱοὺς
3483 2059 3617 2112 Θεοῦ
3652 2061 3815 2130 μόνον

2230 2145 2318 2198 διὰ
2354 2145 2415 2197 τὸ
2444 2145 2578 2216 πρὸς
2609 2145 2740 2197 Θεὸν
2771 2147 3028 2214 συγγενὲς
3075 2147 3356 2210 δεκτικοὺς
3391 2149 3498 2202 τῶν
3537 2151 3630 2203 τοῦ
3673 2151 3812 2207 Θεοῦ

2235 2237 2519 2308 ῥημάτων,
2551 2237 2644 2290 xui
2677 2236 2924 2290 ἐντεῦθεν
2957 2237 3335 2293 ἀποδεικνύναι
3363 2241 3421 2293 τὺ
3447 2243 3814 2312 προκείμενον

2231 2330 2432 2392 αὐτοῖς.
2479 2329 2888 2399 Συναρπάζουσί
2933 2329 2997 2397 γέ
3040 2347 3121 2383 τοι
3176 2331 3271 2384 xui
3320 2332 3428 2385 ἀπὸ
3480 2335 3668 2386 τούτου
3715 2332 3813 2388 τοῦ

2232 2419 2397 2491 ῥητοῦ
2430 2419 2934 2491 προσδιατρίϐοντες
2972 2420 3121 2490 αύτῷ
3153 2423 3279 2485 τοὺς
3316 2424 3572 2494 ἀκρίτους
3601 2425 3695 2478 xui
3735 2424 3814 2496 μὴ

2231 2511 2556 2581 δυναμένους
2592 2510 2727 2581 πρὸς
2763 2509 2861 2581 τὴν
2900 2510 3231 2582 πιθανότητα
3274 2514 3373 2583 τῆς
3426 2517 3670 2585 χρήσεως
3715 2517 3810 2570 τοῦ

2233 2601 2398 2673 ῥητοῦ
2455 2601 2734 2670 ἁπαντᾷν,
2785 2600 2919 2670 μηδὲ
2965 2600 3260 2671 βλέποντας
3305 2604 3470 2656 αὑτοῦ
3514 2607 3610 2674 τὴν
3657 2607 3814 2662 λύσιν

2229 2693 2404 2756 οὕτως
2444 2693 2698 2763 ἔχουσαν·
2737 2692 2911 2763 Εἴπερ
2957 2694 3070 2746 ὅσοι
3121 2693 3308 2747 ἔλαϐον
3347 2696 3407 2748 τὸ
3450 2697 3563 2764 φῶς
3591 2698 3650 2750 τὸ
3681 2699 3813 2767 ἀλη-

2231 2783 2392 2842 θινὸν,
2429 2784 2458 2835 ὃ
2490 2782 2713 2851 φωτίζει
2750 2784 2925 2836 πάντα
2963 2782 3248 2855 ἄνθρωπον
3290 2787 3582 2858 ἐρχόμενον
3611 2790 3689 2852 εἰς
3719 2789 3811 2842 τὸν

2231 2874 2453 2944 κόσμον,
2478 2874 2539 2926 ού
2564 2872 2642 2942 τῷ
2663 2869 2802 2926 εἶναι
2826 2873 2920 2926 xui
2949 2875 3012 2926 ἐκ
3031 2874 3124 2926 τοῦ
3163 2875 3297 2928 Θεοῦ
3332 2875 3616 2946 εἰλήφασιν
3642 2877 3771 2929 αὑτό
3790 2894 3805 2906 ·

2233 2965 2311 3034 (εἰ
2347 2963 2456 3033 γάρ
2482 2961 2559 3033 τῷ
2593 2959 2733 3016 εἶναι
2761 2965 2824 3016 ὲκ
2859 2963 2951 3016 τοῦ
2987 2963 3120 3016 Θεοῦ
3167 2965 3480 3036 εἰλήφεισαν
3523 2967 3674 3031 αὐτὸ,
3708 2968 3811 3022 οὐκ

2230 3053 2295 3106 ἂν
2319 3055 2444 3123 περὶ
2475 3053 2652 3106 αὐτῶν
2693 3053 3102 3125 ἀνεγέγραπτο⁶
3141 3056 3304 3108 Ὅσοι
3349 3055 3417 3107 δὲ
3453 3058 3672 3110 ἔλαϐον
3697 3062 3808 3112 αὑ-

1273 3145 1542 3215 Quotquot
1595 3155 1771 3199 autem
1825 3128 2125 3215 receperunt

2231 3144 2357 3207 τὸν,
2414 3143 2636 3198 ἔδωκεν
2693 3145 2897 3210 αὐτοῖς
2934 3143 3224 3207 ἐξουσίαν
3269 3146 3452 3198 τέκνα
3507 3148 3655 3202 Θεοῦ
3709 3166 3805 3220 τε·

2228 3236 2458 3297 νέσθαι,
2504 3235 2628 3300 τοῖς
2674 3236 3067 3288 πιστεύουσιν
3102 3237 3189 3300 εἰς
3228 3235 3293 3288 τὸ
3332 3237 3518 3306 ὄνομα
3553 3239 3804 3301 αὐτοῦ’)

2227 3325 2402 3396 δῆλον,
2435 3326 2515 3377 ὃτι
2543 3327 2591 3377 οἰ
2631 3326 2706 3395 μὴ
2737 3325 2888 3387 ὄντες
2923 3325 2986 3378 ἐκ
3013 3324 3107 3377 τοῦ
3139 3325 3296 3388 Θεοῦ,
3334 3329 3462 3397 πρὶν
3499 3330 3596 3399 μὲν
3621 3329 3807 3384 λαϐεῖν

2227 3422 2288 3474 τὸ
2331 3421 2615 3492 ἀληθινὸν,
2654 3423 2774 3475 οὐδὲ
2823 3421 3070 3485 ἐξουσίαν
3110 3440 3227 3485 πως
3277 3422 3458 3492 ἔχουσι
3500 3424 3593 3478 τοῦ
3638 3427 3805 3480 τέκνα

2228 3515 2362 3568 Θεοῦ
2403 3515 2680 3582 γενέσθαι·
2731 3515 2868 3569 ἐπὰν
2912 3517 2968 3569 δὲ
3011 3516 3250 3570 λάϐωσιν
3297 3520 3450 3581 αὐτὸ,
3492 3519 3656 3572 τέκνα
3703 3519 3804 3588 μὲν

2225 3605 2435 3658 οὐδέπω
2465 3605 2700 3672 γίνονται
2724 3603 2880 3667 Θεοῦ,
2905 3604 3018 3657 ἀλλ’
3048 3603 3296 3668 ἐξουσίαν
3326 3605 3680 3676 λαμϐάνουσι,
3715 3604 3806 3658 διὰ

2225 3693 2317 3747 τοῦ
2340 3693 2617 3763 εἰληφέναι
2642 3693 2701 3745 τὸ
2731 3693 2865 3762 φῶς,
2897 3693 3149 3761 γενέσθαι
3181 3694 3344 3746 τέκνα
3368 3694 3523 3748 Θεοῦ.
3553 3695 3686 3747 Τότε
3709 3711 3803 3763 γε·-

2227 3787 2438 3856 νόμενοι
2467 3787 2530 3838 ὲκ
2557 3785 2650 3837 τοῦ
2683 3784 2839 3848 Θεοῦ,
2879 3785 2973 3838 καὶ
3007 3784 3076 3837 τά
3118 3785 3338 3854 ῥήματα
3369 3785 3661 3838 ἀκούουσιν
3703 3785 3804 3838 αὺ-

2224 3876 2341 3940 τοῦ,
2398 3876 2580 3929 ούκέτι
2631 3875 2995 3947 ἁπλούστερον
3051 3877 3398 3939 πιστεύοντες
3448 3877 3638 3947 μόνον,
3686 3874 3801 3930 ἀλλ’

2225 3968 2326 4040 ἤδη
2361 3969 2456 4021 xui
2495 3965 2941 4038 διορατικώτερον
2971 3967 3360 4032 κατανοοῦντες
3393 3969 3461 4020 τά
3489 3969 3587 4038 τῆς
3622 3967 3801 4021 θεοσε-

2227 4061 2376 4124 ϐείας
2422 4062 2739 4132 πράγματα.
2801 4061 2864 4114 Οἱ
2917 4058 2990 4130 μὴ
3044 4060 3274 4113 τοιοῦτοι
3317 4059 3800 4130 φιλοτιμησάμενοι

2225 4149 2359 4206 εἶναι
2386 4153 2550 4206 τέκνα
2586 4153 2681 4222 μὲν
2714 4153 2774 4205 οὐ
2815 4151 3050 4220 γίνονται
3071 4151 3228 4212 Θεοῦ,
3257 4151 3377 4204 οὐδὲ
3409 4153 3473 4204 ὲκ
3507 4151 3601 4203 τοῦ
3632 4150 3795 4204 Θεοῦ’

2225 4247 2319 4301 xui
2351 4245 2439 4299 διά
2471 4246 2628 4298 τοῦτο
2669 4247 2770 4298 οὐκ
2801 4243 3149 4299 ἀκούουσιτά
3185 4244 3407 4315 ῥήματα
3445 4242 3632 4306 αὐτοῦ,
3678 4243 3799 4296 οὐδὲ

2226 4338 2440 4392 συνίασι
2483 4336 2577 4390 τοῦ
2619 4337 2957 4407 βουλήματος
2995 4335 3174 4387 αὐτῶν
3199 4352 3212 4364 ο
3270 4335 3489 4405 μένουσι
3528 4335 3584 4387 δὲ
3634 4337 3692 4386 ὲν

2225 4431 2330 4503 πρὸ
2365 4429 2474 4484 τῶν
2504 4430 2580 4500 (7)
2604 4429 2809 4481 τέκνων
2842 4428 2933 4480 τοῦ
2978 4427 3114 4480 Θεοῦ
3160 4429 3511 4491 καταστάσει,
3551 4427 3659 4480 τῶν
3701 4444 3799 4480 πε-

2229 4522 2600 4575 πιστευκότων
2650 4521 2830 4590 μόνον,
2875 4517 3050 4571 δοῦλοι
3093 4519 3251 4582 Θεοῦ,
3294 4517 3372 4588 τῷ
3411 4519 3689 4587 εἰληφέναι
3734 4517 3798 4570 τὸ

2224 4612 2324 4682 τῆς
2364 4609 2605 4672 δουλείας
2649 4611 2729 4672 είς
2779 4608 2940 4677 φόϐον
2989 4607 3227 4676 πνεῦμα,
3275 4607 3368 4660 xui
3412 4607 3485 4676 μὴ
3525 4607 3793 4658 ἐσπουδα-

2225 4706 2376 4758 κέναι
2425 4702 2693 4774 προϐἧναι
2744 4702 2837 4753 xui
2894 4701 3196 4772 προκόψαι,
3245 4699 3384 4752 ὥστε
3432 4700 3524 4752 xui
3581 4699 3641 4751 τὸ
3694 4699 3792 4768 τῆς

2222 4795 2492 4859 υἱοθεσίας
2525 4794 2792 4866 χωρῆσαι,
2824 4793 2880 4846 ὲν
2987 4793 3281 4864 κράξουσιν
3313 4793 3361 4843 οἱ
3397 4791 3609 4859 ἔχοντες
3640 4788 3794 4851 αὐτὸ,

2237 4888 2400 4942 Ἄὸϐὰ
2427 4891 2459 4941 ό
2488 4884 2700 4952 πατήρ.
2745 4885 2864 4936 Ὅτι
2891 4884 2999 4954 γάρ
3036 4883 3261 4936 καθόλου
3300 4882 3471 4944 οὐδεὶς
3494 4880 3798 4951 ἀνθρώπων

2222 4980 2460 5053 ἀρχῆθεν
2514 4977 2624 5040 υἱός
2677 4977 2793 5028 ἐστι
2842 4974 3010 5038 Θεοῦ,
3059 4973 3214 5042 δῆλον
3267 4974 3363 5044 μὲν
3404 4975 3498 5027 xui
3551 4976 3614 5026 ὲκ
3660 4971 3795 5025 τοῦ·

2226 5074 2441 5141 Ἠμεθα
2467 5068 2648 5122 τέκνα
2682 5067 2861 5136 φύσει
2892 5065 3094 5135 ὀργῆς,
3130 5065 3340 5118 Παύλου
3383 5065 3478 5118 xui
3517 5067 3645 5136 περὶ
3670 5067 3796 5118 ἑαυ-

2216 5163 2312 5217 τοῦ
2335 5162 2493 5215 τοῦτο
2515 5159 2823 5230 εἰρηκότος·
2871 5157 3040 5226 σαφὲς
3077 5157 3131 5210 δὲ
3161 5159 3255 5210 xui
3297 5160 3359 5210 ὲκ
3389 5156 3511 5210 τοῦ·
3557 5155 3698 5225 Ἐγὼ
3725 5154 3794 5208 δὲ

2215 5253 2373 5324 λέγω
2428 5251 2596 5322 ὑμῖν·
2666 5248 3030 5319 Ἀγαπήσατε
3104 5247 3356 5318 ἐχθροὺς
3417 5245 3623 5317 ὑμῶν,
3693 5245 3793 5300 καὶ

1168 5391 1210 5421 ³⁷
1238 5389 1404 5446 Hebr.
1449 5406 1504 5454 ν,
1549 5390 1637 5444 14.
1718 5388 1944 5446 “Joan.
1971 5403 2094 5457 vm,

2335 5385 2564 5442 "Joan.
2613 5401 2656 5451 ι,
2685 5384 2739 5438 9.
2815 5384 2861 5415 ’°
2890 5382 3023 5438 ibid.
3071 5380 3163 5438 12.
3253 5379 3485 5435 "Rom.
3543 5391 3664 5444 vm,
3694 5375 3786 5431 ‘15.

2215 5573 2367 5710 110ῗῆ
2398 5643 2577 5698 Codex
2620 5644 2837 5711 Regius.
2863 5642 3112 5713 πρώτων,
3162 5651 3215 5698 et
3261 5641 3421 5711 paulo
3453 5650 3592 5709 post,
3625 5656 3786 5694 καταρ

2222 5714 2389 5786 σταθῇ
2419 5733 2512 5784 pro
2537 5716 2885 5766 καταστάσει.
