4196 6364
437 283 542 338 649

1508 277 1867 335 COMMENT.
1914 275 1980 331 IN
2021 276 2210 332 JOAN.
2253 276 2493 331 TOMUS
2531 276 2648 334 XX.

3599 283 3705 340 050

436 403 854 474 προσεύχεσθε
897 403 1050 472 ὑπὲρ
1099 402 1219 458 τῶν
1257 403 1594 458 διωκόντων
1637 401 1797 472 ὑμᾶς
1814 445 1828 468 ,
1871 404 2028 467 ὅπως

2134 410 2278 452 orate
2320 417 2413 467 pro
2457 400 2879 467 persequentibus
2940 417 3048 464 vos,
3105 410 3160 454 ut
3212 402 3327 456 sitis
3369 403 3470 473 ﬁlii
3522 400 3706 460 Patris

438 497 698 566 γένησθε
730 495 852 550 υἱοὶ
893 496 999 551 τοῦ
1031 495 1263 564 Πατρός
1292 495 1459 566 ὑμῶν
1493 497 1599 550 τοῦ
1627 497 1696 550 ἐν
1721 495 2018 563 οὐρανοῖς.

438 589 501 642 El
534 589 641 659 γὰρ
682 587 894 651 Παῦλος
927 588 1087 658 φύσει
1119 589 1286 660 ὀργῆς
1323 589 1455 650 υίὸς,
1497 587 1579 648 τίς
1613 588 1754 658 ὑπὲρ
1789 587 2020 651 Παῦλον,
2061 647 2064 649 _

437 681 562 734 ὅσον
587 681 682 734 ἐπὶ
719 682 784 750 τῇ
831 683 1164 750 κατασκευῇ,
1192 681 1292 733 οὐκ
1323 679 1494 752 ὀργῆς
1528 679 1660 744 υίὸς,
1697 679 1803 751 πρὸ
1819 679 1910 731 τοῦ
1932 678 2026 731 λα-

438 772 554 825 ϐεῖν
576 771 826 839 ἐξουσίαν
872 771 1038 824 τέκνα
1063 772 1162 842 (7')
1186 771 1321 825 Θεοῦ
1346 771 1627 841 γενέσθαι,
1663 772 1757 825 καὶ
1791 771 1897 842 πρὸ
1929 771 2023 824 τοῦ

437 866 626 919 τέκνον
660 865 914 933 γενέσθαι
945 863 1118 929 Θεοῦ;
1155 867 1265 919 Καὶ
1291 867 1340 918 εί
1365 866 1463 918 οὐκ
1499 865 1674 928 ἄλλως
1705 864 1913 933 γίνεταί
1941 881 2024 928 τις

439 957 556 1021 υίὸς
589 957 684 1010 τοῦ
711 959 769 1010 ἐν
796 958 1042 1028 οὐρανοῖς
1066 956 1300 1028 Πατρὸς,
1332 957 1366 1028 ἢ
1405 960 1469 1011 ἐκ
1506 957 1600 1011 τοῦ
1645 960 1866 1029 ἀγαπᾷν
1896 959 2025 1021 τοὺς

442 1052 668 1123 ἐχθροὺς
697 1050 913 1112 ἐαυτοῦ,
940 1052 1034 1104 καὶ
1064 1052 1462 1124 προσεύχεσθαι
1491 1053 1631 1124 ὑπὲρ
1663 1052 1774 1106 τῶν
1800 1051 2024 1105 διωκόν-

441 1162 549 1198 των
590 1144 775 1207 αὐτὸν,
803 1144 985 1214 δῆλον,
1029 1145 1112 1198 ὅτι
1150 1145 1322 1208 οὐδεὶς
1355 1144 1432 1214 τῷ
1470 1144 1630 1212 φύσει
1674 1139 1814 1198 εἶναι
1842 1144 1906 1196 ἐκ
1930 1143 2024 1198 τοῦ

439 1236 598 1300 Θεοῦ,
629 1237 698 1290 τὰ
731 1237 952 1307 ῥήματα
993 1236 1089 1290 τοῦ
1121 1236 1257 1290 Θεοῦ
1304 1236 1510 1300 ἀκούει,
1558 1235 1692 1290 ἀλλὰ
1736 1236 1812 1307 τῷ
1844 1235 2027 1290 λαϐεῖν

441 1329 692 1394 ἐξουσίαν
739 1329 927 1383 τέκνον
972 1327 1106 1382 Θεοῦ
1154 1328 1428 1398 γενέσθαι,
1482 1330 1576 1384 καὶ
1618 1329 1916 1402 κεχρῆσθαι
1949 1332 2028 1393 εἰς

442 1417 559 1470 δέον
586 1420 652 1488 τῇ
679 1416 915 1489 ἐξουσίᾳ,
961 1419 1058 1472 καὶ
1084 1416 1163 1488 τῷ
1207 1418 1559 1489 ἠγαπηκέναι
1603 1421 1729 1482 τοὺς
1775 1419 2026 1490 ἐχθροὺς,

445 1511 540 1564 καὶ
572 1511 974 1580 προσεύχεσθαι
1002 1511 1142 1582 ὑπὲρ
1180 1509 1289 1564 τῶν
1322 1509 1762 1582 ἐπηρεαζόντων,
1798 1511 2026 1581 γενόμε-

446 1619 534 1664 νος
547 1601 660 1666 υίὸς
674 1601 768 1654 τοῦ
804 1603 862 1654 ἐν
888 1602 1137 1673 οὐρανοῖς
1161 1601 1396 1672 Πατρὸς,
1417 1601 1538 1654 τότε
1561 1601 1680 1654 ἐστὶ
1713 1603 1807 1656 καὶ
1837 1604 1901 1656 ἑκ
1935 1602 2025 1656 τοῦ

445 1693 604 1752 Θεοῦ,
632 1694 725 1747 καὶ
751 1693 818 1747 τὰ
861 1696 1076 1765 ῥήματα
1109 1693 1202 1747 τοῦ
1225 1692 1358 1746 Θεοῦ
1387 1692 1594 1758 ἀκούει,
1637 1695 1834 1757 συνιεὶς
1851 1695 2027 1748 αὐτῶν

449 1787 544 1840 καὶ
571 1788 878 1857 ἐπιστήμην
898 1787 1076 1841 αὐτῶν
1092 1785 1503 1857 ἀναλαμϐάνων·
1527 1787 1664 1858 ὅπερ
1683 1787 1810 1840 ἴδιον
1831 1788 1892 1840 οῦ
1920 1787 2032 1841 δού-

447 1878 555 1931 λων
571 1878 667 1946 (8),
686 1878 820 1932 ἀλλά
839 1879 1043 1934 τέκνων
1063 1879 1178 1932 ἐστὶ
1197 1877 1352 1941 Θεοῦ,
1375 1877 1484 1931 τῶν
1517 1879 1695 1932 πᾶσαν
1714 1879 1810 1949 μὲν
1827 1897 2031 1950 καταρ-

447 1971 732 2041 γησάντων
769 1972 1005 2039 γένεσιν,
1047 1971 1144 2041 τὴν
1172 1971 1228 2024 δὲ
1253 1970 1360 2025 ἀπὸ
1390 1972 1524 2026 Θεοῦ
1555 1971 1920 2043 ἀνειληφότων
1944 1971 2032 2025 διὰ

451 2061 544 2114 τοῦ
569 2061 668 2132 τῆς
718 2061 993 2125 υἱοθεσίας
1031 2061 1359 2132 πνεύματος.
1401 2065 1550 2133 ’Ἅμα
1587 2063 1644 2115 δὲ
1681 2062 2032 2132 ἐπιμελέστε-

455 2169 546 2224 ρον
589 2153 951 2224 κατανοητέον
996 2153 1114 2218 πῶς
1149 2154 1229 2207 δεῖ
1269 2153 1518 2224 δέχεσθαι
1543 2153 1628 2207 τό’
1672 2153 1750 2208 Τὰ
1791 2152 2033 2222 ῥήματα

453 2245 560 2299 τοῦ
599 2243 747 2299 Θεοῦ
792 2246 1030 2300 ἀκούει*
1065 2239 1110 2314 ᾧ
1137 2247 1320 2316 ὅμοιόν
1368 2247 1486 2298 ἐστι
1526 2245 1621 2299 καὶ
1665 2246 1756 2298 τόο
1810 2246 1886 2299 Τὰ
1921 2245 2033 2314 ἐμὰ

451 2337 717 2405 πρόϐατα
752 2337 865 2405 τῆς
895 2337 1046 2407 ἐμῆς
1090 2337 1296 2407 φωνῆς
1341 2339 1650 2393 ἀκούουσι.
1691 2339 1755 2391 Εἰ
1790 2337 1898 2410 γὰρ
1941 2340 2033 2392 ἐπὶ

451 2427 612 2501 ψιλῆς
665 2430 1117 2499 συγκαταθέσεως
1173 2429 1266 2495 τὸ,
1314 2431 1557 2485 ἀκούειν
1598 2430 1696 2502 (9),
1740 2429 2030 2501 λάϐοιμεν,

453 2524 546 2576 καὶ
582 2524 630 2577 οἱ
661 2523 882 2595 ψυχικοί
911 2523 1022 2594 (-10)
1058 2523 1193 2595 πρὸς
1222 2523 1413 2594 χρόνον
1440 2523 1788 2586 πιστεύοντες
1819 2522 2032 2576 ἔσονται

451 2611 517 2664 ἐκ
553 2612 648 2665 τοῦ
699 2611 858 2677 Θεοῦ,
909 2611 1392 2683 μεμαρτυρημένοι
1429 2613 1534 2667 ὑπὸ
1570 2612 1665 2667 τοῦ
1716 2613 1911 2682 Λόγου,
1953 2614 2034 2667 ὅτι

453 2701 588 2774 πρὸς
640 2703 829 2776 καιρόν
881 2721 1024 2768 τινες
1088 2705 1468 2758 αιιτιστεύουσιν⁸
1532 2708 1580 2758 εί
1634 2705 1689 2759 δὲ
1751 2705 1894 2760 κατὰ
1949 2705 2030 2768 τὸ,

451 2794 678 2860 ἀκούει,
705 2795 1027 2868 ἐκλάϐοιμεν
1059 2798 1154 2851 ἐπὶ
1193 2798 1289 2852 τοῦ
1318 2801 1506 2870 τηρεῖν
1544 2799 1644 2864 τὰς
1673 2800 1913 2865 ἐντολὰς,
1940 2799 2036 2872 δῆ-

451 2885 562 2951 λον,
595 2888 696 2951 ὅτι,
733 2889 836 2942 κάν
875 2889 956 2942 ἐνὶ
991 2891 1338 2962 ἁμαρτάνων,
1387 2892 1488 2944 οὐκ
1515 2891 1666 2945 ἔσται
1701 2891 1815 2956 υἱός
1859 2891 1994 2946 Θεοῦ
2015 2909 2029 2923 ο

452 2979 589 3051 ὅπερ
619 2982 770 3051 ἡμᾶς
817 2981 913 3052 μὲν
946 2981 1006 3034 οὐ
1047 2981 1223 3052 θλίψει
1263 2984 1390 3046 τοὺς
1419 2982 1675 3052 λέγοντας
1707 2985 1771 3037 ἐκ
1806 2983 2036 3054 μεταϐο-

452 3069 550 3139 λῆς
580 3071 824 3139 γίνεσθαί
861 3089 981 3124 τινα
1027 3070 1140 3125 υίὸν
1183 3071 1342 3134 Θεοῦ,
1381 3073 1622 3136 ἐκείνους
1662 3073 1718 3126 δὲ
1771 3073 1844 3144 μὴ
1889 3074 2031 3126 πάνυ
2059 3107 2104 3168 C

454 3157 624 3223 δεῖξαι
656 3161 984 3234 δυναμένους
1029 3165 1447 3236 ἀναμαρτήτους
1495 3166 1740 3229 ἑαυτοὺς,
1776 3167 1870 3220 καὶ
1907 3167 2034 3230 τοὺς

454 3257 512 3306 ἐν
545 3256 654 3317 τοῖς
687 3255 872 3319 αὐτοῖς
906 3255 1212 3328 μαθήμασι.
1257 3258 1319 3310 Ei
1363 3256 1419 3309 δὲ
1447 3256 1530 3319 τὸ,
1567 3258 1792 3322 ἀκούει,
1823 3258 2035 3329 λαμϐά-

455 3363 637 3414 νοιμεν
671 3347 762 3400 ἐπὶ
787 3347 882 3400 τοῦ
911 3349 1167 3414 συνιέναι,
1205 3351 1296 3403 καὶ
1329 3354 1488 3415 νοεῖν,
1519 3351 1882 3405 δεικνύτωσάν
1915 3369 2034 3406 τινα

457 3436 671 3489 πάντων
718 3437 985 3494 ἀκούοντα
1027 3441 1198 3506 οὕτως
1243 3443 1350 3497 τῶν
1386 3445 1485 3514 τῆς
1521 3445 1728 3515 Καινῆς
1761 3443 2035 3515 Διαθήκης

455 3529 649 3597 λόγων,
684 3531 770 3585 ἵνα
795 3532 998 3586 ἐκεῖνον
1045 3534 1156 3606 (Η)
1205 3535 1449 3607 εἴπωμεν
1493 3536 1608 3589 υἱὸν
1657 3535 1815 3600 Θεοῦ,
1866 3537 1915 3588 εἰ
1960 3538 2034 3605 μὴ

455 3619 752 3689 ὲπιδέχοιτο
796 3623 1108 3696 ἀνατροπὴν
1153 3628 1232 3689 εἰς
1272 3626 1341 3678 τὰ
1380 3626 1512 3695 ἀγια
1545 3627 1847 3698 γράμματα
1879 3627 1911 3695 ὴ
1947 3627 2036 3678 ἐκ-

455 3711 582 3784 δοχὴ
615 3713 781 3768 αὑτοῦ
806 3732 818 3744 ·
849 3718 1010 3786 ἡμεῖς
1046 3717 1153 3789 γὰρ
1192 3718 1286 3771 καὶ
1318 3718 1459 3771 κατὰ
1493 3719 1667 3772 ταῦτα
1711 3718 1883 3790 μέγαν
1913 3719 2036 3772 τινὰ

457 3804 552 3858 καὶ
582 3805 890 3877 θαυμαστὸν
919 3805 1056 3861 εἶναι
1085 3810 1476 3880 φανταζόμενοι
1501 3810 1590 3864 τὸν
1611 3812 1712 3882 ἠδη
1736 3813 1848 3865 υἱὸν
1873 3811 2034 3876 Θεοῦ,

456 3897 555 3949 οῦκ
584 3897 1025 3970 ἐλεγχθησόμεθα
1065 3900 1298 3966 ἀναξίως
1325 3902 1434 3955 τῶν
1463 3903 1526 3955 ἐκ
1554 3902 1646 3955 τοῦ
1675 3902 1810 3956 Θεοῦ
1841 3903 2038 3975 ἐξειλη-

458 3988 619 4056 φότες
644 3989 704 4042 τό
724 4007 736 4018 ·
779 3991 830 4042 '0
864 3989 950 4043 ὢν
986 3993 1056 4045 ἐκ
1084 3993 1188 4046 τοῦ
1217 3993 1365 4046 Θεοῦ
1403 3993 1474 4046 τὰ
1491 3993 1732 4062 ,ῥήματα
1758 3994 1862 4047 τοῦ
1887 3995 2037 4048 Θεοῦ

455 4079 678 4133 ἀκούει.
714 4081 852 4152 Ἤδη
882 4081 940 4135 δὲ
971 4084 1062 4136 καὶ
1089 4085 1154 4137 ἐκ
1183 4083 1290 4136 τῶν
1332 4083 1587 4138 ἐναντίων
1637 4084 1938 4156 παράδοξον
1973 4085 2038 4139 ἄν

457 4189 508 4223 τι
534 4171 698 4239 φανὲν
727 4173 1112 4243 ἀποδειχθῆναι
1143 4174 1366 4227 δυνατὸν
1402 4175 1571 4228 ἔσται.
1605 4175 1669 4226 Τί
1700 4176 1756 4228 δὲ
1779 4176 1839 4229 τὸ
1862 4177 2038 4247 παρά-

455 4261 602 4325 δοξον
627 4263 659 4332 ἢ
689 4262 750 4315 τὸ
781 4261 918 4316 εἶναί
961 4281 1084 4318 τινα
1130 4264 1317 4337 ἐτέρου
1365 4265 1481 4318 υἱοῦ
1513 4266 1646 4319 Θεοῦ
1692 4267 1891 4338 μᾶλλον
1923 4267 2038 4324 υἱὸν

455 4354 614 4418 Θεοῦ,
663 4355 759 4410 καὶ
813 4354 1091 4409 διπλάσιον
1137 4356 1212 4420 ὡς
1259 4356 1444 4429 ἕτερον
1492 4356 1678 4428 ἐτέρου
1730 4355 1868 4412 εἷναι
1925 4359 2038 4414 υίὸν

2128 491 2280 544 vestri
2319 492 2542 544 cwlestis
2576 492 2621 522 ³³
2654 507 2669 556 ;
2705 506 2828 544 nam
2865 491 2910 546 si
2953 492 3148 547 Paulus
3188 503 3384 548 natura
3431 495 3578 552 (ilius
3613 497 3706 552 irae

2126 592 2266 648 erat,
2307 583 2430 654 quis
2463 583 2714 652 superior
2739 593 2823 637 est
2847 583 3031 647 Paulo,
3065 596 3334 654 quatenus
3363 588 3428 641 ad
3461 589 3698 643 creatio-

2129 689 2250 729 nem
2279 675 2494 739 atlinet,
2532 684 2587 728 et
2615 676 2740 744 quis
2775 690 2878 730 non
2913 674 3055 728 ﬁlius
3089 677 3205 741 iraa,
3232 687 3524 747 antequam
3557 681 3706 736 acci-

2127 765 2239 834 piat
2265 774 2592 834 potestatem
2627 767 2796 820 ﬁlium
2831 767 2927 822 Dei
2961 766 3099 832 ﬁeri,
3136 779 3192 822 et
3228 779 3521 840 antequam
3557 772 3702 827 ﬁlius

2130 857 2222 912 Dei
2257 857 2569 913 eﬂicialur?
2603 860 2756 926 Quod
2809 859 2854 914 si
2897 875 3004 913 non
3047 861 3202 916 aliter
3246 861 3477 917 eilicitur
3505 865 3704 934 aliquis

2129 949 2274 1003 lilius
2300 948 2479 1006 Patris
2505 951 2768 1017 cmlestis,
2800 951 2902 1006 nisi
2935 951 3209 1022 diligendo
3243 967 3371 1009 suos
3405 955 3571 1025 ipsius
3598 956 3704 1010 ini-

2129 1041 2302 1096 micos
2331 1050 2386 1096 et
2408 1043 2621 1097 orando
2649 1059 2746 1113 pro
2769 1045 3222 1112 persequentibus
3247 1060 3327 1110 se,
3349 1049 3700 1118 perspicuum

2127 1141 2213 1188 est
2241 1133 2448 1188 nullum
2485 1135 2782 1200 hominem,
2823 1151 2888 1190 eo
2931 1138 3074 1206 quod
3122 1147 3312 1194 natura
3346 1141 3420 1194 sit
3465 1157 3526 1196 ex
3566 1141 3700 1205 Deo,

2129 1224 2294 1278 verba
2327 1223 2420 1279 Dei
2457 1225 2670 1292 audire,
2702 1228 2796 1282 sed
2829 1229 2954 1298 quia
2984 1231 3258 1299 acceperit
3285 1241 3608 1300 potestatem
3643 1245 3704 1289 ut

2131 1316 2271 1370 ﬁlius
2308 1315 2400 1370 Dei
2439 1316 2726 1382 elﬁciatur,
2773 1334 2945 1390 eaque
2976 1331 3164 1377 utatur
3189 1325 3496 1390 commode,
3543 1335 3601 1380 et
3635 1342 3702 1382 eo

2132 1410 2275 1479 quod
2311 1412 2564 1467 dilexerit
2616 1414 2888 1479 inimicos,
2919 1425 2974 1471 et
3005 1417 3248 1472 oraverit
3287 1434 3386 1488 pro
3415 1434 3476 1473 se
3503 1419 3704 1474 laeden-

2133 1503 2302 1570 tibus,
2338 1504 2514 1559 factus
2567 1506 2708 1561 ﬁlius
2755 1505 2932 1562 Patris
2985 1508 3256 1575 ccelestis,
3295 1519 3426 1566 tunc
3474 1525 3593 1565 esse
3633 1525 3699 1565 ex

2135 1595 2267 1660 Deo,
2292 1606 2348 1650 et
2376 1597 2539 1650 verba
2563 1596 2654 1652 Dei
2681 1597 2892 1662 audire,
2922 1597 3224 1668 intelligens
3242 1610 3396 1668 ea,et
3416 1602 3702 1656 scientiam

2133 1685 2348 1740 illorum
2386 1685 2656 1756 recipiens
2687 1707 2698 1741 :
2730 1702 2850 1757 quae
2877 1703 2967 1744 res
2995 1705 3098 1745 non
3131 1693 3343 1761 propria
3380 1703 3464 1748 est
3509 1697 3700 1758 servis,

2131 1778 2226 1833 sed
2262 1777 2346 1833 his
2372 1779 2464 1848 qui
2490 1788 2617 1833 sunt
2648 1780 2738 1834 Dei
2766 1781 2882 1846 lilii,
2914 1783 3004 1852 qui
3028 1796 3245 1838 onmem
3266 1785 3484 1853 quidem
3518 1795 3700 1841 ortum

2135 1867 2542 1934 destruxerunt,
2591 1872 2684 1925 sed
2730 1879 2907 1925 ortum
2955 1887 2984 1927 a
3034 1874 3144 1928 Deo
3187 1867 3530 1944 r'cceperunt,
3567 1877 3704 1933 duce

2133 1959 2329 2028 spiritu
2369 1961 2695 2030 adoptionis.
2753 1961 2966 2018 Pariter
3018 1965 3146 2018 illud
3202 1968 3364 2022 etiam
3419 1969 3705 2041 diligenter

2134 2053 2592 2108 considerandum
2623 2065 2726 2118 cst,
2761 2056 3033 2123 quomodo
3073 2059 3244 2128 accipi
3294 2075 3433 2130 opus
3482 2063 3552 2116 sit
3601 2065 3704 2118 hoc

2133 2143 2377 2198 dictum:
2413 2142 2580 2198 Verba
2618 2144 2712 2198 Dei
2749 2147 2898 2199 audit
2931 2147 2976 2178 “
3008 2165 3022 2214 ;
3067 2149 3156 2202 cui
3190 2151 3366 2205 simile
3401 2162 3486 2207 est
3522 2153 3650 2208 illud
3684 2171 3698 2209 :

2137 2230 2266 2287 Oves
2294 2249 2422 2288 mew
2447 2251 2622 2288 vocem
2653 2252 2822 2290 meam
2856 2237 3080 2291 audiunt
3105 2240 3169 2290 ".
3207 2239 3342 2294 Nam
3383 2243 3428 2297 si
3463 2244 3702 2300 vocabu-

2136 2322 2246 2378 lum
2277 2325 2427 2378 audit
2463 2324 2532 2380 de
2561 2327 2706 2382 nudo
2728 2341 3010 2383 sumamus
3043 2344 3335 2396 consensu,
3378 2333 3542 2387 etiam
3580 2335 3702 2388 aui-

2136 2417 2304 2472 males
2343 2417 2409 2472 ad
2437 2427 2648 2488 tempus
2681 2419 2971 2476 credentes
3001 2435 3067 2475 ex
3094 2421 3202 2475 Deo
3235 2433 3397 2478 erunt
3432 2441 3447 2478 :
3487 2425 3554 2480 de
3582 2428 3705 2495 qui-

2133 2509 2237 2563 bus
2279 2509 2542 2565 Servator
2581 2511 2756 2579 inquit
2779 2512 2846 2578 “,
2881 2515 3145 2582 quosdam
3171 2529 3293 2571 esse
3325 2517 3416 2586 qui
3453 2518 3522 2572 ad
3569 2526 3706 2572 tem-

2135 2615 2235 2671 pus
2261 2603 2512 2657 credant.
2585 2602 2822 2659 liursum
2863 2605 2909 2660 si
2960 2607 3181 2661 verbum
3230 2609 3382 2662 audit
3427 2624 3707 2667 sumamus

2134 2708 2235 2762 pro
2272 2708 2338 2748 eo
2364 2695 2507 2764 quod
2542 2704 2647 2761 est,
2675 2709 2901 2752 servare
2935 2699 3214 2763 mandata,
3245 2703 3590 2770 perspicuum
3624 2713 3709 2760 est

2136 2785 2221 2840 vel
2261 2787 2313 2840 in
2348 2803 2457 2842 uno
2491 2799 2831 2858 peccantem,
2887 2806 2994 2846 nou
3053 2790 3293 2846 futurum
3341 2793 3510 2849 ﬁlium
3564 2795 3705 2853 Dei:

2137 2879 2281 2947 quod
2308 2881 2528 2950 quidem
2563 2898 2666 2936 non
2699 2897 2801 2938 nos
2837 2884 3057 2952 premit,
3093 2885 3182 2953 qui
3231 2885 3460 2942 dicimus
3488 2901 3554 2942 ex
3591 2903 3709 2942 mu-

2137 2971 2340 3025 tatione
2374 2985 2813 3042 unumquemque
2865 2972 3036 3027 ﬁlium
3089 2973 3182 3028 Dei
3233 2973 3348 3029 ﬁeri
3393 2992 3407 3041 ;
3455 2976 3548 3031 sed
3585 2978 3708 3034 illos

2135 3063 2225 3130 qui
2257 3077 2434 3132 neque
2467 3063 2694 3133 seipsos,
2732 3079 2909 3133 neque
2941 3065 3131 3120 iisdem
3163 3067 3470 3134 disciplinis
3521 3071 3704 3126 imbu-

2140 3163 2222 3208 tos
2266 3152 2430 3209 facile
2485 3155 2772 3210 ostendere
2816 3165 3040 3225 possunt
3073 3155 3552 3232 [ἀναμαρτήτους,
3603 3163 3710 3218 hoc

2136 3244 2255 3318 est]
2300 3245 2700 3315 impeccabiles.
2733 3246 2886 3314 Quod
2923 3248 2968 3303 si
3000 3250 3152 3302 audit
3197 3266 3474 3308 sumamus
3515 3270 3613 3322 pro
3642 3270 3710 3309 eo

2137 3337 2279 3404 quod
2307 3345 2394 3392 est
2427 3337 2752 3408 intelligere,
2795 3351 2851 3393 et
2885 3341 3257 3405 considerare,
3292 3347 3582 3401 ostendant
3611 3347 3715 3401 ali-

2137 3443 2302 3496 quem
2333 3443 2525 3485 omues
2553 3432 2698 3486 hunc
2732 3432 2784 3485 in
2815 3432 3031 3486 modum
3064 3430 3196 3486 Novi
3227 3433 3557 3491 Testamenti
3592 3452 3710 3492 scr-

2140 3537 2328 3577 mones
2353 3524 2689 3587 audientem,
2726 3533 2785 3579 ut
2812 3524 2963 3578 illum
3013 3525 3260 3580 dicamus
3307 3527 3474 3582 ﬁlium
3511 3530 3630 3595 Dei,
3659 3531 3707 3587 si

2137 3616 2406 3686 expositio
2436 3616 2577 3671 illius
2599 3618 2652 3671 in
2685 3618 2857 3672 sacris
2887 3620 3183 3690 Scripturis
3206 3621 3569 3676 inversionem
3596 3639 3700 3677 nou

2139 3707 2365 3775 recipiat
2392 3726 2406 3762 :
2439 3723 2536 3761 uos
2563 3708 2705 3761 enim
2737 3709 2902 3763 etiam
2928 3709 2982 3766 iu
3010 3712 3094 3764 his
3114 3727 3364 3780 maguum
3394 3713 3708 3782 quemdam,

2137 3808 2192 3850 et
2219 3799 2594 3852 admirandum
2638 3800 2996 3870 imaginantes
3025 3815 3146 3856 esse
3176 3817 3322 3867 eum,
3355 3805 3446 3872 qui
3480 3804 3593 3869 jam
3639 3807 3706 3857 li-

2139 3889 2242 3945 lius
2281 3889 2374 3945 Dei
2408 3889 2631 3945 eﬂ'ectus
2676 3903 2784 3954 est,
2831 3908 2939 3946 non
2990 3893 3210 3965 indigne
3242 3895 3328 3961 iis,
3357 3897 3450 3964 qui
3481 3911 3549 3950 ex
3593 3895 3703 3950 Deo

2139 3991 2284 4046 sunt,
2325 3997 2617 4050 arguemur
2660 3985 2938 4054 accepisse
2993 3987 3169 4042 illud:
3201 3986 3306 4052 Qui
3343 3998 3417 4041 est
3464 4004 3529 4042 ea:
3573 3987 3709 4053 Deo,

2140 4078 2294 4130 verba
2323 4075 2420 4130 Dei
2458 4079 2629 4131 audit.
2676 4077 2796 4132 Jain
2833 4095 2964 4136 vero
2997 4082 3306 4150 paradoxon
3344 4084 3507 4136 etiam
3552 4084 3712 4152 quid-

2141 4168 2283 4237 piam
2315 4169 2458 4238 quod
2503 4184 2570 4224 ex
2601 4171 2895 4226 contrariis
2925 4187 3205 4242 emergere
3256 4174 3468 4228 videtur
3522 4175 3713 4242 expia-

2141 4261 2257 4313 nari
2297 4263 2518 4328 poterit.
2555 4262 2836 4328 Quodnam
2879 4274 2961 4318 est
3001 4275 3179 4318 autem
3227 4267 3565 4335 paradoxon.
3610 4267 3713 4321 nisi

2140 4352 2282 4418 quod
2319 4353 2519 4424 aliquis
2568 4354 2710 4408 ﬁlius
2747 4353 2837 4408 Dei
2866 4355 2972 4409 alio
3003 4357 3072 4409 sit
3107 4357 3276 4426 magis
3315 4355 3457 4410 ﬁlius
3502 4356 3618 4420 Dei,
3660 4367 3716 4411 ct

455 4445 628 4510 Θεοῦ;
689 4444 807 4510 πῶς
843 4445 901 4499 δὲ
941 4445 1103 4500 τοῦτο
1161 4447 1269 4502 ἀπὸ
1309 4449 1402 4501 τοῦ
1448 4450 1690 4503 ἐναντίου
1741 4449 2034 4514 δείκνυται,

2142 4445 2284 4513 quod
2317 4446 2455 4500 alius
2490 4445 2630 4500 ﬁlius
2663 4446 2755 4501 Dei
2790 4446 2865 4500 sit
2904 4448 3075 4518 magis
3109 4447 3216 4502 alio
3262 4449 3314 4502 iu
3353 4449 3516 4519 duplo
3568 4449 3713 4504 ﬁlius

400 4558 404 4561 ·
454 4535 597 4589 οὕτω
624 4539 1064 4609 παραστήσομεν.
1111 4540 1197 4592 Ἐν
1229 4539 1306 4612 τῷ
1333 4539 1475 4594 κατὰ
1513 4540 1787 4596 Ματθαῖον
1829 4545 1857 4595 ὁ
1902 4543 2041 4616 πρὸς

455 4627 581 4690 τοῦς
607 4630 952 4700 γραμματεῖς
982 4628 1074 4682 καὶ
1094 4630 1415 4702 Φαρισαίους
1435 4631 1684 4704 δεύτερος
1713 4632 2038 4705 ταλανισμὺς

456 4717 629 4782 οὕτως
654 4719 767 4790 ἔχει
787 4737 801 4750 ·
837 4721 981 4774 Οὐαὶ
1008 4719 1170 4790 ὑμῖν,
1204 4723 1560 4792 γραμματεῖς
1587 4725 1684 4777 καὶ
1729 4726 2037 4792 Φαρισαῖοι

455 4814 795 4880 ὑποκριταὶ,
829 4814 918 4868 ὅτι
944 4813 1249 4885 περιάγετε
1283 4816 1399 4885 τὴν
1444 4815 1766 4871 θάλασσαν
1797 4818 1898 4871 καὶ
1925 4818 2040 4887 τὴν

459 4902 678 4971 ξηρὰν,
749 4906 999 4975 ποιῆσαι
1063 4908 1172 4962 ἕνα
1236 4907 1655 4975 προσήλυτον-ο
1735 4909 1836 4962 καὶ
1895 4910 2040 4963 ὅταν

460 4992 701 5063 γένηται
719 5035 734 5059 ,
765 4997 984 5050 ποιεῖτε
1009 4996 1196 5050 αὐτὸν
1233 4998 1370 5052 υἱὸν
1407 4997 1657 5068 γεέννης
1682 4999 2040 5068 διπλότερον

462 5085 645 5154 ὑμῶν·
678 5087 872 5142 οὐκοῦν
898 5090 1035 5144 κατὰ
1060 5090 1218 5143 τοῦτο
1243 5089 1366 5144 οὔτε
1383 5091 1540 5160 φύσει
1565 5093 1671 5145 υἱοὶ
1698 5091 1918 5163 γεέννης
1933 5093 2039 5146 εἰσί

459 5195 623 5243 τινες,
655 5178 777 5233 οῦτε
806 5181 1000 5247 ἐπίσης
1039 5182 1089 5234 oi
1116 5183 1213 5254 τῆς
1244 5181 1467 5254 γεέννης
1492 5183 1600 5237 υἱοὶ
1635 5185 1741 5238 υἱοί
1772 5186 1907 5237 εἰσιν
1938 5185 2036 5238 αύ-

461 5269 580 5339 τῆς,
607 5271 723 5340 εἴγε
760 5272 946 5343 ἕτερος
971 5273 1160 5346 ἐτέρου
1188 5273 1500 5356 διπλότερον
1525 5276 1641 5340 υἱός
1677 5279 1824 5330 ἐστιν
1849 5277 2039 5348 αὐτῆς.

2148 4537 2237 4590 Dei
2265 4537 2289 4591 ?
2313 4536 2475 4608 352
2504 4537 2647 4607 quod
2674 4538 2945 4606 quomodo
2977 4555 3042 4593 ex
3071 4541 3352 4594 contrario
3373 4542 3714 4608 osmndatur,

2143 4627 2224 4682 sic
2276 4644 2658 4698 proponemus.
2701 4627 2756 4682 In
2793 4629 3086 4699 Evangelia
3133 4647 3162 4683 a
3216 4630 3468 4685 Matthato
3519 4631 3718 4686 tradito

2143 4721 2383 4776 secunda
2416 4722 2766 4776 comminatio
2809 4721 2876 4776 ad
2929 4721 3235 4778 Pharismos
3279 4732 3334 4776 et
3383 4724 3595 4778 scribas
3635 4727 3717 4779 sic

2144 4829 2203 4869 se
2233 4815 2394 4870 habet
2424 4831 2437 4866 :
2478 4813 2566 4867 Vw
2594 4815 2758 4881 vobis,
2791 4815 2978 4870 scriba:
3029 4826 3076 4869 et
3110 4813 3373 4870 Pharisaei
3405 4817 3711 4885 hypocrilw,

2148 4908 2271 4976 quia
2299 4907 2458 4962 abitis
2489 4923 2632 4961 mare
2663 4918 2708 4961 et
2736 4919 2930 4960 terram
2959 4921 3014 4961 ut
3042 4909 3254 4978 faciatis
3284 4926 3445 4964 unum
3479 4914 3717 4984 prasely-

2149 5011 2298 5065 tum;
2341 5011 2387 5054 et
2430 5014 2548 5053 cum
2583 4999 2741 5067 fuerit
2773 5000 2968 5068 (actus,
3006 4998 3181 5068 facitis
3216 5001 3370 5053 illum
3423 5001 3592 5070 ﬁlium
3629 5021 3715 5072 ge-

2147 5093 2329 5146 henna:
2379 5091 2540 5160 duplo
2596 5092 2760 5161 magis
2807 5108 2968 5160 quam
3008 5109 3094 5146 vos
3126 5094 3252 5146 estis
3282 5095 3373 5161 '7;
3419 5094 3583 5164 igitur
3612 5095 3716 5151 bac

2147 5186 2382 5249 ratione,
2413 5198 2588 5254 neque
2614 5184 2834 5252 quidam
2871 5193 3064 5240 natura
3107 5195 3233 5240 sunt
3285 5185 3382 5241 ﬁlii
3425 5188 3708 5257 gehennae,

2152 5289 2325 5345 neque
2355 5275 2620 5344 gehennae
2667 5274 2762 5328 lilii
2815 5290 2884 5330 ex
2932 5291 3087 5346 inquo
3133 5286 3262 5331 sunt
3308 5277 3453 5334 illius
3499 5277 3623 5346 ﬁlii,
3665 5279 3714 5336 si

533 5409 578 5440 ”
604 5383 795 5463 Matth.
819 5424 872 5473 ν,
899 5408 989 5462 44.
1067 5409 1112 5440 ³⁸
1155 5408 1312 5466 Joan.
1361 5427 1494 5488 vm,
1521 5412 1609 5466 47.
1687 5414 1731 5444 ³⁵
1775 5412 1929 5469 Joan.
1974 5422 2034 5480 x,‘

2197 5413 2242 5444 ’θ
2273 5411 2405 5467 Luc.
2436 5428 2557 5480 VIII,
2592 5413 2680 5467 l3.
2755 5415 2799 5445 ’τ
2825 5413 3016 5469 Matth.
3043 5430 3198 5478 nm,
3237 5415 3328 5472 15.

536 5520 634 5591 (Τ)
664 5519 801 5591 _Leg.
825 5518 1032 5591 cé_xvov.
1068 5520 1163 5576 Eo.
1187 5520 1428 5577 ΡΑτιιοι.

539 5589 624 5660 (8y
649 5589 836 5646 Codex
870 5589 1094 5659 Regius,
1134 5591 1244 5644 οὐδ’
1285 5592 1456 5646 ὅλων
1509 5591 1830 5648 Bodleianus
1876 5603 1936 5649 ut
1979 5595 2031 5648 in

469 5671 638 5801 1613;.
657 5730 941 5786 Ἀκούειν.
976 5729 1120 5798 Lego
1145 5731 1352 5784 ἀκούει.

703 5823 974 5884 Ριτιιοι.
1011 5821 1130 5882 Gn.
1167 5824 1333 5885 XIV.

2213 5523 2322 5594 (ω)
2346 5526 2455 5578 Καὶ
2481 5527 2533 5578 οι
2551 5526 2826 5594 ψυχικοὶ,
2847 5537 2954 5581 etc.
2982 5526 3262 5584 Secundus
3283 5528 3561 5586 hominum
3581 5535 3715 5590 ordo

2138 5592 2291 5660 juxta
2327 5592 2690 5648 Valentinum.

2215 5663 2263 5728 (l
2279 5663 2328 5734 Ι)
2359 5665 2484 5740 Ἵνα
2509 5663 2762 5719 ἐκεῖνον.
2785 5665 3074 5735 Perperam
3094 5667 3266 5723 codex
3299 5669 3501 5740 Regius
3524 5671 3710 5740 habet,

2143 5726 2281 5786 εἶναι
2309 5726 2582 5802 κείμενον.

3356 5832 3430 5892 21
