4196 6370
629 300 731 353 651

2087 303 2410 363 ORIGENIS

3761 309 3873 365 652

631 422 769 476 alius
800 421 962 492 duplo
1009 419 1182 491 magis
1211 433 1372 486 quam
1411 418 1550 475 alius
1599 429 1684 475 est
1730 422 1993 491 gehennar
2025 421 2186 481 ﬁlius.

2297 425 2361 480 Ei
2394 426 2451 482 δέ
2485 427 2669 499 ἕτερος
2700 428 2887 502 ἐτέρου
2915 428 3229 502 διπλότερός
3258 430 3408 485 ἐστιν
3449 429 3562 493 υἱὸς
3583 429 3680 501 τῆς
3717 431 3870 499 γεένο

629 515 788 583 Quod
815 515 861 570 si
895 515 1034 570 alius
1059 513 1224 584 duplo
1254 512 1425 584 magis
1452 527 1619 583 quam
1649 514 1790 572 alius
1817 524 1903 572 est
1937 516 2200 586 gehennae

634 607 802 671 ﬁlius,
826 622 928 661 cur
956 622 1060 662 non
1083 607 1246 661 etiam
1277 607 1623 676 perditionis,
1647 617 1698 664 et
1726 609 1940 676 mortis,
1971 619 2027 665 et
2053 618 2202 665 tene-

631 697 884 760 brarum,
912 707 966 752 et
989 707 1331 762 caterorum,
1375 711 1607 767 quorum
1647 700 1740 770 qui
1771 699 1926 755 varie
1968 708 2199 770 peccant

629 801 761 846 sunt
788 791 930 846 ﬁlii?
955 790 1105 857 Quod
1138 791 1182 844 si
1220 791 1271 844 in
1309 792 1392 846 his
1417 792 1497 846 sic
1523 807 1582 846 se
1621 807 1708 847 res
1734 793 1918 857 habet,
1953 807 2055 848 cur
2086 809 2196 848 non

625 883 794 937 etiam
824 882 918 936 ﬁlii
950 882 1086 937 lucis
1113 881 1201 935 alii
1236 881 1398 950 duplo
1423 881 1594 950 magis
1621 898 1784 951 quam
1810 885 1903 937 alii
1931 895 2118 948 erunt,
2143 893 2198 940 et

627 973 726 1027 ﬁlii
776 973 923 1036 vitae,
976 982 1030 1027 et
1081 973 1173 1027 ﬁlii
1226 973 1526 1040 sapientiae,
1559 984 1719 1043 atque
1751 976 1913 1028 etiam
1954 976 2098 1033 hunc
2139 979 2192 1032 in

628 1063 844 1118 modum
875 1064 964 1117 ﬁlii
1003 1063 1143 1118 Dei?
1175 1061 1327 1130 Quod
1354 1065 1397 1117 si
1427 1065 1588 1133 duplo
1633 1067 1769 1120 alius
1815 1068 1988 1133 magis
2033 1085 2193 1139 quam

623 1155 770 1210 alius
793 1155 1024 1211 ecitur
1050 1156 1190 1209 ﬁlius
1215 1155 1332 1220 Dei,
1354 1170 1450 1209 cur
1476 1171 1582 1210 non
1610 1158 1775 1211 etiam
1799 1160 2192 1230 multipliciter,

624 1260 682 1303 et
727 1259 876 1304 tanto
904 1250 1296 1319 multipliciter,
1332 1259 1537 1318 quanto
1567 1250 1940 1319 multipliciter
1973 1254 2192 1323 dignum

624 1355 710 1396 est
737 1343 1087 1398 considerare
1112 1357 1230 1396 esse
1255 1341 1687 1412 Primogeuitum
1725 1346 1890 1399 totius
1926 1357 2193 1402 creatum

623 1434 820 1489 Filium
847 1436 941 1490 Dei
977 1451 1140 1501 super
1162 1450 1374 1498 omnes,
1407 1435 1500 1502 qui
1553 1445 1680 1489 sunt
1712 1435 1806 1490 ﬁlii
1837 1435 1950 1500 Dei,
2001 1447 2057 1491 et
2085 1453 2190 1494 non

624 1529 856 1596 amplius
904 1528 1110 1584 habent
1141 1531 1390 1598 spiritum
1443 1528 1721 1585 servitutis
1757 1529 1810 1582 in
1841 1529 2061 1594 timore,
2098 1533 2192 1587 sed

625 1629 954 1688 acceperunt
987 1622 1234 1689 spiritum
1269 1623 1574 1692 adoptionis
1601 1621 1692 1674 '3?
1724 1621 2000 1678 Fortassis
2023 1623 2193 1694 igitur

621 1709 774 1778 plura
803 1725 923 1765 cum
963 1713 1074 1766 sint
1102 1715 1266 1767 verba
1293 1715 1413 1776 Dei,
1456 1729 1562 1766 non
1609 1711 1784 1767 solum
1820 1726 1940 1782 quae
1984 1715 2187 1783 scripta

2301 535 2419 588 νης,
2449 519 2539 573 διὰ
2565 520 2619 573 τί
2650 521 2771 592 οὐχὶ
2796 521 2890 574 καὶ
2915 521 3017 591 τῆς
3045 521 3341 586 ἀπωλείας,
3371 523 3467 575 καὶ
3495 521 3590 575 τοῦ
3617 521 3869 589 θανάτου,

2297 607 2518 661 καὶτοῦ
2561 608 2806 668 σκότους.
2830 609 2925 662 καὶ
2965 609 3072 663 τῶν
3122 610 3346 676 λοιπῶν,
3387 603 3464 664 ὧν
3508 613 3557 664 οἱ
3601 611 3872 684 διαφόρως

2298 698 2703 770 ἀμαρτάνοντές
2743 701 2881 755 είσιν
2920 701 3060 765 υίοίς
3109 702 3173 755 Et
3203 702 3260 756 δέ
3307 701 3407 756 ἐπὶ·
3440 701 3668 770 τούτων,
3701 705 3790 759 διὰ
3819 705 3872 758 τί

2297 789 2390 842 καὶ
2415 790 2535 860 οὐχὶ
2563 793 2668 844 υἱοὶ
2711 793 2885 861 φωτὸς
2914 792 3215 864 διπλότεροι
3256 793 3431 863 ἕτεροι
3477 794 3681 865 ἐτέρων
3718 796 3869 848 ἔσον-

2294 897 2404 945 ται,
2441 881 2532 932 καί
2565 882 2670 934 υίοὶ
2718 880 2882 952 ζωῆς,
2938 884 3032 936 καὶ
3078 883 3186 935 υἱοὶ
3231 884 3444 952 σοφίας,
3492 883 3636 936 οὕτω
3673 885 3733 938 δὲ
3764 887 3870 939 υἱοὶ¹

2293 968 2465 1035 Θεοῦ;
2495 972 2558 1024 Εί
2595 971 2651 1024 δέ
2676 972 2954 1025 διπλάσιον
2987 971 3062 1036 ὼς
3117 972 3304 1044 ἔτερος
3349 974 3478 1044 παρ’
3533 975 3721 1045 ἕτερον
3755 976 3868 1040 υἴὸς

2292 1063 2499 1132 γίνεται
2539 1063 2697 1128 Θεοῦ,
2743 1065 2830 1118 διά
2875 1064 2927 1116 τί
2959 1064 3079 1134 οὐχὶ
3117 1065 3210 1117 καὶ
3249 1064 3741 1130 πολλαπλασιόνως,
3775 1068 3868 1120 καὶ

2291 1156 2829 1220 τοσαυταπλασιόνως
2865 1158 3344 1221 ὁποσαπλασιόνως
3381 1157 3528 1222 ἀξιον
3559 1163 3700 1211 νοεῖν
3729 1156 3867 1213 εἶναι

2290 1247 2380 1299 τὸν
2407 1247 2754 1318 Πρωτότοκον
2780 1249 2960 1320 πάσης
2991 1249 3220 1313 κτίσεως
3246 1248 3373 1302 Υίὸν
3394 1250 3489 1303 τοῦ
3539 1250 3673 1304 Θεοῦ
3713 1253 3866 1323 παρὰ

2289 1339 2415 1400 τοὺς
2463 1337 2681 1401 λοιποὺς
2733 1340 2883 1402 υἱοὺς
2927 1340 3022 1393 τοῦ
3081 1341 3252 1404 Θεοῦ,
3320 1340 3416 1394 καὶ
3480 1343 3606 1404 τοὺς
3668 1343 3865 1413 μηκέτι

2291 1428 2509 1498 πνεῦμα
2533 1429 2773 1493 δουλείας
2815 1431 3034 1501 ἔχοντας
3073 1433 3153 1495 είς
3198 1430 3381 1498 φόϐον,
3415 1432 3529 1484 ἀλλ’
3576 1432 3864 1503 εἰληφότας

2291 1520 2507 1591 πνεῦμα
2537 1521 2841 1587 υίοθεσίας;
2873 1523 3025 1592 Τάχα
3057 1518 3150 1575 οῦν
3183 1521 3356 1584 οὕτως
3394 1521 3653 1576 πλειόνων
3691 1524 3862 1578 ὅντων

2288 1607 2394 1661 τῶν
2412 1609 2670 1680 ῥημάτων
2710 1609 2803 1684 τοῦ
2827 1609 2985 1675 Θεοῦ,
3008 1609 3067 1662 οὐ
3102 1609 3260 1680 μόνον
3296 1609 3407 1662 τῶν
3431 1610 3864 1682 ἀναγεγραμμέ-

2287 1715 2414 1762 νων,
2435 1699 2570 1753 ἁλλά
2590 1699 2805 1753 καὶτῶν
2819 1700 3090 1771 ἀρῥητων,
3104 1700 3162 1753 ὃν
3179 1698 3224 1770 (Ι
3238 1701 3310 1771 l')
3336 1701 3434 1754 οὑκ
3451 1699 3572 1766 ἐξόν
3591 1701 3863 1772 ἀνθρώπῳ

622 1810 771 1865 sunt,
825 1817 1012 1857 verum
1048 1805 1211 1859 etiam
1265 1797 1578 1866 ineﬁ'abilia,
1625 1813 1681 1859 et
1711 1780 2073 1873 quac—homini
2098 1780 2186 1860 ἰιι-

2288 1789 2546 1862 λαλῆσαι,
2596 1791 2690 1844 καὶ
2741 1791 2942 1844 τούτων
2985 1792 3113 1859 περὶ
3157 1780 3238 1845 ὧν
3285 1807 3449 1862 φησιν
3491 1793 3522 1844 ό
3575 1792 3858 1865 Ἰωάννης·

621 1909 748 1948 cere
775 1894 929 1950 nefas
960 1905 1043 1950 est
1084 1897 1152 1959 ’⁸,
1182 1905 1236 1950 et
1269 1911 1332 1950 ea
1365 1897 1430 1951 de
1461 1896 1660 1967 quibus
1694 1897 1868 1965 inquit
1895 1895 2132 1952 Joannes
2167 1917 2180 1953 ε

623 1984 736 2039 Nec
759 1987 868 2053 ipse
900 1987 1089 2054 Opinor
1123 1986 1351 2040 mundus
1390 1998 1596 2054 raperet
1636 2004 1742 2049 eos,
1772 1987 1862 2056 qui
1897 1989 2185 2042 scriberen-

617 2077 912 2141 tur,libros
938 2075 1006 2140 ⁸⁸,
1035 2076 1260 2145 quilibet
1301 2076 1704 2146 qualiacunque
1752 2079 1913 2135 verba
1953 2077 2046 2132 Dei
2085 2093 2186 2132 au-

617 2167 773 2222 diens
817 2175 873 2222 et
905 2167 1230 2235 intelligens,
1275 2167 1388 2236 jam
1436 2183 1502 2222 ex
1554 2169 1669 2224 Deo.
1705 2177 1827 2234 est;
1881 2178 1936 2224 et
1980 2179 2184 2240 quanto

615 2258 772 2326 plura
803 2259 969 2314 verba
1009 2259 1101 2313 Dei
1150 2260 1402 2326 audierit,
1451 2266 1600 2314 tanto
1640 2259 1811 2330 magis
1854 2258 2083 2314 eﬁicitur
2116 2275 2183 2315 ex

617 2349 1271 2418 Deo;quemadmodum,
1321 2350 1365 2405 si
1419 2349 1493 2404 ita
1545 2351 1897 2420 appellandus
1941 2360 2044 2416 est,
2085 2351 2185 2406 ali-

616 2441 762 2510 quis,
793 2440 993 2496 auditis
1017 2441 1268 2496 omuibus
1312 2441 1404 2496 Dei
1437 2441 1640 2505 verbis,
1667 2442 1713 2497 si
1741 2442 1900 2497 modo
1933 2444 1983 2498 id
2019 2441 2179 2498 cadat

616 2534 671 2586 iu
707 2533 942 2601 aliquem
989 2547 1178 2586 eorum
1229 2533 1324 2601 qui
1378 2532 1629 2600 spiritum
1678 2534 1987 2602 adoptionis
2036 2537 2182 2590 acci-

614 2623 787 2692 piunt,
832 2621 1068 2691 perfecte
1095 2631 1152 2677 et
1187 2621 1382 2676 eximie
1413 2621 1470 2675 ﬁt
1504 2621 1644 2676 ﬁlius
1689 2623 1804 2688 Dei,
1838 2633 1893 2678 et
1925 2624 2177 2691 omnino,

587 2727 672 2770 aet
697 2715 956 2778 totaliter,
989 2724 1045 2769 et
1067 2722 1212 2769 totus
1237 2727 1305 2768 ex
1338 2713 1469 2768 Deo.
1505 2714 1802 2769 Candidius
1839 2725 2016 2770 autem
2053 2725 2180 2772 sunt

614 2808 984 2878 intelligenda
1021 2808 1123 2862 illa:
1167 2808 1375 2864 vocula:
1409 2809 1644 2862 totaliter
1673 2819 1729 2864 et
1765 2818 1931 2871 totus,
1985 2818 2045 2864 ut
2093 2824 2178 2864 re-

586 2904 917 2973 spondeant
941 2903 1068 2958 totis
1092 2901 1451 2971 dogmatibus,
1483 2901 1580 2956 toti
1615 2901 1912 2971 cognitioni
1959 2908 2013 2956 et
2052 2901 2180 2956 totis

607 2993 907 3063 mysteriis,
941 2993 1075 3047 adeo
1102 3000 1161 3046 ut
1191 3000 1334 3045 totus
1361 3002 1414 3046 et
1444 2991 1682 3045 totaliter
1727 2992 1878 3046 dicat
1927 3005 1988 3047 se
2026 2993 2179 3062 geni-

615 3091 727 3136 tum
753 3099 817 3138 ex
857 3084 989 3147 Deo,
1014 3085 1103 3152 qui
1137 3083 1352 3139 noverit
1378 3085 1560 3139 omnia
1584 3084 1844 3154 mysteria
1871 3091 1925 3137 et
1955 3099 2174 3139 omnem
2203 3124 2244 3180 ϐ

612 3175 997 3245 cognitionem,
1041 3175 1275 3230 feliciter
1302 3175 1467 3230 etiam
1500 3177 1670 3246 gestis
1722 3189 1843 3245 quas
1881 3184 2006 3230 sunt
2055 3191 2178 3245 per-

610 3271 768 3326 fectae
795 3270 1121 3326 dilectionis.
1153 3270 1287 3327 Vide
1309 3285 1442 3325 vero
1457 3286 1525 3325 an
1553 3271 1599 3325 is
1628 3281 2026 3341 consequenter
2050 3271 2179 3326 huic

610 3363 795 3418 dicto:
836 3363 920 3418 Ea:
949 3373 1097 3433 parte
1124 3363 1511 3433 cognoscimus,
1536 3373 1584 3416 et
1614 3377 1680 3415 ea:
1711 3372 1861 3430 parte
1898 3363 2181 3432 propheta-

607 3469 724 3508 πως
751 3453 819 3516 ⁸¹,
847 3453 1018 3522 possit
1047 3452 1230 3506 dicere
1259 3467 1271 3504 :
1299 3452 1367 3506 Et
1393 3465 1460 3504 ex
1509 3461 1662 3521 parte
1693 3465 1882 3506 sumus
1922 3451 2018 3505 ﬁlii
2049 3450 2176 3516 Dei;

609 3555 662 3599 et
699 3559 950 3600 rursum:
985 3543 1117 3598 Cum
1160 3544 1428 3598 advenerit
1465 3543 1604 3613 quod
1643 3542 1934 3612 perfectum
1977 3552 2084 3608 est,
2121 3552 2178 3599 et

607 3637 749 3706 quod
803 3652 868 3690 ex
908 3646 1056 3706 parte
1107 3645 1182 3690 est
1237 3645 1542 3690 eracuatum
1591 3634 1747 3703 fuerit
1763 3649 1784 3697 ;
1818 3643 1874 3689 et
1899 3633 2178 3702 perfectis-

589 3728 746 3783 --sime
776 3729 918 3782 ratio
963 3741 1068 3796 qua
1093 3728 1216 3796 quis
1239 3741 1360 3783 esse
1405 3736 1584 3796 potest
1615 3726 1757 3780 ﬁlius
1783 3726 1875 3780 Dei
1903 3725 2176 3789 adveniet,

605 3834 880 3874 evacuans
905 3820 1088 3888 idque
1108 3820 1238 3874 ouis
1259 3834 1322 3872 ex
1352 3827 1506 3888 parte
1531 3817 1671 3871 ﬁlius
1699 3817 1792 3871 Dei
1811 3825 1914 3872 est.
1937 3816 2048 3872 Nec
2074 3817 2176 3872 hoc

609 3913 822 3967 siuatur
845 3912 1130 3975 intactum,
1149 3926 1276 3964 num
1302 3911 1417 3964 ﬁeri
1440 3911 1610 3980 possit
1635 3919 1694 3965 ut
1716 3909 1912 3980 aliquis
1935 3925 2000 3965 ex
2023 3920 2178 3980 parte

583 4003 684 4054 --sit
734 4003 876 4056 ﬁlius
934 4001 1333 4071 praestantioris
1393 4002 1605 4071 partis,
1675 4016 1869 4071 nempe
1937 4002 2173 4066 divinae,

608 4089 772 4160 353
795 4100 850 4145 et
882 4105 947 4146 ex
989 4101 1144 4161 parte
1177 4091 1251 4146 sit
1277 4090 1505 4146 alterius
1545 4089 1715 4154 partis
1751 4089 2073 4154 contrariae;
2108 4103 2174 4142 an

613 4184 795 4250 potius
828 4181 929 4236 hoc
963 4181 1300 4252 impossibile
1341 4183 1414 4236 sit
1457 4183 1538 4236 sic
1561 4195 1621 4236 se
1662 4181 1883 4236 habere.
1913 4179 2176 4235 Similiter

611 4273 855 4342 iuquires
880 4273 1152 4343 quomodo
1179 4273 1334 4327 multi
1356 4273 1531 4328 unius
1559 4274 1732 4342 patris
1755 4275 2003 4328 dicantur
2035 4271 2126 4325 ﬁlii
2153 4287 2168 4337 ;

613 4371 801 4414 utrum
820 4371 1039 4430 propter
1063 4375 1315 4428 proavos,
1349 4370 1406 4416 et
1434 4370 1657 4429 propter
1681 4372 2030 4414 successores
2058 4357 2174 4411 illo-

2290 1882 2425 1935 Οὐδ’
2450 1883 2636 1937 αὐτὸν
2659 1879 2817 1952 οἶμαι
2842 1883 2950 1936 τὸν
2978 1883 3208 1950 κόσμον
3244 1880 3509 1951 χωρῆσαι
3541 1886 3614 1937 τὰ
3651 1885 3865 1953 τροφό-

2279 1987 2434 2041 μενα
2496 1973 2729 2036 βιϐλία,
2797 1973 2904 2035 πᾶς
2979 1971 3078 2040 μὲν
3147 1972 3530 2026 οίωντινωνοῦν
3598 1976 3862 2044 ῥημάτων

2285 2064 2498 2118 άκούων
2539 2064 2633 2118 τοῦ
2667 2064 2824 2129 Θεοῦ,
2873 2065 2974 2136 ἤδη
3024 2065 3171 2118 ἐστὶν
3208 2067 3272 2118 ἐκ
3311 2067 3406 2120 τοῦ
3457 2065 3627 2120 Θεοῦ·
3661 2068 3769 2138 ὅσῳ
3803 2069 3861 2121 δὲ

2287 2155 2543 2210 πλειόνων
2566 2156 2754 2210 ἀκούει
2774 2158 3032 2229 ῥημάτων
3057 2157 3151 2212 τοῦ
3174 2157 3332 2222 Θεοῦ,
3362 2159 3862 2224 τοσαυταπλειόνως

2282 2247 2487 2316 γίνεται
2523 2251 2589 2302 ἐκ
2617 2249 2711 2302 τοῦ
2739 2249 2904 2303 Θεοῦ·
2935 2249 3033 2314 ὡς,
3061 2251 3111 2303 εί
3131 2251 3212 2304 δεῖ
3230 2249 3400 2314 οὕτως
3428 2250 3539 2322 (12)
3570 2252 3858 2322 ὀνομάσαι,

2281 2339 2502 2393 πάντων
2532 2339 2769 2405 ἀκούσας
2795 2357 2879 2405 τις
2907 2341 3016 2395 τῶν
3053 2343 3311 2414 ῥημάτων
3340 2343 3435 2397 τοῦ
3459 2343 3618 2408 Θεοῦ,
3655 2345 3752 2399 ἐάν
3791 2361 3860 2414 γε

2282 2430 2440 2484 τοῦτο
2467 2430 2642 2504 φθάνῃ
2665 2431 2757 2486 ἐπί
2781 2449 2904 2486 τινα
2930 2432 3038 2486 τῶν
3060 2433 3440 2504 λαμϐανόντων
3468 2435 3530 2488 τό
3559 2436 3659 2506 τῆς
3681 2436 3861 2490 υίοθε-

2283 2522 2404 2585 σίας
2434 2523 2669 2594 πνεῦμα,
2705 2524 2921 2588 τελείως
2945 2526 3036 2580 καὶ
3057 2525 3476 2597 ἀνυπερϐλήτως
3513 2526 3721 2594 γίνεται
3740 2529 3858 2592 υίὸς

2280 2611 2442 2676 Θεοῦ,
2473 2615 2567 2667 καὶ
2590 2615 2788 2684 πάντη,
2820 2617 2914 2670 καὶ
2941 2617 2999 2683 ἐξ
3027 2617 3186 2682 ὅλων,
3225 2618 3319 2670 καὶ
3354 2617 3489 2681 ὅλως
3518 2617 3631 2688 (15)
3660 2621 3724 2672 ἐκ
3756 2620 3855 2673 τοῦ

2279 2701 2436 2756 Θεοῦ.
2456 2703 2966 2776 Εύγνωμονέστερον
2985 2706 3042 2760 δὲ
3058 2707 3348 2760 ἀκουστέον
3371 2706 3467 2760 τοῦ
3489 2707 3560 2772 ἐξ
3580 2707 3738 2762 ὅλων
3761 2711 3859 2764 καὶ

2280 2791 2454 2860 ὅλως,
2505 2793 2766 2864 ἀνάλογον
2810 2795 2951 2860 ὅλοις
2999 2799 3111 2860 τοῖς
3158 2797 3408 2867 δόγμασι,
3457 2804 3551 2851 καὶ
3598 2801 3746 2872 πάσῃ
3783 2805 3854 2874 τῇ

2277 2882 2496 2948 γνώσει,
2545 2885 2639 2937 καὶ
2691 2887 2825 2940 πᾶσι
2871 2889 2982 2950 τοῖς
3017 2888 3354 2959 μυστηρίοις,
3405 2888 3534 2942 ὥστ’
3567 2890 3634 2944 ἂν
3679 2893 3857 2946 είπεῖν

2277 2974 2418 3037 ὅλον,
2463 2976 2556 3029 καὶ
2590 2976 2648 3043 ἐξ
2683 2977 2817 3031 ὅλων
2847 2978 3128 3048 γεγονέναι
3173 2982 3238 3033 ἐκ
3264 2982 3358 3034 τοῦ
3389 2983 3524 3036 Θεοῦ
3558 2984 3649 3037 τὸν
3674 2985 3856 3038 εἰδότα

2279 3067 2456 3121 πάντα
2501 3070 2568 3123 τὰ
2627 3071 2921 3142 μυστήρια,
2973 3073 3067 3126 καὶ
3117 3075 3296 3126 πᾶσαν
3341 3074 3439 3147 τὴν
3492 3075 3712 3144 γνῶσιν,
3756 3079 3856 3130 καὶ

2283 3158 2418 3228 μετά
2462 3157 2665 3212 τούτων
2705 3158 2774 3212 τά
2817 3160 2918 3230 τῆς
2948 3161 3159 3225 τελείας
3182 3163 3403 3234 ἀγάπης
3445 3165 3851 3236 κατορθωκότα.

2283 3250 2424 3321 Ὅρα
2445 3250 2501 3304 δέ
2522 3252 2571 3304 εί
2595 3250 2818 3306 δύναται
2851 3253 2963 3324 (id)
3001 3253 3308 3320 ἀκολούθως
3345 3256 3455 3326 τῷυ
3515 3258 3607 3310 Ἐκ
3627 3256 3855 3325 μέρους

2277 3340 2668 3412 τννώσκομεν,
2696 3344 2795 3397 καὶ
2835 3345 2902 3398 ἐκ
2929 3344 3144 3413 μέρους
3169 3349 3638 3416 προφητεύομεν,
3668 3351 3848 3402 εἰπεῖν

2279 3434 2345 3488 ἂν
2369 3434 2462 3488 τὸν
2480 3435 2717 3490 τοιοῦτον
2733 3453 2747 3467 ο
2777 3437 2887 3490 Καὶ
2917 3437 2982 3492 ἐκ
3002 3436 3198 3511 μέρους
3222 3439 3388 3512 ἐσμὲν
3429 3441 3535 3495 uici
3555 3441 3647 3496 τοῦ
3673 3441 3809 3495 Θεοῦ
3836 3462 3851 3470 ··

2281 3524 2378 3577 καὶ
2399 3525 2562 3580 πάλιν
2583 3543 2598 3557 ο
2632 3529 2807 3581 Ὅταν
2818 3528 2963 3598 ἔλθῃ
2989 3531 3055 3583 τὸ
3078 3531 3328 3595 τέλειον,
3358 3531 3539 3585 καὶτὸ
3554 3531 3855 3600 ἐκμέρους

2277 3618 2638 3688 καταργηθῇ,
2689 3620 2782 3674 καὶ
2818 3621 2877 3674 τὸ
2919 3621 3120 3676 τέλειον
3167 3623 3262 3676 τοῦ
3293 3624 3540 3692 γενέσθαι
3571 3623 3684 3686 υἱός
3710 3624 3851 3677 Θεοῦ

2278 3710 2575 3774 ἐλεύσεται,
2628 3711 2937 3783 καταργοῦν
2965 3712 3026 3766 τό
3059 3716 3122 3766 ἐκ
3153 3715 3347 3785 μέρους
3397 3715 3675 3783 γεγονέναι
3733 3715 3854 3768 υίόν

2275 3819 2397 3856 τινα
2423 3802 2518 3855 τοῦ
2544 3801 2701 3858 Θεοῦ.
2748 3803 2840 3874 Μὴ
2882 3803 3150 3874 ἀζήτητον
3178 3804 3234 3857 δὲ
3267 3803 3448 3858 ὲάσθω
3479 3805 3571 3858 καὶ
3616 3805 3677 3858 τὸ
3725 3805 3855 3876 περ)⁹

2275 3894 2372 3949 τοῦ
2429 3895 2658 3965 πότερόν
2710 3911 2841 3947 ποτε
2899 3895 3121 3948 δυνατόν
3175 3897 3242 3948 ἐκ
3307 3897 3502 3967 μέρους
3557 3898 3653 3968 μὲν
3708 3894 3852 3952 εἶναι

2276 3986 2389 4040 υίὸν
2445 3987 2543 4056 τῆς
2594 3984 2954 4057 διαφερούσης
2999 3986 3209 4058 μερίδος
3263 3989 3360 4058 τῆς
3413 3989 3540 4058 περὶ
3587 3990 3654 4043 τὰ
3709 3988 3851 4054 θεῖα,

2275 4079 2341 4132 ἐκ
2388 4077 2584 4148 μέρους
2616 4077 2674 4130 δὲ
2704 4078 2804 4149 τῆς
2835 4078 3109 4140 ἐναντίαςο
3159 4079 3192 4150 ἢ
3233 4079 3391 4132 τοῦτο
3436 4081 3715 4152 ἀμήχανον
3757 4081 3854 4134 οῦ·-

2275 4185 2385 4227 τως
2419 4167 2583 4238 ἐχειν·
2612 4161 2656 4235 ᾧ
2680 4166 3054 4232 συνεξετάσεις
3091 4169 3207 4233 πῶς
3247 4169 3493 4237 λέγονται
3528 4170 3632 4223 υἱοὶ
3666 4172 3855 4224 πολλοὶ

2275 4259 2394 4322 ἐνὸς
2426 4258 2651 4331 πατρὸς,
2686 4259 2913 4330 πότερον
2943 4259 3030 4312 διά
3073 4261 3199 4322 τοὺς
3233 4261 3550 4330 προγόνους,
3590 4262 3685 4314 καὶ
3721 4262 3853 4325 τοὺς

2277 4351 2337 4415 ἐξ
2369 4350 2626 4414 ἐκείνων,
2661 4349 2695 4421 ἢ
2731 4349 2872 4403 κατὰ
2905 4349 3107 4421 ταύτην
3139 4349 3236 4420 τὴν
3273 4350 3544 4404 ὑπόνοιαν.
3581 4349 3853 4414 Λαϐόντες

604 4467 754 4517 mm,
786 4466 853 4506 an
897 4461 1117 4522 propter
1157 4451 1318 4506 talem
1367 4451 1879 4506 considerationem.
1929 4448 1998 4503 At
2045 4462 2175 4503 vero

2282 4437 2370 4496 οὖν
2403 4441 2652 4507 ἐξουσίαν
2677 4441 2845 4494 τέκνα
2887 4439 3022 4493 Θεοῦ
3059 4441 3343 4508 γενέσθαι,
3391 4441 3567 4496 πάντα
3599 4441 3854 4511 πράττω-

609 4557 734 4596 cum
767 4543 1140 4611 acceperimus
1165 4550 1489 4611 potestatem
1521 4550 1580 4594 ut
1607 4538 2020 4596 elﬁciamurﬂlii
2059 4537 2176 4600 Dei,

595 4632 1077 4687 omnia-faciamus
1100 4641 1166 4686 ut
1192 4634 1367 4687 simus
1397 4645 1463 4686 ex
1492 4631 1631 4696 Deo,
1661 4641 1715 4686 et
1740 4631 1901 4685 verba
1928 4629 2050 4697 ejus
2080 4644 2177 4682 au-

575 4725 1320 4793 .diamusyet‘proticiamus
1340 4724 1502 4778 etiam
1549 4725 1673 4794 quia
1726 4737 1912 4776 sumus
1942 4735 2009 4775 ex
2046 4720 2177 4782 Deo,

609 4823 670 4868 ut
697 4815 1045 4884 proﬁciamus
1071 4816 1237 4870 etiam
1273 4815 1399 4884 quia
1425 4814 1680 4868 audimus
1710 4812 1872 4867 verba
1911 4812 2026 4877 Dei,
2062 4809 2179 4878 plu-

610 4919 669 4959 ra
697 4921 766 4959 ex
804 4906 886 4960 his
925 4907 1112 4961 verbis
1142 4920 1358 4973 semper
1391 4901 1827 4966 inanil‘estantes,
1858 4903 2035 4956 donec
2061 4915 2177 4952 om-

604 4995 699 5049 nia
740 4996 1148 5064 perceperimus-
1169 4995 1346 5050 verba
1383 4994 1500 5060 Dei,
1528 5009 1649 5064 qua:
1679 4993 1758 5049 vel
1799 4989 2080 5054 nunc,-.vel
2122 4991 2174 5044 in

603 5093 884 5153 posterum
924 5086 1205 5155 percipere
1238 5094 1468 5156 possunt
1492 5086 1546 5140 1ιὶ
1584 5085 1672 5153 qui
1699 5083 1896 5153 spiritu
1925 5081 2174 5151 adoptio-

608 5176 697 5229 nis
725 5175 871 5246 digui
920 5175 1086 5229 habiti
1115 5173 1355 5228 iuerint.
1388 5175 1616 5240 Quoties
1647 5183 1826 5226 autem
1859 5172 2020 5226 verba
2052 5183 2173 5238 quae

612 5285 642 5323 a
686 5267 794 5322 Deo
832 5268 1105 5335 dicuntur,
1141 5283 1246 5322 non
1276 5268 1548 5329 audimus,
1586 5267 1688 5320 hoc
1729 5274 1835 5329 est,
1863 5279 2060 5320 canon
2089 5263 2173 5314 in-

613 5360 930 5430 telligimus,
956 5361 1118 5418 toties
1163 5370 1591 5417 consentaneum
1633 5367 1717 5413 est
1765 5371 1863 5411 nos
1895 5353 2171 5423 redargui,

2283 4551 2405 4604 μεν,
2432 4534 2518 4586 ἵνα
2545 4531 2829 4604 γενώμεθα
2873 4533 2938 4584 ἐκ
2968 4532 3062 4588 τοῦ
3087 4532 3244 4596 Θεοῦ,
3283 4533 3376 4587 καὶ
3405 4534 3473 4585 τὰ
3506 4535 3724 4604 ῥήματα
3751 4533 3855 4585 αὐ-

2279 4624 2374 4678 τοῦ
2419 4624 2742 4694 ἀκούσωμεν
2761 4663 2777 4687 ,
2808 4625 2901 4678 καὶ
2931 4623 3326 4694 προκόπτωμεν
3357 4625 3450 4678 καὶ
3474 4624 3537 4677 τὸ
3563 4621 3703 4678 εἶναι
3733 4624 3850 4695 (15)

2279 4718 2345 4770 ἐκ
2375 4716 2468 4770 τοῦ
2500 4715 2655 4778 Θεοῦ,
2709 4717 2794 4769 ἵνα
2840 4716 3237 4785 προκόπτωμεν
3263 4718 3356 4768 καὶ
3406 4718 3464 4769 ἐν
3507 4715 3586 4786 τῷ
3630 4714 3852 4768 ἀκούειν

2281 4810 2542 4882 ῥημάτων
2571 4809 2666 4862 τοῦ
2698 4808 2855 4872 Θεοῦ,
2885 4809 3106 4863 πλείονα
3132 4811 3195 4862 ἐκ
3236 4808 3441 4862 τούτων
3477 4809 3565 4862 ἀεὶ
3593 4807 3855 4878 τρανοῦν-

2283 4920 2394 4968 τες,
2424 4903 2527 4966 ἕως
2555 4903 2730 4956 πάντα
2773 4903 3110 4972 χωρήσωμεν
3151 4901 3218 4954 τὰ
3257 4904 3476 4973 ῥήματα
3507 4900 3602 4954 τοῦ
3633 4899 3789 4965 Θεοῦ,
3813 4899 3850 4968 ἢ

2281 4993 2381 5046 ὅσα
2409 5008 2473 5060 γε
2500 4991 2771 5060 ἐνδέχεται
2809 4991 3071 5060 χωρῆσαι,
3096 4991 3190 5043 καὶ
3221 4990 3336 5053 νῦν,
3375 4991 3470 5042 καὶ
3507 4988 3644 5058 μετὰ
3673 4987 3851 5040 ταῦτα

2279 5083 2406 5146 τοὺς
2429 5081 2782 5151 ἀξιουμένους
2809 5080 2909 5149 τῆς
2947 5080 3215 5144 υἱοθεσίας
3251 5080 3581 5150 πνεύματος.
3625 5078 3852 5142 Ὁσάκις

2279 5171 2334 5227 δὲ
2359 5171 2618 5242 ῥημάτων
2649 5169 2952 5241 λεγομένων
2980 5169 3072 5222 τοῦ
3104 5169 3236 5222 Θεοῦ
3261 5172 3361 5222 οὐκ
3389 5169 3677 5239 ἀκούομεν.
3706 5184 3854 5220 τουτ-

2281 5263 2462 5327 έστιν,
2518 5263 2580 5317 οὐ
2631 5261 2882 5332 συνίεμεν
2940 5261 3140 5327 αὐτῶν,
3195 5261 3518 5324 τοσαυτάκις
3567 5257 3852 5330 νομιστέον

2279 5353 2621 5428 ἐλέγχεσθαι,
2659 5353 2735 5416 ὡς
2755 5355 2855 5406 οὐκ
2885 5353 3041 5415 ὄντας
3087 5353 3152 5404 ἐκ
3199 5351 3292 5405 τοῦ
3346 5351 3500 5405 Θεοῦ·
3557 5349 3646 5405 διὰ
3688 5348 3852 5404 τοῦτο

716 5501 761 5532 ’⁸
788 5501 940 5556 Rom.
974 5516 1094 5568 viti,
1120 5500 1209 5555 15.
1284 5500 1328 5532 ¹⁹
1355 5497 1398 5554 ll
1421 5498 1550 5554 Cor.
1581 5513 1680 5559 xu,
1704 5498 1758 5552 λι.
1834 5495 1876 5527 ³⁰
1916 5494 2071 5550 Joan.
2096 5507 2183 5547 ut

2282 5490 2331 5546 5.
2409 5489 2450 5521 ³¹
2481 5487 2648 5543 lCor.
2676 5504 2796 5551 xm,
2820 5488 2876 5549 9,
2911 5485 2996 5540 l0.

683 5595 974 5666 (ll‘)l.eg.
1003 5591 1100 5660 ὧν,
1127 5596 1210 5651 vel
1231 5591 1498 5666 potiusrt'i,
1533 5604 1590 5666 ut
1615 5594 1666 5646 in
1694 5592 1755 5646 N.
1778 5593 1841 5646 Τ.
1871 5592 1968 5646 Ει).
2002 5591 2169 5646 Pan.

677 5665 795 5734 (i2)
832 5663 1372 5736 Feiraripslegébat,
1399 5665 1496 5736 ἤδη
1529 5663 1722 5726 οὕτως.

680 5736 796 5801 115)
837 5736 1013 5792 Codex
1047 5735 1390 5800 Bodleiauus,
1423 5735 1558 5799 ὅλος.

2353 5585 2470 5662 (μ)
2506 5585 2599 5662 vel
2625 5584 2906 5649 legendum
2928 5581 3170 5646 δυνατόν,
3205 5581 3288 5636 vel
3322 5579 3480 5651 paulo
3501 5588 3648 5652 post,
3671 5576 3850 5635 ιίπεῐν

2276 5655 2342 5708 ἂν
2365 5656 2426 5708 τὸ
2454 5655 2717 5708 τοιοῦτον.

2348 5725 2461 5797 (l5)
2502 5727 2608 5779 Kal
2636 5723 2706 5779 τὸ·
2741 5718 2912 5776 εἶναι.
2944 5719 3088 5793 Lego
3121 5724 3178 5776 ἐν
3195 5717 3271 5791 τῷ
3293 5715 3458 5774 εἶναι..
