4196 6364
451 317 560 369 653

1506 310 1866 368 CDMMENT.
1904 309 1968 362 IN
2002 307 2195 362 JOAN.
2231 306 2470 361 TOMIJS
2501 304 2620 360 XX.

3589 302 3699 361 65"

452 434 564 507 γὰρ
596 433 694 488 οὐκ
716 431 902 488 ἀκούει
929 433 959 487 ό
993 432 1069 504 μὴ
1105 430 1322 486 ἀκούων
1366 428 1625 501 ῥημάτων
1667 429 1827 494 Θεοῦ,
1880 425 2030 482 ἐπεί-

2131 422 2356 493 perinde
2380 403 2535 491 quasi
2567 435 2672 476 non
2699 419 2871 476 simus
2897 435 2962 476 ex
2996 419 3143 485 Deo;
3182 433 3307 475 nam
3337 427 3558 491 propter
3595 420 3703 477 hoc

453 543 563 598 περ
596 528 660 580 ὲκ
712 525 807 579 τοῦ
853 526 987 580 Θεοῦ
1035 527 1135 580 οὐκ
1169 526 1283 580 ἔστι
1307 566 1322 590 ,
1358 528 1452 581 καὶ
1496 530 1563 581 ὲκ
1617 528 1710 582 τοῦ
1755 527 1888 581 Θεοῦ
1930 527 2032 580 οὐκ

448 619 574 672 ἐστι
602 620 732 691 παρ’
759 618 956 672 ἑαυτόν
975 636 988 649 ·
1021 619 1265 686 καίτοιγε
1289 617 1398 672 ἐσθ’
1427 621 1517 672 ὅτε
1545 620 1724 672 λαϐὼν
1756 620 1855 690 ήδη
1878 618 2030 684 ἐξου-

451 709 580 763 σίαν
605 709 794 764 τέκνον
843 708 978 762 Θεοῦ
1027 709 1302 778 γενέσθαι,
1347 709 1440 764 καὶ
1492 709 1789 780 δυνάμενος
1837 712 1903 763 ἐκ
1933 707 2028 763 τοῦ

451 801 681 872 ἀγαπᾷν
704 801 830 864 τοὺς
864 801 1113 873 ἐχθροὺς,
1156 803 1253 855 καὶ
1301 802 1694 874 προσεύχεσθαι
1737 802 1877 874 ὑπὲρ
1921 801 2030 856 τῶν

453 893 891 966 ἐπηρεαζόντων,
915 895 1168 963 γενέσθαι
1191 895 1303 959 υἱὸς
1327 894 1420 948 τοῦ
1442 897 1499 948 ὲν
1526 895 1773 966 οὐρανοῖς
1795 893 2033 965 Πατρός.

528 986 620 1042 28.
666 985 1096 1054 Ἀπεκρίθησαν
1115 988 1170 1039 οἱ
1214 985 1496 1050 Ἰουδαῖοι,
1521 986 1618 1040 καὶ
1647 981 1824 1039 εἶπαν
1845 985 2027 1050 αὐτῷ’

458 1079 545 1132 Οὐ
578 1077 778 1144 καλῶς
805 1077 1062 1148 λέγομεν
1088 1077 1280 1146 ἡμεῖς,
1319 1076 1409 1131 ὅτι
1436 1078 1802 1147 Σαμαρείτης
1831 1072 1891 1130 εἷ
1925 1076 2028 1142 σὺ,

457 1169 558 1223 καὶ
597 1168 906 1238 δαιμόνιον
941 1168 1135 1237 ἐχεις;
1173 1168 1337 1232 Εἰκὸς
1359 1209 1373 1234 ,
1411 1170 1493 1223 ὅτι
1522 1168 1693 1223 ταῦτα
1733 1168 2028 1235 πολλάκις,

457 1259 600 1314 κατὰ
636 1259 697 1313 τὸ
744 1259 1114 1330 σιωπώμενον,
1170 1260 1307 1332 πρὸς
1359 1260 1620 1332 ἀλλήλους
1671 1261 1853 1328 ἔλεγον
1903 1261 2032 1332 περὶ

462 1351 560 1405 τοῦ
611 1351 862 1421 Σωτῆρος
893 1369 1056 1415 τινες,
1089 1352 1434 1423 Σαμαρείτην
1485 1352 1583 1422 μὲν
1633 1352 1796 1406 αὑτὸν
1829 1352 2028 1423 ὀνομά-

461 1438 668 1503 ζοντες,
695 1439 772 1502 ὡς
788 1439 1287 1512 παραχαράσσοντα
1327 1441 1612 1503 Ἰουδαϊκὰ,
1635 1439 2032 1512 παραπλησίως

456 1532 570 1593 τοῖς
601 1529 966 1599 Σαμαρείταις
987 1547 1001 1561 ·
1048 1531 1130 1584 Οὐ
1176 1529 1289 1598 γὰρ
1342 1528 1718 1599 συγχρῶνται
1763 1530 2032 1586 Ἰουδαῖοι

459 1618 866 1686 Σαμαρείταις.
893 1620 950 1671 ὲν
983 1618 1192 1681 πολλοῖς
1223 1618 1614 1688 διαφωνοῦντες
1636 1619 1866 1688 δόγμασι
1900 1623 2031 1693 παρ’

460 1708 700 1773 ἐκείνους
721 1723 734 1736 °
766 1708 916 1774 ἀξιον
945 1709 1000 1763 δέ
1029 1710 1145 1762 ἐστι
1191 1709 1420 1782 ζητῆσαι
1446 1710 1564 1774 πῶς
1592 1711 1727 1784 (16),
1761 1713 2034 1784 Σαμαρει-

2131 529 2238 568 non
2287 514 2458 578 audit,
2486 511 2578 581 qui
2625 526 2731 565 non
2779 510 2933 566 audit
2974 510 3144 566 verba
3190 511 3308 575 Dei,
3335 513 3591 581 quoniam
3631 528 3702 568 ex

2132 604 2244 660 Deo
2292 619 2400 660 non
2431 613 2540 670 est,
2570 612 2627 658 et
2661 617 2729 658 ex
2769 602 2878 657 Deo
2910 618 3016 658 non
3052 611 3140 658 est
3169 612 3390 672 propter
3419 604 3652 672 seipsum
3683 621 3701 670 ;

2129 695 2343 751 etiamsi
2376 694 2670 764 aliquando
2701 693 2977 763 acceperit
3015 703 3340 764 potestatem
3384 693 3502 749 ﬁeri
3562 693 3706 750 ﬁlius

2129 785 2250 852 Dei,
2293 786 2574 855 possitque
2608 784 2884 856 diligendo
2937 784 3215 850 inimicos,
3265 796 3320 842 et
3363 789 3570 842 orando
3602 803 3704 858 pro

2132 878 2218 933 his
2249 892 2278 930 a
2298 877 2503 946 quibus
2529 875 2768 944 laeditur,
2798 874 2914 930 ﬁeri
2948 875 3090 930 ﬁlius
3117 875 3297 932 Patris
3322 879 3582 936 cmlestis.

2199 968 2290 1024 28.
2352 967 2746 1038 Responderunt
2800 983 2922 1038 ergo
2969 966 3172 1032 Judaai,
3223 981 3271 1022 et
3320 972 3568 1026 dixerunt
3612 973 3705 1029 ei:

2134 1058 2329 1114 Nonne
2375 1059 2500 1112 bene
2553 1058 2781 1112 dicimus
2821 1074 2936 1124 nos,
2963 1059 3103 1127 quod
3135 1058 3510 1115 Samaritanus
3538 1079 3592 1116 es
3621 1073 3700 1128 lu,

2131 1161 2180 1208 et
2227 1151 2544 1205 daemonium
2588 1148 2746 1202 habes
2768 1148 2853 1201 ιιι
2885 1148 3317 1206 Consentaneum
3344 1161 3449 1217 est,
3483 1164 3704 1224 propter

2135 1237 2187 1292 id
2214 1238 2360 1308 quod
2405 1245 2636 1302 tacetur,
2667 1235 2985 1304 frequenter
3016 1238 3129 1293 hazc
3169 1239 3311 1295 inter
3337 1255 3398 1296 se
3437 1245 3704 1311 quosdam

2135 1328 2202 1382 de
2237 1329 2531 1382 Servatore
2558 1327 2780 1394 dixisse,
2809 1327 3217 1383 Samaritanum
3249 1332 3398 1386 illum
3427 1334 3707 1404 appellan-

2139 1429 2241 1484 tes,
2278 1429 2540 1489 tanquam
2569 1420 2661 1488 qui
2687 1434 2779 1475 res
2809 1417 3071 1475 Judaicas
3093 1422 3442 1491 adulteraret,
3480 1442 3584 1482 non
3618 1443 3710 1483 se-

2136 1527 2234 1567 θιιε
2263 1521 2429 1581 atque
2473 1509 2806 1565 Samaritani
2834 1524 2849 1564 :
2881 1509 3007 1565 Non
3050 1516 3186 1568 enim
3220 1529 3508 1572 mutantur
3527 1520 3708 1574 Jadwi

2136 1601 2572 1670 Samaritaais”,
2606 1603 2657 1656 in
2700 1602 2887 1658 multis
2931 1607 3274 1678 dogmatibus
3304 1613 3371 1664 ab
3404 1611 3511 1668 illis
3548 1613 3710 1667 dissi-

2137 1697 2343 1751 dentes.
2382 1696 2489 1750 Sed
2515 1697 2758 1767 prolecto
2786 1699 3019 1768 quaesitu
3051 1701 3268 1770 dignum
3296 1711 3378 1756 est
3414 1707 3706 1774 quomodo,

461 1799 572 1853 τῶν
598 1798 689 1853 τὸν
725 1799 982 1869 μέλλοντα
1009 1800 1180 1854 αἰῶνα
1213 1801 1559 1873 ἀρνουμένων
1577 1845 1590 1868 ,
1631 1805 1726 1856 καὶ
1771 1805 1903 1875 μηδὲ
1933 1804 2034 1876 τὴν

2138 1788 2501 1843 Samaritanis
2555 1789 2798 1844 futurum
2843 1793 3100 1848 saeculum
3147 1796 3496 1865 negantibus,
3543 1807 3596 1852 et
3641 1815 3710 1854 ne

460 1891 560 1962 τῆς
590 1891 768 1961 ψυχῆς
804 1892 1156 1964 ἐπιδιαμονὴν
1191 1893 1302 1963 (l7)
1353 1893 1747 1966 προσιεμένων,
1797 1895 1889 1950 τὸν
1919 1896 2033 1949 Σω-

462 1982 604 2056 τῆρα
633 1983 940 2054 ἐτόλμησαν
973 1986 1168 2048 εἰπεῖν,
1203 1985 1332 2055 περὶ
1379 1986 1729 2049 ἀναστάσεως
1778 1992 1872 2041 καὶ¹
1917 1988 2038 2058 κρί-

467 2092 604 2140 σεως
631 2076 858 2130 πλεῖστα
887 2077 988 2131 ὅσα
1013 2077 1322 2145 διδάξαντα,
1349 2079 1698 2151 Σαμαρείτην
1727 2074 1866 2132 εἶναι
1901 2079 2032 2150 (18).

475 2166 637 2220 Ἀλλὰ
663 2169 874 2239 μήποτε
902 2169 978 2232 ὡς
1015 2159 1379 2241 λοιδοροῦντες
1400 2171 1562 2224 αὐτὸν
1609 2172 1767 2225 τοῦτο
1792 2172 2034 2242 λέγουσι,

463 2260 558 2312 καὶ
585 2259 646 2312 οὐ
681 2260 896 2324 πάντως
927 2260 996 2314 τά
1042 2261 1183 2314 αὐτὰ
1217 2261 1447 2325 ἐκείνοις
1490 2263 1911 2334 δογματίζοντα.
1945 2265 2039 2317 Ei-

463 2348 558 2414 κὸς
589 2351 646 2404 δὲ
677 2352 772 2404 καὶ
802 2353 883 2406 ὅτι
920 2352 1064 2416 τινὲς
1095 2351 1262 2423 ᾤοντο
1295 2354 1457 2408 αὐτὸν
1489 2354 1563 2425 μὴ
1609 2355 1716 2408 ἀπὸ
1749 2355 2039 2420 διαθέσεως

463 2443 535 2497 τὰ
567 2443 695 2515 περὶ
731 2444 1012 2515 μέλλοντος
1042 2446 1259 2511 αἰῶνος,
1293 2447 1388 2500 καὶ
1413 2447 1482 2500 τὰ
1503 2447 1633 2518 περ)⁴
1656 2449 1910 2520 κρίσεως,
1943 2449 2040 2502 καὶ

466 2534 816 2598 ἀναστάσεως
845 2535 1137 2601 διδάσκειν,
1187 2536 1528 2608 διακείμενον
1579 2539 1679 2609 μὲν
1709 2540 2041 2612 Σαμαρειτι-

466 2625 598 2689 κῶς,
628 2625 706 2689 ὡς
744 2627 970 2697 μηδενὸς
1021 2627 1158 2698 μετὰ
1201 2628 1292 2682 τὸν
1348 2629 1459 2700 βίον
1512 2633 1873 2704 ἀποκειμένου
1927 2636 2043 2700 τοῖς

465 2716 797 2788 ἀνθρώποις,
833 2721 1248 2791 προσποιήσεως
1271 2720 1328 2773 δὲ
1355 2721 1561 2787 ἕνεκεν,
1581 2725 1723 2779 κατά
1745 2725 1806 2778 τδ
1833 2725 2041 2790 ἔνδοξον

464 2809 562 2863 καὶ
588 2807 820 2879 ἀρέσκον
844 2811 958 2873 τοῖς
1003 2809 1293 2875 Ἰουδαίοις,
1323 2812 1392 2864 τὰ
1420 2814 1549 2885 περὶ
1577 2815 1922 2880 ἀναστάσεως
1947 2817 2042 2871 καὶ

465 2902 564 2972 τῆς
597 2901 816 2955 αίωνίου
853 2903 998 2970 ζωῆς
1041 2904 1467 2976 προφερόμενον.
1506 2906 1617 2958 Kal.
1661 2907 1935 2976 δαιμόνιον
1983 2909 2042 2963 δὲ

465 2990 612 3062 ἔχειν
643 2991 828 3061 ελεγον
866 2993 1028 3047 αὐτὸν
1070 2995 1160 3048 διὰ
1207 2997 1332 3058 τοὺς
1371 2995 1513 3068 ὑπὲρ
1550 2996 1834 3069 ἄνθρωπον
1874 2998 2041 3053 αὐτοῦ

466 3081 680 3150 λόγους,
708 3083 774 3136 δι’
800 3076 874 3136 ὧν
901 3082 1121 3158 Πατέρα
1139 3085 1270 3141 ,ἴδιον
1285 3085 1439 3154 ἔλεγε
1459 3086 1552 3140 τὸν
1570 3086 1723 3150 Θεὸν,
1742 3088 1838 3142 καὶ
1857 3090 1921 3143 ὲκ
1945 3088 2041 3144 τοῦ

461 3174 697 3246 οὐρανοῦ
725 3175 1188 3247 καταϐεϐηκέναι,
1219 3179 1312 3232 καὶ
1344 3179 1505 3243 αὐτὸς
1534 3176 1673 3234 εἶναι
1703 3183 1732 3235 ὁ
1760 3181 1861 3250 τῆς
1898 3181 2043 3253 ζωῆς

469 3267 632 3340 ἄρτος
682 3267 860 3338 πολλῷ
899 3269 1164 3340 κρείττων
1211 3270 1304 3324 τοῦ
1345 3272 1539 3342 μάννα,
1572 3272 1649 3336 ὡς
1680 3273 1774 3326 τὸν
1803 3275 2045 3343 φαγόντα

471 3361 660 3415 τοῦτον
689 3361 782 3414 τὸν
826 3362 989 3433 ἄρτον
1027 3361 1286 3433 ζήσεσθαι
1315 3364 1396 3426 είς
1431 3363 1520 3416 τὸν
1553 3362 1745 3427 αίῶνα,
1781 3363 1876 3416 καὶ
1910 3363 2046 3419 ἄλλα

475 3455 644 3526 μυρία
663 3449 739 3508 ὧν
763 3455 1116 3526 πεπλήρωται
1142 3453 1211 3508 τά
1242 3454 1569 3523 Εὐαγγέλια.
1597 3454 1831 3510 Δύναται
1859 3455 1916 3509 δὲ
1949 3457 2046 3511 καὶ

469 3541 560 3596 διὰ
591 3541 689 3614 τὴν
733 3542 860 3614 περὶ
909 3541 1000 3595 τὸν
1061 3541 1385 3604 Βεελζεϐοὺλ
1435 3543 1687 3598 ὑπόνοιαν
1739 3544 1918 3600 αὐτῶν
1965 3547 2046 3600 εί-

475 3631 705 3704 ρῆσθαι·
751 3632 835 3686 Σὺ
887 3631 1194 3701 δαιμόνιον
1249 3632 1445 3702 ἔχεις,
1496 3634 1730 3707 ἐπείπερ
1786 3637 1930 3700 τινὲς
1987 3639 2046 3692 ὲν

473 3723 802 3788 Βεελζεόουλ
826 3723 904 3794 τῷ
929 3724 1148 3796 ἄρχοντι
1174 3724 1283 3778 τῶν
1315 3725 1604 3796 δαιμονίων
1643 3728 1894 3798 ἐνόμιζον
1948 3730 2047 3784 αὺ-

473 3815 565 3868 τὸν
607 3815 892 3868 ὲκὸάλλειν
926 3814 996 3869 τὰ
1027 3815 1298 3886 δαιμόνια,
1333 3817 1498 3872 οἱονεὶ⁸
1541 3817 1732 3889 ἔχοντα
1768 3820 1825 3872 ἐν
1865 3820 2046 3892 ἑαυτῷ

470 3905 565 3959 τὸν
588 3903 935 3970 Βεελζεὸούλ.
967 3907 1030 3959 Ol
1066 3907 1163 3977 μὲν
1194 3901 1288 3960 οὖν
1316 3906 1502 3979 ἐχθροὶ
1528 3909 1762 3964 εἴσονται
1796 3910 2046 3980 λέγοντες

471 3997 635 4052 αὐτὸν
679 3999 954 4070 δαιμόνιον
1009 3998 1183 4068 ἔχειν·
1223 4002 1386 4071 ἡμεῖς
1431 4001 1488 4054 δὲ
1539 4000 1690 4071 αὐτῷ
1748 4001 2047 4074 πειθόμεθα

474 4089 768 4159 φάσκοντι·
837 4091 986 4161 Ἐγὼ
1033 4090 1343 4161 δαιμόνιον
1389 4092 1502 4146 οὐκ
1560 4091 1709 4162 ἐχω-
1763 4093 1884 4147 οὐδὲ
1940 4093 2046 4166 γὰρ

468 4182 694 4237 δύναται
727 4182 945 4252 τυφλῶν
990 4181 1304 4253 ὀφθαλμοὺς
1365 4182 1612 4250 ἀνοῖξαι,
1661 4184 1697 4256 ἢ
1750 4185 1925 4238 ταῦτα
1979 4185 2049 4239 τὰ

471 4278 672 4347 σημεῖα
726 4278 897 4330 ποιεῖν
916 4315 932 4341 ,
982 4276 1021 4331 ἃ
1074 4275 1167 4330 καὶ
1211 4275 1626 4346 ἀναγέγραπται
1647 4316 1662 4341 ,
1692 4271 1769 4332 ὧν
1798 4278 1895 4333 καὶ
1927 4277 2046 4351 ἴχνη

473 4369 568 4422 καὶ
617 4369 892 4440 λείμματα
937 4369 996 4423 ὲν
1022 4370 1144 4429 ταῖς
1184 4369 1532 4440 Ἐκκλησίαις
1587 4369 1810 4441 ὀνόματι
1873 4371 2047 4442 Ἰησοῦ

2137 1882 2334 1936 animae
2377 1882 2596 1950 quidem
2637 1885 3068 1953 permanentiam
3122 1887 3555 1952 admittentibus,
3586 1890 3708 1944 ausi

2139 1971 2345 2025 fuerint
2366 1970 2714 2028 Servatorem
2740 1975 2923 2029 dicere
2952 1974 3378 2046 Samaritanum,
3402 1979 3493 2049 qui
3521 1995 3710 2048 quam:

2137 2059 2372 2129 plurima
2405 2061 2666 2117 docuerat
2699 2073 2754 2118 et
2778 2067 2846 2120 de
2874 2067 3274 2122 resurrectione
3305 2079 3358 2122 et
3389 2069 3455 2122 de
3476 2067 3710 2135 judicio.

2139 2152 2212 2205 At
2247 2150 2501 2207 fortassis
2549 2154 2654 2209 hoc
2691 2155 2878 2210 dicunt
2914 2156 3068 2210 illum
3115 2159 3446 2222 mordentes,
3481 2159 3710 2228 perinde

2141 2243 2295 2311 quasi
2327 2258 2436 2298 non
2471 2245 2695 2299 omnino
2732 2249 2922 2301 eadem
2954 2262 3072 2316 quae
3101 2249 3174 2303 illi
3201 2253 3416 2306 decreta
3460 2260 3708 2319 poneret.
3743 2273 3754 2288 ο

2139 2334 2446 2390 Verisimile
2483 2345 2566 2392 est
2606 2337 2770 2392 etiam
2816 2340 3026 2413 aliquos
3052 2341 3400 2397 existimasse
3430 2357 3574 2413 eum.
3600 2358 3709 2398 non

2141 2443 2212 2483 ex
2250 2427 2444 2483 aﬁ'ectu
2473 2431 2540 2485 de
2572 2430 2758 2488 futuro
2784 2434 3003 2500 saeculo,
3036 2436 3103 2490 de
3131 2437 3528 2492 resurrectione
3560 2446 3616 2491 et
3643 2439 3711 2491 de

2134 2519 2342 2590 judicio
2373 2521 2590 2588 docere,
2619 2525 2715 2580 sed
2739 2525 3064 2581 Samaritice
3088 2525 3365 2592 aﬁ‘ectum,
3397 2527 3618 2596 perinde
3643 2543 3713 2583 ac

2143 2611 2280 2666 nihil
2315 2612 2582 2682 reliquum
2625 2614 2764 2671 foret
2797 2627 2920 2687 post
2947 2619 3088 2674 hanc
3121 2619 3314 2685 vitam,
3351 2619 3714 2675 simulationis

2142 2718 2306 2760 causa
2342 2716 2563 2778 propter
2593 2709 2904 2777 opinionem
2929 2725 3094 2780 quam
3125 2711 3396 2766 habebant
3429 2709 3620 2779 Judaei,
3656 2721 3714 2767 et

2141 2803 2204 2850 ut
2257 2797 2364 2852 illis
2413 2798 2668 2868 placeret,
2717 2801 2784 2855 de
2832 2803 3229 2858 resurrectione
3293 2804 3468 2873 deque
3508 2814 3715 2860 aeterna

2141 2890 2255 2946 vita
2305 2893 2470 2947 verba
2524 2891 2727 2950 facere.
2785 2894 2926 2962 Quin
2972 2898 3297 2952 demonium
3329 2912 3545 2968 quoque
3586 2913 3714 2952 eum

2146 2983 2350 3039 habere
2380 2984 2657 3050 dicebant,
2695 2995 2922 3056 propter
2968 2986 3134 3060 355.
3183 2990 3356 3059 ipsius
3404 3005 3712 3054 sermones,

2146 3075 2238 3144 qui
2280 3075 2558 3129 hominum
2601 3084 2822 3146 captum
2863 3081 3340 3145 transcendebant,
3375 3083 3573 3152 quibus
3606 3082 3713 3138 Pa-

2070 3143 2111 3201 (ἶ
2147 3143 2286 3222 trem
2321 3166 2596 3235 proprium
2630 3143 2852 3235 dicebat:
2871 3167 3061 3234 Deum,
3089 3185 3257 3240 seque
3276 3186 3307 3226 e
3326 3143 3468 3229 ξαέιο
3491 3176 3717 3231 descen-

2147 3259 2318 3322 disse,
2350 3259 2610 3332 quodque
2643 3268 2792 3314 esset
2818 3259 2973 3330 panis
3011 3261 3133 3316 vitae
3156 3262 3313 3332 longe
3340 3265 3534 3322 melior
3563 3284 3716 3322 man-

2144 3365 2240 3416 na,
2273 3351 2410 3406 adco
2443 3359 2503 3405 ut
2535 3351 2630 3420 qui
2669 3366 2736 3406 ex
2789 3353 2893 3408 hoc
2942 3369 3082 3422 pane
3111 3357 3437 3423 comederet,
3471 3359 3716 3417 victurus

2145 3451 2295 3498 esset
2341 3443 2392 3497 in
2421 3451 2710 3506 aeternum,
2743 3442 2957 3512 aliaque
2996 3444 3276 3502 innumera
3312 3447 3506 3515 quibus
3533 3450 3712 3506 Evan-

2147 3535 2286 3604 gelia
2313 3533 2517 3604 repleta
2543 3543 2669 3588 sunt
2687 3534 2752 3588 ³⁵.
2784 3533 2970 3589 Potest
2992 3539 3156 3592 etiam
3205 3548 3429 3606 propter
3451 3541 3717 3606 suspicio-

2147 3643 2270 3683 nem
2291 3642 2478 3682 eorum
2501 3628 2648 3683 circa
2676 3627 2960 3683 Beelzebul
2977 3627 3178 3682 dictum
3199 3629 3363 3685 fuisse
3386 3647 3402 3685 :
3427 3631 3504 3684 Tu
3521 3632 3719 3686 «nemo.

2147 3722 2290 3774 nium
2341 3720 2522 3785 habes,
2565 3722 3003 3792 quandoquidem
3049 3721 3266 3790 quidam
3318 3721 3372 3774 in
3425 3722 3716 3779 Beelzebul

2148 3810 2394 3880 principe
2417 3811 2806 3866 daemoniorum
2829 3812 3356 3868 existimabanteum
3375 3814 3572 3882 ejicere
3601 3816 3716 3869 dac-

2149 3903 2329 3957 monia
2349 3903 2418 3969 ³⁵,
2439 3911 2698 3972 tanquam
2716 3904 2807 3974 qui
2828 3903 2882 3958 in
2905 3919 2963 3959 se
2978 3904 3202 3960 haberet
3220 3904 3525 3960 Beelzebul.
3543 3907 3719 3977 Atque

2149 3993 2360 4049 inimici
2407 3995 2626 4065 quidem
2669 3996 2916 4052 dicentes
2942 3997 3116 4066 ipsum
3145 3997 3344 4054 habere
3368 3999 3715 4064 dannonium,

2149 4085 2224 4140 illi
2259 4085 2502 4142 viderint
2537 4104 2552 4142 :
2581 4101 2685 4143 nos
2715 4101 2848 4141 vero
2879 4087 2955 4142 illi
2991 4088 3277 4143 credamus
3321 4090 3570 4146 dicenti:
3604 4089 3718 4160 Ego

2145 4177 2468 4232 dwmonium
2495 4193 2598 4232 non
2631 4177 2796 4231 habeo
2811 4177 2892 4232 “:
2922 4192 3099 4247 neque
3119 4179 3262 4232 enim
3298 4187 3477 4247 potest
3512 4179 3719 4235 daamo.

2149 4270 2298 4324 nium
2336 4283 2606 4325 caecorum
2637 4267 2826 4323 oculos
2853 4269 3088 4337 aperire,
3112 4269 3196 4323 vel
3222 4270 3337 4324 haec
3358 4269 3511 4341 signa
3533 4256 3720 4326 facere

2148 4377 2272 4432 qua:
2308 4363 2508 4432 scripta
2543 4371 2692 4429 sunt,
2733 4376 2965 4432 quorum
3013 4365 3178 4420 etiam
3225 4362 3453 4431 vestigia
3493 4371 3555 4419 et
3592 4363 3719 4419 relic

477 4459 638 4532 μέχρι
663 4461 760 4514 νῦν
790 4459 1019 4530 γίνεται.
1071 4459 1228 4515 Μετὰ
1262 4459 1435 4513 ταῦτα
1492 4459 1728 4532 ζητήσαι
1767 4478 1852 4526 τις
1891 4463 1957 4516 ἂν
1993 4465 2040 4519 τί

2149 4454 2292 4523 quite
2317 4452 2402 4507 vel
2427 4466 2596 4522 usque
2625 4453 2680 4507 in
2703 4467 2942 4521 praesens
2973 4452 3112 4508 ﬁunt
3148 4453 3205 4508 in
3235 4453 3513 4520 Ecclesiis,
3539 4454 3591 4508 in
3613 4468 3718 4510 no-

471 4551 694 4624 δήποτε,
726 4551 819 4605 δύο
845 4551 1154 4622 δυσφημίας
1187 4551 1336 4622 αὐτῷ
1361 4551 1778 4623 προσαψάντων,
1807 4554 1909 4625 τήν
1947 4571 2008 4608 τε
2027 4573 2043 4587 ·

476 4644 842 4714 Σαμαρείτης
873 4639 933 4698 εἷ
953 4642 1059 4706 σὺ,
1085 4644 1182 4696 καὶ
1209 4643 1330 4714 τήνο
1363 4643 1677 4713 Δαιμόνιον
1715 4643 1908 4714 ἔχεις,
1937 4645 2047 4700 τῶν

477 4734 882 4807 ἀποκριθέντων
931 4733 1080 4806 αὐτῷ
1116 4733 1402 4800 Ἰουδαίων,
1431 4734 1534 4788 οὐκ
1562 4733 1785 4788 ἐκείνων
1813 4735 1922 4790 τῶν
1950 4755 2049 4791 πε-

476 4828 844 4885 πιστευκότων
874 4825 1044 4898 αὐτῷ,
1083 4826 1206 4897 οὐχὶ
1237 4825 1376 4899 πρὸς
1423 4825 1524 4889 τὰς
1569 4825 1664 4880 δύο
1691 4826 2046 4900 ἀπεκρίνετο,

476 4919 616 4974 ἀλλὰ
643 4919 778 4992 πρὸς
813 4919 978 4991 μόνην
1000 4918 1120 4990 τήν·
1153 4919 1467 4986 Δαιμόνιον
1489 4918 1670 4987 ἔχεις.
1695 4917 1883 4973 εἰπών·
1903 4919 2050 4989 Ἐγὼ

2152 4547 2299 4600 mine
2327 4545 2564 4600 Domini.
2600 4543 2868 4601 Praeterea
2894 4555 3101 4616 quaerat
3131 4547 3332 4616 aliquis
3369 4561 3468 4601 cur
3495 4560 3724 4616 respon-

2153 4639 2410 4694 dentibus
2435 4636 2659 4704 Judreis,
2693 4654 2800 4693 non
2837 4639 2945 4693 illis
2973 4640 3067 4708 qui
3097 4639 3444 4695 crediderant
3475 4639 3548 4703 ei,
3589 4640 3727 4695 duo-

2153 4745 2262 4800 que
2281 4730 2512 4785 c-rimina
2540 4730 2590 4784 ei
2611 4731 3057 4801 impingentibus,
3089 4745 3317 4800 nempe:
3347 4729 3721 4785 Samaritanus

2153 4840 2207 4880 es
2227 4833 2376 4891 tu,et
2399 4839 2412 4876 :
2434 4823 2765 4879 Damonium
2783 4824 3081 4890 habes,non
3101 4823 3167 4877 ad
3183 4823 3310 4887 duo,
3327 4823 3420 4876 sed
3443 4821 3508 4875 ad
3533 4837 3722 4889 unum,

2156 4931 2349 4986 nempe
2375 4933 2391 4971 :
2418 4915 2751 4971 Dremonium
2809 4915 2988 4978 habes,
3035 4915 3318 4984 respondet
3347 4914 3536 4969 dicens
3568 4930 3583 4969 :
3614 4912 3724 4982 Ego

475 5011 787 5081 δαιμόνιον
824 5013 937 5065 οὐκ
961 5013 1095 5081 ἔχω.
1127 5011 1239 5064 Kal.
1260 5010 1360 5081 ὅρα
1392 5010 1440 5062 εί
1476 5008 1696 5063 δύναται
1728 5008 1862 5081 πρὸς
1892 5010 2040 5064 τοῦτι

2157 5008 2470 5063 dremoniam
2500 5024 2604 5062 non
2637 5007 2820 5062 habeo.
2866 5007 2933 5060 Et
2979 5007 3101 5061 vide
3133 5022 3200 5060 an
3240 5007 3306 5059 ad
3341 5008 3438 5060 hoc
3466 5006 3722 5076 applicari

437 5172 476 5190 -,
550 5129 594 5161 ³⁹
621 5127 780 5183 Joan.
807 5144 926 5190 vm.
959 5127 1046 5181 48.
1124 5126 1170 5159 ³³
1204 5125 1360 5182 Joan.
1389 5141 1463 5190 tv,
1485 5125 1541 5182 9.

433 5173 520 5371 "B
539 5213 663 5369 ’(ῗιϐ)
685 5247 838 5314 Πῶς.
877 5246 1038 5315 Deest
1068 5247 1123 5301 in
1175 5247 1365 5302 codice
1406 5245 1595 5318 Regio,
1626 5247 1721 5302 sed
1767 5245 2045 5317 legiturin

525 5335 570 5371 οι
613 5333 789 5371 813110.

525 5333 588 5372 Otl
598 5333 789 5372 161³110.

551 5385 797 5459 (17)³Καζ
818 5385 974 5459 μηδὲ
994 5384 1108 5459 τὴν
1133 5384 1242 5454 τῆς
1265 5384 1473 5456 ψυχῆς
1497 5380 2047 5459 ἐπιδιαμονῂνζθις.

480 5454 743 5526 Origenes
773 5454 830 5526 in
862 5454 1064 5526 Matth.
1082 5465 1214 5510 tom.
1246 5454 1389 5526 ινιι,
1426 5470 1577 5526 num.
1631 5455 1745 5526 29;
1798 5456 1861 5506 υἱ
1913 5454 2047 5526 Σαδτ

479 5519 716 5582 δουκαίοι
752 5525 953 5597 μέντοι,
1003 5525 1252 5597 λέγοντες
1302 5525 1380 5597 μὴ
1441 5519 1578 5597 εῖναι
1624 5524 1946 5597 ἀνάστασιν,
1985 5523 2048 5576 οὐ

479 5597 580 5680 τὴν
612 5599 672 5651 ὲν
795 5596 1060 5680 συνηθείῆ
1223 5593 1606 5680 ἁπλουστέρων
1642 5593 2049 5680 ὀνομαζομένην

482 5661 775 5738 ἀνάστασιν
793 5661 1285 5738 Ασαρξιδςξὴθέτουν,
1326 5661 1589 5738 ἀλλά-καὶ
1617 5661 1906 5738 ιιιςαντελιῖις⁸
1921 5661 2052 5738 ἀνῂς

488 5753 610 5809 ρουν
629 5735 729 5811 τήν
753 5736 852 5810 τῆς
881 5731 1077 5808 ’ψυχῆς
1104 5735 1164 5789 οὐ
1219 5734 1378 5809 μόνον
1425 5731 1741 5800 ἀθανασίαν,
1786 5732 1920 5787 ἀλλὰ
1956 5731 2050 5786 καὶ

1641 5125 1688 5158 ³⁵
1739 5125 1976 5192 Joau.vr,
2015 5127 2187 5181 51-ὃὸ
2211 5143 2325 5196 seq.

2404 5125 2450 5157 ³⁸
2477 5123 2608 5178 Luc.
2635 5139 2712 5189 ιιι,
2744 5122 2831 5178 15.
2915 5121 2961 5155 ’⁸
2986 5119 3146 5176 Joan.
3173 5136 3290 5186 vni,
3319 5120 3409 5176 49.

2155 5245 2506 5317 ὲπιδιαμονὴν
2539 5285 2554 5308 ,
2606 5242 2842 5317 οίόμενοι
2901 5239 3154 5317 μηδαμοῦ.
3181 5240 3266 5317 ἐν⁵
3292 5239 3403 5300 τοῖς
3447 5234 3726 5317 ῌωῢσέως

2196 5307 2972 5388 ράμμξασι-’σημαίνέσθαι-τῇν
3002 5307 3304 5388 τῆς-ψυχῇς
3359 5307 3494 5376 μετὰ
3546 5307 3719 5388 ταῦτα

2189 5373 2326 5456 ξυήνξ
2345 5387 2418 5456 Τὸ
2439 5385 2496 5456 δὲ
2521 5373 2670 5456 Esca-
2696 5384 2806 5456 τοῖς
2834 5373 3416 5456 Σαδδουκαίοιςδόγμία
3441 5373 3576 5456 ,περὶ
3619 5373 3723 5456 τῆς

2156 5442 2268 5510 τῶν
2291 5442 2798 5528 ἀνθρῴπωνῄψυχῆς
2826 5449 3079 5528 φρονοῦσι
3097 5448 3272 5528 ⁸μέχρι
3301 5442 3393 5528 τοῦ
3435 5442 3592 5512 δεῦρο
3619 5442 3724 5495 Σα-

2162 5529 2374 5634 μαίρεῖς.
2395 5516 2645 5578 ’ϐοιιειιιιὲ
2666 5516 3069 5575 θ’ῡέειινέιιὶοιιεε
3095 5516 3148 5569 in
3171 5520 3312 5569 hunc
3348 5516 3569 5598 locum.
3600 5581 3612 5594 .

2232 5597 2340 5648 .18)
2372 5592 2744 5648 Σαμαρείτην
2771 5591 2942 5645 εἶναι.
2977 5588 3098 5640 Haec
3141 5587 3336 5640 desunt
3384 5600 3438 5637 ιιι
3488 5584 3726 5639 editione

2576 5607 2744 5646 ειτην
2771 5607 2942 5645 ειναι.
2977 5607 3098 5640 tunc
3141 5607 3235 5640 (185

2231 5599 2340 5677 (18)
2372 5599 2744 5663 Σαμαρείτην
2771 5599 2942 5672 atrae.
2977 5599 3098 5669 tunc
3141 5599 3336 5666 desunt
3384 5601 3412 5637 ιι

2157 5664 2360 5732 Ηυειίι,
2395 5667 2494 5721 sed
2529 5665 2782 5734 leguntur
2803 5675 2858 5717 ιιι
2884 5659 3068 5714 codice
3097 5655 3412 5712 Bodleiano.
