4196 6424
527 317 537 327 ’
559 345 663 400 635

2021 345 2348 402 ORIGENIS

3714 353 3822 407 (ἴδη

556 459 720 530 possit
750 459 880 515 illud
923 459 1068 515 illius
1100 459 1392 531 parabolae,
1427 477 1548 532 quae
1586 470 1670 518 est
1702 462 1844 532 apud
1880 461 2112 532 Evange-

2237 462 2488 530 γενέσθαι
2527 465 2586 517 τὸ
2615 465 2712 536 τῆς
2745 467 2803 520 ἐν
2834 465 2912 536 τῷ
2943 464 3083 518 κατὰ
3108 465 3322 520 Λουκᾶν
3360 464 3676 536 Εὖαγγελίῳ
3711 483 3819 519 πα-

556 553 686 607 l-ium
714 549 872 606 Lucae
895 552 936 583 ³⁷
960 570 974 619 ;
1007 567 1199 622 nempe
1233 551 1299 606 de
1321 567 1387 607 eo
1427 555 1516 624 qui
1568 567 1692 608 cum
1720 554 2076 608 descenderet
2105 567 2135 607 a

553 642 854 700 Jerusalem
905 645 958 699 in
998 642 1239 708 Jericbo,
1285 643 1475 700 incidit
1534 645 1586 699 in
1649 645 1924 713 latrones;
1971 660 2134 715 quem

555 751 678 791 cum
725 735 1001 802 sacerdos,
1043 743 1097 790 et
1131 734 1319 791 Levita
1371 737 1786 807 praeteriissent,
1832 736 2135 792 Samarita-

557 841 658 881 nus
695 826 800 880 iter
832 825 1042 880 faciens
1077 827 1229 880 venit
1257 827 1325 881 ad
1357 842 1505 892 eum,
1543 837 1599 882 et
1647 827 1765 882 viso
1811 842 1876 882 eo
1923 828 2134 882 miseri-

555 917 739 971 cordia
768 927 948 971 motus
979 926 1082 978 est,
1109 925 1163 969 et
1193 932 1316 971 cum
1348 920 1688 982 accessisset,
1718 917 1977 987 obligavit
2009 917 2130 971 vul-

555 1024 683 1063 nera
721 1008 863 1079 ejus,
900 1009 1193 1064 int‘undens
1224 1010 1400 1064 oleum
1435 1019 1491 1064 et
1527 1011 1734 1066 vinum.
1782 1009 1917 1064 Nam
1946 1009 1991 1065 si
2030 1024 2130 1079 po-

552 1104 680 1157 terit
709 1103 833 1172 quis
868 1102 933 1157 de
979 1103 1080 1157 hac
1121 1103 1381 1172 parabola
1420 1101 1708 1172 disputans
1739 1103 2033 1157 ostendere
2063 1103 2130 1159 ad

554 1195 758 1251 nullum
799 1195 964 1250 alium
1009 1204 1369 1265 prmterquam
1421 1194 1487 1249 ad
1532 1195 1704 1249 solum
1759 1196 2126 1265 Servatorem,

555 1288 746 1342 referri
773 1301 932 1358 posse
961 1302 1084 1357 quae
1113 1289 1179 1341 de
1203 1287 1552 1342 Samaritana
1584 1289 1858 1355 dicuntur,
1904 1289 1998 1360 qui
2037 1305 2126 1346 se-

549 1379 904 1434 tnimortuum
960 1389 1015 1434 et
1060 1377 1342 1448 delapsum
1396 1379 1448 1432 in
1493 1378 1739 1434 latrones
1791 1381 2028 1444 curavit,
2079 1380 2126 1436 is

553 1469 1002 1530 OSIcndet-etiam
1036 1484 1208 1539 quare
1260 1469 1518 1523 Servator
1549 1484 1655 1523 non
1693 1470 1905 1538 negarit
1937 1485 1995 1525 se
2028 1469 2124 1524 Sa-

547 1558 903 1612 tnaritanum.
940 1560 1008 1613 At
1031 1575 1160 1614 vero
1193 1560 1350 1624 alius,
1383 1559 1512 1627 quia
1539 1557 1792 1614 differant
1815 1562 1954 1629 apud
1981 1559 2124 1616 Pau-

548 1649 656 1704 lum
679 1647 726 1682 ⁸⁸
762 1645 932 1704 Ιυιίωὶ
960 1651 1028 1704 ab
1053 1651 1136 1705 his
1165 1650 1257 1720 qui
1287 1658 1416 1706 sunt
1442 1650 1542 1706 sub
1576 1650 1711 1721 lege,
1743 1653 2118 1719 considerans,

544 1752 597 1798 et
629 1757 790 1798 sensu
816 1741 1112 1812 anagogico
1145 1756 1242 1811 pro
1268 1741 1353 1798 his
1384 1742 1476 1812 qui
1506 1753 1632 1798 sunt
1657 1743 1758 1799 sub
1785 1744 1902 1816 lege
1925 1746 2117 1802 Sama-

2240 555 2474 628 ραϐολῆς
2500 557 2628 628 περὶ
2654 557 2749 610 τοῦ
2771 559 2877 611 ἀπὸ
2917 557 3272 628 Ἰερουσαλὴμ
3299 559 3379 621 είς
3417 556 3626 628 Ἰεριχὼ
3652 575 3820 611 κατα-

2237 643 2511 709 ϐαίνοντος
2532 684 2548 708 ,
2584 646 2677 699 καὶ
2714 645 3046 717 ἐμπεσόντος
3084 648 3165 710 είς
3212 647 3339 710 τοὺς
3371 645 3594 717 λῃστὰςο
3636 647 3818 701 ὅντινα

2233 735 2263 788 ὁ
2317 736 2414 807 μὲν
2470 737 2648 808 ἱερεὺς
2696 738 3097 810 ἀντιπαρῆλθε,
3156 738 3250 791 καὶ⁹
3299 738 3330 790 ό
3381 735 3616 809 λευῖτης·
3675 741 3705 792 ό
3759 739 3817 791 δὲ

2232 826 2432 880 ὁδεύων
2491 829 2874 899 Σαμαρείτης,
2910 829 3080 882 ἐλθὼν
3131 829 3252 884 κατ’
3294 828 3455 883 αὑτὸν
3480 868 3496 894 ,
3546 830 3642 883 καὶ
3691 829 3816 883 ἰδὼν

2232 919 2395 972 αὐτὸν
2442 919 2869 990 ἐσπλαγχνίσθη,
2915 920 3010 974 καὶ
3057 918 3371 991 προσελθὼν
3424 919 3690 989 κατέδησε
3745 919 3814 972 τὰ

2229 1011 2518 1082 τραύματα
2543 1011 2706 1064 αὑτοῦ
2731 1011 2866 1082 (19),
2886 1011 3119 1083 ἐπιχέων
3145 1013 3322 1066 ἔλαιον
3367 1012 3462 1066 καὶ
3500 1006 3672 1064 οἶνον·
3717 1010 3813 1062 ἐὰν

2229 1103 2339 1174 γὰρ
2386 1102 2586 1174 δυνηθῇ
2620 1120 2706 1168 τις
2748 1103 3129 1172 διαλαμϐάνων
3179 1104 3311 1175 περὶ
3360 1104 3460 1174 τῆς
3495 1100 3812 1175 παραϐολῆς

2228 1193 2398 1261 δεῖξαι
2434 1195 2528 1248 ἐπὶ
2567 1194 2768 1266 μηδένα
2797 1195 2955 1249 ἄλλον
2988 1195 3099 1266 (20)
3124 1190 3157 1260 ἢ
3197 1196 3288 1248 ἐπ)⁸
3309 1195 3401 1249 τὸν
3426 1195 3656 1266 Σωτῆρα
3681 1196 3812 1247 ἀνα-

2227 1286 2489 1356 φέρεσθαι
2519 1287 2588 1340 τὰ
2620 1288 2747 1359 περὶ
2786 1287 2880 1340 τοῦ
2921 1287 3284 1359 Σαμαρείτου,
3320 1286 3382 1349 ὃς
3427 1286 3520 1339 τὸν
3564 1283 3810 1358 ἡμιθανῆ

2225 1381 2320 1434 καὶ
2362 1380 2673 1451 ἐμπεσόντα
2707 1382 2787 1442 είς
2823 1381 2950 1441 τοὺς
2986 1378 3191 1452 λῃστὰς
3220 1380 3428 1440 ίὰσατο,
3463 1378 3808 1449 παραστήσει

2225 1471 2319 1525 καὶ
2362 1470 2450 1525 διὰ
2488 1472 2541 1524 τί
2572 1472 2673 1524 οὐκ
2700 1472 2976 1542 ἠρνήσατο
3013 1467 3154 1524 εἶναι
3207 1469 3574 1539 Σαμαρείτης.
3615 1468 3809 1532 Ἀλλος

2223 1562 2279 1616 δὲ
2296 1563 2383 1616 διὰ
2403 1563 2502 1635 τὴν
2525 1562 2675 1634 παρὰ
2699 1563 2897 1633 Παύλῳ
2931 1561 3195 1634 διαφορὰν
3246 1556 3515 1614 Ἰουδαίων
3573 1561 3668 1612 καὶ
3715 1558 3806 1611 τοῦ

2223 1652 2285 1725 [ί.
2307 1653 2437 1724 τῶν]
2457 1655 2562 1707 ὑπὸ
2587 1655 2748 1726 νόμον
2778 1655 3057 1725 θεωρήσας
3075 1693 3091 1718 ,
3123 1653 3218 1706 καὶ
3235 1651 3528 1719 ἀναγαγὼν
3553 1653 3674 1713 τοὺς
3703 1651 3808 1703 ὑπὸ

2221 1747 2384 1818 νόμον
2419 1748 2499 1811 είς
2542 1748 2666 1810 τοὺς
2705 1747 3070 1818 Σαμαρείτας,
3101 1746 3194 1798 καὶ
3231 1744 3429 1815 μᾶλλον
3464 1743 3680 1797 Παύλου
3708 1761 3807 1798 κα-

544 1833 754 1886 ritanos
783 1831 1112 1901 intelligens,
1157 1831 1553 1902 inveniensque
1609 1832 1954 1889 Servatorem
1999 1852 2112 1890 ma-

2219 1832 2470 1886 ταλαὸὼν
2506 1834 2599 1886 τὸν
2631 1833 2859 1906 Σωτῆρα
2891 1837 3004 1897 τοῖς
3050 1835 3186 1887 πᾶσι
3234 1834 3414 1887 πάντα
3459 1833 3753 1902 γενόμενον
3785 1873 3802 1897 ,

541 1925 624 1994 gis
652 1938 813 1994 quam
843 1922 1070 1977 Paulum
1101 1925 1354 1979 omnibus
1384 1926 1566 1979 omnia
1604 1923 1806 1980 factum
1837 1925 2024 1995 fuisse,
2061 1941 2118 1983 ut

540 2032 731 2072 Omnes
773 2013 1147 2081 lucrifaceret,
1196 2016 1343 2071 dicet
1391 2032 1459 2072 eo
1503 2017 1648 2086 quod
1692 2017 1870 2073 factus
1915 2019 2116 2075 sitsub

539 2107 661 2178 lege
696 2107 780 2162 his
815 2108 904 2176 qui
943 2107 1043 2162 sub
1089 2107 1208 2178 lege
1248 2117 1424 2172 erant,
1461 2108 1624 2162 veluti
1670 2109 1835 2163 etiam
1867 2109 2115 2165 Samari-

540 2207 723 2250 tauum
759 2195 933 2250 fuisse
961 2195 1165 2252 factum
1193 2214 1209 2265 ;
1237 2208 1291 2253 et
1321 2199 1526 2253 idcirco
1555 2214 1662 2252 nou
1697 2215 1922 2269 negasse
1950 2202 2113 2256 etiam

538 2305 596 2344 se
634 2289 1037 2344 Samaritanum
1081 2289 1269 2345 fuisse.
1308 2289 1523 2347 Rursus
1563 2293 1761 2363 aliquis
1797 2295 1995 2348 tertius
2038 2295 2117 2349 in-

539 2384 983 2452 terpretationem
1033 2383 1368 2437 Samaritani
1401 2383 1714 2455 intelligens
1747 2386 2113 2456 signiﬁcantis

535 2473 827 2534 custodem,
859 2473 1104 2528 dicturus
1138 2482 1241 2537 est,
1271 2475 1520 2543 quamvis
1564 2475 1675 2530 alia
1715 2477 2114 2533 consideratio--

535 2581 602 2619 ne
634 2567 879 2621 dixerint
905 2565 1074 2622 Judaei
1107 2567 1296 2623 Jesum
1344 2567 1775 2636 Samaritanum,
1806 2569 1985 2639 ipsum
2025 2581 2110 2625 ta-

534 2675 679 2725 men,
703 2660 1102 2729 signiﬁcatione
1132 2662 1366 2715 nominis
1394 2671 1700 2729 perspecta,
1732 2661 1861 2717 illud
1894 2677 1954 2718 se
1985 2678 2110 2719 esse

532 2766 638 2806 non
676 2765 942 2820 negasse;
973 2752 1239 2808 scientem
1275 2769 1332 2806 se
1367 2751 1530 2823 355
1563 2753 1843 2808 custodem
1889 2755 2105 2809 anima-

530 2857 652 2898 rum
681 2844 987 2912 hominum,
1025 2847 1092 2900 de
1129 2859 1239 2914 quo
1268 2845 1431 2899 etiam
1464 2847 1667 2904 dictum
1698 2855 1784 2902 est
1811 2867 1824 2902 :
1851 2846 1985 2901 Ecce
2004 2864 2107 2902 non

529 2936 858 3004 domitabit,
889 2953 1053 3006 neque
1090 2937 1314 2991 dormiet
1345 2938 1435 3007 qui
1459 2937 1684 2992 custodit
1717 2937 1890 2993 Israel
1915 2939 1983 3005 ³⁹;
2011 2950 2099 2995 et:

529 3026 842 3084 Custodiens
878 3029 1125 3099 parvulos
1167 3029 1502 3084 Dominus".
1537 3029 1745 3086 Hebraei
1788 3034 1954 3087 etiam
2001 3031 2104 3088 So-

2222 1928 2308 1980 ῖνα
2354 1927 2480 1990 τοὺς
2533 1926 2742 1990 πάντας
2794 1927 3064 2000 κερδήσῃ.
3106 1927 3224 1998 ἐρεῖ
3279 1926 3370 1980 διὰ
3426 1925 3488 1979 τὸ
3534 1928 3647 1988 τοῖς
3698 1926 3803 1978 ὑπὸ

2219 2019 2381 2088 νόμον
2431 2017 2596 2070 αὑτὸν
2649 2017 2933 2086 γεγονέναι
2974 2019 3049 2082 ὼς
3101 2018 3207 2071 ὑπὸ
3252 2018 3447 2088 νόμον,
3491 2018 3656 2070 οἱονεὶ
3706 2019 3800 2072 καὶ

2219 2110 2568 2180 Σαμαρείτην
2596 2110 2898 2178 γεγονέναι,
2935 2112 3030 2164 καὶ
3066 2109 3208 2163 κατὰ
3232 2110 3391 2163 τοῦτο
3424 2109 3498 2180 μὴ
3529 2109 3800 2180 ὴρνῆσθαι

2215 2201 2276 2253 τὸ
2293 2202 2660 2270 Σαμαρείτης
2682 2201 2838 2272 (20⁶).
2857 2202 2966 2255 Καὶ
2986 2202 3165 2273 τρίτος
3186 2202 3244 2255 δέ
3264 2219 3366 2264 τις,
3385 2202 3483 2274 τῆν
3503 2201 3800 2273 ἑρμηνείαν

2214 2292 2308 2345 τοῦ
2342 2293 2679 2363 Σαμαρείτω
2707 2291 2954 2346 ἐκλαϐὼν
2976 2335 2992 2361 ,
3031 2293 3385 2363 σημαίνοντος
3406 2292 3514 2346 τὸν
3533 2295 3798 2362 φύλακα,

2214 2392 2408 2458 φήσει,
2441 2389 2557 2452 ὅτι,
2611 2391 2659 2443 εί
2705 2389 2800 2442 κα)⁵
2864 2390 2986 2443 κατ’
3053 2389 3183 2443 ἄλλο
3223 2389 3407 2456 ἔλεγον
3453 2389 3800 2460 Σαμαρείτην

2212 2479 2376 2532 αὑτὸν
2408 2481 2458 2532 oi
2510 2480 2792 2542 Ἰουδαῖοι,
2853 2480 3014 2543 αὐτὸς
3041 2479 3102 2532 τὸ
3133 2481 3533 2550 σημαινόμενον
3568 2479 3676 2533 ἀπὸ
3701 2479 3797 2534 τοῦ

2210 2571 2472 2642 ὀνόματος
2522 2571 2766 2626 ἐκλαϐὼν
2801 2572 2901 2624 οὐκ
2932 2573 3208 2643 ἠρνήσατο
3242 2572 3406 2626 αὑτό·
3462 2571 3619 2636 εἰδὼς
3647 2614 3661 2638 ,
3711 2573 3798 2626 ὅτι

2211 2663 2386 2733 φύλαξ
2425 2662 2679 2716 ἐπὶτῶν
2721 2661 3078 2734 ἀνθρωπίνων
3126 2663 3346 2735 ψυχῶν,
3396 2663 3493 2716 καὶ
3550 2667 3679 2737 περὶ
3729 2658 3794 2718 οὗ

2209 2755 2458 2826 εἴρηται·
2490 2754 2646 2809 Ἰδοὺ
2675 2755 2747 2807 οὐ
2772 2753 3061 2819 νυστάξει
3086 2795 3101 2820 ,
3129 2754 3273 2808 οὐδὲ
3299 2755 3569 2809 ὑπνώσει
3613 2759 3646 2810 ὁ
3674 2774 3791 2824 ρυ-

2205 2845 2461 2900 λάσσων
2489 2847 2598 2900 τὸν
2617 2845 2880 2914 Ἰσραὴλ,
2909 2848 3002 2900 καὶ
3029 2851 3089 2900 τό
3107 2865 3120 2878 ·
3151 2847 3493 2902 Φυλάσσων
3513 2846 3587 2901 τὰ
3609 2847 3797 2916 νήπια

2205 2944 2239 2994 ὀ
2285 2942 2518 3008 Κύριος.
2558 2940 2774 3010 Σωμὴρ
2832 2941 3081 3011 μέντοιγε
3132 2941 3374 3012 Ἑϐραῖοι
3418 2939 3636 3006 λέγουσι
3689 2940 3798 2993 τὸν

2204 3029 2467 3099 φύλακα,
2503 3028 2646 3082 οὕτω
2683 3029 2739 3082 δὲ
2774 3030 2867 3082 καὶ
2909 3030 3034 3094 τοὺς
3075 3031 3350 3103 Σαμαρεῖς
3394 3029 3611 3101 πρῶτον
3655 3030 3793 3082 ὠνο-

529 3137 640 3174 mer
679 3122 868 3176 dicunt
898 3122 1196 3184 custodem,
1226 3125 1418 3192 sicque
1461 3122 1682 3177 tradunt
1725 3123 2101 3178 Samaritanos

2209 3117 2412 3189 μασθαι
2443 3119 2555 3190 (Ἣ)
2589 3117 2943 3190 παραδιδόασι
2976 3119 3064 3172 διὰ
3095 3118 3156 3172 τὸ
3189 3119 3294 3172 ὑπὸ
3339 3118 3450 3172 τῶν
3491 3117 3793 3188 Ἀσσυρίων

526 3211 760 3280 primum
813 3212 1114 3282 appellatos
1164 3183 1353 3278 fuisse,
1389 3213 1534 3282 quod
1589 3214 1739 3267 missi
1777 3213 1985 3268 fuerint
2032 3215 2101 3270 ab

2209 3183 2471 3279 βασιλέως⁵
2519 3183 2766 3278 ερύλακας
2805 3209 3005 3272 αὐτοὺς
3046 3209 3370 3280 πεπέμφθαι
3425 3211 3524 3280 τῆς
3560 3183 3671 3280 γῆς⁷
3695 3207 3790 3264 τοῦ

522 3304 867 3376 Assyriorum
912 3319 1038 3375 rege
1080 3303 1146 3358 ad
1187 3305 1490 3359 custodiam
1531 3313 1694 3359 terra:
1740 3304 1928 3366 Israel,
1978 3315 2100 3375 post

523 3396 892 3465 captivitatem
945 3395 1162 3451 lsraelis
1183 3395 1252 3462 “,
1283 3396 1375 3466 qui
1417 3397 1675 3451 diversus
1700 3406 1816 3451 erat
1848 3413 1875 3449 a
1909 3394 2046 3452 Juda
2084 3417 2096 3452 :

521 3487 614 3554 qui
647 3487 809 3540 etiam
850 3485 1016 3541 Israel
1057 3495 1276 3557 propter
1314 3498 1536 3555 peccata
1585 3487 1756 3541 multa
1787 3488 1838 3541 in
1873 3488 2100 3558 captivi-

523 3587 688 3639 tatem
714 3579 976 3633 deductus
1002 3578 1101 3632 fuit
1140 3580 1514 3648 Assyriorum.

589 3669 679 3723 '29.
721 3669 1002 3738 Respondit
1027 3668 1184 3724 Iesus
1213 3668 1367 3740 :Ego
1395 3671 1718 3726 dwmonium
1758 3690 1858 3726 non
1905 3675 2094 3737 habeo,

522 3762 610 3814 sed
641 3762 841 3815 honoro
874 3760 1088 3814 Patrem
1114 3779 1308 3827 meum,
1342 3772 1390 3816 et
1421 3780 1510 3816 vos
1542 3766 1836 3833 ignominia
1886 3769 2094 3837 aﬂicitis

523 3867 635 3914 me;
664 3867 756 3919 ego
785 3867 887 3904 non
914 3867 1095 3920 quwro
1140 3851 1367 3921 gloriam
1402 3869 1609 3915 meam;
1650 3865 1726 3908 est
1756 3856 1848 3926 qui
1879 3858 2091 3925 quierit,

520 3952 566 3996 et
609 3941 905 4011 judicat".
960 3941 1018 3996 Si
1071 3942 1276 4013 lignum
1320 3941 1474 4012 juxta
1521 3945 1782 4000 decursus
1829 3962 2092 4014 aquarum

521 4034 816 4102 plantatum
839 4034 884 4067 ⁸³
923 4034 1230 4104 hujusmodi
1282 4044 1386 4100 est,
1431 4046 1492 4090 ut
1541 4036 1775 4092 fructum
1825 4054 1982 4094 suum
2040 4041 2092 4095 in

519 4137 762 4194 tempore
801 4140 899 4181 suo
945 4125 1160 4194 afferat,
1193 4127 1268 4181 ita
1301 4136 1360 4180 ut
1393 4143 1460 4182 ne
1502 4128 1688 4182 folium
1725 4131 1939 4198 quidem
1977 4131 2092 4200 cjus

519 4213 739 4278 deﬂuat,
792 4216 887 4271 sed
951 4227 1140 4270 cuneta
1208 4231 1553 4286 quaecunque
1603 4215 1830 4285 fecerit,
1875 4219 2090 4273 felicem

522 4308 752 4362 habeant
817 4323 1169 4375 successum,
1225 4309 1354 4379 quid
1427 4310 1853 4364 existimandum
1899 4321 1982 4365 est
2025 4314 2091 4367 de

519 4395 815 4451 Servatore
857 4407 1046 4452 nostro
1081 4396 1236 4463 Jesu,
1277 4398 1380 4453 nisi
1417 4399 1582 4468 quod,
1612 4414 1736 4453 cum
1781 4401 1851 4454 sit
1881 4400 2086 4469 lignum

2222 3301 2432 3372 Ἰσραὴλ
2468 3301 2603 3372 μετὰ
2664 3301 2761 3372 τὴν
2793 3301 3171 3371 αἰχμαλωσίαν
3195 3341 3209 3364 ,
3247 3301 3342 3354 τοῦ
3398 3302 3587 3374 ἐτέρου
3637 3302 3793 3374 παρὰ

2203 3393 2293 3446 τὸν
2335 3393 2535 3474 Ἰούδαν
2564 3393 2780 3465 Ἰσραὴλ
2809 3394 2898 3447 διὰ
2931 3394 3032 3457 τὰς
3067 3393 3267 3458 πολλὰς
3294 3395 3570 3466 ἁμαρτίας
3597 3395 3794 3466 αἰχμα-

2202 3485 2560 3548 λωτευθέντος
2591 3486 2671 3547 είς
2703 3485 2831 3548 τοὺς
2881 3483 3220 3556 Ἀσσυρίους.

2269 3668 2357 3724 29.
2403 3668 2722 3736 Ἀπεκρίθη
2777 3666 3054 3734 Ἰησοῦς·
3110 3665 3258 3736 Ἐγὼ
3312 3667 3624 3735 δαιμόνιον
3675 3666 3789 3718 οὐκ

2198 3762 2336 3830 ἔχω,
2377 3759 2542 3816 ἀλλὰ
2580 3758 2726 3828 τιμῶ
2777 3759 2884 3814 τὸν
2915 3755 3147 3824 Πατέρα
3173 3775 3316 3826 μου,
3351 3759 3447 3812 καὶ
3468 3757 3637 3827 ὑμεῖς
3661 3758 3789 3812 ἀτι-

2194 3851 2404 3921 μάζετέ
2430 3867 2537 3922 με·
2573 3850 2688 3921 ἐγὼ
2713 3853 2786 3904 οὐ
2815 3848 2964 3917 ζητῶ
2985 3848 3102 3916 τὴν
3142 3849 3332 3913 δόξαν
3358 3866 3500 3917 μου·
3540 3849 3716 3902 ἐστιν
3748 3849 3787 3902 ὀ

2197 3944 2402 4012 ζητῶν,
2431 3943 2532 3998 καί
2557 3944 2797 4012 κρίνων.
2830 3943 2893 3995 Ei
2917 3941 2980 3995 τὸ
3007 3941 3419 4012 πεφυτευμένον
3443 3941 3599 4007 ξύλον
3627 3940 3783 4012 παρὰ

2194 4038 2293 4102 τὰς
2338 4035 2606 4103 διεξόδους
2651 4034 2761 4088 τῶν
2821 4033 3029 4088 ὑδάτων
3082 4032 3322 4086 τοιοῦτόν
3354 4034 3522 4097 ἐστιν,
3569 4031 3645 4096 ὡς
3685 4031 3784 4085 τὸν

2194 4128 2406 4202 καρπὸν
2460 4126 2630 4182 αὑτοῦ
2669 4125 2870 4179 διδόναι
2913 4126 2972 4178 ἐν
3020 4122 3199 4196 καιρῷ
3243 4123 3445 4186 αὐτοῦ,
3499 4123 3594 4176 καὶ
3644 4122 3782 4193 μηδὲ

2196 4221 2394 4290 φύλλον
2427 4217 2595 4274 αὑτοῦ
2639 4219 2905 4290 ἀπορρεῖν
2932 4257 2948 4278 ,
2994 4216 3131 4270 ἀλλὰ
3181 4215 3360 4268 πάντα
3397 4216 3498 4268 ὅσα
3539 4214 3606 4268 ἂν
3648 4216 3778 4284 ποιῇ

2194 4313 2634 4376 κατευοδοῦσθαι,
2663 4311 2716 4364 τί
2741 4310 3026 4380 νομιστέον
3055 4309 3184 4380 περὶ
3217 4307 3312 4361 τοῦ
3335 4307 3590 4377 Σωτῆρος
3620 4307 3780 4375 ἡμῶν

2205 4405 2400 4475 Ἰησοῦ,
2431 4403 2464 4474 ἢ
2489 4405 2570 4456 ὅτι
2601 4400 2763 4462 αὐτὸς
2795 4399 2870 4452 ὢν
2897 4397 2959 4450 τὺ
3002 4397 3157 4462 ξύλον
3186 4397 3285 4467 τῆς
3337 4395 3504 4466 ζωῆς,
3543 4395 3684 4448 κατὰ
3715 4393 3781 4445 τὸ

517 4487 641 4540 vita:
675 4496 941 4556 quatenus
981 4497 1064 4541 est
1116 4487 1408 4557 sapientia,
1430 4499 1486 4542 et
1532 4502 1654 4541 cum
1704 4487 1969 4556 sapientia
2015 4492 2086 4546 sit

2207 4489 2330 4549 εἶναι
2361 4495 2542 4564 σοφία,
2577 4494 2668 4547 καὶ
2694 4491 2791 4562 τὴν
2834 4489 3026 4558 σοφίαν
3083 4485 3223 4544 εἶναι
3268 4487 3420 4551 ξύλον
3465 4486 3612 4554 ζωῆς
3641 4487 3778 4538 πᾶσι

516 4579 718 4649 lignum
748 4579 872 4632 vita:
907 4580 1162 4633 omnibus
1189 4579 1581 4647 recipientibus
1621 4595 1766 4646 eam,
1798 4590 1854 4634 et
1889 4582 2085 4638 fructi-

517 4671 662 4735 ticat,
700 4680 755 4724 et
789 4672 890 4723 alia
933 4670 1062 4725 folia
1096 4679 1296 4740 praeter
1322 4669 1531 4725 fructus
1557 4670 1684 4725 talia
1717 4672 1898 4740 habet,
1931 4681 1989 4727 ut
2018 4691 2085 4730 ne

515 4777 678 4814 unum
717 4761 937 4830 quidem
979 4775 1046 4814 ex
1090 4761 1224 4830 ipsis
1276 4760 1519 4816 deﬂuat?
1564 4761 1715 4816 Hanc
1760 4763 1830 4818 ob
1862 4779 2081 4820 causam

584 4877 625 4908 ³⁷
651 4877 779 4931 Luc.
809 4891 865 4938 x,
892 4874 962 4930 30
987 4889 1103 4944 seq.

471 4959 476 4964 '
512 4949 558 4980 “
591 4946 744 5001 Joan.
779 4961 898 5009 vttt,
928 4947 1018 5009 49,
1046 4945 1135 5000 50.
1193 4945 1257 4977 ’⁸³
1277 4945 1420 5000 Psal.
1457 4961 1496 5010 I,
1535 4945 1590 4998 5.

583 5038 695 5110 (19)
720 5039 936 5093 Αὐτοῦ.
967 5038 1130 5110 Deest
1157 5039 1210 5094 in
1241 5039 1433 5095 codice
1453 5039 1645 5108 Regio.

582 5109 694 5180 (‘20)
733 5112 973 5180 Ἄλλον.
1004 5109 1167 5164 Deest
1196 5110 1248 5180 in
1279 5112 1468 5164 eodem
1509 5112 1699 5165 codice
1734 5109 1922 5178 Regio.

580 5174 718 5250 (20‘)
755 5179 982 5250 lluetius
1015 5180 1166 5250 addit
1193 5174 1332 5250 sivest
1364 5189 1492 5233 ante
1531 5174 1900 5250 Σαμαρείτῆς.

471 5295 476 5300 .
579 5247 888 5319 (21)’οὒτω
914 5247 982 5302 δὲ
1010 5248 1105 5302 καὶ
1137 5249 1280 5316 τοὺς
1323 5247 1627 5318 Σαμαρεῖς
1667 5247 1901 5319 πρῶτον
1931 5249 2079 5303 ὠνο-

503 5320 752 5391 μάσθαι,
777 5328 882 5373 etc.
909 5320 1172 5388 Origenes
1200 5322 1387 5391 homil.
1416 5320 1450 5374 9
1473 5324 1546 5391 in
1568 5320 1805 5391 Κητὼ,
1825 5335 1974 5374 num.
2000 5322 2025 5374 1
2061 5338 2074 5374 :

509 5389 761 5445 Samaria
788 5391 955 5456 magis
986 5399 1100 5456 post
1126 5390 1481 5457 captivitatem
1513 5389 1688 5442 decem
1717 5390 1945 5442 tribuum
1973 5406 2084 5442 cre-

504 5462 831 5528 uit,quando
857 5459 1097 5513 custodes
1132 5459 1196 5511 ab
1231 5459 1464 5528 Assyriis
1493 5459 1562 5510 ad
1611 5459 1829 5513 lsi-netis
1885 5469 2078 5513 terram

510 5527 660 5584 missi
691 5537 835 5590 sunt,
872 5531 962 5596 qui
997 5538 1252 5582 vocantur
1281 5527 1639 5596 Samaritani;
1700 5531 1885 5584 SOMER
1937 5533 2073 5582 enim

465 5615 476 5634 ί
505 5611 694 5654 cuStos
727 5594 1105 5664 interpretatur
1153 5598 1336 5667 lingua
1375 5594 1743 5653 Hebrreorum.
1806 5598 2073 5652 Eusebius

506 5673 573 5721 ah
604 5668 933 5740 Hieronymo
958 5664 1252 5740 conversus
1275 5664 1523 5740 Chronic.
1543 5668 1577 5720 Ι.
1603 5686 1664 5729 ιι,
1691 5672 1895 5740 olynm.
1934 5682 2029 5722 vui
2056 5685 2070 5722 :

507 5739 863 5792 Sennacherib
899 5755 990 5792 rex
1024 5737 1396 5792 Chaldworum
1441 5739 1510 5790 ad
1557 5737 1956 5792 custodiendam
1989 5754 2074 5790 re-

504 5811 705 5878 gionem
728 5808 974 5863 Judaam
1011 5808 1210 5864 incolas
1241 5810 1383 5864 misit
1422 5809 1688 5880 Assyrios,
1715 5810 1806 5879 qui
1849 5807 2071 5865 amula-

1179 4874 1424 4948 atf_l_Cot-.
1460 4875 1659 4948 tx,_‘20,
1690 4873 1784 4930 2|.
1857 4875 1900 4909 ³⁸
1931 4877 2074 4934 Psal.
2109 4898 2234 4948 cxx,
2270 4885 2322 4939 4.

2191 4591 2305 4651 τοῖς
2333 4587 2714 4658 ἀντεχομένοις
2766 4585 2972 4654 αὐτῆς,
3027 4582 3122 4636 καὶ
3176 4583 3550 4653 καρποφορεῖ,
3580 4580 3673 4631 καὶ
3707 4577 3779 4631 τὰ

2190 4679 2356 4748 ἕτερα
2387 4677 2540 4749 παρὰ
2581 4694 2710 4740 τους
2754 4677 3003 4748 καρποὺς
3048 4672 3222 4743 φύλλα
3259 4673 3484 4727 τοιαῦτα
3531 4670 3665 4740 ἔχει,
3697 4669 3777 4732 ὡς

2194 4772 2326 4843 μηδὲ
2346 4772 2406 4825 ἐν
2427 4771 2608 4825 αὐτῶν
2628 4771 2891 4842 ἀπορρεῖν
2911 4784 2924 4833 ;
2953 4767 3052 4820 Διὰ
3071 4765 3229 4820 τοῦτο
3252 4765 3445 4819 οὐδένα
3464 4763 3558 4817 τοῦ
3595 4761 3774 4832 Ἰησοῦ

2436 4883 2482 4914 ⁸⁸
2511 4879 2660 4936 Psal.
2694 4893 2840 4944 ουν,
2873 4878 2928 4932 6.
3034 4877 3078 4910 ⁸⁸
3111 4877 3173 4931 ιν
3209 4878 3340 4947 Reg.
3377 4892 3512 4940 ιιι-ιι,
3545 4876 3613 4929 27
3647 4891 3766 4946 seq.

2191 5051 2326 5095 tores
2353 5036 2482 5105 legis
2517 5033 2726 5088 Judme
2756 5032 2885 5101 [acti
2916 5031 3206 5105 Samaritae
3258 5033 3550 5105 nuncupnti
3582 5041 3762 5105 ,δειναί

2189 5109 2327 5180 quod
2361 5099 2554 5180 Latina
2584 5099 2767 5180 lingua
2796 5103 3110 5180 eagprimitur
3135 5103 3408 5180 custodes.
3439 5101 3546 5154 Sed
3572 5099 3763 5180 Qrige-

2192 5171 2312 5232 nem
2362 5184 2418 5230 et
2454 5171 2790 5238 Eusebium,
2849 5173 3092 5240 ipsisque
3139 5171 3305 5224 etiam
3366 5172 3771 5224 consentientes

2188 5246 2581 5317 Epiphanium,
2629 5243 2919 5317 Sulpitium
2971 5243 3257 5317 §9V£rllllh
3318 5250 3374 5294 et
3400 5241 3768 5317 ΔΙβυςίιεετὶιιηι

2189 5307 2501 5385 coarguunt
2522 5329 2696 5385 sacrae
2728 5307 2937 5366 litterae
2971 5310 3034 5385 ιιι
3068 5307 3205 5385 Reg.
3239 5309 3488 5385 xvn,_24.
3519 5307 3770 5385 Emitgue

2187 5377 2361 5454 (AmFi
2391 5398 2484 5440 rex
2518 5382 2703 5453 Israel)
2732 5389 2956 5454 montem
2984 5379 3251 5454 Samaria:
3277 5398 3308 5433 α
3348 5377 3535 5454 Somer
3558 5382 3767 5434 duobus

2185 5451 2398 5510 talentis
2431 5454 2660 5522 argenti,
2683 5451 2731 5506 et
2766 5451 3044 5518 a'di/icavit
3081 5465 3224 5522 eum,
3249 5461 3296 5504 et
3336 5451 3548 5522 v‘ocavit‘
3577 5465 3768 5522 nomen

2184 5527 2414 5579 civitatis
2463 5517 3034 5582 qnam'eastruxerat,
3083 5520 3294 5572 nomine
3339 5517 3525 5573 Somer
3559 5520 3766 5573 domini

2183 5595 2400 5660 montis,
2445 5589 2771 5648 Samariam.
2826 5589 3126 5658 Utramque
3149 5591 3514 5660 mutationem
3552 5589 3760 5660 profert

2186 5655 2522 5733 Epiphanius
2552 5665 2744 5716 haeres.
2776 5678 2851 5723 ix,
2878 5675 2999 5733 cap.
3025 5655 3079 5711 ἱ.
3136 5655 3318 5733 graeci
3389 5655 3764 5733 μυθοπλάσται

2183 5730 2497 5806 Σαμάρειαν
2527 5734 2680 5802 quasi
2713 5733 2862 5806 σᾶμα
2895 5731 3090 5806 "Apso;
3116 5730 3564 5806 dictamuputant,
3597 5738 3659 5782 ut
3708 5730 3753 5782 ir

2183 5797 2404 5864 EuSebii
2430 5797 2705 5860 laudatum
2732 5797 2910 5857 locum
2932 5797 3188 5855 observat
3209 5797 3472 5869 Scaliger.
3497 5797 3758 5854 Hus'rtus.
