4196 6434
488 329 592 384 θίιἹ

1543 328 1903 386 COMMENT.
1948 327 2011 381 IN
2054 327 2253 385 JOAN.
2295 327 2532 383 TOMUS
2575 296 2692 381 xi.

3641 333 3746 376 bas

478 450 674 518 λόγον,
723 449 1018 504 καὶταῦτα
1065 449 1388 521 ἀναγραφῆς
1441 448 1740 517 ἀξιωθέντα
1791 448 1896 502 ὑπὸ
1948 446 2049 500 τῶν

2163 444 2368 500 nullum
2403 443 2530 499 Jesu
2570 446 2820 509 verbum,
2860 445 3166 514 prtesertim
3198 446 3340 515 quod
3372 446 3613 502 habitum
3665 440 3747 494 di-

479 542 651 609 ἀγίων
683 543 941 613 μαθητῶν
982 541 1147 597 αὑτοῦ
1173 582 1189 608 ,
1236 542 1311 606 ὡς
1358 542 1545 611 ἔτυχεν
1582 542 1895 595 ἐκδεκτέον·
1925 538 2049 594 ἀλλὰ

2161 550 2323 606 gnum
2368 532 2530 587 fuerit
2581 535 2876 602 scriptione
2911 549 2941 586 a
2986 533 3192 588 sanctis
3217 535 3386 604 ipsius
3413 527 3734 607 discipulis.
3773 611 3778 618 ι

479 636 660 686 πᾶσαν
693 634 924 704 βάσανον
975 635 1214 697 καὶτοῖς
1261 632 1638 705 νομιζομένοις
1687 628 1826 687 εἶναι
1863 631 2049 700 σαφέσι

2163 624 2459 695 vulgariter
2488 624 2894 693 intelligendum
2923 634 3026 679 est.
3065 624 3207 692 Quin
3250 627 3414 680 etiam
3445 629 3624 685 omnis
3668 631 3749 688 di-

479 725 820 792 προσακτέον
847 765 862 790 ,
916 727 1018 779 οὐκ
1047 723 1521 793 ἀπογινώσκοντα,
1558 725 1641 778 ὅτι
1670 724 1764 777 καὶ
1803 722 1932 792 περὶ
1968 721 2058 774 τὸν

478 815 843 887 ἀνυπονόητον
877 817 969 870 καὶ
1001 817 1205 870 ἁπλοῦν
1248 812 1385 870 εἶναι
1416 816 1742 888 νομισθέντα
1773 815 1928 882 λόγον
1957 814 2054 868 αὐ·-

478 903 570 956 τοῦ
609 902 963 975 εὑρεθήσεται
1007 908 1121 968 τοῖς
1173 904 1350 977 ὀρθῶς
1404 905 1658 975 ζητοῦσιν
1689 904 1840 969 ἄξιόν
1871 921 1923 958 τι
1961 902 2056 958 τοῦ

477 996 627 1067 ἱεροῦ
663 995 934 1067 στόματος
981 996 1214 1052 ἐκείνου.
1247 997 1310 1050 Εἰ
1342 996 1399 1049 δέ
1432 1015 1533 1050 που
1570 998 1644 1068 μὴ
1691 996 2017 1067 εὑρίσκομεν
2038 1034 2053 1058 ,

477 1089 665 1157 ἡμᾶς,
722 1088 820 1140 καὶ
868 1089 928 1141 0'3
980 1087 1136 1156 λόγον
1181 1087 1277 1142 τοῦ
1331 1087 1506 1159 Ἰησοῦ
1539 1088 1830 1152 αἰτιατέον,
1882 1086 1956 1152 ὡς
1992 1087 2053 1140 06

478 1177 709 1229 πνέον-τα
738 1175 847 1230 τῶν
881 1178 947 1230 ἐκ
987 1175 1354 1248 πληρώματος
1400 1177 1611 1250 μεστῶν
1660 1176 1916 1250 ἀληθείας
1960 1177 2054 1230 καὶ

479 1266 672 1335 σοφίας
700 1265 1004 1337 δογμάτων.
1045 1265 1232 1320 Ταῦτα
1270 1266 1329 1320 δέ
1371 1285 1461 1338 μοι
1500 1266 1713 1340 εἴρηται
1751 1267 2056 1338 βουλομένῳ

476 1356 728 1423 ἐξετάσαι
773 1358 866 1411 τό·
907 1357 1055 1428 Ἐγὼ
1082 1357 1394 1426 δαιμόνιον
1432 1361 1545 1413 οὐκ
1584 1359 1731 1430 ἔχω·
1769 1359 1837 1413 δι’
1872 1353 1933 1414 οῦ
1971 1359 2053 1412 δι-

473 1447 788 1518 δασκόμεθα
819 1450 1015 1513 πάντες
1062 1451 1111 1502 οἱ
1157 1449 1234 1522 τῷ
1271 1450 1586 1522 Εύαγγελίῳ
1641 1450 2054 1521 ἐντυγχάνοντες

475 1542 705 1612 πρᾶγμα
734 1540 763 1594 ὃ
792 1544 892 1595 οὐκ
919 1542 1140 1613 ᾔδειμεν
1173 1542 1268 1597 καὶ
1301 1542 1431 1614 πρὶν
1462 1542 1702 1613 ἐντυχεῖν
1755 1541 1838 1614 τῷ
1875 1543 2052 1612 Εὐαγ-

473 1632 657 1701 γελίῳ.
691 1633 756 1685 Τί
787 1633 844 1686 δέ
873 1632 1031 1687 τοῦτό
1061 1636 1210 1690 ἐστιν
1241 1636 1342 1708 ἤδη
1381 1637 1764 1708 κατανοητέον.
1803 1637 2052 1709 ’Δρέσκει

474 1726 615 1779 κατὰ
647 1725 748 1790 τὰς
779 1727 1003 1800 Γραφάς
1033 1730 1160 1793 τοὺς
1214 1730 1624 1806 ἁμαρτάνοντας
1665 1730 1838 1786 πολλὰ
1879 1733 2053 1784 ποιεῖν

2160 715 2382 786 ligentia
2423 715 2733 770 adhibenda
2766 725 2849 769 est
2887 731 2920 768 a
2968 714 3123 770 nobis
3154 716 3238 771 his
3269 718 3433 772 etiam
3460 735 3585 789 qua:
3631 723 3777 777 exi-.

2157 807 2452 862 stimantur
2477 815 2697 875 aperta;
2729 819 2834 858 non
2865 805 3218 874 desperantes
3241 807 3293 860 in
3317 807 3432 874 ejus
3458 824 3599 864 serm
3620 825 3748 877 one,

2158 898 2374 953 etiamsi
2416 905 2877 966 extemporaneus
2913 906 2967 952 et
3013 898 3244 968 simplex
3289 915 3411 956 esse
3453 904 3613 958 creda
3635 884 3778 968 tur,‘

2159 987 2391 1044 inveniri
2429 1001 2645 1057 semper
2690 988 2892 1058 aliquid
2933 989 3079 1047 illius
3115 1007 3210 1047 ore
3259 1006 3417 1048 sacro
3447 995 3669 1064 dignum
3713 985 3779 1049 al

2159 1090 2308 1135 recte
2334 1080 2721 1149 quazrentibus.
2756 1079 2912 1146 Quod
2945 1081 2989 1136 si
3029 1082 3317 1152 aliquando
3347 1101 3452 1139 non
3485 1085 3732 1141 invenia-

2156 1187 2298 1234 mus.
2335 1187 2433 1229 nos
2477 1172 2758 1228 incusandi
2802 1189 3010 1239 sumus,
3054 1190 3159 1229 non
3199 1172 3326 1230 Jcsu
3367 1191 3566 1243 sermo,
3608 1185 3731 1230 tan-

2156 1276 2318 1333 quam
2348 1265 2438 1334 qui
2472 1280 2576 1320 non
2608 1263 2780 1334 spiret
2823 1279 2888 1320 ex
2921 1265 3266 1336 plenitudine
3296 1268 3545 1338 dogmata
3577 1267 3732 1336 plena

2157 1355 2403 1410 veritatis
2439 1364 2495 1410 et
2527 1356 2832 1424 sapientiae.
2861 1355 2993 1423 Quae
3027 1357 3159 1411 mihi
3205 1359 3348 1413 dicta
3378 1369 3507 1414 sunt
3530 1358 3732 1414 volenti

2157 1447 2432 1518 inquirere
2475 1447 2542 1502 de
2580 1461 2647 1502 eo
2679 1462 2692 1498 :
2726 1445 2841 1519 Ego
2885 1447 3206 1503 damtonium
3241 1465 3345 1504 non
3393 1450 3556 1504 habeo
3579 1465 3598 1504 :
3635 1463 3733 1519 per

2157 1541 2302 1612 quod
2343 1555 2532 1597 omnes
2576 1541 2931 1612 Evangelium
2978 1542 3217 1613 legentes
3275 1559 3388 1599 rem
3445 1543 3729 1611 docemur.

2159 1647 2344 1704 quam,
2373 1641 2662 1702 antequam
2690 1631 3041 1702 Evangelium
3073 1635 3395 1705 legeremus,
3427 1650 3535 1691 non
3567 1647 3732 1692 nove-

2159 1738 2381 1779 ramus:
2421 1737 2542 1795 qure
2581 1723 2889 1793 qualisnam
2925 1725 2998 1778 sit
3033 1726 3146 1794 jam
3199 1726 3590 1781 consideranda
3624 1735 3728 1782 est.

475 1819 625 1890 παρά
666 1819 756 1874 τὸν
799 1794 979 1890 λόγον,
1014 1823 1074 1874 οὐ
1107 1821 1174 1874 δι’
1207 1794 1346 1878 ἄλλο.
1373 1822 1406 1894 ἢ
1436 1823 1514 1894 τῷ
1540 1823 1821 1888 δεκτικοὺς
1854 1824 2049 1889 αὐτοὺς

2157 1810 2423 1868 Convenit
2447 1794 2620 1882 ijuxta
2668 1811 2986 1883 Scripturas
3021 1812 3187 1867 multa
3231 1822 3518 1885 peccantes
3549 1813 3732 1871 facere

473 1907 752 1977 γεγονέναι
809 1909 1091 1982 ἐνεργείας
1139 1910 1379 1984 πονηροῦ
1439 1911 1784 1982 πνεύματος,
1823 1913 1858 1984 ἢ
1895 1912 2055 1984 θελή-

475 2015 643 2070 ματος
689 1999 1001 2072 ἀκαθάρτου
1031 2001 1332 2073 δαιμονίου.
1379 2003 1494 2057 Οὐκ
1532 2002 1787 2076 ὤκνησαν
1821 2001 1914 2058 οὖν
1961 2004 2056 2058 καὶ

467 2088 538 2142 τὰ
569 2089 895 2160 νομισθέντα
931 2091 998 2146 ἂν
1030 2093 1287 2164 ἐλάχιστα
1319 2089 1457 2148 εἶναι.
1503 2095 1916 2166 ἁμαρτημάτων
1937 2097 2054 2151 δαι-

473 2181 680 2250 μονίοις
734 2183 1010 2253 προσάψαι
1037 2186 1086 2237 oi
1117 2186 1393 2256 φήσαντες
1421 2185 1522 2256 τὴν
1549 2185 1833 2256 ὀξύχολίαν
1860 2186 2053 2258 δαιμό-

469 2289 581 2325 νιον
621 2271 778 2338 εἶναι,
809 2276 1010 2346 ὁμοίως
1056 2276 1113 2329 δὲ
1165 2276 1261 2329 καὶ
1296 2276 1393 2349 τὴν
1426 2276 1780 2332 κατα-λαλιάν.
1808 2277 1970 2341 Είκδς
1994 2278 2054 2332 δέ

469 2362 563 2414 καὶ
602 2361 737 2416 ἀλλα
784 2362 951 2435 μυρία
1019 2363 1308 2436 δαιμονίων
1379 2367 1819 2437 φαντανσιούντων
1855 2370 2004 2441 ἡμᾶς
2030 2408 2045 2433 ,

468 2454 564 2507 καὶ
617 2455 1003 2526 ἐνεργούντων,
1037 2457 1177 2512 κατά
1225 2458 1288 2512 τὸ
1331 2460 1556 2514 ἐκείνων
1589 2461 1802 2533 θέλημα
1841 2466 2047 2516 ποιεῖν·

469 2545 565 2599 καὶ
606 2545 754 2600 ἐστιν
788 2548 846 2600 ἐν
872 2547 1178 2621 ἀνθρώποις
1209 2549 1398 2622 ὥσπερ
1443 2551 1621 2616 οὐδεὶς
1663 2552 1903 2626 καθαρὸς
1943 2548 2052 2608 ἀπὸ

470 2636 661 2708 ῥύπου,
695 2639 790 2692 καὶ
818 2639 992 2704 οὐδεὶς
1030 2641 1240 2707 δίκαιος
1286 2644 1381 2696 ἐπὶ
1436 2643 1539 2714 τῆς
1581 2645 1717 2716 γῆς,
1749 2645 1808 2708 ὃς
1835 2647 2051 2718 ποιήσει

448 2729 667 2801 ,ἀγαθὸν
688 2768 702 2792 ,
735 2731 830 2784 καὶ
861 2731 960 2801 οὐχ
993 2733 1370 2804 ἁμαρτήσεται
1391 2749 1408 2764 ο
1457 2733 1600 2788 οὕτω
1633 2735 1728 2788 καὶ
1760 2735 1935 2800 οὐδεὶς
1965 2735 2052 2792 ἀεὶ

465 2821 572 2875 ἀπὸ
608 2821 902 2894 δαιμονίων
936 2823 1306 2894 καθαρεύσας,
1342 2827 1436 2880 καὶ
1464 2826 1732 2898 μηδέποτε
1759 2827 2050 2898 γενόμενος

464 2911 564 2982 τῆς
595 2911 704 2965 ἀπὸ
737 2911 942 2968 τούτων
973 2916 1254 2986 ἐνεργείας
1275 2918 1654 2982 ἀνεπίδεκτος.
1691 2919 1891 2991 Διόπερ
1911 2961 1926 2986 ,
1955 2920 2052 2976 ἀλο

464 3001 825 3074 ληγοροῦντες
875 3003 975 3069 τὰς
1028 3006 1086 3059 ἐν
1127 3005 1206 3078 τῷ
1244 3008 1566 3080 Εὐαγγελίῳ
1599 3009 1932 3081 θεραπείας,
1991 3011 2051 3066 ἐν

2158 1914 2355 1976 prmter
2388 1905 2684 1972 rationem,
2724 1920 2829 1960 non
2864 1905 2935 1961 ob
2962 1904 3107 1960 aliud
3144 1905 3250 1960 nisi
3291 1907 3418 1976 quia
3451 1907 3580 1962 facti
3612 1905 3730 1964 Eue—

2159 1999 2265 2055 rint
2289 2013 2516 2069 capaces
2549 2000 2886 2069 operationis
2918 1999 3047 2055 mali
3075 1998 3319 2069 spiritus,
3355 1999 3444 2054 vel
3471 1999 3732 2056 volunta-

2158 2092 2226 2147 tis
2275 2091 2538 2145 immundi
2585 2091 2866 2146 daamonis.
2917 2089 3032 2146 Non
3081 2090 3401 2146 dubitarunt
3445 2089 3612 2159 igitur
3645 2104 3732 2145 vel

2155 2195 2215 2235 ea
2249 2196 2370 2250 qmc
2400 2179 2786 2235 existimantur
2821 2194 2943 2236 esse
2981 2181 3118 2235 levia
3171 2191 3418 2250 peccata,
3449 2181 3732 2237 daemoniis

2154 2271 2320 2344 356
2362 2272 2598 2326 tribuere
2639 2271 2715 2326 illi
2765 2271 2856 2340 qui
2916 2273 3172 2327 dixerunt
3213 2273 3552 2343 repentinam
3589 2273 3728 2328 iram

2154 2365 2516 2434 similiterque
2573 2365 2969 2420 detractionem
3013 2366 3342 2421 daemonium
3397 2381 3538 2422 esse.
3583 2365 3733 2422 Con-

2155 2465 2477 2512 sentaneum
2526 2470 2655 2510 vero
2689 2466 2794 2520 est,
2843 2455 3128 2510 daemoniis
3163 2455 3215 2510 in
3267 2457 3427 2511 nobis
3471 2456 3734 2526 imagina-

2159 2545 2339 2600 tiones
2367 2544 2834 2614 imprimentibus,
2863 2543 2916 2597 in
2956 2558 3167 2613 nosque
3197 2544 3551 2614 operantibus
3574 2545 3731 2600 innu-

2155 2653 2304 2694 mera
2355 2637 2485 2703 alia,
2518 2652 2619 2693 nos
2657 2636 2816 2706 juxta
2869 2637 3086 2692 illorum
3129 2637 3461 2694 voluntatem
3504 2638 3727 2694 facere:

2152 2737 2208 2785 et
2239 2739 2299 2785 ut
2343 2729 2488 2785 inter
2521 2730 2772 2784 homines
2820 2729 3008 2785 nullus
3036 2739 3120 2785 est
3145 2731 3350 2800 absque
3395 2730 3647 2786 sordibus
3661 2730 3731 2796 “,

2153 2831 2210 2876 et
2246 2821 2427 2878 nullus
2459 2821 2642 2890 justus
2682 2836 2847 2892 super
2892 2830 3117 2888 terram,
3158 2822 3251 2892 qui
3293 2821 3462 2878 faciat
3507 2823 3731 2890 bonum,

2151 2925 2208 2970 et
2243 2929 2352 2970 non
2391 2924 2582 2985 peccet
2609 2914 2694 2982 ";
2747 2915 2829 2970 sic
2873 2915 3040 2971 etiam
3092 2915 3270 2970 nullus
3308 2924 3393 2970 est
3446 2929 3660 2984 semper
3700 2929 3732 2969 a

2152 3007 2441 3063 daemoniis
2493 3006 2757 3072 mundus,
2809 3016 2865 3062 et
2932 3015 3194 3078 perpetuo
3251 3007 3430 3062 factus
3502 3006 3736 3076 incapax

463 3087 552 3157 αἷς
596 3095 702 3147 είσι
748 3095 844 3149 καὶ
899 3095 1008 3150 τῶν
1063 3097 1355 3169 δαιμονίων
1433 3101 1756 3167 ἀπελάσεις,
1815 3103 2049 3176 ἐροῦμεν

2155 3098 2492 3167 operationis
2535 3099 2755 3153 horum.
2807 3097 3076 3164 Quocirca
3125 3096 3419 3166 allegorice
3464 3096 3734 3167 interpre-

465 3186 678 3240 πάντων
711 3188 798 3241 ἀεὶ
825 3188 1227 3244 ἀπελαύνεσθαι
1267 3192 1394 3256 τοὺς
1415 3192 1675 3263 δαίμονας
1707 3193 1813 3248 ὑπὸ
1847 3195 2044 3267 Ἰησοῦ,

460 3277 569 3332 τῶν
611 3279 763 3350 παρά
805 3279 868 3334 τὸ
895 3281 1335 3354 τεθεραπεῦσθαι
1377 3285 1482 3338 ὑπὸ
1511 3285 1607 3340 τοῦ
1640 3286 1817 3356 Λόγου
1850 3276 2048 3360 μηκέτι

463 3367 924 3439 παραδεχομένων
968 3371 1067 3434 τὰς
1109 3372 1219 3424 τῶν
1255 3373 1523 3446 δαιμόνων
1547 3377 1846 3448 ἐνεργείας.
1871 3379 2047 3432 Μόνου

461 3461 638 3514 τοίνυν
669 3462 875 3532 νομίζω
902 3459 1041 3517 εἶναι
1083 3465 1258 3537 Ἰησοῦ
1289 3467 1471 3539 φωνὴν
1503 3469 1618 3538 (τοῦ
1659 3461 1821 3541 μόνου
1873 3473 2048 3528 ἀπεκ-

460 3550 761 3624 δυσαμένου
789 3552 889 3616 τὰς
921 3555 1115 3627 ἀρχὰς,
1147 3559 1243 3611 καὶ
1273 3558 1372 3623 τὰς
1400 3558 1666 3629 ἐξουσίας,
1701 3563 1795 3616 καὶ
1819 3563 2049 3635 δειγμα-

461 3645 714 3709 τίσαντος
740 3647 797 3700 ἐν
822 3648 1131 3720 παρρησίᾳ,
1163 3651 1256 3703 καὶ
1289 3650 1755 3723 θριαμϐεύσαντος
1785 3655 1845 3709 ἐν
1879 3655 2044 3727 ξύλῳ,

461 3734 722 3804 τρόπαιον
770 3735 912 3788 κατὰ
957 3735 1144 3807 πάσης
1187 3738 1570 3811 ἀντικειμένης
1616 3739 1899 3811 δυνάμεως
1953 3740 2045 3794 τὸν

464 3826 696 3898 σταυρὸν
727 3827 1081 3898 στήσαντος),
1123 3827 1313 3900 ὥσπερ
1342 3830 1434 3884 τό·
1474 3831 1753 3901 Ἔρχεται
1782 3834 1814 3885 ὁ
1851 3829 2051 3900 ἄρχων

460 3922 567 3976 τοῦ
593 3923 829 3992 κόσμου
862 3924 1100 3989 τούτου,
1133 3925 1233 3978 καὶ
1265 3925 1336 3979 ἐν
1384 3924 1516 3995 ἐμοὶ
1546 3927 1657 3980 οὐκ
1683 3926 1809 3994 ἔχει
1845 3923 2047 3990 οὐδὲν,

459 4012 633 4078 οὕτως
661 4015 755 4069 καὶ
783 4017 865 4069 τόο
914 4015 1054 4085 Ἐγὼ
1089 4016 1365 4087 δαιμόνιον
1403 4017 1526 4071 οὔτε
1557 4017 1734 4088 ἔσχον,
1769 4017 1893 4073 οὔτε
1918 4017 2046 4090 ἔχω,

460 4104 585 4159 οὔτε
616 4105 742 4173 ἔξω.
775 4108 888 4179 Τὴν
917 4108 974 4161 δὲ
1015 4109 1201 4180 φωνὴν
1252 4109 1530 4180 δυνάμεθα
1588 4111 1687 4182 μὲν
1743 4111 1839 4166 καὶ
1885 4112 2050 4184 ἡμεῖς

462 4198 898 4268 προενέγκασθαι
952 4199 1044 4252 καὶ
1092 4199 1306 4268 λέγειν’
1370 4203 1688 4272 Δαιμόνιον
1725 4205 1839 4258 οὐκ
1894 4205 2046 4273 ἔχω,

462 4286 575 4339 ἀλλ’
630 4287 1070 4361 ἐλεγχθησόμεθα
1109 4290 1312 4362 ὁμοίως
1347 4295 1458 4357 τοῖς
1491 4293 1893 4366 ἀρνησαμένοις
1921 4297 2050 4369 περὶ

459 4378 555 4431 τοῦ
607 4379 868 4453 δαιμονᾷν
923 4379 1058 4453 (22),
1099 4384 1194 4436 καὶ
1240 4385 1300 4437 ἐν
1346 4386 1533 4450 αὐτοῖς
1575 4389 1690 4451 τοῖς
1722 4387 2046 4459 πράγμασιν

2156 3197 2334 3244 tantes
2380 3189 2693 3243 curationes
2740 3188 2794 3242 in
2841 3186 3136 3258 Evangelio
3173 3188 3401 3258 positas,
3435 3188 3488 3242 in
3535 3187 3735 3256 quibus

2156 3288 2283 3334 sunt
2312 3277 2479 3334 etiam
2529 3280 2832 3334 daemonum
2871 3279 3244 3349 expulsiones,
3273 3278 3518 3333 dicemus
3546 3276 3732 3334 Iesum

2152 3370 2220 3426 ab
2258 3370 2368 3426 illis
2407 3371 2665 3427 omnibus
2717 3385 2935 3440 semper
2981 3372 3258 3428 daemonas
3311 3371 3606 3440 expellere,
3639 3373 3731 3442 qui

2153 3472 2441 3535 propterea
2487 3466 2633 3534 quod
2680 3463 2858 3518 curati
2920 3463 3129 3520 fuerint
3179 3479 3210 3517 a
3249 3462 3390 3520 Filio
3447 3463 3566 3529 Dei,
3623 3480 3731 3519 non

2152 3555 2387 3624 amplius
2405 3555 2698 3610 admittunt
2721 3557 3028 3611 daemonum
3049 3555 3396 3625 Operationes
3422 3573 3436 3610 :
3462 3555 3728 3624 quamob-

2152 3664 2267 3704 rem
2317 3648 2488 3704 solius
2535 3647 2665 3704 Jesu
2710 3664 2899 3705 vocem
2946 3663 3070 3705 esse
3121 3663 3246 3704 reor
3299 3648 3415 3720 (qui
3454 3648 3604 3704 solus
3635 3665 3733 3704 ex-

2153 3738 2405 3807 spoliavit
2441 3738 2780 3810 principatus
2804 3747 2861 3794 et
2904 3747 3232 3811 potestates,
3252 3749 3307 3794 ct
3328 3748 3612 3796 ostentans
3633 3756 3734 3810 pa-

2151 3831 2282 3896 lam,
2327 3841 2385 3887 et
2431 3832 2776 3903 triumphans
2816 3846 2911 3888 eas
2959 3833 3012 3887 in
3061 3832 3216 3903 ligno
3241 3833 3308 3899 “,
3341 3841 3602 3903 trOpaeum
3637 3835 3733 3888 ad-

2151 3939 2346 3980 versus
2381 3939 2597 3979 omnem
2637 3925 2939 3994 potentiam
2989 3926 3326 3981 contrariam
3374 3925 3567 3981 statuit
3603 3940 3732 3982 cru-

2151 4014 2328 4088 cem),
2372 4017 2444 4069 ita
2495 4015 2861 4084 dicerezEgo
2914 4016 3241 4070 daemonium
3308 4030 3484 4086 neque
3542 4016 3730 4080 habui,

2152 4121 2330 4176 neque
2358 4106 2556 4172 habeo,
2589 4121 2654 4160 ac
2677 4120 2745 4160 ne
2779 4104 3068 4160 habiturus
3107 4106 3329 4175 quidem
3368 4121 3512 4171 sum,
3537 4120 3734 4175 quern—

2153 4199 2447 4253 admodum
2495 4197 2624 4253 illud
2670 4197 2835 4252 etiam
2875 4196 3044 4251 dixit:
3081 4195 3233 4251 Venit
3277 4197 3521 4267 princeps
3545 4185 3731 4251 mundi

2153 4289 2338 4358 hujus,
2366 4299 2412 4343 et
2448 4290 2506 4343 in
2537 4305 2617 4343 me
2656 4305 2762 4342 non
2813 4289 2969 4342 habet
3017 4289 3306 4360 quidquam
3327 4289 3393 4342 ⁸⁷.
3437 4289 3733 4344 Possumus

2156 4381 2376 4452 quidem
2427 4379 2590 4435 etiam
2635 4393 2734 4436 nos
2773 4378 3022 4448 proferre
3066 4389 3122 4434 et
3152 4379 3367 4435 dicere:
3399 4378 3731 4435 Da'mom'um

460 4471 889 4542 ἀποδειχθ;ἶσιν,
925 4474 1006 4527 ὅτι
1050 4475 1367 4545 ἐψεύσαντο.
1408 4477 1480 4530 Ἦ
1526 4477 1628 4531 οὐκ
1677 4477 1897 4548 ἔλεγχος
1931 4478 2042 4551 (25)

2153 4488 2257 4526 non
2311 4470 2508 4537 habeo;
2548 4472 2644 4527 sed
2698 4471 3014 4527 rel‘ellemur
3051 4472 3280 4542 perinde
3324 4480 3487 4542 atque
3532 4470 3586 4524 hi
3635 4471 3731 4540 qui

455 4561 554 4614 τοῦ
600 4562 860 4635 δαιμονᾷν
905 4566 1053 4636 ἡμᾶς
1077 4607 1092 4631 ,
1143 4567 1271 4620 ὅταν
1332 4567 1652 4640 μεμηνότων
1709 4569 2045 4624 κατάστασιν

461 4653 676 4725 ἔχοντες
704 4655 946 4727 βοῶμεν,
986 4657 1096 4711 ἀπὸ
1124 4659 1297 4730 θυμοῦ
1337 4661 1431 4714 καὶ
1460 4661 1630 4733 ὀργῆς
1679 4662 2002 4734 φλεγόμενοι
2027 4702 2043 4728 ,

459 4747 492 4820 ἢ
556 4747 948 4821 λελυττηκότες
971 4789 986 4813 ,
1039 4751 1137 4804 καὶ
1183 4751 1428 4822 ὡσπερεὶ
1483 4751 1898 4824 χρεμετίζοντες
1931 4751 2044 4824 (24)

459 4840 563 4893 κάν
597 4845 718 4905 ταῖς
765 4842 923 4907 ίδίαις
961 4846 1226 4914 γαμεταῖς
1274 4844 1430 4916 δίκην
1479 4845 1664 4899 ἵππων
1716 4844 2043 4916 θηλυμανῶν

459 4929 832 5002 ἐπιϐαίνομεν,
870 4931 1220 4996 ἐκϐάλλοντες
1261 4933 1373 5005 (25)
1413 4936 1542 4998 τοὺς
1599 4934 1727 5006 περὶ
1772 4935 2042 4999 ἀπαθείας

458 5021 650 5090 λόγους
706 5021 842 5076 Θεοῦ
889 5025 970 5086 είς
1015 5023 1087 5076 τὰ
1135 5024 1346 5092 ὀπίσω;
1419 5025 1582 5079 Ἀλλά
1637 5025 1742 5080 κᾶν
1797 5029 2042 5081 ταπεινοὶ

461 5114 556 5168 καὶ
592 5115 875 5183 συννεφεῖς
910 5114 1015 5167 ὑπὸ
1043 5116 1142 5186 τῆς
1173 5115 1350 5187 λύπης
1380 5117 1770 5190 καθελκόμενοι
1795 5158 1811 5184 ,
1860 5119 1954 5173 καὶ
1983 5119 2044 5172 τὸ

461 5204 590 5256 ἴδιον
629 5204 736 5258 τῶν
776 5204 1010 5271 λογικῶν
1039 5205 1245 5277 γαῦρον
1278 5207 1648 5274 ἀπολέσαντες
1688 5210 2044 5264 ἐπιλανθανό-

460 5292 599 5363 μεθα
620 5292 714 5348 τοῦ
733 5293 860 5347 ἄνευ
881 5292 1016 5348 Θεοῦ
1035 5294 1318 5364 στρουθίου
1333 5297 1468 5367 (25’)
1489 5296 1704 5352 πίπτειν
1721 5301 1800 5364 είς
1820 5299 2045 5368 παγίδα,

2150 4578 2281 4618 cum
2311 4565 2633 4634 negaverint
2658 4579 2717 4621 se
2745 4564 3009 4629 insanire,
3042 4564 3178 4635 ipsis
3215 4563 3370 4620 factis
3397 4563 3732 4620 convincun-

2153 4663 2240 4708 tur
2267 4653 2522 4710 mentitos
2545 4652 2736 4712 fuisse.
2751 4657 2948 4712 Annon
2967 4654 3314 4711 manifestum
3343 4663 3728 4724 argumentum

2125 4739 2251 4800 'nos
2274 4744 2538 4812 insanire,
2560 4749 2780 4818 quando
2812 4756 3016 4802 statum
3046 4745 3313 4802 habentes
3339 4745 3728 4801 insanientium

2148 4837 2478 4902 clamamus,
2502 4839 2964 4894 excandescentia
3002 4845 3058 4892 et
3085 4839 3165 4892 ira
3190 4837 3450 4893 accensi?
3479 4835 3572 4891 Vel
3603 4853 3730 4894 cum

2149 4929 2302 4986 rabie
2332 4929 2551 4998 agitati,
2590 4939 2645 4987 et
2675 4939 2933 5001 tanquam
2960 4930 3270 4985 hinnientes
3290 4929 3538 5001 proprias
3561 4929 3727 4986 etiam

2145 5025 2404 5094 conjuges
2457 5024 2632 5080 instar
2690 5039 2956 5095 equorum
3023 5040 3290 5096 equarum
3345 5037 3536 5078 amore
3579 5023 3730 5078 insa-

2147 5116 2412 5172 nientium
2485 5118 2945 5186 conscendimus,
2995 5127 3119 5190 post
3171 5127 3384 5188 tergum
3445 5116 3729 5187 ejicientes

2146 5208 2410 5279 quidquid
2439 5208 2582 5263 Deus
2618 5208 2818 5263 dixerit
2844 5209 2911 5264 de
2938 5207 3194 5264 sedandis
3222 5205 3548 5262 alfectibus?
3581 5205 3726 5274 Quin

2151 5300 2317 5354 etiam
2365 5299 2494 5369 quia
2548 5299 2768 5370 abiecti,
2797 5309 2854 5356 et
2902 5299 3177 5356 obscuria
3207 5310 3446 5354 maerore
3475 5296 3730 5352 detinea-

531 5386 577 5417 “
600 5387 702 5441 .lob
755 5403 867 5454 xtv,
890 5387 946 5442 4.
1022 5388 1068 5420 ⁴⁸
1103 5388 1268 5444 Eccli.
1297 5404 1397 5452 vn,
1438 5391 1529 5446 2|.
1607 5393 1652 5424 “
1683 5392 1895 5449 Coloss.
1929 5411 1990 5459 ιι,
2028 5395 2049 5450 l

2191 5393 2234 5427 "'
2257 5393 2418 5452 Joan.
2454 5411 2564 5458 xw,
2591 5396 2685 5451 50.

673 5481 856 5560 (milex
887 5480 1230 5560 llmlleiantts,
1262 5484 1390 5555 περὶ
1417 5485 1511 5560 τοῦ
1549 5487 1624 5560 μὴ
1656 5488 1938 5560 δαιμονᾷν.

528 5552 642 5624 (ιὸ)
675 5551 856 5624 tintlex
891 5551 1114 5624 Regius,
1137 5551 1377 5624 ἔλεγχον,
1407 5551 1564 5612 male:

674 5621 814 5700 idem
843 5625 1014 5700 codex
1050 5620 1489 5700 liegiusfd'ur‘nsp
1510 5629 1558 5679 οἱ
1589 5628 2028 5700 χρεμετίζοντες.

677 5690 818 5763 Idem
855 5697 1034 5763 codex
1054 5690 1271 5758 Regius,
1295 5690 1678 5763 ἐμϐάλλοντες.

533 5760 668 5832 (25‘)
693 5757 825 5832 ιρις.
852 5757 1152 5835 στρουθίον,
1184 5765 1234 5818 in
1265 5757 1591 5834 accusativo,
1611 5757 1709 5825 nisi
1737 5770 1870 5826 forte
1893 5771 2035 5840 quis,

2135 5489 2505 5546 solarismum
2537 5488 2760 5562 Origeni
2787 5490 3131 5556 condonans,
3159 5485 3730 5562 genitivumretinere

2138 5562 2273 5615 velit
2326 5571 2550 5630 prepter
2601 5555 2992 5622 at‘tractibnem,
3036 5555 3121 5612 ut'
3155 5555 3728 5630 aiunt._articuli_106

2143 5626 2519 5701 praecedentis.
2582 5630 2715 5687 Utut
2766 5632 2858 5698 sit,
2900 5630 3054 5686 deest
3124 5628 3391 5701 particula
3450 5626 3724 5698 negativa.

2145 5701 2302 5760 Eutr.
2336 5701 2576 5758 Ριιτιιοι..
