4196 6386
551 380 658 439 659

2039 360 2362 419 ORIGENIS

3673 369 3785 426 660

560 511 705 561 mur,
755 488 1082 566 propriaque
1129 476 1494 560 generositate
1522 495 1710 539 eorum
1764 481 1857 551 qui
1889 477 2120 535 rationis
2148 481 2192 538 Α

2148 481 2192 538 Α
2221 477 2317 532 καὶ
2337 476 2430 531 τοῦ
2458 477 2637 532 δίκαια
2671 472 2808 530 εἶναι
2838 476 2904 530 τὰ
2949 477 3074 549 περὶ
3102 478 3222 542 ἐνὸς
3260 478 3491 534 ἑκάστου
3523 480 3628 535 τῶν
3653 500 3785 555 συμ-

557 595 687 646 aunt
714 591 1012 654 compotes,
1049 581 1272 646 amissa,
1301 575 1674 632 obliviscimur
1713 586 1780 627 ne
1807 585 1972 627 unum
2002 569 2125 639 qui-

556 683 680 736 dem
731 689 1008 748 passerem
1057 675 1264 743 absque
1316 669 1424 724 Deo
1461 669 1514 724 in
1549 668 1802 738 laqueum
1835 662 2031 717 cadere
2051 659 2121 726 ",

553 766 808 836 iustaque
854 777 975 819 esse
1020 757 1385 830 quarumlibet
1426 770 1630 822 rerum,
1667 767 1786 824 quae
1813 749 2122 806 hominibus

555 858 902 927 contingunt,
938 853 1163 923 judicia,
1204 850 1334 920 quid
1383 847 1581 903 dicturi
1627 857 1839 906 sumus,
1873 842 1979 896 nisi
2017 853 2120 894 nos

555 952 672 1007 haec
711 947 841 1020 pati,
875 946 999 1015 quia
1041 943 1232 998 vicerit
1264 956 1362 996 nos
1402 939 1674 1000 diabolus,
1705 946 1760 992 et
1801 935 1930 1006 quia
1959 933 2122 988 etiam

557 1043 751 1098 anima:
780 1047 986 1109 partem
1014 1034 1518 1106 praestantissimam
1544 1029 1926 1100 (principatum
1956 1038 2119 1094 quam

556 1131 774 1200 vocant)
803 1129 1085 1184 olluscarit
1115 1122 1547 1193 turbidaritque?
1575 1121 1716 1187 Quin
1744 1119 1909 1174 etiam
1962 1115 2120 1170 timo-

553 1239 644 1280 res
673 1236 856 1278 rerum
907 1235 1012 1276 non
1061 1216 1446 1281 timendarum,
1503 1214 1811 1282 gaudiaque
1863 1207 2006 1264 elata
2054 1207 2122 1261 de

554 1315 717 1372 rebus
754 1311 932 1376 nihili,
963 1324 1190 1380 quorum
1219 1317 1346 1363 sunt
1384 1303 1666 1360 actiones?
1703 1301 1897 1356 Annon
1929 1300 2122 1355 daemo-

555 1419 708 1471 num,
747 1404 838 1474 qui
875 1401 1227 1471 impleverunt
1266 1413 1362 1454 eos
1386 1397 1476 1464 qui
1519 1410 1640 1450 cum
1680 1393 1910 1448 veritate
1940 1390 2120 1445 dicere

555 1491 1005 1567 nequeuntzEgo
1061 1490 1378 1546 dcemonium
1438 1504 1542 1541 non
1596 1485 1802 1540 habeo?
1834 1481 1940 1538 Sed
1990 1495 2120 1536 con-

556 1599 880 1645 sentaneum
933 1594 1017 1639 est
1073 1582 1281 1636 futuros
1327 1578 1563 1648 aliquos,
1613 1577 1704 1645 qui
1753 1582 1973 1629 sanctos
2021 1584 2118 1640 pa-

557 1682 842 1744 triarchas,
905 1676 992 1731 vel
1040 1687 1254 1729 servum
1306 1670 1456 1724 illum
1508 1681 1747 1735 sacrum,
1801 1662 1884 1718 vel
1946 1660 2122 1716 admi-

553 1773 758 1829 randos
828 1769 1158 1840 prophetas,
1207 1763 1291 1818 vel
1347 1761 1755 1832 potentissimos
1811 1753 2121 1826 Servatoris

555 1865 716 1936 357
748 1861 915 1918 nostri
941 1857 1066 1916 Jesu
1091 1854 1362 1928 apostolos
1413 1853 1466 1908 in
1513 1851 1653 1906 hanc
1698 1846 2118 1917 disputationem

554 1931 874 2016 ninia—entes,
906 1965 1006 2006 nos
1036 1946 1294 2011 refutent,
1320 1941 1471 2012 quasi
1496 1941 1550 1994 bi
1579 1937 1803 2009 perinde
1840 1945 2002 2003 atque
2029 1931 2122 1987 Je-

557 2065 652 2108 sus
673 2045 870 2101 dicturi
889 2044 1028 2098 sint:
1058 2042 1168 2111 Ego
1202 2035 1520 2093 daemonium
1540 2046 1644 2086 non
1666 2028 1868 2091 habeo;
1893 2027 1960 2079 ad
1985 2039 2121 2094 quos

552 2140 734 2193 dicere
756 2137 918 2191 licet:
955 2132 1093 2187 Num
1130 2133 1182 2185 hi
1206 2131 1368 2185 etiam
1395 2121 1684 2193 aliquando
1713 2125 2027 2188 peccarunt,
2051 2129 2118 2167 an

553 2229 747 2284 falsum
776 2239 861 2282 est
890 2227 1017 2281 illud
1045 2239 1058 2277 :
1091 2221 1282 2278 Omnes
1315 2221 1449 2275 enim
1473 2221 1833 2284 peccaverunt,
1871 2225 1935 2262 ac
1958 2207 2121 2262 desti-

553 2332 776 2377 tuuntur
801 2319 972 2388 gloria
1005 2317 1099 2370 Dei
1127 2315 1212 2368 “?
1246 2327 1372 2370 num
1393 2311 1553 2366 etiam
1582 2319 1767 2360 verum
1798 2316 1900 2356 non
1926 2309 2008 2356 est
2054 2299 2118 2354 il-

552 2417 646 2472 lud
671 2433 686 2470 :
714 2413 909 2468 Nullus
936 2410 1162 2465 mundus
1191 2419 1265 2462 est
1313 2423 1345 2460 a
1391 2405 1544 2460 sorde
1569 2401 1664 2455 ὀἳ
1700 2414 1879 2453 annon
1922 2396 2121 2450 dictum

555 2517 640 2562 est
668 2520 791 2561 cum
824 2501 1296 2558 consideratione:
1334 2495 1456 2551 Non
1483 2503 1557 2550 est
1577 2493 1762 2563 justus
1797 2504 1951 2558 super
2011 2497 2122 2540 ter-

554 2615 669 2653 ram
698 2597 786 2668 qui
812 2596 974 2665 faciat
1007 2593 1197 2647 bonum
1227 2601 1274 2645 et
1302 2606 1405 2644 non
1433 2597 1602 2657 peccet
1625 2583 1716 2637 “‘l
1767 2595 1944 2636 annon
2000 2593 2124 2650 per-

555 2692 801 2760 spicuum
827 2697 909 2743 est
932 2701 1122 2742 omnes
1141 2684 1456 2752 Scripturas
1471 2693 1628 2734 veras
1651 2691 1769 2732 esse
1791 2673 1996 2743 ﬂgitur
2017 2686 2121 2725 non

556 2798 772 2852 semper
799 2795 971 2852 neque
995 2778 1061 2833 ab
1088 2778 1243 2833 initio
1271 2783 1520 2846 poterant
1547 2771 1603 2827 hi
1633 2771 1834 2834 dicere,
1870 2781 1935 2822 ac
1967 2778 2035 2819 ne
2069 2763 2123 2818 hi

553 2875 647 2945 qui
694 2878 980 2929 transeunt
1021 2869 1089 2924 ad
1123 2870 1290 2922 vitam
1323 2867 1527 2921 virtute
1570 2870 1907 2917 constantem
1940 2875 1954 2911 :
2010 2856 2124 2925 Ego

555 2965 876 3021 daemonium
908 2979 1013 3017 non
1042 2961 1240 3025 habeo;
1267 2957 1362 3014 sed
1395 2957 1562 3012 solius
1587 2953 1848 3017 hominis,
1879 2949 1968 3020 qui
1995 2965 2125 3003 con-

559 3059 830 3114 sideratur
874 3056 925 3110 in
979 3053 1287 3118 Servatore,
1317 3063 1420 3104 vox
1455 3055 1540 3102 est
1569 3045 1658 3101 illa
1687 3042 1755 3097 ab
1783 3042 1936 3098 initio
1965 3058 1977 3094 :
2032 3039 2124 3110 qui

2225 569 2514 624 ϐαινόντων
2541 567 2846 640 ἀνθρώποις
2885 568 3158 639 κρίματα,
3203 568 3256 622 τί
3313 571 3576 642 φήσομεν,
3619 573 3653 645 ἦ
3707 577 3787 630 ὅτι

2223 664 2318 716 καὶ
2361 661 2453 715 τοῦ
2487 659 2762 732 δαιμονίου
2816 661 2967 731 ἡμᾶς
3009 661 3360 730 νικήσαντος,
3409 662 3504 716 καὶ
3555 665 3616 721 τὸ
3665 667 3791 736 ἡγε-

2227 755 2443 828 μονικὸν
2475 753 2634 826 ήμῶν
2678 751 3034 820 θολὼσαντος,
3073 748 3246 806 ταῦτα
3305 753 3618 824 πάσχομεν;
3673 756 3792 808 Ἀλ-

2222 847 2289 900 λὰ
2338 847 2431 899 καὶ
2495 845 2648 915 φόϐοι
2702 843 2811 897 τῶν
2853 841 2914 897 οὗ
2959 843 3244 914 φοϐερῶν,
3310 844 3406 897 καὶ
3443 846 3789 917 περιχάρειαι

2223 936 2316 988 ἐπὶ
2363 938 2476 998 τοῖς
2545 932 2772 1005 μηδενὸς
2825 931 3027 998 ἀξίοις,
3083 932 3243 986 τίνων
3295 932 3362 986 ἂν
3414 933 3497 1006 εἴη
3566 937 3791 1008 ἐνεργή-

2225 1043 2372 1098 ματα
2423 1026 2457 1097 ἢ
2513 1024 2780 1096 δαιμόνων
2843 1023 3247 1094 πληρωσάντων
3298 1022 3425 1088 τοῦς
3490 1025 3563 1096 μὴ
3631 1014 3802 1082 δοναέ

2226 1117 2417 1190 μένους
2459 1117 2598 1188 μετὰ
2637 1115 2891 1186 ἀληθείας
2917 1113 3123 1184 λέγειν·
3170 1113 3316 1184 Ἐγὼ
3346 1114 3652 1184 δαιμόνιον
3677 1121 3790 1172 οὐκ

2222 1207 2379 1277 ἐχω;
2457 1206 2598 1258 Ἀλλ’
2650 1205 2797 1268 είκός
2847 1219 3000 1267 τινας
3065 1206 3191 1268 τοὺς
3261 1204 3447 1273 ἁγίους
3520 1207 3791 1279 πατριάρ-

2221 1315 2356 1369 χας,
2409 1298 2445 1369 ἢ
2491 1297 2582 1351 τὸν
2642 1298 2783 1369 ἱερὸν
2831 1295 3133 1368 θεράποντα
3161 1335 3176 1362 ,
3217 1297 3251 1367 ἢ
3301 1298 3426 1361 τοὺς
3455 1297 3789 1368 θαυμασίους

2222 1391 2504 1462 προφήτας
2531 1430 2545 1455 ,
2597 1389 2632 1462 ἢ
2695 1390 2825 1453 τοὺς
2902 1389 3300 1454 δυνατωτάτους
3379 1390 3475 1443 τοῦ
3541 1392 3790 1464 Σωτῆρος

2219 1482 2376 1553 ήμῶν
2419 1481 2588 1553 Ἰησοῦ
2636 1482 2961 1546 ἀποστόλους
3009 1481 3270 1553 φέροντας
3308 1482 3386 1546 είς
3427 1481 3524 1554 τὴν
3547 1481 3792 1549 ἐξέτασιν

2221 1575 2557 1646 δυσωπήσειν
2577 1575 2724 1644 ἡμᾶς
2751 1573 2824 1638 ('0;
2846 1573 2952 1645 ἄρα
2978 1575 3071 1628 καὶ
3093 1566 3235 1628 οὗτοι
3255 1572 3458 1626 εἴποιεν
3492 1571 3558 1626 ἂν
3588 1574 3789 1636 ὁμοίως

2221 1667 2298 1739 τῷ
2334 1667 2509 1738 Ἰησοῦ
2530 1685 2543 1697 ’
2595 1665 3062 1736 Ἐγὼδαιμόνιον
3083 1669 3195 1722 οὐκ
3221 1665 3337 1734 ἔχω
3355 1683 3369 1696 ·
3405 1666 3538 1738 πρὸς
3562 1666 3619 1719 ὃν
3643 1666 3794 1720 ἐστιν

2222 1763 2394 1816 εἰπεῖν
2413 1779 2426 1791 ·
2460 1756 2606 1830 τΑρα
2639 1760 2733 1813 καὶ
2763 1753 2908 1813 οὗτοί
2947 1777 3075 1812 ποτε
3097 1760 3364 1831 ἥμαρτον,
3395 1758 3429 1830 ἦ
3472 1755 3664 1829 ψεῦδος
3693 1759 3752 1812 τό
3774 1775 3790 1790 ’

2218 1852 2448 1918 Πάντες
2486 1851 2596 1923 γὰρ
2637 1851 2920 1920 ἥμαρτον,
2963 1851 3061 1904 καὶ
3107 1850 3497 1920 ὑστεροῦνται
3549 1849 3658 1918 τῆς
3698 1850 3796 1903 δό-

2219 1946 2331 2014 ξης
2362 1945 2469 1999 τοῦ
2504 1940 2671 2007 Θεοῦ,
2699 1943 2792 1995 καὶ
2824 1942 2922 1995 οὐκ
2956 1940 3150 2014 ἀληθὲς
3173 1942 3261 1994 τόο
3301 1941 3504 2008 Οὐδεὶς
3536 1941 3794 2008 καθαρὸς

2219 2034 2337 2090 ἀπὸ
2370 2035 2593 2102 ῥύπου,
2636 2031 2756 2085 οὐδὲ
2785 2029 3206 2102 τεθεωρημένως
3253 2031 3468 2103 εἴρηται
3521 2031 3614 2084 τό·
3670 2034 3794 2087 Οὐκ

2219 2125 2349 2179 ἐστι
2377 2124 2603 2189 δίκαιος
2623 2122 2722 2176 ἐπὶ
2754 2121 2883 2191 τῆς,
2924 2121 2991 2188 ὃς
3017 2121 3251 2187 ποιήσει
3276 2121 3517 2191 ἀγαθὸν,
3554 2122 3649 2175 καὶ
3680 2125 3794 2192 οὐχ

2219 2213 2662 2286 ἁμαρτήσεται;
2719 2213 2878 2266 Ἀλλὰ
2907 2213 3094 2282 σαφὲς,
3139 2214 3220 2267 ὅτι
3253 2213 3470 2283 ἀληθεῖς
3511 2213 3569 2266 αἱ
3620 2215 3798 2267 πᾶσαι

2221 2304 2455 2379 Γραφαὶ,
2491 2305 2586 2357 καὶ
2616 2305 2716 2357 οὐκ
2749 2304 2835 2357 ἀεὶ
2872 2305 2990 2357 οὐδὲ
3023 2303 3083 2368 ἐξ
3114 2303 3285 2375 ἀρχῆς
3315 2302 3564 2358 ἐδύναντο
3590 2304 3795 2374 λέγειν,

2220 2397 2330 2452 οὐδ’
2359 2398 2408 2450 οἱ
2442 2394 2865 2467 μεταϐάλλοντες
2895 2395 2988 2446 ἐπὶ
3016 2393 3107 2446 τὸν
3145 2393 3285 2446 κατὰ
3313 2393 3509 2464 ἀρετὴν
3539 2393 3672 2463 βίον,
3703 2393 3794 2447 τόο

2234 2488 2384 2560 Ἐγὼ
2425 2487 2733 2556 δαιμόνιον
2764 2487 2874 2540 οὐκ
2903 2485 3050 2554 ἔχω·
3097 2484 3209 2538 ἀλλ’
3251 2487 3285 2556 ἡ
3323 2485 3482 2554 μόνου
3526 2485 3622 2538 τοῦ
3653 2485 3799 2539 κατὰ

2221 2580 2312 2634 τδν
2344 2580 2571 2650 Σωτῆρα
2601 2577 2888 2649 νοουμένου
2920 2576 3203 2648 ἀνθρώπου
3254 2577 3489 2648 ἀρχῆθεν
3515 2573 3584 2649 ἦν
3621 2579 3797 2650 φωνή,

2223 2671 2312 2727 διὰ
2355 2671 2512 2725 τοῦτο
2537 2669 2850 2742 κυριώτατα
2875 2668 2968 2722 καὶ
3015 2669 3351 2741 ἀληθέστατα
3383 2670 3538 2740 μόνον
3567 2670 3656 2722 τὸν
3684 2670 3801 2723 Πα-

2223 2763 2360 2836 τέρα
2384 2763 2710 2834 τιμήσαντος
2729 2778 2742 2791 ·
2793 2761 2966 2824 οὐδεὶς
2992 2761 3120 2834 γὰρ,
3167 2762 3341 2833 τιμῶν
3372 2779 3422 2814 τι
3450 2760 3564 2814 τῶν
3601 2761 3674 2832 μή
3717 2778 3799 2814 τι-

2228 2857 2494 2928 μωμένων
2526 2854 2635 2925 (26)
2661 2853 2766 2907 ὑπὸ
2797 2853 2952 2918 Θεοῦ,
2982 2856 3116 2925 τιμᾷ
3142 2853 3234 2907 τὸν
3259 2853 3588 2925 ἀτιμάζοντα
3609 2855 3674 2906 τά
3708 2853 3800 2906 ὑπ’

2224 2948 2388 3003 αὑτοῦ
2421 2946 2734 3018 τιμώμενα⁶
2764 2946 2882 3010 πῶς
2905 2947 3012 3016 γὰρ
3040 2946 3278 3012 λεκτέον,
3311 2947 3392 2999 ὅτι
3416 2947 3550 3016 τιμᾷ
3570 2945 3659 2997 τὸν
3688 2945 3802 2996 Ila-

2222 3040 2357 3112 τέρα
2387 3041 2415 3092 ὁ
2447 3039 2579 3109 μηδὲ
2606 3038 2704 3110 τὴν
2735 3039 2909 3110 ἀρχὴν
2938 3037 2999 3090 τὸ
3032 3036 3245 3107 πνεῦμα
3281 3036 3378 3106 τῆς
3412 3034 3678 3096 υἱοθεσίας
3699 3032 3798 3086 λα-

559 3153 722 3207 etiam
757 3150 898 3206 hanc
930 3147 998 3202 ob
1024 3160 1243 3201 causam
1264 3140 1634 3214 propriissime
1659 3147 1713 3193 et
1731 3134 2125 3207 perfectissime
2150 3136 2193 3196 C

2150 3136 2193 3196 C
2227 3131 2372 3196 603v;
2413 3130 2599 3195 Οὐδεὶς
2626 3131 2682 3184 δὲ
2710 3129 2823 3202 ἔχει
2848 3130 2907 3182 τὸ
2932 3127 3147 3200 πνεῦμα
3175 3127 3275 3198 τῆς
3315 3126 3584 3190 υἱοθεσίας
3616 3126 3798 3198 ἁμαρ-

557 3246 706 3301 solus
735 3243 949 3298 Patrem
987 3237 1294 3294 honoravit.
1321 3235 1512 3289 Nullus
1556 3232 1699 3286 enim
1729 3231 2003 3285 honoratis
2029 3225 2128 3280 ali-

559 3338 688 3406 quid
713 3351 898 3391 eorum
930 3347 1049 3402 quae
1083 3333 1420 3386 honorantur
1448 3342 1476 3380 a
1510 3325 1653 3390 Deo,
1713 3323 1947 3378 honorat
1976 3334 2127 3389 sper-

566 3439 784 3486 nentem
812 3443 931 3498 qua!
967 3426 1054 3480 ille
1080 3425 1330 3478 honoret.
1355 3419 1607 3488 Alioquin
1653 3414 1921 3487 quomodo
1946 3413 2129 3468 dicen-

559 3523 662 3576 dus
691 3529 776 3577 est
807 3518 1003 3588 aliquis
1030 3517 1299 3572 honorare
1341 3511 1579 3576 Patrem,
1608 3509 1698 3578 qui
1725 3507 1970 3575 spiritum
2001 3504 2128 3588 ado-

559 3612 765 3681 ptionis
787 3609 935 3664 nullo
972 3622 1194 3676 prorsus
1227 3603 1387 3659 modo
1430 3599 1741 3665 acceperit?
1768 3595 1899 3651 Nam
1951 3595 2130 3650 nullus

559 3702 727 3758 habet
759 3697 1065 3768 adoptionis
1115 3694 1364 3766 spiritum
1411 3705 1685 3762 peccans:
1741 3688 1846 3753 Qui
1886 3687 2026 3742 enim
2066 3701 2130 3741 ex

561 3791 675 3846 Deo
703 3791 906 3861 genitus
929 3798 1029 3852 est,
1053 3804 1155 3841 non
1171 3794 1349 3854 peccat
1372 3784 1437 3837 ".
1457 3783 1725 3837 Praeterea
1747 3780 2017 3850 quomodo
2040 3778 2132 3833 ho-

560 3893 725 3938 norat
750 3881 874 3951 quis
901 3881 1143 3944 Patrem,
1179 3879 1455 3933 honorans
1511 3873 1735 3946 gloriam
1772 3886 1891 3941 quae
1918 3881 2004 3927 est
2061 3869 2130 3924 ab

566 3972 915 4034 hominibus;
951 3970 1034 4025 vel
1069 3979 1348 4040 argentum
1379 4007 1397 4033 ,
1453 3966 1538 4020 vel
1587 3976 1832 4018 terrenas
1871 3960 2126 4024 divitias,

565 4061 704 4134 [aut
729 4061 840 4131 (28)
870 4061 1327 4132 pulchritudinem
1356 4073 1481 4128 quae
1511 4071 1582 4110 ex
1615 4069 1781 4110 carne
1801 4051 2132 4119 etsanguine

567 4151 850 4224 constat],
885 4152 969 4207 vel
1002 4151 1299 4221 generatim
1323 4163 1443 4218 qua:
1463 4154 1587 4202 sunt
1613 4145 1829 4214 propria
1857 4140 2128 4202 materiei,

567 4254 625 4302 et
651 4243 944 4299 interitus?
972 4244 1157 4312 Itaque
1183 4241 1526 4310 perspicuum
1568 4248 1651 4292 est
1682 4233 1951 4305 quomodo
2003 4232 2130 4287 Ser-

563 4332 772 4387 vatoris
796 4347 895 4387 vox
946 4332 1032 4386 illa
1064 4331 1137 4386 sit
1165 4349 1177 4384 :
1215 4329 1433 4384 Honora
1470 4325 1686 4380 Patrem
1725 4327 1771 4359 ⁸³
1796 4366 1810 4390 ,
1840 4339 2002 4394 quam
2033 4337 2131 4392 pro

565 4423 711 4479 virili
763 4421 1093 4477 contendere
1125 4434 1223 4474 nos
1261 4419 1423 4472 etiam
1453 4416 1710 4471 debemus
1766 4414 1948 4469 dicere
1973 4448 1992 4475 ,
2034 4411 2130 4464 tri-

565 4517 795 4570 buentes
820 4511 929 4568 ﬂeo
971 4519 1027 4566 et
1046 4509 1189 4564 Patri
1220 4510 1504 4573 honorem,
1534 4520 1632 4561 nec
1655 4504 1747 4560 ulli
1770 4502 1860 4558 alii
1891 4503 2132 4557 tribuen-

566 4613 647 4660 tes
678 4605 888 4672 ipsum,
911 4609 1254 4658 contestante
1286 4598 1439 4654 nobis
1469 4595 1804 4654 conscientia
1837 4594 1890 4649 in
1925 4592 2130 4662 Spiritu

565 4704 757 4750 sancto
787 4693 854 4749 ⁸⁵.
887 4695 964 4747 Ac
987 4691 1210 4761 pulchre
1243 4688 1490 4762 proiecto
1519 4702 1641 4742 cum
1665 4685 1975 4741 advenisset
1993 4691 2130 4737 tem-

566 4787 715 4857 poris
741 4783 1039 4855 plenitudo,
1076 4781 1277 4837 missus
1308 4795 1337 4834 a
1367 4779 1478 4834 Deo
1513 4787 1571 4833 ut
1596 4791 1662 4834 ex
1689 4776 1918 4833 muliere
1939 4789 2132 4829 nasce-

2225 3221 2400 3275 τάνων
2417 3237 2432 3250 ·
2462 3222 2525 3273 '0
2546 3221 2656 3290 γὰρ
2669 3221 2738 3277 ἐκ
2757 3226 2862 3279 τοῦ
2879 3220 3028 3277 Θεοῦ
3046 3216 3472 3293 γεγεννημένος
3486 3217 3597 3285 οὐχ
3623 3215 3802 3283 ἀμαρ-

2226 3311 2411 3367 τάνει.
2449 3311 2560 3367 Καὶ
2587 3311 2704 3376 πῶς
2744 3311 2879 3384 τιμᾷ
2909 3310 2998 3365 τὸν
3021 3308 3239 3381 Πατέρα
3271 3309 3298 3361 ὁ
3325 3307 3498 3379 τιμῶν
3518 3305 3673 3372 δόξαν
3704 3305 3804 3376 τὴν

2229 3405 2379 3478 παρὰ
2405 3403 2727 3476 ἀνθρώπων,
2768 3404 2801 3476 ἢ
2837 3403 3118 3474 ἀργύριον,
3152 3401 3184 3472 ἢ
3219 3401 3310 3454 τὸν
3334 3400 3516 3472 χοῖκδν
3547 3397 3800 3466 πλοῦτον,

2227 3495 2262 3566 ἢ
2295 3496 2357 3548 τὸ
2386 3496 2453 3547 ὲκ
2485 3491 2703 3565 σαρκῶν
2753 3493 2846 3546 καὶ
2875 3492 3120 3562 αἱμάτων
3145 3489 3360 3554 κάλλος,
3404 3489 3436 3560 ἢ
3471 3488 3802 3554 ἁπαξαπλῶς

2228 3601 2281 3637 τι
2309 3584 2416 3636 τῶν
2444 3581 2658 3636 οἰκείων
2685 3583 2751 3652 τῇ
2776 3579 2878 3653 ὗλῃ
2898 3580 2990 3633 καὶ
3019 3581 3084 3648 τῇ
3119 3577 3321 3649 φθορᾷ;
3372 3575 3537 3645 Δῆλον
3563 3570 3655 3627 οὖν
3681 3574 3803 3638 πῶς

2228 3677 2322 3730 τοῦ
2349 3675 2600 3746 Σωτῆρός
2625 3676 2741 3727 ἐστι
2787 3672 2937 3742 φωνή
2959 3688 2972 3702 ·
3012 3667 3160 3738 Τιμῶ
3201 3669 3310 3721 τὸν
3333 3666 3584 3735 Πατέρα,
3609 3667 3804 3736 ἥντινα

2228 3767 2327 3838 ὅση
2353 3765 2578 3836 δύναμις
2601 3761 2994 3833 φιλοτιμητέον,
3027 3754 3521 3829 συμμαρτυρούσης
3549 3756 3679 3825 ἡμῖν
3703 3754 3804 3824 τῆς

2231 3856 2586 3928 συνειδήσεως
2635 3856 2692 3908 ὲν
2722 3851 2998 3924 Πνεῦματι
3045 3850 3204 3919 ἁγίῳ,
3251 3849 3443 3910 εἰπεῖν,
3492 3844 3804 3900 ἀποδιδοῦσι

2229 3951 2308 4022 τῷ
2353 3948 2471 4020 Θεῷ
2514 3949 2607 4003 καὶ
2654 3946 2830 4017 Πατρὶ
2873 3944 2970 4015 τὴν
3019 3943 3204 4015 τιμὴν,
3257 3942 3350 3995 καὶ
3386 3939 3459 4011 μὴ
3491 3939 3659 4009 ἑτέρῳ
3691 3937 3803 4008 (ἳεῖ)

2229 4042 2589 4113 ἀπονέμουσιν
2640 4039 2829 4110 αὑτήν.
2891 4035 3001 4090 Καὶ
3051 4033 3230 4096 καλῶς
3261 4048 3324 4101 γε
3370 4034 3399 4085 ὁ
3433 4030 3679 4094 ἐλθόντος
3709 4027 3805 4082 τοῦ

2232 4133 2592 4204 πληρώματος
2623 4128 2714 4183 τοῦ
2746 4129 2939 4199 χρόνου
2967 4123 3375 4194 ἀπεσταλμένος
3409 4122 3513 4176 ὑπὸ
3543 4121 3636 4174 τοῦ
3669 4121 3804 4176 Θεοῦ

2232 4225 2485 4295 γενέσθαι
2530 4224 2594 4276 ὲκ
2626 4221 2898 4292 γυναικὸς,
2931 4219 3027 4272 καὶ
3071 4217 3320 4287 γενέσθαι
3349 4214 3454 4270 ὑπὸ
3494 4214 3588 4269 τὸν
3618 4214 3804 4285 νόμον,

2232 4317 2308 4380 ὡς
2340 4315 2444 4369 ὑπὸ
2475 4313 2565 4367 τὸν
2599 4311 2824 4380 λέγοντα
2871 4310 3035 4379 νόμον
3075 4307 3356 4378 τυγχάνων
3394 4305 3486 4359 τόν
3532 4304 3674 4374 Τίμα
3698 4302 3810 4356 τὸν

2235 4407 2460 4476 πατέρα
2501 4405 2598 4459 καὶ
2633 4403 2748 4471 τὴν
2770 4402 3018 4473 μητέρα,
3065 4399 3166 4453 ἵνα
3190 4393 3258 4453 εὖ
3289 4412 3388 4451 σοι
3425 4394 3685 4465 γένηται,
3719 4394 3810 4448 οὒ-

2242 4503 2366 4556 δένα
2393 4499 2548 4555 ἄλλον
2572 4499 2708 4569 έχων
2741 4499 2953 4568 πατέρα
2978 4495 3011 4567 ἥ
3045 4495 3134 4547 τὸν
3173 4494 3231 4545 ὲν
3262 4493 3374 4553 τοῖς
3409 4489 3652 4561 οὐρανοῖς
3677 4483 3812 4540 Θεόν

2242 4608 2404 4663 φησιν
2424 4608 2438 4620 ·
2485 4589 2671 4644 Ἀλλὰ
2705 4587 2848 4658 τιμῶ
2873 4589 2981 4641 τὸν
3009 4584 3238 4652 Πατέρα
3260 4600 3399 4652 μου.
3469 4579 3729 4652 Ἐροῦμεν
3752 4576 3809 4630 δὲ

2239 4684 2332 4737 καὶ
2359 4683 2518 4754 ἡμεῖς
2546 4679 2750 4752 ταύτην
2789 4679 2888 4750 τὴν
2919 4676 3120 4748 φωνὴν,
3172 4675 3461 4745 νοήσαντες
3497 4671 3560 4724 τδ
3583 4671 3683 4739 τῆς
3708 4686 3810 4722 πα-

2237 4773 2578 4844 λιγγενεσίας
2605 4770 2849 4843 λουτρὸν,
2898 4769 2994 4822 καὶ
3034 4767 3356 4836 λουσάμενοι
3406 4763 3528 4818 κατ’
3558 4761 3690 4816 αὐτὸ
3717 4759 3813 4813 ἐπὶ

570 4849 755 4937 retur,
770 4872 1024 4938 ﬁeretque
1057 4869 1157 4925 sub
1184 4870 1299 4939 lege
1314 4868 1384 4935 ⁸⁸,
1407 4867 1562 4938 quasi
1592 4867 1684 4937 qui
1713 4873 1860 4921 esset
1883 4865 1982 4919 sub
2011 4863 2132 4933 lege

2237 4866 2299 4918 τὸ
2325 4863 2573 4933 γενέσθαι
2605 4862 2709 4915 υἱοὶ
2741 4858 2898 4923 Θεοῦ,
2925 4859 3020 4912 καὶ
3062 4855 3257 4928 μηκέτι
3284 4853 3575 4915 καλοῦντες
3598 4849 3812 4920 πατέρα

568 4963 779 5016 dicente
810 4977 824 5014 :
857 4958 1081 5012 Honora
1109 4967 1310 5026 patrem
1335 4964 1482 5009 tuum
1509 4965 1556 5008 et
1578 4965 1796 5007 matrem
1845 4960 1996 5004 tuam
2019 4987 2035 5014 ,
2076 4957 2137 5001 ut

2242 4957 2336 5009 ἐπὶ
2373 4957 2474 5024 τῆς
2514 4958 2616 5024 γῆς
2659 4953 2736 5023 τῷ
2765 4952 2870 5005 υἱοὶ
2898 4947 3176 5018 γεγονέναι
3204 4946 3298 5000 τοῦ
3343 4947 3402 4999 ὲν
3430 4947 3541 5008 τοῖς
3566 4943 3812 5014 οὐρανοῖς

570 5053 696 5105 bene
723 5050 788 5104 sit
829 5050 920 5102 tibi
949 5047 1019 5112 ⁸³,
1047 5047 1250 5102 nullum
1305 5047 1468 5100 alium
1521 5045 1731 5099 habens
1761 5052 1994 5109 patrem,
2029 5039 2136 5092 nisi

2244 5047 2477 5118 Πατρὸς,
2507 5046 2602 5099 καὶ
2631 5043 2853 5113 ἀδελφοὶ
2876 5043 2970 5096 τοῦ
3001 5041 3276 5104 εἰπόντος’
3309 5038 3638 5107 Πορεύομαι
3665 5032 3813 5103 πρὸς

571 5141 740 5196 Deum
759 5139 1056 5205 ccelestem,
1075 5138 1282 5208 inquit:
1303 5137 1406 5192 Sed
1418 5137 1616 5190 honoro
1633 5144 1840 5204 patrem
1855 5147 2026 5184 meum
2043 5129 2135 5181 κ’.

2240 5135 2349 5189 τὸν
2394 5133 2628 5204 Πατέρα
2668 5152 2808 5204 μου,
2859 5134 2959 5192 καὶ
3017 5131 3251 5199 Πατέρα
3287 5129 3475 5200 ὑμῶν,
3520 5125 3622 5184 καὶ
3667 5126 3814 5178 Θεόν

571 5235 827 5294 Dicemus
855 5248 986 5288 vero
1006 5232 1170 5288 etiam
1202 5246 1300 5286 nos
1329 5231 1470 5286 hanc
1501 5244 1709 5289 vocem.
1737 5227 1782 5281 si
1817 5223 2137 5281 considera-

2237 5244 2376 5296 μου,
2412 5225 2511 5280 καὶ
2533 5225 2681 5280 Θεὸν
2707 5225 2893 5295 ὑμῶν.
2934 5223 3104 5295 Δῆλον
3131 5218 3245 5288 οὖν,
3268 5222 3350 5274 ὅτι
3379 5217 3689 5289 κυριώτατα
3718 5215 3814 5269 καὶ

565 5327 811 5381 verimus
848 5321 1276 5394 regenerationis
1298 5319 1600 5384 lavacrum,
1636 5316 1838 5384 lotique
1869 5315 1924 5368 in
1957 5327 2045 5378 eo,
2079 5319 2141 5364 ut

2240 5318 2551 5372 τελειότατα
2603 5317 2846 5382 εἰπόντος
2890 5316 2984 5370 τοῦ
3042 5312 3249 5386 Ἰησοῦ·
3318 5311 3464 5382 Ἐγὼ
3507 5309 3817 5381 δαιμόνιον

643 5466 691 5499 ⁸³
725 5464 916 5520 Matth.
945 5478 1002 5526 κ,
1023 5459 1116 5516 29.
1185 5458 1231 5492 δ’
1258 5457 1416 5513 Rom.
1449 5471 1531 5517 ill,
1559 5456 1656 5510 23.
1725 5453 1772 5526 '_°
1787 5450 1889 5505 Job
1935 5448 2135 5526 armi.
2166 5518 2178 5526 _
2211 5447 2256 5480 ἰ
2284 5448 2300 5501 Ι

2166 5518 2178 5526 _
2211 5447 2256 5480 "
2284 5448 2433 5526 Eccl;
2464 5448 2690 5526 vn_._2l._
2739 5447 2824 5502 l"l
2851 5445 3006 5503 loan.
3035 5463 3098 5526 v1
3123 5445 3212 5504 18.
3303 5444 3351 5479 ³³
3373 5441 3535 5502 Joan.
3577 5455 3700 5510 vni,
3721 5437 3810 5499 i9.

565 5536 622 5572 ³⁸
657 5517 922 5598 nonin,
950 5517 1006 5588 ιζ
1071 5531 1116 5565 ⁸⁵
1145 5529 1265 5586 Gal.
1299 5544 1372 5595 tv,
1393 5527 1448 5581 4.
1523 5526 1570 5557 ⁵⁸
1603 5524 1772 5579 Exod.
1804 5537 1895 5586 xx,
1928 5519 2038 5586 12;
2082 5518 2222 5588 Ephc

2166 5518 2280 5574 hcs.
2305 5535 2382 5586 vi,
2405 5520 2460 5574 2.
2535 5519 2606 5550 ⁵⁸⁵
2661 5517 2858 5574 Joann.
2886 5533 3005 5584 vm,
3033 5517 3125 5573 49.
3813 5535 3820 5544 ·

2255 5639 2328 5712 μὴ
2366 5640 2554 5714 ἑτέρῳ·

656 5655 770 5728 (96)
801 5654 1098 5728 Ferrarius
1127 5650 1340 5728 videtur
1393 5646 1589 5728 legisse
1633 5642 1744 5699 τῶν
1795 5637 2141 5714 τιμωμένων,
2255 5639 2337 5728 μὴ,
2355 5640 2519 5728 Et:ng

2325 5705 2437 5786 ('28)
2461 5705 2601 5769 'llzcc
2638 5709 3003 5782 supplevimus
3025 5721 3056 5764 e
3075 5705 3346 5766 Perionio.

584 5717 764 5782 del‘eta'
790 5722 1055 5793 particula
1097 5720 1346 5793 negativa
1377 5717 1470 5793 μή.

655 5795 769 5865 (ετ)
792 5780 970 5849 Codex
999 5780 1220 5860 Regius,
1251 5780 1329 5856 τῷ
1360 5780 1456 5856 τὴν
1485 5784 1646 5857 τιμὴν
1677 5783 1774 5856 τὴν
1812 5781 1996 5854 τιμὴν,
2050 5780 2144 5835 καὶ
