4196 6442
400 400 406 405 .
471 360 573 417 661

1531 354 1890 414 COMMENT.
1931 356 1996 414 ΙΝ
2026 355 2220 414 ιοΑΝ.
2261 355 2498 413 TOMUS
2540 355 2655 412 XX.

3608 350 3713 405 662

465 482 581 535 οὐκ
619 480 756 548 ἅχω,
782 479 943 535 ἀλλὰ
973 479 1116 551 τιμῶ
1149 482 1257 543 τὸν
1278 479 1510 547 Πατέρα
1537 495 1677 548 μου·
1718 480 1773 531 ot
1803 476 2039 548 μιμηταὶ

2143 475 2446 532 elliciamur
2470 473 2565 528 lilii
2594 473 2712 538 Dei,
2746 485 2851 526 non
2891 470 3123 541 amplius
3153 470 3468 524 vocabimus
3496 479 3707 537 patrem

461 568 650 635 αὐτοῦ,
682 569 913 634 ἕκαστος
957 572 1099 627 κατὰ
1144 571 1373 643 δύναμιν
1402 571 1580 625 πάντα
1614 570 1834 640 ἰσχύσας
1876 571 1933 622 ἐν
1965 568 2042 639 τῷ

462 659 848 732 ὲνδυναμοῦντι
899 662 1059 717 αὐτὸν
1107 663 1325 735 Χριστῷ
1365 662 1560 734 Ἰησοῦ,
1603 662 1697 717 καὶ
1727 664 1888 726 αὐτὸς
1928 664 2044 733 ὲρεῖ

462 751 527 805 τό
548 768 562 782 ·
608 750 757 823 Ἐγὼ
783 751 1094 822 δαιμόνιον
1119 756 1231 810 οὐκ
1257 754 1395 824 ἔχω,
1422 753 1582 811 ἀλλὰ
1613 753 1756 824 τιμῶ
1790 754 1897 808 τὸν
1926 757 2043 808 Πα-

464 841 606 910 τέρα
623 859 766 912 μου.
823 842 920 909 Τίς
951 844 1009 898 δὲ
1057 848 1271 915 νεκροῖς
1297 845 1492 911 συνὼν,
1526 846 1622 900 καὶ
1646 847 1704 900 έν
1748 846 1937 916 τάφοις
1966 848 2045 898 οἰ-

465 935 582 987 κῶν
622 933 874 1006 δυνηθείη
926 935 992 989 ἂν
1036 938 1208 991 εἰπεῖν
1240 936 1334 990 τό·
1399 936 1541 1007 Ἐγὼ
1585 936 1893 1006 δαιμόνιον
1930 937 2045 989 οὐκ

465 1022 623 1092 Exeo;
652 1023 686 1095 ἢ
716 1023 803 1089 τίς
846 1023 975 1079 ἄλλο
1018 1042 1072 1079 τι
1106 1024 1256 1097 παρὰ
1286 1026 1379 1079 τδν
1409 1026 1561 1088 Θεὸν.
1615 1027 1709 1081 καί
1750 1025 1844 1079 τδν
1873 1025 2043 1094 Λόγον

466 1115 657 1181 αὐτοῦ,
684 1112 781 1172 καὶ
807 1117 868 1172 τὸ
909 1118 1013 1172 ὑπὸ
1040 1117 1135 1171 τοῦ
1176 1117 1350 1186 ,Λόγου
1383 1119 1817 1189 προτασσύμενον
1848 1116 2040 1186 τιμῶν,

468 1209 644 1279 ἑτέρῳ
683 1207 783 1280 τὴν
820 1209 988 1281 τιμήν
1033 1208 1225 1273 διδοὺς,
1252 1208 1369 1263 δέον
1399 1208 1500 1281 τήν
1536 1208 1700 1281 τιμὴν
1737 1210 2044 1263 ἀποδιδόναι

467 1299 640 1370 αὐτῷ,
669 1300 815 1353 είποι
843 1299 956 1372 (29)
991 1300 1078 1365 ἀν,
1107 1299 1184 1364 ὡς
1220 1298 1393 1370 Ἰησοῦ
1432 1299 1705 1371 μαθητής·
1746 1301 1930 1355 Ἀλλὰ
1965 1318 2046 1354 τι·

461 1389 560 1460 μῶ
604 1389 711 1445 τὸν
737 1389 973 1459 Πατέρα
1002 1406 1159 1460 μου;
1210 1390 1366 1461 Ἑξῆς
1399 1392 1515 1443 ἐστι
1553 1390 1761 1454 τούτοις
1801 1390 1863 1444 τό
1884 1407 1897 1420 ·
1933 1390 2045 1445 Καί

467 1480 639 1551 ὑμεῖς
674 1480 975 1551 ἀτιμάζετέ
995 1500 1092 1551 με,
1123 1482 1408 1554 εἰρημένον
1437 1481 1571 1553 πρὸς
1593 1483 1719 1547 τοὺς
1742 1482 2046 1553 ἀτιμάσαν-

467 1589 569 1635 τας
593 1572 774 1634 αὑτὸν,
807 1574 903 1626 καὶ
946 1570 1100 1628 εἷπον
1132 1573 1280 1644 αύτῷ
1319 1574 1406 1628 τό⁹
1445 1576 1527 1628 θὺ
1558 1574 1757 1641 καλῶς
1792 1574 2049 1645 λέγομεν

469 1663 663 1733 ἡμεῖς,
693 1663 782 1718 ὅτι
805 1665 1171 1734 Σαμαρείτης
1193 1660 1254 1719 εἷ
1271 1664 1373 1728 σὺ,
1399 1665 1499 1719 καί
1525 1664 1831 1735 δαιμόνιον
1851 1667 2046 1736 ἔχεις;

468 1752 745 1824 οἰηθέντες
772 1752 835 1807 τὸ
879 1753 1067 1817 κακῶς
1113 1754 1403 1826 εἰρημένον
1448 1752 1627 1818 καλῶς
1656 1752 2007 1825 λελαληκέναι
2028 1771 2043 1785 ο

468 1821 655 1908 κακῶς
678 1844 787 1915 γὰρ
806 1844 1052 1915 νοοῦντες
1071 1821 1415 1918 Σαμαρείτην
1441 1845 1534 1899 καὶ
1561 1821 2047 1917 δαιμόνιον-ἔχοντα
2079 1821 2119 1875 Β

467 1936 561 1989 τὸν
614 1935 844 2006 Σωτῆρα
901 1936 1267 2008 ἀπεφήναντο.
1329 1935 1634 2007 Νομιστέον
1682 1936 1740 1990 δὲ
1794 1937 1886 1991 τό·
1940 1939 2050 1993 Καὶ

466 2026 638 2092 ὑμεῖς
662 2025 963 2097 ἀτιμάζετέ
985 2044 1082 2097 με,
1113 2028 1235 2099 ούχί⁸
1278 2028 1372 2081 καὶ
1397 2028 1626 2091 ἐκείνοις
1673 2028 1855 2098 μόνοις
1902 2029 2052 2101 εἰρῆ-

470 2119 595 2173 σθαι
621 2120 763 2184 τότε,
798 2118 935 2173 ἀλλά
958 2120 1051 2174 καὶ
1077 2122 1189 2184 τοῖς
1217 2121 1305 2175 ἀεὶ
1328 2120 1671 2191 ἀτιμάζουσι,
1702 2120 1768 2174 δι’
1789 2112 1864 2175 ὧν
1888 2120 2054 2192 πράτ-

467 2226 623 2264 τουσι
667 2209 820 2278 παρά
861 2210 953 2264 τὸν
975 2210 1134 2283 ὀρθὸν
1166 2210 1344 2283 λόγον,
1376 2211 1468 2265 τὸν
1499 2209 1593 2264 τοῦ
1620 2210 1777 2274 Θεοῦ,
1821 2211 1915 2265 καὶ
1938 2211 2053 2265 ἀτι-

474 2299 726 2371 μάζουσι,
774 2300 841 2354 δι’
871 2295 948 2355 ὧν
990 2299 1257 2366 ἀδικοῦσι,
1302 2300 1394 2355 τὸν
1431 2301 1686 2373 Χριστὸν,
1721 2302 1781 2366 ὅς
1813 2303 1927 2354 ἐστι
1972 2301 2050 2355 δι-

472 2392 754 2465 καιοσύνη,
805 2393 902 2447 καὶ
950 2392 1298 2464 ἀτιμάζουσι,
1347 2392 1416 2447 δι’
1465 2386 1542 2448 ὧν
1583 2393 1726 2447 κατὰ
1747 2393 2051 2465 ἀδυναμίαν

473 2484 569 2535 καὶ
596 2482 879 2537 ἀσθένειαν
900 2480 1226 2546 ἐπιτελοῦσι,
1255 2484 1354 2554 τὴν
1372 2482 1466 2536 τοῦ
1489 2482 1624 2536 Θεοῦ
1655 2483 1902 2554 δύναμιν,
1932 2484 2053 2554 ἥτις

473 2573 623 2626 ἐστὶν
644 2574 672 2626 ὁ
697 2575 889 2647 Σωτήρ
907 2591 921 2605 ·
951 2574 1186 2646 Χριστὸς
1205 2573 1312 2646 γὰρ
1335 2574 1469 2627 Θεοῦ
1499 2574 1746 2646 δύναμις.
1786 2576 1896 2628 Καὶ
1917 2591 2052 2629 παν-

471 2664 528 2717 τὶ
557 2664 613 2717 δὲ
650 2663 728 2734 τῷ
760 2664 1124 2731 ὲξουδενοῦντι
1166 2665 1358 2734 σοφίαν
1403 2663 1619 2737 λεχθείη
1653 2663 1718 2719 ἂν
1741 2664 1826 2718 τό·
1866 2666 1904 2716 ἰ
1919 2664 2052 2734 μεῖς

470 2751 774 2823 ἀτιμάζετέ
817 2770 922 2823 με’
976 2752 1207 2823 ἐπείπερ
1234 2754 1470 2825 Χριστὸς
1512 2753 1606 2806 καὶ
1661 2750 1821 2820 σοφία
1868 2752 2046 2805 ἐστίν’

470 2844 607 2899 ἀλλά
636 2846 731 2899 καὶ
777 2847 825 2899 εἰ
868 2844 986 2900 δέον
1009 2845 1071 2898 τὸ
1099 2845 1157 2911 ἐξ
1202 2842 1367 2899 αὐτοῦ
1402 2860 1523 2897 τινα
1550 2842 1689 2915 μετά
1712 2843 1930 2898 πάντων
1959 2845 2052 2897 ἀν-

473 2939 707 3011 θρώπων
753 2938 1075 3011 εἰρηνεύειν,
1111 2938 1240 2991 ὥστ’
1265 2936 1332 2991 ἂν
1380 2938 1554 2991 εἰπεῖν
1603 2936 1666 2989 τὸ
1713 2936 2049 3011 προφητικὸν

472 3034 675 3086 ὲκεῖνου
730 3031 892 3085 Μετὰ
940 3029 1058 3084 τῶν
1082 3029 1425 3100 μισούντων
1464 3027 1580 3097 τὴν
1613 3027 1862 3096 εἰρήνην
1887 3027 2052 3098 ἤμην

2143 581 2305 634 super
2340 574 2540 621 terram
2600 579 2666 619 eo
2714 562 2857 632 quod
2906 562 3037 618 l'acti
3074 561 3339 617 fuerimus
3394 560 3488 615 lilii
3532 560 3721 616 Patris‘

2142 658 2382 712 caelestis
2405 657 2473 720 ⁸⁷,
2506 654 2814 724 fratresque
2845 655 3120 710 dicentis:
3174 652 3321 708 Vada
3369 651 3441 706 ad
3495 649 3711 706 Patrem

2143 762 2338 812 meum,
2370 757 2418 801 et
2450 743 2664 799 Patrem
2689 753 2936 809 vestram,
2961 755 3007 797 et
3033 742 3201 797 Deum
3239 758 3440 807 meum,
3470 750 3520 796 et
3544 738 3713 794 Deum

2142 849 2371 891 vestrum
2412 836 2480 889 ⁸⁸.
2505 835 2866 903 Quamobrem
2900 834 3244 904 perspicuum
3284 841 3368 889 est
3417 830 3559 902 quod
3588 845 3718 901 pro.
3750 905 3759 913 Π

2143 929 2440 997 priissime,
2469 938 2523 982 et
2556 927 2951 997 perfectissime
2974 926 3191 980 dicente
3224 922 3351 979 Jesu
3379 943 3393 978 :
3442 920 3556 994 Ego
3609 923 3719 976 dw-

2143 1023 2375 1075 monium
2401 1036 2505 1074 non
2528 1020 2714 1086 habeo,
2735 1019 2827 1074 sed
2849 1019 3051 1073 honoro
3073 1015 3287 1071 Patrem
3312 1031 3483 1069 meum
3499 1057 3515 1082 ,
3548 1027 3716 1069 unus-

2143 1112 2376 1182 quisque
2402 1120 2648 1166 nostrum
2681 1112 2929 1166 imitator
2950 1109 3091 1180 ejus,
3124 1108 3301 1179 quoad
3331 1107 3450 1162 ﬁeri
3490 1115 3664 1178 potest
3693 1144 3713 1172 ,

2144 1214 2198 1259 et
2221 1204 2402 1259 omnia
2423 1211 2615 1273 potens
2640 1203 2692 1258 in
2717 1202 2935 1258 Christo
2953 1199 3077 1256 Jesu
3094 1217 3214 1256 eum
3233 1199 3620 1255 corroborante
3640 1197 3713 1263 ⁸⁸,

2145 1294 2388 1349 dicturus
2409 1294 2572 1348 etiam
2600 1304 2681 1349 est
2710 1313 2724 1349 ε
2752 1291 2864 1363 Ego
2897 1293 3212 1347 daemonium
3238 1286 3711 1362 non358habeo,

2145 1385 2236 1439 sed
2247 1384 2526 1439 cohonesto
2550 1382 2766 1439 Patrem
2782 1400 2972 1439 meum.
2987 1382 3250 1438 Caeterum
3270 1382 3392 1453 quis
3413 1384 3554 1436 inter
3572 1396 3716 1436 mor-

2149 1484 2272 1530 tuos
2295 1489 2543 1539 versans,
2584 1477 2635 1529 in
2671 1475 3047 1545 sepulcrisque
3073 1475 3325 1530 habitans
3355 1475 3533 1530 dicere
3560 1485 3715 1543 pote-

2146 1567 2220 1623 rit
2248 1585 2261 1622 :
2298 1565 2410 1636 Ego
2436 1567 2754 1621 daemonium
2785 1583 2888 1620 non
2916 1568 3080 1621 habeo
3103 1566 3130 1621 1’
3157 1565 3242 1620 vel
3290 1566 3413 1637 quis
3441 1565 3716 1636 quidpiam

2147 1662 2292 1717 aliud
2319 1662 2595 1716 bonorans
2627 1670 2832 1730 praeter
2858 1660 3047 1727 Deum,
3101 1659 3451 1731 Verbumque
3495 1660 3665 1730 ipsius
3696 1698 3714 1726 ,

2148 1768 2210 1808 ac
2236 1762 2435 1823 praeter
2463 1752 2517 1806 id
2553 1752 2694 1821 quod
2726 1766 2757 1805 a
2804 1750 2983 1806 Verbo
3015 1750 3324 1819 praecipitur
3351 1750 3507 1805 alteri
3540 1751 3716 1806 hono-

2153 1861 2266 1901 rem
2297 1846 2560 1911 tribuens,
2588 1860 2710 1900 cum
2735 1843 3043 1898 sitnecesse
3067 1842 3329 1917 honorem
3354 1843 3427 1898 illi
3453 1843 3717 1912 tribuere,

2153 1939 2399 1995 dicturus
2429 1946 2514 1993 est
2547 1946 2799 2007 tanquam
2837 1933 2964 1989 Jesu
2996 1934 3292 2005 discipulus
3320 1953 3333 1990 :
3368 1934 3473 1990 Sed
3516 1934 3718 1990 honoro

2152 2026 2367 2084 Patrem
2390 2030 2608 2084 meum?
2635 2029 2719 2084 cui
2748 2028 2894 2083 dicto
2919 2030 3226 2098 proximum
3255 2036 3338 2084 est
3363 2028 3468 2084 hoc
3498 2046 3512 2083 :
3536 2030 3602 2082 Et
3630 2045 3718 2102 vos

2151 2119 2437 2187 ignominia
2472 2134 2553 2172 me
2581 2118 2804 2187 amcitia,
2838 2120 2981 2186 quod
3029 2118 3232 2173 dictum
3278 2125 3364 2173 est
3392 2118 3460 2172 ad
3490 2132 3584 2172 eos
3624 2118 3719 2187 qui

2153 2208 2303 2262 illum
2335 2209 2672 2278 contemptui
2711 2206 2984 2262 habebant
3011 2247 3027 2273 ,
3056 2207 3259 2277 quique
3293 2207 3368 2262 illi
3416 2207 3669 2263 dicebant
3700 2227 3716 2262 :

2154 2300 2347 2355 Nonne
2370 2302 2493 2357 bene
2515 2301 2741 2356 dicimus
2768 2316 2883 2365 nos,
2906 2302 3047 2370 quod
3082 2298 3454 2357 Samaritanus
3483 2317 3537 2355 es
3570 2310 3647 2368 tu,
3668 2306 3723 2355 et

2151 2390 2474 2445 daemonium
2501 2390 2658 2445 habes
2680 2392 2707 2445 .9
2737 2390 3147 2455 existimantes,
3199 2391 3345 2463 quod
3395 2391 3535 2447 male
3564 2390 3720 2447 dixe-

2155 2489 2297 2545 rant,
2337 2496 2395 2537 se
2429 2481 2565 2537 bene
2593 2482 2798 2538 dixisse
2826 2500 2841 2536 :
2872 2481 3014 2537 male
3041 2480 3187 2537 enim
3213 2481 3517 2554 cogitantes
3549 2496 3724 2537 enun-

2156 2573 2363 2628 tiarunt
2400 2571 2740 2630 Servatorem
2780 2574 3190 2631 Samaritanum
3217 2617 3234 2645 ,
3284 2584 3341 2630 et
3394 2575 3722 2631 daemonium

2152 2665 2467 2723 habentem.
2518 2665 2627 2723 Nec
2658 2683 2788 2723 vero
2828 2668 3252 2724 existimandum
3302 2676 3388 2723 est
3436 2666 3540 2724 illis
3591 2666 3723 2724 solis

2153 2767 2281 2814 tunc
2303 2760 2505 2814 dictum
2537 2758 2747 2816 fuisse:
2787 2761 2856 2816 Et
2909 2780 2996 2819 vos
3046 2761 3337 2833 ignominia
3375 2776 3456 2814 me
3490 2759 3720 2831 adicitis,

2150 2850 2245 2904 sed
2283 2850 2367 2905 his
2393 2851 2559 2907 etiam
2599 2853 2689 2923 qui
2720 2864 2978 2922 perpetuo
3009 2853 3311 2920 Christum,
3335 2855 3425 2923 qui
3456 2862 3541 2909 est
3559 2853 3723 2923 justi-

2155 2938 2253 3005 tia,
2280 2939 2576 3010 ignominia
2608 2939 2848 2998 alliciunt
2894 2959 2990 3013 per
3015 2957 3077 2998 ea
3121 2956 3242 3013 quae
3275 2943 3474 3012 injuste
3504 2951 3668 3013 agunt
3702 2957 3719 3008 ;

2151 3039 2319 3098 atque
2350 3034 2511 3084 etiam
2546 3031 2631 3086 his
2657 3031 2749 3101 qui
2798 3031 3090 3103 ignominia
3124 3033 3419 3103 potentiam
3468 3031 3561 3087 Dei
3601 3032 3723 3086 al'li-

470 3101 790 3194 slpnrmdg,
847 3122 940 3176 καὶ
993 3121 1110 3175 δέον
1158 3119 1444 3175 ἀναλαϐεῖν
1515 3119 1613 3191 τὴν
1679 3119 2050 3191 ὑπερέχουσαν

2154 3121 2329 3187 ciunt,
2359 3136 2479 3189 qua:
2510 3132 2594 3177 est
2621 3101 2882 3178 Servatur
2905 3101 3194 3194 (Christus
3222 3126 3367 3180 enim
3398 3130 3483 3180 est
3505 3123 3598 3179 Dei
3629 3139 3721 3195 po-

472 3308 568 3361 καὶ
595 3304 663 3359 τὰ
697 3306 943 3377 νοήματα
973 3303 1066 3358 τοῦ
1101 3303 1450 3374 ἀνειληφότος
1481 3303 1671 3374 αὐτήν.
1725 3304 1788 3357 Εἰ
1815 3304 1871 3357 δὲ
1897 3303 2054 3359 πολε-

474 3397 634 3468 μικός
669 3395 781 3466 (50)
810 3412 894 3458 τις
942 3394 1049 3464 εἴη,
1079 3394 1175 3448 καὶ
1211 3392 1443 3460 δάκνων,
1474 3392 1569 3445 καὶ
1604 3391 2048 3465 καταιτιώμενος,

472 3487 570 3542 καὶ
596 3485 894 3541 κατεσθίων
925 3484 1017 3539 τὸν
1048 3483 1295 3555 πλησίον,
1335 3484 1430 3536 καὶ
1481 3483 1910 3556 πεπληρωμένος
1952 3484 2053 3554 τῆς

472 3578 534 3632 ἐν
578 3577 657 3649 τῷ
689 3575 1001 3649 ἡγεμονικῷ
1034 3574 1229 3630 ἑαυτοῦ
1275 3574 1516 3640 στάσεως
1546 3574 1655 3629 τῶν
1698 3575 1907 3640 παθῶν,
1959 3576 2054 3630 καὶ

471 3669 647 3740 τούτῳ
677 3669 743 3724 ἂν
788 3668 1005 3740 λεχθείη
1053 3668 1147 3722 τό·
1213 3667 1397 3738 Ὑμεῖς
1436 3666 1738 3738 ἀτιμάζετέ
1769 3686 1846 3737 με
1867 3685 1881 3699 ·
1918 3669 2053 3740 Χρι-

473 3760 598 3825 στὸς
630 3762 738 3833 γάρ
770 3761 919 3814 ἐστιν
949 3761 983 3830 ή
1017 3760 1208 3832 εἰρήνη
1238 3758 1416 3831 ήμῶν.
1455 3759 1575 3812 Ἔτι
1603 3758 1661 3813 δὲ
1687 3758 1917 3831 ἐπείπερ
1945 3761 2053 3823 πᾶς

472 3854 508 3907 ὀ
539 3851 755 3920 φαῦλα
772 3850 1068 3919 πράσσων
1089 3849 1259 3920 μισεῖ
1284 3849 1351 3904 τὸ
1373 3849 1519 3918 φῶς,
1551 3847 1649 3903 καί
1677 3852 1786 3904 οὐκ
1819 3850 2054 3920 ἔρχεται

473 3943 627 4011 πρὸς
650 3941 718 3997 τὸ
761 3941 907 4012 φῶς,
943 3941 1058 4011 φῶς
1078 3941 1134 3995 δέ
1173 3942 1320 3994 ἐστιν
1352 3944 1381 3996 ὁ
1407 3939 1577 3994 εἰπών
1600 3958 1613 3971 ο
1666 3940 1813 4011 Ἐγώ
1836 3945 1951 4012 εἰμι
1984 3942 2052 3997 τὸ

473 4034 601 4105 φῶς
621 4034 729 4090 τοῦ
749 4035 1002 4105 κόσμου,
1025 4033 1201 4104 δῆλον,
1228 4034 1309 4087 ὅτι
1343 4032 1520 4102 φαῦλα
1551 4033 1831 4104 πράσσων,
1857 4034 2055 4105 ἀτιμά-

474 4126 585 4193 ζων
613 4127 674 4193 τρ
700 4126 835 4196 φῶς,
864 4125 1118 4196 ἀτιμάζει
1150 4124 1406 4196 Χριστὸν,
1435 4124 1528 4178 καὶ
1559 4124 1721 4188 αὐτὸς
1753 4125 2053 4197 ἀκουσόμε-

472 4237 563 4283 νος
593 4219 686 4272 τό·
720 4217 833 4271 Καὶ
864 4216 1033 4285 ὑμεῖς
1073 4213 1374 4285 ἀτιμάζετέ
1408 4231 1505 4284 με.
1540 4215 1651 4268 Καὶ
1676 4215 1730 4269 τί
1759 4232 1826 4288 με
1852 4215 1933 4270 δεῖ
1960 4217 2054 4271 ἐπὶ

474 4310 638 4364 πλέον
676 4307 935 4380 μηκύνειν
972 4307 1062 4361 τὸν
1109 4306 1287 4376 λόγον,
1337 4305 1773 4375 ἀναπτύσσοντα,
1820 4309 1915 4363 καὶ
1938 4308 2050 4363 δει-

475 4400 680 4454 κνύντα
720 4399 864 4461 τίνες
890 4398 1026 4453 εἰσὶν
1072 4398 1123 4451 οἰ
1171 4396 1511 4468 ἐλεγχόμενοι
1561 4397 1667 4451 ὑπὸ
1715 4397 1811 4451 τοῦ
1853 4397 2052 4471 Ἰησοῦ,

359 3234 363 3243 ·
471 3215 609 3270 Θεοῦ
643 3215 819 3271 πάντα
850 3214 974 3268 νοῦν
1020 3214 1264 3285 εἰρήνην,
1316 3210 1656 3284 φρουροῦσαν
1686 3212 1787 3284 τὴν
1827 3212 2051 3284 καρδίαν

2158 3211 2324 3265 tentia
2356 3211 2461 3281 ⁶⁸),
2485 3226 2550 3265 ex
2586 3211 2671 3266 his
2703 3226 2824 3281 quae
2851 3211 3088 3268 elﬁciunt
3139 3215 3192 3269 in
3226 3214 3508 3271 debilitate
3551 3222 3607 3270 et
3635 3216 3720 3268 in-

2153 3300 2435 3359 ﬁrmitate.
2459 3303 2599 3368 Quin
2623 3304 2789 3357 etiam
2823 3305 3130 3373 cuicunque
3166 3306 3439 3374 spernenti
3488 3304 3581 3359 Dei
3631 3317 3722 3359 sa-

2152 3385 2650 3462 pientiam'dicetur
2682 3411 2696 3448 :
2739 3390 2844 3446 Vos
2875 3394 3165 3464 ignominia
3193 3410 3275 3448 me
3300 3393 3524 3465 aﬁicitis,
3555 3407 3722 3463 quau-

2154 3483 2441 3555 doquidem
2487 3484 2738 3565 Christus
2793 3485 2961 3541 etiam
3014 3496 3097 3542 est
3145 3486 3410 3557 sapientia
3439 3485 3484 3518 “
3518 3484 3721 3560 [atque

2152 3577 2314 3630 etiam
2344 3588 2448 3644 pax
2475 3573 2578 3648 ⁶²].
2602 3576 2753 3644 Quod
2782 3576 2828 3631 si
2856 3576 3122 3646 quispiam
3153 3586 3236 3632 est
3263 3591 3329 3632 ex
3357 3578 3494 3646 ipso,
3544 3577 3588 3631 is
3617 3590 3719 3647 pa-

2153 3683 2268 3724 cem
2299 3669 2461 3724 etiam
2493 3684 2619 3725 cum
2650 3670 2961 3725 hominibus
2981 3669 3231 3724 Omnibus
3254 3667 3450 3722 habeat
3477 3676 3717 3737 oportet,

2153 3761 2295 3817 adeo
2319 3770 2378 3817 ut
2403 3762 2547 3817 dicat
2574 3764 2946 3832 propheticum
2985 3762 3115 3816 illud
3144 3779 3158 3816 :
3192 3760 3325 3816 Cum
3361 3761 3449 3814 his
3465 3762 3553 3830 qui
3593 3759 3720 3814 ode-

2153 3864 2274 3909 runt
2300 3871 2499 3925 pacem,
2535 3871 2680 3909 eram
2704 3853 2955 3924 paciﬁcus
2982 3851 3051 3918 “,
3089 3853 3410 3920 opusetiam
3438 3860 3521 3908 est
3547 3860 3605 3906 ut
3633 3866 3721 3907 re-

2152 3945 2319 4014 cipiat
2373 3959 2562 4014 pacem
2611 3953 2958 4011 superantem
3015 3954 3229 3996 omnem
3287 3943 3378 3997 Dei
3422 3941 3719 4011 intelligen-

2155 4033 2283 4088 tiam
2303 4034 2366 4099 “,
2399 4050 2601 4105 corque
2617 4036 3300 4090 custodientemetsensus
3323 4035 3440 4104 ejus
3470 4035 3560 4104 qui
3592 4049 3715 4088 eam

2156 4129 2447 4198 receperit.
2472 4126 2631 4195 Quod
2660 4128 2704 4181 si
2740 4128 2882 4197 quis,
2915 4127 3146 4182 bellandi
3188 4128 3436 4196 cupidus,
3474 4127 3721 4180 mordeat.

2152 4219 2317 4274 etiam
2349 4219 2664 4287 incusetque
2683 4232 2747 4272 ac
2769 4220 2988 4272 devoret
3004 4219 3332 4287 proximum,
3357 4219 3536 4288 sitque
3554 4218 3716 4271 etiam

2152 4311 2350 4380 plenus
2380 4310 2826 4380 perturbationis,
2875 4324 3037 4364 causa
3070 4309 3351 4363 seditionis
3402 4306 3719 4362 exsisteutis

2155 4401 2210 4456 iu
2242 4418 2339 4457 suo
2366 4401 2531 4472 ipsius
2554 4402 2752 4458 animat
2780 4401 3110 4473 principatu,
3134 4400 3262 4454 huic
3288 4400 3450 4454 etiam
3469 4400 3717 4453 dicetur:

473 4492 570 4544 καὶ
609 4490 894 4552 ἀκούοντες
924 4489 1016 4543 ὑπ’
1048 4488 1209 4542 αὑτοῦ
1260 4488 1323 4542 τό
1334 4505 1359 4519 ἰ
1396 4489 1579 4559 Ὑμεῖς
1616 4490 1917 4560 ἀτιμάζετέ
1947 4509 2045 4561 με,

2164 4491 2264 4547 Vos
2287 4495 2572 4577 ignominia
2597 4511 2677 4551 me
2702 4496 2916 4566 efﬁcitis
2934 4513 2953 4551 :
2974 4493 3216 4553 Christus
3233 4492 3374 4546 enim
3402 4506 3505 4561 pax
3534 4499 3719 4545 nostra

476 4582 662 4651 σαφῶν
692 4582 861 4636 ὄντων
891 4583 956 4634 ἐκ
977 4579 1084 4633 τῶν
1109 4580 1535 4653 ἀποδεδομένων,
1567 4582 1662 4636 καὶ
1685 4580 1793 4636 τῶν
1814 4582 2046 4655 δυναμέ-

471 4690 580 4729 νων
606 4672 815 4737 τούτοις
843 4672 1150 4736 ἀκολούθως
1175 4672 1355 4738 αύτοῖς
1389 4670 1779 4729 συνάπτεσθαι.

2151 4594 2234 4639 est
2267 4584 2333 4639 ⁸⁵.
2361 4584 2572 4643 Rursus
2599 4588 2854 4656 quoniam
2879 4592 2966 4659 qui
2987 4593 3122 4644 male
3164 4590 3296 4660 agit,
3321 4585 3430 4643 odit
3455 4581 3643 4654 lucem,
3667 4591 3720 4641 et

2150 4692 2259 4732 non
2280 4678 2413 4732 venit
2443 4679 2513 4733 ad
2543 4681 2710 4733 lucem
2733 4680 2800 4746 °°,
2831 4680 3029 4749 luxque
3056 4692 3142 4737 est
3178 4681 3267 4736 ille
3284 4681 3377 4752 qui
3401 4681 3535 4735 dixit
3565 4698 3578 4735 :
3604 4680 3717 4749 Ego

452 4766 715 4822 sumtu
740 4765 1041 4832 mundi",
1073 4765 1418 4836 perspicuum
1450 4776 1537 4822 est
1589 4768 1736 4834 quod
1789 4765 1881 4838 qui
1931 4766 2074 4825 male
2124 4769 2258 4837 agit,
2311 4770 2604 4840 ignominia
2659 4772 2834 4828 lucem
2894 4772 3155 4838 alliciens,
3210 4771 3502 4842 ignominia
3548 4769 3713 4824 etiam

471 4857 751 4915 Christum
806 4856 1039 4925 adiciat;
1076 4859 1363 4915 auditurus
1409 4860 1573 4916 etiam
1601 4878 1629 4917 :.
1660 4859 1728 4915 Et
1763 4877 1852 4915 vos
1897 4861 2192 4932 ignominia
2241 4879 2324 4919 me
2387 4867 2613 4937 amcitia.
2647 4867 2714 4923 Et
2741 4868 2871 4938 quid
2915 4882 3050 4938 opus
3099 4877 3184 4924 est
3231 4868 3284 4921 iu
3329 4865 3547 4934 longum
3591 4876 3718 4931 pro-

473 4951 692 5008 trahere
715 4951 1431 5020 xermouem,explicantern
1490 4963 1548 5010 et
1587 4958 1957 5011 ostendentem
1983 4957 2205 5027 quinant
2244 4958 2355 5016 sint
2403 4962 2497 5033 qui
2547 4978 2579 5018 ιι
2622 4960 2749 5019 Jesu
2810 4963 3227 5034 redarguantur,
3256 4967 3314 5016 et
3351 4958 3446 5032 qui
3485 4957 3594 5013 sint
3621 4959 3718 5027 qui

474 5043 700 5100 audiant
736 5045 806 5099 ab
832 5044 956 5115 ipso
979 5059 999 5098 :
1062 5041 1161 5100 Vae
1205 5046 1492 5117 ignominia
1533 5064 1617 5104 me
1657 5049 1898 5120 afﬁcitur,
1938 5066 2064 5108 cum
2105 5053 2377 5112 manifesti
2433 5057 2544 5112 sint
2569 5072 2636 5114 ex
2678 5057 2765 5113 bis
2789 5071 2910 5129 quae
2931 5056 3303 5128 explicuimus,
3325 5062 3380 5109 et
3403 5068 3472 5110 ex
3494 5053 3576 5108 his
3597 5066 3718 5121 qua:

475 5137 563 5193 his
591 5143 990 5205 consequenter
1012 5136 1272 5207 conjungi
1308 5151 1537 5206 possunt
1570 5140 1595 5194 ?

412 5220 437 5310 ξ
543 5229 634 5285 50.
662 5229 817 5284 Μετά
848 5228 1025 5283 ταῦτα
1065 5228 1263 5302 ἴδωμεν
1302 5231 1356 5284 τί
1385 5232 1502 5286 ὲστι
1544 5233 1633 5287 τόο
1700 5235 1848 5308 Ἐγὼ
1880 5235 1949 5292 δὲ
1977 5239 2050 5293 οὑ

2232 5236 2397 5311 359
2418 5238 2510 5294 30.
2540 5237 2670 5294 Post
2691 5238 2807 5294 haec
2829 5236 3109 5293 videamus
3132 5234 3260 5306 quid
3281 5234 3386 5290 sit:
3409 5237 3522 5303 Ego
3541 5240 3715 5288 autem
3771 5261 3801 5316 χ

545 5411 591 5486 Ἶ
624 5409 813 5486 Matth.
839 5425 997 5486 χχιιι,
1028 5411 1082 5486 ξι..
1116 5482 1130 5486 _
1157 5411 1383 5486 _‘°__.lnau.
1427 5430 1519 5486 xx,
1556 5416 1641 5470 l7.
1719 5418 1765 5450 ⁸³
1794 5418 1988 5486 Philip.
2016 5432 2051 5470 ιι

2151 5416 2205 5472 5.
2261 5417 2348 5486 1°
2389 5415 2568 5472 lCor.
2624 5432 2664 5484 ι,
2707 5416 2841 5486 2t._
2878 5408 3091 5469 “ibid.
3168 5416 3444 5486 «{Ephes.
3486 5395 3570 5483 in,
3622 5413 3719 5472 tt.

476 5478 523 5514 ⁶³
557 5481 697 5536 Psal.
723 5496 871 5548 cxtx,
903 5482 956 5536 7.
1031 5482 1077 5514 “
1111 5482 1307 5558 Philip.
1350 5498 1421 5549 tv,
1457 5478 1515 5540 7.
1591 5487 1636 5519 ⁸⁸
1657 5486 1857 5557 Epltes.
1898 5478 1957 5553 ιι,
1986 5487 2070 5541 Η.

546 5663 660 5744 ςᾷθ)
687 5663 869 5744 codex
903 5662 1124 5744 Regius,
1153 5661 1314 5733 male,
1340 5664 1458 5721 δέον
1486 5666 1566 5741 τῷ
1592 5666 1690 5742 τήν
1719 5668 1883 5744 τιμήν
1907 5670 2042 5725 ἀπο-

475 5731 673 5790 διδόναι
698 5731 889 5805 αὐτὴν,
913 5734 1075 5800 εἴποι,
1110 5744 1217 5789 etc.

2151 5486 2197 5519 “
2249 5485 2406 5543 Juan.
2460 5503 2544 5553 ιιι,
2576 5487 2669 5543 20.
2744 5487 2789 5520 ⁸⁷
2814 5484 2975 5542 Joan.
3005 5500 3126 5549 vni,
3164 5484 3257 5541 12.

2149 5667 2338 5793 κόἐξω)
2364 5668 2511 5726 llcm
2562 5669 2733 5726 codex
2781 5664 3006 5737 Regius,
3061 5664 3237 5733 male,
3279 5666 3338 5722 '0
3380 5667 3439 5722 δὲ
3486 5668 3715 5743 mlitu-
