4196 6374
560 277 664 336 665

2041 296 2367 356 οιιιιςειιιε

3722 304 3824 362 664

559 419 663 456 non
683 417 864 472 quam:
896 401 1125 473 gloriam
1157 420 1328 460 meam
1356 420 1376 462 :
1418 418 1496 462 est
1521 408 1612 478 qui
1641 411 1854 480 quierit,
1903 419 1956 468 et
1984 413 2130 481 judi-

2244 412 2394 478 ζητῶ
2422 412 2538 481 τὴν
2555 413 2745 478 δόξαν
2769 433 2891 485 μου
2915 431 2930 447 °
2965 417 3140 472 ἐστιν
3169 421 3202 471 ό
3224 416 3429 486 ζῇτῶν,
3460 419 3557 471 καί
3583 421 3818 488 κρίνειν.

557 504 643 548 cat
675 494 744 553 ⁸⁸.
781 495 986 562 Quaerit
1022 495 1184 562 Deus,
1217 497 1306 566 qui
1350 499 1507 555 nobis
1537 515 1694 556 suum
1737 503 1904 573 ipsius
1935 502 2134 560 Filium

556 584 727 653 dedit,
757 585 810 639 in
831 585 1056 656 singulis
1081 587 1172 657 qui
1197 603 1322 644 cum
1357 591 1680 659 receperint,
1709 593 1940 664 gloriam
1971 596 2133 652 Chri-

555 672 624 728 sti
661 689 864 744 :quam
890 675 1110 744 quidem
1145 677 1385 732 inveniet
1441 679 1495 734 in
1549 679 1637 734 bis
1665 681 1758 751 qui
1807 684 1892 738 sui
1943 699 2132 739 curam

554 767 800 837 egerint,
836 767 1040 838 quique
1067 767 1359 840 diligenter
1388 773 1648 827 excolunt
1679 784 1878 829 natura
1915 776 2017 830 sibi
2049 775 2136 832 iu-

553 860 772 928 genitas
801 863 868 915 ad
904 862 1162 916 virtutem
1192 877 1387 919 causas
1416 885 1429 920 :
1470 865 1706 934 alioquin
1739 867 1878 924 hanc
1912 884 2019 924 non
2051 871 2136 924 iu-

555 960 821 1008 venturus
847 952 903 1006 in
931 952 1020 1007 his
1043 953 1136 1022 qui
1177 952 1484 1021 huiusmodi
1525 973 1629 1010 non
1661 956 1860 1013 fuerint
1887 978 1900 1013 :
1940 969 1995 1015 et
2025 975 2132 1016 non

554 1042 864 1106 inveniens,
880 1043 1090 1113 judicat
1113 1058 1208 1098 eos
1238 1043 1294 1099 in
1315 1045 1514 1115 quibus
1547 1062 1651 1102 non
1675 1047 1880 1104 invenit
1905 1049 2131 1120 gloriam

553 1131 677 1187 ινδιξ
703 1133 810 1200 sui,
838 1132 906 1188 ad
931 1147 1067 1196 quos
1085 1133 1263 1190 dicet:
1287 1133 1391 1190 Per
1413 1153 1500 1191 vos
1522 1139 1723 1207 jugiler
1753 1155 1940 1196 nomen
1960 1157 2134 1196 meum

553 1225 693 1280 male
719 1225 868 1280 audit
897 1226 1036 1279 inter
1065 1238 1241 1296 gentes
1268 1228 1334 1281 ".
1363 1230 1718 1284 Addubitubil
1745 1231 1910 1286 etiam
1933 1232 2134 1303 aliquis

555 1327 774 1388 propter
792 1317 893 1373 hoc
921 1337 934 1372 :
961 1316 1054 1372 Est
1087 1321 1172 1388 qui
1193 1321 1376 1390 quaerit
1394 1329 1444 1374 et
1465 1321 1698 1389 judicat,
1729 1339 1855 1376 num
1880 1324 1945 1378 ad
1969 1325 2132 1380 Deum

555 1408 747 1465 referri
781 1409 884 1466 boc
913 1423 1052 1479 Opus
1079 1413 1170 1478 sit,
1219 1427 1342 1466 cum
1372 1412 1550 1481 palam
1581 1413 1783 1468 diserit
1821 1414 2083 1472 Servator
2115 1439 2130 1472 :

553 1499 732 1567 Neque
763 1502 904 1554 enim
928 1499 1092 1556 Pater
1119 1518 1433 1573 quamquam
1467 1504 1708 1575 judicat,
1752 1506 1844 1560 sed
1869 1523 2022 1560 omne
2037 1509 2133 1577 ju-

555 1593 753 1646 dicium
790 1593 932 1647 dedit
966 1591 1112 1649 Filio
1140 1611 1255 1653 suo.
1300 1606 1354 1650 ut
1389 1613 1565 1652 omnes
1589 1597 1842 1654 honorent
1887 1597 2130 1666 Filum,

553 1686 687 1739 sicut
739 1683 1004 1742 honorant
1056 1685 1275 1742 Patrem
1297 1687 1360 1741 '°.
1401 1691 1473 1744 At
1522 1690 1644 1746 vide
1690 1707 1759 1746 an
1799 1695 1867 1747 ad
1905 1693 2010 1750 hoc
2053 1695 2128 1748 uti

2245 505 2407 573 Ζητεῖ
2435 505 2464 556 6
2493 504 2643 569 Θεὸς,
2669 504 2792 571 δοὺς
2819 507 2950 577 ἡμῖν
2980 506 3070 560 τὸν
3106 507 3230 562 Υἱὺν
3263 507 3480 573 ἐαυτοῦ,
3523 509 3582 564 ἐν
3614 509 3827 584 ἑκάστῳ

2242 595 2350 650 τῶν
2375 597 2669 668 εἰληφότων
2692 599 2877 663 αὐτὸν,
2904 598 3004 670 τὴν
3027 597 3184 664 δόξαν
3211 598 3305 654 τοῦ
3336 599 3606 672 Χριστοῦ·
3639 603 3829 674 ἥντινα

2242 690 2465 761 εὑρήσει
2493 689 2590 761 μὲν
2610 692 2668 743 ἐν
2691 693 2804 754 τοῖς
2824 689 3272 763 ἐπιμελουμένοις
3289 691 3520 756 ἑαυτῶν,
3556 695 3652 749 καῖ¹
3673 695 3827 766 ἐξερ-

2241 780 2567 852 γαζομένοις
2599 780 2700 846 τὰς
2727 781 3296 851 ἐγκαταφυτευοείσας
3342 784 3428 835 ἐπ’
3461 784 3634 857 ἀρετῇ
3661 785 3827 858 deop-

2245 871 2353 940 μάς
2375 889 2389 903 ·
2421 873 2521 944 οὑχ
2566 873 2790 944 εὑρήσει
2818 872 2873 926 δέ
2915 873 2974 926 ἐν
3015 876 3127 937 τοῖς
3160 871 3236 944 μὴ
3282 873 3577 938 τοιούτοιςο
3623 875 3718 928 καὶ
3752 871 3828 944 μὴ

2241 962 2513 1033 εὑρίσκων
2547 963 2720 1034 κρίνει
2746 963 2986 1027 ἐκείνους
3011 965 3070 1016 ἐν
3100 959 3183 1028 οἷς
3207 964 3305 1034 οὑχ
3342 965 3585 1037 εὑρίσκει
3609 965 3708 1036 τὴν
3738 963 3827 1018 δό-

2243 1051 2339 1117 ξαν
2369 1051 2463 1106 τοῦ
2493 1051 2622 1106 Tim".
2651 1053 2865 1119 ἐαυτοῦ,
2907 1053 3045 1126 πρὸς
3074 1051 3166 1117 οὓς
3201 1055 3316 1124 ἐρεῖ
3337 1071 3351 1088 ε
3390 1055 3472 1107 Δι’
3509 1052 3667 1125 ὑμᾶς
3705 1055 3832 1108 δια-

2241 1146 2469 1211 παντὸς
2489 1147 2552 1199 τὸ
2587 1144 2775 1216 ὄνομά
2800 1165 2920 1215 μου
2945 1146 3397 1216 ,βλασφημεῖται
3421 1146 3493 1200 ἑν
3515 1144 3639 1212 τοῖς
3662 1147 3833 1201 ἔθνο-

2239 1253 2366 1291 σιν.
2413 1238 2791 1308 Ἐπαπορήσαι
2815 1237 2860 1290 δ’
2883 1236 2948 1292 ἀν
2977 1254 3058 1301 τις
3083 1237 3172 1291 διά
3199 1237 3287 1290 τόο
3324 1239 3539 1292 Ἔστιν
3561 1241 3595 1294 ό
3619 1236 3829 1308 ζητῶν,

2240 1329 2341 1382 καὶ
2363 1329 2604 1398 κρίνων,
2656 1332 2704 1383 εί
2731 1331 2838 1402 χρὴ
2871 1329 3030 1383 τοῦτο
3072 1330 3366 1401 ἀναφέρειν
3415 1330 3510 1383 ἐπὶ
3539 1329 3631 1384 τὸν
3669 1331 3828 1396 Θεὸν,

2241 1418 2429 1488 σαφῶς
2459 1417 2555 1472 τοῦ
2599 1419 2850 1490 Σωτῆρος
2887 1419 3170 1492 εἰρηκότος
3190 1437 3203 1449 ·
3247 1419 3402 1473 Οὐδὲ
3427 1421 3538 1490 γὰρ
3567 1423 3602 1475 ό
3624 1424 3831 1492 Πατὴρ

2239 1512 2426 1576 κρίνει
2450 1509 2690 1574 οὐδένα,
2721 1511 2882 1566 ἀλλὰ
2905 1511 3020 1578 τὴν
3043 1511 3248 1580 κρίσιν
3265 1508 3472 1566 πᾶσαν
3498 1511 3718 1566 δέδωκε
3747 1511 3830 1580 τῷ

2249 1600 2380 1668 Υὶῷ,
2415 1603 2516 1655 ἵνα
2549 1601 2772 1669 πάντες
2814 1601 3024 1672 τιμῶσι
3065 1601 3172 1656 τὸν
3201 1602 3359 1668 Υιὸν,
3393 1601 3583 1670 καθὼς
3614 1604 3800 1673 τιμῶσ

2237 1691 2347 1746 τὸν
2375 1693 2624 1762 Πατέρα.
2670 1679 2808 1746 Ἀλλ’
2846 1693 2950 1766 ὅρα
2989 1695 3037 1748 εί
3070 1693 3291 1748 δύνασαι
3328 1695 3465 1766 πρὸς
3495 1695 3654 1749 τοῦτο
3689 1715 3831 1769 χρη

558 1775 733 1846 possis
763 1789 830 1832 eo
869 1776 1017 1832 dicto
1047 1795 1060 1830 :
1103 1775 1230 1832 Non
1269 1795 1482 1848 possum
1508 1797 1602 1850 ego
1640 1781 1818 1849 facere
1843 1800 1876 1838 a
1909 1799 1992 1837 me
2020 1783 2130 1852 ipsa

2240 1783 2435 1838 σασοαι
2465 1784 2572 1855 τῷ·
2614 1786 2698 1838 Οὐ
2738 1783 2995 1854 δύναμαι
3037 1783 3152 1854 ἐγὼ
3200 1784 3394 1838 ,ποιεῖν
3423 1785 3524 1840 ἀπ’
3566 1787 3830 1857 ἐμαυτοῦ

552 1869 842 1937 quidquam
871 1885 886 1923 .'
917 1870 1050 1923 sicut
1075 1870 1260 1936 audio,
1281 1873 1469 1940 judico
1495 1886 1516 1926 :
1549 1885 1598 1926 et
1640 1875 1910 1942 judicium
1961 1893 2134 1931 meum

545 1959 753 2029 justum
779 1970 855 2014 est
881 1974 902 2012 :
945 1963 1199 2031 quoniam
1229 1979 1332 2017 non
1355 1979 1537 2027 quaero
1567 1967 1892 2022 uoluntatem
1925 1985 2132 2034 meam,

553 2051 644 2106 sed
673 2051 995 2108 uoluntatem
1017 2053 1132 2124 ejus
1175 2057 1265 2126 qui
1297 2056 1436 2111 misit
1467 2073 1546 2112 me
1569 2058 1640 2114 ’⁸¹.
1678 2057 1815 2114 Nam
1846 2060 1914 2124 si,
1946 2070 2004 2114 ιιι
2040 2078 2138 2117 au-

551 2147 629 2198 dit
653 2159 682 2196 a
715 2142 875 2200 Patre
894 2143 1176 2212 Servatur,
1193 2147 1276 2203 sic
1294 2147 1524 2219 judicat,
1553 2164 1804 2220 quaerens
1827 2168 1935 2208 non
1954 2168 2135 2219 suam,

549 2235 644 2290 sed
677 2233 874 2302 Patris,
906 2236 999 2305 qui
1023 2250 1147 2291 eum
1173 2236 1356 2304 misit,
1390 2239 1748 2308 voluntatem,
1794 2252 1851 2296 et
1899 2243 2039 2298 hanc
2065 2245 2137 2298 ob

547 2340 772 2383 causam
781 2327 990 2398 justum
1010 2339 1094 2384 est
1117 2328 1238 2399 ejus
1259 2329 1523 2400 judicium
1550 2350 1566 2398 ;
1601 2332 1850 2390 fortassis
1869 2334 2134 2405 judicium

549 2420 692 2487 quod
713 2418 927 2489 iudicat
959 2419 1053 2489 qui
1087 2435 1118 2476 ιι
1146 2420 1313 2478 Patre
1357 2422 1533 2492 audit,
1567 2439 1676 2478 non
1707 2435 1792 2479 est
1819 2427 2093 2482 audientis
2117 2467 2134 2492 ,

550 2509 643 2564 sed
675 2511 852 2578 magis
871 2511 1090 2580 proprie
1123 2510 1242 2580 ejus
1267 2514 1358 2582 qui
1400 2514 1534 2569 dicit
1566 2517 1835 2571 audienti.
1869 2517 1970 2572 Sin
2005 2533 2135 2574 vero

550 2603 716 2657 etiam
745 2603 878 2659 dicit
911 2622 926 2660 :
959 2604 1236 2661 Judiciuns
1259 2621 1431 2662 meum
1450 2606 1661 2677 justum
1700 2618 1804 2673 est,
1852 2611 1979 2666 audi
2010 2626 2134 2666 eum

555 2695 608 2748 in
674 2695 867 2750 eodem
925 2696 1220 2766 Evangelio
1269 2697 1586 2762 dicentem:
1624 2700 1820 2756 Omnia
1870 2719 1988 2756 nica
2042 2714 2134 2758 tua

551 2796 674 2841 sunt
703 2788 750 2820 ⁷⁸
775 2805 790 2853 ;
829 2803 954 2843 nam
989 2789 1035 2844 si
1067 2805 1254 2845 verum
1284 2801 1370 2846 est
1397 2793 1588 2861 quoda
1615 2791 1906 2848 Servatore
1931 2795 2131 2850 dictum

554 2889 638 2934 est
669 2897 683 2934 :
718 2879 914 2934 Omnia
938 2897 1054 2936 mea
1085 2891 1178 2936 tua
1208 2892 1354 2950 sunt,
1381 2886 1724 2954 perspicuum
1757 2897 1841 2942 est
1867 2888 2130 2958 judicium

549 2970 715 3024 etiam
745 2969 946 3040 ipsum,
967 2971 1035 3026 de
1061 2986 1170 3041 quo
1193 2973 1398 3044 inquit:
1420 2971 1700 3029 Iudicium
1728 2994 1902 3032 meum
1923 2977 2132 3048 justum

550 3072 648 3125 est,
685 3061 865 3118 Patris
890 3077 1015 3118 esse
1039 3063 1343 3132 judicium;
1387 3068 1528 3136 quod
1564 3067 1610 3124 si
1649 3067 1831 3124 Patris
1857 3080 1940 3124 est
1981 3069 2128 3139 judi-

2239 1875 2421 1930 οὐδέν
2439 1893 2455 1908 ⁸
2484 1875 2678 1942 καθὼς
2702 1876 2924 1941 ἀκούω,
2951 1877 3136 1944 κρίνω
3157 1892 3170 1905 ·
3205 1876 3302 1930 καὶ
3336 1877 3374 1944 ἡ
3409 1877 3608 1945 κρίσις
3645 1879 3684 1946 ἡ
3711 1875 3828 1949 ἐμὴ

2238 1967 2439 2021 δικαία
2492 1967 2696 2020 ἐστίν·
2747 1966 2836 2019 ὅτι
2878 1967 2951 2020 οὺ
2985 1963 3133 2034 ζητῶ
3171 1964 3240 2018 τὸ
3275 1963 3506 2036 θέλημα
3549 1967 3615 2020 τὸ
3657 1967 3827 2037 ἐμὸν,

2242 2057 2403 2115 ἀλλὰ
2429 2058 2495 2114 τὸ
2526 2059 2756 2128 θέλημα
2777 2059 2883 2113 τοῦ
2917 2057 3269 2127 πέμψαντός
3284 2075 3380 2128 με.
3433 2060 3497 2112 Ei
3525 2059 3656 2132 γάρ.
3686 2059 3828 2114 καθ-ο

2237 2149 2312 2215 ὼς
2355 2149 2543 2205 ἀκούει
2587 2153 2616 2205 6
2644 2149 2832 2222 Σωτὴρ
2895 2149 3053 2220 ἡμῶν
3103 2148 3211 2202 ἀπὸ
3238 2147 3332 2202 τοῦ
3375 2149 3622 2221 Πατρὺς,
3658 2151 3829 2215 οὕτως

2238 2241 2436 2312 κρίνει,
2464 2239 2642 2312 ζητῶν
2673 2240 2735 2293 οὑ
2761 2239 2824 2292 τὸ
2851 2238 2982 2293 ἴδιον
3015 2237 3248 2310 θέλημα,
3274 2236 3412 2292 ἀλλά
3444 2237 3539 2292 τοῦ
3573 2238 3828 2310 πέμψαν-

2237 2351 2331 2398 τος
2359 2332 2519 2388 αὑτὸν
2553 2332 2789 2405 Πατρδς,
2817 2332 2912 2387 καὶ
2941 2329 3031 2385 διὰ
3065 2331 3223 2385 τοῦτο
3253 2329 3439 2386 δικαία
3463 2331 3612 2384 ἐστὶν
3639 2332 3674 2403 ἡ
3704 2330 3831 2402 κρι-

2239 2442 2324 2490 σις
2356 2423 2556 2478 αὑτοῦ·
2601 2425 2812 2496 μήποτε
2860 2421 3194 2496 κυριώτερον
3239 2423 3274 2494 ἡ
3319 2420 3616 2495 κρίσις,ῆν
3648 2421 3828 2494 κρίνει

2236 2519 2264 2571 6
2317 2516 2551 2580 ἀκούων,
2601 2517 2702 2569 οὑκ
2742 2514 2858 2569 εστι
2908 2514 3003 2569 τοῦ
3044 2514 3355 2580 ἀκούοντος,
3405 2513 3541 2568 ἀλλά
3587 2513 3681 2568 τοῦ
3732 2513 3826 2567 λέ-

2235 2627 2422 2680 γοντος
2453 2608 2724 2663 ἀκούοντι.
2757 2607 2877 2663 Κάν
2901 2607 3034 2680 λέγῃ
3066 2606 3144 2674 δέ,
3174 2608 3257 2662 ὅτι
3293 2608 3366 2663 Ἣ
3403 2607 3608 2674 κρίσις
3634 2609 3672 2675 ἠ
3705 2608 3824 2677 ἐμὴ

2235 2700 2438 2754 δίκαιά
2479 2700 2674 2762 ἐστίν,
2709 2699 2874 2754 ἄκουε
2907 2701 2967 2753 ἐν
2996 2697 3075 2770 τῷ
3115 2695 3265 2770 αὑτῷ
3305 2697 3622 2768 Εὑαγγελίῳ
3665 2697 3825 2766 λεγο-

2237 2793 2400 2865 μένου
2433 2793 2528 2847 τοῦ
2547 2810 2560 2823 ·
2590 2791 2793 2847 Πάντα
2821 2792 2892 2847 τὰ
2919 2792 3032 2863 ἐμὰ
3063 2790 3147 2846 σά
3169 2791 3341 2846 ἐστιν
3360 2808 3374 2822 ·
3400 2792 3450 2845 εί
3485 2791 3593 2864 γάρ
3625 2791 3826 2863 ἀληθὲς

2235 2884 2341 2938 ὑπὸ
2374 2883 2470 2938 τοῦ
2510 2885 2762 2958 Σωτῆρος
2805 2883 3092 2957 εἰρημένον
3118 2883 3180 2937 τό
3205 2901 3217 2913 ·
3264 2882 3470 2937 Πάντα
3503 2883 3575 2937 τὰ
3601 2882 3711 2954 ἐμὰ
3737 2883 3826 2938 σά

2231 2974 2383 3038 ἐστι,
2419 2972 2603 3044 δῆλον,
2637 2974 2719 3028 ὅτι
2748 2973 2842 3027 καὶ
2885 2972 3024 3045 αὑτὴ
3061 2975 3095 3044 ἠ
3129 2973 3332 3046 κρίσις,
3368 2974 3496 3046 περὶ
3523 2969 3592 3047 ἦς
3617 2991 3780 3045 φησιν
3803 2992 3820 3007 ·

2245 3065 2313 3120 Ἡ
2341 3067 2539 3134 κρίσις
2571 3067 2610 3134 ἡ
2642 3066 2757 3136 ἐμὴ
2796 3065 2999 3120 δικαία
3029 3066 3186 3134 ἐστὶ,
3222 3065 3316 3121 τοῦ
3362 3065 3576 3138 Πατρός
3609 3069 3756 3120 ἐστιν
3781 3070 3820 3138 ή

551 3153 716 3216 cium,
760 3162 944 3223 potest
969 3129 1105 3210 solvi
1137 3155 1359 3212 dubiqu
1386 3129 1547 3228 bujus
1578 3159 1707 3215 dicti
1735 3177 1749 3214 :
1783 3159 1896 3230 Ego
1947 3129 2129 3215 autem

2234 3129 2446 3231 κρίσις·
2483 3129 2532 3210 εί
2561 3129 2618 3211 δέ
2646 3129 2754 3212 τοῦ-
2767 3157 2978 3228 Πατρός
3009 3157 3157 3210 ἐστιν
3172 3129 3220 3227 ’ἡ
3259 3157 3462 3230 κρίσις,
3483 3129 3709 3213 δύναται
3735 3129 3824 3212 λεξ

549 3261 656 3300 non
676 3263 856 3315 quwro
877 3248 1104 3318 gloriam
1129 3264 1338 3313 meam;
1368 3251 1555 3322 estqui
1576 3253 1788 3323 quierit,
1816 3265 1864 3306 et
1892 3253 2127 3322 judicat.

545 3337 727 3393 liabet
755 3351 938 3396 autem
971 3343 1263 3411 quamdam
1315 3345 1593 3402 modestia
1639 3346 1948 3416 emphasim
1989 3363 2130 3402 con-

549 3431 852 3486 venientem
875 3431 1168 3492 ‘Servaturi
1202 3435 1348 3505 quod
1394 3435 1639 3492 dicitur:
1675 3435 1788 3508 Ego
1811 3448 1988 3492 autem
2024 3455 2130 3493 non

548 3538 730 3592 quem
751 3522 980 3594 gloriam
1003 3543 1174 3582 meam
1201 3541 1220 3582 .'
1251 3543 1426 3598 neque
1451 3529 1599 3584 enim
1645 3530 1940 3586 admodum
1968 3531 2131 3587 dece-

551 3613 642 3667 bat
671 3613 843 3677 illum,
883 3625 946 3670 ut
971 3615 1203 3686 gloriam
1237 3619 1500 3688 exigeret,
1535 3629 1594 3676 et
1615 3621 1688 3675 ob
1715 3621 1819 3676 boc
1851 3621 2132 3692 iudicaret

548 3719 647 3760 vos
673 3707 770 3774 qui
807 3707 886 3762 illi
916 3708 1066 3763 illam
1101 3726 1208 3765 non
1264 3712 1665 3780 reddidissent;
1714 3715 1811 3770 sed
1841 3715 2130 3785 oportebat

550 3799 628 3850 uti
659 3797 842 3862 Pater,
874 3799 970 3869 qui
1005 3801 1232 3871 gloriam
1259 3801 1400 3858 Filio
1431 3804 1680 3872 dederat,
1719 3809 1964 3877 exigeret
2002 3824 2126 3865 caus

549 3891 619 3943 ab
641 3890 728 3945 bis
751 3892 841 3960 qui
870 3907 995 3946 eum
1035 3892 1125 3949 illa
1143 3894 1450 3962 privabant.
1479 3896 1868 3971 judicaretque
1887 3917 1983 3959 eos
2000 3919 2128 3972 prn-

549 3992 668 4048 pter
694 3982 868 4037 illum.
905 3985 1179 4042 Fortassis
1211 3988 1376 4042 etiam
1430 3988 1712 4056 Senator,
1743 3974 1987 4050 imitator
2019 3993 2127 4049 Pa-

550 4074 652 4128 tris
675 4088 799 4130 cum
825 4086 995 4140 esset,
1031 4078 1259 4148 gloriam
1296 4081 1390 4136 Dei
1423 4084 1616 4148 quaerit
1641 4084 1712 4139 ab
1742 4085 1944 4156 bis'qui
1988 4088 2129 4143 didi-

547 4177 884 4238 ceruntqna
907 4180 1038 4224 sunt
1077 4172 1208 4237 Dei;
1242 4182 1297 4228 et
1337 4175 1440 4230 nisi
1476 4176 1748 4232 invenerit
1771 4177 1826 4233 in
1854 4178 2128 4249 aliquibus

550 4257 728 4314 Patris
761 4261 1013 4329 gloriam,
1033 4262 1305 4333 judicabit
1344 4265 1466 4322 illos
1489 4306 1505 4331 ,
1549 4277 1830 4345 tanquanu
1849 4272 1940 4340 qui
1974 4281 2128 4338 pote-

549 4360 746 4405 statem
773 4356 1050 4423 acceperit
1079 4356 1314 4413 faciendi
1341 4356 1631 4426 judicium,
1663 4363 1924 4430 quoniam
1956 4363 2127 4420 Filius

2232 3251 2424 3305 λ’σοαι
2472 3252 2534 3306 τὸ
2573 3250 2997 3323 ἐπηπορημένον
3045 3250 3176 3322 περὶ⁹
3217 3249 3311 3304 τοῦ
3347 3249 3495 3322 (51)·
3563 3247 3714 3320 Ἐγὼ
3751 3249 3824 3303 δὲ

2229 3345 2304 3398 οὐ
2333 3342 2482 3410 ζητῶ
2511 3341 2629 3410 τὴν
2664 3342 2853 3406 δόξαν
2873 3359 3024 3412 μου·
3069 3341 3241 3396 ἐστιν
3274 3345 3306 3397 ὁ
3330 3339 3536 3410 ᾥιτῶν,
3569 3341 3667 3396 καί
3695 3341 3824 3411 κρί-

2229 3451 2371 3488 νων.
2414 3435 2568 3504 Ἔχει
2593 3432 2650 3486 δέ
2679 3449 2802 3486 τινα
2844 3433 2936 3487 καὶ
2967 3433 3201 3503 ἀτυφίας
3233 3431 3471 3504 ἔμφασιν
3504 3429 3824 3504 πρεπούσης

2228 3526 2306 3598 τῷ
2353 3526 2563 3598 Σωτῆρι
2611 3525 2672 3578 τὸ
2697 3524 2986 3596 λεγόμενον
3019 3525 3079 3580 ὲν
3124 3524 3202 3596 τῷ
3225 3541 3238 3556 ·
3294 3524 3442 3596 Ἐγὼ
3465 3523 3534 3578 δὲ
3575 3526 3646 3578 οὐ
3675 3520 3824 3591 ζητῶ

2228 3616 2343 3684 τὴν
2379 3616 2564 3681 δόξαν
2583 3633 2704 3686 μου
2730 3632 2743 3644 ·
2777 3615 2899 3668 οὑδέ
2932 3613 3043 3688 γὰρ
3070 3617 3210 3670 πάνυ
3258 3615 3498 3688 ἔπρεπεν
3528 3615 3691 3670 αὑτὸν
3719 3614 3822 3687 τὴν

2228 3706 2422 3760 ἐαυτοῦ
2451 3706 2610 3773 δόξαν
2655 3707 2928 3770 ἀπαιτεῖν,
2975 3705 3072 3759 καὶ
3121 3705 3214 3758 ἐπὶ
3250 3704 3427 3776 τούτῳ
3459 3703 3666 3777 κρίνειν
3691 3704 3822 3768 τοὺς

2229 3801 2308 3872 μὴ
2338 3797 2746 3862 ἀποδεδωκότας
2774 3798 2974 3869 αὑτήν·
3012 3795 3127 3850 ἀλλ’
3160 3797 3328 3870 ἐχρῆν
3357 3797 3450 3852 τὸν
3488 3794 3708 3868 Πατέρα
3738 3794 3821 3848 δό-

2229 3889 2324 3958 ξαν
2354 3890 2622 3945 δεδωκότα
2661 3889 2742 3962 τῷ
2773 3888 2888 3960 Υίῷ
2918 3890 3167 3943 ἀπαιτεῖν
3211 3889 3380 3962 αὐτὴν
3424 3889 3532 3943 ἀπὸ
3557 3887 3666 3942 τῶν
3692 3887 3821 3942 ἀπο-

2228 3991 2583 4064 στερούντων,
2613 3990 2710 4046 καὶ
2739 3991 2946 4062 κρίνειν
2989 3988 3186 4050 αὑτοὺς
3219 3985 3312 4039 ἐπὶ
3351 3983 3545 4056 ταύτῃ.
3575 3981 3729 4051 Τάχα
3759 3978 3820 4034 δὲ

2226 4085 2321 4139 καὶ
2351 4087 2380 4139 ὁ
2405 4084 2621 4156 Σωτὴρ,
2667 4083 2911 4156 μιμητὴς
2936 4080 3011 4136 ῶν
3035 4080 3130 4134 τοῦ
3159 4077 3394 4150 Πατρὸς,
3423 4075 3578 4147 ζητεῖ
3606 4073 3705 4144 τὴν
3732 4071 3820 4126 δό-

2227 4177 2324 4244 ξαν
2348 4177 2442 4231 τοῦ
2482 4176 2618 4232 Θεοῦ
2664 4178 2773 4232 ἀπὸ
2815 4175 2926 4231 τῶν
2975 4171 3352 4247 μανθανόντων
3389 4167 3460 4223 τά
3488 4165 3617 4239 περὶ
3644 4163 3812 4218 Θεοῦ⁶

2225 4269 2322 4323 καὶ
2350 4269 2398 4321 εί
2429 4267 2507 4340 μὴ
2536 4266 2688 4339 εὖροι
2718 4266 2818 4338 τὴν
2843 4265 2938 4320 τοῦ
2965 4262 3179 4336 Πατρὸς
3206 4261 3366 4330 δόξαν
3393 4260 3450 4314 έν
3476 4275 3608 4321 τισι,
3631 4255 3816 4328 κρίναι

2224 4359 2291 4413 ἀν
2318 4360 2581 4422 ἐκείνους,
2635 4358 2712 4422 ὡς
2761 4357 3010 4425 ἐξουσίαν
3055 4353 3236 4411 λαϐὼν
3276 4353 3458 4426 κρίσιν
3500 4352 3696 4412 ποιεῖν,
3730 4348 3812 4401 ὃτι

547 4441 786 4496 hominis
806 4455 890 4498 est
918 4445 983 4497 ⁷³.
1009 4443 1306 4504 lleracleon
1337 4466 1468 4507 sane
1490 4452 1650 4508 illud:
1675 4453 1773 4508 Est
1797 4457 1889 4523 qui
1907 4457 2122 4524 qua'rit,

2234 4449 2356 4514 Υἱὸς
2409 4449 2696 4522 ἀνθρώπου
2743 4451 2911 4504 ἐστίν.
2963 4448 3021 4503 'O
3071 4448 3318 4522 μέντοιγε
3359 4443 3687 4544 Ἡρακλέων.
3717 4439 3808 4544 *ιδ’

546 4543 596 4586 et
623 4533 854 4602 judicat,
883 4534 1048 4606 360
1075 4535 1214 4608 [(52)
1257 4541 1324 4596 ad
1359 4540 1573 4598 Patrem
1619 4559 1724 4599 non
1767 4543 1956 4612 refert,
1997 4561 2120 4600 cum

549 4629 666 4681 haec
694 4627 880 4682 dicat:
919 4647 936 4680 ι
972 4633 1076 4696 Qui
1099 4634 1312 4702 qua'rit,
1339 4644 1386 4687 et
1417 4635 1627 4705 judicat
1660 4633 1720 4707 ,]
1759 4647 1864 4702 est,
1899 4640 1991 4707 qui
2035 4652 2124 4694 me

545 4719 812 4785 vindicat,
840 4721 1091 4776 minister
1111 4723 1176 4776 ad
1203 4725 1303 4780 hoc
1327 4727 1632 4788 ordinatus.
1657 4726 1751 4796 qui
1777 4743 1883 4783 non
1915 4739 2124 4784 temere

545 4810 786 4878 gladium
820 4823 1022 4881 portat,
1050 4815 1250 4871 vindex
1299 4821 1444 4886 regis
1465 4819 1512 4848 ⁷⁸
1541 4836 1555 4872 :
1589 4816 1802 4889 Moyses
1829 4830 2012 4874 autem
2040 4829 2126 4875 est

545 4900 636 4956 hic
663 4937 680 4966 ,
731 4903 1184 4969 quemadmodum
1229 4909 1482 4974 superius
1511 4908 1620 4962 illis
1652 4909 1790 4964 dixit
1839 4907 2003 4965 Josuu
2035 4911 2122 4965 di-

543 5007 677 5048 cens
705 5011 720 5048 :
757 4993 825 5047 In
854 5011 1006 5066 quem
1031 5012 1118 5051 eos
1145 5000 1450 5065 speravistis
1495 5000 1564 5053 ⁷⁸.
1597 5020 1616 5052 ι
1653 4997 1850 5056 Postea
1893 5001 2124 5072 subjun-

544 5085 624 5154 git
652 5101 668 5140 :
703 5103 724 5136 s
762 5085 860 5151 Qui
876 5088 1176 5158 judicat,et
1200 5092 1372 5160 punit,
1402 5103 1484 5146 cst
1507 5091 1740 5163 Moyses,
1763 5092 1868 5149 hoc
1893 5103 1979 5150 est
2010 5093 2126 5162 ipse

458 5179 468 5254 ξ
547 5177 845 5247 legislator.
881 5198 900 5232 ι
935 5179 1129 5236 Postea
1179 5183 1400 5238 dubium
1429 5195 1621 5239 contra
1673 5185 1910 5254 seipsnm
1944 5195 2123 5242 movet

455 5249 474 5304 ’-
543 5269 846 5326 lleracleon
880 5272 1069 5328 dicens
1101 5291 1116 5328 :
1151 5291 1171 5324 ι
1203 5275 1488 5341 Quomodo
1509 5277 1679 5348 igitur
1703 5278 1838 5334 dicit
1859 5292 2020 5334 omne
2039 5277 2125 5348 ju-

461 5439 475 5450 '
544 5361 750 5418 dicium
779 5364 883 5420 sibi
915 5365 1178 5421 traditum
1207 5366 1455 5423 fuisse?»
1485 5378 1541 5422 et
1572 5371 1894 5426 existimans
1925 5386 1986 5427 se
2009 5371 2120 5426 sol-

2232 4546 2445 4598 Ἕστιν
2483 4548 2516 4598 ό
2547 4543 2752 4612 ζητῶν,
2777 4544 2880 4598 καί
2902 4543 3140 4610 κρίνων,
3177 4542 3276 4596 οὐκ
3314 4537 3580 4610 ἀναφέρει
3607 4535 3698 4590 ἐπὶ
3720 4535 3813 4588 τὸν

2227 4635 2465 4706 Πατέρα,
2479 4634 2702 4690 τοιαῦτα
2715 4635 2908 4705 λέγων·
2930 4655 2947 4687 ι
2970 4637 3031 4689 '0
3046 4632 3254 4703 ζητῶν,
3273 4632 3371 4688 καὶ
3385 4631 3624 4700 κρίνων,
3641 4627 3808 4692 ἐστὶν,

2223 4730 2256 4782 6
2283 4726 2516 4782 ἐκδικῶν
2551 4745 2640 4799 με,
2689 4730 2719 4782 ὁ
2760 4727 3040 4800 ὑπηρέτης
3069 4729 3099 4781 6
3143 4729 3224 4790 εἰς
3267 4724 3426 4779 τοῦτο
3453 4721 3809 4793 τεταγμένος,

2226 4822 2256 4875 ὁ
2285 4820 2362 4892 μὴ
2395 4819 2519 4890 εἰκῆ
2564 4819 2664 4892 τὴν
2693 4819 2971 4891 μάχαιραν
2996 4808 3202 4892 φορῶν,
3240 4820 3270 4872 6
3301 4816 3513 4880 ἔκδικος
3535 4812 3629 4869 τοῦ
3659 4812 3811 4885 βασι-

2228 4910 2365 4975 λέως
2384 4927 2396 4941 ·
2415 4911 2657 4982 Μωῦσῆς
2671 4910 2730 4964 δέ
2745 4911 2892 4964 ἐστιν
2916 4906 3089 4974 οὗτος,
3119 4909 3262 4964 καθά
3288 4907 3610 4980 προείρηκεν
3629 4905 3811 4970 αὐτοῖς

2231 5000 2436 5070 λέγων’
2482 5003 2582 5067 Et;
2631 5000 2704 5056 ὃν
2752 5002 2921 5072 ὑμεῖς
2969 5001 3271 5070 ἠλπίσατε
3293 5015 3304 5026 ν
3327 5017 3348 5050 ι
3405 4993 3502 5051 εἶτ’
3538 4995 3813 5067 ἐπιφέρει,

2229 5095 2314 5148 ὅτι
2343 5113 2361 5145 ι
2385 5093 2442 5146 Ὀ
2472 5094 2694 5165 κρίνων,
2723 5095 2817 5148 καὶ
2851 5093 3092 5160 κολάζων
3105 5093 3223 5147 ἐστὶ
3239 5087 3506 5161 Μωῡσῆς,
3534 5087 3814 5142 τουτέστιν

2228 5187 2392 5250 αὐτὸς
2437 5189 2468 5241 6
2491 5167 2812 5258 νοιίοθέτης.
2859 5204 2878 5236 ι
2929 5183 3038 5238 Καὶ
3085 5182 3224 5256 μετά
3257 5181 3415 5237 τοῦτο
3445 5179 3582 5252 πρὸς
3619 5179 3812 5234 ἐαυτὸν

2227 5279 2497 5348 ἐπαπορεῖ
2527 5279 2556 5331 6
2596 5275 2909 5348 ’Πρακλέων
2933 5275 3107 5346 λέγων
3126 5293 3140 5306 ο
3176 5296 3194 5328 ι
3214 5273 3340 5338 Πῶς
3376 5268 3470 5327 οὖν
3495 5271 3557 5325 οὐ
3589 5273 3700 5342 ('55)
3727 5271 3800 5325 λέ-

2225 5388 2310 5440 γει
2345 5373 2446 5443 τὴν
2468 5372 2650 5444 κρίσιν
2687 5372 2865 5425 πᾶσαν
2895 5369 3288 5444 παραδεδόσθαι
3317 5367 3470 5441 αὑτῷ
3492 5385 3508 5435 ;
3533 5386 3552 5420 ι
3607 5367 3703 5423 καὶ
3725 5379 3810 5418 νο-

598 5479 1071 5561 ﬂammast).
1148 5485 1193 5517 ⁶⁹
1218 5483 1319 5561 l_sa.
1344 5486 1528 5561 91,5;
1567 5485 1816 5561 Rom.__n,
1845 5489 1937 5546 ΞΔ.
2008 5489 2130 5550 "Jo

2245 5509 2297 5559 ν,
2323 5494 2525 5561 22,23.
2602 5495 2648 5526 “
2672 5494 2804 5550 ibid.
2829 5493 2922 5550 30.
3003 5495 3050 5527 "
3065 5490 3222 5550 Joan.
3253 5507 3386 5558 xvn,
3416 5491 3504 5546 10.
3581 5487 3808 5548 "Joan.

541 5566 596 5618 ν,
628 5553 719 5606 27.
794 5553 844 5588 ’⁵
876 5552 1036 5610 Rom.
1070 5570 1190 5620 xm,
1215 5556 1269 5611 4.
1344 5557 1389 5588 ’⁸
1418 5555 1574 5614 Joau.
1602 5573 1654 5625 ν,
1675 5558 1767 5613 45.

616 5663 730 5740 (1}!)
751 5666 891 5740 gap!
927 5667 1061 5740 toﬁ.
1093 5667 1150 5722 lu
1180 5670 1370 5725 codice
1410 5669 1577 5740 Regio
1609 5673 1766 5732 deest
1803 5671 1920 5728 τοῦ.

615 5733 729 5804 (32)
763 5735 887 5793 ιιωε
912 5739 1284 5809 suppleviluus
1309 5758 1337 5798 e
1363 5733 1636 5801 Periouio.

1881 5843 1960 5852 ..υ-

2305 5671 2422 5755 (βε)
2449 5677 2529 5731 Ct"
2559 5675 2863 5734 redundare
2900 5674 3136 5744 videtur,
3165 5691 3265 5734 nec
3295 5675 3460 5732 etiam
3493 5675 3621 5748 le‘git
3675 5671 3804 5732 Fer-

2229 5760 2430 5811 rarius.
