4196 6430
422 381 526 438 665
771 438 777 442 _
1488 381 1854 439 COMMENT.
1896 379 1964 437 IN
1999 378 2194 437 JOAN.
2236 378 2475 437 TOMUS
2508 379 2627 437 XX.
3588 382 3696 442 666

423 499 597 570 μίζων
630 499 776 555 λύειν
804 502 902 572 τὴν
928 501 1328 574 ἀνθυποφορὰν,
1369 502 1544 558 ταῦτά
1569 521 1702 575 φησι
1728 521 1741 534 ο
1776 524 1793 555 ι
1815 501 1992 556 nam.

2116 514 2244 567 vere
2297 497 2685 571 obieetionem,
2737 498 2854 555 haec
2913 499 3132 571 inquit:
3183 516 3202 551 ι
3245 498 3476 556 Pulchre
3514 500 3692 560 dicit:
3760 578 3763 585 λ

423 589 570 658 λέγει
589 608 603 621 °
629 592 658 646 6
683 590 791 664 γὰρ
815 594 1028 664 κριτὴς,
1059 592 1135 658 ὡς
1162 594 1460 666 ὑπηρέτης,
1491 595 1552 649 τὸ
1584 594 1797 666 θέλημα
1820 593 1992 648 τούτοι

2116 606 2241 646 nam
2270 590 2482 662 Moyses
2517 602 2773 662 tanquam
2804 591 3089 658 minister,
3124 591 3460 646 voluntatem
3488 590 3693 646 Christi
3760 608 3763 609 ν

420 681 591 736 ποιῶν
624 684 821 758 κρίνει,
855 683 1043 757 ὥσπερ
1065 684 1158 738 καὶ
1183 685 1404 738 ἐπὶτῶν
1435 686 1736 760 ἀνθρώπων
1763 685 2010 757 φαίνεται

419 774 730 847 γινόμενον.
775 794 794 827 ι
831 776 957 841 Πῶς
984 776 1040 830 δὲ
1067 776 1210 848 ἄλλῳ
1239 779 1347 832 τινὶ
1371 778 1656 849 ἀνατίθησι
1679 779 1777 851 τὴν
1803 779 2008 851 κρίσιν,

417 866 496 929 ὡς
535 864 903 941 ὑποδεεστέρῳ
927 867 1020 921 τοῦ
1043 869 1314 941 Σωτῆρος,
1346 869 1469 924 καθ’
1489 870 1519 924 ὃ
1541 870 1773 942 νομίζει,
1803 870 1880 943 τῷ
1902 872 2009 942 Δη-

417 958 697 1030 μιουργῷ,
719 959 825 1014 οὐδ’
846 957 1018 1024 οὕτως
1043 960 1424 1027 ἀποδείξασθαι
1448 962 1690 1028 δύναται,
1709 962 1895 1032 σαφῶς
1914 979 2007 1031 γε-

421 1051 751 1120 γραμμένου
794 1051 887 1104 τοῦ
912 1069 924 1083 ·
979 1051 1132 1106 Οὐδὲ
1158 1052 1269 1123 γὰρ
1319 1056 1347 1107 6
1386 1053 1588 1123 Πατὴρ
1616 1055 1803 1123 κρίνει
1836 1053 2008 1109 οὐδέ-

421 1153 531 1190 να·
563 1140 723 1194 ἀλλὰ
749 1139 864 1209 τὴν
890 1141 1094 1209 κρίσιν
1128 1139 1336 1197 πᾶσαν
1375 1141 1595 1196 δέδωκε
1620 1141 1701 1209 τῷ
1728 1140 1837 1208 ΥΙῷ
1859 1159 1872 1174 ’
1914 1144 2009 1197 καὶ

418 1229 516 1283 τοῦ
541 1246 556 1261 ·
607 1231 931 1297 Ἑξουσίαν
968 1233 1191 1291 ἔδωκεν
1235 1235 1396 1302 αὑτῷ
1435 1236 1640 1304 κρίσιν
1675 1235 1887 1302 ποιεῖν,
1919 1236 2009 1290 ὅτι

431 1321 569 1387 Υἱὸς
603 1322 920 1393 ἀνθρώπου
957 1325 1151 1382 ἐστίν.

492 1413 580 1467 51.
623 1415 812 1485 Ἀμὴν
838 1416 1002 1487 ἀμὴν
1028 1418 1184 1489 λέγω
1224 1418 1387 1489 ὑμῖν,
1426 1418 1536 1474 ἐάν
1582 1438 1673 1488 τις
1714 1418 1821 1475 τόν·
1861 1419 2009 1491 ἐμὸν

417 1506 607 1574 λόγον
640 1506 901 1577 τηρήσῃ,
945 1507 1207 1565 θάνατον
1243 1514 1315 1565 οὺ
1337 1509 1423 1580 μὴ
1464 1509 1735 1579 θεωρήσῃ
1768 1513 1856 1578 εὶς
1899 1510 2008 1565 τὸν

418 1591 621 1648 αιῶνα.
659 1595 868 1667 Ὠσπερ
908 1597 1022 1651 ἐστί
1043 1617 1129 1663 τις
1154 1597 1266 1671 ζωὴ
1297 1600 1607 1672 ἀδιάφορος,
1641 1601 1673 1671 ἡ
1711 1601 1846 1672 μήτε
1870 1602 2007 1670 ἀγα-

420 1681 534 1747 θὸν,
565 1685 704 1755 μήτε
738 1686 909 1741 κακὸν
950 1691 1311 1760 τυγχάνουσα,
1362 1690 1483 1744 καθ’
1511 1691 1579 1762 ἢν
1626 1691 1859 1763 λέγομεν
1904 1693 2004 1763 ζῇν

417 1776 512 1828 καὶ
541 1778 666 1840 τοὺς
692 1778 926 1843 ἀσεϐεῖς,
958 1781 1052 1834 καὶ
1076 1780 1143 1835 τὰ
1175 1781 1344 1851 ἄλογα
1377 1781 1493 1848 ζῶα
1511 1799 1526 1814 ο
1573 1783 1670 1837 καὶ
1699 1783 1862 1855 ἑτέρα
1888 1783 2004 1838 διά-

2113 681 2325 738 faciens
2372 681 2609 751 iudicat,
2652 681 3112 755 quemadmodum
3147 690 3373 752 apparet
3421 682 3586 738 etiam
3634 684 3692 738 in

2113 768 2426 829 hominibus
2472 775 2716 830 evenire.
2748 792 2769 827 ι
2800 771 3084 841 Quomodo
3128 786 3261 827 vero
3306 771 3398 827 alii
3435 782 3692 843 tanquam

2112 864 2361 921 inferiori
2387 864 2681 922 Servatore
2704 864 2943 937 (nempe,
2962 873 3022 920 ut
3041 865 3158 934 ipse
3179 872 3353 935 putat,
3378 864 3692 936 Demiurgo,

2109 965 2167 1012 et
2195 956 2381 1012 mundi
2414 957 2675 1013 Eiiectori
2704 956 2724 1029 )
2748 956 3017 1028 judicium
3053 957 3279 1022 tribuat,
3308 970 3483 1025 neque
3502 965 3687 1023 osten-

2110 1049 2241 1105 dere
2261 1058 2464 1118 potest,
2494 1064 2620 1105 cum
2653 1060 2843 1121 aperte
2868 1050 2940 1105 sit
2966 1048 3233 1118 scriptum
3263 1067 3279 1102 :
3339 1046 3526 1118 Neque
3551 1048 3692 1101 enim

2110 1137 2278 1193 Pater
2297 1139 2508 1210 judicat
2536 1158 2873 1213 quemquam,
2898 1142 2989 1196 sed
3032 1156 3185 1195 omne
3229 1138 3494 1210 judicium
3545 1138 3693 1192 dedit

2108 1227 2256 1284 Filio
2286 1231 2377 1287 ":
2436 1240 2490 1286 et
2534 1231 2664 1286 illud
2699 1250 2713 1288 :
2754 1231 3081 1287 Poteslalem
3111 1231 3254 1286 dedit
3302 1231 3407 1302 ipsi
3424 1230 3692 1299 judicium

2105 1321 2360 1390 faciendi,
2391 1324 2645 1392 quoniam
2679 1321 2729 1376 F
2732 1323 2858 1377 ilius
2882 1323 3113 1377 hominis
3147 1333 3222 1377 est
3254 1323 3323 1377 ⁷⁷.

2180 1410 2271 1466 51.
2309 1413 2477 1466 Amen
2529 1428 2682 1468 amen
2734 1414 2854 1467 dico
2893 1413 3078 1480 vobis,
3124 1415 3170 1467 si
3218 1414 3337 1486 quis
3397 1429 3692 1470 sermonem

2102 1520 2281 1559 meum
2313 1508 2620 1571 servaverit,
2649 1513 2871 1560 mortem
2893 1520 2997 1559 non
3019 1506 3211 1561 videbit
3244 1508 3306 1561 in
3339 1516 3597 1564 (sternunt
3615 1506 3688 1565 ".

2104 1596 2572 1665 Quemadmodum
2601 1606 2686 1653 est
2711 1598 2959 1666 quaedam
2999 1598 3108 1653 vita
3139 1612 3263 1668 qua
3301 1599 3457 1656 nobis
3485 1610 3572 1656 est
3602 1600 3692 1656 in-
3804 1634 3817 1650 .

2106 1690 2393 1758 diﬂerens,
2421 1706 2605 1761 neque
2632 1691 2859 1759 bonum,
2894 1706 3074 1762 neque
3122 1694 3323 1747 malum
3372 1693 3647 1750 exsistens
3668 1732 3688 1759 ,

2103 1783 2261 1854 juxta
2291 1797 2453 1854 quam
2487 1785 2654 1839 etiam
2691 1784 2889 1853 impios
2915 1794 2972 1839 et
3001 1784 3258 1840 animalia
3307 1786 3468 1840 bruta
3498 1786 3688 1841 vivere

416 1881 603 1935 φορος,
643 1866 758 1921 ἀλλ’
804 1869 1007 1937 ἀγαθὸν
1040 1870 1172 1941 (54),
1216 1873 1345 1943 περὶ
1383 1868 1452 1945 ἧς
1496 1890 1660 1943 φησιν
1691 1875 1720 1927 6
1749 1874 1992 1939 Παῦλος·

2106 1874 2383 1942 dicimus;
2418 1886 2473 1930 et
2506 1875 2704 1941 altera,
2739 1891 2859 1942 quae
2904 1889 3011 1930 non
3058 1885 3141 1931 est
3168 1876 3489 1933 indiﬁ‘erens
3512 1918 3528 1942 ,
3575 1893 3683 1932 non

429 1955 496 2009 Ἦ
535 1955 647 2025 ζωὴ
679 1957 850 2026 ἡμῶν
893 1959 1220 2028 κέκρυπται
1274 1962 1396 2017 σὺν
1436 1962 1517 2030 τῷ
1551 1962 1784 2032 Χριστῷ
1821 1965 1892 2019 ἐν
1921 1962 2003 2031 τῷ

417 2043 568 2111 Θεῷ·
605 2047 698 2100 καὶ
727 2048 890 2113 αὐτὸς
920 2049 949 2101 ὁ
988 2050 1192 2122 Κύριος
1220 2051 1379 2124 ἡμῶν
1414 2054 1543 2125 περί
1581 2053 1811 2107 ἑαυτοῦο
1860 2054 2002 2124 Ἐγώ

411 2140 529 2205 εἰμι
568 2140 606 2207 ἡ
643 2136 783 2207 ζωή’
815 2141 988 2207 οὕτως
1018 2143 1109 2198 τὸν
1140 2143 1239 2215 μὲν
1264 2145 1505 2198 ἐναντίον
1527 2147 1592 2217 τῇ
1616 2145 1856 2217 διαφόρῳ
1887 2146 1998 2217 (55)

412 2226 526 2301 ζωῇ
568 2230 794 2286 θάνατον
822 2232 1113 2307 ἀδιάφορον
1148 2238 1294 2308 ἐρεῖς
1316 2254 1330 2268 ·
1374 2238 1467 2291 τὸν
1504 2238 1560 2292 δὲ
1584 2238 1776 2311 ἐχθρὸν
1808 2240 1887 2312 τῷ
1918 2243 1995 2295 εί-

411 2322 563 2375 πόντι
590 2340 604 2355 ·
652 2323 793 2395 Ἐγώ
824 2329 940 2397 εἰμι
969 2329 1007 2397 ἠ
1051 2326 1184 2399 ζωὴ,
1215 2332 1455 2403 πονηρόν
1493 2350 1618 2387 τινα
1643 2334 1737 2388 καὶ
1761 2334 1998 2406 χαλεπὸν
2026 2319 2033 2327 ’

410 2412 661 2502 θάνατον,
689 2416 749 2471 ὃν
778 2419 806 2471 6
827 2419 1188 2492 ἀποθνήσκων
1210 2424 1359 2477 ἐστὶν
1390 2427 1448 2478 ὲν
1477 2424 1556 2497 τῷ
1582 2426 1798 2500 θανάτῳ
1815 2445 1830 2459 ·
1865 2430 1996 2502 περὶ⁵

407 2500 471 2559 οὗ
513 2507 854 2581 γέγραπται·
911 2512 1216 2583 Ἕσχατος
1267 2515 1482 2586 ἐχθρός
1519 2521 1913 2591 καταργεῖται,
1944 2500 1998 2576 τό

408 2597 685 2667 θάνατος.
716 2602 826 2657 Καὶ
855 2604 986 2676 περὶ
1017 2606 1208 2661 τούτου
1232 2624 1296 2676 γε
1327 2609 1422 2663 τοῦ
1456 2610 1685 2666 Θανάτου
1714 2613 1996 2685 νομιστέον

405 2688 588 2746 λέγειν
615 2692 708 2746 τὸν
746 2692 1068 2750 Ἀπόστολον
1101 2698 1275 2752 ταῦτα
1294 2717 1307 2730 ·
1347 2700 1451 2754 Διὰ
1485 2701 1662 2757 τοῦτο
1687 2703 1891 2774 ὥσπερ
1916 2704 1993 2759 δι’

405 2781 547 2850 ἐνὸς
581 2785 896 2854 ἀνθρώπου
921 2790 960 2859 ἠ
993 2789 1249 2860 ἁμαρτία
1274 2794 1363 2860 εὶς
1381 2793 1490 2847 τὸν
1526 2796 1762 2867 κόσμον
1780 2797 1991 2867 εἰσῆλ-

404 2877 490 2940 θε,
531 2876 629 2930 καὶ
667 2876 764 2932 διὰ
809 2877 920 2948 τῆς
951 2880 1240 2950 ἁμαρτίας
1274 2887 1308 2938 ό
1342 2883 1620 2955 θάνατος,
1671 2888 1769 2942 καὶ
1802 2889 1993 2958 οὕτως

401 2967 492 3033 εις
518 2964 750 3035 πάντας
786 2965 1138 3041 ἀνθρώπους
1172 2977 1206 3029 ὁ
1231 2973 1489 3044 θάνατος
1509 2977 1778 3048 διῆλθεν,
1816 2981 1910 3050 ἐφ’
1941 2975 1992 3050 ᾧ

402 3059 623 3127 πάντες
653 3060 937 3132 ἥμαρτον.
983 3065 1159 3136 ’Ἄχρι
1199 3066 1310 3138 γὰρ
1344 3069 1534 3138 νόμον
1560 3072 1599 3140 ἡ
1629 3071 1885 3143 ἁμαρτία
1911 3062 1991 3149 ἦν

398 3150 470 3203 ἐν
500 3154 706 3221 κόσμῳ
724 3170 737 3183 ·
766 3153 1023 3224 ἁμαρτία
1051 3155 1161 3229 γὰρ
1185 3161 1299 3213 οὐκ
1319 3159 1654 3231 ἐλλογεῖται
1684 3163 1772 3234 μὴ
1813 3165 1989 3236 ὄντος

398 3243 587 3312 νόμου
602 3262 616 3276 ο
636 3247 772 3301 ἀλλ’
790 3246 1194 3306 ἐϐασίλευσεν
1214 3255 1247 3308 ό
1270 3254 1526 3322 θάνατος
1551 3255 1669 3310 ἀπὸ
1700 3257 1881 3331 Ἀδὰμ
1891 3260 1989 3331 μέ-
2016 3237 2057 3294 C

398 3351 499 3404 χρι
516 3335 830 3405 Μωῦσέως,
846 3340 943 3394 καὶ
956 3340 1055 3394 ἐπὶ
1074 3341 1216 3410 τοὺς
1220 3342 1307 3414 μὴ
1321 3344 1547 3414 ἀμαρτή
1554 3364 1783 3414 σαντας
1797 3348 1893 3404 ἐπὶ
1912 3349 1989 3417 τῷ

398 3425 717 3497 ὁμοιώματι
735 3428 848 3499 τῆς
869 3433 1260 3502 παραϐάσεως
1294 3436 1478 3508 Ἀδάμ
1496 3455 1509 3469 ’
1543 3440 1636 3493 καὶ
1662 3439 1781 3510 μετ’
1800 3441 1981 3512 ὀλίγα·

393 3517 464 3572 El
492 3517 602 3589 γὰρ
627 3520 697 3573 ἐν
722 3521 860 3589 ἑνὸς
880 3525 1304 3598 παραπτώματι
1339 3531 1373 3583 ὁ
1401 3527 1657 3597 θάνατος
1677 3531 1989 3589 ἐϐασίλευ-

395 3625 472 3663 σε
491 3609 590 3665 διὰ
608 3612 715 3668 τοῦ
743 3612 906 3682 ἐνὸς,
938 3618 1149 3684 πολλῷ
1171 3618 1415 3688 μᾶλλον
1428 3623 1483 3675 οἱ
1498 3621 1613 3691 τὴν
1627 3624 1988 3691 περισσείαν

394 3695 508 3767 τῆς
548 3698 825 3769 χάριτος,
857 3704 957 3758 καὶ
997 3704 1108 3775 τῆς
1148 3706 1541 3777 δικαιοσύνης
1576 3710 1987 3781 λαμϐάνοντες

394 3789 467 3843 ἐν
511 3790 627 3861 ζωῇ
679 3793 1088 3858 ,βασιλεύουσι
1121 3796 1235 3871 (56)
1280 3796 1381 3855 διὰ
1419 3801 1526 3856 τοῦ
1555 3801 1694 3870 ἐνὸς
1723 3805 1985 3874 Χριστοῦ

408 3879 612 3946 Ἰησοῦ
633 3897 648 3913 ο
684 3882 769 3947 τίς
797 3883 907 3957 γάρ
940 3885 1089 3940 ἐστιν
1126 3889 1156 3940 6
1201 3887 1288 3941 διὰ
1317 3888 1418 3959 τῆς
1450 3890 1724 3963 ἁμαρτίας
1756 3891 1986 3959 θάνατος

393 3972 474 4035 εἰς
504 3973 594 4027 τὸν
616 3974 822 4046 κόσμον
851 3976 1130 4044 εἰσελθὼν,
1161 3978 1195 4051 ἢ
1229 3981 1257 4032 6
1277 3979 1505 4051 ἔσχατος
1524 3981 1718 4053 ἐχθρὸς
1744 3985 1982 4057 Χριστοῦ

395 4065 989 4139 καταργηθησόμενοςς
1023 4070 1119 4124 καὶ⁸
1148 4070 1234 4134 τίς
1258 4071 1288 4123 6
1316 4074 1396 4137 είς
1421 4071 1630 4137 πάντας
1654 4073 1983 4148 ἀνθρώπους

393 4155 621 4223 θάνατος
657 4159 903 4228 διελθὼν,
946 4160 1026 4233 τῷ
1067 4161 1277 4229 πάντας
1311 4165 1727 4238 ἡμαρτηκέναι,
1755 4167 1788 4239 ἢ
1821 4168 1983 4233 αὐτὸς

389 4241 564 4314 οὗτος,
585 4249 643 4314 ὃς
664 4253 759 4306 καὶ
787 4252 1137 4309 ἐϐασίλευσεν
1150 4254 1259 4309 ἀπὸ
1300 4256 1470 4329 Ἀδὰμ
1489 4257 1650 4330 μέχρι
1669 4259 1979 4326 Μωῦσέως;

388 4339 631 4410 Μωῦσῆς
679 4340 768 4405 δὲ,
808 4341 1085 4395 τουτέστιν
1126 4343 1155 4395 6
1190 4343 1385 4414 νόμος,
1430 4339 1501 4416 ἦν
1542 4344 1708 4417 μέχρι
1741 4346 1841 4417 τῆς
1885 4345 1981 4400 τοῦ

388 4429 597 4499 Κυρίου
631 4430 790 4503 ἡμῶν
831 4429 1007 4503 Ἰησοῦ
1041 4431 1359 4504 ἐπιδημίας.
1404 4434 1517 4488 Καὶ
1548 4434 1872 4490 ἐϐασίλευσέ
1914 4452 1980 4505 γε

385 4523 445 4575 ὲν
478 4521 599 4584 ἐνὸς
624 4520 1054 4593 παραπτώματι,
1103 4521 1195 4576 διὰ
1240 4522 1335 4577 τοῦ
1369 4523 1508 4588 ἑνὸς,
1541 4523 1647 4588 ἕως
1674 4525 1726 4579 oi.
1749 4524 1848 4596 τὴν
1881 4541 1981 4578 πε-

2103 1967 2330 2031 malum,
2357 1965 2454 2020 sed
2483 1967 2685 2021 bonum
2714 1968 2984 2023 exsisteus
3010 2007 3027 2033 ,
3081 1969 3149 2023 de
3178 1983 3283 2038 qua
3333 1968 3511 2039 inquit
3542 1967 3688 2022 Pau-

2101 2059 2188 2114 lus
2214 2058 2304 2113 ἠε
2346 2056 2470 2112 Vita
2504 2069 2689 2113 nostra
2726 2061 3035 2115 abscondita
3089 2070 3167 2115 est
3219 2076 3340 2115 cum
3379 2059 3590 2115 Christo
3626 2061 3685 2114 in

2099 2150 2254 2216 Deo;
2283 2159 2339 2205 et
2367 2152 2484 2219 ipse
2516 2151 2778 2208 Dominus
2808 2160 2994 2208 noster
3019 2154 3086 2209 de
3112 2153 3292 2224 seipse
3311 2153 3396 2209 '°:
3431 2153 3543 2221 Ego
3566 2169 3685 2207 sunt

2100 2242 2202 2294 vita
2222 2253 2243 2294 :
2270 2239 2343 2294 ita
2367 2250 2599 2296 mortem
2620 2256 2763 2307 eam,
2794 2257 2919 2310 qua
2945 2245 3219 2299 contraria
3250 2243 3323 2298 sit
3349 2243 3680 2298 indiil‘erenti

2096 2329 2243 2396 vita,
2270 2328 2673 2384 indiﬁ‘erentem
2706 2329 2951 2398 dixeris;
2987 2330 3135 2386 illam
3160 2344 3292 2386 vero
3317 2343 3440 2400 quas
3465 2337 3550 2384 est
3577 2329 3686 2383 ini-

2096 2421 2238 2477 mica
2266 2420 2467 2477 dicenti
2502 2437 2517 2475 :
2581 2418 2697 2491 Ego
2731 2437 2850 2475 sum
2877 2422 2987 2476 vita
3011 2461 3028 2487 ,
3062 2420 3261 2475 malam
3289 2420 3579 2489 quamdam
3622 2425 3684 2474 et

2096 2528 2351 2586 asperam
2391 2522 2625 2569 mortem
2654 2530 2670 2581 ;
2710 2524 2817 2583 qua
2845 2512 2938 2582 qui
2967 2510 3221 2577 moritur,
3257 2519 3344 2566 est
3374 2511 3429 2566 in
3462 2518 3680 2578 morte;

2088 2602 2163 2663 de
2215 2619 2326 2676 qua
2383 2604 2649 2676 scriptum
2669 2605 2759 2659 ἰε
2818 2602 3051 2659 Ultimus
3099 2604 3347 2658 inimicus
3392 2601 3682 2670 aboletur,

2092 2714 2279 2769 nempe
2310 2708 2475 2753 mors.
2511 2698 2591 2753 Ac
2623 2695 2871 2767 profecto
2903 2698 2971 2753 de
3012 2697 3118 2752 hac
3145 2706 3323 2752 morte
3344 2693 3680 2752 censendum

2092 2797 2178 2845 est
2214 2789 2531 2860 Apostolum
2560 2790 2676 2845 haec
2708 2789 2857 2859 loqui
2882 2790 2933 2823 θ’
2964 2802 2980 2843 :
3011 2788 3238 2854 Propter
3275 2790 3395 2853 hoc,
3422 2787 3682 2859 quemad-

2092 2882 2308 2935 modum
2326 2897 2430 2951 ρει
2458 2897 2624 2936 unum
2646 2882 2915 2936 hominem
2931 2890 3202 2951 peccatum
3219 2881 3435 2936 intrarit
3452 2883 3506 2934 in
3522 2894 3680 2934 mun-

2090 2973 2241 3039 dum,
2266 2974 2432 3028 etiam
2463 2988 2558 3043 per
2588 2983 2860 3043 peccatum
2885 2986 3052 3036 mors,
3080 2980 3131 3027 et
3159 2973 3238 3027 sic
3267 2973 3324 3025 in
3365 2985 3544 3024 omnes
3585 2972 3679 3022 l‘so-

2089 3066 2257 3118 mines
2283 3064 2613 3132 pertransiit,
2643 3080 2704 3119 eo
2734 3064 2876 3133 quod
2905 3078 3084 3118 omnes
3105 3069 3472 3130 peccaverunt.
3501 3058 3680 3129 Usque

2087 3158 2156 3210 ad
2183 3155 2350 3226 legem
2375 3157 2514 3210 enim
2555 3166 2828 3223 peccatum
2867 3166 2981 3210 erat
3012 3156 3072 3210 in
3107 3154 3303 3209 mundo
3334 3169 3353 3209 :
3399 3164 3677 3225 peccatum

2090 3246 2230 3299 enim
2259 3260 2362 3298 non
2392 3248 2704 3315 imputatur,
2736 3260 2840 3300 non
2879 3244 3161 3301 eminente
3189 3246 3301 3316 lege
3318 3260 3338 3299 :
3364 3247 3454 3301 sed
3480 3261 3673 3316 regna-

2090 3339 2161 3392 rit
2191 3353 2334 3391 mors
2365 3338 2431 3391 ab
2460 3336 2629 3390 Adam
2660 3354 2826 3409 usque
2839 3340 2911 3393 ad
2934 3337 3199 3409 Moysem,
3217 3340 3378 3393 etiam
3397 3341 3453 3393 itt
3467 3354 3557 3395 eos
3579 3339 3676 3409 qui

2087 3444 2192 3484 non
2205 3441 2486 3499 peccamnt
2507 3431 2575 3484 ad
2594 3429 2997 3484 similitudinem
3012 3430 3451 3499 transgressionis
3462 3430 3634 3484 Adam
3650 3445 3674 3485 :

2086 3529 2137 3576 et
2174 3530 2290 3592 post
2316 3535 2490 3592 pauca
2518 3521 2603 3578 ":
2640 3521 2855 3577 Etenim
2872 3523 2918 3576 si
2940 3538 3033 3591 per
3059 3523 3219 3577 unius
3251 3521 3503 3577 delictum
3527 3537 3673 3576 mors

2088 3615 2326 3682 regnavit
2359 3631 2452 3683 per
2477 3629 2662 3677 unum,
2700 3612 2868 3668 multo
2887 3614 3059 3684 magis
3082 3615 3137 3669 hi
3158 3614 3251 3685 qui
3269 3612 3674 3669 exuberantiam

2085 3704 2246 3776 361
2266 3708 2455 3776 gratiae
2496 3715 2548 3760 et
2565 3705 2799 3777 justitia
2819 3705 3110 3774 accipiunt,
3132 3705 3189 3760 in
3210 3705 3324 3760 vita
3351 3703 3667 3775 regnabant,

2084 3807 2301 3850 auctore
2330 3811 2437 3850 uno
2464 3796 2597 3852 Jesu
2626 3796 2861 3852 Christo.
2908 3798 3169 3865 Quanam
3197 3797 3349 3852 enim
3393 3807 3482 3852 est
3520 3808 3674 3851 mors

2084 3899 2205 3954 quae
2230 3900 2333 3955 per
2362 3895 2648 3956 peccatum
2695 3886 2951 3942 introivit
2991 3887 3046 3941 in
3088 3886 3371 3951 mundum,
3401 3884 3508 3940 nisi
3538 3883 3670 3939 ulti-

2083 3990 2210 4031 mus
2250 3977 2506 4033 inimicus
2540 3976 2749 4033 Christi
2778 3978 3087 4033 abolendus
3111 3976 3211 4032 iet
3233 3990 3486 4046 quanam
3522 3989 3672 4032 mors

2084 4064 2176 4119 illa
2204 4075 2311 4133 est,
2346 4080 2467 4135 quae
2497 4066 2553 4120 in
2586 4079 2781 4122 omnes
2822 4065 3075 4121 homines
3115 4063 3383 4136 pervasit.
3413 4078 3482 4120 eo
3521 4063 3669 4134 quod

2080 4171 2273 4212 omnes
2325 4158 2699 4226 peccaverint,
2738 4157 2841 4212 nisi
2891 4158 3009 4213 haec
3050 4171 3172 4228 quae
3219 4156 3389 4213 etiam
3423 4155 3671 4227 regnavit

2082 4249 2151 4301 ab
2168 4248 2341 4302 Adam
2360 4260 2537 4318 usque
2563 4248 2632 4303 ad
2664 4245 2909 4320 Moysen:
2930 4248 2956 4301 τ
2989 4245 3202 4319 Moyses
3224 4256 3432 4316 autem,
3451 4247 3556 4302 hoc
3584 4255 3671 4301 est

2080 4341 2188 4404 lex.
2219 4341 2322 4396 fuit
2378 4354 2553 4412 usque
2594 4342 2662 4397 ad
2709 4339 3023 4397 Senatorii:
3070 4336 3240 4396 nostri
3285 4339 3413 4396 Jesu
3461 4340 3667 4396 Christi

2079 4419 2382 4487 adventum
2422 4432 2490 4486 εδ.
2519 4433 2599 4488 Ac
2647 4432 2900 4502 profecto
2951 4433 3208 4504 regnavit
3258 4431 3421 4487 unius
3463 4430 3668 4487 delicto

2080 4538 2179 4593 per
2213 4537 2404 4589 unum,
2430 4536 2716 4594 quousque
2762 4524 2857 4593 qui
2912 4524 3331 4580 exuberantiam
3375 4523 3570 4594 gratiae
3608 4530 3667 4577 et

389 4612 635 4685 ρισσείαν
684 4613 785 4684 τῆς
816 4613 1035 4685 χάριτος
1075 4614 1172 4667 καὶ
1200 4612 1302 4685 τῆς
1330 4612 1674 4687 δικαιοσύνης
1717 4616 1978 4680 λαϐόντες

2092 4614 2306 4680 iustitia:
2344 4615 2623 4684 accipiunt
2656 4626 2753 4684 per
2781 4615 2975 4680 vitam,
3014 4626 3245 4686 regnent
3290 4624 3515 4670 auctore
3556 4629 3665 4670 uno

382 4706 443 4758 ὲν
478 4704 592 4777 ζωῇ
636 4704 996 4776 βασιλεύσωσι
1046 4704 1134 4760 διὰ
1177 4704 1274 4759 τοῦ
1328 4706 1448 4771 ἐνὸς
1495 4706 1734 4781 Χριστοῦ
1777 4704 1974 4781 Ἰησοῦ.

384 4794 589 4850 Τοῦτον
631 4790 724 4850 οὖν
752 4796 846 4851 τὸν
880 4795 1110 4850 θάνατον
1151 4797 1213 4850 οὐ
1261 4796 1528 4871 θεωρήσει
1561 4801 1642 4865 είς
1671 4799 1764 4854 τὸν
1800 4798 1979 4855 αἰῶνα

381 4889 411 4941 6
440 4887 532 4942 τὸν
565 4886 722 4957 λόγον
757 4886 852 4941 τοῦ
893 4886 1234 4957 Μονογενοῦς
1264 4890 1360 4944 καὶ
1388 4890 1743 4964 Πρωτοτόκου
1792 4890 1978 4964 πάσης

380 4979 614 5046 κτίσεως
639 4983 901 5055 τηρήσας,
933 4985 1213 5055 πεφυκότα
1265 4985 1497 5040 κωλύειν
1531 4985 1856 5059 θεωρεῖσθαι
1880 4984 1977 5040 τὸν

381 5070 632 5128 θάνατον.
684 5074 842 5129 Οὕτω
889 5076 947 5129 δὲ
991 5074 1286 5132 ἀκουστέον
1334 5078 1430 5133 τοῦ
1448 5095 1463 5110 ⁸
1524 5077 1670 5133 Ἐάν
1722 5095 1813 5144 τις
1861 5073 1972 5130 τὸν

379 5163 528 5236 ἐμὸν
551 5167 739 5236 λόγον
765 5166 1026 5240 τηρήσῃ,
1052 5167 1315 5225 θάνατον
1343 5172 1416 5225 οὐ
1449 5170 1537 5241 μὴ
1579 5169 1853 5259 θεωρήσῃ
1882 5171 1972 5238 εὶς

450 5357 496 5390 ’θ
513 5356 673 5414 Joau.
710 5373 764 5423 v,
794 5361 885 5416 22.

997 5357 1043 5389 "’
1070 5358 1201 5416 Ibid.
1232 5360 1325 5415 27.
1402 5361 1448 5394 ⁷⁸
1475 5359 1632 5417 Joan.
1671 5377 1791 5426 Vili,
1825 5361 1915 5417 51.

2092 5358 2248 5414 ΞοΙοε.
2300 5372 2383 5422 ιιι,
2415 5357 2472 5413 3.
2549 5354 2598 5389 ⁸ο
2625 5352 2785 5410 Joan.
2816 5367 2896 5421 ιι,
2928 5352 3022 5410 25.

2081 4706 2216 4763 Jesu
2274 4706 2516 4763 Christo.
2573 4706 2726 4763 Hanc
2778 4707 2948 4777 igitur
2996 4719 3230 4762 mortem
3294 4722 3405 4762 non
3458 4705 3658 4762 videbi'

2082 4800 2138 4854 in
2163 4809 2455 4867 aeternum,
2489 4802 2583 4871 qui
2617 4814 2929 4857 sermonem
2976 4800 3261 4873 Unigeniti
3289 4810 3346 4856 et
3382 4798 3661 4872 Primoge~

2079 4893 2181 4948 niti
2213 4895 2395 4949 omnis
2425 4903 2696 4950 creatura:
2749 4895 3079 4961 servaverit,
3124 4902 3318 4949 natura
3369 4902 3556 4962 aptum
3591 4892 3662 4947 ad

2082 4984 2483 5055 prohibendum
2518 4995 2579 5041 ut
2607 5000 2760 5041 mors
2790 5001 2898 5041 non
2930 4987 3207 5042 videatur.
3249 4982 3345 5039 Sic
3367 4984 3532 5054 igitur
3570 4983 3658 5039 itt-

2081 5076 2432 5148 telligendum
2453 5087 2539 5132 est
2566 5093 2581 5131 :
2604 5077 2668 5133 Si
2692 5079 2812 5149 quis
2838 5093 3135 5132 sermonem
3156 5091 3328 5132 meum
3350 5076 3658 5141 seruaverit,

2079 5179 2298 5223 mortem
2324 5183 2430 5223 non
2460 5167 2656 5223 uidebit
2688 5167 2747 5223 in
2773 5175 3051 5234 eeternum,
3090 5167 3317 5239 perinde
3343 5182 3409 5222 ac
3449 5166 3497 5221 si
3542 5166 3659 5223 haec

3124 5350 3214 5406 ⁸³1
3252 5349 3381 5408 Cor.
3424 5363 3517 5416 xv,
3560 5348 3654 5407 26.

381 5427 428 5461 ⁸¹
455 5426 613 5483 Itoni.
640 5444 696 5496 v,
734 5428 798 5482 l2
824 5444 941 5499 seq.
1006 5429 1056 5462 ⁸³
1087 5430 1248 5487 Rom.
1287 5432 1453 5497 v.17.
1531 5432 1579 5464 ”
1600 5431 1736 5490 Luc.
1776 5446 1890 5501 ενι,
1932 5429 1992 5488 16

2092 5429 2242 5487 Rom.
2268 5445 2325 5495 ι,
2352 5428 2409 5483 4.

1611 5595 1702 5648 όν.
1732 5591 1808 5647 Ita
1864 5608 1961 5648 co-

453 5588 702 5675 (56)nKa.l
740 5590 1246 5675 erepandeéggopoc,
1291 5594 1429 5648 ἀλλ’
1458 5593 1702 5675 ἅπαθον.
1723 5591 1808 5675 Ἰιίι
1864 5608 1958 5675 co-_

1559 5677 1824 5726 ertontus,
1865 5677 1957 5732 qut

379 5657 528 5712 dices
552 5660 755 5724 Regius
801 5657 856 5717 ei
899 5657 1242 5725 Burneianus,
1279 5678 1489 5719 necnon

378 5726 697 5801 yer_t‘it:_Et
728 5731 839 5786 alia
882 5732 1152 5801 differens,
1205 5736 1294 5787 sed
1350 5734 1562 5786 bonum.
1594 5734 1690 5787 ‘At
1744 5726 1961 5788 videtur

376 5795 573 5865 legisse
594 5798 902 5866 Ferrarius.
928 5795 1022 5859 iul
1051 5795 1217 5865 ἑτέρα
1245 5804 1319 5867 μὴ
1350 5804 1661 5871 ἀδιάφορος,
1675 5804 1735 5860 οὐ
1766 5801 1958 5871 κακὸν,

2071 5593 2195 5665 ἀλλζ
2212 5593 2443 5665 ἀγαθόν.

2142 5654 2571 5735 (55)’Διαςρόρφ.
2605 5662 2890 5735 Ferrarius
2925 5660 3163 5735 legehat.
3186 5654 3488 5729 ἀδιαφόρῳ.

2141 5727 2258 5808 (56)
2288 5727 2716 5791 Βασιλεῦουσι.
2746 5732 2909 5803 Lege,
2928 5727 3325 5803 βασιλεύσουσι.

2020 5902 2259 5934 ὥρη.
