4196 6408
574 326 673 385 56⁸³1

2048 329 2371 389 ORIGENIS

3716 340 3819 395 668

565 436 817 510 loquens,
858 438 989 511 quia
1019 439 1278 497 donasset
1318 439 1501 499 lucem
1539 429 1910 509 audientibus,
1942 443 2151 499 diceret

2248 441 2357 496 τὸν
2387 442 2596 509 αἰῶνα,
2624 444 2700 509 ὡς
2731 445 2782 499 si
2815 446 3180 519 χαρισάμενος
3208 448 3238 502 ό
3267 445 3441 503 ταῦτα
3485 449 3662 521 λέγων
3702 452 3818 521 φῶς

574 530 721 586 illis:
765 530 828 587 Si
861 533 988 601 quis
1018 545 1197 587 meam
1237 530 1381 588 hanc
1426 533 1728 589 servaverit
1766 533 1968 602 lucem,
1999 543 2149 590 tene—

574 630 706 677 bras
728 637 835 678 non
862 622 1073 679 videbit
1109 623 1164 679 in
1187 632 1475 679 aeternum.
1510 623 1648 680 Nam
1678 625 1796 682 lleri
1830 642 1936 683 non
1971 635 2151 697 potest

574 721 633 767 ut
660 713 904 769 tenebrae
933 714 1188 769 oriantur
1226 713 1304 769 illi
1360 716 1457 785 qui
1501 727 1693 774 servat
1743 719 1883 774 hanc
1926 718 2148 786 lucem;

575 804 727 874 atqui
754 804 801 860 si
832 804 975 860 hanc
1006 804 1185 861 lucem
1238 809 1363 876 quis
1413 809 1737 878 perdiderit,
1786 808 2030 866 futurum
2066 819 2151 868 est

574 903 637 969 ut
661 910 785 951 mox
816 897 942 953 talis
967 896 1437 956 videattenebras.
1471 900 1580 957 Isto
1605 902 1771 972 igitur
1796 903 1956 958 modo
1981 904 2148 959 etiam

576 987 684 1040 vita
720 985 862 1042 facta
912 997 1001 1044 est
1045 989 1099 1044 in
1151 987 1443 1055 Sermone,
1491 991 1584 1061 qui
1627 992 1681 1046 in
1713 991 1984 1063 principio
2032 1004 2151 1050 erat

575 1077 718 1145 apud
748 1076 913 1133 Deum
952 1078 1021 1133 ⁸⁵.
1062 1079 1334 1147 Quocirca
1381 1082 1733 1152 principium,
1779 1084 1884 1138 hoc
1930 1094 2015 1139 est
2056 1086 2151 1140 Sa-

575 1167 802 1240 pientia,
838 1186 959 1242 qua:
990 1171 1121 1227 dicit
1147 1190 1160 1226 :
1192 1172 1328 1227 Deus
1364 1175 1557 1229 creavit
1592 1191 1675 1229 me
1704 1176 1917 1229 initium
1943 1178 2149 1232 ciarum

575 1277 792 1316 suarum
816 1262 886 1316 ad
914 1279 1075 1332 opera
1101 1262 1216 1333 ejus
1239 1264 1305 1331 ³⁸,
1334 1265 1402 1319 de
1442 1280 1695 1322 sermone
1741 1267 1795 1322 in
1841 1267 2020 1337 seipsa
2053 1283 2151 1325 es-

575 1351 831 1418 sistente,
862 1353 915 1408 in
946 1369 1052 1423 quo
1087 1355 1230 1410 facta
1258 1366 1341 1412 est
1371 1356 1508 1423 vita,
1537 1356 1755 1414 docebit
1776 1368 1832 1414 et
1867 1359 2052 1415 dicet:
2085 1359 2149 1416 Si

575 1446 693 1513 quis
719 1462 1009 1501 sermonem
1049 1463 1222 1502 meum
1249 1450 1558 1514 servaverit,
1601 1459 1827 1505 mortem
1858 1466 1964 1506 non
2006 1453 2151 1509 vide-

575 1535 651 1590 bit
682 1537 739 1591 in
765 1547 1020 1593 aeternum
1039 1554 1059 1594 :
1083 1538 1293 1608 pariter
1319 1537 1464 1593 enim
1493 1541 1738 1596 servabit
1782 1542 1906 1613 quis
1937 1557 2148 1599 sermo-

576 1640 701 1681 nem
749 1638 807 1683 et
852 1628 1017 1682 vitam
1050 1629 1105 1683 in
1144 1628 1265 1699 ipso
1299 1628 1525 1696 factam,
1566 1629 1636 1685 ab
1666 1631 1890 1703 ipsoque
1931 1633 2149 1707 insepa-

576 1715 827 1783 rabilem,
853 1732 975 1788 quae
994 1720 1160 1774 etiam
1191 1719 1301 1774 vita
1334 1719 1423 1775 lux
1450 1729 1537 1777 est
1565 1720 1845 1777 hominum
1869 1723 2056 1781 lucens
2091 1727 2145 1782 in

578 1805 841 1872 tenebris,
870 1815 926 1862 et
961 1808 1031 1863 ab
1060 1806 1194 1878 ipsis
1224 1823 1332 1864 non
1380 1809 1721 1880 apprehensa
1771 1811 1840 1868 "'.
1882 1812 1940 1870 Si
1983 1815 2149 1885 igitur

574 1893 741 1949 veluti
781 1906 1145 1968 percunctans
1172 1897 1442 1968 Propheta
1470 1899 1659 1957 dicat:
1703 1900 1837 1969 Quis
1877 1915 1954 1959 est
1992 1908 2149 1961 homo

575 1985 666 2049 qui
696 1986 847 2054 uiset,
876 1996 1048 2044 etnon
1073 1989 1263 2044 uidebit
1290 1989 1622 2045 mortem“?
1651 1997 2095 2063 respondebimus
2118 2016 2149 2056 a

576 2074 867 2135 Servatore
900 2089 1088 2136 nostro
1114 2081 1315 2148 edocti,
1348 2090 1404 2138 et
1428 2081 1672 2141 dicemus
1702 2104 1717 2143 :
1747 2085 1840 2143 Ille
1870 2090 2035 2147 homo
2067 2093 2151 2147 vi-

575 2178 687 2235 vet,
717 2177 775 2224 et
806 2185 914 2227 non
948 2173 1159 2229 videbit
1206 2183 1465 2241 mortem,
1496 2177 1589 2247 qui
1621 2189 1805 2235 servat
1843 2196 2149 2239 sermonem

573 2258 806 2315 dicentis
833 2280 848 2317 :
877 2260 939 2315 Si
973 2265 1090 2334 quis
1123 2281 1414 2322 sermonem
1443 2285 1617 2326 meum
1655 2274 1967 2340 sanaverit,
2003 2291 2152 2331 mor-

575 2359 679 2403 tem
704 2367 808 2405 non
839 2354 1028 2409 uidebit
1079 2356 1135 2410 in
1189 2365 1468 2414 (sternunt.
1514 2360 1629 2417 Hoc
1675 2363 1728 2418 in
1772 2363 1893 2420 loco
1943 2367 2153 2435 pariter

575 2457 763 2512 quer
794 2460 920 2498 num
957 2445 1101 2502 forte
1131 2449 1480 2519 vocabulum,
1505 2453 1560 2508 in
1587 2464 1867 2523 wtsrnum,
1938 2457 2149 2513 intelli-

577 2536 809 2604 gendum
838 2538 911 2594 sit
934 2542 1328 2597 communiter:
1361 2553 1422 2599 ut
1457 2553 1626 2601 totum
1674 2548 1748 2604 sit
1801 2548 2146 2620 liujusmodi:

577 2626 634 2680 Si
666 2627 791 2697 quis
827 2643 1135 2687 sermonem
1175 2649 1356 2690 meum
1388 2638 1697 2695 servaverit
1748 2640 1803 2695 in
1851 2650 2147 2710 aeternum,

575 2731 803 2777 mortem
833 2739 939 2779 non
970 2725 1178 2781 videbit
1206 2728 1259 2783 in
1291 2738 1578 2786 aeternum.
1612 2732 1839 2790 Videtur
1865 2736 2010 2793 enim
2050 2739 2153 2795 ali-

573 2814 698 2884 quis
723 2815 913 2871 tandiu
944 2832 1050 2872 non
1088 2819 1275 2876 videre
1295 2832 1551 2889 mortem,
1575 2824 1812 2894 quandiu
1844 2842 2149 2885 sermonem

581 2915 760 2960 servat
786 2905 917 2963 Jesu
941 2908 1138 2975 ;simu|
1164 2912 1311 2967 enim
1338 2922 1503 2984 atque
1525 2916 1651 2987 quis
1675 2932 1801 2973 eum
1829 2919 2150 2988 perdiderit,

575 2996 740 3069 362
770 3010 1001 3057 mortem
1032 3005 1197 3060 etiam
1222 3006 1382 3064 vidit.
1420 3008 1573 3076 Quod
1616 3011 1664 3066 si
1715 3026 2001 3070 recurrere
2026 3015 2153 3087 quis

2251 532 2363 593 τοῖς
2416 530 2727 599 ἀκούουσιν,
2779 533 3013 603 ἔφασκεν
3042 535 3255 599 αὐτοῖς·
3307 535 3432 591 Ἐάν
3468 553 3552 600 τις
3588 534 3651 589 τὺ
3687 536 3820 607 ἐμὸν

2250 620 2409 676 τοῦτο
2438 625 2656 698 τηρήσῃ
2689 624 2825 694 φῶς,
2885 625 3077 684 σκότος
3120 627 3182 679 οὐ
3220 626 3294 698 μὴ
3326 625 3579 698 θεωρήσῃ
3617 629 3698 690 εἰς
3726 627 3821 680 τὸν

2250 712 2437 767 αἰῶνα·
2474 716 2736 770 ἀδύνατον
2768 717 2879 788 γὰρ
2910 717 3164 786 γενέσθαι
3215 718 3405 783 σκότος
3447 717 3526 789 τῷ
3562 717 3818 790 τηροῦντι

2249 805 2310 858 τὸ
2352 804 2506 875 φῶς·
2558 810 2607 861 sl
2663 809 2909 880 μέντοιγε
2960 811 3220 866 ἀπολέσαι
3248 828 3330 876 τις
3362 812 3520 866 τοῦτο
3558 812 3618 866 τὸ
3658 813 3775 883 φῷς
3798 852 3818 879 ,

2249 896 2438 951 ἐπεται
2465 897 2543 970 τῷ
2567 899 2933 954 ἀπολωλεκότι
2959 902 3160 966 εὐθέως
3192 901 3316 955 ἰδεῖν
3341 904 3402 957 τὺ
3427 902 3635 966 σκότος.
3663 902 3823 957 Οὕτω

2247 987 2425 1041 τοίνυν
2454 989 2547 1043 καὶ
2576 990 2633 1043 ἐν
2664 990 2742 1061 τῷ
2771 991 2928 1063 Λόγῳ
2956 994 3014 1045 ἐν
3041 993 3184 1064 ἀρχῇ
3232 993 3369 1063 πρὸς
3392 993 3482 1046 τὸν
3505 993 3636 1046 Θεὸν
3659 994 3823 1062 γέγο-

2249 1095 2337 1133 νεν
2376 1080 2410 1150 ή
2456 1077 2591 1151 ζωή·
2627 1080 2816 1154 διόπερ
2850 1085 2883 1154 ή
2922 1081 3065 1155 ἀρχὴ
3093 1124 3108 1148 ,
3142 1083 3421 1136 τουτέστιν
3459 1085 3493 1155 ή
3547 1082 3748 1153 Σοφία,
3785 1085 3822 1155 ή

2248 1169 2507 1239 λέγουσα·
2575 1172 2640 1225 '0
2691 1173 2834 1239 Θεὸς
2878 1173 3083 1229 ἔκτισέ
3119 1191 3199 1245 με
3223 1173 3420 1244 ἀρχὴν
3448 1173 3592 1228 ὀδοῦ
3633 1173 3820 1229 αὐτοῦ

2250 1264 2338 1328 εὶς
2364 1262 2509 1332 ἔργα
2536 1264 2744 1326 αὐτοῦ,
2781 1266 2910 1338 περὶ
2944 1265 3037 1319 τοῦ
3070 1268 3127 1318 ὲν
3161 1267 3299 1338 αὐτῇ
3331 1266 3492 1335 λόγου
3524 1268 3582 1319 ἐν
3631 1258 3677 1334 ᾧ
3725 1283 3821 1334 γε·

2248 1358 2461 1427 γονενή
2492 1354 2627 1427 ζωὴ,
2681 1355 2904 1421 διδάξει,
2939 1357 3033 1411 καὶ
3049 1357 3231 1428 φήσει·
3263 1357 3403 1411 Ἐάν
3420 1374 3509 1423 τις
3543 1357 3652 1411 τὸν
3677 1356 3826 1425 ἐμὸν·

2247 1442 2434 1511 λόγον
2457 1442 2712 1512 τηρήσῃ,
2730 1444 3070 1499 θάνατονού
3083 1446 3169 1514 μὴ
3195 1444 3464 1515 θεωρήσῃ
3476 1449 3563 1513 εὶς
3573 1442 3827 1501 τὸναῑῶέ

2248 1547 2347 1585 να*
2382 1531 2499 1602 ἅμα
2527 1533 2637 1604 γὰρ
2664 1536 2880 1609 τηρήσῃ
2927 1553 3010 1601 τις
3053 1536 3147 1591 τὸν
3197 1537 3386 1605 λόγον,
3421 1539 3516 1591 καὶ
3546 1537 3647 1610 τήν
3676 1535 3823 1607 ἀχώ-

2251 1640 2436 1696 ριστον
2469 1624 2635 1679 αὑτοῦ
2676 1628 2987 1701 »γενομένην
3023 1629 3082 1682 ἐν
3121 1630 3272 1704 αὐτῷ
3324 1626 3489 1702 ζωὴν,
3537 1630 3659 1700 ήτις
3708 1629 3824 1701 ἅμα

2250 1715 2348 1769 καὶ
2376 1715 2492 1785 φῶς
2520 1718 2639 1770 ἐστι
2663 1716 2774 1771 τῶν
2808 1717 3132 1791 ἀνθρώταυν,
3160 1719 3222 1772 τὸ
3261 1721 3319 1772 ἐν
3354 1722 3421 1790 τῇ
3456 1722 3647 1793 σκοτίᾳ
3699 1724 3825 1792 φαῖ-

2181 1783 2223 1842 B
2250 1821 2361 1868 vov,
2390 1783 2491 1858 καὶ
2518 1806 2592 1879 μὴ
2623 1783 3179 1879 καταλαμδανόμενον
3212 1808 3305 1861 ὑπ’
3331 1783 3520 1879 aii-silc.
3569 1783 3826 1865 Ἐἀνόὗν

2247 1896 2413 1950 οἱονεὶ
2458 1896 2859 1967 πυνθανόμενος
2898 1899 2927 1952 ό
2982 1899 3276 1971 Προφήτης
3325 1899 3491 1971 λέγῃ·
3527 1901 3624 1966 Τίς
3657 1901 3827 1955 ἐστιν

2248 1988 2559 2057 ἄνθρωπος
2590 1988 2659 2055 ὃς
2694 1987 2952 2055 ζήσεται,
2993 1991 3090 2044 καὶ
3124 1992 3236 2045 οὐκ
3282 1991 3491 2060 ὄψεται
3532 1990 3826 2057 θάνατον-ς

2250 2079 2692 2152 ἀποκρινούμεθα
2710 2081 2819 2150 (37)
2838 2080 3102 2152 μαθόντες
3132 2081 3239 2135 ἀπὸ
3261 2081 3355 2134 τοῦ
3382 2082 3632 2153 Σωτῆρος
3650 2081 3825 2153 ήμῶν,

2250 2172 2344 2227 καὶ
2374 2172 2627 2245 ἐροῦμεν,
2663 2174 2744 2228 ὅτι
2776 2173 3064 2245 ἄνθρωπός
3122 2177 3291 2239 ἐστιν,
3325 2175 3384 2240 ὃς
3433 2176 3690 2247 ζήσεται,
3737 2177 3825 2230 καὶ

2249 2264 2349 2318 οὐκ
2382 2264 2568 2335 ὄψεται
2592 2265 2840 2332 θάνατον,
2873 2266 2931 2330 ὃς
2956 2270 3113 2338 τηρεῖ
3133 2267 3223 2321 τὸν
3248 2267 3404 2337 λόγον
3433 2267 3525 2320 τοῦ
3554 2267 3826 2331 εἰπόντος’

2262 2355 2405 2411 Ἐάν
2435 2375 2526 2424 τις
2557 2357 2664 2412 τὸν
2686 2358 2833 2427 ἐμὸν
2860 2360 3045 2428 λόγον
3074 2358 3333 2427 τηρήσῃ,
3356 2358 3616 2413 θάνατον
3645 2360 3715 2413 οὑ
3741 2358 3828 2428 μὴ

2252 2446 2523 2516 θεωρήσῃ
2558 2449 2646 2513 εἰς
2669 2447 2775 2500 τὸν
2795 2445 2997 2500 αἰῶνα.
3035 2449 3184 2519 ’Ἅμα
3213 2448 3270 2502 δέ
3296 2450 3354 2502 ἐν
3384 2447 3463 2519 τῷ
3499 2449 3651 2519 τόπῳ
3683 2446 3830 2519 ζητῶ

2258 2540 2472 2611 μήποτε
2499 2539 2561 2592 τὸ
2602 2541 2692 2606 εις
2717 2539 2824 2593 τόν
2853 2539 3056 2605 αἰῶνα,
3083 2541 3190 2594 ἀπὸ
3212 2539 3392 2594 κοινοῦ
3411 2539 3667 2611 ληπτέον,
3693 2540 3824 2593 ὥστ’

2253 2626 2320 2681 ἂν
2348 2622 2487 2681 εἶναι
2530 2626 2773 2683 τοιοῦτον
2816 2628 2878 2681 τὸ
2918 2627 3057 2682 ὅλον·
3095 2629 3221 2682 Ἐάν
3251 2646 3336 2692 τις
3365 2628 3458 2682 τὸν
3498 2629 3630 2700 ἐμὸν
3674 2627 3831 2696 λόγον

2250 2719 2465 2789 τηρήσῃ
2523 2720 2604 2782 εἰς
2653 2718 2745 2771 τὸν
2796 2718 2970 2772 αἰῶνα
2998 2758 3014 2783 ,
3050 2718 3279 2773 θάνατον
3329 2719 3390 2773 οὐ
3430 2721 3504 2791 μὴ
3552 2719 3827 2795 θεωρήσῃ.

2251 2811 2362 2865 Καὶ
2394 2810 2501 2883 γάρ
2533 2811 2708 2865 ἔοικεν
2735 2813 2827 2865 ἐπὶ⁵
2850 2811 3103 2865 τοσοῦτόν
3126 2828 3213 2876 τις
3243 2812 3317 2884 μὴ
3353 2812 3575 2884 θεωρεῖν
3602 2813 3698 2865 τὸν
3731 2812 3831 2866 θά-

2252 2918 2432 2971 νατον,
2466 2905 2589 2959 ὅσον
2612 2908 2754 2976 τηρῇ
2784 2904 2877 2967 τὸν
2911 2903 3005 2957 τοῦ
3043 2904 3218 2975 Ἰησοῦ
3252 2904 3426 2973 λόγον·
3468 2906 3583 2976 ἅμα
3607 2905 3715 2978 γάρ
3746 2923 3834 2968 τις

2252 2994 2533 3050 ἀπώλεσεν
2564 2996 2747 3059 αὑτὸν,
2788 2996 2883 3050 καὶ
2919 2996 3148 3050 θάνατον
3193 2995 3521 3069 ἐθεώρησεν.
3555 2997 3618 3050 Ei
3650 2998 3707 3051 δέ
3737 2997 3834 3052 καὶ

576 3101 755 3159 potest
801 3093 868 3148 ad
920 3095 1307 3164 profundiores
1356 3102 1617 3167 rationes,
1683 3113 1741 3159 et
1799 3085 2151 3162 consider—are

2254 3086 2573 3159 ἀνατρέχειν
2595 3104 2678 3152 τις
2705 3085 2928 3141 δύναται
2965 3088 3057 3141 ἐπὶ⁸
3084 3087 3211 3151 τοὺς
3243 3086 3568 3159 βαθυτέρους
3595 3088 3786 3157 λόγους
3815 3130 3832 3153 ,

575 3183 851 3251 quomodo
885 3185 1100 3242 dicatur
1126 3188 1195 3244 ab
1227 3188 1486 3249 homine:
1522 3191 1593 3247 Et
1620 3193 1677 3249 in
1703 3196 1966 3265 puluerem
2009 3215 2153 3253 mor-

578 3271 646 3325 tis
674 3273 947 3330 adduxisti
981 3294 1065 3334 me
1091 3280 1159 3347 ⁸⁸,
1182 3292 1237 3338 et
1277 3299 1306 3338 a
1340 3284 1509 3343 Paulo
1548 3305 1565 3343 :
1603 3288 1739 3358 Quis
1784 3306 1867 3344 me
1909 3291 2153 3348 liberabit

574 3376 642 3416 ea:
676 3379 894 3433 corpore
934 3366 1031 3422 hoc
1072 3374 1353 3427 mortali”
1380 3368 1402 3422 ?
1429 3377 1629 3433 videbit
1674 3380 1836 3434 etiam
1883 3384 2152 3451 quomodo

574 3456 817 3523 quandiu
850 3469 1102 3517 servatus
1155 3462 1321 3521 fuerit
1365 3482 1567 3536 sermo,
1618 3471 1805 3526 tandiu
1849 3487 1996 3529 mors
2036 3473 2151 3530 visa

578 3560 685 3599 non
719 3546 885 3603 fuerit
919 3551 988 3607 ab
1015 3566 1103 3620 eo,
1130 3555 1223 3624 qui
1257 3556 1434 3627 ipsum
1475 3563 1710 3616 servarit
1732 3579 1747 3616 :
1772 3572 1828 3618 et
1857 3565 2149 3634 quomodo,

578 3649 701 3689 cum
731 3639 854 3707 quis
881 3655 1029 3709 aegre
1053 3647 1348 3704 attendens
1379 3650 1747 3708 observationi
1774 3657 2063 3722 sermonis,
2098 3664 2181 3712 et”

577 3726 721 3781 circa
752 3728 869 3797 ejus
901 3736 1206 3792 custodiam
1232 3741 1509 3813 negligens
1537 3743 1748 3810 factus,
1771 3762 1896 3801 eum
1925 3750 2154 3805 cessarit

574 3819 872 3887 custodire,
913 3831 1042 3879 tunc
1070 3836 1303 3884 mortem
1345 3831 1568 3901 viderit,
1616 3849 1724 3890 non
1772 3838 1912 3908 apud
1961 3839 2151 3901 alium.

576 3921 739 3976 quam
769 3913 910 3981 apud
949 3915 1212 3986 seipsum.
1237 3920 1317 3975 Ac
1344 3921 1589 3991 profecto
1629 3925 1821 3996 dogma
1862 3926 2153 4000 legemque

577 4001 966 4089 sempiternam
1018 4010 1353 4065 censendum
1394 4021 1479 4068 est
1535 4014 1637 4070 hoc
1679 4031 1836 4083 esse,
1892 4031 2153 4089 perpetuo

580 4088 866 4146 dicendum
895 4107 1018 4151 esse
1053 4096 1139 4153 his
1188 4099 1282 4168 qui
1327 4102 1633 4171 receperint
1685 4088 1999 4163 sermonem
2026 4129 2049 4165 ς
2091 4108 2152 4164 Si

576 4180 695 4252 quis
727 4198 1021 4240 sermonem
1050 4205 1220 4244 meum
1239 4194 1540 4259 servaverit,
1570 4208 1792 4252 mortem
1825 4215 1931 4254 non
1956 4201 2153 4256 videbit

576 4276 633 4328 in
662 4286 917 4334 (sternunt
940 4279 1009 4338 “.
1041 4280 1114 4337 Ut
1139 4295 1346 4351 autem,
1379 4297 1437 4342 ut
1460 4288 1534 4344 ita
1565 4290 1764 4357 dicam,
1797 4293 2000 4351 diutius
2023 4296 2154 4350 visae

580 4369 822 4425 tenebrae
874 4371 1047 4426 aciem
1090 4373 1239 4431 illius
1280 4377 1375 4446 qui
1429 4379 1626 4435 viderit
1681 4383 2009 4450 obtundunt,
2072 4386 2153 4443 sic

2254 3179 2349 3233 καὶ
2391 3182 2531 3233 νοεῖν
2574 3180 2692 3244 πῶς
2740 3179 2846 3233 ὑπὸ
2893 3178 3181 3251 ἀνθρώπου
3219 3180 3417 3249 λέγοιτ’
3462 3180 3529 3235 ἂν
3578 3181 3668 3234 τό·
3726 3184 3833 3249 Εἰς

2252 3268 2408 3339 χοῦν
2459 3267 2720 3324 θανάτου
2776 3268 3109 3340 κατήγαγές
3160 3287 3239 3340 με
3257 3310 3271 3330 ,
3314 3271 3411 3325 καὶ
3449 3271 3553 3324 ὑπὸ
3595 3269 3831 3324 Παύλου·

2258 3361 2355 3427 Τίς
2390 3377 2469 3432 με
2512 3360 2765 3429 ῥύσεται
2831 3361 2899 3415 ἐκ
2947 3360 3054 3415 τοῦ
3103 3361 3374 3432 σώματος
3424 3362 3530 3416 τοῦ
3572 3362 3833 3417 θανάτου

2252 3451 2505 3516 raritati;
2544 3450 2813 3523 θεωρήσει
2849 3451 2972 3506 τινα
2997 3452 3198 3525 τρόπον
3238 3453 3361 3507 ὅσον
3403 3454 3501 3523 μὲν
3529 3454 3774 3524 ἐτηρεῖτο
3804 3453 3834 3506 ό

2252 3541 2442 3612 λόγος,
2479 3540 2709 3606 θάνατος
2745 3543 2846 3597 οὐκ
2885 3542 3172 3615 ἐθεωρεῖτο
3218 3542 3294 3614 τῷ
3327 3542 3583 3615 τηροῦντι
3633 3543 3830 3596 αὐτόν’

2252 3631 2340 3685 ὅτε
2373 3632 2432 3686 δέ
2460 3649 2546 3696 τις
2573 3632 2767 3705 καμὼν
2814 3635 2873 3689 ἐν
2922 3635 2990 3705 τῇ
3042 3634 3308 3705 προσοχῇ,
3347 3634 3443 3686 καὶ
3470 3635 3699 3706 τηρήσει
3734 3632 3834 3688 τοῦ

2252 3725 2435 3795 λόγου,
2471 3725 2503 3798 ἢ
2532 3726 2951 3800 ἀπροσεκτήσας
2982 3728 3113 3800 περὶ
3138 3726 3201 3780 τὸ
3225 3729 3412 3799 τηρεῖν
3435 3765 3451 3791 ,
3493 3728 3594 3780 οὐκ
3622 3727 3699 3779 ἔτι
3734 3727 3833 3780 αὖ.

2252 3818 2343 3873 τὸν
2369 3822 2657 3890 τετήρηκε,
2705 3820 2825 3874 τότε
2854 3820 2945 3874 τὸν
2979 3819 3206 3873 θάνατον
3244 3818 3571 3891 ἐθεώρησεν,
3604 3819 3665 3872 οὐ
3700 3818 3832 3887 παρ’

2252 3912 2409 3967 ἄλλον
2438 3911 2471 3984 ή
2505 3912 2634 3985 παρ’
2672 3912 2882 3967 ἑαυτόν.
2918 3913 3030 3965 Καὶ
3066 3911 3345 3984 νομιστέον
3372 3927 3436 3980 γε
3468 3909 3639 3963 τοῦτο’
3654 3910 3833 3980 δόγμα

2252 4000 2414 4067 εἶναι,
2448 4004 2543 4058 καὶ
2574 4005 2737 4075 νόμον
2769 4003 3007 4068 αἰώνιον,
3043 4004 3131 4057 ἀεὶ
3160 4002 3225 4056 ἂν
3249 4004 3383 4074 ἡμῖν
3413 3999 3830 4072 λεχθησομένου,

2253 4090 2627 4165 παραλαϐοὖσι
2649 4093 2742 4147 τὸν
2768 4092 2947 4162 λόγον,
2969 4090 3065 4145 τοῦ
3084 4109 3097 4124 ·
3138 4090 3275 4144 Ἐάν
3305 4107 3394 4156 τις
3428 4090 3533 4143 τὸν
3555 4089 3702 4158 ἐμὸν
3727 4090 3834 4143 λό-

2251 4202 2362 4255 γον
2426 4183 2659 4254 τηρήσῃ
2682 4224 2697 4249 ,
2746 4184 3003 4240 θάνατον
3060 4185 3133 4237 οὐ
3185 4180 3271 4252 μὴ
3332 4181 3538 4251 ὄψεται
3589 4182 3678 4247 εὶς
3724 4180 3831 4233 τὸν

2253 4272 2456 4329 αἰῶνα.
2490 4274 2701 4345 Ὠσπερ
2732 4273 2790 4326 δὲ
2816 4315 2831 4341 ,
2882 4271 2949 4326 ἶν’
2998 4271 3169 4336 οὕτως
3200 4271 3453 4341 ὀνομάσω
3483 4310 3499 4336 ,
3548 4267 3832 4323 ἐπιπλεῖον

2220 4352 2529 4438 ’θεωρηθέν
2581 4363 2643 4418 τὸ
2699 4365 2889 4428 σκότος
2939 4363 3190 4434 ἀφανίζει
3243 4361 3351 4434 (⁸58)
3394 4360 3496 4424 τάς
3538 4358 3690 4431 ὄψεις
3734 4357 3830 4412 τοῦ

577 4475 728 4516 mors
760 4474 1049 4533 conspecta
1080 4465 1149 4521 ab
1174 4481 1242 4523 eo
1270 4469 1362 4539 qui
1390 4485 1701 4528 sermonem
1741 4490 1849 4530 non
1891 4478 2146 4547 servarit,

2259 4456 2651 4532 θεωρήσαντος,
2690 4455 2863 4521 οὕτως
2901 4453 3197 4528 θεωρηθεὶς
3231 4456 3260 4507 ὁ
3292 4454 3522 4517 θάνατος
3572 4451 3689 4547 ἀπο
3733 4449 3828 4547 τοῦ

575 4548 863 4619 interimit,
888 4563 945 4609 et
968 4557 1283 4626 mortiﬁcat,
1307 4572 1657 4634 excascatque
1689 4566 1864 4622 aciem
1902 4579 2151 4625 contem-

574 4642 800 4710 plationi
828 4656 1123 4715 assuetam,
1159 4650 1296 4706 adeo
1326 4660 1386 4707 ut
1424 4667 1565 4724 opus
1592 4654 1792 4712 habeat
1824 4673 1891 4713 eo
1916 4660 2014 4730 qui
2046 4675 2151 4715 ce-

573 4746 764 4790 corum
796 4736 987 4794 oculos
1008 4740 1207 4810 aperit.
1253 4741 1331 4798 Ac
1373 4743 1618 4814 profecto
1654 4748 1910 4806 existimo
1942 4750 2150 4808 idcirco

574 4839 766 4894 caecos,
797 4843 1029 4900 quorum
1077 4844 1205 4891 nota
1235 4835 1459 4892 fuerunt
1510 4839 1666 4905 caci,
1727 4841 1821 4912 qui
1873 4843 1929 4900 in
1967 4844 2150 4902 Evan-

572 4916 714 4989 gelio
746 4922 1065 4980 scribuntur
1090 4928 1345 4985 amisisse
1386 4929 1600 4996 oculos,
1632 4947 1698 4987 eo
1725 4936 1892 5003 quod,
1929 4949 2147 4994 sermo-

538 5057 543 5081 ι
575 5025 701 5066 nem
725 5025 851 5069 cum
878 5030 991 5072 non
1019 5029 1359 5088 servassent,
1394 5033 1627 5079 mortem
1660 5027 2071 5097 conspexerlnt.

643 5169 735 5226 32.
770 5170 1032 5230 Dixerunt
1073 5178 1122 5233 ei
1154 5176 1335 5234 Judaei
1363 5198 1383 5239 :
1427 5178 1590 5236 Nunc
1631 5186 1966 5255 cognovimus
2005 5186 2145 5258 quod

532 5340 537 5343 η
570 5266 894 5319 tta-monium
939 5267 1098 5325 habes
1136 5272 1207 5331 ”.
1246 5271 1588 5344 Complures,
1638 5275 1803 5346 hique
1850 5279 2145 5348 sapientes,

572 5367 734 5409 omne
760 5369 932 5425 genus
957 5365 1193 5429 peccati,
1225 5363 1383 5434 cujus
1424 5380 1531 5419 una
1582 5368 1750 5422 etiam
1783 5369 1994 5437 species
2039 5381 2145 5437 est,

2251 4546 2342 4601 τὸν
2372 4546 2530 4616 λόγον
2571 4545 2646 4618 μή
2699 4546 3043 4616 τηρήσαντος
3073 4543 3326 4610 θανατοῖ,
3369 4543 3463 4597 καὶ
3504 4543 3689 4613 νεκροϊ
3729 4540 3829 4612 τὴν

2250 4639 2604 4713 θεωρήσασαν
2628 4636 2785 4693 αὑτὸν
2812 4636 2953 4708 bim,
2985 4634 3078 4689 καὶ
3103 4635 3420 4705 ἀποτυφλοῖ,
3442 4635 3518 4700 ὡς
3549 4633 3637 4688 διὰ
3667 4633 3831 4687 τοῦτο

2247 4729 2506 4803 δεηθῆναι
2552 4729 2644 4784 τοῦ
2696 4728 3004 4798 ἀνοίγοντος
3069 4726 3379 4798 ὀφθαλμοὺς
3429 4724 3663 4795 τυφλῶν.
3717 4724 3831 4779 Καὶ

2249 4817 2402 4894 οἶμαι
2444 4838 2510 4892 γε
2535 4859 2551 4886 ,
2601 4819 2692 4874 διὰ
2720 4819 2878 4873 τοῦτο
2921 4820 2970 4872 οἱ
3004 4817 3213 4888 τυφλοὶ,
3252 4812 3329 4873 ὧν
3370 4816 3637 4889 σύμϐολον
3684 4811 3828 4886 ἦσαν

2245 4913 2294 4967 οἱ
2342 4915 2398 4968 ἐν
2440 4911 2521 4984 τῷ
2569 4910 2885 4982 Εὑαγγελίῳ
2942 4910 3165 4980 τυφλοὶ,
3213 4909 3312 4974 τάς
3363 4909 3515 4980 ὄψεις
3551 4907 3828 4962 ἀπολωλὲ-

2249 5020 2428 5069 κασιν,
2449 5002 2678 5076 ἐπείπερ
2707 5002 2798 5056 τὸν
2829 5001 2984 5074 λόγον
3019 5001 3094 5074 μὴ
3123 5003 3460 5075 τηρήσαντες
3483 5001 3575 5056 τὸν
3597 5000 3830 5057 θάνατον

2249 5091 2584 5165 ἐθεώρησαν.

2324 5186 2414 5241 52.
2453 5180 2646 5240 Εἶπον
2666 5181 2827 5249 αὐτῷ
2850 5184 2905 5237 οι
2938 5181 3231 5239 Ἰουδαῖοι·
3280 5180 3410 5236 Νῦν
3457 5179 3822 5250 ἐγνώκαμεν,

2254 5279 2345 5333 ὄτι
2380 5277 2687 5347 δαιμόνιον
2739 5276 2920 5345 ἔχεις.
2974 5274 3037 5328 0i
3089 5274 3188 5345 μὲν
3234 5272 3418 5327 πολλοὶ⁸
3461 5273 3554 5327 καὶ
3598 5271 3702 5325 τῶν
3736 5288 3823 5325 σο-

2252 5369 2369 5441 φῶν
2403 5370 2515 5441 (59)
2546 5368 2655 5421 πᾶν
2706 5365 2861 5436 γένος
2903 5367 3321 5438 ἁμαρτήματος,
3363 5355 3425 5417 οὗ
3453 5364 3519 5415 ἐν
3545 5363 3672 5417 εῐδει
3704 5363 3823 5417 ἐστὶ

640 5446 688 5479 ⁸⁸
731 5447 889 5528 {nam
931 5466 978 5524 ι,
1015 5454 1072 5509 2.
1146 5456 1376 5528 δξΡιὊν.
1414 5458 1644 5523 vm,22.
1719 5463 1766 5497 ⁸⁷
1787 5462 1944 5520 Juau.
1973 5479 2013 5528 ι,
2037 5464 2092 5523 5.

2247 5465 2378 5525 PSal.
2416 5477 2684 5527 Lume,
2719 5462 2809 5520 49.
2884 5462 2933 5494 ⁸⁸
2959 5461 3105 5518 Psal.
3132 5475 3249 5526 ut,
3297 5459 3384 5517 i6.
3455 5455 3503 5487 ⁹⁶
3535 5458 3692 5514 itum.
3718 5472 3818 5523 vn,

571 5514 664 5573 25.
738 5519 783 5551 ⁹¹
819 5514 977 5578 Joan.
1015 5538 1138 5593 vm,
1174 5525 1265 5584 5|.
1337 5527 1384 5560 “
1412 5514 1541 5584 ibid'.
1572 5514 1662 5587 ΒΞ.

785 5611 964 5739 (addicat
998 5615 1215 5701 Regius,
1243 5619 1676 5704 ἀποκρινόμεθα.

669 5717 688 5736 ι
910 5702 978 5741 ex
1004 5686 1226 5758 Regius,
1252 5690 1559 5760 αφανίζειν,
1589 5709 1672 5748 ma

650 5752 739 5825 (39
786 5756 851 5808 Οἱ
872 5753 991 5825 μὲν
1024 5760 1239 5817 πολλοὶ
1281 5762 1379 5817 καὶ
1416 5761 1534 5821 τῶν
1565 5780 1676 5825 σοφ

669 5686 760 5760 ἒξ)
793 5686 978 5760 {inde}
1004 5686 1226 5758 “citius,
1252 5686 1559 5760 ἀφανίζειν,
1589 5692 1750 5760 male.

650 5752 761 5825 (39)
786 5756 851 5808 Ol
872 5753 991 5826 μὲν
1024 5752 1239 5817 πολλοὶ
1281 5752 1379 5817 aiat
1416 5752 1795 5837 ἑῶνσοφῶν,
1826 5772 1931 5824 etc.
1986 5762 2141 5821 Plato

2249 5622 2346 5678 lib.
2366 5638 2425 5679 ιχ
2459 5619 2535 5675 De
2556 5619 2741 5691 ἱερέα,
2768 5617 3015 5691 Plotinus
3039 5612 3281 5691 Ennead.
3311 5634 3350 5685 I,
3384 5617 3482 5674 lib.
3518 5633 3566 5691 ι.Δ
3590 5616 3663 5670 At
3712 5631 3817 5691 non

2249 5708 2315 5747 ex
2350 5687 2624 5767 perversis
2664 5688 2837 5745 solum
2899 5688 3141 5759 judiciis,
3187 5688 3282 5767 sed
3336 5703 3402 5767 e_x
3463 5687 3820 5767 malonetiam

2247 5756 2397 5822 recte
2444 5762 2817 5836 judicatorum
2868 5756 2971 5818 u'su
3021 5766 3246 5835 peccata
3300 5758 3576 5818 oriuntur.
3619 5756 3817 5814 Cicero
