4196 6424
386 432 494 490 669

1423 429 1782 489 'COMMENT.
1816 427 1884 485 IN
1921 425 2115 483 JOAN.
2150 425 2389 482 TOMUS
2426 423 2545 482 XX.

3514 421 3620 478 670

378 549 476 600 καὶ
508 547 568 600 τὺ
601 547 661 600 ἐν
682 545 828 618 λόγῳ
857 547 1179 619 ἁμάρτημα,
1215 548 1314 602 οὐκ
1343 547 1563 602 ἄλλοθεν
1605 549 1641 621 ἦ
1677 549 1787 604 ἀπὸ
1830 563 1945 619 κρι-

2051 554 2333 614 peccatum
2365 545 2418 599 in
2445 555 2720 608 sermone,
2749 553 2856 596 non
2884 539 3100 596 aliunde
3127 539 3260 595 oriri
3284 538 3626 607 existimant,

383 637 570 706 μάτων
621 636 905 708 μοχθηρῶν
949 637 1150 691 οἴονται
1185 637 1295 709 (40)
1328 637 1601 708 γίνεσθαι·
1636 641 1686 694 οἰ
1728 640 1786 692 δὲ
1829 640 1952 701 ταῖς

378 729 565 795 ἁγίαις
592 728 837 798 Γραφαῖς
859 768 876 793 ,
907 728 983 792 ὡς
1030 727 1200 793 θείαις
1236 731 1688 794 πεπιστευκότες,
1727 730 1952 800 διαλαμ-

378 816 604 870 ϐάνουσι
644 816 771 888 περὶ
795 816 902 870 τῶν
928 816 1078 888 παρά
1127 819 1216 872 τὸν
1248 819 1406 891 ὀρθὸν
1435 819 1591 889 λόγον
1622 818 1711 872 ὑπ’
1743 817 1953 890 ἀνθρὼ-

379 924 498 960 πων
559 907 940 979 πραττομένων
967 946 988 973 ,
1041 909 1117 973 ὡς
1169 909 1230 964 οὐ
1306 911 1474 982 χωρὶς
1524 910 1814 982 δαιμονίων
1836 950 1851 974 ,
1913 909 1946 980 ἢ

375 997 578 1051 ὁποίων
622 998 818 1067 δήποτε
845 998 1122 1070 δυνάμεων
1169 1001 1558 1072 ἀντικειμένων
1610 1002 1720 1055 τῶν
1770 999 1949 1054 τοιού-

376 1103 486 1140 των
534 1086 983 1157 ἐπιτελουμένων.
1035 1088 1146 1140 Καὶ
1195 1089 1245 1142 οἰ
1309 1090 1551 1143 Ἰουδαῖοι
1587 1090 1765 1144 τοίνυν
1808 1088 1950 1143 κατά

380 1175 492 1247 (41)
521 1176 792 1247 δαιμονίου
826 1176 1106 1247 ἐνέργειαν
1135 1178 1513 1250 ὑπελάμϐανον
1544 1182 1824 1251 εἰρηκέναι
1849 1181 1942 1234 τὸν

391 1267 598 1338 Ἰησοῦν
628 1268 717 1321 τό·
752 1268 940 1338 Ἀμὴν
963 1269 1126 1338 ἀμὴν
1159 1269 1312 1341 λέγω
1352 1272 1514 1340 ὑμῖν·
1539 1266 1682 1326 Ἐάν
1719 1289 1810 1338 τις
1840 1273 1949 1326 τὸν

375 1357 526 1426 ἐμὸν
549 1359 734 1426 λόγον
761 1358 1018 1428 τηρήσῃ,
1046 1359 1307 1414 θάνατον
1340 1364 1412 1416 οὺ
1436 1362 1524 1433 μή
1570 1362 1840 1431 θεωρήσῃ
1861 1366 1950 1430 εἰς

373 1448 485 1503 τὸν
522 1448 725 1504 αἰῶνα.
756 1453 864 1504 Καὶ
887 1451 1046 1506 τοῦτο
1071 1454 1477 1520 ἐπεπόνθεισαν,
1511 1456 1649 1526 μήτε
1676 1454 1768 1508 τὸν
1793 1455 1948 1524 λόγον

372 1541 730 1612 τηρήσαντες,
767 1543 902 1613 μήτε
939 1543 1036 1596 τοῦ
1067 1544 1360 1616 λεγομένου
1395 1545 1493 1617 τήν
1529 1546 1754 1618 δύναμιν
1811 1547 1947 1600 θεω-

378 1633 669 1702 ρήσαντες·
701 1635 730 1685 ὁ
765 1633 863 1704 μὲν
912 1633 1022 1706 γὰρ
1053 1635 1280 1692 θάνατόν
1326 1655 1448 1692 τινα
1476 1636 1668 1708 ἐχθρὸν
1693 1636 1771 1706 τῷ
1801 1635 1948 1706 λόγῳ

373 1720 735 1789 ἐπιστάμενος
761 1759 778 1784 ,
818 1721 878 1774 ὃν
925 1722 1358 1793 ἀποθνήσκουσιν
1411 1725 1460 1777 οἰ
1501 1723 1904 1795 ἁμαρτάνοντες
1928 1762 1944 1788 ,

369 1809 559 1863 τοῦτον
613 1810 816 1880 ἔφασκε
863 1813 976 1883 (4‘2)
1031 1813 1106 1886 μὴ
1160 1813 1479 1888 θεωρεῖσθαι
1529 1817 1609 1879 εἰς
1641 1815 1732 1869 τὸν
1775 1815 1948 1870 αἰῶνα

2051 647 2211 702 quam
2247 647 2277 686 a
2309 629 2492 701 pravis
2511 628 2754 699 indiciis.
2778 628 2848 685 At
2879 643 3010 685 vero
3041 629 3134 700 qui
3183 628 3490 698 S‘Cl'ipllll'is
3531 644 3623 684 sa-

2051 724 2162 779 cris
2191 731 2448 792 tanquam
2480 721 2680 777 divinis
2712 721 3086 787 crediderunt,
3119 719 3198 775 sic
3231 719 3511 788 disputant
3550 719 3619 775 de

2053 813 2364 868 hominibus
2394 823 2590 884 praeter
2636 812 2901 868 rationem
2939 811 3315 881 operantibus,
3359 820 3616 880 tanquam

2050 905 2253 974 absque
2310 903 2632 970 daemoniis,
2696 903 2782 958 vel
2830 902 3297 973 qualibuscu‘nqne
3356 899 3616 972 potentiis

2051 995 2344 1048 contrariis
2394 1005 2615 1064 peccata
2670 1009 2778 1049 non
2829 993 3204 1064 perﬁciantur.
3250 990 3614 1058 Quamobrem

2049 1081 2217 1136 Judaei
2273 1082 2436 1135 etiam
2489 1082 2876 1138 existimabant
2929 1079 3114 1136 Iesum
3154 1079 3311 1150 juxta
3358 1077 3619 1132 daemonis

2048 1173 2416 1240 operationem
2475 1170 2796 1230 dixisse":
2835 1173 3022 1236 Amen,
3064 1186 3217 1225 amen
3255 1171 3372 1224 dico
3425 1168 3570 1223 vobis
3596 1182 3623 1223 τ

2051 1261 2111 1318 Si
2134 1264 2251 1334 quis
2279 1279 2569 1318 sermonem
2602 1279 2775 1318 meum
2809 1263 3112 1328 servaverit,
3145 1273 3365 1315 mortem
3395 1277 3497 1314 non
3536 1259 3617 1314 oi-

2048 1355 2187 1410 d'ebit
2232 1358 2287 1410 in
2331 1364 2610 1412 aeternum.
2659 1354 2813 1420 Quod
2848 1354 2994 1423 passi
3036 1361 3182 1419 sunt,
3215 1351 3341 1421 quia
3370 1365 3471 1405 nec
3501 1363 3619 1404 ser-

2050 1461 2262 1500 monem
2296 1453 2676 1512 servaverunt,
2727 1459 2829 1500 nec.
2858 1444 2966 1498 vim
3013 1443 3145 1499 dicti
3177 1443 3449 1497 viderunt.
3481 1439 3616 1494 Nam

2051 1549 2284 1592 mortem
2321 1538 2608 1606 quamdam
2646 1537 2832 1592 sciens
2857 1534 3017 1592 Jesus
3049 1535 3326 1589 inimicam
3355 1548 3474 1589 esse
3522 1548 3617 1588 ra-

2050 1631 2204 1696 tioni,
2257 1643 2364 1698 qua
2413 1629 2721 1683 moriuntur
2770 1637 3082 1696 peccantes,
3142 1623 3305 1698 363
3361 1626 3510 1681 hanc
3562 1625 3617 1678 in

2047 1727 2310 1776 aeternum
2349 1733 2458 1772 non
2506 1719 2676 1774 videri
2712 1719 2931 1774 dicebat
2961 1719 3029 1772 ab
3060 1732 3144 1784 eo,
3174 1720 3265 1788 qui
3311 1729 3617 1772 sermonem

2050 1813 2222 1883 ipsius
2260 1811 2602 1878 servaverit;
2643 1809 2716 1864 illi
2767 1818 2954 1864 autem
3005 1811 3072 1866 de
3120 1811 3396 1865 communi
3439 1819 3620 1864 morte

373 1899 482 1952 ὑπὸ
513 1898 604 1952 τοῦ
637 1901 728 1954 τὸν
755 1902 914 1970 λόγον
945 1903 1111 1956 αὑτοῦ
1139 1905 1492 1977 τηρήσαντας·
1523 1906 1572 1958 οἰ
1603 1905 1660 1958 δὲ
1691 1905 1820 1976 περὶ
1849 1902 1942 1958 τοῦ

2047 1905 2248 1959 dictum
2301 1917 2422 1959 esse
2450 1902 2850 1966 existimantes,
2882 1903 3140 1958 aberrare
3169 1901 3416 1956 arbitrati
3467 1908 3616 1966 sunt,

370 1989 677 2061 κοινοτέρου
731 1990 962 2046 θανάτου
1008 1993 1328 2065 νομίσαντες
1379 1991 1518 2049 εἶναι
1552 1995 1614 2048 τὸ
1656 1995 1947 2066 λεγόμενον

369 2081 706 2150 παραπαίειν
735 2081 900 2152 ῷοντο
925 2082 1014 2136 τὸν
1042 2083 1284 2152 λέγοντα,
1302 2084 1658 2150 ἀποθανόντος
1673 2085 1944 2158 Ἀϐραὰμ,

368 2171 466 2222 καὶ
497 2169 604 2223 τῶν
637 2173 950 2244 προφητῶν,
995 2173 1070 2246 μή
1101 2174 1486 2230 ἀποθανεῖσθαι
1529 2177 1609 2241 εἰς
1658 2176 1748 2231 τὸν
1777 2178 1948 2233 αἰῶνα

367 2260 551 2314 πάντα
579 2261 670 2316 τὸν
698 2265 1016 2335 τηρήσαντα
1051 2265 1217 2319 αὑτοῦ
1252 2266 1342 2320 τὸν
1369 2266 1548 2334 λόγον.

441 2352 530 2406 55.
577 2353 824 2423 Ἀϐραὰμ
863 2356 1156 2422 ἀπέθανε,
1209 2358 1308 2412 καί
1352 2362 1406 2412 οἰ
1454 2359 1788 2428 προφῆται,
1846 2359 1946 2414 καὶ

367 2443 454 2498 σὺ
476 2442 692 2514 λέγεις·
719 2445 862 2500 Ἐάν
886 2465 977 2514 τις
1000 2449 1105 2500 τὸν
1123 2449 1268 2518 ἐμὸν
1294 2451 1480 2519 λόγον
1499 2450 1749 2520 τηρήσῃ,
1768 2453 1840 2505 οὐ
1855 2450 1943 2521 μὴ

366 2535 657 2603 γεύσηται
687 2536 946 2592 θάνατον
961 2537 1096 2611 (42⁶)
1119 2543 1207 2606 εἰς
1230 2539 1336 2594 τὸν
1350 2539 1560 2594 αἰῶνα·
1578 2542 1665 2612 μὴ
1703 2542 1784 2597 σὺ
1813 2544 1944 2612 μεί-

369 2620 484 2686 ζων
513 2622 572 2680 εἷ
599 2627 705 2681 τοῦ
751 2629 972 2698 πατρὸς
1025 2632 1194 2700 ήμῶν
1248 2633 1532 2704 Ἀϐραὰμ,
1591 2633 1761 2701 ὅστις
1805 2635 1946 2690 ἀπέ-

369 2719 547 2782 θανες
605 2719 704 2772 καί
759 2722 814 2773 οἰ
855 2721 1154 2791 προφῆται
1201 2723 1535 2779 ἀπέθανον·
1592 2725 1725 2779 τίνα
1765 2740 1946 2781 σεαυ-

372 2806 482 2861 τὸν
521 2808 708 2876 πολεῖς
725 2826 745 2874 ;
770 2811 832 2862 Εἰ
862 2812 1004 2865 κατά
1022 2813 1130 2883 (45)
1159 2813 1256 2885 τὴν
1297 2815 1668 2886 ἁπλουστέραν
1697 2816 1942 2889 ἐκδοχὴν,

367 2897 448 2961 ὡς
484 2898 761 2954 καὶαύτοί
810 2903 1228 2975 ἀποδεδώκαμεν
1251 2947 1267 2973 ,
1313 2906 1460 2959 δοκεί
1503 2903 1641 2960 εἶναι
1676 2907 1843 2976 σαφὲς
1883 2907 1945 2962 τὸ

367 2989 470 3058 τῆς
499 2990 816 3062 ὑπολήψεως
858 2993 967 3048 τῶν
1011 2995 1279 3050 Ἰουδαίων
1328 2997 1780 3069 ἀποκριναμένων
1807 2998 1945 3070 πρὸς

369 3076 465 3129 τὸν
494 3076 587 3130 τοῦ
615 3080 862 3153 Σωτῆρος
888 3083 1044 3152 λόγον
1077 3085 1204 3157 περὶ
1232 3084 1327 3138 τοῦ
1378 3086 1625 3159 Ἀϐραὰμ
1649 3126 1663 3152 ,
1705 3088 1798 3141 καὶ
1832 3087 1941 3141 τῶν

369 3171 704 3241 προφητῶν,
762 3174 838 3237 ὡς
882 3175 1328 3247 ἀποτεθνηκότων
1354 3217 1369 3241 ,
1422 3178 1572 3231 οὐδὲν
1618 3175 1778 3252 ἦττον
1839 3179 1940 3232 οὐκ

367 3262 834 3336 ἀπαρασήμαντον
871 3265 968 3338 τήν
1004 3266 1248 3332 ἐξέτασιν
1288 3269 1422 3340 μετὰ
1467 3271 1802 3342 συγκρίσεως
1840 3271 1941 3342 τῆς

369 3353 510 3428 πρὸς
555 3355 717 3426 ἕτερα
768 3357 1122 3429 παραπλήσια
1170 3360 1376 3414 ἐατέον.
1415 3357 1561 3434 τΑρα
1617 3363 1723 3435 γὰρ
1774 3363 1942 3436 ᾤοντο

370 3448 470 3501 σὺν
522 3446 696 3500 οὐδενὶ
752 3447 898 3518 λόγῳ
953 3449 1044 3504 τὸν
1082 3451 1317 3524 Σωτῆρα
1367 3454 1478 3524 (44)
1527 3455 1802 3527 εἰρηκέναι
1846 3456 1938 3510 τό·

381 3538 526 3592 Ἐάν
561 3557 653 3605 τις
703 3540 812 3594 τὸν
851 3540 999 3610 ἐμὸν
1041 3543 1227 3613 λόγον
1266 3545 1531 3614 τηρήσῃ,
1576 3547 1835 3603 θάνατον
1868 3551 1941 3604 οὑ

362 3627 450 3696 μὴ
487 3627 760 3695 θεωρήσῃ
793 3630 881 3695 εἰς
909 3629 1016 3682 τὸν
1047 3631 1261 3696 αἰῶνα,
1301 3634 1394 3686 καὶ
1441 3634 1528 3686 διὰ
1578 3634 1736 3689 τοῦτο
1774 3636 1940 3706 σαφές

367 3735 422 3772 τι
456 3718 592 3788 πρὸς
621 3718 713 3772 τὸν
740 3719 894 3788 λόγον
923 3721 1087 3774 αὐτοῦ
1117 3722 1516 3794 άπεκρίναντο;
1543 3726 1599 3796 ἢ,
1627 3727 1808 3792 καθὼς
1827 3728 1940 3801 (45)

366 3809 671 3881 ἐνοήσαμεν
702 3809 764 3863 οὗ
796 3811 924 3882 περὶ
953 3811 1047 3864 τοῦ
1081 3813 1386 3886 κοινοτέρου
1415 3813 1640 3870 θανάτου
1671 3818 1829 3872 αὑτὸν
1854 3819 1943 3874 λε-

366 3899 681 3970 λαληκέναι,
717 3902 810 3954 καὶ
849 3901 1301 3973 διαλαμϐάνοντες
1345 3907 1472 3977 περὶ
1525 3908 1802 3981 Ἀϐραὰμ,
1847 3912 1942 3966 καὶ

366 3989 479 4043 τῶν
514 3991 827 4061 προφητῶν,
860 3991 936 4055 ὡς
969 3993 1064 4045 καί
1095 3994 1275 4048 αὐτῶν
1318 3996 1375 4048 ἐν
1399 3996 1477 4068 τῷ
1502 3997 1701 4070 χείρονι
1729 3999 1942 4072 θανάτῳ

369 4081 750 4150 γεγενημένων
784 4081 936 4147 ποτὲ,
968 4083 1057 4136 τὸν
1090 4082 1249 4153 λόγον
1303 4086 1467 4139 αὐτοῦ
1513 4088 1586 4160 μὴ
1631 4090 1939 4162 παραδεξά-

373 4187 545 4240 μενοι,
582 4171 715 4240 μηδὲ
741 4171 1217 4244 ὑπολαμϐάνοντες
1252 4175 1414 4230 αὐτὸν
1448 4172 1585 4231 εἶναι
1604 4180 1938 4250 τηλικοῦτον,

365 4264 550 4316 ὁποῖον
586 4263 948 4334 ἐπηγγείλατο
994 4265 1024 4318 ὁ
1055 4264 1260 4334 λέγων·
1308 4269 1468 4338 φασί·
1507 4271 1640 4325 Νῦν
1689 4273 1943 4341 ἐγνώκα-

363 4371 501 4424 μεν,
557 4353 648 4409 ὅτι
689 4354 998 4426 δαιμόνιον
1033 4357 1194 4428 ἔχεις
1217 4374 1237 4424 ;
1276 4361 1350 4413 Τὸ
1393 4360 1451 4414 δὲ
1493 4363 1676 4433 ὅμοιον
1717 4365 1812 4418 καὶ
1854 4366 1941 4420 ἐπ’

368 4445 545 4499 ἄλλων
574 4445 739 4499 αὐτοῦ
765 4447 937 4517 λόγων
967 4449 1061 4504 καὶ
1087 4450 1197 4505 τῶν
1222 4451 1359 4523 πρὸς
1384 4450 1577 4516 αὐτοὺς
1600 4453 1943 4527 ἀποκρίσεων

2047 2009 2168 2048 cum
2199 2002 2446 2048 mortuus
2469 1992 2662 2047 fuisset
2686 1991 2964 2046 Abraham
2988 1992 3283 2061 caeterique
3317 1990 3616 2060 prophetae,

2047 2084 2313 2140 dicentem
2344 2083 2616 2138 neminem
2657 2082 2711 2136 in
2741 2089 3003 2137 aeternum
3038 2081 3200 2148 mori,
3233 2082 3326 2150 qui
3363 2079 3616 2134 mandata

2047 2189 2145 2232 sua
2171 2174 2419 2230 servarit.

2114 2357 2205 2414 53.
2245 2355 2512 2409 Abraham
2544 2363 2785 2409 mortuus
2824 2363 2902 2408 est
2941 2363 2990 2408 et
3017 2353 3308 2423 prophetae,
3346 2362 3394 2406 et
3427 2360 3486 2405 tu
3527 2352 3614 2407 di-

2044 2451 2168 2503 cis:
2211 2447 2268 2503 Si
2319 2451 2435 2518 quis
2469 2463 2757 2501 sermonem
2806 2461 2977 2499 meum
3025 2444 3340 2510 servaverit,
3392 2453 3616 2499 mortem

2045 2557 2150 2595 non
2173 2541 2404 2611 gustabit
2434 2539 2490 2593 in
2548 2548 2804 2594 wternum
2844 2553 2864 2603 ,°
2906 2552 3030 2590 num
3071 2545 3128 2590 tu
3167 2536 3342 2606 major
3379 2553 3433 2590 es
3468 2546 3618 2606 patre

2045 2641 2224 2685 nostro
2269 2630 2593 2691 Abrahamo,
2641 2631 2732 2699 qui
2776 2639 3015 2683 mortuus
3066 2637 3141 2681 est
3185 2627 3211 2680 ?
3253 2637 3302 2680 et
3354 2627 3617 2695 prophette

2043 2722 2240 2778 mortui
2267 2729 2409 2778 sunt.
2441 2720 2606 2786 Quem
2639 2720 2861 2787 teipsum
2894 2718 3028 2788 facis
3054 2717 3102 2750 ”
3133 2717 3158 2770 ‘l
3197 2715 3422 2769 Etiamsi
3457 2714 3614 2784 juxta

2045 2815 2430 2885 simpliciorem
2460 2813 2901 2882 intelligentiam,
2931 2810 3393 2881 quemadmodum
3426 2817 3483 2865 et
3516 2824 3616 2865 nos

2045 2903 2386 2976 interpretati
2415 2917 2624 2970 sumus,
2647 2901 2897 2956 videatur
2931 2909 3180 2970 apertum
3211 2913 3334 2954 esse
3359 2899 3436 2962 id,
3466 2899 3613 2969 quod

2041 2997 2210 3052 Judaei
2236 2994 2500 3066 suspicati
2529 2994 2765 3059 fuerant,
2792 2992 3181 3061 respondentes
3211 2991 3277 3046 ad
3309 2991 3615 3047 Servatoris

2042 3103 2354 3146 sermonem
2381 3089 2448 3144 de
2483 3087 2780 3154 Abraham,
2811 3087 3130 3156 ceterisque
3153 3086 3455 3156 prophetis,
3487 3099 3616 3154 per-

2044 3182 2171 3238 inde
2209 3182 2365 3250 quasi
2416 3180 2493 3234 illi
2523 3178 2738 3249 lmortui
2791 3177 3048 3244 fuissent,
3103 3177 3456 3233 nihilominus
3505 3192 3612 3230 non

2042 3271 2266 3327 sinenda
2300 3279 2383 3326 est
2413 3269 2708 3339 disputatio
2761 3267 3101 3337 inexplorata
3144 3282 3268 3321 cum
3323 3265 3614 3320 collatione

2039 3362 2360 3418 ostendente
2392 3361 2671 3431 superiora
2718 3359 2938 3414 similia.
2996 3357 3190 3412 Utrum
3224 3357 3615 3412 existimabant

2042 3455 2391 3510 Servatorem
2427 3467 2548 3508 cum
2581 3451 2726 3505 nulla
2759 3450 2968 3505 ratione
2996 3449 3239 3504 dixisse:
3275 3446 3334 3502 Si
3365 3450 3481 3517 quis
3503 3464 3616 3502 ser-

2040 3561 2247 3598 monem
2291 3560 2464 3598 meum
2517 3541 2825 3606 servaverit,
2887 3551 3111 3596 mortem
3165 3557 3269 3596 non
3315 3540 3502 3594 videbit
3557 3540 3614 3593 in

2042 3647 2316 3703 azternum,
2345 3645 2401 3691 et
2428 3636 2567 3690 banc
2600 3635 2671 3690 ob
2695 3647 2916 3687 causam
2966 3630 3310 3686 manifestum
3353 3631 3610 3701 quiddam

2041 3728 2108 3781 ad
2132 3729 2300 3797 ipsius
2326 3741 2634 3782 sermonem
2659 3721 3107 3793 responderunt?
3134 3736 3199 3775 an
3232 3722 3436 3792 potius,
3467 3721 3612 3775 sicut

2041 3818 2532 3884 consideravimus,
2589 3831 2698 3872 non
2750 3819 2817 3871 de
2861 3814 3140 3870 communi
3194 3823 3372 3869 morte
3433 3813 3610 3884 ipsum

2042 3911 2280 3966 locutum
2337 3909 2506 3966 fuisse
2541 3909 2932 3978 opinabantur,
2985 3917 3042 3962 et
3088 3907 3273 3961 animo
3305 3905 3613 3977 cogitantes

2040 4003 2315 4059 Abraham
2347 4011 2402 4057 et
2432 4003 2723 4072 prophetas
2748 3999 3042 4068 aliquando
3075 3998 3430 4069 spiritualiter
3460 4013 3610 4052 mor-

2045 4105 2164 4149 tuos
2202 4094 2392 4159 fuisse,
2423 4107 2676 4148 sermone
2719 4090 2867 4145 illius
2925 4100 3130 4160 spreto,
3164 4099 3224 4144 ut
3256 4090 3346 4160 qui
3393 4103 3459 4143 ne
3486 4093 3610 4142 eum

2048 4187 2266 4257 quidem
2299 4186 2458 4240 talem
2483 4199 2626 4250 esse,
2659 4183 2875 4254 qualem
2903 4181 3132 4251 loquens
3158 4195 3217 4236 se
3239 4179 3612 4249 promittebat,

2041 4277 2442 4340 existimarent,
2493 4275 2799 4346 inquiunt:
2847 4272 3006 4326 Nunc
3069 4271 3405 4341 cognovimus
3467 4269 3610 4340 quod

2042 4369 2360 4424 damonium
2388 4368 2546 4422 habes
2567 4367 2622 4436 f'
2647 4367 2672 4420 ?
2699 4363 2890 4422 Simile
2917 4377 3045 4418 vero
3075 4363 3236 4418 etiam
3274 4362 3328 4415 in
3376 4359 3498 4414 aliis
3527 4358 3610 4428 ip-

2043 4461 2157 4516 sius
2206 4461 2547 4515 sermonibus
2594 4457 2841 4529 pluribus
2893 4456 3078 4511 verbis
3129 4455 3184 4509 in
3233 4453 3614 4524 superioribus

368 4537 463 4591 ἐπὶ
494 4537 752 4592 πλειόνων
784 4540 841 4593 ἐν
869 4541 982 4604 τοῖς
1022 4541 1278 4614 ἀνωτέρω
1309 4543 1677 4614 ἐξητάσαμεν·
1705 4539 1818 4600 οἷον
1847 4549 1940 4603 ἐπὶ

2045 4552 2458 4624 exquisivimus,
2505 4550 2674 4606 veluti
2707 4550 2761 4604 in
2795 4547 3129 4605 Samaritide
3167 4563 3184 4612 ;
3216 4544 3434 4615 quando
3486 4557 3612 4599 cum

440 4699 487 4731 ⁸³
531 4696 689 4754 Joan.
717 4715 835 4769 vm,
862 4700 950 4758 51.
1027 4703 1076 4737 ⁸⁸
1107 4705 1238 4761 ibid.
1266 4705 1356 4769 52,
1382 4706 1474 4762 55.
1551 4708 1597 4741 ”
1616 4707 1746 4766 ibid.
1772 4707 1864 4765 52.

370 4839 580 4920 Parad.
608 4854 702 4893 ιιι·
736 4838 876 4920 ilum
911 4836 1168 4920 quidquid
1200 4848 1491 4920 ipeceq‘tur.
1548 4841 1943 4920 perturbatione

371 4919 614 4978 peccetur
645 4911 891 4970 rationis,
926 4917 1080 4976 atque
1115 4909 1334 4961 ordinis.
1356 4908 1610 4964 Clemens
1641 4911 1939 4968 Alexandr.

371 4979 632 5031 Stromat.
669 4979 760 5031 lih.
801 4991 876 5031 VII
915 4977 1177 5045 :Mupiwv
1209 4972 1356 5045 γὀὖν
1410 4977 1580 5031 ὄντων
1639 4983 1762 5032 κατ’
1819 4983 1944 5045 ἀρι-

371 4979 632 5031 Stromat.
669 4979 760 5031 lih.
801 4991 876 5031 VII
915 4979 1177 5099 εΜυρίων
1209 4979 1356 5045 γὀὖν
1410 4979 1580 5031 ὄντων
1639 4983 1762 5032 κατ’
1819 4983 1944 5052 ἀρι-

367 5047 527 5124 θμὸν,
555 5045 945 5124 ἃμπράσσουσιν
974 5046 1040 5099 ἄν
1079 5063 1266 5124 ρωποι,
1284 5046 1479 5124 ,σχεδὸν
1509 5047 1601 5124 ego
1620 5051 1944 5124 slolvAtltpxal

369 5119 553 5186 πάσης
583 5117 876 5189 quam“,
896 5117 1058 5189 ἀνοια
1091 5117 1187 5169 καὶ
1209 5117 1462 5189 ἀσθένεια
1486 5133 1500 5147 ·
1545 5119 1712 5188 ἄμφω
1759 5117 1830 5189 δὲ’
1851 5117 1942 5189 ἐφ’

365 5185 522 5272 ήμῖχ,
551 5185 661 5272 τῶν
695 5185 830 5257 μήτε
859 5185 1150 5272 ἐθελέντων
1192 5187 1504 5272 ξανθάνειν,
1543 5185 1696 5272 μήτε.
1733 5185 1799 5242 αὖ
1834 5185 1944 5272 τῆς

368 5255 664 5325 ἐπιθυμίας
692 5255 932 5326 κρατεῖν.
966 5255 1184 5326 Τούτων
1215 5255 1290 5316 δὲ,
1322 5255 1388 5308 δι’
1423 5257 1489 5326 ἢν
1521 5255 1620 5326 μὲν
1645 5259 1705 5311 οὐ
1762 5255 1942 5324 καλῶς

367 5325 640 5430 κρίνουσι·
670 5325 742 5378 διτ
764 5327 830 5396 ἢν
857 5326 914 5378 δὲ
937 5325 1036 5378 οὐκ
1058 5325 1299 5394 ἰσχύουσι
1319 5329 1430 5389 τοῖς
1448 5325 1630 5398 ὀρθῶς
1654 5327 1934 5400 κριθεῖσιν·

367 5411 492 5466 esse
524 5394 654 5466 γὰρ,
695 5395 1102 5466 ἀπατηθείςντις
1125 5395 1496 5466 τὴνλγνωμην,
1530 5397 1732 5452 δύναιτ’
1758 5397 1825 5452 ἂν
1873 5395 1934 5454 εὖ

366 5411 492 5448 ουτε
524 5411 654 5467 γαρ,
695 5411 996 5464 απατηυεις
1017 5412 1102 5458 τις
1125 5411 1223 5466 την
1251 5411 1496 5467 γνωμην,
1530 5411 1732 5452 συναιτ’
1758 5411 1825 5452 αν
1873 5411 1935 5454 ευ

367 5465 651 5534 πράττειν,
682 5464 785 5518 κᾶν
807 5467 946 5518 πάνυ
985 5465 1206 5534 δυνατὸς
1228 5463 1261 5534 ᾖ
1284 5465 1353 5517 τὰ
1373 5467 1685 5534 γνωσθέντα
1712 5471 1884 5522 ποιεῖν
1913 5485 1932 5500 ·

365 5532 621 5620 οὗτενκαὶ
650 5535 856 5625 κρξνειν
885 5532 1091 5625 τὸθδέῖν
1137 5532 1356 5625 ἰσχιξων,
1381 5532 1691 5625 ᾉάμξμπίτον
1739 5538 1932 5619 ἑαυτὸν

367 5621 445 5656 πα
485 5603 777 5674 άσχοιτνᾶν
807 5606 864 5656 ἐν
890 5605 1004 5668 τοῖς
1042 5603 1223 5676 ἔργοις
1246 5603 1569 5670 ἐξασθενῶν.
1591 5605 1724 5660 Cum
1769 5609 1933 5676 igitur

368 5620 578 5754 infiirita
603 5675 708 5754 sint
739 5689 954 5727 numero
1004 5690 1118 5741 qua:
1171 5684 1334 5742 agunt
1371 5676 1785 5754 homines,_dure
1823 5679 1935 5754 fere

366 5751 492 5812 sunt
513 5747 750 5812 omnium
779 5755 1114 5809 peccatorum
1145 5759 1341 5807 causw,
1380 5747 1702 5812 ignorantia,
1737 5753 1788 5797 et
1835 5749 1934 5798 im-

370 5810 628 5867 becillitas
650 5826 668 5865 .'
694 5821 914 5883 utraque
940 5821 1117 5869 autem
1143 5814 1196 5867 in
1223 5810 1414 5868 nostrai
1441 5822 1694 5895 potestate
1718 5823 1793 5870 cst
1810 5857 1826 5883 ,
1855 5814 1934 5869 uel

2045 4859 2163 4897 cum
2191 4841 2389 4895 discere
2413 4842 2676 4909 nolumus,
2712 4842 2788 4898 uel
2814 4859 3028 4898 rursum
3064 4846 3402 4909 cupiditatem
3427 4845 3612 4894 mode-

2046 4914 2182 4966 rari.
2213 4911 2416 4982 Harum
2447 4922 2622 4966 autem
2658 4927 2833 4966 rerum
2849 4915 2955 4965 alia
2981 4912 3132 4982 efﬁcit
3161 4909 3379 4982 ut_male
3398 4911 3612 4982 judice-

2044 4998 2162 5036 mus
2197 4996 2216 5034 :
2237 4981 2344 5050 alia
2374 4992 2428 5034 ut
2456 4994 2592 5035 recte
2612 4982 2872 5050 judtcatis
2898 4984 2975 5034 uti
3010 4977 3125 5034 'non
3154 4977 3438 5050 valeamus.
3497 4977 3610 5032 Nec

2044 5055 2182 5105 enim
2211 5049 2383 5119 falsus
2406 5052 2602 5117 aliquis
2616 5049 2803 5113 animi,
2834 5059 2970 5104 recte
2989 5066 3148 5117 agere
3168 5049 3362 5112 valeat,
3400 5050 3610 5102 etiamsi

2043 5137 2162 5201 quae~
2203 5121 2380 5173 animo
2423 5121 2644 5201 decreuit
2679 5121 2888 5201 omnino
2937 5135 3112 5200 agere.
3141 5127 3337 5201 queat;
3366 5135 3458 5171 nec
3518 5120 3611 5184 qui

2035 5189 2285 5259 judicare
2311 5199 2476 5258 potest
2515 5191 2644 5258 quid
2692 5191 2836 5259 {acto
2885 5189 3015 5254 opus
3065 5189 3156 5251 sit,
3191 5190 3517 5259 inculpatum
3555 5203 3611 5240 se

2042 5255 2284 5328 praestet,
2305 5255 2350 5312 si
2375 5261 2431 5312 in
2459 5255 2660 5328 agendo
2689 5255 2850 5328 fuerit
2883 5259 3191 5328 imbecillus.
3224 5255 3500 5328 ⁸ΙΙιιιετιυε.

2115 5327 2229 5398 (40)
2251 5327 2434 5398 Codex
2464 5323 2700 5398 Regius,
2733 5327 2892 5398 male,
2923 5323 3033 5381 οἷον
3055 5326 3325 5398 γενέσθαι.

2111 5395 2226 5466 (41)
2250 5397 2305 5450 1η
2327 5399 2514 5452 eodem
2543 5395 2725 5452 codice
2752 5397 2921 5466 Regio
2951 5395 3101 5451 deest
3127 5395 3290 5450 κατά.

2133 5467 2226 5531 42)
2248 5467 2427 5521 Codex
2452 5467 2676 5536 Regius,
2702 5481 3003 5536 perperam.
3037 5467 3373 5536 ἐφάσκομεν.

2129 5534 2243 5606 42‘)
2271 5537 2324 5589 In
2352 5534 2582 5603 Evangl,
2607 5536 2667 5589 οὐ
2701 5534 2774 5606 μὴ
2799 5534 3059 5606 γεύσηται
3083 5535 3339 5589 θανάτου.

2135 5605 2228 5674 45)
2253 5606 2543 5660 Ferrarius
2567 5603 2716 5675 legit,
2744 5603 2794 5657 εἰ
2811 5605 2904 5657 καὶ
2927 5603 3088 5675 κατά,
3112 5614 3219 5675 etc.

2135 5670 2227 5744 44)
2257 5675 2438 5730 Codex
2476 5670 2813 5744 Bodleianus,
2851 5675 2948 5744 σὺν
2972 5673 3179 5744 οὐδενὶᾼ
3198 5671 3341 5744 λόγῳ
3366 5670 3460 5727 τδν
3493 5670 3608 5728 Σω-

2041 5741 2218 5818 τῆρα-ἦ
2251 5744 2472 5818 Regius,
2513 5745 2673 5818 male,
2701 5741 2881 5818 οὐδενὶ
2928 5742 3122 5818 τῷΑτὺν
3143 5741 3393 5815 Σωτῆρα.

2110 5811 2223 5888 (45)
2250 5816 2304 5871 ln
2335 5811 2520 5871 codice
2544 5814 2712 5884 Regio
2745 5814 2894 5870 deest
2924 5811 3127 5878 καθώς.
3283 5814 3286 5815 ⁷
