4196 6382
602 317 700 373 671

2095 319 2253 375 ORIG
2263 319 2418 375 ENIS

3774 318 3876 375 δτι

603 439 837 496 dixisset
884 440 933 497 ei
984 440 1303 498 Jesuszba
1336 441 1464 495 mihi
1511 442 1653 512 quod
1700 442 1893 507 bibam,
1940 451 2065 513 post
2090 443 2185 497 alia

2295 443 2395 513 τῆς
2426 441 2843 514 Σαμαρείτιδος,
2874 440 2978 506 ὅτι,
3018 438 3191 493 είπὼν
3230 438 3369 510 αὐτῇ
3401 439 3430 493 ό
3481 437 3707 510 Ἰησοῦς
3764 430 3877 505 Δόξ-

604 531 738 586 talia
772 532 983 589 addidit
1016 553 1029 588 :
1067 532 1128 588 Si
1166 534 1329 587 scires
1362 534 1562 588 donum
1597 533 1714 600 Dei,
1752 542 1802 589 et
1843 535 1965 605 quis
2003 535 2070 589 sit
2098 535 2189 605 qui

602 624 734 677 dicit
765 626 897 678 tibi:
940 623 1020 679 Da
1062 624 1194 678 mihi
1220 624 1360 695 quod
1404 624 1601 692 bibam,
1630 639 1687 680 tu
1729 626 1911 697 utique
1951 628 2190 697 petiisses

603 716 670 770 ab
697 732 781 784 eo,
810 727 857 771 et
879 717 1108 770 dedisset
1134 717 1227 770 tibi
1257 734 1454 787 aquam
1481 718 1671 772 uiuam.
1704 717 1772 772 Et
1801 718 1935 773 dicit
1958 720 2040 774 illi
2069 736 2186 775 mu-

605 808 749 863 lier:
791 792 1035 875 Domine,
1094 825 1259 878 neque
1290 809 1625 864 haustorium
1676 810 1859 875 habes,
1908 820 1958 866 et
1999 821 2189 881 puteus

606 899 900 969 profundus
922 901 1039 965 esti;
1066 900 1205 954 unde
1234 916 1356 971 ergo
1384 900 1543 956 habes
1569 900 1719 955 illam
1751 919 1944 973 aquam
1977 902 2148 957 vivam
2167 904 2193 958 ?

607 997 662 1043 et
689 1003 882 1045 rursus
914 1007 927 1043 :
954 988 1198 1056 Domine,
1235 990 1306 1044 da
1343 990 1474 1044 mihi
1514 992 1669 1046 istam
1694 1009 1887 1064 aquam
1912 995 2107 1062 vivam,
2134 1005 2187 1047 ut

607 1094 713 1133 non
746 1080 950 1145 sitiam,
1002 1097 1167 1151 neque
1211 1084 1416 1136 ueniam
1457 1082 1561 1136 huc
1608 1084 1679 1137 ad
1718 1082 2072 1139 hauriendum
2118 1087 2187 1141 “.

606 1165 761 1224 Hand
791 1170 935 1226 enim
971 1172 1259 1242 probabile
1280 1182 1368 1229 est
1400 1173 1787 1232 Samaritidem
1837 1176 1914 1231 illi
1956 1192 2190 1248 respon-

606 1260 739 1316 dere
767 1262 835 1317 de
865 1277 1003 1333 aqua
1043 1266 1145 1321 sub
1177 1280 1403 1321 sensum
1436 1266 1683 1331 cadente,
1726 1267 1807 1323 vel
1845 1270 1914 1324 ab
1944 1269 2063 1340 ipso
2096 1285 2190 1340 pe-

609 1361 725 1408 tere
745 1355 1088 1425 corporalem
1122 1372 1345 1427 aquam,
1375 1374 1445 1415 ne
1474 1359 1525 1413 in
1558 1368 1838 1430 posterum
1870 1360 2074 1429 sitiret,
2104 1361 2191 1417 vel

611 1458 678 1497 ne
716 1447 926 1500 veniret
948 1447 1015 1502 ad
1053 1447 1414 1504 hauriendum
1438 1464 1508 1505 ex
1539 1450 1689 1505 fonte
1726 1449 1897 1508 Jacob
1927 1453 2031 1509 sub
2063 1468 2193 1510 scu-

607 1552 728 1590 sum
758 1538 1006 1594 cadente.
1033 1539 1175 1607 Quin
1203 1542 1365 1595 etiam
1400 1542 1614 1598 dicente
1639 1541 1869 1598 Domino
1894 1544 1940 1577 "
1971 1561 1988 1600 :
2022 1543 2189 1602 Panis

609 1644 763 1698 quem
791 1646 885 1700 ego
912 1632 1071 1696 dabo,
1102 1648 1226 1686 caro
1254 1649 1369 1686 mea
1393 1640 1471 1688 est
1500 1632 1669 1708 365
1694 1651 1791 1705 pro
1824 1638 2006 1690 mundi
2058 1639 2186 1707 uita,

609 1722 825 1788 quando
865 1725 1173 1794 pugnabant
1230 1727 1367 1779 inter
1406 1742 1461 1781 se
1494 1726 1677 1782 λιιάωὶ
1729 1729 2006 1783 dicentes:
2044 1729 2188 1796 Quo-

610 1814 766 1865 modo
789 1822 957 1879 potest
992 1815 1079 1869 hic
1112 1816 1260 1870 nobis
1289 1833 1505 1871 carnem
1535 1834 1689 1872 suam
1708 1819 1838 1875 dare
1864 1821 1934 1874 ad
1959 1823 2191 1877 mandu-

607 1907 836 1961 candum
876 1907 922 1939 ’⁸
956 1907 981 1963 2
1024 1909 1364 1965 ostendimus
1400 1925 1507 1965 non
1539 1912 1676 1968 adeo
1714 1912 1961 1983 stupidas
1993 1913 2185 1981 fuisse,

608 1995 700 2065 qui
738 1996 1054 2065 audiebant,
1085 2009 1146 2054 ut
1193 2001 1559 2070 opinarentur
1585 2000 1771 2059 Jesum
1802 2003 1922 2061 haec
1962 2004 2191 2077 loquen-

607 2096 716 2142 tem
774 2088 1007 2145 invitare
1065 2091 1347 2149 auditores
1404 2102 1463 2150 ut
1504 2097 1834 2152 accederent
1893 2098 2189 2155 comesturi

608 2196 828 2237 carnem
879 2185 1074 2251 ipsius.
1108 2184 1655 2258 Consentaneumque
1689 2197 1838 2245 certe
1862 2199 1947 2247 est
1974 2189 2192 2247 Iudaeos

605 2274 812 2329 dixisse
839 2273 892 2329 in
922 2277 1177 2345 praesenti
1210 2285 1496 2344 contextu,
1523 2293 1688 2349 quem
1730 2296 1877 2337 nunc
1900 2282 2190 2338 examina-

605 2380 750 2429 tnus,
783 2364 900 2420 bazc
928 2367 1096 2422 verba
1121 2385 1136 2421 :
1162 2366 1438 2424 Abraham
1468 2379 1711 2426 mortuus
1736 2380 1841 2437 est,
1881 2382 1929 2426 et
1967 2374 2193 2443 prophe-

548 2462 557 2471 ’
607 2466 695 2523 ue,
727 2457 988 2528 quoniam
1015 2458 1338 2516 didicissent
1366 2462 1639 2531 quomodo
1686 2479 1779 2533 per
1820 2480 1983 2518 unum
2017 2466 2191 2520 homi-

604 2564 719 2602 nem
752 2558 1023 2618 peccatum
1061 2550 1278 2606 intravit
1308 2554 1365 2607 in
1406 2554 1685 2621 mundum,
1725 2563 1775 2610 et
1801 2571 1895 2625 per
1914 2567 2189 2625 peccatum

603 2656 746 2697 mors
779 2658 801 2707 ;
842 2650 890 2696 et
928 2642 1005 2697 ita
1046 2642 1105 2697 in
1154 2659 1331 2699 omnes
1372 2645 1613 2701 homines
1647 2648 1899 2714 pervasit,
1949 2664 2010 2704 eo
2049 2650 2189 2722 quod

605 2747 787 2788 omnes
817 2744 1162 2802 peccauerunt
1187 2736 1258 2789 ι’.
1293 2734 1734 2793 Consentaneum
1759 2750 1892 2795 vero
1912 2740 2079 2795 etiam
2104 2749 2190 2798 est

602 2837 701 2880 eos
736 2825 939 2881 vidisse
968 2835 1202 2883 mortem
1235 2842 1497 2899 regnasse
1544 2829 1600 2884 in
1657 2845 1754 2886 eos
1789 2830 1882 2903 qui
1922 2846 2190 2904 peccave-

606 2923 740 2971 runt
775 2916 844 2971 ad
874 2916 1285 2975 similitudinem
1325 2921 1780 2991 transgressionis
1828 2923 1963 2980 Adae
2004 2925 2047 2991 ‘,
2089 2926 2190 2982 ha-

603 3005 903 3078 buisseque
929 3024 1239 3068 sermonem
1273 3013 1342 3070 de
1373 3022 1569 3083 morte,
1613 3029 1738 3085 qua:
1764 3030 1864 3086 per
1901 3029 2185 3087 peccatum

605 3097 660 3151 in
694 3113 883 3156 omnes
912 3101 1164 3158 homines
1192 3104 1449 3175 pervasit,
1484 3119 1550 3161 eo
1580 3110 1729 3176 quod
1752 3122 1946 3165 omnes
1985 3124 2183 3181 pecca-

605 3201 821 3246 verunt.
855 3192 931 3247 De
962 3193 1049 3250 bis
1098 3202 1278 3249 autem
1327 3196 1532 3264 edocti,
1575 3194 1705 3253 Jesu
1744 3212 2032 3257 sermones
2075 3217 2183 3258 non

607 3292 901 3348 noverunt,
946 3286 1077 3355 quia
1112 3300 1235 3356 qua:
1285 3302 1592 3357 sequuntur
1634 3306 1742 3348 non
1797 3292 2183 3363 admiserunt;

603 3372 866 3428 nimirum
909 3375 1075 3443 quod,
1112 3374 1237 3429 Non
1256 3376 1394 3430 sicut
1425 3377 1700 3445 delictum,
1730 3380 1807 3434 ita
1835 3390 1885 3436 et
1917 3383 2116 3437 donum
2141 3385 2184 3439 ².

604 3460 713 3518 Sed
751 3480 819 3520 ne
852 3466 1168 3521 ratiocinari
1198 3468 1420 3537 quidem
1452 3479 1728 3540 poterant,
1757 3473 1901 3543 quod
1932 3474 1996 3529 Si
2024 3477 2184 3534 unius

599 3554 792 3610 delicto
820 3557 974 3611 multi
999 3559 1221 3627 periere,
1253 3558 1419 3614 multo
1456 3561 1624 3631 magis
1655 3563 1831 3633 gratia
1868 3562 1987 3631 Dei,
2017 3576 2066 3621 et
2094 3568 2186 3621 do-

601 3663 729 3700 num
783 3664 878 3717 per
927 3650 1199 3719 gratiam,
1240 3667 1359 3722 qutc
1414 3652 1513 3721 fuit
1562 3655 1722 3709 unius
1772 3655 2001 3711 hominis
2054 3656 2183 3713 Jesu

602 3739 822 3805 Christi,
860 3740 915 3795 in
952 3740 1144 3797 multos
1191 3744 1496 3799 exuberavit
1538 3746 1580 3798 ³.
1622 3744 1743 3800 Non
1789 3745 2184 3805 intellexerunt

601 3831 789 3897 etiam,
821 3834 1097 3903 quomodo
1126 3834 1330 3892 donum
1366 3851 1477 3892 non
1523 3846 1612 3893 est
1642 3837 1821 3894 simile
1861 3840 2025 3896 morti
2062 3856 2183 3912 quae

603 3922 706 3977 fuit
736 3939 834 3993 per
867 3940 1035 3979 unum
1070 3925 1162 3995 qui
1214 3927 1461 3996 peccavit
1504 3945 1519 3983 :
1556 3942 1733 4000 neque
1783 3930 1928 3986 enim
1983 3933 2181 3990 eruditi

602 4013 822 4070 fuerant
857 4015 1154 4086 aliquando
1200 4016 1398 4071 donum
1432 4033 1498 4073 ea:
1540 4019 1724 4075 multis
1765 4020 1975 4079 delictis
2012 4021 2183 4081 fuisse

600 4107 672 4161 ad
699 4106 1140 4176 iustiﬁcationem
1165 4109 1207 4163 ⁸.
1239 4106 1347 4163 Sed
1382 4123 1451 4164 ne
1478 4109 1733 4166 viderant
1763 4113 1983 4183 quidem
2014 4116 2179 4172 etiam

598 4199 746 4270 quod
806 4200 1206 4254 exuberantiam
1248 4201 1437 4271 gratia:
1473 4210 1524 4257 et
1571 4202 1697 4257 doni
1737 4205 2051 4277 accipientes
2087 4224 2182 4278 per

598 4292 782 4355 vitam,
810 4291 1102 4361 regnabant
1130 4301 1354 4347 auctore
1383 4309 1490 4348 uno
1517 4292 1648 4350 Iesu
1678 4293 1889 4353 Christo
1916 4298 1962 4352 '.
1998 4300 2180 4369 Atque

598 4383 834 4438 Abrahae
858 4382 1076 4452 quidem
1108 4391 1165 4438 et
1191 4383 1582 4453 prOphetarum
1617 4395 1853 4442 mortem
1888 4390 2182 4447 versabant

598 4475 804 4542 animo,
854 4475 1142 4531 audientes
1193 4477 1339 4544 quod
1394 4475 1560 4533 etiam
1601 4475 1844 4546 Samuel,
1879 4481 2038 4552 quasi
2084 4495 2182 4552 per

600 4576 833 4623 mortem
858 4566 958 4623 sub
982 4576 1125 4622 terra
1152 4567 1445 4634 exsistens,
1479 4583 1509 4623 a
1535 4567 1857 4639 pythonissa
1904 4573 2180 4630 excitatus

601 4660 794 4715 fuisset
833 4677 849 4714 :
898 4674 1019 4729 qute
1070 4660 1202 4715 deos
1235 4675 1376 4729 ,cum
1428 4660 1771 4715 existimaret
1821 4659 2035 4718 inferne
2077 4667 2180 4723 sub

601 4762 802 4807 terram
831 4767 974 4817 esse,
1003 4751 1262 4807 dicebat:
1303 4750 1419 4821 Ego
1460 4751 1569 4806 uidi
1612 4752 1738 4806 deos
1769 4754 2111 4811 ascendentes
2150 4772 2180 4811 e

594 4854 739 4898 terra
761 4845 803 4899 ⁸.
829 4844 900 4900 At
932 4858 1062 4900 vero
1089 4844 1256 4899 vitam
1288 4843 1529 4898 Abrahae
1554 4852 1611 4898 et
1639 4842 2035 4915 prophetarum
2066 4862 2176 4904 non

594 4937 1097 5006 apprehendat-unt,
1153 4951 1220 4991 ac
1288 4949 1357 4991 ne
1408 4933 1896 5005 apprehenderunt
1951 4938 2176 5008 quidem

598 5028 766 5083 Deum
798 5027 1053 5093 Abrahae,
1080 5037 1136 5084 et
1165 5028 1342 5093 Isaac,
1371 5034 1427 5083 et
1455 5023 1646 5091 Jacob,
1691 5024 1866 5082 Deum
1902 5043 2010 5084 non
2050 5044 2175 5087 esse

593 5118 837 5188 ipsorum
885 5127 1250 5185 mortuorum,
1289 5116 1386 5173 sed
1431 5116 1732 5171 viventium
1771 5117 1795 5148 "
1834 5134 1849 5183 ;
1897 5133 1964 5174 ac
2006 5120 2172 5177 veluti

593 5210 935 5279 suspicantes
968 5219 1214 5267 mortuos
1250 5224 1371 5265 esse
1400 5209 1720 5280 prophetas,
1753 5208 2173 5268 fabricabantur

592 5305 813 5361 illorum
852 5302 1105 5373 sepulcra
1131 5303 1199 5370 ⁸;
1235 5304 1380 5360 hanc
1426 5304 1593 5360 etiam
1625 5304 1697 5360 ob
1731 5317 1952 5360 causam
1985 5307 2169 5362 miseri

667 5418 715 5450 “
742 5414 901 5472 Joan.
940 5430 1015 5478 Iv,
1063 5414 1117 5477 7,
1146 5414 1236 5478 l0,
1270 5414 1357 5477 H,
1415 5414 1504 5472 15.
1603 5416 1649 5449 ⁸⁷
1671 5413 1832 5472 Joan.
1864 5432 1941 5482 vi,
1968 5417 2060 5472 52.

2165 5419 2211 5452 ⁸⁸
2240 5419 2373 5474 ibid.
2425 5422 2516 5476 55.

2284 552 2389 604 μοι
2428 534 2585 589 πιεῖν
2612 535 2748 605 (46),
2787 535 2907 606 μεθ’
2939 533 3103 605 ἕτερα
3140 531 3449 603 προσέθηκε
3498 529 3723 584 τοιαῦτα
3752 548 3767 563 ο
3806 534 3879 586 ει

2291 622 2457 695 ᾕδεις
2478 626 2592 695 τὴν
2618 625 2845 694 δωρεὰν
2871 624 2978 679 τοῦ
3016 623 3186 687 Θεοῦ,
3219 623 3316 676 καὶ
3345 622 3436 688 τίς
3461 621 3592 676 ἐστι
3621 625 3654 676 ό
3680 619 3878 691 λέγων

2289 734 2389 772 σοι
2414 734 2427 746 ·
2468 718 2577 783 Δός
2615 733 2717 787 μοι
2757 716 2952 779 πιεῖν,
2987 715 3069 770 σὺ
3109 713 3187 768 ἂν
3220 713 3455 783 ᾔτησας
3501 711 3727 775 αὑτὸν,
3772 711 3877 766 καὶ

2290 808 2514 865 ἔδωκεν
2542 807 2620 862 ἄν
2646 827 2747 863 σοι
2776 807 2932 877 ὕδωρ
2953 806 3083 869 ζῶν.
3106 806 3216 859 Καὶ
3243 805 3405 875 λέγει
3429 802 3589 870 αὐτῷ
3621 804 3660 873 ή
3696 802 3876 874 γυνή·

2290 903 2485 971 Κύριε,
2521 902 2659 956 οὔτε
2712 901 2990 969 ἄντλημα
3030 900 3212 969 ἔχεις,
3262 897 3363 951 καὶ
3412 896 3480 951 τὸ
3506 895 3694 966 φρέαρ
3741 895 3879 950 ἐστι

2288 994 2468 1058 ,ϐαθύ-
2493 994 2680 1048 πόθεν
2705 988 2822 1048 οὖν
2840 992 3002 1062 ἔχεις
3025 989 3091 1044 τὸ
3122 989 3279 1057 ὕδωρ
3303 988 3373 1042 τὸ
3401 983 3511 1047 ζῶν
3532 1003 3552 1052 ;
3578 986 3672 1041 καὶ
3688 987 3875 1041 πάλιν·

2291 1088 2492 1155 Κύριε,
2544 1085 2653 1153 δός
2691 1102 2796 1155 μοι
2829 1082 3007 1137 τοῦτο
3053 1082 3117 1135 τὸ
3163 1080 3321 1150 ὕδωρ
3359 1079 3428 1133 τὸ
3476 1077 3619 1144 ζῶν,
3652 1078 3756 1132 ἵνα
3785 1075 3877 1148 μὴ

2289 1178 2447 1248 διψῶ
2474 1221 2488 1245 ,
2534 1177 2690 1248 μηδὲ
2730 1175 3047 1246 διέρχωμαι
3078 1172 3290 1228 ἐνθάδε
3331 1170 3601 1228 ἀντλεῖν.
3638 1170 3712 1224 Οὐ
3764 1168 3880 1241 γὰρ

2291 1268 2516 1323 πιθανὸν
2547 1265 2614 1341 ἦν
2654 1268 2783 1340 περὶ
2814 1264 3074 1339 αἰσθητοῦ
3115 1264 3306 1328 ὓδατος
3346 1261 3738 1335 ἀποκρίνεσθαι
3777 1262 3880 1314 αὖ·

2288 1360 2370 1433 τῷ
2401 1361 2499 1434 τὴν
2533 1363 2865 1434 Σαμαρεῖτιν
2885 1403 2899 1426 ,
2936 1359 3029 1413 καὶ
3071 1356 3333 1430 ᾐτηκέναι
3373 1354 3536 1410 αὐτὸν
3563 1352 3880 1425 σωματικὸν

2292 1453 2436 1527 ὕδωρ
2462 1455 2555 1507 ἐπὶ
2580 1454 2657 1526 τῷ
2698 1452 2895 1526 μηκέτι
2942 1451 3204 1523 διψῆσαι,
3252 1450 3391 1522 μηδὲ
3427 1447 3735 1521 διέρχεσθαι
3782 1450 3881 1500 αν-

2288 1545 2434 1599 τλεῖν
2479 1546 2587 1600 ἀπὸ
2630 1547 2729 1617 τῆς
2777 1546 2873 1599 τοῦ
2918 1542 3113 1598 Ἰακὼϐ
3154 1542 3419 1615 αἰσθητῆς
3459 1539 3664 1611 πηγῆς.
3715 1537 3880 1592 Ἀλλὰ

2292 1639 2385 1691 καὶ
2414 1637 2655 1702 εἰπόντος
2687 1635 2782 1691 τοῦ
2814 1637 3020 1708 Κυρίου
3041 1652 3055 1666 ο
3101 1634 3155 1687 '0
3191 1634 3369 1703 ἄρτος
3403 1631 3477 1685 ὃν
3505 1628 3621 1701 ἐγὼ
3655 1627 3831 1684 δώσω
3862 1671 3879 1697 ,

2292 1733 2331 1801 ἡ
2366 1729 2523 1799 σάρξ
2555 1748 2672 1800 μου
2706 1729 2879 1783 ἐστίν
2925 1727 3078 1796 ὑπὲρ
3118 1726 3227 1795 τῆς
3270 1725 3375 1779 τοῦ
3407 1723 3642 1792 κόσμου
3690 1720 3878 1789 ζωῆς,

2223 1788 2265 1844 Β
2294 1788 2384 1877 διτε
2423 1788 2719 1892 (indicina
2750 1820 2901 1888 πρὸς
2936 1788 3252 1885 mimos}
3281 1818 3336 1870 οι
3378 1788 3651 1870 Ἰουέαῖοι
3670 1788 3882 1883 λέγον-

2293 1932 2418 1982 τες·
2440 1912 2572 1979 Πῶς
2605 1912 2854 1966 δύναται
2893 1909 3039 1979 ἡμῖν
3065 1904 3245 1974 οὗτος
3274 1905 3485 1960 δοῦναι
3517 1903 3633 1972 τὴν
3678 1901 3882 1970 σάρκα

2291 2005 2540 2077 φαγεῖν;
2580 2003 2996 2075 ἀποδείκνυμεν,
3027 2002 3108 2054 ὅτι
3141 2000 3241 2053 οὐκ
3275 1989 3342 2052 ἂν
3381 1995 3633 2050 τοσοῦτον
3661 1993 3882 2062 ἀνόητοι

2290 2092 2432 2173 ἦσαν
2486 2101 2535 2152 oi
2586 2096 2911 2159 ἀκούοντες,
2945 2094 3020 2159 ὼς
3066 2091 3502 2162 ὑπολαμϐάνειν,
3543 2090 3626 2142 ὅτι
3670 2102 3884 2158 προκα-

2292 2192 2464 2246 λεῖται
2488 2191 2518 2243 ὁ
2546 2189 2723 2258 λέγων
2747 2189 2874 2251 τοὺς
2908 2184 3184 2257 ἀκροατὰς
3223 2184 3302 2247 είς
3327 2182 3389 2236 τὸ
3415 2180 3754 2254 προσελθεῖν,
3786 2176 3882 2231 καὶ

2292 2284 2561 2354 ἐμφαγεῖν
2586 2280 2694 2333 τῶν
2729 2278 2948 2351 σαρκῶν
2979 2274 3167 2331 αὐτοῦ.
3199 2273 3310 2329 Καὶ
3347 2271 3496 2336 εἰκός
3533 2289 3619 2341 γε,
3650 2271 3731 2324 ὅτι
3760 2269 3881 2323 ἔλε-

2291 2391 2389 2444 γον
2414 2375 2463 2427 οἱ
2499 2372 2742 2426 Ἰουδαῖοι
2769 2370 2862 2424 ἐπὶ
2888 2369 2995 2425 τῶν
3028 2368 3127 2424 νῦν
3165 2369 3300 2439 ἡμῖν
3342 2363 3746 2434 ἐξεταζομένων
3778 2365 3877 2434 ρη-

2291 2465 2434 2533 τῶν,
2484 2465 2578 2519 τόο
2632 2463 2890 2533 Ἀϐραὰμ
2945 2461 3208 2518 ἀπέθανε
3233 2500 3248 2525 ,
3295 2460 3393 2513 καὶ
3441 2459 3496 2511 ol
3535 2454 3835 2526 προφῆται
3861 2493 3879 2521 ,

2294 2552 2675 2633 μεμαθηκότες
2715 2553 2841 2608 τίνα
2887 2551 3087 2624 τρόπον
3128 2549 3204 2604 δι’
3258 2549 3397 2615 ἑνὸς
3455 2545 3772 2616 ἀνθρώπου
3838 2545 3878 2614 ἠ

2290 2645 2547 2716 ἁμαρτία
2583 2646 2670 2713 είς
2704 2645 2813 2698 τὸν
2853 2644 3090 2713 κόσμον
3145 2639 3416 2709 εἰσῆλθε,
3477 2638 3577 2693 καὶ
3618 2638 3717 2692 διὰ
3766 2636 3882 2706 τῆς

2290 2737 2581 2811 ἁμαρτίας
2618 2740 2652 2793 ὁ
2690 2734 2967 2801 θάνατος·
2996 2734 3095 2791 καί
3152 2733 3341 2799 οὕτως
3385 2731 3474 2799 εις
3510 2728 3743 2796 πάντας
3776 2730 3884 2784 ἀν-

2289 2831 2561 2902 θρώπους
2592 2832 2626 2885 ὁ
2664 2828 2920 2895 θάνατος
2949 2826 3221 2897 διῆλθεν,
3255 2826 3347 2896 ἐφ’
3379 2817 3428 2892 ᾦ
3453 2823 3676 2890 πάντες
3700 2820 3884 2891 ἦμαρ-

2288 2940 2417 2980 τον.
2451 2920 2718 2977 Ἔϐλεπον
2755 2919 2813 2974 δὲ
2850 2919 2946 2974 καὶ
2966 2918 3048 2972 ὅτι
3080 2917 3426 2972 ἐϐασίλευσεν
3459 2915 3489 2968 ό
3519 2914 3746 2977 θάνατος
3786 2912 3880 2967 ἐπὶ

2287 3016 2417 3079 τοὺς
2451 3014 2884 3085 ἁμαρτήσαντας
2917 3011 3011 3065 ἐπὶ
3042 3009 3121 3083 τῷ
3152 3008 3456 3082 ὁμοιώματι
3494 3009 3592 3081 τῆς
3624 3007 3877 3078 παραϐά-

2290 3124 2429 3171 σεως
2471 3105 2662 3177 Ἀδὰμ,
2695 3105 2790 3160 καὶ
2818 3098 2888 3177 ἦν
2922 3104 3104 3168 αὐτοῖς
3131 3105 3160 3158 ό
3186 3102 3343 3174 λόγος
3378 3101 3508 3172 περὶ
3540 3100 3632 3156 τοῦ
3654 3100 3749 3155 διὰ
3776 3101 3878 3171 τὴν

2288 3198 2567 3272 ἁμαρτίαν
2610 3198 2843 3252 θανάτου
2896 3198 2977 3260 εἰς
3037 3194 3248 3260 πάντας
3281 3194 3603 3267 ἀνθρώπους
3632 3192 3876 3263 διεληλυ-

2288 3289 2443 3354 θότος
2472 3289 2565 3343 ἐπὶ
2596 3287 2675 3360 τῷ
2705 3290 2914 3353 πάντας
2946 3287 3346 3361 ἡμαρτηκέναι.
3390 3286 3527 3357 Περὶ
3562 3284 3768 3338 τούτων
3819 3282 3877 3337 δὲ

2284 3380 2673 3454 μεμαθηκότες
2733 3379 2805 3434 τὰ
2836 3379 2998 3452 ἑξῆς,
3035 3380 3130 3435 ἆτε
3161 3379 3237 3452 μὴ
3281 3377 3716 3451 παραδεξάμενοι
3747 3375 3878 3439 τοὺς

2299 3471 2475 3544 Ἰησοῦ
2525 3471 2751 3540 λόγους,
2796 3470 2896 3524 οὐκ
2945 3469 3194 3541 ⁴ᾔδεισαν,
3241 3468 3337 3522 καὶ
3379 3468 3464 3520 ὅτι
3516 3467 3639 3520 Οὐκ
3684 3464 3766 3529 ὡς
3806 3460 3877 3516 τὸ

2286 3562 2691 3633 παράπτωμα,
2734 3561 2925 3628 οὕτως
2973 3558 3071 3613 καὶ
3126 3558 3191 3613 τὸ
3226 3557 3513 3628 χάρισμα.
3572 3552 3711 3607 Ἀλλ’
3750 3551 3877 3605 οὐδὲ

2286 3653 2694 3727 συλλογίζεσθαι
2727 3670 2846 3718 πως
2883 3642 3136 3706 ἐδύναντο
3158 3691 3173 3717 ,
3226 3650 3339 3717 ὅτι,
3389 3649 3456 3701 Et
3485 3643 3566 3712 τῷ
3596 3644 3705 3699 τοῦ
3736 3642 3878 3709 ἑνὸς

2284 3749 2709 3821 παραπτώματι
2770 3749 2825 3801 oi
2858 3744 3075 3800 πολλοὶ
3109 3743 3440 3806 ἀπέθανον,
3467 3735 3677 3803 πολλῷ
3714 3734 3876 3807 μᾶλ-

2281 3846 2397 3898 λον
2431 3843 2469 3912 ἡ
2505 3838 2680 3912 χάρις
2710 3838 2817 3894 τοῦ
2846 3835 3017 3900 Θεοῦ,
3047 3834 3145 3889 καὶ
3181 3834 3220 3903 ἠ
3244 3832 3436 3902 δωρεὰ
3471 3832 3542 3885 ἐν
3569 3829 3763 3901 χάριτι
3799 3826 3876 3897 τῇ

2280 3919 2389 3991 τοῦ
2439 3933 2580 4001 ἑνὸς
2623 3930 2941 4003 ἀνθρώπου
2997 3925 3201 3997 Ἰησοῦ
3249 3923 3508 3995 Χριστοῦ
3532 3966 3547 3991 ,
3598 3925 3684 3990 είς
3727 3921 3875 3988 τοὺς

2280 4026 2554 4092 πολλοὺς
2594 4024 3057 4092 ἐπερίσσευσεν.
3095 4018 3170 4072 Οὐ
3205 4017 3455 4071 συνίεσαν
3498 4015 3555 4070 δὲ
3602 4015 3694 4068 καὶ⁵
3752 4013 3873 4078 πῶς

2280 4116 2382 4171 οὐκ
2412 4110 2480 4187 ἦν
2510 4114 2572 4168 τὸ
2599 4112 2831 4185 δώρημα
2860 4113 3046 4182 ὅμοιον
3088 4107 3166 4179 τῷ
3196 4106 3262 4161 δι’
3292 4106 3411 4171 ὲνδς
3454 4107 3874 4178 ἁμαρτήσαντος

2282 4206 2530 4279 θανάτῳ’
2588 4206 2709 4260 οὐδὲ
2762 4203 2872 4277 γὰρ
2920 4199 3311 4257 ἐπεπαίδευντό
3346 4217 3496 4264 πως,
3531 4199 3615 4252 ὅτι
3658 4198 3726 4251 τὸ
3757 4196 3870 4267 χά-

2272 4315 2465 4371 ρισμα
2500 4301 2569 4355 ἐκ
2601 4294 2849 4354 πολλῶν
2892 4296 3380 4368 παραπτωμάτων
3418 4293 3634 4365 ἐγένετο
3666 4295 3752 4359 είς
3792 4290 3875 4345 δι-

2280 4394 2529 4462 καίωμα.
2573 4391 2712 4446 Ἀλλ’
2751 4391 2872 4445 οὐδὲ
2904 4390 3151 4457 ἔϐλεπον,
3181 4392 3262 4445 ὅτι
3288 4392 3341 4445 οὶ
3369 4387 3484 4458 τὴν
3514 4387 3873 4457 περισσείαν

2213 4513 2257 4569 D
2283 4482 2393 4551 τῆς
2442 4482 2683 4554 χάριτος
2731 4483 2830 4538 καὶ
2901 4482 3013 4551 τῆς
3066 4480 3290 4551 δωρεᾶς
3337 4479 3753 4569 ,λαμϐάνοντες
3800 4475 3872 4529 ἐν

2287 4572 2402 4642 ζωῇ
2436 4574 2892 4639 βασιλεύσουσι
2947 4572 3046 4628 διὰ
3118 4572 3225 4627 τοῦ
3288 4572 3427 4639 ἐνὸς
3486 4568 3691 4638 Ἰησοῦ
3736 4568 3871 4636 Χρι-

2285 4665 2457 4725 στοῦ.
2504 4667 2615 4720 Καὶ
2661 4667 2904 4722 ἐνενόουν
2938 4666 3038 4737 μὲν
3084 4666 3176 4721 τὸν
3209 4664 3436 4720 θάνατον
3471 4662 3724 4735 Ἀϐραὰμ
3772 4660 3870 4714 καὶ

2284 4756 2394 4811 τῶν
2426 4755 2741 4829 προφητῶν,
2776 4754 3087 4823 ἀκούοντες,
3120 4757 3203 4809 ὃτι
3236 4757 3331 4810 καὶ
3365 4752 3649 4826 Σαμουὴλ,
3677 4750 3753 4815 ὡς
3778 4749 3869 4804 διὰ

2283 4846 2377 4902 τὸν
2402 4845 2630 4902 θάνατον
2661 4845 2767 4900 ὑπὸ
2801 4847 2905 4919 γῆν
2951 4844 3048 4913 ὣν,
3111 4846 3217 4901 ὑπὸ
3265 4844 3707 4917 ὲγγαστριμύθου
3754 4838 3867 4913 (47)

2285 4940 2553 5011 ἀνήγετο,
2594 4938 2750 5006 θεοὺς
2796 4939 3051 5011 οἰομένης
3090 4939 3243 4993 κάτω
3280 4956 3384 4993 που
3418 4932 3557 4992 εἶναι
3594 4937 3693 5008 τῆς
3721 4937 3824 5007 γῆς
3849 4975 3865 5000 ,

2284 5032 2380 5085 καὶ
2413 5031 2678 5105 λεγούσης
2695 5049 2709 5063 ·
2740 5032 2925 5100 Θεοὺς
2951 5032 3067 5103 ἐγὼ
3088 5029 3252 5087 εἶδον
3277 5030 3714 5097 ἀναϐαίνοντας
3743 5029 3868 5085 ἀπὸ

2284 5125 2393 5196 τῆς
2425 5124 2565 5198 γῆς·
2598 5125 2696 5198 τὴν
2721 5127 2778 5182 δὲ
2799 5126 2943 5199 ζωὴν
2972 5125 3068 5182 τοῦ
3102 5126 3354 5200 Ἀϐραὰμ
3383 5126 3477 5180 καὶ
3505 5127 3613 5180 τῶν
3653 5142 3867 5198 προφη-

2280 5216 2390 5273 τῶν
2435 5219 2497 5271 οὐ
2546 5218 2937 5292 κατειλήφασιν
2961 5259 2977 5286 ,
3022 5219 3131 5273 οὐδ’
3174 5219 3257 5275 ὅτι
3304 5221 3334 5274 ό
3383 5217 3517 5284 Θεὸς
3576 5216 3862 5290 Ἀϐραὰμ,

2280 5308 2375 5362 καὶ
2434 5309 2655 5375 Ἰσαὰκ,
2713 5313 2807 5365 καὶ
2867 5310 3065 5365 Ἰακὼϐ
3104 5311 3237 5377 Θεὸς
3279 5306 3369 5383 ἦν,
3403 5311 3465 5366 οὒ
3516 5310 3727 5383 νεκρῶν
3766 5310 3865 5364 ab-

2615 5427 2661 5463 ”
2690 5422 2845 5479 Rom.
2879 5440 2931 5486 v,
2972 5424 3059 5479 ιε.
3157 5426 3173 5456 ¹
3205 5424 3432 5479 ibid.H.
3539 5423 3717 5481 ’ibid.
3766 5424 3860 5481 15.

599 5485 779 5542 ‘ibid.
855 5485 881 5520 ⁸
922 5485 1058 5541 ibid.
1109 5486 1199 5540 16.
1272 5484 1295 5517 ⁸
1320 5484 1455 5539 ibid.
1495 5486 1584 5540 17.
1661 5485 2103 5559 ‘lReg.xxvm,
2134 5489 2222 5545 i3.
2297 5491 2316 5521 '
2350 5490 2543 5547 Matth.
2569 5495 2811 5556 xxu.52.
2887 5484 3124 5553 E“Matth.
3153 5511 3314 5562 mu,
3341 5495 3434 5552 29.

666 5580 784 5666 (Mi)
808 5580 913 5637 Pro
940 5580 1043 5645 Δός
1071 5598 1161 5652 μοι
1183 5582 1326 5635 πιεῖν
1348 5579 1515 5637 codex
1546 5579 1748 5655 Regius
1771 5592 1976 5640 tantum
2006 5586 2164 5643 habet

2284 5589 2392 5645 ιεῖν.
2422 5621 2492 5630 ——
2514 5589 2794 5664 Superiori
2817 5593 2983 5663 linea,
3016 5610 3112 5666 pro
3137 5594 3241 5659 ὅτι,
3295 5594 3564 5663 interpres
3590 5591 3718 5664 legit
3739 5592 3857 5650 ὅτι.

600 5650 695 5705 Eu.
732 5650 971 5706 Ρλτιιοιη

669 5722 782 5791 (47)
814 5720 991 5777 Codex
1029 5720 1231 5794 Regius
1261 5721 1419 5792 male,
1461 5724 1567 5780 ὑπὸ
1588 5725 1784 5797 γαστρί
1822 5724 2014 5796 μύθου.
