4196 6432
415 336 526 398 675
1469 333 1828 391 COMMENT.
1864 332 1934 389 IN
1964 333 1983 389 J

2084 332 2159 389 Ν.
2196 332 2437 389 TOMUS
2478 334 2595 391 XX.
3577 341 3680 399 στι

414 449 527 503 τῶν
547 486 564 513 ,
617 444 754 501 ἀλλὰ
813 444 1031 511 (timum;
1053 463 1068 476 ·
1110 445 1204 500 καὶ
1264 445 1342 511 ώς
1414 445 1887 517 ὑπολαμϐάνοντες
1944 462 1983 497 τι

2111 444 2303 500 habiti.
2334 445 2510 501 Etiam
2540 446 2707 517 igitur
2726 445 2773 500 si
2805 445 3081 502 Abraham
3108 456 3356 506 mortuus
3378 448 3567 516 fuerit,
3596 467 3683 508 re-

415 539 645 613 νεκροὺς
703 534 842 592 εἶναι
901 538 1030 601 τοὺς
1078 537 1365 611 προφήτας
1391 575 1408 602 ,
1458 536 1768 609 ᾠκοδόμουν
1817 534 1983 589 αὐτῶη

2106 536 2240 589 vixit
2270 536 2324 614 in
2357 547 2633 608 posterum
2663 553 2770 593 non
2802 538 3037 608 amplius
3067 539 3285 597 visurus
3314 552 3584 610 mortem;
3614 545 3683 599 ab

412 632 543 696 τοὺς
568 631 811 701 τάφους.
858 628 955 683 καὶ
990 628 1080 682 διὰ
1118 627 1281 683 τοῦτο
1320 627 1752 699 ταλανιξόμενοι.
1790 628 1856 681 Et
1906 626 1983 680 κα¹

2101 639 2169 680 eo
2200 627 2348 682 enim
2402 636 2670 698 tempore,
2702 644 2810 701 quo
2855 632 2987 687 vidit
3016 630 3144 689 Jesu
3174 633 3342 702 diem,
3386 637 3685 692 exsultavit

410 722 686 779 ἀπέθανεν
737 718 833 776 οὖν
889 720 1176 791 Ἀϐραὰμ,
1228 718 1342 773 ἀλλ’
1404 717 1567 791 ἔζησε
1590 758 1608 786 ,
1668 720 1765 774 καὶ
1810 719 1999 774 οὐκέτι

390 814 503 869 ττὸν
533 814 764 869 θάνατον
790 811 1036 884 ἐθεώρει,
1071 813 1164 881 ἀφ’
1193 804 1257 865 οὗ
1283 809 1407 866 ἰδὼν
1435 811 1533 885 τὴν
1576 810 1752 884 ἰησοῦ
1781 811 1997 884 ἡμέραν

408 906 780 977 ἠγαλλιάσατο
806 946 821 972 ,
879 903 976 958 καὶ
1022 902 1216 975 ἐχάρη.
1265 898 1434 975 Οἶμαι
1471 903 1528 956 δὲ
1562 903 1658 958 καὶ¹
1700 902 1792 957 διὰ
1836 902 1999 956 τοῦτο

409 999 550 1070 πρὸς
584 999 684 1051 τό·
756 996 1010 1065 Ἀϐραὰμ
1068 995 1401 1063 ἀπέθανεν,
1452 995 1702 1069 εἰρῆσθαι
1766 994 1873 1049 ὑπὸ
1897 994 1994 1048 τοῦ

408 1091 663 1162 Σωτῆρος
705 1089 1044 1153 διδάσκοντος
1064 1128 1081 1155 ,
1130 1090 1213 1143 ὅτι
1247 1088 1498 1159 Ἀϐραὰμ
1531 1086 1661 1159 ἔζη,
1684 1088 1775 1142 τό·
1812 1088 1996 1156 Ἀϐρα-

406 1182 490 1250 ἀμ
509 1184 541 1234 δ
562 1178 760 1248 πατὴρ
785 1178 954 1249 ἡμῶν
987 1178 1124 1250 (ιτ)
1154 1177 1584 1248 ἠγαλλιάσατο,
1614 1178 1716 1230 ἵνα
1755 1175 1851 1245 ἴδῃ
1883 1174 1996 1243 τὴν

406 1272 638 1343 ⁵ἡμέραν
660 1271 965 1342 τὴνέμὴν,
993 1271 1094 1326 καὶ
1129 1267 1274 1335 εἶδε,
1308 1271 1407 1325 καὶ
1431 1269 1639 1340 ἐχάρη.
1672 1269 1737 1323 Εἰ
1771 1268 1846 1340 μὴ
1873 1268 1994 1340 βού-

391 1365 560 1419 υλεταί
592 1382 675 1428 τις
696 1363 870 1427 οὕτως
907 1363 1054 1435 ἔχειν
1080 1363 1149 1417 τὰ
1188 1363 1318 1433 περὶ
1349 1362 1443 1416 τοῦ
1489 1361 1760 1438 Ἀϐραὰμ,
1788 1360 1993 1430 λεγέτω

403 1457 541 1527 ἡμῖν
578 1456 841 1529 πρότερον
886 1454 1016 1509 πότε
1049 1456 1078 1508 6
1119 1452 1243 1509 ἰδὼν
1282 1454 1381 1526 τὴν
1410 1452 1503 1507 τοῦ
1549 1453 1803 1524 Σωτῆρος
1834 1452 1992 1523 ἡμῶν

405 1542 641 1613 ἡμέραν,
672 1542 764 1595 καὶ
787 1542 879 1594 ἐπὶ
916 1541 1092 1613 τούτῳ
1124 1540 1611 1614 ἀγαλλιασόμενος,
1653 1541 1749 1594 καὶ
1776 1541 1988 1613 χαρεὶς,

403 1633 486 1688 ἔτι
538 1633 737 1706 θεωρεῖ
777 1635 867 1688 τὸν
921 1634 1171 1689 θάνατον·
1203 1634 1237 1705 ἢ
1276 1636 1304 1688 6
1347 1632 1471 1687 ἰδὼν
1502 1634 1602 1705 τὴν
1647 1632 1862 1706 ἡμέραν
1894 1633 1988 1687 τοῦ

403 1726 676 1798 Σωτῆρος,
711 1726 807 1779 καὶ
830 1725 1321 1796 ἀγαλλιασάμενος,
1357 1725 1452 1778 καὶ
1493 1724 1702 1795 χαρεὶς,
1737 1724 1990 1790 ἀξιωθεὶς

2100 726 2154 773 et
2181 720 2403 789 gavisus
2430 728 2534 775 est.
2578 721 2758 791 Atque
2798 723 2962 779 etiam
2991 724 3062 780 ob
3108 725 3251 781 hanc
3284 740 3506 782 causam
3534 728 3685 784 arbi-

2102 818 2217 864 tror
2263 809 2613 864 Servatorem
2646 811 2935 868 docentem
2984 814 3263 870 Abraham
3307 816 3517 883 vivere,
3552 832 3678 874 cum

2098 900 2369 957 dixissent
2401 900 2712 958 :Abraham
2740 913 2983 960 mortuus
3018 914 3096 961 est
3119 906 3166 972 ’,
3195 921 3326 963 mox
3366 906 3625 965 intulisse
3658 930 3673 966 :

2095 989 2259 1061 365
2290 990 2560 1045 Abraham
2619 1003 2776 1062 pater
2822 1005 2993 1050 uester
3031 997 3336 1062 exsultavit,
3377 1013 3438 1054 ut
3482 999 3679 1060 uideret

2094 1079 2233 1133 diem
2262 1093 2438 1133 meum
2462 1093 2483 1144 ;
2512 1090 2560 1134 et
2587 1082 2742 1148 vidit,
2769 1091 2819 1137 et
2846 1083 3056 1153 gavisus
3090 1098 3166 1140 est
3187 1086 3251 1140 ¹⁶.
3279 1086 3431 1154 Quod
3455 1089 3501 1146 si
3544 1091 3680 1147 nolit

2095 1166 2294 1237 aliquis
2320 1182 2409 1225 res
2434 1168 2671 1227 Abrahze
2689 1170 2771 1226 sic
2799 1186 2859 1227 se
2880 1171 3107 1241 habere,
3132 1173 3284 1232 dicat
3310 1179 3467 1235 nobis
3494 1187 3695 1247 utrum

2093 1258 2189 1328 qui
2228 1258 2362 1313 vidit
2384 1258 2683 1330 aliquando
2715 1260 3028 1322 Servatoris
3055 1266 3229 1323 nostri
3264 1268 3430 1335 diem,
3461 1280 3519 1326 et
3535 1270 3675 1326 hanc

2072 1349 2163 1405 ob
2212 1363 2432 1405 causam
2472 1351 2766 1408 exsultavit
2798 1365 2855 1409 et
2901 1359 3120 1426 gavisus
3167 1369 3271 1424 est,
3302 1359 3461 1435 [(5l)
3507 1363 3672 1418 etiam

2093 1451 2322 1497 mortem
2344 1441 2521 1498 videat
2550 1464 2564 1497 :
2591 1459 2659 1498 an
2687 1445 2777 1516 qui
2810 1445 3127 1507 Servatoris
3147 1454 3322 1507 nostri
3347 1453 3488 1509 diem
3513 1454 3672 1520 vidit,

2091 1541 2147 1587 et
2174 1532 2487 1600 exsultavit,
2525 1544 2693 1606 atque
2727 1540 2951 1607 gavisus
2986 1540 3140 1614 est],
3168 1543 3423 1615 dignatus
3470 1545 3560 1601 tali
3592 1547 3676 1601 vi-

2090 1624 2267 1689 sione,
2296 1633 2555 1695 tanquam
2582 1626 2698 1696 ipsa
2729 1627 2949 1698 dignus,
2979 1630 3171 1701 pestea
3198 1634 3444 1703 privatus
3471 1633 3570 1690 fuit
3607 1649 3671 1692 ea

2093 1728 2151 1770 re
2174 1729 2335 1785 quam
2358 1715 2593 1770 viderat.
2615 1715 2751 1771 Nam
2776 1720 2821 1772 si
2845 1728 3139 1791 utrumque
3161 1722 3356 1778 horum
3377 1724 3670 1781 absurdum

400 1816 659 1886 τοιαύτης
685 1815 880 1887 ὅψεως,
911 1817 986 1880 ὡς
1032 1816 1183 1881 ἄξιος
1211 1815 1404 1886 αὐτῆς,
1436 1815 1660 1886 ὕστερον
1699 1816 1983 1888 ἐπέρηται

2088 1816 2191 1875 est,
2223 1822 2346 1863 cum
2374 1808 2650 1865 Abraham
2690 1809 2827 1865 vidit
2872 1810 3002 1868 .lesu
3030 1814 3197 1881 diem,
3225 1830 3350 1871 cum
3382 1816 3502 1887 ipso
3526 1818 3672 1887 pari-

399 1902 465 1963 οὗ
497 1905 823 1978 ἐθεώρησεν.
853 1907 917 1959 Εἰ
943 1906 1055 1976 γὰρ
1080 1906 1340 1978 ἑκάτερον
1369 1903 1571 1958 τούτων
1589 1904 1790 1960 ἄτοπόν
1819 1907 1986 1968 ἐστιν,

403 1999 531 2054 ἰδὼν
587 1998 687 2072 τὴν
742 1999 955 2070 ἡμέραν
1018 1997 1193 2069 Ἰησοῦ
1255 1997 1527 2069 ’Δϐραὰμ,
1578 1999 1694 2068 ἅμα
1731 1995 1809 2068 τῷ
1860 1996 1988 2051 ἰδεῖν

396 2093 602 2164 ἧκουσε
628 2091 722 2145 καὶ
753 2088 846 2143 τὸν
867 2090 1022 2158 λόγον
1054 2089 1241 2155 αὑτοῦ,
1263 2090 1356 2143 καὶ
1380 2089 1635 2160 ἐτήρησε,
1658 2089 1753 2142 καὶ
1779 2088 1879 2142 οὐκ
1907 2087 1988 2143 ἔτι

399 2183 632 2238 θάνατον
667 2181 879 2254 θεωρεῖο
922 2182 1015 2236 καὶ
1048 2181 1146 2252 οὐχ
1182 2180 1352 2249 ὑγιῶς
1381 2180 1586 2250 ἔλεγον,
1614 2180 1854 2253 ὡσπερεὶ
1903 2179 1988 2235 ἔτι

395 2270 461 2324 ἐν
491 2270 705 2341 θανάτῳ
734 2268 847 2341 (48)
897 2272 1258 2341 τυγχάνοντος
1288 2269 1475 2334 αὑτοῦ,
1514 2270 1564 2323 οἱ
1609 2270 1849 2325 Ἰουδαῖοι
1900 2266 1983 2327 τόο

410 2363 660 2434 Ἀϐραὰμ
696 2362 977 2417 ἀπέθανε.
1015 2363 1087 2416 Τὸ
1119 2362 1164 2415 δ’
1186 2363 1370 2433 ὅμοιον
1405 2364 1550 2434 ἐρεῖς
1576 2363 1671 2416 καὶ
1705 2364 1835 2436 περὶ
1875 2363 1987 2420 τῶν

394 2454 715 2526 προφητῶν·
740 2456 788 2508 εί
810 2455 917 2525 γὰρ
941 2456 970 2508 6
990 2454 1123 2518 Θεὸς
1141 2455 1242 2508 οὐκ
1268 2453 1382 2507 ἐστι
1411 2454 1644 2525 νεκρῶν,
1680 2454 1818 2509 ἀλλὰ
1849 2454 1987 2520 ζών-

393 2564 527 2611 των,
563 2547 657 2600 καὶ
676 2547 842 2609 ἐστιν,
876 2545 1067 2619 ὥσπερ
1093 2544 1189 2600 τοῦ
1220 2546 1493 2619 Ἀϐραὰμ,
1527 2540 1622 2602 καὶ
1650 2548 1742 2600 τοῦ
1776 2547 1983 2615 Ἰσαὰκ,

380 2640 498 2695 -καὶ
526 2639 621 2693 τοῦ
675 2638 890 2704 Ἰακὼϐ,
939 2638 1111 2703 οὕτως
1153 2639 1248 2693 καὶ
1285 2639 1395 2692 τῶν
1448 2638 1650 2693 λοιπῶν
1690 2641 1986 2714 προφητῶν

394 2732 552 2798 Θεὸς,
587 2730 720 2797 ζῶσι
751 2733 847 2786 καὶ
890 2733 941 2786 οἱ
975 2733 1270 2805 προφῆται⁸
1308 2733 1403 2786 καὶ
1435 2732 1542 2805 γὰρ
1568 2734 1844 2805 ἐτήρησαν
1890 2733 1984 2789 τὸν

394 2825 555 2894 λόγον
605 2825 698 2880 τοῦ
728 2825 858 2879 Υίοῦ
892 2825 987 2879 τοῦ
1027 2824 1185 2891 Θεοῦ,
1221 2826 1311 2880 ὅτε
1339 2825 1496 2894 λόγος
1528 2824 1734 2896 Κυρίου
1768 2824 1985 2894 ἐγένετο

392 2917 537 2987 πρὸς
573 2915 809 2988 Ὠσηὲ,ἢ
845 2916 1000 2984 λόγος
1030 2914 1245 2985 ἐγένετο
1276 2914 1415 2986 πρὸς
1444 2914 1734 2986 Ἱερεμίαν,
1766 2915 1800 2986 ἡ
1825 2914 1983 2985 λόγος

394 3005 616 3073 ἐγένετο
646 3003 784 3077 πρὸς
836 3003 1085 3059 Ἡσαΐαν·
1132 3003 1195 3057 οὐ
1227 3003 1336 3075 γὰρ
1385 3003 1542 3067 ἄλλος
1583 3003 1740 3073 λόγος
1766 3004 1984 3073 ἐγένετο

395 3101 537 3171 πρός
567 3116 689 3153 τινα
712 3097 935 3165 τούτων,
962 3096 1076 3151 ἀλλ’
1100 3098 1129 3150 6
1152 3099 1211 3151 ἐν
1249 3097 1391 3169 ἀρχῇ
1422 3096 1558 3169 πρὸς
1578 3095 1671 3150 τὸν
1690 3096 1823 3150 Θεὸν
1853 3096 1982 3160 Υἱὸς

374 3191 564 3245 ταὺτοῦ
594 3189 726 3253 Θεὸς
752 3188 943 3259 Λόγος·
964 3189 1059 3243 καὶ
1074 3187 1284 3253 τοῦτον,
1312 3188 1362 3240 εἰ
1392 3187 1487 3242 καί
1505 3204 1589 3252 τις
1609 3187 1786 3253 ἄλλος,
1809 3189 1979 3265 stabo!

394 3283 676 3355 προφῆται
708 3283 1067 3355 τετηρήκασι,
1104 3281 1199 3333 καὶ
1230 3281 1290 3347 ἐξ
1310 3275 1371 3335 οὗ
1394 3278 1649 3351 εἰλήφασι
1682 3279 1773 3334 τὸν
1799 3280 1978 3350 λόγον,

392 3376 626 3430 θάνατον
654 3373 755 3428 οὐκ
803 3372 883 3426 ἔτι
922 3370 1257 3443 ἐθεώρησαν.
1303 3368 1538 3441 Ὁμοίως
1567 3368 1747 3424 τοίνυν
1786 3368 1981 3440 ψεῦδος

372 3466 496 3537 ητῷ·
536 3464 667 3521 Νῦν
718 3462 1083 3534 ἐγνώκαμεν,
1143 3460 1234 3514 ὅτι
1290 3459 1602 3529 δαιμόνιον
1651 3460 1831 3530 ἔχεις,
1885 3460 1977 3516 τό·

406 3557 663 3627 Ἀϐραὰμ
680 3555 963 3617 ἀπέθανε,
987 3553 1085 3608 καί
1118 3556 1173 3608 οὶ
1208 3551 1531 3622 προφῆται,
1560 3553 1851 3626 εἰρημένον
1874 3554 1981 3609 ὑπὸ

369 3651 506 3706 οτῶν
555 3648 843 3703 Ἰουδαίωνο
877 3645 1001 3700 οὔτε
1026 3645 1137 3719 γὰρ
1165 3645 1404 3714 ἔγνωσαν
1421 3644 1695 3718 δαιμόνιον
1723 3646 1869 3717 ἔχειν
1886 3646 1980 3700 τὸν

393 3739 757 3795 ἐπιτάσσοντα
800 3736 1118 3810 δαιμονίοις·
1161 3736 1336 3801 οὐδεὶς
1367 3737 1477 3806 γὰρ
1506 3735 1765 3805 γινώσκει
1808 3737 1868 3791 τὸ
1903 3739 1978 3810 μὴ

393 3834 661 3904 ὑπάρχον·
698 3829 821 3884 οὔτε
866 3829 1117 3901 Ἀϐραὰμ
1144 3829 1238 3883 καὶ
1266 3829 1316 3882 oi
1359 3829 1634 3900 προφῆται
1662 3830 1722 3882 ὲν
1766 3828 1979 3902 θανάτῳ

394 3922 481 3979 ἔτι
504 3921 664 3998 ἦσαν,
700 3923 789 3977 ὅτε
832 3921 1016 3989 ἔλεγον
1055 3921 1106 3974 οἱ
1150 3919 1391 3973 Ἰουδαῖοι
1433 3918 1514 3973 τό·
1556 3917 1802 3988 Ἀϐραὰμ
1835 3918 1981 3974 ἀπέ-

393 4021 561 4080 θανε,
609 4016 710 4069 καὶ
757 4016 812 4069 οἰ
856 4010 1174 4082 προφῆται.
1211 4010 1368 4066 Μετὰ
1411 4010 1588 4064 ταῦτα
1625 4009 1895 4081 ζητοῦμεν
1923 4009 1977 4064 τί
2010 4012 2015 4023 ‘

391 4107 618 4179 δήποτε,
647 4105 742 4159 τοῦ
771 4106 1021 4176 Σωτῆρος
1045 4102 1326 4175 εἰρηκότος
1355 4103 1484 4174 περὶ
1525 4101 1725 4165 παντὸς
1754 4100 1847 4155 τοῦ
1880 4117 1980 4173 τη-

396 4198 624 4272 ροῦντος
657 4197 823 4253 αὐτοῦ
853 4198 944 4251 τὸν
971 4196 1149 4266 λόγον,
1179 4195 1263 4249 ὅτι
1303 4193 1574 4249 Θάνατον
1592 4196 1665 4248 οὐ
1691 4193 1979 4262 θεωρήσει

390 4294 485 4360 εἰς
516 4291 625 4345 τὸν
654 4287 859 4354 αἰῶνα,
891 4289 941 4343 οί
980 4287 1222 4342 Ἰουδαῖοι
1269 4286 1406 4359 μετὰ
1437 4285 1507 4339 τὰ
1557 4284 1999 4358 προεξετασθένοσ

390 4401 483 4448 τα,
529 4382 648 4437 δέον
689 4383 886 4440 αὐτοὺς
932 4378 1279 4450 καταλλὴλως
1310 4377 1408 4449 τῷ·
1455 4376 1725 4431 Θάνατον
1778 4377 1852 4431 οὐ
1887 4374 1975 4447 μὴ

2092 1906 2174 1953 ter
2200 1899 2387 1955 videre
2417 1899 2625 1955 audivit
2654 1898 2819 1955 etiam
2842 1917 3151 1959 sermonem
3188 1905 3383 1976 ipsius.
3405 1916 3460 1964 et
3486 1921 3671 1963 serva-

2088 1990 2188 2055 vit,
2217 2005 2319 2045 nec
2341 1990 2575 2060 amplius
2611 2002 2840 2059 mortem
2866 1994 3053 2064 videt;
3087 2011 3188 2052 nec
3222 2006 3370 2054 recte
3395 1998 3564 2055 Judaei
3587 2001 3669 2055 di-

2088 2081 2286 2137 cebant
2314 2080 2623 2139 :Abrahant
2651 2096 2892 2140 mortuus
2936 2096 3034 2154 est,
3076 2088 3302 2157 perinde
3355 2091 3511 2160 quasi
3556 2092 3672 2161 ipse

2087 2174 2253 2230 etiam
2276 2183 2388 2230 tum
2418 2175 2473 2230 in
2496 2185 2679 2247 morte
2695 2187 2862 2233 esset.
2891 2178 3083 2233 Simile
3105 2179 3272 2234 etiam
3298 2180 3365 2236 de
3387 2181 3670 2251 prophetis

2088 2266 2238 2322 dices
2267 2285 2278 2320 :
2310 2282 2435 2323 nam
2462 2267 2508 2323 si
2534 2268 2684 2325 Deus
2715 2285 2823 2326 non
2850 2279 2935 2326 est
2967 2281 3332 2338 mortuorum,
3365 2272 3461 2328 sed
3483 2273 3673 2329 viven-

2089 2359 2247 2426 tium,
2268 2370 2326 2415 et
2359 2368 2418 2415 ut
2438 2368 2525 2416 est
2545 2360 2846 2430 Abraham,
2874 2372 2930 2419 et
2953 2362 3126 2433 Isaac,
3152 2373 3206 2420 et
3231 2362 3402 2421 Jacob
3430 2365 3573 2421 Deus
3603 2366 3669 2433 “,

2086 2452 2168 2508 sic
2201 2452 2369 2508 etiam
2404 2461 2488 2508 est
2518 2461 2843 2510 cancrorum
2873 2458 3262 2526 prophetarum
3294 2458 3458 2524 Deus,
3483 2459 3674 2513 vivunt

2084 2544 2253 2598 etiam
2279 2545 2560 2614 propheta:
2587 2562 2601 2601 :
2632 2554 2692 2600 ut
2721 2548 2816 2616 qui
2853 2558 3213 2603 servaverunt
3239 2550 3407 2603 etiam
3457 2564 3672 2604 sermo-

2086 2650 2210 2692 nem
2236 2634 2359 2693 Filii
2379 2636 2499 2703 Dei,
2524 2638 2743 2707 quando
2767 2654 2950 2694 sermo
2972 2639 3153 2696 factus
3181 2650 3263 2696 est
3288 2645 3354 2696 ad
3377 2639 3575 2697 Oscam
3602 2641 3668 2708 ",

2082 2728 2170 2785 vel
2194 2744 2376 2785 sermo
2414 2730 2592 2789 factus
2622 2737 2708 2787 est
2736 2731 2805 2787 ad
2829 2729 3127 2788 Jeremiam
3156 2733 3224 2800 “,
3253 2733 3337 2789 vel
3378 2748 3559 2790 sermo
3586 2733 3672 2788 fa—

2084 2827 2205 2875 ctus
2232 2828 2319 2876 est
2339 2824 2408 2877 ad
2440 2821 2636 2877 Isaiam
2664 2821 2714 2856 “
2741 2839 2756 2878 :
2785 2836 2886 2878 nec
2908 2824 3057 2878 enim
3091 2823 3231 2879 alius
3264 2839 3445 2880 sermo
3469 2825 3535 2878 ad
3562 2825 3668 2879 ali-

2084 2927 2243 2982 quem
2286 2913 2483 2970 horum
2542 2913 2721 2970 factus
2781 2924 2896 2981 est,
2940 2926 3303 2987 praterquam
3350 2916 3543 2971 Sermo
3579 2916 3670 2971 ille

2084 3004 2175 3073 qui
2204 3015 2323 3060 erat
2379 3007 2434 3061 in
2486 3006 2760 3078 principio
2787 3010 2929 3077 apud
2976 3007 3147 3063 Deum
3175 3009 3239 3073 “,
3277 3008 3453 3065 Filius
3499 3010 3670 3081 ipsius

2088 3095 2181 3151 Dei
2205 3096 2440 3153 Sermo:
2468 3099 2715 3169 quem,si
2749 3101 2875 3170 quis
2904 3098 3063 3165 alius,
3089 3100 3369 3168 prophetae
3398 3102 3450 3156 in
3474 3102 3669 3172 primis

2084 3199 2465 3257 servaverunt,
2509 3191 2600 3262 qui
2628 3190 2820 3258 etiam,
2853 3206 2921 3246 ex
2955 3205 3065 3260 quo
3095 3201 3424 3260 acceperunt
3457 3207 3670 3251 sermo-

2084 3297 2232 3348 nem,
2259 3292 2496 3339 mortem
2550 3285 2790 3355 amplius
2834 3300 2941 3339 non
2984 3285 3257 3340 viderunt.
3285 3284 3466 3358 Eque
3501 3286 3669 3359 igitur

2082 3373 2284 3430 falsum
2323 3385 2411 3432 est
2439 3391 2453 3428 :
2487 3375 2646 3431 Nunc
2676 3377 3011 3447 cognouimus
3055 3376 3196 3447 quod
3224 3376 3544 3431 dwmonium
3573 3378 3670 3432 ha-

2086 3470 2179 3524 bes
2204 3467 2273 3535 “,
2302 3481 2468 3540 atque
2501 3469 2606 3525 hoc
2631 3485 2648 3526 :
2676 3468 2945 3523 Abraham
2967 3476 3207 3522 mortuus
3235 3477 3336 3534 est,
3365 3479 3412 3522 et
3441 3470 3670 3538 prophe-

2083 3570 2154 3615 ta
2177 3561 2244 3627 ",
2270 3563 2413 3630 quod
2443 3559 2909 3615 dixeruntludzei.
2938 3559 3126 3628 Neque
3152 3560 3298 3614 enim
3328 3569 3667 3629 agnoverant

2081 3652 2405 3707 daemonium
2464 3651 2670 3708 habere
2709 3666 2835 3708 eum
2867 3652 2959 3720 qui
2999 3651 3305 3720 imperabat
3343 3650 3665 3718 daemoniis;

2082 3742 2263 3798 nullus
2307 3742 2453 3798 enim
2502 3743 2783 3811 cognoscit
2811 3742 2954 3811 quod
2989 3758 3095 3797 non
3126 3752 3246 3808 est;
3284 3756 3462 3812 neque
3484 3740 3662 3797 Abra-

2082 3832 2207 3887 ham
2237 3839 2292 3886 et
2321 3831 2601 3901 prophetae
2649 3832 2702 3886 in
2740 3841 2915 3886 morte
2958 3832 3193 3902 amplius
3231 3843 3409 3898 erant,
3442 3832 3661 3902 quando

2079 3923 2336 3978 dicebant
2356 3920 2528 3978 Judaei
2561 3941 2576 3979 :
2603 3922 2869 3978 Abraham
2904 3935 3142 3979 mortuus
3171 3935 3272 3993 est,
3296 3934 3346 3979 et
3367 3925 3656 3994 propheta.

2080 4015 2284 4071 Deinde
2306 4016 2604 4085 quaerimus
2630 4031 2729 4072 cur
2760 4018 3003 4086 tandem,
3043 4034 3165 4073 cum
3202 4018 3431 4073 dixisset
3460 4017 3659 4073 Serva-

2080 4117 2167 4162 tor
2181 4106 2249 4162 de
2277 4121 2602 4177 quocunque
2627 4110 2717 4178 qui
2753 4109 3249 4177 sermonemipsius
3277 4118 3491 4164 servat:
3513 4107 3662 4162 Mor-

2079 4211 2183 4255 tem
2217 4216 2323 4256 non
2364 4202 2555 4256 uidebit
2581 4202 2637 4256 in
2663 4210 2937 4269 aeternum,
2963 4204 3128 4273 idque
3153 4203 3417 4273 exigeret,
3454 4203 3533 4257 uti
3564 4200 3661 4258 Ju-

2078 4293 2178 4347 daei
2205 4303 2327 4361 post
2349 4293 2436 4346 illa
2461 4293 2623 4348 verba
2647 4308 2771 4364 quae
2792 4304 2950 4349 antea
2978 4294 3437 4358 examinavimus,
3464 4307 3661 4349 conse-

2078 4391 2310 4453 quenter
2335 4383 2421 4439 his
2441 4384 2625 4440 verbis
2659 4405 2671 4436 :
2696 4384 2922 4440 Mortem
2951 4403 3054 4440 non
3080 4386 3268 4440 videbit
3296 4386 3352 4440 in
3378 4399 3656 4454 wternum,

391 4475 681 4544 θεωρήσει
712 4476 799 4542 εἰς
825 4472 931 4527 τὸν
959 4471 1164 4537 αἰῶνα,
1193 4471 1490 4543 εἰρηκέναν
1515 4471 1626 4524 Καὶ
1647 4469 1729 4524 σὺ
1754 4468 1971 4540 λέγεις’

2084 4476 2328 4530 dicerent
2359 4493 2374 4529 :
2407 4473 2475 4529 Et
2502 4487 2560 4530 tu
2586 4477 2720 4533 dicis
2745 4491 2766 4531 :
2791 4475 2852 4533 Si
2876 4478 2994 4549 quis
3019 4492 3312 4532 sermonem
3344 4493 3517 4531 meum
3549 4492 3662 4532 ser-

406 4569 545 4623 Ἐάν
574 4586 667 4634 τις
690 4565 800 4620 τὸν
823 4564 970 4635 ἐμὸν
1007 4565 1195 4634 λόγον
1215 4560 1473 4633 τηρήσῃ,
1507 4560 1769 4616 θάνατον
1797 4564 1871 4616 οὐ
1884 4561 1972 4632 μὴ

392 4657 680 4728 θεωρήσει
700 4661 788 4725 εἰς
815 4656 924 4711 τὸν
953 4654 1157 4710 αἰῶναο
1182 4656 1232 4708 οἱ
1253 4655 1311 4708 δὲ
1338 4655 1398 4709 οὐ
1429 4653 1607 4717 τοῦτο,
1634 4653 1773 4708 ἀλλὰ
1797 4654 1861 4707 τὸ
1898 4655 1972 4729 μὴ

393 4754 683 4826 εἰρημένον
714 4750 825 4824 (49)
855 4748 961 4803 ὑπὸ
975 4748 1068 4802 τοῦ
1086 4746 1335 4820 Σωτῆρος
1361 4763 1544 4816 φασιν·
1575 4747 1637 4799 οὐ
1663 4746 1772 4818 γὰρ
1798 4741 1971 4801 εἶπεν

407 4846 545 4902 Ἐάν
568 4865 658 4913 τις
681 4845 787 4899 τὸν
809 4844 955 4914 ἐμόν
981 4843 1171 4912 λόγον
1203 4839 1462 4909 τηρήσῃ,
1497 4837 1760 4895 θανάτου
1795 4841 1867 4892 οὐ
1886 4839 1973 4908 μὴ

393 4939 683 5010 γεύσηται
704 4939 792 5003 εἰς
821 4934 926 4989 τὸν
947 4931 1153 4998 αἰῶνα,
1177 4932 1315 5004 ὅπερ
1338 4926 1482 4986 οὗτοι
1504 4929 1870 5002 προφέρονται
1899 4929 1975 4995 ώς

392 5029 503 5082 ὑπὸ
531 5025 626 5082 τοῦ
670 5024 877 5097 Κυρίου
900 5021 1058 5094 ἡμῶν
1088 5020 1393 5093 εἰρημένον.
1431 5019 1541 5072 Καὶ
1569 5018 1671 5088 ὅρα
1695 5018 1745 5071 εί
1781 5018 1858 5092 μὴ
1894 5018 1975 5090 τῷ

361 5144 368 5155 ·
393 5118 536 5175 εἶναι
563 5117 675 5192 (50)
709 5114 971 5187 διαφορὰν
1001 5113 1096 5169 τοῦ
1127 5114 1202 5186 μὴ
1225 5112 1448 5183 θεωρεῖν
1476 5109 1724 5174 θάνατον,
1754 5110 1849 5164 καὶ
1878 5108 1972 5165 τοῦ

364 5238 369 5242 ’
464 5214 665 5270 ’Joan.
708 5211 954 5277 vm,5‘2.
1050 5210 1250 5264 “ibid.
1315 5206 1404 5261 56.

391 5284 447 5322 ⁸⁸
468 5285 625 5342 Joan.
653 5299 695 5348 ι,
721 5284 779 5338 2.
889 5283 936 5314 ³⁸
962 5279 1120 5337 Joau.
1153 5293 1249 5334 vm
1271 5318 1287 5346 ,
1312 5277 1402 5332 5‘2.
1476 5277 1519 5310 "
1550 5277 1680 5332 ibid.

468 5404 605 5475 (τῖ’)
658 5402 815 5475 Legit
870 5401 1140 5475 interpres
1199 5396 1390 5475 ὑμῶν,
1445 5406 1501 5454 et
1561 5411 1686 5475 Ino:
1737 5395 1970 5467 πότερόν

388 5468 617 5534 ποτε...
653 5468 1154 5542 ἀγαλλιασάμενος·
1186 5468 1265 5542 sic
1299 5470 1462 5523 etiam
1516 5468 1759 5523 scribere
1784 5475 1972 5523 ainant

372 5538 730 5602 recentiores
762 5538 1019 5598 editores.
1058 5539 1153 5593 Eo.
1186 5538 1434 5593 Ριτκοι..

349 5634 357 5645 ·
397 5685 426 5688 -γ
470 5612 887 5688 (48)-Ὠσπερεὶ
912 5610 1001 5688 ἐτι
1023 5610 1094 5663 ὲν
1115 5607 1367 5688 θανατφ,
1390 5618 1498 5663 etc.
1523 5605 1602 5688 l_ta
1636 5614 1787 5688 recte
1834 5604 1965 5688 legit

368 5679 698 5746 .Periuitius,
724 5679 880 5750 cujus
930 5679 1445 5750 interpretationem
1487 5681 1854 5750 οιιυριιιιιιιιε.Δ
1890 5679 1964 5728 At

366 5744 830 5823 .vtdeturlegiue
874 5744 1180 5815 Ferrarius,
1217 5746 1458 5816 ὡσπερεὶ
1506 5745 1678 5802 αἰτίου
1724 5744 1961 5799 θανάτου

1510 5207 1553 5238 ¹¹
1584 5205 1774 5262 Matth.
1811 5222 1944 5274 ml,
2001 5208 2093 5263 32.

2077 4567 2299 4629 nouerit,
2321 4576 2542 4622 mortem
2565 4584 2668 4623 non
2697 4569 2892 4624 uidebit
2924 4569 2978 4623 in
3013 4579 3292 4635 wternum,
3322 4564 3395 4622 illi
3422 4583 3527 4622 non
3557 4568 3661 4624 hoc

2078 4655 2312 4724 faciant,
2335 4657 2430 4712 sed
2459 4657 2824 4728 respondeant
2845 4658 2991 4728 quod
3015 4655 3279 4713 Servatur
3303 4670 3409 4712 non
3437 4656 3658 4712 dixerit.

2078 4745 2266 4815 Neque
2307 4748 2453 4803 enim
2506 4747 2727 4805 dixerat
2760 4750 3060 4802 Servator:
3093 4745 3156 4802 Si
3208 4746 3329 4816 quis
3364 4760 3660 4800 sermonem

2077 4853 2249 4893 meum
2278 4842 2594 4910 seruaverit,
2623 4853 2845 4896 mortem
2886 4857 2991 4895 non
3038 4841 3268 4910 gustabit
3299 4839 3356 4892 in
3382 4847 3657 4904 arternum,

2078 4930 2222 4997 quod
2263 4930 2349 4986 iSli
2384 4932 2672 5001 proferunt
2706 4941 2964 5001 tanquam
2994 4942 3031 4985 a‘
3059 4930 3291 4985 Domino
3338 4937 3528 4984 nostro
3572 4928 3658 4982 di-

2078 5029 2250 5077 ctum.
2283 5020 2350 5076 Et
2380 5022 2504 5077 vide
2545 5037 2612 5077 an
2657 5022 2788 5092 quia
2823 5019 3131 5076 diﬁcrentia
3174 5019 3249 5074 sit
3292 5017 3440 5072 inter
3466 5017 3656 5071 videre

2078 5123 2333 5179 mortem,
2356 5122 2410 5168 et
2436 5123 2659 5185 gustare
2689 5124 2940 5180 mortem,
2970 5128 3003 5168 a
3032 5110 3246 5169 caeteris
3266 5109 3431 5181 368
3450 5108 3660 5179 pariter

2208 5208 2252 5243 ⁸⁸
2272 5207 2401 5266 Ose.
2446 5224 2486 5278 ι,
2514 5209 2565 5265 1.
2669 5208 2716 5242 ¹⁸
2735 5205 2940 5265 larem.
2991 5222 3103 5275 λιν,
3152 5204 3208 5262 Ι.
3302 5201 3349 5236 ⁸⁵
3372 5201 3478 5260 lsa.
3508 5217 3570 5268 ιι,
3600 5202 3656 5258 l.

2073 5394 2434 5467 τυγχάνοντος
2466 5395 2653 5450 αὐτοῦ·
2680 5395 2846 5451 vertit
2864 5395 3010 5453 enim
3036 5412 3051 5449 :
3080 5396 3307 5452 Perinde
3334 5396 3488 5462 quasi
3514 5411 3656 5449 mors

2073 5467 2304 5521 Abrahte
2326 5468 2382 5521 in
2419 5484 2582 5522 causa
2614 5478 2768 5533 esset,
2796 5478 2853 5522 ut
2877 5472 3034 5524 etiam
3057 5467 3301 5522 Christus
3339 5476 3655 5520 moreretur.

2147 5535 2262 5606 (49)
2313 5536 2412 5605 Μὴ
2462 5538 2817 5607 εἰρημένον.
2862 5538 2919 5593 lu
2969 5538 3212 5607 editione
3269 5535 3450 5592 Huctii
3502 5536 3656 5592 deest

2077 5605 2355 5678 MLq’uo‘d
2384 5605 2600 5678 legitur
2620 5608 2672 5662 in
2705 5606 2894 5678 codice
2919 5605 3235 5678 Bodleiano.

2145 5668 2260 5746 (ξο)
2291 5668 2475 5746 (ξοάθὶ
2503 5678 2729 5746 Regius,
2748 5675 2812 5730 τὸ
2843 5671 3004 5746 εἶναι,
3028 5668 3191 5746 male.

2140 5744 2255 5817 (5i)
2289 5744 2417 5803 Haec
2448 5744 2824 5818 supplevimus
2857 5761 2889 5803 e
2919 5744 3190 5801 Perionio.
