4196 6408
593 313 702 371 675

2057 305 2378 364 οιιισειιιε

3739 311 3848 370 ϐῖσ

591 430 942 503 evsngelistis
966 431 1169 486 dictum
1188 429 1378 495 fuerit,
1399 442 1497 486 eos
1519 429 1615 500 qui
1639 443 1808 501 prope
1823 427 1953 485 Jesu
1977 440 2161 484 essent

2269 428 2345 500 μὴ
2372 427 2630 498 γεῦεσΘαι
2667 427 2922 493 Θανάτου,
2957 427 3061 483 ὑπὸ
3087 427 3197 484 τῶν
3217 427 3419 484 λοιπῶν
3435 429 3554 501 ἅμα
3568 429 3850 500 εὐαγγελι-

593 541 700 581 non
733 533 1046 595 gustaturos
1076 532 1328 589 mortem,
1354 523 1532 592 quoad
1563 537 1734 592 usque
1767 523 2032 576 vidissent
2069 521 2164 577 Fi-

592 614 726 670 lium
760 613 1004 668 hominis
1046 613 1358 668 venientem
1395 612 1448 666 in
1497 625 1663 681 regno
1705 627 1824 667 suo.
1872 610 2164 666 Matthseus

593 706 815 774 quidem
861 704 943 760 sic
988 705 1153 760 habet
1184 721 1200 758 :
1234 702 1401 757 Amen
1438 704 1557 756 dico
1579 704 1743 768 vobis,
1785 713 1908 758 sunt
1946 704 2162 774 quidam

592 796 676 848 hic
715 804 939 860 stantes,
965 793 1055 863 qui
1094 810 1199 847 non
1241 793 1526 858 gustabunt
1556 800 1801 856 mortem,
1834 794 1999 844 donec
2019 790 2164 844 vide-

591 886 698 939 rint
719 883 924 939 Filium
946 887 1172 939 hominis
1192 886 1476 939 uenientem
1499 885 1556 938 in
1577 900 1734 954 regno
1755 899 1850 938 suo
1867 884 1933 939 ⁸⁸.
1951 883 2164 939 Marcus

587 991 762 1032 vero:
791 977 955 1030 Amen
983 977 1102 1030 dico
1145 974 1309 1038 vobis,
1351 983 1474 1029 sunt
1522 975 1736 1045 quidam
1769 975 1903 1028 inter
1942 990 2030 1027 eos
2073 973 2164 1042 qui

590 1070 674 1123 hic
697 1078 858 1132 stant,
895 1068 984 1135 qui
1023 1082 1126 1120 non
1170 1065 1454 1135 gustabunt
1484 1078 1727 1128 mortem,
1753 1066 1915 1120 donec
1942 1066 2164 1118 viderint

593 1177 808 1231 regnum
847 1159 942 1214 Dei
979 1163 1177 1212 uenisse
1214 1173 1332 1211 cum
1372 1157 1694 1226 potentia".
1719 1158 1788 1211 At
1825 1157 1998 1212 Lucas
2039 1157 2158 1212 sic:

607 1251 733 1305 Vere
752 1261 871 1306 sunt
901 1251 1115 1314 quidam
1141 1250 1226 1302 hic
1254 1258 1474 1314 stantes,
1493 1248 1584 1317 qui
1617 1264 1720 1302 non
1735 1250 2164 1318 gustabuntmor-

593 1357 717 1407 tem,
745 1344 906 1396 donec
923 1342 1136 1394 uideant
1162 1338 1360 1394 Filium
1389 1341 1618 1394 hominis
1655 1343 1939 1394 uenientem
1973 1340 2030 1392 in
2054 1339 2162 1409 glo-

593 1437 673 1487 ria
695 1451 792 1487 sua
812 1433 950 1485 "'“.
988 1432 1054 1488 Ut
1077 1432 1219 1488 enim
1251 1431 1303 1485 in
1330 1445 1558 1499 corpore
1580 1431 1778 1486 diversi
1807 1440 1930 1482 sunt
1950 1445 2160 1496 sensus,

593 1534 784 1593 gustus
813 1533 866 1578 et
897 1524 1067 1585 visus,
1099 1523 1178 1576 sic
1216 1519 1372 1591 juxta
1401 1535 1596 1577 sensus
1620 1522 1710 1590 qui
1741 1537 1773 1574 a
1804 1519 2160 1576 Salomone“

593 1616 760 1670 divini
794 1616 1072 1678 dicuntur,
1107 1613 1212 1667 alia
1247 1615 1352 1668 erit
1382 1613 1579 1666 animae
1615 1611 1853 1681 potentia
1893 1627 2014 1682 qua:
2049 1611 2158 1666 vim

591 1707 807 1761 videndi
853 1706 1014 1760 habet
1054 1715 1109 1760 et
1145 1703 1584 1774 contemplandi;
1621 1703 1728 1756 alia
1760 1719 1879 1773 qua:
1908 1703 2160 1773 gustandi

2271 520 2414 575 στῶν
2458 522 2671 591 εἴρηται
2716 519 2851 592 περὶ
2901 519 2997 574 τοῦ
3042 521 3120 592 μὴ
3147 521 3402 591 γεύεσθαι
3435 522 3668 578 Θανάτου
3720 524 3850 588 τοὺς

2267 613 2435 682 ἐγγὺς
2461 613 2556 667 τοῦ
2577 613 2754 686 Ἰησοῦ
2787 614 3046 680 ἑστῶτας,
3082 615 3189 680 ἕως
3227 615 3292 670 ἂν
3318 617 3468 671 ίδωσι
3487 617 3580 672 τὸν
3608 619 3735 676 Υἱδν
3751 620 3847 674 τοῦ

2267 703 2555 775 ἀνθρώπου
2589 706 2881 777 ἐρχόμενον
2904 708 2964 759 ὲν
2993 709 3060 778 τῇ
3089 707 3335 782 βασιλείᾳ
3367 710 3584 764 ἑαυτοῦο
3619 711 3712 766 τοῦ
3750 713 3848 784 μὲν

2267 793 2568 848 Ματθαίουο
2604 795 2798 865 Ἀμὴν,
2823 795 2986 866 ἀμὴν
3015 797 3170 868 λέγω
3201 799 3364 868 ὑμῖν,
3396 801 3517 854 εἰσί
3547 817 3707 868 τινες
3729 801 3850 857 τῶν

2267 879 2382 940 ὧδε
2406 883 2698 950 ἑστώτων,
2735 888 2952 953 οἵτινες
2974 889 3047 942 οὐ
3081 887 3169 958 μὴ
3207 891 3536 958 γεύσωνται
3565 892 3846 960 θανάτου,

2267 972 2378 1039 ἕως
2408 971 2483 1027 ἂν
2515 973 2687 1028 τδωσι
2724 974 2835 1027 τὸν
2871 974 3008 1029 Υίὸν
3042 975 3150 1030 τοῦ
3175 977 3490 1045 ἀνθρώπου
3520 979 3848 1049 ἐρχόμενον

2266 1064 2338 1117 ἐν
2387 1062 2465 1132 τῇ
2496 1065 2784 1132 βασιλείᾳ
2826 1065 3064 1120 ἑαυτοῦ·
3120 1065 3213 1121 τοῦ
3252 1067 3312 1120 δὲ
3356 1069 3606 1140 Μάρκουο
3644 1069 3842 1138 Ἀμὴν,

2267 1155 2431 1224 ἀμὴν
2474 1156 2632 1227 λέγω
2668 1158 2830 1227 ὑμῖν,
2880 1158 2970 1212 ὅτι
2992 1159 3126 1228 ξείσι
3166 1177 3327 1227 τινες
3364 1161 3484 1216 τῶν
3505 1162 3848 1229 ἑστηκότων

2265 1242 2402 1314 ὧδε,
2456 1251 2675 1315 οἵτινες
2719 1252 2793 1304 οὐ
2829 1249 2917 1318 μὴ
2963 1251 3294 1322 γεύσωνται
3317 1251 3599 1316 θανάτου,
3638 1253 3748 1319 ἕως
3769 1254 3848 1308 ἂν

2269 1339 2438 1392 ἴδωσι
2463 1339 2578 1408 τὴν
2595 1341 2922 1404 ,βασιλείαν
2952 1340 3060 1394 τοῦ
3084 1342 3232 1395 Θεοῦ
3246 1342 3614 1409 ἐληλυθυῖαν
3643 1345 3714 1397 ἐν
3743 1344 3848 1398 δυ·-

2265 1429 2457 1500 νάμει·
2489 1430 2582 1484 τοῦ
2629 1431 2687 1484 δὲ
2715 1433 2916 1484 Λουκᾶ·
2960 1432 3223 1500 Ἀληθῶς
3247 1434 3369 1486 είσί
3394 1451 3555 1500 τινες
3576 1435 3695 1488 τῶν
3729 1430 3847 1490 ὧδε

2268 1523 2560 1588 ἑστώτων,
2594 1525 2811 1591 οἵτινες
2843 1528 2916 1580 οὐ
2943 1528 3259 1594 γεύσωνται
3297 1527 3576 1592 θανάτου,
3625 1529 3736 1596 ἕως
3767 1529 3848 1584 ἂν

2269 1614 2439 1668 ἴδωσι
2479 1613 2587 1667 τόν
2635 1614 2774 1667 Υὶόν
2813 1615 2918 1667 τοῦ
2962 1615 3276 1683 ἀνθρώπου
3304 1618 3630 1686 ἐρχόμενον
3665 1620 3735 1671 ἐν
3767 1617 3848 1688 τῇ

2267 1703 2417 1772 δόξῃ
2445 1703 2665 1758 αὑτοῦ-
2687 1704 2897 1774 ’Ὠσπερ
2924 1703 3033 1775 γὰρ
3064 1705 3155 1756 ἐπὶ
3183 1704 3277 1757 τοῦ
3322 1705 3572 1775 σώματος
3600 1707 3844 1778 διάφοροι

591 1807 649 1853 et
673 1799 1000 1866 adipiscendi
1025 1798 1339 1866 qualitatem
1365 1810 1552 1852 eorum
1577 1794 1826 1850 ciborum
1856 1795 1948 1864 qui
1980 1796 2161 1850 animo

2268 1791 2552 1862 αἰσθήσεις
2599 1791 2723 1855 εἰσὶ,
2770 1792 2957 1860 γεῦσις
2990 1793 3084 1846 καὶ
3120 1792 3326 1864 ὅρασις,
3375 1794 3541 1858 οὕτως
3581 1796 3721 1849 κατὰ
3747 1795 3847 1860 τὰς

591 1890 984 1960 percipiuntur.
1015 1889 1080 1943 Et
1111 1889 1367 1958 quoniam
1405 1897 1672 1956 quatenus
1715 1886 1977 1942 Dominus
2005 1887 2162 1956 panis

487 1974 494 1981 ’
595 1989 674 2034 est
704 1982 858 2035 vivus
886 1980 974 2047 qui
999 1994 1030 2032 e
1053 1979 1196 2033 caelo
1221 1978 1507 2033 descendit
1526 1976 1717 2040 “,sub
1749 1985 1964 2047 gustum
1991 1977 2160 2042 cadit,

592 2072 842 2127 nutriens
860 2072 1098 2124 animam
1123 2086 1137 2135 ;
1161 2070 1360 2124 cadens
1384 2068 1550 2125 etiam
1568 2068 1668 2122 sub
1684 2068 1878 2131 visum,
1897 2077 2162 2137 quatenus

593 2163 862 2226 sapientia
894 2170 998 2225 est,
1018 2159 1170 2228 cujus
1187 2158 1610 2228 pulchritudinis
1641 2167 1940 2212 amatorem
1961 2173 2020 2212 se
2042 2173 2164 2214 esse

592 2252 795 2308 fatetur
828 2253 936 2315 ille,
971 2253 1058 2319 qui
1097 2251 1232 2305 dicit
1257 2251 1349 2306 ἰτ
1398 2251 1620 2303 Amator
1664 2250 1836 2319 factus
1875 2266 1990 2304 sum
2017 2248 2162 2302 illius

590 2341 1039 2412 pulchritudinis;
1074 2340 1232 2394 nobis
1261 2339 1426 2393 etiam
1471 2339 1598 2392 illud
1629 2338 1949 2407 praecipiens
1977 2354 1990 2388 :
2029 2338 2162 2392 Ama

591 2451 729 2497 eam,
753 2443 801 2487 et
848 2435 1071 2488 servabit
1121 2435 1267 2500 te";
1300 2433 1439 2488 hanc
1471 2431 1542 2484 ob
1569 2445 1785 2484 causam
1831 2429 1884 2482 in
1932 2428 2161 2483 Psalmis

590 2524 792 2576 dictum
816 2522 989 2576 est“:
1017 2521 1320 2597 Gustare,et
1340 2523 1523 2587 videte,
1541 2521 1679 2590 quod
1702 2520 1876 2573 suavis
1893 2529 1968 2574 est
1987 2520 2164 2573 Domi-

591 2627 710 2666 nus.
740 2611 808 2665 Et
834 2622 892 2664 ttt
919 2610 1178 2665 Dominus
1204 2613 1302 2666 sub
1324 2620 1560 2682 gustum,
1587 2618 1641 2663 et
1667 2609 1766 2663 sub
1787 2609 1959 2663 visum
1995 2610 2159 2676 cadit,

587 2701 668 2755 sic
693 2703 855 2755 etiam
886 2702 1198 2756 adversaria
1244 2701 1363 2771 ejus
1396 2715 1543 2755 mors
1580 2700 1686 2754 sub
1728 2711 1940 2770 gustum
1968 2708 2023 2753 et
2060 2700 2162 2754 sub

587 2793 763 2846 visum
794 2792 955 2846 cadit.
976 2791 1202 2847 Mortem
1234 2793 1336 2846 sub
1353 2799 1569 2867 gustum
1591 2790 1788 2844 cadere
1809 2789 1937 2843 illud
1962 2790 2118 2844 docet
2143 2806 2158 2844 :

592 2883 724 2938 Sunt
747 2884 962 2953 quidam
984 2885 1068 2936 hic
1088 2891 1306 2948 stantes,
1329 2883 1422 2953 qui
1442 2898 1546 2937 non
1561 2880 1842 2951 gustabunt
1858 2882 2159 2946 mortem",

590 2987 644 3030 et
669 2991 787 3045 qua:
813 2985 1147 3044 sequuntur;
1177 2975 1320 3046 quod
1352 2989 1481 3029 vero
1521 2976 1622 3029 sub
1650 2974 1824 3028 visum
1871 2973 2035 3028 etiam
2064 2988 2162 3028 ca-

2268 1884 2564 1954 λεγομένας
2591 1883 2695 1936 ὑπὸ
2710 1882 2802 1936 τοῦ
2833 1882 3174 1949 Σολομῶντος
3201 1883 3351 1948 Θείας
3376 1885 3676 1958 αἰσθήσεις,
3709 1886 3842 1960 άλλη

2273 1978 2370 2047 μέν
2395 1993 2480 2039 τις
2514 1976 2580 2029 ἂν
2607 1976 2690 2047 είη
2729 1976 2958 2047 ὁρατικὴ
2983 1973 3083 2045 τῆς
3103 1975 3280 2047 ψυχῆς
3313 1977 3540 2048 δύναμις
3578 1981 3673 2032 καὶ
3709 1979 3847 2034 Θεω-

2271 2070 2485 2140 ρητική’
2516 2067 2648 2139 άλλη
2689 2067 2745 2120 δὲ
2793 2070 2825 2138 ἡ
2872 2070 3131 2139 γευστικὴ
3183 2070 3276 2122 καὶ
3335 2070 3694 2142 ἀντιληπτικὴ
3740 2073 3846 2143 τῆς

2269 2154 2552 2223 ποιότητος
2585 2154 2693 2208 τῶν
2722 2155 2927 2225 νοητῶν
2962 2157 3196 2227 τροφῶν.
3247 2157 3358 2210 Καὶ
3393 2160 3514 2212 ἐπεὶ
3553 2161 3582 2212 6
3618 2160 3842 2231 Κύριος,

2268 2244 2388 2298 καθ’
2427 2243 2455 2296 δ
2482 2243 2580 2314 μὲν
2609 2244 2771 2314 ἄρτος
2811 2245 2928 2297 ἐστὶ
2951 2244 3060 2310 ζῶν
3091 2247 3156 2298 ὲκ
3185 2245 3280 2299 toﬁ
3313 2248 3542 2318 οὐρανοῦ
3578 2253 3843 2320 καταϐὰς,

2267 2333 2495 2402 γευστός
2527 2336 2663 2397 ἐστι,
2695 2334 2958 2406 τρόφιμος
2991 2333 3065 2389 ὢν
3086 2338 3152 2406 τῇ
3181 2337 3346 2408 ψυχῇ,
3381 2339 3502 2392 καθ’
3533 2340 3560 2392 ὃ
3599 2340 3656 2393 δὲ
3681 2344 3845 2410 σοφία

2269 2426 2437 2490 ἐστὶν,
2466 2426 2659 2495 ὁρατός
2685 2428 2852 2489 ἐστιν,
2871 2420 2938 2498 ἦς
2958 2427 3051 2481 τοῦ
3079 2429 3308 2492 κάλλους
3336 2430 3570 2502 ἐραστὴς
3589 2432 3842 2502 ὁμολογεῖ

2267 2511 2408 2570 εἶναι
2460 2519 2488 2570 6
2526 2515 2716 2585 λέγων·
2749 2517 3038 2587 Ἐραστὴς
3089 2520 3381 2590 ἐγενόμην
3423 2522 3530 2576 τοῦ
3577 2522 3844 2591 κάλλους

2267 2606 2476 2676 αὐτῆς·
2510 2609 2605 2661 καὶ
2633 2611 2960 2681 προστάσσει
3005 2613 3138 2682 ἡμῖν
3169 2613 3248 2664 τόο
3291 2611 3600 2681 Ἑράσθητι
3628 2614 3839 2683 αὐτῆς,

2268 2699 2367 2753 καὶ
2405 2699 2655 2768 τηρήσει
2685 2717 2778 2755 σε·
2820 2701 2911 2755 διὰ
2941 2702 3096 2756 τοῦτο
3126 2704 3184 2756 ὲν
3224 2703 3474 2774 Ψαλμοῖς
3509 2706 3720 2777 εἴρηται
3758 2707 3842 2760 τόο

2273 2792 2612 2856 Γεύσασθε,
2679 2792 2776 2845 καί
2836 2792 3012 2859 τδετε,
3069 2793 3158 2848 ὅτι
3211 2796 3481 2864 χρηστός
3526 2799 3560 2850 ὀ
3604 2799 3839 2866 Κύριος.

2272 2883 2482 2954 Ὠσπερ
2504 2883 2560 2936 δὲ
2583 2885 2612 2936 6
2644 2882 2848 2956 Κύριος
2883 2886 3106 2953 γευστὺς
3140 2887 3235 2940 καὶ
3254 2886 3467 2959 ὁρατὸς,
3503 2887 3674 2952 οὕτως
3694 2891 3784 2942 καὶ
3811 2891 3841 2943 6

2269 2974 2460 3045 ἐχθρὸς
2499 2972 2663 3028 αὐτοῦ
2696 2974 2922 3038 Θάνατος
2949 2976 3174 3043 γευστός
3200 2978 3316 3029 ἐστι
3350 2978 3444 3030 καὶ
3469 2977 3684 3048 ὁρατός.
3730 2977 3842 3032 Καὶ

587 3070 704 3133 dat,
728 3067 853 3121 illttd
879 3085 892 3120 :
917 3066 978 3121 Si
1001 3067 1118 3137 quis
1132 3082 1420 3120 sermonem
1441 3081 1612 3119 meum
1634 3065 2161 3128 seruaverit,mortem

2267 3067 2328 3120 τὺ
2358 3067 2452 3137 μὲν
2485 3067 2710 3135 γευστὸν
2735 3067 2898 3120 αὐτοῦ
2946 3068 3240 3139 παρίστησι
3267 3069 3346 3121 τό·
3373 3069 3511 3123 Εἰσί
3541 3087 3699 3136 τινες
3723 3069 3843 3124 τῶι·

586 3175 693 3212 non
716 3159 910 3212 videbit
938 3159 996 3212 in
1042 3157 1402 3214 attentum“:
1434 3156 1661 3226 proinde
1704 3164 1885 3226 gustat
1909 3166 2160 3222 mortem,

2263 3151 2377 3210 ὧδε
2409 3157 2700 3221 ἑστώτων,
2733 3157 2950 3223 οἵτινες
2985 3161 3058 3212 οὐ
3078 3158 3165 3228 μὴ
3191 3161 3519 3228 γεύσωνται
3557 3159 3836 3227 θανάτου,

587 3264 689 3305 nec
719 3249 893 3304 solum
925 3259 1126 3319 gustat,
1162 3263 1352 3302 verum
1389 3249 1555 3301 etiam
1589 3257 1786 3312 morte,
1821 3247 1982 3302 veluti
2014 3247 2158 3312 cibo,

585 3339 836 3408 expletur
877 3339 968 3408 qui
1011 3339 1283 3393 contraria
1326 3338 1508 3393 verbis
1537 3339 1662 3392 vita:
1686 3347 1902 3392 aeternae
1933 3339 2162 3406 profert.

587 3425 884 3484 Promissio
907 3429 1071 3483 etiam
1122 3439 1208 3483 est
1240 3427 1512 3482 neminem
1558 3434 1791 3481 stantem
1825 3426 1883 3481 in
1919 3427 2037 3483 loco
2068 3428 2162 3497 qui

584 3531 768 3578 mente
813 3523 1079 3584 cernitur,
1112 3534 1270 3590 quem
1319 3520 1660 3575 demonstrat
1696 3518 1886 3586 .Iesus,
1913 3531 2163 3589 gustatu-

587 3627 709 3666 rum
761 3622 1012 3669 mortem.
1047 3612 1287 3667 Observa
1338 3614 1485 3668 enim
1531 3622 1644 3668 tres
1679 3612 2049 3680 evattgclistas
2077 3612 2163 3666 di-

586 3705 734 3759 xisse
780 3702 987 3772 pariter
1021 3724 1032 3756 :
1061 3701 1196 3756 Sunt
1244 3700 1460 3770 quidam
1487 3700 1574 3754 hic
1610 3699 1923 3768 stantes,vel
1957 3715 1974 3752 :
2023 3698 2159 3754 Sunt

585 3797 801 3866 quidam
821 3795 914 3866 qui
939 3794 1024 3847 hic
1049 3802 1306 3848 steterunt
1336 3805 1357 3844 :
1391 3792 1459 3847 de
1497 3792 1696 3862 quibus
1729 3793 1895 3846 etiam
1921 3792 2160 3860 scripse-

587 3895 714 3940 runt
737 3885 881 3952 quod
907 3883 1176 3955 gustaturi
1211 3897 1316 3938 non
1344 3893 1532 3938 essent
1558 3893 1814 3948 mortem,
1855 3883 2030 3938 donec
2074 3883 2158 3937 vi-

587 3978 796 4032 dissent
825 3976 1020 4032 Filium
1053 3975 1294 4030 hominis
1324 3975 1633 4030 venientem
1654 3975 1708 4029 iu
1735 3990 1904 4044 regno
1929 3991 2049 4040 suo,
2071 3974 2154 4030 vel

587 4069 644 4124 itt
681 4069 853 4137 gloria
879 4083 998 4132 sua,
1023 4067 1104 4123 vel
1131 4068 1304 4122 donec
1329 4066 1594 4123 vidissent
1626 4081 1850 4136 regnum
1874 4067 1968 4122 Dei
1996 4071 2160 4123 adve-

587 4161 737 4214 nisse
775 4174 898 4214 cum
930 4158 1192 4227 potentia.
1223 4157 1290 4212 Et
1319 4158 1578 4228 quoniam
1619 4157 1776 4227 quasi
1815 4157 1934 4212 ﬁeri
1966 4158 2155 4227 possit,

585 4249 762 4320 utqui
809 4256 918 4303 stat
950 4249 1133 4314 cadat,
1162 4249 1365 4303 dictum
1397 4257 1483 4304 est
1515 4266 1528 4303 :
1561 4248 1664 4311 Qui
1694 4258 1837 4303 stare
1873 4264 1930 4303 se
1970 4249 2156 4305 existi-

581 4351 717 4400 suat.
735 4340 910 4394 videat
935 4354 997 4393 ne
1022 4339 1180 4393 cadat
1197 4341 1266 4394 ι’,
1285 4336 1436 4395 Hanc
1458 4338 1528 4394 ob
1550 4353 1774 4394 causam
1797 4340 2027 4395 observa
2049 4355 2156 4394 non

581 4427 656 4483 de
676 4427 927 4484 omnibus
973 4429 1264 4495 stantibus,
1298 4429 1393 4484 sed
1438 4428 1506 4484 de
1533 4429 1860 4498 quibusdam
1889 4430 2150 4499 scriptum

583 4517 795 4576 fuisse:
823 4519 990 4576 Amen
1020 4521 1137 4575 dico
1183 4519 1365 4575 vobis:
1394 4519 1529 4574 Sunt
1558 4521 1774 4591 quidam
1805 4520 1894 4575 [tio
1932 4532 2150 4576 stantes.

581 4613 761 4682 Atque
788 4622 942 4669 stans
971 4613 1191 4683 quidem
1223 4613 1422 4682 aliquis
1448 4627 1554 4667 non
1584 4622 1769 4682 gustat
1792 4624 2045 4680 mortem,
2075 4615 2169 4680 ni-,

581 4705 781 4761 mirum
809 4720 1034 4762 servans
1065 4705 1196 4761 illud
1228 4715 1407 4773 stare;
1458 4704 1619 4776 367
1653 4705 1748 4775 qui
1785 4719 1914 4759 vero
1945 4719 2157 4760 sermo-

581 4812 706 4852 nem
723 4798 1108 4867 perceperit,et
1126 4805 1572 4861 servat,mortem
1594 4811 1698 4852 non
1721 4796 2160 4864 videbit.Quam-

581 4891 771 4944 obrem
811 4891 858 4944 si
899 4887 1206 4944 diﬁerentia
1243 4890 1492 4958 quaedam
1530 4897 1615 4945 est
1641 4889 1898 4958 gustandi
1923 4896 2151 4942 mortem

579 4990 634 5034 et
671 4979 884 5035 videndi
927 4990 1178 5047 mortem,
1228 4979 1398 5036 Judaei
1434 4981 1602 5037 veluti
1649 4983 1927 5037 auditores
1956 4997 2152 5051 parum

583 5069 970 5139 intelligentes,
1002 5071 1501 5140 contundentesque
1546 5071 1760 5128 Domini
1813 5086 2150 5137 sermonem,

580 5180 681 5236 pro
700 5178 766 5220 eo
796 5163 940 5233 quod
962 5171 1046 5219 est
1071 5162 1226 5221 :Non
1243 5164 1428 5218 videbit
1449 5173 1687 5231 mortem,
1720 5163 1970 5218 dixerunt
1992 5181 2008 5223 :
2027 5162 2152 5218 Non

583 5257 816 5327 gustabit
850 5265 1092 5319 mortem,
1121 5255 1287 5310 verbo
1312 5255 1514 5324 delapsi
1555 5255 1608 5310 in
1644 5269 1867 5310 sensum
1913 5256 2156 5311 deterio-

583 5362 721 5401 rem.
753 5344 974 5413 Quteres
995 5345 1158 5400 etiam
1185 5346 1426 5415 nunquid
1447 5345 1902 5414 quemadmodum
1919 5345 2154 5402 dicimus

580 5438 768 5494 videre
797 5448 1049 5503 mortem,
1069 5446 1125 5493 et
1149 5446 1370 5509 gustare
1401 5448 1653 5503 mortem,
1687 5438 1761 5492 ita
1789 5438 1957 5493 etiam
1991 5439 2064 5494 sit
2093 5438 2148 5494 in

582 5529 793 5582 caeteris
839 5528 1109 5597 sensibus,
1139 5526 1223 5582 vel
1274 5528 1465 5586 audire
1511 5536 1762 5596 mortem,
1810 5527 1895 5582 vel
1919 5528 2149 5583 odorare

688 5653 733 5685 “
757 5651 951 5710 Matth.
979 5672 1093 5719 xw,
1117 5655 1210 5712 ‘28.
1291 5657 1334 5688 "
1361 5657 1527 5714 Marc.
1556 5675 1633 5721 ιχ,
1680 5661 1697 5714 l
1725 5676 1740 5725 ;
1799 5661 1868 5715 al.
1895 5677 2015 5725 vttt,
2045 5662 2137 5719 '59.

583 5723 627 5754 “
649 5722 778 5792 Sap.
809 5739 929 5791 vttt,
959 5727 1015 5782 Et.
1088 5729 1129 5760 ⁸³
1159 5727 1319 5784 Prov.
1348 5743 1423 5798 tv,
1477 5732 1530 5784 6.

2262 3249 2357 3302 ml.
2389 3248 2456 3301 τὰ
2480 3248 2626 3318 ἑξῆς·
2659 3248 2720 3302 τὸ
2743 3249 2800 3302 δὲ
2827 3249 3038 3321 ὁρατὸν,
3059 3250 3138 3302 τό·
3157 3250 3294 3303 Ἐάν
3313 3268 3404 3317 τις
3436 3251 3542 3305 τὸν
3566 3251 3710 3321 ἐμὸν
3729 3254 3836 3306 λό-

2261 3359 2371 3412 τον
2413 3342 2671 3409 τηρήσῃ,
2730 3341 2988 3396 θάνατον
3047 3343 3119 3396 οὐ
3169 3343 3254 3410 μὴ
3298 3343 3568 3411 θεωρήσῃ
3607 3346 3693 3410 εὶς
3732 3343 3840 3398 τὸν

2260 3435 2464 3490 αἰῶνα.
2507 3434 2730 3488 Γεύεται
2760 3435 2816 3489 δὲ
2869 3435 3134 3498 Θανάτου,
3165 3437 3260 3490 καὶ
3295 3437 3355 3490 οὐ
3388 3437 3607 3505 γεύεται
3656 3437 3836 3508 μόνον,

2261 3524 2398 3577 ἀλλὰ
2445 3526 2540 3578 καὶ
2580 3526 2902 3597 ἐμφορεῖται
2934 3525 3010 3588 ώς
3039 3527 3244 3598 τροφῆς
3276 3527 3370 3580 toﬁ
3398 3527 3626 3582 Θανάτου
3655 3529 3684 3580 6
3705 3545 3839 3600 προ-

2261 3617 2556 3689 φερόμενος
2575 3617 2641 3671 τὰ
2666 3617 2883 3672 ἐναντία
2911 3620 3025 3681 τοῖς
3059 3620 3263 3689 ῥήμασι
3295 3618 3396 3688 τῆς
3421 3621 3641 3674 αἰωνίου
3668 3619 3834 3690 ζωῆς.

2260 3709 2692 3777 Καὶ-ἐπαγγελία
2716 3709 2832 3761 ἐστὶ
2861 3707 2935 3779 μὴ
2969 3708 3265 3778 γεύσασθαι
3295 3709 3523 3764 Θανάτου
3572 3711 3694 3766 τινὰ
3729 3713 3836 3766 τῶν

2261 3798 2508 3854 ἑστώτων
2538 3800 2596 3852 ἐν
2617 3798 2694 3870 τῷ
2715 3798 3053 3870 δεικνυμένῳ
3091 3798 3195 3852 ὑπὸ
3228 3800 3320 3854 toﬁ
3350 3799 3527 3872 Ἰησοῦ
3555 3801 3727 3872 νοητῷ
3749 3801 3838 3854 τό-

2259 3907 2367 3963 πῳ’
2403 3892 2707 3963 παρατήρει
2732 3892 2860 3963 γὰρ,
2882 3891 2962 3945 ὅτι
2998 3893 3047 3944 οἱ
3077 3894 3225 3962 τρεῖς
3253 3891 3334 3945 τό·
3364 3893 3502 3947 Είσί
3534 3910 3692 3958 τινες
3718 3891 3838 3950 τῶν

2257 3979 2374 4038 ὦδε
2418 3984 2709 4048 ἑστώτων,
2734 3983 2792 4055 ἢ,
2824 3983 2964 4038 Εἰσί
2985 4001 3144 4049 τινες
3171 3981 3288 4037 τῶν
3313 3983 3655 4052 ἑστηκότων
3695 3977 3832 4046 ὦδε,

2258 4076 2374 4146 ἅμα
2403 4077 2675 4148 είρήκασι⁸
2724 4075 2852 4148 περὶ
2891 4067 2965 4130 ὧν
2996 4077 3088 4129 καὶ
3118 4075 3451 4147 ἀνέγραψαν,
3486 4076 3568 4128 ὄτι
3615 4074 3675 4126 οὐ
3707 4072 3834 4141 γεύ-

2259 4183 2442 4222 σονται
2465 4167 2716 4231 Θανάτου,
2751 4167 2855 4230 ἕως
2875 4166 2942 4222 ἂν
2977 4166 3125 4221 ῖδωσι
3155 4166 3244 4220 τὸν
3276 4166 3403 4221 Υίδν
3425 4165 3519 4219 toﬁ
3546 4162 3830 4236 ἀνθρώπου

2257 4259 2546 4330 ἐρχόμενον
2589 4260 2647 4310 ὲν
2675 4260 2742 4329 τῇ
2791 4257 3036 4328 βασιλείᾳ
3059 4254 3246 4318 αὐτοῦ,
3282 4255 3337 4326 ἢ,
3373 4257 3430 4309 ὲν
3475 4259 3540 4327 τῇ
3573 4255 3698 4328 δόξῃ
3732 4255 3831 4308 αὑ-

2255 4350 2372 4413 toﬁ,
2416 4350 2474 4421 ἣ,
2509 4349 2613 4412 ἕως
2659 4348 2724 4402 ἂν
2767 4348 2912 4401 ἴδωσι
2939 4348 3038 4419 τὴν
3063 4347 3338 4418 βασιλείαν
3369 4345 3463 4400 toﬁ
3483 4345 3616 4399 Θεοῦ
3644 4345 3834 4417 ἐληλυ-

2259 4441 2412 4495 Θυῖαν
2441 4443 2497 4495 ὲν
2524 4442 2768 4512 δυνάμει.
2801 4442 2912 4495 Καὶ
2941 4440 3081 4505 ἐπεὶ,
3115 4439 3189 4502 ὡς
3203 4437 3427 4493 δυνατοῦ
3447 4438 3596 4503 ὄντος
3621 4438 3714 4492 toﬁ
3740 4439 3832 4493 τὸν

2255 4533 2522 4604 ἑστηκότα
2565 4534 2772 4596 πεσεῖν,
2808 4533 3040 4602 εἴρηται·
3083 4531 3137 4582 Ὁ
3165 4528 3360 4583 δοκῶν
3385 4529 3650 4594 ἑστάναι,
3678 4533 3832 4596 ,βλε-

2255 4625 2410 4678 πέτω
2430 4623 2516 4693 μὴ
2547 4623 2729 4691 πέσῃ·
2762 4621 2852 4675 διὰ
2877 4621 3032 4675 τοῦτο
3058 4622 3118 4674 οὐ
3143 4621 3272 4692 περὶ
3300 4622 3513 4676 πάντων
3538 4623 3647 4677 τῶν
3672 4625 3831 4694 ἐστηο

2255 4716 2448 4778 κότων,
2478 4714 2613 4768 ἀλλὰ
2641 4713 2945 4784 περίτινων
2970 4713 3381 4782 ἀναγέγραπται
3411 4713 3493 4766 τό·
3524 4713 3704 4782 Ἀμὴν
3730 4715 3833 4769 λέ-

2255 4825 2337 4878 τω
2363 4805 2524 4876 ὑμῖν,
2554 4803 2674 4858 εὶσί
2699 4820 2858 4868 τινες
2885 4801 3002 4856 τῶν
3015 4797 3131 4855 ὦδε
3167 4803 3463 4858 ἑστώτων.
3499 4803 3702 4870 Ἑστὼς
3733 4806 3830 4876 μὲν

2255 4894 2349 4951 οὖν
2373 4913 2456 4960 τις
2474 4897 2535 4948 οὐ
2561 4894 2781 4964 γεύεται
2801 4893 3052 4959 θανάτου,
3085 4894 3265 4966 τηρῶν
3304 4895 3364 4948 τὸ
3402 4897 3708 4967 ὲστηκέναι·
3741 4898 3831 4953 τὸν

2256 4989 2315 5042 δὲ
2335 4989 2490 5056 λόγον
2511 4986 2859 5058 παραλαϐὼν,
2876 4987 2970 5040 καὶ
2986 5003 3051 5057 τη
3060 4986 3186 5057 ρῶν,
3210 4985 3436 5040 Θάνατον
3455 4987 3515 5040 οὐ
3539 4988 3827 5059 Θεωρήσει.

2258 5080 2432 5151 Εἴπερ
2476 5075 2568 5132 οὖν
2610 5078 2844 5149 διαφορά
2873 5084 2953 5141 τίς
2983 5079 3099 5131 ὲστι
3129 5077 3222 5131 toﬁ
3253 5078 3550 5146 γεύσασθαι
3575 5079 3829 5148 Θανάτου,

2257 5171 2461 5226 καὶτοῦ
2481 5170 2702 5242 Θεωρεῖν
2733 5170 2823 5222 τὸν
2850 5169 3097 5231 Θάνατον,
3121 5168 3197 5232 ὡς
3234 5171 3294 5222 οὐ
3322 5171 3533 5224 συνετοὶ
3563 5171 3830 5242 ἀκροαταὶ

2257 5263 2304 5314 οἱ
2333 5261 2576 5314 Ἰουδαῖοι
2623 5259 2938 5329 συγχέοντες
2977 5259 3070 5310 τὸν
3110 5258 3203 5311 toﬁ
3238 5258 3445 5330 Κυρίου
3491 5257 3668 5326 λόγον,
3706 5258 3830 5314 ἀντὶ

2251 5350 2366 5402 toﬁ'
2398 5349 2665 5404 Θάνατον
2691 5352 2762 5403 οὐ
2787 5349 3092 5416 θεωρήσει,
3127 5349 3428 5420 εἰρήκασιψ
3469 5349 3550 5400 Οὐ
3574 5347 3660 5416 μὴ
3697 5349 3822 5418 τεύ-

2252 5457 2432 5509 σητιιι
2463 5440 2740 5504 θανάτου,
2787 5441 2881 5494 ἐπὶ
2910 5439 3008 5511 τὴν
3037 5439 3427 5510 ὑποδεεστέραν
3459 5439 3708 5510 αἴσθησιν
3733 5457 3829 5495 κα-

2253 5531 2580 5596 ταπεσόντες
2606 5531 2684 5603 τῷ
2708 5531 2869 5602 λόγῳ.
2896 5531 3157 5604 Ζητήσεις
3173 5530 3229 5584 δὲ
3261 5533 3331 5597 εἰ,
3354 5530 3541 5604 ὥσπερ
3554 5531 3669 5586 ἔστι
3691 5531 3826 5587 Θεω-

2283 5665 2402 5699 so.st
2433 5665 2564 5721 Luc.
2593 5679 2669 5728 ιχ,
2723 5663 2814 5719 27,
2889 5665 2937 5698 ³⁸
2966 5665 3093 5734 Sap.
3127 5681 3224 5728 vu,
3252 5664 3305 5722 7.
3381 5665 3425 5696 "
3451 5663 3606 5720 .loan.
3631 5681 3704 5731 Vt,
3729 5667 3822 5722 51.

1603 5730 1652 5762 ³⁸
1673 5730 1815 5788 l’sal.
1841 5748 2030 5798 sunt,
2058 5734 2114 5792 9.

2263 5735 2450 5792 Matth.
2479 5749 2588 5805 1m,
2615 5736 2704 5792 28.
2777 5735 2824 5768 ³³
2846 5734 3007 5792 Joan.
3040 5730 3157 5801 vttt,
3209 5735 3300 5791 52.
3373 5734 3458 5789 ⁸⁸1
3486 5736 3611 5792 Car.
3646 5730 3701 5804 ι,
3731 5737 3821 5793 12.
