4196 6398
413 318 518 373 677
1464 318 1823 376 COMMENT.
1864 315 1931 371 IN
1963 311 2157 370 JOAN.
2193 317 2432 376 TOMUS
2469 319 2587 376 XX.

3557 329 3663 385 678

415 436 528 507 ρεῐν
559 432 807 498 θάνατον,
843 435 937 489 καὶ
962 433 1217 505 γεύεσθαι
1246 434 1498 499 θανάτου,
1522 435 1696 498 οὕτως
1732 435 1824 488 καὶ
1853 436 1988 489 κατά

2098 444 2350 498 mortem,
2384 434 2469 490 vel
2497 443 2720 506 tangere
2757 445 2985 491 mortem
3018 459 3030 494 :
3063 447 3118 492 et
3150 437 3196 493 si
3227 453 3416 495 manus
3441 451 3661 510 aposto-

409 527 480 582 τά
530 525 694 580 λοιπά
732 526 1079 598 αίσθητήρια,
1129 527 1247 595 ἦτοι
1297 525 1514 580 ἀκούειν
1543 526 1794 592 θανάτου,
1837 527 1871 596 ἦ
1899 526 1988 578 ὀσ-

2099 525 2273 580 lorum
2326 533 2802 581 contrectaverunt
2851 526 2919 582 de
2968 527 3136 582 verbo
3181 529 3388 594 vitae”,
3417 531 3661 600 nunquid

413 617 738 687 φραίνεσθαι
771 616 1022 681 θανάτου,
1057 617 1090 688 ἢ
1122 617 1385 672 ἅπτεσθαι
1416 617 1667 671 θανάτου·
1716 619 1764 669 εί
1796 617 1905 688 γάρ
1936 617 1988 670 ai

2095 630 2288 672 manus
2328 617 2908 688 pseudoapostolorum
2954 627 3010 674 et
3039 621 3412 688 operariorum
3445 623 3662 678 doloso-

411 710 595 778 χεῖρες
639 707 750 761 τῶν
784 707 1094 762 ἀποστόλων
1124 707 1476 778 ἐψηλάφησαν
1525 708 1652 778 περὶ
1694 705 1788 760 τοῦ
1833 707 1988 776 λόγου

2095 719 2235 770 rum,
2260 706 2349 773 qui
2378 706 2834 776 transﬂgurantur
2856 708 2911 762 in
2940 708 3162 778 angelos
3185 709 3414 777 justitia:
3434 711 3504 775 ³¹,
3535 727 3662 766 con-

410 799 513 866 τῆς
543 799 710 868 ζωῆς,
763 801 895 870 μήτι
926 799 982 852 αἱ
1011 802 1195 870 χεῖρες
1243 801 1350 854 τῶν
1394 799 1842 869 ψευδαποστόλων
1897 799 1988 853 καὶ

2096 796 2454 848 trectaverint
2483 795 2550 849 de
2579 794 2748 849 verbo
2769 796 2961 850 mortis
2987 815 3000 850 :
3029 805 3083 852 et
3110 798 3155 852 si
3185 814 3313 854 oves
3331 799 3534 855 Christi
3565 817 3662 855 au-

415 888 661 958 ἐργατῶν
689 889 898 953 δολίων,
933 890 1554 961 μετασχηματιζομένων
1601 893 1680 954 είς
1729 889 1988 958 ἀγγέλους

2092 881 2245 936 diuut
2279 897 2466 937 vocem
2511 883 2626 952 ejus
2653 885 2721 950 ³⁸,
2749 887 2992 956 nunquid
3038 889 3202 942 etiam
3240 905 3361 958 qua:
3399 907 3506 946 non
3538 901 3662 947 sunt

413 979 778 1050 δικαιοσύνης,
819 980 1109 1051 ψηλαφῶσι
1151 985 1277 1053 περὶ
1304 982 1395 1035 τοῦ
1425 983 1583 1049 λόγου
1613 981 1705 1035 τοῦ
1739 982 1986 1034 θανάτου·

415 1071 510 1124 καὶ
535 1073 584 1123 εἰ
602 1071 672 1123 τὰ
698 1071 943 1141 πρόϐατα
975 1074 1209 1142 Χριστοῦ
1239 1072 1426 1126 ἀκούει
1457 1073 1557 1143 τῆς
1586 1073 1769 1142 φωνῆς
1803 1073 1988 1139 αὐτοῦ,

418 1164 626 1234 μήποτε
678 1163 748 1216 τά
782 1163 856 1234 μὴ
904 1163 1068 1216 αὐτοῦ
1103 1164 1348 1233 πρόϐατα
1403 1165 1536 1235 πρὸς
1585 1163 1678 1226 οὒς
1724 1163 1869 1232 λέγοι
1902 1163 1986 1215 ἄν·

427 1253 610 1321 Ὑμεῖς
631 1250 742 1306 οῦκ
757 1254 899 1307 ἐστε
917 1254 985 1308 ἐκ
1007 1255 1126 1307 τῶν
1143 1255 1450 1322 προϐάτων
1466 1254 1584 1308 τῶν
1607 1254 1783 1324 ἐμῶν,
1803 1252 1988 1308 ἀκούει

413 1343 515 1412 τῆς
559 1344 740 1413 φωνῆς
781 1343 874 1396 τοῦ
921 1343 1170 1398 Θανάτου.
1211 1345 1350 1415 Ὅρα
1387 1346 1434 1397 εί
1468 1345 1541 1414 μὴ
1583 1343 1725 1414 ὀσμὴ
1759 1342 1988 1396 θανάτου

307 1504 313 1509 ⁸
413 1436 562 1488 ἐστὶν
611 1437 669 1487 ἐν
701 1437 811 1498 τοῖς
860 1435 968 1488 ἀπὸ
1013 1436 1110 1506 τῆς
1145 1436 1418 1507 ἁμαρτίας
1466 1436 1710 1506 μώλωψι,
1757 1438 1886 1510 περὶ
1915 1428 1988 1490 ὧν

413 1524 648 1594 εἴρηται·
696 1522 1109 1590 Προσώζεσιιν,
1134 1524 1230 1576 καὶ
1264 1523 1588 1591 ἐσὰπησαν
1618 1527 1671 1578 οἱ
1701 1523 1988 1592 μώλωπές

407 1631 546 1683 μου·
581 1614 672 1667 καὶ
701 1615 844 1685 ὀσμὴ
873 1614 1104 1668 θανάτου
1125 1616 1182 1667 ἐν
1213 1613 1290 1685 τῷ
1317 1615 1568 1687 Λαζάρῳ,
1597 1617 1725 1686 πρὶν
1747 1615 1986 1684 ἀναστῆ-

412 1725 500 1761 ναι
537 1709 602 1761 ex
639 1707 867 1778 νεκρῶν·
911 1703 978 1778 ἧς
1033 1707 1107 1778 μὴ
1155 1706 1462 1776 βουλόμενοι
1506 1705 1896 1776 ὀσφραίνεσθαι
1935 1706 1985 1758 οἱ

2091 972 2210 1040 ejus
2231 987 2380 1036 oves,
2416 974 2483 1028 ad
2511 989 2651 1043 quos
2679 975 2882 1030 dicitur
2907 994 2922 1030 :
2962 974 3063 1031 Vos
3093 993 3199 1032 non
3224 982 3348 1033 estis
3388 997 3452 1035 ex
3480 984 3662 1037 ovibus

2091 1064 2220 1117 meis
2240 1064 2306 1126 ³³,
2328 1063 2553 1119 audiant
2573 1081 2758 1121 vocem
2785 1067 2996 1122 mortis.
3021 1066 3255 1125 Proinde
3277 1071 3397 1124 vide
3423 1087 3490 1127 ne
3516 1071 3661 1128 forte

2087 1156 2251 1209 etiam
2268 1157 2339 1209 sit
2359 1157 2492 1210 odor
2511 1159 2699 1212 mortis
2723 1159 2775 1212 in
2799 1159 2886 1214 his
2910 1160 3325 1230 vibicibus,qu:e
3349 1178 3414 1217 ex
3439 1176 3663 1233 peccato

2089 1248 2432 1313 proveniunt,
2459 1248 2524 1301 de
2543 1249 2739 1316 quibus
2763 1250 2970 1305 dictum
2999 1261 3082 1306 est
3113 1267 3127 1305 :
3163 1251 3452 1308 Fezuerunt
3475 1265 3522 1308 et
3547 1271 3662 1308 cor-

2087 1347 2255 1404 rupta
2280 1347 2399 1390 sunt
2428 1338 2615 1392 vibices
2641 1355 2768 1392 mete
2787 1340 2834 1372 ”
2858 1357 2876 1406 ;
2901 1351 2955 1396 et
2978 1343 3112 1398 odor
3137 1347 3326 1398 mortis
3350 1345 3400 1398 in
3427 1344 3659 1406 Lazaro.

2088 1436 2380 1495 antequam
2439 1443 2472 1482 a
2527 1432 2754 1486 mortuis
2803 1444 3148 1502 resurgeret;
3205 1450 3363 1504 quem
3419 1436 3661 1492 nolentes

2087 1516 2322 1571 odorare
2347 1519 2578 1586 apostoli
2615 1518 2870 1575 dicebant
2905 1521 3182 1579 Servatori
3214 1542 3227 1579 :
3269 1525 3516 1590 Domine,
3542 1525 3661 1596 jam

2085 1606 2235 1675 fetet;
2252 1609 2638 1676 quatriduanus
2664 1613 2800 1666 enim
2825 1623 2900 1668 est
2923 1615 2988 1668 ³⁸.
3007 1615 3075 1669 At
3103 1631 3233 1672 vero
3251 1617 3395 1686 quod
3421 1619 3485 1672 ad
3510 1634 3661 1675 mor-

2089 1697 2156 1752 tis
2183 1699 2400 1753 odorem
2442 1700 2657 1766 attinet,
2691 1702 2782 1770 qui
2823 1713 3007 1759 mente
3047 1707 3312 1772 cernitur,
3348 1717 3406 1762 et
3432 1707 3500 1762 ad
3529 1709 3664 1764 odo-

411 1796 697 1852 ἀπόστολοι
731 1796 915 1865 ἔλεγον
964 1795 1076 1868 (5‘2)
1122 1795 1200 1865 τῷ
1247 1795 1459 1866 Σωτῆρι
1502 1795 1583 1848 τό·
1631 1797 1827 1864 Κύριε,
1869 1793 1984 1862 ἤδη

2092 1803 2205 1842 rem
2231 1787 2372 1853 vitae,
2387 1789 2742 1858 apostolicum
2769 1791 2898 1846 illud
2921 1793 3268 1850 observemus
3290 1811 3512 1852 necesse
3530 1807 3612 1854 est
3639 1815 3656 1854 :

417 1885 551 1947 ὄζει·
596 1886 938 1954 τεταρταῖος
985 1884 1096 1954 γάρ
1148 1884 1336 1938 ἐστιν.
1384 1886 1479 1948 El;
1518 1885 1575 1939 δέ
1617 1886 1676 1938 τὸ
1728 1885 1856 1957 περὶ
1893 1885 1990 1956 τῆς

412 1978 610 2048 νοητῆς
656 1979 833 2049 ὀσμῆς
877 1978 1195 2051 θανάτου,ἢ
1242 1979 1417 2049 ὀσμῆς
1463 1975 1609 2046 ζωῆς
1655 1980 1991 2048 παρατηρεῖν

412 2070 597 2140 δεήσει
627 2069 688 2121 τὺ
709 2069 1063 2122 ἀποστολικὺν
1096 2069 1268 2133 οὕτως
1309 2069 1450 2139 ἕχον·
1488 2067 1746 2136 Χριστοῦ
1773 2068 1992 2122 εὐωδία

408 2158 598 2228 ἐσμὲν
621 2157 700 2224 τῷ
730 2157 852 2224 Θεῷ
885 2159 954 2212 ἐν
973 2159 1151 2212 παντὶ
1168 2162 1347 2226 τόπῳ,
1387 2159 1458 2211 ἐν
1473 2157 1594 2223 τοῖς
1610 2156 1988 2225 σωζομένοις,

411 2252 511 2304 καὶ
530 2250 600 2304 ἐν
625 2250 750 2317 τοῖς
763 2250 1226 2320 ἀπολλυμένοις,
1243 2247 1333 2317 οἷς
1341 2250 1459 2319 μὲν
1471 2251 1631 2318 ὀσμὴ
1648 2251 1716 2303 ἐκ
1729 2249 1988 2303 θανάτου

409 2343 498 2406 εὶς
518 2341 790 2406 θάνατον,
821 2337 912 2408 οἷς
938 2341 1006 2395 δὲ
1033 2341 1190 2411 ὀσμὴ
1215 2342 1284 2394 ἐκ
1310 2340 1458 2408 ζωῆς
1486 2343 1574 2406 εἰς
1601 2339 1770 2406 ζωήν·
1793 2341 1991 2395 εὐωδία

415 2431 636 2501 μὲνγὰρ
674 2430 909 2500 Χριστοῦ
935 2433 1062 2494 είσι,
1095 2431 1187 2483 καὶ
1215 2429 1465 2500 οὐδαμῶς
1489 2428 1737 2492 δυσωδία,
1774 2431 1832 2482 ἐν
1858 2447 1991 2483 παν-

409 2523 466 2574 τὶ
491 2521 642 2592 τόπῳ
668 2522 718 2574 οἱ
746 2522 804 2573 ἐν
834 2520 1053 2594 Χριστῷ
1083 2521 1376 2591 ἅνθρωποι.
1421 2519 1557 2572 Ἀλλ’
1589 2521 1710 2573 ἐπεὶ
1741 2519 1930 2590 ῶσπερ
1952 2523 1985 2591 ή

413 2613 700 2683 σωματικὴ
743 2612 940 2665 εὐωδία
975 2609 1096 2664 τινά
1139 2610 1247 2664 τῶν
1277 2609 1429 2674 ζώων
1461 2609 1676 2677 λέγεται
1722 2611 1986 2680 ἀναιρεῖν,

414 2701 586 2766 οὕτως
613 2703 702 2756 διὰ
737 2702 834 2775 τὴν
870 2701 1271 2774 προγενομένην
1319 2701 1519 2755 κακίαν
1553 2702 1648 2755 καὶ
1677 2703 1710 2772 ἡ
1747 2701 1987 2773 Χριστοῦ

409 2794 608 2848 εὐωδία
654 2793 861 2862 γένοιτο
907 2791 971 2846 ἄν
1000 2809 1109 2844 τισι
1141 2795 1252 2854 τοῖς
1289 2791 1353 2843 ἐκ
1379 2789 1608 2845 θανάτου
1648 2793 1726 2854 είς
1760 2789 1987 2845 θάνατον

412 2884 610 2948 αὐτῶν,
639 2886 751 2945 τοῖς
781 2883 840 2935 δὲ
868 2883 933 2936 ἐκ
963 2881 1107 2952 ζωῆς
1122 2881 1402 2936 ἀποϐαίνει
1427 2883 1507 2944 είς
1535 2879 1680 2954 ζωήν
1697 2881 1828 2951 (55).
1847 2881 1990 2934 Ταῦ-

413 2993 482 3028 τα
511 2975 888 3046 παρακείμενα
930 2976 1060 3046 ἡμῖν
1103 2973 1279 3038 ἔδοξεν
1312 2969 1452 3026 εἶναι
1499 2975 1564 3042 τῇ
1617 2972 1858 3037 ἐξετάσει
1891 2969 1984 3026 τοῦ

413 3063 668 3131 γεύεσθαι
711 3062 962 3127 Θανάτου,
1010 3063 1104 3116 καὶ
1147 3061 1240 3115 τοῦ
1276 3062 1521 3132 θεωρεῖν,
1566 3062 1599 3132 ἢ
1636 3062 1710 3133 μὴ
1762 3061 1986 3134 θεωρεῖν

413 3155 505 3208 τὸν
543 3155 791 3210 θάνατον.
830 3155 986 3208 Μετά
1013 3154 1184 3208 ταῦτα
1222 3152 1296 3224 μὴ
1331 3152 1660 3224 θεωροῦντες
1679 3154 1788 3224 ὅσῳ
1818 3155 1988 3227 ὑπερ-

416 3248 529 3316 έχει
571 3245 802 3317 Χριστὸς
853 3245 961 3299 τῶν
1015 3243 1365 3318 πατριαρχῶν
1403 3245 1493 3297 καὶ
1524 3245 1630 3297 τῶν
1674 3245 1986 3316 προφητῶν,

416 3337 551 3390 ἀλλὰ
585 3337 718 3407 μηδὲ
766 3335 1111 3399 πιστεύοντες
1139 3336 1372 3407 Χριστὸν
1402 3332 1538 3389 εἶναι
1567 3337 1656 3389 τὸν
1689 3337 1989 3407 τηλικαῦτα

411 3429 753 3493 διδάσκοντα,
800 3427 1135 3500 ἐπαποροῦσι
1196 3428 1465 3496 λέγοντες·
1515 3429 1610 3496 Μὴ
1662 3428 1743 3482 σὺ
1779 3428 1990 3498 μείζων

415 3516 474 3573 εἶ
503 3519 608 3574 τοῦ
650 3520 874 3588 πατρὸς
912 3520 1080 3590 ἡμῶν
1134 3522 1400 3590 Ἀϐραὰμ,
1452 3522 1620 3588 ὅστις
1655 3523 1990 3588 ἀπέθιινεν;

418 3612 528 3682 Οὐχ
560 3613 727 3684 ὁρῶσι
751 3613 828 3678 δὲ,
851 3613 913 3665 οὐ
943 3612 1100 3683 μόνον
1133 3613 1228 3666 τοῦ
1258 3614 1528 3685 Ἀϐραὰμ,
1557 3615 1692 3667 ἀλλά
1725 3617 1819 3668 καὶ
1849 3633 1988 3668 πανο

415 3703 504 3766 τὸς
532 3705 589 3757 ἐν
610 3706 886 3775 γεννητοῖς
923 3704 1192 3772 γυναικῶν
1225 3707 1252 3758 ὁ
1278 3707 1342 3758 ἐκ
1367 3707 1465 3776 τῆς
1494 3706 1768 3778 Παρθένου
1798 3724 1988 3774 γεγεν-

415 3796 667 3866 νημένος,
694 3795 787 3849 καὶ
811 3795 920 3849 τῶν
943 3795 1234 3867 προφητῶν
1267 3795 1484 3849 πάντων
1515 3797 1543 3848 ὁ
1575 3797 1988 3867 προφητευόμε-

416 3979 633 4040 αὐτοὺς,
675 3980 773 4048 οὐχ
819 3977 1010 4031 ἐαυτὸν
1044 3978 1274 4047 ποιήσας
1307 3975 1562 4041 τοιοῦτον,
1603 3976 1717 4029 ἀλλ’
1751 3976 1859 4030 ἀπὸ
1890 3975 1982 4031 τοῦ

415 4069 625 4138 Πατρὸς
650 4068 849 4124 λαϐών.
885 4070 1111 4136 ’Ὠσπερ
1136 4069 1244 4138 γὰρ
1271 4071 1302 4122 ό
1340 4067 1546 4136 Πατὴρ
1577 4069 1701 4138 ἔχει
1741 4068 1893 4138 ζωὴν
1917 4070 1989 4124 ἐν

414 4159 626 4225 ἐαυτῷ,
651 4161 802 4214 οὕτω
840 4160 940 4214 καί
981 4160 1062 4226 τῷ
1116 4159 1225 4226 Υἱῷ
1269 4160 1422 4227 ζωὴν
1465 4160 1692 4214 ἔδωκεν
1727 4161 1891 4229 ἐχειν
1917 4161 1988 4215 ἐν

413 4251 626 4318 ἐαυτῷ,
660 4253 719 4305 οὐ
753 4253 1032 4324 δυναμένῳ
1073 4253 1246 4305 ποιεῖν
1277 4252 1368 4322 ἀφ’
1398 4250 1591 4305 ἐαυτοῦ
1633 4252 1753 4306 οὐδέ
1783 4252 1861 4316 ἒν,
1892 4254 1986 4307 καὶ

414 4341 665 4411 ζητοῦντι
697 4343 757 4396 τὸ
807 4343 1018 4414 θέλημα
1048 4345 1107 4397 οὐ
1135 4344 1197 4397 τὸ
1241 4342 1458 4406 ἐαυτοῦ,
1505 4344 1643 4398 ἀλλά
1674 4345 1736 4398 τὸ
1771 4344 1985 4416 θέλημα

2091 1877 2292 1932 Christi
2322 1879 2488 1933 bonus
2517 1880 2648 1933 odor
2673 1897 2853 1936 sumus
2884 1881 2995 1937 Dea
3023 1885 3077 1938 in
3116 1888 3256 1938 omni
3295 1886 3408 1940 loco
3431 1901 3451 1940 :
3474 1889 3530 1942 in
3571 1889 3656 1944 his

2087 1971 2178 2039 qui
2207 1982 2505 2036 servantur,
2521 1982 2568 2025 et
2593 1973 2650 2025 in
2670 1974 2750 2027 his
2773 1976 2866 2044 qui
2885 1986 3098 2045 pereunt
3123 1992 3142 2030 :
3165 1978 3282 2032 istis
3297 1980 3505 2046 quidem
3529 1984 3662 2034 odor

2089 2063 2271 2116 mortis
2311 2063 2369 2116 in
2413 2073 2653 2130 mortem,
2697 2065 2806 2119 illis
2839 2083 2956 2120 vero
2993 2068 3124 2121 odor
3144 2069 3262 2123 vita:
3287 2071 3340 2122 in
3382 2073 3541 2125 vitam
3563 2073 3609 2104 ³⁸
3643 2088 3658 2129 :

2090 2150 2262 2206 bonus
2290 2153 2434 2206 enim
2460 2153 2595 2208 odor
2609 2154 2806 2209 Christi
2837 2165 2963 2210 sunt
2991 2158 3044 2210 in
3075 2159 3222 2213 omni
3257 2159 3458 2223 loco,et
3489 2162 3658 2214 haud-

2088 2257 2363 2312 quaquam
2416 2244 2593 2298 malus
2639 2247 2794 2310 odor,
2830 2247 3079 2302 homines
3109 2250 3162 2303 in
3191 2249 3430 2305 Christo.
3455 2251 3654 2307 Verum

2087 2333 2362 2388 enimvero
2387 2334 2639 2403 quoniam
2663 2346 2719 2389 ut
2737 2337 3040 2404 corporalis
3067 2339 3240 2393 bonus
3254 2343 3386 2394 odor
3399 2341 3599 2395 animal
3625 2356 3659 2396 a

2091 2423 2358 2493 qumdami
2390 2423 3428 2501 perimeredicitur,’sicetiam,pr0pter
3459 2448 3662 2502 praece-

2089 2522 2220 2577 dens
2237 2523 2448 2587 vitium,
2476 2523 2648 2578 bonus
2667 2523 2865 2579 Christi
2878 2525 3010 2580 odor
3024 2525 3105 2579 his
3121 2529 3207 2596 qui
3229 2537 3354 2581 sunt
3375 2541 3438 2579 ex
3461 2542 3566 2583 mo:
3583 2537 3659 2596 te,

2090 2614 2226 2669 litin
2262 2623 2488 2670 mortem
2521 2616 2782 2685 ipsorum,
2813 2631 2932 2670 cum
2970 2617 3186 2671 interim
3217 2617 3302 2672 his
3322 2620 3410 2686 qui
3436 2627 3651 2675 suntex

2086 2703 2220 2770 vita,
2243 2702 2336 2757 ﬁat
2355 2703 2407 2757 in
2425 2705 2611 2758 vitam.
2635 2703 2759 2758 Haec
2775 2705 2926 2760 nobis
2941 2703 3052 2758 visa
3065 2716 3190 2760 sunt
3205 2717 3327 2758 esse
3343 2705 3650 2775 adjacentia

2089 2793 2442 2862 disputationi
2485 2795 2553 2850 de
2599 2797 2868 2864 gustando
2911 2805 3168 2861 mortem,
3199 2794 3286 2849 vel
3326 2796 3392 2848 de
3423 2796 3654 2850 videndo

2088 2895 2182 2941 aut
2205 2901 2310 2942 non
2357 2886 2588 2942 vudendo
2617 2895 2866 2940 mortem.
2899 2883 3025 2940 Post
3052 2885 3166 2940 haec
3191 2883 3406 2956 [Judaei]
3444 2900 3549 2939 non
3575 2887 3657 2939 vi-

2089 2980 2286 3035 dentes
2323 2989 2584 3048 quantum
2637 2987 2921 3048 praestaret
2952 2978 3204 3032 Christus
3247 2978 3572 3046 patriarchis
3600 2985 3658 3032 et

2091 3071 2396 3142 prophetis,
2429 3086 2494 3126 ac.
2540 3085 2609 3125 ne
2658 3068 2906 3124 Messiam
2939 3069 3158 3137 quidem
3205 3083 3327 3124 esse
3369 3072 3657 3124 credentes

2094 3164 2220 3218 talia
2245 3172 2502 3234 tantaque
2519 3165 2820 3228 docentem,
2847 3163 3160 3218 addubitant
3185 3164 3428 3217 dicentes
3459 3177 3474 3217 :
3502 3161 3554 3218 Ν
3561 3179 3650 3216 um

2091 3265 2147 3309 tu
2167 3257 2343 3326 major
2363 3272 2414 3311 es
2435 3266 2585 3326 patre
2608 3265 2784 3308 nostra
2814 3254 3100 3318 Abraham,
3116 3255 3208 3324 qui
3229 3265 3466 3310 mortuus
3485 3267 3560 3309 est
3576 3254 3658 3309 "2

2090 3343 2209 3399 Non
2227 3344 2414 3399 vident
2445 3352 2654 3407 autem,
2681 3344 2823 3412 quod
2848 3344 2940 3412 qui
2965 3342 3178 3411 genitus
3207 3351 3291 3397 est
3319 3355 3383 3395 ex
3407 3341 3660 3411 Virgine,

2090 3448 2198 3489 non
2230 3433 2405 3488 solum
2431 3431 2742 3488 Abrahamo
2771 3433 2909 3500 ipso,
2935 3448 3122 3488 verum
3145 3431 3308 3487 etiam
3335 3447 3659 3501 quocunque

2089 3541 2156 3582 ex
2208 3525 2530 3582 mulieribus
2585 3526 2770 3596 genito
2814 3525 2884 3579 sit
2939 3525 3143 3593 major;
3197 3524 3364 3596 368
3419 3525 3660 3593 itemque

2088 3615 2342 3671 omnibus
2396 3615 2699 3686 prophetis.
2755 3616 3110 3686 pr0phetatus
3159 3615 3227 3670 ab
3275 3615 3444 3685 ipsis;
3494 3625 3660 3683 atque

2089 3707 2344 3762 omnibus
2371 3708 2464 3777 qui
2510 3708 2707 3762 mortui
2743 3707 2942 3761 iuerint
2963 3746 2978 3770 ,
3008 3708 3131 3775 quia
3165 3706 3308 3775 ipsos
3345 3703 3658 3760 viviﬁcavev

2091 3798 2162 3852 rit
2189 3815 2204 3853 :
2241 3813 2341 3853 nec
2369 3801 2495 3866 hoc,
2521 3799 2648 3868 quia
2679 3798 2920 3868 seipsum
2951 3798 3109 3852 talem
3155 3796 3365 3861 fecerit,
3409 3795 3504 3851 sed
3531 3795 3653 3863 quia

2091 3889 2271 3943 isthuc
2297 3905 2326 3943 a
2368 3889 2531 3944 Patre
2562 3889 2853 3958 acceperit.
2881 3885 2950 3942 Ut
2970 3889 3108 3943 enim
3133 3884 3298 3941 Pater
3326 3887 3481 3940 vitam
3500 3885 3656 3940 habet

2089 3979 2147 4032 in
2166 3979 2469 4048 semetipso,
2500 3979 2576 4032 sic
2608 3979 2751 4032 dedit
2794 3980 2956 4032 etiam
2985 3975 3153 4043 Filio,
3178 3986 3234 4030 ut
3278 3977 3440 4031 vitam
3464 3975 3656 4029 habeat

2086 4070 2143 4124 in
2184 4071 2466 4140 semetipso
2487 4070 2557 4136 ⁸⁸,
2599 4068 2740 4125 Filio
2781 4084 2887 4123 nou
2916 4068 3135 4123 valente
3181 4082 3212 4122 a
3261 4067 3441 4135 seipso
3467 4065 3656 4122 facere

2086 4163 2402 4232 quidquam,
2444 4176 2546 4216 nec
2593 4169 2867 4230 quaerente
2895 4158 3227 4215 voluntatem
3261 4171 3415 4212 suam
3449 4155 3652 4221 facere,

2086 4253 2180 4308 sed
2211 4256 2330 4318 ejus
2377 4252 2471 4322 qui
2521 4251 2670 4306 misit
2721 4249 2872 4304 illum
2897 4249 2968 4303 δ’.
3009 4248 3202 4304 Dicunt
3248 4247 3451 4302 etiam:
3486 4244 3655 4310 Quem

2085 4345 2310 4411 teipsum
2401 4344 2536 4412 {acis
2601 4341 2714 4396 ⁸⁸⁸3
2779 4341 2983 4411 quippe
3043 4339 3136 4408 qui
3223 4351 3330 4394 non
3411 4336 3659 4392 viderant

409 4431 506 4485 τοῦ
535 4432 844 4503 πέμψαντος
875 4435 1054 4489 αὐτόν.
1091 4435 1202 4488 Καὶ
1229 4434 1307 4488 τό·
1334 4436 1471 4490 Τίνα
1485 4434 1746 4489 σεαυτὸν
1763 4436 1981 4503 ποιεῖς;

2086 4448 2340 4517 quoniam
2393 4461 2499 4502 non
2552 4445 2789 4515 seipsum
2855 4442 3061 4498 fecerat
3099 4439 3256 4496 Jesus
3299 4438 3443 4510 quod
3491 4444 3578 4493 est
3633 4454 3650 4492 :

416 4523 491 4596 μὴ
510 4524 926 4596 τεθεωρηκότων
956 4521 1022 4595 ἦν
1049 4523 1220 4596 φωνὴ,
1255 4525 1336 4578 ὃτι
1368 4526 1467 4596 οὐχ
1501 4526 1689 4579 ἐαυτὸν
1709 4525 1738 4577 ὁ
1777 4526 1987 4596 Ἰησοῦς

415 4616 711 4686 πεποίηκεν
753 4616 890 4686 ὅπερ
922 4615 1088 4668 ἐστίν’
1116 4615 1300 4688 διόπερ
1340 4616 1436 4669 καὶ
1469 4616 1603 4686 πρὸς
1649 4616 1806 4670 τοῦτο
1842 4617 1990 4671 δοκεῖ

417 4723 506 4775 μοι
537 4705 948 4777 ἀποκρίνεσθαι,
977 4705 1238 4760 διδάσκων
1270 4706 1353 4770 τίς
1375 4707 1533 4760 αὐτὸν
1568 4707 1821 4777 ἐποίησεν
1850 4709 1986 4782 ὅπερ

410 4793 479 4868 ἦν
495 4839 509 4863 ,
541 4798 618 4851 τό·
663 4799 798 4852 Ἐὰν
815 4796 930 4866 ἐγὼ
954 4797 1191 4862 δοξάσω
1220 4798 1498 4868 ἐμαυτὸν,
1517 4800 1555 4867 ἡ
1577 4798 1728 4864 δόξα
1742 4816 1862 4867 μου
1882 4801 1985 4854 οὺ-

410 4890 518 4943 δέν
547 4891 734 4944 ἐστιν·
760 4890 930 4944 ἔστιν
953 4893 985 4944 ό
1005 4889 1208 4957 Πατὴρ
1239 4892 1271 4943 ό
1294 4889 1555 4954 δοξάζων
1577 4907 1676 4960 με.
1713 4891 1822 4945 Καὶ
1851 4889 1982 4944 ταῦ-

410 5000 480 5038 τα
511 4983 588 5047 δὲ,
623 4983 871 5054 αὐτάρκη
910 4983 1253 5055 περιγραφὴν
1297 4982 1580 5053 εἰληφότος
1607 4981 1703 5034 τοῦ
1737 4981 1982 5036 εἰκοστοῦ

411 5072 520 5126 τῶν
565 5075 644 5135 εἰς
687 5073 749 5126 τὸ
791 5073 933 5127 κατὰ
975 5073 1228 5145 Ἰωάννην
1276 5073 1604 5142 Εὐαγγέλιον
1644 5071 1983 5144 ἐξηγητικῶν

411 5163 601 5234 τὸμου,
626 5164 726 5236 τὴν
757 5165 1103 5236 περιγραφὴν
1129 5164 1362 5218 ἐνταῦθα
1387 5162 1674 5233 εἰληφέτω,
1707 5163 1814 5229 ἵνα,
1847 5163 1982 5220 Θεοῦ

411 5254 884 5322 ἀποκαλύπτοντος
927 5259 1060 5327 ἡμῖν
1105 5255 1174 5309 τὰ
1216 5255 1363 5327 ἑξῆς,
1413 5254 1775 5327 θεωρήσωμεν
1812 5256 1872 5310 ἐν
1902 5257 1983 5328 τῷ

2089 4565 2252 4622 quam
2296 4549 2366 4606 ob
2404 4563 2623 4605 causam
2653 4548 2817 4602 etiam
2860 4545 3076 4600 videtur
3124 4541 3258 4596 mihi
3307 4541 3375 4595 ad
3432 4541 3536 4594 hoc
3571 4549 3657 4593 ro-

2087 4649 2380 4719 spondere,
2410 4646 2611 4702 docens
2639 4646 2762 4715 quis
2791 4645 2966 4715 ipsum
2990 4643 3213 4699 iecisset
3249 4639 3302 4694 id
3327 4638 3470 4708 quod
3500 4646 3655 4692 erat:

2088 4748 2147 4806 Si
2172 4765 2265 4821 ego
2305 4748 2545 4820 gloriﬁco
2579 4747 2856 4814 meipsum,
2879 4745 3048 4814 gloria
3095 4757 3212 4796 mea
3255 4738 3405 4794 nulla
3443 4748 3514 4793 est
3535 4744 3658 4803 μή

2088 4850 2276 4918 Pater,
2304 4853 2396 4921 qui
2419 4866 2499 4904 me
2517 4849 2782 4920 glori/ient
2798 4845 2864 4900 “.
2897 4844 3001 4900 Sed
3043 4844 3161 4899 haec
3199 4845 3302 4899 hoc
3332 4841 3388 4896 in
3427 4841 3546 4896 loco
3587 4841 3656 4895 ll-

2088 4969 2211 5010 nem
2246 4959 2484 5017 sumant,
2510 4964 2634 5006 cum
2664 4959 2842 5006 tomus
2874 4945 3170 5002 vicesimus
3205 4943 3654 5012 explauationum

2086 5059 2141 5111 in
2171 5054 2516 5124 Evangelium
2542 5050 2794 5108 aJoanne
2820 5048 3078 5106 traditum
3095 5042 3654 5112 circumscriptionem

2085 5159 2440 5216 subicientem
2471 5153 2766 5225 acceperit,
2791 5161 2870 5218 ut,
2896 5153 3006 5208 Deo
3037 5148 3199 5206 nobis
3218 5145 3516 5212 revelante,
3537 5159 3658 5216 qua!

2085 5265 2319 5321 restant,
2344 5253 2757 5312 consideremus
2783 5249 2838 5305 in
2862 5247 3112 5320 sequenti
3135 5257 3304 5312 tomo,
3328 5258 3657 5315 prosequeno

483 5441 530 5474 “
563 5442 582 5496 l
615 5438 770 5496 Joan.
803 5456 842 5500 I.
879 5440 931 5492 1.
1007 5438 1049 5471 ³¹
1072 5437 1110 5492 ll
1142 5439 1268 5493 Cor.
1294 5455 1372 5504 xu,
1397 5437 1484 5500 l3,
1512 5436 1599 5492 45.
1675 5437 1721 5471 “
1745 5435 1900 5492 Joan.
1936 5453 1991 5504 Σ,
2020 5437 2110 5491 ‘27.
2191 5435 2236 5465 ³⁸
2257 5428 2643 5504 ibid._26.‘_“
2675 5427 2816 5504 Psa].
2847 5423 3160 5504 κυνικῆς-
3207 5419 3656 5504 ηιξοξφσιιηὸθ.

413 5511 457 5542 ⁸·
485 5511 524 5564 II
551 5491 770 5575 eam};
799 5491 1006 5574 {5.16.
1077 5491 1120 5541 π
1140 5491 1594 5574 Ιόιίὴ.“ἶιιι,’55.
1654 5508 1700 5540 ³⁸
1721 5491 1876 5564 toan.
1908 5491 1988 5573 ιζ’

2158 5505 2202 5536 ³⁹
2232 5503 2361 5557 ibid.
2399 5500 2490 5567 i9,
2521 5499 2614 5555 50.
2689 5498 2736 5530 ⁸⁸
2762 5496 2922 5554 Joan.
2957 5512 3070 5559 VIII,
3094 5494 3185 5549 55.
3260 5493 3302 5524 ⁸⁸
3337 5494 3467 5548 ibid.
3493 5491 3584 5546 54.

485 5652 596 5721 (52)
619 5654 683 5705 οἱ
709 5651 1038 5721 ἀπόστολοι
1067 5649 1298 5721 ἔλεγον,
1327 5655 1432 5704 etc.
1485 5645 1754 5719 Apostolis
1795 5644 1986 5702 tribuit

413 5718 644 5778 Mirtha:
669 5723 870 5777 dictum
904 5719 1058 5777 Joan.
1088 5735 1163 5788 ιι,
1194 5718 1284 5774 39.

2169 5639 2482 5781 (ξῦὲϐράει
2521 5636 2746 5710 Regius,
2782 5633 2940 5701 male,
2975 5633 3086 5695 τοῖς
3131 5631 3212 5695 ei;
3257 5627 3403 5702 ζωῆς
3436 5624 3653 5682 emeat-

2291 5729 2338 5764 ω
2360 5745 2397 5781 ι.

2087 5729 2167 5768 νει
2202 5729 2235 5781 η
2260 5729 2397 5783 ςωη.
