4196 6442
336 286 437 343 081

1322 277 1676 338 COMMENT.
1719 275 1785 331 IN
1822 272 2011 331 IOAN.
2055 268 2290 327 TOMUS
2327 265 2570 324 XXVIII.

3490 253 3600 312 ϐδῖ

334 398 621 465 Μωϐσέως
667 402 747 465 εἰς
776 400 873 473 τὴν
902 400 1001 471 τῆς
1050 395 1254 468 σκηνῆς
1280 397 1373 451 τοῦ
1420 393 1721 467 μαρτυρίου
1754 407 1922 444 κατα-

2037 385 2254 441 scientia
2320 393 2376 439 et
2434 380 2719 457 disciplina
2782 376 3157 448 Egyptiorum
3218 375 3492 430 eruditum
3532 372 3601 443 δ’,

338 494 564 565 σκευήν*
607 493 665 545 ai
709 492 819 562 γὰρ
845 491 1006 545 αὐλαὶ
1031 492 1087 543 αἱ
1124 489 1296 543 εἰκοσι
1332 487 1427 541 καὶ
1458 483 1602 539 ὀκτὼ
1630 482 1819 553 πηχῶν
1865 480 1925 533 τὸ

344 583 521 657 μῆκός
559 586 684 637 sier
716 584 811 636 καὶ
862 582 1030 653 ἐχρῆν
1064 597 1129 649 γε
1155 579 1252 651 τὴν
1304 581 1382 641 εἰς
1408 577 1564 643 δόξαν
1593 575 1726 628 Θεοῦ
1755 588 1924 626 κατα-

337 673 752 747 σκευαζομένην
793 674 999 746 σκηνὴν
1031 671 1126 745 τοῦ
1157 670 1453 743 μαρτυρίου
1485 667 1624 739 μετὰ
1652 665 1759 719 τῶν
1784 664 1927 729 ὲξαι-

339 769 515 842 ρέτων
539 767 788 840 ἀριθμῶν
816 766 959 837 ἔχειν
990 766 1085 818 καὶ
1107 764 1198 817 τὸν
1232 762 1404 816 εἴκοσι
1436 761 1531 815 καὶ
1554 758 1715 814 ὀκτώ·
1740 759 1825 827 ἐφ’
1844 757 1925 819 ὃν,

338 862 456 934 ῑερὲ
489 859 686 929 ἀοελφὲ
746 856 1057 928 ’Δμϐρόσιε,
1094 854 1399 923 φθάσαντες
1423 852 1532 905 τῶν
1571 852 1653 913 είς
1691 848 1752 901 τὸ
1787 846 1926 900 κατὰ

352 953 608 1022 Ἰωάννην
635 947 976 1021 ὲξηγητικῶν
1042 941 1214 1018 (οὗτος
1258 943 1368 1015 γὰρ
1391 943 1564 1004 ἔσται,
1598 938 1733 994 Θεοῦ
1766 955 1919 1010 χαρι-

340 1044 599 1115 ζομένου,
638 1041 881 1103 εἰκοστὸς
917 1039 1103 1107 ὄγδοος
1136 1038 1216 1100 είς
1249 1036 1310 1089 τὸ
1351 1033 1682 1103 Εὐαγγέλιον
1714 1030 1925 1102 τόμος),

338 1133 800 1204 ἐπικαλεσάμενοι
842 1130 933 1183 τὸν
964 1128 1165 1182 τέλειον
1199 1126 1295 1180 καὶ
1330 1124 1669 1193 τελειότητος
1693 1120 1927 1192 χορηγὸν

338 1226 477 1280 Θεὸν
503 1226 593 1279 διὰ
618 1223 712 1277 τοῦ
728 1222 934 1276 τελείου
950 1219 1250 1291 ἀρχιερέως
1277 1215 1434 1288 ἡμῶν
1469 1213 1645 1285 Ἰησοῦ
1667 1211 1923 1284 Χριστοῦ

336 1319 410 1373 ἶν’
435 1317 593 1388 ἡμῶν
617 1316 709 1369 τὸν
743 1313 868 1367 νοῦν
896 1311 971 1383 δῷ
999 1313 1180 1381 εὑρεῖν
1217 1310 1315 1381 τὴν
1341 1307 1473 1379 περὶ
1505 1306 1613 1361 τῶν
1637 1303 1928 1375 ἐξετασθη-

340 1410 589 1482 σομένων
617 1405 895 1479 ἀλήθειαν.
923 1404 1017 1457 καὶ
1044 1399 1390 1470 κατασκευὴν
1409 1397 1610 1462 αὐτῶν,
1644 1397 1740 1451 κα)⁸
1755 1395 1928 1458 οὕτως

335 1501 651 1579 ὁδεύσιυμεν
685 1500 782 1553 καὶ⁸
804 1498 897 1551 ἐπὶ
921 1496 989 1550 τὰ
1009 1495 1157 1567 ἑξῆς.

2025 477 2316 543 disponere
2350 471 2566 526 facilius
2596 468 3021 525 exstructiOnem
3078 466 3408 520 tabernaculi
3443 462 3604 519 testi-

2026 564 2242 619 monii:
2285 564 2590 617 cubitorum
2629 560 2779 614 enim
2833 568 2981 625 octo,
3035 569 3091 611 et
3135 557 3322 626 viginti
3362 557 3601 629 longitu-

2028 657 2151 711 dine
2184 663 2311 710 sunt
2343 653 2481 709 aula;
2500 652 2549 684 “
2579 667 2594 705 :
2626 652 3022 721 Oportebatque
3068 664 3222 713 sane,
3256 659 3314 704 ut
3346 651 3601 704 taberna-

2027 741 2203 796 culum
2246 740 2565 803 testimonii,
2595 739 2739 809 quod
2777 739 2829 792 in
2861 737 2952 791 Dei
2981 737 3213 808 gloriam
3247 738 3602 793 construeba-

2029 842 2135 899 tur,
2169 847 2292 887 cum
2330 831 2623 902 praecipuis
2667 829 2909 883 numeris
2954 828 3181 884 haberet
3208 830 3371 885 etiam
3409 828 3606 884 vicesi-

2029 941 2175 980 mum
2229 936 2501 980 octavum.
2535 926 2618 980 Ad
2669 940 2852 994 quem,
2906 938 3061 978 sacer
3105 923 3276 978 frater
3326 924 3603 988 Ambrosi,

2028 1019 2154 1087 quia
2189 1017 2538 1086 pervenimus
2581 1015 2710 1087 (erit
2734 1016 2879 1071 enim
2930 1014 3019 1070 hic
3063 1022 3239 1069 tomus
3273 1014 3608 1083 eXplauatio-

2028 1101 2155 1164 ιιιιιιι
2205 1110 2258 1163 in
2302 1106 2656 1179 Evangelium
2702 1122 2733 1161 a
2777 1104 2985 1162 Joanne
3025 1107 3307 1171 traditum,
3355 1107 3465 1160 Deo
3498 1105 3608 1159 lar-

2028 1200 2230 1272 gieute,
2267 1200 2560 1255 vicesimus
2594 1197 2863 1271 octavus),
2910 1199 3076 1255 Deum
3128 1198 3182 1252 in
3214 1198 3407 1269 primis
3455 1197 3608 1253 invoo

2029 1302 2216 1349 cantes
2251 1290 2577 1363 perfectum,
2607 1308 2672 1346 ac
2703 1291 3095 1362 perfectionem
3139 1292 3608 1361 suppeditantem,
3668 1352 3675 1367 ‘

2028 1396 2252 1439 auctore
2275 1398 2488 1439 summo
2532 1385 2817 1439 sacerdote
2851 1394 3035 1438 nostro
3078 1381 3208 1439 Iesu
3255 1383 3500 1448 Christo,
3549 1393 3610 1440 ut

2027 1474 2193 1547 370
2219 1474 2375 1531 nobis
2412 1475 2503 1529 det
2541 1472 2951 1544 intelligentiam
2982 1473 3293 1529 inveniendi
3325 1476 3610 1531 veritatem

2030 1584 2212 1622 rerum
2262 1565 2758 1636 exquirendarum,
2822 1563 3345 1636 dispositionemque
3392 1582 3606 1632 earum,

2030 1661 2109 1715 sic
2134 1673 2418 1730 pergemus
2449 1658 2515 1712 ad
2542 1671 2605 1710 ea
2636 1671 2756 1725 quae
2787 1666 3107 1725 sequuntur.

412 1778 470 1835 2.
500 1797 520 1830 ι
555 1776 717 1845 Λέγει
745 1776 775 1829 ὁ
810 1772 1037 1844 Ἰησοῦςο
1065 1772 1267 1843 ¹Ἄρατε
1300 1769 1388 1823 τὸν
1404 1767 1569 1822 λίθον.
1598 1766 1616 1820 I
1666 1766 1926 1836 Ἐπείπερ

2102 1749 2156 1803 2.
2193 1768 2210 1801 ι
2243 1748 2385 1804 Dicit
2431 1747 2628 1803 ICSus:
2665 1746 2863 1801 Tollite
2911 1746 3146 1815 lapidem
3170 1747 3246 1802 διε
3279 1767 3297 1799 ι
3341 1748 3608 1816 Quoniam

338 1868 530 1924 ἐνθάδε
562 1867 660 1938 μὲν
690 1867 780 1920 τὸν
830 1863 1174 1933 ἐπικείμενον
1212 1859 1289 1932 τῷ
1342 1859 1592 1931 σπηλαίῳ
1624 1858 1792 1920 λίθον,
1825 1857 1926 1910 οὑκ

338 1961 507 2024 αὐτὸς
536 1961 567 2012 ὁ
605 1956 813 2028 Ἰησοῦς
843 1958 1008 2028 αἱρεῖ,
1045 1954 1182 2009 ἀλλὰ
1207 1954 1375 2022 λέγει·
1418 1972 1436 2003 ι
1484 1953 1688 2023 ’Ἄρατε
1720 1950 1812 2003 τὸν
1844 1948 1926 2002 λί-

338 2051 458 2105 θονο
492 2070 512 2102 ι
545 2052 604 2103 ὲν
626 2048 681 2103 δὲ
718 2052 783 2121 τῇ
827 2047 1066 2111 Γενέσει,
1095 2046 1259 2118 ἡνίκα
1283 2044 1429 2108 λίθος
1452 2039 1521 2115 ἦν
1550 2043 1723 2114 μέγας
1739 2043 1832 2096 ἐπὶ
1852 2040 1928 2112 τῷ

340 2143 573 2214 στόματι
609 2140 703 2195 τοῦ
724 2140 976 2212 φρέατος,
1016 2139 1111 2192 καὶ
1157 2137 1451 2208 συνήγοντο
1485 2137 1600 2188 ἐκεῖ
1632 2133 1810 2187 πάντα
1858 2131 1927 2185 τὰ

341 2234 596 2305 ποίμνια,
625 2232 721 2285 καὶ
757 2229 1052 2285 ἀπεκύλιον
1090 2227 1235 2282 λίθον
1266 2228 1375 2281 ἀπὸ
1413 2225 1506 2280 τοῦ
1539 2226 1804 2296 στόματος
1832 2221 1926 2276 τοῦ

342 2324 601 2397 φρέατος,
637 2322 734 2376 καὶ
780 2321 1097 2391 συνήγοντο,
1135 2317 1229 2371 καὶ
1259 2316 1511 2380 ὲπότιζον
1545 2313 1616 2367 τὰ
1656 2312 1925 2384 πρόϐατα,

343 2418 442 2472 καὶ
471 2414 854 2471 ὰποκαθίστων
866 2412 959 2464 τὸν
991 2409 1138 2463 λίθον
1162 2410 1254 2462 ἐπὶ
1278 2409 1340 2460 τὸ
1369 2407 1544 2478 στόμα
1572 2405 1666 2459 τοῦ
1697 2403 1929 2476 φρέατος

345 2512 427 2574 είς
446 2510 538 2562 τὸν
586 2506 750 2561 τόπον
775 2503 958 2558 αὐτοῦ’
986 2503 1086 2557 καὶ
1102 2499 1181 2571 τῷ
1208 2497 1432 2571 μηδέπω
1447 2496 1604 2550 τοῦτο
1624 2493 1925 2564 γεγονέναι,

342 2599 435 2655 διὰ
462 2599 526 2653 τὸ
559 2598 634 2670 μὴ
666 2594 932 2666 συνῆχθαι
950 2594 1019 2647 τὰ
1052 2592 1246 2663 κτήνη,
1279 2591 1308 2643 ὁ
1344 2585 1542 2642 Ἰακὼϐ
1571 2586 1694 2640 ἰδὼν
1727 2583 1930 2656 Ῥαχὴλ

342 2693 443 2765 τὴν
475 2689 749 2760 θυγατέρα
776 2687 960 2741 Λάϐαν
985 2683 1078 2738 τοῦ
1112 2681 1343 2751 ἀδελφοῦ
1374 2680 1474 2751 τῆς
1504 2677 1709 2751 μητρὸς
1740 2677 1928 2740 αὐτοῦ,

342 2784 441 2838 καὶ
457 2782 524 2836 τὰ
550 2780 801 2854 πρόϐατα
819 2776 1005 2832 Λάϐαν
1023 2775 1117 2830 τοῦ
1145 2771 1374 2843 ἀδελφοῦ
1398 2772 1496 2842 τῆς
1519 2768 1726 2841 μητρὸς
1742 2766 1926 2829 αὑτοῦ,

346 2874 662 2949 προσελθὼν
692 2872 854 2936 αὐτὸς
880 2868 1175 2924 ἀπεκύλισε
1202 2867 1294 2921 τὸν
1308 2864 1455 2921 λίθον
1478 2864 1586 2919 ἀπὸ
1611 2863 1705 2917 τοῦ
1731 2863 1930 2932 στόμα-

345 2984 439 3033 τος
461 2967 556 3023 τοῦ
584 2967 841 3040 φρέατος,
872 2963 966 3017 καὶ
987 2963 1205 3016 ὲπότισε
1239 2957 1308 3013 τὰ
1338 2956 1587 3031 πρόϐατα
1613 2954 1796 3010 Λάϐαν
1835 2951 1929 3006 τοῦ

349 3058 583 3128 ἀδελφοῦ
634 3056 736 3128 τῆς
772 3054 975 3128 μητρὸς
1021 3051 1213 3152 αὐτοῦ·
1258 3048 1560 3121 βουλόμεθα
1586 3048 1933 3119 ἀμφοτέρους
1958 3094 2003 3152 c

346 3152 474 3214 τοὺς
499 3148 677 3212 λίθους
705 3146 955 3217 ἀλλήλοις
978 3142 1347 3210 συνεξετάσαι,
1381 3141 1469 3194 ἵνα
1488 3141 1551 3193 τὺ
1585 3139 1803 3207 εὔλογον
1833 3157 1933 3193 κα-

348 3244 701 3314 τανοήσωμεν
754 3240 849 3294 τοῦ
888 3238 1077 3294 ἐνθάδε
1126 3237 1225 3308 μὲν
1273 3235 1347 3307 μὴ
1386 3234 1548 3288 αὐτὸν
1589 3232 1681 3286 τὸν
1726 3232 1932 3303 Ἰησοῦν

350 3334 579 3406 ήρκέναι
623 3331 717 3385 τὸν
768 3330 913 3384 λίθον
954 3329 1062 3383 ἀπὸ
1111 3327 1402 3399 σπηλαίου,
1461 3324 1577 3379 ἀλλ’
1629 3323 1930 3395 εἰρηκέναι·

356 3445 374 3478 ι
416 3426 619 3496 Ἄρατε
643 3422 735 3476 τὸν
759 3421 924 3476 λίθον·
960 3440 980 3471 ι
1011 3421 1068 3473 ὲν
1089 3420 1146 3474 δὲ
1167 3421 1233 3491 τῇ
1273 3416 1487 3472 Γενέσει
1514 3416 1676 3470 αὐτὸν
1713 3416 1805 3468 τὸν
1832 3417 1935 3469 Ἰα-

352 3515 467 3570 κὼϐ
504 3513 963 3569 ἁποκεκυλικέναι
996 3513 1087 3566 τὸν
1115 3510 1258 3565 λίθον
1283 3511 1392 3564 ἀπὸ
1414 3509 1509 3563 τοῦ
1534 3510 1798 3580 στόματος
1839 3507 1932 3561 τοῦ

351 3611 603 3682 φρέατος.
628 3608 739 3662 Καὶ
767 3608 1002 3679 πρόσχες
1030 3605 1366 3677 είδυνάμεθα
1391 3604 1590 3673 λέγειν,
1621 3605 1703 3658 ὅτι
1726 3603 1818 3657 τοῦ
1839 3604 1935 3674 μὲν

353 3704 444 3755 ἐπὶ
461 3701 540 3772 τῷ
575 3700 822 3771 σπηλαίῳ
854 3698 1022 3764 λίθου,
1050 3699 1172 3751 ἐπεὶ
1193 3698 1255 3751 τὸ
1280 3695 1543 3768 σπήλαιον
1567 3698 1829 3766 μνημεῖον
1845 3690 1932 3765 ῆν,

351 3798 451 3851 οὐκ
476 3796 642 3867 ἐχρῆν
659 3794 820 3848 αὐτὸν
849 3793 1089 3863 ἅψασθαι
1106 3792 1197 3846 τὸν
1217 3788 1449 3861 Ἰησοῦν,
1469 3788 1605 3842 ἀλλὰ
1633 3785 1935 3859 προστάξαι

356 3886 514 3958 μόνον
536 3888 648 3949 τοῖς
677 3883 1003 3954 ἐπιτηδείοις
1037 3881 1176 3953 πρὸς
1207 3879 1269 3932 τδ
1294 3878 1456 3950 ἔργον
1480 3875 1613 3949 ἆραι
1649 3876 1740 3929 τὸν
1766 3874 1932 3928 λίθον·

352 3975 448 4030 τοῦ
471 3975 529 4028 δὲ
560 3974 908 4045 ἐπικειμένου
933 3971 1011 4042 τῷ
1046 3970 1274 4041 στόματι
1311 3968 1404 4021 τοῦ
1443 3966 1696 4039 φρέατος,
1725 3965 1818 4020 καὶ
1839 3967 1938 4035 ὲμ-

355 4067 659 4132 ποδίζοντος
701 4065 780 4136 τῷ
828 4064 1002 4118 πίνειν
1042 4060 1110 4115 τὰ
1157 4058 1428 4132 πρόϐατα,
1474 4058 1568 4127 ἀφ’
1611 4051 1686 4110 ὧν
1716 4054 1941 4126 ἔμελλεν

352 4158 650 4231 ὀνήσασθαι
674 4155 783 4228 (57)
811 4155 880 4209 τὰ
907 4155 1178 4224 ἐπίσημα,
1210 4152 1302 4205 καὶ
1333 4152 1366 4222 ἡ
1403 4149 1558 4222 μερὶς
1600 4148 1692 4202 τοῦ
1718 4144 1935 4210 Ἰακὼϐ,

354 4250 521 4305 αὐτόν
560 4251 683 4303 ἐστι
710 4248 915 4301 δίκαιον
951 4242 1207 4298 λαϐέσθαι
1235 4242 1324 4294 τὸν
1353 4239 1569 4305 Ἰακὼϐ,
1591 4239 1685 4292 καὶ
1711 4237 1941 4306 προσελ-

356 4342 519 4396 θόντα
540 4341 619 4411 τῷ
646 4339 779 4411 λίθῳ
798 4338 1122 4392 ἀποκυλίσαι
1143 4335 1305 4388 αὐτὸν
1325 4333 1433 4387 ἀπὸ
1452 4331 1545 4385 τοῦ
1568 4331 1833 4401 στόματος
1846 4329 1938 4383 τοῦ

357 4432 612 4505 φρέατος,
647 4432 737 4486 ἵνα
757 4428 982 4498 ποτισθῇ
1012 4425 1079 4480 τὰ
1112 4426 1359 4498 πρόϐατα
1382 4422 1565 4478 Λάϐαν
1593 4421 1687 4476 τοῦ
1708 4421 1939 4491 ἀδελφοῦ
1973 4453 2016 4506 D

352 4526 457 4595 τῆς
487 4523 692 4597 μητρὸς
720 4519 908 4579 αὑτοῦ.
941 4519 1053 4574 Καὶ
1093 4519 1202 4573 ἔδει
1239 4533 1305 4586 γε
1334 4517 1427 4570 ἐπὶ
1459 4516 1557 4585 μὲν
1577 4512 1671 4567 τοῦ
1704 4513 1938 4586 φρέατος

358 4617 521 4671 αὐτὸν
551 4613 871 4687 προσελθεῖν
892 4613 983 4667 τὸν
997 4609 1215 4675 Ἰακὼϐ,
1236 4609 1341 4676 ἐξω
1362 4609 1419 4662 δὲ
1444 4607 1710 4677 σπηλαίου
1745 4604 1937 4675 στῆναι

262 4736 270 4749 ι
357 4710 450 4764 τὸν
476 4706 705 4778 Ἰησοῦν.
743 4707 807 4760 Εἰ
849 4705 907 4759 δὲ
931 4704 1157 4757 δύνασαι
1196 4701 1310 4773 (58)
1341 4700 1633 4770 ἐπιστῆσαι
1664 4699 1718 4751 τί
1739 4698 1937 4768 δήποτε

358 4802 453 4856 ἐπὶ
484 4802 583 4872 μὲν
616 4798 711 4854 τοῦ
756 4797 1023 4869 σπηλαίου
1073 4797 1134 4849 οὐ
1165 4794 1479 4849 κεκύλισται
1515 4795 1543 4846 ὁ
1593 4790 1938 4859 ἐπικείμενος

357 4894 510 4966 αὑτῷ
556 4891 723 4956 λίθος,
776 4889 936 4948 ἀλλὰ.
960 4891 1195 4962 αἴρεται·
1245 4888 1338 4942 ἐπὶ
1383 4886 1440 4940 δὲ
1482 4882 1573 4937 τοῦ
1609 4882 1843 4955 φρέατος
1875 4879 1937 4932 οὐ

357 4983 640 5046 παντελῶς
666 4982 901 5052 αῐρεται,
940 4980 1076 5034 ἀλλὰ
1121 4980 1277 5051 μόνον
1324 4974 1695 5032 ἀποκυλίεται.
1741 4973 1941 5043 Ἐχρῆν

360 5074 539 5143 πάντη
577 5072 676 5144 μὲν
708 5070 941 5143 ἀρθῆναι
967 5069 1059 5122 τὸν
1091 5069 1199 5123 ἀπὸ
1227 5067 1321 5121 τοῦ
1358 5067 1622 5139 μνημείου
1651 5062 1816 5126 λίθον,
1847 5062 1942 5116 καὶ

365 5169 441 5241 μὴ
472 5169 634 5224 πάλιν
665 5166 1004 5237 κυλισθῆναι·
1042 5165 1132 5218 τὸν
1151 5163 1208 5217 δὲ
1239 5162 1329 5214 ἐπὶ
1359 5159 1452 5213 τοῦ
1477 5156 1708 5228 φρέατος
1731 5156 1939 5207 ἀποκυ-

361 5262 615 5335 λισθῆναι
647 5249 825 5334 μόνον·
859 5257 971 5331 (59)
997 5256 1326 5355 προείρηται
1338 5251 1559 5322 γὰρ,ὃτι
1596 5249 1724 5302 ἀπε.
1751 5287 1764 5299 .
1794 5283 1811 5300 .
1836 5285 1849 5298 .
1880 5287 1892 5299 .
1923 5285 1937 5298 .

2035 1843 2139 1897 hoc
2170 1842 2221 1894 in
2254 1841 2369 1895 loco
2396 1840 2878 1909 superimpositum
2932 1839 3208 1907 spelunca;
3240 1841 3472 1909 lapidem
3504 1857 3610 1899 non

2036 1931 2147 2000 ipse
2170 1928 2326 1984 Iesus
2353 1929 2508 1990 tollit,
2542 1928 2635 1982 sed
2660 1926 2795 1979 dicit
2830 1943 2843 1979 :
2884 1944 2903 1976 ι
2938 1926 3133 1981 Tollite
3187 1926 3421 1995 lapidem
3456 1945 3471 1982 :
3502 1946 3522 1979 ι
3554 1928 3610 1983 in

2034 2019 2228 2076 Genesi
2264 2035 2393 2074 vero
2419 2019 2488 2086 ⁸⁵,
2527 2018 2615 2073 ubi
2643 2017 2778 2084 lapis
2802 2024 2923 2070 erat
2965 2015 3154 2087 ingens
3189 2030 3354 2087 super
3383 2032 3481 2072 ore
3513 2033 3612 2086 pu-

2038 2116 2134 2180 tei,
2171 2126 2224 2169 et
2253 2114 2340 2170 ubi
2373 2113 2842 2184 congregabantur
2868 2126 3059 2166 omnes
3086 2125 3297 2181 greges,
3333 2120 3388 2165 et
3442 2111 3612 2167 revol-

2036 2209 2234 2262 vehant
2266 2207 2497 2276 lapidem
2528 2206 2596 2261 ab
2625 2220 2721 2260 ore
2745 2207 2914 2276 putei,
2937 2216 2993 2260 et
3024 2204 3232 2259 collecti
3262 2214 3447 2274 potum
3473 2220 3613 2274 prte-

2035 2301 2237 2356 bebant
2286 2299 2514 2361 ovibus,
2574 2307 2629 2353 et
2690 2313 2904 2352 rursum
2972 2296 3336 2361 restituebaut
3382 2296 3616 2365 lapidem
3666 2316 3705 2352 ξι

2036 2408 2199 2463 super
2225 2405 2320 2447 ore
2367 2391 2511 2461 putei
2540 2390 2594 2446 in
2629 2391 2803 2446 locum
2837 2404 3025 2454 suum;
3083 2397 3141 2442 et
3181 2387 3271 2442 ubi
3308 2386 3455 2459 (quia
3486 2401 3618 2442 nom

2036 2485 2165 2540 dum
2193 2484 2297 2540 hoc
2330 2483 2531 2540 factum
2586 2482 2800 2547 fuisset,
2851 2491 3135 2552 propterea
3190 2481 3331 2551 quod
3374 2481 3614 2538 nondum

2037 2583 2359 2647 congregata
2413 2576 2642 2629 fuissent
2697 2573 2966 2644 iumenta)
2999 2573 3169 2629 Iacob
3224 2573 3457 2628 intuitus
3501 2571 3614 2627 Ra-

2036 2670 2247 2737 chelem
2279 2669 2444 2723 filiam
2474 2667 2660 2722 Laban
2693 2666 2880 2722 fratris
2910 2667 3103 2721 matris
3151 2681 3263 2721 sua;
3288 2666 3355 2732 ‘°,
3400 2674 3455 2721 et
3486 2679 3617 2721 oves

2039 2761 2222 2817 Laban
2254 2760 2443 2815 fratris
2476 2760 2668 2814 matris
2691 2773 2826 2823 suae,
2874 2773 2999 2815 cum
3034 2759 3355 2815 accessisset
3383 2758 3501 2826 ipse
3526 2771 3616 2813 re-

2039 2852 2208 2907 volvit
2236 2849 2475 2920 lapidern
2503 2850 2570 2904 ab
2599 2864 2699 2904 ore
2719 2849 2889 2918 putei,
2920 2857 2976 2903 et
3002 2856 3187 2918 potum
3216 2847 3447 2918 praebuit
3493 2848 3613 2903 ovi-

2038 2946 2140 3000 bus
2185 2943 2371 3000 Laban
2412 2942 2602 2996 fratris
2653 2941 2848 2995 matris
2889 2956 3022 3005 suae,
3071 2940 3317 2996 volumus
3349 2950 3619 3006 utrosque

2040 3037 2248 3108 lapides
2298 3036 2442 3092 inter
2473 3048 2535 3091 se
2583 3032 2860 3097 conferre,
2916 3034 3147 3103 utquod
3190 3042 3618 3089 consentaneum

2039 3138 2125 3185 est
2181 3127 2378 3184 rationi
2435 3126 2849 3183 consideremus
2888 3143 2901 3179 :
2938 3139 3137 3193 nempe
3199 3139 3372 3194 quare
3407 3125 3512 3179 hoc
3562 3122 3620 3180 in

2038 3218 2158 3275 loco
2185 3233 2293 3273 non
2325 3218 2440 3287 ipse
2465 3214 2624 3273 Iesus
2647 3214 2934 3272 sustulerit
2982 3230 3012 3269 a
3048 3214 3313 3285 spelunca
3363 3214 3617 3285 lapidem,

2039 3305 2132 3363 sed
2159 3304 2400 3361 dixerit:
2425 3303 2661 3361 «Tollite
2688 3303 2955 3374 lapidem;
2986 3322 3005 3356 ι
3032 3303 3083 3358 in
3119 3302 3316 3359 Genesi
3344 3319 3477 3360 vero
3502 3303 3619 3373 ipse

2039 3394 2204 3452 Iacob
2231 3393 2521 3451 revolverit
2551 3394 2782 3464 lapidem
2810 3393 2878 3448 ab
2903 3407 3000 3448 ore
3039 3393 3208 3463 putei.
3258 3392 3324 3447 Et
3374 3393 3618 3448 animum

2040 3491 2238 3548 adhibe
2271 3506 2339 3545 an
2365 3489 2549 3546 dicere
2574 3487 2849 3559 possimus
2890 3501 2995 3542 non
3026 3487 3333 3555 oportuisse
3376 3495 3434 3538 ut
3459 3484 3623 3543 Iesus

2044 3592 2289 3654 tangeret
2342 3582 2572 3651 lapidem
2625 3580 2899 3649 speluncae
2950 3578 3451 3648 superimpositum,
3482 3592 3625 3648 quo-.

2042 3677 2186 3731 niam
2240 3676 2497 3745 spelunca
2540 3685 2956 3730 monumentum
3003 3670 3293 3735 erat;.sed
3327 3673 3623 3741 prtecipere

2044 3777 2253 3823 tantum
2287 3768 2373 3823 bis
2412 3767 2504 3837 qui
2532 3766 2740 3820 muneri
2772 3763 3023 3820 obeundo
3058 3771 3346 3834 praeerant,
3377 3772 3436 3819 ut
3457 3764 3622 3820 tolle-

2047 3873 2167 3927 rent
2193 3862 2425 3931 lapidem
2450 3878 2465 3914 :
2490 3860 2694 3930 justum
2720 3871 2849 3912 vero
2879 3872 3022 3920 esse,
3052 3866 3112 3911 ut
3144 3857 3261 3926 ipse
3287 3856 3457 3913 Iacob
3477 3859 3624 3913 bunt:

2044 3954 2449 4025 superpositum
2470 3952 2553 4008 ori
2574 3950 2744 4021 putei,
2767 3958 2822 4004 et
2842 3948 3148 4004 obstantem
3170 3951 3461 4018 quominus
3488 3963 3625 4004 oves

2046 4046 2292 4101 biberent
2337 4051 2390 4114 (a
2432 4042 2628 4111 quibus
2670 4041 2911 4095 futurum
2948 4047 3092 4099 erat.
3125 4048 3186 4093 ut
3229 4038 3623 4108 adiuvarentur

2047 4136 2275 4202 nobilia,
2299 4147 2355 4190 et
2393 4150 2521 4205 pars
2548 4134 2740 4201 Iacob)
2767 4135 3066 4203 acciperet;
3118 4145 3351 4200 cumque
3379 4132 3446 4187 ad
3478 4133 3623 4186 hunc

2048 4232 2281 4301 lapidem
2315 4228 2661 4290 accessisset,
2712 4226 3017 4282 revolveret
3054 4239 3175 4279 eum
3206 4223 3274 4278 ab
3321 4234 3419 4277 ore
3448 4223 3621 4291 putei,

2047 4337 2105 4380 ut
2133 4335 2315 4395 potum
2368 4322 2526 4375 daret
2557 4318 2750 4374 ovibus
2797 4316 2983 4374 Laban
3032 4320 3221 4375 fratris
3253 4315 3444 4370 matris
3487 4328 3622 4369 suae.

2047 4420 2124 4466 Ae
2152 4410 2400 4480 profecto
2431 4424 2569 4479 opus
2594 4418 2735 4472 erat,
2770 4419 2830 4461 ut
2861 4410 2929 4463 ad
2954 4418 3172 4478 puteum
3199 4409 3316 4475 ipse
3339 4404 3625 4458 accederet

2046 4501 2244 4565 Iacob;
2295 4509 2450 4554 extra
2504 4500 2821 4567 speluncam
2855 4513 2986 4565 vero
3035 4506 3207 4555 staret
3257 4494 3436 4553 Iesus.
3486 4494 3623 4550 Vide

2046 4605 2176 4645 vero
2221 4605 2287 4644 an
2330 4589 2603 4658 inspicere
2644 4586 2822 4657 possis
2861 4587 3214 4657 quamobrem
3244 4582 3622 4654 superpositus

2045 4682 2318 4750 speluncae
2348 4681 2480 4748 lapis
2530 4695 2635 4733 non
2666 4679 2995 4743 revolvatur,
3026 4678 3121 4733 sed
3178 4675 3431 4738 tollatur;
3466 4688 3497 4727 a
3524 4687 3626 4742 pu-

2049 4783 2134 4828 teo
2164 4782 2343 4829 autem
2392 4788 2499 4828 non
2549 4773 2775 4827 omnino
2832 4770 3076 4834 tollatur,
3134 4770 3227 4824 sed
3293 4769 3620 4823 revolvatur.

2046 4866 2343 4937 Oportebat
2395 4867 2613 4936 quidem
2663 4864 2888 4920 omnino
2927 4879 2956 4917 a
2994 4869 3350 4917 monumento
3386 4857 3621 4927 lapidem

2046 4963 2184 5027 tolli,
2215 4974 2316 5014 nec
2348 4972 2564 5013 rursum
2598 4955 2770 5019 volvi;
2830 4953 3061 5009 alterum
3092 4966 3223 5005 veru
3256 4949 3456 5004 revolvi
3496 4958 3622 5003 tan-

2051 5064 2161 5110 turn
2193 5069 2221 5107 a
2250 5062 2412 5122 puteo
2446 5067 2461 5103 :
2503 5047 2756 5119 superius
2778 5044 2923 5100 enim
2954 5043 3157 5097 dictqu
3186 5049 3269 5096 est
3292 5039 3451 5110 371
3478 5039 3622 5108 quod

2051 5184 2067 5200 ο
2155 5183 2171 5199 ο
2251 5181 2266 5196 0
2346 5182 2361 5196 0
2439 5178 2454 5194 0
2530 5176 2548 5195 ο
2625 5176 2640 5190 0
2722 5174 2739 5191 ο
2817 5176 2832 5191 0
2914 5173 2929 5188 0
3014 5172 3027 5187 0
3107 5173 3122 5187 0
3212 5172 3227 5186 0
3320 5168 3336 5184 0
3412 5169 3428 5185 0
3506 5165 3528 5186 ο
3600 5167 3619 5187 ο

2048 5238 2278 5309 gloriam
2348 5235 2463 5299 Dei,
2523 5230 2938 5287 considerantes
3011 5224 3436 5287 magnitudinem
3503 5222 3627 5297 ejus

434 5402 479 5434 “
514 5402 634 5456 Act.
660 5414 759 5463 vn,
779 5396 873 5451 22.
946 5394 993 5426 “
1020 5390 1193 5448 Exod.
1230 5404 1382 5456 τινι,
1406 5380 1465 5443 2.
1536 5385 1583 5417 “
1613 5383 1769 5440 Ioan.
1794 5396 1879 5444 ιι,
1904 5378 1994 5434 '59.
2071 5374 2115 5406 ”
2142 5370 2283 5428 Gen.
2308 5384 2461 5434 xxix,
2486 5367 2542 5431 2,
2567 5367 2621 5420 5.
2698 5364 2746 5397 “
2774 5362 2905 5418 ibid.
2944 5361 3012 5415 10

436 5517 548 5588 (57)
580 5515 761 5588 codex
775 5510 1125 5588 Bodleianus,
1149 5501 1688 5588 recte,-6vﬁaaaea£f_
1703 5495 1935 5588 begins,

372 5564 547 5649 male,
569 5564 881 5658 νέἧῦἆῶοέιέ
914 5564 1125 5658 Ιήιιίιὶθηί
1147 5593 1244 5658 ι)ςο
1270 5564 1434 5657 αῦτόῆ
1461 5575 1578 5658 ἐστι
1844 5564 1938 5617 λα-

370 5637 1060 5724 ϐέῶαιξιιῦυιιιιιάιηοιιιιιιι
1088 5637 1287 5724 legitur
1322 5647 1373 5724 in
1405 5643 1591 5724 codice
1618 5637 1935 5724 B‘odleia‘n-o,

375 5703 1084 5795 perperam
1113 5703 1277 5771 habet
1303 5712 1462 5789 αὐτός
1499 5713 1614 5763 ὲστι
1652 5703 1934 5760 λαϐέσθαι.

651 5820 922 5879 Ρλτιιοι..
947 5812 1064 5873 Gn.
1099 5809 1271 5885 XIV‘9

2117 5487 2229 5560 (58)
2260 5487 2327 5541 El
2358 5482 2426 5537 δὲ
2465 5482 2744 5535 δύνασαι.
2785 5475 3073 5533 Ferrarius
3119 5469 3331 5540 legebat
3368 5467 3442 5523 ἰδὲ
3475 5463 3533 5519 δὲ
3568 5461 3626 5520 ei

2044 5562 2613 5699 δυῖἕὸῗιίῖροείρηται
2642 5618 2775 5699 γᾴρ,
2798 5615 2897 5699 ﬁt}
2929 5614 3112 5666 ἀπε...
3153 5607 3311 5699 Ilaec.
3337 5606 3390 5699 in
3421 5602 3626 5699 codici-

2045 5674 2521 5762 ὶιιιένιίιιιῖἲῖεείο,
2557 5674 2669 5745 ιιιιὸ
2702 5674 3015 5749 Bodleiano,
3046 5680 3254 5748 excipit
3300 5677 3489 5732 lacuna
3533 5674 3622 5730 in-

3228 5770 3313 5832 ‘22
