4196 6392
587 269 696 329 633

2063 282 2385 337 (lRlGENIS

3735 284 3838 336 684

586 392 732 458 ﬁdei,
763 406 884 462 qua:
911 402 997 448 est
1028 395 1094 448 ad
1131 394 1421 463 justitiam,
1458 397 1762 456 credamus.
1790 399 1941 466 Quod
1977 401 2022 454 si
2059 401 2147 455 ali-

2257 400 2414 464 δόξαν
2441 401 2597 466 Θεοῦ,
2632 402 2919 472 νοήσαντες
2941 400 2999 453 τὺ
3022 399 3248 471 μέγεθος
3269 399 3368 470 τῆς
3402 399 3481 463 εἰς
3499 398 3841 469 δικαιοσύνην

584 484 707 551 quis
738 499 804 538 ex
863 499 1048 538 eorum
1119 501 1343 541 numero
1373 487 1462 554 qui
1521 501 1582 539 se
1641 489 1938 543 credidisse
1969 490 2156 545 existi-

585 586 755 636 mant,
796 577 1030 629 nondum
1064 575 1291 646 gloriam
1323 578 1414 632 Dei
1451 579 1605 646 vidit,
1639 580 1685 634 is
1711 581 1887 636 discat
1915 596 1974 636 se
2005 583 2156 653 argui

585 681 690 721 non
721 666 1038 735 credidisse,
1068 682 1132 722 eo
1157 669 1299 738 quod
1333 672 1571 725 nondum
1600 672 1739 726 vidit
1764 673 1992 742 gloriam
2019 676 2111 728 Dei
2141 692 2154 728 :

584 757 802 811 mentiri
835 757 1035 811 etenim
1082 757 1174 813 ille
1206 773 1311 813 non
1347 760 1517 823 novit,
1559 762 1652 830 qui
1703 777 1809 815 non
1845 763 2018 816 solum
2063 763 2154 816 uni

583 845 828 911 Marthae,
860 861 1047 901 verum
1077 847 1244 902 etiam
1279 849 1584 920 cuicunque
1612 851 1745 907 dicit
1783 871 1796 906 :
1840 871 1858 904 ι
1895 853 1952 909 Si
1983 855 2156 910 credi-

582 936 746 1002 deris.
781 937 990 994 videbis
1028 938 1260 1010 gloriam
1294 939 1390 995 Dei
1422 940 1488 996 ⁸⁷.
1529 960 1549 994 ι

651 1116 704 1171 5.
739 1133 759 1168 ι
801 1115 1150 1173 Sustulerunt
1180 1132 1309 1186 ergo
1330 1118 1566 1188 lapidem
1594 1119 1660 1172 ⁸³.
1708 1138 1728 1172 ι
1762 1121 1831 1178 Ut
1863 1121 2000 1193 lapis
2026 1136 2153 1192 spe-

580 1203 754 1261 luncae
782 1206 1070 1277 impositus
1097 1208 1304 1264 tardius
1341 1209 1656 1274 tolleretur,
1707 1225 1864 1266 soror
1908 1212 2152 1270 defuncti

577 1291 707 1354 fecit
735 1310 752 1352 :
778 1312 898 1366 qua:
926 1298 1090 1352 veluti
1115 1298 1221 1362 his,
1247 1299 1446 1368 quibus
1471 1300 1715 1370 jusscrat
1738 1301 1900 1358 Jesus
1929 1302 2151 1359 dicens:

583 1407 604 1443 ι
643 1389 838 1445 Tollite
873 1391 1124 1460 lapidem,
1160 1409 1178 1441 ι
1218 1392 1453 1456 obstitit,
1487 1407 1614 1446 cum
1650 1393 1880 1448 dixisset
1919 1412 1934 1448 :
1968 1412 1988 1444 ι
2035 1392 2154 1448 Jam

579 1479 745 1544 fetet;
781 1481 1176 1551 quatriduanus
1203 1481 1347 1535 enim
1374 1491 1458 1535 est
1485 1483 1562 1549 ";
1607 1501 1624 1532 ι
1667 1494 1722 1538 et
1746 1499 1877 1538 sane
1911 1484 1961 1537 ni
1997 1499 2152 1540 coer-

577 1573 684 1626 cita
723 1572 914 1628 fuisset
960 1573 1188 1628 Martha:
1236 1573 1556 1638 infidelitas,
1609 1575 1826 1631 dicente
1867 1576 1940 1629 illi
1971 1575 2099 1632 Jesu
2135 1596 2151 1632 :

582 1687 600 1719 ι
639 1667 828 1722 Nonne
855 1669 964 1722 dixi
999 1670 1115 1731 tibi,
1150 1670 1289 1737 quod
1340 1669 1383 1723 si
1429 1669 1748 1734 credideris,
1786 1669 1994 1725 videbis
2031 1671 2149 1740 glo-

2261 489 2614 560 λογιζομένης
2641 490 2750 560 (60)
2795 491 3029 553 πίστεως
3063 490 3459 559 πιστεύσωμεν.
3496 490 3558 541 Εἰ
3577 489 3634 541 δέ
3660 506 3742 550 τις
3759 490 3842 541 οὺ-

2259 582 2406 635 δέπω
2444 576 2549 634 εἶδε
2599 580 2712 652 (61)
2744 581 2842 652 τὴν
2886 579 3042 646 δόξαν
3072 581 3206 633 Θεοῦ
3237 579 3342 632 τῶν
3377 579 3639 650 οἰομένων
3677 596 3838 631 πεπιμ

2261 675 2561 735 στευκέναι,
2595 673 2908 744 μανθανέτω
2944 674 3075 744 (62),
3107 676 3188 728 ὅτι
3225 675 3527 746 ἐλέγχεται,
3555 671 3622 724 δι’
3647 663 3722 724 ὧν
3751 671 3841 722 οὐ·

2257 764 2404 816 δέπω
2446 759 2554 817 εἶδε
2607 764 2708 835 τὴν
2747 762 2906 829 δόξαν
2959 763 3054 816 τοῦ
3101 764 3257 829 Θεοῦ,
3311 765 3385 836 μὴ
3435 759 3836 823 πεπιστευκώς·

2258 855 2492 926 ἀψευδὴς
2535 854 2643 926 γὰρ
2687 856 2715 906 ὁ
2745 853 2819 924 μὴ
2850 853 3052 924 Μάρθᾳ
3087 853 3243 927 μόνῃ,
3275 853 3409 907 ἀλλὰ
3439 852 3531 906 καὶ
3569 851 3732 904 παντί
3762 865 3840 917 τῳ

2257 941 2429 1010 λέγων
2472 942 2552 996 τό·
2601 961 2619 995 ι
2678 943 2805 997 Ἐἀν
2854 941 3172 1015 πιστεύσῃς,
3231 942 3332 1013 όψε
3391 942 3490 1012 τὴν
3525 940 3686 1005 δόξαν
3744 938 3838 991 τοῦ

2257 1032 2414 1086 Θεοῦ.
2455 1053 2473 1084 ι

2327 1125 2379 1179 5.
2417 1144 2436 1176 ι
2458 1120 2641 1196 ’Ἦραν
2671 1120 2764 1178 οῦν
2791 1124 2884 1178 τὸν
2905 1123 3070 1177 λίθον.
3101 1143 3120 1174 ι
3159 1123 3222 1176 Ἥ
3254 1120 3522 1193 βραδύτης
3548 1118 3643 1172 τοῦ
3673 1117 3838 1190 ἀρθῆ-

2257 1232 2344 1268 ναι
2376 1215 2466 1268 τὸν
2497 1215 2840 1285 ἐπικείμενον
2865 1213 2943 1284 τῷ
2976 1213 3224 1286 σπηλαίῳ
3240 1213 3386 1266 λίθον
3422 1211 3529 1265 ἀπὸ
3554 1210 3656 1280 τῆς
3680 1209 3838 1264 ἀδελ-

2257 1307 2365 1375 φῆς
2391 1305 2484 1359 τοῦ
2511 1305 2954 1376 τετελευτηκότος
2985 1305 3295 1376 γεγένηται·
3330 1303 3493 1357 οἱονεὶ
3513 1302 3622 1374 γὰρ
3654 1299 3842 1356 ἐνεπό-

2254 1397 2400 1450 δισεν
2431 1394 2512 1461 οἷς
2538 1397 2869 1468 προσέταξεν
2900 1398 2930 1450 ὁ
2966 1396 3191 1467 Ἰησοῦς,
3221 1394 3407 1449 εἰπών·
3450 1412 3470 1446 ι
3515 1395 3578 1446 Ἀ
3591 1410 3719 1463 ρατε
3744 1392 3840 1446 τὸν

2255 1489 2422 1552 λίθον,
2453 1509 2471 1541 ι
2498 1491 2735 1560 φήσασα·
2776 1507 2794 1540 ι
2828 1489 2966 1560 Ἤδη
3002 1489 3135 1553 δζει·
3168 1489 3480 1558 τεταρταῖος
3508 1486 3617 1557 γάρ
3640 1488 3780 1539 ἐστι·
3811 1504 3833 1539 ο

2256 1580 2350 1633 καὶ
2381 1581 2430 1632 εί
2467 1580 2541 1651 μὴ
2566 1578 2869 1632 ὲκεκώλυτό
2935 1596 2999 1647 γε
3031 1580 3064 1650 η
3091 1579 3188 1649 τῆς
3217 1577 3446 1648 Μάρθας
3471 1575 3720 1638 ἀπιετία,
3756 1575 3838 1627 εί-

2256 1672 2447 1734 πόντος
2495 1671 2632 1741 αὐτῇ
2676 1669 2769 1723 τοῦ
2796 1669 3002 1740 Ἰησοῦ·
3041 1689 3059 1721 ‹
3114 1671 3229 1723 Οὐκ
3271 1663 3426 1721 εἶπόν
3463 1685 3564 1732 σοι,
3605 1667 3710 1729 ὅτι,
3741 1665 3840 1719 ὲάν

578 1760 709 1814 riam
743 1759 834 1813 Dei
863 1759 1018 1813 5°“?
1042 1780 1060 1813 ι
1094 1761 1510 1829 haudquaquam
1539 1762 1631 1827 qui
1658 1762 1962 1828 audierant,
1987 1783 2005 1814 ι
2031 1763 2147 1818 Tol-

2259 1759 2820 1832 πιστεύσῃς,ὖψειτὴν
2839 1757 2993 1823 δόξαν
3013 1758 3104 1812 τοῦ
3125 1758 3260 1811 Θεοῦ
3282 1775 3297 1823 ;
3333 1777 3352 1809 ι
3385 1757 3485 1810 οὐκ
3509 1756 3575 1810 ἂν
3603 1758 3654 1809 οί
3682 1754 3819 1809 ἀκού

577 1852 668 1905 lite
695 1850 950 1920 lapidem,
991 1871 1008 1903 ι
1043 1855 1394 1908 sustulissent
1431 1853 1686 1922 lapidem.
1716 1855 1830 1922 Age
1861 1856 2007 1910 enim
2053 1873 2149 1926 po-

576 1951 753 2004 natur,
795 1959 916 1998 cum
963 1944 1168 1999 diceret
1194 1943 1370 2010 .lesus,
1411 1963 1429 1996 ι
1468 1944 1663 2000 Tollite
1720 1947 1971 2016 lapidem,
2013 1969 2031 2002 ι
2063 1951 2152 2004 de-

575 2033 744 2088 functi
775 2049 1018 2089 sororem
1048 2051 1146 2091 nec
1177 2037 1543 2106 respondisse,
1579 2053 1676 2092 nec
1701 2038 1912 2094 dixisse
1941 2059 1953 2094 :
1982 2060 2002 2092 «
2031 2040 2148 2095 Jam

575 2121 728 2188 fetet,
757 2125 1152 2193 quatriduanus
1188 2127 1332 2182 enim
1358 2137 1471 2193 est;
1513 2145 1532 2179 ι
1559 2128 1685 2196 quid
1703 2139 2017 2184 secuturum
2035 2129 2152 2186 fue-

574 2223 680 2281 rat,
709 2217 837 2284 quia
880 2217 1146 2286 scriptum
1197 2216 1431 2273 fuisset:
1472 2237 1490 2268 ι
1529 2217 1670 2271 Dicit
1701 2216 1860 2273 Jesus
1905 2235 1919 2272 :
1957 2219 2152 2275 Tollite

574 2307 830 2378 lapidem,
891 2327 911 2360 ι
963 2310 1092 2375 nisi,
1136 2327 1154 2359 ι
1202 2310 1540 2365 sustulerunt
1573 2310 1741 2380 igitur
1777 2311 2008 2382 lapidem
2050 2314 2074 2366 ?
2126 2334 2145 2367 ι

573 2397 726 2455 Nunc
752 2408 932 2455 autem
961 2415 1080 2469 qua:
1106 2400 1366 2455 dicuntur
1399 2417 1428 2454 a
1457 2417 1645 2457 sorore
1687 2403 1950 2469 defuncti,
2011 2405 2152 2460 inter

571 2491 679 2548 hoc
721 2493 963 2560 dictum,
1018 2512 1037 2546 ι
1075 2494 1274 2550 Tollite
1325 2494 1581 2563 lapidem,
1621 2514 1639 2548 ι
1673 2503 1728 2549 et
1784 2498 1926 2551 inter
1980 2499 2148 2562 illud,

577 2601 598 2635 ι
630 2585 969 2639 sustulerunt
1013 2585 1179 2655 igitur
1226 2585 1486 2652 lapidem,
1519 2604 1537 2636 ι
1571 2586 1959 2654 impedimento
1999 2589 2149 2644 luere

573 2674 864 2744 quominus
893 2675 1182 2730 tolleretur
1208 2674 1364 2745 lapis.
1389 2675 1469 2729 Ac
1499 2689 1564 2728 ne
1589 2676 1699 2730 ullo
1727 2679 1943 2746 quidem
1964 2681 2145 2745 modo,

572 2765 736 2819 etiam
781 2767 825 2820 si
875 2782 1028 2833 sero,
1078 2765 1323 2821 sublatus
1369 2764 1592 2830 fuisset,
1643 2768 1746 2821 nisi
1806 2771 2147 2838 respondens

570 2853 732 2913 Iesus
771 2857 838 2912 ad
884 2858 1026 2912 illius
1081 2857 1518 2912 incredulitatem
1569 2859 1797 2913 dixisset
1843 2879 1856 2912 :
1893 2879 1912 2911 ‹
1950 2861 2144 2917 Nonne

572 2947 680 3007 dixi
703 2948 818 3014 tibi,
841 2947 984 3016 quod
1009 2948 1054 3002 si
1105 2945 1426 3010 credideris,
1456 2947 1664 3001 videbis
1700 2947 1924 3018 gloriam
1965 2951 2096 3006 Dei?
2121 2971 2140 3004 ι

571 3038 932 3106 Quamobrem
966 3039 1163 3093 bonum
1189 3046 1292 3104 est,
1321 3040 1364 3094 si
1393 3055 1514 3094 cum
1535 3039 1667 3110 quid
1701 3043 1897 3112 cuique
1917 3044 2144 3111 jusserit

571 3131 853 3195 Dominus,
905 3131 952 3185 is
997 3131 1129 3184 nihil
1176 3132 1569 3201 interposuerit
1608 3132 1752 3186 inter
1795 3133 2142 3205 ejusjussio-

569 3237 692 3277 nem
741 3230 796 3278 et
845 3223 1030 3291 operis
1075 3223 1479 3293 impletionem;
1532 3225 1839 3294 opinorque
1891 3242 2025 3281 sane
2069 3227 2143 3290 ei,

567 3314 660 3381 qui
694 3314 958 3384 ejusmodi
996 3328 1097 3381 est,
1123 3317 1415 3370 convenire
1445 3325 1505 3368 ut
1529 3330 1586 3369 se
1627 3315 1958 3370 imitatorem
1989 3318 2148 3371 Chri-

569 3403 640 3458 sti
680 3402 878 3460 factum
914 3418 1037 3459 esse
1063 3404 1230 3460 dicat.
1268 3404 1333 3460 Ut
1355 3405 1498 3459 enim
1527 3405 1748 3460 Christo
1777 3423 1794 3456 ι
1822 3407 1958 3460 dixit
1983 3406 2142 3473 Deus,

567 3503 624 3550 et.
669 3495 808 3550 facta
851 3507 1010 3561 sunt;
1073 3495 1368 3560 mandavit,
1415 3505 1471 3550 et
1518 3505 1701 3551 creata
1754 3506 1879 3550 sunt
1904 3496 1983 3562 5';
2017 3514 2036 3548 ι
2066 3497 2146 3552 sic

569 3584 708 3639 fideli
743 3601 864 3640 cum
895 3586 1030 3640 dixit
1051 3585 1324 3651 Christus,
1350 3585 1524 3640 fidelis
1555 3585 1715 3653 fecit;
1741 3601 1866 3640 cum
1891 3585 2144 3642 Christus

569 3678 802 3739 mandat,
841 3677 930 3731 ille
960 3679 1270 3732 mandatum
1304 3676 1571 3746 implevit,
1597 3676 1732 3730 nihil
1764 3690 1930 3730 mora:
1973 3676 2142 3729 inter—

565 3782 803 3838 ponens;
838 3769 920 3823 vel
947 3769 1048 3824 sibi
1081 3769 1406 3823 damnificus
1432 3770 1538 3822 erit
1588 3768 1980 3832 inobedientia,
2016 3768 2140 3834 quia

567 3858 870 3915 intercedat
892 3869 1106 3928 tempus
1133 3861 1277 3914 inter
1307 3859 1592 3930 imperium
1626 3869 1681 3913 et
1713 3859 1927 3928 imperii
1953 3857 2140 3927 exple-

570 3953 794 4008 t-ionem.
861 3952 1187 4007 Existimare
1231 3952 1375 4007 enim
1425 3951 1688 4008 debemus
1733 3959 1942 4018 tempus
1987 3950 2138 4015 illud,

567 4047 709 4116 quod
737 4047 1086 4112 interponunt
1111 4043 1300 4112 aliqui,
1351 4054 1538 4113 postea
1573 4033 1825 4096 mandata
1851 4041 2136 4105 facientes,

569 4143 779 4200 tempus
808 4147 928 4187 esse
954 4132 1333 4187 inobedientim
1364 4132 1639 4200 praecepti.
1701 4131 1850 4186 Hanc
1877 4133 2040 4184 etiam
2071 4129 2141 4183 ob

566 4239 786 4278 causam
813 4225 905 4293 qui
926 4224 1149 4294 jubetur
1184 4239 1214 4277 a
1248 4234 1400 4292 patre
1428 4224 1481 4276 in
1509 4223 1783 4292 Evangelii
1816 4222 2071 4292 parabola
2092 4222 2139 4254 ⁸³

565 4317 833 4387 proficisci
861 4319 915 4372 in
943 4332 1154 4386 agrum,
1187 4325 1243 4372 et
1271 4317 1513 4385 operari,
1548 4317 1673 4385 quia
1709 4331 1813 4371 non
1847 4314 2138 4371 confestim

2257 1870 2468 1912 σαντες·
2511 1871 2529 1904 ι
2572 1852 2772 1925 Ἄρατε
2803 1852 2895 1905 τὸν
2924 1853 3088 1915 λίθον,
3137 1871 3155 1903 ι
3190 1848 3331 1922 ἦραν
3371 1850 3462 1903 τὸν
3493 1849 3659 1902 λίθον.
3700 1849 3836 1920 Φέρε

2252 1944 2360 2015 γὰρ
2390 1943 2510 1997 καθ’
2533 1943 2807 2007 ὑπόθεσιν,
2838 1943 3081 2007 εἰπόντος
3103 1942 3195 1996 τοῦ
3229 1940 3424 2012 Ἰησοῦ·
3451 1959 3469 1992 ι
3511 1942 3716 2011 ’Ἄρατε
3742 1941 3837 1993 τὸν

2251 2033 2415 2097 λίθον,
2456 2053 2472 2084 ι
2511 2034 2584 2104 μὴ
2617 2033 3012 2104 άποκεκρῖσθαι
3041 2033 3140 2105 τὴν
3177 2031 3410 2102 ἀδελφὴν
3456 2031 3550 2082 τοῦ
3590 2029 3830 2082 τετελευ-

2249 2126 2494 2197 τηκότος,
2525 2125 2658 2195 μηδὲ
2689 2125 2982 2196 εἰρηκέναι·
3020 2144 3038 2175 ι
3071 2124 3206 2194 Ἤδη
3237 2122 3369 2186 ὄζει·
3388 2124 3702 2190 τεταρταῖος
3726 2122 3836 2194 γάρ

2251 2219 2390 2282 ἐστι,
2424 2237 2441 2268 ι
2473 2217 2526 2270 τί
2570 2214 2662 2272 οὖν
2711 2217 3072 2288 ἠκολούθησεν
3111 2215 3176 2270 ἂν
3212 2214 3371 2268 τοῦτο
3417 2214 3748 2283 γεγράφθαι,
3799 2214 3832 2285 ἢ

2251 2310 2407 2362 τοῦτο
2453 2309 2479 2361 ὃ
2529 2309 2735 2374 λέγειὸ
2778 2308 3002 2380 Ἰησοῦς·
3039 2329 3058 2360 ι
3098 2312 3299 2379 Ἀρατε
3350 2307 3441 2360 τὸν
3485 2307 3650 2370 λίθον,
3689 2303 3835 2379 ἦραν

2249 2398 2342 2456 οῦν
2375 2403 2465 2456 τὸν
2493 2403 2638 2455 λίθον
2660 2403 2748 2471 (62
2773 2403 2821 2474 );
2852 2423 2869 2453 ι
2892 2403 3028 2455 Νυνὶ
3043 2401 3096 2454 δὲ
3116 2401 3317 2471 μεταξὺ
3335 2401 3447 2454 τοῦ·
3485 2420 3502 2452 ι
3520 2402 3720 2472 Ἀρατε
3739 2401 3834 2454 τὸν

2251 2491 2417 2555 Λίθον,
2462 2511 2478 2542 ι
2517 2493 2610 2545 καὶ
2640 2491 2758 2545 τοῦ·
2791 2510 2810 2542 ι
2845 2488 3026 2563 τΗραν
3063 2487 3155 2544 οῦν
3187 2491 3276 2544 τὸν
3315 2491 3480 2557 λίθον,
3520 2512 3538 2543 ι
3576 2492 3646 2544 τὰ
3678 2494 3834 2564 είρη-

2255 2583 2388 2652 μένα
2424 2583 2530 2635 ὑπὸ
2562 2584 2659 2653 τῆς
2693 2582 2925 2653 ἀδελφῆς
2951 2581 3041 2635 τοῦ
3071 2583 3518 2653 τετελευτηκότος
3551 2584 3832 2637 ἐνεπόδισε

2249 2673 2327 2743 τῷ
2354 2674 2583 2745 ἀρθῆναι
2617 2674 2706 2724 τὸν
2752 2672 2918 2728 λίθον.
2957 2672 3065 2725 Καὶ
3102 2672 3202 2725 οὐκ
3240 2671 3304 2726 ἂν
3327 2672 3448 2725 οὐδὲ
3493 2671 3591 2742 τὴν
3630 2673 3831 2743 ἀρχὴν,

2251 2764 2353 2817 κᾶν
2391 2764 2625 2835 βράδιον,
2656 2763 2817 2835 ἤρθη,
2852 2766 2899 2816 εί
2937 2763 3011 2834 μὴ
3039 2761 3358 2832 ἀποκριθεὶς
3388 2765 3416 2816 ὁ
3457 2762 3660 2832 Ἰησοῦς
3691 2763 3833 2832 πρὸς

2249 2856 2345 2926 τὴν
2372 2855 2583 2926 ἐκείνης
2599 2856 2856 2909 ἀπιστίαν
2885 2857 3096 2927 εἰρήκει
3129 2855 3208 2907 τό·
3244 2873 3262 2904 ι
3291 2855 3403 2906 Οὐκ
3425 2848 3575 2908 εἶπόν
3600 2872 3699 2918 σοι,
3721 2856 3829 2920 ὅτι,

2248 2945 2343 2998 ὲάν
2376 2947 2689 3018 πιστεύσῃς,
2728 2947 2848 3017 ὄψει
2887 2946 2986 3017 τὴν
3012 2945 3169 3010 δόξαν
3205 2945 3298 2998 τοῦ
3348 2944 3523 3010 Θεοῦ;
3581 2964 3599 2995 ι
3647 2944 3833 3000 Καλὸν

2248 3033 2340 3090 οῦν
2371 3039 2431 3090 τὸ
2460 3038 2623 3108 μηδὲν
2648 3038 2900 3106 γενέσθαι
2925 3037 3125 3108 μεταξὺ
3152 3029 3455 3107 τῆςΊησοῦ
3479 3037 3830 3108 προστάξεως

2247 3128 2462 3182 καὶτοῦ
2498 3130 2604 3182 ἀπὸ
2642 3128 2749 3181 τῶν
2792 3129 3281 3199 προστασσομένων
3328 3129 3456 3199 περὶ
3495 3122 3570 3181 ὧν
3617 3129 3829 3199 Ἰησοῦς

2245 3221 2544 3285 ἐκέλευσεν,
2589 3219 2748 3290 ἔργου
2797 3221 2928 3291 (65).
2987 3221 3097 3272 Καὶ
3147 3215 3300 3290 οἶμαί
3344 3236 3407 3288 γε
3459 3220 3716 3290 ἁρμόσειν
3747 3220 3831 3290 τῷ

2245 3311 2468 3381 τοιούτῳ
2494 3313 2687 3375 εἰπεῖν,
2708 3313 2787 3364 ὅτι
2816 3309 3057 3381 μιμητὴς
3086 3311 3274 3378 γέγονε
3322 3310 3579 3381 Χριστοῦ·
3607 3313 3683 3374 ὡς
3715 3311 3828 3382 γὰρ

2243 3403 2417 3471 τούτῳ
2448 3422 2465 3453 ι
2508 3400 2658 3455 εἶπεν
2703 3405 2730 3455 ὁ
2765 3403 2916 3465 Θεὸς,
2967 3401 3060 3455 καὶ
3104 3401 3459 3472 ἐγενήθησαν·
3499 3403 3825 3467 ἐνετείλατο,

2244 3496 2337 3546 καὶ
2373 3495 2717 3564 ἐκτίσθησαν·
2762 3513 2778 3544 ι
2813 3493 2985 3555 οὕτως
3021 3492 3096 3562 τῷ
3136 3492 3311 3562 πιστῷ
3349 3488 3468 3544 εἶπε
3499 3493 3596 3562 μὲν
3629 3495 3657 3545 ὁ
3689 3495 3826 3565 Χρι-

2246 3587 2388 3650 στὸς,
2426 3587 2692 3656 πεποίηκε
2741 3586 2797 3639 δὲ
2838 3578 3014 3648 οὗτος·
3056 3585 3148 3638 καὶ
3197 3586 3499 3638 ἐνετείλατο
3544 3578 3698 3647 οὗτος
3727 3585 3824 3639 τοῦ

2243 3679 2376 3732 Θεοῦ
2409 3679 2541 3750 (64),
2585 3672 2742 3742 οὗτος
2787 3677 2843 3730 δὲ
2871 3678 2970 3747 τὴν
2999 3677 3218 3748 ἐντολὴν
3266 3677 3615 3749 πεπλήρωκε,
3655 3676 3825 3748 μηδὲν

2243 3771 2630 3842 ὑπερθέμενος,
2684 3770 2816 3841 μηδὲ
2861 3768 3146 3839 ζημιώσας
3196 3769 3388 3822 ἑαυτὸν
3433 3771 3682 3840 παρακοῇ
3725 3766 3823 3821 τοῦ

2247 3860 2447 3932 μεταξὺ
2475 3863 2572 3932 τῆς
2597 3860 2942 3932 προστάξεως
2971 3861 3064 3914 καὶ
3095 3859 3188 3914 τοῦ
3227 3861 3389 3931 ἔργου
3420 3861 3635 3933 χρόνου·
3669 3878 3820 3930 νομι-

2243 3955 2394 4008 στέον
2429 3954 2536 4025 γὰρ
2573 3953 2650 4024 τῷ
2689 3954 2910 4025 ὓστερον
2963 3953 3204 4006 ποιοῦντι
3241 3955 3302 4007 τὸ
3343 3952 3820 4024 προστεταγμένον

2245 4044 2530 4115 παρακοῆς
2579 4044 2768 4115 χρόνον
2821 4039 2958 4097 εἶναι
3001 4043 3260 4114 περὶτῆς
3309 4043 3544 4112 ἐντολῆς,
3589 4040 3678 4093 τὸν
3719 4041 3818 4109 τῆς

2241 4135 2526 4205 ἀναϐολῆς.
2558 4135 2655 4188 Διά
2693 4133 2850 4187 τοῦτο
2893 4135 2949 4187 δὲ
2994 4135 3086 4187 καὶ
3119 4136 3148 4188 ὁ
3195 4136 3252 4187 ἐν
3284 4137 3347 4204 τῇ
3391 4131 3672 4203 παραϐολῇ
3721 4127 3815 4181 τοῦ

2241 4225 2572 4294 Εὑαγγελίου
2603 4225 2960 4296 προσταχθεὶς
2988 4225 3091 4277 ὑπὸ
3133 4221 3225 4275 τοῦ
3258 4221 3461 4292 πατρὸς
3487 4217 3816 4289 πορευθῆναι

2242 4319 2322 4378 είς
2349 4316 2439 4368 τὸν
2460 4315 2649 4386 ἀγρὸν,
2675 4317 2769 4368 καὶ
2797 4314 3152 4385 ἐργάσασθαι,
3181 4312 3255 4383 μὴ
3296 4310 3636 4382 παραχρῆμα
3661 4308 3816 4379 ποιήο

564 4407 714 4473 fecit,
769 4409 862 4462 sed
914 4407 1134 4477 quando
1192 4406 1513 4475 pcenitentia
1569 4415 1764 4464 motus.
1795 4407 1946 4473 abiit,
1975 4406 2136 4477 372

2250 4426 2362 4472 σας,
2400 4408 2512 4462 ἀλλ’
2559 4409 2650 4462 ὅτε
2696 4407 2920 4477 ὕστερον
2968 4404 3362 4476 μεταμεληθεὶς
3397 4401 3655 4474 ἀπῆλθεν,
3713 4401 3816 4455 οὐκ

565 4516 670 4556 non
712 4500 840 4555 fecit
881 4501 1217 4556 voluntatem
1269 4500 1443 4570 patris
1488 4514 1584 4568 per
1615 4500 1668 4554 id
1715 4510 1945 4568 tempus,
1993 4501 2136 4567 quod

2250 4500 2463 4570 εποίησε
2489 4499 2552 4552 τὸ
2580 4499 2787 4570 θέλημα
2812 4497 2904 4551 τοῦ
2945 4496 3148 4568 πατρὸς
3181 4496 3238 4547 ὲν
3269 4493 3346 4564 τῷ
3379 4493 3484 4564 πρὸ
3510 4493 3610 4562 τῆς
3647 4508 3782 4562 μετα
3800 4520 3812 4528 -

565 4593 892 4654 intercessit,
921 4602 1216 4662 antequam
1261 4592 1578 4660 poenitentia
1615 4600 1952 4644 moveretur.
1992 4589 2137 4656 Quo—

2250 4587 2460 4658 μελείας
2479 4588 2675 4657 χρόνῳ.
2704 4587 2902 4658 Διόπερ
2926 4585 3322 4656 μνημονευτέον
3352 4582 3468 4636 τοῦ·
3511 4601 3529 4633 ι
3556 4582 3649 4653 Μὴ
3679 4579 3812 4634 ἀνά-

563 4685 707 4739 circa
729 4699 998 4738 memores
1022 4683 1191 4738 simus
1219 4695 1441 4737 necesse
1461 4693 1548 4736 est
1581 4682 1726 4736 illius
1750 4681 1881 4736 dicti
1924 4699 1937 4734 ε
1989 4699 2009 4733 ι
2060 4680 2137 4735 Ne

2250 4698 2371 4751 μενε
2405 4680 2514 4750 (65)
2533 4678 2854 4749 ἐπιπρέψαι
2888 4677 3022 4746 πρὸς
3053 4676 3274 4748 Κύριον,
3313 4675 3448 4746 μηδὲ
3473 4673 3810 4744 ὑπερϐάλλον

563 4776 933 4844 percuncteris
980 4775 1182 4829 reverti
1223 4776 1290 4829 ad
1339 4775 1650 4836 Dominum,
1700 4788 1874 4841 neque
1917 4772 2136 4828 din‘eras

2250 4771 2450 4841 ἡμέραν
2473 4769 2532 4835 ἐξ
2559 4769 2790 4841 ἡμέρας,
2826 4787 2843 4818 ι
2881 4767 3110 4821 καὶτοῦ·
3153 4786 3170 4818 ι
3210 4767 3300 4838 Μὴ
3326 4765 3506 4837 εἴπῃς·
3547 4762 3809 4816 Ἐπανελ-

563 4868 628 4920 de
659 4868 748 4921 die
776 4867 828 4920 iu
854 4867 996 4921 diem
1015 4867 1094 4932 5‘;
1118 4885 1137 4919 ι
1161 4876 1215 4921 et
1243 4866 1384 4920 illius
1417 4883 1431 4919 :
1467 4885 1486 4917 ι
1518 4864 1592 4919 Ne
1617 4865 1821 4919 dixeris
1851 4882 1864 4918 :
1899 4865 2134 4920 Rediens

2250 4864 2346 4919 θὼν
2374 4866 2634 4936 ἐπάνηκε,
2663 4863 2756 4915 καὶ
2777 4859 2965 4932 αύριον
2987 4860 3162 4923 δώσω,
3195 4858 3418 4912 δυνατοῦ
3447 4874 3539 4910 σου
3565 4855 3715 4921 ὄντος
3747 4850 3808 4910 εὖ

563 4958 701 5022 redi,
731 4968 787 5014 et
820 4973 947 5013 cras
968 4958 1108 5012 dabo
1141 4958 1260 5020 tibi,
1287 4974 1408 5012 cum
1441 4957 1615 5027 possis
1643 4957 1961 5011 beneficium
1996 4971 2130 5010 con-

2250 4963 2431 5013 ιτοιεῖν.
2471 4977 2489 5010 ι
2531 4958 2652 5030 Χρὴ
2685 4955 2860 5009 τοίνυν
2894 4953 3227 5024 κατηγορίαν
3256 4949 3496 5023 νομίζειν
3537 4945 3674 5004 εἶναι
3709 4947 3809 5019 τῆς

661 5049 704 5080 ⁸⁷
730 5049 884 5104 Joan.
915 5049 1075 5112 “,40
1201 5049 1394 5103 “Ibid.
1416 5051 1504 5105 41.
1600 5049 1644 5081 ⁶⁹
1669 5048 1907 5103 lbid.59.
2001 5049 2147 5104 ³¹⁰·’”]

559 5117 786 5174 “Eccli.
811 5134 863 5174 v.
887 5119 943 5172 8.

2257 5091 2270 5105 .
2311 5053 2404 5107 40.
2516 5049 2722 5105 "Psal.
2751 5047 3000 5112 xxxn,9.
3114 5045 3160 5078 ⁸³
3182 5045 3374 5099 Matth.
3426 5059 3540 5104 xxI,
3582 5042 3675 5108 ‘28,
3712 5040 3810 5100 29.

561 5225 693 5282 gens
722 5211 947 5277 paginas
973 5209 1088 5264 fere
1110 5211 1244 5282 duas
1267 5213 1571 5280 complexa,
1623 5225 1783 5282 quam
1817 5209 1886 5282 in
1933 5209 2126 5282 codice
2231 5211 2394 5282 male,

563 5225 693 5276 gens
722 5211 947 5277 paginas
973 5209 1088 5264 fere
1110 5211 1244 5266 duas
1267 5213 1571 5280 complexa,
1623 5225 1783 5282 quam
1833 5209 1886 5262 in
1933 5209 2126 5265 codice

563 5280 746 5331 itidem
781 5294 882 5333 suo
919 5283 1117 5349 reperit
1145 5280 1472 5346 Ferrarius;
1505 5283 1648 5336 unde
1679 5291 1786 5334 tres
1816 5278 1934 5332 illos
1971 5281 2123 5333 codi-

2250 5211 2394 5266 nale.
2453 5207 2799 5280 μανθάνεται.

2304 5280 2438 5349 (62')
2477 5281 2673 5349 Locus,
2701 5286 2759 5330 ut
2789 5274 3014 5349 videtur,
3041 5271 3352 5349 mendosus,

3421 5237 3539 5326 uem
3571 5270 3654 5324 vel
3705 5269 3806 5327 ali-

563 5363 655 5418 ces
678 5363 743 5400 ex
772 5364 878 5418 uno
911 5341 1059 5418 fonte
1088 5349 1358 5418 profectos
1388 5341 1556 5406 fuisse
1586 5350 1929 5418 perspicuum
1969 5358 2072 5418 est.
2236 5341 2319 5404 ιρι·
2387 5341 2518 5408 legit
2589 5347 2674 5402 vel
2738 5343 3174 5411 conjecturaliter
3226 5341 3460 5396 reddidit
3509 5342 3779 5408 interpres
3874 5399 3878 5418 ί

637 5417 747 5491 (60)
773 5417 952 5472 Codex
988 5403 1209 5488 Regius,
1243 5420 1401 5486 male,
1682 5403 2022 5490 δὶκαιοσύνης
2046 5417 2128 5471 λο-

2250 5423 2385 5491 Eutr.
2431 5403 2713 5491 βλημα.-
3053 5482 3075 5491 _
3263 5479 3301 5491 ἢ
3382 5479 3391 5488 ι
3518 5479 3540 5491 η
3652 5403 3665 5408 “

558 5479 869 5558 γιξομέντιςο
1029 5479 1096 5558 ξ’
1276 5479 1289 5485 ’
1388 5479 1398 5486 ’
1611 5479 1649 5491 ’⁷
1729 5553 1767 5558 ,ί
1903 5555 1931 5558 _
1980 5479 2016 5490 "

2305 5488 2418 5558 (ϋό)
2459 5490 2636 5558 codex
2677 5484 3028 5558 Bodleianus,
3052 5479 3712 5558 Epyou,_[iegitts,_§pycqv.

633 5548 745 5626 (61)
788 5548 971 5611 Codex
1029 5555 1383 5621 Bodleianus,
1421 5557 1646 5626 optime,
1701 5553 1842 5610 εἶδε·
1901 5555 2124 5624 Regius,

2307 5548 2422 5626 (64)
2455 5553 2644 5621 Οὗτος
2677 5554 2783 5626 τοῦ
3009 5548 3152 5626 Lege
3181 5568 3196 5604 :
3223 5552 3251 5603 ὁ
3279 5548 3697 5626 [ἰὸς-τοῦιθεοῦ,

563 5617 868 5709 "ﬁliai":
963 5695 1002 5709 ..
1368 5617 1377 5621 ⁷
1458 5617 1473 5626 ’
1634 5617 1662 5709 ἠ
1746 5695 1758 5709 .
1904 5617 2032 5709 ..⁷.
2109 5617 2119 5622 ’

2438 5617 2986 5691 ΟούῡίΒοαΙείίιηυε,
3009 5617 3262 5692 ἀνάμενε·
3285 5619 3504 5691 Regius,
3519 5617 3806 5676 ἀναυλναιο

631 5693 743 5765 (62)
756 5693 938 5750 Codex
963 5694 1308 5764 Bodleianus,
1329 5703 1500 5764 recte,
1525 5694 1866 5766 μανθανέτω·
1904 5694 2123 5762 Regius,
