  <div class='ocr_page' id='page_1' title='image "/cluster/home/n/w/nwhite01/storage/ocr_20150623/14:no.4/coo.31924054872928/354.png"; bbox 0 0 4196 6376; ppageno 0'>
   <div class='ocr_carea' id='block_1_1' title="bbox 387 351 3696 439">
    <p class='ocr_par' dir='ltr' id='par_1_1' title="bbox 387 351 3696 439">
     <span class='ocr_line' id='line_1_1' title="bbox 387 351 3696 439; baseline 0.01 -33"><span class='ocrx_word' id='word_1_1' title='bbox 387 351 495 407; x_wconf 69' lang='lat'><strong>685</strong></span> <span class='ocrx_word' id='word_1_2' title='bbox 1371 358 1728 415; x_wconf 79' lang='lat' dir='ltr'><strong>COMMENT.</strong></span> <span class='ocrx_word' id='word_1_3' title='bbox 1771 360 1836 414; x_wconf 85' lang='lat' dir='ltr'><strong>IN</strong></span> <span class='ocrx_word' id='word_1_4' title='bbox 1874 361 2071 419; x_wconf 77' lang='lat' dir='ltr'><strong>JOAN.</strong></span> <span class='ocrx_word' id='word_1_5' title='bbox 2114 363 2354 421; x_wconf 84' lang='lat' dir='ltr'><strong>&#39;I&#39;OMUS</strong></span> <span class='ocrx_word' id='word_1_6' title='bbox 2387 366 2621 424; x_wconf 83' lang='lat' dir='ltr'><strong>XXVIII.</strong></span> <span class='ocrx_word' id='word_1_7' title='bbox 3451 404 3457 406; x_wconf 74' lang='grc'><strong>-</strong></span> <span class='ocrx_word' id='word_1_8' title='bbox 3541 383 3648 439; x_wconf 77' lang='lat'><strong>686</strong></span> <span class='ocrx_word' id='word_1_9' title='bbox 3685 387 3696 394; x_wconf 67' lang='grc'><em>“</em></span> 
     </span>
    </p>
   </div>
   <div class='ocr_carea' id='block_1_2' title="bbox 384 471 1924 562">
    <p class='ocr_par' dir='ltr' id='par_1_2' title="bbox 384 471 1924 552">
     <span class='ocr_line' id='line_1_2' title="bbox 384 471 1924 552; baseline 0.006 -26"><span class='ocrx_word' id='word_1_10' title='bbox 384 471 616 544; x_wconf 85' lang='grc' dir='ltr'>Μάρθας</span> <span class='ocrx_word' id='word_1_11' title='bbox 670 474 995 548; x_wconf 85' lang='grc' dir='ltr'>βραδύτερον</span> <span class='ocrx_word' id='word_1_12' title='bbox 1027 479 1410 550; x_wconf 76' lang='grc' dir='ltr'><strong>γεγραμμένον</strong></span> <span class='ocrx_word' id='word_1_13' title='bbox 1462 482 1545 534; x_wconf 63' lang='grc' dir='ltr'>τόδ</span> <span class='ocrx_word' id='word_1_14' title='bbox 1585 500 1605 533; x_wconf 83' lang='grc' dir='ltr'><strong>ι</strong></span> <span class='ocrx_word' id='word_1_15' title='bbox 1653 477 1835 552; x_wconf 64' lang='grc' dir='ltr'><strong>τΗραν</strong></span> <span class='ocrx_word' id='word_1_16' title='bbox 1869 480 1924 537; x_wconf 77' lang='grc' dir='ltr'>οὗ</span> 
     </span>
    </p>
   </div>
   <div class='ocr_carea' id='block_1_3' title="bbox 2026 471 3646 562">
    <p class='ocr_par' dir='ltr' id='par_1_3' title="bbox 2026 484 3646 562">
     <span class='ocr_line' id='line_1_3' title="bbox 2026 484 3646 562; baseline 0.014 -23"><span class='ocrx_word' id='word_1_17' title='bbox 2026 484 2212 551; x_wconf 64' lang='lat' dir='ltr'><strong>tferre</strong></span> <span class='ocrx_word' id='word_1_18' title='bbox 2246 488 2314 542; x_wconf 83' lang='lat'><strong>&quot;.</strong></span> <span class='ocrx_word' id='word_1_19' title='bbox 2351 508 2370 541; x_wconf 77' lang='grc' dir='ltr'><strong>ι</strong></span> <span class='ocrx_word' id='word_1_20' title='bbox 2417 489 2605 560; x_wconf 85' lang='lat' dir='ltr'><strong>Itaque</strong></span> <span class='ocrx_word' id='word_1_21' title='bbox 2647 495 2962 551; x_wconf 90' lang='lat' dir='ltr'><strong>necessario</strong></span> <span class='ocrx_word' id='word_1_22' title='bbox 3011 497 3168 554; x_wconf 87' lang='lat' dir='ltr'><strong>nobis</strong></span> <span class='ocrx_word' id='word_1_23' title='bbox 3219 500 3646 562; x_wconf 82' lang='lat' dir='ltr'><strong>existimandum</strong></span> 
     </span>
    </p>
   </div>
   <div class='ocr_carea' id='block_1_4' title="bbox 386 559 1924 660">
    <p class='ocr_par' dir='ltr' id='par_1_4' title="bbox 386 559 1924 642">
     <span class='ocr_line' id='line_1_4' title="bbox 386 559 1924 642; baseline 0.01 -30"><span class='ocrx_word' id='word_1_24' title='bbox 386 559 475 614; x_wconf 77' lang='grc' dir='ltr'>τὸν</span> <span class='ocrx_word' id='word_1_25' title='bbox 501 559 670 627; x_wconf 93' lang='grc' dir='ltr'>λίθον,</span> <span class='ocrx_word' id='word_1_26' title='bbox 692 583 710 615; x_wconf 75' lang='grc' dir='ltr'><strong>ι</strong></span> <span class='ocrx_word' id='word_1_27' title='bbox 732 564 850 619; x_wconf 91' lang='grc' dir='ltr'>δέον</span> <span class='ocrx_word' id='word_1_28' title='bbox 873 567 1000 638; x_wconf 79' lang='grc' dir='ltr'>ἐξῆς</span> <span class='ocrx_word' id='word_1_29' title='bbox 1027 567 1159 621; x_wconf 81' lang='grc' dir='ltr'>αὐτὸ</span> <span class='ocrx_word' id='word_1_30' title='bbox 1181 569 1432 640; x_wconf 68' lang='grc' dir='ltr'>εἰρῆσθαι</span> <span class='ocrx_word' id='word_1_31' title='bbox 1459 571 1556 642; x_wconf 75' lang='grc' dir='ltr'>τῷο</span> <span class='ocrx_word' id='word_1_32' title='bbox 1584 591 1603 624; x_wconf 86' lang='grc' dir='ltr'><strong>ι</strong></span> <span class='ocrx_word' id='word_1_33' title='bbox 1628 573 1788 641; x_wconf 81' lang='grc' dir='ltr'><strong>Λέγει</strong></span> <span class='ocrx_word' id='word_1_34' title='bbox 1809 574 1837 625; x_wconf 87' lang='grc' dir='ltr'>ὁ</span> <span class='ocrx_word' id='word_1_35' title='bbox 1864 574 1924 627; x_wconf 78' lang='grc' dir='ltr'><strong>’ἰτ</strong></span> 
     </span>
    </p>
   </div>
   <div class='ocr_carea' id='block_1_5' title="bbox 2026 559 3648 660">
    <p class='ocr_par' dir='ltr' id='par_1_5' title="bbox 2072 583 3648 660">
     <span class='ocr_line' id='line_1_5' title="bbox 2072 583 3648 660; baseline 0.013 -28"><span class='ocrx_word' id='word_1_36' title='bbox 2072 588 2177 642; x_wconf 85' lang='lat' dir='ltr'><strong>est,</strong></span> <span class='ocrx_word' id='word_1_37' title='bbox 2214 583 2620 638; x_wconf 86' lang='lat' dir='ltr'><strong>accusationem</strong></span> <span class='ocrx_word' id='word_1_38' title='bbox 2649 599 2771 640; x_wconf 85' lang='lat' dir='ltr'><strong>esse</strong></span> <span class='ocrx_word' id='word_1_39' title='bbox 2799 586 3046 653; x_wconf 66' lang='lat' dir='ltr'><strong>Marthae,</strong></span> <span class='ocrx_word' id='word_1_40' title='bbox 3104 592 3247 660; x_wconf 86' lang='lat' dir='ltr'><strong>quod</strong></span> <span class='ocrx_word' id='word_1_41' title='bbox 3272 594 3477 651; x_wconf 88' lang='lat' dir='ltr'><strong>tardius</strong></span> <span class='ocrx_word' id='word_1_42' title='bbox 3509 598 3648 651; x_wconf 90' lang='lat' dir='ltr'><strong>scri-</strong></span> 
     </span>
    </p>
   </div>
   <div class='ocr_carea' id='block_1_6' title="bbox 382 650 1924 752">
    <p class='ocr_par' dir='ltr' id='par_1_6' title="bbox 382 650 1114 726">
     <span class='ocr_line' id='line_1_6' title="bbox 382 650 1114 726; baseline 0.014 -23"><span class='ocrx_word' id='word_1_43' title='bbox 382 650 512 716; x_wconf 80' lang='grc' dir='ltr'>σοῦς</span> <span class='ocrx_word' id='word_1_44' title='bbox 528 669 544 685; x_wconf 87' lang='grc'><strong>·</strong></span> <span class='ocrx_word' id='word_1_45' title='bbox 567 654 771 726; x_wconf 84' lang='grc' dir='ltr'>Ἀρατε</span> <span class='ocrx_word' id='word_1_46' title='bbox 785 657 876 712; x_wconf 88' lang='grc' dir='ltr'>τὸν</span> <span class='ocrx_word' id='word_1_47' title='bbox 903 658 1069 715; x_wconf 82' lang='grc' dir='ltr'>λίθον.</span> <span class='ocrx_word' id='word_1_48' title='bbox 1094 680 1114 713; x_wconf 70' lang='grc' dir='ltr'><strong>ι</strong></span> 
     </span>
    </p>
   </div>
   <div class='ocr_carea' id='block_1_7' title="bbox 2026 650 3643 752">
    <p class='ocr_par' dir='ltr' id='par_1_7' title="bbox 2069 650 3643 752">
     <span class='ocr_line' id='line_1_7' title="bbox 2069 650 3643 752; baseline 0.014 -32"><span class='ocrx_word' id='word_1_49' title='bbox 2069 677 2223 736; x_wconf 89' lang='lat' dir='ltr'><strong>ptum</strong></span> <span class='ocrx_word' id='word_1_50' title='bbox 2257 669 2420 726; x_wconf 87' lang='lat' dir='ltr'><strong>fuerit</strong></span> <span class='ocrx_word' id='word_1_51' title='bbox 2451 691 2467 730; x_wconf 87' lang='lat'><strong>:</strong></span> <span class='ocrx_word' id='word_1_52' title='bbox 2505 691 2524 725; x_wconf 85' lang='grc' dir='ltr'><strong>ι</strong></span> <span class='ocrx_word' id='word_1_53' title='bbox 2555 671 2901 731; x_wconf 90' lang='lat' dir='ltr'><strong>Sustulerunt</strong></span> <span class='ocrx_word' id='word_1_54' title='bbox 2927 650 3091 748; x_wconf 83' lang='lat' dir='ltr'><strong>igitur</strong></span> <span class='ocrx_word' id='word_1_55' title='bbox 3122 650 3372 752; x_wconf 69' lang='lat' dir='ltr'><strong>lapidem</strong></span> <span class='ocrx_word' id='word_1_56' title='bbox 3409 701 3424 737; x_wconf 90' lang='lat'><strong>:</strong></span> <span class='ocrx_word' id='word_1_57' title='bbox 3517 650 3643 742; x_wconf 84' lang='lat' dir='ltr'><strong>cum</strong></span> 
     </span>
    </p>
   </div>
   <div class='ocr_carea' id='block_1_8' title="bbox 382 747 3647 854">
    <p class='ocr_par' dir='ltr' id='par_1_8' title="bbox 382 747 3647 854">
     <span class='ocr_line' id='line_1_8' title="bbox 382 747 3647 854; baseline 0.012 -54"><span class='ocrx_word' id='word_1_58' title='bbox 382 747 624 820; x_wconf 81' lang='lat' dir='ltr'><strong>alioquin</strong></span> <span class='ocrx_word' id='word_1_59' title='bbox 659 767 749 809; x_wconf 81' lang='lat' dir='ltr'><strong>res</strong></span> <span class='ocrx_word' id='word_1_60' title='bbox 792 756 1109 824; x_wconf 73' lang='lat' dir='ltr'><strong>postularet,</strong></span> <span class='ocrx_word' id='word_1_61' title='bbox 1141 767 1202 813; x_wconf 92' lang='lat' dir='ltr'><strong>ut</strong></span> <span class='ocrx_word' id='word_1_62' title='bbox 1231 774 1356 815; x_wconf 92' lang='lat' dir='ltr'><strong>cum</strong></span> <span class='ocrx_word' id='word_1_63' title='bbox 1383 759 1612 817; x_wconf 72' lang='lat' dir='ltr'><strong>dixisset</strong></span> <span class='ocrx_word' id='word_1_64' title='bbox 1653 759 1833 827; x_wconf 78' lang='lat' dir='ltr'><strong>Iesus,</strong></span> <span class='ocrx_word' id='word_1_65' title='bbox 1864 778 1884 813; x_wconf 82' lang='grc' dir='ltr'><strong>ι</strong></span> <span class='ocrx_word' id='word_1_66' title='bbox 1918 759 2114 818; x_wconf 90' lang='lat' dir='ltr'><strong>Tollite</strong></span> <span class='ocrx_word' id='word_1_67' title='bbox 2143 763 2403 836; x_wconf 90' lang='lat' dir='ltr'><strong>lapidem,</strong></span> <span class='ocrx_word' id='word_1_68' title='bbox 2445 787 2466 821; x_wconf 73' lang='grc' dir='ltr'><strong>ι</strong></span> <span class='ocrx_word' id='word_1_69' title='bbox 2510 769 2767 842; x_wconf 82' lang='lat' dir='ltr'><strong>deinceps</strong></span> <span class='ocrx_word' id='word_1_70' title='bbox 2791 782 3135 844; x_wconf 84' lang='lat' dir='ltr'><strong>sequeretur,</strong></span> <span class='ocrx_word' id='word_1_71' title='bbox 3168 747 3492 835; x_wconf 39' lang='lat' dir='ltr'><strong>c-Tulerunt</strong></span> <span class='ocrx_word' id='word_1_72' title='bbox 3513 795 3647 854; x_wconf 83' lang='lat' dir='ltr'><strong>ergo</strong></span> 
     </span>
    </p>
   </div>
   <div class='ocr_carea' id='block_1_9' title="bbox 381 845 707 912">
    <p class='ocr_par' dir='ltr' id='par_1_9' title="bbox 381 845 707 912">
     <span class='ocr_line' id='line_1_9' title="bbox 381 845 707 912; baseline 0.018 -16"><span class='ocrx_word' id='word_1_73' title='bbox 381 845 636 912; x_wconf 76' lang='lat' dir='ltr'><strong>lapidem.</strong></span> <span class='ocrx_word' id='word_1_74' title='bbox 685 867 707 901; x_wconf 71' lang='grc' dir='ltr'><strong>ι</strong></span> 
     </span>
    </p>
   </div>
   <div class='ocr_carea' id='block_1_10' title="bbox 448 933 1924 1025">
    <p class='ocr_par' dir='ltr' id='par_1_10' title="bbox 448 933 1924 1016">
     <span class='ocr_line' id='line_1_10' title="bbox 448 933 1924 1016; baseline 0.009 -26"><span class='ocrx_word' id='word_1_75' title='bbox 448 935 504 990; x_wconf 79' lang='grc'><strong>4.</strong></span> <span class='ocrx_word' id='word_1_76' title='bbox 538 956 559 991; x_wconf 82' lang='grc' dir='ltr'><strong>ι</strong></span> <span class='ocrx_word' id='word_1_77' title='bbox 611 938 670 994; x_wconf 88' lang='lat'><strong>&#39;0</strong></span> <span class='ocrx_word' id='word_1_78' title='bbox 696 940 753 994; x_wconf 87' lang='grc' dir='ltr'>δὲ</span> <span class='ocrx_word' id='word_1_79' title='bbox 780 939 986 1011; x_wconf 86' lang='grc' dir='ltr'>Ἰησοῦς</span> <span class='ocrx_word' id='word_1_80' title='bbox 1015 933 1118 1010; x_wconf 83' lang='grc' dir='ltr'><strong>ἦρε</strong></span> <span class='ocrx_word' id='word_1_81' title='bbox 1144 941 1272 1004; x_wconf 75' lang='grc' dir='ltr'>τοὺς</span> <span class='ocrx_word' id='word_1_82' title='bbox 1300 943 1612 1016; x_wconf 76' lang='grc' dir='ltr'>ὀφθαλμοὺς</span> <span class='ocrx_word' id='word_1_83' title='bbox 1651 946 1804 1012; x_wconf 77' lang='grc' dir='ltr'>ἄνω,</span> <span class='ocrx_word' id='word_1_84' title='bbox 1863 966 1924 1004; x_wconf 88' lang='grc' dir='ltr'><strong>κα</strong></span> 
     </span>
    </p>
   </div>
   <div class='ocr_carea' id='block_1_11' title="bbox 2026 933 3683 1025">
    <p class='ocr_par' dir='ltr' id='par_1_11' title="bbox 2132 943 3683 1025">
     <span class='ocr_line' id='line_1_11' title="bbox 2132 943 3683 1025; baseline 0.014 -26"><span class='ocrx_word' id='word_1_85' title='bbox 2132 943 2191 1003; x_wconf 77' lang='grc'><strong>4.</strong></span> <span class='ocrx_word' id='word_1_86' title='bbox 2223 963 2245 998; x_wconf 82' lang='grc' dir='ltr'><strong>ι</strong></span> <span class='ocrx_word' id='word_1_87' title='bbox 2283 947 2355 1002; x_wconf 86' lang='lat' dir='ltr'><strong>At</strong></span> <span class='ocrx_word' id='word_1_88' title='bbox 2395 946 2555 1006; x_wconf 84' lang='lat' dir='ltr'><strong>Jesus</strong></span> <span class='ocrx_word' id='word_1_89' title='bbox 2585 952 2806 1010; x_wconf 87' lang='lat' dir='ltr'><strong>sustulit</strong></span> <span class='ocrx_word' id='word_1_90' title='bbox 2848 955 3032 1012; x_wconf 91' lang='lat' dir='ltr'><strong>oculos</strong></span> <span class='ocrx_word' id='word_1_91' title='bbox 3085 971 3328 1025; x_wconf 86' lang='lat' dir='ltr'><strong>sursum,</strong></span> <span class='ocrx_word' id='word_1_92' title='bbox 3356 969 3410 1017; x_wconf 87' lang='lat' dir='ltr'><strong>et</strong></span> <span class='ocrx_word' id='word_1_93' title='bbox 3442 961 3577 1018; x_wconf 82' lang='lat' dir='ltr'><strong>dixit</strong></span> <span class='ocrx_word' id='word_1_94' title='bbox 3613 980 3639 1019; x_wconf 75' lang='grc' dir='ltr'><strong>ι</strong></span> <span class='ocrx_word' id='word_1_95' title='bbox 3674 987 3683 997; x_wconf 94' lang='grc'><strong>·</strong></span> 
     </span>
    </p>
   </div>
   <div class='ocr_carea' id='block_1_12' title="bbox 373 1018 1924 1122">
    <p class='ocr_par' dir='ltr' id='par_1_12' title="bbox 373 1018 1924 1114">
     <span class='ocr_line' id='line_1_12' title="bbox 373 1018 1924 1114; baseline 0.012 -35"><span class='ocrx_word' id='word_1_96' title='bbox 373 1018 1151 1103; x_wconf 71' lang='grc' dir='ltr'>εἶπειτὰγεγραμμέναᾘερὶ</span> <span class='ocrx_word' id='word_1_97' title='bbox 1183 1035 1290 1089; x_wconf 84' lang='grc' dir='ltr'><strong>τῶν</strong></span> <span class='ocrx_word' id='word_1_98' title='bbox 1319 1035 1613 1109; x_wconf 80' lang='grc' dir='ltr'><strong>ὀφθαλμῶν</strong></span> <span class='ocrx_word' id='word_1_99' title='bbox 1649 1039 1825 1114; x_wconf 85' lang='grc' dir='ltr'>Ἰησοῦ</span> <span class='ocrx_word' id='word_1_100' title='bbox 1860 1059 1924 1096; x_wconf 83' lang='grc' dir='ltr'><strong>κα</strong></span> 
     </span>
    </p>
   </div>
   <div class='ocr_carea' id='block_1_13' title="bbox 2026 1018 3638 1122">
    <p class='ocr_par' dir='ltr' id='par_1_13' title="bbox 2061 1018 3638 1122">
     <span class='ocr_line' id='line_1_13' title="bbox 2061 1018 3638 1122; baseline 0.014 -32"><span class='ocrx_word' id='word_1_101' title='bbox 2061 1050 2181 1105; x_wconf 74' lang='lat' dir='ltr'><strong>qua:</strong></span> <span class='ocrx_word' id='word_1_102' title='bbox 2201 1038 2405 1108; x_wconf 83' lang='lat' dir='ltr'><strong>scripta</strong></span> <span class='ocrx_word' id='word_1_103' title='bbox 2436 1050 2563 1096; x_wconf 92' lang='lat' dir='ltr'><strong>sunt</strong></span> <span class='ocrx_word' id='word_1_104' title='bbox 2588 1041 2655 1097; x_wconf 77' lang='grc'><strong>⁵⁸.</strong></span> <span class='ocrx_word' id='word_1_105' title='bbox 2705 1045 2780 1102; x_wconf 87' lang='lat' dir='ltr'><strong>De</strong></span> <span class='ocrx_word' id='word_1_106' title='bbox 2822 1048 2996 1104; x_wconf 89' lang='lat' dir='ltr'><strong>oculis</strong></span> <span class='ocrx_word' id='word_1_107' title='bbox 3030 1047 3180 1117; x_wconf 73' lang='lat' dir='ltr'><strong>Iesu,</strong></span> <span class='ocrx_word' id='word_1_108' title='bbox 3221 1018 3397 1122; x_wconf 80' lang='lat' dir='ltr'><strong>deque</strong></span> <span class='ocrx_word' id='word_1_109' title='bbox 3448 1018 3638 1111; x_wconf 87' lang='lat' dir='ltr'><strong>eorum</strong></span> 
     </span>
    </p>
   </div>
   <div class='ocr_carea' id='block_1_14' title="bbox 375 1117 1924 1217">
    <p class='ocr_par' dir='ltr' id='par_1_14' title="bbox 375 1117 1924 1208">
     <span class='ocr_line' id='line_1_14' title="bbox 375 1117 1924 1208; baseline 0.012 -38"><span class='ocrx_word' id='word_1_110' title='bbox 375 1117 474 1188; x_wconf 84' lang='grc' dir='ltr'>τῆς</span> <span class='ocrx_word' id='word_1_111' title='bbox 504 1118 742 1188; x_wconf 88' lang='grc' dir='ltr'>σχέσεως</span> <span class='ocrx_word' id='word_1_112' title='bbox 771 1120 950 1176; x_wconf 87' lang='grc' dir='ltr'>αὐτῶν</span> <span class='ocrx_word' id='word_1_113' title='bbox 983 1123 1120 1195; x_wconf 90' lang='grc' dir='ltr'>πρός</span> <span class='ocrx_word' id='word_1_114' title='bbox 1168 1143 1319 1192; x_wconf 86' lang='grc' dir='ltr'>τινας</span> <span class='ocrx_word' id='word_1_115' title='bbox 1349 1130 1626 1201; x_wconf 78' lang='grc' dir='ltr'><strong>ἐπιμελῶς</strong></span> <span class='ocrx_word' id='word_1_116' title='bbox 1666 1134 1924 1208; x_wconf 82' lang='grc' dir='ltr'><strong>τηρητέον</strong></span> 
     </span>
    </p>
   </div>
   <div class='ocr_carea' id='block_1_15' title="bbox 2026 1117 3640 1217">
    <p class='ocr_par' dir='ltr' id='par_1_15' title="bbox 2058 1117 3640 1217">
     <span class='ocr_line' id='line_1_15' title="bbox 2058 1117 3640 1217; baseline 0.013 -33"><span class='ocrx_word' id='word_1_117' title='bbox 2058 1128 2246 1184; x_wconf 90' lang='lat' dir='ltr'><strong>habitu</strong></span> <span class='ocrx_word' id='word_1_118' title='bbox 2268 1143 2398 1200; x_wconf 82' lang='lat' dir='ltr'><strong>erga</strong></span> <span class='ocrx_word' id='word_1_119' title='bbox 2427 1133 2717 1202; x_wconf 88' lang='lat' dir='ltr'><strong>quosdam,</strong></span> <span class='ocrx_word' id='word_1_120' title='bbox 2770 1138 2999 1211; x_wconf 77' lang='lat' dir='ltr'><strong>diligens</strong></span> <span class='ocrx_word' id='word_1_121' title='bbox 3050 1117 3363 1201; x_wconf 80' lang='lat' dir='ltr'><strong>observatio</strong></span> <span class='ocrx_word' id='word_1_122' title='bbox 3410 1146 3640 1217; x_wconf 85' lang='lat' dir='ltr'><strong>inquisi-</strong></span> 
     </span>
    </p>
   </div>
   <div class='ocr_carea' id='block_1_16' title="bbox 367 1207 1924 1308">
    <p class='ocr_par' dir='ltr' id='par_1_16' title="bbox 367 1207 1924 1289">
     <span class='ocr_line' id='line_1_16' title="bbox 367 1207 1924 1289; baseline 0.011 -28"><span class='ocrx_word' id='word_1_123' title='bbox 367 1207 470 1262; x_wconf 79' lang='grc' dir='ltr'>καὶ</span> <span class='ocrx_word' id='word_1_124' title='bbox 501 1208 817 1273; x_wconf 81' lang='grc' dir='ltr'><strong>ἐξεταστέον</strong></span> <span class='ocrx_word' id='word_1_125' title='bbox 875 1207 988 1266; x_wconf 77' lang='grc' dir='ltr'>οἷον</span> <span class='ocrx_word' id='word_1_126' title='bbox 1031 1212 1092 1267; x_wconf 91' lang='grc' dir='ltr'><strong>ἐν</strong></span> <span class='ocrx_word' id='word_1_127' title='bbox 1145 1216 1246 1286; x_wconf 80' lang='grc' dir='ltr'>μὲν</span> <span class='ocrx_word' id='word_1_128' title='bbox 1293 1218 1372 1289; x_wconf 86' lang='grc' dir='ltr'><strong>τῷ</strong></span> <span class='ocrx_word' id='word_1_129' title='bbox 1405 1220 1547 1274; x_wconf 86' lang='grc' dir='ltr'>κατὰ</span> <span class='ocrx_word' id='word_1_130' title='bbox 1591 1207 1826 1288; x_wconf 89' lang='grc' dir='ltr'>Λουκᾶν,</span> <span class='ocrx_word' id='word_1_131' title='bbox 1859 1225 1924 1278; x_wconf 58' lang='grc' dir='ltr'>ὄτη</span> 
     </span>
    </p>
   </div>
   <div class='ocr_carea' id='block_1_17' title="bbox 2026 1207 3636 1308">
    <p class='ocr_par' dir='ltr' id='par_1_17' title="bbox 2058 1207 3636 1308">
     <span class='ocr_line' id='line_1_17' title="bbox 2058 1207 3636 1308; baseline 0.013 -36"><span class='ocrx_word' id='word_1_132' title='bbox 2058 1217 2246 1289; x_wconf 89' lang='lat' dir='ltr'><strong>tioque</strong></span> <span class='ocrx_word' id='word_1_133' title='bbox 2274 1229 2359 1277; x_wconf 86' lang='lat' dir='ltr'><strong>est</strong></span> <span class='ocrx_word' id='word_1_134' title='bbox 2403 1222 2735 1281; x_wconf 87' lang='lat' dir='ltr'><strong>adhibenda.</strong></span> <span class='ocrx_word' id='word_1_135' title='bbox 2786 1207 2951 1285; x_wconf 76' lang='lat' dir='ltr'><strong>Verbi</strong></span> <span class='ocrx_word' id='word_1_136' title='bbox 3000 1232 3200 1302; x_wconf 87' lang='lat' dir='ltr'><strong>gratia,</strong></span> <span class='ocrx_word' id='word_1_137' title='bbox 3237 1233 3292 1289; x_wconf 91' lang='lat' dir='ltr'><strong>in</strong></span> <span class='ocrx_word' id='word_1_138' title='bbox 3339 1207 3636 1308; x_wconf 72' lang='lat' dir='ltr'><strong>Evangelia</strong></span> 
     </span>
    </p>
   </div>
   <div class='ocr_carea' id='block_1_18' title="bbox 369 1297 1924 1396">
    <p class='ocr_par' dir='ltr' id='par_1_18' title="bbox 369 1297 1924 1386">
     <span class='ocr_line' id='line_1_18' title="bbox 369 1297 1924 1386; baseline 0.011 -35"><span class='ocrx_word' id='word_1_139' title='bbox 369 1297 565 1370; x_wconf 75' lang='grc' dir='ltr'>ἔμελλε</span> <span class='ocrx_word' id='word_1_140' title='bbox 592 1300 768 1370; x_wconf 90' lang='grc' dir='ltr'>λέγειν</span> <span class='ocrx_word' id='word_1_141' title='bbox 789 1303 917 1367; x_wconf 72' lang='grc' dir='ltr'>τοὺς</span> <span class='ocrx_word' id='word_1_142' title='bbox 943 1309 1344 1379; x_wconf 81' lang='grc' dir='ltr'>μακαρισμοὺς,</span> <span class='ocrx_word' id='word_1_143' title='bbox 1365 1310 1460 1364; x_wconf 73' lang='grc' dir='ltr'><strong>καὶ</strong></span> <span class='ocrx_word' id='word_1_144' title='bbox 1485 1313 1584 1384; x_wconf 81' lang='grc' dir='ltr'>τὴν</span> <span class='ocrx_word' id='word_1_145' title='bbox 1613 1312 1743 1386; x_wconf 79' lang='grc' dir='ltr'><strong>ἑξῆς</strong></span> <span class='ocrx_word' id='word_1_146' title='bbox 1767 1315 1924 1368; x_wconf 62' lang='grc' dir='ltr'>αὐτοϊι</span> 
     </span>
    </p>
   </div>
   <div class='ocr_carea' id='block_1_19' title="bbox 2026 1297 3635 1396">
    <p class='ocr_par' dir='ltr' id='par_1_19' title="bbox 2055 1297 3635 1396">
     <span class='ocr_line' id='line_1_19' title="bbox 2055 1297 3635 1396; baseline 0.013 -33"><span class='ocrx_word' id='word_1_147' title='bbox 2055 1307 2218 1364; x_wconf 81' lang='lat' dir='ltr'><strong>Lucae</strong></span> <span class='ocrx_word' id='word_1_148' title='bbox 2271 1309 2515 1369; x_wconf 85' lang='lat' dir='ltr'><strong>dicturus</strong></span> <span class='ocrx_word' id='word_1_149' title='bbox 2569 1315 2972 1389; x_wconf 89' lang='lat' dir='ltr'><strong>beatitudines,</strong></span> <span class='ocrx_word' id='word_1_150' title='bbox 3004 1297 3230 1392; x_wconf 37' lang='lat' dir='ltr'><strong>vhisque</strong></span> <span class='ocrx_word' id='word_1_151' title='bbox 3284 1297 3635 1396; x_wconf 69' lang='lat' dir='ltr'><strong>coniunctam</strong></span> 
     </span>
    </p>
   </div>
   <div class='ocr_carea' id='block_1_20' title="bbox 369 1387 1924 1485">
    <p class='ocr_par' dir='ltr' id='par_1_20' title="bbox 369 1387 1924 1472">
     <span class='ocr_line' id='line_1_20' title="bbox 369 1387 1924 1472; baseline 0.01 -31"><span class='ocrx_word' id='word_1_152' title='bbox 369 1387 736 1457; x_wconf 72' lang='grc' dir='ltr'><strong>διδασκαλίαν,</strong></span> <span class='ocrx_word' id='word_1_153' title='bbox 765 1411 785 1446; x_wconf 83' lang='grc' dir='ltr'><strong>ι</strong></span> <span class='ocrx_word' id='word_1_154' title='bbox 807 1395 1018 1466; x_wconf 87' lang='grc' dir='ltr'>ἐπάρας</span> <span class='ocrx_word' id='word_1_155' title='bbox 1038 1398 1164 1462; x_wconf 88' lang='grc' dir='ltr'>τοὺς</span> <span class='ocrx_word' id='word_1_156' title='bbox 1186 1399 1498 1472; x_wconf 83' lang='grc' dir='ltr'>ὀφθαλμοὺς</span> <span class='ocrx_word' id='word_1_157' title='bbox 1529 1404 1694 1458; x_wconf 85' lang='grc' dir='ltr'>αὐτοῦ</span> <span class='ocrx_word' id='word_1_158' title='bbox 1724 1408 1805 1470; x_wconf 84' lang='grc' dir='ltr'><strong>είς</strong></span> <span class='ocrx_word' id='word_1_159' title='bbox 1822 1408 1924 1461; x_wconf 65' lang='grc' dir='ltr'>τοὺι</span> 
     </span>
    </p>
   </div>
   <div class='ocr_carea' id='block_1_21' title="bbox 2026 1387 3637 1485">
    <p class='ocr_par' dir='ltr' id='par_1_21' title="bbox 2055 1401 3637 1485">
     <span class='ocr_line' id='line_1_21' title="bbox 2055 1401 3637 1485; baseline 0.013 -30"><span class='ocrx_word' id='word_1_160' title='bbox 2055 1401 2382 1469; x_wconf 87' lang='lat' dir='ltr'><strong>doctrinam,</strong></span> <span class='ocrx_word' id='word_1_161' title='bbox 2413 1423 2432 1457; x_wconf 82' lang='grc' dir='ltr'><strong>ι</strong></span> <span class='ocrx_word' id='word_1_162' title='bbox 2465 1404 2694 1464; x_wconf 89' lang='lat' dir='ltr'><strong>elevatis</strong></span> <span class='ocrx_word' id='word_1_163' title='bbox 2739 1409 2912 1466; x_wconf 90' lang='lat' dir='ltr'><strong>oculis</strong></span> <span class='ocrx_word' id='word_1_164' title='bbox 2957 1411 3015 1467; x_wconf 90' lang='lat' dir='ltr'><strong>in</strong></span> <span class='ocrx_word' id='word_1_165' title='bbox 3055 1413 3352 1485; x_wconf 88' lang='lat' dir='ltr'><strong>discipulos</strong></span> <span class='ocrx_word' id='word_1_166' title='bbox 3389 1433 3516 1475; x_wconf 90' lang='lat' dir='ltr'><strong>suos</strong></span> <span class='ocrx_word' id='word_1_167' title='bbox 3544 1420 3637 1475; x_wconf 88' lang='lat' dir='ltr'><strong>di-</strong></span> 
     </span>
    </p>
   </div>
   <div class='ocr_carea' id='block_1_22' title="bbox 369 1481 1924 1572">
    <p class='ocr_par' dir='ltr' id='par_1_22' title="bbox 369 1481 1924 1572">
     <span class='ocr_line' id='line_1_22' title="bbox 369 1481 1924 1572; baseline 0.013 -39"><span class='ocrx_word' id='word_1_168' title='bbox 369 1481 620 1552; x_wconf 81' lang='grc' dir='ltr'>μαθητὰς</span> <span class='ocrx_word' id='word_1_169' title='bbox 651 1484 814 1538; x_wconf 88' lang='grc' dir='ltr'>αὐτοῦ</span> <span class='ocrx_word' id='word_1_170' title='bbox 842 1486 1014 1557; x_wconf 73' lang='grc' dir='ltr'>ἐλεγεο</span> <span class='ocrx_word' id='word_1_171' title='bbox 1049 1509 1068 1541; x_wconf 73' lang='grc' dir='ltr'><strong>ι</strong></span> <span class='ocrx_word' id='word_1_172' title='bbox 1103 1492 1222 1546; x_wconf 72' lang='grc' dir='ltr'>νυνὶ</span> <span class='ocrx_word' id='word_1_173' title='bbox 1245 1491 1300 1546; x_wconf 88' lang='grc' dir='ltr'>δὲ</span> <span class='ocrx_word' id='word_1_174' title='bbox 1327 1513 1346 1545; x_wconf 85' lang='grc' dir='ltr'><strong>ι</strong></span> <span class='ocrx_word' id='word_1_175' title='bbox 1369 1489 1472 1566; x_wconf 83' lang='grc' dir='ltr'>ἦρε</span> <span class='ocrx_word' id='word_1_176' title='bbox 1496 1496 1620 1562; x_wconf 82' lang='grc' dir='ltr'>τοὺς</span> <span class='ocrx_word' id='word_1_177' title='bbox 1635 1498 1924 1572; x_wconf 74' lang='grc' dir='ltr'>ὀφθαλμοὺι</span> 
     </span>
    </p>
   </div>
   <div class='ocr_carea' id='block_1_23' title="bbox 2026 1481 3633 1572">
    <p class='ocr_par' dir='ltr' id='par_1_23' title="bbox 2051 1493 3633 1568">
     <span class='ocr_line' id='line_1_23' title="bbox 2051 1493 3633 1568; baseline 0.013 -19"><span class='ocrx_word' id='word_1_178' title='bbox 2051 1493 2210 1549; x_wconf 90' lang='lat' dir='ltr'><strong>cebat</strong></span> <span class='ocrx_word' id='word_1_179' title='bbox 2236 1494 2316 1560; x_wconf 80' lang='lat'><strong>&quot;;</strong></span> <span class='ocrx_word' id='word_1_180' title='bbox 2354 1513 2376 1549; x_wconf 72' lang='grc' dir='ltr'><strong>ι</strong></span> <span class='ocrx_word' id='word_1_181' title='bbox 2412 1513 2557 1554; x_wconf 91' lang='lat' dir='ltr'><strong>nunc</strong></span> <span class='ocrx_word' id='word_1_182' title='bbox 2596 1508 2778 1555; x_wconf 89' lang='lat' dir='ltr'><strong>autem</strong></span> <span class='ocrx_word' id='word_1_183' title='bbox 2824 1520 2845 1555; x_wconf 80' lang='grc' dir='ltr'><strong>ι</strong></span> <span class='ocrx_word' id='word_1_184' title='bbox 2878 1504 3102 1561; x_wconf 90' lang='lat' dir='ltr'><strong>sustulit</strong></span> <span class='ocrx_word' id='word_1_185' title='bbox 3125 1507 3313 1565; x_wconf 86' lang='lat' dir='ltr'><strong>oculos</strong></span> <span class='ocrx_word' id='word_1_186' title='bbox 3351 1525 3482 1566; x_wconf 90' lang='lat' dir='ltr'><strong>suos</strong></span> <span class='ocrx_word' id='word_1_187' title='bbox 3507 1526 3633 1568; x_wconf 87' lang='lat' dir='ltr'><strong>sur-</strong></span> 
     </span>
    </p>
   </div>
   <div class='ocr_carea' id='block_1_24' title="bbox 365 1573 1924 1670">
    <p class='ocr_par' dir='ltr' id='par_1_24' title="bbox 365 1573 1924 1663">
     <span class='ocr_line' id='line_1_24' title="bbox 365 1573 1924 1663; baseline 0.013 -37"><span class='ocrx_word' id='word_1_188' title='bbox 365 1573 532 1627; x_wconf 83' lang='grc' dir='ltr'>αὐτοῦ</span> <span class='ocrx_word' id='word_1_189' title='bbox 565 1576 697 1642; x_wconf 82' lang='grc' dir='ltr'>ᾶνω,</span> <span class='ocrx_word' id='word_1_190' title='bbox 723 1578 818 1632; x_wconf 78' lang='grc' dir='ltr'>καὶ</span> <span class='ocrx_word' id='word_1_191' title='bbox 839 1574 982 1634; x_wconf 77' lang='grc' dir='ltr'>εἶπεο</span> <span class='ocrx_word' id='word_1_192' title='bbox 1019 1600 1040 1634; x_wconf 76' lang='grc' dir='ltr'><strong>ι</strong></span> <span class='ocrx_word' id='word_1_193' title='bbox 1063 1581 1426 1655; x_wconf 82' lang='grc' dir='ltr'>διδασκόμεθα</span> <span class='ocrx_word' id='word_1_194' title='bbox 1459 1587 1569 1660; x_wconf 83' lang='grc' dir='ltr'><strong>γὰρ</strong></span> <span class='ocrx_word' id='word_1_195' title='bbox 1593 1591 1702 1645; x_wconf 84' lang='grc' dir='ltr'><strong>ἀπὸ</strong></span> <span class='ocrx_word' id='word_1_196' title='bbox 1727 1592 1826 1663; x_wconf 84' lang='grc' dir='ltr'>μὲν</span> <span class='ocrx_word' id='word_1_197' title='bbox 1849 1593 1924 1647; x_wconf 83' lang='grc' dir='ltr'>τοῐ</span> 
     </span>
    </p>
   </div>
   <div class='ocr_carea' id='block_1_25' title="bbox 2026 1573 3632 1670">
    <p class='ocr_par' dir='ltr' id='par_1_25' title="bbox 2050 1589 3632 1670">
     <span class='ocr_line' id='line_1_25' title="bbox 2050 1589 3632 1670; baseline 0.013 -29"><span class='ocrx_word' id='word_1_198' title='bbox 2050 1599 2195 1654; x_wconf 85' lang='lat' dir='ltr'><strong>sum,</strong></span> <span class='ocrx_word' id='word_1_199' title='bbox 2241 1597 2297 1644; x_wconf 89' lang='lat' dir='ltr'><strong>et</strong></span> <span class='ocrx_word' id='word_1_200' title='bbox 2324 1589 2504 1647; x_wconf 81' lang='lat' dir='ltr'><strong>dixit:</strong></span> <span class='ocrx_word' id='word_1_201' title='bbox 2537 1611 2556 1645; x_wconf 72' lang='grc' dir='ltr'><strong>ι</strong></span> <span class='ocrx_word' id='word_1_202' title='bbox 2588 1607 2619 1647; x_wconf 89' lang='lat' dir='ltr'><strong>a</strong></span> <span class='ocrx_word' id='word_1_203' title='bbox 2644 1595 2824 1659; x_wconf 90' lang='lat' dir='ltr'><strong>primo</strong></span> <span class='ocrx_word' id='word_1_204' title='bbox 2868 1612 3112 1670; x_wconf 86' lang='lat' dir='ltr'><strong>namque</strong></span> <span class='ocrx_word' id='word_1_205' title='bbox 3151 1600 3296 1656; x_wconf 88' lang='lat' dir='ltr'><strong>dicto</strong></span> <span class='ocrx_word' id='word_1_206' title='bbox 3341 1617 3632 1660; x_wconf 91' lang='lat' dir='ltr'><strong>monemur</strong></span> 
     </span>
    </p>
   </div>
   <div class='ocr_carea' id='block_1_26' title="bbox 363 1665 1924 1760">
    <p class='ocr_par' dir='ltr' id='par_1_26' title="bbox 363 1665 1922 1753">
     <span class='ocr_line' id='line_1_26' title="bbox 363 1665 1922 1753; baseline 0.015 -38"><span class='ocrx_word' id='word_1_207' title='bbox 363 1665 656 1737; x_wconf 82' lang='grc' dir='ltr'><strong>προτέρου,</strong></span> <span class='ocrx_word' id='word_1_208' title='bbox 679 1669 762 1723; x_wconf 82' lang='grc' dir='ltr'>ὅτι</span> <span class='ocrx_word' id='word_1_209' title='bbox 797 1669 872 1744; x_wconf 78' lang='grc' dir='ltr'><strong>μή</strong></span> <span class='ocrx_word' id='word_1_210' title='bbox 899 1671 1052 1726; x_wconf 88' lang='grc' dir='ltr'>κάτω</span> <span class='ocrx_word' id='word_1_211' title='bbox 1093 1675 1231 1729; x_wconf 71' lang='grc' dir='ltr'>εἰσιν</span> <span class='ocrx_word' id='word_1_212' title='bbox 1256 1677 1306 1728; x_wconf 86' lang='grc' dir='ltr'><strong>οί</strong></span> <span class='ocrx_word' id='word_1_213' title='bbox 1336 1676 1430 1731; x_wconf 84' lang='grc' dir='ltr'><strong>τοῦ</strong></span> <span class='ocrx_word' id='word_1_214' title='bbox 1461 1678 1639 1749; x_wconf 87' lang='grc' dir='ltr'><strong>Ἰησοῦ</strong></span> <span class='ocrx_word' id='word_1_215' title='bbox 1683 1682 1922 1753; x_wconf 89' lang='grc' dir='ltr'>μαθηταί</span> 
     </span>
    </p>
   </div>
   <div class='ocr_carea' id='block_1_27' title="bbox 2026 1665 3628 1760">
    <p class='ocr_par' dir='ltr' id='par_1_27' title="bbox 2049 1675 3628 1760">
     <span class='ocr_line' id='line_1_27' title="bbox 2049 1675 3628 1760; baseline 0.014 -31"><span class='ocrx_word' id='word_1_216' title='bbox 2049 1675 2345 1748; x_wconf 89' lang='lat' dir='ltr'><strong>discipulos</strong></span> <span class='ocrx_word' id='word_1_217' title='bbox 2375 1695 2502 1737; x_wconf 90' lang='lat' dir='ltr'><strong>suos</strong></span> <span class='ocrx_word' id='word_1_218' title='bbox 2544 1682 2754 1739; x_wconf 84' lang='lat' dir='ltr'><strong>inferne</strong></span> <span class='ocrx_word' id='word_1_219' title='bbox 2783 1702 2888 1742; x_wconf 94' lang='lat' dir='ltr'><strong>non</strong></span> <span class='ocrx_word' id='word_1_220' title='bbox 2912 1703 3066 1756; x_wconf 87' lang='lat' dir='ltr'><strong>esse,</strong></span> <span class='ocrx_word' id='word_1_221' title='bbox 3115 1705 3278 1760; x_wconf 85' lang='lat' dir='ltr'><strong>quam</strong></span> <span class='ocrx_word' id='word_1_222' title='bbox 3307 1694 3378 1749; x_wconf 93' lang='lat' dir='ltr'><strong>ob</strong></span> <span class='ocrx_word' id='word_1_223' title='bbox 3402 1709 3628 1751; x_wconf 84' lang='lat' dir='ltr'><strong>causam</strong></span> 
     </span>
    </p>
   </div>
   <div class='ocr_carea' id='block_1_28' title="bbox 359 1753 1924 1857">
    <p class='ocr_par' dir='ltr' id='par_1_28' title="bbox 359 1753 1924 1839">
     <span class='ocr_line' id='line_1_28' title="bbox 359 1753 1924 1839; baseline 0.015 -32"><span class='ocrx_word' id='word_1_224' title='bbox 359 1753 550 1829; x_wconf 84' lang='grc' dir='ltr'>διόπερ</span> <span class='ocrx_word' id='word_1_225' title='bbox 578 1758 894 1834; x_wconf 88' lang='grc' dir='ltr'>ἐπαίρονται</span> <span class='ocrx_word' id='word_1_226' title='bbox 917 1763 968 1816; x_wconf 76' lang='grc' dir='ltr'>οἱ</span> <span class='ocrx_word' id='word_1_227' title='bbox 998 1764 1268 1838; x_wconf 81' lang='grc' dir='ltr'>ὀφθαλμοὶ</span> <span class='ocrx_word' id='word_1_228' title='bbox 1288 1767 1382 1822; x_wconf 88' lang='grc' dir='ltr'><strong>τοῦ</strong></span> <span class='ocrx_word' id='word_1_229' title='bbox 1402 1770 1731 1826; x_wconf 89' lang='grc' dir='ltr'>Διδασκάλου</span> <span class='ocrx_word' id='word_1_230' title='bbox 1749 1777 1828 1839; x_wconf 80' lang='grc' dir='ltr'>εἰς</span> <span class='ocrx_word' id='word_1_231' title='bbox 1851 1777 1924 1830; x_wconf 64' lang='grc' dir='ltr'><strong>αὐτ</strong></span> 
     </span>
    </p>
   </div>
   <div class='ocr_carea' id='block_1_29' title="bbox 2026 1753 3626 1857">
    <p class='ocr_par' dir='ltr' id='par_1_29' title="bbox 2046 1769 3626 1857">
     <span class='ocr_line' id='line_1_29' title="bbox 2046 1769 3626 1857; baseline 0.011 -33"><span class='ocrx_word' id='word_1_232' title='bbox 2046 1769 2327 1826; x_wconf 84' lang='lat' dir='ltr'><strong>elevantur</strong></span> <span class='ocrx_word' id='word_1_233' title='bbox 2364 1772 2610 1844; x_wconf 81' lang='lat' dir='ltr'><strong>Magistri</strong></span> <span class='ocrx_word' id='word_1_234' title='bbox 2672 1778 2818 1834; x_wconf 91' lang='lat' dir='ltr'><strong>oculi</strong></span> <span class='ocrx_word' id='word_1_235' title='bbox 2849 1779 2901 1833; x_wconf 90' lang='lat' dir='ltr'><strong>in</strong></span> <span class='ocrx_word' id='word_1_236' title='bbox 2933 1795 3048 1846; x_wconf 91' lang='lat' dir='ltr'><strong>eos,</strong></span> <span class='ocrx_word' id='word_1_237' title='bbox 3110 1782 3163 1837; x_wconf 91' lang='lat' dir='ltr'><strong>in</strong></span> <span class='ocrx_word' id='word_1_238' title='bbox 3212 1797 3350 1854; x_wconf 90' lang='lat' dir='ltr'><strong>quos</strong></span> <span class='ocrx_word' id='word_1_239' title='bbox 3401 1786 3626 1857; x_wconf 84' lang='lat' dir='ltr'><strong>dignum</strong></span> 
     </span>
    </p>
   </div>
   <div class='ocr_carea' id='block_1_30' title="bbox 359 1847 1947 1936">
    <p class='ocr_par' dir='ltr' id='par_1_30' title="bbox 359 1847 1947 1936">
     <span class='ocr_line' id='line_1_30' title="bbox 359 1847 1947 1936; baseline 0.014 -36"><span class='ocrx_word' id='word_1_240' title='bbox 359 1849 508 1914; x_wconf 84' lang='grc' dir='ltr'>τοὺς,</span> <span class='ocrx_word' id='word_1_241' title='bbox 533 1847 613 1914; x_wconf 78' lang='grc' dir='ltr'><strong>οἷς</strong></span> <span class='ocrx_word' id='word_1_242' title='bbox 635 1851 781 1916; x_wconf 80' lang='grc' dir='ltr'>ἄξιον</span> <span class='ocrx_word' id='word_1_243' title='bbox 811 1848 880 1925; x_wconf 80' lang='grc' dir='ltr'>ἦν</span> <span class='ocrx_word' id='word_1_244' title='bbox 912 1855 1118 1928; x_wconf 77' lang='grc' dir='ltr'>ἐπᾶραι</span> <span class='ocrx_word' id='word_1_245' title='bbox 1161 1861 1328 1916; x_wconf 85' lang='grc' dir='ltr'>αὐτὸν</span> <span class='ocrx_word' id='word_1_246' title='bbox 1362 1863 1489 1927; x_wconf 84' lang='grc' dir='ltr'>τοὺς</span> <span class='ocrx_word' id='word_1_247' title='bbox 1526 1865 1720 1919; x_wconf 90' lang='grc' dir='ltr'>ἐαυτοῦ</span> <span class='ocrx_word' id='word_1_248' title='bbox 1747 1867 1947 1936; x_wconf 84' lang='grc' dir='ltr'>ὀφθαλ-</span> 
     </span>
    </p>
   </div>
   <div class='ocr_carea' id='block_1_31' title="bbox 366 1939 1946 2032">
    <p class='ocr_par' dir='ltr' id='par_1_31' title="bbox 366 1939 1946 2032">
     <span class='ocr_line' id='line_1_31' title="bbox 366 1939 1946 2032; baseline 0.015 -40"><span class='ocrx_word' id='word_1_249' title='bbox 366 1939 520 2012; x_wconf 88' lang='grc' dir='ltr'>μούς.</span> <span class='ocrx_word' id='word_1_250' title='bbox 571 1941 674 1996; x_wconf 86' lang='grc' dir='ltr'><strong>Διὰ</strong></span> <span class='ocrx_word' id='word_1_251' title='bbox 704 1943 764 1997; x_wconf 89' lang='grc' dir='ltr'><strong>δέ</strong></span> <span class='ocrx_word' id='word_1_252' title='bbox 805 1945 900 2000; x_wconf 89' lang='grc' dir='ltr'><strong>τοῦ</strong></span> <span class='ocrx_word' id='word_1_253' title='bbox 932 1947 1028 2003; x_wconf 90' lang='grc' dir='ltr'><strong>νῦν</strong></span> <span class='ocrx_word' id='word_1_254' title='bbox 1071 1949 1479 2024; x_wconf 82' lang='grc' dir='ltr'>ἐξεταζομένου,</span> <span class='ocrx_word' id='word_1_255' title='bbox 1516 1956 1597 2010; x_wconf 85' lang='grc' dir='ltr'>ὅτι</span> <span class='ocrx_word' id='word_1_256' title='bbox 1649 1959 1946 2032; x_wconf 83' lang='grc' dir='ltr'><strong>μετέθηκεν</strong></span> 
     </span>
    </p>
   </div>
   <div class='ocr_carea' id='block_1_32' title="bbox 356 2031 1941 2123">
    <p class='ocr_par' dir='ltr' id='par_1_32' title="bbox 356 2031 1941 2123">
     <span class='ocr_line' id='line_1_32' title="bbox 356 2031 1941 2123; baseline 0.015 -39"><span class='ocrx_word' id='word_1_257' title='bbox 356 2031 552 2086; x_wconf 85' lang='grc' dir='ltr'>ἐαυτοῦ</span> <span class='ocrx_word' id='word_1_258' title='bbox 571 2035 632 2088; x_wconf 85' lang='grc' dir='ltr'>τὸ</span> <span class='ocrx_word' id='word_1_259' title='bbox 660 2035 998 2109; x_wconf 85' lang='grc' dir='ltr'>διανοητικὺν</span> <span class='ocrx_word' id='word_1_260' title='bbox 1014 2041 1122 2096; x_wconf 85' lang='grc' dir='ltr'><strong>ἀπὸ</strong></span> <span class='ocrx_word' id='word_1_261' title='bbox 1153 2044 1255 2114; x_wconf 84' lang='grc' dir='ltr'>τῆς</span> <span class='ocrx_word' id='word_1_262' title='bbox 1290 2046 1428 2116; x_wconf 82' lang='grc' dir='ltr'>πρὸς</span> <span class='ocrx_word' id='word_1_263' title='bbox 1468 2050 1596 2112; x_wconf 82' lang='grc' dir='ltr'>τοὺς</span> <span class='ocrx_word' id='word_1_264' title='bbox 1629 2050 1779 2104; x_wconf 89' lang='grc' dir='ltr'>κάτω</span> <span class='ocrx_word' id='word_1_265' title='bbox 1813 2031 1941 2123; x_wconf 80' lang='grc' dir='ltr'>ὁμι-</span> 
     </span>
    </p>
   </div>
   <div class='ocr_carea' id='block_1_33' title="bbox 356 2125 1944 2217">
    <p class='ocr_par' dir='ltr' id='par_1_33' title="bbox 356 2125 1944 2217">
     <span class='ocr_line' id='line_1_33' title="bbox 356 2125 1944 2217; baseline 0.014 -39"><span class='ocrx_word' id='word_1_266' title='bbox 356 2125 496 2190; x_wconf 88' lang='grc' dir='ltr'>λίας,</span> <span class='ocrx_word' id='word_1_267' title='bbox 528 2129 623 2181; x_wconf 77' lang='grc' dir='ltr'>καὶ</span> <span class='ocrx_word' id='word_1_268' title='bbox 645 2129 909 2201; x_wconf 80' lang='grc' dir='ltr'>ἀνήγαγε,</span> <span class='ocrx_word' id='word_1_269' title='bbox 927 2134 1022 2188; x_wconf 77' lang='grc' dir='ltr'>καὶ</span> <span class='ocrx_word' id='word_1_270' title='bbox 1045 2134 1226 2204; x_wconf 81' lang='grc' dir='ltr'>ὖψωσε</span> <span class='ocrx_word' id='word_1_271' title='bbox 1248 2140 1540 2210; x_wconf 87' lang='grc' dir='ltr'>προσάγων</span> <span class='ocrx_word' id='word_1_272' title='bbox 1555 2143 1687 2197; x_wconf 85' lang='grc' dir='ltr'>αὐτὸ</span> <span class='ocrx_word' id='word_1_273' title='bbox 1711 2147 1778 2217; x_wconf 77' lang='grc' dir='ltr'><strong>τῇ</strong></span> <span class='ocrx_word' id='word_1_274' title='bbox 1805 2146 1944 2217; x_wconf 85' lang='grc' dir='ltr'>πρὸς</span> 
     </span>
    </p>
   </div>
   <div class='ocr_carea' id='block_1_34' title="bbox 352 2217 1941 2309">
    <p class='ocr_par' dir='ltr' id='par_1_34' title="bbox 352 2217 1941 2309">
     <span class='ocr_line' id='line_1_34' title="bbox 352 2217 1941 2309; baseline 0.013 -39"><span class='ocrx_word' id='word_1_275' title='bbox 352 2217 447 2271; x_wconf 82' lang='grc' dir='ltr'>τὸν</span> <span class='ocrx_word' id='word_1_276' title='bbox 479 2219 737 2292; x_wconf 81' lang='grc' dir='ltr'>ὑπεράνω</span> <span class='ocrx_word' id='word_1_277' title='bbox 768 2222 986 2278; x_wconf 86' lang='grc' dir='ltr'>πάντων</span> <span class='ocrx_word' id='word_1_278' title='bbox 1031 2227 1254 2299; x_wconf 78' lang='grc' dir='ltr'>Πατέρα</span> <span class='ocrx_word' id='word_1_279' title='bbox 1285 2229 1439 2302; x_wconf 81' lang='grc' dir='ltr'>εὐχῇ.</span> <span class='ocrx_word' id='word_1_280' title='bbox 1475 2231 1638 2286; x_wconf 80' lang='grc' dir='ltr'>Ἀλλὰ</span> <span class='ocrx_word' id='word_1_281' title='bbox 1657 2236 1752 2289; x_wconf 76' lang='grc' dir='ltr'>καὶ</span> <span class='ocrx_word' id='word_1_282' title='bbox 1782 2237 1941 2309; x_wconf 73' lang='grc' dir='ltr'>εἴπερ</span> 
     </span>
    </p>
   </div>
   <div class='ocr_carea' id='block_1_35' title="bbox 357 2311 1940 2401">
    <p class='ocr_par' dir='ltr' id='par_1_35' title="bbox 357 2311 1940 2401">
     <span class='ocr_line' id='line_1_35' title="bbox 357 2311 1940 2401; baseline 0.014 -38"><span class='ocrx_word' id='word_1_283' title='bbox 357 2311 604 2384; x_wconf 83' lang='grc' dir='ltr'>μιμητὴς</span> <span class='ocrx_word' id='word_1_284' title='bbox 639 2314 875 2385; x_wconf 81' lang='grc' dir='ltr'>Χριστοῦ</span> <span class='ocrx_word' id='word_1_285' title='bbox 917 2317 1033 2371; x_wconf 85' lang='grc' dir='ltr'>ἐστι</span> <span class='ocrx_word' id='word_1_286' title='bbox 1083 2319 1314 2387; x_wconf 80' lang='grc' dir='ltr'>Παῦλος,</span> <span class='ocrx_word' id='word_1_287' title='bbox 1355 2324 1451 2378; x_wconf 75' lang='grc' dir='ltr'>καὶ</span> <span class='ocrx_word' id='word_1_288' title='bbox 1478 2327 1526 2379; x_wconf 81' lang='grc' dir='ltr'>οἱ</span> <span class='ocrx_word' id='word_1_289' title='bbox 1567 2330 1940 2401; x_wconf 85' lang='grc' dir='ltr'>παραπλήσιοι</span> 
     </span>
    </p>
   </div>
   <div class='ocr_carea' id='block_1_36' title="bbox 350 2401 1941 2494">
    <p class='ocr_par' dir='ltr' id='par_1_36' title="bbox 350 2401 1941 2494">
     <span class='ocr_line' id='line_1_36' title="bbox 350 2401 1941 2494; baseline 0.014 -40"><span class='ocrx_word' id='word_1_290' title='bbox 350 2401 520 2473; x_wconf 85' lang='grc' dir='ltr'>αὐτῷ,</span> <span class='ocrx_word' id='word_1_291' title='bbox 549 2404 762 2477; x_wconf 79' lang='grc' dir='ltr'>ἀνάγκη</span> <span class='ocrx_word' id='word_1_292' title='bbox 794 2406 886 2461; x_wconf 81' lang='grc' dir='ltr'>τὸν</span> <span class='ocrx_word' id='word_1_293' title='bbox 919 2409 1062 2463; x_wconf 85' lang='grc' dir='ltr'>κατὰ</span> <span class='ocrx_word' id='word_1_294' title='bbox 1091 2409 1252 2483; x_wconf 80' lang='grc' dir='ltr'>ζῆλον</span> <span class='ocrx_word' id='word_1_295' title='bbox 1279 2414 1375 2468; x_wconf 74' lang='grc' dir='ltr'>καὶ</span> <span class='ocrx_word' id='word_1_296' title='bbox 1401 2415 1632 2488; x_wconf 82' lang='grc' dir='ltr'>μίμησιν</span> <span class='ocrx_word' id='word_1_297' title='bbox 1679 2421 1779 2492; x_wconf 86' lang='grc' dir='ltr'>τῆς</span> <span class='ocrx_word' id='word_1_298' title='bbox 1805 2423 1941 2494; x_wconf 86' lang='grc' dir='ltr'>Χρι-</span> 
     </span>
    </p>
   </div>
   <div class='ocr_carea' id='block_1_37' title="bbox 350 2491 1938 2585">
    <p class='ocr_par' dir='ltr' id='par_1_37' title="bbox 350 2491 1938 2585">
     <span class='ocr_line' id='line_1_37' title="bbox 350 2491 1938 2585; baseline 0.018 -44"><span class='ocrx_word' id='word_1_299' title='bbox 350 2491 480 2544; x_wconf 85' lang='grc' dir='ltr'>στοῦ</span> <span class='ocrx_word' id='word_1_300' title='bbox 514 2492 682 2564; x_wconf 76' lang='grc' dir='ltr'>εὐχῆς</span> <span class='ocrx_word' id='word_1_301' title='bbox 718 2495 1026 2568; x_wconf 81' lang='grc' dir='ltr'>εὐξάμενον,</span> <span class='ocrx_word' id='word_1_302' title='bbox 1063 2501 1281 2573; x_wconf 74' lang='grc' dir='ltr'>ἄραντα</span> <span class='ocrx_word' id='word_1_303' title='bbox 1323 2506 1452 2570; x_wconf 84' lang='grc' dir='ltr'>τοὺς</span> <span class='ocrx_word' id='word_1_304' title='bbox 1486 2491 1800 2582; x_wconf 70' lang='grc' dir='ltr'>ὀφθαλμοὺς</span> <span class='ocrx_word' id='word_1_305' title='bbox 1837 2491 1938 2585; x_wconf 80' lang='grc' dir='ltr'>τῆς</span> 
     </span>
    </p>
   </div>
   <div class='ocr_carea' id='block_1_38' title="bbox 346 2579 1936 2677">
    <p class='ocr_par' dir='ltr' id='par_1_38' title="bbox 346 2579 1936 2677">
     <span class='ocr_line' id='line_1_38' title="bbox 346 2579 1936 2677; baseline 0.017 -44"><span class='ocrx_word' id='word_1_306' title='bbox 346 2579 532 2654; x_wconf 74' lang='grc' dir='ltr'>ψυχῆς</span> <span class='ocrx_word' id='word_1_307' title='bbox 553 2583 684 2650; x_wconf 74' lang='grc' dir='ltr'>ἄνω,</span> <span class='ocrx_word' id='word_1_308' title='bbox 727 2589 822 2642; x_wconf 74' lang='grc' dir='ltr'><strong>καὶ</strong></span> <span class='ocrx_word' id='word_1_309' title='bbox 869 2591 1276 2649; x_wconf 76' lang='grc' dir='ltr'>ἀναϐιϐάσαντα</span> <span class='ocrx_word' id='word_1_310' title='bbox 1305 2598 1505 2663; x_wconf 80' lang='grc' dir='ltr'>αὐτοὺς</span> <span class='ocrx_word' id='word_1_311' title='bbox 1541 2601 1650 2654; x_wconf 84' lang='grc' dir='ltr'><strong>ἀπὸ</strong></span> <span class='ocrx_word' id='word_1_312' title='bbox 1668 2579 1787 2656; x_wconf 23' lang='grc' dir='ltr'>*τῶν</span> <span class='ocrx_word' id='word_1_313' title='bbox 1808 2579 1936 2677; x_wconf 80' lang='grc' dir='ltr'>τῇδε</span> 
     </span>
    </p>
   </div>
   <div class='ocr_carea' id='block_1_39' title="bbox 349 2675 1931 2766">
    <p class='ocr_par' dir='ltr' id='par_1_39' title="bbox 349 2675 1931 2766">
     <span class='ocr_line' id='line_1_39' title="bbox 349 2675 1931 2766; baseline 0.016 -41"><span class='ocrx_word' id='word_1_314' title='bbox 349 2675 717 2746; x_wconf 86' lang='grc' dir='ltr'>πραγμάτων,</span> <span class='ocrx_word' id='word_1_315' title='bbox 745 2680 840 2734; x_wconf 76' lang='grc' dir='ltr'>καὶ</span> <span class='ocrx_word' id='word_1_316' title='bbox 870 2684 1108 2754; x_wconf 86' lang='grc' dir='ltr'>μνήμης,</span> <span class='ocrx_word' id='word_1_317' title='bbox 1134 2687 1229 2740; x_wconf 78' lang='grc' dir='ltr'>καὶ</span> <span class='ocrx_word' id='word_1_318' title='bbox 1255 2687 1495 2754; x_wconf 82' lang='grc' dir='ltr'>ἐννοιῶν,</span> <span class='ocrx_word' id='word_1_319' title='bbox 1515 2693 1610 2745; x_wconf 77' lang='grc' dir='ltr'>καὶ</span> <span class='ocrx_word' id='word_1_320' title='bbox 1637 2675 1931 2766; x_wconf 63' lang='grc' dir='ltr'>λογισμῶν,</span> 
     </span>
    </p>
   </div>
   <div class='ocr_carea' id='block_1_40' title="bbox 342 2763 1934 2858">
    <p class='ocr_par' dir='ltr' id='par_1_40' title="bbox 342 2763 1934 2858">
     <span class='ocr_line' id='line_1_40' title="bbox 342 2763 1934 2858; baseline 0.016 -41"><span class='ocrx_word' id='word_1_321' title='bbox 342 2763 520 2830; x_wconf 79' lang='grc' dir='ltr'>οὕτως</span> <span class='ocrx_word' id='word_1_322' title='bbox 567 2770 741 2824; x_wconf 73' lang='grc' dir='ltr'>εἰπεῖν</span> <span class='ocrx_word' id='word_1_323' title='bbox 790 2772 870 2843; x_wconf 82' lang='grc' dir='ltr'>τῷ</span> <span class='ocrx_word' id='word_1_324' title='bbox 907 2773 1026 2846; x_wconf 81' lang='grc' dir='ltr'>Θεῷ</span> <span class='ocrx_word' id='word_1_325' title='bbox 1058 2777 1186 2842; x_wconf 80' lang='grc' dir='ltr'>τοὺς</span> <span class='ocrx_word' id='word_1_326' title='bbox 1229 2778 1421 2848; x_wconf 85' lang='grc' dir='ltr'>λόγους</span> <span class='ocrx_word' id='word_1_327' title='bbox 1459 2782 1561 2852; x_wconf 85' lang='grc' dir='ltr'><strong>τῆς</strong></span> <span class='ocrx_word' id='word_1_328' title='bbox 1603 2786 1769 2858; x_wconf 81' lang='grc' dir='ltr'><strong>εὐχῆς</strong></span> <span class='ocrx_word' id='word_1_329' title='bbox 1796 2763 1934 2854; x_wconf 75' lang='grc' dir='ltr'>τοὺς</span> 
     </span>
    </p>
   </div>
   <div class='ocr_carea' id='block_1_41' title="bbox 345 2858 1934 2952">
    <p class='ocr_par' dir='ltr' id='par_1_41' title="bbox 345 2858 1934 2952">
     <span class='ocr_line' id='line_1_41' title="bbox 345 2858 1934 2952; baseline 0.017 -44"><span class='ocrx_word' id='word_1_330' title='bbox 345 2858 476 2928; x_wconf 80' lang='grc' dir='ltr'>περὶ</span> <span class='ocrx_word' id='word_1_331' title='bbox 505 2860 756 2929; x_wconf 85' lang='grc' dir='ltr'>μεγάλων</span> <span class='ocrx_word' id='word_1_332' title='bbox 783 2865 878 2918; x_wconf 83' lang='grc' dir='ltr'>καὶ</span> <span class='ocrx_word' id='word_1_333' title='bbox 901 2866 1260 2940; x_wconf 88' lang='grc' dir='ltr'>ἐπουρανίων,</span> <span class='ocrx_word' id='word_1_334' title='bbox 1283 2873 1551 2942; x_wconf 80' lang='grc' dir='ltr'>μεγάλους</span> <span class='ocrx_word' id='word_1_335' title='bbox 1577 2877 1671 2930; x_wconf 82' lang='grc' dir='ltr'>καὶ</span> <span class='ocrx_word' id='word_1_336' title='bbox 1697 2879 1934 2952; x_wconf 87' lang='grc' dir='ltr'>ἐπουρα-</span> 
     </span>
    </p>
   </div>
   <div class='ocr_carea' id='block_1_42' title="bbox 341 2948 1930 3040">
    <p class='ocr_par' dir='ltr' id='par_1_42' title="bbox 341 2948 1930 3040">
     <span class='ocr_line' id='line_1_42' title="bbox 341 2948 1930 3040; baseline 0.017 -40"><span class='ocrx_word' id='word_1_337' title='bbox 341 2948 509 3013; x_wconf 86' lang='grc' dir='ltr'>νίους.</span> <span class='ocrx_word' id='word_1_338' title='bbox 534 2951 598 3005; x_wconf 80' lang='lat' dir='ltr'><strong>EI</strong></span> <span class='ocrx_word' id='word_1_339' title='bbox 623 2953 680 3007; x_wconf 89' lang='grc' dir='ltr'><strong>δέ</strong></span> <span class='ocrx_word' id='word_1_340' title='bbox 696 2972 780 3019; x_wconf 90' lang='grc' dir='ltr'><strong>τις</strong></span> <span class='ocrx_word' id='word_1_341' title='bbox 803 2956 942 3028; x_wconf 83' lang='grc' dir='ltr'>πρὸς</span> <span class='ocrx_word' id='word_1_342' title='bbox 967 2959 1141 3014; x_wconf 86' lang='grc' dir='ltr'>ταῦτα</span> <span class='ocrx_word' id='word_1_343' title='bbox 1170 2962 1491 3019; x_wconf 83' lang='grc' dir='ltr'>ἀνθυποίσει</span> <span class='ocrx_word' id='word_1_344' title='bbox 1521 2968 1611 3020; x_wconf 79' lang='grc' dir='ltr'><strong>τὸν</strong></span> <span class='ocrx_word' id='word_1_345' title='bbox 1640 2971 1775 3040; x_wconf 87' lang='grc' dir='ltr'><strong>μηδέ</strong></span> <span class='ocrx_word' id='word_1_346' title='bbox 1803 2948 1930 3038; x_wconf 82' lang='grc' dir='ltr'>τοὺς</span> 
     </span>
    </p>
   </div>
   <div class='ocr_carea' id='block_1_43' title="bbox 2045 1865 3626 1948">
    <p class='ocr_par' dir='ltr' id='par_1_43' title="bbox 2045 1865 3626 1948">
     <span class='ocr_line' id='line_1_43' title="bbox 2045 1865 3626 1948; baseline 0.011 -31"><span class='ocrx_word' id='word_1_347' title='bbox 2045 1869 2164 1917; x_wconf 88' lang='lat' dir='ltr'><strong>erat</strong></span> <span class='ocrx_word' id='word_1_348' title='bbox 2189 1870 2249 1919; x_wconf 90' lang='lat' dir='ltr'><strong>ut</strong></span> <span class='ocrx_word' id='word_1_349' title='bbox 2277 1878 2404 1920; x_wconf 91' lang='lat' dir='ltr'><strong>suos</strong></span> <span class='ocrx_word' id='word_1_350' title='bbox 2426 1865 2543 1935; x_wconf 90' lang='lat' dir='ltr'><strong>ipse</strong></span> <span class='ocrx_word' id='word_1_351' title='bbox 2566 1868 2755 1926; x_wconf 89' lang='lat' dir='ltr'><strong>oculos</strong></span> <span class='ocrx_word' id='word_1_352' title='bbox 2784 1871 3076 1928; x_wconf 85' lang='lat' dir='ltr'><strong>attolleret.</strong></span> <span class='ocrx_word' id='word_1_353' title='bbox 3102 1873 3218 1930; x_wconf 83' lang='lat' dir='ltr'><strong>Hoc</strong></span> <span class='ocrx_word' id='word_1_354' title='bbox 3239 1887 3446 1945; x_wconf 89' lang='lat' dir='ltr'><strong>autem,</strong></span> <span class='ocrx_word' id='word_1_355' title='bbox 3480 1877 3626 1948; x_wconf 90' lang='lat' dir='ltr'><strong>quod</strong></span> 
     </span>
    </p>
   </div>
   <div class='ocr_carea' id='block_1_44' title="bbox 2045 1959 3624 2040">
    <p class='ocr_par' dir='ltr' id='par_1_44' title="bbox 2045 1959 3624 2040">
     <span class='ocr_line' id='line_1_44' title="bbox 2045 1959 3624 2040; baseline 0.01 -31"><span class='ocrx_word' id='word_1_356' title='bbox 2045 1968 2189 2009; x_wconf 88' lang='lat' dir='ltr'><strong>nunc</strong></span> <span class='ocrx_word' id='word_1_357' title='bbox 2233 1963 2557 2023; x_wconf 89' lang='lat' dir='ltr'><strong>tractamus,</strong></span> <span class='ocrx_word' id='word_1_358' title='bbox 2603 1959 2898 2016; x_wconf 91' lang='lat' dir='ltr'><strong>edocemur</strong></span> <span class='ocrx_word' id='word_1_359' title='bbox 2950 1964 3137 2020; x_wconf 78' lang='lat' dir='ltr'><strong>Iesum</strong></span> <span class='ocrx_word' id='word_1_360' title='bbox 3201 1967 3624 2040; x_wconf 75' lang='lat' dir='ltr'><strong>intelligentiam</strong></span> 
     </span>
    </p>
   </div>
   <div class='ocr_carea' id='block_1_45' title="bbox 2043 2046 3626 2132">
    <p class='ocr_par' dir='ltr' id='par_1_45' title="bbox 2043 2046 3626 2132">
     <span class='ocr_line' id='line_1_45' title="bbox 2043 2046 3626 2132; baseline 0.013 -32"><span class='ocrx_word' id='word_1_361' title='bbox 2043 2046 2336 2104; x_wconf 89' lang='lat' dir='ltr'><strong>humanam</strong></span> <span class='ocrx_word' id='word_1_362' title='bbox 2377 2052 2724 2109; x_wconf 89' lang='lat' dir='ltr'><strong>transtulisse</strong></span> <span class='ocrx_word' id='word_1_363' title='bbox 2752 2067 2785 2108; x_wconf 86' lang='lat' dir='ltr'><strong>a</strong></span> <span class='ocrx_word' id='word_1_364' title='bbox 2814 2059 3210 2116; x_wconf 86' lang='lat' dir='ltr'><strong>consuetudine</strong></span> <span class='ocrx_word' id='word_1_365' title='bbox 3263 2077 3428 2132; x_wconf 90' lang='lat' dir='ltr'><strong>quam</strong></span> <span class='ocrx_word' id='word_1_366' title='bbox 3464 2064 3626 2121; x_wconf 89' lang='lat' dir='ltr'><strong>habe-</strong></span> 
     </span>
    </p>
   </div>
   <div class='ocr_carea' id='block_1_46' title="bbox 2042 2138 3624 2224">
    <p class='ocr_par' dir='ltr' id='par_1_46' title="bbox 2042 2138 3624 2224">
     <span class='ocr_line' id='line_1_46' title="bbox 2042 2138 3624 2224; baseline 0.013 -31"><span class='ocrx_word' id='word_1_367' title='bbox 2042 2138 2138 2194; x_wconf 87' lang='lat' dir='ltr'><strong>bat</strong></span> <span class='ocrx_word' id='word_1_368' title='bbox 2163 2155 2285 2194; x_wconf 89' lang='lat' dir='ltr'><strong>cum</strong></span> <span class='ocrx_word' id='word_1_369' title='bbox 2316 2142 2401 2197; x_wconf 87' lang='lat' dir='ltr'><strong>his</strong></span> <span class='ocrx_word' id='word_1_370' title='bbox 2424 2143 2519 2214; x_wconf 88' lang='lat' dir='ltr'><strong>qui</strong></span> <span class='ocrx_word' id='word_1_371' title='bbox 2554 2145 2764 2203; x_wconf 82' lang='lat' dir='ltr'><strong>inferne</strong></span> <span class='ocrx_word' id='word_1_372' title='bbox 2811 2149 3099 2220; x_wconf 79' lang='lat' dir='ltr'><strong>degebant,</strong></span> <span class='ocrx_word' id='word_1_373' title='bbox 3157 2167 3388 2224; x_wconf 88' lang='lat' dir='ltr'><strong>eamque</strong></span> <span class='ocrx_word' id='word_1_374' title='bbox 3427 2156 3481 2210; x_wconf 92' lang='lat' dir='ltr'><strong>in</strong></span> <span class='ocrx_word' id='word_1_375' title='bbox 3531 2172 3624 2213; x_wconf 90' lang='lat' dir='ltr'><strong>su-</strong></span> 
     </span>
    </p>
   </div>
   <div class='ocr_carea' id='block_1_47' title="bbox 2042 2231 3621 2320">
    <p class='ocr_par' dir='ltr' id='par_1_47' title="bbox 2042 2231 3621 2320">
     <span class='ocr_line' id='line_1_47' title="bbox 2042 2231 3621 2320; baseline 0.013 -34"><span class='ocrx_word' id='word_1_376' title='bbox 2042 2231 2207 2290; x_wconf 90' lang='lat' dir='ltr'><strong>blime</strong></span> <span class='ocrx_word' id='word_1_377' title='bbox 2231 2234 2480 2292; x_wconf 89' lang='lat' dir='ltr'><strong>elevasse</strong></span> <span class='ocrx_word' id='word_1_378' title='bbox 2502 2246 2558 2293; x_wconf 91' lang='lat' dir='ltr'><strong>et</strong></span> <span class='ocrx_word' id='word_1_379' title='bbox 2580 2239 2876 2307; x_wconf 80' lang='lat' dir='ltr'><strong>exaltasse,</strong></span> <span class='ocrx_word' id='word_1_380' title='bbox 2918 2243 3156 2300; x_wconf 90' lang='lat' dir='ltr'><strong>evehens</strong></span> <span class='ocrx_word' id='word_1_381' title='bbox 3201 2259 3321 2301; x_wconf 91' lang='lat' dir='ltr'><strong>eam</strong></span> <span class='ocrx_word' id='word_1_382' title='bbox 3367 2262 3466 2318; x_wconf 90' lang='lat' dir='ltr'><strong>per</strong></span> <span class='ocrx_word' id='word_1_383' title='bbox 3494 2264 3621 2320; x_wconf 89' lang='lat' dir='ltr'><strong>pre-</strong></span> 
     </span>
    </p>
   </div>
   <div class='ocr_carea' id='block_1_48' title="bbox 2041 2325 3619 2408">
    <p class='ocr_par' dir='ltr' id='par_1_48' title="bbox 2041 2325 3619 2408">
     <span class='ocr_line' id='line_1_48' title="bbox 2041 2325 3619 2408; baseline 0.012 -30"><span class='ocrx_word' id='word_1_384' title='bbox 2041 2325 2310 2381; x_wconf 85' lang='lat' dir='ltr'><strong>cationem</strong></span> <span class='ocrx_word' id='word_1_385' title='bbox 2336 2328 2404 2383; x_wconf 88' lang='lat' dir='ltr'><strong>ad</strong></span> <span class='ocrx_word' id='word_1_386' title='bbox 2430 2327 2648 2386; x_wconf 89' lang='lat' dir='ltr'><strong>Patrem</strong></span> <span class='ocrx_word' id='word_1_387' title='bbox 2673 2347 2841 2402; x_wconf 92' lang='lat' dir='ltr'><strong>super</strong></span> <span class='ocrx_word' id='word_1_388' title='bbox 2868 2335 3051 2390; x_wconf 91' lang='lat' dir='ltr'><strong>omnia</strong></span> <span class='ocrx_word' id='word_1_389' title='bbox 3080 2336 3455 2394; x_wconf 80' lang='lat' dir='ltr'><strong>exsistentem.</strong></span> <span class='ocrx_word' id='word_1_390' title='bbox 3475 2339 3619 2408; x_wconf 84' lang='lat' dir='ltr'><strong>Quin</strong></span> 
     </span>
    </p>
   </div>
   <div class='ocr_carea' id='block_1_49' title="bbox 2039 2417 3620 2498">
    <p class='ocr_par' dir='ltr' id='par_1_49' title="bbox 2039 2417 3620 2498">
     <span class='ocr_line' id='line_1_49' title="bbox 2039 2417 3620 2498; baseline 0.011 -28"><span class='ocrx_word' id='word_1_391' title='bbox 2039 2417 2204 2471; x_wconf 88' lang='lat' dir='ltr'><strong>etiam</strong></span> <span class='ocrx_word' id='word_1_392' title='bbox 2235 2417 2433 2477; x_wconf 88' lang='lat' dir='ltr'><strong>Paulus</strong></span> <span class='ocrx_word' id='word_1_393' title='bbox 2455 2437 2579 2476; x_wconf 92' lang='lat' dir='ltr'><strong>cum</strong></span> <span class='ocrx_word' id='word_1_394' title='bbox 2606 2423 2692 2478; x_wconf 92' lang='lat' dir='ltr'><strong>sui</strong></span> <span class='ocrx_word' id='word_1_395' title='bbox 2723 2425 3012 2492; x_wconf 90' lang='lat' dir='ltr'><strong>similibus,</strong></span> <span class='ocrx_word' id='word_1_396' title='bbox 3036 2430 3470 2498; x_wconf 86' lang='lat' dir='ltr'><strong>quandoquidem</strong></span> <span class='ocrx_word' id='word_1_397' title='bbox 3495 2433 3620 2489; x_wconf 87' lang='lat' dir='ltr'><strong>imi-</strong></span> 
     </span>
    </p>
   </div>
   <div class='ocr_carea' id='block_1_50' title="bbox 2041 2509 3620 2592">
    <p class='ocr_par' dir='ltr' id='par_1_50' title="bbox 2041 2509 3620 2592">
     <span class='ocr_line' id='line_1_50' title="bbox 2041 2509 3620 2592; baseline 0.011 -31"><span class='ocrx_word' id='word_1_398' title='bbox 2041 2517 2186 2563; x_wconf 86' lang='lat' dir='ltr'><strong>tator</strong></span> <span class='ocrx_word' id='word_1_399' title='bbox 2212 2509 2418 2566; x_wconf 91' lang='lat' dir='ltr'><strong>Christi</strong></span> <span class='ocrx_word' id='word_1_400' title='bbox 2474 2522 2557 2567; x_wconf 90' lang='lat' dir='ltr'><strong>est</strong></span> <span class='ocrx_word' id='word_1_401' title='bbox 2584 2515 2656 2581; x_wconf 82' lang='grc'><strong>⁵⁸,</strong></span> <span class='ocrx_word' id='word_1_402' title='bbox 2681 2515 2936 2585; x_wconf 77' lang='lat' dir='ltr'><strong>exemplo</strong></span> <span class='ocrx_word' id='word_1_403' title='bbox 2973 2527 3027 2573; x_wconf 91' lang='lat' dir='ltr'><strong>et</strong></span> <span class='ocrx_word' id='word_1_404' title='bbox 3076 2519 3381 2577; x_wconf 90' lang='lat' dir='ltr'><strong>imitatione</strong></span> <span class='ocrx_word' id='word_1_405' title='bbox 3425 2537 3620 2592; x_wconf 89' lang='lat' dir='ltr'><strong>preca-</strong></span> 
     </span>
    </p>
   </div>
   <div class='ocr_carea' id='block_1_51' title="bbox 2040 2598 3620 2673">
    <p class='ocr_par' dir='ltr' id='par_1_51' title="bbox 2040 2598 3620 2673">
     <span class='ocr_line' id='line_1_51' title="bbox 2040 2598 3620 2673; baseline 0.013 -22"><span class='ocrx_word' id='word_1_406' title='bbox 2040 2598 2204 2655; x_wconf 89' lang='lat' dir='ltr'><strong>tionis</strong></span> <span class='ocrx_word' id='word_1_407' title='bbox 2231 2599 2436 2658; x_wconf 84' lang='lat' dir='ltr'><strong>Christi</strong></span> <span class='ocrx_word' id='word_1_408' title='bbox 2481 2615 2824 2673; x_wconf 86' lang='lat' dir='ltr'><strong>precaturus.</strong></span> <span class='ocrx_word' id='word_1_409' title='bbox 2872 2611 3181 2666; x_wconf 88' lang='lat' dir='ltr'><strong>necessario</strong></span> <span class='ocrx_word' id='word_1_410' title='bbox 3234 2613 3482 2670; x_wconf 86' lang='lat' dir='ltr'><strong>attollere</strong></span> <span class='ocrx_word' id='word_1_411' title='bbox 3519 2616 3620 2672; x_wconf 84' lang='lat' dir='ltr'><strong>de-</strong></span> 
     </span>
    </p>
   </div>
   <div class='ocr_carea' id='block_1_52' title="bbox 2036 2689 3616 2768">
    <p class='ocr_par' dir='ltr' id='par_1_52' title="bbox 2036 2689 3616 2768">
     <span class='ocr_line' id='line_1_52' title="bbox 2036 2689 3616 2768; baseline 0.013 -26"><span class='ocrx_word' id='word_1_412' title='bbox 2036 2689 2128 2743; x_wconf 85' lang='lat' dir='ltr'><strong>bet</strong></span> <span class='ocrx_word' id='word_1_413' title='bbox 2150 2689 2336 2747; x_wconf 92' lang='lat' dir='ltr'><strong>oculos</strong></span> <span class='ocrx_word' id='word_1_414' title='bbox 2363 2695 2558 2747; x_wconf 72' lang='lat' dir='ltr'><strong>anima:</strong></span> <span class='ocrx_word' id='word_1_415' title='bbox 2584 2708 2826 2760; x_wconf 83' lang='lat' dir='ltr'><strong>sursum,</strong></span> <span class='ocrx_word' id='word_1_416' title='bbox 2855 2712 3059 2768; x_wconf 88' lang='lat' dir='ltr'><strong>eosque</strong></span> <span class='ocrx_word' id='word_1_417' title='bbox 3092 2700 3365 2759; x_wconf 89' lang='lat' dir='ltr'><strong>abducere</strong></span> <span class='ocrx_word' id='word_1_418' title='bbox 3388 2718 3419 2757; x_wconf 90' lang='lat' dir='ltr'><strong>a</strong></span> <span class='ocrx_word' id='word_1_419' title='bbox 3453 2706 3616 2762; x_wconf 82' lang='lat' dir='ltr'><strong>rebus</strong></span> 
     </span>
    </p>
   </div>
   <div class='ocr_carea' id='block_1_53' title="bbox 2034 2784 3617 2858">
    <p class='ocr_par' dir='ltr' id='par_1_53' title="bbox 2034 2784 3617 2858">
     <span class='ocr_line' id='line_1_53' title="bbox 2034 2784 3617 2858; baseline 0.013 -24"><span class='ocrx_word' id='word_1_420' title='bbox 2034 2784 2414 2850; x_wconf 64' lang='lat' dir='ltr'><strong>praesentibus,</strong></span> <span class='ocrx_word' id='word_1_421' title='bbox 2456 2800 2651 2854; x_wconf 87' lang='lat' dir='ltr'><strong>nempe</strong></span> <span class='ocrx_word' id='word_1_422' title='bbox 2686 2801 2717 2840; x_wconf 89' lang='lat' dir='ltr'><strong>a</strong></span> <span class='ocrx_word' id='word_1_423' title='bbox 2750 2791 3032 2858; x_wconf 90' lang='lat' dir='ltr'><strong>memoria,</strong></span> <span class='ocrx_word' id='word_1_424' title='bbox 3084 2807 3115 2847; x_wconf 89' lang='lat' dir='ltr'><strong>a</strong></span> <span class='ocrx_word' id='word_1_425' title='bbox 3159 2796 3617 2853; x_wconf 82' lang='lat' dir='ltr'><strong>considerationi-</strong></span> 
     </span>
    </p>
   </div>
   <div class='ocr_carea' id='block_1_54' title="bbox 2035 2871 3614 2960">
    <p class='ocr_par' dir='ltr' id='par_1_54' title="bbox 2035 2871 3614 2960">
     <span class='ocr_line' id='line_1_54' title="bbox 2035 2871 3614 2960; baseline 0.014 -35"><span class='ocrx_word' id='word_1_426' title='bbox 2035 2871 2155 2939; x_wconf 88' lang='lat' dir='ltr'><strong>bus,</strong></span> <span class='ocrx_word' id='word_1_427' title='bbox 2187 2882 2351 2946; x_wconf 83' lang='lat' dir='ltr'><strong>atque</strong></span> <span class='ocrx_word' id='word_1_428' title='bbox 2390 2876 2834 2946; x_wconf 81' lang='lat' dir='ltr'><strong>cogitationibus,</strong></span> <span class='ocrx_word' id='word_1_429' title='bbox 2881 2881 3071 2951; x_wconf 91' lang='lat' dir='ltr'><strong>sicque</strong></span> <span class='ocrx_word' id='word_1_430' title='bbox 3108 2884 3218 2940; x_wconf 92' lang='lat' dir='ltr'><strong>Deo</strong></span> <span class='ocrx_word' id='word_1_431' title='bbox 3267 2887 3451 2944; x_wconf 88' lang='lat' dir='ltr'><strong>dicere</strong></span> <span class='ocrx_word' id='word_1_432' title='bbox 3487 2906 3614 2960; x_wconf 87' lang='lat' dir='ltr'><strong>pre-</strong></span> 
     </span>
    </p>
   </div>
   <div class='ocr_carea' id='block_1_55' title="bbox 2035 2964 3614 3044">
    <p class='ocr_par' dir='ltr' id='par_1_55' title="bbox 2035 2964 3614 3044">
     <span class='ocr_line' id='line_1_55' title="bbox 2035 2964 3614 3044; baseline 0.014 -26"><span class='ocrx_word' id='word_1_433' title='bbox 2035 2964 2268 3021; x_wconf 88' lang='lat' dir='ltr'><strong>cationis</strong></span> <span class='ocrx_word' id='word_1_434' title='bbox 2318 2965 2484 3022; x_wconf 88' lang='lat' dir='ltr'><strong>verba</strong></span> <span class='ocrx_word' id='word_1_435' title='bbox 2533 2983 2764 3039; x_wconf 78' lang='lat' dir='ltr'><strong>magna,</strong></span> <span class='ocrx_word' id='word_1_436' title='bbox 2818 2987 2991 3042; x_wconf 86' lang='lat' dir='ltr'><strong>eaque</strong></span> <span class='ocrx_word' id='word_1_437' title='bbox 3023 2975 3287 3044; x_wconf 69' lang='lat' dir='ltr'><strong>coelestia,</strong></span> <span class='ocrx_word' id='word_1_438' title='bbox 3337 2981 3403 3036; x_wconf 93' lang='lat' dir='ltr'><strong>de</strong></span> <span class='ocrx_word' id='word_1_439' title='bbox 3447 2985 3614 3040; x_wconf 87' lang='lat' dir='ltr'><strong>rebus</strong></span> 
     </span>
    </p>
   </div>
   <div class='ocr_carea' id='block_1_56' title="bbox 339 3041 1924 3144">
    <p class='ocr_par' dir='ltr' id='par_1_56' title="bbox 339 3041 1924 3133">
     <span class='ocr_line' id='line_1_56' title="bbox 339 3041 1924 3133; baseline 0.016 -40"><span class='ocrx_word' id='word_1_440' title='bbox 339 3041 652 3114; x_wconf 78' lang='grc' dir='ltr'>ὀφθαλμοὺς</span> <span class='ocrx_word' id='word_1_441' title='bbox 688 3048 890 3119; x_wconf 77' lang='grc' dir='ltr'>ἐπᾶραι</span> <span class='ocrx_word' id='word_1_442' title='bbox 930 3049 1232 3124; x_wconf 86' lang='grc' dir='ltr'>θελήσαντα</span> <span class='ocrx_word' id='word_1_443' title='bbox 1265 3056 1524 3129; x_wconf 83' lang='grc' dir='ltr'>τελώνην,</span> <span class='ocrx_word' id='word_1_444' title='bbox 1556 3062 1649 3114; x_wconf 78' lang='grc' dir='ltr'>καὶ</span> <span class='ocrx_word' id='word_1_445' title='bbox 1681 3062 1924 3133; x_wconf 83' lang='grc' dir='ltr'>τύψαντα</span> 
     </span>
    </p>
   </div>
   <div class='ocr_carea' id='block_1_57' title="bbox 2026 3041 3610 3144">
    <p class='ocr_par' dir='ltr' id='par_1_57' title="bbox 2033 3041 3610 3144">
     <span class='ocr_line' id='line_1_57' title="bbox 2033 3041 3610 3144; baseline 0.016 -38"><span class='ocrx_word' id='word_1_446' title='bbox 2033 3056 2267 3125; x_wconf 87' lang='lat' dir='ltr'><strong>magnis,</strong></span> <span class='ocrx_word' id='word_1_447' title='bbox 2297 3057 2472 3126; x_wconf 92' lang='lat' dir='ltr'><strong>deque</strong></span> <span class='ocrx_word' id='word_1_448' title='bbox 2507 3041 3008 3128; x_wconf 71' lang='lat' dir='ltr'><strong>supercmlestibus.</strong></span> <span class='ocrx_word' id='word_1_449' title='bbox 3044 3063 3246 3123; x_wconf 80' lang='lat' dir='ltr'><strong>Verum</strong></span> <span class='ocrx_word' id='word_1_450' title='bbox 3273 3041 3325 3127; x_wconf 21' lang='lat' dir='ltr'><strong>isi</strong></span> <span class='ocrx_word' id='word_1_451' title='bbox 3355 3074 3480 3142; x_wconf 85' lang='lat' dir='ltr'><strong>quis</strong></span> <span class='ocrx_word' id='word_1_452' title='bbox 3507 3089 3610 3144; x_wconf 88' lang='lat' dir='ltr'><strong>op-</strong></span> 
     </span>
    </p>
   </div>
   <div class='ocr_carea' id='block_1_58' title="bbox 339 3131 1927 3226">
    <p class='ocr_par' dir='ltr' id='par_1_58' title="bbox 339 3131 1927 3226">
     <span class='ocr_line' id='line_1_58' title="bbox 339 3131 1927 3226; baseline 0.016 -42"><span class='ocrx_word' id='word_1_453' title='bbox 339 3131 535 3187; x_wconf 74' lang='grc' dir='ltr'>ἑαυτοῦ</span> <span class='ocrx_word' id='word_1_454' title='bbox 564 3135 628 3189; x_wconf 84' lang='grc' dir='ltr'>τὸ</span> <span class='ocrx_word' id='word_1_455' title='bbox 650 3138 867 3210; x_wconf 83' lang='grc' dir='ltr'>στῆθος,</span> <span class='ocrx_word' id='word_1_456' title='bbox 891 3142 988 3196; x_wconf 79' lang='grc' dir='ltr'><strong>καὶ</strong></span> <span class='ocrx_word' id='word_1_457' title='bbox 1029 3145 1273 3200; x_wconf 72' lang='grc' dir='ltr'>εἰπόντα·</span> <span class='ocrx_word' id='word_1_458' title='bbox 1307 3166 1326 3199; x_wconf 80' lang='grc' dir='ltr'><strong>ι</strong></span> <span class='ocrx_word' id='word_1_459' title='bbox 1386 3149 1443 3203; x_wconf 84' lang='grc'>’0</span> <span class='ocrx_word' id='word_1_460' title='bbox 1475 3149 1628 3215; x_wconf 85' lang='grc' dir='ltr'>Θεὸς,</span> <span class='ocrx_word' id='word_1_461' title='bbox 1676 3131 1927 3226; x_wconf 76' lang='grc' dir='ltr'>ἱλάσθητί</span> 
     </span>
    </p>
   </div>
   <div class='ocr_carea' id='block_1_59' title="bbox 343 3226 1926 3320">
    <p class='ocr_par' dir='ltr' id='par_1_59' title="bbox 343 3226 1926 3320">
     <span class='ocr_line' id='line_1_59' title="bbox 343 3226 1926 3320; baseline 0.015 -43"><span class='ocrx_word' id='word_1_462' title='bbox 343 3242 436 3296; x_wconf 90' lang='grc' dir='ltr'><strong>μοι</strong></span> <span class='ocrx_word' id='word_1_463' title='bbox 457 3226 534 3297; x_wconf 84' lang='grc' dir='ltr'>τῷ</span> <span class='ocrx_word' id='word_1_464' title='bbox 559 3229 891 3305; x_wconf 83' lang='grc' dir='ltr'>ἁμαρτωλῷ,</span> <span class='ocrx_word' id='word_1_465' title='bbox 938 3254 958 3286; x_wconf 70' lang='grc' dir='ltr'><strong>ι</strong></span> <span class='ocrx_word' id='word_1_466' title='bbox 983 3237 1202 3293; x_wconf 88' lang='grc' dir='ltr'>λεκτέον</span> <span class='ocrx_word' id='word_1_467' title='bbox 1229 3241 1367 3311; x_wconf 86' lang='grc' dir='ltr'>πρὸς</span> <span class='ocrx_word' id='word_1_468' title='bbox 1392 3242 1573 3310; x_wconf 85' lang='grc' dir='ltr'>αὐτὸν,</span> <span class='ocrx_word' id='word_1_469' title='bbox 1605 3245 1707 3312; x_wconf 79' lang='grc' dir='ltr'>ὅτι,</span> <span class='ocrx_word' id='word_1_470' title='bbox 1736 3245 1926 3320; x_wconf 82' lang='grc' dir='ltr'>ὥσπερ</span> 
     </span>
    </p>
   </div>
   <div class='ocr_carea' id='block_1_60' title="bbox 336 3319 1925 3408">
    <p class='ocr_par' dir='ltr' id='par_1_60' title="bbox 336 3319 1925 3408">
     <span class='ocr_line' id='line_1_60' title="bbox 336 3319 1925 3408; baseline 0.014 -35"><span class='ocrx_word' id='word_1_471' title='bbox 336 3319 401 3373; x_wconf 82' lang='grc' dir='ltr'><strong>οὐ</strong></span> <span class='ocrx_word' id='word_1_472' title='bbox 456 3321 641 3388; x_wconf 87' lang='grc' dir='ltr'>πᾶσιν,</span> <span class='ocrx_word' id='word_1_473' title='bbox 689 3325 811 3379; x_wconf 87' lang='grc' dir='ltr'><strong>οὐδέ</strong></span> <span class='ocrx_word' id='word_1_474' title='bbox 858 3327 945 3381; x_wconf 78' lang='grc' dir='ltr'><strong>ἀεὶ</strong></span> <span class='ocrx_word' id='word_1_475' title='bbox 993 3331 1380 3403; x_wconf 84' lang='grc' dir='ltr'>παραληπτέον</span> <span class='ocrx_word' id='word_1_476' title='bbox 1440 3337 1540 3408; x_wconf 83' lang='grc' dir='ltr'>τὴν</span> <span class='ocrx_word' id='word_1_477' title='bbox 1596 3339 1736 3393; x_wconf 86' lang='grc' dir='ltr'>κατὰ</span> <span class='ocrx_word' id='word_1_478' title='bbox 1793 3319 1925 3395; x_wconf 82' lang='grc' dir='ltr'>Θεὸν</span> 
     </span>
    </p>
   </div>
   <div class='ocr_carea' id='block_1_61' title="bbox 337 3409 1925 3505">
    <p class='ocr_par' dir='ltr' id='par_1_61' title="bbox 337 3409 1925 3505">
     <span class='ocr_line' id='line_1_61' title="bbox 337 3409 1925 3505; baseline 0.017 -43"><span class='ocrx_word' id='word_1_479' title='bbox 337 3409 535 3484; x_wconf 79' lang='grc' dir='ltr'>Αύπην,</span> <span class='ocrx_word' id='word_1_480' title='bbox 599 3416 886 3485; x_wconf 88' lang='grc' dir='ltr'>μετάνοιαν</span> <span class='ocrx_word' id='word_1_481' title='bbox 944 3423 1026 3485; x_wconf 82' lang='grc' dir='ltr'><strong>είς</strong></span> <span class='ocrx_word' id='word_1_482' title='bbox 1069 3425 1342 3496; x_wconf 78' lang='grc' dir='ltr'>σωτηρίαν</span> <span class='ocrx_word' id='word_1_483' title='bbox 1383 3427 1655 3501; x_wconf 84' lang='grc' dir='ltr'>ἀμέλητον</span> <span class='ocrx_word' id='word_1_484' title='bbox 1697 3431 1807 3502; x_wconf 83' lang='grc'>(66)</span> <span class='ocrx_word' id='word_1_485' title='bbox 1835 3435 1925 3505; x_wconf 90' lang='grc' dir='ltr'>ἐρ-</span> 
     </span>
    </p>
   </div>
   <div class='ocr_carea' id='block_1_62' title="bbox 302 3502 1924 3590">
    <p class='ocr_par' dir='ltr' id='par_1_62' title="bbox 302 3502 1924 3590">
     <span class='ocr_line' id='line_1_62' title="bbox 302 3502 1924 3590; baseline 0.004 -20"><span class='ocrx_word' id='word_1_486' title='bbox 302 3513 310 3519; x_wconf 75' lang='grc'><strong>’</strong></span> <span class='ocrx_word' id='word_1_487' title='bbox 336 3502 668 3577; x_wconf 74' lang='grc' dir='ltr'>γαξομένην,</span> <span class='ocrx_word' id='word_1_488' title='bbox 693 3507 809 3563; x_wconf 86' lang='grc' dir='ltr'>ἀλλ’</span> <span class='ocrx_word' id='word_1_489' title='bbox 839 3511 872 3582; x_wconf 80' lang='grc' dir='ltr'>ἢ</span> <span class='ocrx_word' id='word_1_490' title='bbox 925 3511 1092 3584; x_wconf 84' lang='grc' dir='ltr'>μόνῳ,</span> <span class='ocrx_word' id='word_1_491' title='bbox 1138 3516 1233 3568; x_wconf 79' lang='grc' dir='ltr'>καὶ</span> <span class='ocrx_word' id='word_1_492' title='bbox 1275 3520 1440 3572; x_wconf 80' lang='grc' dir='ltr'>παντὶ</span> <span class='ocrx_word' id='word_1_493' title='bbox 1465 3519 1545 3590; x_wconf 84' lang='grc' dir='ltr'>τῷ</span> <span class='ocrx_word' id='word_1_494' title='bbox 1583 3519 1708 3588; x_wconf 79' lang='grc' dir='ltr'>ἄξια</span> <span class='ocrx_word' id='word_1_495' title='bbox 1737 3502 1924 3577; x_wconf 85' lang='grc' dir='ltr'>τοιαύ-</span> 
     </span>
    </p>
   </div>
   <div class='ocr_carea' id='block_1_63' title="bbox 335 3597 1921 3677">
    <p class='ocr_par' dir='ltr' id='par_1_63' title="bbox 335 3597 1921 3677">
     <span class='ocr_line' id='line_1_63' title="bbox 335 3597 1921 3677; baseline 0.013 -29"><span class='ocrx_word' id='word_1_496' title='bbox 335 3613 440 3665; x_wconf 89' lang='grc' dir='ltr'><strong>της</strong></span> <span class='ocrx_word' id='word_1_497' title='bbox 472 3597 649 3670; x_wconf 85' lang='grc' dir='ltr'>λύπης</span> <span class='ocrx_word' id='word_1_498' title='bbox 676 3601 984 3672; x_wconf 88' lang='grc' dir='ltr'>ποιήσαντι,</span> <span class='ocrx_word' id='word_1_499' title='bbox 1025 3606 1120 3659; x_wconf 78' lang='grc' dir='ltr'>καὶ</span> <span class='ocrx_word' id='word_1_500' title='bbox 1165 3607 1308 3677; x_wconf 87' lang='grc' dir='ltr'>μέγα</span> <span class='ocrx_word' id='word_1_501' title='bbox 1353 3609 1674 3677; x_wconf 86' lang='grc' dir='ltr'>γινώσκοντι</span> <span class='ocrx_word' id='word_1_502' title='bbox 1712 3613 1799 3666; x_wconf 82' lang='grc' dir='ltr'><strong>ἐπ’</strong></span> <span class='ocrx_word' id='word_1_503' title='bbox 1823 3615 1921 3668; x_wconf 88' lang='grc' dir='ltr'>αὐ-</span> 
     </span>
    </p>
   </div>
   <div class='ocr_carea' id='block_1_64' title="bbox 332 3690 1920 3778">
    <p class='ocr_par' dir='ltr' id='par_1_64' title="bbox 332 3690 1920 3778">
     <span class='ocr_line' id='line_1_64' title="bbox 332 3690 1920 3778; baseline 0.013 -38"><span class='ocrx_word' id='word_1_504' title='bbox 332 3690 467 3752; x_wconf 83' lang='grc' dir='ltr'>τοῖς·</span> <span class='ocrx_word' id='word_1_505' title='bbox 517 3691 614 3745; x_wconf 81' lang='grc' dir='ltr'>καὶ</span> <span class='ocrx_word' id='word_1_506' title='bbox 655 3693 1043 3765; x_wconf 87' lang='grc' dir='ltr'>παραληπτέον</span> <span class='ocrx_word' id='word_1_507' title='bbox 1090 3713 1154 3766; x_wconf 92' lang='grc' dir='ltr'><strong>γε</strong></span> <span class='ocrx_word' id='word_1_508' title='bbox 1211 3698 1382 3771; x_wconf 82' lang='grc' dir='ltr'>αὐτὴν</span> <span class='ocrx_word' id='word_1_509' title='bbox 1433 3701 1658 3774; x_wconf 80' lang='grc' dir='ltr'>ἀμέτρῳ</span> <span class='ocrx_word' id='word_1_510' title='bbox 1711 3705 1807 3759; x_wconf 73' lang='grc' dir='ltr'>καὶ</span> <span class='ocrx_word' id='word_1_511' title='bbox 1847 3707 1920 3778; x_wconf 84' lang='grc' dir='ltr'>μὴ</span> 
     </span>
    </p>
   </div>
   <div class='ocr_carea' id='block_1_65' title="bbox 335 3781 1920 3867">
    <p class='ocr_par' dir='ltr' id='par_1_65' title="bbox 335 3781 1920 3867">
     <span class='ocr_line' id='line_1_65' title="bbox 335 3781 1920 3867; baseline 0.012 -35"><span class='ocrx_word' id='word_1_512' title='bbox 335 3781 574 3853; x_wconf 86' lang='grc' dir='ltr'>περίσση</span> <span class='ocrx_word' id='word_1_513' title='bbox 611 3782 744 3855; x_wconf 89' lang='lat'><strong>(67),</strong></span> <span class='ocrx_word' id='word_1_514' title='bbox 780 3786 866 3840; x_wconf 83' lang='grc' dir='ltr'>ἵνα</span> <span class='ocrx_word' id='word_1_515' title='bbox 914 3787 989 3859; x_wconf 84' lang='grc' dir='ltr'>μὴ</span> <span class='ocrx_word' id='word_1_516' title='bbox 1029 3792 1097 3861; x_wconf 77' lang='grc' dir='ltr'>τῇ</span> <span class='ocrx_word' id='word_1_517' title='bbox 1142 3791 1506 3864; x_wconf 76' lang='grc' dir='ltr'>περισσοτέρᾳ</span> <span class='ocrx_word' id='word_1_518' title='bbox 1550 3793 1694 3867; x_wconf 82' lang='grc' dir='ltr'>λύπῃ</span> <span class='ocrx_word' id='word_1_519' title='bbox 1752 3814 1920 3850; x_wconf 90' lang='grc' dir='ltr'>κατα-</span> 
     </span>
    </p>
   </div>
   <div class='ocr_carea' id='block_1_66' title="bbox 331 3872 1920 3956">
    <p class='ocr_par' dir='ltr' id='par_1_66' title="bbox 331 3872 1920 3956">
     <span class='ocr_line' id='line_1_66' title="bbox 331 3872 1920 3956; baseline 0.011 -32"><span class='ocrx_word' id='word_1_520' title='bbox 331 3872 472 3944; x_wconf 78' lang='grc' dir='ltr'>ποθῇ</span> <span class='ocrx_word' id='word_1_521' title='bbox 533 3875 647 3929; x_wconf 73' lang='grc' dir='ltr'><strong>ὑπὸ</strong></span> <span class='ocrx_word' id='word_1_522' title='bbox 699 3879 793 3932; x_wconf 88' lang='grc' dir='ltr'><strong>τοῦ</strong></span> <span class='ocrx_word' id='word_1_523' title='bbox 855 3880 1101 3935; x_wconf 83' lang='grc' dir='ltr'>Σατανᾶ·</span> <span class='ocrx_word' id='word_1_524' title='bbox 1161 3882 1334 3947; x_wconf 77' lang='grc' dir='ltr'>οὕτως</span> <span class='ocrx_word' id='word_1_525' title='bbox 1377 3885 1588 3956; x_wconf 84' lang='grc' dir='ltr'>μήποτε</span> <span class='ocrx_word' id='word_1_526' title='bbox 1647 3889 1708 3941; x_wconf 91' lang='grc' dir='ltr'><strong>οὐ</strong></span> <span class='ocrx_word' id='word_1_527' title='bbox 1758 3891 1920 3943; x_wconf 77' lang='grc' dir='ltr'>παντὶ</span> 
     </span>
    </p>
   </div>
   <div class='ocr_carea' id='block_1_67' title="bbox 328 3963 1919 4047">
    <p class='ocr_par' dir='ltr' id='par_1_67' title="bbox 328 3963 1919 4047">
     <span class='ocr_line' id='line_1_67' title="bbox 328 3963 1919 4047; baseline 0.009 -28"><span class='ocrx_word' id='word_1_528' title='bbox 328 3963 564 4036; x_wconf 78' lang='grc' dir='ltr'>καθήκει</span> <span class='ocrx_word' id='word_1_529' title='bbox 600 3969 735 4040; x_wconf 86' lang='grc' dir='ltr'>μηδὲ</span> <span class='ocrx_word' id='word_1_530' title='bbox 765 3972 890 4035; x_wconf 80' lang='grc' dir='ltr'>τοὺς</span> <span class='ocrx_word' id='word_1_531' title='bbox 915 3971 1226 4044; x_wconf 78' lang='grc' dir='ltr'>ὀφθαλμοὺς</span> <span class='ocrx_word' id='word_1_532' title='bbox 1249 3976 1454 4047; x_wconf 87' lang='grc' dir='ltr'>ἐπᾶραι</span> <span class='ocrx_word' id='word_1_533' title='bbox 1485 3975 1677 4043; x_wconf 87' lang='grc' dir='ltr'>θέλειν,</span> <span class='ocrx_word' id='word_1_534' title='bbox 1696 3979 1772 4042; x_wconf 86' lang='grc' dir='ltr'>ὠς</span> <span class='ocrx_word' id='word_1_535' title='bbox 1798 3981 1919 4034; x_wconf 87' lang='grc' dir='ltr'>οὐδὲ</span> 
     </span>
    </p>
   </div>
   <div class='ocr_carea' id='block_1_68' title="bbox 331 4055 1916 4141">
    <p class='ocr_par' dir='ltr' id='par_1_68' title="bbox 331 4055 1916 4141">
     <span class='ocr_line' id='line_1_68' title="bbox 331 4055 1916 4141; baseline 0.009 -32"><span class='ocrx_word' id='word_1_536' title='bbox 331 4055 556 4112; x_wconf 87' lang='grc' dir='ltr'>ἐστάναι</span> <span class='ocrx_word' id='word_1_537' title='bbox 612 4062 903 4134; x_wconf 84' lang='grc' dir='ltr'>μακρόθεν.</span> <span class='ocrx_word' id='word_1_538' title='bbox 947 4065 1218 4129; x_wconf 87' lang='grc' dir='ltr'>Ἕκαστος</span> <span class='ocrx_word' id='word_1_539' title='bbox 1264 4066 1322 4120; x_wconf 85' lang='grc' dir='ltr'>δὲ</span> <span class='ocrx_word' id='word_1_540' title='bbox 1377 4068 1571 4122; x_wconf 89' lang='grc' dir='ltr'>ἐαυτὸν</span> <span class='ocrx_word' id='word_1_541' title='bbox 1626 4073 1754 4141; x_wconf 80' lang='grc' dir='ltr'>περὶ</span> <span class='ocrx_word' id='word_1_542' title='bbox 1807 4069 1916 4124; x_wconf 80' lang='grc' dir='ltr'>τῶν</span> 
     </span>
    </p>
   </div>
   <div class='ocr_carea' id='block_1_69' title="bbox 327 4150 1913 4233">
    <p class='ocr_par' dir='ltr' id='par_1_69' title="bbox 327 4150 1913 4233">
     <span class='ocr_line' id='line_1_69' title="bbox 327 4150 1913 4233; baseline 0.009 -31"><span class='ocrx_word' id='word_1_543' title='bbox 327 4150 587 4206; x_wconf 84' lang='grc' dir='ltr'>τοιούτων</span> <span class='ocrx_word' id='word_1_544' title='bbox 619 4155 869 4226; x_wconf 88' lang='grc' dir='ltr'>κρινέτω,</span> <span class='ocrx_word' id='word_1_545' title='bbox 892 4157 987 4211; x_wconf 76' lang='grc' dir='ltr'>καὶ</span> <span class='ocrx_word' id='word_1_546' title='bbox 1015 4156 1354 4228; x_wconf 79' lang='grc' dir='ltr'>δοκιμαζέτω</span> <span class='ocrx_word' id='word_1_547' title='bbox 1386 4160 1670 4233; x_wconf 80' lang='grc' dir='ltr'>ἄνθρωπος</span> <span class='ocrx_word' id='word_1_548' title='bbox 1697 4163 1913 4228; x_wconf 84' lang='grc' dir='ltr'>ἐαυτὸν,</span> 
     </span>
    </p>
   </div>
   <div class='ocr_carea' id='block_1_70' title="bbox 327 4243 1916 4324">
    <p class='ocr_par' dir='ltr' id='par_1_70' title="bbox 327 4243 1916 4324">
     <span class='ocr_line' id='line_1_70' title="bbox 327 4243 1916 4324; baseline 0.008 -27"><span class='ocrx_word' id='word_1_549' title='bbox 327 4243 427 4298; x_wconf 79' lang='grc' dir='ltr'>καὶ</span> <span class='ocrx_word' id='word_1_550' title='bbox 460 4244 633 4311; x_wconf 76' lang='grc' dir='ltr'>οὕτως</span> <span class='ocrx_word' id='word_1_551' title='bbox 672 4248 734 4300; x_wconf 91' lang='grc' dir='ltr'><strong>οὐ</strong></span> <span class='ocrx_word' id='word_1_552' title='bbox 772 4248 930 4319; x_wconf 87' lang='grc' dir='ltr'>μόνον</span> <span class='ocrx_word' id='word_1_553' title='bbox 977 4251 1042 4303; x_wconf 90' lang='grc' dir='ltr'><strong>ἐκ</strong></span> <span class='ocrx_word' id='word_1_554' title='bbox 1079 4250 1176 4304; x_wconf 89' lang='grc' dir='ltr'><strong>τοῦ</strong></span> <span class='ocrx_word' id='word_1_555' title='bbox 1223 4251 1389 4324; x_wconf 80' lang='grc' dir='ltr'>ἄρτου</span> <span class='ocrx_word' id='word_1_556' title='bbox 1433 4253 1679 4318; x_wconf 84' lang='grc' dir='ltr'>ἐσθιέτω,</span> <span class='ocrx_word' id='word_1_557' title='bbox 1715 4255 1807 4309; x_wconf 76' lang='grc' dir='ltr'>καὶ</span> <span class='ocrx_word' id='word_1_558' title='bbox 1849 4257 1916 4310; x_wconf 90' lang='grc' dir='ltr'><strong>ἐκ</strong></span> 
     </span>
    </p>
   </div>
   <div class='ocr_carea' id='block_1_71' title="bbox 325 4335 1986 4446">
    <p class='ocr_par' dir='ltr' id='par_1_71' title="bbox 325 4335 1986 4446">
     <span class='ocr_line' id='line_1_71' title="bbox 325 4335 1986 4446; baseline 0.009 -58"><span class='ocrx_word' id='word_1_559' title='bbox 325 4335 425 4388; x_wconf 87' lang='grc' dir='ltr'><strong>τοῦ</strong></span> <span class='ocrx_word' id='word_1_560' title='bbox 475 4338 736 4410; x_wconf 86' lang='grc' dir='ltr'>ποτηρίου</span> <span class='ocrx_word' id='word_1_561' title='bbox 795 4341 1016 4406; x_wconf 81' lang='grc' dir='ltr'>πινέτω,</span> <span class='ocrx_word' id='word_1_562' title='bbox 1079 4341 1216 4396; x_wconf 83' lang='grc' dir='ltr'>ἀλλὰ</span> <span class='ocrx_word' id='word_1_563' title='bbox 1263 4343 1361 4396; x_wconf 80' lang='grc' dir='ltr'>καὶ</span> <span class='ocrx_word' id='word_1_564' title='bbox 1424 4345 1549 4409; x_wconf 82' lang='grc' dir='ltr'>τοὺς</span> <span class='ocrx_word' id='word_1_565' title='bbox 1597 4346 1911 4418; x_wconf 82' lang='grc' dir='ltr'>ὀφθαλμοὺς</span> <span class='ocrx_word' id='word_1_566' title='bbox 1941 4390 1986 4446; x_wconf 76' lang='lat' dir='ltr'><strong>D</strong></span> 
     </span>
    </p>
   </div>
   <div class='ocr_carea' id='block_1_72' title="bbox 325 4423 1908 4509">
    <p class='ocr_par' dir='ltr' id='par_1_72' title="bbox 325 4423 1908 4509">
     <span class='ocr_line' id='line_1_72' title="bbox 325 4423 1908 4509; baseline 0.011 -33"><span class='ocrx_word' id='word_1_567' title='bbox 325 4423 610 4495; x_wconf 85' lang='grc' dir='ltr'>ἐπαράτω,</span> <span class='ocrx_word' id='word_1_568' title='bbox 649 4429 744 4481; x_wconf 81' lang='grc' dir='ltr'>καὶ</span> <span class='ocrx_word' id='word_1_569' title='bbox 789 4429 989 4501; x_wconf 75' lang='grc' dir='ltr'>αἰρέτω</span> <span class='ocrx_word' id='word_1_570' title='bbox 1032 4431 1227 4497; x_wconf 84' lang='grc' dir='ltr'>αὐτοὺς</span> <span class='ocrx_word' id='word_1_571' title='bbox 1261 4432 1374 4487; x_wconf 83' lang='grc' dir='ltr'><strong>άνω</strong></span> <span class='ocrx_word' id='word_1_572' title='bbox 1405 4435 1548 4490; x_wconf 79' lang='grc' dir='ltr'>κατὰ</span> <span class='ocrx_word' id='word_1_573' title='bbox 1585 4436 1685 4506; x_wconf 82' lang='grc' dir='ltr'>τῆς</span> <span class='ocrx_word' id='word_1_574' title='bbox 1719 4438 1908 4509; x_wconf 82' lang='grc' dir='ltr'>εὐχῆς,</span> 
     </span>
    </p>
   </div>
   <div class='ocr_carea' id='block_1_73' title="bbox 327 4513 1907 4602">
    <p class='ocr_par' dir='ltr' id='par_1_73' title="bbox 327 4513 1907 4602">
     <span class='ocr_line' id='line_1_73' title="bbox 327 4513 1907 4602; baseline 0.011 -35"><span class='ocrx_word' id='word_1_575' title='bbox 327 4513 651 4571; x_wconf 78' lang='grc' dir='ltr'>ὐποτάσσων</span> <span class='ocrx_word' id='word_1_576' title='bbox 677 4521 871 4576; x_wconf 87' lang='grc' dir='ltr'>ἐαυτὸν</span> <span class='ocrx_word' id='word_1_577' title='bbox 894 4521 1033 4594; x_wconf 86' lang='grc' dir='ltr'>Θεῷ,</span> <span class='ocrx_word' id='word_1_578' title='bbox 1063 4525 1158 4579; x_wconf 77' lang='grc' dir='ltr'>καὶ</span> <span class='ocrx_word' id='word_1_579' title='bbox 1186 4525 1460 4579; x_wconf 86' lang='grc' dir='ltr'>ταπεινῶν</span> <span class='ocrx_word' id='word_1_580' title='bbox 1491 4527 1683 4581; x_wconf 88' lang='grc' dir='ltr'>ἐαυτὸν</span> <span class='ocrx_word' id='word_1_581' title='bbox 1714 4529 1907 4602; x_wconf 85' lang='grc' dir='ltr'>ἐκείνῳ</span> 
     </span>
    </p>
   </div>
   <div class='ocr_carea' id='block_1_74' title="bbox 325 4605 1908 4692">
    <p class='ocr_par' dir='ltr' id='par_1_74' title="bbox 325 4605 1908 4692">
     <span class='ocr_line' id='line_1_74' title="bbox 325 4605 1908 4692; baseline 0.009 -31"><span class='ocrx_word' id='word_1_582' title='bbox 325 4605 532 4677; x_wconf 84' lang='grc' dir='ltr'>λεγέτω</span> <span class='ocrx_word' id='word_1_583' title='bbox 572 4610 706 4682; x_wconf 87' lang='lat'><strong>(68).</strong></span> <span class='ocrx_word' id='word_1_584' title='bbox 757 4615 820 4667; x_wconf 84' lang='lat' dir='ltr'><strong>El</strong></span> <span class='ocrx_word' id='word_1_585' title='bbox 865 4615 1172 4688; x_wconf 83' lang='grc' dir='ltr'>νομίζωμεν</span> <span class='ocrx_word' id='word_1_586' title='bbox 1203 4617 1281 4690; x_wconf 86' lang='grc' dir='ltr'><strong>τῷ</strong></span> <span class='ocrx_word' id='word_1_587' title='bbox 1313 4619 1662 4674; x_wconf 84' lang='grc' dir='ltr'>ὁπωσποτοῦν</span> <span class='ocrx_word' id='word_1_588' title='bbox 1705 4621 1908 4692; x_wconf 80' lang='grc' dir='ltr'>βιοῦντι</span> 
     </span>
    </p>
   </div>
   <div class='ocr_carea' id='block_1_75' title="bbox 325 4699 1907 4784">
    <p class='ocr_par' dir='ltr' id='par_1_75' title="bbox 325 4699 1907 4784">
     <span class='ocr_line' id='line_1_75' title="bbox 325 4699 1907 4784; baseline 0.01 -32"><span class='ocrx_word' id='word_1_589' title='bbox 325 4699 592 4771; x_wconf 79' lang='grc' dir='ltr'>καθήκειν</span> <span class='ocrx_word' id='word_1_590' title='bbox 631 4703 838 4774; x_wconf 81' lang='grc' dir='ltr'>ὁμοίως</span> <span class='ocrx_word' id='word_1_591' title='bbox 877 4705 956 4777; x_wconf 82' lang='grc' dir='ltr'><strong>τῷ</strong></span> <span class='ocrx_word' id='word_1_592' title='bbox 996 4706 1204 4782; x_wconf 83' lang='grc' dir='ltr'>τελώνῃ</span> <span class='ocrx_word' id='word_1_593' title='bbox 1241 4710 1376 4781; x_wconf 86' lang='grc' dir='ltr'>μηδὲ</span> <span class='ocrx_word' id='word_1_594' title='bbox 1422 4712 1550 4775; x_wconf 89' lang='grc' dir='ltr'>τοὺς</span> <span class='ocrx_word' id='word_1_595' title='bbox 1594 4710 1907 4784; x_wconf 81' lang='grc' dir='ltr'>ὀφθαλμοὺς</span> 
     </span>
    </p>
   </div>
   <div class='ocr_carea' id='block_1_76' title="bbox 325 4789 1904 4875">
    <p class='ocr_par' dir='ltr' id='par_1_76' title="bbox 325 4789 1904 4875">
     <span class='ocr_line' id='line_1_76' title="bbox 325 4789 1904 4875; baseline 0.009 -33"><span class='ocrx_word' id='word_1_596' title='bbox 325 4789 533 4862; x_wconf 80' lang='grc' dir='ltr'>ἐπᾶραι</span> <span class='ocrx_word' id='word_1_597' title='bbox 578 4790 773 4858; x_wconf 87' lang='grc' dir='ltr'>θέλειν,</span> <span class='ocrx_word' id='word_1_598' title='bbox 813 4792 932 4866; x_wconf 81' lang='grc' dir='ltr'>ὥρα</span> <span class='ocrx_word' id='word_1_599' title='bbox 982 4795 1160 4866; x_wconf 91' lang='grc' dir='ltr'>λέγειν</span> <span class='ocrx_word' id='word_1_600' title='bbox 1205 4800 1406 4869; x_wconf 85' lang='grc' dir='ltr'>ὁμοίως</span> <span class='ocrx_word' id='word_1_601' title='bbox 1455 4799 1542 4872; x_wconf 63' lang='grc' dir='ltr'><strong>τῷη</strong></span> <span class='ocrx_word' id='word_1_602' title='bbox 1583 4800 1656 4872; x_wconf 81' lang='grc' dir='ltr'>μὴ</span> <span class='ocrx_word' id='word_1_603' title='bbox 1701 4805 1904 4875; x_wconf 86' lang='grc' dir='ltr'>ἐπᾶραι</span> 
     </span>
    </p>
   </div>
   <div class='ocr_carea' id='block_1_77' title="bbox 326 4881 1904 4967">
    <p class='ocr_par' dir='ltr' id='par_1_77' title="bbox 326 4881 1904 4967">
     <span class='ocr_line' id='line_1_77' title="bbox 326 4881 1904 4967; baseline 0.009 -32"><span class='ocrx_word' id='word_1_604' title='bbox 326 4881 505 4938; x_wconf 86' lang='grc' dir='ltr'>θέλειν</span> <span class='ocrx_word' id='word_1_605' title='bbox 545 4887 672 4951; x_wconf 80' lang='grc' dir='ltr'>τοὺς</span> <span class='ocrx_word' id='word_1_606' title='bbox 699 4887 1030 4961; x_wconf 82' lang='grc' dir='ltr'>ὀφθαλμοὺς,</span> <span class='ocrx_word' id='word_1_607' title='bbox 1059 4891 1155 4946; x_wconf 78' lang='grc' dir='ltr'>καὶ</span> <span class='ocrx_word' id='word_1_608' title='bbox 1186 4893 1294 4946; x_wconf 77' lang='grc' dir='ltr'><strong>ἀπὸ</strong></span> <span class='ocrx_word' id='word_1_609' title='bbox 1335 4893 1604 4965; x_wconf 87' lang='grc' dir='ltr'>μακρόθεν</span> <span class='ocrx_word' id='word_1_610' title='bbox 1631 4893 1726 4948; x_wconf 87' lang='grc' dir='ltr'><strong>τοῦ</strong></span> <span class='ocrx_word' id='word_1_611' title='bbox 1757 4895 1904 4967; x_wconf 81' lang='grc' dir='ltr'>ἱεροῦ</span> 
     </span>
    </p>
   </div>
   <div class='ocr_carea' id='block_1_78' title="bbox 325 4969 1906 5056">
    <p class='ocr_par' dir='ltr' id='par_1_78' title="bbox 325 4969 1906 5056">
     <span class='ocr_line' id='line_1_78' title="bbox 325 4969 1906 5056; baseline 0.008 -29"><span class='ocrx_word' id='word_1_612' title='bbox 325 4969 550 5029; x_wconf 74' lang='grc' dir='ltr'>ἑστάναι</span> <span class='ocrx_word' id='word_1_613' title='bbox 598 4977 728 5032; x_wconf 85' lang='grc' dir='ltr'>δεῖν.</span> <span class='ocrx_word' id='word_1_614' title='bbox 782 4979 948 5051; x_wconf 82' lang='grc' dir='ltr'>Ἱερὸν</span> <span class='ocrx_word' id='word_1_615' title='bbox 993 4981 1052 5035; x_wconf 84' lang='grc' dir='ltr'><strong>δέ</strong></span> <span class='ocrx_word' id='word_1_616' title='bbox 1095 4984 1246 5036; x_wconf 86' lang='grc' dir='ltr'>ποῖον</span> <span class='ocrx_word' id='word_1_617' title='bbox 1292 4982 1358 5036; x_wconf 81' lang='grc' dir='ltr'>ἂν</span> <span class='ocrx_word' id='word_1_618' title='bbox 1400 4984 1484 5056; x_wconf 78' lang='grc' dir='ltr'>εἴη</span> <span class='ocrx_word' id='word_1_619' title='bbox 1533 4984 1566 5056; x_wconf 76' lang='grc' dir='ltr'><strong>ἢ</strong></span> <span class='ocrx_word' id='word_1_620' title='bbox 1610 4985 1906 5056; x_wconf 89' lang='grc' dir='ltr'>Ἐκκλησία</span> 
     </span>
    </p>
   </div>
   <div class='ocr_carea' id='block_1_79' title="bbox 325 5063 1902 5149">
    <p class='ocr_par' dir='ltr' id='par_1_79' title="bbox 325 5063 1902 5149">
     <span class='ocr_line' id='line_1_79' title="bbox 325 5063 1902 5149; baseline 0.008 -31"><span class='ocrx_word' id='word_1_621' title='bbox 325 5063 423 5119; x_wconf 83' lang='grc' dir='ltr'><strong>τοῦ</strong></span> <span class='ocrx_word' id='word_1_622' title='bbox 471 5066 671 5133; x_wconf 77' lang='grc' dir='ltr'>ζῶντος</span> <span class='ocrx_word' id='word_1_623' title='bbox 711 5069 885 5140; x_wconf 83' lang='grc' dir='ltr'>Θεοῦ;</span> <span class='ocrx_word' id='word_1_624' title='bbox 929 5072 1051 5144; x_wconf 81' lang='grc' dir='ltr'>ήτις</span> <span class='ocrx_word' id='word_1_625' title='bbox 1099 5074 1195 5128; x_wconf 71' lang='grc' dir='ltr'>καὶ</span> <span class='ocrx_word' id='word_1_626' title='bbox 1241 5068 1388 5138; x_wconf 81' lang='grc' dir='ltr'>οἶκος</span> <span class='ocrx_word' id='word_1_627' title='bbox 1436 5074 1571 5129; x_wconf 84' lang='grc' dir='ltr'>Θεοῦ</span> <span class='ocrx_word' id='word_1_628' title='bbox 1620 5077 1772 5149; x_wconf 83' lang='grc' dir='ltr'>παρὰ</span> <span class='ocrx_word' id='word_1_629' title='bbox 1824 5076 1902 5148; x_wconf 82' lang='grc' dir='ltr'>τῷ</span> 
     </span>
    </p>
   </div>
   <div class='ocr_carea' id='block_1_80' title="bbox 327 5155 1906 5236">
    <p class='ocr_par' dir='ltr' id='par_1_80' title="bbox 327 5155 1906 5236">
     <span class='ocr_line' id='line_1_80' title="bbox 327 5155 1906 5236; baseline 0.006 -27"><span class='ocrx_word' id='word_1_630' title='bbox 327 5155 528 5228; x_wconf 79' lang='grc' dir='ltr'>Παύλῳ</span> <span class='ocrx_word' id='word_1_631' title='bbox 565 5158 886 5231; x_wconf 78' lang='grc' dir='ltr'>ὀνομάζεται</span> <span class='ocrx_word' id='word_1_632' title='bbox 918 5160 1160 5230; x_wconf 86' lang='grc' dir='ltr'>λέγοντι·</span> <span class='ocrx_word' id='word_1_633' title='bbox 1202 5183 1221 5215; x_wconf 83' lang='grc' dir='ltr'><strong>ι</strong></span> <span class='ocrx_word' id='word_1_634' title='bbox 1255 5163 1380 5217; x_wconf 84' lang='grc' dir='ltr'><strong>Ἐὰν</strong></span> <span class='ocrx_word' id='word_1_635' title='bbox 1426 5163 1484 5217; x_wconf 85' lang='grc' dir='ltr'>δὲ</span> <span class='ocrx_word' id='word_1_636' title='bbox 1533 5163 1798 5236; x_wconf 88' lang='grc' dir='ltr'>βραδύνω,</span> <span class='ocrx_word' id='word_1_637' title='bbox 1839 5165 1906 5218; x_wconf 82' lang='grc' dir='ltr'><strong>ἵν’</strong></span> 
     </span>
    </p>
   </div>
   <div class='ocr_carea' id='block_1_81' title="bbox 321 5247 1908 5327">
    <p class='ocr_par' dir='ltr' id='par_1_81' title="bbox 321 5247 1908 5327">
     <span class='ocr_line' id='line_1_81' title="bbox 321 5247 1908 5327; baseline 0.006 -26"><span class='ocrx_word' id='word_1_638' title='bbox 321 5247 478 5320; x_wconf 72' lang='grc' dir='ltr'>εἰδῇς</span> <span class='ocrx_word' id='word_1_639' title='bbox 522 5249 641 5314; x_wconf 83' lang='grc' dir='ltr'><strong>πῶς</strong></span> <span class='ocrx_word' id='word_1_640' title='bbox 683 5251 764 5305; x_wconf 84' lang='grc' dir='ltr'>δεῖ</span> <span class='ocrx_word' id='word_1_641' title='bbox 805 5253 865 5305; x_wconf 92' lang='grc' dir='ltr'><strong>ἐν</strong></span> <span class='ocrx_word' id='word_1_642' title='bbox 915 5253 1050 5325; x_wconf 75' lang='grc' dir='ltr'>οἴκῳ</span> <span class='ocrx_word' id='word_1_643' title='bbox 1097 5254 1252 5313; x_wconf 82' lang='grc' dir='ltr'>Θεοῦ,</span> <span class='ocrx_word' id='word_1_644' title='bbox 1278 5255 1741 5327; x_wconf 81' lang='grc' dir='ltr'>ἀναστρέφεσθαι,</span> <span class='ocrx_word' id='word_1_645' title='bbox 1786 5257 1908 5327; x_wconf 79' lang='grc' dir='ltr'>ἥτις</span> 
     </span>
    </p>
   </div>
   <div class='ocr_carea' id='block_1_82' title="bbox 327 5336 1907 5417">
    <p class='ocr_par' dir='ltr' id='par_1_82' title="bbox 327 5336 1907 5417">
     <span class='ocr_line' id='line_1_82' title="bbox 327 5336 1907 5417; baseline 0.007 -27"><span class='ocrx_word' id='word_1_646' title='bbox 327 5336 476 5392; x_wconf 75' lang='grc' dir='ltr'>ἐστὶν</span> <span class='ocrx_word' id='word_1_647' title='bbox 508 5339 804 5412; x_wconf 86' lang='grc' dir='ltr'>Ἐκκλησία</span> <span class='ocrx_word' id='word_1_648' title='bbox 846 5341 983 5396; x_wconf 87' lang='grc' dir='ltr'>Θεοῦ</span> <span class='ocrx_word' id='word_1_649' title='bbox 1016 5343 1236 5411; x_wconf 77' lang='grc' dir='ltr'>ζῶντος,</span> <span class='ocrx_word' id='word_1_650' title='bbox 1264 5343 1474 5410; x_wconf 85' lang='grc' dir='ltr'>στῦλος,</span> <span class='ocrx_word' id='word_1_651' title='bbox 1502 5345 1598 5398; x_wconf 70' lang='grc' dir='ltr'><strong>κα)⁸</strong></span> <span class='ocrx_word' id='word_1_652' title='bbox 1629 5345 1907 5417; x_wconf 78' lang='grc' dir='ltr'>ἑδραίωμα</span> 
     </span>
    </p>
   </div>
   <div class='ocr_carea' id='block_1_83' title="bbox 2030 3146 3613 3229">
    <p class='ocr_par' dir='ltr' id='par_1_83' title="bbox 2030 3146 3613 3229">
     <span class='ocr_line' id='line_1_83' title="bbox 2030 3146 3613 3229; baseline 0.013 -32"><span class='ocrx_word' id='word_1_653' title='bbox 2030 3146 2276 3213; x_wconf 90' lang='lat' dir='ltr'><strong>posuerit</strong></span> <span class='ocrx_word' id='word_1_654' title='bbox 2307 3146 2682 3218; x_wconf 87' lang='lat' dir='ltr'><strong>publicanum,</strong></span> <span class='ocrx_word' id='word_1_655' title='bbox 2714 3155 2807 3222; x_wconf 90' lang='lat' dir='ltr'><strong>qui</strong></span> <span class='ocrx_word' id='word_1_656' title='bbox 2843 3169 2910 3209; x_wconf 90' lang='lat' dir='ltr'><strong>ne</strong></span> <span class='ocrx_word' id='word_1_657' title='bbox 2939 3157 3126 3213; x_wconf 89' lang='lat' dir='ltr'><strong>oculos</strong></span> <span class='ocrx_word' id='word_1_658' title='bbox 3167 3161 3385 3229; x_wconf 89' lang='lat' dir='ltr'><strong>quidem</strong></span> <span class='ocrx_word' id='word_1_659' title='bbox 3446 3165 3613 3220; x_wconf 86' lang='lat' dir='ltr'><strong>attol-</strong></span> 
     </span>
    </p>
   </div>
   <div class='ocr_carea' id='block_1_84' title="bbox 2029 3235 3611 3320">
    <p class='ocr_par' dir='ltr' id='par_1_84' title="bbox 2029 3235 3611 3320">
     <span class='ocr_line' id='line_1_84' title="bbox 2029 3235 3611 3320; baseline 0.015 -32"><span class='ocrx_word' id='word_1_660' title='bbox 2029 3235 2142 3291; x_wconf 92' lang='lat' dir='ltr'><strong>lere</strong></span> <span class='ocrx_word' id='word_1_661' title='bbox 2173 3239 2428 3305; x_wconf 89' lang='lat' dir='ltr'><strong>voluerit,</strong></span> <span class='ocrx_word' id='word_1_662' title='bbox 2475 3244 2679 3312; x_wconf 92' lang='lat' dir='ltr'><strong>quique</strong></span> <span class='ocrx_word' id='word_1_663' title='bbox 2710 3249 3040 3314; x_wconf 88' lang='lat' dir='ltr'><strong>percusserit</strong></span> <span class='ocrx_word' id='word_1_664' title='bbox 3097 3262 3289 3320; x_wconf 88' lang='lat' dir='ltr'><strong>pectus</strong></span> <span class='ocrx_word' id='word_1_665' title='bbox 3337 3270 3494 3310; x_wconf 87' lang='lat' dir='ltr'><strong>suum</strong></span> <span class='ocrx_word' id='word_1_666' title='bbox 3527 3256 3611 3311; x_wconf 86' lang='lat' dir='ltr'><strong>di-</strong></span> 
     </span>
    </p>
   </div>
   <div class='ocr_carea' id='block_1_85' title="bbox 2025 3332 3600 3415">
    <p class='ocr_par' dir='ltr' id='par_1_85' title="bbox 2025 3332 3600 3415">
     <span class='ocr_line' id='line_1_85' title="bbox 2025 3332 3600 3415; baseline 0.01 -29"><span class='ocrx_word' id='word_1_667' title='bbox 2025 3345 2205 3387; x_wconf 86' lang='lat' dir='ltr'><strong>cens:</strong></span> <span class='ocrx_word' id='word_1_668' title='bbox 2247 3350 2267 3383; x_wconf 81' lang='grc' dir='ltr'><strong>ι</strong></span> <span class='ocrx_word' id='word_1_669' title='bbox 2308 3332 2472 3400; x_wconf 91' lang='lat' dir='ltr'><strong>Deus,</strong></span> <span class='ocrx_word' id='word_1_670' title='bbox 2526 3336 2794 3406; x_wconf 90' lang='lat' dir='ltr'><strong>propitius</strong></span> <span class='ocrx_word' id='word_1_671' title='bbox 2821 3349 2939 3394; x_wconf 89' lang='lat' dir='ltr'><strong>esto</strong></span> <span class='ocrx_word' id='word_1_672' title='bbox 2989 3342 3127 3396; x_wconf 88' lang='lat' dir='ltr'><strong>mihi</strong></span> <span class='ocrx_word' id='word_1_673' title='bbox 3167 3349 3437 3415; x_wconf 89' lang='lat' dir='ltr'><strong>peccatori</strong></span> <span class='ocrx_word' id='word_1_674' title='bbox 3471 3349 3541 3414; x_wconf 75' lang='grc'><strong>⁵⁸,</strong></span> <span class='ocrx_word' id='word_1_675' title='bbox 3581 3369 3600 3402; x_wconf 77' lang='grc' dir='ltr'><strong>ι</strong></span> 
     </span>
    </p>
   </div>
   <div class='ocr_carea' id='block_1_86' title="bbox 2025 3425 3606 3511">
    <p class='ocr_par' dir='ltr' id='par_1_86' title="bbox 2025 3425 3606 3511">
     <span class='ocr_line' id='line_1_86' title="bbox 2025 3425 3606 3511; baseline 0.01 -31"><span class='ocrx_word' id='word_1_676' title='bbox 2025 3425 2154 3481; x_wconf 85' lang='lat' dir='ltr'><strong>huic</strong></span> <span class='ocrx_word' id='word_1_677' title='bbox 2204 3435 2288 3482; x_wconf 86' lang='lat' dir='ltr'><strong>est</strong></span> <span class='ocrx_word' id='word_1_678' title='bbox 2358 3429 2796 3497; x_wconf 90' lang='lat' dir='ltr'><strong>respondendum</strong></span> <span class='ocrx_word' id='word_1_679' title='bbox 2839 3450 2852 3486; x_wconf 90' lang='lat'><strong>:</strong></span> <span class='ocrx_word' id='word_1_680' title='bbox 2906 3435 3356 3502; x_wconf 88' lang='lat' dir='ltr'><strong>quemadmodum</strong></span> <span class='ocrx_word' id='word_1_681' title='bbox 3427 3457 3606 3511; x_wconf 85' lang='lat' dir='ltr'><strong>neque</strong></span> 
     </span>
    </p>
   </div>
   <div class='ocr_carea' id='block_1_87' title="bbox 2024 3516 3604 3602">
    <p class='ocr_par' dir='ltr' id='par_1_87' title="bbox 2024 3516 3604 3602">
     <span class='ocr_line' id='line_1_87' title="bbox 2024 3516 3604 3602; baseline 0.009 -29"><span class='ocrx_word' id='word_1_682' title='bbox 2024 3516 2296 3585; x_wconf 92' lang='lat' dir='ltr'><strong>omnibus,</strong></span> <span class='ocrx_word' id='word_1_683' title='bbox 2332 3533 2509 3589; x_wconf 91' lang='lat' dir='ltr'><strong>neque</strong></span> <span class='ocrx_word' id='word_1_684' title='bbox 2548 3534 2764 3592; x_wconf 88' lang='lat' dir='ltr'><strong>semper</strong></span> <span class='ocrx_word' id='word_1_685' title='bbox 2793 3526 3155 3581; x_wconf 89' lang='lat' dir='ltr'><strong>assumendus</strong></span> <span class='ocrx_word' id='word_1_686' title='bbox 3183 3541 3267 3582; x_wconf 77' lang='grc' dir='ltr'><strong>εει</strong></span> <span class='ocrx_word' id='word_1_687' title='bbox 3295 3530 3468 3597; x_wconf 92' lang='lat' dir='ltr'><strong>dolor,</strong></span> <span class='ocrx_word' id='word_1_688' title='bbox 3507 3533 3604 3602; x_wconf 90' lang='lat' dir='ltr'><strong>qni</strong></span> 
     </span>
    </p>
   </div>
   <div class='ocr_carea' id='block_1_88' title="bbox 2023 3607 3601 3690">
    <p class='ocr_par' dir='ltr' id='par_1_88' title="bbox 2023 3607 3601 3690">
     <span class='ocr_line' id='line_1_88' title="bbox 2023 3607 3601 3690; baseline 0.01 -28"><span class='ocrx_word' id='word_1_689' title='bbox 2023 3618 2106 3662; x_wconf 89' lang='lat' dir='ltr'><strong>est</strong></span> <span class='ocrx_word' id='word_1_690' title='bbox 2157 3607 2456 3664; x_wconf 89' lang='lat' dir='ltr'><strong>secundum</strong></span> <span class='ocrx_word' id='word_1_691' title='bbox 2507 3610 2700 3678; x_wconf 89' lang='lat' dir='ltr'><strong>Deum,</strong></span> <span class='ocrx_word' id='word_1_692' title='bbox 2755 3613 2959 3683; x_wconf 90' lang='lat' dir='ltr'><strong>quique</strong></span> <span class='ocrx_word' id='word_1_693' title='bbox 3011 3627 3271 3685; x_wconf 87' lang='lat' dir='ltr'><strong>operatur</strong></span> <span class='ocrx_word' id='word_1_694' title='bbox 3326 3623 3601 3690; x_wconf 67' lang='lat' dir='ltr'><strong>poeniten-</strong></span> 
     </span>
    </p>
   </div>
   <div class='ocr_carea' id='block_1_89' title="bbox 2026 3699 3601 3782">
    <p class='ocr_par' dir='ltr' id='par_1_89' title="bbox 2026 3699 3601 3782">
     <span class='ocr_line' id='line_1_89' title="bbox 2026 3699 3601 3782; baseline 0.011 -29"><span class='ocrx_word' id='word_1_695' title='bbox 2026 3699 2156 3753; x_wconf 88' lang='lat' dir='ltr'><strong>tiam</strong></span> <span class='ocrx_word' id='word_1_696' title='bbox 2187 3699 2254 3754; x_wconf 89' lang='lat' dir='ltr'><strong>ad</strong></span> <span class='ocrx_word' id='word_1_697' title='bbox 2295 3699 2524 3756; x_wconf 88' lang='lat' dir='ltr'><strong>salutem</strong></span> <span class='ocrx_word' id='word_1_698' title='bbox 2557 3699 2603 3732; x_wconf 80' lang='grc'><strong>⁶⁰</strong></span> <span class='ocrx_word' id='word_1_699' title='bbox 2630 3702 2773 3756; x_wconf 86' lang='lat' dir='ltr'><strong>haud</strong></span> <span class='ocrx_word' id='word_1_700' title='bbox 2804 3706 3203 3776; x_wconf 76' lang='lat' dir='ltr'><strong>poenitendam,</strong></span> <span class='ocrx_word' id='word_1_701' title='bbox 3237 3713 3332 3767; x_wconf 90' lang='lat' dir='ltr'><strong>sed</strong></span> <span class='ocrx_word' id='word_1_702' title='bbox 3376 3713 3425 3767; x_wconf 92' lang='lat' dir='ltr'><strong>ei</strong></span> <span class='ocrx_word' id='word_1_703' title='bbox 3473 3713 3601 3782; x_wconf 90' lang='lat' dir='ltr'><strong>soli,</strong></span> 
     </span>
    </p>
   </div>
   <div class='ocr_carea' id='block_1_90' title="bbox 2021 3790 3599 3867">
    <p class='ocr_par' dir='ltr' id='par_1_90' title="bbox 2021 3790 3599 3867">
     <span class='ocr_line' id='line_1_90' title="bbox 2021 3790 3599 3867; baseline 0.011 -22"><span class='ocrx_word' id='word_1_704' title='bbox 2021 3799 2077 3846; x_wconf 93' lang='lat' dir='ltr'><strong>et</strong></span> <span class='ocrx_word' id='word_1_705' title='bbox 2113 3790 2261 3845; x_wconf 92' lang='lat' dir='ltr'><strong>omni</strong></span> <span class='ocrx_word' id='word_1_706' title='bbox 2291 3790 2382 3861; x_wconf 92' lang='lat' dir='ltr'><strong>qui</strong></span> <span class='ocrx_word' id='word_1_707' title='bbox 2429 3791 2652 3860; x_wconf 85' lang='lat' dir='ltr'><strong>dignum</strong></span> <span class='ocrx_word' id='word_1_708' title='bbox 2704 3793 2910 3867; x_wconf 89' lang='lat' dir='ltr'><strong>aliquid</strong></span> <span class='ocrx_word' id='word_1_709' title='bbox 2943 3799 3037 3854; x_wconf 89' lang='lat' dir='ltr'><strong>tali</strong></span> <span class='ocrx_word' id='word_1_710' title='bbox 3082 3801 3267 3857; x_wconf 89' lang='lat' dir='ltr'><strong>dolore</strong></span> <span class='ocrx_word' id='word_1_711' title='bbox 3309 3805 3599 3862; x_wconf 81' lang='lat' dir='ltr'><strong>commise-</strong></span> 
     </span>
    </p>
   </div>
   <div class='ocr_carea' id='block_1_91' title="bbox 2024 3882 3602 3965">
    <p class='ocr_par' dir='ltr' id='par_1_91' title="bbox 2024 3882 3602 3965">
     <span class='ocr_line' id='line_1_91' title="bbox 2024 3882 3602 3965; baseline 0.011 -29"><span class='ocrx_word' id='word_1_712' title='bbox 2024 3883 2114 3947; x_wconf 91' lang='lat' dir='ltr'><strong>rit,</strong></span> <span class='ocrx_word' id='word_1_713' title='bbox 2166 3882 2237 3938; x_wconf 92' lang='lat' dir='ltr'><strong>ob</strong></span> <span class='ocrx_word' id='word_1_714' title='bbox 2294 3897 2533 3953; x_wconf 90' lang='lat' dir='ltr'><strong>eumque</strong></span> <span class='ocrx_word' id='word_1_715' title='bbox 2589 3883 2830 3941; x_wconf 91' lang='lat' dir='ltr'><strong>dolorem</strong></span> <span class='ocrx_word' id='word_1_716' title='bbox 2884 3890 3178 3959; x_wconf 83' lang='lat' dir='ltr'><strong>resipuerit</strong></span> <span class='ocrx_word' id='word_1_717' title='bbox 3245 3893 3420 3965; x_wconf 91' lang='lat' dir='ltr'><strong>(isque</strong></span> <span class='ocrx_word' id='word_1_718' title='bbox 3467 3911 3602 3954; x_wconf 90' lang='lat' dir='ltr'><strong>sane</strong></span> 
     </span>
    </p>
   </div>
   <div class='ocr_carea' id='block_1_92' title="bbox 2019 3973 3597 4046">
    <p class='ocr_par' dir='ltr' id='par_1_92' title="bbox 2019 3973 3597 4046">
     <span class='ocr_line' id='line_1_92' title="bbox 2019 3973 3597 4046; baseline 0.01 -18"><span class='ocrx_word' id='word_1_719' title='bbox 2019 3973 2378 4029; x_wconf 87' lang='lat' dir='ltr'><strong>assumendus</strong></span> <span class='ocrx_word' id='word_1_720' title='bbox 2434 3984 2520 4028; x_wconf 89' lang='lat' dir='ltr'><strong>est</strong></span> <span class='ocrx_word' id='word_1_721' title='bbox 2581 3989 2705 4030; x_wconf 90' lang='lat' dir='ltr'><strong>cum</strong></span> <span class='ocrx_word' id='word_1_722' title='bbox 2767 3991 3047 4046; x_wconf 87' lang='lat' dir='ltr'><strong>mensura,</strong></span> <span class='ocrx_word' id='word_1_723' title='bbox 3131 3990 3185 4037; x_wconf 93' lang='lat' dir='ltr'><strong>et</strong></span> <span class='ocrx_word' id='word_1_724' title='bbox 3236 3999 3343 4039; x_wconf 93' lang='lat' dir='ltr'><strong>non</strong></span> <span class='ocrx_word' id='word_1_725' title='bbox 3389 3989 3597 4044; x_wconf 85' lang='lat' dir='ltr'><strong>exube-</strong></span> 
     </span>
    </p>
   </div>
   <div class='ocr_carea' id='block_1_93' title="bbox 2017 4062 3597 4128">
    <p class='ocr_par' dir='ltr' id='par_1_93' title="bbox 2017 4062 3597 4128">
     <span class='ocr_line' id='line_1_93' title="bbox 2017 4062 3597 4128; baseline 0.009 -14"><span class='ocrx_word' id='word_1_726' title='bbox 2017 4076 2147 4116; x_wconf 90' lang='lat' dir='ltr'><strong>rans</strong></span> <span class='ocrx_word' id='word_1_727' title='bbox 2180 4101 2196 4125; x_wconf 89' lang='lat'><strong>,</strong></span> <span class='ocrx_word' id='word_1_728' title='bbox 2268 4074 2340 4115; x_wconf 89' lang='lat' dir='ltr'><strong>ne</strong></span> <span class='ocrx_word' id='word_1_729' title='bbox 2400 4062 2807 4118; x_wconf 83' lang='lat' dir='ltr'><strong>exuberantiori</strong></span> <span class='ocrx_word' id='word_1_730' title='bbox 2884 4065 3068 4122; x_wconf 89' lang='lat' dir='ltr'><strong>dolore</strong></span> <span class='ocrx_word' id='word_1_731' title='bbox 3137 4071 3500 4128; x_wconf 86' lang='lat' dir='ltr'><strong>absorbeatur</strong></span> <span class='ocrx_word' id='word_1_732' title='bbox 3549 4074 3597 4108; x_wconf 70' lang='grc' dir='ltr'><strong>’ί</strong></span> 
     </span>
    </p>
   </div>
   <div class='ocr_carea' id='block_1_94' title="bbox 2015 4150 3598 4227">
    <p class='ocr_par' dir='ltr' id='par_1_94' title="bbox 2015 4150 3598 4227">
     <span class='ocr_line' id='line_1_94' title="bbox 2015 4150 3598 4227; baseline 0.01 -21"><span class='ocrx_word' id='word_1_733' title='bbox 2015 4151 2178 4223; x_wconf 80' lang='lat'><strong>373</strong></span> <span class='ocrx_word' id='word_1_734' title='bbox 2209 4169 2237 4208; x_wconf 89' lang='lat' dir='ltr'><strong>a</strong></span> <span class='ocrx_word' id='word_1_735' title='bbox 2268 4150 2597 4223; x_wconf 88' lang='lat' dir='ltr'><strong>Satana),ita</strong></span> <span class='ocrx_word' id='word_1_736' title='bbox 2630 4152 2886 4212; x_wconf 80' lang='lat' dir='ltr'><strong>fortassis</strong></span> <span class='ocrx_word' id='word_1_737' title='bbox 2926 4172 3030 4212; x_wconf 92' lang='lat' dir='ltr'><strong>non</strong></span> <span class='ocrx_word' id='word_1_738' title='bbox 3060 4165 3383 4227; x_wconf 91' lang='lat' dir='ltr'><strong>convenire,</strong></span> <span class='ocrx_word' id='word_1_739' title='bbox 3417 4173 3477 4220; x_wconf 90' lang='lat' dir='ltr'><strong>ut</strong></span> <span class='ocrx_word' id='word_1_740' title='bbox 3505 4181 3598 4223; x_wconf 91' lang='lat' dir='ltr'><strong>ve-</strong></span> 
     </span>
    </p>
   </div>
   <div class='ocr_carea' id='block_1_95' title="bbox 2019 4245 3596 4318">
    <p class='ocr_par' dir='ltr' id='par_1_95' title="bbox 2019 4245 3596 4318">
     <span class='ocr_line' id='line_1_95' title="bbox 2019 4245 3596 4318; baseline 0.01 -19"><span class='ocrx_word' id='word_1_741' title='bbox 2019 4245 2116 4300; x_wconf 91' lang='lat' dir='ltr'><strong>lint</strong></span> <span class='ocrx_word' id='word_1_742' title='bbox 2149 4260 2340 4301; x_wconf 91' lang='lat' dir='ltr'><strong>omnes</strong></span> <span class='ocrx_word' id='word_1_743' title='bbox 2387 4260 2605 4317; x_wconf 89' lang='lat' dir='ltr'><strong>semper</strong></span> <span class='ocrx_word' id='word_1_744' title='bbox 2648 4247 2900 4304; x_wconf 87' lang='lat' dir='ltr'><strong>attollere</strong></span> <span class='ocrx_word' id='word_1_745' title='bbox 2928 4251 3149 4318; x_wconf 88' lang='lat' dir='ltr'><strong>oculos,</strong></span> <span class='ocrx_word' id='word_1_746' title='bbox 3176 4262 3236 4309; x_wconf 92' lang='lat' dir='ltr'><strong>ut</strong></span> <span class='ocrx_word' id='word_1_747' title='bbox 3279 4256 3444 4310; x_wconf 91' lang='lat' dir='ltr'><strong>etiam</strong></span> <span class='ocrx_word' id='word_1_748' title='bbox 3483 4273 3596 4314; x_wconf 92' lang='lat' dir='ltr'><strong>non</strong></span> 
     </span>
    </p>
   </div>
   <div class='ocr_carea' id='block_1_96' title="bbox 2015 4341 3596 4420">
    <p class='ocr_par' dir='ltr' id='par_1_96' title="bbox 2015 4341 3596 4420">
     <span class='ocr_line' id='line_1_96' title="bbox 2015 4341 3596 4420; baseline 0.008 -27"><span class='ocrx_word' id='word_1_749' title='bbox 2015 4341 2268 4395; x_wconf 89' lang='lat' dir='ltr'><strong>convenit</strong></span> <span class='ocrx_word' id='word_1_750' title='bbox 2294 4355 2509 4413; x_wconf 87' lang='lat' dir='ltr'><strong>semper</strong></span> <span class='ocrx_word' id='word_1_751' title='bbox 2541 4351 2691 4398; x_wconf 88' lang='lat' dir='ltr'><strong>stare</strong></span> <span class='ocrx_word' id='word_1_752' title='bbox 2729 4343 2940 4411; x_wconf 90' lang='lat' dir='ltr'><strong>procul.</strong></span> <span class='ocrx_word' id='word_1_753' title='bbox 2980 4343 3249 4401; x_wconf 79' lang='lat' dir='ltr'><strong>Caeterum</strong></span> <span class='ocrx_word' id='word_1_754' title='bbox 3299 4352 3596 4420; x_wconf 87' lang='lat' dir='ltr'><strong>unusquis-</strong></span> 
     </span>
    </p>
   </div>
   <div class='ocr_carea' id='block_1_97' title="bbox 2014 4419 3596 4512">
    <p class='ocr_par' dir='ltr' id='par_1_97' title="bbox 2014 4419 3596 4512">
     <span class='ocr_line' id='line_1_97' title="bbox 2014 4419 3596 4512; baseline 0.009 -27"><span class='ocrx_word' id='word_1_755' title='bbox 2014 4419 2120 4501; x_wconf 85' lang='lat' dir='ltr'><strong>que</strong></span> <span class='ocrx_word' id='word_1_756' title='bbox 2146 4432 2382 4496; x_wconf 89' lang='lat' dir='ltr'><strong>seipsum</strong></span> <span class='ocrx_word' id='word_1_757' title='bbox 2415 4434 2483 4490; x_wconf 89' lang='lat' dir='ltr'><strong>de</strong></span> <span class='ocrx_word' id='word_1_758' title='bbox 2514 4437 2680 4491; x_wconf 89' lang='lat' dir='ltr'><strong>rebus</strong></span> <span class='ocrx_word' id='word_1_759' title='bbox 2707 4434 3086 4505; x_wconf 87' lang='lat' dir='ltr'><strong>hujuscemodi</strong></span> <span class='ocrx_word' id='word_1_760' title='bbox 3130 4439 3335 4507; x_wconf 86' lang='lat' dir='ltr'><strong>iudicet</strong></span> <span class='ocrx_word' id='word_1_761' title='bbox 3375 4419 3596 4512; x_wconf 87' lang='lat' dir='ltr'><strong>probet-</strong></span> 
     </span>
    </p>
   </div>
   <div class='ocr_carea' id='block_1_98' title="bbox 2014 4526 3593 4601">
    <p class='ocr_par' dir='ltr' id='par_1_98' title="bbox 2014 4526 3593 4601">
     <span class='ocr_line' id='line_1_98' title="bbox 2014 4526 3593 4601; baseline 0.007 -21"><span class='ocrx_word' id='word_1_762' title='bbox 2014 4541 2121 4596; x_wconf 92' lang='lat' dir='ltr'><strong>que</strong></span> <span class='ocrx_word' id='word_1_763' title='bbox 2147 4526 2310 4582; x_wconf 92' lang='lat' dir='ltr'><strong>homo</strong></span> <span class='ocrx_word' id='word_1_764' title='bbox 2335 4527 2401 4594; x_wconf 81' lang='lat'><strong>“,</strong></span> <span class='ocrx_word' id='word_1_765' title='bbox 2432 4535 2489 4582; x_wconf 90' lang='lat' dir='ltr'><strong>et</strong></span> <span class='ocrx_word' id='word_1_766' title='bbox 2520 4527 2600 4584; x_wconf 91' lang='lat' dir='ltr'><strong>sic</strong></span> <span class='ocrx_word' id='word_1_767' title='bbox 2631 4541 2739 4582; x_wconf 92' lang='lat' dir='ltr'><strong>non</strong></span> <span class='ocrx_word' id='word_1_768' title='bbox 2790 4528 2966 4583; x_wconf 90' lang='lat' dir='ltr'><strong>solum</strong></span> <span class='ocrx_word' id='word_1_769' title='bbox 2994 4543 3061 4582; x_wconf 79' lang='lat' dir='ltr'><strong>ex</strong></span> <span class='ocrx_word' id='word_1_770' title='bbox 3110 4531 3200 4586; x_wconf 92' lang='lat' dir='ltr'><strong>illo</strong></span> <span class='ocrx_word' id='word_1_771' title='bbox 3237 4548 3378 4601; x_wconf 88' lang='lat' dir='ltr'><strong>pane</strong></span> <span class='ocrx_word' id='word_1_772' title='bbox 3407 4549 3593 4592; x_wconf 84' lang='lat' dir='ltr'><strong>come-</strong></span> 
     </span>
    </p>
   </div>
   <div class='ocr_carea' id='block_1_99' title="bbox 2015 4621 3591 4696">
    <p class='ocr_par' dir='ltr' id='par_1_99' title="bbox 2015 4621 3591 4696">
     <span class='ocr_line' id='line_1_99' title="bbox 2015 4621 3591 4696; baseline 0.007 -20"><span class='ocrx_word' id='word_1_773' title='bbox 2015 4621 2146 4689; x_wconf 91' lang='lat' dir='ltr'><strong>dat,</strong></span> <span class='ocrx_word' id='word_1_774' title='bbox 2171 4631 2226 4677; x_wconf 91' lang='lat' dir='ltr'><strong>et</strong></span> <span class='ocrx_word' id='word_1_775' title='bbox 2251 4636 2320 4678; x_wconf 79' lang='lat' dir='ltr'><strong>ex</strong></span> <span class='ocrx_word' id='word_1_776' title='bbox 2351 4622 2522 4679; x_wconf 90' lang='lat' dir='ltr'><strong>calice</strong></span> <span class='ocrx_word' id='word_1_777' title='bbox 2551 4623 2727 4690; x_wconf 89' lang='lat' dir='ltr'><strong>bibat,</strong></span> <span class='ocrx_word' id='word_1_778' title='bbox 2757 4638 2946 4679; x_wconf 86' lang='lat' dir='ltr'><strong>verum</strong></span> <span class='ocrx_word' id='word_1_779' title='bbox 2983 4625 3149 4681; x_wconf 89' lang='lat' dir='ltr'><strong>etiam</strong></span> <span class='ocrx_word' id='word_1_780' title='bbox 3177 4627 3363 4685; x_wconf 89' lang='lat' dir='ltr'><strong>oculos</strong></span> <span class='ocrx_word' id='word_1_781' title='bbox 3392 4631 3591 4696; x_wconf 88' lang='lat' dir='ltr'><strong>elevet,</strong></span> 
     </span>
    </p>
   </div>
   <div class='ocr_carea' id='block_1_100' title="bbox 2011 4713 3593 4786">
    <p class='ocr_par' dir='ltr' id='par_1_100' title="bbox 2011 4713 3593 4786">
     <span class='ocr_line' id='line_1_100' title="bbox 2011 4713 3593 4786; baseline 0.009 -20"><span class='ocrx_word' id='word_1_782' title='bbox 2011 4724 2250 4780; x_wconf 84' lang='lat' dir='ltr'><strong>superne</strong></span> <span class='ocrx_word' id='word_1_783' title='bbox 2279 4726 2374 4767; x_wconf 90' lang='lat' dir='ltr'><strong>eos</strong></span> <span class='ocrx_word' id='word_1_784' title='bbox 2405 4713 2680 4781; x_wconf 88' lang='lat' dir='ltr'><strong>attollens,</strong></span> <span class='ocrx_word' id='word_1_785' title='bbox 2711 4729 3041 4785; x_wconf 90' lang='lat' dir='ltr'><strong>precemque</strong></span> <span class='ocrx_word' id='word_1_786' title='bbox 3076 4715 3267 4774; x_wconf 91' lang='lat' dir='ltr'><strong>fundat</strong></span> <span class='ocrx_word' id='word_1_787' title='bbox 3291 4719 3593 4786; x_wconf 77' lang='lat' dir='ltr'><strong>subjiciens</strong></span> 
     </span>
    </p>
   </div>
   <div class='ocr_carea' id='block_1_101' title="bbox 2010 4803 3587 4879">
    <p class='ocr_par' dir='ltr' id='par_1_101' title="bbox 2010 4803 3587 4879">
     <span class='ocr_line' id='line_1_101' title="bbox 2010 4803 3587 4879; baseline 0.006 -21"><span class='ocrx_word' id='word_1_788' title='bbox 2010 4803 2250 4874; x_wconf 88' lang='lat' dir='ltr'><strong>seipsum</strong></span> <span class='ocrx_word' id='word_1_789' title='bbox 2281 4805 2425 4872; x_wconf 89' lang='lat' dir='ltr'><strong>Deo,</strong></span> <span class='ocrx_word' id='word_1_790' title='bbox 2453 4806 2861 4879; x_wconf 88' lang='lat' dir='ltr'><strong>humiliansque</strong></span> <span class='ocrx_word' id='word_1_791' title='bbox 2903 4809 3002 4864; x_wconf 92' lang='lat' dir='ltr'><strong>illi.</strong></span> <span class='ocrx_word' id='word_1_792' title='bbox 3042 4809 3196 4877; x_wconf 86' lang='lat' dir='ltr'><strong>Quod</strong></span> <span class='ocrx_word' id='word_1_793' title='bbox 3226 4811 3271 4866; x_wconf 89' lang='lat' dir='ltr'><strong>si</strong></span> <span class='ocrx_word' id='word_1_794' title='bbox 3303 4813 3587 4869; x_wconf 83' lang='lat' dir='ltr'><strong>existima-</strong></span> 
     </span>
    </p>
   </div>
   <div class='ocr_carea' id='block_1_102' title="bbox 2012 4895 3588 4966">
    <p class='ocr_par' dir='ltr' id='par_1_102' title="bbox 2012 4895 3588 4966">
     <span class='ocr_line' id='line_1_102' title="bbox 2012 4895 3588 4966; baseline 0.006 -19"><span class='ocrx_word' id='word_1_795' title='bbox 2012 4907 2137 4948; x_wconf 91' lang='lat' dir='ltr'><strong>mus</strong></span> <span class='ocrx_word' id='word_1_796' title='bbox 2185 4895 2680 4966; x_wconf 88' lang='lat' dir='ltr'><strong>quomodocunque</strong></span> <span class='ocrx_word' id='word_1_797' title='bbox 2726 4895 2932 4950; x_wconf 90' lang='lat' dir='ltr'><strong>viventi</strong></span> <span class='ocrx_word' id='word_1_798' title='bbox 2976 4895 3175 4963; x_wconf 87' lang='lat' dir='ltr'><strong>licere,</strong></span> <span class='ocrx_word' id='word_1_799' title='bbox 3242 4898 3469 4966; x_wconf 90' lang='lat' dir='ltr'><strong>perinde</strong></span> <span class='ocrx_word' id='word_1_800' title='bbox 3522 4915 3588 4957; x_wconf 86' lang='lat' dir='ltr'><strong>ac</strong></span> 
     </span>
    </p>
   </div>
   <div class='ocr_carea' id='block_1_103' title="bbox 2010 4985 3586 5056">
    <p class='ocr_par' dir='ltr' id='par_1_103' title="bbox 2010 4985 3586 5056">
     <span class='ocr_line' id='line_1_103' title="bbox 2010 4985 3586 5056; baseline 0.004 -16"><span class='ocrx_word' id='word_1_801' title='bbox 2010 4985 2320 5056; x_wconf 88' lang='lat' dir='ltr'><strong>publicano,</strong></span> <span class='ocrx_word' id='word_1_802' title='bbox 2349 4986 2490 5042; x_wconf 91' lang='lat' dir='ltr'><strong>nolle</strong></span> <span class='ocrx_word' id='word_1_803' title='bbox 2512 4987 2704 5043; x_wconf 86' lang='lat' dir='ltr'><strong>oculos</strong></span> <span class='ocrx_word' id='word_1_804' title='bbox 2728 4987 2796 5042; x_wconf 91' lang='lat' dir='ltr'><strong>ad</strong></span> <span class='ocrx_word' id='word_1_805' title='bbox 2813 4986 3020 5044; x_wconf 66' lang='lat' dir='ltr'><strong>caelum</strong></span> <span class='ocrx_word' id='word_1_806' title='bbox 3049 4986 3232 5042; x_wconf 89' lang='lat' dir='ltr'><strong>levare</strong></span> <span class='ocrx_word' id='word_1_807' title='bbox 3251 5027 3269 5053; x_wconf 94' lang='lat'><strong>,</strong></span> <span class='ocrx_word' id='word_1_808' title='bbox 3304 4991 3586 5046; x_wconf 84' lang='lat' dir='ltr'><strong>commode</strong></span> 
     </span>
    </p>
   </div>
   <div class='ocr_carea' id='block_1_104' title="bbox 2009 5078 3583 5146">
    <p class='ocr_par' dir='ltr' id='par_1_104' title="bbox 2009 5078 3583 5146">
     <span class='ocr_line' id='line_1_104' title="bbox 2009 5078 3583 5146; baseline 0.001 -12"><span class='ocrx_word' id='word_1_809' title='bbox 2009 5079 2254 5135; x_wconf 86' lang='lat' dir='ltr'><strong>dicemus</strong></span> <span class='ocrx_word' id='word_1_810' title='bbox 2284 5078 2485 5134; x_wconf 89' lang='lat' dir='ltr'><strong>volenti</strong></span> <span class='ocrx_word' id='word_1_811' title='bbox 2516 5079 2698 5134; x_wconf 86' lang='lat' dir='ltr'><strong>levare</strong></span> <span class='ocrx_word' id='word_1_812' title='bbox 2724 5079 2912 5135; x_wconf 91' lang='lat' dir='ltr'><strong>oculos</strong></span> <span class='ocrx_word' id='word_1_813' title='bbox 2939 5094 3089 5146; x_wconf 86' lang='lat' dir='ltr'><strong>suos,</strong></span> <span class='ocrx_word' id='word_1_814' title='bbox 3116 5079 3301 5134; x_wconf 91' lang='lat' dir='ltr'><strong>itidem</strong></span> <span class='ocrx_word' id='word_1_815' title='bbox 3340 5080 3392 5134; x_wconf 88' lang='lat' dir='ltr'><strong>ei</strong></span> <span class='ocrx_word' id='word_1_816' title='bbox 3435 5089 3583 5136; x_wconf 87' lang='lat' dir='ltr'><strong>stan-</strong></span> 
     </span>
    </p>
   </div>
   <div class='ocr_carea' id='block_1_105' title="bbox 2009 5167 3580 5241">
    <p class='ocr_par' dir='ltr' id='par_1_105' title="bbox 2009 5167 3580 5241">
     <span class='ocr_line' id='line_1_105' title="bbox 2009 5167 3580 5241; baseline 0.001 -18"><span class='ocrx_word' id='word_1_817' title='bbox 2009 5167 2135 5223; x_wconf 89' lang='lat' dir='ltr'><strong>dum</strong></span> <span class='ocrx_word' id='word_1_818' title='bbox 2175 5182 2297 5223; x_wconf 88' lang='lat' dir='ltr'><strong>esse</strong></span> <span class='ocrx_word' id='word_1_819' title='bbox 2329 5168 2572 5238; x_wconf 87' lang='lat' dir='ltr'><strong>procula</strong></span> <span class='ocrx_word' id='word_1_820' title='bbox 2607 5171 2812 5238; x_wconf 88' lang='lat' dir='ltr'><strong>templo</strong></span> <span class='ocrx_word' id='word_1_821' title='bbox 2839 5209 2856 5234; x_wconf 97' lang='lat'><strong>,</strong></span> <span class='ocrx_word' id='word_1_822' title='bbox 2892 5170 3039 5241; x_wconf 90' lang='lat' dir='ltr'><strong>quod</strong></span> <span class='ocrx_word' id='word_1_823' title='bbox 3082 5170 3241 5238; x_wconf 87' lang='lat' dir='ltr'><strong>quale</strong></span> <span class='ocrx_word' id='word_1_824' title='bbox 3282 5169 3430 5224; x_wconf 86' lang='lat' dir='ltr'><strong>aliud</strong></span> <span class='ocrx_word' id='word_1_825' title='bbox 3457 5171 3580 5236; x_wconf 91' lang='lat' dir='ltr'><strong>erit,</strong></span> 
     </span>
    </p>
   </div>
   <div class='ocr_carea' id='block_1_106' title="bbox 2009 5256 3577 5330">
    <p class='ocr_par' dir='ltr' id='par_1_106' title="bbox 2009 5256 3577 5330">
     <span class='ocr_line' id='line_1_106' title="bbox 2009 5256 3577 5330; baseline 0.002 -19"><span class='ocrx_word' id='word_1_826' title='bbox 2009 5257 2115 5314; x_wconf 92' lang='lat' dir='ltr'><strong>nisi</strong></span> <span class='ocrx_word' id='word_1_827' title='bbox 2150 5256 2395 5316; x_wconf 88' lang='lat' dir='ltr'><strong>Ecclesia</strong></span> <span class='ocrx_word' id='word_1_828' title='bbox 2421 5259 2517 5315; x_wconf 92' lang='lat' dir='ltr'><strong>Dei</strong></span> <span class='ocrx_word' id='word_1_829' title='bbox 2545 5261 2814 5318; x_wconf 89' lang='lat' dir='ltr'><strong>viventis?</strong></span> <span class='ocrx_word' id='word_1_830' title='bbox 2843 5276 2964 5330; x_wconf 86' lang='lat' dir='ltr'><strong>quae</strong></span> <span class='ocrx_word' id='word_1_831' title='bbox 2989 5261 3157 5315; x_wconf 88' lang='lat' dir='ltr'><strong>etiam</strong></span> <span class='ocrx_word' id='word_1_832' title='bbox 3185 5277 3214 5315; x_wconf 90' lang='lat' dir='ltr'><strong>a</strong></span> <span class='ocrx_word' id='word_1_833' title='bbox 3247 5259 3414 5316; x_wconf 88' lang='lat' dir='ltr'><strong>Paulo</strong></span> <span class='ocrx_word' id='word_1_834' title='bbox 3446 5263 3577 5316; x_wconf 89' lang='lat' dir='ltr'><strong>dici-</strong></span> 
     </span>
    </p>
   </div>
   <div class='ocr_carea' id='block_1_107' title="bbox 2009 5350 3576 5420">
    <p class='ocr_par' dir='ltr' id='par_1_107' title="bbox 2009 5350 3576 5420">
     <span class='ocr_line' id='line_1_107' title="bbox 2009 5350 3576 5420; baseline 0.004 -18"><span class='ocrx_word' id='word_1_835' title='bbox 2009 5356 2099 5403; x_wconf 91' lang='lat' dir='ltr'><strong>tur</strong></span> <span class='ocrx_word' id='word_1_836' title='bbox 2142 5350 2338 5407; x_wconf 85' lang='lat' dir='ltr'><strong>domus</strong></span> <span class='ocrx_word' id='word_1_837' title='bbox 2378 5351 2511 5419; x_wconf 89' lang='lat' dir='ltr'><strong>Dei,</strong></span> <span class='ocrx_word' id='word_1_838' title='bbox 2555 5352 2683 5409; x_wconf 93' lang='lat' dir='ltr'><strong>dum</strong></span> <span class='ocrx_word' id='word_1_839' title='bbox 2719 5353 2851 5409; x_wconf 89' lang='lat' dir='ltr'><strong>dicit</strong></span> <span class='ocrx_word' id='word_1_840' title='bbox 2880 5354 2926 5386; x_wconf 80' lang='grc'><strong>⁸³</strong></span> <span class='ocrx_word' id='word_1_841' title='bbox 2961 5369 2976 5406; x_wconf 89' lang='lat'><strong>:</strong></span> <span class='ocrx_word' id='word_1_842' title='bbox 3023 5371 3044 5405; x_wconf 87' lang='grc' dir='ltr'><strong>ι</strong></span> <span class='ocrx_word' id='word_1_843' title='bbox 3081 5353 3232 5420; x_wconf 88' lang='lat' dir='ltr'><strong>Quod</strong></span> <span class='ocrx_word' id='word_1_844' title='bbox 3280 5352 3329 5408; x_wconf 89' lang='lat' dir='ltr'><strong>si</strong></span> <span class='ocrx_word' id='word_1_845' title='bbox 3373 5353 3576 5409; x_wconf 87' lang='lat' dir='ltr'><strong>tardius</strong></span> 
     </span>
    </p>
   </div>
   <div class='ocr_carea' id='block_1_108' title="bbox 288 5454 1924 5555">
    <p class='ocr_par' dir='ltr' id='par_1_108' title="bbox 288 5454 1908 5555">
     <span class='ocr_line' id='line_1_108' title="bbox 288 5454 1908 5555; baseline 0.004 -26"><span class='ocrx_word' id='word_1_846' title='bbox 288 5454 291 5457; x_wconf 44' lang='grc'><em>’</em></span> <span class='ocrx_word' id='word_1_847' title='bbox 399 5471 868 5555; x_wconf 27' lang='grc' dir='ltr'><strong>ηιξιονεμιῃρε.</strong></span> <span class='ocrx_word' id='word_1_848' title='bbox 943 5478 991 5512; x_wconf 78' lang='grc'><strong>⁵⁸</strong></span> <span class='ocrx_word' id='word_1_849' title='bbox 1010 5477 1292 5555; x_wconf 60' lang='lat' dir='ltr'><strong>lloalt.x_t._</strong></span> <span class='ocrx_word' id='word_1_850' title='bbox 1301 5479 1392 5534; x_wconf 72' lang='grc'><strong>41.</strong></span> <span class='ocrx_word' id='word_1_851' title='bbox 1468 5479 1783 5555; x_wconf 31' lang='grc' dir='ltr'>’τρυε-γι,</span> <span class='ocrx_word' id='word_1_852' title='bbox 1808 5481 1908 5555; x_wconf 67' lang='lat' dir='ltr'><strong>go.</strong></span> 
     </span>
    </p>
   </div>
   <div class='ocr_carea' id='block_1_109' title="bbox 2026 5454 3573 5555">
    <p class='ocr_par' dir='ltr' id='par_1_109' title="bbox 2026 5483 3573 5555">
     <span class='ocr_line' id='line_1_109' title="bbox 2026 5483 3573 5555; baseline 0.003 -15"><span class='ocrx_word' id='word_1_853' title='bbox 2026 5491 2028 5511; x_wconf 52' lang='grc' dir='ltr'><strong>ι</strong></span> <span class='ocrx_word' id='word_1_854' title='bbox 2056 5485 2226 5543; x_wconf 87' lang='lat' dir='ltr'><strong>lCor.</strong></span> <span class='ocrx_word' id='word_1_855' title='bbox 2249 5486 2449 5555; x_wconf 81' lang='lat' dir='ltr'><strong>1v,l6;</strong></span> <span class='ocrx_word' id='word_1_856' title='bbox 2485 5503 2565 5553; x_wconf 72' lang='grc' dir='ltr'>χι,</span> <span class='ocrx_word' id='word_1_857' title='bbox 2588 5487 2645 5540; x_wconf 72' lang='lat'><strong>2.</strong></span> <span class='ocrx_word' id='word_1_858' title='bbox 2720 5487 2766 5520; x_wconf 75' lang='grc'><strong>⁸³</strong></span> <span class='ocrx_word' id='word_1_859' title='bbox 2789 5486 2927 5543; x_wconf 87' lang='lat' dir='ltr'><strong>Luc.</strong></span> <span class='ocrx_word' id='word_1_860' title='bbox 2951 5502 3105 5551; x_wconf 80' lang='lat' dir='ltr'><strong>xvm,</strong></span> <span class='ocrx_word' id='word_1_861' title='bbox 3131 5486 3218 5542; x_wconf 78' lang='grc'><strong>15.</strong></span> <span class='ocrx_word' id='word_1_862' title='bbox 3294 5485 3340 5516; x_wconf 77' lang='grc'><strong>⁸⁸</strong></span> <span class='ocrx_word' id='word_1_863' title='bbox 3374 5485 3414 5539; x_wconf 95' lang='lat' dir='ltr'><strong>Il</strong></span> <span class='ocrx_word' id='word_1_864' title='bbox 3445 5483 3573 5544; x_wconf 85' lang='lat' dir='ltr'><strong>Cur.</strong></span> 
     </span>
    </p>
   </div>
   <div class='ocr_carea' id='block_1_110' title="bbox 331 5542 2180 5624">
    <p class='ocr_par' dir='ltr' id='par_1_110' title="bbox 331 5542 2180 5624">
     <span class='ocr_line' id='line_1_110' title="bbox 331 5542 2180 5624; baseline 0.008 -27"><span class='ocrx_word' id='word_1_865' title='bbox 331 5555 428 5608; x_wconf 79' lang='lat' dir='ltr'><strong>vn,</strong></span> <span class='ocrx_word' id='word_1_866' title='bbox 458 5542 549 5599; x_wconf 81' lang='lat' dir='ltr'><strong>l0.</strong></span> <span class='ocrx_word' id='word_1_867' title='bbox 622 5546 666 5577; x_wconf 85' lang='lat'>“</span> <span class='ocrx_word' id='word_1_868' title='bbox 693 5547 734 5602; x_wconf 93' lang='lat' dir='ltr'><strong>II</strong></span> <span class='ocrx_word' id='word_1_869' title='bbox 759 5545 886 5604; x_wconf 88' lang='lat' dir='ltr'><strong>Cor.</strong></span> <span class='ocrx_word' id='word_1_870' title='bbox 922 5565 986 5616; x_wconf 84' lang='lat' dir='ltr'><strong>tt,</strong></span> <span class='ocrx_word' id='word_1_871' title='bbox 1010 5550 1066 5606; x_wconf 84' lang='lat'><strong>7.</strong></span> <span class='ocrx_word' id='word_1_872' title='bbox 1139 5548 1228 5604; x_wconf 81' lang='grc'><strong>⁸³1</strong></span> <span class='ocrx_word' id='word_1_873' title='bbox 1255 5549 1380 5606; x_wconf 88' lang='lat' dir='ltr'><strong>Cor.</strong></span> <span class='ocrx_word' id='word_1_874' title='bbox 1410 5566 1488 5618; x_wconf 73' lang='grc' dir='ltr'>ιι,</span> <span class='ocrx_word' id='word_1_875' title='bbox 1517 5551 1606 5606; x_wconf 76' lang='grc'><strong>28.</strong></span> <span class='ocrx_word' id='word_1_876' title='bbox 1685 5551 1730 5584; x_wconf 75' lang='grc'><strong>³⁸</strong></span> <span class='ocrx_word' id='word_1_877' title='bbox 1755 5542 1778 5604; x_wconf 84' lang='grc' dir='ltr'>Ι</span> <span class='ocrx_word' id='word_1_878' title='bbox 1807 5553 1948 5608; x_wconf 90' lang='lat' dir='ltr'><strong>Tim.</strong></span> <span class='ocrx_word' id='word_1_879' title='bbox 1979 5569 2064 5624; x_wconf 86' lang='lat' dir='ltr'><strong>Ill,</strong></span> <span class='ocrx_word' id='word_1_880' title='bbox 2089 5556 2180 5613; x_wconf 85' lang='lat' dir='ltr'><strong>I5.</strong></span> 
     </span>
    </p>
   </div>
   <div class='ocr_carea' id='block_1_111' title="bbox 403 5659 1900 5741">
    <p class='ocr_par' dir='ltr' id='par_1_111' title="bbox 403 5659 1900 5741">
     <span class='ocr_line' id='line_1_111' title="bbox 403 5659 1900 5741; baseline 0.005 -26"><span class='ocrx_word' id='word_1_881' title='bbox 403 5659 518 5731; x_wconf 77' lang='lat'><strong>(66)</strong></span> <span class='ocrx_word' id='word_1_882' title='bbox 557 5662 903 5734; x_wconf 59' lang='lat' dir='ltr'><strong>&#39;Auélntor.</strong></span> <span class='ocrx_word' id='word_1_883' title='bbox 951 5665 1097 5738; x_wconf 83' lang='lat' dir='ltr'><strong>Lego</strong></span> <span class='ocrx_word' id='word_1_884' title='bbox 1142 5671 1269 5722; x_wconf 82' lang='lat' dir='ltr'><strong>cum</strong></span> <span class='ocrx_word' id='word_1_885' title='bbox 1319 5665 1358 5722; x_wconf 85' lang='lat' dir='ltr'>F</span> <span class='ocrx_word' id='word_1_886' title='bbox 1362 5669 1571 5724; x_wconf 80' lang='lat' dir='ltr'><strong>errario</strong></span> <span class='ocrx_word' id='word_1_887' title='bbox 1621 5669 1900 5741; x_wconf 81' lang='grc' dir='ltr'>ἀμεταμέ-</span> 
     </span>
    </p>
   </div>
   <div class='ocr_carea' id='block_1_112' title="bbox 329 5731 1898 5877">
    <p class='ocr_par' dir='ltr' id='par_1_112' title="bbox 329 5731 1898 5877">
     <span class='ocr_line' id='line_1_112' title="bbox 329 5731 1898 5877; baseline 0.005 -21"><span class='ocrx_word' id='word_1_888' title='bbox 329 5731 514 5872; x_wconf 50' lang='grc' dir='ltr'><strong>ληῖἔῖδ</strong></span> <span class='ocrx_word' id='word_1_889' title='bbox 555 5803 811 5874; x_wconf 79' lang='grc' dir='ltr'>Ἀμέτρῳ</span> <span class='ocrx_word' id='word_1_890' title='bbox 841 5808 938 5861; x_wconf 80' lang='grc' dir='ltr'>καὶ</span> <span class='ocrx_word' id='word_1_891' title='bbox 978 5805 1066 5876; x_wconf 82' lang='grc' dir='ltr'>μὴ</span> <span class='ocrx_word' id='word_1_892' title='bbox 1116 5808 1398 5877; x_wconf 84' lang='grc' dir='ltr'>περίσση.</span> <span class='ocrx_word' id='word_1_893' title='bbox 1432 5805 1578 5876; x_wconf 85' lang='lat' dir='ltr'><strong>Lego</strong></span> <span class='ocrx_word' id='word_1_894' title='bbox 1607 5819 1729 5861; x_wconf 83' lang='lat' dir='ltr'><strong>cum</strong></span> <span class='ocrx_word' id='word_1_895' title='bbox 1762 5805 1898 5864; x_wconf 85' lang='lat' dir='ltr'><strong>Fer-</strong></span> 
     </span>
    </p>
   </div>
   <div class='ocr_carea' id='block_1_113' title="bbox 2007 5670 3062 5744">
    <p class='ocr_par' dir='ltr' id='par_1_113' title="bbox 2007 5670 3062 5744">
     <span class='ocr_line' id='line_1_113' title="bbox 2007 5670 3062 5744; baseline 0 0"><span class='ocrx_word' id='word_1_896' title='bbox 2007 5671 2159 5744; x_wconf 67' lang='lat' dir='ltr'><strong>rario.</strong></span> <span class='ocrx_word' id='word_1_897' title='bbox 2173 5670 2280 5744; x_wconf 53' lang='grc' dir='ltr'><strong>σὺν</strong></span> <span class='ocrx_word' id='word_1_898' title='bbox 2314 5671 2500 5744; x_wconf 77' lang='grc' dir='ltr'>μέτρῳ</span> <span class='ocrx_word' id='word_1_899' title='bbox 2531 5672 2625 5744; x_wconf 57' lang='lat' dir='ltr'><strong>mal</strong></span> <span class='ocrx_word' id='word_1_900' title='bbox 2657 5672 2732 5744; x_wconf 73' lang='grc' dir='ltr'>μὴ</span> <span class='ocrx_word' id='word_1_901' title='bbox 2771 5675 3062 5744; x_wconf 62' lang='grc' dir='ltr'><strong>περισσὴν-</strong></span> 
     </span>
    </p>
   </div>
   <div class='ocr_carea' id='block_1_114' title="bbox 2079 5738 3560 5816">
    <p class='ocr_par' dir='ltr' id='par_1_114' title="bbox 2079 5738 3560 5816">
     <span class='ocr_line' id='line_1_114' title="bbox 2079 5738 3560 5816; baseline -0.001 -22"><span class='ocrx_word' id='word_1_902' title='bbox 2079 5739 2191 5816; x_wconf 68' lang='grc'><strong>(68)</strong></span> <span class='ocrx_word' id='word_1_903' title='bbox 2220 5738 2331 5816; x_wconf 71' lang='grc' dir='ltr'><strong>Καὶ</strong></span> <span class='ocrx_word' id='word_1_904' title='bbox 2357 5738 2894 5816; x_wconf 57' lang='grc' dir='ltr'><strong>ταπὲιγῷφξὲὰυτῦν</strong></span> <span class='ocrx_word' id='word_1_905' title='bbox 2916 5738 3389 5816; x_wconf 36' lang='grc' dir='ltr'>ἐκείνῳ-λεγέτω</span> <span class='ocrx_word' id='word_1_906' title='bbox 3435 5738 3560 5794; x_wconf 82' lang='lat' dir='ltr'><strong>Pen-</strong></span> 
     </span>
    </p>
   </div>
   <div class='ocr_carea' id='block_1_115' title="bbox 2005 5809 3214 5882">
    <p class='ocr_par' dir='ltr' id='par_1_115' title="bbox 2005 5809 3214 5882">
     <span class='ocr_line' id='line_1_115' title="bbox 2005 5809 3214 5882; baseline 0.001 -16"><span class='ocrx_word' id='word_1_907' title='bbox 2005 5809 2132 5866; x_wconf 85' lang='lat' dir='ltr'><strong>dula</strong></span> <span class='ocrx_word' id='word_1_908' title='bbox 2161 5811 2355 5881; x_wconf 90' lang='lat' dir='ltr'><strong>oratio,</strong></span> <span class='ocrx_word' id='word_1_909' title='bbox 2386 5827 2506 5882; x_wconf 71' lang='lat' dir='ltr'><strong>qua:</strong></span> <span class='ocrx_word' id='word_1_910' title='bbox 2536 5811 2774 5867; x_wconf 87' lang='lat' dir='ltr'><strong>hiulcum</strong></span> <span class='ocrx_word' id='word_1_911' title='bbox 2811 5814 2988 5868; x_wconf 89' lang='lat' dir='ltr'><strong>locum</strong></span> <span class='ocrx_word' id='word_1_912' title='bbox 3017 5809 3214 5882; x_wconf 83' lang='lat' dir='ltr'><strong>prodit.</strong></span> 
     </span>
    </p>
   </div>
   <div class='ocr_carea' id='block_1_116' title="bbox 3044 6017 3131 6031">
    <p class='ocr_par' dir='ltr' id='par_1_116' title="bbox 3044 6017 3131 6031">
     <span class='ocr_line' id='line_1_116' title="bbox 3044 6017 3131 6031; baseline 0.034 -8"><span class='ocrx_word' id='word_1_913' title='bbox 3044 6017 3131 6031; x_wconf 27' lang='lat'><strong>4....</strong></span> 
     </span>
    </p>
   </div>
  </div>
