4196 6378
518 369 626 426 687

2016 359 2348 416 ORIGENIS

3699 361 3804 416 688

517 500 743 551 venero,
769 493 830 541 ut
873 484 1023 539 noris
1050 483 1323 552 quomodo
1352 492 1606 554 oporteat
1650 493 1703 538 te
1735 483 1788 537 in
1817 481 1980 537 domo
2011 480 2102 533 Dei

2212 478 2306 548 τῆς
2391 480 2652 552 ἀληθείας
2736 500 2752 532 ι
2810 481 3020 550 ’Ὠσπερ
3081 478 3142 531 οὐ
3219 479 3380 533 παντὶ
3443 478 3674 549 καθήκει
3730 479 3806 549 μή

515 578 750 642 versari,
777 591 898 644 qua:
924 585 1010 630 est
1043 574 1286 629 Ecclesia
1319 575 1412 629 Dei
1452 575 1686 630 viventis
1707 615 1722 638 ,
1749 575 2024 637 columna,
2056 581 2112 626 et

517 671 669 728 basis
693 668 964 723 veritatis.
1000 685 1019 718 ι
1063 667 1127 723 Ut
1151 667 1321 734 igitur
1357 681 1464 722 non
1487 666 1642 722 decet
1661 681 1876 721 omnem
1902 680 2010 720 non
2035 665 2110 720 uti

520 764 616 819 illo
642 776 802 832 pane,
827 773 881 816 et
897 775 1006 815 non
1030 759 1216 815 bibere
1229 772 1294 812 ex
1316 757 1408 814 illo
1425 758 1618 819 calice.
1633 767 1689 814 et
1716 773 1838 814 esse
1863 756 2050 828 procul
2079 771 2111 812 a

520 805 615 819 .....
643 805 802 832 νην,
828 805 1006 816 --......
1030 805 1294 815 ...η-ν--
1316 805 1404 814 η--
1428 805 1618 819 πη--.
1637 805 1688 814 --
1719 805 1836 814 ν---
1863 805 2050 828 τη---
2080 805 2108 812 _

489 805 682 912 idomo
715 855 847 917 Dei,
891 863 946 908 et
974 854 1042 908 ab
1072 851 1360 918 Ecclesia;
1406 852 1485 907 sic
1525 866 1636 907 non
1691 853 1848 906 decet
1892 865 2108 906 omnem

517 943 664 999 nolle
691 943 904 999 elevare
940 942 1148 997 oculos.
1195 941 1395 998 Peccat
1418 952 1598 998 autem
1631 941 1854 1012 aliquis,
1883 941 1951 1006 si,
1986 956 2109 995 cum

517 1036 710 1092 deceat
739 1050 863 1091 eum
886 1035 1066 1090 levare
1096 1035 1283 1091 oculos
1307 1076 1323 1100 ,
1352 1049 1460 1091 non
1506 1035 1651 1090 levat
1679 1049 1776 1090 eos
1800 1050 1816 1098 ;
1859 1049 2106 1089 rursum-

516 1143 626 1202 que
653 1129 837 1185 itidem
871 1139 1082 1200 peccat,
1117 1129 1162 1184 si
1190 1144 1312 1183 cum
1337 1143 1460 1184 eum
1478 1128 1740 1184 dedeceat
1769 1126 1952 1181 levare
1980 1141 2112 1182 ocu-

518 1225 623 1293 los,
650 1242 746 1282 eos
777 1227 949 1281 levat.
983 1227 1160 1296 Atque
1195 1225 1521 1296 publicanus
1569 1225 1789 1295 quidem
1839 1223 1893 1278 in
1929 1223 2110 1279 Evan-

517 1318 661 1389 gelio
686 1317 732 1351 “
753 1333 856 1375 nec
884 1319 1074 1374 oculos
1102 1318 1285 1374 leva-re
1313 1317 1548 1385 volebat,
1583 1317 1844 1372 decenter
1871 1317 2106 1384 faciens,

519 1427 658 1482 quos
697 1409 824 1482 jure
868 1412 1078 1468 levaret
1133 1411 1437 1482 discipulus
1485 1411 1614 1468 Jesu
1660 1411 1964 1476 assistens,
2019 1411 2107 1465 cui

517 1504 683 1559 etiam
714 1505 1033 1559 mandatum
1080 1505 1240 1561 datur
1271 1507 1461 1562 dicens
1499 1523 1514 1560 :
1569 1523 1588 1557 ι
1627 1505 1875 1560 Attollite
1918 1504 2108 1560 oculos

516 1605 750 1662 vestros,
790 1606 846 1652 et
876 1597 1327 1666 contemplamini
1363 1599 1613 1669 regiones
1633 1636 1650 1663 ,
1682 1599 1943 1668 quoniam
1974 1598 2109 1652 alba:

511 1684 625 1756 jam
656 1693 782 1740 sunt
817 1687 883 1741 ad
925 1701 1156 1742 messem
1190 1688 1256 1741 “.
1303 1708 1323 1742 ι
1377 1687 1519 1756 Quin
1568 1690 1836 1759 propheta
1891 1705 2109 1762 quoque

517 1777 734 1846 inquit:
775 1795 795 1828 ι
826 1775 1030 1833 Levate
1062 1779 1113 1832 in
1141 1781 1311 1834 altum
1333 1780 1521 1836 oculos
1553 1791 1767 1837 vestros
1797 1781 1880 1836 “:
1919 1801 1937 1834 ι
1965 1793 2019 1835 et
2049 1782 2102 1835 in

2217 569 2454 642 χρῆσθαι
2475 569 2551 640 τῷ
2567 573 2736 640 ἄρτῳ,
2756 570 2851 622 καὶ
2879 570 2953 640 μὴ
2987 568 3160 622 πίνειν
3193 571 3258 622 ἐκ
3280 567 3374 621 τοῦ
3403 569 3683 639 ποτηρίου,
3713 570 3808 621 καὶ

2219 662 2295 734 μὴ
2329 662 2518 734 πόρρω
2552 657 2692 716 εῖναι
2726 661 2803 732 τῷ
2830 662 2966 732 οἴκῳ
2983 661 3117 732 (68')
3142 660 3301 725 Θεοῦ,
3332 661 3425 713 καὶ
3454 661 3550 726 τῆς
3576 659 3808 730 Ἐκκλη-

2215 756 2337 821 σίας
2356 773 2369 786 ·
2399 755 2573 820 οὕτως
2601 751 2696 808 οῦν
2729 755 2891 808 παντὶ
2926 755 3156 826 καθήκει
3184 753 3246 808 τὸ
3280 754 3356 825 μή
3391 753 3569 807 θέλειν
3600 756 3805 827 ἐπᾶραι

2211 848 2339 911 τοὺς
2376 846 2709 919 ὀφθαλμούς.
2749 847 3084 918 Ἀμαρτόινει
3129 846 3185 900 δέ
3229 847 3284 900 εί
3311 865 3430 912 τις,
3465 846 3803 917 καθήκοντος

2211 939 2363 1010 αὐτῷ
2407 941 2655 1012 ἐπαίρειν
2693 940 2819 1003 τοὺς
2851 939 3182 1010 ὀφθαλμοὺς,
3221 938 3296 1010 μὴ
3329 939 3579 1010 ἐπαίρει·
3625 937 3721 991 καὶ
3753 938 3808 991 εί

2212 1049 2317 1095 τις,
2360 1031 2696 1102 καθήκοντος
2733 1031 2807 1102 μὴ
2848 1031 3118 1102 ἐπαίρειν,
3160 1031 3399 1103 ἐπαίρει.
3438 1030 3498 1084 Ὀ
3550 1031 3648 1101 μὲν
3680 1027 3801 1096 οὖν,

2211 1122 2353 1177 κατὰ
2383 1124 2446 1177 τὸ
2485 1123 2838 1193 Εύαγγέλιον,
2873 1122 3111 1194 τελώνης
3153 1124 3254 1176 οὐκ
3294 1123 3484 1194 ήθελεν
3512 1124 3634 1176 ούδέ
3676 1127 3804 1186 τοὺς

2211 1216 2523 1287 ὀφθαλμοὺς
2567 1217 2800 1287 ἐπᾶραι,
2853 1215 3208 1288 καθηκόντως
3252 1215 3457 1269 ποιῶν·
3506 1217 3711 1287 ἐπᾶραι
3755 1215 3804 1269 δ’

2211 1309 2279 1364 ἂν
2321 1311 2522 1374 αὐτοὺς
2569 1309 2808 1378 εὐλόγως
2841 1311 2870 1361 ὁ
2923 1308 3113 1380 παρὼν
3165 1307 3242 1379 τῷ
3287 1307 3464 1379 Ἰησοῦ
3519 1307 3799 1378 μαθητὴς,

2211 1403 2350 1474 πρὸς
2391 1402 2450 1455 ὃν
2479 1402 2576 1455 καὶ
2621 1401 2809 1474 ἐντολὴ
2842 1401 3042 1454 δίδοται
3084 1403 3116 1470 ή
3161 1399 3426 1467 λέγουσα·
3468 1416 3487 1449 ι
3529 1399 3802 1469 Ἐπόιρατε

2209 1497 2336 1558 τοὺς
2363 1493 2677 1565 ὀφθαλμοὺς
2721 1493 2896 1564 ὑμῶν,
2944 1493 3038 1545 καὶ
3066 1490 3330 1544 θεάσασθε
3362 1490 3462 1553 τὰς
3488 1489 3692 1562 χώρας,
3719 1491 3802 1542 ὅτι

2210 1585 2402 1639 λευκαί
2450 1586 2556 1638 είσι
2601 1585 2740 1656 πρὸς
2786 1583 3045 1656 θερισμὸν
3088 1583 3252 1652 ἤδη.)
3293 1582 3402 1634 Καὶ
3433 1583 3462 1633 ό
3513 1581 3801 1651 προφήτης

2210 1678 2268 1731 δέ
2315 1695 2512 1748 φησιν·
2565 1697 2583 1727 ι
2629 1677 2900 1746 Ἐπόιρατε
2963 1677 3042 1738 εἰς
3113 1675 3245 1744 ὕψος
3296 1674 3424 1736 τοὺς
3484 1671 3801 1742 ὀφθαλμοὺς

2211 1767 2396 1839 ὑμῶν·
2451 1787 2469 1818 ι
2521 1767 2657 1820 ἀλλὰ
2719 1767 2813 1820 καὶ
2863 1769 2920 1818 ἐν
2966 1765 3242 1836 ἑκατοστῷ
3286 1764 3518 1834 εἰκοστῷ
3560 1764 3802 1835 δευτέρῳ

515 1869 726 1938 psalmo
777 1883 963 1933 cxx",
1005 1872 1098 1940 qui
1155 1871 1439 1926 Graduum
1484 1881 1568 1925 est
1612 1883 1804 1925 cantus
1850 1883 2100 1941 quartus,

2212 1860 2424 1932 ψαλμῷ,
2451 1861 2564 1914 ὄντι
2591 1859 2700 1931 ᾠδῇ
2733 1859 2838 1912 τῶν
2868 1857 3196 1928 ἀναϐαθμῶν
3227 1858 3485 1928 τετάρτῃ,
3517 1857 3592 1919 ὡς
3625 1855 3823 1922 καθη-’

516 1972 773 2032 tanquam
799 1963 894 2032 qui
917 1963 1177 2018 decenter
1203 1963 1468 2019 levaverit
1489 1963 1676 2018 oculos
1696 1977 1826 2018 suos
1846 1963 1913 2018 ad
1939 1963 2105 2018 Deum

514 2053 692 2124 inquit
728 2052 1038 2122 Propheta:
1071 2073 1091 2107 ι
1123 2055 1204 2109 Ad
1232 2065 1285 2110 te
1326 2054 1499 2109 levavi
1547 2053 1735 2110 oculos
1786 2069 1967 2121 meos,
2016 2055 2107 2124 qu‘i

513 2145 730 2202 habitas
772 2145 825 2200 in
860 2146 1021 2201 caelo.
1058 2146 1197 2201 Ecce
1227 2147 1371 2201 sicut
1399 2147 1542 2201 oculi
1575 2161 1858 2201 servorum
1886 2147 1953 2201 ad
1987 2163 2106 2201 ma-

513 2248 619 2289 nus
640 2233 984 2289 dominorum
1017 2249 1278 2300 suorum;
1311 2245 1368 2290 et
1408 2234 1553 2290 sicut
1586 2233 1733 2290 oculi
1782 2235 1998 2290 ancillae
2037 2235 2107 2290 ad

511 2341 709 2382 manus
743 2324 976 2381 dominae
1001 2341 1151 2391 suae,
1202 2327 1276 2382 ita
1321 2329 1461 2383 oculi
1493 2329 1664 2384 nostri
1703 2327 1772 2383 ad
1819 2327 2108 2384 Dominum

513 2418 685 2474 Deum
711 2428 993 2485 nostrum,
1047 2419 1222 2475 donec
1257 2419 1591 2476 misereatur
1643 2422 1842 2476 nostri.
1887 2439 1906 2473 ι
1953 2419 2106 2488 Quod

513 2513 562 2568 si
586 2513 827 2583 apertius
851 2513 1016 2568 etiam
1047 2513 1248 2568 docere
1280 2527 1420 2582 opus
1441 2522 1528 2568 est
1555 2528 1719 2582 quem
1752 2514 1973 2584 quidem
2012 2515 2106 2569 de-

505 2617 638 2663 ceat
660 2606 862 2662 imitari
885 2605 1072 2662 Iesum
1100 2621 1336 2675 superne
1361 2606 1550 2662 oculos
1574 2607 1937 2672 attollentem,
1976 2607 2104 2662 dum

504 2704 681 2754 etiam
736 2699 851 2769 ipse
903 2699 1106 2753 attollit
1155 2697 1349 2754 oculos
1393 2713 1566 2764 suos;
1604 2707 1658 2753 et
1693 2699 1948 2768 quisnam
2003 2699 2108 2754 hoc

514 2792 700 2847 facere
733 2806 840 2846 non
881 2791 1111 2856 debeat,
1159 2792 1253 2848 sed
1297 2791 1575 2861 publicani
1621 2792 1959 2858 imitatione,
1999 2809 2104 2847 non

515 2882 692 2939 solum
739 2883 1003 2953 procula
1057 2883 1263 2952 templo
1313 2894 1499 2948 stare,
1553 2897 1747 2938 verum
1798 2884 1963 2939 etiam
1997 2899 2104 2939 non

516 2977 656 3032 velle
686 2977 873 3033 oculos
906 2978 1176 3042 attollere,
1211 2981 1264 3031 In
1294 2976 1529 3032 medium
1554 2977 1886 3033 adducemus
1906 2992 1974 3033 ex
2005 2979 2104 3032 Da-

516 3068 660 3124 niele
680 3084 801 3138 quae
824 3070 1026 3140 scripta
1052 3078 1180 3124 sunt
1204 3069 1272 3124 de
1295 3069 1496 3138 iniquis
1520 3070 1744 3126 senibus
1767 3072 2104 3125 amatoribus

519 3160 817 3228 Susannre,
864 3163 1008 3218 hunc
1062 3163 1116 3216 in
1154 3161 1373 3217 modum
1408 3161 1574 3234 374
1621 3178 1681 3218 se
1729 3163 1985 3219 habentia
2011 3165 2101 3214 '5':

522 3276 542 3309 ι
581 3257 646 3311 Ει
681 3266 999 3311 averterunt
1042 3265 1278 3311 mentem
1309 3271 1486 3319 suam,
1518 3266 1574 3310 et
1603 3257 1944 3312 declinarunt
1976 3272 2106 3311 ocu-

517 3348 603 3404 los
633 3363 782 3414 suos,
819 3364 886 3404 ne
912 3349 966 3403 in
995 3349 1192 3404 caelum
1227 3351 1594 3420 suspicerent,
1632 3364 1809 3419 neque
1835 3365 2108 3404 memores

517 3454 706 3496 essent
728 3441 1064 3512 iudiciorum
1095 3441 1394 3510 justorum.
1426 3459 1447 3494 ι
1475 3442 1824 3496 Adducemus
1849 3441 2014 3496 etiam
2055 3441 2107 3494 in

519 3533 762 3589 medium
805 3549 929 3603 qua:
983 3534 1050 3585 de
1098 3532 1350 3587 Susanna
1418 3533 1735 3588 scribuntur
1787 3534 1892 3588 hoc
1947 3535 2109 3588 modo

519 3624 667 3679 dicta
696 3623 742 3656 ⁵⁸
773 3639 787 3678 :
821 3641 841 3674 ι
873 3623 1068 3685 At,illa
1092 3622 1228 3678 ﬁens
1253 3624 1499 3693 suspexit
1519 3624 1572 3677 in
1603 3623 1823 3688 ccelum,
1848 3625 2107 3694 quoniam

516 3731 614 3771 cor
633 3716 749 3787 ejus
768 3715 971 3771 ﬁdebat
993 3717 1240 3770 Domino.
1256 3735 1275 3768 ι
1297 3715 1536 3771 Observa
1558 3719 1701 3770 enim
1727 3718 1779 3771 in
1797 3719 1943 3782 istis,
1962 3720 2107 3787 quod

522 3811 616 3878 qui
651 3819 969 3863 averterant
1023 3818 1262 3864 mentem
1303 3825 1456 3863 suam
1479 3848 1495 3874 ,
1538 3807 1889 3863 declinarunt
1922 3810 2110 3865 oculos

519 3916 649 3957 suos
673 3941 689 3965 ,
717 3915 785 3955 ne
824 3900 878 3954 in
927 3900 1125 3955 caelum
1177 3902 1544 3970 suspicerent;
1571 3914 1636 3954 ea
1677 3914 1806 3957 vero
1853 3916 1973 3971 quae
2007 3902 2111 3956 Do-

524 3991 678 4044 mino
722 3988 956 4054 ﬁdebat,
995 4000 1392 4059 consequenter
1427 3990 1638 4045 ﬁduciae
1679 4006 1842 4061 quam
1876 3991 2110 4047 habebat

519 4081 574 4137 in
596 4082 826 4138 Domino
845 4122 860 4147 ,
888 4084 1198 4152 suspexerit
1231 4082 1283 4134 in
1312 4083 1531 4136 ccelum.
1562 4082 1794 4137 Decebat
1819 4081 1964 4138 enim
1989 4098 2109 4152 pre-

522 4175 808 4240 saturam,
861 4174 930 4228 ob
985 4172 1237 4227 ﬁduciam
1293 4174 1645 4228 continentia:
1705 4174 1985 4244 suspicere
2052 4175 2107 4229 in

520 4266 721 4319 coelum
743 4305 758 4332 ,
787 4279 1132 4336 superneque
1157 4265 1348 4321 oculos
1375 4266 1660 4334 attollere;
1687 4267 1936 4324 seniores
1975 4281 2108 4322 vero

519 4358 753 4413 decebat
781 4358 924 4412 nolle
971 4359 1164 4413 oculos
1207 4358 1418 4425 levare,
1476 4368 1643 4429 atque
1684 4359 1854 4414 etiam
1898 4358 2105 4429 procul,

517 4449 746 4518 perinde
780 4464 846 4504 ac
873 4449 1196 4518 publicanus
1217 4491 1232 4517 ,
1269 4461 1417 4506 stare
1459 4452 1862 4521 verberareque
1889 4459 2108 4520 pectora

2213 1953 2420 2016 κόντως
2480 1952 2693 2022 ἐπάρας
2763 1953 2888 2014 τοὺς
2969 1949 3281 2019 ὀφθαλμοὺς
3331 1948 3468 2020 πρὸς
3521 1948 3612 2000 τὸν
3668 1946 3801 1998 Θεόν

2209 2060 2374 2114 φησιν
2407 2045 2436 2096 ὁ
2466 2044 2782 2113 προφήτης·
2827 2061 2845 2092 ι
2876 2042 3020 2112 Πρὸς
3066 2042 3124 2093 σὲ
3173 2037 3285 2112 ἦρα
3316 2042 3442 2104 τοὺς
3488 2038 3799 2108 ὀφθαλμούς

2212 2153 2314 2207 μου
2362 2136 2454 2189 τὸν
2481 2134 2842 2188 κατοικοῦντα
2867 2135 2926 2187 ἐν
2955 2132 3033 2203 τῷ
3065 2131 3299 2203 οὐρανῷ.
3344 2132 3473 2184 Ἰδοὺ
3499 2131 3574 2194 ὡς
3600 2129 3802 2197 ὀφθαλ-

2211 2229 2303 2299 μοὶ
2328 2227 2530 2280 δούλων
2558 2229 2638 2290 είς
2673 2228 2863 2298 χεῖρας
2891 2225 2999 2278 τῶν
3029 2226 3234 2296 κυρίων
3264 2224 3465 2288 αὐτῶν,
3496 2222 3571 2286 ὡς
3598 2221 3799 2291 ὀφθαλ-

2212 2318 2302 2390 μοὶ
2335 2317 2627 2390 παιδίσκης
2660 2320 2739 2379 είς
2787 2319 2976 2386 χεῖρας
3017 2315 3116 2385 τῆς
3150 2315 3347 2386 κυρίας
3393 2314 3585 2382 αὐτῆς,
3627 2311 3800 2368 οὕτως

2207 2413 2257 2464 οἱ
2289 2409 2560 2480 ὀφθαλμοὶ
2591 2409 2750 2480 ἡμῶν
2788 2411 2923 2481 πρὸς
2951 2407 3155 2480 Κύριον
3183 2406 3275 2459 τὸν
3311 2405 3445 2458 Θεὸν
3475 2403 3654 2475 ήμῶν,
3689 2405 3797 2466 ἓως

2206 2498 2270 2558 οὗ
2298 2503 2619 2575 οἱκτειρήσῃ
2647 2502 2814 2572 ἡμᾶς.
2854 2521 2872 2552 ι
2895 2503 2957 2553 Et
2985 2500 3042 2552 δὲ
3071 2499 3165 2552 καὶ
3195 2497 3524 2566 σαφέστερον
3555 2495 3662 2566 χρὴ
3693 2511 3801 2546 πα-

2213 2595 2481 2668 ραστῆσαι
2530 2595 2635 2648 τίνι
2687 2595 2785 2664 μὲν
2831 2594 2932 2666 ήδη
2979 2592 3211 2664 καθήκει
3253 2588 3537 2662 μιμεῖσθαι
3567 2587 3659 2640 τὸν
3694 2587 3799 2656 Ἰη-

2211 2688 2338 2742 σοῦν
2378 2688 2570 2759 ἃραντι
2603 2687 2730 2751 τοὺς
2763 2686 3076 2755 ὀφθαλμοὺς
3108 2684 3240 2749 ἅνω,
3282 2685 3342 2735 ἑν
3380 2681 3458 2751 τῷ
3498 2680 3592 2733 καλ⁸
3636 2679 3799 2732 αὐτὸν

2208 2780 2460 2850 ἐπαίρειν
2500 2776 2689 2831 ἑαυτοῦ
2727 2777 2854 2840 τοὺς
2882 2775 3213 2846 ὀφθαλμοὺς,
3243 2773 3337 2827 καὶ
3365 2773 3470 2825 τίνι
3501 2771 3660 2824 τοῦτο
3703 2771 3800 2841 μὲν

2207 2871 2269 2923 ού
2297 2869 2551 2940 καθήκει,
2577 2869 2781 2938 ὁμοίως
2807 2866 2863 2919 δὲ
2897 2866 2974 2936 τῷ
3001 2864 3206 2936 τελώνῃ
3238 2865 3300 2917 ού
3339 2863 3497 2934 μόνον
3525 2860 3800 2934 μακρόθεν

2209 2961 2434 3015 ἑστάναι
2503 2959 2596 3013 τοῦ
2644 2958 2812 3030 ίεροῦ,
2876 2957 3014 3011 ἀλλὰ
3054 2957 3128 3028 μὴ
3189 2956 3364 3009 θέλειν
3414 2955 3616 3025 ἐπᾶραι
3673 2953 3800 3018 τοὺς

2208 3054 2546 3125 ὀφθαλμοὺς,
2574 3051 3006 3123 παραθησόμεθα
3025 3053 3088 3103 ὲκ
3115 3048 3209 3101 τοῦ
3230 3046 3426 3118 Δανιὴλ
3445 3046 3514 3100 τὰ
3546 3046 3798 3119 περὶτῶν

2212 3147 2554 3220 ἐρασθέντων
2601 3147 2702 3216 τῆς
2741 3143 3050 3213 Σουσάννης
3115 3142 3332 3211 ἀνόμων
3384 3138 3794 3210 πρεσϐυτέρων,

2211 3242 2383 3306 οὕτως
2422 3240 2643 3312 ἔχοντα·
2687 3259 2703 3290 ι
2736 3239 2846 3291 Καὶ
2893 3235 3214 3307 διέστρεψαν
3255 3232 3347 3286 τὸν
3395 3231 3603 3285 ἑαυτῶν
3649 3231 3794 3293 νοῦν,

2212 3334 2308 3386 καὶ
2353 3331 2635 3398 ἐξέκλιναν
2683 3329 2809 3392 τοὺς
2838 3327 3150 3396 ὀφθαλμοὺς
3190 3323 3393 3386 αὐτῶν,
3424 3322 3518 3376 τοῦ
3568 3323 3642 3394 μὴ
3680 3322 3798 3392 βλέ-

2211 3443 2334 3479 πειν
2381 3426 2460 3488 είς
2491 3425 2582 3476 τὸν
2627 3421 2872 3492 οὐρανὸν,
2922 3419 3058 3491 μηδέ
3112 3417 3473 3488 μνημονεύειν
3515 3414 3801 3486 κριμάτων

2209 3517 2463 3573 δικαίων·
2490 3535 2508 3567 ι
2545 3514 2637 3568 καὶ
2672 3513 2741 3567 τὰ
2779 3513 2907 3585 περὶ
2940 3513 3038 3582 τῆς
3084 3511 3392 3581 Σουσάννης
3424 3508 3611 3561 τοῦτον
3652 3512 3800 3578 εἰρη-

2215 3611 2354 3682 μένα
2395 3609 2488 3663 τὸν
2536 3609 2770 3681 τρόπον·
2813 3625 2831 3657 ι
2875 3606 2938 3658 Ἡ
2971 3605 3027 3659 δὲ
3073 3604 3336 3657 κλαίουσα
3381 3602 3674 3666 ἀνέϐλεψεν
3721 3603 3799 3664 είς

2211 3706 2303 3756 τὸν
2345 3703 2597 3774 οὐρανὸν,
2635 3701 2716 3753 ὅτι
2748 3696 2816 3770 ἦν
2849 3701 2882 3770 ή
2921 3697 3117 3769 καρδία
3152 3695 3327 3764 αύτῆς
3377 3693 3666 3747 πεποιθυῖα
3709 3693 3801 3745 ἐπὶ

2212 3797 2434 3868 Κυρίῳ·
2468 3814 2486 3847 ι
2549 3795 2858 3866 παρατήρει
2925 3791 3034 3862 γὰρ
3086 3793 3143 3844 ἐν
3197 3789 3437 3852 τούτοις,
3483 3789 3566 3840 ὅτι
3609 3788 3654 3839 οἱ
3702 3785 3800 3855 μὲν

2211 3889 2634 3961 διας-τρέψαντες
2707 3888 2799 3940 τὸν
2864 3882 3072 3938 ἑαυτῶν
3139 3881 3261 3935 νοῦν
3327 3880 3608 3947 ἐξέκλιναν
3676 3877 3800 3938 τοὺς

2210 3982 2524 4054 ὀφθαλμοὺς
2571 3978 2750 4033 αὐτῶν
2782 3976 2876 4030 τοῦ
2927 3975 3002 4046 μὴ
3040 3974 3255 4044 βλέπειν
3289 3974 3367 4034 εἰς
3413 3970 3505 4023 τὸν
3541 3967 3767 4038 οὐρανόν

2211 4079 2246 4148 ἡ
2270 4076 2349 4143 δὲ,
2387 4072 2679 4126 πεποιθυῖα
2720 4070 2812 4123 ἐπὶ
2840 4067 2918 4139 τῷ
2945 4067 3137 4140 Κυρίῳ
3176 4061 3486 4122 ἀκολούθως
3511 4060 3588 4130 τῷ
3618 4072 3803 4110 πεποι-

2213 4170 2363 4223 θέναι
2405 4167 2498 4220 ἐπὶ
2543 4164 2621 4236 τῷ
2669 4157 2894 4233 Κυρίῳ,
2945 4157 3240 4227 ἀνέϐλεψεν
3280 4158 3360 4220 είς
3411 4153 3502 4206 τὸν
3551 4149 3795 4222 οὐρανόν.

2217 4263 2462 4333 Ἐπρεπε
2491 4259 2668 4312 τοίνυν
2700 4259 2768 4326 τῇ
2807 4255 2906 4326 μὲν
2934 4253 3026 4305 ἐπὶ
3052 4254 3116 4322 τῇ
3154 4248 3280 4320 περὶ
3309 4248 3410 4317 τῆς
3447 4241 3799 4333 σωφροσύνης

2213 4332 2498 4424 παρρησίᾳ
2538 4347 2806 4422 μελλούσῃ
2845 4343 3098 4414 εὔχεσθαι
3134 4338 3460 4394 ἁναὸλέπειν
3488 4337 3567 4398 εἰς
3596 4332 3685 4386 τὸν
3712 4333 3802 4384 ού-

2213 4447 2395 4521 ρανὸν,
2453 4445 2548 4498 καὶ
2604 4444 2779 4513 αῖρείν
2837 4439 2965 4500 τοὺς
3026 4433 3338 4504 ὀφθαλμοὺς
3394 4429 3540 4484 ἄνω·
3589 4424 3801 4521 τοῖς-δέ

518 4557 617 4598 sua
647 4551 703 4596 et
739 4541 922 4598 dicere
955 4558 969 4594 :
1005 4559 1024 4594 ι
1061 4543 1238 4608 Deus,
1283 4543 1553 4614 propitius
1581 4552 1702 4599 esto
1738 4518 2102 4612 mibi—pecca-

2212 4518 2624 4612 πρεσϐυτέροις,
2675 4536 2723 4586 εί
2755 4531 2878 4585 καθ’
2919 4526 3174 4582 ὑπόθεσιν
3211 4524 3353 4614 μετᾲ
3382 4522 3444 4614 τί)
3476 4518 3800 4614 διαστρέψαι

521 4638 625 4692 tori
648 4637 723 4704 ’νς
762 4655 783 4689 ι
827 4636 873 4692 si
891 4646 1253 4707 supponatur,
1285 4645 1575 4706 postquam
1603 4645 1919 4691 averterant
1954 4649 2110 4689 men-

519 4739 629 4788 tem
658 4745 838 4795 suam,
875 4729 1399 4798 declinaverantque
1429 4727 1619 4784 oculos
1646 4742 1800 4794 suos,
1838 4743 1906 4783 ne
1931 4725 2109 4796 suspi-

520 4831 708 4876 cerent
744 4821 800 4876 in
849 4822 1086 4888 coelum,
1137 4835 1316 4892 neque
1367 4821 1792 4876 recordarentur
1830 4821 2104 4891 iustorum

517 4909 876 4982 iudiciorum,
913 4926 1009 4968 eos
1043 4912 1360 4984 resipuisse,
1391 4920 1557 4981 atque
1586 4919 1708 4982 post
1727 4910 1908 4967 dolum
1932 4911 2108 4965 inten-

517 5015 696 5058 tatum
726 5005 972 5071 mulieri,
999 5005 1238 5075 impotes
1272 5005 1399 5062 [διιιί
1438 5005 1615 5062 factos
1659 5005 1897 5076 precari.
1931 5005 2108 5060 (latte-

518 5111 644 5150 rum
669 5096 931 5167 erigentis
961 5098 1149 5153 oculos
1184 5113 1443 5165 sursum,
1476 5112 1678 5167 eosque
1707 5097 1969 5152 decenter
1995 5096 2110 5150 eri-

518 5188 696 5259 gentis
759 5189 813 5242 in
865 5189 1068 5244 caelum
1100 5189 1348 5246 ofﬁcium
1393 5206 1611 5262 quoque
1658 5191 1766 5246 erit
1818 5188 2112 5244 sustollere

521 5293 716 5333 manus
749 5289 1008 5346 sanctas,
1056 5283 1363 5350 praesertim
1408 5283 1630 5355 quando
1663 5283 1871 5352 absque
1917 5281 2000 5336 ira
2055 5289 2110 5334 et

507 5367 1011 5457 .disceptalionibus
1035 5371 1080 5403 '°
1109 5373 1314 5429 emittit
1335 5387 1576 5443 precem.
1610 5371 1705 5428 Sic
1729 5371 1876 5427 enim
1900 5370 2111 5426 nostris

519 5461 684 5516 etiam
711 5461 885 5517 oculis
909 5477 1128 5518 sursum
1179 5481 1279 5534 per
1326 5465 1714 5536 cogitationem
1758 5474 1815 5520 et:
1861 5473 2113 5521 contem-

522 5551 816 5622 plationem
835 5555 1056 5620 erectis,
1083 5563 1249 5626 atque
1271 5561 1438 5612 etiam
1473 5557 1726 5614 manibus
1759 5558 1890 5627 ipsis
1912 5557 2112 5612 erectis

594 5671 800 5742 “lue.
834 5686 996 5742 xvtu,
1028 5673 1116 5728 15.
1209 5675 1253 5708 ⁸³
1276 5673 1433 5730 Joan.
1466 5689 1543 5742 tv,
1567 5675 1648 5729 '55.
1760 5675 1804 5707 “
1833 5672 1954 5729 lsai.
1991 5689 2079 5740 IL,
2107 5673 2196 5726 26.

523 5740 572 5772 ’θ
598 5743 612 5794 |
641 5741 777 5794 Tim.
807 5745 878 5804 ιι,
901 5741 955 5796 8.

2216 4609 2307 4686 τόν
2341 4627 2547 4683 ἑαυτῶν
2581 4624 2726 4689 νοῦν,
2757 4620 2853 4678 καὶ,
2895 4618 3139 4672 ἐκκλῖναι
3177 4615 3304 4677 τοὺς
3334 4611 3645 4681 ὀφθαλμοὺς
3685 4609 3805 4662 ἐαυ-

2215 4724 2346 4788 τῶν,
2377 4720 2471 4776 τοῦ
2510 4719 2584 4790 μὴ
2633 4715 2849 4786 βλέπειν
2886 4713 2965 4776 είς
3007 4711 3099 4764 τὸν
3127 4706 3377 4778 οὐρανὸν,
3423 4703 3556 4776 μηδὲ
3591 4717 3802 4773 μνημο-

2217 4817 2393 4872 νεύειν
2454 4810 2736 4883 κριμάτων
2791 4805 3039 4865 δικαίων,
3095 4797 3401 4872 μετενόουν,
3456 4798 3650 4866 πεῖραν
3705 4793 3802 4863 μὲν

2216 4904 2658 4982 προσαγαγόντες
2689 4903 2757 4971 τῇ
2789 4896 3030 4966 γυναικὶ,
3067 4894 3140 4965 μὴ
3172 4890 3425 4962 τυχόντες
3459 4889 3518 4942 δὲ
3546 4886 3648 4982 τοῦ
3675 4885 3806 4982 *ἐπι-

2218 4977 2560 5072 θυμουμένου
2603 4995 2700 5048 καὶ
2748 4989 2884 5062 μετὰ
2911 4988 3070 5041 τοῦτο
3099 4983 3350 5056 ηὔχοντο,
3385 4982 3480 5036 καὶ
3519 4979 3592 5051 μὴ
3628 4977 3804 5072 θέλειν

2215 5067 2342 5156 τοῦς
2382 5067 2694 5160 όφθαλμοὺς
2721 5084 2945 5152 ἐπᾶραι,
2984 5081 3018 5151 ἢ
3055 5079 3149 5132 καὶ
3179 5074 3462 5146 πόρρωθεν
3493 5072 3693 5142 ὁμοίως
3726 5067 3807 5138 τῷ

2215 5183 2423 5256 τελώνῃ
2467 5177 2776 5249 ἑστηκέναι,
2811 5176 2906 5228 καὶ
2951 5172 3176 5226 τύπτειν
3225 5165 3436 5221 ἑαυτῶν
3471 5164 3541 5217 τὰ
3596 5160 3804 5233 στήθη,

2217 5279 2313 5332 καὶ¹
2343 5252 2521 5345 λέγειν
2544 5291 2556 5302 ·
2588 5291 2606 5322 ι
2643 5273 2700 5323 Ὁ
2729 5269 2891 5332 Θεὸς,
2926 5263 3173 5336 ἱλάσθητί
3217 5279 3306 5332 μοι
3333 5257 3410 5328 τῷ
3435 5252 3801 5345 ἁμαρτωλῷ..)

2217 5364 2324 5420 Τοῦ
2375 5340 2432 5416 δέ
2491 5361 2736 5433 αἴροντος
2784 5359 2912 5419 τοὺς
2953 5353 3265 5424 ὀφθαλμοὺς
3318 5349 3451 5413 ἄνω,
3497 5347 3592 5400 καὶ
3645 5340 3806 5396 ἐπαί-

2221 5477 2404 5532 ροντος¹
2449 5455 2645 5516 αὐτοὺς
2692 5450 3043 5521 καθηκόντως
3076 5448 3158 5511 εἰς
3193 5443 3421 5516 οὐρανὸν
3453 5441 3536 5511 εἴη
3568 5435 3808 5532 καθῆκον

2221 5525 2315 5608 καὶ
2345 5552 2407 5605 τὸ
2452 5547 2700 5618 ἐπαίρειν
2731 5543 2910 5606 ὁσίους
2956 5543 3175 5611 χεῖρας,
3227 5536 3462 5609 μάλιστα
3500 5533 3590 5586 ὅτε
3636 5525 3807 5601 χωρὶς

2310 5671 2352 5701 ⁸⁷
2383 5669 2516 5723 Dan.
2556 5677 2677 5730 xm,
2703 5660 2756 5716 9.
2855 5658 2901 5691 “
2933 5657 3066 5714 ibid.
3093 5656 3182 5712 55.
3294 5653 3338 5685 “
3364 5650 3495 5707 Luc.
3527 5664 3684 5716 svnt,
3720 5644 3806 5705 £5.
3843 5727 3846 5730 Ι

597 5830 733 5898 (68‘)
764 5830 925 5887 Forte
958 5831 1061 5901 leg.
1114 5826 1208 5882 τοῦ
1241 5826 1413 5896 οἴκου,
1449 5837 1502 5886 et
1554 5844 1675 5885 mos
1721 5829 1782 5882 οὐ
1813 5827 1930 5884 loco
1976 5823 2090 5882 οὖν.

2213 5841 2287 5880 ιτ.
2320 5824 2565 5878 ΡΑτιιοι..
